3990 6546
311 410 375 478 Η
1031 402 1435 467 EXPOSITIO
1468 399 1547 461 ΙΝ
1598 398 1835 459 EPIST.
1880 397 1905 455 1
1938 396 2036 456 AD
2073 393 2388 455 TIMOTH.
2423 414 2494 430 ε·-
2526 394 2684 455 CAP.
2721 394 2839 456 III.
3494 395 3567 461 42

308 522 426 586 λῶς
444 521 494 554 ’⁸
521 516 833 589 ἀναθρέψῃ,
893 515 992 568 οὐκ
1018 514 1164 576 εἰκὸς
1193 510 1352 565 τοῦτο
1389 508 1642 579 γενέσθαι
1699 506 1891 575 Ὅμως

2013 512 2148 558 recte
2169 502 2523 558 educaverit?
2555 503 2708 559 llaud
2729 502 3026 559 verisimile
3051 512 3205 560 estut
3233 505 3335 561 hoc
3361 505 3524 560 faciat
3549 525 3564 561 :

312 617 362 670 εί
392 613 645 683 γένηται,
676 609 907 679 λήψεται
954 604 1145 676 μισθὸν
1186 604 1281 657 καὶ
1320 602 1457 673 ὑπὲρ
1485 599 1711 654 τούτων.
1739 596 1805 649 Τί
1835 595 1891 649 δέ

314 706 409 760 ἐὰν
441 703 586 773 καλὴ
617 696 755 754 οὖσα
797 696 982 760 κακῶς
1010 697 1054 728 ⁸⁷
1089 693 1292 768 ἀνάξῃ;
1352 694 1401 747 εί
1451 693 1549 763 μὲν
1589 688 1887 760 ἀμελοῦσα,

312 795 407 848 καὶ
460 790 801 865 χαριζομένη
859 787 1067 852 αὐτοῖς,
1091 784 1339 839 πείσεται
1368 782 1431 836 τὸ
1482 781 1575 835 τοῦ
1622 779 1805 832 Ἦλεί’
1843 779 1891 831 εἰ

274 876 283 894 ’
311 886 368 940 δέ
396 885 576 940 πάντα
601 880 835 957 ποιοῦσα
864 878 958 933 καὶ
980 876 1407 948 ἐπιμελουμένη,
1437 874 1584 944 ὅμως
1612 872 1712 925 οὐκ
1741 868 1893 939 ίσχύ-

313 978 461 1032 aer.”
487 975 803 1048 βελτιῶσαι,
837 973 976 1042 ὅπερ
1009 968 1306 1031 σπανιάκις
1366 965 1432 1021 ἂν
1473 963 1704 1035 γένοιτο,
1744 961 1893 1031 ὅμως

312 1072 453 1143 αὕτη
487 1070 597 1125 τῶν
621 1070 862 1141 ἱδρώτων
909 1065 1039 1130 τοὺς
1087 1063 1312 1137 μισθοὺς
1343 1060 1596 1131 λήψεται,
1633 1058 1756 1111 ἐπεὶ
1798 1057 1894 1110 καὶ

312 1168 342 1218 ὁ
374 1164 504 1226 Υἱὸς
538 1162 634 1216 τοῦ
664 1159 799 1214 Θεοῦ
828 1156 1008 1212 πάντα
1041 1156 1212 1210 ποιῶν
1242 1155 1337 1209 καὶ
1375 1152 1574 1221 λέγων,
1603 1151 1755 1221 ὅμως
1776 1149 1892 1203 6).!-

314 1272 442 1323 γους
464 1249 579 1324 εἶχε
608 1251 738 1315 τοὺς
769 1248 1144 1320 πειθομένους.

922 1515 1175 1569 ΚΕΦΑΛ.
1216 1512 1290 1568 Γ.

384 1608 608 1676 Πιστὸς
633 1609 885 1678 όλόγος.
927 1605 1145 1678 Ἐπειδὴ
1166 1604 1468 1677 ἀμφίϐολον
1504 1600 1593 1676 ἦν,
1627 1604 1712 1658 ὅτι
1733 1603 1893 1673 δυνή-

320 1719 499 1755 σονται
532 1701 591 1754 al
620 1703 854 1772 μητέρες
873 1698 1163 1753 ἀπολαύειν
1178 1699 1277 1769 τῆς
1304 1697 1412 1751 τῶν
1438 1699 1644 1751 τέκνων
1666 1696 1890 1767 ἀρετῆς,

319 1795 502 1863 φησιν,
538 1794 622 1845 ὅτι
652 1793 875 1858 Πιστὸς
898 1794 929 1845 ό
954 1792 1155 1863 λόγος,
1185 1790 1247 1842 οὐ
1271 1789 1459 1859 ψευδές
1478 1790 1594 1842 ἐστι
1621 1788 1682 1841 τὸ
1708 1788 1893 1860 ῥηθὲν,

323 1883 508 1954 μηδεὶς
547 1882 866 1949 δισταζέτω.

388 1978 460 2032 Εἴ
489 1995 575 2043 τις
609 1973 953 2046 ἐπισκοπῆς
998 1974 1282 2045 ὀρέγεται,
1318 1973 1510 2029 καλοῦ
1554 1974 1732 2044 ἔργου
1771 1974 1897 2027 ἐπι-

321 2069 511 2140 θυμεῖ.
556 2069 646 2122 Ἐν
675 2063 755 2133 οἷς
774 2068 1025 2139 Τιμοθέῳ
1067 2064 1311 2137 περὶτοῦ
1343 2066 1642 2120 ἐπισκόπου
1676 2065 1894 2119 διατάτ-

322 2175 491 2224 τεται,
548 2161 685 2213 πᾶσι
730 2159 844 2222 τοῖς
871 2159 929 2210 ἐν
949 2159 1015 2226 τῇ
1045 2155 1337 2227 οἰκουμένῃ
1364 2154 1691 2223 διαλέγεται.
1710 2154 1775 2206 Εἴ
1792 2171 1895 2219 τις,

326 2252 511 2320 φησιν,
542 2250 795 2322 ὀρέγεται
825 2251 924 2319 τῆς
958 2246 1316 2318 προστασίας,
1365 2247 1426 2300 οὐ
1461 2245 1691 2300 κωλύω·
1734 2245 1897 2317 ἔργου

326 2344 428 2415 γὰρ
453 2342 623 2397 καλοῦ
650 2341 925 2412 ὀρέγεται.
974 2339 1067 2411 Μὴ
1103 2338 1201 2409 τῆς
1238 2338 1411 2409 ἀρχῆς
1440 2335 1536 2391 καὶ
1566 2338 1666 2410 τῆς
1707 2337 1899 2391 αὐθεν-

327 2434 446 2499 τίας
490 2434 659 2505 μόνης
716 2430 975 2502 ἐφιέσθω,
1026 2430 1150 2483 ἐπεὶ
1204 2429 1300 2482 καὶ
1354 2427 1562 2495 Μωσῆς
1601 2425 1698 2481 τοῦ
1737 2418 1898 2498 ἔργου

330 2527 614 2598 ἐπεθύμει,
673 2526 736 2580 οὐ
786 2529 887 2596 τῆς
945 2522 1304 2596 προστασίας.
1351 2521 1602 2594 Προέστη
1652 2519 1761 2591 γὰρ
1804 2518 1898 2572 τοῦ

330 2618 707 2690 ἀδικουμένου,
732 2617 977 2682 πατάξας
1006 2618 1096 2669 τὸν
1117 2613 1425 2668 ἀδικοῦντα.
1461 2612 1764 2682 Ἐπισκοπὴ
1794 2612 1900 2682 γὰρ

330 2713 562 2785 εἴρηται,
599 2712 751 2783 παρὰ
773 2711 834 2764 τὸ
859 2710 1176 2764 ἐπισκοπεῖν
1210 2706 1440 2770 πάντας.

398 2804 498 2859 Δεῖ
551 2800 665 2861 οὖν
709 2803 818 2857 τὸν
862 2802 1203 2857 ἐπίσκοπον
1262 2798 1677 2866 ἀνεπίληπτον
1727 2792 1898 2851 εἶναι.

332 2898 614 2963 Τουτὲστι,
645 2897 826 2950 πᾶσαν
854 2894 1057 2967 ἀρετὴν
1077 2893 1290 2964 ἔχοντα,
1325 2892 1403 2956 ὼς
1433 2891 1571 2961 μήτε
1594 2887 1785 2953 ἀλλους
1805 2888 1902 2941 αὐ-

333 2989 446 3053 τοῦ,
474 2989 612 3058 μήτε
638 2985 801 3040 αὐτὸν
832 2984 1024 3038 ἐαυτοῦ
1056 2980 1729 3053 ἐπιλαμϐάνεσθαι.”οστε
1755 2979 1900 3041 εἴτις

332 3076 507 3149 ἐαυτῷ
541 3076 775 3130 συνοῖδεν
811 3074 1118 3146 ἁμάρτημα
1142 3073 1210 3139 ",
1240 3071 1375 3143 μηδὲ
1398 3069 1417 3104 ί
1442 3069 1782 3141 ἐπιθυμείτω
1807 3070 1902 3122 τοῦ

331 3168 673 3239 πράγματος,
706 3160 766 3220 οὗ
823 3163 1012 3218 ἐαυτὸν
1059 3163 1147 3218 διὰ
1192 3161 1299 3215 τῶν
1328 3160 1507 3232 ἔργων
1532 3159 1773 3226 ἐξέϐαλε.
1797 3159 1901 3212 Τὸν

332 3261 436 3329 γὰρ
468 3261 705 3330 ἄρχοντα
743 3256 1008 3328 φωστῆρα
1029 3257 1112 3310 δεῖ
1132 3251 1295 3319 εῖναι,
1319 3253 1461 3309 ὥστε
1506 3253 1645 3324 πρὸς
1682 3252 1846 3306 αὑτὸν
1879 3252 1899 3282 ⁸

334 3356 540 3417 πάντας
570 3352 815 3422 ὁρῶντας
840 3347 1176 3420 φωτίζεσθαι
1204 3349 1301 3401 καὶ
1320 3344 1660 3417 ὁδηγείσθαι.

401 3527 555 3595 Μιᾶς
592 3529 876 3599 γυναικὸς
898 3527 1107 3595 ἄνδρα.
1171 3527 1232 3579 El
1279 3527 1313 3579 ὁ
1354 3524 1613 3597 γαμήσας
1670 3523 1908 3595 μεριμνᾷ

331 3627 398 3676 τα
426 3620 526 3675 τοῦ
550 3621 782 3692 κόσμου,
815 3620 907 3675 τὸν
957 3619 1012 3672 δέ
1073 3619 1371 3671 ἐπίσκοπον
1408 3618 1471 3671 οὐ
1505 3617 1586 3671 δεῖ
1611 3618 1680 3672 τὰ
1704 3616 1797 3670 τοῦ
1823 3616 1909 3670 κός

334 3731 471 3782 σμου
507 3713 801 3783 μεριμνᾷν,
824 3710 941 3775 πῶς
984 3726 1141 3778 φησι,
1181 3708 1332 3776 Μιᾶς
1368 3709 1655 3778 γυναικὸς
1683 3707 1908 3775 ἅνδρα;

335 3805 487 3867 Τινὲς
522 3804 620 3874 μὲν
644 3799 739 3856 οὗν
770 3818 954 3870 φασιν,
983 3802 1064 3855 ὅτι
1106 3801 1196 3855 τὸν
1231 3800 1338 3855 ἀπὸ
1374 3800 1635 3870 γυναικὸς
1664 3800 1906 3872 ᾐνίξατο)

335 3897 383 3949 εί
411 3896 468 3948 δὲ
502 3896 578 3968 μὴ
626 3894 807 3961 τοῦτο,
862 3894 1032 3967 ἐχέτω
1073 3894 1172 3965 μὲν
1223 3896 1266 3958 ⁸,
1295 3896 1447 3965 φησι,
1477 3894 1606 3964 μίαν
1654 3894 1906 3959 γυναῖκα,

336 3986 472 4056 πλὴν
504 3985 580 4050 ὡς
768 3986 941 4057 ἐχωνο
982 3988 1251 4052 τουτέστι,
1296 3986 1371 4058 μὴ
1414 3985 1909 4054 καταδουλούμενος

335 4082 448 4141 ταῖς
477 4077 798 4147 ἐπιθυμίαις
815 4076 1005 4147 αὐτῆς.
1027 4079 1102 4130 Οὐ
1121 4076 1428 4147 νομοθετῶν
1458 4077 1515 4130 δὲ
1540 4075 1697 4129 τοῦτό
1720 4091 1905 4144 φησιν,

335 4171 415 4222 ὅτι
461 4170 545 4221 δεῖ
583 4169 943 4240 γεγαμηκότα
996 4164 1136 4222 εἶναι
1199 4169 1414 4232 πάντως
1464 4167 1555 4222 τὸν
1591 4168 1905 4220 ἐπίσκοπον.

336 4261 458 4323 Πῶς
489 4260 600 4330 γὰρ
629 4262 658 4313 ὁ
684 4259 855 4328 λέγων
915 4261 1020 4327 ὅτι,
1068 4258 1230 4314 Θέλω
1258 4258 1488 4325 πάντας
1518 4254 1667 4314 εἶναι
1693 4261 1774 4323 ὡς
1810 4255 1911 4311 καὶ

334 4354 628 4420 ἐμαυτόν;
660 4350 801 4404 Ἀλλ’
819 4351 1007 4420 ἐπειδὴ
1033 4351 1194 4404 ὁτὸτε
1223 4350 1412 4419 καιρὸς
1441 4348 1663 4403 τοιαῦτα
1686 4348 1905 4418 ἀπῄτει,
1927 4382 1938 4390 ς

344 4443 405 4494 Ei
432 4444 681 4512 γένηται,
720 4444 875 4511 φησὶ,
908 4444 1034 4512 μιᾶς
1082 4441 1223 4495 ἔστω
1263 4441 1422 4511 ἀνήρ.
1454 4438 1623 4493 Τοῦτο
1656 4441 1751 4492 καὶ
1779 4438 1797 4471 δ
1821 4438 1911 4491 διὰ

1999 606 2236 651 attamen
2273 597 2320 650 si
2378 597 2682 667 contingat,
2713 597 2944 666 accipiet
2975 611 3075 666 pro
3115 597 3202 651 his
3235 597 3565 654 mercedem.

1997 685 2137 750 Quid
2172 699 2299 739 vero
2324 685 2368 739 si
2395 686 2534 741 bona
2560 702 2687 741 cum
2723 687 2814 753 sit,
2841 701 3007 758 prave
3030 686 3384 742 institueret?
3408 686 3571 743 Certe

1996 776 2045 833 si
2075 791 2170 832 eos
2207 778 2509 848 negligens,
2538 764 2753 848 illisque
2776 778 3070 848 indulgens
3107 778 3211 832 hoc.
3256 777 3476 841 fecerit,
3513 779 3567 834 id

1995 867 2138 939 quod
2167 867 2249 922 Eli
2278 869 2537 940 contigit,
2571 871 2848 939 patietur:
2883 869 3030 939 quod
3063 869 3109 926 si
3132 870 3314 926 omnia
3353 871 3569 939 prasti-

1999 962 2150 1026 terit,
2181 977 2510 1032 omnemque
2534 976 2720 1017 curam
2757 961 3093 1031 adhibuerit,
3145 973 3198 1017 et
3232 971 3411 1018 tamen
3446 963 3569 1019 illos

1996 1054 2251 1108 meliores
2284 1052 2512 1109 reddere
2543 1053 2734 1123 nequit
2764 1053 2932 1124 (quod
2965 1068 3090 1108 raro
3112 1053 3273 1125 565
3295 1055 3568 1124 contigit),

2002 1146 2108 1197 ista
2136 1155 2315 1199 tamen
2342 1158 2568 1200 suorum
2605 1145 2869 1202 sudorum
2903 1146 3212 1202 mercedem
3241 1149 3507 1218 percipiet
3556 1166 3571 1205 :

1997 1235 2444 1306 quandoquidem
2484 1244 2539 1291 et
2595 1235 2768 1292 Filius
2801 1237 2891 1292 Dei
2927 1237 3066 1291 nihil
3100 1253 3208 1292 non
3253 1239 3490 1296 Jaciens
3520 1248 3576 1296 et

1996 1326 2208 1391 dicens,
2252 1341 2460 1397 paucos
2486 1335 2664 1383 tamen
2699 1327 2948 1383 habuerit
2972 1328 3065 1399 qui
3094 1328 3200 1385 sibi
3227 1344 3430 1386 morem
3458 1347 3573 1403 ges-

1997 1419 2190 1474 Serittt.

2596 1510 2825 1566 CAPUT
2869 1512 2964 1566 Ill.

2068 1600 2232 1657 Vens.
2273 1601 2325 1655 l.
2360 1600 2564 1656 Fidelis
2626 1619 2819 1658 sermo.
2881 1603 3021 1669 Quia
3087 1605 3401 1677 ambiguum
3432 1614 3573 1673 erat,

1997 1707 2065 1747 an
2117 1703 2322 1750 matres
2346 1695 2642 1750 liberorum
2674 1711 2900 1753 suorum
2934 1697 3132 1753 virtute
3163 1697 3268 1753 frui
3300 1709 3569 1769 poterant,

1997 1784 2204 1845 subdit,
2235 1782 2438 1839 Fidelis
2472 1801 2643 1840 sermo
2672 1802 2692 1840 :
2748 1802 2856 1841 non
2904 1794 2990 1842 est
3037 1788 3379 1845 mendacium
3426 1792 3570 1863 quod

1930 1861 1971 1916 Β
2003 1875 2206 1929 dictum
2236 1886 2340 1941 est,
2375 1892 2534 1931 nemo
2568 1876 2798 1932 dubitet.

2075 1965 2133 2022 Si
2161 1967 2278 2038 quis
2310 1970 2667 2037 episcopatu»:
2698 1970 2990 2037 desiderat,
3041 1974 3233 2029 bonum
3279 1991 3408 2044 Opus
3439 1977 3577 2032 desi-

2004 2057 2177 2112 derat.
2206 2059 2336 2122 Qua:
2374 2056 2662 2114 Timotheo
2695 2061 2762 2116 de
2815 2062 3076 2134 episcopo
3129 2066 3395 2137 praecipit,
3455 2081 3575 2121 om-

2007 2149 2169 2203 nibus
2210 2150 2264 2204 in
2295 2151 2550 2207 universo
2585 2161 2852 2208 terrarum
2887 2155 3022 2211 orbe
3051 2158 3294 2214 disserit.
3327 2159 3382 2214 Si
3427 2164 3574 2228 quis,
3668 2170 3676 2193 ‘

2007 2240 2208 2311 inquit,
2256 2242 2610 2311 praesulatum
2651 2245 2876 2312 expetit,
2926 2262 3035 2301 non
3094 2249 3400 2317 prohibeo:
3452 2266 3573 2305 nam

2007 2330 2209 2403 bonum
2232 2345 2370 2401 opus
2394 2331 2692 2388 desiderat.
2714 2332 2794 2389 Ne
2816 2335 2981 2405 igitur
3005 2339 3384 2393 auctoritatem
3404 2341 3573 2395 solam

2005 2430 2242 2490 expetat,
2280 2423 2721 2494 quandoquidem
2753 2434 2808 2480 et
2841 2424 3020 2482 Moses
3039 2442 3179 2496 opus
3206 2428 3574 2495 desiderabat,

2008 2528 2117 2567 non
2167 2523 2348 2570 autem
2391 2515 2820 2585 praefecturam:
2861 2517 3079 2588 przel‘uit
3128 2519 3274 2574 enim
3318 2519 3575 2590 iujuriam

2009 2622 2207 2677 passo,
2272 2607 2475 2665 feriens
2537 2624 2661 2665 eum
2716 2610 2808 2679 qui
2873 2611 3156 2667 intulerat.
3216 2611 3580 2682 Episcopatus

2007 2702 2150 2753 enim
2179 2699 2404 2765 dicitur,
2436 2715 2503 2756 eo
2530 2701 2675 2771 quod
2703 2683 2895 2757 omn'es
2921 2702 3259 2771 speculetur.

2078 2791 2242 2847 Vens.
2284 2791 2339 2847 2.
2379 2791 2596 2863 Oportet
2642 2793 2805 2862 igitur
2852 2794 3151 2862 episcopum
3204 2794 3582 2863 irrepreheusi—

2009 2881 2162 2937 bilem
2213 2899 2347 2937 esse.
2380 2884 2492 2937 lluc
2527 2892 2632 2946 est,
2660 2879 2809 2936 omni
2845 2882 3049 2936 virtute
3096 2884 3476 2952 conspicuum,
3523 2893 3584 2940 ut

2009 2990 2185 3045 neque
2216 2974 2368 3028 illum
2399 2973 2511 3037 alii,
2537 2987 2715 3043 neque
2744 2972 2860 3044 ipse
2893 2974 3137 3042 seipsum
3192 2975 3580 3045 reprehendat.

2012 3068 2195 3135 Itaque
2215 3066 2264 3121 si
2317 3066 2440 3137 quis
2481 3065 2585 3121 sibi
2640 3065 2712 3120 sit
2745 3064 2865 3135 ipse
2909 3078 3258 3135 peccatorum
3300 3067 3580 3131 conscius,

2011 3174 2079 3214 ne
2108 3159 2381 3216 desideret
2402 3161 2800 3229 episc0patum.
2832 3172 2861 3211 a
2891 3173 3001 3228 quo
3027 3157 3268 3226 seipsum
3298 3173 3392 3228 per
3414 3173 3580 3230 opera

2007 3250 2191 3317 eiecit.
2222 3250 2374 3303 Illum
2408 3240 2557 3305 enim
2583 3250 2676 3320 qui
2720 3249 2847 3303 aliis
2899 3255 3113 3318 praeest,
3167 3247 3333 3301 veluti
3362 3248 3579 3304 stellam

2009 3353 2130 3394 esse
2183 3346 2420 3410 oportet,
2463 3339 2532 3393 ad
2570 3353 2762 3395 omnes
2783 3337 2838 3392 in
2862 3337 3044 3407 ipsum
3070 3336 3349 3391 intuentes
3377 3336 3580 3392 illumi-

2010 3430 2251 3486 nandunt
2281 3438 2337 3486 et
2366 3430 2728 3501 dirigendum.

2088 3517 2256 3575 Unius
2299 3522 2482 3576 uxoris
2523 3523 2714 3577 virum.
2760 3521 2819 3578 Si
2873 3524 2921 3579 is
2948 3527 3041 3595 qui
3073 3523 3290 3581 duxerit
3326 3537 3576 3588 uxorem,

2013 3610 2284 3665 sollicitus
2308 3620 2392 3666 est
2411 3626 2511 3683 pro
2549 3613 2716 3669 rebus
2744 3615 3061 3680 mundanis,
3092 3616 3413 3686 episcopum
3448 3629 3580 3671 vero

2012 3702 2080 3755 de
2102 3703 2288 3756 mundi
2317 3703 2554 3773 negotiis
2575 3704 2868 3759 sollicitum
2899 3721 3023 3761 esse
3062 3721 3172 3762 non
3211 3713 3452 3777 oportet,
3481 3705 3579 3775 qui

2013 3792 2168 3860 dicit,
2196 3785 2370 3847 'Um'us
2408 3796 2592 3851 uxoris
2646 3797 2948 3852 maritum?
2988 3797 3148 3854 Certe
3197 3797 3416 3868 quidem
3434 3811 3580 3852 non-

2012 3886 2146 3939 nulli
2198 3897 2474 3952 asserunt,
2529 3889 2674 3958 quod
2726 3884 2968 3946 ctclibem
3013 3891 3232 3945 innuit:
3278 3898 3333 3945 et
3382 3890 3429 3945 si
3478 3891 3580 3943 hoc

2015 3975 2132 4032 ﬁeri
2174 3977 2388 4047 nequit,
2420 3979 2619 4033 habent
2657 3981 2877 4050 quidem
2926 3982 3139 4036 unicam
3194 3995 3439 4046 uxorem,
3491 3996 3581 4034 vc-

2012 4084 2133 4122 rum
2166 4075 2349 4124 tamen
2389 4071 2471 4125 sic
2506 4072 2662 4140 quasi
2700 4086 2806 4127 non
2860 4073 3055 4128 habeat
3089 4092 3102 4127 :
3138 4073 3240 4128 hoc
3285 4080 3370 4128 est
3422 4072 3582 4141 cupi--

2011 4159 2279 4216 ditatibus
2311 4162 2432 4231 ejus
2463 4177 2572 4217 non
2611 4163 2890 4219 subditus.
2935 4163 3126 4229 Porro,
3177 4178 3283 4217 non
3315 4169 3375 4217 ut
3406 4162 3578 4234 legem

2012 4252 2225 4306 sanciat
2254 4252 2360 4307 hoc
2389 4254 2543 4319 dicit,
2587 4255 2733 4323 quod
2780 4255 3007 4310 omnino
3065 4265 3315 4323 oporteat
3362 4257 3583 4326 cpisco-

2013 4357 2140 4411 putn
2172 4355 2465 4398 uxoratum
2495 4360 2618 4400 esse
2654 4347 2781 4416 :qui
2808 4347 2953 4400 enim
2979 4346 3123 4401 istud
3148 4348 3423 4414 statuerit,
3444 4360 3580 4401 cum

2014 4432 2152 4485 alias
2181 4434 2350 4496 dicat,
2398 4433 2529 4489 Volo
2577 4453 2666 4490 vos
2692 4452 2872 4491 omnes
2895 4453 3010 4495 esse
3042 4439 3178 4491 sicut
3213 4440 3467 4504 mcipsum
3491 4436 3581 4489 "7

335 4536 459 4596 τοὺς
500 4535 805 4600 Ἰουδαίους,
840 4534 1070 4597 ἐκείνοις
1098 4533 1207 4604 γὰρ
1239 4534 1422 4601 ἐφεῖτο
1448 4533 1482 4602 ἡ
1517 4530 1832 4601 πολυγαμία
1860 4531 1901 4583 ⁸.

2018 4521 2219 4579 Verum
2264 4527 2393 4595 quia
2434 4535 2649 4597 tempus
2709 4529 2780 4581 ita
2824 4540 2936 4582 tum
2979 4531 3310 4596 postulabat,
3363 4529 3421 4584 Si
3450 4542 3584 4584 con.

336 4625 493 4683 Τινὲς
520 4625 577 4678 δὲ
608 4624 911 4692 ἀλογίστως
933 4624 1060 4695 περὶ
1100 4622 1420 4695 Ἑκκλησίας
1452 4622 1656 4691 ἔφασαν
1684 4624 1705 4659 ⁸
1730 4622 1909 4689 λέγειν

332 4719 424 4769 τὸν
463 4717 783 4770 Ἀπόστολον
836 4716 1016 4781 τοῦτο,
1058 4717 1174 4770 Ἵνα
1228 4717 1304 4787 μὴ
1351 4715 1671 4787 μεταϐαίνῃ,
1721 4716 1904 4783 φασιν,

333 4806 440 4860 ἀπὸ
476 4807 803 4877 Ἐκκλησίας
854 4812 930 4873 εἰς
971 4808 1300 4879 Ἐκκλησίαν
1332 4824 1347 4839 ·
1375 4806 1587 4878 μοιχεία
1645 4806 1753 4876 γάρ
1790 4807 1905 4860 ἐστι

334 4900 392 4950 τὸ
428 4901 661 4969 πρᾶγμα.
687 4900 731 4952 ⁷.

405 5162 738 5232 (insecutor.
769 5163 1080 5230 Τουτέστιν,
1111 5140 1602 5234 ὀξὺνίδιορατικὸν,
1626 5162 1903 5233 ἀγχίνουν,

342 5255 474 5324 μηδὲ
501 5254 608 5308 ὑπὸ
643 5255 939 5325 φροντίδων
990 5256 1086 5309 καὶ
1129 5254 1377 5325 ἀθυμιῶν
1433 5251 1909 5322 καταδαπτιζόμε-

338 5362 446 5410 νον,
508 5345 624 5399 ἀλλ’
687 5348 777 5398 ἀεὶ
828 5345 1229 5416 διυπνισμένον,
1278 5346 1418 5400 ὥστε
1462 5348 1639 5400 πάντα
1669 5345 1906 5416 βλέπειν,

341 5436 431 5486 καὶ
462 5437 628 5489 πᾶσιν
654 5435 996 5506 ἐφίστασθαι.

406 5547 451 5577 ²²
482 5547 499 5598 l
539 5544 671 5601 Cor.
699 5562 794 5610 vn,
823 5548 873 5600 7.

2017 4619 2211 4689 tingat,
2261 4621 2461 4691 inquit,
2516 4621 2589 4677 sit
2630 4623 2795 4679 unius
2847 4627 3035 4680 uxoris
3074 4626 3175 4679 vir.
3219 4625 3277 4680 ιιι
3319 4640 3450 4681 vero
3489 4625 3584 4681 Ju-

2015 4710 2256 4766 dazorum
2302 4726 2470 4769 causa
2513 4713 2777 4770 dicebat:
2831 4716 2942 4773 illis
2977 4730 3111 4771 vero
3166 4718 3586 4788 permittebatur

2013 4804 2339 4873 polygmuia.
2396 4804 2629 4871 Quidam
2691 4823 2822 4864 vero
2884 4809 3093 4881 absque
3151 4813 3301 4866 omni
3355 4811 3584 4875 ratione,

2011 4893 2269 4949 dixerunt
2308 4898 2630 4967 Apostolum
2695 4901 2808 4956 lucc
2861 4902 2930 4957 de
2973 4902 3219 4958 Ecclesia
3249 4903 3471 4981 dicere:
3507 4898 3588 4955 Ne

2010 4995 2273 5052 transeat,
2337 4991 2615 5059 inquiunt,
2684 4993 2753 5048 ab
2807 4994 3040 5050 ecclesia
3106 4994 3173 5048 ad
3234 4995 3584 5052 ecclesiam:

2012 5079 2158 5135 iStud
2195 5081 2340 5134 enim
2375 5081 2705 5137 adulterium
2730 5092 2834 5137 est.

2087 5170 2359 5226 Subrium.
2387 5171 2499 5227 lloc
2536 5185 2644 5239 cst,
2688 5183 2933 5242 acutum,
2981 5179 3371 5247 perspicacem,
3417 5179 3586 5237 soler-

2019 5269 2150 5319 tem,
2186 5261 2278 5329 qui
2317 5261 2466 5316 curis
2509 5270 2564 5318 et
2593 5277 2826 5318 maerore
2852 5278 2961 5318 non
2997 5264 3281 5332 obruatur,
3310 5266 3406 5322 sed
3441 5281 3589 5323 sem-

2019 5365 2115 5420 per
2162 5352 2647 5423 expergefactum,
2697 5365 2757 5409 ut
2802 5354 2986 5408 omnia
3042 5354 3246 5422 videat,
3307 5355 3588 5415 omnibus-

2019 5459 2123 5514 que
2166 5455 2324 5500 astet.
3608 5428 3615 5435 '

1664 5638 1863 5700 Variae
1910 5639 2241 5710 lectiones.

404 5743 684 5831 "jakob;
728 5758 782 5796 ο.
861 5742 1139 5831 ζτνκαηκοϋς
1180 5758 1231 5797 ο.
1316 5742 1360 5831 ’ξ
1390 5744 1571 5828 ῖχυσου
1598 5760 1649 5797 ο.
1728 5744 1773 5778 '9
1822 5746 2194 5821 ἁμαρτήματα
2225 5768 2278 5807 ο,
2360 5757 2373 5787 ι
2419 5756 2569 5829 tum.
2646 5760 2666 5790 ι
2699 5758 2886 5816 τοῦτον
2907 5774 2964 5815 ο.
3039 5760 3061 5793 s
3094 5755 3187 5814 οὖν
3206 5774 3259 5816 ο.
3336 5759 3357 5790 ι
3388 5754 3498 5831 γάρ
3529 5775 3585 5817 ο.

334 5810 357 5846 ⁸
379 5812 710 5867 πολυπαιδία
740 5828 793 5867 ο.
870 5813 891 5843 ⁸
919 5813 1164 5882 ἔφθασαν
1200 5828 1255 5866 ο.
1332 5814 1351 5845 ⁷
1389 5810 1496 5869 πᾶν
1526 5830 1579 5870 0.

657 5909 924 5971 PATROL.
966 5910 1081 5971 Gn.
1114 5907 1355 5972 CXXV.

3119 5920 3162 5982 2
