3990 6544
324 376 395 439 ἐξ)

1036 378 1444 441 EXPOSITIO
1484 382 1565 442 IN
1604 379 1841 444 EPIST.
1887 378 1915 438 Ι
1949 380 2049 439 AD
2086 382 2400 446 TIMOTH.
2433 410 2503 423 ·-
2528 388 2687 452 CAP.
2729 388 2848 450 III.

3509 391 3581 458 ὅθ

325 489 632 561 προκοπήν.
663 492 727 545 Ol
758 492 866 565 γάρ
899 492 956 546 ἂν
1012 496 1125 557 τοῖς
1183 494 1335 548 κάτω
1367 492 1636 560 δείξαντες
1678 494 1904 554 ἑαυτοὺς

2030 500 2112 554 :sl.
2154 508 2524 561 proAressum.
2556 495 2658 562 Qui
2690 498 2836 553 enim
2872 498 2927 553 in
2967 494 3317 552 inferioribus
3348 511 3468 552 Sese
3496 497 3576 548 vi-

326 579 811 650 διεγηγερμένους,
872 584 1084 655 ταχέως
1112 585 1204 638 καὶ
1232 586 1324 638 ἐπὶ
1357 584 1425 639 τά
1463 583 1720 652 ἀνωτέρω
1753 583 1905 636 ὲλεύ-

332 689 538 736 οονται,
568 672 711 726 ὥστε
740 677 1057 747 παρρησίαν
1086 676 1288 748 πολλὴν
1328 679 1473 746 σχεῖν
1504 679 1561 730 ἐν
1590 679 1653 747 τῇ
1683 675 1864 729 πίστει
1885 692 1900 706 ο

327 764 625 829 τουτέστιν,
657 763 800 819 ὥστε
827 767 1158 839 ἐνδοξότεροι
1202 768 1480 838 γενέσθαι,
1507 770 1611 824 οὐκ
1648 770 1705 823 ἐν
1737 769 1903 834 ἀξιῶ⁴

329 869 462 920 μασι
512 857 825 923 κοσμικαῖς,
846 857 969 910 οὐδὲ
1020 859 1078 911 ὲν
1107 860 1409 929 χρήμασιν,
1440 858 1556 913 ἀλλ’
1598 861 1656 913 ἐν
1700 858 1903 922 πίστει,

323 944 540 1005 δὲστιν,
569 946 630 999 ὲν
657 949 795 1002 πᾶσι
819 951 933 1013 τοῖς
966 950 1108 1004 κατά
1141 951 1238 1021 τὴν
1270 952 1450 1006 πίστιν
1489 951 1670 1021 λόγοις
1707 967 1766 1003 τε
1810 949 1910 1004 καὶ

324 1033 531 1100 ἔργοις.
562 1037 804 1093 Τοιοῦτοι
821 1041 871 1092 oi
901 1042 960 1094 ἐν
992 1041 1286 1114 Ἐκκλησία
1305 1042 1634 1114 λάμποντες,
1655 1043 1764 1098 ἀπὸ
1790 1041 1909 1095 δια-

326 1125 498 1178 κόνων
530 1127 591 1178 ὲν
618 1129 1035 1202 πρεσϐυτερικῷ
1069 1131 1263 1202 βαθμῷ
1317 1134 1411 1188 καὶ
1434 1134 1799 1205 ἐπισκοπικῷ.

402 1215 594 1270 Ταῦτὰ
640 1236 740 1273 σοι
805 1223 1028 1293 γράφω,
1073 1224 1329 1286 ἐλπίζων
1376 1226 1577 1281 ἐλθεῖν
1622 1230 1774 1297 πρὸς
1835 1228 1912 1283 σὲ

327 1306 562 1379 τάχιον.
597 1312 738 1365 Ἐὰν
760 1311 832 1365 δὲ
862 1315 1170 1382 βραδύνω,
1214 1317 1315 1372 ἵνα
1342 1319 1509 1388 εἰδῇς
1534 1319 1659 1386 πῶς
1705 1320 1803 1374 δεῖ
1844 1320 1915 1375 ἐν

324 1400 468 1466 οἴκῳ
493 1403 644 1456 Θεοῦ
668 1404 1175 1475 ἀναστρέφεσθαι.
1211 1409 1332 1464 ’Ὶνα
1355 1410 1433 1481 μὴ
1465 1411 1538 1481 τῷ
1563 1411 1916 1482 περὶτούτων

324 1492 714 1548 διατάττεσθαι
748 1499 829 1560 εὶς
879 1498 1125 1569 ἀθυμίαν
1154 1502 1367 1574 ἐμϐάλῃ
1407 1503 1498 1557 τὸν
1538 1504 1810 1575 μαθητὴν,
1839 1506 1916 1569 ὡς

326 1585 512 1639 οὐκέτι
539 1587 917 1657 δφθησομένου
952 1591 1049 1645 τοῦ
1110 1594 1323 1649 Παύλου
1382 1595 1532 1665 αὐτῷ
1557 1612 1571 1627 ⁸
1605 1598 1793 1667 φησὶν,
1829 1598 1913 1651 ὅτι

326 1674 401 1725 Οὔ
428 1674 517 1729 διὰ
540 1678 700 1732 τοῦτο
725 1680 900 1735 ταῦτα
929 1683 1148 1754 γράφω,
1175 1684 1251 1750 ὡς
1274 1686 1454 1740 οὐκέτι
1489 1687 1694 1756 μέλλων
1707 1689 1883 1743 ἐλθεῖν
1907 1706 1919 1719 ·

326 1767 441 1820 ἀλλ’
502 1770 796 1844 ἐλεύσομαι
837 1780 976 1848 μέν’
1012 1778 1152 1849 πλὴν
1187 1780 1235 1833 ei
1283 1780 1462 1852 συμϐῇ
1514 1798 1583 1853 με
1625 1781 1913 1852 βραδῦναι,

329 1859 416 1911 ῐνα
447 1860 579 1935 ἔχῃς
605 1864 959 1921 ὑποτύπωσιν
999 1868 1114 1934 πῶς
1130 1871 1212 1923 δεῖ
1230 1872 1685 1943 ἀναστρέφεσθαι.
1720 1873 1917 1937 Καλῶς

328 1951 385 2004 δὲ
416 1947 544 2008 εἷπε
582 1958 664 2023 τὸ,
700 1960 972 2022 ἐλπίζων.
1020 1962 1240 2033 Ἐπειδὴ
1275 1963 1385 2036 γάρ
1412 1966 1693 2036 Πνεῦματι
1724 1965 1920 2035 ἀγόμε-

329 2060 419 2107 νος
445 2047 545 2100 οὐκ
566 2049 684 2120 ᾔδει
721 2052 824 2104 ποῦ
866 2053 947 2106 δεῖ
988 2054 1264 2119 ἀπελθεῖν,
1297 2056 1522 2121 εἰκότως
1576 2056 1909 2128 ἀμφιϐάλλει

329 2134 425 2187 καὶ
457 2138 587 2207 περὶ
612 2138 705 2192 τοῦ
734 2141 870 2210 πρὸς
907 2143 1173 2212 Τιμόθεον
1200 2144 1401 2200 ἐλθεῖν.

405 2308 571 2376 Ἦτις
603 2309 777 2368 ἐστὶν
830 2313 1167 2385 Ἐκκλησία
1212 2322 1359 2377 Θεοῦ
1402 2320 1637 2391 ζῶντος.
1670 2323 1761 2396 Μὴ
1809 2324 1915 2396 γάρ

335 2402 499 2472 εἴπῃς
530 2404 575 2435 ¹¹
605 2405 689 2459 ὅτι
739 2406 1019 2479 ἀνθρωττοι
1070 2412 1241 2484 αὐτὴν
1287 2415 1332 2447 ⁸³
1364 2415 1748 2483 συγκροτοῦσι.
1779 2415 1915 2469 Θεοῦ

335 2493 446 2566 γάρ
476 2498 596 2550 ἐστι
629 2497 853 2564 ζῶντοε,
886 2503 1156 2569 τουτέστι,
1201 2505 1435 2577 φοϐεροῦ
1470 2509 1565 2561 καὶ
1602 2507 1913 2578 ὲκδικητοῦ,

337 2590 431 2640 καὶ
464 2589 526 2642 οὐ
558 2592 754 2662 νεκροῦ
787 2598 880 2648 καὶ
922 2597 1204 2664 ἀσθενοῦς,
1236 2596 1339 2653 οἷοι
1381 2601 1432 2653 οἱ
1465 2600 1575 2653 τῶν
1625 2602 1913 2672 Ἑλλήνων.

410 2685 646 2752 Στύσιος
673 2688 772 2742 καὶ
827 2689 1121 2764 ἑδραίωμα
1172 2696 1283 2765 τῆς
1306 2697 1614 2766 ἀληθείας.
1656 2700 1916 2754 Ἐνταῦθα

336 2774 434 2828 καὶ
465 2777 604 2848 πρὸς
636 2781 726 2835 τὸν
742 2783 1028 2847 Ἰουδαϊκὸν
1046 2789 1323 2859 συγκρίνει
1350 2791 1478 2845 ναὸν
1502 2793 1547 2825 ’³
1570 2792 1667 2862 τὴν
1683 2794 1915 2866 Ἐκκλη-

339 2866 482 2933 σίαν,
501 2870 597 2923 καί
621 2889 787 2942 φησιν
809 2876 892 2928 ὅτι
933 2878 1169 2943 Ἐκεῖνος
1197 2881 1296 2951 μὲν
1317 2882 1524 2948 τύπους
1552 2888 1795 2955 περιεῖχε
1821 2887 1915 2940 καὶ

341 2959 522 3026 σκιάς,
563 2958 674 3018 οἷον
730 2966 987 3033 κώδωνας
1043 2972 1139 3026 καὶ
1191 2974 1463 3043 ῥοΐσκους,
1514 2978 1607 3031 καὶ
1654 2979 1916 3049 ἀρχιερέα

340 3050 484 3120 μετά
521 3053 632 3107 τῶν
674 3055 896 3114 θυσιῶν,
944 3062 1009 3115 Ἦ
1059 3063 1115 3117 δὲ
1168 3065 1465 3138 Ἐκκλησία
1505 3068 1605 3138 τῆς
1657 3069 1915 3138 ἀληθείας

2006 582 2142 653 εξινε
2178 586 2496 654 ostendunt,
2531 588 2784 644 celeriter
2820 589 2886 645 ad
2919 589 3203 659 superiora
3237 586 3481 649 venient,
3520 594 3579 639 ut

2008 675 2232 729 multam
2264 676 2515 732 ﬁduciam
2544 688 2599 734 et
2629 679 2934 737 libertatem
2972 682 3026 735 in
3055 680 3158 735 ﬁde
3187 678 3444 740 habeant,
3481 677 3581 731 hoc

2008 770 2110 825 est,
2147 771 2207 817 ut
2252 765 2585 822 celebriores
2637 766 2949 822 efﬁciantur
2981 787 2995 823 :
3030 784 3135 823 non
3185 767 3239 821 in
3287 766 3581 820 mundanis

2007 852 2389 922 dignitatibus,
2427 872 2534 913 non
2579 860 2632 912 in
2688 859 2961 929 pecuniis,
2999 858 3092 914 sed
3130 858 3183 913 in
3220 858 3346 919 ﬁde.
3376 857 3433 910 id
3472 864 3577 916 est.

2009 941 2062 997 in
2095 944 2352 1001 omnibus
2380 962 2501 1016 qua:
2533 956 2662 1004 sunt
2699 948 3001 1004 secundum
3033 947 3218 1010 ﬁdem,
3253 962 3380 1001 cum
3405 946 3584 1001 verbis

2012 1041 2124 1088 tum
2157 1035 2439 1107 operibus.
2475 1034 2635 1094 Tales
2666 1048 2793 1094 sunt
2820 1038 2855 1092 ii
2899 1037 2989 1108 qui
3024 1037 3079 1092 in
3125 1036 3371 1092 Ecclesia
3413 1036 3579 1091 reful-

2011 1134 2160 1195 gent,
2192 1142 2220 1180 a
2252 1127 2505 1185 diaconis
2532 1130 2835 1200 presbyteri
2860 1137 2916 1185 et
2942 1130 3184 1200 episeOpi
3218 1127 3370 1185 lacti.

2085 1222 2250 1276 Vens.
2288 1223 2375 1287 H,
2406 1223 2491 1278 l5.
2538 1223 2666 1279 Htec
2695 1223 2793 1278 tibi
2814 1223 3014 1288 scribo,
3041 1238 3260 1293 sperans
3292 1239 3371 1279 me
3394 1231 3580 1278 ventu-

2017 1332 2133 1368 rum
2174 1315 2243 1370 ad
2280 1326 2326 1369 te
2358 1316 2486 1371 cito.
2519 1314 2581 1371 Si
2611 1325 2788 1370 autem
2835 1315 3139 1378 tardavero,
3185 1324 3242 1370 ut
3286 1317 3427 1369 scias
3456 1332 3586 1386 quo-

2019 1408 2172 1462 modo
2204 1417 2440 1475 oporteat
2472 1417 2518 1462 te
2553 1408 2607 1463 in
2637 1408 2795 1463 domo
2827 1406 2923 1463 Dei
2945 1408 3268 1463 conversari.
3293 1407 3372 1464 Ne
3400 1409 3468 1462 de
3502 1406 3590 1461 his

2020 1499 2386 1568 praecipiendo
2407 1498 2463 1554 in
2488 1498 2763 1553 tristitiam
2802 1496 3065 1569 conjiciat
3114 1496 3590 1567 dis«-ipulum,cen

2022 1591 2247 1646 Paulum
2279 1608 2387 1648 non
2412 1592 2648 1664 amplius
2678 1601 2826 1649 esset
2849 1593 3067 1649 visurus
3094 1605 3109 1646 :
3140 1589 3259 1649 Non
3287 1600 3590 1661 propterea,

2025 1685 2218 1752 inquit,
2261 1684 2375 1739 hac
2408 1685 2612 1746 scribo.
2648 1693 2905 1754 tanquam
2932 1698 3099 1755 porro
3132 1698 3239 1739 non
3263 1682 3365 1739 sim
3388 1692 3592 1737 ventu-

2024 1790 2140 1838 rus,
2179 1778 2392 1830 veniam
2433 1777 2603 1843 enim,
2633 1776 2752 1836 sed.
2791 1777 2838 1832 si
2882 1777 3166 1847 contingat
3216 1792 3304 1833 me
3355 1778 3591 1838 tardare.

2029 1875 2086 1921 nt
2113 1868 2311 1923 habeas
2344 1868 2631 1924 formulam
2656 1877 2709 1924 et
2725 1869 3003 1939 exemplar
3035 1869 3315 1940 quomodo
3347 1876 3595 1938 oporteat

2028 1965 2081 2012 te
2102 1957 2303 2013 vivere.
2334 1958 2477 2014 Bene
2511 1967 2693 2015 autem
2725 1960 2891 2025 dixit,”
2930 1975 3170 2029 sperans.
3207 1958 3344 2015 Cum
3373 1961 3520 2016 enim
3561 1974 3594 2012 a

2029 2049 2232 2118 Spiritu
2264 2050 2462 2105 ductus
2492 2052 2769 2118 ignoraret
2804 2066 2915 2121 quo
2961 2052 3062 2106 sibi
3092 2051 3402 2106 abeundum
3426 2058 3593 2116 esset,

2028 2156 2133 2195 non
2183 2140 2454 2197 immerito
2502 2142 2715 2198 dubitat
2768 2142 2833 2198 de
2877 2142 3110 2198 adventu
3159 2155 3261 2196 suo
3303 2141 3370 2196 ad
3403 2139 3595 2198 Timo-

2024 2234 2233 2289 theum.

2096 2325 2227 2392 Qure
2271 2336 2350 2381 est
2398 2327 2641 2383 Ecclesia
2677 2327 2769 2382 Dei
2802 2329 3043 2384 viventis.
3070 2327 3194 2385 Noli
3238 2328 3385 2384 enim
3415 2328 3595 2384 dicere

2023 2416 2165 2487 quod
2195 2432 2262 2473 ex
2300 2418 2614 2475 hominibus
2648 2419 2765 2489 ipsa
2802 2422 2873 2475 sit
2907 2418 3140 2474 conﬂata
3171 2437 3187 2475 :
3215 2418 3310 2475 Dei
3336 2420 3479 2475 enim
3508 2425 3595 2473 est

2024 2508 2262 2563 viventis
2293 2525 2309 2575 ;
2343 2506 2398 2562 id
2439 2518 2548 2571 est,
2596 2510 2862 2564 terribilis
2901 2518 2956 2563 et
2988 2510 3207 2574 ultoris,
3253 2524 3364 2565 non
3390 2509 3593 2563 mortui

2023 2611 2075 2654 et
2112 2600 2339 2667 inﬁrmi,
2378 2602 2571 2672 quales
2602 2613 2733 2658 sunt
2759 2602 3071 2657 Graecorum
3095 2602 3170 2657 dii
3200 2601 3346 2656 vani.

2093 2694 2359 2748 Columna
2387 2702 2437 2748 et
2461 2694 2857 2758 ﬁrmamentum
2889 2696 3149 2750 veritatis.
3176 2696 3278 2750 ilic
3298 2709 3423 2750 cum
3455 2702 3596 2748 tem-

2024 2783 2114 2852 plo
2161 2781 2391 2838 Iudaico
2442 2784 2737 2838 Ecclesium
2786 2784 3019 2851 confert,
3071 2794 3238 2854 atque
3290 2785 3405 2839 ait:
3458 2783 3593 2840 Illud

2023 2888 2155 2929 sane
2183 2875 2385 2945 ﬁguras
2409 2882 2466 2931 et
2496 2875 2719 2932 umbras
2751 2876 3010 2940 habebat,
3037 2876 3205 2932 veluti
3229 2859 3632 2932 tintinnabula‘

2022 2974 2073 3017 et
2106 2964 2249 3018 mala
2281 2966 2503 3034 punica,
2534 2975 2589 3020 et
2617 2967 2931 3036 pontiﬁcem
2972 2983 3094 3021 cum
3123 2966 3380 3023 victimis.
3413 2966 3599 3023 Eccle-

2024 3054 2106 3109 sia
2139 3064 2322 3110 autem
2352 3064 2437 3111 est
2460 3066 2642 3113 coetus
2672 3058 2920 3112 veritatis
2954 3075 2970 3115 :
3003 3058 3185 3113 omnia
3205 3059 3349 3113 enim
3389 3074 3511 3126 qua:
3542 3057 3593 3110 in

339 3144 766 3240 δστὶᾼσύστασις.
801 3154 985 3209 Πάντα
1032 3157 1143 3230 γάρ
1185 3159 1255 3213 τά
1294 3136 1365 3216 ὲν
1404 3136 1918 3240 αὑτῇήτελούμενα1

2030 3160 2091 3200 ea
2122 3157 2485 3217 peraguntur,
2525 3164 2650 3206 vera
2697 3158 2846 3214 sunt,
2886 3156 2940 3206 et
2989 3149 3121 3204 nihil
3169 3150 3224 3203 in
3255 3164 3317 3203 ea
3357 3159 3441 3203 est
3476 3162 3588 3205 um-

341 3235 596 3307 ἀληθινὰ,
626 3241 723 3296 καὶ
738 3243 894 3298 οὐδὲν
924 3248 1170 3315 σκιῶδες,
1194 3245 1285 3305 οἷα
1329 3251 1399 3306 τά
1430 3256 1525 3308 τοῦ
1552 3235 1918 3326 νόμουίἌντι

2031 3238 2277 3305 brosum,
2328 3240 2512 3310 qualia
2569 3248 2698 3296 sunt
2747 3256 2870 3311 qua:
2919 3240 3035 3310 lege
3089 3242 3433 3296 sanciantur.
3493 3239 3598 3296 Pro

343 3328 452 3398 γὰρ
478 3330 770 3400 κωδώνων,
802 3336 1065 3408 κήρυγμα
1093 3339 1366 3412 λαμπρόν
1387 3346 1511 3398 ἀντὶ
1547 3348 1782 3419 ροϊσκων
1806 3352 1922 3422 βίος

347 3426 814 3512 κατεστεμμένος,
878 3430 971 3484 καὶ¹
1040 3431 1187 3486 ἔνδον
1236 3435 1373 3504 ἔχων
1409 3438 1501 3491 τὸν
1545 3443 1789 3512 καρπόν·
1825 3448 1924 3499 καὶ

345 3510 661 3615 ἀρὲιεξεὺς,
691 3519 818 3586 Υἱὸς
840 3520 976 3576 Θεοῦ
1003 3539 1019 3556 ⁸
1044 3525 1139 3579 καὶ
1170 3525 1312 3597 μέγα
1356 3528 1524 3601 θῦμα,
1568 3510 1630 3586 τδ
1656 3533 1797 3589 θεῖον
1822 3538 1923 3590 αὐ-

343 3606 438 3657 τοῦ
471 3606 654 3676 σῶμα.
942 3674 947 3677 _

414 3698 527 3752 Kal
557 3703 1050 3776 ὁμολογουμένως
1071 3707 1223 3780 μέγα
1237 3710 1367 3766 ἐστι
1396 3712 1463 3768 τὸ
1483 3713 1592 3783 τῆς
1612 3719 1949 3787 εὐσεϐείας.

341 3791 705 3860 μυστήριον.
728 3795 839 3849 Καὶ
888 3800 1188 3871 μυστήριόν
1222 3803 1371 3858 ἐστιν
1404 3806 1438 3877 ἡ
1473 3805 1616 3877 ὑπὲρ
1650 3810 1810 3879 ἡμῶν
1841 3813 1920 3865 ol-

348 3883 597 3951 κονομια.
622 3886 734 3940 Καὶ
756 3888 932 3958 μέγα,
960 3891 1055 3945 καὶ
1102 3894 1436 3963 εὐσεϐείας,
1468 3898 1565 3954 καὶ
1590 3901 1923 3971 ὁμολογου-

342 3974 542 4042 μένως
565 3977 743 4046 μέγα.
792 3981 867 4034 Οὐ
916 3981 1025 4054 γάρ
1064 4001 1146 4049 τις
1179 3986 1511 4057 ἀμφιϐάλλει
1553 3991 1681 4062 περὶ
1705 3996 1919 4048 τούτου.

350 4067 471 4132 Πῶς
492 4067 546 4123 δὲ
568 4073 889 4145 μυστήριον,
905 4075 1039 4149 ὅπερ
1067 4078 1266 4144 πάντες
1299 4080 1446 4137 ἴσασι
1471 4100 1487 4150 ;
1512 4084 1770 4139 Μάλιστα
1799 4086 1925 4157 μὲν,

348 4157 407 4211 οὐ
449 4160 672 4225 πάντες.
703 4164 765 4218 Ei
817 4164 874 4219 δὲ
901 4168 994 4220 καὶ
1038 4168 1241 4235 πάντες
1266 4171 1465 4238 ἴσασιν,
1496 4174 1632 4228 ἀλλά
1663 4175 1779 4240 νῦν,
1819 4178 1926 4248 πρὸ

350 4250 540 4305 τούτου
578 4253 635 4306 δὲ
675 4256 735 4308 οὐ
761 4258 896 4311 πᾶσι
940 4258 1100 4328 δῆλον
1124 4257 1212 4331 ἦν.
1251 4262 1461 4327 Ἀλλως
1482 4281 1567 4331 τε,
1596 4265 1657 4319 τὸ
1694 4267 1811 4337 μὲν,
1843 4268 1926 4322 δτι

348 4341 377 4393 δ
402 4341 536 4406 Θεὸς
566 4345 883 4419 ἐσαρκὼθη,
917 4351 1119 4415 πάντες
1148 4352 1330 4406 ἴσασι·
1382 4354 1443 4407 τὸ
1469 4355 1526 4409 δὲ
1552 4357 1689 4424 πῶς,
1722 4360 1926 4413 ἀποκέ-

350 4447 611 4523 κρυπται.
639 4438 746 4490 Καὶ
780 4440 868 4492 διὰ
887 4441 1043 4496 τοῦτο
1075 4445 1376 4517 μυστήριόν
1411 4446 1459 4479 ’⁸
1497 4448 1666 4505 ἐστιν.
1700 4451 1843 4522 Ὅρα
1871 4452 1926 4505 δὲ

2026 3329 2409 3387 tintinnabulis
2461 3333 2617 3387 enim
2655 3332 2805 3387 clara
2878 3332 3247 3402 praedicatio;
3295 3347 3394 3402 pro
3444 3332 3599 3387 malTs

2025 3423 2238 3491 punicis
2287 3424 2394 3478 vita
2437 3432 2524 3480 est
2552 3432 2838 3491 coronata,
2882 3424 3036 3479 intus
3080 3422 3317 3478 fructum
3369 3422 3597 3478 habens.

2028 3513 2198 3568 Porro
2248 3514 2491 3584 pontifex
2535 3525 2619 3571 est
2648 3514 2820 3570 Filius
2854 3516 2947 3569 Dei
2980 3531 2994 3569 :
3030 3528 3401 3584 magnumque
3429 3512 3601 3568 sacri-

2026 3605 2232 3670 ﬁcium,
2258 3606 2502 3661 divinum
2536 3607 2707 3687 ipsius
2734 3621 2963 3677 corpus.

2097 3696 2262 3754 Vens.
2293 3696 2380 3752 i6.
2414 3697 2479 3751 Et
2505 3698 2783 3767 manifeste
2807 3713 3056 3768 magnum
3084 3706 3162 3751 est
3185 3695 3394 3766 pietatis
3419 3710 3602 3749 sacra-

2026 3796 2279 3842 mentum.
2316 3788 2731 3860 Sacratnentum
2761 3789 2879 3843 sive
2921 3785 3239 3858 mysterium
3266 3793 3352 3841 est
3381 3783 3599 3853 dispen-

2026 3882 2166 3936 satio
2190 3880 2277 3935 illn
2310 3895 2409 3951 pro
2446 3881 2605 3936 nobis
2648 3881 2813 3937 facta.
2846 3879 2908 3935 Et
2945 3894 3219 3950 magnum,
3267 3888 3321 3935 et
3363 3878 3599 3946 pietatis,

2025 3984 2080 4029 et
2132 3972 2417 4044 manifeste
2470 3988 2718 4043 magnum
2750 3990 2768 4026 :
2824 3987 2933 4028 non
2984 3971 3130 4028 enim
3181 3971 3472 4041 quisquam
3521 3971 3589 4025 de

2027 4068 2129 4121 hoc
2158 4066 2393 4123 dubitat.
2430 4064 2718 4132 Quomodo
2755 4075 2936 4121 autem
2977 4066 3299 4139 mysterium
3339 4071 3427 4121 est
3456 4063 3599 4131 quod

2027 4174 2215 4214 omnes
2244 4158 2550 4214 noverunt?
2574 4156 2805 4213 Maxime
2824 4171 2993 4211 sane:
3022 4172 3129 4212 non
3148 4170 3341 4212 omnes
3377 4162 3597 4209 norunt.

2028 4251 2142 4305 lmo
2184 4253 2292 4308 etsi
2341 4265 2532 4305 omnes
2596 4258 2822 4310 norunt.
2871 4248 2925 4303 id
2982 4257 3161 4303 tamen
3203 4262 3346 4302 nunc
3373 4247 3597 4301 evenit:

2028 4341 2259 4396 antehae
2291 4355 2425 4396 vero
2468 4355 2575 4394 non
2621 4341 2881 4396 omnibus
2923 4339 3101 4410 palam
3145 4336 3266 4392 fuit.
3310 4337 3598 4399 Prtetcrca,

2030 4430 2177 4499 quod
2216 4432 2359 4487 Deus
2396 4434 2713 4485 incarnatus
2749 4438 2853 4496 est,
2896 4444 3090 4485 omnes
3125 4435 3390 4481 noverunt
3421 4445 3436 4480 :
3468 4439 3604 4493 quo-

351 4521 451 4594 τὴν
477 4517 633 4596 ’πρὸς
663 4528 809 4598 ἡμᾶς
833 4530 1053 4603 ἀγάπην
1075 4533 1169 4588 τοῦ
1202 4535 1360 4602 Θεοῦ,
1397 4539 1556 4611 εῐπερ
1612 4540 1673 4594 τὸ
1727 4517 1918 4614 μῦστή-

2032 4520 2193 4575 modo
2214 4534 2367 4587 vero,
2394 4521 2726 4575 occultatum
2761 4528 2866 4584 est,
2903 4533 3134 4587 eamque
3151 4517 3223 4571 ob
3253 4532 3366 4570 rem
3396 4524 3603 4584 myste-

358 4630 473 4685 ριον
496 4618 666 4674 αὐτοῦ
697 4621 836 4687 ὅλως
863 4624 997 4695 ἡμῖν
1026 4626 1315 4699 ἐγνώρισε.

426 4876 577 4944 Θεὸς
598 4878 939 4951 ἐφανερώθη
966 4884 1037 4937 ἐν
1083 4887 1282 4954 σαρκί.
1327 4887 1544 4959 Ἐπειδὴ
1574 4890 1705 4960 περὶ
1733 4891 1928 4963 ἱερέων

358 4969 386 5022 δ
415 4969 629 5034 Παῦλος
658 4971 1098 5044 διαταττόμενος,
1122 4976 1279 5029 οὐδὲν
1316 4978 1559 5033 τοιοῦτον
1584 4977 1759 5047 εἶπεν,
1814 4978 1928 5037 οἷον

359 5059 515 5131 ἐντῷ
552 5061 841 5134 Λευῖτικῷ,
897 5066 1062 5135 φησὶ,
1123 5069 1330 5138 Μηδεὶς
1378 5069 1723 5141 θαυμαζέτω,
1764 5077 1814 5128 el
1852 5075 1928 5146 μὴ

360 5153 587 5208 τοιαῦτα
623 5156 1075 5230 μικρολογοῦμαι.
1104 5163 1267 5230 Μέγα
1292 5163 1414 5217 ἐστὶ
1434 5164 1496 5218 τὸ
1520 5166 1811 5237 ἡμέτερον,
1832 5170 1927 5224 καὶ

533 5242 773 5297 τοιοῦτον
805 5245 942 5301 ἐκεῖ.
984 5247 1249 5305 Ἐνταῦθα
1281 5251 1392 5324 γάρ
1422 5253 1555 5318 Θεὸς
1582 5257 1924 5330 ἐφανερώθη.

362 5328 485 5393 Πῶς
506 5348 522 5398 ;
541 5331 630 5386 Ἐν
649 5334 833 5404 σαρκί.
873 5336 952 5408 Τῇ
983 5337 1093 5409 γὰρ
1123 5339 1339 5412 θεότητι
1371 5343 1624 5414 ἀόρατος.

450 5504 782 5581 Εδικαιώθη
838 5512 906 5567 ὲν
963 5517 1275 5587 πνεύματι.
1326 5522 1396 5575 Ἢ
1432 5522 1587 5577 τοῦτό
1635 5541 1820 5593 φησιν,
1847 5528 1928 5582 ὅτι

2035 4612 2178 4665 rium
2233 4619 2337 4667 est.
2383 4611 2665 4681 Perpende
2705 4617 2889 4665 autem
2950 4609 3277 4665 charitatem
3325 4605 3416 4660 Dei
3471 4621 3605 4674 erga

2034 4718 2160 4769 nos,
2190 4701 2459 4774 siquidem
2497 4703 2816 4774 mysterium
2860 4716 3024 4758 suum
3059 4700 3287 4756 onxnino
3316 4697 3472 4754 nobis
3503 4713 3601 4768 pa-

2034 4795 2243 4852 tel‘ecit.

2074 4885 2269 4942 ,Deus
2320 4883 2689 4954 manifestatus
2750 4892 2828 4938 est
2889 4884 2943 4936 in
3009 4899 3187 4938 carne.
3235 4882 3376 4949 Quia
3440 4881 3605 4953 570

2036 4978 2238 5034 Paulus
2271 4978 2339 5033 de
2371 4974 2750 5033 sacerdotibus
2779 4974 3121 5045 praecipiens,
3151 4974 3288 5029 nihil
3322 4974 3433 5029 tale
3465 4975 3605 5028 dixit

2037 5071 2199 5141 quale
2248 5077 2337 5126 est
2381 5069 2437 5124 in
2496 5068 2781 5124 Levitico:
2816 5065 3007 5131 Nemo,
3057 5066 3256 5136 inquit,
3304 5066 3605 5122 demiretur

2035 5162 2179 5233 quod
2211 5161 2283 5217 de
2311 5161 2477 5217 rebus
2504 5168 2613 5215 tam
2656 5159 2871 5216 levibus
2900 5171 3010 5212 non
3061 5157 3317 5226 disputo:
3347 5171 3601 5226 magnum

2035 5269 2168 5311 sane
2199 5261 2447 5310 nostrum
2490 5260 2598 5318 est,
2624 5260 2678 5307 et
2727 5253 2815 5308 cui
2846 5252 2981 5306 nihil
3025 5250 3100 5304 ibi
3151 5250 3331 5304 simile
3362 5257 3468 5305 est.
3504 5249 3602 5306 llic

2031 5345 2181 5401 enim
2210 5347 2354 5402 Deus
2383 5344 2763 5401 manifestatus
2812 5352 2921 5398 est.
2947 5341 3278 5409 Quomodo?
3308 5341 3367 5397 In
3409 5359 3597 5399 carne.

2037 5436 2350 5493 Secundum
2396 5451 2632 5507 namque
2658 5435 2997 5490 divinitatem
3026 5440 3112 5489 est
3147 5433 3458 5490 invisibilis.

2103 5527 2443 5597 Iusti/iratus
2470 5537 2546 5582 est
2569 5528 2625 5580 in
2654 5527 2863 5595 spiritu.
2893 5523 2984 5580 Vel
3012 5525 3116 5581 hoc
3135 5526 3288 5594 dicit,
3311 5526 3453 5599 quod
3478 5544 3599 5583 rum

1669 5705 1866 5768 Van’te
1895 5706 2215 5775 lectiones.

435 5795 478 5827 ⁹¹
507 5796 624 5871 ἴδῃς
648 5814 701 5856 0-
780 5802 826 5836 ²²
853 5805 1059 5879 ταύτην
1084 5823 1137 5865 o.
1215 5809 1258 5842 ³³
1283 5808 1406 5864 λαόν
1424 5827 1477 5868 o.
1554 5811 1598 5843 “
1628 5812 1925 5884 μυστήριόν
1965 5814 2080 5866 ἔστι
2109 5814 2208 5883 τῆς
2243 5812 2371 5885 πρὸς
2395 5811 2543 5884 ἡμᾶς
2574 5809 2789 5881 ἀγάπης
2812 5806 2906 5862 τοῦ
2934 5807 3069 5864 Θεοῦ
3087 5822 3140 5862 o.
3238 5868 3251 5877 δ
