3990 6546
321 409 395 475 53
1084 405 1486 468 EXPOSITIO
1524 404 1601 465 IN
1631 405 1867 465 EPIST.
1904 406 1932 465 Ι
1962 406 2061 466 AD
2097 404 2411 467 TIMOTH.
2441 429 2509 438 —
2540 401 2700 464 CAP.
2735 403 2833 463 ιν.
3502 402 3570 469 54

324 518 407 573 ὅτι
451 515 623 588 ψευδῆ
675 515 834 581 εἰσιν,
866 515 1251 586 ὑποκρίνονται
1281 517 1358 581 ὡς
1414 516 1587 587 ἀληθῆ
1635 518 1774 572 αὐτὰ
1826 517 1893 570 δι-

2009 516 2368 579 mentiuntur,
2426 530 2611 570 verum
2675 514 2915 570 scientes
2950 510 3087 569 falsa
3130 527 3275 579 esse,
3319 514 3407 569 illa
3450 524 3570 571 tan-

324 611 563 666 δάσκειν.

393 698 1014 767 Κεκαυτηριασμένων
1033 696 1147 766 τὴν
1174 697 1334 754 ἰδίαν
1385 696 1764 766 συνείδησιν,
1792 713 1900 750 κω·

325 791 601 845 ,λυόντων
626 788 858 857 γαμεῖν.
894 789 1173 852 Τουτέστι,
1198 790 1437 861 πονηροῦ
1476 789 1591 859 βίου
1632 788 1777 860 εἰσί·
1806 787 1900 840 καὶ

326 876 509 946 ἑπειδὴ
525 876 803 929 συνίσασιν
819 878 1031 939 ἑαυτοῖς
1043 876 1386 946 ἀκαθαρσίαν
1402 876 1618 947 πολλὴν,
1641 874 1729 930 διὰ
1744 874 1900 929 τοῦτο

321 968 383 1020 τὸ
419 965 660 1031 συνειδὸς
689 965 870 1020 αὐτῶν
897 966 1310 1032 ἀνεξαλείπτους
1334 967 1446 1041 ἔχει
1469 968 1596 1032 τοὺς
1620 967 1900 1038 καυτῆρας

322 1057 414 1110 τοῦ
454 1057 701 1128 ῥυπαροῦ
733 1057 872 1129 βίου,
928 1060 1024 1113 καὶ
1052 1059 1326 1115 διαϐάλλει
1362 1058 1454 1113 τὸν
1502 1060 1699 1130 γάμον.
1745 1059 1899 1113 Ἐπεὶ

325 1147 440 1213 εἴγε
477 1147 722 1217 καθαρὸς
754 1144 823 1219 ἦν
848 1148 1028 1202 αὐτῶν
1050 1150 1077 1203 ὀ
1112 1147 1243 1218 βίος,
1293 1150 1387 1203 καὶ
1433 1150 1466 1219 ἡ
1500 1150 1803 1218 συνείδησις
1834 1148 1900 1202 ἂν

323 1239 506 1292 αὐτῶν
538 1240 757 1308 καθαρά
807 1235 898 1312 ἦν,
927 1241 1021 1294 καὶ
1050 1241 1154 1295 οὐκ
1206 1241 1273 1296 ἂν
1305 1240 1585 1297 διέϐαλλεν
1614 1243 1650 1297 ά
1688 1244 1718 1296 ὁ
1765 1240 1900 1305 Θεὸς

325 1334 655 1404 ηὐλόγησεν.
690 1334 901 1404 Ὠσπερ
934 1337 961 1388 ὁ
991 1334 1296 1405 στομαχιῶν
1322 1334 1600 1388 διαϐάλλει
1633 1335 1701 1388 τά
1755 1333 1898 1405 βρῶ-

323 1441 491 1493 ματα,
552 1425 716 1489 αὐτὸς
743 1427 802 1479 ὲν
825 1424 1002 1496 ἑαυτῷ
1056 1425 1196 1496 ἔχων
1248 1425 1398 1479 ἔνδον
1445 1427 1570 1487 τοὺς
1625 1426 1898 1496 πονηροὺς

320 1515 553 1585 χυμούς.
584 1516 649 1568 Τί
674 1515 805 1582 οὒνς
841 1518 975 1588 Οὐχὶ
1008 1518 1102 1572 καὶ
1138 1520 1299 1589 ἡμεῖς
1355 1517 1637 1589 κωλύομεν
1665 1519 1895 1588 γαμεῖνς

324 1607 399 1678 μὴ
437 1608 652 1677 γένοιτο
670 1596 697 1640 ’·
726 1609 862 1662 ἀλλὰ
890 1612 1016 1674 τοὺς
1040 1610 1113 1681 μὴ
1142 1610 1502 1681 βουλομένους
1538 1611 1737 1681 ταμεῖν
1764 1626 1898 1681 προ.

314 1697 591 1767 τρέπομεν
626 1700 717 1752 ἐπὶ
746 1700 1063 1769 παρθενίαν·
1095 1702 1398 1774 τιμιωτέρα
1434 1701 1532 1772 μὲν
1573 1698 1682 1772 γάρ
1715 1700 1890 1770 αὕτη·

321 1791 441 1845 ἀλλ’
471 1793 575 1845 οὐκ
607 1792 711 1864 ήδη
775 1793 969 1862 ἄτιμος
998 1794 1026 1846 ὁ
1048 1791 1248 1864 γάμος,
1282 1791 1474 1867 ὥσπερ
1507 1792 1630 1845 οὐδὲ
1656 1791 1847 1863 ἐπειδὴ
1869 1790 1898 1843 ὀ

2004 624 2167 676 quam
2199 624 2325 663 vera
2360 608 2558 663 docere
2583 606 2868 662 simulant.

2073 698 2141 752 Et
2199 701 2550 754 canteriatam
2600 699 2904 753 habentium
2968 712 3122 750 suam
3172 696 3564 756 conscientiam,

2001 790 2383 859 prohibentium
2414 793 2627 845 nubere.
2661 789 2773 847 Hoc
2813 797 2920 854 est,
2949 804 3128 859 pravae
3160 798 3288 851 sunt
3313 787 3435 842 vita:
3472 805 3485 842 :
3515 795 3569 841 et

2001 886 2128 955 quia
2158 884 2365 943 conscii
2394 884 2497 939 sibi
2528 887 2655 938 sunt
2693 880 2875 938 multa:
2900 882 3255 951 inipuritatis,
3284 887 3571 949 propterea

2002 974 2337 1032 conscientia
2382 990 2572 1029 eorum
2615 973 2935 1028 indelebiles
2983 982 3142 1037 notas
3181 971 3418 1027 sordidae
3445 971 3573 1029 vita:

2002 1066 2216 1120 inustas
2241 1064 2425 1129 habet,
2452 1070 2615 1133 atque
2635 1060 2769 1116 adeo
2783 1062 2999 1132 nuptias
3022 1062 3411 1117 calumniatur.
3435 1058 3570 1116 Nam

2002 1158 2046 1213 si
2079 1173 2212 1229 pura
2240 1165 2385 1212 esset
2407 1156 2647 1227 ipsorum
2676 1154 2807 1219 vita,
2833 1154 3168 1209 conscientia
3191 1153 3351 1210 simul
3375 1153 3572 1208 munda

2005 1249 2222 1311 fuisset,
2282 1261 2385 1301 nec
2443 1244 2731 1301 criminata
2780 1250 2928 1298 esset
2987 1244 3190 1313 quibus
3223 1238 3363 1298 Deus
3405 1242 3572 1298 bene-

2002 1343 2141 1397 dixit
2173 1359 2186 1396 :
2226 1338 2681 1409 quemadmodum
2710 1336 2802 1406 qui
2832 1335 3118 1390 stomacho
3150 1334 3388 1399 laborat,
3418 1334 3572 1389 cibos

2003 1435 2372 1508 reprehendit,
2422 1448 2546 1488 cum
2605 1433 2722 1507 ipse
2767 1434 2917 1487 intus
2960 1429 3014 1483 in
3044 1432 3225 1497 seipse
3276 1430 3459 1498 pravis
3501 1427 3576 1483 sit

2001 1523 2327 1583 humoribus
2382 1522 2640 1580 infectus.
2694 1521 2837 1589 Quid
2891 1519 3093 1590 igitur?
3136 1517 3327 1574 Nonne
3379 1525 3435 1572 et
3473 1530 3576 1570 nos

2000 1614 2407 1671 matrimonium
2462 1610 3354 1683 prohibemus?Haudquaquam;
3416 1614 3579 1661 crete-

1999 1722 2119 1761 rum
2146 1721 2240 1761 eos
2271 1704 2362 1775 qui
2396 1704 2603 1760 nubere
2632 1704 2847 1771 nolunt,
2876 1701 2942 1757 ad
2963 1703 3336 1773 virginitatem
3370 1699 3576 1755 adhor~

2003 1812 2181 1857 tamur
2208 1820 2225 1855 :
2258 1799 2578 1856 honoratior
2604 1801 2747 1856 enim
2789 1806 2875 1855 est
2917 1798 3019 1855 ista
3052 1805 3344 1852 :.attamen
3376 1794 3577 1865 nuptiae

315 1882 515 1953 χρυαδς
550 1881 893 1954 τιμιώτερος.
927 1885 1123 1955 ἄτιμος
1154 1886 1183 1938 ὁ
1245 1884 1503 1955 ἄργυρος.
1532 1883 1606 1937 Τδ
1669 1883 1777 1954 γάρ
1813 1901 1893 1937 τι·

2004 1891 2217 1946 interim
2258 1906 2365 1946 non
2407 1896 2538 1949 sunt
2573 1889 2841 1961 inglorize,
2893 1886 3354 1958 quemadmodum
3398 1900 3576 1956 neque

317 1972 613 2044 μιώτερον,
685 1974 867 2044 τιμίου
896 1974 1221 2048 τιμιώτερόν
1255 1978 1369 2029 ἐστι
1397 1992 1412 2007 ·
1438 1975 1615 2030 καὶτὸ
1659 1975 1895 2039 κάλλιον,

314 2063 485 2118 καλοῦ
544 2065 785 2130 κάλλιον,
834 2066 954 2138 οὐχὶ
1016 2066 1206 2124 κακοῦ.
1248 2068 1304 2121 '0
1334 2067 1432 2140 μὲν
1460 2062 1553 2123 οὖν
1584 2067 1899 2135 δυνάμενος,

312 2155 486 2227 ἐχέτω
541 2155 636 2210 τὸν
693 2160 791 2224 τῆς
818 2158 1113 2229 παρθενίας
1142 2159 1372 2229 χρυσόν·
1406 2160 1455 2212 εί
1483 2158 1538 2213 δὲ
1566 2160 1641 2232 μὴ
1662 2161 1900 2225 δύναιτο,

311 2242 402 2297 τὸν
424 2243 518 2298 τοῦ
551 2246 727 2316 γάμου
759 2246 997 2319 ἄργυρον
1022 2248 1384 2320 άναόεχέσθω.

392 2514 741 2586 Ἀπέχεσθαι
798 2518 1150 2587 βρωμάτων,
1184 2517 1223 2573 d
1263 2520 1296 2574 ὁ
1336 2519 1480 2585 Θεὸς
1547 2518 1787 2573 ἔκτισεν
1814 2520 1899 2583 εις

307 2607 656 2678 μετάληψιν
676 2610 721 2644 ⁸⁸
752 2610 875 2677 τοῖς
904 2612 1163 2677 πιστοῖς.
1200 2612 1313 2665 Οὐκ
1346 2611 1549 2678 ὀφείλει
1581 2610 1687 2664 ἀπὸ
1720 2611 1899 2663 κοινοῦ

318 2700 504 2754 λαϐεῖν
535 2701 613 2766 τὸ,
641 2704 1021 2766 κωλυόντων,
1050 2702 1165 2756 ἀλλ’
1192 2702 1392 2767 ἔξωθεν
1442 2702 1761 2772 προσθεῖναι
1815 2701 1896 2765 τὸ,

312 2792 854 2862 συμϐουλευόντων
908 2794 1239 2864 ἀπέχεσθαι
1272 2793 1631 2865 βρωμάτων.
1690 2794 1755 2847 Τί
1803 2792 1898 2861 es;

311 2885 427 2947 τοῖς
485 2883 733 2948 ἀπίστοις
776 2884 876 2938 οὐκ
925 2885 1106 2938 ἔκτισε
1158 2884 1329 2938 ταῦτα
1382 2884 1564 2947 ὁΘεός
1594 2900 1610 2950 ;
1638 2884 1749 2949 ναὶ,
1783 2882 1899 2938 ἀλλ’

203 3008 212 3016 -
312 2976 465 3029 αὐτοὶ
500 2977 729 3043 ἑαυτοὺς
774 2977 1120 3050 ἀπείργουσι.
1181 2978 1246 3031 Ti
1274 2973 1409 3044 05v;
1440 2977 1501 3032 οὐ
1532 2975 1899 3049 κεκώλυταιὴ

310 3069 491 3140 τρυφή
520 3084 535 3131 ;
577 3071 670 3122 καὶ
717 3070 919 3139 σφόδρα
952 3088 964 3101 ·
1006 3070 1123 3124 ἀλλ’
1158 3071 1256 3140 οὐχ
1283 3071 1315 3140 ὴ
1346 3067 1663 3138 μετάληψις.
1701 3068 1766 3119 Ἦ
1804 3066 1901 3137 μὲν

312 3158 421 3230 γὰρ
483 3160 783 3231 μετάληψις
835 3162 933 3231 τὴν
1013 3162 1358 3232 συμμετρίαν
1387 3161 1577 3232 ἕχει,ή
1619 3160 1677 3215 δὲ
1724 3158 1902 3230 τρυφὴ

313 3251 408 3321 τὴν
455 3250 724 3323 ἀμετρίαν
753 3254 819 3310 ³⁸.
860 3254 1020 3309 Ἀλλὰ
1064 3256 1157 3308 καὶ
1187 3255 1388 3324 αὑτὴή
1452 3253 1627 3325 τρυφὴ
1675 3252 1776 3324 οὐχ
1824 3252 1900 3316 ὡς

312 3341 621 3414 ἀκάθαρτος
673 3345 997 3413 κεκώλυται,
1051 3347 1164 3400 ἀλλ’
1219 3346 1292 3408 ὡς
1341 3344 1604 3399 ἐκλύουσα
1656 3345 1741 3398 διὰ
1804 3344 1898 3416 τῆς

312 3433 578 3505 ἀμετρίας
608 3436 706 3508 τὴν
726 3437 922 3509 ψυχήν.

375 3532 490 3583 ,Καὶ
513 3529 881 3614 ἐπεγνώκόσι
910 3530 1344 3602 τὴνάλήθειαν.
1370 3532 1512 3604 Ἀρα
1534 3536 1602 3588 τά
1631 3536 1897 3592 Ἰουδκῖκᾶ

312 3618 483 3685 τύπος
512 3616 603 3691 ἦν·
637 3624 733 3675 νῦν
774 3623 884 3692 γὰρ
939 3623 972 3694 ἠ
1030 3623 1279 3695 ἀλήθεια.
1351 3626 1682 3680 Ἑκωλύοντο
1736 3628 1792 3682 δὲ
1842 3630 1891 3683 oi

325 3709 567 3766 Ἰουδαῖοι
594 3714 639 3746 ³⁸
668 3714 776 3768 τῶν
800 3712 1031 3780 πολλῶν,
1053 3715 1150 3786 οὐχ
1197 3715 1275 3781 ὡς
1337 3717 1688 3790 ἀκαθάρτων,
1755 3720 1892 3775 ἀλλά

315 3804 402 3858 ἵνα
468 3804 562 3858 τοῦ
614 3808 826 3879 τρυφᾷν
872 3808 1230 3878 ἑπισχεθῶσι,
1291 3810 1384 3862 καὶ
1464 3812 1551 3865 ἵνα
1630 3829 1892 3884 στενοχω-

317 3895 575 3964 ρηθέντες
617 3897 723 3951 ἀπὸ
776 3897 881 3953 τῶν
916 3899 1148 3965 πολλῶν,
1215 3903 1310 3956 καὶ
1380 3903 1703 3970 σφάττοντες
1759 3904 1887 3976 βόας

315 3988 409 4040 καὶ
454 3988 725 4058 πρόϐατα,
774 3991 1038 4059 ὲπιγνῶσι
1099 3991 1251 4058 τίνας
1294 3995 1448 4059 θεοὺς
1493 3996 1791 4066 ἐκτήσαντο
1840 3998 1887 4030 ³⁹

316 4081 363 4131 οἱ
413 4078 720 4159 Αίγύπτιοι.
788 4081 1069 4153 Ἀλήθειαν
1117 4080 1231 4150 οὖν,
1297 4084 1455 4156 ἢτὴν
1519 4089 1598 4151 εἰς
1646 4089 1881 4160 Χριστὸν

316 4170 500 4225 πίστιν
551 4174 803 4242 νοήσεις·
850 4175 883 4246 ἦ
948 4174 1159 4239 ἁπλῶς,
1215 4180 1327 4240 τοῖς
1382 4179 1723 4243 ἐπεγνωκόσι
1771 4180 1873 4254 τὴν

315 4259 568 4328 ἀλήθειαν
600 4277 616 4293 ·
670 4262 831 4315 ποίαν
880 4263 974 4317 καὶ
1001 4265 1161 4328 εὐθὺς
1184 4268 1401 4336 ἐπάγει.

385 4352 507 4405 Ὅτι
524 4350 649 4407 πᾶν
681 4355 902 4423 κτίσμα
927 4356 1075 4411 Θεοῦ
1096 4361 1304 4413 καλόν.
1332 4361 1511 4414 Πάντα
1535 4361 1663 4432 γὰρ,
1724 4364 1876 4432 φησι,

316 4441 455 4496 καλὲ
485 4444 625 4498 λίαν.
652 4443 835 4497 Εἰπὼν
860 4445 936 4507 δὲ,
963 4448 1181 4518 κτίσμα
1211 4450 1380 4513 Θεοῦ,
1415 4454 1542 4523 περὶ
1591 4454 1699 4508 τῶν
1747 4455 1878 4508 ἐδω-

2004 1992 2286 2054 argentum
2320 1983 2520 2038 nullius
2548 1988 2632 2037 est
2659 1980 2844 2051 pretii,
2891 1982 3019 2050 quia
3049 1993 3241 2034 aurum
3280 1977 3575 2048 pretiosius

2001 2081 2107 2130 est.
2155 2074 2288 2129 Nam
2323 2073 2468 2142 quod
2509 2072 2804 2144 pretiosius
2858 2081 2965 2137 est,
2992 2072 3236 2140 pretioso
3278 2068 3574 2139 pretiosius

2001 2176 2130 2222 est:
2190 2175 2246 2222 et
2286 2163 2431 2236 quod
2482 2165 2677 2221 melius
2718 2173 2823 2229 est,
2859 2165 3003 2219 bono
3052 2164 3250 2218 melius
3299 2170 3404 2221 est,
3464 2174 3571 2215 non

2000 2258 2165 2316 malo.
2199 2259 2303 2325 Qui
2328 2272 2457 2329 ergo
2474 2267 2671 2327 potest,
2701 2256 3034 2327 virginitatis
3066 2269 3258 2309 aurum
3291 2254 3527 2308 retineat
3557 2263 3573 2303 ·

2001 2351 2045 2404 si
2102 2367 2228 2405 vero
2293 2367 2399 2405 non
2480 2350 2694 2422 possit,
2753 2349 3083 2403 matrimonii
3150 2357 3433 2418 argentum
3483 2358 3569 2399 re-

2000 2442 2183 2511 cipiat.

2075 2531 2246 2587 Vsns.
2280 2533 2335 2587 5.
2380 2531 2654 2587 Abstinere
2686 2549 2716 2585 a
2745 2531 2902 2592 cibis,
2932 2546 3062 2600 quos
3098 2528 3236 2584 Deus
3278 2527 3470 2583 creavit
3504 2528 3574 2580 ad

2001 2625 2388 2694 percipiendum
2430 2641 2548 2678 cum
2577 2627 2873 2695 gratiarum
2916 2624 3121 2676 actione
3151 2620 3416 2690 ﬁdelibus.
3452 2617 3570 2674 Non

2002 2716 2171 2771 debes
2212 2715 2302 2769 hic
2330 2725 2599 2785 repetere,
2636 2714 3045 2784 prohibentium,
3089 2710 3183 2767 sed
3224 2709 3442 2764 alitmde
3475 2710 3572 2762 ad-

2001 2810 2153 2872 dere,
2195 2807 2584 2863 consulentium
2641 2807 2916 2863 abstinere
2960 2820 2991 2859 a
3026 2803 3184 2859 ciliis.
3226 2800 3367 2869 Quid
3407 2798 3578 2855 vero?

2007 2916 2189 2956 nonne
2234 2912 2287 2955 et
2328 2899 2640 2955 inﬁdelibus
2677 2899 2819 2954 Deus
2850 2898 3004 2953 cibos
3044 2896 3288 2952 creavit?
3319 2893 3432 2959 Nae,
3475 2893 3572 2950 sed

2005 2993 2108 3063 ipsi
2158 2992 2372 3063 seipsos
2422 2991 2689 3047 inhibent.
2724 2988 2861 3057 Quid
2905 2990 3107 3061 igitur?
3140 3003 3324 3043 nonne
3364 2986 3573 3043 delicia:

2006 3094 2130 3143 sunt
2159 3084 2483 3157 prohibitae?
2512 3083 2765 3147 Omnino,
2802 3081 2898 3136 sed
2927 3096 3034 3135 non
3060 3079 3178 3150 ipsa
3208 3077 3571 3150 participatio.

2008 3178 2138 3233 Nam
2167 3175 2511 3248 participatio
2535 3174 2964 3231 mediocritatem
2997 3171 3175 3237 habet,
3208 3170 3417 3226 deliciae
3443 3184 3575 3224 vero

2007 3266 2541 3323 immoderationem.
2578 3264 2718 3333 Quin
2739 3265 2899 3320 etiam
2936 3263 3067 3334 ips:e
3088 3262 3313 3326 deliciae,
3342 3277 3449 3315 non
3481 3275 3575 3316 ve:

2004 3356 2102 3411 luti
2127 3357 2422 3412 immunda:
2450 3364 2579 3412 sunt
2611 3354 2918 3427 prohibitie,
2943 3369 3130 3409 verum
3163 3351 3308 3424 quod
3335 3352 3573 3406 animam

2003 3464 2098 3519 per
2128 3449 2550 3507 immoderatum
2592 3464 2752 3503 usum
2786 3446 3107 3503 dissolvant.
3546 3430 3553 3453 ’

2075 3538 2141 3593 Ει
2165 3542 2230 3595 iis
2254 3541 2342 3610 qui
2368 3549 2717 3611 cognoverunt
2748 3541 3037 3593 veritatem.
3069 3535 3291 3591 Iudaica
3314 3535 3480 3606 igitur
3511 3535 3573 3588 ti-

1998 3646 2133 3700 gura
2162 3637 2357 3687 erant:
2385 3644 2532 3683 nunc
2562 3629 2709 3684 enim
2741 3629 2949 3684 veritas
2994 3637 3206 3696 regnat.
3237 3625 3575 3681 Vetabantur

1999 3728 2180 3774 autem
2213 3718 2417 3775 Iudaeis
2444 3719 2612 3774 multa
2631 3720 2704 3787 ν’,
2742 3734 2848 3773 non
2894 3717 3037 3789 quod
3062 3716 3340 3771 immunda
3364 3722 3571 3776 essent.

1998 3826 2184 3866 verum
2217 3819 2273 3863 nt
2317 3825 2346 3864 a
2397 3810 2526 3865 luxu
2574 3809 2963 3865 cohiberentur
2996 3848 3013 3875 ,
3064 3813 3235 3877 utque
3288 3819 3321 3860 a
3387 3805 3574 3860 multis

1998 3904 2165 3958 rebus
2224 3903 2472 3966 coerciti,
2533 3910 2589 3961 et
2644 3903 2811 3958 boves
2861 3912 2915 3957 et
2960 3899 3200 3971 pecudes
3244 3904 3571 3958 mactantcs,

1996 4003 2356 4065 agnoscerent
2380 3996 2698 4064 qualesnam
2734 3994 2868 4050 deos
2900 3992 3155 4049 iecissent
3187 3989 3448 4065 Egyptii.
3474 3989 3575 4043 Per

1995 4087 2280 4141 veritatem
2319 4085 2510 4156 igitur,
2544 4094 2639 4140 aut
2676 4085 2834 4141 tidem
2861 4084 2917 4139 in
2965 4084 3246 4139 Christum
3277 4081 3570 4150 intelliges,

1995 4176 2155 4248 572
2189 4178 2271 4233 vel
2312 4177 2658 4248 simpliciter,
2708 4177 2775 4233 iis
2816 4177 2908 4249 qui
2959 4186 3337 4248 cognoverunt
3365 4174 3569 4229 verita-

1990 4275 2096 4322 tem
2131 4283 2146 4321 :
2175 4268 2356 4338 qualis
2380 4276 2559 4323 autem
2585 4268 2655 4322 sit
2687 4268 2814 4329 ista,
2850 4266 3037 4321 statim
3072 4265 3261 4321 infert.

2079 4356 2242 4414 Vsus.
2291 4358 2347 4414 4.
2415 4358 2570 4428 Quod
2624 4360 2792 4413 omnis
2848 4369 3092 4412 creatura
3139 4355 3238 4410 Dei
3282 4355 3416 4409 bona
3467 4362 3567 4407 est.

1987 4448 2182 4502 Omnia
2229 4448 2396 4513 enim,
2434 4451 2631 4519 inquit,
2681 4448 2839 4502 valde
2887 4449 3029 4501 bona
3088 4445 3332 4501 erant".
3372 4442 3569 4497 Dicens

314 4532 493 4626 δίμων
511 4533 816 4626 βρωμάτων
843 4537 1095 4591 ἁπάντων
1133 4540 1372 4610 ᾐνίξατο.
1396 4542 1505 4595 Καὶ
1537 4543 1637 4614 ἤδη
1668 4560 1878 4617 προκα-

2003 4547 2196 4604 autem,
2244 4548 2491 4591 creatura
2524 4538 2642 4603 Dei,
2685 4539 2752 4593 de
2789 4537 3046 4593 omnibus
3089 4534 3389 4592 esculentis
3425 4535 3567 4587 clam

313 4625 497 4695 τασπᾷ
516 4624 615 4696 τὴν
650 4626 863 4696 αἵρεσιν
913 4628 1020 4681 τῶν
1051 4629 1150 4699 τὴν
1215 4631 1508 4703 ἀγέννητον
1552 4633 1683 4706 ὓλην
1760 4637 1878 4691 είσ-

2006 4640 2200 4685 οειιιιιε
2221 4638 2325 4684 εει.
2351 4628 2582 4699 Jamque
2613 4629 2703 4683 hic
2735 4625 2931 4684 refellit
2959 4642 3148 4683 eorum
3186 4625 3419 4682 ltaaresin
3454 4626 3550 4696 qui

315 4714 577 4781 αγόντων,
640 4717 737 4769 καὶ
765 4717 979 4786 ἐκείνης
1007 4719 1178 4774 ταῦτα
1200 4720 1467 4778 λενόντων
1496 4721 1656 4780 εἶναι.

381 4887 491 4943 Καὶ
522 4888 705 4944 οὐδὲν
748 4891 1113 4959 ἀπόϐλητον,
1143 4895 1293 4964 μετὰ
1325 4899 1880 4973 εὐχαριστίαςλαμ-

1984 4725 2272 4778 materiam
2325 4737 2434 4776 non
2488 4721 2753 4795 genitam,
2789 4736 2851 4777 ac
2884 4722 3037 4778 cibos
3086 4737 3151 4778 ex
3182 4734 3244 4776 ea
3275 4718 3565 4790 provenire

1974 4822 2246 4870 asserunt.

2058 4902 2222 4959 Vens.
2256 4901 2309 4969 4,
2344 4902 2398 4958 5.
2450 4902 2519 4957 Et
2554 4904 2687 4958 nihil
2729 4913 2807 4958 est
2855 4903 3216 4973 rejiciendum,
3261 4902 3401 4974 quod
3444 4918 3562 4956 cum

316 4980 648 5049 ϐανόμενον
674 4997 689 5011 ·
738 4982 1027 5051 ἁγιάζεται
1090 4986 1200 5055 γὰρ
1238 4987 1335 5043 διὰ
1359 4994 1544 5059 λόγου
1587 4994 1735 5048 Θεοῦ
1781 4994 1880 5050 καί

2003 4997 2284 5053 lratiarum
2316 4998 2525 5052 actione
2551 4996 2877 5067 percipitur:
2907 4997 3279 5065 sanctiﬁcatur
3318 4994 3453 5048 enim
3473 5010 3562 5063 per

312 5070 660 5138 ἐντεύξεως.
689 5073 899 5128 Οὐκοῦν
923 5077 971 5128 εί
996 5077 1305 5146 ἁγιάζεται,
1358 5081 1667 5153 ἀκάθαρτον
1697 5084 1883 5140 λοιπόν

315 5161 461 5213 ἐστιν
488 5178 503 5226 ;
533 5163 691 5234 Οὐχί,
719 5164 857 5219 ἀλλά
878 5167 1017 5221 κατὰ
1053 5170 1400 5243 συγχώρησιν
1440 5173 1599 5229 τοῦτο
1647 5176 1879 5247 τίθησιν.

323 5251 544 5324 Πρῶτον
584 5255 686 5324 μὲν
720 5259 828 5329 γὰρ
878 5261 1020 5313 κατὰ
1069 5261 1320 5319 ἔνστασίν
1369 5283 1554 5337 φησιν,
1610 5269 1692 5322 ὅτι
1733 5270 1885 5325 οὐδὲν

319 5340 649 5416 ἀκάθαρτον,
677 5346 870 5405 ἔπειτα
899 5354 1037 5407 κατά
1066 5354 1436 5426 συγχώρησιν,
1469 5357 1678 5429 Δῶμεν,
1698 5362 1886 5431 φησιν,

321 5432 401 5487 ὅτι
439 5437 652 5505 γίνεταί
678 5457 729 5493 τι
754 5441 1083 5516 ἀκάθαρτον·
1111 5446 1225 5501 ἀλλ’
1261 5447 1404 5520 ἔχεις
1451 5449 1549 5522 τὴν
1603 5452 1846 5524 ἰατρείαν
1868 5469 1883 5484 ⁸

389 5592 435 5625 ³⁷
464 5592 641 5651 Levit.
670 5610 750 5663 τι,
779 5597 815 5652 2
849 5614 1008 5672 seqq.
1079 5602 1126 5655 8'
1169 5603 1307 5659 Gen.
1340 5620 1378 5672 ι,
1402 5606 1491 5661 51.

1991 5085 2206 5141 verbum
2239 5086 2336 5141 Dei
2379 5095 2430 5142 et
2476 5088 2789 5142 arationem.
2834 5084 3051 5155 Ergone
3083 5086 3131 5141 si
3163 5085 3591 5145 sanctiﬁcatum,

1993 5177 2338 5233 immundum
2364 5179 2490 5233 est?
2522 5177 2764 5242 Minime,
2795 5192 2982 5232 verum
3024 5190 3119 5247 per
3152 5175 3561 5232 concessionem

1942 5296 1945 5299 -
1992 5269 2100 5324 hoc
2129 5269 2308 5340 ponit.
2336 5267 2468 5322 Nam
2499 5269 2735 5338 primum
2762 5282 2857 5335 per
2893 5267 3207 5321 instantiam
3242 5267 3395 5333 dicit,
3426 5265 3563 5321 nihil

1991 5375 2117 5416 esse
2138 5359 2479 5415 immundum
2507 5374 2521 5412 :
2553 5358 2748 5413 deinde
2770 5371 2862 5427 per
2879 5355 3317 5420 concessionem,
3339 5355 3557 5420 Demus.

1989 5453 2191 5523 inquit,
2245 5454 2391 5522 quod
2450 5449 2710 5521 quiddam
2747 5450 2818 5506 sit
2850 5446 3193 5506 imtnundum
3220 5463 3236 5516 ;
3262 5448 3356 5504 sed
3392 5448 3560 5504 habes

1651 5723 1852 5786 Variae
1874 5720 2203 5787 lectiones.

392 5814 434 5845 "‘
461 5814 762 5888 μετάληψιν
798 5818 935 5886 μετὰ
974 5819 1325 5889 εὐχαριστίας
1358 5839 1426 5876 ιιι.
1506 5823 1546 5856 ³⁸
1582 5823 1855 5894 ἁμαρτίαν
1886 5841 1938 5882 ο.
2015 5825 2059 5858 ⁸⁸
2089 5825 2357 5881 Ἰουδαίων
2390 5827 2568 5899 πλήθη
2596 5842 2649 5884 ο.
2726 5829 2771 5862 ³³
2798 5826 3058 5899 ἐποίησαν
3079 5840 3136 5884 o.
