3990 6546
440 408 510 480 55
1357 428 1928 490 THEOPHYLACTI
1968 428 2379 490 BULGARI/E
2412 429 2769 491 ARCIIIEP.
3610 429 3683 495 δε

436 535 764 593 medicinam
806 554 819 592 :
854 537 1031 609 signa,
1061 539 1266 609 gratias
1283 552 1398 609 age.
1426 538 1667 609 gloriﬁca
1716 538 1906 605 Deum,
1943 554 2005 593 ac

2119 538 2432 608 τφράγισον,
2469 538 2885 608 εὐχαρίστησον,
2933 539 3156 605 δόξασόν
3226 540 3316 594 τὸν
3379 539 3534 607 Θεὸν,
3589 541 3683 595 καὶ

438 627 621 683 deﬁcit
643 627 1004 682 immunditia.
1031 626 1162 681 Nam
1181 628 1472 697 gratiarum
1501 628 1642 681 actio
1657 637 1854 682 cuncta
1876 644 2010 697 pur-

438 728 570 791 gat:
600 718 693 789 qui
722 733 852 774 vero
887 719 1134 790 ingratus
1170 726 1273 781 cst,
1311 717 1429 788 ipse
1481 724 1565 775 est
1612 718 1927 774 immundus
1956 729 2013 774 et

443 811 712 881 pollutus.
754 810 891 866 Num
927 812 1096 881 igitur
1141 811 1289 881 quod
1325 812 1483 867 idolis
1520 821 1605 867 est
1648 813 2009 878 immolatum,

444 903 592 959 hunc
625 905 680 959 in
717 904 932 959 modum
968 903 1232 959 mundare
1254 903 1586 975 possumus?
1616 903 1936 971 Possumus,
1965 904 2011 959 si

439 996 761 1067 ignoremus
829 996 1189 1067 idolotltytum
1252 1012 1397 1052 esse.
1452 996 1510 1051 Si
1580 1013 1709 1052 vero
1775 997 2012 1052 scientes

439 1086 861 1155 sumpserimus,
891 1086 1155 1141 immundi
1192 1102 1403 1151 sumus,
1447 1101 1553 1140 non
1580 1090 1706 1157 quia
1739 1087 1867 1141 illud
1897 1087 2014 1143 ido-

437 1176 701 1249 lothylum
726 1177 818 1242 sit,
843 1180 939 1234 sed
964 1178 1091 1248 quia
1123 1194 1223 1233 nos
1244 1177 1413 1249 legem
1442 1179 1770 1249 transgressi
1798 1195 2009 1243 sumus,

439 1269 845 1340 praecipientem
877 1285 987 1325 non
1025 1269 1538 1325 communicandum
1584 1286 1783 1326 mensa:
1811 1270 2015 1327 daemo-

437 1362 677 1416 niorum.
707 1362 972 1420 Voluntas
998 1364 1181 1435 itaque
1205 1371 1297 1419 tua
1320 1363 1671 1435 coinquinata
1701 1372 1805 1429 est,
1827 1374 2011 1437 utpote

439 1456 570 1527 quia
614 1471 723 1512 non
750 1458 1177 1530 obtemperasti;
1205 1473 1314 1514 non
1336 1458 1493 1514 cibus
1525 1466 1722 1514 natura
1760 1458 1861 1514 fuit
1895 1460 2011 1531 pol-

439 1546 609 1603 lttttts.

508 1638 678 1697 Vnus.
709 1641 762 1696 6.
799 1638 927 1695 Hac
953 1657 1249 1712 proponens
1285 1642 1567 1713 fratribus,
1597 1643 1759 1699 bonus
1784 1646 1887 1699 eris
1910 1645 2011 1698 nti-

440 1734 605 1788 nister
630 1729 761 1789 Iesu
785 1731 1005 1789 Christi.
1039 1733 1184 1802 Haec,
1215 1734 1441 1805 qualia?
1477 1734 1635 1803 Quod
1686 1738 2008 1808 mysterium

443 1841 701 1897 magnum
733 1834 836 1894 est,
866 1836 920 1883 et
957 1827 1101 1898 quod
1146 1827 1228 1883 sic
1277 1829 1552 1886 abstinere
1581 1844 1612 1883 a
1650 1830 1786 1885 cibis
1827 1840 1878 1885 et
1906 1846 2006 1884 nu-

438 1917 588 1986 ptiis,
610 1916 861 1973 doctrina
895 1916 1291 1973 daemoniorum
1314 1926 1417 1984 est,
1453 1928 1507 1973 et
1532 1919 1637 1973 alia
1666 1936 2003 1991 qumcunque

437 2009 708 2076 prmdixit.
764 2008 901 2077 Quid
937 2019 1116 2065 autem
1152 2018 1255 2076 est,
1288 2012 1619 2081 proponens?
1645 2012 1774 2077 Pro,
1806 2027 2006 2068 consu-

439 2098 583 2155 lens.
613 2098 732 2155 Non
772 2100 930 2165 dixit,
964 2099 1319 2171 Praecipiens,
1361 2114 1703 2172 nequaquam
1739 2103 1885 2160 enim
1915 2103 2005 2159 hic

438 2200 529 2255 est
545 2192 867 2248 auctoritas.

511 2280 792 2338 Enutritus
819 2284 984 2339 verbis
1017 2284 1141 2355 ﬁdei
1161 2294 1212 2339 et
1241 2284 1498 2342 doctrina:
1530 2287 1698 2355 bonte,
1725 2303 1879 2358 quam
1917 2304 2006 2342 as-

439 2385 649 2430 secutus
691 2392 767 2430 es.
804 2374 979 2447 Supra
1012 2376 1149 2433 dixit
1182 2396 1197 2434 :
1232 2376 1359 2434 Haec
1388 2379 1511 2434 aliis
1559 2396 1803 2451 propone
1834 2395 1849 2435 :
1890 2381 2004 2450 jam

443 2481 572 2522 vero
603 2468 680 2522 ait
709 2487 723 2523 :
754 2465 836 2524 Tu
866 2468 984 2539 ipse
1013 2468 1175 2525 etiam
1219 2470 1548 2536 innutritus,
1575 2471 1679 2527 hoc
1694 2479 1799 2538 est,
1826 2472 2007 2527 conti-

440 2575 553 2616 nuo
587 2569 647 2632 et,
677 2561 868 2618 sedulo
908 2564 1096 2619 eadem
1130 2579 1361 2622 versans
1389 2565 1595 2632 animo,
1630 2576 1686 2622 ct
1715 2567 1879 2624 veluti
1911 2583 2007 2623 ru-

441 2650 682 2708 minans.
710 2652 1097 2711 lncessabilem
1120 2656 1266 2711 enim
1300 2655 1368 2710 ad
1396 2656 1513 2713 hac
1542 2662 1900 2714 attentionem
1924 2659 2009 2714 in-

440 2740 655 2810 dicans,
703 2744 859 2811 dixit,
895 2746 1179 2801 enutritus.
1202 2746 1440 2804 Perinde
1477 2747 1623 2804 enim
1664 2758 1725 2803 ut
1762 2748 2008 2821 corporis

441 2833 758 2890 alimentum
811 2851 1025 2907 semper
1070 2838 1381 2894 sumimus:
1415 2838 1496 2893 sic
1534 2838 1659 2894 ﬁdei
1706 2839 2010 2895 rationibus

444 2935 502 2983 et
527 2926 878 2984 sermonibus
905 2942 1122 3000 semper
1151 2946 1254 2986 nos
1284 2938 1502 3002 oportet
1524 2930 1809 2987 innutriri.

514 3099 680 3159 Vens.
727 3105 780 3159 7.
827 3103 1039 3174 Inepta:
1072 3116 1245 3161 autem
1278 3117 1327 3162 et
1363 3107 1531 3164 aniles
1565 3108 1779 3180 fabulas
1814 3109 2007 3166 devita.

446 3192 561 3249 Hoc
589 3204 697 3259 est,
730 3205 853 3252 tuos
883 3197 1270 3253 commonefac
1303 3214 1493 3254 eorum
1530 3216 1652 3271 quae
1682 3199 1795 3255 dixi
1833 3219 1846 3255 :
1881 3217 2011 3257 cono
2040 3237 2085 3294 ο

443 3295 529 3342 tra
558 3303 848 3358 perversos
875 3301 1056 3345 autem
1087 3304 1154 3344 ne
1187 3289 1494 3347 descendas
1518 3291 1573 3347 in
1604 3306 1824 3347 arenam
1855 3310 1869 3348 :
1904 3310 2013 3348 non

445 3378 590 3433 enim
621 3387 775 3447 potes
798 3379 907 3435 illis
937 3380 1221 3450 prodesse,
1250 3382 1355 3437 nisi
1388 3383 1660 3460 siquando
1691 3383 2011 3439 scandalum

446 3468 892 3537 subnasceretur,
937 3471 1103 3527 veluti
1156 3486 1257 3528 nos
1307 3481 1530 3544 propter
1585 3473 2013 3530 imbecillitatem

448 3577 681 3631 pugnam
726 3562 995 3618 adversus
1038 3562 1188 3633 ipsos
1231 3563 1535 3620 detrectare
1568 3564 1872 3620 videamur.
1912 3565 2016 3621 Fac

445 3652 602 3709 bulas
628 3638 832 3720 autem,
866 3653 1124 3711 Judaicas
1145 3654 1562 3711 observationes
1594 3656 1748 3718 dicit.
1777 3657 1860 3711 vel
1885 3659 2015 3726 quia

444 3745 834 3801 commentitize
876 3755 1028 3813 sunt,
1060 3746 1147 3801 vel
1192 3746 1322 3817 quia
1369 3748 1783 3816 intempestivae.
1822 3747 2013 3817 Cogita

447 3835 592 3891 enim
638 3836 694 3892 in
744 3836 929 3892 animo
961 3838 1138 3893 virum
1178 3838 1405 3910 triginta
1437 3838 1597 3910 573
1624 3854 1799 3894 anuos
1826 3849 2012 3893 natum

448 3927 650 3981 laetere
682 3926 972 3993 volentem,
1013 3942 1174 3998 quam
1206 3927 1473 3984 ridiculus
1498 3929 1623 3992 erit,
1649 3928 1791 4000 quod
1819 3928 2013 3983 intem-

447 4020 656 4089 pestive
692 4019 796 4076 hoc
840 4021 1043 4076 faciat?
1081 4021 1271 4078 Aniles
1318 4037 1469 4090 vero,
1517 4021 1665 4092 quod
1721 4021 2017 4090 antiquata:

448 4111 558 4166 siut
604 4128 618 4165 :
668 4111 908 4180 profante
972 4122 1149 4167 autem
1203 4122 1257 4167 et
1315 4113 1647 4178 immundae,
1729 4121 2015 4185 propterea

448 4202 596 4272 quod
649 4204 802 4258 tidem
848 4204 1170 4273 impediant.
1207 4203 1264 4259 In
1312 4212 1515 4261 metum
1550 4205 1695 4260 enim
1739 4203 2017 4274 conjicere

450 4291 711 4360 animam,
745 4309 867 4364 quae
901 4293 986 4349 his
1010 4294 1267 4350 omnibus
1289 4294 1632 4351 caeremoniis
1660 4296 2016 4351 excellentior

451 4382 523 4438 sit
547 4381 709 4447 facta,
747 4384 1153 4440 immundorum
1188 4393 1273 4442 est
1315 4393 1734 4455 praceptorum.

521 4472 720 4532 Exerce
760 4485 935 4532 autem
982 4478 1203 4549 teipsum
1239 4478 1306 4532 ad
1339 4478 1604 4545 pietatem.
1662 4475 1772 4533 ΙΙοε
1800 4486 1907 4542 εει,
1942 4477 2010 4532 ad

2113 631 2412 685 ἀποπίπτει
2467 630 2851 701 ἡάκαθαρσία.
2927 630 2992 683 Ἡ
3057 631 3153 701 μὲν
3206 631 3315 703 γὰρ
3368 632 3687 702 εὐχαριστία

2113 721 2289 776 πάντα
2316 720 2623 792 καθαρίζει.
2664 720 2724 773 ’0
2754 722 3051 792 ἀχάριστος
3082 721 3140 775 δὲ
3206 724 3301 776 καὶ
3336 722 3497 784 αὐτὸς
3552 722 3687 775 ἀκά-

2114 814 2309 885 θαρτος
2356 814 2451 867 καὶ
2481 814 2698 886 μιαρός.
2762 810 2909 885 Ἀρα
2960 810 3055 868 οὖν
3089 815 3183 869 καὶ
3235 814 3298 869 τὸ
3340 813 3686 868 εἰδωλόθυτον

2115 905 2257 959 οὕτω
2285 902 2566 974 δυνάμεθα
2604 905 2935 978 καθαίρειν;
2988 906 3116 971 Nai,
3181 908 3277 960 éiv
3338 906 3412 978 μὴ
3455 906 3685 973 εἰδῶμεν

2112 996 2194 1051 ὅτι
2217 996 2565 1051 εἰδωλόθυτόν
2591 999 2739 1051 ἐστιν
2762 1015 2775 1030 ·
2810 998 2906 1052 ὲάν
2927 997 2983 1052 δὲ
3012 999 3235 1071 γνόντες
3263 997 3681 1068 μεταλάϐωμεν,

2112 1087 2411 1159 ἀκάθαρτοί
2438 1091 2627 1158 ἐσμεν,
2657 1089 2755 1161 οὐχ
2783 1090 2866 1143 ὅτι
2922 1091 3101 1144 ἐκεῖνο
3133 1089 3485 1143 εἰδωλόθυτόν
3514 1092 3684 1151 ἐστιν,

2113 1179 2227 1234 ἀλλ’
2256 1179 2338 1234 ὅτι
2365 1180 2526 1251 ἡμεῖς
2564 1180 2730 1250 νόμον
2765 1181 3111 1252 παρέδημεν,
3162 1180 3255 1235 τὸν
3285 1180 3572 1235 κελεύοντα
3609 1179 3683 1250 μὴ

2113 1273 2389 1327 κοινωνεῖν
2420 1272 2698 1345 τραπέζης
2719 1273 3033 1342 δαιμονίων.
3061 1273 3225 1328 ’Ὥστε
3257 1273 3291 1343 ἡ
3319 1271 3385 1342 σὴ
3429 1270 3687 1339 προαίρε-

2116 1380 2199 1428 σις
2234 1364 2569 1435 μεμόλυνται
2602 1366 2678 1430 ὡς
2720 1365 3186 1438 παρακούσαντοςο
3220 1363 3282 1419 εὖ
3322 1365 3383 1418 τὸ
3401 1362 3595 1436 βρῶμα
3616 1359 3685 1434 ἦν

2116 1455 2310 1528 μιαρδν
2332 1455 2515 1527 φύσει.

2187 1640 2379 1696 ταῦτα
2406 1641 2831 1710 ὑποτιθέμενος
2878 1639 3002 1707 τοῖς
3045 1639 3354 1710 ἀδελφοῖς,
3403 1638 3685 1704 διάκονος

2111 1732 2225 1801 ἔσῃ
2256 1732 2443 1797 καλὸς
2483 1730 2677 1799 Ἰησοῦ
2696 1730 2976 1799 Χριστοῦ.
3006 1730 3211 1795 Ταῦτα,
3248 1732 3414 1796 ποῖα;
3474 1730 3592 1782 Ὅτι
3624 1729 3685 1782 τὸ

2116 1824 2411 1895 μυστήριον
2439 1822 2584 1894 μέγα
2617 1823 2767 1875 ἐστίν
2789 1838 2803 1853 ο
2832 1821 2913 1874 ὃτι
2944 1820 3005 1874 τὸ
3040 1819 3340 1891 ἀπέχεσθαι
3401 1820 3542 1874 οὕτω
3578 1819 3682 1886 γάσ-

2115 1932 2216 1986 μου
2241 1916 2335 1968 καὶ
2367 1915 2694 1987 βρωμάτων,
2729 1914 2999 1985 δαιμόνων
3062 1915 3203 1977 ἐστῖ,
3244 1915 3339 1967 καὶ
3397 1913 3497 1966 ὅσα
3549 1911 3684 1967 ἀλλα

2110 2010 2357 2078 προεῖπε.
2388 2008 2453 2061 Τί
2483 2009 2538 2062 δέ
2560 2008 2728 2072 ἐστιν,
2750 2006 3168 2076 ὑποτιθέμενος
3189 2024 3209 2072 ;
3240 2007 3385 2059 ’Δντὶ
3406 2003 3522 2068 τοῦ,
3547 2022 3685 2073 συμ-

2111 2099 2399 2154 ϐουλεύων.
2427 2101 2540 2154 Οὐκ
2573 2094 2746 2165 εἶπεν,
2784 2099 3118 2154 Ἐπιτάττων
3144 2115 3157 2129 ·
3189 2095 3421 2167 οὐδαμοῦ
3450 2096 3558 2165 γάο
3586 2096 3685 2149 αύο

2111 2189 2293 2245 θεντια
2329 2189 2583 2246 ἐνταῦθα.

2193 2287 2655 2356 Ἔντρεφόμενος
2698 2285 2822 2352 τοῖς
2853 2286 3059 2356 λόγοις
3108 2283 3218 2353 τῆς
3269 2283 3527 2348 πίστεως
3587 2278 3686 2333 καί

2111 2379 2222 2449 τῆς
2274 2377 2468 2448 καλῆς
2527 2377 2947 2445 διδασκαλίας,
3031 2370 3070 2449 ᾖ
3123 2374 3685 2445 παρηκολούθηκας.

2113 2466 2300 2536 Εἶπεν,
2320 2472 2405 2526 ὅτι
2443 2467 2765 2524 ’Υποτίθεσο
2789 2473 2903 2534 τοῖς
2928 2469 3108 2532 ἄλλοις
3138 2467 3309 2523 ταῦτα
3331 2482 3347 2497 ⁸
3372 2464 3467 2520 νῦν
3499 2479 3683 2535 φησιν.

2110 2566 2193 2619 ὃτι
2222 2563 2332 2618 Καὶ
2358 2562 2522 2625 αὐτὸς
2560 2561 2624 2615 σὺ
2655 2561 3075 2633 ἐντρεφόμενος,
3114 2558 3385 2622 τουτέστι,
3444 2556 3685 2627 συνεχῶς

2111 2655 2181 2710 τὰ
2210 2653 2350 2710 αύτά
2382 2653 2654 2725 στρέφων,
2698 2653 2790 2707 καὶ
2840 2648 2952 2706 οἷον
3013 2649 3545 2722 ἀναμηρυκὼμενος.
3611 2646 3686 2699 Τδ

2113 2750 2221 2820 γὰρ
2242 2749 2586 2805 ἀδιάλειπτον
2614 2746 2711 2816 τῆς
2741 2747 2822 2809 είς
2843 2747 2910 2799 τὰ
2935 2743 3157 2800 τοιαῦτα
3190 2742 3459 2814 προσοχῆς
3483 2739 3680 2811 δηλῶν,

2114 2833 2235 2892 εἷπε
2291 2836 2372 2901 τὸ,
2420 2835 2873 2908 ἐντρεφόμενος.
2907 2836 3119 2907 ’Ὥσπερ
3150 2833 3257 2905 γὰρ
3286 2831 3386 2903 τὴν
3442 2847 3685 2900 σωματι-

2115 2930 2219 3002 κὴν
2248 2929 2451 2999 τροφὴν
2483 2930 2571 2982 ἀεί⁵
2600 2928 2949 3000 λαμΰᾶνομεν
2974 2944 2986 2958 ·
3012 2926 3155 2980 οὔτω
3174 2925 3267 2979 καὶ
3295 2924 3409 2987 τοῖς
3433 2923 3560 2993 περὶ
3584 2919 3684 2990 τῆς

2117 3022 2352 3084 πίστεως
2382 3020 2564 3090 λόγοις
2597 3020 2685 3073 ἀεὶ
2707 3020 2787 3073 δεῖ
2813 3017 3193 3088 ἐντρέφεσθαι.

2210 3109 2361 3177 Τοὺς
2412 3109 2800 3179 δὲβεϐήλους
2828 3110 2922 3161 καὶ
2957 3105 3237 3176 γραώδεις
3268 3103 3498 3175 μύθους
3535 3114 3685 3169 παρα

2116 3202 2304 3258 αιτοῦ.
2372 3201 2654 3265 Τουτέστι,
2687 3201 2800 3263 τοῖς
2825 3199 2923 3270 μὲν
2959 3202 3070 3261 σοῖς
3104 3195 3359 3268 παραίνει
3405 3194 3442 3248 ἃ
3474 3188 3627 3246 εἷπον
3666 3207 3680 3221 ο

2116 3294 2252 3364 πρὸς
2279 3293 2336 3346 δὲ
2362 3293 2487 3356 τοὺς
2519 3291 3008 3362 διεστραμμένους,
3056 3288 3191 3360 μηδὲ
3250 3289 3331 3351 είς
3375 3283 3684 3355 γυμνασίαν

2116 3386 2391 3456 καταῦῇς’
2418 3386 2480 3438 ού
2518 3383 2627 3455 γάρ
2665 3385 2813 3436 εστιν
2837 3381 3033 3444 αὐτοὺς
3069 3380 3367 3448 ὠφελῆσαι,
3421 3375 3558 3445 πλὴν
3606 3372 3685 3426 sl-

2114 3497 2245 3533 ποτε
2280 3478 2572 3534 σκάνδαλον
2600 3476 2895 3546 ἀναφύοιτο
2921 3475 3011 3539 ³³⁸,
3035 3473 3111 3536 ὡς
3128 3472 3195 3525 δι’
3218 3469 3499 3525 ἀσθένειαν
3524 3464 3685 3536 ἡμῶν

2115 3570 2570 3641 παραιτουμένων
2635 3569 2735 3639 τὴν
2775 3567 2910 3638 πρὸς
2960 3565 3159 3628 αὐτοὺς
3220 3562 3422 3633 μάχην.
3465 3558 3686 3619 Μύθους

2114 3659 2192 3726 δὲ,
2224 3660 2322 3722 τάς
2358 3658 2659 3722 ἰουδαῖκέις
2694 3657 3103 3729 παρατηρήσεις
3132 3655 3301 3723 λέγει,
3338 3651 3471 3723 ἢὼς
3506 3665 3686 3719 παραο

2116 3751 2516 3823 πεποιημένας,
2549 3751 2688 3822 ἢδιά
2709 3751 2771 3805 τὸ
2806 3752 3059 3821 ἄκαιρον.
3120 3747 3403 3815 Ἐννόησον
3432 3741 3538 3812 γάρ
3567 3752 3686 3809 ’μοι
3786 3779 3809 3787 ς

2115 3844 2283 3916 ἄνδρα
2313 3843 2607 3916 τριάκοντα
2662 3843 2758 3912 ἔτη
2799 3843 3051 3911 θηλάζειν
3084 3839 3325 3901 θέλοντα,
3369 3836 3487 3898 πῶς
3536 3834 3687 3886 ἔσται

2115 3935 2522 4003 καταγέλαστος
2572 3935 2662 3989 διὰ
2716 3936 2778 3988 τὸ
2831 3934 3083 4005 ἄκαιρον.
3129 3929 3401 4003 Γραὼδεις
3437 3927 3536 3997 μὲν
3574 3923 3685 3989 οὖν,

2113 4025 2202 4080 διὰ
2233 4025 2294 4079 τὸ
2350 4025 2804 4079 πεπαλαιῶσθαι·
2867 4024 3082 4095 βέϐηλοι
3119 4022 3176 4075 δὲ
3222 4020 3317 4075 καὶ
3365 4017 3687 4085 ἀκάθαρτοι,

2114 4114 2202 4170 διὰ
2247 4115 2309 4168 τὸ
2377 4114 2686 4186 ἐμποδίζειν
2724 4117 2791 4185 τῇ
2840 4115 3042 4169 πίστει.
3110 4110 3184 4166 Τὸ
3234 4111 3339 4183 γὰρ
3386 4110 3493 4162 ὑπὸ
3524 4106 3690 4176 φόϐον

2114 4207 2271 4276 ἄγειν
2300 4206 2399 4278 τὴν
2438 4207 2697 4280 ἀνωτέρω
2742 4205 2945 4260 τούτων
3001 4204 3302 4276 γενομένην
3347 4201 3545 4274 ψυχὴν,
3583 4198 3692 4252 τῶν

2115 4297 2443 4371 ἀκαθάρτων
2499 4299 2617 4352 ἐστὶ
2679 4299 3179 4368 παραγγελμάτων.
3271 4345 3279 4352 .

2187 4476 2515 4546 Γύμνασον
2539 4471 2609 4526 δὲ
2635 4470 2899 4525 σεαυτὸν
2927 4472 3076 4538 πρὸς
3129 4470 3461 4523 εὐσέϐειαν.
3523 4466 3693 4521 Τουτ-

455 4564 609 4619 ﬁdem
634 4580 847 4636 puram,
881 4567 1163 4637 vitamque
1194 4574 1434 4621 rectam:
1460 4567 1511 4621 id
1537 4566 1681 4622 enim
1707 4574 1790 4622 est
1820 4568 2014 4647 pietas.

2124 4564 2263 4629 ἐστι,
2301 4564 2434 4635 πρὸς
2462 4563 2645 4617 πίστιν
2705 4561 2952 4633 καθαρὰν
2995 4562 3088 4614 καὶ
3141 4559 3254 4631 βίον
3289 4559 3471 4632 ὀρθόν
3534 4558 3693 4613 τοῦτο

454 4651 601 4720 ()pus
632 4661 717 4708 est
757 4652 923 4723 igitur
953 4655 1218 4710 exercitio
1269 4664 1325 4710 et
1361 4655 1642 4710 continuis
1689 4655 1969 4711 laboribus
2001 4676 2014 4712 :

454 4742 545 4809 qui
573 4743 715 4797 enim
739 4755 1042 4811 exercetur,
1058 4745 1273 4802 etiamsi
1296 4758 1573 4817 certamen
1590 4746 1785 4813 non_sit
1805 4756 2020 4819 praesto,

458 4841 631 4888 certat
657 4841 714 4887 ut
736 4834 967 4893 sudores
992 4838 1208 4893 excitet.

537 4923 701 4984 Vens.
738 4927 791 4984 8.
828 4926 972 4982 Nam
1000 4929 1290 4998 corporalis
1321 4931 1629 4986 exercitatio
1660 4932 1728 4985 ad
1757 4933 2018 4987 modicum

458 5022 606 5076 utilis
636 5029 733 5076 est.
780 5018 1010 5085 Quidam
1039 5019 1309 5089 jejunium
1358 5022 1695 5089 corporalem
1748 5023 2015 5078 exercita-

462 5113 661 5167 tionem
690 5126 816 5173 csse
845 5110 1057 5177 dicunt,
1081 5110 1173 5166 sed
1208 5128 1312 5164 non
1344 5119 1427 5165 est
1460 5131 1474 5164 :
1522 5129 1645 5167 nam
1680 5114 1820 5168 istud
1863 5114 2025 5184 spiri-

462 5202 609 5257 tualc
637 5210 743 5256 est.
768 5198 966 5256 Verum
989 5200 1237 5271 corporis
1264 5203 1714 5260 exercitationem
1747 5206 2019 5276 intelligit,

459 5309 580 5364 que
610 5293 811 5349 multus
836 5292 1051 5348 labores
1080 5293 1310 5367 habens,
1338 5296 1611 5351 modicum
1646 5299 1868 5367 prodest
1896 5314 2020 5353 cor-

460 5362 603 5454 pori,
634 5392 688 5437 ct
718 5390 962 5454 tempore
987 5362 1277 5439 admodum
1310 5387 1526 5457 exiguo.

533 5472 713 5528 Pietas
766 5484 938 5528 autem
982 5474 1050 5529 ad
1080 5475 1256 5530 omnia
1296 5477 1439 5529 utilis
1487 5489 1584 5541 est,
1621 5479 2023 5548 promissionem

460 5563 655 5620 habens
684 5568 803 5620 uitw
823 5582 939 5636 qua
968 5583 1107 5621 nunc
1130 5578 1229 5634 est,
1259 5578 1307 5623 et
1330 5567 1547 5638 futurae.
1584 5568 1785 5640 Pietas,
1819 5570 2021 5641 inquit,

2127 4654 2237 4725 γὰρ
2262 4652 2532 4707 εὐσέϐεια.
2568 4652 2880 4722 Γυμνασίας
2910 4652 3018 4721 ἀρα
3054 4652 3212 4724 χρεία
3241 4653 3335 4704 καὶ
3386 4650 3563 4704 πόνων
3611 4650 3690 4702 δι-

2127 4744 2361 4815 ηνικῶν·
2394 4744 2423 4796 ὁ
2450 4745 2558 4811 γὰρ
2603 4742 3013 4813 γυμναζόμενος
3047 4741 3141 4795 καὶ
3172 4740 3380 4810 ἀγῶνος
3413 4741 3489 4812 μὴ
3516 4740 3691 4802 δντος,

2125 4835 2447 4904 ἀγωνίζεται
2485 4834 2716 4905 ἱδρῶτας
2744 4834 2788 4867 ³⁸
2825 4833 2989 4904 ἔχειν.

2212 4926 2281 4980 Ἦ
2307 4924 2417 4995 γὰρ
2448 4924 2753 4996 σωματικὴ
2785 4922 3087 4994 γυμνασία
3115 4922 3262 4991 πρὸς
3292 4915 3499 4993 ὀλίγον
3521 4921 3696 4977 ἐστὶν

2130 5020 2442 5091 ὠφέλιμος.
2528 5017 2684 5080 Τινὲς
2732 5017 2832 5087 τὴν
2908 5016 3155 5088 νηστείαν
3195 5016 3328 5085 φασί⁵
3376 5014 3698 5085 σωματικὴν

2126 5113 2452 5184 γυμνασίαν
2506 5110 2748 5166 ἀλλὀὐκ
2799 5110 2934 5163 ἐστι·
2979 5108 3326 5180 πνευματικὴ
3373 5109 3479 5179 γάρ
3527 5106 3695 5175 αὕτη.

2139 5206 2299 5267 Ἀλλᾶ
2356 5206 2453 5277 τὴν
2509 5204 2604 5258 τοῦ
2652 5203 2904 5274 σώματος
2966 5204 3197 5270 ἄσκησιν
3244 5201 3521 5272 σημαίνει,
3573 5201 3698 5269 ἥτις

2127 5299 2323 5361 πόνους
2349 5297 2547 5367 ἔχουσα
2575 5295 2823 5360 πολλοὺς,
2883 5294 3062 5364 ὀλίγον
3096 5291 3346 5363 ὠφέλησε
3402 5290 3463 5344 τδ
3513 5290 3692 5361 σῶμα,

2130 5391 2224 5444 καὶ
2253 5390 2385 5461 πρὸς
2406 5389 2617 5461 καιρόν.

2211 5481 2272 5534 Ἠ
2297 5478 2364 5533 δὲ
2408 5478 2681 5534 εὐσέϐεια
2734 5478 2881 5547 πρὸς
2932 5476 3125 5532 πάντα
3166 5474 3462 5547 ὠφέλιμός
3500 5474 3669 5529 ἐστιν

2132 5573 2494 5642 ἐπαγγελίαν
2530 5572 2760 5641 ἔχουσα
2793 5570 2941 5641 ζωῆς
2970 5569 3080 5640 τῆς
3107 5570 3222 5625 νῦν
3272 5569 3366 5624 καί
3396 5567 3505 5638 τῆς
3548 5568 3682 5638 μελε

1780 5750 1990 5812 Varito
2021 5750 2347 5813 lectiones.

535 5874 603 5907 ⁸³⁸
635 5874 930 5945 ἀναφύοιτο
963 5873 1183 5929 τοσοῦτο
1204 5876 1315 5938 τοῖς
1347 5875 1581 5939 πολλοῖς.

1662 5877 1707 5909 ³⁵
1746 5875 1972 5947 ἱδρῶτος
2004 5876 2125 5948 ἄχρι
2152 5896 2205 5936 o.
