3990 6578
295 421 361 486 Π
1050 431 1458 497 EXPOSITIO
1476 438 1561 497 IN
1603 438 1840 500 EPIST.

1994 440 2045 499 D
2066 439 2380 500 ἸῚΜΟΊῊ.
2413 465 2479 476 -
2511 440 2671 501 CAP.
2712 441 2813 502 IV.
3494 439 3564 501 58

295 535 552 603 λούσης.
584 534 875 603 Ἐνταῦθα,
905 542 1093 611 φησιν,
1134 543 1442 600 ἀνακτᾶται
1467 548 1560 601 τὸν
1587 547 1877 620 ἄνθρωπον

1987 548 2259 604 hominem
2318 550 2406 604 hlc
2432 549 2629 605 reiicit.
2676 549 2780 613 Qui
2835 547 2981 603 enim
3031 547 3236 601 nullius
3286 545 3411 601 mali
3457 530 3561 602 sil.i

297 630 332 700 ἡ
362 629 638 684 εὐσέϐεια.
679 632 738 685 Ὀ
755 633 864 701 γὰρ
896 635 1062 704 μηδὲν
1092 637 1273 707 ἐαυτῷ
1329 639 1588 704 συνειδὼς
1619 643 1876 714 πονηρὸν,

298 721 393 776 καὶ
432 723 672 777 ἐνταῦθα
713 727 995 792 γάννυται,
1043 728 1144 792 τὰς
1183 729 1526 799 ἀπαγγελίας
1577 731 1689 784 τῶν
1753 733 1882 802 μελ-

297 813 500 867 λόντων
529 814 756 885 ἀγαθῶν
783 816 1010 886 βεϐαίας
1059 819 1221 890 ἔχων,
1254 823 1347 874 καὶ
1375 824 1492 876 ἐκεῖ
1514 823 1570 876 δὲ
1592 822 1691 894 τὴν
1707 823 1881 896 ἀληθῆ

299 907 446 975 ζωὴν
473 906 565 976 ζῇ.
597 908 738 961 Ἀπὸ
770 912 1113 981 συγκρίσεως
1171 913 1229 967 δέ
1275 913 1519 968 δείκνυσι
1567 915 1668 987 τὴν
1712 916 1883 986 ὑπερ-

297 996 429 1067 οχὴν
451 999 554 1069 τῆς
583 1000 890 1064 εὐσεϐείας.

369 1092 600 1157 Πιστὸς
623 1095 884 1163 addrec,
942 1096 1042 1148 καὶ
1088 1097 1295 1165 πάσης
1346 1099 1656 1170 ἀποδοχῆς
1691 1103 1879 1171 ἄξιος.

299 1181 587 1245 τουτέστι,
608 1183 818 1253 ἀληθὴς
857 1187 954 1238 καὶ
976 1186 1125 1253 ἄξιος
1168 1188 1574 1258 εὐπαράδεκτος
1602 1187 1740 1245 εἶναι
1776 1195 1883 1245 πᾶ-

300 1291 407 1338 σιν,
436 1275 516 1338 ὡς
551 1277 943 1347 ἀναμιρίεολος.
976 1280 1132 1343 Ποῖος
1158 1280 1318 1348 λόγος
1350 1300 1365 1348 ;
1397 1282 1478 1335 ὃτι
1517 1283 1613 1337 καὶ
1651 1285 1884 1339 ἐνταῦθα

296 1366 392 1419 καὶ
421 1367 545 1420 ἐκεῖ
575 1368 610 1438 ἠ
642 1369 893 1422 εὐσέϐεια
922 1370 1145 1438 ὠφελεῖ.
1198 1373 1482 1442 Πανταχοῦ
1506 1374 1563 1428 δὲ
1596 1375 1693 1442 τῆς
1727 1376 1882 1430 Ἐπι-

297 1458 494 1523 στολῆς
522 1460 686 1514 τοῦτο
735 1462 956 1529 ἐπάγει,
1008 1465 1104 1516 καὶ
1164 1464 1226 1515 οὐ
1278 1464 1449 1518 δεῖται
1505 1467 1880 1536 κατασκευῆς,

295 1551 410 1604 ἀλλ’
436 1554 835 1623 ἀποφαίνεταιο
867 1555 1002 1625 πρὸς
1055 1555 1166 1627 γὰρ
1200 1557 1467 1627 Τιμόθεον
1510 1553 1579 1629 ἦν
1644 1560 1673 1612 ὁ
1724 1558 1884 1629 λόγος

292 1642 466 1712 αὐτῷ.

365 1734 472 1796 Εἰς
499 1733 678 1786 τοῦτο
712 1734 821 1803 γὰρ
863 1736 962 1790 καὶ
1008 1737 1310 1808 κοπιῶμεν
1337 1741 1433 1793 καὶ
1462 1740 1883 1810 ὀνειδιζόμεθα,

293 1824 385 1878 ὅτι
405 1827 755 1897 ἠλπίκαμεν
777 1829 876 1881 ἐπὶ
908 1829 1030 1893 Θεῷ
1063 1829 1248 1890 ζῶντι.
1316 1832 1569 1885 Δείκνυσι
1614 1836 1703 1897 τίς
1724 1836 1757 1904 ἡ
1790 1835 1878 1887 εὐ-

1986 641 2245 697 conscius
2268 653 2374 707 est,
2421 643 2476 697 in
2508 643 2611 697 hoc
2646 656 2761 696 aevo
2803 640 3132 701 delectatur,
3176 637 3567 708 promissiones

1984 728 2296 785 futurorum
2353 730 2620 786 bonorum
2669 729 2855 785 ﬁrmas
2908 729 3166 793 habens;
3216 727 3329 781 illic
3379 735 3562 780 autem

1984 838 2169 878 veram
2204 822 2371 877 vitam
2405 823 2561 878 vivit.
2599 822 2648 878 Α
2689 823 3104 894 comparatione
3130 830 3313 877 autem
3345 820 3563 891 pietatis

1983 915 2362 971 excellentiam
2398 925 2820 971 commonstrat.

2057 1098 2224 1155 Vens.
2249 1098 2303 1154 9.
2335 1098 2541 1154 Fidelis
2568 1116 2762 1165 sermo,
2779 1113 2832 1155 et
2852 1099 2997 1154 omni
3021 1097 3320 1166 acceptione
3348 1094 3561 1167 dignus.

1986 1192 2100 1248 Hoc
2126 1200 2232 1256 est,
2258 1206 2439 1256 verus,
2474 1202 2529 1246 ct
2560 1193 2760 1263 dignus
2793 1200 2878 1247 est
2898 1191 2991 1261 qui
3020 1190 3322 1260 accipiatur
3344 1190 3412 1244 ab
3445 1203 3561 1242 om-

1986 1286 2168 1349 nibus,
2201 1284 2493 1353 utpotequi
2519 1284 2590 1339 sit
2623 1284 2846 1339 minime
2879 1284 3103 1339 dubius.
3124 1274 3563 1348 Qualis'sermo?

1984 1378 2129 1446 quod
2160 1385 2213 1431 et
2242 1376 2327 1429 hic
2345 1376 2528 1431 etillic
2542 1374 2717 1444 pietas
2750 1374 2901 1431 utilis
2924 1374 3023 1430 sit.
3053 1373 3158 1427 Per
3174 1382 3341 1428 totam
3378 1381 3557 1426 autem

1985 1463 2287 1533 Epistulam
2317 1464 2421 1518 hoc
2453 1464 2639 1528 inl'ert,
2682 1478 2785 1518 nec
2821 1478 2958 1531 opus
2988 1461 3152 1517 habet
3188 1460 3558 1515 conﬁrmatio-

1985 1573 2074 1620 ne,
2120 1557 2215 1611 sed
2269 1557 2515 1611 enuntiat
2553 1570 2570 1609 :
2617 1553 2684 1610 ad
2717 1553 3064 1610 Timotheum
3103 1552 3247 1607 enim
3280 1552 3332 1606 ei
3379 1565 3561 1606 sermo

1984 1657 2123 1702 erat.

2056 1740 2218 1794 Vens.
2250 1739 2335 1793 10.
2366 1738 2429 1794 In
2459 1737 2557 1792 hoc
2579 1739 2717 1793 enim
2742 1746 2793 1793 et
2827 1736 3160 1801 laboramus,
3191 1743 3243 1790 et
3289 1733 3562 1788 maledici-

1984 1847 2123 1891 mur.
2142 1833 2268 1901 quia
2296 1847 2570 1901 speramus
2601 1832 2653 1885 in
2689 1830 2795 1895 Deo
2814 1832 3033 1887 vivente.
3056 1828 3307 1884 Ostendit
3338 1841 3460 1897 qua:
3491 1826 3562 1880 sit

293 1920 504 1981 σέϐεια,
538 1922 732 1974 καῖὃτι
763 1922 830 1991 ἢν
857 1923 1011 1975 αὐτοὶ
1046 1923 1096 1977 οἱ
1154 1924 1443 1978 ἀπόστολοι
1476 1926 1832 1996 μετέρχονται
1862 1945 1875 1957 ⁸

1987 1926 2179 2003 pietati,
2233 1940 2393 1994 quam
2466 1926 2564 1993 ipsi
2638 1925 2898 1978 nimirum
2946 1922 3179 1992 apostoli
3219 1928 3514 1976 exerceant
3545 1935 3567 1973 ι

291 2012 390 2064 καὶ
421 2015 828 2078 κατασκευάζει
851 2015 965 2077 πῶς
996 2019 1095 2083 τῆς
1120 2016 1423 2085 μελλούσης
1450 2017 1595 2088 ζωῆς
1612 2018 1709 2082 τὰς
1730 2020 1878 2072 ἐλπί-

289 2104 388 2166 δας
415 2104 554 2173 ἔχει,
597 2106 691 2159 καί
717 2123 909 2174 φησιν,
933 2105 1037 2174 Εἰς
1063 2108 1262 2173 τοῦτο,
1290 2108 1412 2161 ἀντὶ
1435 2110 1552 2173 τοῦ,
1585 2110 1672 2163 διὰ
1694 2110 1874 2176 τοῦτο,

290 2198 389 2251 καὶ
421 2198 727 2268 κοπιῶμεν
755 2200 853 2253 καὶ
892 2197 1316 2269 ὀνειδιζόμεθα.
1345 2202 1503 2266 Τίνος
1551 2202 1660 2272 γὰρ
1689 2202 1877 2257 ἕνεκεν

290 2290 786 2362 κατακοπτόμεθα,
845 2292 894 2344 εί
933 2291 1007 2362 μὴ
1038 2292 1106 2345 τὰ
1140 2293 1402 2362 μέλλοντα
1432 2294 1874 2366 προσεδοκῶμεν,

288 2380 327 2437 ἃ
347 2381 514 2436 δώσει
543 2383 684 2453 μετὰ
712 2383 804 2437 τὸν
825 2385 1051 2438 θάνατον
1071 2387 1205 2455 ἡμῖν
1223 2387 1252 2438 δ
1277 2386 1387 2448 ζῶν
1403 2387 1537 2450 Θεός
1563 2404 1578 2453 ;
1606 2387 1875 2442 Ἐνταῦθα

294 2473 395 2544 μὲν
421 2475 537 2545 γὰρ
574 2476 836 2540 πολλάκις
867 2477 1201 2549 στρατιῶται
1265 2478 1534 2548 βασιλέως
1583 2480 1876 2550 προκινδυο

298 2568 598 2632 νεύσαντες
627 2568 920 2622 ἀπόλλουσι
941 2570 1044 2633 τὰς
1065 2570 1321 2639 ἀμοιϐὰς,
1356 2572 1728 2632 ἀποθανόντος
1779 2589 1879 2641 με-

292 2654 428 2717 ταξύ
457 2654 674 2708 ἐκείνου
700 2672 717 2688 ·
740 2654 899 2728 ἡμῶν
920 2656 977 2710 δέ
1004 2658 1033 2710 ὁ
1058 2657 1322 2722 Βασιλεὺς
1366 2660 1433 2730 ζῇ
1462 2660 1570 2724 ἀεὶ,
1600 2660 1742 2715 ὥστε
1778 2663 1876 2716 καὶ

292 2745 381 2800 ἀεὶ
402 2746 648 2804 δίδωσιν.

366 2837 476 2903 '04,-
511 2839 646 2893 ἐστι
698 2842 904 2911 Σωτὴρ
952 2842 1197 2898 πάντων
1231 2845 1580 2915 ἀνθρώπων,
1607 2846 1878 2917 μάλιστα

291 2924 548 2981 πιστῶν.
576 2931 857 2997 Τουτέστι,
912 2934 1126 2997 πάντας
1173 2936 1317 2991 θέλει
1351 2939 1589 3010 σωθῆναι
1631 2939 1729 2993 καὶ
1789 2942 1876 2994 ἐν·

294 3016 476 3074 ταύθα
504 3022 603 3075 καὶ
630 3024 748 3077 ἐκεῖ
775 3038 791 3053 ·
819 3026 1044 3080 πλείονα
1071 3028 1130 3082 δὲ
1159 3031 1398 3103 σπουδὴν
1464 3031 1704 3087 ἐνταῦθα
1745 3033 1877 3103 περὶ

295 3110 427 3174 τούς
450 3115 680 3179 πιστοὺς
712 3116 923 3173 τίθεται
952 3119 1042 3174 ³⁸⁵.
1072 3120 1137 3174 El
1175 3120 1250 3191 μὴ
1274 3122 1384 3194 γὰρ
1433 3123 1600 3187 αὐτὸς
1650 3124 1879 3189 τούτους

297 3200 500 3267 ἔσωσε,
539 3202 658 3268 πῶς
681 3205 748 3260 ἂν
775 3207 1036 3279 ἀντέσχον
1065 3211 1172 3265 ὐπὸ
1193 3212 1413 3267 πάντων
1439 3212 1568 3267 πολε
1579 3214 1874 3285 μούμενοι;

295 3292 397 3347 Διὰ
431 3293 490 3347 δὲ
538 3295 745 3350 τούτων
798 3302 1064 3372 παρορμᾷ
1118 3302 1212 3356 τὸν
1269 3303 1537 3375 Τιμόθεον
1570 3306 1712 3377 πρὸς
1758 3308 1882 3370 τοὺς

296 3386 604 3452 κινδύνους.
655 3392 746 3462 Μὴ
780 3395 893 3462 γὰρ
948 3396 1167 3462 ἐκλύου,
1221 3398 1378 3466 φησι,
1444 3398 1691 3452 τοιοῦτον
1743 3400 1883 3470 ἔχων

294 3478 453 3543 Θεὸν,
505 3481 642 3550 μηδὲ
675 3482 775 3553 τὴν
833 3488 966 3554 παρ’
987 3488 1191 3557 ἐτέρων
1224 3489 1546 3559 συμμαχίαν
1598 3490 1880 3557 ἐπικαλοῦ,

295 3567 417 3624 ἀλλ’
440 3571 630 3639 ἐλπιζε
660 3573 750 3628 ἐπ’
776 3577 1006 3632 ἐκεῖνον*
1039 3578 1104 3650 ζῇ
1135 3579 1268 3650 γὰρ,
1296 3580 1389 3635 καὶ
1413 3581 1609 3653 Σωτήρ
1636 3582 1776 3637 ἐστι.

367 3763 760 3833 Παράγγελλε
786 3762 974 3818 ταῦτα
1023 3762 1124 3819 καί
1170 3763 1445 3821 δίδασκε.
1484 3765 1606 3821 Τῶν
1630 3768 1887 3839 πραγμά-

297 3869 429 3920 των,
451 3854 525 3907 τὰ
565 3855 665 3924 μὲν
685 3854 1034 3920 διδασκαλίας
1092 3856 1294 3920 δεῖται,
1357 3859 1423 3911 τα
1479 3859 1558 3923 δὲ,
1591 3861 1880 3929 ἐπιταγῆς.

300 3944 449 4013 Οἷον,
480 3946 740 4017 περὶτοῦ
790 3948 1083 4017 ἁρπάζειν,
1158 3949 1218 4001 οὐ
1251 3947 1524 4003 διδάσκειν
1585 3951 1715 4021 χρὴ,
1766 3951 1881 4009 ἀλλ’

302 4041 642 4107 ἐπιτάττειν,
697 4042 969 4106 τουτέστι,
1056 4040 1197 4113 μετὰ
1256 4041 1503 4103 πλείονος
1566 4042 1883 4107 αύθεντείας

302 4132 691 4204 ἀπαγορεύειν·
725 4135 854 4205 περὶ
881 4134 1061 4203 μέντοι
1088 4133 1182 4187 τοῦ
1211 4132 1282 4187 τὰ
1309 4134 1625 4204 ὑπάρχοντα
1664 4136 1879 4202 κενοῦν,

299 4224 333 4296 ἢ
372 4226 501 4295 περὶ
531 4224 625 4279 τοῦ
656 4225 1035 4297 παρθενεύειν,
1077 4226 1115 4294 ἢ
1152 4225 1245 4279 τού
1281 4226 1400 4288 πῶς
1437 4227 1521 4281 δεῖ
1574 4228 1878 4293 πιστεύειν,

303 4315 536 4370 ἐνταῦθα
579 4315 934 4377 διδασκαλίας
981 4316 1162 4386 χρεία.
1226 4317 1325 4369 Διά
1371 4316 1531 4370 τοῦτο
1593 4318 1881 4389 ἀμφότερα

299 4406 515 4477 τίθησιν
543 4411 573 4462 δ
603 4407 921 4471 ’Δπὸστολος
944 4410 988 4441 ⁸⁸
1016 4426 1028 4439 ·
1066 4409 1449 4479 Παράγγελλε
1478 4409 1577 4463 καί
1609 4410 1878 4465 δίδασκε.

303 4501 411 4553 Καὶ
444 4499 642 4567 ἄλλως,
676 4500 808 4553 ὅταν
835 4500 933 4570 μὲν
960 4500 1159 4563 εἰδότες
1183 4518 1235 4554 τι
1285 4501 1521 4571 πονηρὸν
1544 4500 1707 4563 εἶναι,
1730 4502 1877 4571 ὅμως

1979 2028 2029 2071 et
2059 2018 2351 2071 conﬁrmat
2398 2016 2677 2086 quomodo
2712 2015 2912 2070 luturze
2957 2015 3083 2068 vitae
3129 2028 3283 2083 spem
3342 2012 3560 2077 habeat,

1978 2107 2254 2178 inquiens,
2296 2108 2357 2162 In
2388 2108 2506 2173 ltoc,
2548 2107 2600 2162 id
2634 2116 2741 2173 est,
2780 2115 3003 2175 prepter
3027 2106 3158 2170 huc,
3187 2120 3304 2159 cum
3337 2101 3560 2156 labora-

1984 2218 2127 2266 mus,
2181 2210 2292 2254 tum
2345 2200 2667 2255 contumelia
2718 2200 2973 2270 aﬂicimur
3009 2208 3067 2254 et
3113 2195 3376 2253 conviciis
3423 2194 3564 2265 peti-

1979 2308 2127 2346 mur.
2161 2294 2335 2359 Quam
2359 2294 2503 2345 enim
2542 2292 2613 2346 ob
2646 2306 2870 2346 causam
2912 2290 3198 2353 etedimur,
3232 2287 3340 2343 nisi
3376 2287 3560 2341 futura

1977 2399 2449 2456 exspectaremus,
2470 2401 2591 2456 quae
2609 2385 2759 2438 dabit
2783 2391 2904 2452 post
2926 2390 3154 2438 mortem
3183 2379 3342 2435 nobis
3370 2378 3562 2434 vivens

1982 2476 2165 2532 Deus?
2195 2475 2292 2531 llic
2331 2478 2476 2531 enim
2523 2489 2898 2545 saepenumero
2934 2474 3159 2536 milites,
3199 2471 3291 2540 qui
3322 2484 3421 2539 pro
3452 2469 3560 2523 im-

1978 2578 2231 2638 peratore
2273 2563 2513 2638 pericula
2569 2568 2810 2634 subiere,
2875 2567 2970 2619 illo
3022 2563 3241 2619 interim
3299 2562 3558 2618 defuncto

1979 2660 2288 2715 mercedem
2320 2662 2583 2714 amittunt
2614 2677 2630 2714 :
2663 2669 2851 2714 noster
2880 2666 3062 2711 autem
3098 2655 3209 2711 lies
3241 2664 3459 2723 semper
3482 2651 3562 2706 vi-

1977 2754 2056 2808 vit
2086 2771 2103 2808 :
2138 2754 2322 2818 itaque
2350 2762 2404 2807 et
2443 2766 2663 2822 semper
2705 2751 2821 2805 dat.

2049 2844 2156 2911 Qui
2184 2854 2262 2899 est
2298 2844 2551 2899 Servator
2575 2844 2809 2897 omnium
2839 2841 3135 2905 hominum,
3166 2838 3394 2893 maxime
3423 2836 3555 2906 ﬁde-

1980 2936 2131 2991 lium.
2155 2934 2270 2990 Hoc
2291 2942 2396 2999 est,
2412 2950 2606 2990 omnes
2625 2935 2843 3003 quidem
2870 2933 2987 2987 vult
3011 2932 3191 2987 salvos
3223 2930 3361 2992 ﬁcri,
3391 2936 3447 2983 et
3472 2927 3564 2984 hic

1979 3036 2034 3083 et
2064 3028 2225 3083 illic:
2278 3027 2539 3093 majorem
2593 3036 2778 3090 autem
2827 3039 3016 3079 curam
3070 3022 3158 3078 hie
3199 3022 3346 3077 circa
3377 3020 3563 3076 ﬁdeles

1978 3121 2218 3176 ostendit
2245 3138 2259 3175 :
2292 3120 2399 3176 nisi
2419 3120 2564 3173 enim
2596 3118 2716 3188 ipse
2750 3118 2852 3172 hos
2884 3121 3156 3178 servaret,
3186 3114 3462 3185 quomodo
3493 3111 3562 3167 ab

1987 3213 2246 3267 omnibus
2291 3211 2586 3282 oppugnati
2621 3211 2964 3265 sustinerent
3002 3208 3025 3261 ?
3058 3206 3160 3262 Per
3220 3206 3335 3260 haec
3381 3211 3561 3258 autem

1989 3304 2180 3358 incitat
2209 3301 2557 3356 Timmheum
2599 3302 2665 3355 ad
2699 3301 2942 3371 pericula
2975 3297 3279 3354 toleranda.
3316 3295 3395 3351 Ne
3417 3294 3563 3350 enim

1986 3393 2234 3460 deﬁcias,
2267 3394 2468 3464 inquit,
2518 3408 2644 3448 cum
2686 3394 2846 3447 talem
2885 3390 3090 3446 habeas
3145 3388 3335 3452 Deum,
3388 3400 3566 3455 neque

1988 3487 2060 3541 ab
2089 3488 2211 3542 aliis
2239 3487 2503 3541 auxilium
2536 3485 2699 3559 5⁸14¹
2739 3486 2970 3554 implora
3006 3485 3060 3538 in
3095 3482 3418 3544 aﬁlictione,
3467 3478 3563 3534 sed

1985 3579 2133 3635 enim
2198 3593 2356 3649 spera
2418 3579 2474 3633 in
2529 3580 2727 3632 illum:
2780 3578 2914 3632 vivit
2968 3576 3141 3642 enim,
3192 3583 3250 3628 et
3302 3571 3561 3627 Servatur

1983 3681 2091 3730 est.

1948 3750 1973 3771 ‘
2059 3759 2221 3818 Vens.
2255 3762 2341 3817 Η.
2384 3760 2623 3830 Ριάεἱρσ
2646 3760 2758 3814 lure
2795 3768 2844 3815 et
2871 3759 3020 3814 doce.
3050 3756 3162 3813 Res
3193 3757 3311 3811 alia:
3342 3755 3561 3827 quidem

1983 3856 2238 3912 doctrina
2273 3855 2564 3927 indigent,
2604 3855 2734 3909 alia:
2780 3869 2911 3909 vero
2957 3851 3214 3909 mandato
3243 3850 3466 3906 :‘veluti
3495 3848 3565 3905 de

1985 3950 2178 4020 rapina
2215 3965 2324 4004 non
2355 3949 2578 4013 docere,
2610 3949 2704 4004 sed
2732 3948 3031 4019 praecipere
3059 3956 3292 4018 Oportet,
3329 3944 3431 3998 hoc
3457 3949 3564 4009 est,

1983 4056 2110 4095 cum
2158 4040 2352 4112 majori
2387 4043 2714 4096 auctoritate
2745 4040 3057 4111 prohibere.
3106 4038 3183 4094 De
3241 4036 3563 4091 facultatum

1983 4148 2113 4189 vero
2168 4135 2220 4188 in
2286 4144 2553 4205 pauperes
2616 4134 3027 4198 distributione,
3098 4130 3168 4186 de
3232 4126 3565 4198 virginitatis

1983 4233 2154 4292 statu,
2211 4226 2297 4282 vel
2337 4228 2614 4297 quomodo
2663 4225 3001 4293 credendum
3046 4224 3141 4289 sit,
3175 4223 3265 4277 hic
3316 4222 3565 4276 doctrina

1982 4336 2121 4391 opus
2176 4328 2281 4376 est.
2347 4319 2640 4389 Propterea
2701 4327 2935 4389 utraque
2992 4317 3145 4386 ponit
3210 4313 3506 4384 Apostolus
3541 4350 3557 4375 ,

1984 4410 2215 4478 Prtecipe
2241 4427 2303 4464 ac
2332 4409 2477 4469 doce.
2516 4410 2593 4463 Ad
2637 4410 2773 4473 lucc,
2807 4407 3028 4477 quando
3060 4405 3315 4459 novimus
3336 4400 3560 4471 quidem

1984 4503 2187 4572 aliquid
2226 4518 2347 4557 esse
2383 4504 2609 4566 malum,
2640 4516 2705 4555 ac
2736 4499 3096 4553 nihilominus
3124 4498 3257 4550 illud
3288 4507 3566 4568 perpetra-

304 4592 632 4663 πράττωμεν
695 4592 849 4657 αὐτὸ,
903 4593 1285 4662 παραγγελίας
1350 4594 1583 4664 δεόμεθα
1611 4596 1713 4627 ³⁸⁵·
1746 4596 1874 4650 ὅταν

1987 4608 2124 4657 mus,
2153 4603 2424 4662 praecepto
2448 4608 2586 4664 opus
2612 4600 2691 4647 est
2712 4610 2726 4647 :
2750 4590 2975 4662 quando
3005 4604 3135 4644 vero
3159 4605 3268 4644 non
3288 4592 3561 4654 novimus,

299 4681 355 4736 δὲ
381 4682 457 4752 μὴ
479 4681 701 4746 είδσὶτες,
730 4681 1097 4742 διδασκαλίας.

369 4771 597 4841 Μηδείς
619 4771 864 4841 σου,τῆς
877 4774 1163 4841 νεότητος
1182 4784 1640 4844 καταφρονείτω.
1658 4777 1879 4846 Ἐπειδὴ

301 4866 333 4934 ἡ
366 4866 522 4935 κοινὴ
547 4864 816 4936 πρόληψις
837 4863 1316 4936 εὐκαταφρόνητον
1371 4869 1609 4939 πρᾶγμα
1662 4870 1880 4938 ἡγεῖται

300 4958 398 5026 τὴν
422 4956 677 5026 νεότητα,
738 4955 925 5025 φησιν,
978 4953 1456 5026 Δύθεντικώτερον
1507 4957 1876 5026 παράγγελλε,

302 5050 392 5102 καὶ
420 5048 616 5120 μηδείς
638 5065 731 5102 σου
765 5048 1203 5118 καταφρονείτω,
1241 5048 1325 5102 δεῖ
1355 5049 1463 5121 γὰρ
1519 5050 1615 5104 καὶ
1669 5051 1881 5104 ἀκαταο

302 5144 569 5211 φρόνητον
608 5140 750 5194 εἶναι
779 5141 872 5194 τὸν
896 5141 1235 5197 διδάσκαλον.
1269 5141 1380 5196 Ποῦ
1425 5141 1519 5196 οὖν
1552 5144 1615 5197 τὸ
1665 5144 1881 5215 πρᾶον;

303 5233 430 5287 ἔνθα
457 5233 559 5303 μὲν
584 5232 686 5297 τὰς
708 5234 788 5297 εἰς
811 5233 973 5287 αὐτὸν
1002 5233 1189 5305 ὐϐρεις
1240 5235 1526 5306 ἐκδικῆσαι
1567 5235 1667 5302 δεῖ,
1705 5238 1881 5307 πρᾶος

302 5323 438 5377 ἔστω
458 5341 472 5355 ο
495 5322 628 5377 ἔνθα
662 5322 721 5377 δὲ
763 5323 906 5392 ὑπὲρ
937 5325 1212 5395 σωτηρίας
1237 5325 1417 5380 ἄλλων
1444 5324 1748 5397 αὐστηρίας
1775 5328 1879 5393 δεῖ,

306 5414 438 5482 μετὰ
464 5414 781 5485 παρρησίας
808 5415 1163 5469 ἐπιταττέτω.
1196 5417 1267 5469 Ἦ
1287 5417 1369 5470 ὅτι
1388 5417 1511 5470 Βίον
1532 5417 1879 5472 ἐπιδείκνυσο

301 5506 543 5575 κόσμιον,
592 5509 688 5561 καὶ
726 5508 789 5561 οὐ
843 5508 1390 5581 καταφρονηθήσεται
1451 5527 1545 5565 σου
1600 5511 1882 5582 ήνεότης,

1982 4683 2354 4739 institutione.

2055 4776 2223 4832 Vsus.
2252 4777 2342 4832 l2.
2378 4774 2546 4831 Nemo
2593 4775 3011 4831 adolescentiam
3059 4785 3205 4829 luant
3245 4784 3560 4829 contemnat.

1984 4869 2123 4934 Quia
2148 4872 2458 4925 communis
2504 4870 2691 4938 opinio
2731 4869 3198 4939 contemptibilem
3237 4882 3349 4921 rem
3406 4877 3562 4937 putat

1983 4964 2429 5026 adolescentiam,
2466 4960 2725 5032 Praecipe,
2766 4962 2962 5030 inquit,
2993 4961 3185 5029 majori
3212 4974 3338 5013 cum
3369 4971 3562 5013 aucto-

1984 5058 2164 5121 ritate,
2206 5072 2270 5111 ac
2302 5071 2465 5112 nemo
2503 5062 2557 5111 te
2598 5064 2917 5111 contemnat
2956 5074 2970 5108 :
3031 5062 3247 5122 oportet
3276 5053 3420 5107 enim
3452 5067 3561 5107 non

1986 5147 2452 5217 contemptibilem
2481 5162 2604 5203 esse
2634 5155 3048 5219 praeceptorem.
3090 5143 3188 5199 Ubi
3223 5145 3563 5214 igitnrmau-

1986 5239 2221 5295 suetudo
2248 5240 2273 5294 Ἰ
2314 5240 2405 5295 ubi
2434 5238 2683 5308 injurias,
2717 5240 2916 5309 quibus
2945 5238 3062 5306 ipse
3093 5237 3344 5298 allicitur,
3366 5234 3559 5289 uicisci

1983 5338 2251 5401 oporteat,
2281 5340 2605 5389 mansuetus
2636 5344 2754 5387 esto
2785 5348 2801 5386 :
2832 5332 2923 5385 ubi
2959 5343 3087 5383 vero
3110 5328 3341 5380 aliorum
3369 5325 3561 5383 salutis

1941 5424 2156 5508 ‘gratia
2191 5439 2331 5493 opus
2372 5433 2457 5479 est
2491 5424 2832 5487 austeritate,
2884 5436 3006 5474 cum
3063 5419 3262 5474 ﬁducia
3308 5419 3558 5491 imperet.

1988 5514 2106 5581 Vel,
2133 5514 2307 5571 Vitam
2338 5515 2565 5574 ostende
2588 5517 2967 5583 honestam,et
2986 5528 3093 5569 non
3127 5514 3307 5571 veniet
3338 5513 3393 5567 in
3426 5527 3559 5568 con-

1652 5733 1852 5797 Variac
1875 5732 2207 5799 lectiones.

373 5872 438 5905 “'
475 5874 814 5932 ἐνδείκνυται
844 5894 895 5935 u.
974 5879 1020 5913 ³⁸
1052 5877 1262 5945 Παῦλος
1289 5898 1341 5939 0.
1420 5882 1484 5914 “'
1515 5883 1596 5936 δεῖ
1631 5901 1686 5939 u.
