3990 6546
451 390 526 455 63
1354 395 1455 456 ΤΗ
1465 394 1929 456 EOPIIYLACTI
1970 392 2382 455 BULGARl/E
2421 393 2781 455 ARCHIEP.
3627 387 3697 453 64

453 501 651 555 habeat
683 508 1016 569 curatorem,
1040 517 1150 558 non
1185 502 1376 566 illium,
1400 518 1506 557 non
1528 512 1801 571 nepotem,
1833 516 2019 559 verum

2151 517 2237 567 ιον,
2290 502 2406 555 ἀλλ’
2463 504 2555 556 ἐπὶ
2610 506 2771 573 μόνον
2821 504 2912 558 τὸν
2939 502 3071 558 Θεὸν
3104 504 3399 566 ἐλπίζουσα
3436 519 3447 530 ·

458 592 512 645 in
534 591 708 645 solum
742 593 906 646 Deum
936 603 1115 663 sperat
1146 612 1162 651 :
1209 609 1330 664 qua:
1368 608 1501 649 sane
1551 596 1759 649 honore
1812 602 1895 648 cst
1922 593 2032 648 am-

457 683 672 742 cienda.
708 692 760 736 et
779 685 1151 740 misericordia
1175 687 1446 757 dignanda
1478 685 1531 741 in
1551 686 1697 742 omni
1721 686 2035 756 suppedita-

457 773 606 827 tioue
639 775 1071 829 necessariarum
1112 790 1320 831 rerum.

529 865 607 917 Ac
639 876 930 935 perseverat
973 868 1026 921 in
1068 868 1460 933 precationibus
1491 878 1541 922 et
1584 867 2033 923 obsecrationibus

461 965 610 1010 nocte
648 967 694 1010 et
744 958 848 1013 die.
888 957 1057 1027 quue
1096 975 1203 1014 non
1250 960 1526 1017 immerito
1570 976 1585 1016 :
1623 962 1830 1016 nullum
1887 961 2031 1016 enim

462 1044 628 1099 alium
657 1046 884 1113 habens,
918 1048 984 1102 ad
1018 1048 1185 1103 Deum
1222 1050 1481 1121 contingit.
1513 1050 1650 1107 Cum
1684 1062 1862 1106 autem
1892 1052 2033 1105 veri-

460 1135 636 1190 simile
661 1147 805 1190 esset
843 1153 938 1195 eas
981 1140 1320 1204 contristari,
1367 1151 1425 1195 ut
1458 1158 1579 1211 quae
1605 1143 1829 1197 omnino
1854 1150 2035 1197 tutore

461 1237 516 1281 et
561 1229 790 1297 praeside
822 1240 1067 1295 careant,
1098 1234 1553 1290 consolatur‘eas
1603 1250 1696 1303 per
1738 1234 1841 1288 hoc
1887 1232 2032 1304 quod

464 1320 629 1375 Deum
647 1323 764 1377 vice
796 1323 1040 1378 omnium
1067 1324 1321 1382 habeant.
1343 1326 1604 1392 Quamvis
1620 1328 1765 1381 enim
1792 1328 1882 1381 illa
1914 1341 2036 1396 quae

462 1415 666 1470 liberos
708 1416 825 1482 alit,
867 1418 1171 1473 mercedem
1214 1420 1450 1490 recipit,
1483 1429 1539 1477 at
1570 1436 1697 1475 vero
1732 1428 1823 1476 tua
1854 1420 2038 1489 digiti-

463 1515 549 1560 tas
605 1522 711 1561 non
765 1515 849 1564 est
896 1510 1301 1578 imminuta,ex
1329 1526 1395 1567 eo
1461 1513 1608 1582 quod
1668 1513 1866 1571 liberos
1928 1529 2035 1570 non

467 1597 697 1652 habeas.

448 1764 458 1771 ν
538 1688 702 1743 \‘sns.
737 1688 791 1744 6.
818 1688 963 1744 Nam
991 1707 1108 1763 qua:
1141 1694 1195 1747 in
1220 1693 1425 1749 deliciis
1457 1704 1557 1758 est,
1583 1711 1751 1751 vivens
1782 1705 1862 1751 est
1891 1712 2036 1750 mor-

465 1790 579 1835 tua.
615 1782 753 1849 Quia
786 1798 894 1838 non
926 1800 1112 1853 paucae
1128 1784 1410 1842 viduitatis
1444 1796 1646 1842 statum
1676 1790 1901 1859 eligunt,
1928 1803 2036 1856 quo

465 1873 674 1940 majore
693 1888 817 1929 cum
859 1874 1112 1931 libertate
1147 1885 1311 1946 agant
1349 1894 1472 1947 quae
1527 1887 1681 1949 grata
1711 1892 1859 1943 sunt,
1901 1879 2034 1945 Qua:

467 1963 698 2027 deliciis,
730 1963 922 2034 inquit,
953 1964 1134 2020 dedita
1164 1975 1271 2029 est.
1313 1968 1527 2025 etiamsi
1574 1968 1828 2023 videatur
1856 1969 2038 2024 vivere

471 2056 783 2112 sensihilem
815 2056 957 2111 hanc
984 2058 1173 2120 vitam,
1211 2069 1423 2114 mortua
1444 2071 1621 2115 tamen
1650 2072 1735 2116 est
1759 2059 1917 2131 577
1950 2076 2035 2117 se-

467 2149 705 2204 cundum
744 2150 1023 2219 spiritum.
1051 2151 1145 2207 Sin
1174 2162 1355 2209 autent
1393 2155 1629 2219 mulieri,
1656 2156 1814 2223 cujus
1844 2164 2036 2209 natura

466 2256 699 2312 semper,
759 2252 924 2314 atque
968 2255 1099 2301 tetas
1130 2246 1293 2300 etiam
1335 2247 1871 2317 su‘peinlirmitatem
1904 2263 2040 2303 eun-

462 2334 706 2403 juncmn
739 2335 918 2401 habet,
952 2336 1183 2392 delicate
1216 2338 1401 2392 vivere
1440 2356 1545 2393 non
1579 2340 1864 2408 permittit,
1910 2340 2041 2409 quid

472 2426 574 2481 viri
606 2427 811 2491 dicent,
839 2429 930 2496 qui
965 2429 1018 2483 in
1057 2428 1269 2485 deliciis
1301 2431 1464 2486 vitam
1496 2440 1668 2501 agunt
1699 2430 1724 2483 ?

545 2517 710 2572 Vsus.
755 2520 804 2572 7.
838 2518 909 2573 Et
932 2519 1041 2574 Ιιαό
1068 2522 1314 2588 prwcipe,
1355 2532 1411 2576 ut
1446 2522 1553 2576 sint
1609 2521 2042 2592 inreprehensibi-

467 2607 561 2662 les.
606 2607 799 2664 Viden‘
854 2610 999 2680 quod
1033 2610 1174 2665 hanc
1206 2627 1319 2667 rem
1339 2628 1436 2667 seu
1473 2613 1644 2680 legem
1703 2629 1825 2668 esse
1865 2614 2043 2669 velit?

466 2699 582 2755 Non
617 2702 761 2756 enim
812 2702 1075 2757 voluntati
1136 2704 1400 2773 permittit
1463 2720 1570 2758 non
1624 2704 1893 2764 deliciuri.
1949 2705 2043 2761 sed

466 2794 632 2847 veluti
659 2801 941 2862 peccatum
1007 2796 1108 2850 hoc
1143 2794 1434 2865 prohibet:
1488 2811 1634 2860 nam,
1664 2798 1913 2867 principe,
1941 2797 2045 2854 hoc

466 2886 738 2958 signiﬁcat
771 2904 786 2941 :
829 2887 1049 2957 perinde
1075 2902 1137 2943 ac
1194 2889 1240 2944 si
1302 2887 1511 2944 diceret
1542 2905 1557 2942 :
1590 2887 1725 2945 Cum
1755 2891 2046 2949 severitate

467 2979 718 3045 prohibe,
748 2994 820 3033 ne
849 2979 978 3033 talia
1008 2987 1364 3035 attenteutur.

539 3068 705 3125 Vens.
733 3069 787 3127 8.
816 3068 876 3124 Si
902 3072 1022 3141 quis
1048 3079 1223 3125 autem
1261 3087 1500 3135 suorum,
1518 3081 1568 3127 et
1595 3073 1829 3128 maxime
1862 3072 2043 3129 dome-

467 3161 742 3227 sticorum,
771 3178 954 3215 curam
987 3179 1089 3242 non
1122 3163 1298 3218 habet.
1330 3164 1553 3220 Deliciis
1607 3165 1808 3232 dedita,
1840 3166 2038 3237 inquit,

3537 521 3565 554 ν
3620 504 3700 556 δεῖ

2133 517 2237 567 νον,
2290 503 2406 555 ἀλλ’
2463 504 2555 556 ἐπὶ
2610 506 2771 573 μόνον
2821 504 2912 558 τὸν
2939 503 3071 558 Θεὸν
3104 504 3399 566 ἐλπίζουσα
3436 519 3447 530 ·
3502 503 3565 571 ἢν
3620 504 3698 556 δεῖ

2133 594 2400 662 τιμᾶσθαι
2457 596 2552 648 καὶ
2608 595 2879 649 ἐλεεῖσθαι
2940 599 2999 649 ὲν
3071 596 3222 669 πάσῃ
3294 596 3527 666 χορηγίᾳ
3591 595 3698 649 τῶν

2134 682 2471 752 ἀναγκαίων.

2208 872 2319 927 Καὶ
2367 871 2695 941 προσμένει
2723 870 2853 936 ταῖς
2890 869 3142 938 δεήσεσι
3180 869 3276 924 καὶ
3331 869 3459 934 ταῖς
3512 882 3700 937 προσ-

2135 967 2342 1036 ευχαῖς
2378 968 2600 1034 νυκτὸς
2633 967 2731 1021 καὶ
2778 967 3017 1036 ἡμέρας.
3055 967 3315 1028 Εἰκότως.
3348 963 3568 1035 Μηδένα
3594 966 3703 1032 γὰρ

2135 1060 2295 1114 ἄλλον
2323 1059 2544 1130 ἔχουσα,
2591 1059 2733 1130 πρὸς
2764 1059 2858 1113 τὸν
2885 1059 3019 1113 Θεὸν
3073 1057 3435 1127 καταφεύγει.
3480 1057 3701 1126 Ἐπειδὴ

2135 1154 2191 1206 δὲ
2225 1153 2369 1217 εἰκὸς
2397 1148 2467 1224 ἦν
2497 1153 2666 1217 αὐτὰς
2691 1154 3002 1214 λυπεῖσθαι,
3039 1152 3113 1216 ὡς
3148 1152 3386 1206 πάνταΜ
3420 1151 3705 1221 ἀπροστα-

2133 1244 2381 1307 τεύτους,
2419 1244 2830 1315 παραμυθεῖται
2881 1245 3073 1309 αὐτὰς,
3134 1243 3211 1306 ὡς
3263 1243 3354 1296 τὸν
3406 1243 3539 1297 Θεὸν
3583 1241 3706 1296 ἀντὶ

2139 1335 2356 1390 πάντων
2394 1335 2645 1405 ἐχούσας.
2685 1338 2745 1389 Et
2773 1337 2880 1408 γὰρ
2910 1338 3000 1391 καὶ
3037 1337 3071 1408 ὴ
3117 1336 3553 1405 τεκνπροφοῦσα
3590 1332 3704 1404 ἔχει

2142 1426 2353 1496 μισθὸν,
2385 1426 2499 1480 ἀλλ’
2526 1428 2628 1481 οὐκ
2657 1406 2940 1500 ἠλαττώθη
2966 1406 3067 1481 καὶὴ
3087 1428 3169 1481 σοὶ
3192 1426 3252 1480 τὸ
3278 1425 3494 1497 ἀξίωμα
3521 1428 3585 1481 ὲκ
3606 1425 3701 1479 τοῦ

2136 1519 2304 1572 τέκνα
2337 1519 2411 1589 μὴ
2440 1518 2605 1590 ἔχειν.

2222 1703 2290 1756 Ἠ
2338 1700 2407 1756 δὲ
2456 1703 2854 1767 σπαταλῶσα,
2910 1703 3069 1766 ζῶσα
3120 1703 3428 1773 τέθνηκεν.
3480 1704 3703 1775 Ἐπειδὴ

2140 1794 2336 1850 πολλαὶ
2374 1796 2474 1865 τὴν
2515 1795 2745 1866 χηρείαν
2792 1796 3111 1869 αἱροῦνται.
3174 1798 3259 1852 ἵνα
3296 1797 3434 1867 μετὰ
3464 1796 3708 1859 πλείονος

2136 1888 2322 1951 ἀδείας
2353 1887 2638 1959 πράττωσι
2658 1890 2726 1943 τὰ
2776 1890 3021 1960 θυμήρη,
3071 1894 3236 1959 φησὶν
3264 1892 3347 1943 ὃτι
3395 1889 3458 1943 'll
3491 1907 3706 1944 σπαταο

2141 1978 2312 2043 λῶσα,
2338 1980 2444 2034 κᾶν
2480 1980 2609 2051 δοκῇ
2636 1980 2735 2051 ζῇν
2764 1980 2969 2050 ταύτην
2998 1979 3094 2053 τὴν
3124 1981 3269 2047 ζωὴν
3291 1981 3389 2049 τὴν
3413 1981 3709 2051 αἰσθητὴν,

2139 2070 2372 2139 τέθνηκε
2406 2072 2549 2124 κατὰ
2586 2070 2823 2140 πνεῦμα.
2870 2072 2932 2125 Εἰ
2977 2071 3033 2125 δὲ
3078 2074 3299 2139 γυναικὶ
3345 2073 3407 2125 οὐ
3436 2072 3710 2142 συγχωρεῖ

2143 2162 2449 2232 σπαταλᾷν,
2484 2161 2614 2214 ἔνθα
2643 2162 2735 2214 καὶ
2770 2163 2803 2232 ή
2835 2159 2996 2228 φύσις
3026 2161 3263 2225 πάντως,
3312 2162 3406 2215 καὶ
3442 2163 3473 2232 ἡ
3527 2162 3711 2228 ἡλικία

2141 2250 2404 2312 πολλάκις
2444 2250 2559 2320 ἔχει
2593 2250 2693 2322 τὴν
2722 2250 3032 2318 ἀσθένειαν,
3071 2252 3125 2305 τί
3164 2251 3229 2304 ἂν
3284 2250 3489 2305 εἴποιεν
3521 2251 3710 2323 ἄνδρες

2145 2340 2528 2404 σπαταλῶντες
2542 2356 2558 2407 ;
2865 2335 2869 2339 ’

2216 2521 2325 2575 Kal
2344 2520 2529 2576 ταῦτα
2561 2519 2964 2591 παράγγελλε,
2995 2521 3096 2576 ἵνα
3127 2521 3521 2587 ἀνεπίληπτοι
3540 2516 3710 2578 ὦσιν.

2154 2614 2321 2685 Ὀρᾷς
2346 2614 2429 2667 ὅτι
2456 2612 2533 2677 ὡς
2572 2613 2739 2682 νόμον
2765 2611 2825 2666 τὸ
2855 2613 3091 2683 πρᾶγμα
3122 2609 3260 2667 εἶναι
3291 2612 3464 2678 θέλει;
3501 2614 3579 2668 Οὐ
3609 2614 3715 2683 γὰρ

2144 2706 2210 2775 τῇ
2264 2703 2583 2774 προαιρέσει
2637 2702 2922 2771 ἐπιτρέπει
2976 2703 3038 2754 τὸ
3083 2701 3156 2771 μὴ
3207 2705 3443 2774 τρυφᾷν,
3481 2702 3596 2756 ἀλλ’
3638 2703 3715 2765 ὡς

2147 2795 2419 2867 ἁμαρτίαν
2446 2793 2604 2848 τοῦτο
2629 2792 2986 2862 ἀπαγορεύει.
3016 2792 3090 2847 Τὸ
3137 2796 3267 2863 γὰρ,
3303 2794 3715 2863 Παράγγελλε,

2143 2886 2301 2939 τοῦτο
2337 2884 2612 2955 σημαίνει,
2665 2884 2785 2936 ἀντὶ
2833 2881 2950 2950 τοῦ,
2985 2881 3149 2937 Μετά
3204 2881 3505 2952 αὐστηρίας
3535 2881 3709 2936 κὼλυε

2144 2976 2369 3031 τοιαῦτα
2398 2973 2707 3045 τολμᾶσθαι
2726 2972 2796 3026 ⁸³.

2218 3070 2287 3123 Et
2313 3066 2384 3121 δέ
2406 3083 2499 3129 τις
2533 3064 2650 3119 τῶν
2680 3063 2866 3127 ἰδίων,
2906 3061 3005 3116 καί
3022 3061 3289 3132 μάλιστα
3326 3060 3445 3116 τῶν
3475 3061 3712 3116 οἰκείων

2146 3164 2217 3217 οὐ
2260 3158 2519 3228 προνοεῖ.
2556 3159 2623 3211 Ἢ
2659 3155 3016 3218 σπαταλῶσα,
3076 3155 3230 3224 φησι,
3279 3156 3374 3208 καὶ
3416 3152 3506 3207 διὰ
3553 3153 3713 3208 τοῦτο

471 3263 757 3325 propterea
788 3257 917 3311 dum
953 3234 1086 3311 vivit
1121 3266 1337 3312 mortua
1388 3265 1491 3323 est,
1555 3259 1803 3327 adeoque
1860 3259 2039 3328 periit,

2151 3251 2379 3321 τέθνηκε
2412 3248 2507 3303 καὶ
2529 3245 2832 3306 ἀπόλωλεν.
2870 3246 2954 3300 ὅτι
3000 3246 3181 3298 πᾶσαν
3205 3245 3303 3316 τὴν
3332 3244 3591 3316 πρόνοιαν
3629 3245 3711 3308 είς

470 3346 728 3413 quoniam
759 3362 977 3402 omnem
1016 3348 1414 3418 providentiam
1449 3349 1503 3404 in
1535 3350 1770 3419 seipsam
1831 3350 2043 3419 impen-

469 3430 572 3496 dit.
600 3436 829 3492 Suorum
849 3439 1017 3501 enim,
1052 3439 1102 3494 id
1137 3448 1245 3505 est,
1288 3440 1555 3504 lidelium,
1585 3440 1827 3496 habenda
1868 3456 2042 3504 cura;

479 3529 709 3582 maxime
745 3544 871 3584 vero
899 3528 1333 3596 domesticorum,
1376 3534 1477 3585 hoc
1505 3539 1611 3594 est,
1647 3532 1943 3601 eorumqui
1979 3530 2047 3586 ad

464 3628 709 3685 genuset
728 3620 1047 3688 sanguinem
1074 3622 1369 3692 pertinent,
1418 3638 1708 3693 permagna
1770 3612 1888 3677 est.
1947 3624 2047 3676 lia-

466 3709 643 3763 benda
676 3721 859 3776 cura,’
887 3727 1014 3767 cum
1067 3714 1258 3780 animi,
1302 3723 1416 3768 tum
1483 3717 1732 3785 corporis
1805 3715 2045 3769 nomine.

542 3801 731 3856 Fidem
764 3805 991 3874 negauit.
1017 3805 1306 3871 Quomodo
1336 3808 1359 3863 ?
1392 3809 1654 3879 quoniam
1709 3824 1872 3879 Opera
1927 3808 2050 3878 ejus

468 3904 578 3948 non
612 3901 740 3947 sunt
768 3908 834 3948 ex
858 3893 979 3949 ﬁde.
1016 3893 1072 3949 Si
1099 3899 1243 3950 enim
1269 3896 1593 3954 credidisset
1620 3897 1754 3961 Deo,
1790 3898 2050 3953 adivisset

468 3998 593 4038 eum
611 3984 704 4054 qui
726 3984 889 4041 dicit:
908 3984 1233 4042 Domesticos
1261 3989 1474 4043 seminis
1492 3990 1570 4043 tui
1587 4006 1648 4043 ne
1663 3990 1959 4057 despexeris
1978 3988 2045 4043 ¹⁹.

470 4072 661 4138 Deum,
697 4074 893 4144 inquit,
922 4076 1244 4146 conﬁtentur
1274 4093 1329 4131 se
1370 4094 1543 4144 nosse,
1599 4078 1836 4146 operibus
1877 4087 2053 4145 autem

473 4178 661 4237 negant
694 4170 781 4222 ²⁹¹.

544 4259 612 4312 Et
641 4270 717 4314 est
749 4260 946 4329 infideli
964 4259 1215 4317 deterior.
1274 4263 1541 4329 Quoniam
1569 4262 1678 4322 ille.
1711 4262 1813 4315 etsi
1844 4261 2054 4316 alienos

2146 3342 2346 3410 ἑαυτὴν
2390 3337 2859 3396 καταναλίσκειη.
2905 3338 2997 3401 Δεῖ
3044 3337 3153 3406 γὰρ
3196 3336 3544 3409 προνοεῖσθαι
3593 3335 3712 3390 τῶν

2146 3434 2332 3499 ἰδίων,
2362 3434 2629 3497 τουτέστι,
2651 3431 2758 3485 τῶν
2795 3430 3001 3485 πιστῶν
3038 3446 3051 3460 ·
3073 3429 3171 3484 καί
3189 3427 3455 3499 μάλιστα
3477 3431 3595 3483 τῶν
3625 3430 3717 3484 ol-

2148 3524 2348 3589 κείων,
2378 3521 2648 3585 τουτέστι,
2678 3519 2787 3574 τῶν
2820 3520 2957 3590 πρὸς
2978 3520 3193 3588 γένους,
3228 3521 3408 3572 πᾶσαν
3440 3518 3719 3590 πρόνοιαν,

2152 3618 2242 3671 καὶ
2268 3616 2367 3687 τὴν
2395 3615 2538 3669 κατὰ
2560 3613 2738 3684 ψυχὴν
2769 3614 2862 3666 καὶ
2888 3611 2985 3684 τὴν
3022 3613 3163 3664 κατὰ
3204 3611 3386 3682 σῶμα.

2226 3796 2351 3864 Τὴν
2381 3795 2590 3850 πίστιν
2622 3793 2894 3864 ἤρνηται.
2922 3793 3083 3860 Πῶς;
3116 3795 3196 3848 ὅτι
3220 3795 3288 3847 τὰ
3317 3793 3454 3865 ἔργα
3492 3796 3592 3847 οὐκ
3618 3794 3726 3848 εἰσὶ

2156 3886 2527 3951 πιστεύοντος.
2565 3888 2629 3941 Εἰ
2679 3889 2789 3959 γὰρ
2838 3889 3091 3942 ἐπίστευε
3124 3886 3199 3957 τῷ
3240 3886 3380 3957 Θεῷ,
3428 3888 3626 3958 ﬁmo-ev
3658 3889 3725 3941 ἂν

2155 3978 2321 4033 αὑτοῦ
2353 3977 2636 4045 λέγοντος*
2657 3977 2796 4031 Ἀπὸ
2835 3975 2954 4031 τῶν
2987 3975 3219 4030 οἰκείων
3246 3976 3350 4029 τοῦ
3380 3976 3726 4043 σπέρματός

2154 4084 2271 4124 σου
2322 4071 2435 4137 οὐχ
2491 4070 2804 4136 ὐπερόψει.
2861 4068 3029 4132 Θεὸν,
3067 4069 3253 4137 φησὶν,
3317 4066 3724 4136 ὁμολογοῦσιν

2154 4162 2396 4226 εἰδέναι,
2429 4161 2551 4228 τοῖς
2584 4161 2651 4215 δὲ
2680 4162 2876 4231 ἔργοις
2903 4159 3248 4229 ἀρνοῦνται.

2225 4254 2333 4310 Καὶ
2371 4255 2543 4309 ἐστιν
2568 4254 2830 4308 ἀπίστου
2855 4254 3093 4322 χείρων.
3129 4251 3272 4305 Διὸτι
3312 4253 3519 4314 ἐκεῖνος
3549 4250 3647 4323 μὲν
3677 4251 3727 4302 εἰ

480 4366 596 4404 non
632 4361 813 4415 cui-at,
848 4367 977 4406 suos
1004 4361 1183 4407 tamen
1215 4369 1319 4406 non
1353 4354 1594 4423 negligit,
1629 4353 1822 4409 saltem
1850 4362 2041 4406 natura

2158 4349 2250 4401 uad.
2295 4348 2421 4410 τοὺς
2459 4345 2793 4417 ἀλλοτρίους,
2844 4345 2981 4398 ἀλλά
3037 4361 3101 4413 γε
3152 4345 3277 4406 τοὺς
3328 4341 3616 4405 οἰκείουςιι
3664 4343 3727 4395 οὐ

480 4455 649 4495 suasu
684 4440 885 4496 ductus
913 4458 929 4496 :
963 4442 1053 4498 hic
1089 4459 1217 4498 vero
1248 4452 1354 4498 tam
1384 4443 1495 4508 Dei,
1532 4458 1693 4514 quam
1743 4459 1954 4499 natura:
1978 4444 2052 4499 le-

2161 4440 2417 4511 περιορᾷ,
2472 4441 2538 4508 τῇ
2572 4436 2733 4506 φύσει
2788 4435 2919 4504 γοῦν
2950 4435 3268 4504 πειθόμενος
3303 4449 3317 4462 ·
3359 4432 3522 4494 αὐτὸς
3548 4432 3604 4485 δὲ
3632 4434 3729 4484 καὶ

481 4546 600 4602 gem
626 4533 791 4599 tollit,
827 4541 881 4589 et
907 4534 1109 4605 injuria
1139 4534 1321 4590 allicit.
1360 4537 1493 4603 Quis
1542 4550 1667 4591 vero
1708 4537 1868 4590 talem
1932 4551 2041 4590 cre-

2160 4530 2249 4584 τὸν
2278 4530 2371 4582 τοῦ
2402 4528 2533 4581 Θεοῦ
2562 4529 2654 4581 καὶ
2680 4528 2770 4580 τὶν
2796 4528 2892 4597 τῆς
2939 4526 3153 4596 φύσεως
3183 4525 3345 4595 νόμον
3376 4524 3594 4593 ἀναιρεῖ
3629 4523 3726 4577 καὶ

478 4621 679 4681 diderit
708 4624 887 4678 amico
908 4638 1030 4679 esse
1058 4624 1253 4682 affectu
1311 4641 1435 4695 erga
1482 4627 1737 4681 alienos?
1790 4625 1946 4692 Quod
2008 4626 2053 4681 si

480 4721 661 4770 autem
694 4715 1022 4772 misereatur
1051 4718 1284 4783 alienos,
1321 4734 1500 4772 nonne
1559 4733 1624 4772 ex
1672 4704 1824 4774 inani
1880 4721 2051 4789 gloria

472 4806 619 4861 istud
651 4808 831 4863 facit?
867 4808 1120 4880 Expende
1156 4819 1336 4864 autem
1367 4817 1545 4865 tecum
1582 4827 1595 4865 :
1624 4811 1668 4865 si
1721 4812 1923 4867 infideli
1968 4823 2052 4866 est

472 4899 708 4955 detet'for
737 4903 828 4971 qui
870 4904 987 4957 suis
1013 4918 1119 4956 non
1157 4903 1423 4970 providet,
1486 4919 1645 4971 quem
1714 4904 1768 4958 in
1802 4906 2046 4959 ordinem

475 4992 521 5046 is
546 4993 914 5047 collocabitur
947 4996 1038 5063 qui
1076 4993 1275 5062 injuria
1304 5011 1398 5047 eos
1431 4994 1596 5047 allicit
1628 4993 1651 5047 ‘i
1682 4995 1905 5065 etquod
1936 5012 2045 5050 non

473 5082 610 5138 satis
647 5092 732 5138 est
759 5085 996 5152 cuipiam
1031 5083 1098 5136 ad
1132 5085 1363 5138 salutem
1391 5086 1608 5154 propria
1634 5086 1827 5151 virtus,
1857 5086 1901 5141 si
1927 5086 2043 5156 ipse

473 5174 677 5229 virtute
698 5174 959 5243 praeditus
997 5174 1186 5230 allines
1224 5190 1355 5231 suos
1421 5192 1527 5230 non
1586 5176 1782 5232 doceat
1832 5185 1886 5233 et
1946 5177 2046 5232 ad-

477 5266 746 5323 hortetur.

549 5450 593 5483 ”
622 5449 704 5506 lsa
756 5468 909 5520 tvm,
940 5455 990 5507 7.
1062 5453 1131 5485 ’9‘
1173 5447 1282 5505 Tit.
1316 5467 1350 5519 t,
1418 5450 1499 5505 l6.

2162 4621 2494 4686 ἀδικεῖ’Τίς
2540 4621 2583 4675 δ’
2634 4620 2699 4674 ἂν
2759 4618 2850 4674 τὸν
2889 4618 3146 4671 τοιοῦτον
3192 4615 3535 4669 πιστεύσειεν
3588 4609 3729 4667 εἶναι

2163 4714 2518 4784 φιλόστοργον
2549 4712 2677 4782 περὶ
2700 4711 2825 4773 τοὺς
2875 4710 3223 4781 ἀλλοτρίους;
3280 4710 3342 4762 El
3387 4707 3442 4761 δὲ
3481 4708 3572 4761 καὶ
3605 4708 3731 4766 τοὺς

2160 4806 2472 4876 ἀλλοτρίους
2536 4803 2710 4870 ἐλεεῖ,
2769 4805 2884 4867 πῶς
2938 4804 3000 4856 οὐ
3053 4802 3300 4865 κενδοξία
3350 4801 3409 4852 τὸ
3457 4801 3729 4870 πρᾶγμα;

2160 4898 2484 4965 summa.
2512 4896 2588 4963 δὲ,
2620 4896 2705 4952 ὅτι
2740 4897 2788 4947 εί
2817 4894 3045 4947 ἀπίστου
3071 4894 3288 4963 χείρων,
3323 4893 3350 4944 ὀ
3381 4891 3455 4961 μὴ
3484 4890 3730 4961 προνοῶν

2158 4989 2266 5041 τῶν
2297 4986 2534 5053 οἰκείων,
2574 4986 2603 5038 ὁ
2644 4984 2847 5039 ἀδικῶν
2878 4985 3075 5045 αὐτοὺς
3124 4981 3228 5034 ποῦ
3263 4981 3581 5045 resignat;
3621 4981 3714 5031 xz‘:

2157 5082 2239 5134 ὅτι
2273 5081 2375 5134 οὐκ
2400 5081 2562 5151 ἀρκεῖ
2604 5095 2707 5131 τινι
2752 5077 2889 5147 πρὸς
2939 5075 3274 5144 σωτηρίανὴ
3310 5075 3487 5127 οίκεία
3531 5074 3730 5143 ἀρετὴ,

2159 5174 2318 5244 εἴπερ
2334 5172 2496 5235 αὐτὸς
2514 5171 2765 5241 ἐνάρετος
2796 5169 2895 5233 ὣν,
2920 5167 2994 5240 μὴ
3014 5166 3257 5220 διδάσκει
3286 5166 3381 5218 καὶ
3404 5168 3660 5235 παραινεί
3682 5164 3726 5194 ⁸⁸

2156 5269 2283 5330 τοὺς
2315 5265 2449 5336 πρὸς
2470 5263 2684 5333 γένους.

1792 5593 1987 5656 Variae
2032 5595 2361 5658 lectiones.

557 5717 600 5746 ⁴¹
628 5713 892 5766 πάντοθεν
918 5728 970 5770 o.
1026 5715 1092 5786 Δι’
1113 5715 1357 5781 γίνεσθαι
1382 5730 1433 5769 o.
1512 5714 1559 5755 ’⁸³
1590 5716 2000 5783 καταναλίσκει,
2034 5723 2125 5774 καὶ
2148 5719 2323 5782 οὕτως
2350 5716 2552 5786 ἑαυτήν
2579 5729 2637 5767 τε
2669 5708 2882 5781 φθείρει
2931 5724 3005 5765 ιη.
3041 5705 3305 5780 Impendit

484 5782 651 5851 ipsam
695 5787 920 5853 perimit.
998 5783 1289 5853 ’δέγγιστα
1322 5803 1372 5842 ο.
1453 5787 1496 5816 ⁸⁵
1524 5788 1749 5856 uati;sz
1803 5802 1855 5840 o.

3378 5720 3397 5759 :
3443 5702 3619 5771 sicque
3674 5719 3723 5755 se

2733 5944 2785 5963 4
