3990 6550
255 411 325 470 f5
1008 417 1414 482 EXPOSITIO
1447 363 1526 481 lli
1549 420 1785 480 EPIST.
1825 420 1854 479 Ι
1881 421 1981 481 AD
2018 421 2334 485 TlMO’l‘H.
2361 448 2431 458 --
2461 422 2620 485 CAP.
2658 425 2721 483 V.
3431 420 3498 481 (6

325 520 487 588 Χήρα
518 524 943 594 καταλεγέσθω
955 528 1040 597 μὴ
1066 530 1332 585 ἐλάττων
1350 531 1500 585 ἐτῶν
1530 532 1826 598 ἐξήκοντα

1999 531 2163 588 Vens.
2193 536 2246 589 9.
2292 534 2466 589 Vidua
2524 536 2779 606 eligatur,
2836 553 2937 589 non
3003 537 3178 588 minus
3228 537 3503 606 sexaginta

262 612 552 681 γεγονυῖα,
587 613 729 679 ἑνὸς
754 617 976 685 ἀνδρὸς
1017 621 1193 689 γυνή.
1244 623 1465 693 Ἐπειδὴ
1501 622 1654 676 εἶπεν
1686 625 1826 676 ἀνωι

262 705 417 773 τέρω,
448 704 534 756 ὅτι
561 706 594 773 ὴ
634 708 987 773 σπαταλῶσα,
1042 714 1232 784 καὶμὴ
1269 716 1572 785 προνοοῦσα
1610 716 1716 769 τῶν
1749 717 1827 768 ol-

259 797 442 858 κείων,
480 797 684 862 ἀναξία
721 799 835 855 ἐστί
869 802 963 855 τοῦ
1012 805 1316 874 καταλόγου
1352 808 1461 861 τῶν
1504 808 1709 878 χηρῶν,
1735 808 1828 862 νῦν

257 887 499 939 διδάσκει
530 890 686 958 ἡμᾶς
710 890 764 941 τί
797 890 880 943 δεῖ
903 892 1074 963 αὐτὴν
1109 894 1254 964 ἔχειν
1277 913 1290 926 ·
1334 897 1429 951 καὶ
1463 898 1678 966 πρῶτον
1726 896 1827 965 μὲν

259 980 384 1050 περὶ
431 978 538 1049 τῆς
589 981 808 1052 ἡλικίας
870 983 1348 1054 ἀκρισολογεῖται⁹
1395 988 1494 1059 τὴν
1542 988 1598 1041 δὲ
1651 989 1829 1042 αἰτίαν

257 1071 462 1141 προῖὼν
492 1074 631 1143 ὲρεῖ.
661 1074 736 1127 Οὐ
769 1074 878 1145 γὰρ
912 1075 1101 1139 ἁπλῶς
1126 1075 1270 1129 οὕτω
1299 1077 1401 1147 τὴν
1449 1077 1829 1144 ὲξῃκοντοῦτιν

258 1165 532 1235 ἐγκρίνει·
594 1165 711 1217 εστι
759 1167 866 1237 γὰρ
918 1168 1013 1221 καὶ
1069 1169 1327 1239 τοιαύτην
1384 1169 1610 1233 ἀναξίαν
1661 1162 1827 1222 εἶναι.

262 1256 491 1308 Ἔπειτα
519 1256 617 1310 καὶ
648 1257 992 1326 μονογαμίαν
1022 1258 1192 1327 αὐτὴν
1218 1260 1462 1325 ἀπαιτεῖ,
1498 1258 1574 1322 ὡς
1604 1261 1831 1329 σημεῖον

261 1347 596 1415 σεμνότητος
631 1350 726 1401 καὶ
770 1348 1254 1421 φιλοσωφροσύνης
1272 1349 1338 1403 ⁸⁸.
1384 1350 1494 1404 Καὶ
1526 1350 1593 1404 τὰ
1616 1349 1749 1404 ἄλλα
1774 1347 1828 1401 δὲ

258 1438 381 1508 ἑξῆς
411 1437 606 1492 ἄκουε.

337 1636 442 1690 Ἔν
463 1634 663 1706 ἔργοις
693 1638 905 1705 καλοῖς
920 1639 1402 1707 μαρτυρουμένη.
1429 1637 1601 1692 Τοῦτό
1629 1638 1745 1691 ἐστι
1771 1637 1832 1690 τὸ

258 1728 465 1797 κυρίως
489 1728 664 1799 αὐτὴν
689 1728 874 1795 ἀξιοῦν
911 1728 1004 1783 τοῦ
1037 1729 1368 1798 καταλόγου’
1401 1723 1525 1783 εἶτα
1543 1727 1769 1800 ἀριθμεῖ
1784 1726 1829 1807 ’ξ’

256 1819 353 1870 καὶ
377 1819 451 1871 τὰ
479 1820 621 1889 ἔργα
653 1820 989 1891 ἰδικώτερον.

1928 641 2207 688 annorum,
2238 642 2354 693 quae
2381 626 2541 695 fuerit
2575 628 2730 679 unius
2783 628 2882 680 viri
2931 639 3085 679 uxor.
3154 625 3290 679 Cum
3336 642 3501 696 supra

1931 711 2184 777 dixisset,
2217 714 2360 782 quod
2393 730 2455 767 ea
2485 730 2608 784 quae
2653 715 3028 784 voluptatibus
3062 714 3241 769 dedita
3302 724 3408 779 est,
3450 724 3506 767 et

1927 819 2049 871 qua:
2076 802 2195 859 suis
2229 819 2341 857 non
2377 806 2668 875 prospicit,
2705 806 2926 877 indigna
2956 815 3042 862 est
3075 820 3200 877 qua:
3236 806 3507 860 referatur

1929 895 1984 947 in
2020 895 2329 963 catalogum
2367 896 2678 961 viduarum,
2711 913 2852 952 nunc
2884 912 2986 953 nos
3015 897 3176 952 docet
3208 896 3339 965 quid
3380 911 3501 950 eam

1931 984 2133 1040 habere
2169 994 2437 1055 oporteat.
2497 987 2574 1042 Ae
2633 988 2871 1056 primum
2931 989 3155 1056 quidem
3214 988 3282 1043 de
3345 996 3506 1043 aetate

1930 1082 2122 1127 exacte
2151 1074 2393 1128 disserit.
2425 1075 2660 1128 Causam
2716 1091 2847 1130 vero
2883 1075 2938 1129 in
2984 1091 3277 1147 progressu
3337 1076 3481 1130 dicet

1930 1160 2049 1214 Nnn
2084 1163 2227 1216 enim
2253 1162 2572 1232 simpliciter
2593 1164 3004 1232 sexagenariam
3038 1164 3235 1233 probat
3267 1184 3280 1218 :
3315 1174 3505 1234 posset

1930 1255 2077 1308 enim
2110 1254 2377 1322 ejusmodi
2411 1257 2575 1307 etiam
2620 1255 2840 1324 indigna
2884 1269 3031 1309 esse.
3101 1254 3303 1311 Deinde
3343 1256 3411 1311 ab
3439 1271 3503 1310 ea

1929 1346 2117 1415 exigit,
2185 1354 2246 1399 ut
2293 1345 2389 1400 uni
2453 1347 2651 1399 marito
2677 1347 2928 1415 cepulata
2990 1346 3084 1407 sit.
3139 1362 3237 1401 ceu
3290 1348 3502 1417 signum

1934 1438 2243 1494 honestatis
2272 1447 2326 1493 et
2388 1439 2686 1509 pudicitiae.
2723 1440 2843 1492 Alia
2910 1454 3040 1494 vero
3102 1454 3223 1511 qua:
3267 1444 3506 1510 requirat

1933 1529 2061 1583 audi
2097 1530 2151 1583 in
2184 1530 2563 1598 sequentibus.

2009 1637 2168 1694 Vsus.
2236 1639 2323 1693 10.
2372 1638 2439 1693 In
2500 1639 2741 1708 operibus
2800 1639 2948 1695 bonis
3001 1642 3357 1696 testimonium
3410 1642 3507 1695 Ita-

1935 1730 2077 1788 bens.
2111 1730 2226 1785 lloe
2265 1730 2513 1801 estquod
2581 1746 2697 1784 eam
2728 1734 2946 1801 preprie
3004 1733 3251 1803 catalogo
3284 1733 3505 1802 dignam

1937 1822 2088 1884 facit,
2121 1820 2319 1876 deinde
2355 1831 2410 1876 et
2439 1837 2602 1890 opera
2634 1822 2756 1889 ejus
2790 1823 3070 1891 speciatim
3127 1833 3434 1878 enumerat.

326 1910 399 1960 Et
436 1908 940 1978 ὲτεκνοτρόφησε.
982 1911 1378 1982 Τεκνοτροφεῖν
1405 1911 1467 1963 οὐ
1500 1908 1658 1964 τοῦτό
1692 1910 1831 1971 ἔστι,

2009 1911 2069 1968 Si
2118 1911 2310 1965 liberos
2359 1911 2620 1965 educavit.
2673 1910 2898 1965 Liberos
2947 1912 3201 1977 educare,
3259 1927 3365 1966 non
3424 1921 3509 1965 est

254 1998 316 2050 το
346 2000 575 2069 τρέφειν
600 2001 667 2055 τὰ
695 2002 865 2057 τέκνα
887 2001 1095 2068 ἁπλῶς,
1126 2003 1265 2056 ἀλλὰ
1298 2002 1357 2056 τὸ
1388 2002 1465 2066 ὡς
1505 2002 1617 2056 δείο
1644 1999 1834 2071 ὥσπερ

258 2092 353 2144 καὶ
389 2092 659 2163 ἀνωτέρω
685 2088 859 2146 εἰπεψ
906 2094 1041 2148 Ἐὰν
1088 2095 1436 2165 ἐπιμείνωσι
1501 2092 1577 2163 τῇ
1635 2095 1836 2148 πίστει

258 2184 353 2236 καὶ
388 2182 469 2247 τῷ
488 2184 794 2254 ἁγιασμῷ.

333 2277 399 2330 lit
425 2277 896 2346 ἐξενοδόχησεν.
935 2277 1097 2351 Ὁρᾷς
1141 2279 1257 2342 πῶς
1289 2279 1387 2343 τὰς
1419 2279 1719 2352 πρὸς,τοὺς
1757 2279 1836 2332 οἰ-

259 2367 445 2431 κείους
476 2369 800 2440 εὐεργεσίας
835 2369 1155 2441 προτεθεικε
1189 2370 1299 2425 τῶν
1340 2370 1480 2442 πρὸς
1526 2374 1651 2434 τοὺς
1682 2370 1839 2424 ἁλλο-

174 2484 181 2491 ·
258 2460 474 2528 τρίους;
503 2460 788 2529 "postva
812 2461 941 2532 γὰρ,
977 2463 1554 2531 Εἰέτεκνοτρόφησε,
1580 2463 1703 2514 τότε
1735 2463 1836 2515 ἐπ-

260 2551 497 2620 ήγαγεν,
528 2550 593 2605 Εἰ
615 2550 1052 2621 ἐξενοδόχησε’
1102 2553 1208 2607 κᾶν
1235 2553 1406 2608 τᾶλλα
1436 2553 1479 2605 δ’
1520 2554 1724 2623 ἄπορος
1751 2555 1835 2623 εἴη

261 2658 368 2706 τις,
400 2640 581 2696 οἰκίαν
612 2642 831 2706 πάντως
861 2643 994 2714 ἔχει·
1035 2644 1099 2698 οὑ
1130 2644 1239 2715 γὰρ
1272 2644 1337 2714 δὴ
1358 2643 1569 2715 αἱθριος
1597 2643 1768 2714 μένει.

331 2917 406 2970 Et
463 2917 650 2985 ἁγίων
696 2918 889 2985 πόδας
937 2916 1134 2986 ἓνιψε.
1195 2915 1370 2971 Τοῦτο
1423 2911 1600 2983 εἶπεν,
1651 2917 1839 2990 ἐπειδὴ

266 3008 464 3063 πολλαὶ
498 3009 834 3079 ξενοδοχοῖωι
870 3010 990 3081 μὲν,
1021 3011 1126 3064 οὐκ
1171 3009 1338 3063 αὐταὶ
1382 3009 1441 3063 δὲ
1496 3010 1565 3063 δι’
1631 3011 1841 3064 ἑαυτῶν

267 3103 633 3175 ὑπουργοῦσι,
658 3102 800 3157 ἀλλὰ,
823 3102 911 3157 διὰ
934 3103 1039 3156 τῶν
1061 3102 1480 3172 Θεραπαινίδων.
1510 3101 1843 3171 Βουλόμενος

267 3195 360 3250 οὖν
399 3196 706 3268 ἐργατικὴν
733 3192 931 3251 sint"
960 3198 1058 3269 τὴν
1081 3198 1278 3269 χήραν,
1317 3196 1408 3250 καὶ
1440 3196 1516 3266 μὴ
1549 3194 1836 3266 βλακικὴν,
1865 3225 1907 3281 C

266 3291 438 3359 αὐτὴν
460 3288 532 3342 δι’
562 3289 764 3358 ἑαυτῆς
789 3290 1084 3359 ὑπουργεῖν
1112 3286 1355 3341 κελεύει·
1419 3288 1454 3357 ὴ
1476 3287 1585 3358 γὰρ
1614 3285 1839 3355 βλακεία

270 3381 639 3450 σπαταλώσης
676 3380 900 3449 μᾶλλον.
928 3381 1037 3433 Καὶ
1065 3379 1240 3442 ἄλλως
1268 3379 1347 3443 δὲ,
1374 3378 1463 3432 ἵνα
1494 3377 1570 3447 μὴ
1598 3376 1842 3446 παντελῆ

271 3475 512 3544 ἀπορίαν
539 3473 881 3543 προόάληταί
910 3490 993 3537 τις
1031 3472 1170 3541 πρὸς
1199 3472 1258 3525 τὸ
1283 3471 1359 3542 μὴ
1400 3470 1718 3541 ξενοδοχεῖν,
1768 3469 1842 3532 ὡς

273 3567 410 3638 μηδὲ
433 3567 617 3629 οἰκίας
638 3565 972 3635 εὐποροῦσα,
1003 3564 1161 3634 φησι,
1192 3564 1302 3616 Καὶ
1331 3561 1436 3633 μὴν
1477 3562 1538 3615 τὸ
1558 3564 1707 3632 νίψαι
1744 3564 1844 3615 οὐκ

272 3657 390 3707 ἔστι
426 3653 703 3722 δαπάνης,
734 3653 852 3707 οὐδὲ
889 3653 1173 3723 εὐπορίας.
1204 3652 1395 3720 ’Ἅγιοι
1418 3651 1474 3704 δέ
1504 3652 1613 3704 εἰσι
1646 3652 1843 3713 πάντες

270 3746 385 3799 ὅσοι
424 3745 613 3798 πίστιν
638 3742 805 3815 ὀρθὴν
840 3743 978 3814 μετὰ
1011 3742 1127 3814 βίου
1161 3743 1347 3814 ἔχουσι
1366 3783 1381 3809 ,
1407 3741 1509 3797 κᾶν
1533 3742 1609 3813 μὴ
1640 3744 1844 3811 σημεῖα

272 3836 641 3907 ἐργάζωνται.

338 3929 408 3980 El
443 3924 827 3992 θλιϐομένοις
859 3923 1183 3995 ἐπήρκεσε.
1233 3924 1345 3979 Καὶ
1393 3922 1484 3978 διὰ
1522 3923 1840 3994 χρημάτων,

275 4018 371 4072 καὶ
397 4017 493 4072 διὰ
523 4017 892 4086 προστασίας,
922 4018 1017 4071 καὶ
1053 4016 1348 4086 μεσιτείας.

345 4112 415 4165 Ei
457 4108 641 4162 παντὶ
678 4107 830 4177 ἕρπε)
868 4107 1067 4177 ἀγαθῷ
1104 4108 1584 4178 ἐπηκολούθησε.
1615 4103 1760 4171 Οἷον,
1795 4100 1844 4160 El

276 4199 415 4270 αὐτὴ
472 4197 813 4267 ἐργάσασθαι
845 4197 921 4269 μὴ
952 4198 1215 4271 ἠδυνήθη,
1274 4200 1425 4268 ὅμως
1484 4200 1844 4268 ἐκοινώνησεν

277 4291 411 4363 ἄλλῃ
432 4288 863 4362 ὲργαζομένῃ,εἰ
891 4288 1228 4361 ὑπούργησε.
1255 4291 1366 4360 Τὴν
1394 4290 1500 4361 γὰρ
1523 4288 1846 4360 σωματικὴν

278 4382 585 4453 ὑπηρεσίαν
610 4383 887 4453 εἰσφέρειν
902 4382 1294 4454 προτρέπεται,
1311 4377 1442 4444 οἷον,
1460 4383 1647 4451 κλίνην
1669 4380 1844 4452 στρῶ-

280 4492 393 4540 σαι,
423 4475 761 4541 ἀναπαῦσαι,
784 4476 919 4544 πρὸς
942 4473 979 4528 ἃ.
1017 4475 1445 4543 ἐπιτηδειότεραι
1477 4475 1531 4525 αἰ
1562 4476 1843 4542 γυναῖκες.

1939 2004 2261 2073 simpliciter
2290 2004 2493 2058 liberos
2528 2005 2694 2063 alere.
2726 2003 2819 2059 sed
2851 2002 3074 2072 perinde
3120 2010 3283 2072 atque
3343 2018 3509 2073 opor-

1941 2104 2012 2150 tet
2051 2113 2064 2149 :
2102 2093 2559 2164 quemadmodum
2587 2092 2752 2163 578
2777 2101 2828 2146 et
2858 2109 3024 2163 supra
3062 2092 3222 2158 dixit,
3288 2090 3349 2148 Si
3393 2107 3512 2163 per-

1937 2188 2235 2242 manserint
2288 2187 2339 2239 in
2375 2186 2480 2255 ﬁde
2504 2194 2555 2238 et
2612 2184 3053 2252 sanctiﬁcatione.

2011 2277 2071 2332 Si
2099 2278 2325 2346 hospitio
2351 2277 2564 2343 recepit.
2599 2275 2996 2328 Animadvertit
3018 2275 3292 2345 quomodo
3340 2273 3512 2328 bene-

1940 2368 2211 2433 ﬁcentias,
2245 2382 2367 2438 qua
2392 2382 2520 2437 erga
2547 2369 2820 2436 proprius,
2860 2365 2970 2421 illis
3000 2380 3120 2435 quia:
3144 2380 3269 2435 erga
3301 2366 3513 2420 alienos

1939 2463 2262 2534 prtestandse
2326 2469 2477 2524 sunt,
2549 2460 2911 2530 anteposuit?
2976 2476 3096 2516 cum
3157 2460 3301 2514 enim
3362 2458 3513 2528 prius

1938 2556 2187 2617 dixisset,
2217 2556 2276 2609 Si
2305 2555 2494 2609 liberos
2522 2554 2785 2615 educavit,
2841 2562 2973 2606 tunc
3000 2551 3217 2606 intulit:
3248 2548 3306 2605 Si
3336 2550 3514 2617 haspi-

1941 2649 2016 2702 tio
2047 2648 2256 2715 recepit.
2305 2647 2535 2700 Etiamsi
2594 2645 2740 2699 enim
2803 2644 3035 2699 aliarum
3098 2658 3278 2699 rerum
3331 2642 3511 2711 indiga

1943 2738 2104 2793 fuerit
2128 2738 2332 2807 aliqua.
2361 2736 2583 2792 domum
2637 2736 2864 2790 omnino
2931 2735 3145 2790 habet:
3207 2749 3317 2788 non
3366 2734 3512 2788 enim

1942 2818 2043 2886 Sub
2069 2832 2159 2883 diu
2184 2830 2412 2883 habitat.

2013 2918 2072 2974 Si
2098 2930 2400 2974 sanctorum
2426 2920 2583 2989 pedes
2609 2920 2758 2974 tavit.
2792 2920 2910 2973 Hoc
2936 2918 3095 2978 dixit.
3144 2917 3274 2987 quia
3333 2916 3519 2970 multa:

1942 3012 2182 3082 hospitio
2204 3012 2423 3082 quidem
2453 3012 2749 3079 recipiunt,
2789 3010 2923 3079 ipsa:
2952 3018 3134 3063 autem
3166 3023 3265 3078 per
3298 3005 3512 3076 seipsas

1942 3120 2054 3159 non
2100 3105 2422 3164 inserviunt.
2453 3105 2547 3158 sed
2583 3118 2678 3172 per
2727 3101 2976 3156 ancillas.
3015 3098 3218 3155 Volens
3271 3113 3404 3170 ergo
3436 3096 3519 3153 vi-

1943 3197 2107 3250 duam
2144 3210 2430 3264 operosam
2487 3209 2633 3259 esse,
2694 3208 2803 3247 non
2864 3192 3135 3261 ignavam,
3193 3190 3363 3259 ipsam
3420 3203 3519 3260 per

1943 3304 2067 3345 sese
2098 3288 2409 3342 ministrare
2439 3287 2592 3356 jubet
2619 3304 2633 3341 :
2679 3285 2890 3356 ignavia
2923 3284 3069 3338 enim
3089 3283 3391 3338 deliciantis
3421 3296 3522 3352 p0-

1944 3381 2054 3433 tius
2085 3385 2191 3433 est.
2224 3377 2491 3432 Praeterea
2519 3393 2587 3431 ne
2625 3375 2851 3430 omnino
2908 3376 3191 3444 penuriam
3258 3381 3519 3441 praetexat

1944 3471 2124 3537 aliqua
2161 3508 2175 3534 ,
2223 3469 2515 3539 quominus
2576 3469 2648 3522 sit
2707 3465 2992 3535 hospitalis
3026 3503 3046 3529 ,
3115 3473 3173 3519 ut
3231 3479 3354 3532 qua:
3401 3476 3514 3516 non

1944 3563 2185 3617 abundet
2207 3578 2263 3615 re
2289 3559 2544 3613 familiari
2579 3576 2594 3617 :
2624 3559 2693 3612 At
2720 3572 2866 3621 vero,
2924 3556 3121 3625 inquit,
3172 3556 3396 3608 abluere
3422 3568 3517 3623 pe-

1942 3657 2039 3709 des
2070 3668 2179 3707 non
2220 3650 2495 3719 estmagni
2542 3656 2793 3716 sumptus
2846 3662 3023 3715 neque
3078 3645 3271 3710 copiae.
3327 3643 3517 3699 Sancti

1945 3757 2125 3801 autem
2158 3752 2281 3800 sunt
2318 3757 2529 3803 omnes,
2555 3748 2825 3809 quotquot
2848 3738 3005 3791 tidem
3034 3730 3234 3789 rt-e'tmn
3258 3750 3380 3787 eum
3408 3736 3516 3788 vita

1944 3837 2288 3907 conjunctatn
2312 3832 2755 3895 habrnt,etiamsi
2782 3828 3045 3884 tni’raettla
3067 3844 3175 3882 non
3198 3836 3516 3897 cperantnr.

2016 3928 2074 3982 Si
2102 3927 2495 3980 tribulationem
2527 3925 2846 3995 patientibus
2871 3920 3317 3976 subministravit.
3341 3916 3516 3974 Pecu-

1945 4020 2077 4085 niis,
2108 4018 2418 4088 patrocinio
2468 4028 2522 4071 et
2573 4017 2985 4072 intercessione.
3464 4089 3473 4093 _

2016 4108 2075 4165 Si
2101 4126 2251 4164 omne
2281 4125 2410 4177 οριιε
2442 4108 2634 4162 bonum
2666 4109 2946 4162 subsecuta
2970 4117 3068 4164 est.
3113 4106 3291 4164 Veluti
3317 4106 3364 4165 si
3397 4090 3515 4175 ipsa

1946 4200 2160 4270 operari
2194 4215 2299 4255 non
2355 4182 2549 4269 potuit,
2594 4215 2828 4253 consors
2896 4208 3077 4254 tamen
3143 4200 3244 4254 fuit
3293 4200 3519 4256 alti-rius

1946 4307 2068 4360 qua:
2100 4303 2448 4361 operaretur,
2482 4291 2526 4344 si
2562 4291 2882 4346 subserviit.
2910 4292 3206 4360 Corporale
3232 4292 3377 4346 enim
3413 4290 3517 4343 mi-

1948 4383 2234 4437 nisterium
2268 4382 2465 4436 allerre
2483 4383 2834 4445 adhortatur,
2859 4384 3022 4451 quale
3040 4391 3122 4437 est
3143 4383 3341 4437 lectum
3376 4393 3491 4436 ster
3510 4407 3522 4417 ο

1951 4492 2098 4539 nere,
2125 4476 2427 4530 reloeillare
2448 4493 2462 4530 :
2482 4476 2547 4529 ad
2569 4491 2689 4544 qua:
2708 4475 2920 4527 [θιιιίιιιιι
2951 4477 3121 4543 magis
3148 4486 3271 4530 sunt
3290 4476 3515 4531 itionem.

346 4569 653 4636 Νεωτέρας
707 4568 776 4621 δὲ
826 4568 1018 4637 χήρας
1067 4567 1377 4635 παραιτοῦ.
1449 4567 1603 4629 Τίνος
1660 4566 1839 4619 ἕνεκεν

2025 4565 2181 4620 Vens.
2218 4566 2303 4618 ll.
2323 4565 2567 4619 Juniores
2599 4576 2773 4619 autem
2799 4566 2983 4618 viduas
3011 4566 3203 4618 devita.
3241 4566 3410 4630 Hujus
3440 4567 3514 4617 rei

283 4662 411 4731 περὶ
465 4659 563 4713 τοῦ
616 4659 812 4729 χρόνου
842 4660 950 4711 τῶν
985 4658 1269 4725 παρθένων
1307 4658 1456 4711 οὐδὲν
1483 4656 1845 4720 διατάττεται,

284 4754 462 4807 καίτοι
489 4750 739 4823 μείζονος
765 4751 913 4814 ὄντος
935 4749 1031 4803 τοῦ
1058 4749 1263 4818 ἀγῶνος
1285 4767 1300 4816 ;
1337 4749 1575 4813 Εἰκότως
1592 4764 1606 4779 ο
1636 4749 1717 4802 ὅτι
1743 4746 1851 4801 ἀπὸ

288 4846 537 4914 μείζονος
587 4842 894 4913 προθυμίας
933 4843 1047 4896 ἐκεῖ
1073 4844 1101 4894 δ
1129 4841 1302 4911 ἀγὼν,
1334 4841 1429 4895 καὶ
1472 4840 1717 4905 πλείονος
1749 4839 1851 4910 τῆς

284 4936 642 5007 θερμότητος.
672 4932 880 4994 Ἀλλως
927 4950 1010 4999 τε,
1036 4934 1093 4985 ὲν
1123 4933 1202 5002 τῷ
1240 4932 1422 5003 ζητεῖν
1452 4933 1543 4986 ἐπὶ
1575 4931 1682 4986 τῶν
1709 4948 1847 5004 παρ.

291 5029 459 5083 ῡένων
478 5029 541 5081 ab
570 5020 935 5097 ε’ὐπρόσεδρον
963 5026 1042 5097 τῷ
1071 5026 1261 5096 Κυρίῳ
1288 5024 1733 5095 ἀπερισπάστως,
1755 5026 1849 5078 καὶ

289 5120 348 5172 τὸ
376 5120 652 5192 μεριμνᾷν
673 5120 741 5172 τὰ
768 5118 863 5171 τοῦ
912 5119 1140 5190 Κυρίου,
1175 5116 1375 5186 πολλὴν
1396 5115 1684 5186 ἀκρίϐειαν
1717 5132 1849 5184 προ-

289 5209 426 5273 ξενεῖ
455 5227 515 5263 τε
548 5213 642 5263 καὶ
685 5212 925 5266 ἀπαιτεῖ.
966 5210 1097 5262 Ἀπὸ
1142 5209 1198 5261 δὲ
1245 5209 1435 5265 τούτου
1484 5205 1632 5260 καὶὸ
1657 5206 1845 5277 χρόνος

285 5301 460 5369 δῇλος.
501 5301 737 5364 Ἄλλως,
782 5301 946 5371 χῆραι
980 5301 1079 5370 μὲν
1112 5299 1370 5369 νεώτεραι
1422 5296 1698 5363 ἐξέπεσον,
1753 5297 1846 5349 καὶ

288 5392 371 5446 δια
403 5391 565 5444 τοῦτο
587 5392 751 5445 αὑταὶ
778 5392 1051 5462 παρέσχον
1077 5390 1174 5462 τὴν
1196 5389 1449 5459 ἀφορμὴν
1470 5389 1565 5458 τῆς
1591 5387 1846 5460 τοιαύτης

290 5483 605 5553 νομοθεσίας
627 5499 640 5511 ’
677 5484 793 5535 ἐκεῖ
811 5482 867 5536 δὲ
897 5482 1137 5535 τοιοῦτον
1162 5481 1331 5534 οὐδέν.

1952 4660 2129 4729 gratia
2166 4657 2234 4711 de
2262 4657 2534 4725 virginum
2591 4666 2753 4710 aitate
2816 4656 2949 4709 nihil
2981 4656 3247 4724 pra'cipit,
3282 4670 3404 4709 cum
3435 4662 3518 4708 ta-

1952 4764 2078 4803 mrn
2110 4748 2289 4815 majus
2313 4750 2385 4802 sit
2434 4747 2765 4818 virginitatis
2799 4758 3080 4802 certamen
3111 4748 3134 4801 ι
3166 4747 3356 4803 Merito
3391 4765 3405 4801 :
3444 4746 3513 4801 ibi

1949 4840 2095 4895 enim
2138 4839 2363 4908 maioris
2398 4839 2704 4895 alacritatis
2742 4846 2827 4894 est
2880 4847 3179 4903 certamen,
3230 4838 3518 4892 Vehemen-

1952 4932 2219 5000 tiorisqne
2246 4929 2497 4997 feri-oris.
2531 4930 2613 4993 Ad
2638 4930 2774 4997 haec,
2803 4929 2933 4983 dum
2990 4930 3222 4999 requirit
3267 4931 3320 4983 in
3352 4930 3518 4998 virgi-

1955 5026 2115 5080 nibus
2143 5033 2201 5078 ut
2235 5023 2457 5078 Christo
2511 5021 2953 5091 inseparabiliter
2993 5021 3323 5085 adhaereant,
3356 5031 3517 5091 atque

1955 5130 2016 5173 ut
2055 5121 2109 5174 in
2141 5118 2208 5172 iis
2238 5131 2359 5186 qua:
2392 5115 2603 5169 Domini
2636 5125 2785 5178 sunt,
2819 5114 3068 5167 sollicita:
3105 5113 3235 5175 sint,
3266 5127 3514 5180 magnam

1954 5226 2084 5267 sane
2121 5220 2173 5263 et
2214 5219 2459 5265 exactam
2491 5207 2833 5277 diligentiam
2873 5206 3133 5274 postulat.
3164 5204 3303 5259 illnc
3335 5214 3514 5259 autem

1951 5312 2004 5357 et
2027 5312 2245 5372 tempus
2293 5300 2641 5355 manifestum
2691 5309 2796 5354 est.
2838 5300 3126 5361 Prteterea,
3176 5313 3300 5353 eum
3342 5296 3519 5352 viduae

1953 5393 2203 5463 iuniores
2237 5406 2264 5444 a
2297 5390 2517 5446 Christo
2572 5389 2929 5451 excidissent,
2990 5387 3335 5442 occasionem
3387 5389 3517 5457 ipsa:

1952 5482 2147 5538 dedere
2174 5481 2343 5536 Paulo
2376 5497 2474 5536 cur
2510 5480 2609 5534 has
2632 5481 2778 5551 leges
2803 5478 3049 5535 sanxerit
3084 5495 3097 5532 :
3130 5479 3182 5534 in
3216 5480 3515 5551 virginibus

1955 5572 2313 5627 autem‘nihil
2346 5572 2451 5626 tale
2487 5570 2812 5640 contigerat.

1608 5688 1809 5751 Varia:
1855 5689 2178 5755 lectiones.

356 5819 403 5857 ⁸⁸
426 5817 745 5891 φιλοσοφίας
771 5830 827 5872 ο.

923 5813 969 5847 ⁸⁷
992 5813 1384 5889 ἀπαριθμεῖται
1414 5829 1465 5873 0.
1552 5816 1599 5850 ⁸⁸
1614 5815 1757 5890 ἔχειν
1785 5817 1883 5892 τὴν
1916 5818 2073 5892 χεῖρα
2093 5833 2146 5874 o.
