3990 6558
503 425 574 487 m
1393 415 1973 479 TIIEOPHYLACTI
2021 411 2427 475 BULGARI/E
2469 411 2821 472 ARCHIEP.
3689 415 3762 476 ss

573 534 707 590 Cum
735 533 874 587 enim
901 532 1190 586 luxuriatw
1229 530 1429 600 fuerint
1488 529 1743 584 adversus
1779 529 2074 592 Christum,
2109 533 2158 589 Α

499 624 695 679 nubere
731 623 930 678 volunt.
975 621 1090 677 lloc
1117 632 1222 686 εει,
1265 620 1489 690 quando
1541 622 1884 675 lascivierint
1917 620 2084 674 etde-

499 716 697 769 liciatze
752 715 1068 777 fuerint,ac
1113 711 1335 782 quando
1387 712 1756 781 superbierint
1813 712 2081 766 adversus

499 807 805 872 Christum,
853 807 1030 876 ipsum
1089 804 1142 858 itt
1205 819 1469 873 sponsum
1535 820 1643 859 non
1707 803 2080 867 admittentes,

499 901 555 953 in
587 900 804 969 nuptias
830 898 1092 966 deinceps
1115 897 1377 951 excidunt
1419 913 1432 950 :
1462 911 1568 950 non
1625 897 1770 952 cnim
1801 896 2082 950 viduitatis

499 999 701 1045 statum
734 989 1016 1057 elegerunt
1047 1003 1172 1040 cum
1203 985 1356 1053 justa
1409 987 1880 1041 consideratione.
1943 987 2081 1038 Ani-

501 1083 780 1137 madverte
839 1081 926 1134 hie
959 1079 1106 1149 quod
1169 1087 1223 1132 et
1260 1080 1423 1132 vidua
1475 1078 1758 1133 Christum
1817 1092 2080 1147 sponsum

487 1175 717 1235 'habeat,
750 1171 975 1242 perinde
1013 1186 1074 1224 ac
1101 1171 1274 1240 virgo.

571 1262 736 1318 Vsus.
769 1262 860 1316 12.
906 1260 1172 1315 Habentes
1213 1263 1626 1326 damnationem,
1674 1261 1923 1332 quoniam
1971 1261 2081 1329 pri-

499 1372 640 1408 mam
671 1356 828 1423 ﬁaem
861 1355 1079 1406 irritam
1107 1353 1362 1421 fecerunt.
1399 1353 1583 1408 Fidem
1617 1352 1852 1422 appellat
1881 1350 2079 1405 foedus.

485 1445 855 1511 ~Fefel|erunt,
904 1447 1104 1515 inquit,
1139 1457 1354 1514 pactum
1388 1446 1532 1514 quod
1578 1458 1782 1512 Sponso
1812 1441 2081 1506 fecerunt,

501 1556 564 1594 ac
597 1550 880 1609 propterea
914 1539 1116 1593 habent
1144 1538 1685 1593 condemnationem.

575 1631 740 1701 579
771 1630 927 1685 Vsus.
968 1631 1056 1684 l3.
1095 1629 1272 1684 Simul
1318 1641 1494 1683 autent
1529 1639 1579 1684 et
1631 1631 1816 1685 otiosae
1860 1634 2074 1687 discunt

501 1725 779 1778 circumire
873 1723 1080 1776 domos.
1200 1723 1406 1777 Prteter
1485 1721 1599 1791 jam
1678 1736 2079 1778 commemora-

502 1825 613 1868 tam
665 1813 1100 1876 damnationem,
1161 1813 1308 1868 aliud
1403 1822 1689 1883 peccatum
1759 1814 2076 1880 admittunt,

2259 525 2440 581 Ὅταν
2498 525 2608 593 γὰρ
2664 523 3225 592 καταστρηνιάσωσι
3299 524 3406 579 τοῦ
3464 525 3758 593 Χριστοῦ.

2185 619 2400 690 ταμεῖν
2429 617 2698 673 θέλουσι.
2736 617 3048 684 Τουτὲστιν,
3082 619 3212 671 ὅταν
3245 619 3607 685 άκκισθῶσιν,
3630 619 3762 673 ὅταν

2186 714 2525 784 θρύψωνται,
2583 713 2712 765 ὅταν
2748 710 3422 782 καθυπερηφανεύσωνται
3472 709 3569 762 τοῦ
3623 711 3762 782 Χρι-

2187 807 2336 873 στοῦ,
2368 807 2444 878 μὴ
2491 805 2922 875 καταδεχόμεναι
2951 806 3116 858 αὑτὸν
3140 804 3395 873 νυμφίον,
3432 804 3762 859 ἐκπίπτουσι

2184 899 2371 952 λοιπὸν
2403 902 2483 961 είς
2512 897 2607 951 τὸν
2659 898 2861 966 γάμον·
2915 897 2978 950 οὐ
3009 898 3119 967 γὰρ
3167 896 3372 948 εἴλοντο
3403 896 3502 966 τὴν
3532 897 3763 965 χηρείαν

2190 993 2330 1062 μετὰ
2363 991 2600 1061 κρίσεως
2626 987 2915 1059 λογισμοῦ.
2943 988 3086 1058 Ὅρα
3118 987 3174 1039 δὲ
3199 989 3280 1040 ὅτι
3313 990 3409 1041 καὶ
3434 989 3464 1058 ἡ
3492 991 3640 1059 χήρα
3669 989 3763 1040 τὸν

2185 1083 2422 1155 Χριστὸν
2453 1082 2566 1153 ἔχει
2592 1079 2849 1153 νυμφίον,
2876 1080 2950 1142 ὡς
2972 1081 3069 1134 καὶ
3092 1082 3125 1151 ἡ
3157 1080 3447 1150 παρθένος.

2260 1268 2556 1334 Ἕχουσαι
2589 1261 2787 1331 κρῖμα,
2842 1259 2929 1313 ὅτι
2953 1257 3073 1326 τὴν
3110 1257 3350 1326 πρώτην
3375 1257 3586 1309 πίστιν
3624 1257 3767 1323 ﬁes-

2187 1374 2404 1426 τησαν.
2447 1357 2559 1426 Τὴν
2612 1353 2906 1424 συνθήκην,
2964 1351 3114 1419 λέγει
3178 1350 3381 1402 πίστιν.
3435 1349 3766 1418 Ἐψεύσαντο

2187 1448 2302 1513 οὖν,
2347 1450 2502 1520 φησὶ,
2555 1447 2654 1517 τὴν
2708 1444 3029 1515 συμφωνίαν
3067 1443 3164 1513 τὴν
3201 1443 3340 1514 πρὸς
3379 1440 3638 1513 Χριστὸν,
3670 1443 3766 1494 καὶ

2188 1545 2278 1597 διά
2307 1543 2468 1595 τοῦτο
2502 1541 2686 1611 ἔχουσι
2717 1537 3065 1607 κατάκρισιν.

2261 1637 2418 1704 "Atta
2448 1633 2515 1686 es
2545 1632 2640 1686 xui
2677 1631 2850 1698 ἀργαὶ
2882 1627 3284 1699 μανθάνουσι,
3316 1627 3767 1696 περιερχόμεναι

2185 1729 2292 1794 τὰς
2319 1727 2532 1792 οἰκίας.
2588 1724 2694 1777 Σὺν
2740 1722 2818 1793 τῷ
2860 1721 3136 1792 εἰρημένῳ
3175 1720 3399 1790 κρίματι
3442 1721 3534 1774 καὶ
3577 1720 3767 1789 ἕτερον

2188 1816 2562 1888 ἁμαρτάνουσι
2596 1855 2610 1880 ,
2644 1813 2702 1867 τὸ
2736 1812 3029 1884 μανθάνειν
3065 1815 3254 1884 ἀργεῖν
3281 1814 3344 1865 ἐκ
3374 1811 3468 1865 τοῦ
3495 1811 3769 1883 περιιέναι

501 1922 718 1976 nempe,
743 1907 964 1961 discunt
988 1907 1175 1972 otiari,
1198 1922 1264 1961 ex
1291 1920 1355 1961 eo
1380 1906 1522 1974 quod
1542 1909 1684 1962 zedes
1713 1907 2074 1962 circumeant.

2205 1885 2279 1972 ςάς
2308 1885 2506 1971 οἰκίας.
2548 1907 2660 1959 Πᾶν
2699 1905 2756 1959 δὲ
2797 1904 2966 1959 κακὸν
3009 1902 3244 1967 ἐδίδαξεν
3293 1904 3328 1972 ἡ
3374 1901 3563 1974 ἀργία.
3619 1903 3768 1972 Ἀρα

499 1997 693 2054 Omnis
725 2007 905 2054 autem
935 2000 1060 2074 mali
1084 2007 1280 2054 auctor
1311 2007 1396 2054 est
1424 1999 1618 2054 otium.
1645 1998 1826 2066 Quare
1878 2002 2077 2056 nedum

2205 2002 2243 2053 ιὺ
2285 2001 2444 2070 μόνον
2489 2000 2767 2071 ἀνδράσιν,
2812 1997 2947 2052 ἀλλὰ
2986 2001 3080 2050 καὶ
3124 1996 3372 2066 γυναιξὶν
3402 1995 3674 2048 ἀνοίκειον
3705 1993 3770 2047 τὸ

500 2093 669 2156 viros,
705 2092 798 2147 sed
835 2099 890 2147 et
914 2093 1175 2146 mulieres
1197 2092 1368 2145 otium
1409 2092 1660 2148 dedecet.

2205 2095 2394 2165 ιργεῖν.
3214 2125 3216 2127 >

571 2181 694 2237 Νοη
728 2183 898 2237 solum
920 2192 1098 2237 autem
1125 2185 1328 2247 otiosa',
1355 2185 1445 2237 sed
1472 2184 1710 2238 verbosa:
1753 2195 1804 2240 et
1831 2187 2078 2250 curiostr,

2258 2189 2340 2240 Οὐ
2385 2187 2574 2254 μόνον
2621 2185 2689 2238 δὲ
2730 2183 2924 2254 ἀργαὶ,
2978 2182 3139 2238 ἀλλὰ
3185 2182 3282 2236 καί
3337 2185 3616 2252 φλύαροι,
3667 2182 3767 2234 καὶ

504 2277 768 2348 loquentes
801 2293 918 2344 qua:
955 2293 1055 2329 non
1081 2287 1304 2346 oportet.
1341 2275 1452 2330 Nec
1493 2278 1786 2333 immerito.
1815 2279 2081 2334 Circum-

2205 2278 2498 2348 περίεργοι,
2556 2276 2858 2331 λαλοῦσαι
2921 2276 2994 2330 τὰ
3053 2275 3140 2346 μὴ
3202 2275 3438 2328 δέοντα.
3501 2274 3766 2335 Εἰκότως.

501 2376 694 2421 euntes
752 2367 898 2421 enim
967 2368 1114 2421 aliud
1147 2375 1340 2437 agunt,
1376 2380 1539 2436 quam
1566 2369 1712 2438 quod
1738 2385 1858 2439 quae
1886 2370 1953 2424 de
1982 2370 2082 2423 hac

2205 2369 2603 2439 ,Ιεριοδεὺουσαι
2634 2370 2742 2440 γὰρ
2771 2371 2868 2432 τὰς
2899 2369 3096 2431 οἰκίας,
3129 2368 3282 2422 οὐδὲν
3307 2366 3436 2422 ἄλλο
3466 2366 3502 2437 ἢ
3538 2367 3614 2419 τὰ
3644 2364 3772 2419 ταὺ-

504 2459 754 2521 audiant,
791 2459 857 2512 ad
905 2459 1052 2512 illam
1111 2459 1418 2528 perferant,
1478 2468 1532 2514 ct
1585 2478 1707 2530 qua:
1761 2463 1828 2516 de
1878 2464 1968 2515 illa
2015 2464 2080 2516 ad

2205 2479 2285 2533 της
2317 2462 2454 2532 πρὸς
2483 2463 2698 2533 ἐκείνην
2737 2445 2990 2531 φέρουσι,
3040 2460 3134 2514 καὶ
3163 2459 3230 2513 τά
3258 2459 3475 2530 ἐκείνης
3507 2460 3588 2522 εἰς
3632 2456 3767 2510 ταύ-

507 2549 647 2602 hanc
677 2567 691 2602 :
727 2564 790 2602 ac
814 2549 1128 2604 necessario
1186 2553 1403 2602 tandem
1450 2549 1518 2603 ad
1561 2552 1938 2605 curiositatem
2006 2554 2083 2605 Ia-

2205 2574 2307 2627 την,
2357 2555 2450 2608 καὶ
2493 2554 2807 2622 ἀναγκαίως
2836 2554 3162 2625 προσφέρειν
3204 2554 3285 2615 είς
3325 2552 3660 2623 περιεργίαν
3701 2551 3770 2604 ἐκ

503 2638 712 2693 buntur
736 2641 922 2692 omnia
953 2641 1356 2710 perscrutanda
1389 2657 1402 2705 ;
1436 2649 1491 2694 et
1523 2642 1591 2696 ad
1645 2659 1820 2714 nugas
1855 2659 1918 2698 ac
1950 2645 2082 2698 deli-

507 2740 777 2794 ramenta,
815 2747 939 2784 cum
971 2747 1094 2801 quae
1123 2731 1191 2786 de
1235 2733 1493 2788 omnibus
1562 2735 1877 2800 audierunt,
1907 2737 2085 2790 omni-

505 2821 608 2874 bus
637 2823 799 2876 etiam
827 2823 1038 2878 dicunt.

580 2915 745 2971 Vsus.
777 2917 866 2970 ll.
914 2915 1044 2970 Volo
1069 2933 1190 2988 ergo
1215 2917 1454 2987 iuniores
1485 2919 1697 2982 nubere,
1754 2920 1896 2988 ﬁlios
1955 2936 2085 2989 pro-

507 3025 710 3072 creare,
745 3011 1185 3078 matresfamilias
1237 3027 1371 3066 esse.
1438 3013 1694 3082 Inprimis
1728 3013 1971 3082 quidem,
2005 3016 2087 3069 in-

507 3104 650 3170 quit,
687 3102 922 3170 optarim
973 3117 1068 3156 cas
1126 3113 1281 3172 pacta
1348 3117 1449 3158 sua
1506 3119 1614 3157 non
1663 3105 1818 3158 irrita
1861 3104 2084 3162 facere:

2190 2650 2280 2701 τοῦ
2314 2647 2540 2718 ἑρευνᾷν
2572 2645 2772 2710 πάντα,
2821 2646 2917 2697 καὶ
2945 2645 3237 2714 φλυαρίαν,
3272 2645 3336 2696 ἐκ
3373 2642 3468 2696 τοῦ
3497 2643 3676 2710 λέγειν
3693 2641 3773 2694 τὰ

2191 2742 2407 2793 πάντων
2452 2737 2587 2809 πρὸς
2631 2737 2861 2803 πάντας,
2895 2735 3398 2808 ὲκτραχηλίζονται.

2261 2926 2562 2992 Βούλομαι
2615 2917 2730 2976 οὖν
2765 2921 3066 2989 νεωτέρας
3105 2920 3334 2990 ταμεῖν,
3368 2921 3772 2990 τεκνογονεῖν,

2191 3013 2664 3069 οἰκοδεσποτεῖν.
2721 3013 3155 3085 Προηγονμένως
3209 3013 3331 3082 μὲν,
3382 3015 3567 3084 φησιν,
3611 3013 3776 3082 ἠϐου-

2191 3107 2363 3178 λόμην
2411 3108 2580 3169 αὐτὰς
2625 3107 2699 3178 μὴ
2729 3105 2992 3174 ἀθετῆσαι
3033 3106 3133 3168 τὰς
3182 3105 3471 3176 συνθήκας.
3517 3106 3669 3158 Ἐπεὶ
3716 3104 3774 3156 δὲ

509 3191 635 3260 quia
668 3204 797 3244 vero
831 3191 1244 3246 matrimonium
1280 3193 1384 3248 ille
1434 3195 1683 3264 cupiunt,
1715 3196 1836 3250 volo
1888 3209 1941 3251 et
1987 3213 2087 3269 ego

2205 3196 2354 3254 ιῦται
2404 3200 2682 3271 βούλονται
2712 3199 2804 3251 τὸν
2851 3198 3051 3268 γάμον,
3097 3198 3356 3268 βούλομαι
3403 3196 3580 3266 κάγὼ,
3633 3214 3770 3266 συγ-

512 3283 814 3347 utnubant,
853 3283 1146 3354 indulgens
1170 3285 1432 3340 nimirum
1465 3303 1654 3342 earum
1707 3291 1869 3344 votis.
1905 3291 2091 3348 Satius

509 3373 658 3425 enim
695 3382 902 3428 esteas
958 3374 1410 3431 matresfamilias
1433 3393 1575 3444 esse,
1606 3379 1656 3434 id
1686 3389 1792 3445 est,
1852 3395 1964 3435 sua:
1996 3385 2094 3435 do-

514 3477 636 3518 mus
667 3479 857 3518 curam
890 3481 1100 3536 gerere,
1134 3476 1186 3522 et
1212 3468 1455 3539 operari,
1483 3485 1646 3538 quam
1701 3473 1908 3530 alienas
1953 3475 2095 3530 aedes

511 3556 728 3610 curiose
762 3568 1111 3626 pererrantes
1143 3561 1337 3631 nugari
1373 3571 1425 3615 et
1479 3563 1662 3617 otiari.
1717 3564 1851 3618 Cum
1913 3575 2094 3619 autem

510 3650 668 3716 dixit,
712 3649 890 3707 Filios
923 3669 1223 3722 procreare,
1251 3655 1491 3710 ostendit
1525 3657 1669 3725 quod
1705 3665 1927 3727 propter
1959 3658 2094 3712 libe-

515 3758 700 3796 rerum
729 3746 1165 3813 procreationem
1203 3747 1640 3800 contrahendum
1699 3749 1773 3804 sit
1807 3749 2096 3803 matrimo-

512 3835 687 3898 nium,
725 3846 784 3888 ut
816 3837 1003 3905 plures
1035 3838 1100 3890 ad
1132 3836 1301 3892 Deum
1338 3838 1599 3893 adducat.

591 3923 754 3980 Vsus.
808 3925 896 3980 15.
953 3923 1175 3979 Nullam
1231 3928 1556 3980 occasionem
1609 3929 1736 3984 dare
1791 3930 2097 3985 aduersario

511 4017 788 4070 maledicti
816 4020 992 4088 gratia
1034 4034 1055 4072 :
1079 4019 1197 4088 jam
1225 4022 1366 4074 enim
1423 4022 1669 4091 quad-am
1723 4039 1923 4078 aversa:
1976 4036 2124 4098 sunt.

2197 3292 2562 3346 καταϐαίνων.
2619 3293 2882 3362 Κρεῖττον
2925 3291 3033 3360 γὰρ
3063 3291 3480 3355 οἰκοδεσποτεῖν,
3501 3290 3771 3355 τουτέστι,

2195 3385 2287 3437 τοῦ
2321 3383 2524 3437 οἰκείου
2551 3385 2701 3438 οἴκου
2735 3382 3040 3455 φροντίζειν
3071 3383 3164 3435 καὶ
3194 3382 3543 3452 ἐργάζεσθαι,
3567 3381 3599 3451 ἢ
3627 3380 3778 3434 ἀλλο·

2198 3480 2381 3549 τρίους
2431 3480 2613 3540 οἴκους
2659 3476 3090 3547 περιερχομὲνας
3133 3475 3394 3543 φλυαρεῖν
3439 3476 3533 3526 καὶ
3559 3475 3774 3544 ἀργεῖν.

2200 3570 2382 3623 Εἰπὼν
2414 3571 2492 3636 δὲ,
2541 3567 2944 3638 Τεκνογονεῖν,
2975 3566 3174 3631 ἔδειξεν
3205 3567 3288 3619 ὅτι
3315 3565 3404 3618 διὰ
3434 3566 3778 3632 τεκνογονίαν

2199 3663 2279 3716 δεῖ
2325 3663 2631 3716 ὑπεισιὲναι
2681 3662 2770 3714 τὸν
2825 3661 3028 3732 γάμον,
3087 3661 3176 3713 ἵνα
3223 3659 3478 3723 πλείονας
3531 3658 3781 3730 προσάξῃ

2199 3756 2274 3823 τῲ
2305 3754 2446 3824 Θεῷ.

2269 3936 2581 4007 Μηδεμίαν
2625 3933 2905 4006 ἀφορμὴν
2962 3934 3190 3990 διδόναι
3251 3937 3330 4002 τῷ
3393 3938 3782 4007 ἀντικειμένη-ῳ

2199 4031 2518 4100 λοιδορίαςζ
2552 4029 2750 4100 χάριν.
2803 4029 2945 4097 Ἤδη
2993 4029 3106 4099 γάρ
3156 4046 3313 4097 τινες
3358 4029 3780 4098 ἐξετράπησαν

508 4119 626 4180 post
656 4109 942 4166 Satanam.
1001 4112 1141 4176 Quia
1198 4112 1413 4168 dixerat
1463 4128 1558 4169 eas
1605 4125 1809 4171 matres
1863 4117 2088 4172 familias

2205 4125 2398 4178 ὀπίσω
2428 4123 2534 4177 τοῦ
2573 4121 2828 4180 Σατανᾶ.
2879 4121 3098 4194 Ἐπειδὴ
3141 4119 3313 4189 εἶπεν,
3343 4124 3777 4191 Οἰκοδεσποτείν,

507 4217 632 4257 esse
654 4203 874 4269 debere,
901 4219 968 4260 ne
992 4204 1243 4259 videatur
1277 4205 1589 4260 libertatem
1618 4209 1699 4261 eis
1738 4209 1874 4262 dare
1907 4211 1971 4263 ad
1998 4210 2097 4266 de-

514 4295 690 4361 licias,
716 4295 900 4349 intulit
932 4306 948 4348 :
993 4296 1220 4350 Nullam
1253 4298 1583 4351 occasionem
1610 4299 1760 4354 dare.
1789 4301 1880 4356 Sic
1903 4303 2074 4364 enim,

509 4386 713 4455 inquit,
748 4387 942 4442 domus
970 4403 1157 4442 curam
1202 4388 1362 4452 habe,
1425 4405 1493 4444 ne
1522 4391 1762 4447 animam
1821 4401 1968 4448 tuam
2007 4395 2097 4450 lte-

519 4475 640 4531 das.
677 4474 970 4543 Praeterea,
999 4480 1290 4548 perspicue
1322 4480 1407 4534 hic
1430 4496 1654 4553 scopum
1691 4499 1850 4538 suum
1871 4485 2093 4550 indicat,

2199 4218 2286 4270 ἵνα
2323 4215 2397 4285 μὴ
2428 4215 2554 4288 δόξῃ
2583 4217 2765 4271 ἄνεσιν
2785 4216 2975 4279 αὐταῖς
2996 4215 3273 4280 δοῦναιείς
3303 4215 3532 4286 τρυφὴν,
3565 4217 3780 4288 ἀπή-τα-

2200 4326 2282 4377 γε·
2315 4309 2628 4379 Μηὸεμιάν
2661 4309 3203 4379 ἀφορμὴνὸιδόναθ.
3245 4310 3401 4365 Οὕτω
3442 4311 3572 4382 γὰρ,
3592 4314 3778 4384 φησιν,

2203 4403 2464 4472 ἐπιμελοῦ
2496 4401 2589 4456 τοῦ
2623 4406 2794 4469 οῐκου,
2828 4403 2968 4456 ὥστε
3003 4403 3078 4475 μὴ
3133 4404 3396 4475 βλαϐῆναι
3430 4406 3528 4476 τὴν
3576 4408 3777 4479 ψυχήν.

2203 4497 2312 4549 Καὶ
2363 4494 2560 4560 ἄλλως,
2612 4495 2847 4549 ἐνταῦθα
2892 4497 3158 4567 ἁριδήλως
3206 4497 3297 4549 τὸν
3348 4498 3541 4550 ἑαυτοῦ
3579 4499 3781 4554 σκοπὸν

510 4569 704 4639 iquare
746 4571 828 4626 eis
860 4571 1150 4626 indulserit
1177 4589 1189 4626 :
1239 4571 1318 4628 Ne
1345 4574 1496 4640 dent,
1527 4577 1725 4646 inquit,
1748 4581 2088 4634 occasionem

2205 4586 2371 4657 δηλοῖ,
2407 4586 2493 4640 διὰ
2524 4587 2574 4639 τί
2611 4586 2920 4658 συγκατὲὁη
2958 4588 3201 4652 ταύταιςο
3239 4591 3338 4642 Διὰ
3359 4591 3420 4643 τὸ
3447 4589 3523 4662 μὴ
3553 4589 3778 4661 διδόναι,

517 4661 738 4714 diabolo
773 4661 1046 4716 illudendi
1095 4679 1154 4717 se
1189 4671 1246 4716 ιιι
1273 4680 1395 4734 quae
1448 4682 1664 4736 sponsae
1703 4667 1908 4723 Christi
1969 4684 2094 4725 cum

517 4759 730 4814 essent,
769 4748 928 4804 factae
966 4751 1078 4804 sint
1109 4751 1395 4820 adulterae,
1453 4768 1674 4827 propter
1715 4759 2095 4815 adolescentiae

513 4840 969 4895 inconstantiam.
1001 4841 1131 4896 Eam
1160 4843 1228 4896 ob
1259 4858 1372 4898 rem
1405 4845 1507 4900 sub
1547 4847 1879 4901 matrimonii
1900 4848 2092 4918 jngunt

507 4945 601 4985 eas
639 4931 805 4996 duco,
834 4947 903 4987 ne
929 4933 1130 4988 soluta:
1155 4950 1281 4990 cum
1319 4938 1454 5004 sint,
1527 4939 1671 4992 mala
1720 4955 1883 5010 supra
1945 4940 2092 4995 dicta

507 5023 862 5078 contrahant.

579 5111 751 5167 Vsus.
783 5114 872 5168 l6.
898 5111 993 5168 Sin
1027 5115 1200 5184 ﬁdelis
1227 5117 1513 5186 quispiam,
1549 5127 1641 5170 aut
1689 5118 1860 5186 ﬁdelis
1907 5122 2089 5190 aliqua

503 5205 658 5259 habet
691 5205 900 5272 viduas,
924 5207 1292 5263 subministret
1340 5211 1468 5264 illis.
1505 5208 1771 5265 Fidelium
1827 5218 1974 5279 enim
2013 5215 2089 5267 τί-

502 5299 624 5353 dum
655 5300 724 5355 ab
762 5299 1083 5357 inﬁdelibus
1151 5302 1220 5355 ali
1277 5318 1383 5356 non
1441 5302 1734 5368 debebant,
1803 5322 1870 5360 ne
1935 5306 2086 5362 vide-

504 5404 902 5451 rentureorutn
942 5412 1109 5467 opera
1160 5397 1428 5468 indigere.
1472 5400 1606 5454 Cum
1665 5408 1843 5456 autem
1898 5403 2082 5457 dixit:

505 5483 1057 5556 Snbtninistretillis,
1091 5503 1358 5566 quantum
1410 5495 1544 5548 satis
1575 5507 1680 5560 εει,
1734 5510 1843 5550 non
1890 5511 2083 5568 supcr-

502 5577 762 5634 lluitatem
787 5583 1140 5653 signiﬁcavit.

578 5674 646 5727 lit
678 5693 780 5728 non
811 5687 1058 5748 gratetur
1091 5677 1354 5744 Ecclesia,
1378 5691 1433 5733 ut
1463 5682 1528 5735 iis
1579 5698 1694 5748 quis
1744 5699 1860 5738 rere
1912 5684 2082 5739 ridua:

501 5767 884 5837 suntsufficiat.
945 5768 1183 5824 Proinde
1209 5768 1413 5835 ﬁdeles,
1439 5773 1484 5826 si
1531 5789 1662 5828 suas
1702 5773 1945 5843 ipsorum
2000 5779 2081 5830 vi-

503 5858 642 5915 duas
699 5859 870 5929 alant,
933 5860 1187 5920 Ecclesiae
1249 5863 1426 5920 viduis
1479 5865 1685 5936 pariter
1744 5867 2074 5926 conferunt:

2200 4679 2384 4748 φησιν,
2435 4679 2693 4752 ἀφορμὴν
2741 4679 2818 4750 τῷ
2847 4679 3076 4764 διαϐρλῳ
3119 4682 3256 4752 πρὸς
3304 4682 3362 4734 τὸ
3402 4684 3628 4748 ταύταις
3680 4687 3782 4757 ἑμ-

2198 4770 2437 4835 παίζειν,
2473 4771 2714 4842 νύμφαις
2748 4772 2845 4842 μὲν
2889 4771 3078 4838 οὔσαις
3110 4774 3369 4844 Χριστοῦ,
3422 4777 3696 4848 μοιχαλξσι
3720 4780 3779 4834 δὲ

2180 4863 2505 4933 γινομέναις
2528 4864 2616 4918 διὰ
2642 4865 2702 4918 τὸ
2723 4867 3052 4937 άστήρικτον
3072 4868 3168 4937 τῆς
3193 4868 3441 4938 νεότητος
3461 4887 3474 4899 ο
3503 4868 3592 4924 διὰ
3619 4871 3777 4926 τοῦτο

2193 4955 2297 5008 ὑπὸ
2327 4957 2414 5008 τὸν
2443 4955 2604 5024 ζυγὸν
2631 4955 2723 5010 τοῦ
2753 4957 2932 5026 γάμου
2961 4960 3163 5021 ταύτας
3194 4959 3331 5027 ἄγω,
3387 4961 3472 5014 ἵνα
3500 4961 3575 5034 μὴ
3599 4963 3778 5017 ᾶνετοι

2191 5045 2368 5112 οὖσαι,
2407 5048 2473 5102 τά
2508 5050 2891 5120 προειρημένα
2932 5049 3080 5104 κακᾶ
3115 5052 3522 5122 ὲπισύρωνται.

2264 5143 2331 5195 El
2376 5141 2442 5194 δέ
2469 5159 2557 5208 τις
2593 5144 2808 5208 πιστὸς
2847 5143 2884 5212 ἢ
2927 5144 3113 5212 πιστὴ
3163 5145 3288 5213 ἔχει
3334 5145 3550 5216 χήρας,
3597 5147 3780 5215 ἐπαρο

2189 5236 2361 5288 κείτω
2398 5235 2628 5300 αὐταῖς.
2661 5236 2769 5298 Τάς
2805 5237 2912 5308 γὰρ
2943 5237 3052 5291 τῶν
3093 5238 3301 5292 πιστῶν
3333 5241 3508 5310 χήρας
3538 5240 3639 5293 οὐκ
3670 5241 3778 5293 ἔδει

2189 5327 2338 5399 παρὰ
2368 5329 2474 5380 τῶν
2503 5328 2748 5380 ἀπίστων
2775 5328 3092 5399 τρέφεσθαι,
3133 5329 3218 5382 ἵνα
3244 5331 3318 5402 μὴ
3349 5331 3540 5396 δόξωσι
3568 5333 3778 5398 δεῖσθαι

2185 5422 2381 5474 αὐτῶν.
2431 5422 2527 5473 Διά
2554 5421 2608 5473 δὲ
2655 5420 2749 5473 τοῦ
2795 5423 2992 5486 εἰπεῖν,
3043 5421 3407 5491 Ἐπαρκείτω,
3449 5425 3545 5495 τὴν
3577 5427 3779 5499 αὐτάρ·

2189 5532 2345 5567 κειαν
2381 5515 2671 5583 ἐδήλωσεν,
2717 5515 2776 5566 οὐ
2810 5513 2907 5585 τὴν
2944 5513 3316 5568 πολυτέλειαν.

2259 5685 2367 5740 Καὶ
2395 5685 2480 5755 μὴ
2507 5687 2812 5756 βαρείσθω
2833 5687 2870 5755 ἡ
2908 5685 3264 5756 Ἐκκλησία,
3301 5689 3400 5741 ἵνα
3433 5689 3561 5755 ταῖς
3593 5692 3780 5758 ὄντως

2195 5776 2409 5848 χήραις
2451 5779 2782 5847 ἐπαρκέσῃ.
2835 5778 2996 5832 Ὥστε
3026 5779 3076 5832 οἱ
3123 5779 3305 5834 πιστοὶ
3352 5781 3644 5852 τρέφοντες
3676 5785 3778 5846 τὰς

2191 5873 2404 5930 ἑαυτῶν
2427 5874 2626 5946 χήρας,
2651 5873 2756 5932 καὶ
2785 5875 2904 5940 ταῖς
2935 5875 3032 5948 τῆς
3051 5874 3373 5948 Ἐκκλησίας
3408 5880 3606 5948 χήραις
3635 5895 3776 5950 συμ-
