3990 6562
483 417 549 483 7i
1361 400 1933 468 THEOPHYLACTI
1964 398 2375 460 BULGARLE
2416 396 2769 457 ARCHIEP.
3655 389 3729 451 72

485 550 550 591 eo
576 531 721 604 quod
776 536 998 600 peccata
1057 523 1365 580 clanculum
1406 520 1843 577 committuntur.
1904 514 2045 583 Quid

2151 513 2507 585 τυρας⁶έχειν,
2538 514 2626 567 διὰ
2658 514 2719 568 τὸ
2746 516 2997 582 γενέσθαι
3029 514 3199 585 λάθρα
3228 513 3294 567 τὰ
3325 513 3727 586 ἁμαρτήματα.

486 636 667 682 autem
700 626 745 679 si
779 630 1001 694 peccata
1033 620 1141 675 sint
1228 618 1285 672 in
1344 616 1626 677 confesso,
1668 621 1836 668 testes
1863 620 2045 663 autem

487 736 594 773 non
636 717 900 779 habeant,
936 711 1037 769 sed
1069 710 1239 764 solam
1268 721 1486 778 pravam
1519 700 1926 775 suspicionem?
1978 699 2049 754 De

489 813 587 866 hoc
625 824 789 879 supra
822 806 963 862 dixit
994 821 1007 856 :
1037 801 1252 870 Oportet
1278 815 1398 853 eum
1452 797 1645 851 bonum
1672 795 1834 849 etiam
1897 791 2048 846 testi-

485 901 719 956 monium
746 897 933 950 habere
974 892 1038 947 ab
1066 892 1131 945 iis
1161 890 1248 960 qui
1289 887 1421 957 [oris
1444 893 1588 941 sunt.

552 990 714 1047 Vsus.
746 987 836 1041 20.
864 986 1146 1041 l’eccantes
1172 992 1348 1035 autem
1379 993 1559 1033 coram
1596 975 1835 1030 omnibus
1863 987 2044 1043 argue,

483 1096 539 1138 ut
587 1091 636 1136 et
688 1081 864 1135 ca'teri
902 1079 1143 1131 timorem
1192 1071 1437 1126 habeant.
1469 1066 1887 1138 581llocest,
1925 1078 2047 1134 per-

484 1183 797 1228 severantes
817 1170 870 1224 in
890 1176 1136 1239 peccato,
1166 1173 1219 1220 et
1240 1160 1724 1234 quosinquirendo
1752 1156 2047 1227 deliquisse

482 1263 781 1325 inveneris,
812 1275 981 1330 argue
1033 1260 1382 1315 vehementer
1436 1265 1492 1313 et
1547 1267 1755 1317 severe,
1812 1264 1923 1304 non
1988 1254 2046 1300 ut

481 1357 913 1427 indignationem
941 1367 995 1411 et
1017 1355 1259 1410 animum
1293 1364 1444 1409 tuum
1477 1351 1714 1421 expleas,
1738 1346 1832 1403 sed
1864 1353 1926 1400 ut
1954 1358 2044 1398 re-

480 1450 616 1518 liqui
666 1459 876 1502 terrore
929 1445 1165 1515 perculsi
1220 1444 1587 1513 castigentur.
1648 1438 1783 1494 Nam
1829 1440 2045 1505 oportet

478 1540 795 1609 episcopum
819 1536 981 1591 etiam
1022 1534 1317 1590 verendum
1368 1547 1512 1588 esse.
1573 1524 2042 1595 QuemadmOdllm

481 1632 628 1683 enim
660 1627 981 1697 simpliciter
1002 1635 1056 1679 et
1085 1626 1212 1679 sine
1248 1623 1458 1692 judicio
1487 1619 1872 1681 condemnare,
1897 1627 2046 1668 arro-

478 1736 617 1792 gans
637 1728 742 1783 est,
776 1719 924 1773 hunc
958 1718 1023 1771 ad
1057 1716 1280 1771 modum
1316 1729 1437 1769 reos
1485 1726 1593 1767 non
1620 1706 2042 1780 reprehendere,

482 1813 746 1880 pestilens
769 1816 873 1872 est,
898 1806 965 1861 ad
1008 1808 1208 1860 multos
1244 1804 1491 1859 morbum
1536 1800 1862 1856 extendens.
1899 1796 2046 1862 Quo-

480 1903 641 1954 modo
672 1900 835 1969 igitur
860 1897 1124 1951 Dominus
1154 1895 1294 1949 dixit
1321 1895 1374 1947 in
1398 1891 1715 1960 Evangelia,
1772 1887 1831 1943 Si
1860 1903 2045 1958 pecca-

477 1992 605 2045 virit
632 1991 683 2043 in
713 2001 761 2043 te
808 1989 978 2058 frater
1019 1999 1162 2050 tuus,
1211 1985 1321 2048 abi,
1363 2000 1524 2054 argue
1558 1998 1679 2036 eum
1727 1980 1866 2034 inter
1909 1990 1956 2034 te
1999 1988 2048 2032 et

476 2083 652 2152 ipsum
682 2081 849 2136 solum
881 2081 949 2113 ’ν
990 2080 1013 2135 ’ί
1044 2079 1209 2148 Atqui
1237 2086 1291 2132 et
1314 2078 1467 2132 illum
1502 2077 1555 2130 in
1588 2075 1823 2145 peccatis
1866 2087 2050 2144 persc-

478 2184 755 2228 vei-antem
806 2171 1075 2240 permittit
1129 2169 1346 2238 publice
1413 2168 1589 2237 argui.
1639 2164 1779 2230 Quid
1837 2162 2050 2235 igitur?

398 2272 403 2279 '
481 2282 663 2321 nonne
689 2265 1081 2320 ollendiculum
1107 2264 1328 2333 prmbet,
1359 2261 1407 2317 si
1455 2261 1671 2331 publice
1712 2257 1806 2311 ﬁat
1858 2271 2079 2326 repreo,

482 2354 715 2410 hensio?
742 2358 857 2409 lmo
881 2370 911 2411 e
940 2355 1164 2409 diverso
1186 2353 1358 2423 magis
1379 2352 1626 2416 oll‘endit,
1650 2348 1699 2406 si
1741 2348 1789 2404 is
1859 2347 1953 2416 qui
1979 2348 2048 2400 ah

480 2448 734 2502 muuibus
759 2462 1019 2517 peccasse
1049 2446 1422 2515 cognoscitur,
1454 2458 1560 2498 uon
1587 2449 1869 2512 arguatur.
1898 2437 2049 2494 lianc

476 2538 548 2591 ob
614 2552 836 2590 cauSam
895 2534 1041 2590 Deus
1110 2534 1451 2588 Pharaonem
1484 2530 1551 2595 ⁸⁸,
1608 2537 1663 2584 et
1696 2527 2052 2583 Nabuchodo-

480 2641 647 2682 nosor
675 2626 759 2689 ³⁸⁸⁸,
790 2634 843 2681 et
882 2626 1168 2696 plerosque
1192 2624 1329 2679 alios
1373 2623 1425 2678 in
1455 2622 1693 2677 medium
1741 2618 2048 2690 produeeus

481 2718 713 2788 punivit,
741 2726 800 2771 ut
826 2720 936 2773 vita
972 2718 1291 2773 mortalium
1322 2714 1669 2771 emendetur.

551 2807 716 2864 Vens.
772 2808 862 2864 21.
928 2808 1111 2863 Testor
1158 2824 1337 2862 coram
1396 2806 1508 2862 Deo
1561 2815 1611 2860 et
1665 2804 1885 2857 Domino
1916 2800 2047 2857 Iesu

483 2899 718 2963 Christo,
743 2913 791 2954 et
841 2899 1023 2954 electis
1080 2901 1303 2970 angelis.
1345 2898 1481 2955 Cum
1546 2900 1614 2955 de
1649 2899 1836 2954 multis
1891 2898 2045 2967 prius

480 2993 674 3062 positis
697 2990 1071 3055 disseruisset,
1100 3006 1246 3045 nunc
1272 2992 1531 3061 quoniam
1554 2991 1620 3046 de
1638 2990 1853 3060 judicio
1882 2988 2046 3044 verba

480 3086 637 3145 facit,
671 3084 985 3138 obtestatur
1015 3099 1139 3138 eum
1180 3084 1334 3137 valde
1368 3083 1725 3138 ltorribiliter.
1756 3081 1872 3138 Non
1897 3083 2042 3137 enim

2152 610 2217 661 Τί
2259 607 2352 662 οὖν
2383 608 2450 661 ἂν
2492 609 2866 680 ὡμολόγηνται
2910 611 3009 678 μὲν
3044 611 3111 663 τὰ
3156 610 3551 681 ἁμαρτήματα,
3589 608 3732 682 pip-

2149 717 2318 772 τυρας
2370 701 2426 754 δὲ
2480 700 2556 772 μὴ
2610 700 2730 771 ἔχῃ,
2787 702 2923 755 ἀλλά
2970 703 3129 771 μόνον
3158 703 3271 772 ἔχει.
3314 702 3556 773 πονηρὰν
3593 701 3728 756 ὑπό-

2149 806 2336 857 νοιανς
2387 791 2523 860 Περὶ
2550 790 2740 844 τούτου
2780 787 2932 844 εἶπεν
2963 790 3099 856 ἄνω,
3143 793 3228 844 ὅτι
3273 792 3375 845 Δεῖ
3410 794 3597 847 αὐτὸν
3625 792 3728 848 καί

2144 882 2477 949 μαρτυρίαν
2503 881 2703 950 καλὴν
2732 883 2898 951 ἔχειν
2926 884 3046 938 ἀπὸ
3082 883 3199 936 τῶν
3233 882 3475 945 ἔξωθεν.

2223 972 2363 1040 Τοὺς
2385 972 2455 1027 δὲ
2463 975 2933 1044 ἁμαρτάνοντας,
2958 976 3215 1029 ἐνώπιον
3233 976 3475 1029 πάντων
3492 975 3725 1045 ἔλεγχε,

2147 1064 2247 1119 ἵνα
2271 1065 2367 1119 καί
2387 1068 2441 1119 οἱ
2459 1066 2658 1120 λοιποί
2683 1066 2875 1135 φόϐον
2894 1068 3097 1135 ἔχωσι.
3128 1067 3409 1127 Τουτέστι.
3439 1065 3576 1129 Τοὺς
3604 1068 3727 1120 ἐπι-

2151 1154 2408 1227 μένοντας
2437 1159 2503 1227 τῇ
2536 1158 2803 1231 ἁμαρτία,
2844 1159 2936 1212 καὶ
2968 1156 3062 1221 οὓς
3100 1157 3267 1229 εὕρῃς
3299 1157 3439 1227 μετὰ
3471 1157 3725 1228 ἐρεύνης.

2147 1246 2337 1317 ἔλεγχε
2374 1247 2619 1318 σφοδρῶς
2648 1248 2741 1301 καὶ
2773 1249 3064 1318 ἀποτόμως
3102 1248 3150 1280 ⁸⁸
3172 1289 3188 1315 ,
3244 1249 3363 1318 οὐχὶ
3412 1247 3502 1299 τὸν
3553 1246 3726 1316 θυμόν

2148 1355 2243 1391 σου
2294 1340 2633 1409 θεραπεύων,
2712 1341 2828 1396 ἀλλ’
2855 1343 2944 1396 ἴνα
2998 1344 3047 1396 οί
3088 1342 3265 1395 λοιποὶ
3317 1339 3729 1412 σωφῳνισθῶσι

2147 1429 2495 1502 φοϐηθέντες.
2545 1436 2637 1485 Δεῖ
2678 1434 2786 1506 γὰρ
2844 1433 2938 1487 καὶ
2978 1434 3207 1507 φοϐερὸν
3264 1429 3404 1489 εἶναι
3459 1433 3549 1486 τὸν
3603 1433 3725 1486 ἐπί-

2147 1538 2369 1577 σκοπον.
2417 1524 2747 1598 Ὦσπεργὰρ
2775 1524 2835 1577 τὸ
2862 1525 3048 1590 ἁπλῶς
3077 1523 3444 1596 κατακρίνειν,
3470 1524 3722 1587 αὔθαδεςο

2145 1612 2286 1667 οὕτω
2321 1613 2415 1666 καὶ
2452 1618 2514 1668 τὸ
2550 1615 2625 1687 μὴ
2665 1617 2792 1680 τοὺς
2848 1618 3067 1687 ἐνόχους
3110 1617 3374 1687 ἐλέγχειν,
3437 1614 3722 1685 λοιμῶδες,

2146 1706 2225 1768 είς
2259 1705 2484 1769 πολλοὺς
2508 1708 2605 1776 τὴν
2636 1707 2789 1761 νόσον
2819 1709 3075 1762 ἐκτείνον.
3112 1708 3235 1772 Πῶς
3254 1704 3345 1762 οὖν
3377 1703 3529 1760 εἶπεν
3558 1707 3585 1759 ὁ
3616 1705 3727 1759 Κύ-

2151 1813 2261 1865 ριος
2290 1799 2347 1851 ὲν
2381 1799 2750 1867 Εὑαγγελίοις·
2784 1801 3034 1870 "Mars,
3061 1800 3315 1869 ἔλεγξον
3344 1798 3531 1854 αὐτὸν
3545 1814 3727 1868 μετα·

2150 1887 2224 1953 εὑ
2253 1888 2370 1944 σοῦ
2394 1891 2492 1945 καί
2517 1891 2705 1946 αὑτοῦ
2726 1895 2940 1963 μόνον,
2957 1894 3067 1946 ἐὰν
3082 1895 3165 1959 εις
3188 1895 3263 1946 σέ
3289 1891 3551 1961 ἁμάρτω
3577 1891 3727 1960 Πλὴν

2149 1981 2401 2037 κάκεῖνον
2453 1983 2758 2053 ἐμμένοντα
2808 1988 2873 2055 τῇ
2932 1984 3200 2056 ἁμαρτίᾳ,
3258 1985 3529 2053 συγχωρεῖ
3570 1985 3724 2054 κοινῇ

2147 2071 2489 2144 ἐλέγχεσθαι.
2521 2076 2587 2128 Τί
2617 2075 2709 2129 οὖν
2736 2093 2751 2143 ;
2783 2075 2904 2146 οὐχὶ
2929 2075 3273 2141 σκανδαλίζει
3299 2075 3359 2129 τὸ
3386 2078 3538 2145 κοινῇ
3570 2073 3729 2141 ἐλέγ-

2148 2164 2376 2234 χεσθαι;
2410 2167 2723 2223 τούναντίον
2756 2168 2857 2239 μὲν
2884 2164 2977 2223 οὖν
3020 2169 3219 2239 μᾶλλον
3256 2166 3618 2232 σκανδαλίζει,
3664 2166 3727 2218 τὸ

2150 2257 2298 2326 παρὰ
2328 2257 2543 2310 πάντων
2574 2258 2938 2326 γινώσκεσθαι
2966 2261 3057 2313 τὸν
3088 2261 3493 2332 αμαρτάνοντα,
3520 2257 3618 2311 καὶ
3645 2257 3724 2327 μὴ

2148 2346 2484 2418 ἐλέγχεσθαι.
2523 2348 2622 2403 Διὰ
2663 2350 2820 2405 τοῦτο
2871 2353 2964 2406 καὶ
2992 2352 3021 2404 ὁ
3059 2352 3211 2416 Θεὸς,
3260 2351 3474 2404 καὶτὸν
3498 2347 3722 2419 Φαραὼ,

2148 2439 2357 2493 καὶτὸν
2382 2440 2874 2513 Ναὸουχοδονόσορ,
2918 2442 3010 2496 καὶ
3039 2442 3265 2506 πολλοὺς
3298 2440 3491 2506 ἄλλους
3514 2440 3593 2505 είς
3629 2438 3728 2510 μέ-

2151 2546 2241 2583 σον
2272 2529 2499 2601 ἁγαγὼν
2531 2534 2810 2601 ἐκόλασεν,
2841 2533 2927 2587 ἵνα
2953 2534 3294 2606 σωςορονισθῇ
3324 2534 3353 2587 ὁ
3380 2531 3517 2604 βίος.

2256 2828 2722 2900 Διαμαρτύρομαι
2807 2831 3064 2886 ἐνώπιον
3144 2832 3249 2886 τοῦ
3346 2830 3493 2887 Θεοῦ
3519 2872 3536 2897 ,
3621 2831 3723 2887 καὶ

2155 2923 2372 2991 Κυρίου
2416 2921 2620 2990 Ἰησοῦ
2654 2924 2929 2994 Χριστοῦ,
2960 2923 3058 2977 καί
3088 2922 3207 2978 τῶν
3234 2920 3535 2978 ἐκλεκτῶν
3551 2924 3722 2995 ἀγγέ-

2152 3016 2298 3067 λων.
2327 3014 2641 3085 Διαλεχθεὶς
2678 3017 2808 3085 περὶ
2833 3014 3041 3071 πολλῶν
3070 3015 3181 3069 τῶν
3207 3016 3489 3087 ἀνωτέρω,
3512 3014 3607 3069 νῦν
3635 3016 3719 3069 ὅτι

2152 3108 2279 3179 περὶ
2320 3109 2553 3179 κρίσεως
2578 3110 2622 3140 ⁵⁷
2658 3103 2800 3174 εἷπε,
2831 3108 3266 3179 διαμαρτύρεται
3292 3109 3454 3162 αὐτὸν
3482 3109 3577 3163 καὶ
3598 3108 3718 3162 λίαν

480 3177 613 3243 quia
641 3175 968 3231 Timotheus
1006 3184 1148 3239 erat,
1174 3173 1528 3229 reverebatur
1561 3188 1711 3238 eum,
1742 3174 1834 3229 scil
1867 3175 2047 3226 muni-

2155 3173 2425 3268 sip-tX‘ttD-C.
2457 3202 2533 3254 Οὐ
2559 3201 2668 3271 γὰρ
2698 3201 2887 3271 ἐπειδὴ
2914 3173 3178 3272 ’Ϊιμὸθε-ος
3213 3196 3300 3272 ἦν,
3333 3200 3556 3273 ᾐδέσθη,
3601 3200 3717 3255 ἀλλ’

478 3269 555 3323 vit
578 3284 722 3323 eum.
754 3264 810 3321 Si
847 3267 991 3322 enim
1052 3268 1119 3322 de
1148 3266 1334 3336 seipso
1378 3265 1540 3330 dixit,
1574 3263 1657 3319 Ne
1701 3265 1824 3320 aliis
1854 3265 2049 3335 praedi-

481 3378 635 3426 cans,
682 3362 793 3430 ipse
860 3359 1112 3429 reprobus
1174 3348 1412 3413 inveniar
1436 3358 1503 3426 ⁸³,
1552 3360 1724 3413 multo
1783 3360 1954 3428 magis
1983 3360 2049 3414 de

481 3453 775 3509 Timotheo
806 3453 911 3510 hoc
936 3453 1120 3509 dicere
1147 3467 1257 3508 non
1290 3459 1375 3507 est
1399 3451 1633 3508 veritus.
1666 3452 1836 3507 Vocat
1864 3462 2046 3507 autem

478 3554 675 3600 testem
707 3557 760 3600 et
793 3544 1005 3599 Patrem
1037 3554 1091 3600 et
1116 3543 1334 3609 Filium,
1364 3553 1425 3599 ut
1461 3543 1513 3600 in
1549 3543 1735 3598 futuro
1773 3544 1860 3599 die
1890 3544 2050 3599 facile

482 3638 733 3692 excusari
799 3638 993 3707 possit,
1055 3639 1101 3692 si
1161 3636 1289 3707 quid
1321 3636 1467 3707 quod
1521 3653 1630 3692 non
1686 3637 1864 3702 decet,
1931 3638 2049 3707 ipso

482 3728 847 3799 praecipiente,
888 3731 1087 3782 factum
1120 3728 1212 3782 sit.
1242 3727 1309 3781 At
1334 3728 1495 3797 cujus
1520 3727 1597 3782 rei
1624 3730 1799 3798 gratia
1827 3729 2048 3797 angelos

480 3820 645 3873 simul
679 3818 954 3873 assumit?
982 3834 1046 3872 eo
1077 3818 1221 3885 quod
1247 3827 1300 3872 et
1322 3818 1500 3888 angeli
1535 3818 1587 3871 iu
1623 3818 1808 3873 futuro
1840 3817 2048 3888 judicio

396 3912 409 3917 “
480 3906 715 3964 Domino
741 3907 965 3963 aﬂ'uturi
1000 3909 1110 3962 sint
1138 3908 1423 3963 satellites.
1457 3906 1552 3963 Est
1576 3918 1757 3963 autem
1805 3918 1859 3964 et
1885 3910 2048 3965 nobis

480 4001 536 4054 in
567 4014 739 4065 more,
772 4008 826 4054 et
858 4000 1095 4070 majores
1128 4009 1181 4054 et
1217 3997 1460 4054 minores
1493 4014 1756 4068 personas
1812 4001 1866 4055 in
1899 4003 2051 4056 testi-

486 4094 731 4150 monium
756 4093 1029 4161 accipere.
1069 4090 1221 4145 lianc
1268 4091 1335 4146 ad
1372 4093 1639 4147 rationem
1672 4089 1845 4148 Jacob
1880 4092 2048 4147 Deum
2088 4112 2110 4121 ι

477 4195 533 4240 et
567 4200 717 4239 aram
750 4186 804 4239 in
827 4192 1024 4240 testem
1046 4185 1294 4240 assumit.
1325 4184 1470 4252 Quin
1494 4187 1659 4241 etiam
1697 4184 1898 4252 Moses,
1920 4185 2049 4241 Tes-

482 4278 680 4348 ti/icor,
742 4278 941 4346 inquit,
978 4278 1166 4330 aetum
1198 4286 1245 4330 et
1282 4286 1496 4332 terram.
1562 4277 1712 4333 Adeo
1771 4278 1915 4333 enim
1965 4288 2050 4334 est

484 4382 803 4426 mansuetus
832 4370 973 4424 Deus
997 4378 1207 4435 noster,
1250 4379 1308 4424 ut
1350 4371 1435 4424 vel
1469 4386 1659 4427 servos
1717 4372 1771 4426 in
1804 4373 2051 4427 testimo-

2148 3293 2485 3363 ἠσφαλίσατο
2511 3293 2692 3346 αὐτόν.
2754 3293 2817 3346 Ει
2838 3293 2945 3364 γὰρ
2977 3292 3106 3364 περὶ
3137 3293 3332 3347 ἑαυτοῦ
3362 3293 3537 3361 ἔλεγε*
3590 3293 3717 3360 Μή·-

2149 3402 2274 3452 πως
2316 3385 2527 3452 ἄλλοις
2574 3385 2864 3453 κηρύξας.
2902 3384 3087 3452 αὐτὸς
3113 3385 3401 3453 ἀδόκιμος
3438 3379 3717 3455 γένωμαι,

2150 3475 2331 3547 πολλῷ
2362 3477 2563 3547 μᾶλλον
2588 3479 2717 3548 περὶ
2756 3477 3021 3547 Τιμοθέου
3053 3478 3153 3531 οὐκ
3180 3477 3246 3531 ἂν
3266 3476 3485 3548 ᾐδέσθη.
3547 3474 3724 3531 Καλεῖ

2147 3570 2203 3625 δὲ
2259 3572 2511 3642 μάρτυρα
2542 3570 2636 3623 καὶ
2661 3570 2755 3623 τὸν
2792 3570 3011 3641 Πατέρα
3047 3571 3141 3625 καὶ
3172 3570 3263 3624 τὸν
3290 3569 3439 3637 Υἰὸν,
3464 3569 3541 3632 ὡς
3571 3570 3636 3624 ἂν
3663 3569 3722 3621 ὲν

2148 3668 2215 3735 τῇ
2258 3662 2524 3734 μελλούσῃ
2573 3662 2757 3733 ἡμέρᾳ
2801 3662 3201 3733 εὐαπολόγητος
3230 3659 3287 3736 ᾗ.
3338 3663 3476 3716 εἴτι
3507 3663 3722 3732 γένοιτο

2150 3755 2302 3823 παρὰ
2345 3751 2406 3805 τὸ
2437 3750 2577 3815 δέον,
2622 3754 2698 3813 ὡς
2726 3752 3115 3822 παραγγείλας.
3169 3754 3306 3815 Τοὺς
3348 3754 3404 3807 δὲ
3445 3754 3714 3822 ἀγγέλους

2149 3843 2289 3906 τίνος
2319 3844 2503 3897 ἕνεκεν
2533 3844 3099 3914 συμπαραλαμϐἀνεις
3149 3844 3293 3897 Διότι
3342 3846 3401 3897 ὲν
3436 3847 3502 3916 τῇ
3535 3845 3718 3916 κρίσει

2150 3936 2248 3989 καὶ
2277 3934 2498 4003 ἄγγελοι
2561 3933 2847 4003 μέλλουσιν
2885 3930 3025 3987 εἷναι
3053 3933 3100 3965 ⁸⁸
3155 3933 3444 4004 δορυφόροι
3490 3933 3585 3987 τοῦ
3614 3937 3714 3986 Δε-

2152 4028 2371 4082 curis-oo.
2432 4026 2593 4092 Ἔθος
2631 4026 2687 4080 δέ
2737 4027 2853 4079 ἐστι
2893 4025 2987 4079 καὶ
3042 4027 3198 4096 ἡμῖν,
3244 4027 3339 4079 καὶ
3380 4027 3716 4098 ὑπερέχοντα

2152 4121 2246 4174 καὶ
2283 4119 2548 4174 ἐλάσσονα
2581 4120 2849 4190 πρόσωπα
2894 4118 2974 4182 είς
3005 4114 3312 4189 μαρτυρίαν
3347 4118 3718 4190 παραλαμδά-

2154 4229 2289 4265 νειν.
2322 4212 2431 4265 Καὶ
2459 4210 2487 4263 ὁ
2533 4209 2726 4263 Ἰακὼϐ
2760 4210 2855 4263 καὶ
2882 4208 2973 4262 τὸν
2999 4209 3131 4263 Θεὸν
3158 4210 3252 4263 καὶ
3281 4209 3469 4279 βουνὸν
3504 4211 3550 4242 ⁵⁸
3583 4210 3720 4281 μάρο

2148 4321 2287 4375 τυρα
2320 4302 2760 4374 παραλαμϐάνει.
2797 4302 2907 4355 Καὶ
2931 4302 3135 4369 Μωσῆς
3162 4318 3176 4333 °
3207 4303 3583 4372 Mapn'vpopat
3612 4303 3720 4355 τὸν

2156 4392 2422 4461 οἱφαγὸν
2454 4392 2552 4445 καὶ
2593 4391 2707 4459 τὴν
2743 4389 2882 4461 γῆν.
2914 4388 3071 4444 Οὕτω
3100 4390 3209 4462 γάρ
3243 4394 3389 4445 ἐστιν
3420 4390 3666 4461 ἐπιεικὴς
3690 4392 3720 4445 ὁ

478 4465 629 4518 nium
662 4462 957 4533 producms
1022 4462 1273 4531 recipiat.
1350 4460 1543 4517 Electis
1621 4474 1802 4519 autem
1850 4467 2046 4535 angelis

2151 4460 2281 4548 Geo;
2316 4482 2492 4553 ἡμῶν,
2550 4482 2691 4536 ὥστε
2725 4460 2819 4534 καὶ
2861 4483 2985 4546 τοὺς
3017 4460 3235 4548 δούλους
3262 4483 3365 4546 θείς
3411 4460 3717 4554 μαρτυρίαν

480 4554 638 4621 dixit,
663 4525 1112 4625 quandoquidem
1139 4525 1194 4608 et
1222 4555 1497 4608 dmtuoncs
1548 4553 1661 4608 sint
1695 4557 1893 4625 angeli,
1920 4525 2045 4611 τεοά
2082 4525 2123 4578 D

481 4646 694 4716 rejecti.

3281 4571 3610 4632 Ἐκλεκτῶτ
3658 4573 3716 4627 δὲ

2147 4663 2435 4732 ἀγγέλων,
2465 4659 2606 4727 εἷπε,
2664 4662 2797 4716 διότι
2826 4662 3046 4731 ἄγγελοι
3086 4663 3176 4718 καὶ
3209 4665 3258 4717 οἱ
3301 4664 3573 4735 δαίμονες,
3602 4665 3723 4718 ex):

2153 4571 2854 4644 συμπαραλαμϐανομένους
2924 4572 3193 4642 δέχεσθαι.

2046 4742 2055 4753 ’
2146 4753 2466 4825 ἀπόϐλητοι.

553 4824 622 4880 Ut
649 4824 759 4880 Iure
790 4823 1068 4879 custodias
1094 4824 1208 4878 sine
1229 4825 1564 4895 prmiudicio,
1603 4829 1734 4883 nihil
1762 4832 1958 4900 [aciem
1992 4836 2046 4888 in

483 4919 713 4974 alterunt
744 4924 949 4986 partem
990 4913 1325 4970 declinando.
1357 4916 1471 4971 Hoc
1500 4926 1604 4981 est,
1629 4930 1688 4973 ut
1714 4924 1937 4992 aequalis
1969 4927 2045 4980 sis

479 5009 955 5081 disceptantibus;
995 5016 1052 5061 ut
1081 5024 1187 5062 non
1221 5009 1313 5062 liat
1343 5009 1754 5080 praejudicium:
1809 5015 1911 5070 hoc
1940 5025 2043 5080 est.

491 5115 550 5160 ut
591 5118 755 5159 nemo
786 5112 839 5158 te
863 5108 1231 5173 praeoccupct,
1267 5092 1481 5171 sibique
1509 5110 1563 5158 te
1605 5106 1948 5163 conciliando
1978 5108 2045 5164 sit

484 5199 537 5253 in
561 5210 728 5252 causa
762 5201 823 5249 ut
855 5210 953 5264 pro
979 5194 1103 5263 ipso
1131 5195 1460 5248 sententiam
1518 5195 1685 5259 feras,
1716 5212 2046 5270 causamque

480 5289 778 5359 dijudices.
807 5285 996 5357 Neque
1027 5285 1199 5340 facias
1226 5286 1528 5356 quidquam
1554 5291 1850 5346 secundum
1880 5299 2049 5366 πράσ-

476 5382 677 5450 κλισιν,
725 5382 831 5436 hoc
883 5390 989 5445 cst,
1042 5393 1109 5434 ex
1164 5377 1359 5434 allectu
1415 5379 1471 5433 in
1557 5382 1781 5439 alteram
1832 5398 2039 5457 partem

2222 4846 2356 4900 "Ira
2432 4844 2619 4899 ταῦτα
2690 4845 2976 4913 φυλάξῃς
3048 4847 3231 4915 χωρίς
3296 4848 3716 4918 προκρίματος,

2143 4935 2340 5008 μηδὲν
2375 4934 2561 4990 ποιῶν
2609 4935 2760 4990 κατὰ
2797 4940 3186 5004 πρόσκλισιν.
3253 4938 3561 5005 Τουτέστιν,
3600 4941 3716 4997 Ἵνα

2150 5029 2264 5091 ῐσος
2289 5024 2357 5101 ᾗς
2373 5029 2486 5090 τοῖς
2510 5026 2906 5097 δικαζομένοις,
2945 5029 3030 5081 ἵνα
3061 5030 3137 5100 μὴ
3169 5030 3390 5101 γένηται
3408 5032 3713 5104 πρόκριμα·

2153 5121 2458 5182 τουτέστιν,
2516 5118 2605 5171 ἵνα
2659 5119 2848 5189 μηδείς
2898 5136 2957 5172 σε
3013 5122 3512 5195 προκαταλαμὸἀνῃ
3546 5164 3561 5188 ,
3621 5126 3716 5178 καὶ

2148 5208 2626 5283 προοικειούμενός
2652 5210 2698 5241 ⁸⁸
2750 5227 2808 5263 σε
2843 5213 2969 5284 ποιῇ
3025 5214 3166 5283 ὑπὲρ
3217 5214 3384 5267 αὐτοῦ
3466 5215 3716 5270 ἐντεῦθεν

2157 5303 2257 5374 ἤδη
2289 5300 2603 5372 προκρίνειῖν
2638 5300 2731 5353 καὶ⁵
2778 5303 3321 5372 προαποφαίνεσθαισ
3369 5304 3504 5376 μηδὲ
3555 5308 3715 5377 ποιῇς

2153 5411 2208 5448 τι
2263 5391 2406 5447 κατὰ
2456 5388 2798 5461 πρόσκλισιν,
2844 5394 3113 5461 τουτέστι,
3160 5393 3301 5449 κατὰ
3342 5395 3714 5467 προσπάθειαν

547 5520 615 5553 ³⁸⁸
649 5516 839 5573 Matth.
871 5532 1025 5583 xvut,
1050 5514 1137 5569 15.
1213 5515 1255 5546 ³⁸
1286 5513 1455 5571 Exod.
1480 5532 1587 5574 xw.
1662 5520 1730 5552 η’
1767 5521 1903 5580 Dan.
1930 5541 2004 5585 Iv.

2162 5530 2177 5583 Ι
2202 5531 2329 5585 Cor.
2372 5544 2447 5594 ix,
2471 5527 2563 5581 27.

1822 5642 2021 5704 Variae
2058 5642 2385 5706 lectiones.

551 5742 599 5774 “
625 5742 746 5813 μετ’
792 5733 1093 5808 ἀποτομίας
1125 5750 1179 5790 ο.
1257 5737 1301 5770 ⁸⁷
1331 5737 1427 5809 τῆς
1477 5737 1711 5809 κρίσεως
1757 5741 1857 5813 τῆς
1899 5743 2215 5809 τελευταίας
2282 5760 2354 5800 m.

476 5811 725 5885 οικειούμ
750 5826 805 5867 ο.

2472 5742 2519 5776 ⁵⁸
2553 5747 2806 5819 παρεῖναι
2825 5761 2877 5805 o.
2953 5747 2998 5783 ⁸⁸
3046 5745 3273 5820 οὐρανὸν
3311 5762 3365 5806 0.
3470 5748 3517 5782 ⁹⁶
3542 5762 3684 5820 προσ
