3990 6568
280 441 387 507 105

1001 437 1405 500 ΕΧΡΟΞΙΤΙΟ
1446 437 1527 500 ΙΝ
1567 438 1809 506 EPIST.
1850 440 1863 499 i

1979 440 2056 502 τι)
2092 439 2412 502 TIMOTH.
2447 465 2512 476 --
2550 440 2707 502 CAP.
2737 440 2822 501 ΙΙ.

3436 445 3539 511 ιοσ

271 554 409 618 τοὺς
441 549 774 623 αἱρετικούς.
821 546 1004 607 Ἦσαν
1069 553 1168 624 μὲν
1220 553 1330 624 γάρ
1368 569 1515 616 τινες
1565 553 1660 607 καὶ
1711 554 1858 620 τότε,

1979 563 2188 625 propter
2226 555 2532 612 hzereticos.
2575 553 2710 610 Nam
2735 563 2795 611 et
2851 564 2962 610 tum
3022 555 3240 614 fuerunt
3292 551 3539 615 nonnulli

277 647 328 699 οῖ
357 644 626 714 αἰσχύνην
664 642 917 714 ἐνόμιζον
947 645 1008 698 τὸ
1031 644 1122 698 τὸν
1169 645 1297 699 Υῖὸν
1339 643 1434 698 τοῦ
1479 644 1616 698 Θεοῦ
1646 645 1862 708 παθεῖν,

273 739 374 793 καὶ
412 737 504 791 διὰ
549 736 711 791 τοῦτο
764 737 895 800 ἴσως
926 738 1026 805 τὴν
1057 738 1362 806 φαντασίαν
1415 739 1650 809 εἰσῆγον.
1709 736 1867 792 Οὕτω

271 827 386 897 γὰρ
440 825 784 896 ἐταπεινώθη
834 828 862 879 ὁ
894 825 1027 889 Θεὸς
1063 826 1131 879 δι’
1171 828 1342 896 ἡμᾶς,
1393 828 1468 890 ὡς
1523 830 1617 880 καὶ
1664 828 1855 898 αἰσχύ-

281 915 482 969 νεσθαι
512 916 642 978 τοὺς
687 912 1006 984 ἀνθρώπους
1038 917 1360 984 περιάπτειν
1399 916 1517 986 Θεῷ
1545 915 1642 987 τὴν
1664 917 1866 971 τοσαύι-

269 1024 376 1077 την
447 1007 807 1060 ταπείνωσιν.
859 1007 1021 1075 Λέγει
1074 1007 1130 1060 δὲ
1183 1008 1277 1062 καὶ
1332 1009 1417 1064 διὰ
1453 1008 1514 1062 τὸ
1543 1009 1869 1081 παραμυθή-

276 1098 485 1152 σασθαι
513 1099 704 1164 αὑτὸν,
757 1099 974 1162 δεικνὺς
1003 1100 1088 1152 ὅτι
1140 1101 1234 1154 καὶ
1288 1101 1451 1166 αὐτὸς
1481 1103 1511 1156 ὁ
1547 1102 1867 1165 διδάσκαλος

272 1187 518 1260 Χριστὸς
559 1186 650 1242 διὰ
705 1187 913 1252 πάθους
962 1189 1183 1261 ἐνίκησε
1238 1191 1329 1244 τὸν
1379 1191 1632 1246 θάνατον.
1662 1194 1866 1248 Τούτου

277 1282 619 1353 μνημόνευε,
652 1280 750 1338 καὶ
776 1283 878 1337 οὐκ
910 1273 1164 1348 ὀκλάσεις
1189 1284 1330 1350 πρὸς
1355 1286 1423 1340 τὰ
1451 1287 1618 1358 πάθη.
1865 1291 1871 1300 ’

343 1460 516 1515 Κατὰ
540 1459 608 1515 τὸ
636 1461 1009 1533 Εὐαγγέλιόν
1025 1481 1168 1533 μου.
1194 1459 1376 1519 Ἦσαν
1393 1463 1500 1534 γάρ
1526 1482 1669 1528 τινες
1702 1465 1866 1535 ἕτερα

274 1554 817 1625 εὐαγγελιζόμενοι·
866 1555 982 1609 ἀλλ’
1028 1557 1130 1610 οὐκ
1163 1557 1412 1621 ἐκείνοις,
1467 1557 1603 1612 ἀλλὰ
1641 1557 1721 1629 τῷ
1750 1557 1869 1628 ὲμῷ

273 1646 652 1717 Βύαγγγελίῳ
680 1646 762 1700 δεῖ
793 1647 1106 1718 προσέχειν.

356 1755 473 1809 Ἐν
499 1749 551 1822 ᾧ
575 1756 900 1812 κακοπαθῶ
919 1757 1094 1827 μέχρι
1115 1757 1376 1826 δεσμῶν,
1406 1759 1487 1826 ὡς
1512 1759 1862 1829 κακοῦργος.

275 1848 456 1901 Πάλιν
488 1849 587 1916 ἀφ’
630 1848 826 1901 ἑαυτοῦ
869 1849 1277 1920 παραμυθεῖται
1313 1851 1404 1904 τὸν
1467 1851 1736 1923 μαθητὴν,
1773 1853 1866 1906 καὶ

1968 647 2061 717 qui
2129 647 2483 718 ignominiam
2539 648 2970 716 arbitrabantur,
3027 649 3179 721 quod
3227 651 3398 707 Filius
3444 650 3540 707 Dei

1970 746 2269 809 pateretur,
2311 754 2376 794 ac
2405 748 2694 810 propterea
2728 739 2963 796 fortasse
3013 744 3325 812 passionem
3371 746 3544 814 phan-

1969 831 2223 886 tasticam
2258 833 2613 886 induxerunt.
2660 831 2814 886 Adeo
2870 833 3017 888 enim
3073 834 3396 893 humiliatus
3457 845 3544 894 est

1971 922 2114 977 Deus
2149 932 2371 992 propter
2401 937 2523 986 nos,
2566 931 2626 978 ut
2681 923 3016 980 erubescant
3068 927 3233 980 etiam
3288 927 3543 984 homines

1969 1023 2179 1067 tantam
2230 1013 2668 1068 humiliatiouem
2722 1012 2832 1069 Deo
2860 1015 3162 1085 applicare.
3219 1014 3324 1070 ista
3359 1028 3540 1074 autem

1968 1105 2092 1160 ideo
2142 1104 2296 1168 dicit,
2342 1111 2402 1158 ut
2427 1105 2671 1158 animum
2701 1104 2750 1158 ei
2804 1104 2987 1168 addat,
3042 1105 3336 1161 ostendens
3393 1107 3540 1177 quod

1969 1207 2023 1250 et
2057 1196 2174 1265 ipse
2202 1202 2506 1264 praeceptor
2561 1202 2750 1250 noster
2785 1193 3034 1250 Christus
3088 1211 3181 1265 per
3233 1197 3541 1265 passionem

1970 1293 2200 1339 mortem
2231 1285 2441 1339 vicerit.
2467 1284 2656 1338 Istbuc
2679 1284 2994 1349 recordare,
3050 1293 3102 1340 et
3134 1285 3281 1340 haud
3336 1285 3543 1342 labefa-

1970 1374 2208 1429 ctaheris
2231 1373 2296 1428 ad
2331 1374 2677 1432 alllictiones.

2039 1463 2337 1520 Secundum
2388 1463 2731 1535 Evangelium
2758 1481 2949 1520 meum.
2977 1463 3222 1520 Fuerunt
3241 1466 3391 1522 enim
3420 1469 3544 1538 quia

1968 1556 2094 1611 dam
2130 1556 2224 1626 qui
2255 1555 2472 1612 diversa
2503 1556 2910 1626 praedicabant:
2938 1558 3089 1627 atqui
3123 1574 3230 1612 non
3259 1559 3390 1623 illis,
3451 1575 3546 1619 ve-

1969 1662 2090 1702 rum
2131 1647 2427 1718 Evangelio
2455 1661 2575 1701 meo
2605 1654 2688 1701 est
2708 1646 3128 1702 intendendum.

2040 1754 2206 1811 Vens.
2225 1755 2278 1811 9.
2309 1753 2378 1808 In
2429 1754 2737 1825 quolaboro
2781 1771 2942 1825 usque
2985 1755 3054 1808 ad
3098 1754 3330 1820 vincula,
3391 1755 3543 1822 quasi

1975 1849 2112 1904 male
2141 1864 2388 1918 operam.
2424 1847 2627 1902 lterum
2660 1862 2689 1900 a
2729 1847 2914 1916 seipso
2943 1847 3278 1918 discipulum
3341 1862 3544 1902 conso-

275 1940 355 1992 ὅτι
391 1939 710 1993 κακοπαθεῖ
737 1941 934 2009 λέγων,
967 1941 1062 1995 καὶ
1093 1942 1176 1996 ὅτι
1205 1943 1448 2015 πονηρὰν
1467 1944 1626 2011 δόξαν
1657 1944 1863 2014 ἀποφέ-

1979 1939 2142 2004 latur,
2171 1939 2362 1995 dicens
2395 1947 2452 1992 et
2487 1936 2634 2007 quod
2675 1937 2949 2008 aﬂligitur,
3014 1944 3068 1991 et
3131 1933 3279 2007 quod
3319 1950 3543 2006 pravam

275 2046 459 2099 ρεται.

356 2121 523 2175 Ἀλλ’
553 2123 586 2175 ὁ
628 2123 810 2191 ,λόγος
839 2123 944 2178 τοῦ
987 2124 1136 2178 Θεοῦ
1167 2126 1238 2178 οὐ
1270 2123 1521 2178 δέδεται.
1556 2126 1674 2179 Ἵνα
1705 2125 1869 2196 μήτις

273 2212 404 2283 εῐπῃ
438 2229 454 2244 ο
487 2214 599 2267 Καὶ
631 2214 684 2266 τί
714 2214 773 2268 τὺ
805 2214 1029 2284 1ἔδειςελοςς
1054 2215 1119 2268 Τί
1147 2215 1203 2269 δὲ
1223 2215 1280 2268 τὸ
1311 2215 1514 2288 θαῦμα,
1545 2216 1593 2269 εί
1617 2215 1863 2281 δέδεσαι;

235 2353 244 2368 ,
274 2303 466 2368 Δεῖξὸν
503 2321 598 2374 μοι
625 2304 836 2375 κέρδος,
873 2305 1044 2370 δεῖξόν
1076 2323 1168 2376 μοι
1201 2307 1514 2373 θαυμαστόν
1543 2324 1597 2361 τι
1629 2323 1644 2338 ⁸
1677 2306 1863 2375 φησὶν,

272 2397 354 2448 ὅτι
405 2397 440 2448 ὁ
483 2394 643 2463 λόγος
688 2396 750 2448 οὐ
812 2396 1042 2452 δέδεται.
1105 2400 1196 2467 Μὴ
1239 2398 1348 2470 γὰρ
1397 2398 1653 2470 αἰσθητὸν
1705 2399 1867 2469 ἔργον

273 2486 448 2551 ἐστὶν,
524 2487 614 2540 ἵνα
675 2486 1036 2556 ἐμποδίζηται
1102 2488 1195 2540 τοῦ
1244 2489 1495 2557 σώματος
1549 2489 1862 2560 δεδεμένου.

273 2578 451 2646 Λόγος
502 2578 626 2632 ἐστὶ
679 2577 822 2632 θεῖον
875 2578 1087 2649 χρῆμα,
1133 2581 1226 2634 καὶ
1264 2580 1400 2634 Θεοῦ
1449 2582 1646 2648 λόγος·
1707 2582 1866 2652 ήμῶν

273 2669 603 2738 δεδεμένων,
649 2669 874 2723 λέλυται
921 2671 1016 2722 καὶ
1068 2669 1276 2741 τρέχει.
1313 2671 1448 2725 Ἰδοὺ
1500 2671 1608 2742 γὰρ
1645 2671 1740 2724 καὶ
1779 2671 1867 2725 δε-

272 2759 497 2828 δεμένοι
529 2760 822 2830 γράφομεν
855 2763 952 2814 καὶ
1020 2761 1388 2834 κηρύττομεν.
1448 2759 1601 2827 Εἶδες
1655 2762 1864 2834 θαῦμα,

273 2844 416 2913 εἶδες
441 2849 660 2919 κέρδος.

341 2943 454 2996 Διὰ
499 2941 681 2997 τοῦτο
733 2942 931 2998 πάντα
977 2942 1256 3012 ὑπομένω
1297 2945 1342 2978 ⁸⁸
1390 2943 1490 2998 διὰ
1524 2944 1668 3010 τοὺς
1695 2945 1863 3000 ἐκλε-

273 3033 484 3098 κτούς.
532 3032 664 3086 Ἰδοὺ
696 3033 976 3088 καὶτοῦτο
1015 3034 1322 3104 προτροπή.
1367 3035 1479 3106 Ούχ
1511 3035 1652 3106 ὑπὲρ
1691 3037 1864 3107 ἐμαυ-

275 3121 368 3173 τοῦ
416 3121 552 3191 γὰρ,
603 3125 760 3193 φησὶ,
799 3123 1017 3194 πάσχω,
1045 3122 1160 3177 ἀλλ’
1215 3125 1358 3196 ὑπὲρ
1384 3126 1484 3194 τῆς
1518 3125 1722 3197 ἐτέρων
1753 3141 1862 3178 σω-

275 3214 474 3286 τηρίας
503 3229 518 3243 °
566 3215 666 3286 ούχ
721 3215 809 3270 ῖνα
853 3217 1015 3280 αὐτὸς
1045 3216 1309 3283 δοξασθῶ,
1357 3216 1470 3270 ἀλλ’
1519 3217 1609 3272 ῐνα
1662 3217 1859 3287 ἕτεροι.

1972 2029 2283 2099 Opinionem
2316 2044 2382 2082 au
2393 2027 2514 2083 fert.

2041 2120 2144 2176 Sed
2174 2122 2383 2176 verbum
2417 2120 2516 2176 Dei
2559 2138 2659 2176 non
2684 2132 2760 2176 est
2800 2122 3102 2193 alligatum.
3126 2122 3201 2179 Ne
3233 2124 3354 2194 quis
3375 2125 3541 2192 dicat,

1970 2214 2168 2283 Ecqua:
2192 2223 2275 2268 est
2315 2213 2711 2269 commoditas?
2757 2214 2888 2284 quid
2938 2229 3072 2270 vero
3135 2216 3334 2271 mirum
3395 2217 3542 2287 quod

1969 2305 2169 2375 ligatus
2200 2305 2309 2360 es?
2353 2302 2594 2360 Ostende
2639 2305 2767 2360 mihi
2834 2306 3071 2371 lucrum,
3122 2307 3350 2362 ostende
3411 2307 3545 2362 mihi

1970 2392 2177 2462 aliquid
2211 2391 2515 2446 mirandum
2549 2411 2562 2459 ;
2597 2394 2856 2455 Verbum.
2885 2395 3082 2462 inquit,
3133 2411 3240 2450 non
3255 2405 3348 2452 est
3407 2399 3545 2468 liga-

1972 2493 2084 2538 tmn
2111 2500 2125 2536 :
2165 2500 2270 2538 non
2308 2485 2451 2539 enim
2487 2486 2746 2540 sensibile
2770 2502 2906 2556 opus
2933 2495 3039 2551 est,
3059 2496 3116 2542 ut
3154 2488 3285 2544 illud
3310 2503 3544 2560 corpore

1971 2575 2134 2645 ligato
2171 2576 2520 2645 impediatur.
2563 2575 2749 2630 Divina
2808 2592 2896 2632 res
2922 2588 3008 2633 est
3060 2579 3308 2647 verbum,
3341 2580 3546 2650 Deique

1967 2667 2246 2720 verbum:
2290 2667 2448 2721 nobis
2503 2669 2680 2737 ligatis
2742 2669 2981 2722 solutum
3033 2679 3122 2726 est
3206 2681 3259 2726 et
3321 2676 3540 2728 currit:

1967 2771 2095 2811 ecce
2155 2757 2299 2812 enim
2375 2757 2527 2827 ligati
2589 2758 2882 2814 scribimus
2932 2768 2987 2815 et
3030 2762 3404 2832 praedicamus.
3455 2765 3547 2820 Vi-

1965 2847 2093 2903 disti
2113 2848 2255 2917 quod
2285 2858 2369 2904 est
2400 2847 2800 2916 admirandum,
2827 2852 3011 2908 vidisti
3064 2855 3296 2910 lucrum.

2038 2937 2203 2993 Vens.
2245 2939 2331 2993 10.
2383 2939 2511 2994 Ideo
2555 2943 2733 2996 omnia
2799 2944 3034 3000 sustineo
3071 2956 3282 3014 propter
3327 2947 3542 3005 electos.

1967 3027 2047 3084 En
2087 3039 2142 3085 et
2183 3031 2364 3087 isthuc
2420 3033 2579 3088 habet
2612 3033 3072 3091 adhortationem.
3116 3038 3278 3109 602
3297 3037 3413 3094 Non
3439 3055 3543 3108 pro

1966 3122 2176 3192 meipso
2201 3126 2345 3176 enim
2375 3132 2576 3194 patior,
2617 3141 2668 3179 tn
2681 3125 2820 3195 quit,
2849 3125 2942 3181 sed
2979 3142 3080 3198 pro
3108 3128 3337 3183 aliorum
3367 3131 3545 3186 salute

1968 3227 2078 3266 non
2113 3221 2172 3266 ut
2203 3227 2302 3282 ego
2317 3213 2608 3282 glorilicer,
2634 3215 2729 3270 sed
2760 3226 2818 3270 ut
2840 3216 2952 3270 alii.
2986 3215 3092 3283 Qui
3118 3233 3251 3274 vero
3273 3229 3401 3274 sunt
3423 3220 3539 3276 isti?

278 3303 440 3367 Τίνες
502 3305 562 3359 δὲ
624 3300 840 3374 cieret;
873 3309 937 3362 Oi
991 3307 1238 3362 ἐκλεκτοὶ
1287 3307 1380 3362 τοῦ
1443 3307 1602 3363 Θεοῦ.
1656 3309 1718 3362 Et
1770 3303 1863 3362 οὖν

1979 3301 2148 3358 Electi
2181 3301 2296 3358 Dei.
2328 3302 2383 3358 Si
2412 3304 2576 3373 igitur
2604 3306 2745 3364 Deus
2783 3307 2932 3378 ipsos
2961 3307 3141 3379 elegit,
3173 3309 3356 3366 omnia
3374 3325 3546 3381 opor-

276 3395 410 3460 Θεδς
436 3397 636 3462 αὐτοὺς
653 3397 954 3466 ἐξελέξατο,
983 3401 1160 3455 πάντα
1179 3399 1260 3452 δεῖ
1287 3401 1434 3470 ἡμᾶς
1461 3400 1690 3470 πάσχειν
1719 3399 1857 3470 ὑπὲρ

277 3487 483 3543 αὐτῶν.

350 3579 492 3635 Ἵνα
545 3580 646 3634 καὶ
691 3581 859 3637 αὐτοὶ
885 3581 1182 3649 σωτηρίας
1223 3581 1449 3651 τύχωσι
1480 3580 1590 3649 τῆς
1619 3582 1689 3636 ἐν
1724 3584 1860 3650 Χρι-

279 3669 406 3735 στῷ
446 3672 669 3737 Ἰησοῦ.
707 3673 818 3726 Καὶ
859 3673 1034 3736 αὐτοὶ,
1077 3672 1271 3745 ὥσπερ
1311 3673 1407 3728 καὶ
1439 3675 1623 3744 ἡμεῖς.
1651 3674 1863 3743 Ὥσπερ

279 3762 344 3816 δι’
386 3765 562 3833 ἡμᾶς,
622 3764 812 3833 φησὶν,
868 3766 895 3816 ὁ
942 3764 1075 3827 Θεὸς
1127 3765 1364 3830 ἔπαθεν,
1435 3767 1523 3820 ἵνα
1576 3765 1863 3835 σωθῶμεν,

283 3853 425 3906 οὕτω
489 3855 586 3907 καὶ
626 3856 786 3924 ἡμεῖς
837 3855 1122 3925 πάσχομεν
1183 3856 1251 3908 δι’
1298 3856 1539 3920 ἐκείνους
1579 3857 1642 3909 ⁸7.
1698 3855 1862 3909 Ὥστε

281 3945 639 4009 ἀνταπόδοσίς
699 3947 815 3999 ἑστι
857 3947 918 4001 τὸ
960 3949 1215 4018 πρᾶγμα,
1251 3949 1313 4001 οὐ
1355 3948 1539 4019 χάρις.
1577 3946 1732 4014 Εἶτα,
1777 3948 1864 4000 ἵνα

285 4037 359 4108 μὴ
417 4040 552 4108 εἴπῃ
591 4054 677 4101 τις
714 4039 863 4108 αὐτῷ
887 4053 899 4068 ’
938 4038 1003 4092 Τί
1033 4040 1211 4108 λέγεις
1237 4059 1251 4106 ;
1278 4041 1350 4094 Σὺ
1394 4043 1452 4095 ὲν
1479 4040 1698 4110 δεσμοῖς
1735 4039 1862 4109 μέλ-

280 4130 391 4193 λεις
422 4131 467 4162 ⁸⁸
502 4130 822 4191 ἀπολέσθαι.
851 4133 945 4185 καὶ
987 4133 1168 4196 ἄλλοις
1202 4133 1473 4204 σωτηρίας
1507 4134 1680 4196 αἴτιος
1711 4131 1864 4200 γενέ-

282 4218 404 4272 σθαι
445 4216 752 4290 ἀλαζονεύῃ
785 4237 799 4282 ;
857 4221 935 4273 Ού
963 4221 1189 4291 ταύτης,
1223 4221 1382 4291 φησὶ,
1415 4221 1561 4290 λέγω
1610 4223 1712 4292 τῆς
1757 4238 1865 4276 σω·

285 4307 520 4376 ματικῆς
557 4308 854 4379 σωτηρίας.
886 4309 1022 4364 ἀλλὰ
1050 4310 1152 4382 τῆς
1186 4311 1247 4364 ὲν
1291 4310 1517 4382 Χριστῷ
1564 4307 1736 4382 Ἰησοῦ
1765 4311 1866 4380 τῆς

283 4398 565 4470 ἀληθινῆς,
611 4402 711 4471 τῆς
761 4401 1010 4466 ἐνδόξων
1047 4404 1081 4474 ή
1122 4405 1230 4474 γὰρ
1287 4402 1574 4475 σωματικὴ
1622 4403 1866 4473 σωτηρία

282 4489 488 4555 ἄδοξος.
521 4492 724 4545 ’Ἄκουε
761 4493 872 4562 γάρ
895 4494 991 4547 καὶ
1008 4493 1118 4548 τῶν
1147 4496 1367 4566 ἐφεξῆς.

348 4601 512 4654 Μετὰ
545 4600 733 4670 δόξης
795 4605 1060 4658 αἰωνίου.
1117 4607 1200 4660 Οὐ
1260 4606 1421 4676 μόνον
1475 4606 1561 4660 ἵνα
1591 4606 1860 4672 σωθῶσιν,

282 4689 417 4744 ἀλλὰ
475 4691 537 4744 τὺ
597 4691 806 4762 μεῖζον,
873 4695 960 4747 ἵνα
1021 4699 1117 4748 καὶ
1169 4697 1472 4763 δοξασθῶσι
1531 4697 1652 4768 μεθ’
1705 4699 1863 4767 ἡμῶν

225 4795 228 4800 ·
285 4781 537 4845 αἰωνίως.
594 4782 764 4836 Ὥστε
821 4784 870 4836 εί
918 4785 1014 4836 καὶ
1062 4785 1326 4856 αἰσχύνην
1384 4786 1497 4855 ἔχει
1542 4786 1612 4840 τὰ
1667 4786 1863 4856 δεσμὰ,

285 4872 416 4925 ἀλλὰ
441 4874 536 4926 καὶ
568 4872 728 4936 δόξαν
767 4873 1025 4944 προξενεῖ
1069 4878 1181 4938 τοῖς
1212 4875 1513 4943 ἐκλεκτοῖς,
1539 4876 1636 4931 καὶ
1661 4876 1864 4947 ταύτην

287 4962 522 5018 αἰώνιον.
581 4965 646 5016 Et
699 4966 758 5018 δι
821 4966 1024 5030 ἄλλοις,
1085 4968 1268 5038 πολλῷ
1335 4968 1537 5039 μᾶλλον
1581 4968 1728 5038 ἐμοὶ,
1785 4968 1863 5038 τῷ

285 5051 446 5104 ταῦτα
472 5054 868 5124 περικειμένῳ.
894 5055 987 5126 Μὴ
1014 5055 1109 5110 οὖν
1131 5057 1393 5128 ἀδημόνει
1420 5059 1508 5111 ἐπ’
1530 5058 1675 5128 ἐμοί.

353 5230 569 5296 Πιστὸς
618 5233 654 5284 ὁ
687 5234 890 5302 λόγος.
937 5233 1156 5304 Ἐπειδὴ
1216 5234 1401 5288 πολλοὶ
1459 5237 1862 5305 ἁμφιδάλλουσι

287 5322 408 5389 περὶ
425 5322 524 5390 τῆς
559 5322 860 5393 μελλούσης
884 5323 1035 5393 ζωῆς
1067 5326 1161 5378 καὶ
1196 5326 1377 5397 δόξης,
1401 5326 1654 5395 λέγοντες
1683 5345 1698 5358 ·
1727 5330 1860 5383 Ὅτε

287 5409 381 5474 ζῶ,
438 5413 563 5465 τότε
623 5412 842 5480 θανάτῳ
897 5415 1218 5485 ἐκδίδομαι,
1275 5419 1372 5470 καὶ
1427 5418 1516 5470 ὅτε
1575 5417 1858 5482 ἀποθάνω,

288 5502 427 5574 ζήσω
477 5522 494 5570 ;
553 5508 649 5562 καὶ
702 5505 771 5560 τὰ
825 5505 1083 5560 τοιαῦτα*
1149 5507 1239 5562 διὰ
1288 5507 1446 5562 τοῦτο
1497 5510 1708 5578 βεδαιοῖ
1756 5511 1850 5563 τὸν

1963 3404 2040 3452 tet
2069 3411 2170 3454 nos
2199 3397 2308 3468 pati
2333 3412 2432 3467 pro
2471 3398 2627 3468 ipsis.

2043 3575 2110 3631 Ut
2127 3587 2177 3631 et
2206 3578 2308 3647 ipsi
2335 3577 2563 3634 salutem
2587 3591 2992 3652 consequantur,
3026 3599 3142 3654 qua:
3175 3593 3265 3639 est
3293 3585 3351 3639 in
3388 3584 3545 3639 Chri-

1968 3681 2050 3724 sta
2067 3667 2219 3722 Iesu.
2253 3669 2382 3738 Ipsi,
2419 3673 2887 3740 quemadmodum
2937 3683 2992 3729 et
3015 3691 3141 3730 nos.
3189 3676 3345 3729 Sicut
3379 3692 3544 3745 prop—

1977 3769 2060 3814 ter
2089 3775 2210 3825 nos,
2238 3761 2435 3831 inquit,
2469 3761 2612 3817 Deus
2640 3778 2835 3834 passus
2883 3776 2968 3820 est
3017 3776 3078 3820 ut
3127 3776 3439 3830 servemur,‘
3463 3768 3546 3822 sic

1973 3860 2027 3906 et
2069 3866 2172 3907 nos
2204 3853 2444 3921 patimur
2490 3863 2714 3925 propter
2740 3855 2886 3911 illos.
2923 3855 3313 3927 Compensataio
3359 3859 3546 3927 itaque

1971 3933 2084 3996 haic
2118 3957 2206 3997 res
2233 3949 2342 4007 est,
2373 3959 2481 3998 non
2509 3945 2704 4014 gratia.
2735 3942 3026 4009 Praeterea,
3064 3962 3132 4001 nc
3172 3947 3300 4018 quis
3349 3949 3397 4000 ei
3447 3947 3545 4002 ob-

1961 4031 2140 4102 jiciat,
2166 4031 2306 4098 Quid
2352 4035 2476 4090 ais?
2512 4045 2566 4090 tu
2597 4038 2652 4092 in
2697 4037 2927 4093 vinculis
2971 4039 3243 4109 periturus
3271 4055 3351 4105 es,
3387 4048 3442 4094 et
3492 4049 3546 4094 te

1968 4125 2201 4180 aliorum
2227 4126 2423 4182 salutis
2451 4134 2738 4184 auctorem
2767 4128 2886 4184 fore
2921 4129 3208 4184 ostentas?
3241 4128 3358 4184 Non
3375 4130 3540 4194 hanc,

1966 4215 2167 4286 inquit,
2191 4215 2534 4285 corporalem
2556 4220 2787 4274 salutem
2823 4220 2964 4285 dico,
3002 4219 3097 4274 sed
3127 4235 3246 4274 eam
3303 4234 3425 4290 quae
3458 4227 3544 4274 est

1967 4304 2026 4359 in
2057 4305 2282 4362 Christo
2307 4305 2463 4372 Jesu,
2503 4322 2687 4362 veram
2739 4323 2805 4363 ac
2859 4309 3130 4365 celebrem
3159 4324 3182 4363 :
3241 4309 3542 4378 corporalis

1967 4395 2113 4450 enim
2146 4396 2298 4452 salus
2327 4405 2414 4453 est
2454 4395 2712 4467 ingloria.
2740 4397 2883 4452 Audi
2939 4399 3083 4452 enim
3123 4413 3243 4469 quae
3293 4413 3541 4468 sequun-

1970 4493 2081 4539 ιιιν.

2039 4597 2173 4651 Cum
2204 4597 2380 4666 gloria
2413 4608 2635 4653 a'terua.
2666 4595 2783 4653 Non
2820 4598 3001 4653 solum
3031 4606 3088 4652 ut
3117 4611 3423 4665 serventur,
3447 4600 3543 4656 sed

1971 4689 2114 4759 quod
2174 4690 2353 4758 majus
2407 4697 2511 4753 est,
2573 4699 2632 4743 ut
2711 4689 3087 4761 gloriﬁcentur
3147 4691 3431 4747 nobiscum
3486 4694 3540 4746 in

1966 4779 2382 4848 sempiternum.
2418 4776 2601 4843 Quare
2629 4779 2845 4834 etiamsi
2900 4781 3253 4850 ignominiam
3307 4782 3542 4837 habeant

1963 4873 2202 4935 vincula,
2250 4872 2477 4940 gloriam
2523 4881 2704 4926 tamen
2745 4872 2988 4942 praebent
3034 4873 3245 4941 electis,
3310 4888 3542 4940 eamque

1963 4961 2380 5032 sempiternam.
2412 4961 2568 5025 Quod
2601 4961 2646 5016 si
2694 4962 2843 5028 aliis,
2878 4963 3053 5017 multo
3085 4963 3257 5032 magis
3285 4973 3341 5017 et
3383 4964 3538 5025 mihi,

1963 5057 2056 5123 qui
2088 5052 2245 5108 hisce
2273 5067 2392 5107 sum
2423 5053 2780 5110 constrictus.
2807 5053 2886 5110 Ne
2909 5055 3078 5124 igitur
3100 5055 3201 5110 mei
3220 5070 3384 5110 causa
3409 5071 3541 5110 con-

1968 5146 2230 5201 trisleris.

2035 5238 2204 5294 Vens.
2230 5237 2318 5293 11.
2348 5235 2550 5292 Fidelis
2581 5253 2770 5292 sermo.
2804 5237 2942 5304 Quia
2965 5238 3209 5308 plerique
3257 5237 3540 5305 ambigunt

1964 5326 2032 5381 de
2065 5325 2248 5380 futura
2289 5326 2400 5380 vita
2436 5336 2492 5380 et
2546 5325 2738 5394 gloria,
2788 5325 3077 5378 dicentes:
3115 5321 3345 5389 Quando
3390 5324 3536 5385 vivo,

1964 5424 2080 5468 tum
2105 5415 2266 5469 morti
2292 5415 2484 5469 trador
2505 5424 2587 5481 ;et
2606 5412 2827 5484 quando
2860 5420 3111 5470 mortuus
3137 5413 3538 5478 l'uero,vivam?

1963 5506 2127 5576 idque
2179 5522 2348 5577 genus
2371 5507 2476 5560 alia
2509 5525 2523 5561 :
2563 5514 2851 5577 propterea
2886 5519 3194 5562 sermonem
3226 5507 3534 5572 continuat,

1628 5682 1840 5764 Varia
1873 5681 2205 5745 lectiones.

357 5832 399 5863 "
428 5830 620 5901 πάσχω
644 5845 700 5885 o.
780 5831 822 5863 "
854 5832 1061 5888 ἐκεῖνον
1089 5847 1144 5888 ο.
1221 5833 1264 5866 ’⁸
1289 5832 1464 5899 θέλεις
1489 5849 1542 5891 0.

628 5925 901 5987 ΡΑτιιοι..
945 5925 1062 5988 Gn.
1096 5925 1338 5989 LXXV.
