3990 6540
311 462 405 528 109
1054 445 1462 514 EXPOSITIO
1503 442 1583 504 IN
1616 437 1862 500 EPIST.
1899 437 1959 494 ll
1997 435 2098 494 AD
2127 435 2447 514 TIMOTH.
2471 461 2540 474 -
2562 435 2718 499 CAP.
2764 437 2848 501 II.
3471 432 3578 494 ΗΟ

302 577 543 648 Λεσπὸτῃ
572 618 588 642 ,
616 574 798 628 πάντα
828 569 1193 640 ὑφιστάμενος
1224 565 1362 633 ὑπὲρ
1389 556 1578 622 αὐτοῦ,
1610 555 1788 611 πάντα
1808 553 1902 622 ὲρο

2028 547 2269 605 irobatus
2299 551 2410 605 eris
2437 550 2576 620 apud
2618 551 2933 616 Dominum,
2967 549 3016 606 si
3053 551 3235 605 omnia
3265 548 3389 619 elus
3409 565 3579 605 causa

306 641 633 742 γαζόμενος.
677 662 966 734 Πανταχοῦ
1004 661 1060 714 δὲ
1093 657 1293 728 πολλὴν
1343 653 1470 725 περὶ
1501 651 1599 721 τῆς
1629 646 1895 742 αἰσχύνῃς

2028 641 2305 706 ιυειίηεοε,
2333 643 2514 696 omnia
2545 644 2814 711 opereris.
2865 642 3082 714 Ubique
3139 650 3322 699 autem
3385 644 3578 698 sedqu

307 733 547 818 ποιεῖται
574 759 679 831 τὴν
721 733 985 828 σπουδὴν,
1012 753 1146 806 διότι
1180 752 1291 813 τοῖς
1323 745 1540 808 πολλοῖς
1574 739 1804 811 αἰσχύνη
1824 733 1895 831 ἦν

2028 733 2332 786 nentionem
2395 733 2524 788 facit
2568 736 2793 802 pudoris
2811 749 2877 790 eo
2916 736 3061 806 quod
3096 737 3283 792 multis
3347 736 3583 807 ignomi-

307 856 396 909 καὶ
418 858 445 909 ὁ
482 821 725 922 σταυρὸς
749 849 845 903 τοῦ
880 821 1142 918 Χριστοῦ,
1171 844 1267 896 καὶ
1306 841 1368 892 τὸ
1407 839 1671 907 κήρυγμα
1704 829 1890 896 αὑτοῦ,

2028 821 2155 876 ιὶοειι
2202 837 2290 878 res
2318 823 2606 880 videbatur
2630 834 2684 881 et
2733 842 2866 881 crux
2915 827 3140 893 Christi,
3183 835 3237 883 et
3262 828 3580 898 praedicatio

304 945 375 1008 ὡς
408 914 680 996 Editur:de
700 956 714 970 ·
749 939 844 992 καὶ
875 914 1030 990 αὗτοὶ
1057 935 1107 987 οἱ
1136 931 1422 987 ἀπόστολοι
1455 966 1468 992 ,
1502 927 1579 988 ὡς
1634 922 1892 985 εὐτελεῖς,

2028 914 2370 985 jus,utpote
2417 931 2538 986 quae
2590 919 2745 974 rudis
2805 931 2921 975 erat
2957 961 2972 986 ,
3028 931 3194 991 atque
3251 921 3357 990 ipsi
3413 922 3579 976 etiam

306 1007 396 1088 καὶ
417 1035 486 1088 τὰ
515 1034 726 1102 ἔσχατα
750 1031 1074 1100 πάσχοντες.
1100 1024 1172 1076 Σὺ
1200 1022 1317 1088 οὖν,
1343 1019 1497 1091 φησι,
1529 1015 1606 1088 μὴ
1631 1012 1895 1083 ἐπαισχύι

2028 1007 2279 1077 ηροειοιί,
2358 1023 2461 1063 ceu
2526 1011 3000 1080 contemptibiles,
3099 1019 3266 1083 atque
3334 1020 3581 1068 extrema

308 1145 416 1180 νου,
583 1099 614 1102 ’⁷
872 1099 900 1100 ”
2000 1099 2171 1168 passi.
2232 1099 2314 1155 Tu
2367 1102 2559 1172 igitur,
2628 1104 2844 1173 inquit,
2889 1119 2956 1160 ne
2987 1106 3187 1161 rubore
3217 1105 3577 1161 suﬂ'undaris.

386 1212 864 1284 Ὀρθοτομοῦντα
909 1207 1014 1263 τὸν
1042 1208 1229 1276 λόγον
1255 1203 1370 1271 τῆς
1399 1200 1710 1269 ἀληθείας.
1755 1195 1888 1249 Πολ-

2074 1192 2233 1247 Recte
2253 1201 2575 1247 tractantem
2595 1195 2803 1249 verbum
2825 1198 3086 1251 veritatis.
3131 1195 3387 1264 Plerique
3433 1197 3580 1250 enim

306 1310 387 1362 λοι
429 1283 542 1377 γὰρ
575 1303 948 1376 παρασπῶσιν
979 1298 1143 1354 αὐτὸν
1179 1296 1274 1350 καὶ
1319 1293 1707 1364 παρέλκουσιν,
1758 1287 1894 1342 ἀλλὰ

2028 1283 2268 1338 livellunt
2293 1293 2346 1338 et
2366 1293 2626 1355 torquent
2649 1285 2862 1356 ipsum;
2919 1296 2975 1341 tu
3041 1303 3169 1342 vero
3222 1287 3289 1340 ad
3337 1288 3390 1343 id
3434 1290 3580 1358 quod

308 1402 369 1453 σὺ
406 1376 546 1468 πρὸς
583 1397 648 1449 τὸ
676 1395 836 1463 ὀρθὸν
869 1393 989 1457 ἆγε.
1027 1389 1102 1445 Ἣ
1133 1388 1321 1457 ἐπειδὴ
1351 1387 1452 1439 οὐκ
1495 1380 1666 1448 εἶπεν,
1711 1383 1898 1436 ἀπευ-

2030 1383 2213 1429 ectum
2267 1383 2352 1431 est
2401 1377 2680 1433 adducito.
2713 1376 2811 1433 \‘cl
2833 1379 2958 1448 quia
3001 1395 3107 1434 non
3153 1377 3314 1443 dixit,
3343 1380 3582 1450 dirigen-

307 1465 594 1556 θῦνον-τα,
636 1488 766 1543 ἄλλο
789 1505 842 1541 τι
873 1486 1074 1540 δέδωκε
1128 1483 1289 1537 νοεῖν.
1324 1480 1535 1548 Ὠσπερ
1569 1475 1662 1529 ἐπὶ
1697 1474 1899 1544 δέρμα-

2028 1480 2128 1532 rm,
2173 1465 2320 1521 aliud
2346 1467 2604 1536 quiddam
2631 1469 2790 1525 nobis
2821 1471 3235 1541 intelligendum
3267 1471 3437 1526 dedit.
3462 1472 3584 1524 Vel-

309 1584 394 1645 τός
424 1599 575 1644 τινος
599 1580 695 1634 καὶ
721 1579 948 1651 ἱμάντος
978 1576 1213 1649 περιττά
1234 1589 1358 1627 τινα
1386 1572 1480 1624 καὶ
1505 1569 1634 1622 νόθα
1660 1566 1895 1637 ἔχοντος,

2028 1558 2082 1612 iti
2103 1560 2248 1614 enim
2283 1560 2351 1616 de
2397 1561 2536 1632 pelle
2566 1564 2824 1635 quapiam
2861 1573 2916 1619 et
2966 1564 3103 1629 loro,
3133 1563 3408 1635 superﬂua
3435 1580 3584 1634 qua--

308 1675 348 1726 Τ
355 1675 514 1742 ἐμνε,
557 1670 716 1743 φησὶ,
746 1647 840 1725 ⁷τά
867 1647 1126 1741 ἀλλότρια
1167 1669 1231 1720 ὲκ
1261 1664 1354 1718 τοῦ
1387 1661 1767 1733 κηρύγματος,
1803 1656 1897 1710 καὶ

2028 1648 2129 1702 lam
2166 1661 2220 1706 et
2249 1663 2507 1723 corrupta
2542 1657 2879 1722 continente,
2939 1657 2984 1711 Α
3043 1657 3435 1726 praedicatione
3490 1668 3581 1711 tu.-

309 1767 546 1818 ἕκκοπτε
578 1742 646 1836 τῇ
679 1764 928 1835 μαχαίρᾳ
962 1762 1055 1814 τοῦ
1078 1760 1262 1828 λόγου.

2028 1742 2182 1797 ιιίεηιι
2213 1742 2497 1812 abscinde,
2558 1745 2758 1817 inquit,
2789 1759 2842 1802 et
2896 1748 3042 1803 verbi
3110 1749 3290 1818 gladio
3351 1749 3584 1805 disseca.

383 1857 493 1920 Τὰς
516 1855 585 1907 δὲ
601 1831 914 1921 Dempta—ig;
940 1848 1310 1920 κενοφωνίας
1327 1845 1704 1915 περιίστασο.
1723 1840 1897 1893 Τουτ-

2077 1831 2247 1891 νειιε.
2281 1835 2366 1891 16.
2400 1835 2640 1906 Profana
2697 1848 2870 1892 autem
2908 1839 3236 1909 inaniluquia
3267 1837 3586 1893 desitaJim:

311 1947 422 2000 ἐστι
448 1989 464 2012 ,
506 1945 804 2016 παραιτοῦ.
849 1943 1134 2014 Πανταχοῦ
1170 1941 1229 1996 δὲ
1283 1941 1311 1993 ὁ
1342 1939 1614 2009 μακάριος
1647 1933 1900 2002 Ἰωάννης

2028 1931 2112 1991 :st,
2143 1942 2420 1984 aversare.
2449 1927 2664 1999 Uhique
2695 1940 2876 1986 autem
2927 1930 3338 2001 Chrysaslomus
3359 1949 3456 2003 pro
3495 1950 3587 1986 κε-

311 2035 678 2103 κενοςςωνίας,
708 2034 806 2097 τὰς
839 2033 1192 2103 καινοτομίας
1229 2030 1413 2084 δίδωσι
1453 2029 1616 2082 νοεῖν.
1657 2023 1814 2086 Τινὲς
1847 2021 1903 2074 δὲ

2028 2021 2272 2087 ιοφωνίας
2302 2061 2316 2084 ,
2383 2021 2434 2074 id
2497 2030 2616 2088 est,
2671 2025 3113 2093 vaniloquentias
3144 2031 3163 2090 ,‘
3194 2025 3582 2096 καινοτομίας,

315 2129 393 2190 τὸ,
430 2126 782 2196 περιίστασο,
819 2124 1096 2192 ἀντὶηιοῦ,
1145 2120 1422 2194 περισσῶς
1467 2120 1681 2182 ἵστασο,
1734 2114 1815 2176 εἰς
1843 2112 1906 2166 τὸ

2028 2125 2113 2165 ioc
2135 2119 2241 2176 est,
2286 2127 2486 2168 vocum
2553 2113 2638 2167 vel
2673 2129 2855 2168 rerum
2903 2131 3172 2170 novarum
3209 2117 3451 2172 studium
3503 2118 3588 2170 in-

325 2220 534 2274 παῦσαι
562 2219 659 2272 καὶ
691 2217 958 2284 κωλύσαι,
987 2216 1223 2270 νοοῦσινο
1269 2215 1405 2284 ὅπερ
1431 2213 1530 2265 οὐκ
1556 2211 1727 2264 ἔστιν.

2031 2201 2357 2272 elligendum
2424 2203 2623 2258 innuit.
2701 2204 2960 2272 Nonnulli
3033 2214 3240 2272 autem,
3301 2205 3591 2277 περιίστα-

2009 2309 2122 2355 ato,
2153 2307 2275 2361 pro,
2303 2292 2640 2359 valdeinsta,
2667 2303 2962 2351 utccssare
2983 2295 3159 2352 facias
3185 2303 3238 2352 et
3268 2297 3587 2368 prohibeas,

2009 2384 2290 2455 accipiunt
2328 2385 2509 2456 :quod
2537 2401 2668 2442 sane
2702 2397 2810 2441 non
2847 2387 3129 2445 convenit.

2077 2471 2359 2529 Vens.17.
2389 2475 2741 2546 Admajorem
2763 2479 2903 2532 enim
2939 2479 3259 2547 impietatem
3291 2481 3589 2552 proﬁcient.

2007 2565 2174 2639 604
2205 2567 2442 2633 Quorum
2466 2585 2638 2623 sermo
2691 2580 2747 2623 ut
2779 2587 2968 2625 cancer
3015 2571 3195 2641 serpit.
3226 2571 3424 2627 Malum
3486 2583 3592 2639 est,

2012 2659 2212 2728 inquit,
2233 2658 2379 2728 quod
2409 2659 2652 2714 cohiberi
2685 2675 2794 2715 non
2841 2661 3037 2730 possit,
3089 2677 3192 2718 nec
3225 2663 3458 2718 ulterius
3485 2679 3596 2718 me-

2012 2751 2251 2805 dicinam
2295 2750 2538 2806 admittit
2570 2768 2584 2806 :
2621 2766 2746 2806 nam
2776 2755 2960 2808 omnia
2987 2761 3222 2822 vastant,
3277 2769 3331 2811 et
3358 2765 3486 2812 sunt
3508 2757 3597 2810 in-

2014 2841 2376 2911 corrigihiles.
2441 2841 2656 2897 Cancer
2711 2845 2855 2897 enim
2923 2845 3150 2900 morbus
3225 2852 3310 2900 est
3353 2847 3594 2917 putredi-

2016 2946 2142 2987 nem
2209 2932 2472 2997 cﬂieiens,
2525 2932 2772 3003 adeoque
2840 2934 3206 2990 circumcirca
3258 2937 3444 2992 omnia
3501 2940 3595 2993 de-

2016 3039 2271 3094 pascens.
2989 3039 2992 3042 ’

423 3108 512 3161 Ων
536 3106 710 3160 ἐστιν
739 3105 1053 3174 ’Υμέναιος
1075 3103 1174 3157 καὶ
1207 3104 1464 3170 Φιλητός
1489 3117 1502 3130 ο
1538 3102 1755 3167 οἵτινες
1778 3103 1910 3170 περὶ

2089 3115 2256 3174 Vens.
2294 3117 2382 3172 l8.
2422 3116 2508 3172 Ea:
2555 3119 2742 3189 quibus
2788 3131 2865 3174 est
2912 3121 3226 3191 Hymeno'us
3255 3131 3306 3176 et
3337 3121 3596 3179 Philetas.

325 3199 439 3268 τὴν
468 3199 766 3268 ἀλήθειαν
785 3199 1168 3268 ἠστόχησαν,
1192 3197 1472 3266 λέγοντες
1495 3195 1611 3263 τὴν
1639 3195 1909 3249 ἀνάστα-

333 3306 430 3315 _._--
469 3291 584 3315 At.--
623 3290 930 3315 ----_---1--...
995 3290 1091 3315 ---ι
1150 3288 1549 3315 λ-...-,.λ-,.-.,.ι.
1585 3285 1701 3315 -..ιη
1732 3303 1913 3315 -..ιη-η

2028 3207 2175 3275 Quia
2216 3213 2436 3266 veritate
2468 3213 2801 3280 exciderunt,
2853 3216 3083 3269 dicentes
3160 3217 3597 3270 resurrectionem

327 3306 430 3346 σιν¹
463 3291 586 3361 ἤδη
619 3290 951 3362 γεγονέναι,
991 3290 1094 3344 καὶ
1143 3288 1550 3357 ἀνατρέπουσι
1585 3285 1701 3354 τήν
1732 3303 1913 3341 τινων

2028 3302 2128 3356 iam
2152 3303 2353 3372 [actam
2401 3321 2536 3369 esse,
2565 3321 2627 3359 ac
2663 3307 2970 3360 subvertant
2998 3308 3356 3376 quorumdam
3415 3308 3596 3376 ﬁdem.

329 3386 559 3438 πίστιν.
597 3384 794 3447 Καλῶς
823 3383 1082 3453 ἀνωτέρω
1109 3379 1229 3435 εἷπε
1255 3380 1338 3447 τὸ,
1380 3380 1506 3434 Ἐπὶ
1535 3378 1749 3433 πλεῖον
1766 3395 1912 3446 προ-

2028 3397 2184 3454 Recte
2245 3400 2410 3470 paulo
2446 3402 2755 3471 antedixit,
2811 3402 2892 3455 Ad
2955 3403 3212 3472 majorem
3276 3406 3598 3474 impietatem

328 3477 639 3544 κόψουσιν
690 3475 990 3539 ἁσεὸείας.
1039 3475 1198 3526 Δοκεῖ
1230 3474 1328 3543 μὲν
1390 3476 1500 3542 γὰρ
1540 3469 1700 3524 τοῦτο
1751 3471 1913 3540 μόνον

2028 3488 2311 3554 proﬁcient.
2345 3485 2576 3543 Videtur
2604 3490 2749 3542 enim
2807 3490 3010 3575 malum
3049 3491 3154 3546 hoc
3203 3480 3427 3546 unicum
3455 3509 3596 3558 esse,

325 3563 468 3621 εἶναι
523 3568 588 3620 τὸ
617 3567 811 3632 δεινὸν,
848 3567 910 3619 τὸ
964 3565 1094 3637 περ)⁸
1140 3569 1242 3636 τῆς
1298 3565 1652 3626 ἀναστάσεως
1693 3578 1708 3592 ·
1741 3561 1914 3615 πολλὰ

2028 3577 2162 3646 quod
2198 3575 2266 3630 de
2291 3576 2694 3631 resurrectione
2742 3563 3103 3630 diss'cininant
3135 3593 3150 3630 :
3207 3579 3376 3634 multa
3417 3588 3597 3634 tamen

331 3659 519 3728 μέντοι
554 3660 613 3726 ἐξ
646 3659 812 3713 αὐτοῦ
842 3659 1108 3713 τίκτεται.
1169 3659 1232 3710 Εἰ
1263 3658 1373 3728 γὰρ
1402 3657 1434 3726 ἡ
1481 3656 1780 3717 ἀνάστασις
1809 3655 1914 3726 ἤδη

329 3753 580 3819 γέγονεν,
637 3750 906 3822 ἀνῄρηται
935 3753 969 3822 ἡ
999 3750 1180 3822 κρίσις
1206 3751 1301 3802 καὶ
1343 3750 1378 3818 ἡ
1412 3747 1792 3811 ἀνταπόδοσις,
1817 3747 1916 3799 καὶ

326 3844 376 3894 οἰ
404 3845 504 3913 μὲν
539 3844 738 3912 ἀγαθοὶ
772 3843 1086 3896 ἀπέλαυσαν
1117 3843 1320 3896 ὀδυνῶν
1366 3841 1461 3896 καὶ
1491 3840 1754 3910 Θλίψεων·
1785 3841 1834 3892 οι
1861 3838 1918 3893 δὲ

331 3936 526 4004 φαῦλοι
564 3936 935 4007 ἐκολάσθησαν
967 3937 1012 3968 ’⁸
1041 3935 1382 4006 τρυφῶντες.
1428 3935 1539 3990 Καὶ
1559 3934 1707 3988 τιδεῖ
1728 3933 1917 3987 λοιπὸν

333 4027 558 4096 ἀρετῆς,
610 4027 660 4079 εί
691 4027 747 4080 αἱ
799 4028 1026 4097 ἀμοιϐαὶ
1056 4027 1303 4079 τοιαῦται
1331 4041 1346 4091 ;
1397 4026 1512 4079 Οὐκ
1569 4021 1690 4078 εἷπε
1724 4024 1803 4088 δὲ,
1833 4025 1916 4077 ὃτι

331 4118 428 4188 τὴν
482 4119 706 4174 πάντων
736 4119 941 4185 πίστιν,
973 4119 1127 4185 ἀλλὰ,
1155 4122 1254 4189 τὴν
1291 4118 1475 4182 τινῶν,
1505 4117 1772 4182 τουτέστι,
1809 4115 1916 4170 τῶν

336 4213 704 4284 σαϐροτέρων.
741 4213 1028 4286 Ἐπιφέρει
1050 4212 1164 4266 οὖν’

277 2360 290 2395 1

397 2461 535 2516 Ἐπὶ
575 2461 792 2517 πλεῖον
844 2461 954 2531 τὰρ
984 2462 1410 2529 προκόψουσιν
1452 2457 1753 2522 ἀσεϐείας.
1793 2457 1904 2512 Καὶ

321 2559 353 2609 ὀ
392 2557 580 2624 λόγος
607 2539 830 2620 αὐτῶν,
862 2553 942 2620 ὡς
972 2553 1320 2625 γάγγραινα,
1359 2551 1559 2622 νομὴν
1579 2551 1724 2616 ἕξει.
1744 2550 1906 2604 Ἀκά-

324 2650 534 2716 οεκτον,
571 2649 760 2719 φησὶν,
786 2647 909 2700 ἐστὶ
950 2647 1012 2700 τὸ
1038 2645 1231 2710 κακὸν,
1269 2646 1453 2698 οὐκέτι
1493 2643 1738 2714 ἰατρείαν
1757 2642 1908 2712 5316-

327 2757 506 2810 μενον.
563 2741 642 2792 Τὸ
697 2741 804 2794 πᾶν
859 2741 968 2811 γὰρ
1014 2737 1401 2809 λυμαίνονται,
1441 2737 1540 2789 καὶ
1591 2734 1908 2806 ἁδιόρθωτοί

323 2834 450 2886 etot.
486 2833 807 2902 Γάγγραινα
850 2835 959 2902 γὰρ
984 2831 1200 2903 νόσημὰ
1245 2832 1362 2884 ἐστι
1411 2828 1714 2901 σηπεδόνας
1740 2829 1908 2900 ἐγρα-

327 2926 578 2996 ζόμενον,
609 2924 703 2980 καὶ
731 2925 799 2980 τά
828 2925 1016 2996 κύκλῳ
1043 2924 1466 2995 ἐπινεμόμενον.

2017 3683 2086 3723 ex
2113 3682 2178 3722 eo
2203 3667 2308 3720 alia
2331 3666 2568 3722 absurda
2602 3677 2925 3722 nascuntur.
2974 3667 3030 3722 Si
3071 3669 3219 3722 enim
3263 3673 3601 3727 resurrectio

2014 3763 2126 3833 jam
2155 3761 2299 3816 facta
2329 3766 2436 3825 est,
2462 3759 2738 3816 sublatum
2766 3767 2848 3815 est
2875 3759 3144 3831 judicium
3202 3770 3258 3817 et
3285 3763 3599 3830 retributio,

2019 3862 2074 3912 et
2103 3855 2233 3911 boni
2283 3854 2506 3925 quidem
2570 3854 2664 3909 hic
2727 3851 3039 3910 retulerunt
3066 3867 3335 3912 nimrores
3363 3863 3419 3912 et
3467 3857 3604 3912 allii-

2021 3949 2232 4003 ctiones
2271 3965 2283 4000 :
2324 3947 2480 4017 pravi
2515 3962 2665 4011 vero,
2716 3963 2810 4017 per
2844 3947 3069 4003 delicias
3128 3947 3338 4003 scilicet
3386 3963 3452 4006 ac
3507 3965 3602 4006 vc-

2023 4037 2285 4108 luptates,
2313 4035 2489 4106 puniti
2514 4047 2662 4091 sunt.
2694 4035 2834 4102 Quid
2869 4035 3054 4105 itaque
3095 4035 3299 4090 virtute
3330 4051 3470 4106 opus
3495 4044 3602 4102 est,

2023 4129 2071 4183 si
2101 4129 2415 4201 hujusmodi
2446 4127 2558 4184 sint
2591 4127 3072 4183 remunerationes
3094 4126 3118 4179 ἵ
3140 4126 3257 4182 Non
3307 4127 3446 4182 dixit
3505 4144 3606 4182 au-

2023 4231 2172 4288 tem,
2231 4220 2477 4276 omnium
2540 4219 2723 4286 ﬁdem,
2791 4217 2924 4282 sed,
2974 4221 3347 4288 quorumdam,
3413 4235 3608 4290 nempe

2022 4311 2370 4366 debiliorum.
2391 4308 2558 4366 lniert
2592 4311 2794 4381 igitur:

414 4398 480 4452 '0
503 4397 714 4467 μέντοι
745 4397 992 4467 στερεὸς
1017 4397 1291 4469 θεμέλιος
1337 4398 1443 4453 τοῦ
1477 4398 1626 4453 Θεοῦ
1673 4398 1914 4468 ἔστηκε.

2037 4402 2040 4404 ⁷
2097 4399 2266 4457 Vens.
2299 4401 2388 4456 l9.
2439 4400 2542 4456 Sed
2579 4399 2801 4468 ﬁrmant
2862 4398 3273 4469 fundamentum
3324 4398 3424 4454 Dei
3479 4409 3608 4453 stat.

340 4491 407 4544 Ὀ
433 4491 608 4559 λέγει,
661 4490 901 4544 τοιοῦτόν
943 4493 1093 4544 ἐστιν
1114 4505 1127 4518 ·
1162 4492 1236 4545 Οὐ
1267 4492 1473 4555 πάντες
1505 4492 1916 4562 ἀνετράπησαν,

2026 4494 2184 4561 Quod
2241 4494 2398 4560 dicit,
2462 4505 2547 4549 est
2578 4492 2893 4562 huiusmodi
2929 4510 2942 4546 :
2975 4489 3095 4546 Non
3144 4505 3335 4546 omnes
3358 4492 3608 4547 subversi

333 4583 448 4641 ἀλλ’
508 4584 560 4635 οἱ
593 4582 863 4637 ἁδέῦαιοι.
896 4583 961 4636 Εἰ
994 4583 1104 4654 γὰρ
1135 4582 1212 4654 μὴ
1259 4581 1493 4636 τοιοῦτοι
1531 4579 1694 4654 ἦσαν,
1724 4585 1822 4637 οὐκ
1855 4584 1916 4638 ἂν

2030 4594 2180 4652 sunt,
2215 4583 2313 4640 sed
2348 4584 2635 4639 instabiles
2671 4592 2904 4638 tantum.
2974 4583 3091 4637 Nisi
3123 4585 3270 4638 enim
3305 4583 3444 4640 tales
3479 4584 3613 4638 fuis-

338 4679 668 4732 κατέπεσον.
687 4676 904 4748 Ὥσπερ
942 4677 1064 4730 οὐδὲ
1092 4679 1121 4731 ὁ
1158 4677 1330 4745 Ἀδάμ
1359 4676 1467 4746 πρὸ
1489 4677 1586 4747 τῆς
1609 4676 1920 4748 προσϐολῆς

337 4771 556 4840 βέϐαιος
601 4769 670 4845 ἢν
693 4788 707 4803 ο
754 4774 802 4826 οἱ
834 4773 1017 4841 μέντοι
1069 4773 1377 4844 πεπηγότες
1411 4772 1677 4843 ἑστήκασι
1711 4771 1919 4843 βέϐαιοι

339 4871 431 4921 καὶ
455 4866 729 4937 ἀκίνητοι.
766 4867 910 4936 Ὅρα
936 4866 1017 4931 δὲ,
1048 4868 1142 4920 καὶ
1185 4865 1450 4934 στερεὸς,
1478 4866 1571 4919 καὶ
1601 4864 1896 4936 θεμέλιος.

337 4957 526 5018 Οὕτως
549 4955 772 5026 ἔχεσθαι
804 4954 885 5008 δεῖ
911 4954 1010 5025 τῆς
1041 4956 1297 5018 πίστεως.

409 5145 615 5210 Ἐχων
643 5141 762 5210 τὴν
785 5139 1086 5210 σφραγῖδα
1147 5141 1396 5209 ταύτην.
1449 5143 1646 5212 Ἔγνω
1709 5145 1925 5212 Κύριος

342 5234 480 5300 τοὺς
520 5235 703 5299 ὄντας
733 5234 922 5289 αὑτοῦ
947 5248 964 5266 ο
997 5233 1118 5298 καὶ,
1153 5233 1503 5301 Ἀποστήτω
1536 5236 1655 5290 ἀπὸ
1685 5236 1924 5304 ἀδικίας

340 5325 458 5393 πᾶς
489 5323 795 5396 ὀνομάζων
823 5325 890 5380 τὸ
922 5326 1109 5396 ὄνομα
1157 5326 1400 5394 Κυρίου.
1435 5327 1749 5395 Τουτέστιν,
1783 5329 1924 5401 ἔχων

343 5417 545 5470 ὡσανεὶ
589 5416 738 5479 λίθος
776 5433 860 5480 τις
895 5417 1205 5488 γράμματά
1251 5435 1373 5472 τινα
1418 5418 1513 5474 καὶ
1563 5422 1924 5492 γνωρίσματα

345 5509 799 5580 ἐγκεκολαμμένα
827 5510 977 5581 αὑτῷ
1005 5511 1071 5563 δι’
1097 5511 1275 5566 αὐτῶν
1306 5513 1414 5566 τῶν
1441 5511 1640 5584 ἔργων,
1663 5516 1758 5568 καὶ
1777 5515 1926 5588 αὐτῷ

346 5604 746 5676 ἐφαρμόζοντα,
771 5603 853 5668 τὸ,
876 5605 1072 5675 Ἔγνω
1102 5607 1336 5674 Κύριος,
1358 5609 1452 5662 καὶ
1479 5609 1549 5662 τὰ
1579 5609 1726 5681 ἑξῆς.
1752 5611 1927 5664 Τουτ-

349 5704 484 5768 έστι,
535 5700 999 5773 προεγνὼσθησαν
1059 5699 1165 5754 ὑπὸ
1199 5700 1368 5767 Θεοῦ,
1427 5698 1503 5762 ὡς
1555 5698 1723 5754 αὐτοῦ
1775 5699 1929 5764 ὅντες

2031 4687 2178 4745 sent,
2215 4693 2324 4734 non
2349 4675 2688 4734 excidissent
2712 4691 2742 4730 a
2776 4676 2900 4732 ﬁde.
2928 4673 3401 4742 Quemadmodum
3435 4693 3612 4747 neque

2029 4771 2205 4827 Adam
2238 4779 2366 4826 ante
2415 4773 2882 4840 oppugnationem
2928 4771 3122 4825 [iratius
3174 4781 3338 4825 erat:
3388 4779 3444 4824 at
3485 4786 3612 4824 vero

2030 4863 2127 4934 qui
2157 4863 2249 4917 (ixi
2285 4869 2438 4926 sunt,
2479 4870 2752 4915 steterunt
2782 4859 2860 4914 illi
2887 4869 2938 4914 et
2987 4858 3321 4916 immobiles.
3375 4859 3613 4916 Adverte

2031 4963 2238 5021 autem,
2263 4961 2316 5009 et
2339 4952 2576 5022 ﬁrmum,
2605 4952 2762 5016 dixit,
2823 4961 2876 5005 et
2914 4941 3339 5020 fundamentum.
3370 4951 3527 5005 Hunc
3559 4952 3612 5006 in

2034 5045 2257 5102 modum
2291 5044 2413 5098 ﬁdei
2449 5043 2839 5096 adhaerendum
2871 5053 2976 5098 est.

2106 5139 2322 5194 Haben:
2369 5137 2700 5208 signaculum
2721 5138 2817 5192 hoc
2854 5157 2870 5193 :
2911 5137 3073 5192 Novit
3103 5139 3357 5192 Dominus
3376 5141 3466 5209 qui
3507 5139 3608 5192 sin!

2033 5233 2119 5287 sui
2145 5248 2163 5287 :
2188 5248 2274 5295 ac,
2311 5230 2562 5285 Discedat
2613 5233 2678 5283 ab
2711 5231 2990 5300 iniquitate
3017 5231 3188 5283 omnis
3216 5231 3306 5298 qui
3373 5231 3612 5284 nominat

2033 5341 2218 5380 nomen
2254 5322 2487 5376 Domini.
2552 5319 2663 5375 Hoc
2711 5328 2833 5385 est,
2899 5318 3108 5372 habens
3161 5330 3418 5389 tanquam
3472 5320 3611 5391 lapis

2035 5415 2234 5487 aliquis
2261 5413 2473 5468 litteras
2499 5411 2764 5481 quasdam
2828 5419 2882 5463 et
2938 5418 3100 5463 notas
3156 5401 3260 5465 eihi
3311 5410 3611 5480 insculptas

2035 5524 2132 5580 per
2191 5508 2310 5576 ipsa
2348 5520 2536 5573 opera,
2577 5517 2783 5571 easque
2816 5501 2921 5556 sibi
2965 5502 3382 5569 convenientes,
3411 5505 3556 5560 istud
3589 5517 3606 5558 :

2037 5598 2196 5656 Nouit
2227 5597 2508 5662 Dominus,
2540 5603 2596 5650 et
2623 5609 2746 5664 qua:
2773 5604 3081 5665 sequuntur
3117 5611 3134 5650 :
3171 5595 3275 5652 hoc
3306 5603 3413 5656 est.
3439 5609 3467 5650 a
3499 5594 3611 5649 Deo

2037 5700 2165 5749 sunt
2185 5686 2527 5760 praecogniti,
2549 5693 2608 5742 ut
2627 5685 2981 5758 qui_omnino
3011 5686 3076 5743 ad
3099 5701 3224 5744 eum
3251 5686 3556 5757 pertineant
3590 5724 3608 5751 ,

1670 5815 1874 5878 Variae
1907 5811 2244 5878 lectiones.

421 5899 466 5930 ι’
496 5897 866 5970 ἐδοξάσθησαν
891 5914 944 5956 o.
