3990 6610
354 392 456 456 115

422 502 484 560 Si
503 503 715 575 quando
740 503 940 559 dederit
961 503 1035 560 eis
1067 501 1205 557 Deus
1236 503 1598 570 pwuitentium
1625 502 1694 556 ad
1720 519 1914 574 coguo-
1943 500 1995 562 Α

349 598 593 651 scendam
634 597 928 650 veritatem.
987 593 1257 660 Fortasse,
1307 594 1504 663 inquit,
1549 594 1914 665 corrigentur.

349 690 499 744 Istud
556 697 760 751 autem,
816 689 1066 757 fortasse,
1116 688 1181 743 de
1226 687 1450 742 incertis
1483 697 1566 744 est
1612 702 1675 742 ac
1713 688 1915 744 dubiis.

352 782 585 836 Proinde
615 781 684 836 ab
717 782 781 836 iis
824 781 915 849 qui
949 779 1236 835 manifeste
1264 789 1393 836 sunt
1415 779 1751 834 insanabiles
1788 780 1914 834 abs-

350 872 633 927 tinendum
695 882 828 928 est:
871 871 938 925 do
986 887 1220 941 quorum
1261 882 1440 928 autem
1499 873 1678 928 salute
1740 874 1918 928 adhuc

350 965 656 1029 lizesitatur,
687 963 955 1018 correctio
985 972 1067 1017 est
1107 964 1383 1018 tentanda.
1418 964 1590 1020 Porro
1620 965 1708 1020 hic
1739 973 1916 1020 tecum

350 1065 565 1126 reputa,
597 1055 871 1124 quomodo
899 1055 1106 1111 docens
1135 1055 1399 1110 humi-lem
1432 1056 1627 1110 mentis
1662 1055 1916 1112 aﬂ‘ecwm

347 1164 458 1203 non
491 1149 712 1212 dixerit,
755 1148 992 1203 lortasse
1033 1148 1234 1216 possis,
1280 1149 1399 1214 sed,
1445 1148 1675 1217 fortasse
1715 1148 1918 1204 dederit

344 1244 418 1295 eis
449 1242 704 1295 Dominus
734 1242 1058 1309 resipiscere.
1087 1240 1148 1294 Et
1170 1241 1214 1295 si
1236 1241 1365 1310 quid
1386 1241 1684 1310 contingat,
1708 1241 1918 1296 Domini

351 1343 454 1399 est,
492 1334 672 1404 inquit
708 1377 722 1400 ,
764 1343 820 1388 tu
861 1335 1045 1404 itaque
1097 1350 1166 1389 ne
1215 1335 1487 1390 attollere.
1550 1334 1917 1400 Quamobrem

345 1428 447 1483 etsi
497 1427 740 1496 cuipiam
780 1441 883 1482 nos
931 1425 1395 1496 persuaserimus,
1427 1441 1496 1480 ne
1540 1426 1921 1480 existimemus

350 1519 496 1590 quod
529 1519 634 1589 ipsi
678 1519 1133 1589 persuadeamus.

417 1612 582 1668 Vens.
619 1612 707 1666 26.
761 1611 830 1665 Et
862 1613 1181 1680 resipiscam
1235 1629 1267 1666 a
1305 1611 1506 1666 diaboli
1553 1611 1760 1681 laqueo.
1794 1609 1920 1665 llaec

344 1719 455 1759 non
483 1705 549 1760 de
577 1705 828 1759 doctrina
862 1713 1094 1769 tantum,
1125 1720 1312 1760 verum
1341 1705 1504 1758 etiam
1534 1703 1601 1760 de
1629 1703 1738 1758 vita
1763 1703 1922 1758 intel-

347 1796 470 1866 lige.
504 1793 562 1848 In
599 1796 792 1866 laqueo
816 1811 1049 1866 namque
1074 1797 1236 1868 607
1266 1795 1467 1849 diaboli
1493 1803 1621 1849 sunt
1646 1795 1918 1860 homines,

347 1899 451 1938 non
499 1885 674 1939 solum
731 1886 1046 1957 dogmatum
1111 1901 1296 1953 causa,
1329 1901 1519 1942 verum
1551 1887 1717 1941 etiam
1771 1888 1916 1940 vitae.

346 1977 610 2043 Quocirca
662 1985 717 2032 et
774 1979 868 2048 qui
928 1979 1079 2033 circa
1135 1979 1299 2033 vitam
1343 1979 1623 2045 labuntur,
1649 1977 1922 2048 patienter

348 2067 657 2139 corrigendi
689 2075 839 2124 sunt.
877 2067 943 2122 Ut
984 2068 1129 2122 enim
1171 2082 1385 2138 passer,
1417 2067 1632 2122 etiamsi
1665 2082 1770 2121 una
1797 2076 1923 2122 tan-

346 2168 460 2214 tum
488 2168 666 2230 parte,
703 2161 838 2231 pede
869 2161 1156 2224 nimirum,
1194 2160 1566 2221 contineatur,
1593 2162 1645 2212 in
1677 2159 1796 2229 ejus
1821 2175 1918 2230 po-

346 2258 543 2306 testate
567 2259 651 2306 est
681 2251 776 2321 qui
811 2251 1068 2321 laqueum
1111 2251 1272 2306 fixit:
1311 2252 1653 2306 consimilem
1698 2251 1765 2306 ad
1803 2267 1923 2306 mo-

355 2345 481 2397 dum
504 2353 558 2399 et
588 2359 711 2409 nos,
741 2331 1089 2398 etiamsinon
1133 2344 1399 2412 utrisque,
1441 2343 1545 2398 hoc
1581 2351 1686 2408 est,
1721 2344 1824 2399 tide
1865 2353 1922 2399 et

345 2436 454 2488 vita
480 2435 822 2490 detineamur
850 2473 863 2500 ,
888 2434 983 2489 sed
1029 2434 1206 2488 solum
1250 2435 1384 2498 vita,
1418 2436 1473 2488 in
1510 2442 1778 2504 potestate
1807 2437 1922 2490 dia-

346 2525 452 2579 boli
484 2540 696 2580 sumus.

414 2614 458 2666 A
491 2630 593 2684 quo
633 2615 828 2682 captivi
871 2623 1113 2669 tenentur
1155 2616 1224 2667 ad
1264 2616 1431 2685 ipsius
1473 2616 1816 2670 voluntatem.
1861 2616 1918 2670 In

347 2722 556 2773 errore,
601 2709 800 2778 inquit,
849 2715 1062 2770 natant,
1116 2708 1210 2764 sed
1239 2710 1380 2778 capti
1422 2724 1451 2762 a
1485 2709 1595 2764 Deo
1639 2710 1705 2764 ad
1745 2709 1920 2780 ipsius

347 2797 703 2864 voluntatem,
755 2796 808 2850 id
855 2805 939 2851 est
994 2795 1116 2860 Dei,
1167 2796 1400 2852 fortasse
1459 2797 1783 2868 resipiscent
1853 2800 1923 2856 ab

347 2887 506 2956 aquis
535 2887 766 2942 erroris.
799 2884 1070 2942 Voluntas
1106 2894 1290 2942 autem
1324 2886 1418 2942 Dei
1446 2894 1552 2955 est,
1592 2904 1703 2944 non
1740 2890 1918 2944 solum

346 2978 588 3042 credere,
627 2993 817 3032 verum
850 2979 1014 3033 etiam
1056 2986 1203 3033 recte
1237 2980 1439 3034 vivere.
1478 2979 1662 3045 Quare
1709 2981 1777 3036 de
1811 2983 1921 3038 vita

344 3069 508 3123 etiam
559 3069 674 3125 haec
739 3070 1000 3140 intelligo,
1035 3084 1142 3124 uon
1191 3071 1367 3125 solum
1439 3073 1509 3128 de
1547 3072 1917 3145 dogmatibus.

1269 389 1852 455 THEOPIIYI.ACT1
1884 389 1984 450 BU
1997 388 2298 450 LGARI/E
2342 388 2702 448 ARCHIEP.

3488 385 3590 452 116

2089 501 2184 568 Μή
2231 513 2374 556 ποτε
2424 500 2508 566 δῷ
2577 497 2780 565 αὐτοῖς
2833 500 2866 553 ὁ
2925 498 3070 564 Θεὸς
3119 497 3472 568 μετάνοιαν,
3512 503 3599 566 εἰς

2023 593 2353 660 ἐπίγνωσιν
2378 592 2686 659 ἀληθείας.
2718 589 2898 653 Ἴσως,
2931 591 3117 660 φησιν,
3149 589 3303 644 ἔσται
3342 607 3427 654 τις
3452 591 3598 661 διόρ-

2024 686 2208 749 θωσις.
2239 685 2311 738 Τὸ
2335 686 2412 748 δὲ,
2451 685 2616 750 ἴσως,
2649 683 2744 737 ἐπὶ
2770 683 2878 736 τῶν
2909 682 3116 751 ἀδήλων
3159 684 3277 737 ἐστὶ
3308 683 3404 737 καὶ¹
3424 685 3598 754 ἀμφι-

2024 777 2213 830 ϐόλων.
2248 778 2411 829 ’Ὥστε
2441 777 2550 828 τῶν
2585 777 2682 846 μὲν
2704 775 2984 846 προδήλως
3006 776 3240 829 ἀνιάτων
3269 776 3599 844 ἀφίστασθαι

2023 871 2162 940 χρή·
2197 870 2324 934 τοὺς
2371 871 2427 924 δὲ
2463 869 2802 940 ἀμφιϐόλους
2837 870 3130 940 πειρᾶσθαι
3165 868 3430 939 διορθοῦν.
3455 871 3598 938 Ὅρα

2022 963 2078 1016 δὲ
2118 963 2234 1026 πῶς
2267 962 2534 1016 διδάσκων
2574 963 3041 1032 ταπεινοφρονεῖν,
3073 961 3175 1014 οὐκ
3201 958 3344 1024 εἷπε,
3386 961 3599 1030 μήποτε

2021 1057 2279 1128 δυνηθῇς,
2308 1055 2467 1120 ἀλλὰ,
2508 1057 2718 1127 μήποτε
2747 1054 2822 1124 δῷ
2850 1056 3039 1117 αὐτοῖς
3066 1053 3272 1124 Κύριος
3303 1052 3598 1121 ἀνανῆψαι.

2023 1149 2141 1202 Κᾶν
2162 1148 2390 1219 γένηταί
2418 1167 2492 1216 τι,
2526 1148 2682 1219 φησι,
2714 1146 2809 1200 τοῦ
2840 1145 3048 1216 Κυρίου
3079 1143 3219 1209 ἐστὶ,
3249 1144 3315 1198 σὺ
3347 1145 3422 1214 μὴ
3440 1141 3600 1194 ἐπαί-

2027 1259 2141 1312 ρου.
2179 1241 2343 1294 Ὥστε
2383 1240 2486 1295 κᾶν
2516 1239 2796 1309 πείσωμέν
2839 1256 2961 1293 τινα
2999 1237 3096 1292 καὶ
3127 1238 3311 1308 ἡμεῖς,
3349 1234 3425 1306 μὴ
3451 1235 3601 1288 λονι-

2003 1325 2247 1403 ¹ζώμεοα
2269 1333 2344 1396 ὼς
2373 1333 2527 1386 αὐτοὶ
2548 1332 2828 1401 πείθομεν.

2096 1606 2204 1661 Καὶ
2237 1604 2638 1672 ἀνανήψωσιν
2657 1603 2726 1655 ἐκ
2751 1602 2860 1669 τῆς
2888 1600 2996 1655 τοῦ
3023 1599 3307 1655 διαϐόλου
3326 1600 3601 1669 παγίδος.

2025 1698 2208 1750 Ταῦτα
2241 1695 2315 1766 μὴ
2346 1697 2475 1766 περὶ
2504 1694 2791 1764 δογμάτων
2822 1694 3008 1761 μόνον,
3039 1692 3180 1746 ἀλλά
3201 1693 3295 1746 καὶ
3325 1697 3458 1763 περὶ
3484 1693 3602 1762 βίου

2025 1791 2157 1844 νόει.
2196 1788 2286 1842 Ἐν
2305 1791 2371 1859 τῇ
2407 1786 2596 1855 παγίδι
2629 1785 2736 1855 γάρ
2762 1785 2856 1839 τοῦ
2882 1785 3130 1838 διαϐόλου
3155 1785 3293 1839 εἰσὶν
3323 1786 3373 1839 οἱ
3399 1785 3605 1855 ἀνθρω-

2024 1901 2139 1945 ποι,
2171 1883 2230 1936 οὐ
2265 1881 2552 1951 δογμάτων
2612 1878 2820 1942 ἕνεκεν,
2849 1877 2983 1932 ἀλλὰ
3011 1878 3106 1930 καὶ
3139 1877 3276 1946 βίου.
3312 1877 3474 1929 ’Ὢστε
3509 1878 3605 1930 καὶ

2021 1974 2149 2036 τοὺς
2196 1972 2326 2042 περ)⁵
2359 1971 2448 2024 τὸν
2485 1970 2601 2041 βίον
2633 1969 3042 2039 σφαλλομένους
3067 1966 3408 2033 ἀνεξικάκως
3457 1967 3605 2035 διορ-

2024 2063 2250 2118 Θοῦσθαι
2283 2062 2380 2116 δεῖ.
2425 2061 2512 2123 Ὦς
2544 2059 2651 2128 γάρ
2682 2059 2711 2110 ό
2759 2058 3042 2130 στρουθὸς,
3093 2058 3198 2111 κᾶν
3238 2056 3298 2122 ἐξ
3350 2057 3468 2120 ὲνδς
3509 2056 3606 2124 μὲ-

2027 2173 2174 2226 ρους,
2195 2153 2291 2208 τοῦ
2343 2152 2500 2216 ποδὸς
2525 2152 2690 2220 λέγω,
2725 2152 3048 2220 κατέχηται,
3077 2150 3183 2204 ὑπὸ
3216 2150 3318 2220 τὴν
3354 2148 3605 2215 ἐξουσίαν

2023 2249 2144 2304 ἐστὶ
2182 2247 2278 2302 τοῦ
2331 2247 2432 2317 τὴν
2465 2245 2668 2314 παγίδα
2710 2245 3010 2314 στήσαντος
3038 2259 3052 2277 ο
3091 2242 3235 2296 οὕτω
3268 2243 3364 2296 καὶ
3418 2245 3604 2312 ἡμετς,

2023 2339 2126 2393 κᾶν
2155 2337 2230 2409 μὴ
2255 2337 2316 2402 ἐξ
2345 2339 2571 2407 ἀμφοῖν,
2612 2335 2846 2395 πίστεως
2880 2333 3026 2401 λέγω
3074 2333 3168 2388 καὶ
3197 2333 3338 2405 βίου,
3361 2330 3610 2402 κατεχώ-

2026 2430 2188 2501 μεθα,
2244 2430 2360 2484 ἀλλ’
2397 2429 2462 2482 ὲκ
2509 2426 2605 2480 τοῦ
2644 2427 2760 2497 βίου
2817 2425 3004 2496 μόνου,
3057 2426 3163 2479 ὑπὸ
3199 2426 3299 2496 τὴν
3355 2424 3607 2491 ἐξουσίαν

2023 2525 2191 2594 ἐσμὲν
2221 2521 2314 2576 τοῦ
2341 2522 2614 2576 διαϐόλου.

2107 2614 2529 2683 Ἔζωτρημένοι
2552 2613 2654 2666 ὑπ’
2680 2611 2869 2667 αὐτοῦ
2898 2610 2985 2677 εἷς
3007 2610 3072 2664 τὸ
3089 2609 3326 2664 ἐκείνου
3345 2610 3604 2678 θέλημα.

2036 2709 2126 2761 Ἑν
2167 2707 2376 2781 πλάνῃ,
2409 2706 2565 2776 φησι,
2592 2706 2877 2776 νήχονταιο
2917 2703 3053 2757 ἀλλά
3091 2701 3468 2772 ζωγρηθέντες
3501 2701 3609 2754 ὑπὸ

2024 2799 2160 2853 Θεοῦ
2228 2799 2309 2862 είς
2360 2797 2421 2852 τὸ
2455 2798 2666 2852 ἐκείνου
2711 2797 2956 2866 θέλημα,
2992 2795 3236 2847 τουτέστι
3283 2793 3377 2846 τοῦ
3435 2792 3596 2860 Θεοῦ,

2027 2890 2159 2953 ἴσως
2211 2889 2584 2960 ἀνανήψουσιν
2653 2889 2760 2943 ἀπὸ
2801 2888 2911 2941 τῶν
2959 2888 3167 2941 ὑδάτων
3219 2887 3320 2956 τῆς
3375 2886 3608 2956 πλάνης.

2024 2981 2252 3051 Θέλημα
2280 2981 2338 3035 δὲ
2365 2981 2460 3035 τοῦ
2513 2981 2673 3046 Θεοῦ,
2705 2981 2766 3033 οὐ
2812 2979 2872 3032 τὸ
2903 2979 3185 3032 πιστεύειν
3230 2979 3412 3048 μόνον,
3472 2976 3610 3030 ἀλλά

2026 3075 2208 3130 καὶτὸ
2236 3074 2389 3144 βιοῦν
2421 3074 2794 3145 όρθῶς.⁰Ὠστε
2827 3073 2924 3126 καὶ
2947 3071 3077 3143 περὶ
3115 3070 3233 3141 βίου
3261 3070 3435 3124 ταῦτα
3471 3071 3608 3136 νόει,

345 3161 578 3226 Quidam
632 3169 812 3217 autem
867 3161 1014 3216 istud
1045 3202 1060 3230 ,
1106 3178 1137 3215 a
1176 3179 1279 3232 quo
1320 3166 1514 3234 captivi
1559 3175 1820 3234 tenentur,
1852 3169 1920 3225 de

2034 3169 2104 3241 μὴ
2135 3171 2297 3240 μόνον
2341 3169 2473 3240 περὶ
2524 3168 2832 3237 δογμάτων.
2889 3167 3046 3229 Τινὲς
3077 3166 3136 3220 δὲ
3169 3165 3250 3229 τὸ,
3288 3163 3612 3234 ἐζωγρημέ-

345 3253 570 3310 diabolo
610 3252 1038 3319 intellexerunt,
1074 3262 1132 3309 et
1167 3255 1379 3325 reliqua
1414 3255 1480 3310 ad
1516 3258 1766 3314 eumdem
1805 3274 1922 3314 mo-

346 3343 496 3400 dum.

958 3489 1185 3547 CAPUT
1210 3491 1295 3546 Ill.

417 3615 588 3672 Vens.
623 3618 674 3671 1.
718 3616 836 3672 Hoc
873 3628 1050 3674 autem
1073 3621 1228 3683 scito,
1261 3622 1400 3691 quod
1440 3625 1493 3677 in
1527 3624 1712 3679 diebus
1748 3627 1924 3680 novis-

351 3707 793 3762 sintist'nstabant
821 3718 1058 3778 tempora
1089 3713 1411 3780 periculosa.
1450 3712 1590 3779 Quia
1627 3722 1758 3770 tunc
1791 3727 1924 3770 tem-

351 3799 498 3863 roris
552 3800 708 3853 multi
757 3800 988 3870 improbi
1039 3811 1217 3865 erant,
1241 3818 1310 3856 ne
1355 3803 1424 3858 ob
1465 3804 1565 3860 ista
1600 3805 1923 3860 Timotheus

350 3887 782 3955 ierturbarctur,
842 3890 1094 3958 prmdixit
1143 3891 1212 3954 ei,
1283 3889 1351 3943 1η
1412 3891 1570 3946 domo
1625 3902 1924 3963 magna,et

347 3986 543 4033 eastera
576 3996 590 4032 :
620 3993 770 4033 nunc
801 3993 933 4033 vero
961 3980 1056 4043 ait,
1079 3980 1216 4034 tales
1245 3981 1407 4034 etiam
1439 3982 1669 4051 posthac
1687 3983 1920 4042 futuros.

347 4067 661 4132 Quinetiam
690 4070 1032 4138 temporibus
1062 4068 1267 4141 Moysis
1314 4070 1554 4129 Joannes
1585 4084 1638 4129 et
1670 4073 1923 4131 Jambres

349 4166 590 4214 luerunt.
623 4158 807 4226 Quare
839 4174 949 4215 non
980 4168 1066 4216 est
1095 4160 1256 4216 hodie
1287 4177 1426 4216 nova
1460 4164 1651 4220 isthaec
1679 4181 1787 4232 res,
1824 4182 1920 4222 ne-

346 4266 454 4318 que
487 4252 554 4305 ad
602 4259 654 4306 te
700 4267 873 4322 usque
900 4252 1175 4323 pertinget
1209 4262 1444 4309 tantum.
1473 4256 1551 4312 Ne
1582 4258 1748 4326 igitur
1781 4273 1925 4329 :rgre

347 4342 516 4397 feras.
551 4341 807 4412 Tempora
826 4357 992 4414 porro
1015 4347 1334 4427 periculosa,
1358 4347 1410 4401 id
1441 4356 1546 4414 est,
1578 4349 1734 4405 valde
1758 4351 1919 4405 mala.

2026 3278 2121 3315 νοι
2143 3262 2247 3316 ὑπ’
2273 3261 2483 3325 αὑτοῦ,
2516 3261 2610 3316 τοῦ
2644 3259 2897 3314 διαϐόλου
2948 3258 3200 3328 ἐνόησαν,
3236 3257 3330 3310 καὶ
3368 3255 3439 3308 τὰ
3481 3255 3611 3327 ἑξῆς

2027 3351 2311 3415 ὡσαύτως.

2620 3496 2871 3549 ΚΕΦΑΛ.
2908 3496 2982 3549 Γ.

2103 3623 2282 3677 Τοῦτο
2317 3623 2384 3675 δὲ
2419 3622 2694 3691 γίνωσκε,
2724 3621 2813 3674 ὅτι
2842 3621 2912 3676 ἐν
2932 3620 3217 3689 ἐσχάταις
3242 3622 3489 3690 ἡμέραις
3511 3622 3610 3676 ἐν·-

2027 3714 2364 3774 στήσονταί
2384 3711 2576 3780 καιροὶ
2600 3711 2876 3779 χαλεποί.
2921 3711 3139 3782 Ἐπειδὴ
3165 3712 3350 3764 πολλοὶ
3379 3713 3608 3782 πονηροὶ

2029 3805 2172 3858 κατὰ
2200 3805 2328 3868 τοὺς
2363 3805 2484 3858 τότε
2514 3804 2744 3875 καιροὺς
2787 3799 2932 3875 ἦσαν
2959 3844 2974 3868 ,
3014 3804 3100 3857 ἵνα
3133 3804 3208 3876 μὴ
3256 3805 3553 3874 Θορυϐῆται
3580 3807 3609 3858 ὀ

2027 3897 2292 3967 Τιμόθεος
2335 3897 2427 3950 ἐπὶ
2478 3897 2710 3960 τούτοις,
2744 3897 2975 3966 προεῖπε
3037 3896 3136 3966 μὲν
3190 3895 3360 3966 αὐτῷ,
3388 3896 3469 3948 ὅτι
3508 3896 3612 3949 Ἐν

2020 3989 2256 4059 μεγάλῃ
2284 3989 2584 4056 οὶκίςι,κα“ι
2627 3990 2694 4042 τὰ
2723 3987 2886 4057 ἑξῆς·
2936 3989 3088 4056 λέγει
3133 3987 3188 4041 δὲ
3236 3989 3328 4041 καὶ
3386 3987 3483 4041 νῦν
3526 3988 3611 4040 ὅτι

2031 4079 2170 4147 μετά
2217 4078 2392 4132 ταῦτα
2442 4078 2679 4132 ἔσονται.
2724 4077 2886 4130 Ἀλλά
2918 4077 3026 4148 μὴν
3056 4079 3150 4131 καὶ
3196 4079 3292 4130 ἐπὶ
3325 4077 3608 4138 Μωῦσέως

2041 4170 2250 4240 Ἰαννῆς
2279 4170 2381 4224 καὶ
2425 4170 2689 4240 Ἰαμϐρῆς
2737 4165 2901 4239 ἦσαν.
2933 4171 3095 4226 Ὥστε
3126 4170 3190 4224 ού
3223 4169 3517 4238 κενοφανὲς
3547 4170 3610 4220 τὸ

2027 4261 2424 4333 πρᾶγμα,οὐδὲ
2459 4261 2621 4335 μέχρι
2651 4259 2746 4314 σοῦ
2777 4262 3057 4332 στήσεται.
3084 4260 3175 4330 Μὴ
3208 4261 3390 4314 τοίνυν
3413 4260 3609 4330 δυσχέ-

2031 4372 2207 4426 ραινε.
2239 4355 2442 4426 Καιροὶ
2471 4351 2530 4407 δὲ
2553 4354 2805 4424 χαλεποὶ,
2862 4353 3110 4406 τουτέστι
3147 4354 3291 4406 πάνυ
3357 4353 3604 4425 πονηροί.

346 4431 463 4488 Non
492 4432 561 4488 de
584 4433 777 4490 diebus
808 4443 989 4491 autem
1033 4436 1135 4492 hoc
1167 4438 1577 4510 intelligendum
1611 4451 1717 4508 est,
1755 4444 1772 4510 (
1801 4457 1921 4512 qua:

2034 4448 2099 4500 Οὐ
2135 4444 2504 4517 περιήμερῶν
2536 4445 2592 4498 δὲ
2622 4443 2780 4500 τοῦτο
2808 4446 3054 4516 νοητέον,
3095 4444 3202 4516 (τίς
3233 4446 3340 4515 γὰρ
3375 4445 3610 4515 πονηρία

345 4525 491 4580 enim
523 4524 632 4581 diei
666 4525 874 4580 malitia
906 4528 1037 4582 est?
1082 4527 1100 4596 )
1131 4545 1319 4585 verum
1350 4534 1418 4587 de
1449 4533 1670 4588 illorum
1705 4534 1917 4590 dierum

2034 4515 2241 4609 ἡμέρας
2263 4515 2306 4607 ;)
2329 4515 2487 4590 ἀλλὰ
2516 4539 2648 4608 περὶ
2681 4538 2790 4591 τῶν
2817 4515 3034 4601 ὲννταῑς
3086 4538 3327 4608 ἡμέραις
3357 4537 3610 4608 πονηρῶν

348 4615 504 4672 malis
527 4623 582 4671 et
602 4620 767 4673 rebus
783 4627 836 4673 et
862 4617 1200 4675 hominibus.
1232 4620 1366 4676 Nam
1393 4631 1448 4677 et
1475 4639 1578 4682 nos
1608 4625 1662 4678 in
1685 4639 1920 4681 consue-

351 4716 402 4759 to
428 4721 684 4762 sermone
714 4702 962 4776 tempora
990 4709 1224 4764 dicimus
1251 4713 1391 4765 mala
1422 4721 1477 4766 et
1507 4714 1673 4779 bona,
1697 4730 1726 4768 a
1756 4715 1922 4770 rebus

347 4812 470 4865 qua
501 4797 562 4851 in
592 4796 663 4852 iis
693 4799 974 4863 eveniunt,
1008 4808 1104 4854 aut
1132 4802 1199 4855 ab
1231 4802 1568 4859 hominibus.

423 4979 587 5037 νω,
625 4981 681 5035 2.
732 4980 908 5036 Erunt
945 4985 1084 5037 enim
1142 4985 1378 5040 homines
1420 4987 1618 5055 seipse:
1663 5001 1920 5048 amantes.

350 5073 546 5128 Statim
569 5075 716 5145 quod
747 5076 1276 5132 omniutnmalorum
1311 5087 1395 5132 est
1416 5093 1580 5134 causa
1611 5081 1782 5149 ponit,
1813 5099 1922 5138 non

347 5179 468 5230 qtae
513 5164 750 5233 proximi
809 5173 962 5231 sunt,
1021 5166 1114 5221 sed
1171 5181 1294 5236 quat
1335 5182 1432 5221 sua
1481 5177 1691 5224 tantum
1728 5172 1921 5243 ipsius,

347 5265 616 5323 spectare,
666 5255 928 5320 Φίλαυτος
977 5257 1124 5312 enim
1181 5257 1273 5314 ille
1328 5269 1433 5326 est,
1486 5261 1577 5330 qui
1631 5278 1693 5319 se
1744 5266 1922 5322 solum

347 5356 497 5401 amat
535 5364 552 5398 :
593 5363 660 5404 ex
699 5364 810 5418 quo
850 5350 1144 5420 contingit,
1195 5359 1254 5405 ut
1296 5367 1367 5408 ne
1416 5355 1658 5425 seipsum
1705 5359 1924 5428 quidem

349 5437 570 5491 tandem
598 5453 724 5494 vere
779 5447 944 5494 amet.
980 5439 1451 5506 Quemadmodum
1485 5445 1630 5501 enim
1672 5449 1729 5504 in
1755 5465 1928 5506 mem-

349 5524 462 5581 Lris
507 5525 669 5582 unius
727 5526 987 5581 damnum
1037 5528 1105 5582 ad
1170 5530 1376 5599 reliqua
1457 5533 1618 5587 etiam
1683 5537 1925 5592 membra

351 5618 671 5685 pertransit,
715 5626 771 5672 et
809 5618 864 5671 in
898 5617 1146 5674 aediﬁciis
1193 5619 1309 5690 pari
1337 5620 1549 5676 ratione
1587 5641 1600 5676 :
1650 5623 1728 5678 sic
1763 5634 1816 5679 ct
1863 5625 1914 5680 in

353 5709 617 5774 l-Jcclesia,
664 5709 759 5781 qui
793 5709 1017 5766 fratrem
1051 5728 1208 5768 suum
1252 5714 1498 5790 negligit,
1539 5731 1768 5788 seseque
1800 5726 1918 5773 tan-

353 5799 628 5855 tummodo
662 5808 842 5868 curat,
875 5801 1113 5870 scipsum
1159 5804 1320 5859 etiam
1357 5805 1556 5872 perdit.

2029 4625 2127 4679 καὶ
2174 4627 2519 4697 πραγμάτων
2553 4629 2647 4680 καὶ
2699 4627 3029 4700 ἀνθρώπων.
3093 4629 3201 4681 Καὶ
3257 4630 3417 4698 ἡμεῖς
3455 4629 3512 4678 ὲν
3539 4630 3606 4696 τῇ

2028 4718 2289 4791 συνηθείᾳ
2317 4717 2460 4773 οὕτω
2530 4719 2764 4790 λέγομεν
2815 4721 3041 4792 καιροὺς
3088 4721 3360 4791 πονηροὺς
3415 4720 3511 4774 καὶ
3545 4719 3606 4772 οὗ

2028 4809 2322 4878 πονηροὺς,
2354 4808 2462 4861 ἀπὸ
2513 4808 2624 4864 τῶν
2677 4811 2737 4863 ὲν
2774 4811 2962 4876 αὐτοῖς
3000 4809 3410 4880 συμϐαινόντων
3470 4825 3609 4879 πρα-

2025 4900 2275 4971 γμάτων,
2300 4901 2332 4970 ἥ
2369 4900 2479 4953 ἀπὸ
2503 4901 2612 4953 τῶν
2641 4901 2966 4971 ἀνθρώπων.

2102 4989 2391 5045 Ἔσονται
2425 4992 2536 5060 γὰρ
2587 4994 2642 5045 οἱ
2675 4991 2972 5058 ἄνθρωποι
2998 4992 3300 5060 φίλαυτοι.
3337 4990 3514 5054 Εὐθὺς
3547 4989 3608 5044 τὺ

2029 5085 2249 5139 πάντων
2299 5085 2473 5137 αἴτιον
2520 5083 2631 5136 τῶν
2668 5082 2856 5136 κακῶν
2905 5082 3110 5153 τίθησι,
3158 5085 3217 5136 τὸ
3255 5083 3329 5154 μὴ
3385 5085 3452 5136 τὰ
3510 5082 3604 5136 τοῦ

2027 5175 2282 5246 πλησίον,
2337 5175 2474 5228 ἀλλὰ
2502 5174 2571 5228 τὰ
2605 5173 2771 5228 αὑτοῦ
2823 5175 2988 5246 μόνου
3042 5177 3287 5228 σκοπεῖν.
3343 5173 3607 5236 Φίλαυτος

2026 5268 2135 5338 γὰρ
2161 5270 2189 5321 ὁ
2214 5267 2410 5320 ἑαυτὸν
2445 5265 2606 5336 μόνον
2639 5264 2810 5336 φιλῶν
2829 5281 2844 5298 ο
2889 5266 2948 5332 ἐξ
2966 5260 3026 5321 οὗ
3057 5267 3352 5336 συμϐαίνει
3381 5265 3443 5318 τὸ
3467 5265 3605 5336 μηδὲ

2026 5357 2216 5410 ἑαυτὸν
2249 5357 2445 5427 φιλεῖν.
2482 5357 2696 5428 ’Ὠσπερ
2739 5356 2846 5426 γὰρ
2903 5358 2958 5409 ὲν
3009 5357 3121 5419 τοῖς
3160 5355 3380 5426 μέλεσιν
3444 5357 3477 5425 ή
3507 5353 3600 5408 τοῦ

2026 5446 2144 5509 ἑνὸς
2172 5446 2343 5516 βλάϐη
2365 5446 2462 5499 καὶ
2497 5447 2579 5509 εἰς
2609 5445 2677 5499 τά
2710 5445 2874 5500 λοιπά
2899 5443 3189 5508 διαϐαίνει,
3229 5446 3326 5498 καὶ
3360 5444 3454 5497 ἐπὶ
3495 5443 3604 5497 τῶν

2027 5537 2481 5607 οἰκοδομημάτων
2509 5535 2774 5611 ὡσαύτως
2797 5552 2809 5569 ’
2826 5535 2968 5591 οὕτω
2990 5536 3082 5589 καὶ
3110 5537 3168 5590 ἐν
3195 5538 3262 5606 τῇ
3282 5533 3604 5606 Ἐκκλησία,

2026 5629 2052 5679 ό
2086 5625 2303 5696 ἀμελῶν
2341 5626 2435 5680 τοῦ
2468 5625 2726 5696 ἀδελφοῦ,
2770 5625 2864 5682 καὶ
2899 5627 3094 5680 ἑαυτὸν
3129 5627 3289 5698 μόνον
3322 5625 3603 5698 τημελῶν,

2027 5718 2119 5770 καὶ
2147 5717 2322 5787 ἐαυτῷ
2350 5717 2412 5771 λυ
2421 5715 2692 5787 μαίνεται.
