3990 6582
282 437 375 501 12!

956 442 1362 505 EXPOSITIO
1394 432 1482 504 IN
1517 444 1755 506 EPIST.
1801 445 1860 505 Il
1893 446 1993 505 AD
2027 447 2349 509 TIMOTH.
2371 475 2442 487 —
2474 447 2635 510 CAP.
2664 447 2783 510 III.

3424 441 3531 508 19.2

358 553 519 606 Ἀλλ’
573 555 651 608 οὐ
706 554 1130 623 προκόψουσιν
1173 554 1273 608 ἐπὶ
1320 553 1553 608 πλεῖον.
1584 555 1709 617 Πῶς
1758 553 1838 608 ob»

2025 557 2192 613 Vens.
2235 547 2310 614 '9.
2363 558 2466 614 Sed
2524 559 2669 611 ultra
2729 572 2831 611 non
2889 555 3185 626 proﬁcient.
3233 555 3523 622 Quomodo

275 638 510 706 ἀλλαχοῦ
543 639 702 708 λέγει
718 657 733 672 ο
761 643 1190 711 Προκόψουσιν
1206 643 1302 698 ἐπὶ
1324 643 1536 698 πλεῖον
1550 643 1852 710 ἀσεϐείας;

273 728 419 783 Ἐκεῖ
446 731 615 784 τοῦτό
657 750 854 803 φησιν,
899 735 980 786 ὅτι
1019 734 1314 803 ἀρξάμενοι
1344 735 1452 786 τῶν
1485 733 1738 804 πονηρῶν
1768 734 1854 787 δο-

273 820 498 886 γμάτων
577 823 678 873 καὶ
720 821 812 875 τοῦ
874 822 1082 893 πλανᾷν
1133 824 1192 875 οὑ
1250 824 1556 893 στήσονται,
1600 823 1714 876 ἀλλ’
1765 823 1853 876 ἀεὶ

272 908 568 979 καινότερα
620 909 1044 981 ἐξευρήσουσιν·
1086 909 1318 965 ἐνταῦθα
1365 911 1420 964 δὲ
1478 912 1636 965 τοῦτό
1665 928 1849 981 φησιν,

271 999 350 1049 ὅτι
376 999 484 1049 οὐκ
513 1001 924 1068 άπατήσουσιν,
965 999 1090 1052 οὐδὲ
1140 1000 1548 1070 συναρπάσουσι
1599 1000 1850 1065 πολλοὺς,

270 1087 400 1140 ἀλλὰ
426 1085 533 1139 κᾶν
573 1089 637 1140 ὲν
671 1088 906 1158 πρώτοις
965 1087 1194 1152 δόξωσιν
1229 1089 1532 1158 ἀπατῆσαι,
1569 1088 1722 1158 ὅμως
1767 1087 1853 1139 eit-

272 1182 514 1248 φώρατοι
542 1179 783 1233 ἔσονται.
828 1179 1114 1250 Ἐπιφέρει
1140 1176 1233 1232 οὖν
1254 1195 1268 1208 ·

347 1269 402 1322 Ἠ
459 1269 582 1337 τὰρ
632 1271 808 1324 ἄνοια
859 1268 1060 1323 αὐτῶν
1109 1269 1368 1337 ἔκδηλος
1417 1269 1590 1323 ἔσται
1636 1267 1847 1332 πᾶσιν,

267 1358 466 1426 ὥσπερ
489 1360 593 1412 καὶ
613 1362 652 1429 ἡ
669 1360 1182 1428 ἐκείνωνὲγένετο.
1208 1361 1270 1412 Ei
1288 1362 1558 1423 ἀπιστεῖς,
1583 1360 1718 1430 μάθε
1741 1359 1850 1412 ἀπὸ

267 1449 368 1501 τῶν
397 1450 642 1514 ἐκεινοις
676 1454 792 1515 τοῖς
819 1453 1016 1520 μάγοις
1044 1451 1391 1522 συμϐάντων.
1425 1451 1536 1504 Καὶ
1564 1449 1674 1520 γάρ
1703 1451 1850 1502 ἐκεῖ-

269 1557 344 1592 νοι
390 1541 752 1610 ἠλέγχθησάν
788 1543 925 1595 κατὰ
977 1542 1276 1610 φαντασίαν
1323 1541 1848 1611 θαυματοποιοῦντες

268 1631 359 1682 καὶ
389 1632 747 1697 ἀπατῶντες,
766 1634 854 1685 ὅτε
884 1635 1088 1702 Μωσῆς
1115 1632 1584 1702 ὲτερατούργησεν
1608 1632 1845 1702 ἀληθῶς.

267 1722 424 1776 Ὥστε
463 1725 652 1778 πάντα
690 1725 758 1778 τά
782 1724 883 1794 τῆς
911 1725 1124 1794 ἀπάτης
1149 1724 1286 1796 πρὸς
1312 1725 1504 1795 καιρὸν
1532 1723 1707 1778 ἀνθεῖ.

329 1902 415 1955 Σὺ
444 1903 517 1955 δὲ
567 1902 1116 1972 παρηκολούθηκάς
1162 1920 1282 1972 μου
1337 1901 1414 1970 τῇ
1455 1900 1839 1970 διδασκαλίᾳ.
1874 1886 1922 1944 Β

277 1992 503 2047 Ἐκεῖνοι
540 1996 668 2063 μὲν,
695 1996 849 2064 φησι,
876 1995 1129 2059 τοιοῦτοι,
1151 1995 1215 2046 σὺ
1235 1995 1292 2047 δὲ
1325 1988 1472 2056 οἶδας
1499 1995 1566 2046 τὰ
1594 1995 1841 2064 ἡμέτερα

264 2082 530 2153 ἀκριϐῶς,
567 2086 653 2136 ὅτι
687 2085 749 2137 οὺ
780 2083 1038 2138 τοιαῦτα⁶
1062 2083 1126 2137 οὐ
1155 2084 1264 2153 γὰρ
1297 2082 1484 2144 ἁπλῶς
1525 2082 1838 2150 συνεγένου,

265 2175 394 2227 ἀλλά
433 2176 1011 2243 παρηκολούθηκας,
1045 2174 1316 2240 τουτέστι,
1357 2172 1585 2245 ,μακρὸν
1617 2173 1839 2241 συνεγέ-

266 2283 352 2320 νου
408 2285 504 2338 μοι
540 2271 788 2352 χρόνον,.
821 2269 915 2324 καὶ
966 2269 1103 2321 πᾶσι
1137 2267 1428 2338 προσεῖχες
1485 2266 1601 2328 τοῖς
1647 2266 1834 2333 ἐμοῖς·

264 2356 400 2410 ὥστε
435 2359 663 2429 ἰσχυρὸς
694 2351 808 2424 ἔσο,
857 2358 952 2412 καὶ
984 2357 1262 2413 ἀντίϐαινε
1307 2358 1420 2420 τοῖς
1443 2354 1726 2418 ἐναντίοις.
1757 2351 1837 2422 Τῇ

265 2444 655 2515 διδασκαλίᾳ,
684 2446 842 2502 τοῦτο
869 2446 997 2518 περὶ
1023 2446 1203 2514 λόγου.

330 2641 424 2712 Τῇ,
450 2640 686 2714 ἀγωγῇ.
719 2640 891 2696 Τοῦτο
918 2641 1047 2713 περὶ
1077 2639 1193 2713 βίου
1221 2639 1315 2694 καὶ
1338 2637 1641 2702 πολιτείας.

331 2825 412 2894 Τῇ
449 2825 760 2894 προθέσει.
815 2823 1100 2890 Τουτὲστι,
1141 2825 1207 2894 τῇ
1259 2821 1558 2894 προθυμίᾳ,
1609 2821 1702 2874 καὶ
1754 2819 1833 2890 τῷ

267 2916 489 2990 ἀνδρείῳ
526 2920 921 2988 παραστήματι
958 2917 1058 2986 τῆς
1107 2901 1308 2986 ψυχῆς.
1365 2915 1441 2968 Οὐ
1497 2913 1606 2984 γὰρ
1646 2913 1832 2981 ελεγον

270 3009 446 3080 μόνον,
469 3010 666 3078 φησὶν,
700 3008 838 3061 ἀλλὰ
874 3008 968 3063 καὶ
997 3007 1239 3060 ἐποίουν.

335 3103 409 3169 Τῇ
441 3103 670 3156 πίστει.
720 3101 998 3166 Τουτέστι,
1051 3101 1118 3170 τῇ
1164 3100 1221 3152 ὲν
1263 3098 1380 3162 τοῖς
1435 3096 1669 3167 δόγμασι
1729 3097 1831 3167 τῆς

267 3193 523 3260 ἀληθείας
585 3192 920 3263 ἑδραιότητι,
971 3190 1004 3261 ἢ
1049 3192 1118 3261 τῇ
1161 3190 1217 3242 ὲν
1267 3191 1382 3252 τοῖς
1430 3189 1700 3251 κινδύνοις
1730 3188 1828 3258 ,μὴ

269 3281 666 3349 ἀπογινώσκειν
689 3281 940 3354 ποιούσῃ,
976 3278 1115 3345 άλλὰ
1145 3277 1425 3333 πιστεύειν
1448 3277 1526 3348 τῷ
1555 3277 1699 3350 Θεῷ,
1748 3279 1830 3332 ὅτι

267 3373 499 3437 ἐξελεττα
509 3391 548 3426 ι.

336 3461 412 3529 Τῇ
451 3463 852 3541 μακροθυμίᾳ.
909 3465 988 3536 Τῇ
1037 3463 1174 3535 πρὸς
1217 3462 1342 3526 τοὺς
1391 3460 1740 3528 αίρετικούς·
1769 3462 1828 3515 οὐ

268 3553 368 3623 γὰρ
422 3555 838 3625 ἐταραττόμην,
906 3555 1043 3609 ἀλλὰ
1098 3555 1237 3624 μετὰ
1283 3551 1593 3624 πραότητος
1652 3551 1831 3605 πάντα

268 3645 548 3717 ἐδεχόμην.

335 3735 412 3804 Τῇ
440 3736 751 3806 ὑπομονῇ.
778 3738 858 3809 Τῇ
891 3735 1030 3808 πρὸς
1052 3736 1179 3799 τοὺς
1207 3733 1508 3805 διωγμούς.

338 3828 461 3896 Τοῖς
496 3817 796 3899 διωγμοῖς,
822 3828 944 3895 τοῖς
967 3828 1337 3897 παθήμασιν.
1375 3827 1452 3880 Οὐ
1487 3825 1646 3896 μόνον
1674 3825 1827 3878 ὲδιω-

271 3920 456 3992 κόμην,
487 3897 680 3991 φησιν,
719 3921 859 3975 ἀλλὰ
902 3921 996 3974 καὶ
1047 3920 1309 3988 ἔπασχον.
1353 3917 1571 3987 Ἐπειδὴ
1622 3917 1680 3969 δὲ
1735 3897 1868 3970 δύο⁸

273 4012 430 4068 ταῦτα
448 4014 710 4086 ταράττει
739 4013 971 4084 μάλιστα
990 4012 1082 4066 τδν
1111 4010 1451 4075 διδάσκαλον,
1470 4009 1530 4063 τό
1544 4027 1605 4063 τε
1631 4009 1829 4079 αίρετιυ

272 4105 388 4168 κοῦς
417 4100 579 4170 εῖναι,
603 4105 701 4158 καὶ
725 4105 786 4158 τὸ
807 4105 1070 4182 πάσχεινο
1097 4102 1228 4173 περὶ
1263 4101 1365 4172 μὲν
1393 4101 1502 4152 τῶν
1533 4100 1827 4170 αἱρετικῶν

274 4192 431 4246 πολλὰ
456 4193 709 4265 διελέχθη
734 4234 750 4259 ,
802 4194 1006 4246 πείθων
1030 4193 1281 4263 Τιμοθέῳ
1331 4191 1406 4262 μὴ
1437 4182 1839 4262 ταράττεσθαι.

285 4283 394 4336 Ἐπὶ
432 4286 490 4338 δὲ
520 4287 643 4348 ταῖς
697 4284 911 4354 θλίψεσι
940 4283 1012 4338 τὰ
1051 4283 1246 4336 ἑαυτοῦ
1293 4281 1606 4350 καταλέγει,
1644 4297 1824 4351 παρα-

272 4373 542 4446 θαρρύνων
572 4377 664 4430 τὸν
695 4376 963 4447 μαθητήν.
1408 4383 1410 4385 ’

1956 647 2122 716 igitur
2150 648 2259 702 alio
2298 647 2502 703 inloco
2540 647 2718 702 dicit:
2775 646 2858 698 Ad
2906 646 3162 715 majorem
3201 647 3527 714 impietatem

1951 739 2222 806 proﬁcient
2250 740 2276 792 .’
2323 739 2438 793 Illic
2493 738 2596 793 hoc
2640 738 2892 800 aﬂirmat,
2947 752 3110 804 prava
3157 740 3404 806 dogmata
3443 737 3528 789 in-

1953 831 2218 885 choantes
2251 844 2358 883 non
2398 829 2562 900 610
2611 829 2875 883 desistent
2924 828 2994 882 ab
3050 827 3377 896 impostura,
3428 824 3524 880 sed

1951 937 2168 992 semper
2224 921 2396 992 magis
2455 935 2592 974 nova
2651 920 2971 974 invenient:
3028 919 3118 972 hic
3172 927 3354 971 autem
3421 918 3526 970 hoc

1951 1015 2104 1080 dicit,
2135 1013 2281 1080 quod
2309 1027 2416 1066 non
2456 1013 2752 1081 decipient,
2784 1026 2963 1080 neque
2997 1010 3264 1080 arripient
3295 1007 3521 1070 multos.

1949 1121 2139 1161 verum
2172 1105 2388 1159 etiamsi
2431 1104 2653 1158 maximi
2697 1104 3025 1173 impostores
3053 1102 3374 1164 videantur,
3423 1099 3524 1154 de-

1951 1196 2360 1268 prchendemur
2388 1206 2588 1250 tamen.
2621 1195 2786 1248 Infert
2822 1195 3026 1264 igitur:

2024 1289 2340 1357 [nsipientia
2367 1288 2504 1342 enim
2533 1303 2714 1341 eorum
2766 1286 3044 1353 perspicua
3098 1285 3198 1336 erit
3251 1280 3525 1342 omnibus,

1949 1384 2086 1436 sicut
2113 1391 2161 1435 et
2194 1381 2409 1434 illorum
2451 1380 2578 1448 fuit.
2607 1378 2663 1433 Si
2705 1378 2946 1440 dubitas,
2969 1391 3035 1431 ex
3066 1377 3133 1430 iis
3187 1391 3308 1445 qum
3351 1375 3525 1443 Magis-

1951 1474 2060 1528 illis
2124 1473 2476 1541 contigerunt
2543 1471 2714 1525 disce.
2759 1467 2890 1521 Nam
2954 1468 3028 1521 illi
3079 1466 3314 1520 convicti
3364 1472 3514 1528 sunt,

1949 1562 2098 1632 quod.
2157 1575 2252 1629 per
2335 1573 2528 1613 vanam
2601 1557 2910 1612 illusionem
2965 1554 3228 1609 miracula
3295 1553 3528 1607 ederent

1955 1659 2118 1718 atque
2170 1649 2534 1707 seducerent,
2595 1661 2719 1700 cum
2791 1647 2972 1699 Moses
3034 1657 3220 1697 revera
3272 1640 3526 1711 prodigia.

1929 1746 2289 1809 operaretur.
2332 1737 2600 1803 Quocirca
2664 1736 2846 1790 omnis
2912 1737 3217 1805 impostura
3260 1731 3327 1786 ad
3383 1742 3520 1785 tem-

1951 1846 2052 1900 pus
2085 1831 2267 1884 durat.

2019 1923 2184 1978 Vens.
2219 1922 2304 1975 l0.
2339 1919 2416 1974 Tu
2463 1929 2640 1974 autem
2683 1928 2956 1974 assecutus
2995 1934 3049 1971 es
3102 1932 3271 1969 meam
3319 1914 3521 1968 doctri-

1948 2029 2093 2067 nam.
2133 2012 2213 2065 Illi
2266 2011 2484 2081 quidem
2537 2012 2672 2065 tales
2712 2019 2861 2075 sunt,
2904 2008 3123 2079 inquit:
3160 2015 3215 2059 tu
3264 2019 3392 2058 vero
3417 2017 3518 2056 no-

1946 2111 2060 2159 stra
2092 2112 2282 2158 exacte
2323 2105 2490 2167 nosti,
2523 2101 2669 2172 quod
2719 2116 2826 2155 non
2851 2101 2963 2155 sint
2993 2097 3120 2151 talia
3151 2114 3166 2150 :
3203 2109 3311 2150 non
3367 2093 3514 2148 enim

1946 2196 2266 2265 simpliciter
2290 2196 2431 2265 apud
2463 2210 2550 2249 me
2586 2204 2827 2248 moratus
2856 2207 2938 2251 es.
2968 2199 3340 2244 verumtamen
3372 2202 3519 2239 asse-

1944 2297 2120 2354 cutus,
2162 2289 2217 2343 id
2253 2296 2359 2352 est,
2389 2288 2550 2356 longo
2586 2285 2727 2356 apud
2757 2299 2844 2338 me
2873 2291 3120 2351 tempore
3144 2276 3518 2346 permansisli,

1944 2388 1998 2436 et
2031 2379 2286 2434 omnibus
2318 2380 2452 2433 meis
2485 2379 2648 2432 rebus
2681 2374 2962 2430 attendisti
3012 2371 3254 2424 animum
3291 2386 3304 2421 ε
3358 2366 3522 2420 fortis

1943 2471 2130 2539 itaque
2191 2477 2328 2533 esto,
2384 2482 2449 2522 ac
2497 2468 2693 2522 resiste
2742 2463 3098 2520 adversariis.
3163 2461 3522 2515 Doctrinam:

1941 2561 2044 2616 hoc
2069 2560 2134 2614 ad
2157 2573 2466 2614 sermonem
2491 2561 2708 2613 attinet.

2014 2649 2432 2704 Institutionem.
2483 2648 2598 2703 Hoc
2660 2649 2730 2702 de
2789 2648 2901 2703 vita
2957 2656 3014 2703 et
3077 2644 3320 2700 moribus
3374 2642 3522 2697 acci-

1941 2743 2222 2812 piendum.

2010 2834 2374 2902 Propositum.
2442 2832 2502 2887 Id
2555 2838 2657 2893 est,
2719 2826 3229 2900 promptiludinem,
3270 2825 3514 2892 adeoque

1941 2925 2152 2980 virilem
2205 2925 2400 2978 animae
2428 2923 2899 2978 constitutionem.
2947 2918 3063 2972 Non
3102 2918 3269 2980 enim,
3313 2914 3508 2985 inquit,

1939 3017 2182 3071 dicebam
2221 3016 2424 3079 solum,
2456 3029 2645 3068 verum
2681 3023 2736 3067 et
2767 3011 3058 3066 faciebam.

2009 3108 2218 3163 Fidem.
2265 3107 2381 3162 Hoc
2421 3115 2524 3170 est,
2569 3106 2624 3158 in
2658 3103 2912 3158 doctrina
2956 3100 3202 3155 veritatis
3251 3105 3510 3152 constan-

1937 3201 2090 3266 tiam,
2123 3201 2205 3256 vel
2245 3213 2362 3254 eam
2398 3212 2520 3267 qua:
2571 3198 2626 3250 in
2687 3194 2945 3265 periculis
2995 3207 3102 3246 non
3155 3189 3287 3244 sinit
3319 3190 3514 3256 despe-

1927 3308 2075 3353 rare,
2121 3281 2214 3346 scd
2257 3291 2427 3346 ﬁdere
2479 3289 2590 3343 Dco
2649 3287 2804 3352 facit,
2835 3285 2982 3357 quod
3020 3284 3068 3338 is
3108 3298 3208 3337 nos
3264 3281 3335 3336 sit
3388 3293 3509 3333 ere-

1932 3394 2148 3454 pturus.

2003 3474 2504 3544 Longanimitatem.
2542 3471 2681 3540 Erga
2714 3467 3024 3529 ha‘rcticos,
3059 3479 3168 3519 non
3230 3462 3373 3516 enim
3419 3469 3505 3513 tu-

1933 3567 2264 3628 multuabar,
2318 3566 2417 3624 sed,
2475 3561 2659 3616 omnia
2709 3575 2835 3614 cum
2878 3554 3298 3611 mansuetudine
3353 3555 3504 3607 exci-

1930 3655 2164 3725 piebam.
2506 3660 2508 3662 '

1997 3746 2338 3800 Patientiam.
2369 3745 2425 3798 ln
2456 3744 2952 3814 persecutionibns.

2000 3834 2165 3889 Vsus.
2197 3835 2284 3889 il.
2345 3833 2759 3896 Persecutiones,
2808 3832 3104 3900 passiones.
3137 3825 3369 3887 Nedum,
3414 3823 3502 3875 in-

1927 3927 2086 3998 quit,
2150 3925 2632 3996 persecutionibns
2719 3923 2992 3979 obnoxius
3057 3933 3245 3982 eram,
3308 3928 3498 3969 verum

1927 4019 2091 4073 etiam
2138 4015 2412 4086 patiebar.
2462 4014 2600 4080 Quia
2659 4030 2790 4069 vero
2834 4015 2946 4068 haec
2973 4013 3079 4066 duo
3104 4009 3338 4064 maxime
3377 4021 3499 4075 per-

1928 4108 2149 4163 turbant
2199 4105 2502 4170 doctorem,
2549 4121 2672 4158 cum
2722 4106 2868 4174 quod
2925 4102 3162 4158 haeretici
3213 4101 3342 4162 sint,
3384 4107 3497 4151 tum

1925 4199 2070 4270 quod
2133 4196 2455 4252 aiilictiones
2509 4198 2796 4265 patiatur:
2861 4197 2929 4250 de
2991 4193 3277 4248 haereticis,
3325 4192 3497 4245 multa

1927 4303 2059 4344 sane
2094 4287 2384 4352 disseruit,
2431 4286 2768 4357 persuadens
2797 4283 3087 4340 Timotheo
3119 4298 3185 4337 ne
3221 4282 3493 4336 turbetur.

1926 4380 2081 4446 Quod
2137 4385 2319 4433 autem
2373 4377 2442 4431 ad
2497 4377 2822 4432 aﬂlictiones
2855 4376 3070 4439 attinet,
3129 4388 3260 4427 suas
3317 4372 3492 4440 ipsius

1926 4470 2266 4524 calamitates
2294 4477 2534 4534 enarrat,
2559 4469 2666 4522 dist
2685 4468 2834 4535 ipulo
2860 4467 3101 4520 animum
3136 4464 3369 4517 addens.

336 4555 434 4614 0ἴὰ
459 4577 562 4630 μοι
593 4560 832 4628 ἐγένετο
873 4558 944 4612 ἐν
983 4557 1333 4628 Ἀντιοχείᾳ,
1365 4557 1436 4610 ἐν
1487 4555 1724 4622 Ἰκονίῳ,
1753 4554 1823 4609 ἐν

1999 4561 2196 4625 Qualia
2241 4560 2370 4613 mihi
2441 4559 2586 4627 facta
2627 4566 2750 4611 sunt
2798 4554 3112 4614 Antiochiae,
3157 4553 3347 4614 Iconii,
3393 4549 3499 4620 Ly-

271 4651 570 4720 Λύστροις.
613 4650 942 4720 Ἀντιόχειαν
993 4648 1090 4719 τὴν
1145 4653 1248 4722 τῆς
1304 4648 1588 4711 Πισσιδίας
1643 4647 1816 4716 λέγει.

269 4741 472 4812 Λύστρα
513 4741 591 4805 δὲ,
643 4740 767 4794 ὅθεν
793 4737 862 4811 ἧν
888 4741 918 4792 δ
945 4738 1228 4810 Τιμόθεος.
1295 4740 1395 4790 Διὰ
1449 4738 1503 4790 τί
1531 4737 1589 4790 δὲ
1619 4737 1825 4790 τούτων

274 4833 430 4898 μόνων
457 4835 770 4904 μέμνηταις
805 4815 1024 4902 Ἐπειδῆ
1051 4829 1447 4901 γνωριμώτερα
1462 4825 1532 4900 ἧν
1556 4828 1633 4899 τῷ
1654 4829 1824 4899 Τιμο-

271 4923 381 4994 θέῳ,
408 4927 440 4996 ἢ
479 4927 578 4978 καὶ
606 4923 919 4995 νεαρώτερα
972 4924 1082 4978 τῶν
1132 4925 1332 4980 ἄλλων.
1363 4924 1508 4993 Ὅρα
1538 4922 1596 4976 δὲ
1619 4921 1737 4984 πῶς
1762 4921 1824 4974 οὐ

271 5006 400 5077 λέγει
430 5011 612 5066 ταῦτα
640 5012 759 5064 κατ’
794 5008 932 5074 εἶδος
952 5028 965 5043 ·
1013 5013 1073 5065 οὐ
1108 5013 1220 5083 γὰρ
1266 5011 1580 5076 ἐπιδείξεως
1608 5011 1819 5076 ἕνεκεν,

270 5100 390 5156 ἀλλὰ
437 5101 800 5173 παραμυθίας
866 5102 963 5156 τοῦ
1021 5103 1303 5175 μαθητοῦ,
1361 5101 1536 5156 ταῦτα
1613 5101 1818 5171 γράφει

270 5191 590 5261 ἀναγκαίως.

321 5285 489 5351 οἵους
529 5283 824 5354 διωγμοὺς
874 5284 1185 5355 ὑπέμεινα,
1229 5285 1326 5340 καί
1357 5286 1426 5339 ἐκ
1464 5285 1706 5339 πάντων
1739 5302 1817 5352 με

264 5372 539 5441 ἐρῤὐσατο
569 5379 604 5431 ὁ
631 5378 846 5445 Κύριος
865 5393 880 5408 °
919 5377 1233 5447 Ἀμφότερα
1258 5378 1428 5431 ταῦτα
1463 5377 1704 5432 δείκνυσι
1737 5378 1816 5446 τῷ

264 5464 510 5540 Τιμοθέῳ,
533 5470 619 5523 ὅτι
635 5469 745 5522 Καὶ
769 5468 880 5538 ἐγὼ
901 5468 1206 5540 προθυμίαν
1224 5470 1268 5503 ³³
1299 5468 1657 5540 παρειχόμην,
1674 5469 1812 5523 ὥστε

323 5647 361 5678 ⁸⁹
395 5651 518 5703 Act.
542 5662 666 5714 xm,
693 5648 775 5704 H.

1922 4655 2046 4708 stris
2079 4652 2146 4707 ”.
2175 4651 2522 4706 Antiochiam
2558 4649 2776 4703 Pisidia:
2830 4646 3003 4702 dicit:
3046 4638 3298 4716 Lystrarﬁ
3324 4657 3452 4696 vero
3479 4681 3495 4706 ,

1924 4744 2066 4799 unde
2097 4741 2418 4797 Timotheus
2451 4740 2740 4795 oriundus.
2801 4738 2976 4804 Quam
3033 4737 3106 4792 ob
3137 4748 3360 4789 causam
3395 4747 3495 4784 au-

1921 4842 2030 4890 tem
2065 4835 2257 4888 horum
2297 4831 2682 4887 tantummodo
2711 4830 2998 4885 meminit?
3035 4827 3174 4894 Quia
3210 4824 3497 4880 'l‘imodieo

1925 4925 2141 4979 notiora
2181 4934 2362 4995 erant,
2393 4924 2476 4978 vel
2526 4922 2650 4978 aliis
2683 4922 3012 4978 recentiora.
3043 4920 3284 4975 Observa
3314 4924 3492 4969 autem

1919 5016 2068 5086 quod
2133 5016 2240 5073 ista
2293 5015 2578 5085 speciatim
2636 5029 2747 5067 non
2808 5021 3116 5068 recenset:
3177 5023 3288 5063 non
3347 5005 3495 5061 enim

1918 5109 2304 5162 ostentationis
2342 5120 2532 5169 causa,
2563 5104 2661 5160 sed
2694 5114 2752 5160 ut
2780 5102 3112 5173 discipulum
3157 5097 3492 5160 consoletur,

1921 5201 2037 5255 haec
2074 5198 2391 5254 necessario
2419 5196 2634 5252 scribit.

1990 5288 2187 5356 Quales
2225 5287 2606 5357 persecutiones
2629 5285 2878 5349 sustinui,
2909 5293 2958 5338 et
2993 5298 3059 5336 ea:
3096 5280 3336 5335 omnibus
3379 5293 3488 5332 ert-

1919 5379 2033 5447 puit
2064 5394 2145 5432 me
2177 5378 2455 5432 Dominus.
2495 5376 2732 5445 Utraque
2764 5375 2880 5428 haec
2919 5372 3124 5427 indicat
3150 5369 3438 5426 Timotheo
3471 5386 3485 5423 :

1920 5469 1986 5524 Et
2010 5483 2145 5540 ego,
2220 5468 2436 5538 inquit,
2501 5463 2983 5538 promptitudinem
3042 5462 3110 5519 ad
3171 5461 3486 5533 patiendum

1594 5746 1784 5808 Varia:
1811 5745 2140 5810 lectiones.

328 5845 366 5876 ³⁸
386 5845 694 5915 προθυμίας
731 5846 956 5917 εἰχόμην
984 5862 1036 5903 0.
