3990 6592
451 407 552 470 123

1318 399 1889 465 THEOPHYLACTI
1922 397 2227 457 BULGAB
2239 398 2333 458 [7E
2361 401 2713 463 ARCHIEP.

3587 405 3687 470 12$

448 520 791 586 exhibeham,
828 529 884 575 et
914 519 1056 576 Deus
1098 519 1534 575 non'deserebat
1570 529 1676 570 me.
1735 513 1917 578 Quare
1963 517 2014 564 et

2123 507 2240 582 [δεῖ]
2276 514 2568 584 ὑπομένειν
2594 557 2608 581 ,
2649 517 2742 571 καὶ
2770 519 2800 570 δ
2845 517 2980 580 Θεὸς
3034 519 3094 571 οὐ
3155 520 3532 590 κατελίμπανέ
3588 540 3677 591 με.

449 625 507 668 tu
535 614 615 667 sis
645 621 953 682 promptus,
990 623 1044 667 et
1075 627 1182 666 non
1205 609 1626 679 derelinqucris.

521 703 684 758 Vens.
716 703 804 756 12.
838 703 905 756 Et
943 719 1120 757 omnes
1150 704 1239 771 qui
1276 704 1356 770 pie
1408 701 1586 754 volunt
1638 699 1800 753 cicere
1853 697 2012 767 811

448 796 502 846 in
553 792 766 848 Christo
805 795 952 854 Jesu,
1002 796 1408 860 persecutionem
1459 792 1747 858 patientur.
1781 788 1847 841 Et
1901 789 2016 840 haec

451 901 582 939 sane
635 886 869 938 maxima
918 893 1001 940 cst
1051 885 1377 938 consolatio.
1432 883 1571 948 Quid
1603 885 1772 946 enim,
1814 881 2012 950 inquit,

450 979 518 1030 de.
573 993 657 1031 me
720 978 838 1031 solo
887 979 1050 1031 verba
1117 976 1304 1031 facio?
1361 980 1642 1046 Quotquot
1693 978 1780 1044 pie
1832 977 2016 1030 vivere

451 1068 763 1128 insrituunt,
815 1077 869 1119 et
923 1069 1222 1121 secundum
1257 1066 1634 1136 Evangeliuln,
1679 1067 2016 1134 persecutio-

450 1174 571 1210 nem
616 1161 911 1226 patientur.
943 1159 1362 1214 Persecutiones
1393 1169 1574 1213 autem
1613 1160 1700 1213 hic
1737 1159 1871 1212 dicit
1905 1172 2012 1210 non

448 1260 542 1298 eas
576 1247 722 1300 solas
773 1261 894 1315 quae
929 1249 998 1302 ab
1036 1248 1332 1303 incredulis
1365 1250 1673 1310 imminent,
1712 1248 1806 1303 sed
1847 1248 2010 1301 etiam

452 1334 773 1390 :iﬂlictiones
800 1337 934 1390 istas
965 1337 1307 1406 simpliciter,
1336 1347 1389 1392 et
1441 1354 1704 1393 maerores
1743 1353 1805 1390 ac
1863 1337 2016 1391 dolo-

451 1438 558 1486 res,
629 1438 770 1492 quos
821 1425 1025 1480 virtute
1070 1427 1278 1494 praediti
1325 1427 1617 1482 sustinent.
1669 1425 2015 1479 'l‘entationis

449 1515 593 1567 enim
644 1515 798 1570 locus
847 1525 930 1572 est
978 1519 1086 1572 vita
1118 1519 1375 1584 hominis,
1410 1520 1489 1572 uti
1517 1518 1689 1573 Johns
1715 1517 1808 1579 ait,
1838 1529 1891 1573 et
1919 1519 2015 1589 qui

451 1615 742 1674 angustum
785 1607 888 1663 iter
920 1609 1241 1678 ingreditur,
1281 1611 1594 1665 necessario
1624 1609 1906 1678 premitur.

524 1697 690 1750 Vitas.
731 1698 818 1751 15.
857 1698 990 1752 .ilnli
1014 1710 1189 1753 autem
1216 1701 1452 1754 homines
1473 1711 1520 1754 et
1554 1700 1854 1755 seductores
1887 1716 2012 1766 pro-

451 1788 627 1854 ﬁcient
660 1789 712 1842 in
760 1789 926 1856 pejus,
961 1802 1194 1844 errantes
1251 1800 1298 1845 et
1349 1792 1401 1844 in
1451 1807 1681 1845 errorem
1728 1792 2008 1845 mittentes.

451 1874 597 1929 Nihil
636 1885 690 1930 te
731 1878 1034 1945 perturbet,
1071 1880 1115 1932 si
1161 1880 1248 1934 isti
1298 1881 1353 1933 in
1402 1866 1794 1950 tranquillitate
1827 1892 2008 1950 agant,

455 1974 510 2018 tu
547 1981 676 2020 vero
730 1967 783 2020 in
841 1969 1284 2024 mutationibus:
1344 1986 1524 2025 rerum
1587 1983 1780 2026 natura
1829 1974 1910 2028 sic
1955 1987 2015 2027 se

455 2057 634 2111 habet.
677 2056 886 2113 Exutus
917 2075 976 2114 es
1014 2061 1078 2114 ad
1114 2071 1431 2118 certamen:
1466 2079 1688 2120 necesse
1726 2074 1810 2120 est
1847 2066 2012 2119 sudo-

455 2145 605 2198 ribus
636 2151 688 2200 te
713 2146 1014 2202 abundare.
1045 2149 1311 2204 Stolidum
1333 2162 1417 2207 est
1443 2153 1605 2222 igitur
1636 2155 1689 2208 in
1717 2154 2016 2212 certamine

451 2238 693 2304 requiem
717 2253 977 2306 quaerere.
1017 2239 1147 2294 Nam
1178 2244 1392 2298 etiamsi
1428 2245 1678 2313 progredi
1703 2244 2011 2308 videantur,

455 2330 557 2382 hoc
588 2336 766 2384 tamen
801 2346 908 2385 non
947 2340 1033 2386 est
1068 2347 1410 2403 prOgressus,
1450 2336 1706 2392 nimiunn
1746 2337 1800 2390 in
1827 2352 2015 2392 errore

454 2418 686 2473 feliciter
711 2435 953 2489 pergere.
983 2424 1357 2494 lnterpretans
1391 2428 1536 2480 enim
1581 2428 1710 2499 quid
1741 2430 1812 2484 sit
1839 2429 2010 2498 peius,

451 2511 609 2573 dixit,
639 2511 693 2566 in
729 2527 969 2568 errorem
1002 2516 1215 2571 mittere
1243 2527 1298 2574 et
1323 2533 1528 2574 errare.

523 2598 690 2654 Vens.
737 2602 824 2656 14.
878 2603 956 2658 Τιι
1007 2621 1125 2659 vero
1164 2623 1315 2662 mana
1370 2611 1425 2663 in
1465 2611 1531 2664 iis
1585 2628 1701 2680 qua:
1751 2615 2010 2680 didicisti,

449 2699 498 2742 et
521 2692 721 2744 credita
760 2703 881 2746 sunt
921 2693 1034 2750 tibi.
1076 2695 1154 2751 Tu
1195 2710 1396 2765 autem,
1424 2702 1620 2766 inquit,
1655 2705 2014 2774 impe-rmuta-

452 2780 574 2834 nilis
609 2792 754 2848 esto,
775 2795 825 2837 et
864 2787 1246 2843 noliannulari
1276 2791 1326 2843 in
1357 2791 1768 2860 malignantibus
1799 2813 1819 2850 :
1854 2813 2014 2865 neque

450 2889 503 2924 in
528 2873 734 2928 homine
761 2878 850 2945 qui
869 2890 1216 2945 prosperatur
1245 2884 1300 2934 in
1326 2885 1408 2936 via
1431 2901 1526 2938 sua
1559 2886 1627 2940 ⁸³.
1660 2886 1778 2942 Non
1803 2889 2013 2958 simpli-

449 2965 586 3018 citer
621 2973 801 3020 autem
871 2969 1132 3038 didicisti,
1196 2973 1291 3028 sed
1347 2984 1400 3028 et
1447 2977 1653 3030 credita
1712 2987 1840 3032 sunt
1894 2980 2012 3045 tibi,

453 3053 556 3108 hoc
577 3063 681 3120 est,
719 3073 843 3112 cum
886 3061 1215 3118 certitudine
1248 3064 1508 3120 didicisti.
1540 3067 1772 3124 Proinde
1799 3071 2012 3126 etiamsi

2123 601 2282 654 Ὥστε
2313 602 2405 655 καὶ
2438 604 2502 658 σὺ
2532 606 2832 676 προθυμοῦ,
2864 606 2958 659 καὶ
2981 608 3085 661 οὐκ
3117 609 3612 682 ὲγκαταλειιρθήσῃ.

2187 693 2296 745 Καὶ
2352 693 2574 759 πάντες
2629 695 2698 748 δὲ
2745 700 2799 750 oi
2835 697 3118 763 θέλοντες
3165 699 3432 764 εὐσεϐῶς
3465 699 3576 765 ζῇν
3615 701 3688 753 ἐν

2118 784 2350 852 Χριστῷ
2391 787 2617 853 Ἰησοῦ,
2653 787 3112 856 διωχθήσονται.
3139 792 3247 844 Καὶ
3275 791 3429 844 τοῦτο
3455 791 3683 861 μεγίστη

2117 875 2461 945 παραμυθία.
2501 879 2568 932 Τί
2614 880 2724 949 γὰρ
2765 881 2926 948 λέγω,
2967 884 3122 952 φησὶ,
3159 884 3288 953 περὶ
3317 884 3555 953 ἐμαυτοῦ
3589 883 3685 954 μό-

2117 981 2239 1029 νου;
2286 965 2494 1028 Πάντες
2539 970 2856 1033 οἱοέλοντες
2887 972 3126 1035 εὐσεϐῶς
3181 973 3282 1042 ζῇν
3342 974 3599 1026 καὶκατὰ
3624 973 3684 1026 τὺ

2117 1052 2472 1122 Εὑαγγέλιον,
2535 1058 2947 1129 διωχθήσονται.
3005 1063 3292 1131 Διωγμοὺς
3346 1062 3402 1115 δὲ
3450 1061 3684 1116 ἐνταῦθα

2117 1141 2289 1211 λέγει,
2316 1147 2376 1198 οῦ
2403 1149 2530 1211 τοὺς
2557 1149 2707 1220 παρὰ
2735 1152 2983 1205 ἀπίστων
3041 1151 3255 1220 μόνους,
3287 1153 3425 1206 ἀλλὰ
3457 1157 3553 1207 καὶ
3583 1154 3688 1218 τὰς

2117 1235 2330 1306 ϐλίψεις
2359 1237 2569 1304 ἁπλῶς,
2605 1243 2700 1294 καὶ
2726 1242 2826 1306 τὰς
2857 1243 3081 1309 ὀδύνας,
3121 1243 3188 1306 ἃς
3217 1246 3266 1296 oi
3310 1245 3554 1312 ἑνάρετοι
3585 1247 3683 1313 ὑφ-

2118 1325 2384 1380 ίστανται.
2431 1330 2794 1399 Πειρατήριον
2825 1335 2938 1403 γάρ
2967 1333 3118 1386 εστιν
3152 1335 3180 1387 ὁ
3211 1333 3324 1403 βίος
3347 1333 3442 1387 τοῦ
3471 1335 3682 1404 ἀνθρὼ-

2117 1435 2240 1481 που,
2275 1419 2416 1472 κατὰ
2460 1419 2551 1472 τὸν
2585 1418 2724 1485 Ἰὼϐ,
2780 1425 2872 1476 καὶ
2929 1425 2957 1476 ὁ
3005 1425 3106 1495 τὴν
3137 1425 3330 1495 στενὴν
3363 1424 3581 1491 ὁδεύων,
3624 1425 3682 1491 ἐξ

2117 1507 2362 1579 ἀνάγκης
2396 1509 2663 1565 θλίϐεται.

2187 1694 2445 1764 Πονηροῖ
2463 1696 2532 1749 δὲ
2558 1697 2855 1765 ἄνθρωποι
2882 1699 2979 1753 καὶ
3006 1702 3215 1770 γόητες
3261 1703 3684 1770 προκόψουσιν

2117 1784 2214 1838 ἐπὶ
2248 1786 2314 1839 τὸ
2335 1787 2556 1855 xet'por,
2587 1789 2934 1854 πλανῶντες
2957 1792 3056 1846 καὶ
3083 1794 3476 1861 πλανώμενοι.
3497 1797 3685 1865 Μηδέν

2119 1895 2179 1930 σε
2220 1879 2536 1947 θορυσείτω,
2591 1883 2639 1933 ει
2694 1883 2890 1936 ἐκεῖνοι
2925 1886 2984 1936 ὲν
3016 1884 3270 1955 εὐθυμία,
3296 1886 3360 1938 σὺ
3394 1887 3450 1939 δὲ
3477 1887 3536 1939 ἐν
3561 1905 3684 1939 πει-

2117 1971 2361 2036 ρασμοῖς¹
2393 1985 2408 1998 ο
2439 1967 2612 2032 οὕτως
2639 1969 2750 2039 ἔχει
2776 1972 2808 2040 ἡ
2836 1970 2995 2039 φύσις
3012 1971 3122 2025 τῶν
3151 1975 3509 2043 πραγμάτων.
3549 1975 3681 2027 ’Λπ-

2114 2058 2384 2120 εδύσωείς
2406 2059 2494 2110 τὸν
2524 2061 2730 2127 ἀγῶνα,
2759 2061 2970 2130 ἀνάγκη
3005 2065 3152 2116 ἐστὶν
3192 2065 3431 2134 ἱδρώτων
3480 2081 3539 2117 σε
3586 2065 3685 2132 γέ-

2119 2165 2257 2212 μειν.
2306 2151 2556 2217 ’Δνόητον
2606 2149 2700 2203 οῦν
2739 2151 2799 2204 τὸ
2833 2154 2891 2204 ὲν
2933 2153 3100 2221 ἀγῶνι
3155 2156 3338 2209 ἄνεσιν
3375 2155 3578 2224 ζητεῖν.
3623 2156 3689 2208 Ei

2114 2241 2222 2309 γὰρ
2263 2244 2358 2295 κα)⁸
2385 2241 2597 2296 δοκοῦσι
2651 2246 3002 2314 προκόπτειν,
3053 2245 3168 2299 ἀλλ’
3213 2249 3312 2300 οὐκ
3360 2247 3477 2300 ἐστι
3527 2245 3694 2299 τοῦτο-

2116 2330 2393 2400 προκοπὴ,
2430 2332 2490 2383 τὸ
2516 2331 2831 2385 εὐοδοῦσθαι
2887 2334 3080 2394 αὐτοῦς
3108 2336 3166 2386 ὲν
3190 2335 3256 2402 τῇ
3320 2333 3518 2405 πλάνῃ.
3562 2331 3688 2400 Ἐρ-

2118 2420 2365 2490 μηνεύων
2395 2423 2502 2492 γὰρ
2527 2424 2580 2476 τί
2617 2426 2732 2478 ἐστι
2778 2424 2848 2478 τὸ
2892 2426 3112 2494 χεῷον,
3169 2421 3314 2490 εἷπε,
3353 2425 3414 2478 τὸ
3474 2424 3686 2494 πλανᾷν

2115 2513 2210 2567 καὶ
2248 2513 2575 2568 πλανᾶσθαι.

2186 2607 2270 2659 Σὺ
2303 2607 2371 2658 δὲ
2397 2606 2545 2674 μένε
2581 2608 2651 2660 ἐν
2684 2604 2775 2672 οἷς
2818 2606 3038 2675 ἔμαθες
3093 2608 3194 2662 καὶ
3225 2609 3580 2675 ἐπιστώθης.
3611 2611 3690 2664 Σὺι

2112 2698 2190 2760 δὲ,
2227 2697 2412 2765 φησιν,
2449 2698 2848 2766 ἁπερίτρεπτος
2894 2697 3005 2762 ἔσο,
3059 2699 3156 2752 καὶ
3206 2699 3292 2768 μὴ
3341 2698 3684 2768 παραζήλου

2113 2791 2182 2844 ἐν
2197 2789 2718 2858 πονηρεινομένοις,
2738 2789 2892 2857 μηδὲ
2922 2789 3302 2860 ἐν’ἀνθρώπφ
3331 2791 3685 2846 κατωοόου-

2111 2883 2274 2952 μένῳ
2315 2881 2360 2913 ³³
2387 2882 2457 2934 ἐν
2481 2880 2556 2949 τῇ
2585 2881 2702 2946 ὁδῷ
2733 2881 2941 2937 αὑτοῦ.
2969 2885 3088 2952 οὐχ·
3108 2885 3294 2947 ἅπλῶς
3347 2885 3404 2937 δὲ
3459 2885 3684 2952 ἔμαθες,

2116 2973 2252 3025 ἀλλὰ
2281 2973 2372 3025 καὶ
2413 2971 2742 3040 ἐπιστώθης,
2809 2973 3076 3043 τουτέστι,
3118 2975 3254 3043 μετὰ
3309 2975 3685 3045 πληροφορίας

2117 3062 2337 3133 ἔμαθες.
2384 3063 2546 3116 Ὥστε
2575 3062 2678 3117 κᾶν
2718 3064 2935 3125 ἐναντία
2965 3065 3098 3136 ὁρᾷς
3124 3064 3236 3117 τῶν
3263 3064 3682 3127 πιστευθέντων,

450 3146 726 3201 diversum
755 3142 950 3205 cernas
980 3153 1047 3206 ab
1065 3166 1131 3206 eo
1151 3155 1293 3222 quod
1315 3156 1618 3220 credidisti,
1653 3176 1720 3215 ne
1744 3162 2007 3218 turberis:

2123 3154 2193 3223 μὴ
2223 3153 2453 3224 Θορυόοῦ
2481 3194 2495 3218 ,
2524 3154 2648 3206 ἐπεὶ
2681 3155 2775 3207 καὶ
2834 3155 3083 3225 ’Δϐραὰμ
3139 3154 3378 3216 ἀκούσας
3407 3195 3421 3219 ,
3452 3155 3535 3209 ὅτι
3584 3156 3688 3208 Ἔν

450 3236 893 3306 quandoquidem
939 3243 1294 3300 etAbraham
1344 3257 1630 3316 postquam
1697 3252 2012 3319 audivisset,

453 3329 519 3379 In
551 3324 707 3382 Isaac
738 3331 1007 3384 vocabitur
1039 3335 1131 3388 tibi
1159 3351 1350 3400 semen,
1371 3351 1494 3392 cum
1525 3341 1748 3408 posthac
1769 3343 2018 3412 jugulare

452 3435 575 3474 cum
611 3420 916 3488 juberetur,
953 3441 1060 3479 non
1093 3429 1435 3494 turbabatur.

523 3511 708 3568 Sciens
735 3532 766 3567 η
788 3532 889 3585 quo
915 3515 1186 3582 didiceris,
1213 3531 1260 3574 et
1306 3522 1444 3591 quod
1475 3525 1538 3576 ab
1573 3525 1802 3592 infantia
1831 3543 2014 3582 sacras

452 3604 656 3660 litteras
707 3608 865 3661 nosti.
922 3609 1064 3664 Duas
1117 3627 1312 3668 causas
1361 3615 1583 3670 adducit
1629 3625 1854 3686 propter
1879 3634 2016 3687 quas

452 3707 704 3764 oporteat
727 3716 848 3754 eum
884 3701 1214 3757 immobilem
1250 3720 1569 3773 permanere
1596 3724 1611 3771 ;
1636 3718 1690 3761 et
1724 3709 1868 3778 quod
1905 3725 2014 3764 non

453 3808 478 3840 ει
521 3790 729 3859 vulgari
775 3792 958 3860 aliquo
1000 3793 1260 3858 didicisti,
1307 3797 1501 3865 inquit,
1557 3799 1649 3851 sed
1691 3814 1732 3853 .a
1802 3801 2013 3868 Paulo;

456 3881 561 3945 vel,
596 3883 741 3949 quod
769 3882 910 3937 idem
943 3885 1105 3947 valet,
1136 3900 1166 3937 a
1189 3885 1410 3941 Christo
1447 3907 1459 3941 :
1496 3897 1551 3942 et
1577 3891 1704 3957 quia
1737 3906 1846 3945 non
1877 3892 2016 3958 heri,

453 3979 550 4024 aut
605 3985 778 4039 nuper
835 3971 1096 4036 didicisti,
1145 3976 1239 4029 sed
1283 3977 1350 4030 ah
1402 3977 1650 4045 infantia,
1685 3997 1750 4034 ac
1799 3983 2016 4038 radices

453 4062 564 4131 egit
595 4063 648 4115 in
673 4070 726 4117 te
757 4064 983 4118 scientia
1020 4066 1237 4134 pietatis
1273 4087 1285 4122 :
1321 4084 1489 4138 quare
1525 4087 1632 4126 non
1665 4075 1940 4141 permittet
1965 4085 2018 4131 te

455 4153 660 4220 aliquid
691 4155 858 4208 stulte
883 4154 1082 4220 iacere,
1136 4166 1193 4211 ut
1230 4159 1476 4229 plerique
1502 4163 1702 4219 solent.
1733 4164 1836 4230 Qui
1869 4167 2014 4220 enim

455 4243 766 4312 Scripturas
833 4247 1059 4314 perinde
1109 4251 1260 4303 novit
1313 4261 1373 4304 ut
1434 4263 1668 4322 oportet,
1737 4272 2014 4327 nunquam

456 4345 816 4400 pervertetur.
873 4337 1069 4395 Sacras
1136 4351 1314 4398 autem
1363 4346 1573 4402 litteras
1630 4348 1867 4404 divinam
1923 4365 2018 4420 ap-

457 4425 618 4495 pellat
650 4425 1011 4497 Scriptu-ram.
1052 4431 1162 4486 Hoc
1201 4449 1363 4502 porro
1401 4444 1483 4491 est
1526 4438 1790 4495 adversus
1831 4439 2012 4496 Simo-

454 4532 600 4582 nem,
634 4527 688 4571 et
717 4519 1007 4585 Mauetem,
1035 4533 1086 4577 et
1116 4538 1308 4581 omnes
1335 4528 1426 4595 qui
1471 4525 1638 4584 Vetus
1691 4527 2012 4587 Testamen-

455 4619 568 4662 tum
595 4625 818 4677 pravum
854 4615 1150 4680 appellant.

526 4695 690 4752 Vens.
728 4699 814 4752 15.
852 4702 980 4763 Qua:
1013 4713 1060 4755 te
1105 4718 1319 4772 possunt
1356 4707 1612 4762 instruere
1647 4710 1715 4762 ad
1767 4711 2014 4778 salutem,

454 4806 547 4857 per
565 4789 720 4857 ﬁdem
747 4807 862 4859 qua:
885 4803 961 4846 est
990 4794 1043 4847 in
1065 4795 1195 4849 Jesu
1223 4796 1458 4851 Christo.
1495 4798 1612 4852 Non
1657 4803 2014 4869 quemadmo-

453 4882 583 4934 dum
619 4893 844 4937 externa
883 4886 1112 4940 scientia
1162 4888 1436 4943 hominem
1481 4891 1721 4946 instituit
1765 4895 1831 4947 ad
1865 4895 2017 4949 frau-

453 4973 576 5026 dein
611 4981 666 5026 et
698 4974 1050 5044 imposturas,
1095 4989 1149 5032 et
1185 4981 1477 5034 verborum
1517 4998 1752 5052 pugnas,
1786 5000 1850 5039 ex
1892 4988 2014 5054 qui-

455 5065 558 5116 bus
583 5064 777 5118 anima:
812 5068 1063 5122 interitus
1100 5072 1366 5138 provenit,
1403 5073 1485 5127 sic
1528 5075 1712 5129 divina
1751 5079 2011 5146 cognitio,

451 5154 546 5207 Sed
597 5169 660 5208 ea
717 5155 955 5210 instituit
1014 5159 1079 5212 ad
1119 5161 1369 5215 salutem.
1404 5162 1680 5227 Qualem?
1728 5165 1846 5220 Non
1893 5184 2012 5222 eam

451 5260 574 5312 qua:
616 5254 700 5300 est
739 5262 833 5315 per
876 5262 1064 5317 opera,
1103 5265 1214 5303 non
1252 5267 1374 5320 quae
1404 5268 1499 5321 per
1542 5256 1726 5320 verba,
1767 5259 1861 5312 sed
1895 5272 2018 5326 quae

451 5346 536 5391 est
571 5353 666 5405 per
705 5337 863 5392 ﬁdem
887 5339 1018 5394 Jesu
1051 5341 1275 5397 Christi.
1305 5343 1487 5399 Sacra:
1529 5347 1672 5402 enim
1721 5347 2019 5418 Scriptum

451 5429 614 5499 612
644 5429 853 5486 ducunt
890 5434 1164 5490 hominem
1204 5444 1264 5489 ut
1304 5434 1524 5495 Christo
1558 5439 1761 5508 credat,
1803 5441 1896 5511 qui
1931 5456 2018 5496 sa-

458 5524 622 5574 lutem
656 5523 728 5575 illi
762 5524 1036 5579 conciliat.

529 5638 572 5668 το
593 5637 737 5695 Psal.
759 5654 945 5706 xxxvi,
979 5643 1027 5694 l.

2039 4479 2092 4537 D

2130 3240 2336 3294 Ἰσαὰκ
2406 3239 2778 3308 κληθήσεταί
2834 3256 2932 3296 σοι
2978 3244 3235 3310 σπέρμα,
3317 3239 3436 3298 εἶτα
3486 3243 3689 3312 σφάξαι

2117 3328 2304 3384 τοῦτον
2325 3330 2701 3400 κελευόμενος,
2734 3332 2832 3385 οὐκ
2865 3333 3211 3402 ἐταράττετο.

2188 3515 2376 3581 Εἰδὼς
2395 3516 2554 3584 παρὰ
2579 3515 2742 3580 τίνος
2772 3516 3008 3583 ἔμαθες,
3027 3518 3121 3571 καὶ
3143 3517 3231 3571 ὅτι
3267 3520 3390 3574 ἀπὸ
3417 3520 3686 3589 βρέφους

2116 3606 2189 3659 τὰ
2248 3609 2372 3674 ἱερὰ
2401 3605 2709 3674 γράμματα
2738 3606 2926 3673 οἶδας.
2955 3607 3058 3661 Δύο
3089 3611 3267 3673 αίτίας
3298 3611 3448 3678 λέγει
3465 3612 3557 3665 τοῦ
3578 3614 3688 3668 δεῖν

2117 3697 2278 3749 αὑτὸν
2299 3696 2694 3764 ἀπερίτρεπτον
2725 3697 2925 3765 μένειν,
2953 3696 3079 3751 Ὅτι
3100 3715 3159 3751 τε
3187 3701 3258 3753 ob
3286 3702 3434 3768 παρὰ
3461 3701 3554 3753 τοῦ
3596 3719 3693 3755 τυ-

2119 3787 2304 3857 χόντος
2331 3787 2552 3856 ἔμαθες,
2578 3791 2764 3858 φησιν,
2800 3789 2937 3843 ἀλλὰ
2980 3791 3132 3860 παρὰ
3182 3791 3416 3855 Παύλου,
3464 3789 3580 3846 ἴσον
3630 3795 3686 3846 δὲ

2101 3865 2309 3944 ἐίπεῖν,
2343 3878 2426 3931 ὅτι
2449 3881 2542 3932 καὶ
2572 3879 2809 3948 Χριστοῦ
2841 3896 2854 3910 ο
2893 3881 2991 3934 καὶ
3017 3883 3098 3934 ὅτι
3125 3884 3189 3935 οὐ
3229 3882 3353 3951 χθὲς
3373 3883 3470 3938 καὶ
3494 3885 3686 3954 πρώην

2117 3971 2342 4040 ἔμαθες,
2372 3971 2508 4025 ἀλλὰ
2533 3973 2638 4027 ἀπὸ
2672 3971 2928 4042 βρέφους,
2968 3975 3063 4026 καὶ⁵
3123 3975 3464 4046 ἐρῤιζωμένη
3539 3978 3686 4029 ἐστὶν

2115 4064 2175 4115 ὲν
2209 4063 2292 4115 σοὶ
2321 4065 2353 4134 ἠ
2381 4063 2498 4117 Θεία
2527 4065 2746 4131 γνῶσις.
2785 4066 2944 4117 Ὥστε
3003 4067 3104 4119 οὐκ
3137 4067 3338 4135 ἀφήσει
3403 4083 3463 4118 σε
3525 4067 3685 4134 ἀνόη-

2115 4155 2210 4208 τόν
2270 4171 2323 4208 τι
2362 4155 2574 4217 παθεῖν.
2614 4157 2712 4208 κα).
2747 4150 2860 4210 οἷον
2908 4157 2956 4210 οἱ
3028 4157 3232 4212 πολλοί.
3305 4157 3364 4212 ’0
3414 4157 3522 4225 γὰρ
3587 4157 3684 4220 τὰς

2114 4245 2339 4313 Γραφὰς
2371 4245 2547 4309 εἰδὼς,
2573 4246 2644 4308 ὡς
2713 4246 2811 4314 δεῖ,
2867 4247 3123 4300 οὐδέποτε
3185 4250 3673 4318 περιτραπήσεται.

2128 4335 2268 4405 Ἱερά
2294 4337 2349 4390 δὲ
2376 4337 2677 4407 γράμματα
2735 4339 2831 4406 τὴν
2862 4337 3007 4390 Θείαν
3048 4339 3196 4406 λέγει
3225 4339 3469 4410 Γραφήν.
3515 4339 3685 4392 Τοῦτο

2119 4429 2258 4480 κατὰ
2277 4429 2538 4498 Σίμωνος,
2565 4430 2658 4481 καὶ
2691 4430 2988 4490 Μάνεντος,
3037 4431 3132 4482 καὶ
3187 4430 3400 4484 πάντων
3449 4429 3558 4484 τῶν
3585 4431 3687 4498 τὴν

2121 4518 2362 4574 Παλαιὰν
2401 4519 2640 4588 πονηρὰν
2670 4516 3100 4575 ἀποκαλούντων.

2194 4702 2274 4756 Τὰ
2299 4699 2600 4768 δυνάμενὰ
2627 4715 2700 4754 σε
2732 4699 2983 4768 σοφίσαι
3010 4703 3096 4766 sic
3119 4701 3421 4769 σωτηρίαν
3465 4700 3561 4755 διὰ
3589 4702 3684 4755 πί-

2119 4811 2307 4859 στεως
2335 4791 2442 4860 τῆς
2463 4792 2536 4845 ἐν
2562 4791 2792 4861 Χριστῷ
2834 4787 3062 4858 Ἰησοῦ.
3119 4792 3232 4862 Οὐχ
3293 4792 3483 4862 ὥσπερ
3505 4794 3538 4861 ἡ
3569 4792 3678 4858 ἔξω

2119 4886 2322 4955 γνῶσις
2356 4885 2564 4953 σοφίζει
2593 4883 2688 4938 τὸν
2720 4883 3006 4953 ἄνθρωπον
3034 4886 3115 4946 εἰς
3172 4885 3389 4954 ἀπάτην
3442 4885 3539 4939 καὶ
3593 4900 3682 4938 σο»

2118 4979 2364 5048 φάσματα
2393 4977 2486 5030 καὶ
2534 4976 2888 5044 λογομαχίας,
2940 4977 3011 5042 ἐξ·
3045 4970 3121 5030 ὧν
3180 4976 3428 5032 ἀπώλεια
3486 4976 3682 5046 ψυχῆς,

2115 5072 2260 5125 οὓτω
2279 5071 2372 5123 καὶ
2399 5068 2575 5139 ἰι-Θεία
2610 5067 2832 5135 γνῶσις,
2873 5067 2986 5120 ἀλλ’
3021 5068 3160 5137 αὑτὴ
3192 5067 3400 5136 σοφίζει
3455 5071 3534 5129 εἰς
3580 5085 3684 5120 σωο

2117 5163 2335 5234 τηρίαν.
2368 5160 2532 5212 Ποίαν
2557 5175 2570 5222 ;
2602 5158 2678 5212 Οὐ
2708 5158 2805 5226 τὴν
2834 5157 2901 5210 δι’
2934 5158 3131 5228 ἔργων,
3166 5157 3226 5210 οὐ
3254 5157 3352 5226 τὴν
3377 5157 3466 5212 διὰ
3489 5157 3682 5224 λόγων,

2117 5254 2253 5310 ἀλλὰ
2282 5253 2384 5321 τὴν
2420 5251 2510 5304 διὰ
2558 5249 2808 5312 πίστεως·
2860 5250 3032 5319 Ἰησοῦ
3074 5248 3335 5319 Χριστοῦ.
3398 5247 3680 5319 Ὀδηγοῦσι

2127 5346 2236 5415 γὰρ
2263 5344 2318 5396 αι
2349 5343 2500 5410 ἅγιαι
2528 5341 2741 5411 Γραφαὶ
2773 5341 2865 5394 τὸν
2895 5340 3179 5410 ἄνθρωπον
3199 5342 3278 5406 είς
3304 5341 3370 5397 τδ
3399 5341 3682 5397 πιστεῦσαι

2127 5438 2369 5511 Χριστῷ,
2395 5435 2668 5507 σωτηρίαν
2689 5435 2836 5506 αὐτῷ
2871 5435 3262 5506 περιποιοῦντι.

1805 5723 1997 5785 Varia:
2029 5721 2352 5785 lectiones.

537 5809 582 5841 ³³
623 5811 1000 5883 εὐδοκιμοῦντι
1026 5834 1097 5872 ιιι.
