3990 6548
190 448 274 510 129

828 436 1234 502 EXPOSITIO
1262 436 1342 498 ιΝ
1378 434 1618 496 EPIST.
1664 433 1723 492 Il
1762 433 1861 493 AD
1899 433 2224 499 TIMOTH.
2249 461 2318 473 ·-
2347 436 2509 499 CAP.
2541 437 2637 500 IV.

3330 437 3429 500 130

188 554 309 612 κιτά
337 551 487 619 λόγον
515 551 838 617 ποιούντων,
860 551 998 604 ἀλλὰ
1028 551 1156 613 τοῦς
1191 546 1587 618 συντρέχοντας
1615 545 1734 606 ταῖς

1858 544 1986 615 :ligit
2011 546 2102 612 qui
2138 547 2532 617 cupiditatibus
2581 550 2756 619 ipsius
2791 551 3162 618 consentiant,
3203 565 3266 605 ac
3295 567 3419 620 quae

187 648 372 701 ἑαυτῶν
405 645 756 715 ἐπιθυμίαις,
802 645 898 697 καὶ
934 643 1004 696 τὰ
1042 642 1180 712 πρὸς
1209 639 1407 711 ἡδονήν
1433 637 1618 700 αὐτοῖς
1650 637 1744 688 καὶ

186 738 434 802 λέγοντας,
475 733 577 786 καὶ
641 732 946 798 ποιοῦντας,
991 731 1216 794 τούτους
1270 727 1740 800 χειροτονούντων.

243 825 607 890 Κνηθόμενοι
695 823 811 891 τὴν
842 822 1059 887 ἀκοήν.
1105 822 1384 883 Τουτέστι,
1419 818 1744 888 τερπόμενοι

189 916 271 985 τὴν
291 913 478 983 ἀκοήν,
511 913 612 966 καὶ
651 912 1132 983 γαργαλιζόμενοι,
1165 912 1259 964 καὶ
1286 909 1376 963 ἀεὶ
1406 907 1744 980 ἐπιθυμοῦν-

185 1022 261 1066 τες
282 1004 345 1055 τὰ
369 1003 504 1072 πρὸς
527 1002 695 1072 χάριν
729 1001 977 1057 ἀκούειν.

242 1095 339 1148 Kal
371 1094 487 1148 ἀπὸ
509 1094 636 1163 μὲν
672 1093 781 1161 τῆς
823 1093 1114 1162 ἀληθείας
1168 1092 1285 1161 τὴν
1331 1090 1528 1159 ἀκοὴν
1595 1091 1744 1146 απο-

185 1186 536 1254 στρέφουσιν
569 1203 584 1218 ⁸
609 1186 707 1240 ἐπὶ
729 1186 797 1239 δὲ
825 1186 965 1252 τοὺς
991 1187 1226 1254 μύθους
1239 1184 1740 1252 ἐκτραπήσονται.

196 1277 332 1347 Ὁρᾷς
356 1276 434 1328 ὅτι
462 1276 563 1345 οὐχ
595 1276 673 1340 ὡς
701 1275 1030 1344 ἀγνοοῦντες
1071 1274 1421 1344 σφάλλονται,
1443 1275 1556 1328 ἀλλ’
1589 1275 1744 1328 ἐκόν-

187 1384 293 1432 τεςς
322 1367 803 1435 Ἀποστρέψουσι
839 1367 948 1436 γὰρ
1005 1364 1123 1433 τὴν
1164 1365 1378 1433 ἀκοὴν,
1419 1365 1574 1435 φησὶ,
1646 1363 1745 1419 καὶ

187 1457 672 1525 ἐκτραπήσονται.
710 1457 874 1510 Ὥστε
927 1455 1180 1510 ἑκούσιον
1210 1455 1272 1510 τὸ
1319 1456 1514 1510 κακόν.
1560 1455 1747 1510 Ταῦτα

184 1551 230 1602 δὲ
259 1549 416 1616 λέγει,
437 1549 544 1618 οὐχ
585 1549 675 1601 ἴνα
710 1551 790 1610 εἰς
815 1547 1056 1618 ἀθυμίαν
1087 1545 1335 1620 ἐμϐάλλῃ
1352 1547 1446 1600 τὸν
1467 1545 1739 1617 μαθητὴν,

184 1641 278 1695 ἀλλ’
298 1641 375 1691 ἵνα
404 1640 598 1711 πείσῃ,
626 1640 703 1710 τῷ
735 1641 831 1709 μὲν
870 1639 1101 1708 παρόντι
1131 1638 1234 1707 τῆς
1262 1639 1448 1701 ἀδείας
1471 1637 1648 1710 καιρῷ
1667 1640 1748 1701 είς

187 1730 282 1782 δέον
308 1731 612 1800 κεχρῆσθαι
639 1745 653 1760 ·
691 1731 822 1784 ὅταν
878 1731 936 1784 δὲ
992 1730 1152 1800 ἐκϐῇ,
1194 1729 1464 1797 γενναίως
1505 1728 1697 1798 φέρειν
1729 1750 1743 1767 ο

1849 639 1916 690 ad
1971 637 2303 707 voluptatem
2345 642 2468 712 ejus
2515 644 2814 712 pertinent,
2861 653 2974 699 tum
3026 647 3249 711 dicant,
3305 655 3420 700 tum

1848 736 2032 800 agant.

1917 817 2228 874 Prurientes
2253 821 2490 876 auribus.
2521 823 2630 878 Hoc
2662 833 2765 890 est,
2797 826 3053 881 Oblectati
3084 828 3330 894 auribus,
3359 843 3424 884 ac

1847 912 2091 980 titillati,
2130 928 2349 985 semper
2395 917 2854 986 concupiscentes
2904 919 3095 976 audire
3133 935 3253 990 qua:
3299 921 3421 989 pla-

1844 1013 2026 1060 ceant.

1917 1091 2081 1148 Vens.
2133 1093 2186 1148 4.
2229 1092 2299 1148 Et
2326 1111 2358 1149 a
2386 1096 2607 1150 ueritate
2635 1097 2845 1167 quidem
2878 1099 3120 1153 auditum
3152 1111 3422 1167 averterit;

1846 1182 1914 1235 ad
1940 1184 2154 1252 fabulas
2187 1195 2361 1240 autem
2396 1195 2786 1243 convertentur.
2823 1191 3226 1247 Animadvertis
3270 1195 3415 1263 quod

1847 1289 1954 1328 non
1982 1290 2045 1329 ex
2079 1275 2386 1344 ignorantia
2416 1289 2624 1342 errent,
2651 1280 2744 1334 sed
2777 1291 2972 1350 suapte
3003 1284 3240 1351 sponte?
3263 1285 3426 1338 Aver-

1849 1374 1955 1420 tent
1987 1366 2134 1419 enim
2167 1383 2344 1428 aures,
2371 1370 2569 1438 inquit,
2589 1379 2638 1423 et
2669 1382 3056 1427 convertentur.
3092 1373 3288 1428 Malum
3321 1377 3424 1430 ita-

1846 1470 1954 1526 que
1986 1455 2357 1510 voluntarium
2394 1467 2497 1515 est.
2547 1459 2674 1515 Haec
2717 1469 2898 1516 autem
2929 1462 3082 1526 dicit,
3121 1478 3225 1516 non
3274 1473 3332 1517 ut
3367 1463 3422 1519 in

1847 1561 2137 1603 mmrorem
2183 1549 2442 1617 conjiciat
2472 1549 2820 1622 discipulum,
2855 1553 2948 1608 sed
3001 1561 3061 1606 ut
3100 1555 3424 1622 persuadeat

1847 1635 1920 1700 ei,
1959 1645 2018 1690 ut
2065 1640 2320 1707 praesenti
2379 1649 2644 1710 tempore,
2697 1643 2843 1709 quod
2896 1640 3188 1696 formidine
3238 1650 3419 1707 vacat,

1848 1734 2036 1780 utatur
2080 1728 2541 1795 quemadmodum
2596 1731 2858 1785 convenit
2900 1750 2913 1785 :
2961 1731 3182 1800 quando
3237 1741 3419 1788 autem

185 1821 345 1890 ὧσπερ
373 1823 466 1874 καὶ
490 1822 520 1872 ό
544 1822 785 1891 Χριστὸς
832 1821 987 1888 ἔλεγε
1022 1835 1037 1850 ⁸
1074 1819 1548 1888 Παραδώσουσιν
1589 1818 1741 1888 ὑμᾶς

1858 1816 2179 1886 contigerit,
2239 1827 2296 1871 ut
2363 1834 2628 1886 generose
2695 1820 2835 1873 ferat
2894 1836 2909 1874 :
2959 1819 3417 1888 quemadmodum

187 1912 262 1963 καὶ
284 1883 892 1980 μαστιγώσουσμκωι
1003 1883 1174 1976 αὐτὸς
1201 1905 1357 1976 οὗτος
1387 1927 1403 1944 ο
1435 1913 1597 1967 Μετά

1858 1883 2096 1962 Ξιιιίειιιε
2136 1905 2276 1960 dixit
2304 1923 2318 1960 :
2351 1883 2584 1960 Tradent
2643 1925 2730 1963 vos
2781 1919 2830 1962 et
2861 1883 3210 1978 flagellabant
3241 1911 3287 1941 ⁵²
3317 1926 3332 1963 :
3367 1921 3421 1964 et

187 2001 368 2071 ἄφιξίν
405 2022 527 2072 μου
564 2005 1028 2058 εἰσελεύσονται
1066 2004 1242 2058 λύκοι
1262 2003 1493 2073 βαρεῖς.

239 2185 312 2238 Σὺ
332 2184 396 2237 δὲ
420 2183 581 2254 νῆφε
609 2186 680 2239 ἐν
730 2183 910 2251 πᾶσι,
952 2185 1410 2256 κακοπάθησον.
1461 2187 1622 2259 Ὁρᾷς
1659 2190 1741 2243 ὅτι

192 2278 262 2330 διὰ
283 2277 337 2329 τὸ
373 2281 564 2347 νήφειν
613 2277 788 2332 ταῦτα
830 2277 1084 2348 προλέγει
1122 2295 1137 2344 ;
1174 2277 1374 2332 ὡσανεὶ
1405 2277 1579 2348 ἔλεγε,
1605 2280 1741 2349 Πρὶν

191 2369 328 2436 ήτήν
348 2368 525 2438 λύμην
556 2370 785 2438 ἐκείνην
812 2369 1085 2435 ἐπελθεῖν,
1127 2369 1234 2434 ἕως
1271 2371 1333 2423 οὐ
1383 2371 1638 2442 πάρεισιν
1689 2373 1740 2425 oi

193 2459 336 2525 λύκοι,
364 2461 782 2531 κακοπάθησον,
842 2461 937 2514 καὶ
987 2462 1253 2525 ἑκουσίως
1311 2458 1406 2516 καὶ
1445 2463 1738 2530 ἀκουσίως,

193 2549 262 2605 ἵνα
286 2555 336 2604 ἐν
368 2551 610 2621 ἀσφαλεῖ
644 2552 716 2606 τὰ
743 2551 993 2624 πρόϐατα
1014 2552 1060 2585 ⁸⁸
1082 2553 1460 2625 καταστήσῃς.

252 2731 448 2801 Ἔργον
478 2731 920 2801 εὐαγγελιστοῦ
953 2731 1018 2783 η.
1065 2733 1208 2801 ’Λρα
1257 2731 1415 2784 τοῦτο
1457 2734 1519 2784 rb
1579 2731 1740 2802 ἔργον

193 2821 270 2876 τοῦ
295 2823 686 2892 εὐαγγελιστοῦ
722 2824 782 2878 τὸ
820 2821 1181 2887 κακοπαθεῖν,
1228 2822 1325 2876 καὶ
1352 2823 1480 2894 παρ’
1522 2823 1738 2891 ἐαυτοῦ,

195 2914 270 2966 καὶ
297 2914 437 2984 παρά
461 2915 578 2969 τῶν
602 2915 824 2980 ἔξωθεν.

253 3008 358 3074 Τὴν
383 3006 703 3061 διακονίαν
731 3019 850 3060 σου
913 3006 1407 3075 πληροφόρησον.
1458 3007 1738 3073 Τουτέστι,

203 3096 478 3169 πλήρωσον.
536 3099 706 3152 Ὥστε
755 3096 877 3150 τότε
909 3099 941 3150 ὖ
975 3097 1221 3152 διακονία
1259 3096 1582 3168 πληροῦται.
1613 3099 1740 3151 ὅταν

196 3205 260 3252 τις
289 3191 594 3263 κακοπαθῇ.

1840 1994 1958 2064 ipse
2014 1994 2262 2053 Paulus:
2305 1997 2434 2052 Post
2493 2001 2693 2053 abitum
2748 2016 2921 2054 meum
2973 2001 3253 2054 intrabunt
3307 2001 3422 2071 lupi

1836 2106 2018 2159 graves
2041 2090 2108 2144 ⁸⁸.
2525 2113 2528 2116 ’
2769 2161 2791 2171 ί

1912 2179 2076 2236 Vens.
2118 2183 2170 2239 5.
2208 2183 2281 2238 Tu
2313 2193 2488 2239 autem
2512 2185 2666 2256 vigila
2699 2187 2751 2240 in
2779 2187 3040 2250 omnibus,
3072 2187 3272 2240 malum
3300 2203 3422 2240 sus-

1841 2272 1966 2327 tiue.
2001 2273 2189 2329 Viden‘
2213 2277 2355 2343 quod
2409 2285 2691 2347 pr0pterea
2737 2287 2794 2332 ut
2828 2279 3114 2349 vigilaret,
3146 2280 3256 2333 haec
3283 2295 3420 2348 prae-

1841 2364 2092 2418 dixerit?
2118 2367 2348 2435 perinde
2382 2383 2448 2424 ac
2497 2369 2542 2423 si
2583 2369 2752 2434 dicat,
2801 2370 3125 2440 Priusquam
3167 2372 3422 2425 adveniat

1842 2456 2078 2510 vastatio
2118 2457 2231 2521 illa,
2284 2459 2525 2528 quaudiu
2561 2474 2670 2514 non
2703 2461 2903 2516 adsunt
2941 2461 3074 2532 lupi,
3103 2462 3315 2518 susﬁne
3337 2463 3422 2517 af-

1842 2539 2138 2609 ﬂictiones,
2183 2561 2309 2601 cum
2363 2548 2726 2616 voluntarias,
2772 2557 2887 2604 tum
2932 2551 3221 2618 violentas,
3267 2559 3326 2606 ut
3364 2553 3418 2606 in

1841 2639 1960 2687 tuto
1989 2649 2120 2690 oves
2159 2637 2418 2692 colloces.

1917 2724 2064 2795 Opus
2111 2727 2198 2792 fac
2229 2729 2584 2799 evangelistw.
2634 2723 2872 2786 Proinde
2900 2746 3037 2802 Opus
3068 2732 3420 2801 evangelista

1841 2827 1927 2875 est
1970 2819 2174 2873 malum
2209 2821 2505 2888 sustinere,
2556 2830 2670 2875 tum
2699 2837 2730 2876 a
2763 2823 2965 2893 seipso,
3009 2830 3122 2876 tum
3168 2824 3238 2877 ab
3287 2825 3414 2878 aliis

1841 2911 1931 2981 qui
1965 2910 2096 2964 foris
2124 2919 2273 2964 sunt.

1916 3003 2278 3058 Ministerium
2325 3012 2472 3057 tuum
2514 3005 2691 3073 imple.
2745 3004 2803 3059 Id
2841 3014 2944 3071 est,
2997 3001 3228 3075 comple.
3272 3004 3413 3060 Tum

1842 3095 2028 3164 itaque
2065 3093 2433 3150 ministerium
2463 3097 2790 3166 completur,
2822 3111 2948 3151 cum
2983 3096 3182 3166 aliquis
3213 3097 3417 3152 malum

1841 3183 2102 3239 sustinet.

263 3243 682 3354 'Ert‘oyﬁpuﬂdn
733 3284 1092 3353 σπένδομαι,
1132 3281 1240 3338 ’καὶ
1281 3284 1314 3336 ὁ
1371 3281 1574 3350 καιρὸς
1626 3278 1734 3348 τῆς

1912 3274 2076 3330 Vens.
2117 3274 2172 3330 6.
2215 3273 2328 3345 Ego
2358 3278 2498 3329 enim
2519 3275 2638 3344 jam
2675 3276 2900 3341 delibor,
2946 3293 3009 3330 ac
3042 3287 3242 3347 tempus
3272 3295 3419 3333 reso-

199 3369 322 3439 ἑμῆς
341 3374 694 3440 ἀναλύσεως
747 3373 1104 3442 ἐφέστηκεν.
1155 3371 1270 3424 Οὐκ
1317 3365 1458 3434 εἷπε,
1504 3369 1738 3439 Θύομαι,

198 3463 306 3516 ἀλλὰ
333 3464 390 3516 τὸ
416 3465 610 3543 πλέον..
627 3465 739 3534 Τῆς
765 3464 864 3533 μὲν
898 3463 1012 3531 γὰρ
1034 3462 1225 3524 θυσίας
1255 3462 1317 3515 οὐ
1349 3461 1410 3514 τὸ
1455 3461 1565 3514 πᾶν
1605 3461 1739 3514 ἀνα-

198 3558 388 3628 φέρεται
406 3558 482 3628 τῷ
519 3559 662 3628 Θεῷ,
696 3557 797 3628 τῆς
832 3557 889 3610 δέ
925 3555 1160 3626 σπονδῆς
1190 3555 1252 3607 τὸ
1281 3554 1420 3608 ὅλον.

258 3643 358 3700 Τὸν
385 3647 588 3716 ἀγῶνα
616 3646 725 3701 τὸν
742 3647 938 3701 καλὸν
990 3645 1347 3714 ἠγώνισμαι.
1388 3645 1544 3708 Τίνος
1578 3644 1742 3698 ἕνεκα

201 3737 377 3802 Παῦλος
408 3739 503 3792 νῦν
526 3738 708 3794 ταῦτα
743 3738 1116 3808 μεγαληγορεῖ
1147 3753 1164 3799 ς
1214 3737 1289 3793 Ού
1351 3736 1739 3806 μεγαληγορεῖ,

199 3825 309 3880 ἀλλὰ
349 3828 759 3898 παραμυθεῖται
789 3827 882 3882 τὸν
919 3826 1197 3898 μαθητὴν,
1231 3827 1308 3889 ὡς
1339 3825 1406 3879 ἂν
1467 3826 1543 3896 μὴ
1598 3826 1741 3893 ἀλγῇ

200 3918 317 3988 ὑπὲρ
337 3921 517 3986 αὑτοῦ,
552 3921 650 3976 ἅτε
699 3919 872 3991 καλῆς
899 3918 1254 3988 ἐπιτυχόντος
1313 3915 1591 3985 τελευτῆς,
1647 3918 1744 3969 καὶ

202 4010 316 4078 πρὸς
337 4012 632 4079 στεφάνους
676 4010 958 4072 ἀπιόντος.
995 4007 1322 4077 Ὠσπερανεὶ
1370 4004 1552 4075 πατὴρ
1609 4007 1744 4058 ἀπο-

203 4093 441 4164 θνήσκων,
478 4082 983 4168 παραμυθούμενος
1012 4095 1074 4149 τὸ
1099 4095 1308 4150 παιδίον
1346 4094 1745 4165 παρακαθήμε-

202 4203 273 4240 νον
301 4191 384 4243 καὶ
407 4191 610 4256 κλαῖον,
639 4190 775 4261 λέγῃ
796 4207 811 4221 ο
831 4190 1054 4253 Τέκνον,
1099 4189 1178 4258 μὴ
1244 4187 1420 4252 κλαῖε,
1459 4187 1741 4257 ἐζήσαμεν

203 4280 627 4355 καλῶς,τρόπαια
653 4283 990 4352 ἐστήσαμεν,
1055 4279 1298 4350 μεγάλας
1341 4279 1474 4348 ἡμῖν
1544 4273 1686 4332 οἶδεν
1711 4279 1740 4331 ὁ

1843 3366 2061 3421 talionis
2097 3383 2224 3421 mea:
2259 3368 2449 3421 instat.
2481 3365 2598 3422 Non
2632 3366 2791 3431 dixit,
2823 3367 3116 3434 sacriﬁcor,
3150 3370 3244 3425 sed
3274 3372 3418 3441 quod

1845 3457 2022 3528 majus
2049 3467 2154 3514 est.
2196 3457 2315 3514 Non
2339 3459 2487 3514 enim
2524 3466 2634 3514 tota
2677 3459 2897 3514 victima
2932 3459 3044 3516 Deo
3073 3459 3322 3529 oﬂertur,
3354 3463 3419 3516 li-

1843 3547 2035 3604 bamen
2071 3564 2200 3603 vero
2237 3555 2433 3603 totum.

1918 3637 2082 3694 Vens.
2121 3638 2175 3694 '7.
2217 3638 2424 3692 Bonum
2465 3649 2728 3694 certamen
2751 3640 2967 3695 certari.
2997 3639 3109 3695 Cur
3135 3641 3244 3710 jam
3273 3639 3419 3697 Pau-

1844 3727 1930 3784 lus
1969 3729 2089 3784 istis
2122 3727 2571 3800 gloriatur?Non
2619 3730 2904 3800 gloriatur,
2942 3745 3133 3786 verum
3173 3731 3417 3803 discipu~

1843 3820 1955 3876 lum
1993 3837 2152 3877 suum
2186 3821 2525 3886 consolatur,
2549 3837 2616 3877 ne
2637 3821 2817 3876 doleat
2845 3837 3011 3893 super
3044 3824 3182 3894 ipso,
3219 3825 3420 3894 quippe

1845 3911 1937 3980 qui
1967 3909 2129 3966 linem
2155 3910 2269 3979 jam
2304 3911 2508 3966 bonum
2536 3921 2829 3969 assecutus
2851 3914 2965 3978 sit,
3007 3924 3061 3970 et
3089 3917 3154 3968 ad
3185 3930 3420 3972 coronas

1844 4002 2027 4058 abeat.
2056 4001 2532 4068 Quemadmodum
2563 4004 2609 4059 si
2642 4011 2798 4073 pater
2823 4005 3187 4062 moribundus
3222 4021 3421 4063 conso-

1843 4094 1985 4149 letur
2017 4092 2188 4149 [ilium
2241 4096 2574 4151 assidentem
2631 4097 2760 4160 sibi,
2800 4107 2964 4166 atque
3008 4099 3330 4167 plorantem,
3364 4107 3420 4154 et

1845 4184 2023 4240 dicat:
2058 4183 2157 4239 Fili
2204 4185 2299 4251 mi,
2328 4187 2544 4255 plorare
2591 4187 2725 4254 noli,
2767 4190 2906 4244 bene
2930 4189 3187 4256 viximus,
3217 4200 3419 4262 tropaea

1845 4278 2144 4344 ereximus,
2186 4293 2282 4333 rex
2337 4285 2524 4334 noster
2567 4294 2792 4349 magnas
2833 4280 2944 4349 agit
2981 4280 3137 4335 nobis
3191 4283 3416 4352 gratias.

209 4373 424 4438 βασιλεὺς
474 4375 576 4437 τὰς
614 4375 865 4446 χάριτας,
899 4372 1046 4442 ἔχεις
1111 4372 1209 4425 καὶ
1261 4371 1326 4425 σὺ
1365 4369 1741 4440 θαυμάζεσθαι

1858 4370 2052 4436 poteris
2083 4371 2247 4424 etiam
2282 4379 2336 4426 tu
2369 4369 2718 4425 admirationi
2751 4386 2874 4426 esse
2902 4379 2956 4425 et
2984 4373 3198 4426 laudari
3232 4373 3302 4427 ob
3331 4389 3420 4428 res

205 4463 281 4517 ἐπὶ
307 4465 406 4520 τῶν
431 4469 564 4538 ἡμῖν
594 4465 1026 4536 πεπραγμένων.
1075 4463 1247 4533 Δῆλον
1298 4462 1408 4533 γὰρ
1454 4461 1536 4515 ὅτι
1571 4460 1741 4514 ταῦτα

1858 4472 1875 4510 ι
1920 4458 2079 4513 nobis
2112 4469 2317 4527 gestas.
2358 4459 2453 4515 Est
2492 4461 2635 4516 enim
2666 4461 2887 4529 planum
2941 4463 3086 4530 quod
3129 4464 3244 4517 hIBC
3273 4464 3421 4518 dicat

205 4554 370 4624 λέγειὸ
397 4560 602 4630 πατὴρ,
647 4559 875 4620 ἀνιστὰς
925 4556 1018 4609 τὸν
1069 4555 1234 4608 παῖδα
1285 4555 1398 4616 τοῖς
1447 4550 1741 4622 ἐγκωμίοις

1858 4559 2025 4620 pater,
2063 4560 2287 4621 gnatum
2331 4567 2490 4606 suum
2539 4550 2795 4606 laudibus
2822 4551 3069 4606 excitans
3115 4555 3181 4606 ad
3213 4553 3422 4608 disces-

207 4649 320 4719 πρὸς
359 4650 416 4704 rb
448 4651 666 4721 κούφως
731 4649 921 4719 φέρειν
967 4647 1057 4702 τὸν
1109 4645 1407 4718 χωρισμόν.
1451 4643 1609 4697 Οὕτω
1646 4643 1741 4697 καὶ

1858 4657 1973 4698 sum
2007 4657 2168 4698 suum
2215 4643 2406 4698 leviter
2443 4643 2748 4698 ferendum.
2779 4641 3130 4698 Consimilem
3155 4642 3318 4713 615
3351 4644 3420 4697 ad

208 4739 386 4806 Παῦλος
437 4743 676 4798 ἐνταῦθα
724 4739 1138 4812 παραμυθεῖται
1191 4736 1478 4808 Τιμόθεον,
1543 4733 1741 4789 ὡσανεὶ

1858 4733 2118 4788 rationem
2159 4733 2362 4788 Paulus
2393 4732 2480 4788 hic
2516 4731 2862 4787 Timotheum
2897 4732 3237 4796 consolatur,
3279 4734 3422 4789 hanc

208 4835 435 4910 διαθήκην
469 4837 750 4902 συντιθεὶς
779 4838 880 4909 τὴν
932 4834 1245 4904 ἐπιστολήν.
1265 4831 1369 4887 Τὸν
1417 4830 1605 4898 ἀγῶνα
1649 4828 1741 4881 τὸν

1858 4821 2015 4878 veluti
2048 4831 2438 4878 testamentum
2469 4823 2714 4878 condens
2748 4821 3068 4893 Epistolam.
3110 4823 3417 4889 Certamen,

209 4928 343 4983 καλὸν
370 4931 713 5001 ἠγώνισμαι·
750 4925 950 4982 οὐκοῦν
982 4926 1078 4980 καὶ
1123 4925 1187 4978 σὺ
1246 4921 1412 4978 αὑτοῦ
1456 4919 1739 4974 ἐπιλαϐοῦ.

1858 4913 2054 4983 inquit,
2099 4913 2302 4968 bonum
2340 4917 2587 4970 certavi:
2623 4915 2854 4984 proinde
2899 4924 2952 4969 tu
3007 4917 3194 4978 etiam,
3233 4913 3422 4970 Timo-

215 5019 355 5074 Ἔνθα
379 5020 470 5076 οὖν
492 5022 710 5086 ἆλυσις,
730 5019 859 5074 ἔνθα
882 5018 1078 5089 δεσμὰ,
1105 5010 1151 5070 ὦ
1177 5014 1378 5081 Παῦλε,
1409 5007 1563 5074 οὗτος
1594 5009 1741 5081 ἀγὼν

1858 5001 1991 5067 .hee,
2021 5003 2164 5058 idem
2192 5005 2562 5075 apprehende.
2602 5005 2768 5075 Atqui
2803 5005 2896 5060 ubi
2932 5013 3150 5068 catena,
3184 5006 3277 5060 ubi
3303 5006 3422 5061 vin-

211 5110 344 5176 καλός
367 5115 526 5180 ςΝαὶ,
561 5114 628 5167 δι’
655 5112 788 5166 αὐτὸ
820 5109 1002 5174 τοῦτο,
1038 5108 1180 5179 ὑπὲρ
1204 5106 1312 5176 γὰρ
1335 5102 1574 5176 Χριστοῦ
1603 5101 1741 5171 γίνε·

1858 5095 1988 5160 :ula,
2026 5096 2305 5152 bonumne
2336 5097 2387 5150 id
2432 5104 2713 5152 certamen
2753 5104 2858 5160 est,
2891 5111 2924 5150 ο
2956 5096 3166 5151 Paule?
3193 5096 3307 5161 Nm,
3345 5098 3424 5152 in-

211 5216 284 5255 ται
309 5205 486 5260 ταῦτα.
535 5206 628 5258 Ἐν
652 5207 768 5268 τοῖς
797 5204 901 5269 ἐξω
939 5200 1117 5271 ἀγῶσι
1144 5198 1345 5260 πολλὰς
1388 5195 1605 5267 ἡμέρας
1647 5211 1741 5247 πο·

1858 5189 1984 5258 ruit,
2015 5197 2238 5258 propter
2277 5189 2382 5243 hoc
2427 5189 2650 5259 ipsum:
2693 5196 2915 5258 propter
2953 5187 3232 5242 Christum
3271 5188 3419 5242 enim

212 5291 364 5347 νοῦσιν
389 5297 431 5328 ⁸³
472 5299 522 5350 οἱ
549 5296 646 5350 ἀνθ
655 5311 854 5366 ρωποι,
879 5293 972 5346 καὶ
997 5295 1057 5345 ἐν
1081 5291 1200 5362 ὥρᾳ
1242 5290 1340 5361 μιᾷ
1359 5289 1448 5341 τειν
1478 5289 1741 5356 στέφανον

1858 5297 1962 5336 uaee
2014 5280 2172 5336 liunt.
2226 5281 2283 5336 lu
2337 5281 2732 5338 certaminibus
2778 5279 3020 5335 externis
3065 5280 3264 5334 multos
3301 5278 3422 5334 dies

211 5382 572 5454 λαμϐάνουσιν·
627 5386 863 5442 ἐνταῦθα
892 5386 949 5440 δὲ
976 5384 1272 5446 διαπαντὸς
1325 5383 1358 5452 ὴ
1415 5379 1740 5450 λαμπρότης

1858 5371 2094 5430 )omines
2127 5372 2406 5439 laborant,
2441 5380 2496 5428 et
2543 5372 2598 5426 in
2648 5384 2754 5427 una
2787 5369 2922 5425 hora
2970 5382 3233 5425 coronam
3273 5368 3423 5425 acci-

268 5557 506 5620 “llatth.
543 5579 600 5630 ι,
644 5562 733 5618 17.
810 5561 856 5592 ⁵⁸
887 5560 1013 5615 Act.
1066 5571 1224 5624 xxm,
1259 5555 1352 5610 ἓξ).

1512 5713 1714 5776 Varia:
1760 5713 2084 5777 lectiones.

271 5851 310 5887 ⁸⁵
339 5854 624 5928 πράγματα
657 5867 711 5908 o.
789 5850 832 5884 “
866 5849 1028 5921 ἔργον
1060 5844 1287 5916 ποίησον
1335 5836 1723 5910 εὐαγγελιστοῦ
1754 5852 1830 5892 in.
1922 5835 1968 5867 δ’
1998 5829 2224 5886 ποιοῦσι·
