3990 6556
509 428 616 494 135

1326 423 1906 484 THEOPHYLACTI
1943 421 2354 482 BULGARL’E
2388 421 2744 483 ARCIllEP.

3652 420 3756 484 136

502 533 854 592 consentiant
885 529 1190 601 suppliciis,
1215 529 1320 583 hoc
1337 543 1368 583 a
1395 528 1520 584 divo
1543 527 1712 582 Paulo
1735 525 1941 582 dictum
1963 533 2046 582 est

2193 526 2302 596 Ούχ
2333 525 2408 590 ὡς
2433 525 2547 581 τῶν
2573 527 2746 595 ἁγίων
2787 526 2845 579 δὲ
2874 527 2993 590 ταῖς
3015 525 3308 596 τιμωρίαις
3337 523 3755 598 ἑπιτρέχόντων,

503 641 696 682 verum
729 622 875 694 quod
911 621 1062 675 verbi
1096 618 1412 690 praedicatio
1448 632 1639 672 eorum
1673 618 1766 688 qui
1793 618 1893 687 ipsi
1922 625 2080 670 erant

499 715 898 787 impedimento
949 711 1300 780 repressione
1364 723 1504 779 opus
1557 708 1769 775 habuit,
1825 718 1881 762 ct
1931 705 2077 778 quod

501 805 890 864 imbecilliores
912 804 1076 859 etiam
1102 801 1230 857 hinc
1251 803 1492 856 maxime
1530 800 1970 856 consolarentur.

455 961 462 1004 ἒ
569 989 737 1044 Vens.
778 987 865 1042 l5.
909 985 1075 1050 Quem
1104 993 1155 1039 et
1187 993 1241 1038 tu
1267 984 1463 1038 devita.
1488 982 1607 1038 Non
1633 982 1771 1037 dixit
1811 1000 1826 1038 :
1859 982 2079 1054 Suppli-

503 1083 592 1137 cio
627 1079 801 1142 adice,
833 1085 929 1131 aut
961 1075 1091 1146 puni
1154 1075 1394 1146 (etiamsi
1441 1073 1642 1129 licebat
1701 1088 1799 1144 per
1846 1073 2076 1143 gratiam

500 1173 737 1244 Spiritus
765 1173 879 1224 haec
920 1167 1154 1237 facere),
1191 1166 1288 1222 sed
1317 1166 1579 1231 devitarc,
1612 1164 1717 1220 ltoc
1778 1172 1884 1228 est,
1911 1163 2079 1219 decli-

498 1279 634 1322 nare
672 1271 727 1317 et
753 1261 1011 1317 secedere
1041 1261 1108 1316 ab
1136 1275 1202 1316 eo
1226 1259 1404 1330 jubet,
1441 1273 1507 1313 ac
1533 1257 1646 1312 Deo
1665 1254 1963 1312 vindictam
1993 1272 2079 1311 re.

497 1356 768 1424 linquere.

583 1444 750 1499 Valde
793 1459 1017 1512 namque
1069 1442 1261 1497 restitit
1298 1457 1467 1495 verots
1519 1440 1739 1495 nostris.
1805 1439 1922 1496 Hoc
1971 1449 2074 1508 est,

495 1543 706 1608 pugnat
729 1535 1018 1590 adversum
1052 1548 1160 1595 me,
1212 1541 1377 1603 atque
1420 1531 1698 1602 Evangelii
1753 1533 1936 1589 verbis
1977 1533 2077 1587 ad-

492 1637 765 1684 versatur.

565 1716 734 1771 Vens.
760 1717 844 1772 16.
876 1714 943 1769 In
965 1716 1139 1786 prima
1169 1732 1284 1770 mea
1315 1717 1783 1786 defensionenemo
1826 1719 1956 1772 mihi
1979 1717 2078 1772 ad-

495 1810 622 1880 fuit,
663 1810 754 1864 sed
803 1825 981 1863 omnes
1018 1826 1097 1862 me
1165 1808 1575 1878 dereliquerunt.
1642 1809 1882 1865 Rursum
1937 1808 2076 1863 alias

499 1899 837 1955 tentatioues
860 1911 1104 1964 enarrat,
1135 1915 1246 1968 quo
1277 1901 1452 1970 magis
1480 1900 1813 1970 discipulum
1855 1902 1920 1956 ad
1953 1916 2074 1956 cer-

497 2003 682 2047 tamen
708 1992 927 2046 excitct.
966 1989 1206 2044 Primam
1239 2000 1422 2045 autem
1459 1991 1832 2048 defensionem
1861 1993 2076 2063 qualem

497 2083 636 2138 dicit
666 2083 689 2136 ?
725 2081 1034 2138 Sistebatur
1065 2083 1302 2153 primum
1331 2081 1558 2150 Neroni,
1596 2090 1651 2139 et
1703 2083 1891 2155 eliugit
1932 2099 2078 2139 mor-

495 2183 630 2240 tem,
665 2174 803 2230 adeo
833 2183 890 2228 ut
914 2175 982 2229 ab
1021 2190 1086 2229 eo
1128 2175 1294 2230 etiam
1329 2183 1573 2245 tempore
1596 2176 1921 2245 praedicaret
1953 2192 2078 2232 ver-

491 2268 646 2322 bum.
686 2265 984 2336 Postquam
1011 2281 1140 2321 vero
1164 2267 1487 2337 pincernam
1534 2269 1655 2337 ejus
1689 2269 1745 2324 in
1789 2268 1894 2323 ﬁde
1921 2269 2078 2326 insti-

497 2357 726 2420 tuisset,
757 2357 975 2412 insania
1004 2368 1320 2414 exaestuans
1348 2359 1495 2415 Nero
1522 2360 1876 2416 obtruncavit
1930 2377 2076 2420 eum.

492 2447 796 2504 Tristitiam
821 2458 1001 2504 autem
1027 2449 1233 2504 indicat
1279 2452 1422 2520 quod
1457 2455 1534 2506 ait
1577 2469 1592 2506 :
1629 2452 1820 2508 Omnes
1865 2469 1946 2506 me
1991 2454 2080 2507 de-

491 2540 863 2610 reliquerunt:
895 2540 1120 2609 perinde
1149 2540 1496 2610 quasidicat,
1531 2541 1829 2597 Domestici
1861 2544 1962 2597 mei
1993 2557 2080 2598 me

494 2631 882 2702 prodiderunt,
906 2632 1168 2702 omnique
1193 2633 1573 2688 consolatione
1607 2633 1906 2690 destitutus
1929 2651 2074 2690 sum.

489 2721 756 2788 Quocirca
787 2731 843 2777 et
872 2731 932 2776 tu
962 2725 1014 2776 in
1047 2723 1306 2792 periculis
1326 2723 1623 2780 destitutus
1649 2740 1735 2780 me
1769 2726 2074 2797 exemplum

493 2811 596 2867 tibi
629 2828 784 2867 sume
816 2812 883 2866 ad
915 2814 1376 2869 consolationem.

561 2904 686 2960 Non
741 2906 1031 2974 imputetur
1107 2907 1260 2975 ipsis.
1342 2905 1752 2961 Animadvertis
1805 2907 2079 2975 quomodo

487 3005 686 3067 parcat
719 2997 838 3052 suis
862 2998 885 3050 ?
909 2997 1074 3066 Atqui
1127 3012 1240 3051 rem
1277 3011 1494 3066 gravem
1534 2997 1874 3052 admiserant
1921 2997 2078 3053 fami-

489 3087 658 3144 liares
683 3099 849 3158 atque
874 3088 1162 3143 domestici
1188 3087 1334 3157 ejus,
1363 3087 1613 3157 adeoque
1667 3098 2078 3160 cooperatores,

2181 618 2341 672 τοῦτο
2371 619 2591 688 εἴρηται
2615 619 2764 688 παρά
2815 617 2912 672 τοῦ
2963 620 3204 685 Παύλου,
3225 619 3340 673 ἀλλ’
3364 620 3438 684 ὡς
3463 619 3558 674 τοῦ
3581 624 3761 693 κηρύ-

2181 725 2392 780 γματος
2412 710 2670 780 δεομένου
2690 711 2787 781 τῆς
2814 711 2925 764 τῶν
2956 711 3358 780 ἐμποδιζόντων
3384 711 3534 783 αύτῷ
3564 732 3759 770 συστο-

2181 800 2300 868 λῆς,
2325 801 2462 856 ἀλλά
2489 802 2708 856 καὶτῶν
2736 801 3139 873 ἀσθενεστέρων
3169 803 3236 856 ὲκ
3268 803 3462 858 τούτου
3493 822 3758 878 παραμυ-

2183 891 2274 945 θου
2282 893 2458 962 μένων
2493 893 2562 947 τὰ
2609 893 2859 964 μέγιστα.

2259 985 2367 1036 Ὃν
2396 984 2494 1038 καὶ
2517 985 2599 1039 σὺ
2624 984 2977 1054 φυλάσσου.
3019 985 3137 1039 Ούκ
3196 982 3342 1052 εἷπε,
3401 987 3754 1059 Τιμώρησον,

2182 1073 2410 1127 κόλασον
2463 1074 2729 1144 (καίτοιγε
2781 1075 2908 1145 ὲνῆν
2949 1076 3038 1130 διά
3081 1077 3179 1147 τῆς
3212 1077 3429 1150 χάριτος
3457 1079 3550 1132 τοῦ
3579 1079 3759 1133 Πνεύ-

2181 1183 2352 1236 ματος
2381 1166 2552 1220 ταῦτα
2586 1166 2974 1237 ἐργάσασθαι),
3004 1167 3138 1220 ἀλλά
3170 1167 3563 1237 φυλάσσεσθαι,
3597 1187 3759 1224 τουτ-

2182 1260 2332 1314 ἐστιν
2398 1259 2690 1321 ἐκκλίνειν,
2745 1261 3048 1330 ἀναχωρεῖν
3091 1261 3187 1314 ἀπ’
3212 1261 3378 1316 αὑτοῦ
3409 1265 3640 1328 κελεύει,
3674 1264 3760 1334 τῷ

2179 1349 2298 1421 Θεῷ
2330 1348 2766 1420 παραχωροῦντα
2798 1348 2900 1418 τῆς
2921 1350 3216 1418 τιμωρίας.

2250 1443 2401 1496 Δίαν
2449 1441 2560 1511 γὰρ
2599 1439 2938 1506 ἀνθέστηκε
2991 1440 3118 1506 τοῖς
3168 1443 3473 1512 ἡμετέροις
3525 1445 3756 1513 λόγοις.

2180 1533 2461 1598 Τουτέστι,
2498 1533 2726 1602 πολεμεῖ
2754 1533 2844 1586 καὶ
2871 1532 3210 1588 ἐναντιοῦται
3237 1537 3348 1598 τοῖς
3381 1534 3477 1589 τοῦ
3502 1535 3754 1604 Εὐαγγε-

2178 1624 2291 1678 λίου
2329 1623 2374 1654 ⁸⁸
2397 1623 2598 1692 λόγοις.

2263 1715 2366 1769 Ἑν
2386 1713 2460 1782 τῇ
2483 1713 2681 1783 πρώτῃ
2725 1733 2845 1784 μου
2895 1715 3192 1784 ἀπολογίᾳ
3245 1713 3446 1781 οὐδείς
3467 1733 3566 1783 μοι
3604 1732 3762 1785 συμ-

2178 1803 2555 1874 παρεγένετο,
2591 1805 2753 1860 ἀλλὰ
2779 1805 3003 1871 πάντες
3026 1822 3104 1875 με
3128 1806 3542 1876 ἐγκατέλιπον.
3585 1808 3759 1863 Πάλιν

2105 1864 2150 1923 Β
2179 1864 2398 1966 ἐτέρους
2444 1864 2780 1964 πειρασμοὺς
2805 1864 3097 1965 διηγεῖται,
3125 1864 3212 1948 ἵνα
3249 1896 3449 1965 μᾶλλον
3481 1896 3678 1968 ἀλείφῃ
3709 1897 3758 1930 ⁸⁷

2181 1985 2273 2040 τὸν
2307 1986 2575 2058 μαθητήν.
2613 1986 2844 2058 Πρώτην
2903 1987 2960 2041 δὲ
3010 1987 3306 2055 ἀπολογίαν
3355 1989 3516 2042 ποίαν
3566 1989 3758 2058 λέγει;

2184 2075 2436 2145 Παρέστη
2465 2077 2730 2147 πρότερον
2758 2075 2837 2146 τῷ
2883 2076 3119 2148 Νέρωνι,
3158 2078 3252 2132 καὶ
3288 2078 3512 2147 διέφυγε
3541 2078 3633 2132 τὸν
3662 2079 3760 2134 θά-

2180 2184 2361 2232 νατον,
2391 2167 2532 2222 ὥστε
2561 2171 2656 2224 καὶ
2684 2168 2984 2240 κηρύσσειν
3010 2169 3200 2223 ἔκτοτε
3220 2185 3233 2200 ⁸
3266 2171 3388 2224 ἐπεὶ
3418 2170 3475 2225 δὲ
3498 2173 3590 2226 τὸν
3618 2175 3759 2226 eivo-

2182 2261 2302 2332 χόον
2330 2260 2496 2315 αὐτοῦ
2525 2261 2832 2332 κατήχησε,
2855 2262 2976 2314 τότε
3001 2260 3310 2330 ύπερζὲσας
3331 2263 3524 2333 Νέρων
3549 2266 3615 2334 τῇ
3651 2282 3759 2332 μα-

2181 2350 2304 2420 νία,
2344 2350 2620 2420 ἀπέτεμεν
2682 2350 2870 2405 αὑτὸν.
2935 2350 3200 2422 Ἀθυμίαν
3240 2351 3296 2405 δὲ
3355 2352 3611 2422 ἐμφαίνει
3672 2353 3760 2420 τὸ,

2180 2442 2413 2510 Πάντες
2447 2460 2525 2512 με
2575 2441 3002 2513 ἐγκατέλιπον·
3029 2443 3231 2497 ὡσανεὶ
3275 2443 3458 2512 ἔλεγε·
3486 2444 3598 2499 Καὶ
3619 2446 3666 2498 οἱ
3689 2447 3760 2498 ol-

2181 2535 2317 2588 κεῖοί
2360 2553 2452 2604 μοι
2489 2535 2827 2605 προέδωκαν,
2867 2535 2964 2590 καὶ
3015 2535 3197 2605 πάσης
3242 2535 3545 2606 ἐστερήθην
3579 2554 3757 2606 παρα-

2185 2625 2403 2696 μυθίας.
2431 2627 2596 2682 ’Ὥστε
2650 2628 2747 2680 καὶ
2801 2628 2868 2682 σὺ
2901 2630 2961 2680 ἐν
3004 2628 3198 2690 δεινοῖς
3243 2628 3628 2698 καταλειφθεὶς
3665 2629 3756 2700 ἔχε

2183 2717 2538 2788 παραμυθίαν
2557 2719 2623 2772 τὰ
2650 2719 2771 2772 κατ’
2803 2719 2922 2789 ἐμέ.

2252 2901 2348 2972 Μὴ
2379 2901 2582 2970 αὐτοῖς
2630 2903 2961 2972 λογισθείη.
3008 2901 3171 2973 Ὀρᾷς
3219 2905 3336 2970 πῶς
3379 2905 3623 2974 φείδεται
3652 2907 3758 2962 τῶν

2181 2996 2435 3061 οἰκείων;
2469 2995 2649 3049 καίτοι
2683 2995 2844 3067 ἔργον
2885 2995 3214 3067 εἰργάσαντο
3252 2997 3426 3052 δεινὸν
3465 2999 3516 3052 οι
3567 3001 3758 3054 οἰκεῖοι

2181 3088 2232 3140 οι
2279 3089 2548 3156 συνεργοὶ,
2596 3088 3060 3156 ἐγκαταλιπόντες
3103 3088 3284 3143 αὐτόν.
3337 3090 3411 3144 Ού
3459 3091 3570 3162 γάρ
3609 3092 3758 3146 ἐστιν

488 3191 614 3232 eum
644 3178 1006 3233 deseruerunt
1032 3191 1178 3231 eum.
1221 3176 1339 3232 Non
1375 3178 1521 3233 enim
1577 3180 1790 3249 wquale
1815 3180 2070 3245 habetur,

2188 3174 2298 3232 [σον
2344 3179 2494 3250 ποιρά
2520 3179 2631 3232 τῶν
2698 3178 2898 3243 ἔξωθεν
2942 3179 3444 3250 καταφρονηθῆναι,
3478 3183 3572 3235 καὶ
3608 3183 3758 3253 παρά

489 3267 560 3322 ab
587 3269 838 3324 externis
889 3269 1164 3324 contemni
1199 3276 1253 3323 et
1307 3268 1377 3323 ab
1410 3271 1625 3326 amicis.
1657 3271 1910 3326 Attamen
1953 3287 2070 3342 pre-

489 3366 749 3413 caturne
785 3359 933 3413 istud
965 3360 1267 3427 imputetur
1291 3361 1394 3423 eis,
1427 3361 1572 3430 apud
1597 3359 1766 3416 Deum
1797 3361 2070 3426 videlicet,

488 3463 613 3503 cum
643 3449 780 3504 alias
802 3463 1089 3520 peccatum
1118 3451 1192 3506 sit
1217 3451 1433 3520 ingens,
1457 3465 1522 3506 ac
1551 3452 1773 3522 dignum
1800 3455 1944 3524 quod
1966 3452 2070 3508 im-

493 3547 738 3611 putetur.

559 3629 724 3686 Vzns.
765 3631 852 3686 17.
891 3632 1153 3688 Dominus
1183 3644 1358 3688 autem
1398 3635 1530 3689 mihi
1554 3637 1750 3691 astitit.
1788 3636 2070 3709 Discipulo

488 3720 637 3776 istud
679 3737 875 3778 rursus
899 3731 982 3778 est
1007 3723 1206 3779 solatio
1233 3741 1247 3778 :
1279 3725 1522 3781 ostendit
1550 3727 1697 3781 enim
1739 3730 1884 3799 quod
1929 3731 2070 3785 Deus

489 3824 600 3864 non
629 3813 775 3865 sinat
803 3827 926 3864 eum
959 3813 1146 3881 gravia
1207 3815 1452 3884 pericula
1513 3819 1810 3886 sustinere,
1857 3821 1952 3890 qui
2002 3820 2071 3876 ab

485 3899 803 3956 hominibus
819 3902 1244 3973 derelinquitttr.

556 3988 968 4061 Etconfortavit
999 4009 1099 4048 me.
1143 3995 1259 4050 Hoc
1284 4003 1388 4065 est,
1437 3997 1692 4056 fiduciam
1765 4001 1937 4068 dedit,
1970 4017 2071 4059 ucc

491 4082 749 4150 permisit
776 4099 861 4137 me
885 4087 1268 4144 succumbere.

553 4173 722 4242 618
760 4172 828 4226 Ut
851 4191 942 4242 per
969 4193 1049 4230 me
1071 4179 1390 4247 pra'dicatio
1444 4182 1753 4252 impleatur.
1820 4183 2067 4261 Observa

483 4268 756 4330 ingentem
787 4265 910 4336 ejus
947 4268 1336 4330 humilitatem.
1367 4271 1486 4327 Non
1517 4277 1663 4330 enim
1688 4277 1835 4346 quod
1869 4279 2068 4347 dignus

480 4355 584 4410 sint
676 4356 797 4424 ejus
864 4358 1032 4424 dono,
1123 4363 1458 4420 confortavit
1550 4382 1657 4434 me,
1715 4370 1915 4441 inquit,
1971 4374 2066 4428 sed

479 4454 538 4500 ut
567 4445 882 4515 prwdicatio
915 4467 1007 4520 per
1032 4469 1110 4507 me
1131 4454 1439 4523 impleatur,
1463 4457 1564 4513 hoc
1591 4469 1694 4525 cst,
1727 4464 2061 4532 stabiliatur,

2175 3269 2286 3323 τῶν
2311 3271 2549 3324 οἰκείων.
2594 3269 2735 3322 Ἀλλ’
2769 3271 2918 3340 ὅμως
2941 3269 3158 3340 εύχεται
3192 3271 3268 3342 μὴ
3309 3271 3629 3342 λογισθῆναι
3662 3274 3754 3326 αύ-

2172 3359 2283 3420 τοῖς
2307 3356 2484 3419 τοῦτο,
2523 3357 2673 3428 παρά
2709 3357 2827 3428 Θεῷ
2873 3357 3096 3430 δηλαδὴ,
3129 3358 3306 3424 ἄλλως
3358 3360 3666 3434 ἁμάρτημα
3699 3362 3755 3418 δν

2176 3447 2342 3517 μέγα,
2379 3447 2476 3503 καὶ
2504 3447 2655 3514 ἀξιον
2683 3449 3018 3518 λογίζεσθαι.

2257 3629 2419 3686 Ἀλλ’
2471 3630 2504 3683 ό
2556 3629 2772 3697 Κύριός
2816 3646 2918 3698 μοι
2972 3630 3268 3702 παρέστη.
3317 3631 3488 3687 Τοῦτο
3518 3631 3567 3668 ⁸⁸
3589 3635 3751 3692 πάλιν

2173 3723 2503 3794 παραμυθία
2527 3723 2606 3794 τῷ
2636 3725 2852 3794 μαθητῇ
2877 3740 2890 3753 ·
2928 3723 3168 3778 δείκνυσι
3198 3723 3330 3796 γὰρ,
3363 3725 3448 3778 ὅτι
3483 3726 3576 3780 τὸν
3601 3729 3752 3798 παρά

2173 3817 2474 3886 ἀνθρώπων
2531 3815 3066 3886 ὲγκαταλειπόμενον
3115 3816 3448 3888 ούκάφίησί
3485 3835 3540 3873 τι
3582 3819 3753 3874 δεινὸν

2173 3908 2366 3962 παθεῖν
2405 3910 2434 3961 ὁ
2471 3907 2624 3972 Θεός.

2239 4000 2345 4055 Kal
2368 3999 2892 4070 ἐνεδυνάμωσέμε.
2918 4001 3198 4066 Τευτέστι,
3220 3999 3538 4073 παρρησίαν
3567 4003 3751 4076 ἐχαρί-

2174 4108 2329 4155 σατο,
2362 4091 2463 4142 ούκ
2503 4090 2682 4160 ἀφῆκε
2719 4093 3070 4146 καταπεσεῖν.

2243 4183 2366 4236 Ἵνα
2387 4181 2462 4234 δι’
2483 4180 2633 4251 ἐμοῦ
2667 4181 2732 4235 τὸ
2790 4181 3064 4250 κήρυγμα
3097 4184 3555 4254 πληροφορηθῇ.
3611 4186 3748 4257 Ὅρα

2170 4273 2268 4344 τὴν
2292 4273 2496 4343 πολλὴν
2556 4271 2724 4326 αὐτοῦ
2774 4277 3302 4346 ταπεινοφροσύνην.
3350 4278 3464 4348 Οὐχ
3499 4279 3575 4342 ὡς
3602 4279 3746 4344 ἀξιον

2169 4365 2299 4436 γὰρ,
2329 4366 2485 4435 φησι,
2510 4367 2693 4434 τυχεῖν
2713 4365 2814 4434 τῆς
2836 4364 3046 4434 δωρεᾶς
3092 4366 3469 4438 ὲνεδυνάμωσέ
3503 4385 3595 4439 με,
3627 4368 3744 4424 ἀλλ’

2169 4458 2269 4512 ἵνα
2318 4458 2384 4512 τὸ
2417 4457 2688 4525 κήρυγμα
2712 4456 2787 4508 δι’
2811 4456 2959 4525 ἐμοῦ
3020 4459 3474 4528 πληροφορηθῇ,
3504 4462 3745 4518 τουτέστι

478 4535 562 4590 vel
609 4537 677 4591 ad
716 4538 876 4593 linem
908 4543 1191 4610 perveniat
1247 4553 1302 4599 et
1339 4547 1632 4616 impleatur
1663 4568 1676 4605 :
1709 4555 2064 4622 quemadmo-

2188 4550 2471 4620 Βεϐαιωθῇ,
2500 4550 2532 4619 ἦ
2561 4550 2640 4612 είς
2659 4549 2830 4620 πέρας
2853 4548 2980 4619 ἔλθῃ
3007 4549 3103 4602 καὶ
3135 4551 3395 4623 πληρωοῇ
3417 4553 3653 4626 ο-ὦσπερ
3682 4556 3745 4609 ἃν

477 4625 610 4680 dum
648 4628 694 4683 si
744 4629 870 4698 quis
897 4647 1192 4701 purpuram
1233 4650 1296 4691 ac
1318 4636 1568 4694 diadema
1631 4644 1837 4712 regium
1873 4656 2068 4716 gestet,

480 4729 546 4769 ac
573 4726 799 4787 propter
835 4721 949 4774 nec
986 4732 1260 4780 servetur.

551 4805 621 4859 Et
640 4807 868 4860 audiant
897 4825 1077 4864 omnes
1116 4824 1316 4881 gentes.
1364 4815 1479 4872 Hoc
1521 4827 1624 4883 cst,
1665 4829 1723 4875 ut
1777 4823 2065 4895 perspicua

485 4895 580 4950 fiat
609 4908 663 4950 et
693 4896 844 4953 verbi
879 4899 1072 4969 gloria,
1106 4909 1161 4956 et
1194 4903 1392 4960 divina:
1445 4908 1804 4977 providentiae
1855 4913 1924 4968 de
1981 4930 2065 4971 me

474 5000 628 5040 cura.

548 5079 625 5132 Ac
649 5077 894 5134 liberabit
926 5071 1005 5136 me
1029 5099 1095 5138 ea:
1152 5101 1242 5141 ore
1269 5087 1456 5144 leonis.
1488 5089 1603 5146 [loc
1651 5104 1756 5161 est,
1799 5094 2052 5154 Neronis.

476 5170 645 5226 Istum
671 5173 820 5226 enim
849 5173 1060 5229 leonem
1092 5179 1350 5246 appellat,
1397 5191 1622 5252 propter
1681 5186 1892 5257 imperii
1935 5190 2054 5259 ejus

475 5262 712 5316 roburet
749 5263 982 5320 invictas
1011 5268 1180 5324 vires.
1217 5269 1349 5328 Vide
1374 5284 1556 5329 autem
1590 5291 1754 5347 quam
1797 5296 1989 5350 parum
2023 5297 2052 5338 a

475 5361 648 5407 .norte
681 5353 940 5423 abfuerit,
973 5372 1100 5414 cum
1131 5361 1188 5415 itt
1218 5361 1395 5418 leonis
1431 5364 1619 5422 fauces
1668 5369 1942 5425 inciderit.

542 5524 709 5581 Vens.
741 5527 830 5584 l8.
861 5528 930 5584 Et
964 5531 1208 5588 liberabit
1233 5551 1313 5590 me
1340 5534 1600 5596 Dominus
1625 5540 1694 5595 ab
1729 5545 1873 5598 omni
1901 5560 2054 5614 opere

2173 4640 2308 4702 εῖτις
2338 4639 2629 4711 ἁλουργίδα
2658 4641 2752 4693 καὶ
2776 4639 3014 4710 διάδημα
3046 4639 3323 4710 βαστάζοι,
3347 4644 3545 4698 mea
3574 4645 3745 4700 ταῦτα

2173 4730 2422 4796 σώζοιτο.

2241 4821 2346 4876 Kal
2368 4820 2606 4889 ἀκούσῃ
2635 4818 2833 4877 πάντα
2858 4821 2929 4875 τὰ
2947 4823 3113 4890 ἔθνη.
3134 4821 3445 4892 Τουτέστιν,
3465 4825 3553 4880 ἵνα
3575 4828 3745 4883 κατά·

2167 4911 2326 4982 δηλος
2352 4912 2489 4964 πᾶσι
2540 4911 2766 4980 γένηται
2825 4912 2921 4965 καὶ
2972 4912 3066 4966 τοῦ
3117 4914 3479 4985 κηρύγματος
3522 4917 3557 4988 ἡ
3595 4918 3737 4985 δόξα,

2169 5004 2262 5056 καὶ
2285 5003 2383 5070 τῆς
2411 5002 2541 5072 περὶ
2566 5001 2666 5072 ἐμὲ
2697 5001 2955 5069 προνοίας
2983 5004 3016 5073 ὴ
3045 5003 3361 5073 κηδεμονία.

2233 5092 2338 5145 Kal
2371 5091 2670 5160 ἐρῤὑσιιτό
2699 5108 2776 5160 με
2812 5091 2880 5146 ἐκ
2921 5094 3219 5162 στόματος
3267 5094 3533 5162 λέοντος.
3576 5097 3741 5150 Τουτ-

2161 5183 2277 5236 έστι
2342 5183 2434 5236 τοῦ
2482 5183 2755 5252 Νέρωνος.
2804 5183 3009 5236 Λέοντα
3045 5184 3153 5256 γὰρ
3173 5186 3362 5240 τοῦτόν
3387 5205 3542 5258 φησι,
3567 5189 3654 5243 διά
3681 5190 3738 5243 ιδ

2163 5274 2383 5344 ἰσχυρὸν
2442 5274 2609 5327 αὑτοῦ
2655 5273 2753 5343 τῆς
2818 5273 3097 5344 βασιλείας
3156 5276 3250 5329 καὶ
3294 5278 3733 5350 ἀκατάπληκτον.

2164 5366 2304 5434 Ὅρα
2331 5365 2388 5417 δὲ
2413 5363 2530 5427 πῶς
2557 5364 2707 5435 παρὰ
2751 5365 2949 5436 μικρὸν
2998 5361 3162 5435 ἦλθεν
3188 5367 3504 5436 ἀποθανεῖν,
3537 5372 3618 5433 είς
3645 5373 3736 5424 αύ-

2159 5457 2251 5510 τὸν
2278 5458 2372 5511 τὸν
2403 5458 2661 5528 φάρυγγα
2699 5456 2795 5510 τοῦ
2831 5457 3046 5522 λέοντος
3075 5460 3356 5530 ἐμπεσών.

2230 5549 2340 5604 Kal
2381 5549 2634 5618 ῥύσεταί
2688 5567 2760 5619 με
2817 5551 2850 5604 ὁ
2896 5551 3112 5621 Κύριος
3149 5553 3267 5609 ἀπὸ
3314 5554 3541 5623 παντὸς
3562 5556 3732 5627 ἔργον

1873 5722 2076 5786 Variae
2108 5723 2433 5790 lectiones.

537 5803 583 5836 “
607 5805 961 5878 κηρύγματος
985 5825 1038 5867 o.
1116 5812 1161 5847 "’
1189 5815 1353 5888 ὸξύνη
1385 5833 1460 5874 In.
1567 5819 1616 5852 ⁸⁸
1641 5819 1749 5876 ἰδοὺ
1805 5837 1859 5880 ο.
