3990 6570
1250 369 1826 433 THEOPHYLACTI
1856 366 2269 430 BULGARLE
2302 360 2657 433 ARClilEl’.

747 698 1872 817 THEOPHYLAC'I‘I
2005 697 3144 815 COMMENTARIUS

1449 934 1525 993 IN
1579 930 2013 993 EPISTOLAM
2064 932 2168 991 AD
2207 930 2476 993 TITUM.

1929 1198 1979 1256 Α

846 1186 1008 1265 623
1047 1190 1276 1247 CAPUT
1314 1191 1355 1245 ι.

396 1312 563 1370 Vens.
597 1309 646 1363 l.
675 1306 876 1361 Paulus
899 1320 1078 1359 servus
1113 1304 1227 1364 Dei,
1258 1302 1530 1372 apostolus
1580 1315 1756 1357 autem
1783 1297 1912 1356 Jesn

327 1404 548 1460 Christi.
587 1400 1070 1456 lndiscriminaiim
1109 1398 1222 1451 lucc
1279 1396 1452 1466 ponit,
1513 1394 1647 1450 alias
1682 1396 1909 1465 quidem

327 1512 545 1552 servum
579 1492 812 1557 Clu-isti,
848 1491 1155 1559 apostolum
1187 1499 1367 1542 autem
1424 1488 1554 1542 Dei:
1594 1505 1740 1543 nunc
1785 1506 1912 1542 νιτο

326 1592 445 1643 vice
474 1603 653 1642 versa.
700 1582 915 1639 Nullam
954 1583 1098 1636 enim
1144 1582 1292 1636 novit
1343 1580 1709 1635 diﬂ‘erentiam
1771 1583 1912 1634 inter

327 1680 545 1732 Patrem
578 1688 631 1730 et
667 1675 889 1729 Filium.

400 1768 702 1826 Secundum
764 1766 919 1836 [idem
980 1764 1264 1819 electorum
1319 1763 1436 1830 Dei,
1494 1773 1542 1816 et
1590 1763 1909 1833 agnitionem

328 1864 568 1919 veritatis
604 1878 721 1931 qua:
756 1870 833 1914 est
885 1858 1170 1913 secundum
1218 1858 1487 1926 pietatem.
1545 1854 1915 1925 Multiplieiter

332 1958 433 2010 hoc
483 1953 777 2022 intelliges,
815 1951 896 2004 vel
937 1948 1081 2018 quod
1136 1949 1420 2018 apostolus
1474 1963 1619 2011 sum,
1668 1950 1912 2001 ute‘lecti

328 2060 426 2113 per
461 2060 545 2099 me
574 2043 840 2097 credant:
875 2040 957 2094 vel
1012 2038 1157 2108 quod
1211 2040 1311 2093 sim
1370 2040 1547 2093 iactus
1605 2038 1909 2108 apostolus,

327 2151 439 2190 non
470 2135 540 2190 ob
568 2150 685 2189 mea
715 2133 929 2198 merita,
962 2147 1152 2185 verum
1199 2130 1345 2201 quod
1381 2130 1454 2184 ita
1508 2128 1620 2185 Deo
1642 2129 1913 2199 placuerit

333 2240 390 2282 ut
424 2229 674 2282 crederet
701 2227 835 2281 milii
864 2225 1073 2281 electos
1104 2240 1260 2280 suos.
1315 2224 1587 2291 Quocirca
1617 2232 1788 2280 tomm
1825 2230 1913 2278 est

330 2321 520 2391 gratiae
551 2321 670 2389 ejus
704 2320 797 2389 qui
857 2317 1201 2373 concredidit
1234 2317 1363 2372 mihi
1424 2318 1526 2372 hoc
1579 2332 1806 2381 nmnus,
1860 2325 1914 2371 et

329 2430 442 2468 non
471 2413 617 2483 quod
641 2414 843 2482 dignus
869 2416 993 2476 sim,
1034 2411 1131 2466 sed
1160 2419 1384 2481 propter
1437 2414 1650 2466 electos
1722 2408 1908 2479 accepi

330 2508 650 2576 dignitatem
683 2506 847 2561 bane.
876 2505 1081 2560 Deinde
1116 2503 1453 2559 utostendat
1507 2502 1654 2572 quod
1696 2512 1750 2556 et
1805 2517 1911 2557 nos

329 2598 544 2669 aliquid
586 2597 840 2653 conferre
871 2606 1143 2668 oporteat,
1212 2597 1417 2661 intulit,
1480 2604 1531 2648 et
1582 2595 1911 2665 agnitionem

326 2691 590 2755 veritatis,
634 2690 740 2746 hoc
772 2701 877 2755 est,
904 2706 970 2746 eo
998 2689 1147 2761 quod
1200 2692 1395 2759 agnovi
1468 2688 1751 2743 veritatem
1804 2688 1905 2743 do-

324 2788 523 2858 gmatis
555 2783 740 2852 hujus,
785 2794 1070 2855 propterea
1106 2781 1237 2836 mibi
1273 2780 1649 2837 concreditum
1667 2791 1771 2835 est.
1799 2779 1914 2835 lmo

330 2896 459 2934 vero
490 2893 556 2932 ne
586 2878 793 2947 agnitio
818 2876 1044 2945 quidem
1094 2881 1286 2930 nostra
1350 2880 1458 2937 est,
1491 2873 1585 2928 sed
1616 2873 1705 2929 vel
1763 2871 1913 2940 ejus.

329 2970 451 3026 dem
488 2972 604 3039 ipse
634 2969 799 3027 etiam
828 2982 1020 3023 auctor
1052 2974 1154 3021 est.
1193 2964 1355 3021 Prius
1407 2969 1557 3021 enim
1605 2964 1774 3036 agniti
1832 2965 1913 3020 sic

329 3063 706 3135 agnoscimus.
754 3060 850 3115 Vel
875 3061 1004 3132 quia
1055 3058 1285 3120 credidi,
1322 3058 1547 3128 perinde
1597 3073 1663 3113 ac
1712 3057 1909 3127 reliqui

330 3158 514 3219 electi,
552 3155 862 3225 agnovique
903 3153 1215 3209 veritatem.
1258 3151 1340 3206 Ad
1395 3153 1693 3209 discrimen
1748 3166 1913 3221 porro

331 3246 691 3303 Judaicarnm
743 3247 1196 3303 caeremoniarum
1267 3245 1428 3310 dixit,
1481 3246 1745 3300 veritatis.
1800 3244 1912 3303 Illa)

330 3358 571 3411 nauium.-
597 3355 705 3395 non
736 3349 868 3395 sunt
888 3338 1109 3401 veritas,
1133 3351 1312 3406 neque
1330 3344 1515 3391 tamen
1539 3335 1910 3402 mendacium,

327 3452 519 3490 verum
559 3442 720 3504 typus
753 3441 808 3486 et
836 3432 1030 3486 umbra
1071 3436 1223 3486 sunt.
1257 3428 1323 3482 Et
1365 3427 1497 3497 quia
1550 3442 1652 3483 nos
1707 3428 1913 3485 electos

330 3526 487 3593 dicit,
532 3526 666 3579 istos
696 3534 832 3578 sane
866 3520 1027 3576 tollit.
1057 3520 1173 3576 Etsi
1199 3520 1347 3575 enim
1379 3520 1511 3575 olim
1572 3517 1651 3573 illi
1688 3517 1915 3574 fuerunt

326 3619 515 3682 electi,
543 3617 656 3686 jam
694 3624 875 3669 tamen
914 3628 1026 3669 non
1056 3623 1205 3669 sunt.
1235 3611 1481 3669 Observa
1526 3621 1712 3666 autem
1737 3611 1916 3680 primo

330 3715 454 3767 loco
494 3707 655 3763 iidem
692 3718 1004 3771 occurrere,
1061 3703 1260 3759 deinde
1302 3703 1368 3757 ab
1397 3701 1502 3756 bac
1541 3701 1914 3771 cognitionem

330 3816 633 3872 emergere,
666 3813 777 3854 non
811 3812 842 3851 a
870 3795 1208 3851 rationibus.
1246 3795 1419 3850 Porro
1478 3808 1602 3847 eum
1655 3792 1912 3856 dixisset,

2612 1195 2867 1249 ΚΕΦΑΛ.
2912 1198 2991 1250 A'.

2091 1305 2333 1373 Παῦλος
2387 1305 2612 1372 δοῦλος
2668 1307 2838 1371 Θεοῦ,
2884 1309 3233 1376 ἀπόστολος
3281 1311 3351 1365 δὲ
3407 1312 3610 1382 Ἰησοῦ

2014 1396 2299 1465 Χριστοῦ.
2340 1398 2679 1470 Ἀδιαφόρως
2716 1400 2890 1454 ταῦτα
2927 1401 3132 1472 τίθησι,
3166 1403 3298 1457 ποτὲ
3345 1405 3444 1474 μὲν
3473 1407 3613 1460 δοῦ-

2013 1489 2104 1544 λον
2152 1491 2414 1562 Χριστοῦ,
2448 1492 2749 1546 ἀπόστολον
2787 1493 2845 1546 δὲ
2884 1493 3018 1547 Θεοῦ
3040 1537 3055 1559 ,
3083 1495 3176 1548 νῦν
3217 1497 3271 1550 δὲ
3304 1498 3365 1551 τὸ
3392 1500 3615 1554 ἀνάπει-

2014 1582 2120 1637 λιν.
2147 1585 2415 1655 Οὐδεμίαν
2451 1586 2560 1658 γὰρ
2589 1582 2695 1640 οἵδε
2725 1588 2996 1658 διαφορὰν
3029 1590 3235 1659 μεταξύ
3272 1592 3485 1661 Πατρὸς
3506 1597 3611 1646 καὶ

2017 1675 2170 1730 Υὶοῦ.
3065 1706 3071 1713 .

2086 1767 2250 1822 Κατὰ
2299 1768 2510 1822 πίστιν
2549 1770 2852 1824 ἐκλεκτῶν
2888 1771 3058 1836 Θεοῦ,
3117 1774 3215 1828 καὶ
3272 1775 3614 1846 ἐπίγνωσιν

2014 1860 2304 1927 ἀληθείας
2364 1860 2475 1930 τῆς
2535 1863 2662 1915 κατ’
2719 1866 3054 1919 εὐσέϐειαν.
3098 1866 3389 1938 Ιιολλαχῶς
3444 1869 3613 1922 τοῦτο

2013 1955 2312 2027 νοήσεις,ἢ
2360 1956 2444 2031 ὅτι
2490 1957 2791 2022 ἀπόστολος
2844 1962 2960 2030 εἰμι
3017 1960 3156 2030 πρὸς
3208 1961 3268 2014 τὸ
3311 1963 3613 2016 πιστεῦσαι

2014 2054 2141 2113 τοὺς
2173 2050 2473 2113 ἐκλεκτοὺς
2505 2050 2572 2103 δι’
2607 2050 2742 2121 ἐμοῦ
2769 2067 2783 2082 ο
2817 2052 2848 2122 ἢ
2898 2053 2980 2106 ὅτι
3011 2052 3309 2114 ἀπόστολος
3348 2069 3602 2125 προεχει-

2016 2140 2230 2216 ρίσθην,
2249 2143 2308 2196 οὐ
2333 2143 2456 2197 καθ’
2481 2144 2510 2196 ὃ
2539 2143 2884 2214 κατώρθωσὰ
2907 2162 2981 2210 τι,
3005 2145 3142 2199 ἀλλὰ
3174 2146 3297 2200 καθ’
3317 2145 3609 2216 81158621;-

2015 2252 2105 2288 σεν
2138 2236 2165 2287 ὁ
2185 2232 2319 2298 Θεὸς
2341 2234 2629 2287 πιστεῦσαί
2651 2252 2742 2305 μοι
2764 2236 2890 2298 τοὺς
2915 2236 3202 2300 ἐκλεκτοὺς
3226 2237 3414 2291 αὐτοῦ.
3436 2239 3607 2292 Ὥστε

2013 2326 2073 2378 τὸ
2091 2328 2199 2380 πᾶν
2216 2328 2314 2398 τῆς
2332 2326 2427 2381 τοῦ
2453 2326 2806 2400 [πνεύματος]
2821 2329 3206 2394 πιστεύσαντος
3220 2332 3441 2403 χάριτός
3463 2335 3610 2385 ἐστι’

2013 2418 2110 2471 καὶ
2131 2418 2229 2488 οὐχ
2274 2419 2353 2481 ὡς
2398 2419 2575 2487 ἄξιος,
2621 2420 2759 2473 ἀλλὰ
2790 2420 2880 2473 διὰ
2925 2422 3053 2484 τούς
3087 2424 3376 2488 ἐκλεκτοὺς
3412 2425 3612 2477 ἓλαὸον

2014 2507 2074 2561 τὸ
2099 2509 2319 2580 ἀξίωμα
2346 2510 2525 2566 τοῦτο.
2562 2507 2713 2576 Εἶτα,
2753 2511 2839 2565 ῐνα
2863 2511 3013 2583 δείξῃ
3042 2513 3125 2565 ὅτι
3154 2512 3249 2567 καὶ
3288 2515 3433 2584 ἡμᾶς
3475 2532 3613 2569 συν-

2018 2600 2297 2670 εισφέρειν
2348 2619 2402 2654 τι
2458 2603 2560 2667 δεῖ,
2594 2604 2864 2672 ἐπήγαγε,
2925 2605 3021 2658 καί
3073 2605 3408 2676 ἐπίγνωσιν
3448 2608 3610 2672 ἀνίη-

2013 2692 2214 2759 θείας·
2250 2694 2520 2760 τουτέστι,
2571 2695 2707 2748 διότι
2751 2697 3001 2764 ἂπέγνων
3051 2698 3151 2767 τὴν
3200 2698 3456 2770 ἀλήθειαν
3500 2700 3607 2753 τοῦ

2014 2786 2318 2855 κτήσαντος
2335 2785 2453 2859 καὶ]
2478 2787 2571 2841 τοῦ
2595 2788 2887 2859 δόγματος,
2906 2788 2992 2842 διὰ
3009 2788 3166 2843 τοῦτο
3188 2792 3609 2864 ὲνεπιστεύθην.

2014 2878 2236 2932 Μᾶλλον
2258 2879 2337 2944 δὲ,
2373 2879 2552 2951 οὐδὲὴ
2599 2881 2894 2951 ἐπίγνωσις
2919 2884 2950 2952 ἡ
2963 2883 3079 2951 μῶν
3112 2885 3280 2947 ἐστιν,
3326 2884 3463 2938 ἀλλὰ
3505 2888 3611 2939 καὶ

2016 2970 2210 3024 τούτου
2256 2971 2423 3025 αὐτοῦ
2475 2973 2650 3037 αἴτιος
2678 2975 2859 3038 αὐτός.
2891 2975 3165 3047 Πρότερον
3203 2978 3311 3048 γὰρ
3360 2980 3611 3047 ἐπιγνω-

2016 3061 2239 3127 σθέντες
2270 3063 2444 3128 οὕτως
2467 3066 2925 3138 ὲπιγινὼσκομεν.
2950 3068 3021 3121 Ἦ
3061 3071 3145 3123 ὅτι
3175 3070 3481 3126 ἐπίστευσα
3507 3090 3616 3126 κα-

2017 3156 2274 3229 θάπερ⁶οί
2305 3156 2484 3212 λοιποὶ
2521 3160 2773 3215 ἐκλεκτοὶ
2798 3162 2894 3215 καὶ
2923 3162 3174 3232 ἐπέγνων
3202 3163 3302 3237 τὴν
3325 3166 3610 3236 ἀλήθειαν.

2018 3245 2162 3320 Πρὸς
2215 3248 2626 3321 ἀντιδιαστολὴν
2681 3253 2739 3306 δὲ
2790 3253 2905 3306 τῶν
2942 3255 3251 3310 Ἰουδαϊκῶν
3306 3254 3447 3325 εἶπε,
3492 3257 3609 3326 τῆς

2015 3341 2324 3410 ἀληθείας.
2361 3344 2600 3398 Ἐκεῖνοι
2635 3345 2745 3416 γὰρ
2786 3345 2888 3399 οὐκ
2925 3347 3177 3415 ἀλήθεια,
3227 3350 3289 3402 οὐ
3324 3353 3431 3420 μὴν
3481 3352 3609 3404 οὐδὲ

2016 3433 2236 3504 ψεῦδος,
2256 3435 2391 3489 ἀλλὰ
2415 3436 2590 3501 τύπος
2621 3438 2719 3491 καὶ
2750 3439 2879 3491 σκιά
2897 3454 2911 3470 ·
2939 3440 3033 3492 καὶ
3080 3440 3168 3494 διὰ
3195 3440 3289 3494 τοῦ
3315 3443 3611 3507 ἐκλεκτοὺς

2016 3526 2075 3580 δὲ
2104 3528 2279 3580 εἰπεῖν
2314 3530 2484 3599 ἡμᾶς,
2517 3529 2764 3592 ἐκείνους
2794 3530 3074 3602 καθαιρεῖ.
3105 3532 3168 3586 Εί
3197 3532 3305 3604 γὰρ
3340 3533 3432 3587 καὶ
3462 3528 3614 3603 ἦσαν

2020 3619 2173 3683 ποτὲ,
2232 3618 2350 3673 ἀλλ’
2399 3621 2500 3673 οὐκ
2527 3620 2627 3674 ἔτι.
2669 3620 2816 3691 Ὅρα
2860 3623 2917 3676 δὲ
2943 3624 3023 3676 ὅτι
3063 3625 3281 3695 πρῶτον
3328 3628 3362 3697 ἡ
3396 3627 3608 3694 πίστις,

2020 3707 2140 3766 εἶτα
2189 3713 2298 3767 ἀπὸ
2337 3713 2547 3782 ταύτης
2576 3715 2610 3783 ἡ
2659 3715 2981 3782 ἐπίγνωσις,
3014 3718 3109 3769 καὶ
3158 3718 3259 3771 οὐκ
3295 3718 3403 3772 ἀπὸ
3452 3718 3609 3789 λογι-

2022 3801 2198 3870 σμῶν.
2224 3800 2409 3855 Είπὼν
2446 3801 2526 3868 δὲ,
2555 3803 2846 3873 ἀληθείας
2868 3806 2936 3871 ⁸⁸,
2968 3805 3301 3877 προσέθηκε,
3338 3808 3447 3878 τῆς
3475 3809 3613 3862 κατ’

334 3894 595 3959 veritatis,
634 3889 871 3955 addidit,
935 3902 1053 3958 qua:
1081 3899 1161 3940 est
1209 3885 1498 3940 secundum
1548 3886 1820 3952 pietatem,
1851 3897 1914 3939 eo

2024 3893 2358 3963 εὐσέϐειαν,
2386 3895 2521 3949 διότι
2569 3899 2665 3950 καὶ
2697 3898 2755 3950 ὲν
2787 3898 3064 3969 βιωτικοῖς
3108 3901 3431 3971 πράγμασίν
3483 3904 3608 3957 ἐστι

336 3986 482 4059 quod
524 3985 578 4038 in
615 3978 912 4036 mundanis
943 3978 1108 4034 etiam
1153 3976 1317 4033 rebus
1339 3990 1469 4032 vera
1521 3976 1595 4031 sit
1652 3975 1916 4046 cognitio.

334 4076 580 4147 Exempli
611 4074 825 4147 gratia:
858 4070 1268 4145 Agriculturam
1309 4069 1512 4139 aliquis
1580 4075 1633 4124 et
1676 4069 1917 4124 archite-

343 4180 560 4225 cturam
588 4182 716 4225 vere
745 4166 914 4222 novit.
954 4163 1029 4219 De
1057 4164 1148 4220 illa
1183 4178 1311 4219 vero
1338 4161 1569 4219 veritate
1619 4160 1668 4215 ei
1699 4160 1787 4214 hic
1811 4175 1919 4214 non

336 4274 420 4320 est
442 4277 647 4333 sermo,
684 4275 876 4318 verum
902 4260 971 4316 de
1000 4272 1067 4315 ea
1090 4271 1212 4330 qua:
1241 4262 1325 4312 est
1384 4253 1691 4312 secundum
1743 4253 1912 4324 pieta-

334 4370 443 4417 tem
454 4399 469 4414 .

412 4450 574 4507 Vens.
607 4451 663 4506 ‘2.
695 4450 760 4507 In
790 4465 936 4521 spem
954 4458 1072 4503 vute
1097 4454 1331 4501 acternaz.
1358 4441 1726 4498 Dinumeratis
1750 4441 1915 4497 bene~

338 4546 481 4600 ﬁciis
549 4544 749 4614 quibus
806 4544 859 4597 in
918 4538 1175 4613 praesenti
1234 4534 1438 4594 saeculo
1484 4549 1587 4590 nos
1628 4534 1918 4590 exornavit

334 4636 502 4703 Dens,
540 4646 791 4692 recenset
818 4634 984 4690 simul
1025 4632 1138 4701 jam
1171 4646 1293 4703 qua:
1325 4630 1381 4683 in
1434 4627 1623 4683 futuro
1681 4624 1918 4680 daturus

336 4727 425 4786 sit.
464 4726 751 4799 Siquidem
776 4726 896 4796 ipsa
928 4723 1182 4779 veritatis
1218 4720 1463 4792 cognitio
1514 4732 1723 4788 magna:
1759 4715 1921 4771 nobis

340 4818 714 4877 beneﬁcentiae
741 4816 862 4870 loco
884 4823 988 4880 est,
1015 4812 1108 4886 qui
1138 4811 1354 4867 liberati
1384 4824 1579 4865 sumus
1607 4809 1675 4864 ab
1708 4821 1920 4861 errore.

337 4913 392 4970 Is
431 4927 562 4967 vero
601 4924 702 4980 pro
739 4909 841 4963 liae
894 4907 1011 4978 ipsa
1053 4900 1565 4974 compensationem
1608 4899 1767 4955 nobis
1809 4899 1920 4952 lar-

340 5005 489 5075 gitur
523 5002 685 5054 vitam
708 5010 997 5055 aeternam.
1022 4996 1162 5064 Quia
1195 4996 1340 5051 enim
1370 4992 1698 5063 agnovimus
1720 4991 1922 5061 ipsum,

342 5097 541 5166 inquit,
617 5098 782 5147 vitam
858 5090 1068 5162 pariter
1144 5086 1538 5157 sempiternam
1611 5097 1918 5153 speramus.

2022 3987 2224 4054 γνῶσις
2253 3987 2481 4059 ἀληθής.
2515 3982 2663 4054 Οἷον,
2691 3985 2802 4043 οἶδέ
2830 4008 2916 4055 τις
2954 3991 3173 4063 ἀληθῶς
3208 3994 3278 4047 τὰ
3300 3995 3605 4066 γεωργικὰ,

2024 4079 2058 4148 ἢ
2095 4079 2164 4131 τὰ
2213 4081 2526 4134 τεκτονικά.
2555 4081 2629 4134 Οὐ
2669 4082 2853 4136 τοίνυν
2886 4085 3015 4155 περὶ
3067 4084 3282 4157 ἐκείνης
3332 4086 3428 4158 τῆς
3468 4086 3596 4158 ἀλη-

2024 4170 2195 4235 θείας,
2228 4172 2365 4227 ἀλλὰ
2397 4173 2495 4243 τῆς
2521 4173 2643 4227 κατ’
2680 4174 2967 4229 εὐσέϐειαν
2990 4180 3017 4231 ὁ
3045 4177 3223 4247 λόγος.

2091 4439 2224 4493 Ἐπ’
2255 4439 2460 4495 ἐλπίδι
2496 4439 2648 4509 ζωῆς
2675 4442 2941 4517 αἰωνίου,
2985 4442 3174 4501 Είπὼν
3206 4446 3348 4501 πόσα
3376 4449 3508 4520 πρὸς
3544 4451 3608 4506 τὸ

2025 4532 2201 4603 παρὸν
2226 4532 2598 4604 εὐηργέτησεν
2627 4536 2779 4606 ἡμᾶς
2806 4536 2835 4589 ὁ
2858 4535 3011 4602 Θεὸς,
3036 4538 3295 4608 λέγεικαὶ
3323 4542 3421 4597 ὅσα
3446 4546 3506 4596 ὲν
3526 4543 3605 4615 τῷ

2027 4623 2282 4692 μέλλοντι
2312 4623 2494 4677 δώσει.
2532 4625 2646 4679 Καὶ
2675 4626 2813 4699 αὐτὴ
2838 4628 2938 4698 μὲν
2965 4629 3073 4701 γὰρ
3105 4630 3139 4700 ἡ
3181 4631 3475 4701 ἐπίγνωσις
3504 4636 3609 4706 τῆς

2026 4714 2307 4785 ἀληθείας,
2351 4717 2580 4790 μεγίστη
2613 4718 2745 4791 ἡμῖν
2778 4721 3070 4791 εὐεργεσία
3104 4723 3468 4795 ἀπαλλαγεῖσι
3503 4729 3606 4796 τῆς

2024 4802 2267 4876 πλάνηςο
2307 4808 2335 4858 ὁ
2380 4806 2438 4859 δὲ
2468 4807 2564 4860 καὶ
2599 4808 2740 4879 ὑπὲρ
2774 4809 2942 4880 αὐτῆς
2990 4810 3197 4883 ταύτης
3223 4813 3458 4888 ἀμοιϐὴν
3473 4817 3608 4888 ἡμῖν

2025 4894 2210 4949 δίδωσι
2239 4896 2389 4968 ζωὴν
2441 4899 2683 4954 αἰώνιον.
2721 4900 2867 4954 Διότι
2908 4901 3020 4975 γὰρ
3061 4903 3388 4977 ἐπέγνωμεν
3419 4908 3607 4976 αὐτὸν,

2024 4986 2342 5059 ἐλπίζομεν,
2376 4990 2534 5060 φησὶ,
2567 4992 2664 5045 καὶ
2696 4992 2843 5063 ζωὴν
2889 4994 3133 5049 αίὼνιον.
3174 4994 3338 5068 Ὁρᾷς
3368 4998 3484 5061 πῶς
3512 5000 3610 5053 εὐ-

2027 5079 2123 5145 θὺς
2177 5082 2241 5135 ἐκ
2287 5080 2590 5153 προοιμίων
2618 5082 2716 5146 τὰς
2747 5084 3071 5156 εὐεργεσίας
3110 5086 3209 5141 τοῦ
3259 5088 3397 5142 Θεοῦ
3438 5077 3611 5144 κατα-

338 5186 505 5260 624
557 5182 968 5241 Animadvertis
1018 5180 1111 5252 qui
1172 5194 1240 5236 ex
1271 5179 1391 5250 ipso
1445 5176 1636 5232 statim
1690 5173 1914 5230 exordio

2027 5168 2199 5239 λέγει,
2234 5171 2321 5247 ἵνα
2356 5172 2450 5247 καὶ
2470 5170 2633 5225 αὐτὸν
2661 5173 2755 5225 τδν
2785 5172 3108 5241 ἐπίσκοπον,
3128 5174 3224 5228 καὶ
3255 5176 3457 5245 μᾶλλον
3481 5178 3610 5240 τοὺς

343 5243 611 5335 bvene'ﬁcia
643 5277 735 5333 Dei
779 5281 1083 5339 recenseat,
1146 5283 1201 5326 ut
1256 5282 1311 5327 et
1345 5271 1524 5341 ipsum
1581 5268 1914 5339 episcopum,

2030 5243 2508 5335 μαθητευομένους
2544 5262 2991 5336 προθυμοτέρους
3022 5271 3226 5340 ποιήσῃ
3258 5243 3347 5329 είς
3378 5267 3440 5320 τδ
3475 5268 3604 5337 ἁρέ-

346 5376 458 5429 imo
488 5372 675 5442 potius
709 5367 1015 5438 discipulos
1049 5364 1171 5435 ejus
1222 5361 1592 5434 promptiores
1634 5359 1828 5414 reddat
1863 5365 1922 5410 ut

351 5463 689 5522 b-ztteiactori
720 5459 1143 5532 complaceant?
1169 5456 1340 5513 Porro
1397 5471 1523 5510 cum
1564 5454 1661 5519 ait,
1694 5454 1747 5507 in
1781 5466 1921 5520 spem

341 5560 466 5616 uita:
523 5570 753 5621 wternce,
816 5553 1077 5610 Judaicos
1131 5553 1272 5608 ritus
1305 5550 1575 5606 concutit.
1634 5547 1717 5600 Illi
1772 5544 1917 5599 enim

347 5653 518 5710 vitam
553 5655 876 5720 praesentem
912 5664 1012 5719 pro
1043 5647 1293 5703 mercede
1332 5643 1630 5700 habebant.

2033 5374 2185 5410 σχειν
2206 5357 2285 5426 τῷ
2324 5357 2631 5428 εὐεργέτης
2669 5357 2761 5410 Ἐν
2809 5358 2887 5429 τῷ
2937 5358 3112 5413 είπεῖν
3162 5360 3241 5426 δὲ,
3280 5361 3373 5413 ἐπ’
3404 5360 3610 5417 ἐλπίδι

2032 5444 2180 5513 ζωῆς
2234 5448 2501 5512 αἰωνίου,
2558 5447 2627 5501 τὰ
2680 5447 2952 5503 Ἰουδαϊκὰ
2998 5449 3329 5506 διασαλεύει.
3381 5452 3614 5508 Ἐκεῖνοι

2031 5538 2141 5609 γὰρ
2176 5539 2273 5608 τὴν
2314 5539 2596 5609 παροῦσαν
2619 5539 2765 5610 ζωὴν
2799 5535 2947 5612 εἶχον
2982 5541 3355 5614 ἀντιμισθίαν.

1704 5716 1907 5791 Varia)
1945 5723 2276 5787 lectiones.

419 5845 465 5877 “
482 5843 582 5917 τὴν
619 5840 882 5915 ἀλήθειαν
911 5855 966 5896 0.
