3990 6550
456 472 556 539 M7

452 697 576 735 esse
626 684 791 749 filius,
858 685 952 740 sed
998 701 1111 741 non
1172 687 1447 758 genuinus
1491 709 1506 745 :
1565 693 2032 761 quemadmodum

453 773 824 842 Christianus,
858 777 903 833 si
965 779 1288 846 fornieetnr,
1338 791 1433 837 aut
1483 799 1688 841 avarus
1739 786 1836 850 sit,
1891 786 2036 843 filius

389 945 394 949 ι
456 868 675 936 quidem
702 879 805 933 est,
841 881 1117 939 quatenus
1147 889 1212 928 ex
1264 874 1594 946 baptismate
1652 886 1879 934 renatus
1915 888 2034 933 est:

459 978 563 1016 non
597 964 869 1034 genuinus
931 976 1136 1033 autem,
1189 970 1456 1039 quoniam
1514 971 1680 1032 Patre
1718 983 1803 1028 est
1856 973 2038 1046 indig-

456 1072 577 1118 ιιιιε.

527 1149 827 1207 Secundum
859 1171 1191 1212 communem
1220 1157 1398 1227 ﬁdem.
1432 1157 1566 1214 Cum
1623 1157 1806 1214 Titum
1864 1159 2032 1214 filium

453 1244 815 1312 nmuinassct,
849 1249 1076 1320 ipseque
1115 1252 1288 1320 patris
1319 1251 1558 1307 cilicium
1617 1257 2034 1322 assumpsisset,

456 1333 602 1390 hunc
637 1337 900 1394 honorem
942 1356 1139 1396 rursus
1167 1343 1480 1398 itnminuit:
1542 1341 1721 1408 Nulla,
1754 1343 2034 1415 inquiens,

452 1428 506 1482 in
534 1445 591 1483 re
624 1437 676 1485 te
698 1431 930 1496 excelle,
968 1435 1118 1501 quod
1141 1435 1208 1488 ad
1253 1436 1411 1491 fidem
1439 1437 1636 1492 attinet
1666 1457 1680 1494 :
1723 1438 2036 1494 communis

452 1524 600 1578 enim
637 1533 742 1588 est,
799 1537 853 1580 et
893 1542 989 1595 per
1040 1527 1214 1598 ipsam
1275 1539 1440 1586 natus
1497 1547 1618 1586 sum
1649 1539 1703 1586 et
1735 1547 1842 1601 ego
1862 1541 1916 1586 et
1953 1538 2032 1584 tu.

453 1617 742 1682 Quomodo
769 1618 936 1689 igitur
977 1620 1148 1675 filium
1196 1621 1377 1692 ipsum
1429 1624 1634 1678 vocat?
1666 1622 1759 1678 Vel
1801 1624 1944 1688 ideo,
1978 1631 2037 1676 ut

451 1711 1013 1784 ostendatpaternum
1039 1731 1166 1787 erga
1207 1717 1386 1787 ipsum
1423 1717 1678 1774 aﬂ‘ectnm
1719 1735 1734 1772 :
1797 1719 1879 1772 vel
1907 1717 2034 1788 quia

453 1804 571 1874 ipse
631 1805 787 1861 illum
845 1807 1178 1878 baptismate
1237 1811 1486 1867 tinxerit.
1560 1812 1845 1879 Quatenus
1887 1813 2033 1868 enim

451 1897 643 1952 eadem
673 1899 924 1968 utrisque
960 1900 1118 1964 ﬁdes,
1151 1900 1354 1958 fratres
1377 1914 1508 1959 sunt
1536 1905 1680 1958 inter
1707 1921 1862 1960 sese:
1897 1919 2035 1973 qua-

1372 487 1948 551 THEOPHYLACTI
1996 491 2300 554 BULGAR
2312 493 2406 554 UE
2430 498 2785 565 ARCHIEP.

527 587 693 652 Vsus,
727 590 778 646 4.
823 590 938 649 Tito
969 595 1194 665 genuino
1237 597 1368 663 ﬁlio.
1409 597 1592 654 Potest
1621 601 1767 654 enim
1830 602 2032 670 aliquis
2065 607 2107 662 A

2215 609 2356 672 Tiro)
2388 613 2618 678 γνησίῳ
2644 612 2851 680 τέκνῳ.
2891 615 3045 669 ’Ἐστι
3083 615 3192 687 γὰρ
3228 621 3320 673 καὶ
3350 621 3539 675 τέκνον
3587 619 3732 677 εἶναι

2143 698 2236 750 καὶ
2271 699 2344 770 μὴ
2380 703 2624 768 γνήσιον,
2659 704 2732 768 ὼς
2770 708 2796 758 ό
2827 706 3024 776 πόρνος
3053 710 3399 780 Χριστιανὸς,
3427 713 3460 785 ἢ
3490 715 3518 766 ὁ
3565 715 3728 767 πλεο·

2141 791 2360 863 νέκτης,
2391 796 2580 848 τέκνον
2613 797 2712 865 μὲν
2742 797 2866 851 καθ’
2894 800 2922 850 ὃ
2967 801 3303 874 άνεγεννήθη
3340 806 3396 858 ἐν
3423 805 3501 875 τῷ
3530 805 3730 872 βαπτί-

2143 901 2333 954 σματι,
2363 889 2423 941 οὐ
2458 891 2680 960 γνήσιον
2707 890 2783 954 δὲ,
2811 893 2996 966 ἐπειδὴ
3029 895 3245 969 ἀνάξιον
3280 897 3373 950 τοῦ
3409 899 3652 970 Πατρός.

2211 1163 2372 1217 Κατὰ
2404 1165 2620 1234 κοινὴν
2665 1165 2893 1220 πίστιν.
2953 1163 3138 1219 Εἰπὼν
3167 1165 3257 1220 τδν
3300 1165 3461 1220 Τίτον
3510 1167 3725 1232 τέκνον,

2140 1255 2234 1308 καὶ
2270 1256 2474 1327 πατρὸς
2508 1256 2661 1323 τάξιν
2696 1257 2857 1321 αὐτὸς
2910 1257 3113 1320 λαϐὼν,
3158 1257 3318 1312 πάλιν
3373 1260 3466 1314 καὶ
3520 1260 3729 1329 ταύτην

2140 1348 2238 1418 τὴν
2264 1349 2430 1420 τιμὴν
2463 1349 2696 1416 ἐλαττοῖ,
2741 1351 2939 1419 λέγων,
2974 1354 3055 1406 ὅτι
3081 1352 3248 1406 Οὐδὲν
3296 1351 3405 1422 ἔχω
3438 1369 3531 1406 σου
3563 1353 3728 1406 πλέον

2140 1442 2282 1496 κατᾶ
2313 1442 2413 1512 τὴν
2443 1442 2649 1508 πίστιν,
2676 1443 2829 1515 κοινὴ
2854 1446 2961 1516 γάρ
2985 1446 3122 1510 ἐστι,
3153 1446 3248 1505 καὶ
3275 1445 3342 1498 δι’
3366 1446 3537 1515 αὐτῆς
3569 1446 3730 1514 κάγὼ

2140 1534 2368 1607 ἐτέχθην
2395 1538 2491 1590 καὶ
2526 1536 2612 1590 σύ.
2640 1537 2763 1600 Πῶς
2793 1534 2884 1591 οὖν
2913 1538 3104 1592 τέκνον
3133 1539 3294 1593 αὑτὸν
3319 1539 3508 1604 καλεῖς
3539 1541 3609 1592 Ἦ
3641 1541 3729 1593 ἵνα

2137 1626 2356 1700 δηλώσῃ
2387 1627 2484 1700 τὴν
2518 1628 2926 1700 φιλοστοργίαν,
2963 1631 2996 1701 ἢ
3033 1631 3164 1684 διότι
3201 1631 3364 1695 αὐτὸς
3395 1633 3560 1686 αὑτὸν
3595 1631 3731 1685 ἐϐά·

2140 1739 2322 1777 πτισε.
2364 1722 2504 1777 Καθ’
2532 1723 2560 1776 ὃ
2593 1723 2694 1793 μὲν
2733 1723 2902 1795 γάρὴ
2947 1725 3085 1796 αὑτὴ
3128 1725 3310 1788 πίστις
3363 1725 3726 1796 ἀμφοτέροις.

2140 1817 2360 1885 ἀδελφοὶ
2389 1816 2661 1888 ἀλλήλων.
2716 1817 2853 1869 Καθ’
2878 1816 2906 1870 ὅ
2933 1816 2989 1870 δὲ
3028 1815 3244 1880 Παῦλος
3291 1818 3382 1870 τὸν
3414 1818 3574 1870 Τίτον
3600 1815 3736 1872 ἐϐάη

2142 1925 2321 1973 πτ-ισε,
2354 1909 2560 1978 πατὴρ.
2596 1909 2665 1961 Τὸ
2691 1907 2737 1960 δ’
2756 1908 2873 1972 οὖν,
2901 1908 3052 1964 κατὰ
3091 1908 3205 1979 τὴν
3237 1908 3454 1978 κοινὴν
3491 1909 3732 1974 πίστιν,

451 1995 622 2041 tenus
647 2001 779 2042 vero
817 1987 1033 2068 Paulus
1053 1989 1237 2045 Titum
1283 1993 1600 2063 baptizarit,
1649 2001 1823 2062 pater.
1877 1991 2032 2058 Quod

2146 2001 2239 2071 τὴν
2265 2001 2607 2073 ἀδελφότητα
2629 2001 2800 2072 δηλοῖ.

463 2079 634 2145 igitur
667 2078 764 2147 ait,
793 2079 950 2150 iuxta
999 2099 1332 2139 communem
1388 2084 1570 2155 fidem,
1626 2083 2030 2140 fraternitatem

449 2170 682 2229 indicat.

525 2265 734 2334 Gratia,
769 2269 1164 2335 misericordia,
1205 2286 1336 2341 pax,
1369 2288 1410 2325 α.
1457 2259 1576 2326 θεά
1601 2269 1784 2337 Patre,
1813 2279 1864 2324 et
1922 2268 2031 2324 Do-

453 2359 597 2419 mino
629 2358 758 2418 Iesu
791 2359 1028 2425 Christo,
1058 2361 1337 2418 Sen-atare
1380 2371 1581 2417 nostro.
1619 2361 1696 2416 Ex
1733 2362 1839 2417 hoc
1865 2362 2031 2416 etiam

456 2449 858 2507 fraternitatem
911 2454 1177 2521 declarat,
1211 2470 1335 2509 cum
1371 2454 1468 2522 ait,
1521 2471 1554 2508 a
1585 2453 1693 2508 Deo
1721 2453 1906 2517 Patre,
1934 2469 2034 2507 ex-

450 2544 698 2616 citatque
761 2546 944 2600 Titum
1018 2555 1081 2602 ut
1139 2547 1463 2603 recordetur
1511 2546 1671 2617 cujus
1716 2549 1788 2601 sit
1863 2544 2031 2610 filius,

451 2654 648 2709 nempe
675 2638 794 2695 Dei.
832 2639 1224 2697 Animadverte
1254 2648 1436 2696 autem
1473 2640 1582 2704 hic,
1612 2639 1891 2709 quomodo
1912 2653 2034 2707 qme

451 2733 684 2804 privatis
767 2745 1011 2807 exoptet,
1085 2736 1274 2791 eadem
1343 2751 1568 2807 quoque
1642 2741 2032 2803 comprecatur

442 2826 709 2898 episcopo
736 2843 802 2883 ac
855 2827 1095 2885 doctori.
1130 2829 1303 2899 Magis
1343 2829 1488 2884 enim
1549 2833 1667 2898 ipse
1727 2825 1899 2896 gratia
1935 2823 2031 2878 Dei

450 2915 691 2988 indiget,
710 2929 768 2973 ut
796 2921 900 2988 qui.
923 2920 1098 2974 multa
1124 2934 1296 2975 onera
1327 2920 1535 2988 bajulet
1563 2935 1586 2971 :-
1624 2925 1681 2972 et
1719 2915 2035 2970 misericor-

451 3009 564 3074 dia,
598 3011 774 3081 utqui
829 3011 1015 3066 multis
1047 3013 1120 3066 sit
1174 3011 1488 3066 obnoxius:
1527 3017 1582 3064 et
1632 3023 1791 3079 pace,
1845 3015 1905 3060 ut
1939 3005 2031 3074 qui

451 3103 630 3159 turbis
655 3113 708 3158 et
755 3104 1063 3160 innumeris
1100 3104 1225 3159 telis
1281 3106 1602 3174 inipetatur.
1659 3100 1832 3156 Unica
1883 3100 2031 3153 enim

452 3212 542 3254 res
565 3196 703 3255 bene
721 3204 873 3262 gesta
904 3197 1221 3267 episcopum
1246 3197 1537 3252 adtemlum
1563 3194 1766 3260 evehit,
1786 3202 1839 3246 et
1863 3208 2031 3246 unum

453 3298 742 3358 peccatum
773 3292 1006 3345 eundem
1039 3288 1106 3343 ad
1134 3289 1344 3344 inferos
1370 3287 1612 3342 deducit.

2208 2279 2420 2348 Χάρις,
2461 2280 2666 2345 ἕλεος,
2714 2277 2925 2347 είρήνη
2973 2276 3090 2332 ἀπὸ
3140 2275 3290 2330 Θεοῦ
3338 2273 3592 2342 Πατρός,
3626 2286 3730 2326 και

2138 2372 2358 2442 Κυρίου
2399 2369 2606 2439 Ἰησοῦ
2635 2368 2894 2438 Χριστοῦ
2923 2368 3030 2422 τοῦ
3060 2367 3356 2435 ξΣωτ-ῆρος
3388 2362 3578 2433 ἡμῶν.
3613 2363 3728 2416 Καὶ

2136 2468 2202 2520 ἐκ
2231 2465 2423 2520 τούτου
2443 2467 2489 2498 ⁸⁸
2518 2464 2616 2536 τὴν
2641 2462 2982 2533 ἀδελφότητα
3001 2461 3274 2515 δείκνυσιν
3308 2462 3372 2512 ἐκ
3395 2457 3490 2511 τοῦ
3522 2459 3728 2519 εἰπεῖν,

2141 2558 2290 2614 Θεοῦ
2320 2557 2569 2626 Πατρός.
2602 2557 2693 2610 καὶ
2740 2555 3006 2627 διαναστᾷ
3043 2552 3136 2604 τὸν
3189 2551 3370 2615 Τίτον,
3400 2549 3543 2603 ὥστε
3591 2550 3726 2604 ἀνα-

2143 2653 2451 2725 μνησθῆναι
2481 2650 2629 2713 τίνος
2684 2649 2831 2701 ἐστὶν
2887 2647 3036 2709 Υἱὸς,
3073 2649 3166 2699 καὶ
3197 2646 3280 2698 ὅτι
3311 2641 3467 2696 Θεοῦ.
3493 2642 3639 2710 Ὅρα
3668 2641 3726 2694 δὲ

2140 2744 2256 2806 πῶς
2289 2742 2325 2796 ά
2368 2744 2479 2804 τοῖς
2514 2738 2752 2802 ἰδιώταις
2789 2736 3103 2806 ἐπεύχεται,
3137 2734 3311 2786 ταῦτα
3355 2733 3448 2786 καὶ
3480 2733 3558 2799 τῷ
3596 2732 3724 2781 ἐπι-

2141 2835 2329 2905 σκόπῳ
2361 2833 2454 2886 καὶ
2486 2831 2814 2901 διδασκάλῳ.
2848 2829 3065 2884 Μᾶλλον
3097 2827 3206 2896 γὰρ
3234 2824 3396 2886 αὐτὸς
3417 2823 3586 2877 δεῖται
3621 2819 3726 2890 τῆς

2138 2929 2360 3000 χάριτος
2380 2924 2474 2979 τοῦ
2491 2923 2649 2985 Θεοῦ,
2669 2926 2762 2976 ἆτε
2783 2922 2953 2976 πολλᾶ
2980 2919 3121 2990 βάρη
3146 2916 3431 2989 βαστάζων
3446 2927 3465 2945 ⁸
3498 2913 3594 2967 καὶ
3624 2911 3723 2970 τοῦ

2139 3020 2347 3085 ἐλέους,
2380 3020 2455 3082 ώς
2489 3016 2706 3078 πολλοῖς
2742 3017 2923 3084 ἔνοχος
2954 3012 3030 3066 ὢν
3056 3028 3070 3043 ο
3108 3011 3202 3063 καὶ
3231 3009 3329 3078 τῆς
3363 3007 3608 3078 εἰρήνης,
3647 3005 3724 3067 ὼς

2139 3115 2193 3165 ἐν
2237 3114 2506 3182 ταραχαῖς
2537 3110 2631 3166 καὶ
2689 3109 2904 3178 μυρίοις
2958 3103 3214 3172 πολέμοις
3245 3100 3315 3155 ⁸⁸.
3361 3099 3470 3153 Καὶ
3517 3098 3628 3166 γάρ
3665 3095 3722 3148 ἓν

2138 3203 2471 3274 κατόρθωμα
2525 3202 2616 3254 τὸν
2647 3200 2946 3256 ἐπίσκοπον
2985 3199 3064 3261 εἰς
3103 3195 3195 3248 τὸν
3237 3192 3464 3264 οὐρανὸν
3501 3189 3720 3256 ἀνάγει,

2140 3298 2233 3359 καὶ
2265 3297 2322 3350 ἒν
2353 3296 2657 3366 ἁμάρτημα
2686 3295 2764 3356 είς
2787 3292 2878 3344 τὸν
2908 3289 3042 3369 ᾅδην
3070 3287 3326 3356 κατάγει.

526 3381 696 3438 Vatis.
731 3382 782 3436 5.
821 3379 1000 3452 Hujus
1027 3382 1104 3436 rei
1131 3382 1308 3452 gratia
1342 3381 1534 3450 reliqui
1565 3389 1612 3434 te
1665 3381 1719 3434 iu
1763 3379 1943 3440 Creta,
1977 3387 2032 3428 ut

2211 3365 2438 3443 Τούτου
2469 3365 2647 3454 χάριν
2681 3365 3008 3438 κατὲλιαόν
3033 3394 3108 3433 σε
3144 3378 3216 3432 ἐν
3249 3374 3467 3445 Κρήτῃ,
3499 3374 3602 3426 ἵνα
3650 3370 3721 3423 τὰ

452 3490 570 3547 qua:
619 3473 832 3538 desunt,
866 3474 1126 3544 corrigas.
1192 3471 1667 3538 Quemadmodum
1724 3471 1777 3524 in
1825 3467 2032 3522 familia

453 3569 545 3639 qui
569 3568 808 3630 diversis
863 3567 1188 3624 ministeriis
1237 3574 1505 3636 praesunt,
1559 3563 1778 3618 diversa
1829 3568 2032 3632 agunt;

454 3659 604 3716 hunc
643 3660 710 3715 ad
747 3660 970 3715 modum
1002 3670 1054 3715 et
1087 3658 1178 3714 isti
1205 3657 1365 3712 aliam
1412 3658 1558 3711 alius
1617 3655 1772 3710 orbis
1825 3661 2034 3724 partem

453 3751 810 3808 distributum
843 3751 1142 3812 habebant,
1163 3763 1467 3816 omnesque
1493 3746 1887 3816 operabantur.
1923 3741 2036 3795 lloe

454 3846 624 3915 igitur
648 3852 701 3900 et
735 3843 823 3898 hic
856 3843 1022 3898 tacite
1045 3840 1279 3902 indicat,
1313 3856 1436 3894 cum
1468 3838 1639 3893 dicit:
1672 3836 1880 3905 Reliqui
1907 3844 1954 3888 te
1984 3835 2038 3888 in

456 3935 638 4000 Creta,
712 3946 988 4006 tanquam.
1043 3932 1302 3987 videlicet
1362 3933 1482 4001 ipsc
1524 3931 1634 3984 alio
1699 3925 2036 3999 prmdicaudi

455 4030 631 4099 gratia
660 4031 1049 4089 concessisset.
1087 4027 1481 4082 Animadverte
1537 4033 1720 4079 autem
1763 4023 2038 4094 quomodo

426 4138 567 4179 anon
611 4121 911 4178 erubescat.
961 4121 1206 4176 scribere
1263 4119 1554 4188 discipulo,
1632 4116 1706 4172 Ut
1766 4117 2034 4184 corrigas,

458 4215 737 4284 inquiens,
773 4229 895 4284 qua:
923 4228 1025 4281 ego
1064 4211 1415 4282 praetermisi.
1448 4209 1528 4262 Ad
1575 4206 1853 4275 publicum
1890 4205 2035 4258 enim

457 4307 806 4360 commodum
839 4306 1145 4374 spectabat,
1178 4318 1294 4358 non
1323 4302 1390 4356 ad
1436 4301 1707 4371 privatqu
1742 4297 2035 4351 honorem.

459 4396 699 4454 Observa
737 4412 900 4467 porro
922 4395 1198 4466 quomodo
1239 4411 1362 4464 qua:
1415 4392 1632 4447 Iaboros
1681 4389 1958 4443 habebant
1985 4395 2040 4443 et

459 4492 784 4557 certamina,
815 4491 933 4561 ipse
963 4506 1060 4561 per
1105 4503 1231 4545 sese
1277 4487 1629 4556 corrigebat:
1697 4497 1818 4552 quae
1852 4491 2037 4534 autem

460 4584 543 4639 vel
569 4583 838 4638 honorem
876 4581 1198 4636 vetlaudem
1235 4577 1579 4638 adferebant,
1626 4573 1732 4628 ista
1763 4569 2038 4637 discipulo

2137 3479 2500 3532 ἐλλείποντα
2555 3473 2973 3541 ἐπιδιορθώσῃ.
3024 3471 3237 3540 Ὠσπερ
3286 3469 3343 3522 ἐν
3376 3465 3524 3534 οἰκία
3561 3460 3718 3521 ἄλλος

2138 3572 2266 3627 ἄλλο
2288 3588 2341 3623 τι
2373 3569 2603 3639 πράττει
2638 3566 2748 3619 τῶν
2792 3567 2913 3628 ταῖς
2962 3561 3260 3622 διακονίαις
3316 3555 3720 3628 ἐφισταμένων,

2139 3665 2282 3718 οὕτω
2320 3663 2415 3716 καὶ
2468 3655 2615 3715 οὗτοι
2643 3701 2657 3722 ,
2688 3659 2846 3724 ἄλλος
2882 3657 3010 3711 ἄλλο
3069 3655 3230 3724 μέρος
3261 3653 3359 3721 τῆς
3393 3648 3723 3716 οἰκουμένης

2139 3758 2500 3827 διενείμαντο,
2525 3756 2619 3807 καὶ
2658 3754 2860 3813 πάντες
2903 3749 3242 3818 εἰργάζοντο.
3278 3743 3455 3800 Τοῦτο,
3492 3739 3584 3793 οὖν
3626 3739 3728 3796 καὶ

2140 3849 2375 3904 ἐνταῦθα
2413 3846 2709 3901 αἰνίττεται
2736 3844 2824 3896 διὰ
2861 3840 2956 3894 τοῦ
2999 3840 3172 3892 εἰπεῖν
3201 3857 3217 3872 ·
3273 3834 3607 3890 Κατέλιπον
3646 3845 3722 3881 σεε

2139 3944 2209 3997 ἐν
2247 3941 2471 4011 Κρήτῃ,
2505 3939 2579 4002 ὼς
2607 3935 2770 3997 αὐτὸς
2797 3933 2999 4004 δηλαδὴ
3039 3927 3271 3999 ἀλλαχοῦ
3321 3923 3590 3986 ἀπελθὼν,
3629 3921 3724 3972 ἵνα

2142 4037 2260 4088 ἐκεῖ
2293 4033 2618 4104 ἐργάζηται.
2672 4028 2814 4098 Ὅρα
2863 4025 2918 4078 δὲ
2972 4023 3089 4087 πῶς
3121 4022 3221 4075 οὐκ
3269 4016 3582 4089 αἰσχύνεται
3643 4013 3721 4080 τῷ

2145 4127 2361 4199 μαθητῇ
2386 4124 2638 4196 γράφων,
2674 4119 2741 4172 ἵν’
2773 4114 3138 4187 ἐπιδιορθώσῃ
3165 4113 3232 4166 τὰ
3277 4111 3406 4180 παρ’
3440 4105 3580 4178 ἐμοῦ
3631 4105 3723 4157 ἐλ·

2140 4196 2455 4286 λειφθέντα.
2520 4211 2662 4284 Πρὸς
2709 4211 2817 4286 γὰρ
2869 4209 2931 4261 τὸ
2979 4207 3156 4259 κοινὸν
3203 4201 3394 4272 κέρδος
3456 4197 3622 4267 ἐώρα,
3660 4196 3724 4254 οὗ

2141 4309 2280 4379 πρὸς
2313 4306 2412 4378 τὴν
2444 4303 2651 4358 οἰκείαν
2695 4302 2884 4372 τιμήν.
2920 4299 3125 4352 Σκόπει
3165 4295 3221 4347 δὲ
3252 4295 3347 4347 καὶ
3382 4293 3526 4352 ὅπως
3554 4286 3587 4342 ἃ
3623 4287 3726 4357 μὲν

2142 4401 2346 4463 κόπους
2372 4398 2415 4431 ⁸⁷
2446 4393 2560 4468 εἶχε
2609 4395 2705 4449 καὶ
2734 4393 2977 4462 ἀγῶνας,
3024 4387 3186 4449 αὐτὸς
3235 4382 3552 4452 κατώρθου·
3586 4379 3622 4433 ἃ
3666 4378 3723 4431 δὲ

2142 4494 2278 4566 πρὸς
2314 4492 2481 4563 τιμὴν
2509 4491 2703 4562 ἔφερον
2749 4487 2783 4558 ἢ
2830 4485 3071 4548 ἔπαινον,
3095 4479 3270 4534 ταῦτα
3319 4475 3604 4546 ἐπιτρέπει
3641 4472 3724 4540 τῷ

2147 4585 2387 4657 μαθητῇ,
2427 4582 2536 4636 τῶν
2572 4581 2887 4635 ἐπισκόπων
2917 4577 3062 4646 λέγω
3092 4574 3189 4636 τὰς
3238 4568 3597 4642 χειροτονίας,
3633 4567 3726 4619 καὶ

455 4675 624 4746 626
672 4672 1000 4737 committit,
1055 4671 1441 4741 episcoporum
1483 4665 1747 4721 nimirum
1808 4662 2033 4714 ordina~

2146 4674 2334 4742 τᾶλλα,
2366 4674 2467 4736 ὅσα
2491 4672 2662 4726 ἐδεῖτο
2688 4669 2931 4732 πλείονος
2965 4662 3362 4738 καταρτισμοῦ.

460 4768 664 4826 tiones,
727 4769 786 4816 et
849 4759 965 4827 alia
1021 4775 1367 4830 quaecunque
1439 4754 1644 4825 majOI-i.
1693 4751 2034 4821 perfectione

457 4853 806 4926 indigebant.
1299 4838 1303 4842 ’

525 4947 595 5000 Et
626 4945 918 5005 constituas
935 4960 1028 5014 per
1058 4944 1299 4998 civitates
1363 4940 1720 5012 presbyteros,
1779 4940 1912 4992 sicut
1945 4952 2038 5004 ego

460 5037 704 5106 .-iisposui
743 5037 858 5092 tibi.
897 5035 1199 5106 Episcopos
1226 5035 1314 5088 hic
1356 5033 1453 5095 ait,
1498 5029 1956 5102 quemadmodum
1983 5027 2037 5081 in

460 5129 710 5202 Epistola
733 5129 800 5184 ad
829 5126 1204 5182 Timotheum.
1236 5125 1339 5180 Per
1359 5126 1601 5178 civitates
1627 5131 1808 5177 autem
1837 5119 2034 5189 inquit.

461 5222 654 5279 Noluit
678 5223 825 5278 enim
867 5222 1180 5276 universam
1240 5219 1476 5272 insulam
1533 5215 1623 5270 uni
1686 5213 2038 5270 commissam

461 5333 611 5382 esse,
639 5315 735 5373 sed
765 5313 1077 5386 quamlibet
1106 5314 1294 5368 urbem
1325 5315 1604 5383 proprium
1631 5310 1834 5364 habere
1852 5316 2040 5374 pasto-

463 5423 606 5463 rem.
644 5404 738 5462 Sic
767 5406 914 5460 enim
948 5413 1002 5460 et
1034 5405 1186 5461 labor
1217 5405 1391 5460 levior
1412 5411 1580 5466 esset,
1626 5410 1680 5458 et
1730 5415 1862 5456 cura
1911 5414 2038 5454 exan

461 5499 630 5558 otior.

541 5590 712 5648 Vens.
747 5590 801 5646 6.
831 5589 892 5647 Si
924 5592 1041 5660 quis
1072 5591 1185 5645 sine
1215 5589 1433 5644 crimine
1470 5597 1569 5642 est.
1597 5586 1652 5642 Si
1681 5587 1748 5639 ab
1795 5597 2037 5640 accusa-

465 5685 614 5744 tione
641 5683 870 5746 liberam
907 5685 1072 5750 vitam
1130 5683 1302 5749 ducit,
1367 5684 1415 5738 si
1472 5695 1632 5738 nemo
1681 5679 1803 5750 ejus
1857 5691 2040 5731 mores

2219 4932 2326 4987 Καὶ
2359 4930 2751 4996 καταστήσῃς
2786 4923 2938 4979 κατὰ
2983 4924 3194 4987 πόλεις
3242 4915 3711 4987 πρεσϐυτέρους,

2147 5026 2226 5091 ὡς
2271 5022 2384 5092 ἐγώ
2427 5039 2525 5076 σοι
2558 5016 2940 5086 διεταξάμην.
3001 5015 3141 5076 Τοὺς
3171 5011 3505 5070 ἐπισκόπους
3551 5006 3723 5067 οὕτως

2150 5116 2386 5171 ἐνταῦθα
2416 5131 2600 5184 φησιν,
2633 5112 2707 5174 ὼς
2741 5111 2835 5163 καὶ
2866 5110 2923 5161 ἐν
2952 5110 3020 5178 τῇ
3049 5106 3184 5174 πρδς
3225 5103 3514 5172 Τιμόθεον.
3563 5097 3724 5152 Κατὰ

2145 5212 2354 5273 πόλεις
2381 5207 2437 5258 δέ
2469 5222 2653 5275 φησιν.
2688 5203 2763 5256 Οὐ
2791 5201 2899 5271 γὰρ
2924 5197 3175 5252 ἐϐούλετο
3215 5197 3394 5248 πᾶσαν
3432 5192 3530 5262 τὴν
3561 5191 3721 5260 νῆσον

2144 5300 2536 5371 ἐπιτετράφθαι
2568 5296 2670 5361 ea,
2703 5295 2818 5348 ἀλλ’
2846 5293 3084 5360 ἑκάστην
3135 5289 3292 5342 πόλιν
3331 5287 3458 5338 ἴδιον
3488 5283 3726 5353 ποιμένα

2145 5395 2311 5465 ἔχειν.
2335 5392 2492 5445 Οὕτω
2518 5390 2628 5460 γὰρ
2653 5390 2745 5441 καὶ
2776 5389 2803 5440 ὁ
2831 5385 2991 5447 πόνος
3022 5382 3373 5451 κουφότερος,
3407 5377 3502 5431 καὶ
3527 5378 3560 5447 ἡ
3597 5376 3717 5426 ἐπισ

2150 5487 2341 5557 μέλεια
2376 5481 2770 5552 ἀκριϐεστέρα.

2221 5579 2294 5633 Ei
2331 5577 2420 5642 τίς
2463 5577 2633 5629 ἐστιν
2683 5572 3077 5642 ἀνέγκλητος.
3103 5569 3163 5622 Et
3197 5563 3533 5634 κατηγορίας
3568 5559 3717 5613 iisti.

2152 5673 2308 5744 θερον
2345 5667 2444 5740 ἔχῃ
2468 5667 2559 5729 τὸν
2591 5665 2728 5736 βίον,
2762 5667 2810 5717 εἰ
2854 5663 3043 5742 μηδεὶς
3070 5657 3366 5714 ἐπελάϐετο
3400 5658 3498 5727 τῆς
3524 5655 3722 5722 διαγιιλα·

1805 5859 2009 5922 Varize
2037 5858 2368 5920 lectiones.

535 5972 582 6020 οξ
613 5972 722 6040 ἰδοὺ
758 5972 850 6041 καὶ
878 5973 953 6037 tu;
973 5970 1174 6038 τούτου,
1205 5986 1278 6024 m.
1357 5971 1402 6002 “
1425 5969 1689 6041 ταραχαῖς
1727 5964 1953 6038 μυρίαις
1987 5964 2082 6018 καὶ
2111 5960 2364 6035 θορύϐοις
2387 5975 2439 6014 o.
2517 5957 2573 5990 ⁸⁷⁴
2593 5954 2790 6018 πόνους
2815 5969 2870 6016 0.
