3990 6544
320 434 419 502 153

1024 518 1031 525 ο
1108 437 1514 502 EXPOSITIO
1544 444 1623 504 IN
1667 445 1907 508 EPIST.
1949 447 2046 507 AD
2083 446 2352 511 TlTUM.
2390 471 2462 484 -
2491 448 2652 513 CAP.
2690 447 2745 510 Ι.

3450 447 3550 516 154

316 570 441 608 ποτε
462 552 525 604 ἐκ
552 550 663 604 τῶν
699 550 968 622 Ἑλλήνων
997 552 1169 623 ἤγαγε
1214 557 1538 628 μαρτυρίαν,
1573 559 1668 612 καὶ
1723 560 1880 611 emt.

1990 559 2102 623 hic,
2151 554 2381 614 'curnam
2430 575 2493 615 ex
2548 561 2753 618 Graecis
2808 533 3208 616 testimonium.
3245 563 3552 631 protulerit.

312 646 393 697 νεῖ
408 642 590 713 αὖτὴν,
621 641 719 696 καὶ
751 642 921 695 ταῦτα
938 644 1012 717 μὴ
1044 644 1225 709 καλῶς
1261 645 1528 718 ἕχουσαν;
1570 649 1688 701 Ἔτι
1711 668 1767 702 τε
1800 649 1881 713 τίς

311 737 528 791 δ’ταῦτα
565 737 842 809 simae-5);;
895 740 953 793 Ὀ
1011 740 1114 812 μέν
1160 740 1252 796 οῦν
1309 744 1545 816 εἰρηκὼς
1606 748 1884 817 Ἐπιμενίε

311 829 405 898 δης
426 830 591 893 ἐστὶν,
634 831 693 883 ἐν
720 832 833 895 τοῖς
857 831 1093 900 μάλιστα
1115 833 1223 887 τῶν
1248 837 1381 906 παρ’
1428 838 1654 909 Ἕλλησι
1702 841 1882 908 σοφῶν

310 917 582 989 θειασμοῖς
615 921 711 973 καὶ
743 922 1208 994 ἁποτροπιασμοῖς
1234 930 1531 999 προσέχων,
1559 934 1651 985 καὶ
1687 949 1881 1002 μαντι-

297 1011 411 1077 «stipi
434 1011 609 1064 δοκῶν
636 1014 963 1083 κατορθοῦν.
988 1009 1160 1081 Οὗτος
1181 1014 1273 1074 οῦν
1308 1021 1451 1090 ὁρῶν
1476 1025 1601 1087 τοὺς
1657 1026 1881 1095 Κρῆτας

308 1101 472 1168 τάφον
491 1102 865 1174 δειμαμένους
894 1108 970 1178 τῷ
1010 1109 1116 1173 Διῒ,
1176 1111 1268 1163 καὶ
1327 1113 1604 1184 τιμῶντας
1655 1117 1729 1180 ὡς
1785 1118 1881 1171 ἕνα.

308 1191 412 1244 τῶν
435 1193 761 1266 ἀνθρώπων,
793 1196 1034 1269 ὡσπερεὶ
1063 1203 1312 1272 ζηλώσας
1343 1206 1483 1277 ὑπὲρ
1536 1209 1629 1262 τοῦ
1678 1212 1878 1264 οἰκείου

305 1283 461 1349 Θεοῦ,
491 1287 717 1341 τοιαῦτα
750 1290 888 1361 πρὸς
915 1292 1020 1364 τὸν]
1047 1295 1145 1348 Δία
1162 1299 1307 1350 ποιεῖ
1326 1312 1340 1327 ⁸
1370 1300 1431 1352 Oi
1451 1301 1577 1354 τάδε
1609 1304 1705 1356 καὶ
1754 1306 1878 1360 τάδε

303 1375 453 1440 ὄντες
470 1378 711 1449 Κρῆτες,
739 1380 946 1452 τύμόον
983 1402 1066 1438 σοι
1096 1387 1431 1461 ἐδομήσαντο
1464 1409 1478 1423 ·
1518 1393 1588 1447 Σὺ
1617 1394 1662 1448 δ’
1688 1396 1748 1449 ού
1786 1397 1881 1452 θά-

303 1482 411 1533 νες,
443 1469 568 1524 ἐσσὶ
595 1472 706 1542 γάρ
736 1474 843 1527 αἰεί
868 1476 937 1530 ν’.
970 1474 1154 1551 Ταύτῃ
1190 1484 1252 1551 τῇ
1284 1485 1476 1552 χρήσει
1524 1486 1619 1538 νῦν
1667 1490 1694 1541 6
1728 1490 1878 1542 Παῦ-

304 1559 391 1626 λος
416 1569 836 1638 προσμαρτυρεῖ
862 1569 1139 1639 ἀλήθειαν.
1186 1574 1310 1637 Πῶς
1352 1572 1447 1630 οὖν
1490 1579 1648 1633 τοῦτο
1691 1585 1877 1649 ποιεῖ;

304 1654 352 1706 εί
408 1654 525 1727 γὰρ
562 1657 781 1729 άληθῶς
828 1660 1063 1732 εἴρηται,
1087 1664 1179 1716 καὶ
1228 1666 1257 1718 6
1308 1666 1443 1731 Ζεὺς
1483 1670 1589 1741 ἄρα
1610 1672 1877 1739 ἀθάνατός

304 1743 469 1799 ἐστιν.
512 1745 656 1800 Ἀλλ’
685 1750 746 1802 οὗ
772 1750 909 1821 πρὸς
937 1751 1097 1806 τοῦτο
1133 1751 1350 1824 βλέπων
1381 1755 1504 1811 εἶπε
1534 1762 1635 1833 τὴν
1672 1781 1878 1836 μαρτυ-

306 1838 428 1907 ρῐαν
455 1837 661 1910 ἀληθῆ,
696 1840 816 1895 ἀλλ’
837 1844 917 1897 ὅτι
950 1844 1191 1913 ψεύστας
1219 1851 1309 1901 καὶ
1338 1850 1505 1906 τᾶλλα
1551 1854 1677 1918 τοὺς
1729 1858 1879 1929 Κρῆο

304 1946 400 1991 τας
423 1929 678 1987 ἐκάλεσε.
705 1933 817 1986 Καὶ
839 1935 924 1999 τίς
948 1937 1108 2007 χρεία
1162 1939 1480 2014 Ἑλληνικῆς
1524 1948 1829 2020 μαρτυρίας
1860 1966 1878 2017 ;

304 2022 556 2118 Μάλιστα
572 2026 756 2118 ,οὕτως
792 2031 990 2095 αὐτοὺς
1027 2034 1340 2106 ἐνέτρεπεν,
1367 2039 1578 2094 οἴκοθεν
1594 2042 1700 2114 ,τὴν
1735 2063 1879 2118 μαρ-

305 2115 500 2205 τυρίαν
533 2116 632 2188 τῆς
658 2117 870 2190 ῠόρεως
901 2123 996 2177 καὶ
1028 2126 1091 2178 ἐκ
1112 2125 1223 2181 τῶν
1250 2130 1397 2183 ίδίων
1426 2133 1610 2197 αὐτοῖς
1638 2115 1880 2205 προϐάλ-

307 2204 428 2263 λων.
461 2205 641 2263 Εῖωθε
674 2210 732 2264 δέ
763 2213 924 2268 τοῦτο
954 2219 1127 2271 ποιεῖν
1162 2220 1192 2272 6
1248 2221 1482 2290 Παῦλος,
1541 2224 1730 2299 ὥσπερ
1789 2229 1882 2283 καὶ

309 2298 420 2362 τοῖς
451 2298 766 2371 Ἀθηναίοις
795 2304 904 2359 ἀπὸ
939 2306 1037 2361 τοῦ
1072 2309 1303 2381 ’Δράτου
1333 2313 1582 2387 διελέχθη
1618 2333 1631 2346 ·
1668 2298 1705 2372 ἆ
1739 2318 1881 2373 ἐκεῖ·

306 2407 391 2454 νος
448 2391 531 2462 τῷ
567 2393 906 2470 ψευδωνύμῳ
969 2400 1087 2472 Θεῷ
1135 2403 1213 2473 τῷ
1261 2404 1345 2459 Διῒ
1384 2408 1681 2481 ἐπιτίθησι,
1711 2411 1882 2466 ταῦτα

308 2482 464 2546 αὐτὸς
490 2485 571 2556 τῷ
599 2486 795 2559 ἀληθεῖ
821 2491 941 2562 Θεῷ
971 2493 1369 2567 ἐπιμαρτυρῶν
1394 2514 1409 2529 ο
1438 2500 1563 2554 ἐπεὶ
1591 2502 1686 2554 καὶ
1741 2503 1881 2572 μᾶλα-

308 2576 394 2630 λον
433 2578 548 2633 ἀπὸ
610 2580 720 2635 τῶν
778 2584 995 2638 οἰκείων
1053 2588 1498 2659 ἐπιστομίζονται
1530 2610 1544 2623 ο
1571 2592 1762 2664 ὥσπερ
1787 2594 1882 2648 καὶ

309 2669 415 2731 τοῖς
443 2668 730 2736 Ἰουδαίοις
761 2673 848 2726 ἀεὶ
883 2674 991 2728 ἀπὸ
1015 2675 1124 2729 τῶν
1184 2679 1482 2750 προφητῶν
1551 2682 1881 2750 διαλέγεται,

310 2759 401 2812 καὶ
451 2761 558 2815 οὐκ
593 2762 703 2817 άπὸ
755 2764 863 2817 τῶν
914 2766 1287 2837 Εὐαγγελίων.
1344 2772 1516 2825 Τοῦτο
1544 2775 1640 2826 καὶ
1680 2776 1709 2828 6
1751 2774 1883 2839 Θεὸς

311 2856 470 2922 ποίεῖ,
503 2859 771 2925 ἑκάστους
794 2862 901 2917 ἀπὸ
924 2863 1032 2917 τῶν
1057 2865 1239 2929 αὐτοῖς
1265 2868 1513 2939 συνήθων
1541 2870 1632 2922 καὶ
1654 2887 1883 2923 πιστευ-

287 2948 521 3018 -ομένων
575 2951 960 3023 ἐφελκόμενος,
998 2950 1108 3010 οἷον
1135 2944 1261 3021 τοῦς
1293 2960 1504 3029 μάγους
1533 2960 1599 3013 δι’
1629 2962 1880 3033 ἀστέρος,

310 3041 395 3094 τὸν
434 3042 613 3097 Σαοὺλ
637 3042 726 3098 διὰ
754 3045 852 3117 τῆς
886 3049 1345 3121 ἐγγαστριμύθου,
1381 3052 1567 3124 ἐπειδὴ
1597 3055 1733 3124 αὐτῇ
1762 3056 1885 3109 ἐπί-

313 3147 531 3186 στευσεν
555 3136 760 3200 ἐκεῖνος
794 3153 810 3169 ο
842 3138 936 3191 καὶ
959 3140 1084 3202 τοὺς
1111 3142 1333 3209 μάντεις
1352 3143 1460 3197 ἀπὸ
1482 3146 1588 3199 τῶν
1618 3146 1758 3216 βοῶν
1777 3148 1884 3204 τῶν

314 3225 588 3295 συρόντων
614 3228 715 3299 τὴν
770 3229 1007 3284 κιϐωτόν
1049 3247 1063 3265 ο

316 3318 557 3386 μάντεις,
606 3320 724 3405 ἀλλ’
770 3323 879 3376 άπὸ
938 3324 1045 3377 τῶν
1099 3327 1319 3383 οίκείων
1369 3332 1655 3401 πομάτων
1686 3334 1886 3398 αὐτοὺς

312 3410 544 3480 ἐλέγχει.
590 3413 699 3467 Καὶ
759 3417 851 3469 τὸν
914 3415 1143 3488 Βαλαὰμ
1194 3425 1470 3493 συγχωρεῖ
1525 3425 1768 3495 εὐλογεῖν
1792 3427 1886 3483 καὶ

314 3502 703 3575 προφητεύειν.
746 3505 921 3562 Εἴωθε
950 3509 1061 3582 γὰρ
1090 3512 1178 3565 ἀεὶ
1229 3516 1691 3583 ωγκαταὸαίνειν
1751 3521 1888 3591 πρὸς

313 3595 407 3667 τὴν
427 3597 588 3669 ἡμῶν
617 3596 906 3668 ὠφέλειαν.
942 3603 1067 3666 Πῶς
1093 3602 1184 3657 οὖν
1210 3604 1241 3656 6
1266 3606 1523 3678 Χριστὸς,
1573 3611 1668 3663 καὶ
1726 3611 1888 3677 αὐτὸς

314 3682 462 3752 οὗτος
493 3689 523 3742 6
554 3690 765 3755 Παῦλος
791 3692 1029 3748 ἐκώλυον
1066 3696 1194 3759 τοὺς
1246 3697 1507 3769 δαίμονας
1562 3700 1748 3757 λαλεῖν
1794 3706 1890 3758 καὶ

318 3782 611 3852 μαρτυρεῖν
634 3784 854 3849 αύτοῖς;
887 3785 1010 3839 Ὀτι
1037 3787 1106 3840 τά
1141 3790 1345 3859 σημεῖα
1387 3792 1546 3846 ἱκανὰ
1574 3789 1715 3870 ἦσαν
1767 3797 1888 3850 πεί-

319 3874 447 3940 θειν,
483 3876 582 3928 καὶ
609 3876 772 3940 αὐτὸς
794 3878 987 3932 ἐαυτὸν
1013 3877 1042 3931 6
1073 3880 1311 3951 Χριστος
1342 3884 1611 3955 ἐκήρυττε
1652 3887 1748 3940 καὶ
1788 3888 1890 3959 ἥρ-

318 3984 420 4022 ast.
441 3969 553 4023 Καὶ
579 3970 632 4023 οἱ
657 3970 910 4042 δαίμονες
937 3972 994 4026 δὲ
1018 3974 1140 4044 οὐχὶ
1158 3980 1590 4048 προσεκυνοῦντο
1608 3981 1676 4046 ⁷³,
1698 3982 1759 4035 οὐ
1782 3983 1890 4055 γὰρ

319 4060 534 4204 Ξῖδλοέλον
565 4057 633 4135 ἦν
665 4061 724 4117 τὸ
775 4063 1168 4137 φθεγγόμενον.
1223 4070 1323 4123 Διὰ
1381 4070 1540 4125 τοῦτο
1586 4072 1889 4128 κωλύονται

351 4168 384 4204 α
445 4155 516 4204 ῖν.

351 4155 516 4207 αλεῖν.

388 4398 466 4451 Δι’
493 4395 575 4464 ἦν
592 4397 790 4451 αἰτίαν
811 4396 1025 4468 ἔλεγχε
1043 4398 1264 4481 αὐτοὺς
1280 4400 1613 4472 ἀποτόμως.
1650 4403 1890 4478 Ἐπειδὴ,

326 4493 479 4560 φησι,
508 4490 602 4543 καὶ
626 4489 857 4559 ψεῦσταί
901 4491 1059 4557 εἰσιν,
1103 4492 1242 4564 ὅπερ
1270 4494 1387 4547 ἐστὶ
1427 4495 1755 4568 δολιότητος,
1795 4502 1893 4556 καὶ

326 4580 689 4651 ἀναίσχυντοι,
721 4580 818 4632 καὶ
854 4580 1279 4653 γαστρίμαργοι,
1324 4582 1554 4654 σφοδροῦ
1598 4586 1782 4652 αὐτοῖς
1814 4588 1896 4643 δεῖ
1927 4575 1968 4629 Ῑ)

327 4672 416 4724 καὶ
447 4670 751 4743 πληκτικοῦ
806 4670 988 4741 λόγου,
1022 4675 1147 4727 ἐπεὶ
1186 4676 1220 4746 ἡ
1269 4675 1515 4748 πραότης
1542 4679 1764 4747 τούτους
1794 4683 1892 4737 ούκ

326 4764 542 4835 ὠφελεῖ.
583 4765 673 4828 Ὦς
724 4763 831 4837 γὰρ
877 4767 907 4820 6
953 4766 1044 4820 τὸν
1094 4766 1310 4840 ἐπιεικῆ
1345 4770 1618 4841 πλήττων,
1656 4774 1891 4845 ἀναιρεῖ,

327 4856 493 4922 οὔτως
525 4857 555 4910 6
587 4856 680 4910 τὸν
719 4856 913 4927 ἀναιδῆ
944 4858 1279 4925 κολακεύων,
1313 4861 1638 4933 διαφθείρει,
1684 4865 1758 4937 μὴ
1788 4867 1892 4923 ἐῶν

328 4949 619 5018 ἐπιγνῶναι
652 4948 866 5003 ἑαυτόν.
924 4949 1187 5004 Ἐνταῦθα
1213 4952 1291 5016 δὲ,
1322 4953 1382 5006 ού
1407 4955 1530 5018 τοὺς
1557 4955 1891 5029 ἀλλοτρίους,

329 5043 510 5111 φησὶν,
542 5040 682 5096 ἀλλὰ
707 5041 942 5106 οἰκείως
977 5041 1057 5096 δεῖ
1076 5042 1345 5114 ἐλέγχειν.

397 5225 518 5283 Ἵνα
560 5226 917 5298 ὑγιαίνωσιν
944 5227 1015 5281 ἐν
1045 5226 1121 5296 τῇ
1167 5229 1388 5296 πίστει,
1435 5231 1521 5302 μὴ
1556 5233 1889 5303 ,προσέχον-

330 5332 425 5383 τες
467 5317 818 5384 Ἰουδαϊκοῖς
843 5319 1074 5389 μύθοις.
1119 5322 1265 5391 ’Δρα
1291 5321 1451 5376 τοῦτο
1493 5323 1671 5393 ὑγεία,
1700 5326 1760 5378 τὸ
1790 5344 1894 5396 μη-

331 5406 416 5464 δὲν
454 5408 601 5464 νόθον
633 5409 773 5481 μηδέ
800 5410 1084 5483 ἀλλότριον
1114 5412 1434 5483 ἐπεισάγειν
1471 5417 1538 5486 τῇ
1574 5416 1786 5470 πίστει⁹
1817 5416 1894 5482 ὡς

329 5500 451 5567 τόγε
479 5501 666 5556 ἑαυτὸν
724 5502 1051 5558 ὑποϐάλλειν
1098 5503 1179 5576 τῷ
1227 5505 1400 5577 νόμῳ,
1450 5507 1512 5560 ού
1558 5507 1893 5580 θαρροῦντος

402 5638 444 5670 ⁸²
459 5637 643 5697 Matth.
666 5657 729 5698 ιι.
835 5643 902 5675 ⁸³⁸
936 5643 952 5697 l
984 5642 1122 5715 Reg.
1147 5654 1306 5701 ινιιι.
1381 5646 1428 5681 ⁸³
1456 5647 1618 5703 Num.
1652 5665 1808 5717 uin,
1837 5651 1927 5707 24.

1912 1906 1953 1958 Β

1985 652 2551 722 commcndaveritque
2613 653 2818 718 isthuc,
2884 654 3188 724 praesertim
3249 668 3372 708 cum
3444 670 3552 710 non

1989 751 2132 796 recte
2157 741 2628 809 haheat?Adlta=.-c,
2674 745 2798 814 quis
2859 746 2961 800 ista
2994 744 3555 817 dixerit?Certeqm—

1984 832 2103 885 dem
2140 834 2232 902 qui
2284 834 2388 888 ista
2430 834 2588 901 dixit,
2664 835 3016 907 Epimenides
3046 845 3149 902 est,
3213 838 3554 908 sapientissi-

1986 940 2107 977 mus
2148 925 2290 994 apud
2348 922 2567 989 Graecos
2625 925 2933 995 judicatus,
2987 929 3417 984 divinationibus
3449 946 3553 982 nu-

1983 1017 2301 1087 minumque
2321 1018 2721 1087 placationibus
2746 1020 3092 1085 incumbens,
3114 1021 3555 1090 raticinandique

1984 1121 2210 1160 munere
2261 1107 2466 1161 clarus.
2530 1107 2632 1163 Hic
2686 1124 2819 1164 sane
2871 1126 2995 1164 cum
3057 1110 3553 1174 animadverteret,

1980 1196 2271 1253 Cretenses
2295 1195 2412 1253 Jovi
2438 1198 2786 1268 sepulchrum
2805 1200 3161 1268 exstruxissc,
3182 1213 3344 1271 atque
3376 1204 3557 1258 colere

1985 1303 2112 1342 eum
2145 1295 2405 1360 tanquam
2458 1289 2773 1343 mortalium
2844 1291 3177 1359 quempiam,
3206 1307 3302 1346 ceu
3331 1291 3558 1347 amula.-

1983 1381 2131 1436 tiune
2171 1396 2440 1437 accensus
2480 1397 2581 1452 pro
2640 1382 2743 1438 deo
2800 1397 2902 1437 suo
2928 1382 3126 1452 patrio,
3145 1382 3258 1439 haec
3306 1383 3361 1437 in
3408 1382 3557 1438 loris

1983 1474 2215 1545 gratiam
2240 1476 2485 1530 carmina
2517 1475 2763 1531 condidit
2805 1494 2818 1531 :
2848 1476 3142 1533 Cretenses
3190 1476 3282 1547 qui
3328 1477 3463 1531 tales
3492 1490 3556 1530 ac

1983 1566 2117 1621 tales
2147 1573 2296 1630 sunt,
2328 1566 2380 1620 hi
2414 1574 2804 1622 exstruxerunt
2837 1563 3229 1622 tibi'tumulum
3271 1586 3283 1619 :
3313 1565 3463 1637 atqui
3499 1575 3556 1617 tu

1982 1672 2089 1712 non
2130 1673 2190 1713 es
2243 1666 2516 1725 mortuus,
2547 1668 2604 1712 tu
2633 1660 2777 1713 enim
2823 1674 3037 1730 semper
3071 1674 3152 1714 es.
3199 1655 3314 1714 Hoc
3359 1672 3559 1712 oracuo

1992 1750 2104 1805 lum
2152 1747 2356 1805 Paulus
2390 1765 2537 1806 nunc
2592 1767 2781 1807 verum
2826 1765 2948 1806 esse
2999 1758 3250 1806 testatur.
3293 1750 3362 1802 At
3405 1763 3561 1812 vero,

1981 1843 2075 1913 qui
2110 1841 2255 1898 istud
2294 1841 2468 1897 facit?
2521 1856 2644 1897 nam
2707 1842 2753 1899 si
2812 1857 2938 1897 vere
2995 1840 3203 1897 dictum
3265 1848 3363 1901 est.
3441 1848 3556 1894 tum

1981 1933 2192 2003 Jupiter
2222 1933 2548 1989 immortalis
2587 1941 2691 1988 est.
2724 1933 2888 2004 Atqui
2924 1949 3032 1987 non
3083 1932 3189 1985 huc
3227 1929 3551 2000 respiciens,

1984 2040 2173 2081 verum
2203 2039 2325 2080 esse
2347 2026 2485 2079 dixit
2518 2024 2912 2089 testimonium,
2948 2023 3040 2079 sed
3094 2023 3219 2092 quia
3267 2019 3557 2075 Cretenses

1991 2115 2283 2172 mendaces
2310 2116 2525 2186 aliaque
2554 2114 2866 2186 appellavit.
2922 2114 3055 2180 Quae
3085 2127 3211 2167 vero
3236 2110 3411 2166 Graeci
3470 2118 3557 2165 te-

1982 2206 2228 2266 stimonii
2267 2216 2355 2264 est
2378 2205 2784 2262 commoditas?
2828 2204 3123 2260 Maximum
3170 2191 3247 2258 ita
3301 2201 3558 2256 ruborem

1985 2300 2068 2356 eis
2131 2299 2342 2369 injecit,
2404 2296 2621 2369 iniuria:
2694 2312 2885 2353 eorum
2943 2312 3008 2353 ex
3068 2296 3372 2351 domestico
3437 2301 3560 2348 vate

1986 2401 2363 2459 testimonium
2445 2399 2581 2471 ipsis
2663 2395 2974 2469 proferens.
3028 2395 3328 2451 Consuevit
3373 2400 3555 2447 autem

1983 2491 2088 2547 hoc
2114 2506 2278 2561 agere
2326 2489 2549 2556 Paulus,
2612 2488 3077 2559 quemadmodum
3106 2497 3159 2542 et
3202 2483 3559 2540 Atheniensi-

1982 2583 2086 2639 bus
2133 2599 2196 2639 ει
2247 2582 2416 2637 Arato
2477 2580 2758 2647 disseruit,
2823 2594 2942 2650 qua:
2981 2577 3071 2634 ille
3106 2576 3227 2633 Ιονὶ
3265 2576 3365 2632 dco
3418 2571 3560 2629 falso

1983 2672 2131 2727 dicto
2185 2671 2458 2737 attribuit,
2485 2671 2600 2725 haec
2642 2670 2759 2740 ipse
2805 2669 2873 2724 ad
2895 2683 3081 2724 rerum
3144 2666 3311 2722 Deum
3341 2664 3506 2720 refert
3540 2681 3557 2718 :

1983 2756 2421 2829 quandoquidem
2477 2765 2530 2811 ct
2569 2758 2751 2811 acrius
2798 2754 2914 2810 suis
2956 2752 3199 2823 ipsorum
3231 2749 3559 2806 testimoniis

1986 2852 2355 2908 ohstruuntur
2420 2866 2435 2902 :
2493 2846 2953 2919 quemadmodum
3025 2854 3079 2900 et
3167 2858 3292 2898 cum
3356 2839 3563 2895 Judaeis

1984 2952 2248 3013 perpetuo
2272 2958 2338 2998 ex
2387 2941 2677 3012 praphetis
2708 2939 2971 3009 disputat,
3005 2952 3114 2993 non
3138 2952 3204 2992 ex
3228 2935 3567 3007 Evangeliis.‘

1986 3032 2135 3090 Idem
2165 3042 2221 3088 et
2270 3031 2416 3087 Deus
2479 3030 2631 3096 facit,
2678 3045 2774 3100 per
2804 3035 3066 3085 consueta
3104 3028 3205 3083 sibi
3262 3038 3317 3080 et
3354 3024 3560 3080 credita

1987 3125 2211 3196 quosvis
2234 3123 2553 3191 attrahens;
2592 3133 2648 3177 ut
2674 3136 2858 3193 magos
2873 3137 2967 3191 per
3001 3119 3212 3175 stellam
3231 3119 3299 3183 σι,
3343 3115 3559 3170 Saulem

1126 3234 1225 3304 οὐχ
1278 3235 1361 3289 ὅτι
1424 3235 1782 3309 ἀληθεύουσιν
1833 3244 1882 3296 ol

1990 3233 2087 3287 per
2121 3216 2380 3273 feminam
2416 3216 2481 3247 εν
2528 3216 2821 3287 pythonem
2857 3215 2909 3267 in
2971 3228 3031 3268 se
3089 3212 3400 3270 habentem,
3433 3207 3561 3279 quia

1989 3309 2117 3363 huic
2166 3307 2380 3363 feminae
2400 3305 2490 3362 ille
2529 3304 2691 3360 ﬁdem
2723 3302 3017 3359 adhibebat
3048 3319 3062 3355 :
3091 3310 3145 3355 et
3163 3308 3313 3355 vates
3345 3298 3565 3353 abobns

1988 3417 2109 3472 qua:
2125 3415 2306 3454 arcam
2331 3397 2618 3453 trahebant
2642 3413 2657 3450 :
2679 3412 2789 3450 non
2820 3394 2962 3464 quod
2995 3408 3181 3448 verum
3212 3392 3565 3461 loquerentur

1989 3502 2162 3557 vates,
2197 3493 2293 3547 sed
2323 3506 2419 3546 eos
2447 3505 2511 3544 ex
2557 3489 2800 3559 ipsorum
2848 3502 2943 3543 ore
3005 3486 3207 3555 arguit.
3257 3482 3555 3547 Praeterea,

1990 3585 2309 3641 Balaamum
2369 3581 2694 3638 benedicere
2741 3589 2793 3634 ct
2825 3578 3153 3650 prophetare
3194 3575 3460 3647 permittit
3494 3574 3562 3627 ⁵³.

1991 3678 2292 3737 Consuevit
2361 3677 2506 3731 enim
2553 3688 2771 3744 semper
2826 3672 2891 3727 ad
2966 3678 3208 3725 nostram
3276 3667 3565 3721 utilitatem

1990 3772 2450 3829 condescendere.
2508 3767 2610 3835 Qui
2654 3767 2820 3838 igitur
2873 3762 3146 3827 Christus,
3198 3768 3254 3816 et
3318 3759 3408 3813 hic
3451 3759 3566 3827 ipse

1992 3865 2196 3922 Paulus
2222 3859 2879 3936 prohibebantdarmones
2907 3855 3082 3925 loqui,
3103 3869 3164 3909 ac
3191 3851 3562 3909 testimonium

1991 3958 2158 4030 629
2190 3957 2295 4012 sibi
2330 3954 2552 4010 dicere?
2593 3950 2732 4020 Quia
2765 3951 2920 4020 signa
2957 3946 3090 4002 satis
3113 3953 3271 4001 erant
3327 3942 3394 3996 ad
3433 3957 3568 4011 iper-

1994 4050 2358 4114 suadendum,
2407 4055 2462 4102 et
2488 4046 2606 4116 ipse
2657 4042 2909 4098 Christus
2938 4039 3180 4109 seipsum
3206 4034 3563 4107 przedicabat,
3601 4078 3605 4083 .

1994 4142 2155 4212 idque
2183 4141 2317 4195 satis
2350 4136 2678 4193 erat.Porro
2699 4134 2976 4189 daemones
3001 4146 3110 4185 non
3152 4127 3522 4184 adorabantur
3549 4144 3564 4192 ;

1994 4250 2102 4288 non
2118 4233 2260 4286 enim
2287 4230 2492 4285 idolum
2523 4235 2640 4283 erat
2670 4225 2817 4297 quod
2857 4223 3184 4294 loquebatur
3213 4239 3227 4277 :
3258 4221 3459 4274 idcirco
3489 4218 3569 4272 lo-

1993 4322 2086 4393 qui
2123 4306 2511 4391 prohibentur.

2065 4411 2231 4465 Vsns.
2301 4410 2385 4463 l5.
2442 4409 2616 4473 Quam
2671 4405 2733 4459 ob
2779 4418 2995 4457 causam
3037 4402 3246 4466 increpa
3286 4413 3371 4451 eos
3415 4396 3566 4450 dure.

1995 4502 2133 4569 Quia
2191 4500 2487 4556 mendaces
2541 4509 2696 4562 sunt,
2739 4495 2882 4564 quod
2941 4499 3025 4546 est
3059 4487 3467 4549 fraudulentiam
3514 4493 3569 4539 et

1997 4593 2342 4664 impudentes
2394 4600 2450 4646 et
2485 4585 2856 4659 gastrimargi,
2923 4597 3062 4648 opus
3113 4580 3314 4634 habent
3357 4577 3467 4630 acri
3514 4584 3569 4629 et

1998 4692 2320 4758 penetrante
2371 4694 2667 4739 sermone:
2706 4692 2831 4732 nam
2881 4671 3240 4730 mansuetudo
3287 4669 3428 4740 apud
3474 4684 3574 4723 eos

1996 4779 2134 4835 nihil
2185 4776 2423 4849 proficit.
2492 4769 2963 4840 Quemadmodum
3034 4768 3177 4822 enim
3240 4765 3331 4836 qui
3382 4765 3572 4818 mitem

1996 4871 2181 4926 acrius
2208 4870 2390 4935 feriat,
2436 4868 2618 4938 perdit
2657 4880 2780 4921 eum
2811 4881 2826 4918 :
2861 4863 2941 4919 sic
2970 4862 3063 4933 qui
3115 4857 3415 4929 impudenti
3444 4854 3573 4910 adu-

1998 4965 2142 5018 latur
2215 4977 2341 5019 eum
2399 4958 2725 5028 corrumpit,
2787 4956 3030 5026 seipsum
3118 4964 3415 5022 agnoscere
3462 4962 3570 5003 non

1996 5056 2341 5128 permittens.
2369 5053 2468 5108 Hie
2495 5062 2673 5106 autem
2715 5065 2825 5106 non
2886 5049 3118 5116 alienos,
3168 5044 3265 5102 sed
3319 5041 3570 5115 proprios

1996 5146 2305 5219 arguendos
2343 5160 2468 5201 esse
2498 5145 2655 5199 dicit.
2731 5203 2737 5207 _

2073 5218 2140 5293 Ut
2165 5239 2284 5293 sani
2311 5238 2417 5292 sint
2447 5237 2501 5290 in
2531 5235 2658 5307 ﬁde,
2696 5252 2799 5290 non
2849 5231 3169 5286 attendentes
3206 5225 3448 5280 Judaicis
3481 5218 3569 5293 fa-

1999 5329 2159 5384 bulis.
2199 5328 2620 5399 Sanitasigitur
2645 5333 2749 5393 est,
2782 5324 2919 5381 nihil
2949 5320 3339 5384 adulterinum,
3395 5329 3573 5386 neque

1998 5423 2237 5478 alienum
2269 5421 2395 5477 fidei
2429 5418 2859 5490 superinducere
2889 5431 2904 5470 :
2939 5422 2999 5469 ut
3033 5413 3274 5483 seipsum
3297 5406 3574 5480 subjicere

1999 5514 2127 5587 legi,
2159 5529 2267 5571 non
2294 5519 2377 5570 est
2401 5513 2523 5585 ejus
2561 5511 2653 5583 qui
2687 5507 2810 5566 fidei
2835 5505 3081 5575 confidit,
3103 5518 3201 5561 ceu
3234 5500 3302 5557 ad
3338 5499 3570 5557 salutem

1659 5764 1861 5828 Varia:
1898 5765 2223 5829 lectiones.

410 5881 456 5913 "
476 5880 569 5953 ζῇς
586 5883 697 5955 γάρ
725 5882 814 5938 ἀεί
840 5899 894 5940 ο.
970 5887 1017 5921 ⁷³
1048 5890 1481 5960 προσκυνοῦντες
1512 5908 1566 5947 o.
