3990 6596
339 514 432 581 157

1022 578 1025 580 η
1122 510 1531 572 EXPOSITIO
1571 511 1654 573 ΙΝ
1703 513 1947 577 EPIST.
1977 518 2079 577 AD
2116 520 2384 582 TITUM.
2412 548 2478 557 —
2515 523 2675 585 CAP.
2711 522 2789 584 Il.

3455 519 3562 584 153

336 627 420 683 τοῦ
471 624 646 696 γήρως
694 621 818 676 ἐστὶ
873 621 934 676 τὸ
985 620 1190 694 νωθρὸν
1249 622 1345 677 καὶ
1406 622 1741 694 ληθαργικὺν
1800 624 1881 679 καί

1997 638 2083 684 est
2121 632 2384 700 segnities
2410 640 2464 687 ct
2487 634 2692 689 oblivio
2713 646 2766 690 et
2801 645 3014 704 torpor,
3070 642 3357 703 propterea
3402 631 3566 695 dicit.

332 718 639 788 δυσκίνητον,
691 715 781 771 διὰ
812 715 974 770 τοῦτό
1027 732 1187 786 φησι,
1215 714 1518 785 Νηφάλιοι
1565 715 1893 782 ἔστωσαν,

332 811 551 870 τουτέστι
575 808 1018 881 διιγηγερμένοι,
1049 808 1219 875 ὀξεῖς.

385 906 655 976 Σεμνοὺς,
703 907 1047 975 σώφρονας.
1094 904 1235 969 Τοὺς
1274 903 1576 975 φρονίμους
1619 901 1876 973 ὀνομάζει

330 999 604 1069 σώφρονας,
651 997 806 1068 παρὰ
837 996 934 1050 τοῦ
982 996 1128 1057 σὼας
1159 994 1306 1067 ἔχειν
1346 994 1448 1059 τὰς
1479 994 1706 1066 φρένας.
1755 993 1880 1048 Elei.

328 1091 420 1160 γὰρ
463 1089 553 1141 καὶ
605 1088 664 1140 ὲν
694 1087 922 1160 γέρουσι
955 1087 1274 1157 μαινόμενοι
1299 1087 1395 1141 καὶ
1428 1086 1753 1151 λυττῶντες,
1784 1085 1880 1139 καὶ

328 1179 670 1250 παράφρονες,
700 1179 753 1233 oi
786 1179 885 1249 μὲν
916 1178 1023 1232 ὑπὸ
1071 1179 1240 1244 οἴνου,
1273 1178 1328 1233 oi
1363 1177 1424 1233 δὲ
1452 1178 1561 1232 ὑπὸ
1605 1175 1882 1249 μικροψυ-

324 1288 449 1344 χαί.

386 1386 796 1455 ’Υγιαίνοντας
848 1385 923 1452 τῇ
972 1386 1196 1447 πίστει,
1245 1383 1318 1452 τῇ
1351 1382 1579 1453 ἀγάπῃ,
1624 1381 1701 1451 τῇ
1740 1385 1879 1437 ὑπο·
1946 1418 1953 1423 -

320 1478 476 1548 μονῇ.
509 1476 766 1551 Μάλιστα
818 1478 849 1547 ἡ
890 1477 1138 1547 ὑπομονὴ
1200 1474 1606 1547 ἁρμοδιώτατον
1652 1475 1879 1543 γέρουσι

324 1569 688 1643 παράγγελμα,
721 1570 813 1624 διὰ
853 1570 914 1623 τὺ
947 1569 1247 1639 ἀκρόχολον
1275 1566 1457 1622 αὐτῶν
1487 1566 1584 1620 καὶ
1614 1565 1879 1636 μικρόλυ-

321 1679 428 1717 πον.

379 1753 777 1824 Πρεσϐύτιδας
820 1753 1108 1820 ὡσαύτως
1154 1752 1226 1808 ἐν
1271 1751 1686 1822 καταστήματι
1728 1753 1881 1818 lepo-

319 1847 563 1916 πρεπεῖς.
606 1846 722 1909 Τὰς
754 1846 986 1915 γραῖδας
1007 1845 1178 1914 λέγει.
1217 1845 1284 1909 ἃς
1325 1844 1423 1900 καὶ
1454 1845 1550 1899 ἀπ’
1586 1843 1752 1898 αὐτοῦ
1782 1841 1878 1896 τοῦ

320 1942 579 2006 σχήματος
620 1939 721 1990 καὶ
771 1937 871 2005 τῆς
914 1937 1255 2006 καταστολῆς
1300 1938 1383 1991 δεῖ
1410 1936 1651 2008 κοσμίας
1694 1935 1878 2006 φαῖνε⁸

1980 720 2158 775 Sobrii
2179 722 2307 788 sint,
2340 723 2443 778 boc
2479 734 2565 780 est
2592 725 2834 790 excitati,
2867 723 3126 795 prompti.

2054 912 2266 980 Pudici,
2323 914 2627 983 prudentes.
2669 915 2978 971 Prudenles
3009 912 3298 984 appellavit
3344 910 3563 983 σώφροο

1979 1006 2546 1075 vag,coquodsanas
2605 1015 2815 1062 mentes
2866 1007 3130 1061 habeant.
3216 1003 3357 1059 Sunt
3413 1004 3560 1058 enim

1979 1111 2142 1153 senes
2194 1097 2361 1159 etiam
2436 1097 2638 1164 insani,
2727 1106 2783 1153 et
2836 1098 3041 1152 rabiosi
3103 1112 3168 1151 ac
3242 1094 3556 1150 dementes:

1981 1189 2074 1243 alii
2132 1188 2353 1260 quidem
2405 1203 2475 1244 ex
2523 1189 2673 1255 vino,
2745 1188 2840 1244 alii
2884 1206 3014 1246 vero
3072 1205 3138 1245 ex
3200 1185 3558 1258 pusillanimi-

1981 1286 2116 1334 tate.

2052 1391 2267 1447 Saniin
2322 1393 2448 1459 ﬁde,
2508 1394 2808 1459 dilectione,
2855 1402 2903 1448 et
2965 1393 3245 1463 patientia.
3285 1389 3557 1445 Patientia

1979 1482 2370 1552 grandioribus
2405 1489 2536 1538 natu
2564 1492 2648 1539 est
2672 1482 3179 1539 commodissimum
3202 1491 3557 1551 praeceptum,

1980 1574 2126 1643 quod
2162 1576 2325 1632 facile
2348 1577 2780 1644 excandescant,
2819 1583 2875 1631 ct
2902 1576 3008 1632 levi
3042 1575 3112 1632 de
3161 1589 3326 1629 causa
3352 1571 3560 1628 contri-

1981 1670 2222 1719 stenlnr.

2052 1755 2219 1813 Vens.
2245 1758 2301 1812 3.
2356 1758 2505 1813 Anus
2547 1756 2794 1813 similiter
2824 1758 2878 1813 in
2923 1756 3106 1811 habitu
3163 1760 3367 1810 sancto.
3409 1750 3562 1805 Anus

1981 1848 2140 1916 dicit,
2197 1865 2336 1921 quas
2364 1860 2418 1907 et
2453 1851 2523 1906 ab
2550 1850 2672 1922 ipso
2721 1851 2911 1908 habitu
2960 1858 3016 1906 et
3057 1857 3256 1904 ornatu
3297 1845 3561 1901 honestas

1983 1940 2155 1998 videri
2184 1950 2425 2012 oportet.
2457 1941 2687 2008 Quidam
2707 1953 2888 1996 autem
2913 1940 3259 1996 diaconissas
3284 1936 3339 1991 in
3369 1933 3563 1990 Eccle-

320 2038 449 2085 συαι.
481 2031 638 2094 Τινὲς
666 2030 724 2085 δὲ
767 2029 866 2094 τὰς
898 2031 957 2084 ὲν
998 2028 1299 2100 Ἐκκλησία
1340 2028 1622 2092 διακόνους
1673 2026 1840 2097 φασὶν
1862 2066 1878 2090 ,

1995 2033 2067 2089 sia
2140 2033 2229 2088 llic
2289 2033 2624 2104 intelligunt,
2675 2049 2815 2105 quas
2853 2041 2908 2088 et
2962 2032 3081 2104 ipso
3133 2032 3297 2087 etiam
3357 2027 3561 2087 vestitu

316 2122 373 2185 ἃς
400 2122 487 2176 καὶ
513 2122 610 2178 ἀπ’
640 2122 817 2192 αὐτῆς
847 2122 949 2191 τῆς
976 2121 1303 2192 (turpiﬁcati);
1329 2122 1556 2175 ἀπαιτεῖ
1588 2116 1877 2189 φαίνεσθαι

318 2216 690 2285 ἱεροπρεπεῖς,
757 2212 1031 2278 τουτέστι,
1079 2215 1201 2277 ταῖς
1247 2214 1423 2284 ἱεραῖς
1482 2208 1878 2282 ἑμπρεπούσας

316 2306 651 2377 ὑπηρεσίαις.

375 2399 465 2466 Μὴ
494 2397 839 2465 διαϐόλους,
856 2395 943 2468 μὴ
974 2397 1121 2464 οἴνῳ
1153 2396 1366 2462 πολλῷ
1398 2393 1873 2464 δεδουλωμένας.

327 2493 527 2564 Ἐπειδὴ
553 2494 663 2566 γὰρ
691 2493 902 2564 ψυχρὸν
931 2494 994 2546 τὸ
1023 2494 1219 2564 γῆρας,
1249 2493 1407 2546 ποθεῖ
1438 2490 1534 2545 τὸν
1558 2486 1723 2553 οἶνον.
1754 2485 1878 2542 εἶτα

317 2585 384 2657 μὴ
412 2585 712 2656 δυνάμενον
744 2584 995 2656 ἀντέχειν
1039 2585 1116 2648 ὡς
1141 2582 1390 2647 ἀσθενὲς,
1418 2580 1874 2644 καταπαλαίεται,

310 2678 399 2746 οὐχ
437 2677 543 2730 ὑπὸ
585 2676 682 2730 τοῦ
715 2676 1054 2747 συμμέτρου,
1097 2675 1213 2730 ἀλλ’
1258 2675 1364 2729 ὑπὸ
1409 2673 1506 2728 τοῦ
1556 2671 1777 2735 πολλοῦ,
1812 2670 1876 2724 ἐκ

309 2768 486 2823 τούτου
514 2769 574 2823 δὲ
609 2770 705 2823 καὶ
728 2769 791 2823 τὸ
816 2768 957 2841 πρὸς
985 2769 1239 2832 διαϐολὰς
1266 2768 1589 2841 ὲπιρῤεπὲς.

374 2931 969 2998 Καλοδιδασκάιους.
1005 2931 1129 2995 Πῶς
1158 2930 1252 2985 οὖν
1282 2929 1518 2999 ἀλλαχοῦ
1561 2945 1720 2999 φησι,
1752 2928 1874 2981 Γυ-

307 3025 459 3078 rami
482 3023 802 3077 διδάσκειν
824 3026 935 3078 οὐκ
967 3023 1266 3092 ἐπιτρέπω
1283 3040 1303 3088 ;
1340 3020 1488 3075 Ἐκεῖ
1518 3021 1647 3090 περὶ
1686 3020 1786 3088 τῆς
1817 3019 1876 3071 ὲν

321 3118 608 3189 Ἐκκλησία
650 3118 839 3186 κοινῆς
885 3118 1233 3182 διδασκαλίας
1274 3116 1463 3190 φησιν,
1492 3116 1617 3186 ἥτις
1644 3114 1873 3185 ἀπείρη-

305 3224 391 3261 ται
419 3212 538 3271 ταῖς
566 3209 837 3277 γυναιξὶν,
863 3209 1099 3263 ἐνταῦθα
1124 3209 1182 3262 δὲ
1208 3211 1334 3280 περὶ
1366 3209 1464 3278 τῆς
1489 3208 1546 3260 ὲν
1565 3207 1699 3277 οἴκῳ
1727 3223 1878 3275 γινο-

312 3300 495 3375 μένης,
525 3301 623 3354 καὶ
653 3301 761 3372 ἰδίᾳ
797 3302 933 3372 πρὸς
958 3303 1244 3370 γυναῖκας.
1275 3300 1399 3354 ’Ότι
1428 3299 1486 3352 δὲ
1511 3298 1670 3353 τοῦτο
1698 3298 1869 3366 λέγει,

308 3392 464 3449 ἄκουε
490 3393 601 3446 τῶν
630 3395 780 3463 ἑξῆς.

379 3486 511 3541 Ἵνα
541 3486 957 3556 σωφρονίζωσι
989 3485 1097 3553 τὰς
1124 3485 1284 3552 νέας,
1310 3482 1682 3555 φιλάνδρους
1709 3479 1883 3536 εἶναι.

306 3577 378 3631 οὐ
405 3578 501 3641 τὰς
537 3578 745 3640 οἰκείας
782 3579 944 3649 μόνον
990 3577 1318 3649 θυγατέρας,
1351 3576 1490 3630 ἀλλὰ
1532 3576 1627 3628 καὶ
1654 3574 1885 3628 καθόλου

308 3669 482 3732 πάσας
511 3668 612 3733 τὰς
638 3671 787 3732 νέας.
832 3669 1071 3741 Ἐκὰστη
1096 3671 1207 3740 γὰρ
1238 3668 1586 3740 πρεσϐυτέρα
1619 3668 1720 3737 τὴν
1749 3685 1884 3720 νεω-

303 3762 466 3831 τέραν
495 3762 803 3816 παιδευέτω
824 3778 837 3792 ·
875 3762 968 3816 καὶ
1001 3762 1219 3833 πρῶτον
1265 3761 1328 3816 τὸ
1356 3761 1654 3830 κεφάλαιον
1685 3759 1794 3811 τῶν
1827 3761 1884 3812 ἐν

305 3852 453 3923 nixi;
483 3852 732 3921 ἀγαθῶν,
762 3855 865 3922 τὴν
914 3854 1254 3923 φιλανδρίαν.
1300 3852 1507 3907 Τούτου
1554 3853 1662 3924 γὰρ
1707 3850 1881 3916 ὄντος,

306 3944 399 4000 καὶ
438 3945 507 3998 τὰ
536 3944 700 3997 λοιπὰ
729 3944 945 4013 ἕψεται,
981 3943 1208 4015 εὐθηνία
1243 3943 1413 4006 οἴκου,
1460 3944 1553 3997 καὶ
1585 3941 1883 4013 χρημάτων

305 4034 610 4104 περιουσία,
638 4034 829 4107 ὥσπερ
874 4035 1146 4100 ἀπόντος,
1226 4034 1407 4089 πάντα
1455 4033 1557 4087 κᾶν
1607 4032 1880 4103 παρῶσιν,

305 4125 777 4199 ἂωρρυήσονται.

371 4383 791 4451 Φαοτέκνους.
844 4384 909 4440 Ἦ
934 4384 1042 4457 γὰρ
1068 4383 1169 4455 τὴν
1195 4383 1353 4454 ῥίζαν
1383 4385 1503 4456 ἦτοι
1544 4383 1638 4437 τὸν
1666 4385 1881 4455 πατέρα

307 4476 615 4546 ἀγαπῶσα,
664 4475 845 4548 πολλῷ
890 4478 1094 4549 μᾶλλον
1135 4476 1233 4531 καὶ
1273 4476 1400 4540 τοὺς
1451 4477 1700 4547 καρποὺς
1758 4478 1878 4548 ἦτοι

306 4571 429 4636 τοὺς
455 4570 656 4635 παῖδας
682 4571 984 4643 ἀγαπήσει.
1428 4569 1434 4575 ”

1985 2124 2100 2181 vult
2133 2139 2269 2180 sane
2294 2125 2803 2198 ornatasconspici,
2839 2125 2942 2181 lroc
2967 2136 3073 2188 est,
3094 2121 3271 2179 sacris
3306 2119 3559 2175 ministe-

1984 2214 2082 2272 riis
2110 2214 2383 2286 insignes.

2057 2382 2183 2439 Non
2224 2384 2678 2450 calumniatrices,
2710 2400 2815 2441 non
2843 2385 3010 2439 multo
3074 2382 3194 2438 sino
3251 2377 3557 2435 servientes.

1984 2471 2125 2540 Quia
2146 2475 2291 2531 enim
2317 2486 2575 2532 senectus
2624 2485 2709 2532 est
2760 2475 2983 2544 frigida,
3015 2474 3204 2528 vinum
3253 2465 3557 2524 desiderat:

1987 2566 2190 2623 deinde
2246 2584 2372 2622 cum
2427 2582 2538 2623 non
2579 2568 2759 2639 possit
2810 2567 3110 2629 sustinere,
3167 2569 3354 2633 utpote
3391 2556 3565 2612 imbe-

1981 2661 2107 2715 cilla
2140 2661 2401 2727 vincitur,
2448 2677 2554 2716 non
2586 2678 2618 2716 a
2651 2662 2931 2718 moderato
2983 2661 3146 2728 vino,
3201 2657 3296 2713 sed
3333 2670 3366 2710 a
3421 2652 3563 2707 mul-

1983 2760 2041 2810 lo
2089 2770 2105 2808 :
2150 2767 2216 2808 ex
2282 2753 2388 2810 hoc
2446 2761 2631 2809 autem
2700 2754 2768 2810 ad
2819 2753 3129 2809 calumnias
3206 2747 3345 2804 ﬁunt
3426 2759 3559 2816 pro-

1981 2842 2288 2914 pensiores.
3097 2826 3104 2833 ’

2051 2933 2193 2989 Bene
2241 2936 2510 2990 docentes.
2531 2934 2817 3002 Quomodo
2844 2935 3008 3005 igitur
3036 2933 3144 2987 alio
3168 2932 3224 2987 in
3264 2930 3386 2985 loco
3401 2928 3556 2983 dicit:

1982 3024 2184 3080 Docere
2211 3026 2423 3080 mulieri
2445 3043 2549 3081 non
2591 3018 2840 3095 permitto
2870 3026 2916 3058 “
2947 3025 2971 3079 Ἰ
3014 3023 3130 3079 Illic
3162 3021 3231 3077 de
3274 3017 3557 3076 communi

1981 3123 2037 3175 in
2063 3118 2307 3175 Ecclesia
2341 3120 2593 3176 doctrina
2621 3120 2884 3191 loquitur,
2915 3133 3035 3190 quae
3090 3114 3416 3172 mulieribus
3471 3118 3558 3167 est

1983 3209 2257 3279 prohibita
2292 3228 2306 3263 :
2333 3210 2423 3266 bic
2448 3221 2630 3266 autem
2657 3210 2726 3266 de
2770 3210 3094 3275 domestica,
3115 3222 3238 3279 qua:
3294 3203 3556 3276 privatim

1987 3303 2047 3357 tit
2075 3301 2145 3357 ad
2175 3302 2455 3359 mulieres.
2500 3301 2659 3369 Quod
2714 3311 2898 3358 autem
2952 3301 3060 3357 hoc
3119 3299 3290 3364 dicat,
3322 3295 3450 3350 andi
3493 3309 3564 3349 ex

1907 3383 1950 3440 C
1983 3395 2364 3464 sequentibus.

2065 3483 2134 3539 Ut
2156 3486 2442 3539 instituant
2466 3485 2914 3545 adolescentulus.
2944 3492 3003 3538 ut
3027 3484 3136 3538 sint
3179 3489 3414 3535 nutantes
3443 3493 3565 3532 ma-

1988 3575 2237 3629 ritorum.
2263 3574 2379 3631 Non
2410 3583 2619 3630 tantum
2675 3574 2816 3630 ﬁlias
2862 3573 3023 3645 631
3058 3588 3209 3638 suas,
3269 3584 3456 3626 verum
3506 3567 3562 3622 in

1988 3665 2300 3720 universum
2320 3681 2508 3721 omnes
2522 3666 2975 3721 adolescentulas.
2990 3662 3410 3729 Qumlzbetenim
3428 3668 3561 3713 natu

1984 3755 2541 3826 grandiorjuniorem
2588 3756 2822 3827 puellam
2880 3757 3121 3817 erudiat,
3193 3769 3260 3808 ac
3322 3752 3559 3823 primum

1985 3854 2152 3917 caput
2204 3846 2634 3905 domeSticorum
2665 3848 2934 3903 bonorum
2959 3862 3054 3902 eas
3093 3846 3310 3911 doceat,
3366 3857 3563 3911 nempe

1986 3947 2046 3993 ut
2078 3940 2190 3995 sint
2213 3951 2460 3996 amantes
2497 3939 2843 3995 maritorum.
2866 3936 3003 3993 Nam
3059 3938 3107 3993 si
3157 3938 3262 3991 hoc
3325 3934 3562 3998 all‘uerit,

1984 4042 2285 4103 sequentur
2307 4034 2472 4089 etiam
2494 4034 2730 4105 reliqua,
2758 4030 3314 4102 nempcprosperitas
3343 4030 3561 4093 domus,

1983 4123 2418 4196 Iacultatumque
2450 4125 2607 4197 copia
2639 4122 3143 4195 :quemadmodum
3194 4137 3227 4177 e
3262 4121 3478 4176 diverso
3515 4120 3560 4174 si

1983 4217 2131 4273 absit
2177 4232 2334 4272 amor
2374 4217 2668 4282 maritalis,
2700 4214 2920 4271 etiamsi
2939 4214 3123 4269 omnia
3140 4211 3422 4275 aﬂuerint,
3450 4209 3562 4265 dif-

1981 4310 2235 4368 ﬂuentac
2260 4326 2478 4381 pessum
2512 4312 2692 4367 ibunt.

1986 4456 1989 4459 .
2054 4399 2224 4455 Filios
2251 4416 2375 4455 suos
2391 4400 2644 4471 diligant.
2678 4399 2813 4466 Quae
2854 4397 3003 4454 enim
3053 4396 3291 4452 radicem
3325 4410 3423 4451 seu
3469 4409 3559 4465 pa.

1984 4508 2123 4549 trem
2153 4492 2353 4561 diligit,
2384 4492 2561 4547 multo
2591 4492 2767 4563 magis
2821 4490 2986 4547 etiam
3019 4487 3233 4544 fructus
3266 4488 3386 4543 sive
3419 4487 3564 4542 lilios

1981 4585 2198 4658 diliget.

373 4684 719 4754 Σώφρονας,
755 4685 966 4754 ἁγνὰς,
1005 4688 1343 4756 οἰκουροὺς.
1382 4686 1630 4757 ἀγαθάς.
1673 4688 1735 4740 ’Π
1771 4687 1880 4758 γὰρ

2056 4701 2225 4758 Vsus.
2272 4702 2326 4758 5.
2394 4700 2463 4757 Ut
2503 4702 2610 4756 sint
2666 4701 2882 4765 sobriae,
2915 4710 3103 4769 castra,
3139 4704 3329 4755 domus
3379 4717 3567 4757 curant

309 4775 534 4845 φιλοῦσα
555 4778 648 4831 τὸν
672 4777 862 4850 ἄνδρα,
884 4779 982 4833 καὶ
1009 4777 1242 4848 σώφρων
1258 4779 1411 4833 Eam
1428 4778 1524 4831 καὶ
1544 4777 1704 4846 ἁγνὴ,
1729 4795 1883 4831 τουτ-

311 4866 443 4932 ian,
481 4868 581 4921 καὶ
640 4868 857 4939 σώματι
886 4868 981 4923 καὶ
1007 4867 1221 4940 διανοίᾳ
1252 4867 1471 4938 καθαρὰ
1510 4869 1619 4922 ἀπὸ
1645 4870 1743 4938 τῆς
1772 4869 1882 4922 τῶν

312 4957 603 5032 ἀλλοτρίων
631 4963 726 5016 καὶ
754 4962 952 5033 μίξεως
980 4964 1075 5016 καὶ
1095 4961 1393 5032 ἐπιθυμίας
1413 4977 1428 4992 ο
1463 4962 1602 5015 ἀλλὰ
1630 4962 1725 5016 καὶ
1763 4965 1882 5015 οἰκ-

313 5052 468 5124 ουρὸς
510 5052 759 5125 ἀγαθὴ,
809 5054 1122 5121 τουτέστιν,
1169 5055 1515 5124 οἰκονομική.
1581 5054 1881 5123 Ἀγαπῶςα

314 5144 418 5214 γὰρ
443 5144 537 5197 τὸν
562 5144 752 5217 ἄνδρα,
782 5148 879 5200 καὶ
904 5144 999 5201 τοῦ
1022 5146 1174 5201 οἴκου
1202 5146 1571 5217 ἐπιμελεῖται,
1602 5146 1726 5200 οὔτε
1756 5148 1883 5218 περὶ

312 5237 541 5308 τρυφὴν,
589 5236 719 5292 οὔτε
750 5239 883 5311 περὶ
923 5239 1203 5303 σπατάλας
1236 5241 1281 5274 ⁷⁸
1322 5239 1588 5310 ἀκαίρους
1629 5242 1724 5295 καὶ
1751 5242 1885 5295 κα).-

312 5324 622 5400 λωπισμοὺς
662 5332 1062 5402 ἀσχολουμένη.
1106 5334 1228 5386 Τίνι
1256 5333 1368 5404 γὰρ
1400 5334 1495 5386 καὶ
1520 5334 1666 5405 ἄλλῳ
1694 5337 1887 5406 ἀρέσει

316 5416 457 5484 ἅπαξ
484 5421 565 5491 τῷ
594 5423 870 5494 ἀγαπητῷ
891 5422 1177 5495 ἀρέσασα;
1211 5425 1414 5480 Σκόπει
1456 5426 1514 5479 δὲ
1547 5428 1664 5489 πῶς
1698 5430 1726 5481 ὁ
1754 5429 1883 5495 ἀφι-

315 5511 451 5567 στῶν
468 5515 579 5569 τῶν
610 5516 881 5587 βιωτικῶν
909 5521 938 5573 ὁ
960 5517 1194 5586 Παῦλος,
1229 5520 1325 5575 νῦν
1357 5523 1613 5594 φροντίδα
1641 5528 1882 5584 ποιεῖται

380 5679 476 5734 ⁸⁸1
528 5681 672 5739 Tim.
725 5701 785 5752 II,
840 5687 928 5744 12.

1990 4788 2272 4855 habentes,
2302 4790 2473 4846 bona.
2502 4791 2636 4857 Qua:
2669 4791 2816 4846 enim
2850 4791 3109 4846 maritum
3170 4805 3331 4846 suum
3363 4789 3564 4861 diligit,

1990 4890 2043 4936 et
2073 4883 2257 4939 sobria
2279 4884 2377 4940 erit
2409 4893 2463 4940 et
2484 4894 2657 4952 casta,
2688 4884 2793 4940 hoc
2821 4894 2928 4950 est,
2954 4893 3011 4941 et
3041 4898 3272 4955 corpore
3299 4892 3353 4940 et
3385 4896 3568 4939 mente

1992 4991 2127 5044 pura
2154 4977 2223 5031 ab
2244 4979 2392 5032 omni
2423 4979 2602 5034 aliena
2645 4985 2756 5032 tam
2819 4979 3107 5041 mixtione,
3139 4992 3300 5047 quam
3361 4991 3565 5030 concu-

1993 5067 2280 5137 piscentia.
2330 5068 2638 5136 Quinetiam
2665 5069 2863 5124 bonam
2888 5070 3084 5125 domus
3105 5083 3290 5123 curam
3320 5067 3563 5132 habebit,

1992 5158 2043 5212 id
2070 5170 2181 5227 est,
2211 5161 2628 5217 materfamilias
2662 5161 2789 5216 erit.
2815 5160 2950 5215 Nam
2983 5177 3106 5233 qua:
3146 5161 3402 5216 maritum
3436 5158 3563 5213 dili-

1990 5249 2089 5319 git,
2119 5250 2316 5305 domus
2343 5250 2506 5305 etiam
2544 5240 2734 5306 curam
2763 5252 2926 5324 gerit,
2952 5267 3133 5322 neque
3178 5253 3327 5305 circa
3362 5250 3564 5305 intent-

1989 5340 2233 5409 pestivas
2262 5340 2493 5397 delicias
2531 5351 2586 5399 et
2609 5350 2845 5398 ornatus
2899 5350 3226 5413 occupatur.
3255 5341 3355 5397 Cui
3415 5344 3562 5397 enim

1989 5429 2080 5485 alii
2109 5429 2344 5501 placebit
2374 5446 2496 5501 quae
2530 5431 2701 5488 semel
2733 5431 2937 5487 dilecto
2980 5431 3229 5504 placuit?
3256 5430 3560 5488 Considera

1988 5533 2173 5582 autem
2234 5527 2511 5598 quomodo
2563 5524 2772 5585 Paulus
2842 5527 2933 5583 ille
2962 5528 3076 5601 quis
3113 5544 3143 5584 a
3200 5527 3366 5588 rebus
3395 5525 3562 5599 bujus

1652 5814 1850 5878 Variae
1878 5813 2211 5879 lectiones.

380 5916 423 5958 ²⁸
452 5918 701 5989 δαπάνας
739 5940 793 5982 o.
