3990 6546
250 382 338 449 161
1020 379 1427 443 EXPOSITIO
1453 383 1533 444 ΙΝ
1574 382 1817 444 EPIST.
1860 382 1959 442 AD
1995 381 2262 442 TlTUM.
2307 406 2373 417 --
2405 381 2568 442 CAP.
2602 381 2687 441 II.

3388 370 3491 444 162

244 495 431 564 δόγμα,
466 495 545 558 ῶς
572 496 839 565 τοσαύτην
871 497 1023 567 ἰσχὺν
1052 496 1196 567 ἕχον,
1228 496 1365 551 ὥστε
1408 496 1669 570 τοιαύτην
1712 498 1815 569 ψυ-

1925 496 2074 551 vires
2101 496 2296 559 insint,
2334 502 2392 549 ut
2424 493 2739 563 huiusmodi
2764 491 3000 547 animam
3028 491 3082 547 in
3107 492 3301 548 melius
3326 508 3487 549 revo-

246 586 339 655 χὴν
376 583 702 654 βελτιῶσαις
758 585 873 637 ’Δεὶ
901 589 1011 657 γάρ
1040 587 1101 639 τὸ
1147 587 1392 642 δουλικὸν
1422 588 1577 656 γένος
1616 590 1809 661 ἰταμόν

247 675 355 738 ⁴πῶς
382 676 497 727 ἔστι
522 678 617 729 καὶ
649 675 1044 748 δυστράπελον,
1073 676 1159 730 διὰ
1192 677 1253 730 τὸ
1294 678 1369 748 μὴ
1399 677 1581 741 καλῶς
1610 680 1805 748 ἀνάγε-

246 766 383 829 σθαι,
430 768 803 838 ἀμελούμενον
864 770 967 822 tit-.5
1016 768 1126 821 τῶν
1170 769 1465 835 δεσποτῶν,
1524 772 1660 842 μηδὲ
1707 773 1811 825 ὑπὸ

244 858 471 929 λόγωνῆ
526 860 903 929 συνδιαγωγῖγς
943 861 1154 931 ἀνδρῶν
1203 862 1511 915 σπουδαίων
1552 863 1801 933 ῥυομίςε-

244 950 379 1003 σθαι.
422 951 540 1003 Οὐκ
586 951 696 1020 ἄρα
744 952 924 1022 μάτην
963 952 1200 1024 ἀλλαχοῦ
1258 954 1444 1022 ἔλεγεν
1488 956 1515 1007 ὁ
1578 955 1809 1018 Παῦλος,

251 1043 344 1107 Ὠς
386 1040 468 1106 τῷ
519 1040 646 1106 Θεῷ
697 1041 1117 1110 δουλεύοντες,
1166 1045 1266 1098 καί
1307 1046 1418 1099 οὐκ
1457 1047 1809 1114 ἀνθρώποις.

245 1135 355 1187 Κᾶν
412 1132 525 1204 γὰρ
577 1134 657 1203 τῷ
709 1134 948 1206 δεσπότῃ
999 1136 1274 1207 διακονῇς,
1336 1138 1518 1208 ἀλλ’ἢ
1564 1139 1696 1210 τιμὴ
1732 1142 1813 1201 είς

238 1224 364 1277 Θεὸν
396 1224 693 1294 ἀνατρέχει
720 1264 736 1288 ,
800 1226 886 1278 ὃτι
937 1228 1030 1279 καὶ
1076 1228 1184 1280 ἀπὸ
1232 1227 1328 1280 τοῦ
1384 1230 1550 1296 φόόου
1601 1231 1812 1282 ἐκείνου

238 1316 275 1385 ἡ
324 1316 458 1383 πρὸς
528 1316 623 1367 τὸν
682 1316 950 1387 δεσπότην
1002 1318 1185 1372 εὔνοια
1234 1320 1335 1390 τὴν
1383 1321 1557 1391 ἀρχὴν
1608 1321 1739 1392 ἔχει.

317 1402 617 1473 Ἐπεφάνη
668 1404 780 1475 γὰρ
835 1408 873 1474 ἠ
908 1409 1080 1476 χάρις
1119 1408 1228 1461 τοῦ
1260 1410 1408 1463 Θεοῦ
1442 1412 1480 1477 ἡ
1518 1412 1815 1479 σωτήριος

243 1491 422 1547 πᾶσιν
456 1494 825 1563 ἀνθρώποις.
863 1498 1082 1568 Ἐπειδὴ
1106 1500 1239 1553 πολὺ
1273 1502 1366 1555 καὶ
1399 1504 1541 1571 μέγα
1565 1503 1813 1575 ἀπῄτησε

244 1582 383 1652 παρὰ
434 1583 548 1636 τῶν
590 1588 844 1651 οίκετῶν,
893 1589 1040 1658 φημὶ
1085 1590 1151 1661 δὴ
1206 1592 1267 1644 τὸ
1318 1597 1544 1660 κοσμεῖν
1586 1595 1686 1664 τὴν
1718 1595 1813 1647 τοῦ

244 1674 437 1743 Κυρίου
478 1677 840 1731 διδασκαλίαν
874 1679 963 1733 διὰ
998 1680 1097 1750 τῆς
1153 1683 1333 1735 αὐτῶν
1359 1684 1614 1754 ἐναρέτου
1671 1685 1843 1739 πολιο.

240 1766 402 1828 τείας,
435 1766 685 1821 δείκνυσι
731 1768 828 1823 νῦν
875 1771 958 1823 ὅτι
1017 1772 1244 1836 εἰκότως
1285 1774 1508 1837 τούτους
1551 1776 1621 1828 τὰ
1657 1777 1812 1846 τηλι-

1914 588 2045 642 cet?
2074 587 2305 658 Semper
2336 586 2484 641 enim
2517 600 2806 641 servorum
2840 599 3015 655 genus
3038 591 3124 639 est
3177 584 3489 654 improbum

1914 691 1967 736 et
1996 694 2295 747 morosum,
2324 694 2392 735 eo
2419 678 2564 749 quod
2605 692 2714 733 non
2765 676 3063 732 liberaliter
3105 675 3484 741 instituantur,

1916 776 2103 841 utpote
2158 786 2185 823 a
2246 770 2483 824 dominis
2515 768 2773 838 neglecti,
2819 780 2995 836 neque
3055 764 3257 829 verbis,
3308 778 3487 833 neque

1916 876 2091 917 t‘ouve
2107 861 2350 917 rsatione
2390 861 2657 915 bonorum
2678 860 2918 913 virorum
2955 865 3097 912 rrcte
3153 855 3484 911 formentur.

1916 949 2034 1004 Non
2067 951 2232 1022 igitur
2262 950 2470 1005 frustra
2504 951 2617 1004 alio
2649 950 2704 1003 in
2738 950 2856 1004 loco
2879 949 3015 1003 dixit
3045 946 3287 1001 Paulus:
3344 946 3489 1000 Tan-

1916 1059 2074 1112 quam
2098 1041 2205 1098 Deo
2234 1043 2537 1108 servientes,
2571 1050 2620 1096 et
2653 1059 2755 1096 non
2776 1042 3074 1095 hominibus
3102 1040 3167 1093 "’.
3197 1037 3310 1092 Etsi
3337 1040 3484 1093 enim

1918 1134 2050 1189 hero
2076 1144 2170 1190 tuo
2200 1137 2493 1199 inservias,
2523 1134 2709 1189 honos
2736 1141 2916 1188 tamen
2943 1132 3009 1187 ad
3039 1131 3203 1186 Deum
3236 1131 3485 1190 recurrit,

1917 1224 2180 1293 quoniam
2204 1239 2234 1277 a
2262 1225 2460 1279 timore
2482 1224 2653 1287 illius,
2685 1238 2806 1293 quae
2830 1237 2962 1292 erga
2991 1223 3183 1277 herum
3207 1229 3292 1275 est
3315 1220 3482 1274 bene-

1917 1316 2179 1378 volentia,
2206 1314 2538 1385 principium
2574 1313 2744 1367 ducit.

1992 1403 2158 1462 Vens.
2223 1408 2308 1461 il.
2365 1404 2626 1475 Apparuit
2660 1404 2798 1458 enim
2859 1402 3034 1473 gratia
3083 1400 3178 1454 Dei
3228 1399 3487 1454 salutaris

1918 1500 2164 1552 omnibus
2217 1498 2537 1552 hominibus.
2599 1496 2735 1552 Cum
2792 1497 3024 1549 multum
3060 1503 3117 1548 ct
3171 1508 3487 1563 magnuma

1916 1594 2091 1646 servis
2124 1590 2481 1658 postulasset,
2516 1589 2774 1642 nimirum
2802 1596 2863 1641 ut
2924 1594 3122 1641 ornent
3170 1585 3479 1640 doctrinam

1921 1680 2133 1734 Domini
2168 1697 2263 1750 per
2295 1682 2583 1735 honestam
2629 1694 2785 1733 suam
2817 1678 3310 1744 conversationem,
3342 1693 3483 1729 cont.

1919 1778 2190 1823 monstrat
2221 1784 2369 1823 nunc
2392 1769 2537 1839 quod
2572 1784 2679 1822 non
2707 1770 3017 1823 ‘immerito
3063 1768 3132 1822 ab
3163 1768 3271 1821 illis
3333 1777 3480 1819 tanta

244 1854 409 1909 καῦτα
427 1859 675 1912 ἀπαιτεῖ.
721 1860 830 1912 Καὶ
863 1862 968 1931 γὰρ
996 1864 1090 1914 καὶ
1122 1863 1305 1926 αὐτοῖς
1336 1865 1366 1930 ἡ
1410 1864 1569 1934 χάρις
1602 1866 1805 1932 ἐπέφα-

1922 1861 2191 1930 postulet:
2253 1877 2383 1914 nam
2439 1871 2493 1915 et
2554 1862 2663 1916 illis
2706 1863 2883 1932 gratia
2937 1862 3214 1931 apparuit,
3266 1861 3481 1914 etiamsi

243 1964 345 2011 νεν,
375 1949 426 2002 εί
457 1950 556 2001 καὶ
586 1948 769 2003 δοῦλοί
798 1953 926 2004 εἰσι.
964 1950 1123 2008 Πᾶσι
1160 1953 1290 2023 γὰρ,
1343 1955 1531 2023 φησιν,
1591 1956 1814 2023 ἀνθρώ-

218 2054 390 2103 ,ποις
453 2040 570 2092 Καὶ
626 2041 918 2111 ἐχαρίσατο
968 2044 1063 2096 καὶ
1120 2045 1305 2109 αὐτοῖς
1360 2044 1557 2114 ἄφεσιν
1603 2034 1813 2101 πολλῶν

248 2131 687 2200 ἁμαρτημάτων,
718 2134 814 2185 καὶ
839 2133 1115 2201 ὀφείλουσι
1143 2135 1330 2190 λοιπὸν
1362 2138 1458 2190 καὶ
1488 2138 1645 2191 αὐτοὶ
1677 2138 1814 2208 πρὸς

248 2220 395 2285 δόξαν
424 2222 521 2274 τοῦ
551 2222 849 2293 εὐεργέτου
880 2225 1280 2281 πολιτεύεσθαι.

308 2310 693 2367 Πωδεύουσα
725 2313 905 2383 ἡμᾶς,
948 2316 1049 2369 ira
1071 2316 1481 2386 ἀρνησάμενοι
1520 2317 1636 2387 τὴν
1672 2320 1815 2375 ἆσέ·

245 2402 418 2467 ὅσιον,
440 2405 544 2458 καὶ
575 2404 686 2470 τὰς
724 2406 1019 2473 κοσμικὰς
1043 2407 1380 2477 ἐπιθυμίας.
1414 2411 1524 2464 Καὶ
1562 2412 1815 2466 ἐντεῦθεν

246 2496 492 2564 ἐντρέπει
546 2496 769 2560 αὐτούς.
832 2497 1134 2551 Παιδευτοῦ
1181 2500 1311 2571 γὰρ,
1362 2502 1521 2572 φησι,
1558 2504 1815 2572 τυχόντες

246 2586 394 2651 Θεοῦ,
443 2587 566 2650 πῶς
601 2588 706 2640 οὐκ
747 2587 999 2657 ὀφείλετε
1049 2589 1217 2653 ἀξίως
1269 2590 1436 2645 αὑτοῦ
1497 2593 1686 2662 βιοῦν;
1750 2594 1815 2650 Ἦ

248 2676 397 2746 χάρις
425 2677 510 2745 δὲ,
547 2679 740 2750 φησιν,
775 2678 915 2750 αὕτη
944 2682 1045 2733 οὐκ
1080 2680 1229 2734 ἔστιν
1273 2680 1403 2752 ἄχρι
1434 2686 1533 2754 τῆς
1567 2684 1817 2754 ἀφέσεως

246 2768 347 2819 τῶν
380 2770 798 2838 προγεγονότων
823 2772 1031 2836 κακῶν,
1069 2771 1205 2825 ἀλλὰ
1239 2772 1333 2825 καὶ
1363 2773 1500 2843 πρὸς
1534 2775 1594 2828 τδ
1622 2776 1815 2844 μέλλον

248 2859 384 2927 ἡμᾶς
426 2859 847 2928 ἀσφαλίζεσοαι.
910 2861 1163 2917 Παιδεύει
1214 2864 1323 2934 γὰρ
1366 2866 1536 2934 ἡμᾶς,
1588 2865 1676 2918 ἶνα
1718 2865 1813 2920 τοῦ

247 2951 425 3005 λοιποῦ
486 2952 782 3021 σωφρόνως
840 2953 1131 3026 ζήσωμεν,
1179 2957 1229 3008 ot
1280 2955 1543 3026 πρότεροι
1598 2959 1814 3021 παντως

248 3043 614 3112 αρνησάμενοι
648 3051 748 3115 τὴν
778 3045 1038 3100 ἀσέϐειαν
1078 3046 1173 3099 καὶ
1205 3047 1302 3110 τὰς
1335 3048 1604 3117 κοσμικὰς
1628 3047 1816 3101 ἐπιθυ·

246 3135 393 3203 μίας.
447 3135 554 3187 Διά
590 3138 689 3207 μὲν
713 3136 809 3191 οὖν
865 3136 960 3192 τοῦ
991 3138 1332 3209 ἀρνήσασθαι
1398 3138 1498 3209 τὴν
1543 3142 1606 3193 ὲκ
1639 3140 1817 3194 διαθέ-

252 3242 379 3290 σεως
441 3227 711 3298 ὁλοψύχου
797 3229 1148 3302 ἀποστροφὴν
1205 3231 1499 3300 σημαίνειο
1563 3231 1817 3286 ἀσέϐειαν

248 3318 303 3372 δὲ
356 3319 457 3391 τὴν
503 3320 921 3393 είδωλολατρίαν
972 3321 1228 3391 ὀνομάζει
1259 3323 1329 3386 ⁸ο,
1366 3322 1459 3375 καὶ
1496 3322 1563 3376 τὰ
1609 3324 1821 3395 πονηρὰ

247 3410 515 3481 δόγματα.
559 3413 848 3484 Κοσμικέις
875 3413 933 3470 δὲ
960 3414 1281 3487 ἐπιθυμίας,
1323 3414 1659 3485 πλεονεξίαν,
1691 3433 1820 3491 τρυ-

255 3502 354 3570 φὴν
380 3505 480 3558 καὶ
510 3503 610 3568 τὰς
638 3506 824 3570 ἄλλας,
873 3507 997 3561 ὅσαι
1050 3508 1126 3579 μὴ
1168 3508 1536 3564 διαΰαίνουσιν
1593 3513 1675 3574 είς
1728 3513 1821 3567 τὸν

248 3595 489 3665 οὗρανδν,
520 3595 637 3651 ἀλλ’
655 3600 712 3651 ἐν
739 3597 817 3670 τῷ
864 3598 1054 3670 κόσμῳ
1082 3600 1257 3672 τούτῳ
1278 3602 1692 3672 χρησιμεύουσ.,
1726 3604 1822 3657 καὶ

254 3685 394 3757 αὐτῷ
426 3689 918 3756 συγκαταλύονται.
986 3691 1088 3745 Διὰ
1126 3692 1287 3747 τοῦτο
1319 3690 1413 3747 οὖν
1443 3690 1607 3766 ἦλθεν
1634 3696 1663 3746 ὀ
1691 3696 1824 3766 Χριο

256 3776 394 3842 στός,
428 3778 516 3833 τνα
557 3779 925 3852 ἁρνησῶμεθα
952 3784 1048 3836 καὶ
1085 3782 1157 3837 τὰ
1186 3784 1360 3853 ἀσεὸῆ
1403 3785 1673 3855 δόγματα,
1726 3787 1822 3841 καὶ

257 3870 341 3922 τὸν
371 3871 539 3941 ἐναγῆ
567 3870 703 3941 βίον,
732 3873 874 3944 μετὰ
892 3874 991 3943 τῆς
1009 3875 1178 3945 αὐτῆς
1210 3875 1506 3941 διαθέσεως
1536 3877 1823 3949 ἀμφότερα

262 3962 609 4032 μισήσαντες.
1248 4014 1249 4017 η

320 4053 649 4123 Σωφρόοως
670 4054 771 4111 καὶ
811 4055 1077 4124 δικαίως,
1103 4058 1205 4113 καί
1232 4059 1497 4127 εὐσεϐῶς
1525 4059 1818 4131 ζήσωμεν.

259 4148 347 4214 Τὸ,
386 4150 707 4224 σωφρόνως,
762 4154 824 4206 οὐ
856 4152 957 4225 τὴν
985 4154 1196 4227 ἀποχὴν
1230 4154 1391 4225 μόνον
1423 4157 1522 4227 τῆς
1565 4157 1823 4228 πορνείας

264 4242 528 4311 σημαίνει,
564 4242 704 4297 ἀλλὰ
738 4242 835 4297 καὶ
885 4243 987 4315 τὴν
1029 4244 1138 4299 τῶν
1186 4245 1391 4299 λοιπῶν
1441 4245 1652 4301 παθῶν.
1715 4245 1824 4300 Καὶ

262 4333 550 4402 χρημάτων
581 4334 691 4405 γὰρ
739 4334 903 4406 ἐρῶν,
946 4336 1009 4388 οὐ
1036 4340 1359 4407 σωφρονεῖς,
1397 4337 1601 4407 μᾶλλον
1627 4337 1683 4391 δὲ
1728 4339 1823 4391 καὶ

266 4425 679 4495 ἀκολαστότερος
711 4423 793 4495 εί,
829 4429 940 4498 ὅσῳ
986 4428 1108 4483 οὐδὲ
1159 4429 1390 4498 φυσικὸν
1446 4430 1506 4482 τὸ
1541 4429 1715 4492 πάοος
1750 4430 1818 4484 ⁸¹.

267 4512 371 4568 Καὶ
396 4516 607 4582 ἁπλῶς,
660 4518 878 4572 πάντων
927 4515 1036 4570 τῶν
1065 4517 1240 4573 ἄλλων
1282 4517 1472 4574 παθῶν
1511 4517 1822 4591 ήττώμενός
1852 4546 1896 4604 D

268 4618 362 4671 τις,
393 4606 450 4658 οὐ
479 4605 737 4677 σώφρων.

343 4693 431 4748 ἐν
455 4694 542 4760 τῷ
564 4695 683 4750 νῦν
708 4694 897 4751 αἰῶνι.
957 4690 1124 4761 Οὗτος
1157 4699 1268 4770 γὰρ
1311 4698 1424 4769 ἔχει
1465 4698 1558 4753 τὸν
1598 4699 1787 4769 ἀγῶνα
1808 4714 1823 4729 ο

268 4784 297 4836 ὀ
320 4783 374 4838 δὲ
404 4786 617 4856 μέλλων
647 4786 747 4852 τὰς
774 4788 1089 4852 ἀντιδόσεις.

333 4971 812 5042 Προσδεχόμενοι
844 4973 959 5044 τὴν
978 4974 1282 5044 μακαρίαν
1301 4973 1543 5039 ἐλπίδα,
1573 4973 1672 5027 καί
1698 4973 1826 5027 ἐπιο

270 5060 515 5131 φάντων
553 5063 664 5132 τῆς
706 5064 893 5133 δόξης
948 5065 1055 5120 τοῦ
1112 5064 1383 5136 μεγάλου
1450 5066 1643 5131 Θεοῦ,
1723 5065 1825 5119 καὶ

278 5154 534 5224 Σωτῆρος
582 5153 753 5225 ἡμῶν
818 5155 1012 5224 Ἰησοῦ
1060 5156 1340 5225 Χριστοῦ.
1429 5157 1560 5212 Ἰδοὺ
1610 5158 1702 5212 καὶ
1765 5157 1826 5210 τὸ

278 5244 522 5311 επαθλον,
564 5247 603 5317 ἠ
651 5245 883 5319 δευτέρα
915 5248 1230 5315 ὶπιφὰνεια,
1278 5249 1313 5318 ή
1350 5246 1521 5310 ὅντως
1558 5247 1825 5319 μακαρία.

278 5332 458 5397 Καλῶς
497 5334 556 5388 δὲ
607 5329 763 5399 εἷπε,
808 5333 920 5404 τῆς
955 5334 1159 5404 δόξης.
1216 5335 1322 5390 Δύο
1354 5336 1464 5408 γὰρ
1506 5337 1828 5405 ὶπιφανείας

279 5423 434 5491 λέγει.
501 5426 614 5478 Καὶ
664 5426 698 5494 ἡ
741 5426 841 5495 μὲν
891 5424 1083 5498 πρώτη
1114 5466 1130 5493 ,
1180 5424 1365 5490 καθὼς
1422 5430 1518 5480 καὶ
1566 5427 1822 5497 ἀνωτέρω

342 5604 384 5635 ⁸⁷
417 5604 616 5676 prcs.
643 5625 718 5673 vr,
743 5609 796 5662 7.

1917 1954 2062 2006 servi
2085 1956 2216 2008 sint.
2257 1951 2514 2010 Omnibus
2541 1955 2688 2008 enim
2720 1953 3040 2019 hominibus,
3084 1953 3279 2023 inquit.
3302 1950 3481 2019 Atque

1918 2044 2054 2113 ipsis
2103 2044 2266 2097 etiam
2322 2045 2617 2098 multorum
2694 2054 3045 2113 peccatorqu
3096 2044 3481 2098 remissionem

1917 2134 2185 2199 donavit;
2214 2150 2383 2205 quare
2440 2151 2539 2205 par
2559 2144 2646 2191 est
2672 2145 2732 2189 ut
2758 2146 2812 2191 et
2871 2137 2972 2206 ipsi
3005 2136 3058 2190 in
3091 2145 3371 2204 posterum
3413 2135 3482 2188 ad

1913 2228 2145 2299 gloriam
2179 2227 2547 2283 benefactoris
2571 2229 2659 2284 sui
2689 2230 2852 2282 vitam
2873 2243 3027 2282 suam
3056 2228 3369 2281 instituant.

1991 2316 2156 2373 Vens.
2191 2318 2280 2371 12.
2306 2316 2572 2372 Erudiens
2600 2334 2716 2382 nos,
2744 2329 2802 2372 ut
2859 2318 3179 2388 abnegantes
3235 2319 3480 2387 impieta-

1919 2416 2020 2461 tem
2074 2417 2123 2461 et
2169 2408 2450 2461 swcularia
2471 2406 2758 2463 desideria.
2784 2408 2961 2478 Atque
2983 2409 3110 2463 hinc
3132 2423 3227 2463 cos
3261 2409 3484 2478 pudefa-

1916 2498 2012 2552 cit.
2040 2498 2413 2553 lnstitutorem
2467 2501 2615 2553 enim
2644 2499 2810 2555 Deum
2842 2502 3012 2564 nacti,
3042 2503 3321 2570 quomodo
3376 2517 3481 2555 non

1915 2588 2128 2644 debetis
2150 2590 2316 2659 digne
2339 2606 2406 2645 eo
2435 2592 2657 2645 vivere?
2680 2590 2866 2645 Gratia
2901 2601 3082 2647 autent
3111 2591 3236 2656 ista,
3282 2593 3483 2662 inquit,

1915 2696 2027 2736 non
2044 2681 2361 2735 extenditur
2381 2681 2448 2734 ad
2475 2680 2932 2736 condonationcm
2960 2682 3338 2737 tantummodo
3357 2697 3485 2753 prte-

1918 2774 2201 2827 teritorum
2227 2772 2573 2838 delictorum,
2607 2787 2797 2827 verum
2834 2773 2902 2827 de
2942 2772 3124 2827 futuro
3169 2775 3335 2828 etiam
3385 2791 3485 2829 nos

1920 2878 2147 2920 securos
2197 2863 2396 2918 reddit.
2424 2862 2619 2917 Erudit
2642 2864 2787 2917 enim
2815 2878 2935 2929 uos,
2964 2871 3020 2917 ut
3076 2863 3341 2934 deinceps
3394 2880 3485 2920 so-

1916 2955 2036 3011 brie
2087 2956 2370 3020 vivamus,
2428 2956 2520 3026 qui
2598 2955 2823 3009 omnino
2889 2956 3040 3024 prius
3099 2958 3486 3025 abnegavimns

1916 3044 2079 3117 633
2141 3048 2474 3117 impietatem
2555 3054 2721 3117 atque
2779 3048 3084 3103 mundanas
3130 3049 3483 3118 cupiditates.

1920 3138 2023 3194 l'er
2070 3138 2482 3209 abnegatiouem
2554 3140 2738 3209 itaque
2785 3141 3125 3195 aversiouem
3174 3140 3484 3209 signiﬁcat;

1917 3246 2041 3299 quae
2079 3247 2143 3286 ex
2171 3233 2353 3285 animo
2384 3232 2476 3285 liat
2535 3240 2758 3301 totoque
2808 3232 3003 3286 mentis
3041 3233 3260 3287 all‘ectu.
3295 3232 3488 3302 Impie-

1922 3334 2081 3377 tatem
2112 3335 2289 3379 autem
2317 3323 2678 3378 idololatriam
2728 3339 2999 3394 pravaque
3029 3324 3281 3395 dogmata
3308 3326 3491 3393 appel-

1921 3412 2016 3473 lat.
2046 3411 2343 3474 Seceularia
2376 3424 2559 3476 autem
2581 3413 2877 3478 desideria,
2901 3414 3212 3477 avaritiam,
3242 3413 3485 3477 delicias,

1932 3518 1987 3565 et
2018 3512 2122 3564 alia
2160 3527 2503 3582 quaecunque
2537 3514 2590 3566 in
2621 3517 2818 3567 ρωιιιιιι
2856 3505 2998 3567 haud
3027 3522 3246 3568 transeu
3273 3513 3333 3575 .l,
3389 3505 3484 3567 sed

1927 3600 1984 3655 in
2017 3602 2222 3655 mundo
2251 3602 2354 3657 hoc
2383 3617 2542 3656 suam
2575 3603 2775 3656 habent
2806 3604 3115 3667 utilitatem,
3168 3613 3331 3672 atque
3361 3619 3487 3655 cum

1923 3691 2044 3762 ipso
2067 3691 2463 3748 dissolvuntur.
2508 3691 2637 3745 Eam
2675 3693 2842 3763 igitur
2876 3694 2945 3747 ob
2977 3708 3089 3748 rem
3127 3698 3276 3750 venit
3325 3694 3485 3747 Chri-

1921 3790 2063 3850 stus,
2119 3791 2181 3839 ut
2238 3787 2575 3855 abnegemus
2627 3794 2680 3839 et
2720 3785 2884 3855 impia
2915 3785 3191 3854 dogmata,
3243 3795 3297 3839 et
3322 3786 3485 3839 vitam

1922 3874 2267 3938 sceleratam,
2292 3888 2415 3928 cum
2441 3876 2633 3929 eodem
2665 3873 2864 3929 all‘ectu
2905 3883 3136 3945 utraque
3183 3874 3310 3929 odio
3358 3890 3487 3945 pro—

1923 3973 2230 4033 sequentes.

1993 4055 2182 4111 Sobrie
2206 4064 2257 4110 et
2282 4056 2428 4126 just:
2474 4066 2525 4111 et
2560 4057 2646 4126 pic
2685 4058 2941 4111 vivamus.
2980 4055 3194 4120 Sobrie,
3231 4071 3338 4112 non
3368 4064 3490 4110 tan-

1925 4152 2041 4201 tum
2071 4145 2456 4203 abstinentiam
2511 4162 2542 4201 a
2588 4147 2957 4203 fornicatione
2989 4145 3279 4217 signiﬁcat,
3333 4147 3429 4203 sed
3459 4163 3491 4201 ιι

1925 4237 2154 4307 reliquis
2181 4238 2346 4293 etiam
2385 4238 2693 4293 affectibus.
2729 4238 2865 4293 Nam
2905 4239 2951 4293 si
2997 4239 3258 4308 pecunias
3315 4253 3491 4303 amas,

1925 4345 2035 4385 non
2076 4346 2139 4385 es
2167 4332 2409 4395 sobrius,
2442 4330 2552 4385 imo
2576 4346 2707 4386 vero
2751 4330 2874 4386 ideo
2903 4329 3360 4399 intemperantior
3408 4345 3491 4394 es,

1926 4421 2368 4493 quandoquidem
2406 4436 2435 4474 a
2475 4432 2670 4476 natura
2720 4437 2827 4475 non
2863 4423 2935 4475 sit
2981 4420 3068 4473 hic
3114 4419 3364 4475 affectus.
3416 4422 3497 4476 Ac

1927 4514 2269 4585 simpliciter,
2320 4513 2575 4583 quisquis
2626 4513 2695 4567 ab
2753 4513 2878 4566 aliis
2928 4512 3216 4581 quibusvis
3253 4511 3492 4565 motibus

1926 4606 2187 4669 vincitur,
2219 4620 2325 4658 non
2356 4612 2440 4658 est
2474 4602 2717 4659 sobrius.

1996 4698 2063 4751 In
2112 4695 2360 4765 prtesenti
2408 4693 2624 4750 sarculo.
2675 4694 2928 4750 Prmsens
3001 4693 3146 4748 enim
3203 4703 3486 4749 certamen

1925 4791 2088 4845 habet
2124 4806 2138 4842 :
2181 4789 2426 4842 futurum
2484 4798 2690 4854 autem,
2736 4785 3018 4858 prwmium
3057 4795 3110 4841 et
3161 4785 3490 4840 retributio-

1926 4897 2046 4936 nes.

2000 4971 2171 5028 Vens.
2207 4971 2294 5026 15.
2332 4969 2714 5040 Exspectant“
2753 4970 2961 5024 beatam
3010 4984 3170 5037 spem,
3219 4977 3269 5023 et
3302 4968 3492 5024 adven-

1929 5072 2038 5117 tum
2067 5061 2252 5132 gloria:
2284 5061 2460 5129 magni
2519 5059 2636 5126 Dei,
2694 5068 2743 5114 et
2792 5058 3089 5113 Servataris
3140 5058 3310 5114 nostri
3361 5055 3491 5111 Iesu

1930 5154 2155 5210 Christi.
2186 5154 2265 5208 Eu
2301 5152 2605 5223 prwmium,
2638 5155 2919 5207 secundus
2950 5153 3043 5207 ille
3071 5152 3360 5213 adventus,
3395 5152 3489 5217 qui

1932 5254 2248 5302 revera'est
2303 5245 2520 5300 beatus.
2558 5240 2792 5296 Pulchre
2855 5249 3034 5296 autem
3089 5238 3249 5302 dixit,
3283 5238 3487 5307 gloria'.

1932 5339 2174 5393 Duorum
2204 5336 2350 5392 enim
2379 5334 2709 5390 adventuum
2742 5335 3076 5389 mentionem
3106 5329 3256 5385 facit.
3306 5328 3344 5386 S
3366 5330 3494 5399 qui.

1933 5431 2055 5484 dem
2114 5429 2349 5498 primus,
2413 5426 2875 5497 quemadmodum
2932 5438 3096 5494 supra
3133 5422 3342 5479 dictum
3384 5429 3488 5487 est,

988 5750 995 5756 .
1608 5696 1806 5758 Varia;
1841 5695 2161 5758 lectiones.

367 5799 412 5832 ⁸⁸
442 5800 702 5866 σημαίνει
730 5816 784 5855 ο.
858 5802 904 5832 ⁸⁸
927 5800 1048 5854 οὐδὲ
1086 5799 1324 5870 φυσικὴν
1356 5798 1417 5853 τδ
1443 5798 1614 5863 πάθος
1646 5798 1818 5869 ἀρχὴν
1844 5799 1954 5868 ἔχει
1990 5812 2063 5851 ιιι.
