3990 6552
458 382 559 451 167

1376 382 1957 444 THEOPI-IYLACTI
1984 380 2397 442 BULGARIE
2436 374 2787 443 ARClIlEP.

3614 385 3712 453 163

455 500 683 557 domum
723 499 885 570 plane
908 507 1147 555 veterem
1191 511 1299 551 non
1327 493 1689 560 sulTulcimus,
1734 511 1921 549 verum
1966 494 2034 549 ad

2153 493 2509 564 παμπάλαιον
2568 495 2668 567 οὐχ
2717 497 3175 571 ὑποστηρίζομεν,
3238 503 3374 558 ἀλλὰ
3416 505 3579 578 μέχρι
3606 507 3715 560 τῶν

460 591 818 647 fundamenta
852 605 1028 658 usque
1082 588 1377 649 diruimus,
1432 602 1742 657 novamque
1789 587 2031 641 aediﬁca-

465 698 590 738 mus
624 701 637 736 :
667 682 1008 738 consimilem
1037 680 1100 732 ad
1132 678 1397 732 rationem
1432 678 1576 734 Deus
1610 694 1716 732 non
1753 678 2036 733 reconcin-

460 777 611 829 navit
649 789 789 841 nos,
840 773 933 827 sed
989 774 1170 827 denuo
1228 771 1493 828 eondidit.
1556 770 1891 836 Quomodo?
1932 772 2036 825 Per

460 865 720 938 Spiritum
753 874 1024 922 Sanctum.
1060 863 1136 920 Ne
1160 862 1305 919 enim
1333 879 1548 934 quan-as
1570 863 1792 918 modum
1819 883 1831 919 :
1859 864 2034 933 Spiri-

458 969 568 1022 tus,
606 958 799 1025 inquit,
827 964 1000 1011 totum
1019 955 1314 1026 transegit.
1345 954 1497 1011 Unde
1521 956 1624 1010 hoc
1644 956 2036 1027 perspicuum?

460 1048 623 1114 Quem
649 1049 860 1117 e/fndrt,
890 1049 1089 1117 inquit,
1121 1046 1332 1101 abunde
1364 1048 1418 1101 in
1451 1064 1566 1103 nos.
1600 1046 1718 1103 Non
1744 1050 1884 1103 enim
1919 1059 2036 1104 tan-

461 1141 742 1195 tummodo
775 1156 871 1211 per
909 1141 1063 1194 illum
1099 1139 1318 1195 reﬁnxit
1350 1157 1474 1204 nos.
1512 1140 1609 1196 sed
1648 1142 1797 1210 large
1857 1142 2033 1211 ipsum

459 1233 623 1285 etiam
652 1232 813 1285 nobis
837 1230 1122 1301 impertiit,
1157 1240 1216 1283 ot
1251 1238 1305 1284 et
1339 1230 1471 1284 illud
1497 1246 1591 1300 per
1626 1231 1728 1284 boc
1761 1239 2035 1284 monstre-

462 1332 571 1379 tur.
600 1324 676 1375 Ac
704 1324 924 1377 merito.
951 1321 1247 1391 Postquam
1281 1323 1424 1375 cnim
1449 1321 1735 1375 mundavit
1764 1336 1885 1385 nos,
1923 1330 2036 1375 tum

458 1422 512 1467 et
538 1413 744 1483 Spiritu
775 1428 875 1468 suo
916 1415 1132 1469 abunde
1165 1429 1266 1468 nos
1304 1413 1570 1483 implevit,
1609 1414 1713 1468 lioe
1740 1413 1882 1466 enim
1931 1423 2034 1475 est,

461 1504 606 1573 quod
646 1506 763 1558 ait:
796 1502 1023 1572 Effudit.
1061 1503 1216 1569 Quod
1257 1504 1402 1557 enim
1462 1505 1737 1573 impurum
1782 1518 1888 1557 non
1956 1503 2038 1557 in-

460 1598 724 1667 greditur.
758 1596 883 1651 llaec
914 1606 1094 1653 autem
1132 1613 1223 1666 per
1244 1595 1424 1650 Iesum
1451 1597 1820 1666 contigerunt,
1863 1596 2036 1662 siqui-

384 1678 391 1683 ’
461 1691 583 1745 dem
626 1693 741 1761 ipse
769 1691 1016 1745 oumium
1049 1691 1320 1746 bonorum
1352 1700 1407 1746 et
1434 1691 1704 1746 mediator
1730 1696 1785 1744 et
1818 1690 2041 1759 largitor

460 1796 563 1839 OSI.

536 1878 700 1935 Vens.
734 1881 784 1933 7.
832 1880 895 1934 Ut
926 1880 1216 1949 justi/irati
1246 1879 1423 1949 gratia
1472 1878 1660 1947 ipsius,
1693 1876 1924 1932 Itwredes
1965 1878 2011 1932 si
2065 1859 2114 1919 Β

462 1989 577 2025 mus
609 1972 895 2031 secundum
939 1988 1079 2040 spem
1117 1973 1232 2033 vita:
1283 1982 1515 2025 (elerum.
1582 1969 1795 2024 Rursus
1840 1969 2038 2038 gratia,

466 2078 573 2115 non
597 2062 780 2116 debito
803 2061 956 2116 dicit.
995 2060 1105 2114 Hoc
1134 2070 1313 2114 autem
1344 2075 1444 2115 nos
1470 2059 1831 2113 humilitatem
1858 2058 2036 2113 docet.

467 2150 581 2205 Non
634 2151 780 2205 enim
828 2151 935 2220 ipsi
960 2150 1169 2219 aliquid
1220 2149 1606 2220 transegimus.
1668 2148 1894 2217 Insuper
1942 2161 2043 2201 nos

466 2244 605 2298 bene
635 2258 860 2312 sperare
894 2242 1028 2297 facit
1060 2245 1126 2296 de
1188 2240 1391 2295 futuris
1451 2239 1633 2295 bonis.
1675 2238 1732 2293 Si
1764 2239 1907 2292 enim
1940 2251 2041 2293 nos

464 2332 604 2387 adeo
642 2334 962 2402 desperatos
994 2341 1048 2387 et
1084 2333 1331 2402 perditos
1372 2348 1468 2404 per
1494 2331 1725 2403 gratiam
1775 2328 2036 2393 servavit,

473 2423 646 2477 multo
680 2426 852 2495 magis
881 2424 1201 2493 justilicatis
1257 2434 1484 2479 ventura
1553 2423 1695 2477 bona
1755 2421 2039 2490 largietur.

471 2514 542 2567 Ut
580 2512 901 2576 elﬁciamur,
931 2513 1098 2585 636
1127 2514 1325 2582 inquit,
1372 2511 1618 2568 bmredes
1644 2521 1862 2566 :eternze
1892 2511 2036 2575 vitze,

467 2604 693 2673 perinde
721 2619 785 2660 ac
811 2620 1118 2675 speramus.
1155 2606 1250 2661 Vel
1277 2606 1406 2677 quia
1431 2605 1546 2676 jam
1578 2604 1822 2659 lia-redcs
1844 2602 2041 2668 simus,

465 2703 740 2764 quatenus
770 2695 836 2749 ad
859 2711 1036 2766 spem.

539 2785 705 2841 Vnus.
736 2787 788 2841 8.
821 2786 1014 2842 Fidelis
1040 2804 1231 2843 sermo.
1264 2788 1403 2855 Quia
1456 2788 1524 2844 de
1570 2786 1772 2843 futuris
1827 2789 2043 2845 locutus

2142 583 2408 655 θεμελίων
2455 584 2867 656 καθαιροῦντες,
2904 590 2967 642 ὲκ
2998 591 3188 659 καινῆς
3234 593 3525 664 κτίζομεν·
3571 593 3717 649 οὕτω

2140 677 2276 730 καὶὸ
2301 676 2432 740 Θεὸς
2454 677 2554 731 οῦκ
2583 677 2951 733 ἐπεσκεύασεν
2996 683 3168 752 ἡμᾶς,
3201 683 3317 736 ἀλλ’
3346 684 3554 739 ἄνωθεν
3586 696 3716 739 κατ⁴

2136 770 2423 823 εσκεῦασε.
2461 768 2584 833 Πῶς
2611 786 2627 839 ;
2657 771 2757 823 Διά
2790 771 3104 841 Πνεῦματος
3135 776 3315 844 ἁγίου.
3354 777 3470 829 Ἵνα
3496 778 3606 846 γὰρ
3640 778 3717 846 μὴ

2135 858 2304 930 ζητῇς
2325 860 2417 911 τὸν
2446 860 2670 929 τρόπον,
2703 860 2764 913 st
2805 862 3050 932 Πνεῦμα,
3109 866 3260 936 φησὶ,
3298 866 3631 937 κατώρθωσε
3657 867 3719 919 τὸ

2136 952 2264 1004 πᾶν.
2300 950 2467 1005 Πόθεν
2488 951 2645 1005 τοῦτο
2665 951 2824 1022 δῆλον
2843 970 2857 1021 ;
2900 957 2968 1008 Ὀ
2988 955 3209 1025 ἐξέχεε,
3224 958 3378 1026 φησὶ,
3406 959 3720 1024 πλουσίως

2134 1043 2227 1112 ἐφ’
2254 1043 2429 1113 ἡμᾶς.
2463 1046 2539 1098 Οὐ
2590 1047 2752 1116 μόνον
2779 1048 2888 1117 γὰρ
2930 1049 3000 1101 δι’
3030 1049 3194 1102 αὑτοῦ
3225 1051 3548 1115 ἀνέπλασεν,
3581 1050 3722 1105 am

2137 1138 2230 1191 atati.
2259 1138 2496 1208 δαψιλῶς
2528 1139 2717 1194 τούτου
2744 1141 3068 1210 μετέδωκεν,
3101 1143 3185 1196 ἵνα
3217 1144 3439 1198 κάκεῖνο
3473 1144 3562 1197 διὰ
3592 1140 3724 1197 τοῦ·

2135 1246 2230 1281 του
2259 1228 2466 1300 δειχθῇ.
2498 1229 2609 1282 Καὶ
2652 1231 2898 1296 εἰκότως.
2954 1233 3173 1303 Ἐπειδὴ
3229 1233 3340 1305 γάρ
3387 1234 3717 1302 ὲκαθάρισε,

2136 1322 2255 1376 τότε
2284 1325 2378 1376 καὶ
2414 1322 2517 1376 τοῦ
2551 1324 2872 1394 Πνεῦματος
2902 1325 3222 1399 ἐπλήρωσεν
3256 1329 3403 1398 ἡμᾶς
3447 1326 3719 1395 ἀφθόνως.

2139 1414 2310 1469 Τοῦτο
2334 1416 2442 1484 γάρ
2468 1415 2554 1481 τὸ,
2577 1414 2841 1486 ἐξέχεεν.
2879 1417 2969 1481 Εἰς
2996 1419 3103 1487 γάρ
3124 1419 3466 1489 ἀκαθάρτους
3490 1419 3591 1472 οὐκ
3609 1420 3724 1472 εἰσ-

2138 1504 2356 1574 έρχεται
2382 1505 2443 1558 τὸ
2480 1505 2740 1577 καθαρόν.
2798 1504 2983 1560 Ταῦτα
3013 1507 3069 1560 δὲ
3112 1507 3210 1561 διὰ
3253 1507 3451 1576 Ἰησοῦ
3483 1522 3496 1537 ’
3556 1509 3720 1571 αὐτὸς

2139 1596 2248 1667 γάρ
2306 1598 2439 1668 ἡμῖν
2474 1598 2706 1669 μεσίτης
2753 1600 2845 1653 καὶ
2905 1598 3166 1670 πρόξενος
3197 1601 3417 1679 πάντων
3444 1600 3554 1653 τῶν
3578 1601 3720 1666 ἁγα-

2140 1685 2268 1741 θῶν.

2214 1866 2347 1921 Ἵνα
2377 1866 2792 1934 δικαιωθέντες
2839 1864 2914 1937 τῇ
2944 1868 3183 1924 ἐκείνου
3247 1866 3461 1940 χάριτι,
3512 1872 3728 1939 κληρο-

2140 1961 2312 2028 νόμοι
2338 1957 2641 2030 γενώμεθα
2669 1962 2796 2015 κατ’
2814 1959 3032 2015 ἐλπίδα
3059 1960 3210 2031 ζωῆς
3236 1962 3502 2018 αἰωνίου.
3554 1964 3727 2018 Πάλιν

2141 2054 2223 2118 τὸ,
2251 2051 2467 2123 χάριτι,
2492 2055 2592 2107 οῦκ
2620 2054 2832 2126 ὀφειλῇ.
2858 2055 3033 2109 Τοῦτο
3070 2055 3127 2108 δὲ
3153 2055 3250 2108 καὶ
3291 2055 3728 2125 ταπεινοφροσύ-

2144 2164 2240 2216 νην
2264 2145 2530 2199 διδάσκει.
2563 2147 2639 2201 Οὐ
2675 2148 2783 2218 γάρ
2807 2133 2960 2201 αὖτοῗ
2994 2165 3046 2200 τι
3078 2145 3547 2219 κατωρθώσαμεν.
3614 2149 3728 2201 Καὶ

2140 2240 2428 2305 εὐέλπιδας
2471 2243 2617 2293 ποιεῖ
2653 2243 2781 2312 περὶ
2820 2242 2929 2294 τῶν
2960 2240 3287 2311 μελλόντων.
3318 2242 3378 2295 lii
3409 2243 3519 2313 γὰρ
3544 2241 3725 2305 οὕτως

2139 2332 2593 2403 ἀπεγνωσμένους
2614 2334 2797 2404 χάριτι
2832 2333 3026 2400 ἔσωσε,
3060 2332 3241 2403 πολλῴ
3267 2333 3470 2405 μᾶλλον
3496 2336 3726 2386 δικαιω-

2141 2427 2280 2479 θεῖσι
2313 2425 2382 2481 τὸι
2428 2426 2689 2496 μέλλοντα
2744 2424 2932 2481 δώσει.
2969 2425 3110 2489 Ἵνα,
3172 2426 3329 2495 φησι,
3389 2425 3723 2495 κληρονόμοι

2140 2517 2429 2587 γενώμεθα
2482 2517 2628 2589 ζωῆς
2698 2499 2944 2583 αἰωνίου,
3000 2517 3143 2570 καθά
3182 2517 3276 2570 καὶ
3307 2518 3622 2586 ἐλπίζομεν.
3656 2517 3728 2570 Ἢ

2140 2611 2222 2664 ὅτι
2255 2611 2354 2683 ήδη
2381 2611 2710 2684 κληρονόμοι
2740 2611 2929 2682 ἐσμὲν,
2965 2611 3088 2665 ὅσον
3115 2628 3177 2680 γε
3206 2613 3271 2682 τῇ
3305 2610 3503 2666 ἐλπίδι.

2217 2798 2439 2864 Πιστὸς
2485 2800 2516 2851 ὁ
2553 2798 2757 2866 λόγος.
2802 2796 3021 2866 Ἐπειδὴ
3072 2796 3203 2867 περὶ
3229 2796 3537 2867 μελλόντων
3571 2791 3720 2857 εἷπε.

442 2887 601 2941 ⁷εισι,
635 2878 982 2932 autoritatem
1010 2879 1179 2933 verbo
1209 2894 1311 2933 suo
1336 2878 1508 2932 addit.
1544 2877 1769 2932 Planum
1789 2879 1932 2934 enim
1963 2888 2045 2935 est

2153 2894 2207 2946 τὸ
2245 2892 2559 2958 ἀξιόπιστον
2589 2890 2665 2957 τῷ
2694 2889 2838 2960 λόγῳ
2890 2889 3239 2961 προστίθησι.
3285 2890 3455 2961 Δῆλον
3482 2890 3591 2960 γὰρ
3621 2889 3732 2941 ἀπὸ

469 2986 500 3022 a
542 2970 997 3040 prmcedentibus.
1026 2969 1161 3024 Nam
1202 2972 1291 3041 qui
1320 2972 1446 3026 talia
1467 2972 1636 3035 dedit,
1670 2972 1853 3027 futura
1879 2974 2042 3026 etiam

2153 2987 2256 3037 τῶν
2304 2981 2688 3053 προλαϐόντων
2715 2999 2730 3015 ε
2769 2984 2795 3036 ό
2828 2981 2934 3052 γὰρ
2956 2981 3191 3035 τοσαῦτα
3233 2981 3379 3047 δοὺς,
3415 2983 3521 3035 καὶκ
3555 2981 3735 3034 ταῦτα

469 3063 701 3117 daturus
732 3070 839 3118 est.
1962 3057 1971 3065 ’

2153 3072 2329 3126 δώσει.

543 3152 615 3207 Et
649 3154 713 3208 de
746 3153 827 3208 his
856 3154 971 3210 volo
999 3164 1045 3209 te
1075 3157 1415 3225 con/innare,
1452 3165 1510 3209 ut
1547 3166 1726 3211 curent
1755 3155 1902 3210 bonis
1927 3172 2046 3224 ape-

2220 3169 2328 3221 Kal
2368 3167 2498 3235 περὶ
2528 3168 2759 3221 τούτων
2787 3166 3090 3235 ,βούλομαί
3111 3182 3186 3220 σε
3222 3163 3731 3226 διαϐεϐαιοῦσθαι,

480 3247 625 3300 ribus
651 3262 875 3315 praeesse
907 3247 997 3317 qui
1042 3248 1259 3302 credunt
1291 3246 1425 3303 Deo.
1477 3246 1615 3314 Quia
1653 3246 1744 3302 Dei
1780 3247 2046 3304 bduitatis

2153 3259 2249 3313 ἵνα
2268 3257 2622 3327 φροντιζῖυσι
2653 3255 2855 3312 καλῶν
2884 3256 3078 3325 ἔργων
3102 3258 3509 3324 προΐστασθαι
3534 3260 3589 3310 οὶ
3630 3250 3734 3309 ἑτε-

474 3339 768 3394 ἱιιθίΐιὼὶιίε
794 3342 1128 3395 mentionem
1166 3341 1320 3405 fecit,
1374 3338 1510 3396 Volo
1546 3350 1615 3407 te,
1646 3341 1845 3410 inquit,
1880 3340 1951 3395 ita
1980 3341 2046 3397 de

2153 3352 2542 3415 πιστευκότες
2585 3348 2725 3415 Θεῷ.
2764 3350 2983 3419 Ἐπειδὴ
3031 3351 3316 3420 ὑπέμνησε
3344 3350 3442 3420 τῆς
3473 3348 3569 3401 τοῦ
3593 3347 3735 3401 Θεοῦ

473 3434 596 3489 istis
627 3433 843 3501 docere,
884 3443 942 3489 ut
968 3436 1189 3490 discant
1217 3436 1403 3491 ﬁdeles
1433 3450 1540 3490 non
1566 3434 1914 3489 solummodo
1942 3434 2043 3490 Int-

2153 3443 2361 3512 άφάτου
2407 3441 2770 3511 άγαθότητος,
2803 3441 2992 3511 φησὶν,
3025 3440 3181 3495 Οῦτω
3202 3440 3467 3509 βούλομαί
3497 3457 3555 3493 σε
3584 3440 3736 3494 διδά-

473 3527 675 3583 militer
706 3543 919 3598 sapere,
946 3536 998 3585 et
1025 3544 1133 3584 non
1168 3527 1478 3584 conviciari
1505 3528 1649 3590 aliis,
1668 3543 1852 3583 verum
1881 3528 2046 3583 etiam

2153 3552 2302 3589 σκειν
2344 3536 2472 3606 περὶ
2498 3533 2721 3598 τούτων,
2753 3534 2842 3588 ἵνα
2874 3533 3121 3602 μάθωσιν
3151 3536 3200 3587 oi
3230 3536 3414 3589 πιστοὶ
3459 3532 3536 3602 μὴ
3568 3533 3737 3602 μόνον

474 3619 749 3675 misereri.
784 3618 887 3687 Qui
925 3621 1073 3675 enim
1108 3636 1295 3677 secum
1352 3620 1687 3691 reputaverit
1738 3618 2046 3676 misericor-

2153 3626 2618 3695 ταπεινοφρονεῖν,
2669 3625 2765 3678 καὶ
2798 3623 2873 3695 μὴ
2899 3624 3179 3687 ὀνειδίζειν
3208 3621 3409 3687 ἄλλοις,
3465 3622 3603 3677 ἀλλὰ
3638 3625 3739 3676 καὶ

473 3708 618 3762 diam
678 3725 842 3780 quam
885 3709 1002 3778 ipse
1034 3725 1064 3763 a
1114 3709 1223 3765 Deo
1263 3710 1333 3765 sit
1361 3717 1676 3775 assecutus,
1732 3710 1848 3778 ipse
1885 3710 2046 3765 etiam

2153 3717 2342 3773 ἐλεεῖν.
2383 3716 2441 3770 Ὀ
2486 3716 2595 3787 γὰρ
2625 3716 2819 3769 ἐννοῶν
2871 3717 2965 3769 τὸν
2995 3715 3143 3769 ἔλεον
3182 3715 3277 3768 τοῦ
3318 3714 3455 3767 Θεοῦ
3482 3708 3542 3768 οὗ
3570 3714 3739 3777 αὐτὸς

472 3800 854 3856 miserebitur.
903 3802 966 3857 Ut
997 3811 1203 3864 curent,
1251 3800 1452 3869 inquit,
1506 3798 1609 3854 hoc
1664 3807 1771 3863 est,
1805 3806 1864 3853 ut
1911 3798 2046 3855 assi-

2153 3807 2367 3878 ἔτυχεν,
2398 3807 2613 3877 ἐλεήσει
2641 3808 2737 3861 καὶ
2758 3806 2940 3870 αὑτός.
2980 3807 3116 3861 Ἵνα
3145 3805 3518 3875 φροντίζωσι,
3573 3806 3735 3875 φησὶ,

473 3890 638 3945 duam
667 3892 796 3945 dent
825 3906 1068 3960 operam,
1115 3892 1417 3961 seduloque
1471 3891 1793 3947 adnitantur
1846 3891 2046 3962 injuste

2153 3903 2451 3965 τουτέστιν,
2516 3901 2677 3973 ἔργον
2721 3900 2817 3954 καὶ
2874 3899 3197 3967 σποῦδασμα
3254 3898 3500 3968 διηνεκὲς
3565 3899 3737 3966 ἔχωσι

456 3982 757 4052 ,opprcssis
794 3997 1125 4037 succurrere
1157 4002 1169 4038 :
1211 3983 1412 4047 viduis,
1442 3984 1728 4053 orphanis,
1752 3992 1832 4050 et,
1856 3993 1914 4039 ut
1941 4000 2046 4041 uno

2155 3994 2368 4065 βοηθεῖν
2405 3975 2803 4061 άδικουμένοις·
2836 3990 3059 4061 χηρῶν,
3090 3990 3369 4061 ὀρφανῶν,
3394 3990 3488 4043 καὶ
3521 3988 3734 4052 ἁπλῶς,

475 4077 640 4131 verbo
677 4076 882 4141 dicam,
931 4077 1221 4147 quibusvis
1257 4076 1627 4147 indigentibus
1686 4077 1997 4147 prospicere
2032 4094 2046 4132 :

2153 4083 2267 4139 τῶν
2303 4084 2575 4154 δεομένων
2603 4082 2953 4152 προνοεῖσθαι
2976 4100 2991 4113 ο
3022 4082 3181 4135 τοῦτο
3218 4083 3325 4152 γὰρ
3352 4081 3502 4151 δηλοῖ
3522 4083 3599 4145 τὸ,
3631 4100 3739 4135 κα-

477 4167 581 4221 boc
616 4167 758 4221 enim
793 4166 1020 4232 indicat,
1067 4166 1218 4222 bonis
1247 4166 1490 4234 operibus
1515 4182 1739 4233 prwerse
1763 4184 1781 4221 :
1815 4182 1916 4223 nec
1960 4183 2046 4223 ex-

2153 4176 2279 4230 .Ié'ir
2322 4175 2511 4245 ἔργων
2556 4173 2978 4243 προΐστασθαι,
3008 4176 3102 4229 καὶ
3134 4174 3209 4245 μὴ
3252 4174 3568 4245 ἀναμένωσι
3600 4174 3738 4236 τοὺς

480 4267 727 4327 spectent
757 4258 1027 4327 tantisper
1061 4257 1187 4312 dum
1215 4270 1438 4329 egentes
1468 4258 1533 4313 ad
1561 4273 1657 4313 eos
1684 4260 2046 4329 pervenerint,

2153 4267 2444 4338 δεομένους
2475 4268 2613 4338 πρὸς
2641 4268 2839 4332 αὐτοὺς
2865 4267 3061 4334 ἐλθεῖν,
3084 4267 3203 4321 ἀλλ’
3227 4268 3385 4321 αὐτοὶ
3404 4267 3536 4339 περὶ
3551 4266 3739 4322 αὐτῶν

477 4350 573 4405 sed
602 4351 704 4420 ipsi
737 4365 925 4406 eorum
955 4364 1142 4404 rurant
1171 4359 1382 4420 gerant.

549 4439 678 4496 Haec
706 4454 829 4496 sunt
858 4441 996 4496 bona
1021 4452 1068 4497 et
1099 4443 1255 4497 utilia
1264 4443 1595 4516 ﬂaminibus.
1631 4443 1774 4499 Cura
1802 4455 1856 4498 et
1904 4458 2046 4513 prtu-

2272 4376 2490 4415 ιιινωσι.

2272 4376 2286 4412 ι
2336 4376 2490 4415 νωσι.

2158 4375 2429 4507 “segni
2476 4452 2609 4506 ἐστι
2663 4453 2737 4506 τὰ
2772 4452 2931 4506 καλὰ
2951 4450 3047 4506 καί
3074 4452 3343 4521 ὠφέλιμα
3362 4452 3487 4519 τοῖς
3505 4452 3738 4523 ἀνθρώ-

477 4531 693 4586 l‘ectura
750 4532 1019 4589 bonorum
1073 4547 1322 4604 operum,
1370 4537 1454 4589 vel
1513 4536 1633 4605 ipsa
1693 4536 1857 4591 etiam
1909 4535 2046 4589 bona

2158 4557 2316 4609 ποις.
2356 4543 2419 4596 Ἡ
2451 4542 2673 4613 φροντὶς
2729 4543 2826 4596 καὶ
2874 4544 2909 4614 ἡ
2937 4543 3246 4614 προστασία
3297 4543 3404 4597 τῶν
3434 4544 3615 4597 καλῶν
3644 4545 3741 4617 ἔρ-

475 4639 666 4695 opera.

549 4714 721 4770 Vsns.
740 4715 795 4769 9.
846 4716 1055 4773 Stultus
1088 4727 1263 4772 autem
1325 4720 1660 4789 quarslioner,
1710 4730 1759 4774 ot
1811 4722 2058 4789 genealo-

476 4806 617 4877 gius,
641 4816 691 4860 et
730 4809 1112 4873 contentiones,
1156 4820 1206 4864 et
1250 4826 1455 4877 pugnas
1497 4812 1623 4881 legis
1674 4812 1870 4867 devita.
1920 4813 2056 4869 Sunt

476 4898 617 4950 enim
646 4899 859 4952 inutiles
901 4910 949 4954 et
972 4915 1141 4957 uanw.
1175 4900 1629 4957 Stultasinutiles
1650 4910 1832 4967 vocat,
1864 4906 2057 4973 quales

476 4985 649 5042 Judaei
697 4987 949 5044 ﬁdelibus
975 4989 1240 5046 inferunt.
1285 4989 1643 5062 Genealogias
1671 5002 1881 5057 autem,
1918 5010 2056 5064 quas

478 5079 641 5135 iidem
666 5081 989 5146 coniiciunt,
1019 5097 1174 5137 suam
1199 5083 1264 5138 ad
1299 5083 1637 5153 patriarchas
1683 5086 2054 5155 genealogiam

483 5172 800 5235 referentes,
872 5184 927 5227 et
986 5174 1288 5244 majoribus
1345 5177 1452 5231 illis
1513 5178 1832 5248 gloriantes.
1872 5179 2058 5254 inta

483 5263 669 5333 igitur,
696 5264 800 5319 hoc
821 5274 926 5329 est,
958 5265 1138 5335 rejiee.
1187 5265 1372 5338 Neque
1418 5270 2059 5339 enimpraatermitteuda

486 5366 616 5411 sunt
668 5360 987 5413 necessaria
1024 5377 1212 5431 opera,
1253 5374 1576 5434 tempusque
1618 5365 1671 5419 in
1702 5367 2057 5435 vaniloquen-

400 5444 415 5456 ’
486 5448 561 5502 tia
592 5449 991 5520 iuutilibusque
1025 5455 1223 5523 pugnis
1247 5458 1704 5512 consumendum.
1756 5458 1884 5522 Quae
1914 5458 2057 5512 enim

482 5539 775 5597 conﬂictus
825 5542 1137 5601 istiusmodi
1190 5547 1422 5610 utilitas,
1464 5550 1555 5603 ubi
1591 5564 1754 5603 nemo
1787 5547 1854 5604 ad
1892 5549 2057 5604 Cbri-

488 5640 636 5686 stum
660 5633 913 5704 captivus
931 5634 1190 5692 ducitur?
1219 5637 1506 5704 Quomodo
1531 5640 1700 5710 igitur
1726 5655 1888 5710 supra
1906 5639 2057 5694 dedit

489 5723 545 5778 in
579 5723 877 5792 mandatis,
912 5737 972 5782 ut
1013 5727 1328 5784 Obstrueret
1381 5744 1477 5784 ora
1518 5730 2060 5787 contradicentium?

492 5812 551 5869 Si
578 5817 701 5873 aliis
729 5818 992 5888 emerant,
1034 5829 1146 5877 tutu
1196 5829 1323 5878 sunt
1357 5825 1764 5893 compescendi.
1812 5822 2056 5893 Ipsorum

2158 4633 2340 4702 γων,ἦ
2369 4633 2507 4686 αὐτὰ
2534 4632 2604 4686 τά
2636 4633 2782 4687 κακά
2814 4632 2970 4704 ἔργα.

2230 4724 2443 4793 Μωρὰς
2493 4724 2562 4779 δὲ
2617 4726 2937 4796 ζητήσεις,
2993 4725 3094 4780 καὶ
3162 4728 3578 4797 γενεαλογίας,
3632 4731 3738 4785 καὶ

2155 4816 2331 4883 ἕρεις,
2359 4815 2455 4869 καὶ
2480 4816 2684 4886 μάχας
2727 4817 2978 4886 νομικὰς
3026 4820 3380 4887 περιΐστασο
3411 4836 3424 4851 ο
3460 4820 3579 4873 εισι
3624 4820 3739 4890 γὰρ

2156 4908 2489 4978 ἀνωφελεῖς
2518 4910 2617 4964 καί
2637 4909 2896 4979 μάταιοι.
2923 4909 3128 4981 Μωρὰς
3171 4911 3267 4973 τάς
3305 4913 3605 4979 ἀνωφελεῖς
3632 4931 3740 4982 φη-

2167 5018 2275 5064 σιν,
2300 5002 2421 5065 οἵας
2449 5003 2498 5054 οἱ
2543 5003 2786 5055 Ἰουδαῖοι
2821 5004 3090 5071 ἐπάγουσι
3121 5007 3231 5067 τοῖς
3261 5007 3494 5067 πιστοῖς.
3539 5006 3741 5059 Γενεα-

2159 5093 2347 5160 λογίας
2377 5091 2457 5153 δὲ,
2494 5092 2629 5155 ὁ.ςοὶ
2662 5093 2817 5147 αὐτοὶ
2857 5092 3156 5157 ποιοῦνται,
3211 5095 3340 5157 τοὺς
3389 5095 3739 5166 πατριάρχας

2159 5182 2608 5249 γενεαλογοῦντες
2630 5182 2926 5252 προγόνους
2952 5182 3149 5246 αὐτῶν,
3181 5183 3275 5236 καὶ
3301 5183 3510 5246 τούτοις
3530 5185 3741 5250 ἐγκαυ-

2161 5273 2419 5341 χὼμενοι.
2453 5274 2814 5341 Περιΐστασο
2836 5270 2951 5338 οὖν,
2985 5274 3105 5325 ἀντὶ
3134 5272 3250 5339 τοῦ,
3276 5275 3577 5344 παραιτοῦ.
3602 5275 3739 5327 Οὐδὲ

2162 5362 2271 5433 γάρ
2306 5364 2387 5416 δεῖ
2450 5364 2670 5431 ἀφιέναι
2696 5364 2760 5416 τά
2793 5363 3068 5430 ἀναγκαῖα
3121 5363 3279 5433 ἔργα,
3348 5363 3440 5416 καὶ
3491 5363 3741 5433 δαπανᾷν

2162 5458 2255 5508 τὸν
2308 5456 2499 5526 καιρὸν
2529 5458 2609 5517 είς
2659 5456 3045 5526 ματαιολογίας
3099 5458 3193 5509 καὶ
3235 5457 3417 5526 μάχας
3465 5455 3741 5524 ἁκερδεξς.

2163 5547 2229 5600 Τί
2255 5548 2366 5619 γὰρ
2392 5547 2582 5618 κέρδος
2621 5548 2913 5619 μάχεσθαι,
2955 5547 3083 5599 ἔνθα
3109 5548 3169 5600 οῦ
3210 5547 3395 5618 μέλλει
3418 5564 3501 5609 τις
3530 5548 3743 5616 αἰχμα-

2161 5638 2494 5709 λωτισθῆναι
2528 5642 2607 5703 εἰς
2646 5640 2915 5710 Χριστόν,
2941 5639 3065 5704 Πῶς
3095 5639 3189 5694 οὖν
3215 5639 3473 5717 ᾁνωτέρω
3503 5656 3745 5708 παρεκεο

2163 5732 2392 5785 λεύσατο
2423 5732 2796 5799 ἐπιστομίζειν
2822 5735 2951 5798 τοὺς
2976 5734 3393 5800 άντιλέγοντας;
3439 5734 3611 5787 Ὅταν
3651 5733 3749 5784 ἐπὶ

2167 5822 2342 5895 βλάϐῃ
2380 5823 2555 5879 ἄλλων
2594 5818 2717 5892 ὦσι,
2749 5826 2870 5880 τότε
2930 5826 3011 5881 δεῖ
3043 5826 3418 5896 ἐπιστομίζειν
3440 5839 3456 5856 ’
3489 5823 3653 5886 τάσιν
3687 5820 3745 5875 δὲ
