3990 6592
531 423 623 486 171
1484 429 1585 487 ΤΗ
1596 427 2068 489 EOPIIYLACTI
2108 429 2523 491 BULGARIIE
2561 431 2921 501 ARCHIEP.

3674 440 3780 504 ΠΞ

583 534 754 606 638
772 533 960 589 Gratia
979 552 1095 590 cum
1118 537 1359 591 omnibus
1387 536 1751 591 vobis.Amen.
1781 539 2017 609 Exoptat
2049 549 2105 595 ut

2291 540 2361 596 Ἦ
2395 539 2569 610 χάρις
2589 542 2739 610 μετὰ
2765 542 3010 597 πάντων
3042 544 3228 614 ὑμῶν.
3271 547 3470 617 Ἀμήν.
3516 548 3783 619 Ἑπεύχε-

521 626 601 680 cis
636 639 992 682 conservetur
1016 628 1222 683 donum
1260 625 1375 694 Dei,
1405 629 1488 684 vel
1518 638 1576 683 ιιι
1604 630 1978 687 benevolentia
2006 631 2097 687 Dei

2203 650 2293 686 ται
2323 631 2688 701 φυλάττεσθαι
2714 635 2897 698 αὐτοῖς
2927 636 3026 706 τὴν
3054 637 3266 708 δωρεὰν
3299 638 3395 692 τοῦ
3425 639 3586 705 Θεοῦ,
3622 643 3656 711 ἢ
3692 642 3783 695 ἵνα

519 733 644 775 cum
682 717 819 787 ipsis
851 718 922 772 sit
962 734 1200 789 semper,
1228 735 1324 789 per
1350 721 1584 790 gratiam
1617 737 1712 776 cos
1741 736 2096 778 conservans.

2203 726 2237 792 ἡ
2262 723 2639 793 φιλανθρωπία
2678 724 2773 777 τοῦ
2828 726 2963 779 Θεοῦ
3027 730 3146 797 μετ’
3176 730 3358 784 αὐτῶν
3386 733 3472 785 ἀεὶ
3504 727 3562 806 ᾖ,
3595 734 3780 803 χάριτι

515 808 648 874 ρυίῐὲ
673 819 729 862 et
755 809 1039 864 nobiscum
1077 811 1151 865 sit
1180 811 1272 879 qui
1323 813 1560 867 maxime
1590 829 1650 868 ea
1688 813 2015 885 indigemus,
2043 823 2099 869 et

2200 813 2400 877 αὐτοὺς
2426 813 2690 884 τηροῦσα.
2722 816 2792 868 Ἤ
2827 816 2919 869 καὶ
2950 818 3069 894 μεθ’
3094 819 3250 889 ἡμῶν
3283 822 3368 891 εἴη
3394 822 3502 875 τῶν
3537 823 3780 890 μάλιστα

518 900 797 953 custodiat
847 898 1060 953 animas
1118 908 1337 955 nostras
1386 910 1440 955 et
1500 918 1727 970 corpora
1778 904 1832 958 in
1887 902 2094 973 Spiritu

2198 902 2468 972 δεομένων
2488 902 2682 972 αὐτῆς,
2716 903 2812 957 καὶ
2844 907 3110 977 φρουροίη
3146 908 3241 962 καὶ
3291 909 3469 981 ψυχὰς
3494 912 3654 981 ἡμῶν
3682 913 3781 965 καὶ

521 1003 733 1046 sancto.
766 990 864 1045 Cui
903 990 1076 1061 gloria
1109 991 1164 1049 in
1204 994 1401 1048 Saecula
1438 996 1788 1052 saeculorum.
1822 997 2017 1051 Amcn.

533 1294 3447 1331 ΞΜ

2201 994 2430 1064 σώματα
2457 995 2514 1047 ἐν
2544 994 2684 1065 ἁγίῳ
2712 996 3011 1067 “vatiuati.
3045 991 3115 1071 ᾯ
3141 1000 3175 1069 ἡ
3205 998 3333 1065 δόξα
3371 1003 3449 1065 εἰς
3494 1001 3620 1064 τοὺς
3644 1002 3781 1055 ait?»

2198 1104 2313 1150 νας.
2346 1087 2400 1140 ’Δ
2412 1088 2539 1159 μήν.

3454 1323 3755 1339 -__-—

1290 1463 2995 1637 ΘΕΟΦΥΛΑΚΤΟΥ

991 1744 2292 1869 ΑΡΧΙΕΠΙΣΚΟΠΟΥ
2347 1739 3303 1866 ΒΟΥΑΓΑΡΙΑΣ

2094 1985 2187 2022 τω

688 2128 917 2221 ΤΟΥ
993 2128 1334 2218 Al‘IOY
1389 2123 1858 2216 ΠΑΥΛΟΥ
1922 2124 2213 2214 ΠΡΟΣ
2278 2123 2877 2214 ΦΙΛΗΜΟΝΑ
2952 2127 3590 2224 ΕΠΙΣΤοΑΗΣ

1953 2309 2291 2369 ΕΞΗΙἮΣΙΣ

1378 2658 2890 2816 THEOPHYLAGTI

1671 2925 2053 2985 BULGARIIE
2076 2925 2603 2983 ARCHIEPISCOI’I

894 3097 1517 3192 EPISTOLAE
1564 3100 1819 3191 DIVI
1894 3099 2251 3190 PAULI
2332 3098 2483 3187 AD
2540 3097 3353 3193 PHILEMONEM

1938 3294 2363 3393 ΙξΧΡΟΞΙΤΙΟ.

614 3605 780 3679 639
804 3604 1184 3675 Argumentum
1212 3600 1467 3673 Epistolte
1497 3600 1566 3654 ad
1595 3599 1976 3655 Philemonem.

589 3722 771 3792 Neque
797 3737 971 3775 servos
999 3735 1161 3789 neque
1202 3716 1452 3772 heros~ad
1504 3732 1557 3771 se
1596 3716 1899 3770 accedentes
1931 3714 2088 3783 Chri-

515 3824 628 3871 stus
666 3814 837 3879 reiicit
873 3828 1052 3866 :unus
1098 3819 1173 3865 est
1204 3811 1343 3864 enim
1394 3808 1650 3862 Dominus
1691 3809 1922 3862 omnium
1960 3808 2087 3874 ipse,

513 3905 624 3958 imo
652 3904 828 3974 potius
859 3899 1023 3955 Pater
1056 3914 1075 3953 :
1106 3908 1261 3969 atque
1289 3898 1341 3951 id
1370 3914 1485 3951 cum
1515 3912 1580 3951 ea:
1602 3896 1785 3950 multis
1810 3894 1956 3959 aliis,
1979 3907 2088 3949 tum

517 4014 635 4053 vero
661 3997 922 4064 praecipue
945 4008 1009 4047 ea:
1046 3993 1144 4046 hac
1175 3990 1422 4061 Epistola
1459 3991 1640 4058 liquet,
1686 3991 1740 4043 in
1778 4007 1882 4061 qua
1910 3988 2087 4044 Phile-

516 4106 636 4142 mon
683 4088 893 4157 quidem
940 4086 1222 4149 dominus,
1290 4082 1569 4138 Onesimus
1622 4093 1794 4137 autem
1864 4099 2086 4147 seri-us;

515 4192 758 4250 uterque,
813 4186 870 4230 ut
925 4176 1057 4231 nihil
1098 4177 1271 4230 dicam
1326 4175 1575 4242 amplius,
1627 4173 1800 4228 Paulo
1841 4173 2084 4229 dilectus.

518 4270 797 4325 Philemon
850 4270 1029 4338 itaque
1059 4268 1139 4322 vir
1169 4266 1235 4321 ab
1283 4268 1394 4338 ipso
1441 4267 1700 4336 principio
1737 4266 2085 4322 admirandus

514 4373 651 4431 erat,
681 4377 860 4435 genere
885 4375 1014 4415 sane
1064 4358 1265 4430 Phryx,
1300 4357 1471 4429 ﬁdelis
1502 4367 1675 4412 autent
1715 4360 1822 4412 vita
1851 4368 1899 4412 et
1926 4358 2086 4413 mori-

515 4457 632 4519 bus,
658 4465 707 4509 et
735 4450 1132 4508 necessitatibus
1167 4459 1473 4525 sanctorum
1500 4466 1833 4514 succurrens,
1874 4458 1925 4503 et
1955 4449 2088 4503 elee-

516 4562 762 4615 mosynas
786 4544 1006 4614 faciens.
1042 4542 1320 4597 Onesimus
1351 4550 1525 4595 autem
1547 4540 1776 4607 primum
1808 4538 2085 4608 transfuga

511 4645 625 4691 erat
657 4650 675 4689 :
711 4651 834 4688 nam
861 4633 1086 4688 sublatis
1111 4648 1177 4687 ea:
1197 4631 1354 4686 domo
1380 4629 1702 4685 Philemonis
1732 4628 1965 4698 pecuniis
1991 4644 2085 4680 au-

515 4731 744 4798 fugerat.
782 4725 880 4781 Hic
912 4740 1033 4778 cum
1056 4721 1281 4776 Romam
1317 4723 1557 4785 venisset,
1595 4720 1758 4776 Pauli
1787 4719 2084 4774 doctrinam

516 4819 809 4881 audivit,et
831 4814 895 4869 ab
928 4830 989 4868 eo
1028 4812 1158 4867 dum
1188 4813 1243 4865 in
1289 4810 1517 4865 vinculis
1548 4820 1686 4876 erat,
1732 4811 2005 4866 institutus
2037 4821 2085 4864 et

519 4907 844 4976 baptizatus,
865 4902 1029 4974 65,0
1045 4901 1225 4956 clarus
1242 4910 1289 4954 et
1314 4897 1664 4952 admirandus
1690 4899 1797 4965 ipse
1817 4900 1975 4951 etiam
2005 4898 2087 4966 fa-

518 5009 633 5050 ctus
659 5005 755 5049 est.
782 4992 900 5046 Non
922 4995 1065 5062 pium
1096 4993 1275 5062 itaque
1308 5001 1459 5044 ratus
1483 4989 1764 5055 Apostolus
1788 4992 2088 5058 perturbari

520 5089 878 5146 Philemonem
905 5094 1112 5154 propter
1137 5084 1367 5138 Onesimi
1387 5082 1805 5152 fraudulentiam
1820 5090 1868 5136 et
1883 5080 2086 5152 fugam,

514 5182 792 5250 rolensque
819 5176 1075 5232 mundare
1094 5175 1282 5230 vulnus
1303 5175 1479 5229 cordis
1503 5176 1691 5245 ipsius,
1714 5175 1852 5245 quod
1883 5192 1916 5228 a
1943 5190 2087 5227 servo

516 5281 813 5344 acceperat,
843 5270 1068 5324 remittit
1097 5269 1248 5323 illum
1272 5269 1340 5322 ad
1371 5270 1543 5337 ipsum
1574 5284 1694 5322 cum
1720 5266 1960 5336 Epistola
1989 5272 2089 5319 hac

515 5362 966 5419 commendatitia.
993 5362 1308 5416 Asseveraut
1325 5370 1495 5416 autem
1518 5361 1776 5425 nonnulli,
1800 5378 1903 5415 non
1927 5376 2087 5430 opor-

518 5467 624 5510 tere
653 5454 788 5507 hanc
819 5452 1189 5508 connumerari
1223 5452 1461 5521 reliquis,
1494 5454 1678 5520 quippe
1711 5468 1824 5521 qua:
1849 5450 1915 5505 sit
1939 5450 2001 5503 de
2029 5466 2083 5505 re

514 5548 608 5601 cili
635 5562 655 5600 :
679 5532 857 5599 rerum
908 5544 1138 5614 expende
1179 5553 1380 5614 quanta
1424 5546 1530 5597 sint
1565 5560 1630 5598 ea:
1667 5550 1765 5597 hac
1787 5542 2083 5596 commoda.

514 5636 754 5693 Primum
788 5638 995 5708 quidem
1038 5638 1270 5691 instituit
1304 5653 1422 5691 nos.
1466 5647 1522 5688 ut
1560 5637 1720 5689 etiam
1758 5652 1853 5705 pro
1905 5636 1969 5688 iis
1998 5636 2087 5705 qui

2110 3603 2159 3662 B

2271 3601 2579 3670 Τπόθεσις
2608 3601 2719 3672 τῆς
2769 3602 2918 3671 πρὸς
2951 3603 3259 3674 Φιλήμονα
3300 3604 3687 3673 Ἐπιστολῆς.

2266 3716 2413 3770 Οὔτε
2446 3716 2674 3772 δοῦλον
2711 3717 2851 3771 οὔτε
2899 3716 3206 3786 δεσπότην
3240 3721 3274 3773 δ
3316 3721 3573 3788 Χριστὸς
3625 3736 3779 3789 προ.

2189 3807 2436 3872 σιόντας
2459 3806 2620 3873 αὐτῷ
2663 3807 3091 3866 ἀποδάλλεται.
3122 3804 3225 3876 Εἷς
3253 3808 3363 3879 γάρ
3387 3811 3773 3865 ἐστιΔεσπδο

2188 3917 2295 3967 της
2321 3898 2562 3953 πάντων
2594 3900 2800 3965 αὐτὸς,
2820 3898 3063 3969 μᾶλλον
3107 3899 3175 3954 δὲ
3199 3900 3412 3970 πατήρ.
3444 3900 3555 3955 Καὶ
3586 3902 3771 3957 τοῦτο

2187 3990 2378 4058 δῆλον
2400 3992 2516 4061 μὲν
2553 3992 2652 4048 καὶ
2685 3992 2756 4057 ἐξ
2791 3993 2994 4047 ἄλλων
3023 3992 3289 4057 πολλῶν,
3316 3993 3413 4047 καὶ
3438 3993 3507 4047 ἐκ
3539 3994 3769 4059 ταύτης

2187 4081 2254 4135 δὲ
2280 4081 2389 4149 τῆς
2434 4082 2816 4150 Ἐπιστολῆς,
2850 4085 2920 4138 ὲν
3012 4082 3292 4152 Φιλήμων
3340 4083 3454 4153 μὲν
3481 4086 3515 4137 ὁ
3539 4082 3768 4137 δεσπόο

2187 4189 2317 4239 της,
2363 4171 2685 4242 Ὀνήσιμος
2717 4173 2785 4226 δὲ
2829 4177 2863 4228 ό
2919 4174 3192 4241 οικέτης’
3249 4175 3593 4244 ἀμφότεροι,
3662 4177 3768 4229 ινα

2182 4261 2377 4332 μηδὲν
2422 4261 2595 4325 εἴπω⁹
2626 4263 2836 4324 πλέον,
2887 4263 3179 4332 ἀγαπητοὶ
3231 4250 3496 4319 Παύλου.
3549 4263 3614 4318 ’0
3644 4268 3768 4333 μὲν

2188 4353 2302 4412 οὗν
2356 4357 2636 4425 Φιλήμων
2686 4358 2783 4412 καὶ
2832 4358 2902 4422 ἐξ
2945 4359 3137 4427 ἀρχῆς
3187 4360 3531 4429 θαυμαστός
3563 4376 3657 4425 τις
3681 4360 3762 4426 ἦν

2188 4448 2363 4517 ἀνὴρ,
2402 4449 2566 4518 Φρὺξ
2589 4448 2705 4519 μὲν
2743 4449 2811 4503 τὸ
2844 4450 3040 4520 γένος,
3088 4451 3301 4517 πιστὸς
3360 4450 3429 4505 δὲ
3483 4452 3593 4506 τὸν
3633 4454 3763 4521 τρός

2188 4560 2328 4607 πον,
2367 4544 2469 4596 καὶ
2498 4543 2628 4609 ταῖς
2659 4544 2883 4615 χρείαις
2912 4543 3031 4597 τῶν
3082 4545 3265 4614 ἁγίων
3312 4544 3635 4612 κοινωνῶν,
3664 4546 3763 4600 καὶ

2188 4636 2604 4704 ἐλεημοσύνας
2638 4634 2844 4689 ποιῶν.
2887 4636 3198 4705 Ὀνήσιμος
3230 4636 3298 4690 δὲ
3333 4636 3631 4705 δραπέτης
3645 4640 3768 4708 μὲν

2188 4722 2260 4775 τὰ
2299 4719 2535 4786 πρῶται
2569 4722 2666 4774 καὶ
2710 4720 2818 4788 γὰρ
2859 4722 3093 4789 κλέψας
3126 4723 3400 4792 χρήματα
3436 4724 3504 4777 ἐκ
3538 4724 3648 4791 τῆς
3681 4728 3764 4778 ol-

2189 4814 2323 4879 κιάς
2339 4814 2383 4844 θ’
2414 4811 2518 4866 τοῦ
2554 4812 2913 4884 Φιλήμονος,
2954 4814 3198 4882 ἀπέδρα.
3235 4816 3574 4884 Γενόμενος
3600 4816 3668 4870 δὲ
3695 4819 3767 4870 ἐν

2205 4903 2416 4972 Ῥώμῃ.
2454 4902 2741 4970 διήκουσε
2794 4907 3058 4971 ιιάύλου,
3098 4907 3191 4960 καὶ
3230 4907 3586 4973 κατηχηθεὶς
3626 4909 3764 4975 παρ’

2191 4996 2380 5049 αὐτοῦ
2418 4995 2511 5049 καὶ
2544 4997 2905 5063 βαπτισθεὶς
2930 4998 3000 5051 ἐν
3032 4996 3276 5067 δεσμοῖς
3303 4996 3499 5064 ὄντος,
3535 5001 3761 5066 θαυμά-

2191 5090 2325 5153 σιός
2357 5104 2444 5153 τις
2476 5086 2572 5139 καὶ
2611 5086 2794 5154 αὐτὸς
2825 5087 3090 5158 γέγονεν.
3126 5090 3248 5156 οὐχ
3292 5086 3466 5143 ὅσιον
3496 5083 3611 5144 οὖν
3635 5091 3767 5156 κρέ’.

2190 5195 2300 5244 νας
2332 5181 2364 5230 ὁ
2408 5177 2775 5239 Ἀπόστολος
2820 5177 3139 5231 λυπεῖσθαι
3171 5178 3278 5232 τὸν
3323 5179 3633 5248 Φιλήμονα
3666 5181 3765 5235 ἐπὶ

2188 5268 2265 5337 τῇ
2310 5268 2412 5323 τοῦ
2450 5266 2778 5337 Ὀνησίμου
2829 5269 3151 5340 κακουργίᾳ
3196 5286 3262 5325 τε
3310 5271 3403 5324 καὶ
3443 5271 3632 5341 spurii.
3664 5272 3764 5325 καὶ

2189 5357 2379 5412 θέλων
2401 5359 2716 5425 καθαρίσαι
2742 5358 2854 5423 τὴν
2881 5358 3124 5426 πληγὴν
3146 5356 3252 5426 τῆς
3280 5359 3527 5428 καρδιας
3552 5359 3762 5423 αὐτοῦ,

2191 5448 2272 5517 ἦν
2309 5449 2406 5503 ἐπὶ
2454 5448 2536 5515 τῷ
2581 5448 2779 5513 δούλῳ
2828 5449 3094 5513 ἐδέξατο,
3158 5449 3493 5519 ἀποπέμπει
3548 5450 3766 5505 τοῦτον

2194 5540 2342 5610 πρὸς
2392 5540 2580 5595 αὑτὸν
2618 5539 2765 5609 μετὰ
2810 5538 2907 5593 καὶ
2964 5538 3074 5607 τῆς
3120 5539 3477 5608 Ἐπιστολῆς
3514 5541 3761 5608 ταύτης,

2197 5631 2599 5700 παραθετικὴν
2627 5629 2821 5699 αὐτὴν
2852 5631 3132 5698 ποιήσας.
3171 5632 3321 5686 Φασὶ
3359 5630 3427 5685 δέ
3454 5648 3637 5699 τινες,
3671 5629 3764 5700 μὴ

1860 5771 2059 5835 Variae
2092 5772 2420 5833 lectiones.

586 5872 632 5903 θ’
660 5868 906 5941 πρόϐατα
941 5871 1003 5925 ἐκ
1025 5867 1116 5923 τοῦ
1152 5869 1300 5925 οἴκου
1332 5887 1385 5925 ο.
