3918 6600
239 464 340 521 185

236 624 490 638 -—-——-———-

1159 460 1566 521 EXPOSITIO
1600 462 1680 524 IN
1720 462 1957 525 EPIST.
2014 465 2116 525 AD
2144 460 2534 527 HEBR/EOS.

3388 471 3491 539 156

495 612 3430 647 W

1002 774 2715 949 ΘΕΟΦΥΑΑΚΤΟΥ

689 1053 1987 1174 ΑΡΧΙΕΠΙΣΚΟΠΟΥ
2067 1052 3027 1179 ΒΟΥΑΓΑΡΙΑΣ

1818 1287 1908 1325 πη

1278 1422 1509 1518 ΤΟΥ
1571 1421 1916 1521 ΑΓΙΟΥ
1972 1425 2481 1523 ΠΑΥΛΟΥι

591 1614 1058 1752 ΠΡΟΣ
1203 1617 2029 1756 ΕΒΡΑΙΟΥΣ
2174 1582 3174 1760 ΕΠΙΣΤΟΑΗΣ

1562 1856 2151 1955 ΕΞΗΓΗΣΙΣ.

1111 2123 2624 2395 THEOPt—IYLACTI

1387 2501 1765 2562 BULGARUE
1819 2505 2347 2565 ARCHIEPISCOPI

508 2670 1239 2795 EPISTOLfE
1325 2685 1638 2803 DIVI
1724 2686 2144 2802 PAULI
2225 2686 2413 2802 AD
2474 2689 3175 2804 HEBRIEO‘S

1498 2910 2210 3019 EXPOSI'I‘IO,

317 3269 633 3339 ’Υπόθεσις
668 3268 780 3340 τῆς
805 3269 957 3339 πρὸς
997 3260 1305 3341 Ἑϐραίους
1348 3258 1736 3342 ὁΕπιιάνντολῆς.

305 3384 531 3441 Ἐθνῶν
547 3384 665 3455 μὲν
694 3384 1039 3452 ἀπόστολος
1065 3382 1145 3458 ἦν
1182 3388 1217 3441 ὁ
1238 3384 1532 3456 μακάριος
1552 3385 1812 3450 Παῦλος,

245 3476 389 3532 καθὰ
410 3477 489 3546 δὴ
521 3476 623 3532 καὶ
651 3475 837 3543 αὐτὸς
868 3476 940 3531 ἐν
965 3476 1042 3545 τῇ
1065 3477 1213 3546 πρὸς
1255 3477 1574 3547 Ῥωμαίους
1604 3479 1812 3546 φησιν.

248 3569 323 3622 Οὐ
351 3568 461 3638 γὰρ
489 3568 834 3639 ἠνέσχοντο
862 3566 941 3624 ἂν
968 3570 1154 3626 αὐτοῦ
1195 3569 1449 3639 Ἑϐραῖοι
1476 3572 1817 3638 κηρύσσονο

244 3676 340 3725 τος
366 3659 596 3727 αὐτοῖς,
628 3659 733 3715 ᾶτε
759 3659 837 3729 δὴ
868 3660 1343 3730 ἀπεχθανόμενοι
1369 3661 1532 3728 αὐτῷ
1557 3662 1750 3716 πλέον
1776 3661 1814 3730 ἣ

245 3749 361 3818 τοῖς
388 3752 628 3819 ἀλλοις,
665 3753 747 3818 ὡς
769 3752 867 3808 διὰ
895 3753 1005 3823 τῆς
1026 3754 1247 3823 ἀθρόας
1271 3755 1458 3810 αὐτοῦ
1476 3754 1818 3825 μεταϐολῆς

246 3844 471 3912 ῆμαχον
499 3845 801 3901 δεικνύντι
826 3845 945 3915 τὴν
973 3845 1077 3901 τοῦ
1101 3848 1362 3915 Χριστοῦ
1390 3847 1667 3918 δύναμιν,
1700 3848 1818 3917 τὴν

248 3935 392 3990 οὓτω
414 3937 693 4007 σφοδρὸν
725 3937 982 4006 διώκτην
1013 3940 1393 3997 ἐλκύσασαν.
1428 3940 1683 4011 Σημεῐον
1705 3942 1815 4012 γὰρ

247 4024 387 4094 μέγα
412 4027 527 4097 τῆς
543 4028 834 4095 ἀληθείας
853 4029 961 4085 τοῦ
985 4033 1116 4086 καθ’
1138 4029 1296 4102 ἡμᾶς
1323 4033 1718 4101 κηρύγματος.
1748 4033 1816 4087 τὸ

251 4116 488 4173 Παῦλον
506 4120 619 4174 τὸν
643 4122 1009 4191 θερμότατον
1034 4122 1318 4192 ζηλωτὴν
1358 4124 1465 4180 τοῦ
1504 4127 1693 4195 νόμου
1718 4125 1815 4191 ἐξ·

1837 3276 1885 3335 Δ

2052 3271 2214 3344 647
2266 3273 2645 3344 Argumentum
2680 3273 2935 3345 Epistolis
2958 3276 3027 3331 ad
3072 3264 3345 3334 Hebraeos.

1989 3385 2233 3442 Gentium
2262 3397 2379 3442 erat
2411 3388 2693 3457 Apostolus
2736 3389 2886 3445 divus
2905 3388 3132 3456 Paulus,
3153 3392 3290 3446 sicut
3314 3400 3364 3446 et
3381 3391 3494 3461 ipse

1918 3480 1971 3534 in
2003 3478 2250 3551 Epistola
2287 3480 2358 3535 ad
2394 3479 2662 3535 Romanos
2693 3481 2938 3550 afﬁrmat.
2972 3480 3186 3536 Hebrazi
3205 3483 3343 3537 enim
3371 3494 3491 3537 eum

1916 3574 2044 3640 ipsis
2073 3574 2451 3642 pradicantem
2482 3590 2585 3627 non
2604 3575 2956 3639 sustinebant,
2979 3576 3104 3644 quia
3134 3575 3331 3644 majori
3370 3591 3491 3629 eum

1916 3665 2037 3719 odio
2057 3673 2499 3735 prosequerentur
2529 3681 2689 3735 quam
2719 3673 2962 3727 caeteros,
2995 3673 3053 3718 ut
3078 3666 3168 3734 qui
3195 3679 3288 3736 per
3317 3681 3493 3736 repeti.

1918 3757 2082 3810 tinam
2098 3771 2249 3810 suam
2272 3754 2681 3818 conversionem,
2701 3755 2955 3808 invictam
2977 3753 3177 3810 Christi
3202 3756 3491 3823 potentiam

1915 3847 2233 3912 ostenderet,
2278 3861 2397 3917 qua:
2448 3856 2557 3900 tam
2604 3846 2951 3901 vehementem
2991 3858 3373 3916 persecutorem
3421 3849 3492 3902 ad

1916 3956 2028 3995 sese
2058 3940 2303 3993 traxerit.
2341 3935 2537 4009 Ingens
2566 3940 2705 3994 enim
2740 3948 3106 4009 argumentum
3133 3949 3213 3994 est
3251 3940 3490 3994 veritatis

1917 4031 2055 4085 verbi
2087 4028 2359 4099 Evangelii
2385 4068 2401 4093 ,
2435 4028 2662 4084 Paulum
2692 4028 3133 4099 ferventissimum
3180 4030 3308 4102 legis
3330 4046 3492 4085 temu-

1916 4124 2161 4187 laterent,
2181 4120 2355 4177 subito
2385 4138 2448 4175 ac
2478 4122 2749 4190 derepente
2775 4119 2987 4177 Christo
3015 4123 3316 4177 accessisse.
3348 4122 3491 4177 Pro-

250 4205 458 4276 αἰφνης
510 4206 740 4278 Χριστῷ
786 4212 1170 4279 προσελθεῖν.
1203 4213 1309 4269 Διὰ
1336 4214 1515 4270 τοῦτο
1542 4215 1811 4284 ἐκθύμως

1920 4223 2091 4283 pterea
2129 4228 2194 4269 ex
2216 4213 2500 4268 vehementi
2545 4213 2828 4266 iracundia
2856 4214 3110 4267 adversus
3142 4230 3262 4266 eum
3288 4229 3491 4284 pugna-

251 4296 578 4370 ἐπολέμουν
603 4301 787 4368 αὐτῷ,
816 4303 917 4358 καὶ
939 4302 1084 4359 οὐδὲ
1110 4305 1319 4375 φωνῆς
1346 4305 1424 4360 ἂν
1452 4306 1810 4378 ἠνέσχοντο.

264 4388 435 4444 Ἀλλά
466 4392 569 4446 καὶ
610 4396 664 4448 ol
720 4392 792 4459 ἐξ
831 4394 1119 4464 Ἐϐραίων
1162 4398 1625 4464 πιστεύσαντες,
1669 4396 1815 4452 οὐδέ

252 4473 402 4534 οὗτοι
449 4481 615 4540 πάνυ
643 4502 698 4540 τι
730 4487 1064 4557 προσεῖχον
1111 4487 1296 4555 αὐτῷ,
1329 4488 1447 4544 ἄτε-
1481 4489 1587 4544 τοῦ
1623 4492 1814 4559 νόμου

251 4569 531 4642 ἀπάγοντι
563 4576 900 4645 παντελῶς,
931 4579 1032 4634 καὶ
1072 4581 1190 4648 τὴν
1218 4579 1548 4652 περιτομὴν
1575 4582 1810 4636 λύοντι.

254 4652 409 4728 Πλὴν
434 4665 488 4719 ει
520 4664 620 4718 καὶ
648 4666 771 4733 τοῖς
796 4667 1040 4723 ἔθνεσιν
1067 4669 1384 4739 ἀπεστάλη
1411 4670 1628 4740 κῆρυξ,
1653 4669 1811 4740 ὅμως

253 4750 339 4804 καὶ
361 4756 511 4824 πράς
541 4757 849 4826 Ἐϐραίους
881 4759 1113 4830 γράφει.
1139 4762 1367 4830 Ὥσπερ
1399 4763 1509 4834 γὰρ
1532 4766 1644 4819 οὐκ
1672 4763 1811 4817 ἐπε-

255 4842 428 4915 τράπη
450 4847 572 4916 μὲν
589 4849 922 4919 βαπτίζειν,
938 4851 1207 4913 ἐϐάπτιζε
1244 4852 1312 4906 δὲ
1338 4853 1513 4924 ὅμως,
1539 4855 1810 4926 οὐδὲγὰρ

254 4932 380 4989 οὐδὲ
395 4937 687 5009 ἐκωλύθη⁶
722 4942 877 4997 οὕτω
899 4946 997 5000 καὶ
1014 4944 1302 5014 Ἑϐραίοις
1329 4946 1396 5000 ἐκ
1421 4948 1772 5016 περιουσίας
1788 4951 1810 4981 δ

255 5022 599 5086 ἐπιστέλλει.
650 5031 764 5086 Καὶ
825 5034 937 5103 τὰρ
987 5036 1225 5104 σφόδρα
1270 5034 1470 5092 αὐτῶν
1521 5037 1769 5108 ἐκήδετο
1791 5082 1804 5103 ,

258 5112 389 5182 ὑπὲρ
416 5110 507 5172 ὧν
546 5118 648 5173 καὶ
676 5106 948 5192 ἀνάθεμα
981 5125 1259 5193 γενέσθαι
1290 5126 1530 5196 ηὔχετο.
1581 5106 1710 5196 Τοῖς
1741 5130 1811 5185 ἐν

259 5203 609 5287 Παλαιστίνῃ
631 5209 720 5275 δὲ,
753 5211 850 5266 καὶ
878 5213 949 5267 ἐν
981 5215 1422 5287 Ἰεροσολύμοις
1443 5219 1807 5278 ἐπιστέλλει.

260 5284 416 5350 οὗτοι
457 5296 568 5368 γὰρ
617 5300 736 5355 ὑπὸ
782 5301 902 5358 τῶν
944 5304 1221 5361 ἀπίστων
1267 5284 1553 5377 ⁹Ε’ϐριιίων
1594 5311 1697 5364 καὶ
1738 5311 1812 5367 τὰ

262 5382 584 5456 ὑπάρχοντα
612 5390 1056 5463 διηρπάτησαν,
1086 5396 1185 5450 καὶ
1197 5398 1440 5466 μυρίαις
1466 5399 1812 5456 κακώσεσιν

263 5471 671 5560 ιδπεϐλήθησαν
692 5482 736 5536 ⁸.
796 5484 969 5540 Ὅθεν
1025 5487 1123 5542 καὶ
1183 5488 1294 5559 τῆς
1358 5490 1509 5559 πρὸς
1557 5494 1811 5560 τούτους

260 5558 653 5641 ἐλεημοσύνας
685 5575 923 5645 σφόδρα
973 5558 1287 5648 φροντίζει,
1326 5558 1424 5637 καί
1456 5558 1810 5653 Κορινθίους

1917 4304 2065 4369 bant,
2119 4304 2250 4359 adeo
2298 4311 2355 4356 ut
2408 4318 2473 4356 ne
2527 4310 2702 4356 vocem
2746 4301 2957 4371 quidem
3000 4300 3117 4369 ejus
3148 4299 3487 4355 sustinerem.

1918 4396 2222 4462 Quinetiam
2253 4395 2344 4465 qui
2372 4410 2438 4449 ea:
2470 4392 2712 4448 Hebrusis
2751 4392 3105 4454 crediderant,
3151 4407 3214 4445 ne
3240 4391 3341 4458 ipsi
3373 4394 3493 4460 qui.

1915 4486 2033 4540 dem
2060 4486 2142 4539 illi
2166 4486 2300 4539 satis
2327 4486 2564 4538 animum
2588 4485 2949 4546 advertebant,
2987 4492 3164 4551 utpote
3194 4484 3285 4553 qui
3313 4499 3344 4535 a
3381 4482 3489 4553 lege

1916 4577 2128 4631 omnino
2158 4577 2459 4640 abduceret,
2496 4592 2559 4629 ac
2592 4575 3041 4629 circumcisionem
3067 4572 3236 4644 648
3264 4573 3487 4629 tolleret.

1918 4668 2079 4738 Atqui
2112 4666 2323 4722 etiamsi
2364 4666 2433 4720 ad
2464 4675 2640 4738 gentes
2678 4663 3027 4720 demandatus
3070 4678 3145 4720 est
3194 4679 3387 4733 preco,
3418 4664 3488 4717 ad

1922 4757 2175 4814 Hebraeos
2205 4766 2377 4811 tamen
2406 4755 2613 4811 scribit.
2648 4754 2719 4810 Ut
2749 4756 2889 4810 enim
2919 4771 3024 4809 non
3047 4764 3164 4809 erat
3198 4755 3247 4808 ei
3273 4758 3491 4808 deman-

1918 4852 2104 4907 datum
2134 4859 2190 4906 ut
2221 4851 2537 4920 baptizaret,
2575 4847 2881 4918 baptizabat
2919 4856 3116 4911 tamen,
3159 4862 3320 4914 neque
3349 4846 3489 4899 enim

1916 4947 1964 5000 ei
2013 4945 2228 5000 vetitum
2257 4953 2412 5007 erat;
2453 4944 2531 4998 ita
2585 4942 2752 4997 etiam
2800 4937 3038 4994 Hebraeis
3089 4952 3155 4992 ex
3196 4936 3493 4991 abundanti

1916 5036 2100 5092 scribit
2127 5038 2263 5091 hanc
2288 5034 2605 5105 Epistolam.
2630 5033 2773 5087 Nam
2810 5046 3004 5103 magna
3030 5046 3209 5086 eorum
3230 5028 3497 5084 sollicitu-

1917 5128 2038 5182 dine
2067 5127 2414 5198 tangebatur,
2449 5142 2544 5195 pro
2576 5125 2766 5195 quibus
2796 5124 3079 5178 anathema
3106 5121 3225 5201 ﬁeri
3252 5118 3488 5186 optabat;

1916 5218 2087 5275 Porro
2120 5220 2188 5274 iis
2231 5219 2320 5289 qui
2358 5219 2412 5273 in
2454 5216 2750 5273 Palaestina
2790 5226 2839 5271 et
2885 5212 3268 5284 Hierosolymis
3317 5221 3493 5279 erant,

1918 5313 2126 5370 scribit.
2157 5311 2260 5368 Isti
2290 5312 2430 5366 enim
2470 5310 2536 5364 ab
2567 5308 2873 5379 inﬁdelibus
2909 5306 3146 5361 Hebrwis
3188 5304 3338 5359 bonis
3379 5302 3493 5358 suis

1918 5405 2135 5475 spoliati
2163 5404 2399 5475 fuerant,
2431 5401 2824 5470 innumerisque
2849 5396 3214 5469 aﬂlictionibus
3243 5395 3493 5464 subjicieb

1918 5496 2134 5551 bantur.
2170 5494 2317 5550 Unde
2354 5492 2617 5549 sollicitus
2643 5499 2720 5546 est
2753 5491 2809 5544 in
2849 5488 3147 5559 colligenda
3190 5486 3259 5543 ad
3302 5487 3491 5540 norunt

1917 5589 2188 5659 suppetias
2211 5586 2564 5658 eleemosyna,
2597 5600 2715 5640 cum
2748 5580 3051 5640 Corinthios
3089 5591 3204 5640 tum
3233 5581 3491 5639 Macedo»

1574 5766 1768 5828 Variae
1803 5766 2126 5829 lectiones.

333 5868 353 5902 ⁸
386 5880 683 5950 περιτομῆς
719 5897 773 5936 0.
851 5882 870 5913 '
905 5881 1265 5941 ἑπεϐἀλληντο
1288 5904 1341 5942 0-.
