3918 6600
453 457 548 523 191

1394 455 1975 525 THEOPHYLACTI
2018 464 2431 526 BULGARIAS
2470 462 2829 530 ARCHiEP.

3610 471 3709 535 if)!

452 574 616 639 dsit,
657 571 763 629 Per
792 582 965 644 quem.
990 571 1149 630 Pater
1180 572 1325 627 enim
1362 572 1577 627 videtur
1609 572 1811 642 facere,
1846 584 1905 629 ut
1934 576 2026 645 qui

2140 580 2161 630 ὁ
2197 578 2284 630 τὸν
2316 580 2617 651 ποιήσαντα
2656 580 2787 635 Υξδν
2822 584 3111 652 γεννήσας.
3179 584 3287 639 Καὶ
3337 586 3623 651 Σαϐέλλιος
3655 590 3710 642 δὲ

457 675 735 720 crcantcm
770 663 961 720 Filium
996 664 1294 734 generavit.
1332 662 1609 721 Sabellius
1643 667 1769 721 hinc
1816 668 2031 732 feritur,

450 771 579 812 cum
617 757 735 811 dum
764 756 853 810 hic
885 755 1139 809 Persona:
1169 754 1613 812 introducantur.
1641 756 1842 813 Paulus
1869 758 2032 813 etiam

456 851 863 906 Samosatensis
890 850 1089 905 lethale
1118 851 1318 906 vulnus
1344 853 1585 922 accipit,
1618 854 1710 924 qui
1760 863 2031 909 recentem

461 942 678 997 dicebat
730 940 950 1006 Filium,
985 949 1038 996 et
1083 956 1167 1011 ex,
1192 940 1360 996 Maria
1408 934 1636 999 duxisse
1675 944 2029 1015 principium.

452 1031 720 1087 Praeterea
745 1039 797 1085 et
831 1031 995 1086 Arius
1035 1032 1139 1087 hoc
1171 1032 1290 1087 loco
1326 1031 1625 1102 trajicitur.
1656 1043 2031 1089 verumtamen

454 1142 564 1182 non
621 1140 796 1194 usque
853 1125 1040 1179 adeo:
1077 1126 1443 1195 apprehendit
1490 1129 1636 1181 enim
1706 1126 1877 1189 istud,
1933 1126 2033 1182 Per

416 1202 629 1293 'quem,
684 1232 785 1277 ceu
835 1221 1102 1275 auxilium
1136 1221 1433 1291 quoddam,
1475 1220 1672 1277 Filium
1718 1224 2031 1281 ministrum

454 1332 578 1371 esse
613 1314 913 1370 allirmans.
945 1315 1014 1368 At
1043 1328 1173 1368 vero
1199 1330 1320 1384 quae
1346 1324 1649 1385 sequuntur
1678 1317 1856 1387 ipsum
1890 1319 2035 1388 peri-

454 1418 635 1464 munt.

525 1500 631 1568 Qui
660 1516 778 1555 rum
810 1500 879 1555 sit
914 1499 1164 1567 splendor
1193 1499 1399 1571 gloria.
1430 1498 1510 1554 Ad
1539 1500 1718 1570 ipsum
1752 1496 2029 1573 fastigium

454 1606 647 1646 eorum
684 1603 805 1661 qtne
836 1591 903 1646 de
925 1590 1064 1647 Filio
1100 1593 1390 1665 magniﬁce
1431 1593 1805 1665 praedicantur
1839 1610 2035 1649 ascen-

459 1685 563 1749 dit,
610 1690 664 1739 et
697 1682 886 1752 gloria:
933 1683 1282 1753 splendorem
1342 1684 1523 1755 ipsum
1583 1684 1762 1739 dicit:
1812 1694 1870 1740 ut
1930 1688 2033 1743 hoc

458 1775 664 1838 discas,
704 1777 849 1845 quod
876 1773 942 1828 ait
975 1791 1039 1831 ex
1071 1776 1192 1847 ipso
1214 1818 1228 1841 ,
1261 1775 1407 1846 quod
1439 1775 1558 1832 sine
1587 1778 1864 1847 passione,
1887 1779 2034 1849 quod

458 1883 524 1922 eo
549 1883 655 1921 non
684 1867 992 1926 imminuto.
1021 1868 1167 1937 quod
1192 1869 1437 1937 ejusdem
1462 1868 1533 1924 sit
1560 1868 1899 1932 substantiae,
1930 1872 2033 1926 hoc

455 1958 560 2021 est,
588 1955 768 2010 lumen
805 1972 868 2010 ex
899 1955 1127 2011 lumine.
1149 1955 1286 2010 Nam
1310 1958 1520 2012 animas
1548 1965 1767 2014 nostras
1788 1959 1878 2014 ille
1904 1959 2034 2014 illu-

465 2046 711 2110 Illiﬂatil,
745 2061 811 2101 ac
842 2045 1059 2101 Patrem
1093 2047 1209 2118 ipse
1237 2048 1524 2117 expressit.
1548 2047 1841 2119 Propterea
1867 2051 2032 2106 etiam

457 2139 595 2193 dixit
630 2155 644 2191 :
688 2136 798 2206 Fgo
828 2148 946 2191 sum
994 2137 1089 2192 tua:
1129 2139 1397 2204 mundi",
1454 2141 1714 2209 quoniam
1755 2140 1922 2197 simul
1965 2142 2034 2198 ab

459 2238 667 2289 aeterno
698 2244 823 2282 cum
867 2229 985 2300 ipso
1016 2230 1252 2285 lucebat.
1300 2229 1435 2285 Nam
1481 2232 1740 2301 splendor
1773 2247 1879 2288 una
1908 2247 2032 2288 cum

457 2337 514 2376 re
567 2322 685 2391 ipsa
735 2336 855 2390 qua:
903 2322 1251 2392 splendorem
1319 2323 1544 2392 emittit,
1593 2323 1847 2380 collucet.
1890 2323 2027 2380 Nam

452 2427 628 2481 neque
656 2412 737 2465 sol
775 2412 894 2467 sine
932 2412 1223 2484 splendore
1279 2428 1518 2484 unquam
1545 2416 1820 2485 apparuit,
1857 2431 2034 2487 neque

453 2494 615 2555 Pater
639 2502 963 2567 intelligitur
992 2504 1111 2560 sine
1142 2503 1303 2559 Filio.
1342 2505 1571 2572 Quando
1610 2507 1776 2577 igitur
1798 2508 2033 2564 Arianos

456 2590 652 2644 audias
693 2591 965 2657 dicentes,
994 2593 1048 2647 Si
1076 2610 1142 2649 ex
1179 2594 1343 2651 Patre
1373 2595 1568 2660 Filius,
1599 2598 1875 2667 posterior
1902 2607 2033 2668 ergo

454 2689 540 2735 est
575 2680 740 2739 Patre
772 2703 787 2741 :
825 2685 1096 2755 responde
1125 2687 1206 2743 eis
1230 2727 1246 2753 ,
1278 2687 1627 2758 splendorem
1676 2702 1708 2743 a
1735 2689 1850 2744 sole
1887 2704 2031 2757 esse,

451 2784 551 2828 nec
601 2784 780 2830 tamen
821 2785 887 2831 eo
922 2778 1282 2848 posteriorem
1314 2793 1438 2836 esse
1490 2797 1505 2834 :
1560 2779 1724 2836 simul
1764 2781 1908 2836 enim
1950 2782 2033 2838 sol

449 2873 575 2919 eum
609 2881 712 2923 suo
751 2869 1045 2938 splendore
1066 2869 1514 2941 deprehenditur.
1844 2864 1867 2895 ί

526 2959 596 3013 ει
621 2959 798 3029 ﬁgura
824 2960 1140 3015 substantia:
1160 2959 1299 3027 eius.
1331 2962 1470 3018 Cum
1503 2962 1734 3019 dixisset
1779 2965 2033 3035 splendo-

454 3065 594 3115 rem,
622 3064 687 3105 ac
715 3061 1003 3121 propterea
1032 3050 1231 3107 Filium
1264 3051 1409 3108 Patri
1440 3065 1864 3124 comternum,et
1885 3059 2034 3129 ejus-

455 3143 579 3198 dem
609 3158 735 3198 cum
767 3142 960 3199 eodem
993 3146 1245 3200 essentia:
1272 3154 1784 3213 commonstrasset,
1813 3165 2029 3218 rursus,

2134 667 2383 721 ἐντεῦθεν
2418 670 2739 739 πλήττεται,
2768 672 2865 726 ἆτε
2895 674 2990 728 δύο
3029 676 3378 731 ὑποστάσεων
3417 680 3707 749 εἰσαγομέ-

2133 777 2258 814 νων.
2304 762 2411 815 Καὶ
2447 764 2664 830 Παῦλος
2695 767 2752 821 δὲ
2784 769 2813 821 ὁ
2854 768 3208 838 Σαμοσατεὺς
3238 772 3459 840 καιρίαν
3499 774 3710 842 λαμϐά-

2135 868 2215 904 νει
2267 853 2505 927 πληγὴν,
2540 856 2599 920 ὅς
2641 859 2959 932 πρόσφατον
3004 860 3159 929 ἔλεγε
3190 860 3281 915 τὸν
3310 862 3460 928 Υἱὸν,
3513 866 3608 919 καὶ
3650 867 3711 918 ἐκ

2134 943 2355 1013 Μαρὶας
2381 945 2706 1017 ἀρξάμενον.
2751 949 2863 1000 Καὶ
2901 949 3122 1019 ’Λρειος
3162 949 3220 1003 δὲ
3252 951 3349 1004 σὺν
3376 951 3553 1021 τούτῳ
3586 954 3710 1022 μάλ-

2133 1035 2282 1088 λεται
2315 1036 2436 1106 μὲν,
2489 1038 2630 1107 πλὴν
2656 1040 2773 1093 ἀλλ’
2797 1039 2859 1093 οὑ
2889 1040 3165 1106 τοσοῦτον,
3198 1041 3578 1112 ἐπιδράττεται
3604 1043 3710 1115 γὰρ

2131 1123 2251 1189 τοῦ,
2312 1125 2394 1179 Δι’
2429 1121 2524 1192 οὗ,
2567 1127 2642 1191 ὡς
2691 1126 3038 1199 βοηθήματός
3080 1145 3247 1192 τινος,
3296 1128 3572 1199 ὑπουργὸν
3621 1130 3708 1183 τδν

2133 1216 2265 1273 Υῑὸν
2289 1216 2485 1288 λέγων.
2518 1217 2599 1273 Τά
2645 1220 2828 1290 μέντοι
2865 1221 3065 1292 ἑφεξῆς
3097 1221 3261 1275 αὑτὸν
3292 1221 3638 1277 Θανατοῦσιν.

2210 1494 2317 1563 "Oc
2347 1492 2433 1551 ὢν
2485 1490 2855 1568 ἀπαύγασμα
2885 1497 3015 1566 τῆς(
3044 1491 3256 1567 δόξης.
3326 1498 3445 1553 Ἐπ’
3473 1496 3608 1553 αὑτδ
3650 1497 3707 1552 τδ

2133 1588 2267 1659 ὕψος
2296 1590 2462 1661 ἀνέϐη
2488 1592 2510 1623 ’
2540 1589 2653 1659 τῆς
2674 1589 2806 1661 περὶ
2844 1589 2940 1644 τοῦ
2984 1590 3114 1644 Υἱοῦ
3154 1590 3582 1662 μεγαληγορίας,
3616 1593 3708 1644 καὶ

2132 1681 2474 1752 ἀπαύγασμα
2524 1681 2686 1736 αὑτὸν
2727 1683 2877 1751 λέγει
2926 1681 3119 1752 δόξηςο
3162 1683 3249 1736 ἴνα
3296 1682 3456 1736 τοῦτο
3505 1683 3704 1754 μάθῃς,

2132 1773 2216 1827 ὅτι
2258 1771 2320 1837 ἐξ
2348 1771 2538 1839 αὑτοῦ,
2571 1773 2652 1827 ὅτι
2687 1771 2941 1839 ἀπαθῶς,
2974 1773 3056 1826 ὃτι
3105 1773 3167 1827 οὑ
3205 1772 3553 1844 μειωθέντος,
3589 1765 3707 1827 οὐδὲ

2136 1863 2549 1929 ἑλαττωθέντος,
2587 1864 2670 1916 ὅτι
2708 1863 2810 1933 τῆς
2843 1864 3013 1934 αὑτῆς
3045 1863 3254 1928 οὑσεας,
3293 1864 3560 1931 τουτέστι,
3595 1864 3709 1933 φῶς

2066 1926 2107 1981 Β
2136 1955 2201 2007 ὲκ
2234 1954 2427 2021 φωτός.
2483 1926 2594 2007 κει
2623 1952 2733 2024 γάρ
2765 1926 2878 2008 ’καὶ
2905 1926 3005 2017 τάς
3042 1926 3317 2024 ἡμετέρας
3343 1952 3525 2025 ψυχὰς
3547 1926 3708 2024 requiri-

2133 2063 2272 2110 τισε,
2320 2046 2419 2100 καὶ
2450 2044 2542 2099 τὸν
2579 2046 2796 2118 Πατέρα
2827 2045 2989 2110 αὑτὸς
3019 2047 3285 2117 ὲσήμανε.
3321 2047 3414 2100 Διὸ
3459 2048 3555 2100 καὶ
3592 2047 3707 2100 ἔλε-

2134 2155 2230 2205 γεν
2249 2152 2262 2167 ·
2306 2135 2452 2207 Ἐγώ
2479 2138 2597 2206 ειμι
2624 2138 2693 2191 τὸ
2725 2135 2851 2206 φῶς
2885 2137 2991 2191 τοῦ
3023 2138 3278 2208 κόσμου,
3309 2138 3392 2191 ὅτι
3422 2137 3706 2201 συναῖδίως

2133 2227 2287 2298 αὑτῷ
2318 2228 2819 2299 σννεμφαινόμενος
2842 2243 2859 2260 ’
2889 2230 2982 2282 καὶ
3015 2227 3124 2299 γὰρ
3160 2228 3221 2282 τὺ
3260 2227 3603 2296 ἀπαύγασμα
3631 2226 3707 2298 τῷ

2134 2318 2506 2389 ἀπαυγάζοντι
2542 2318 2987 2390 συνεμφαίνεται.
3024 2318 3161 2374 Οὑτε
3194 2321 3303 2391 γὰρ
3339 2320 3491 2392 ἥλιος
3517 2319 3705 2391 ἀ)ράοη

2134 2416 2266 2468 ποτε
2298 2415 2467 2485 χωρὶς
2499 2413 2955 2484 ἀπαυγάσματος,
2984 2412 3107 2467 οὔτε
3147 2415 3338 2483 Πατὴρ
3364 2416 3564 2466 νοεῖται
3598 2430 3703 2481 χω-

2138 2505 2221 2578 ρὶς
2264 2505 2417 2560 Υἱοῦ.
2446 2506 2617 2559 Ὅταν
2647 2501 2742 2559 οὖν
2769 2505 3010 2578 ἀκούσῃς
3045 2505 3156 2560 τῶν
3191 2503 3488 2575 Ἀρειανῶν
3523 2504 3705 2571 λεγόν-

2133 2614 2244 2650 των
2275 2597 2357 2651 ὅτι
2382 2598 2446 2650 Εἰ
2475 2597 2539 2650 ὲκ
2570 2597 2786 2669 Πατρδς
2814 2597 2843 2648 ὑ
2873 2594 3027 2661 Υἱὸς,
3055 2596 3241 2651 λοιπὸν
3259 2594 3484 2664 ὕστερος
3506 2593 3701 2647 αὐτοῦ’

2135 2689 2348 2751 ἀντίθες
2376 2691 2577 2753 αὑτοῖς,
2607 2689 2690 2743 ὅτι
2720 2690 2828 2743 Καὶ
2851 2688 2910 2741 τὸ
2943 2684 3283 2758 ἀπαύγασμα
3317 2689 3381 2742 ὲκ
3406 2688 3502 2741 τοῦ
3532 2687 3702 2758 ἡλίου,

2135 2783 2233 2837 καὶ
2262 2777 2360 2853 οὑχ
2390 2780 2613 2852 ὕστερον
2644 2779 2812 2835 αὑτοῦ
2833 2797 2847 2813 ·
2882 2780 2997 2852 ἃμα
3025 2780 3132 2852 γάρ
3169 2781 3343 2852 ἥλιος,
3376 2781 3492 2851 ἃμα
3529 2777 3704 2834 ἀπαύ-

2138 2888 2347 2941 γασμα.

2206 2962 2315 3018 Καὶ
2344 2956 2654 3031 χαρακτὴρ
2697 2958 2797 3028 τῆς
2832 2957 3225 3022 ὑποστάσεως
3266 2955 3472 3011 αὑτοῦ.
3526 2954 3706 3010 Εἰπὼν

2135 3055 2495 3125 ἀπαύγασμα,
2537 3052 2633 3106 καὶ
2680 3050 2769 3105 ειά
2823 3050 2982 3104 τοῦτο
3031 3048 3092 3102 τὸ
3156 3048 3295 3119 πρὸς
3347 3047 3436 3100 τὸν
3488 3043 3707 3119 Πατέρα

2134 3147 2421 3218 ὸμοούσιον
2470 3141 2565 3199 καὶ
2623 3142 2891 3197 συνατδιον
2941 3140 3120 3208 δείξας
3173 3139 3264 3193 τοῦ
3315 3139 3468 3202 fieri,
3527 3136 3705 3202 αὖθις,

452 3235 578 3305 quia
613 3234 870 3304 splendor
901 3233 1204 3291 substantia
1233 3245 1405 3300 caret,
1438 3238 1727 3307 curatjam
1779 3241 2032 3296 absurdi-

2140 3239 2324 3309 ἐπειδὴ
2376 3237 2437 3292 τδ
2489 3237 2833 3305 ἀπαύγασμα
2868 3232 3239 3288 ἀνυπόστατόν
3268 3231 3312 3263 ¹⁰
3358 3233 3496 3292 ἐστι,
3550 3231 3710 3299 θερα-

454 3333 620 3380 talem
650 3340 771 3394 quae
798 3326 868 3380 ah
902 3325 1011 3381 isto
1037 3328 1290 3397 exetnplo
1334 3328 1514 3401 colligi
1565 3333 1761 3401 potuit,
1794 3347 1862 3388 ne
1888 3332 2031 3388 Mar-

454 3417 593 3473 cello
631 3425 685 3473 et
716 3417 958 3474 Sabellio
981 3418 1070 3474 hic
1099 3420 1255 3475 locus
1282 3420 1642 3494 relinquatur,
1668 3423 1761 3494 qui
1780 3425 2035 3482 dicebant

454 3517 565 3564 non
619 3525 742 3566 esse
806 3508 1007 3565 Filium
1062 3511 1116 3567 in
1179 3513 1398 3583 propria
1450 3530 1682 3585 persona
1733 3516 2035 3574 etaPalre

461 3601 748 3657 distincta.
774 3600 911 3658 Dicit
933 3617 1064 3673 ergo
1097 3621 1111 3658 :
1151 3603 1216 3658 Et
1241 3606 1413 3675 ﬁgura
1439 3607 1748 3664 substantia:
1772 3610 1886 3672 eius
1915 3620 1991 3665 est
2014 3628 2033 3667 :

457 3693 558 3748 heu
584 3705 689 3755 est.
725 3695 1186 3764 quemadmodum
1212 3696 1371 3769 651
1400 3698 1558 3754 Pater
1587 3700 1643 3754 in
1665 3713 1763 3754 sua
1801 3716 2033 3771 persona

456 3786 792 3847 subsistens,
825 3786 1033 3843 nullius
1061 3788 1290 3843 alterius
1322 3789 1529 3860 indiget
1546 3791 1611 3845 ad
1633 3792 1716 3845 sui
1746 3791 2037 3860 perfectio-

453 3893 605 3944 nem,
652 3878 733 3934 sic
777 3887 831 3932 et
874 3877 1067 3933 Filius.
1100 3879 1398 3950 Postquam
1453 3882 1598 3937 enim
1640 3884 1956 3939 ostenderat
1985 3884 2036 3941 ei

453 3969 661 4022 nullam
727 3984 851 4024 esse
908 3970 1461 4040 dissimilitudinem,
1523 3973 1806 4044 proprium
1873 3976 2036 4031 etiam

455 4058 619 4128 primi
650 4059 980 4130 exemplaris
998 4062 1374 4117 characterem
1399 4078 1520 4119 esse
1547 4079 1640 4134 per
1668 4064 1783 4119 haec
1808 4067 2035 4121 demon-

459 4160 599 4208 strat
627 4151 950 4221 Apostolus.
982 4152 1283 4209 Character
1303 4153 1449 4209 enim
1491 4156 1636 4211 aliud
1667 4156 1929 4226 quiddam
1955 4166 2038 4213 est

452 4243 526 4300 ab
576 4244 903 4314 archetypo,
944 4256 1004 4300 ut
1046 4244 1139 4315 qui
1176 4245 1294 4316 ipse
1350 4262 1447 4317 per
1486 4261 1546 4303 se
1589 4249 1876 4317 subsistat,
1919 4249 2039 4305 sine

459 4334 569 4389 ullo
599 4346 785 4390 tamen
811 4333 1132 4391 discrimine
1158 4348 1450 4409 pretotypo
1491 4339 1709 4397 similis.
1740 4340 2037 4413 Gregorius

455 4439 634 4483 autem
666 4427 947 4499 Nyssenus
987 4427 1066 4483 ait
1098 4438 1112 4482 :
1153 4428 1622 4495 Quemadmodum
1652 4446 1750 4504 per
1779 4434 2038 4504 splendo-

454 4528 568 4574 rem
616 4519 1010 4574 connexionem
1056 4521 1176 4592 ejus
1211 4520 1496 4584 indicavit.
1540 4522 1622 4578 sic
1645 4539 1740 4594 per
1773 4523 2028 4595 figuram,

2136 3332 2292 3386 πεύει
2321 3330 2382 3384 τὺ
2415 3332 2480 3383 ὲκ
2522 3327 2617 3382 τοῦ
2651 3326 3049 3396 ὑποδείγματος
3076 3323 3296 3387 ἄτοπον,
3344 3323 3431 3377 ἵνα
3467 3322 3542 3393 μὴ
3568 3320 3710 3393 λάθῃ

2137 3426 2319 3499 χώραν
2342 3422 2659 3496 Μαρκελλος
2698 3421 2793 3475 καὶ
2825 3418 3137 3484 Σαϐελλιος,
3182 3417 3233 3470 οἶ
3269 3416 3477 3484 ἔλεγον,
3522 3416 3597 3485 μὴ
3634 3411 3711 3467 εἷ-

2135 3538 2222 3574 ναι
2253 3518 2342 3572 τὸν
2366 3516 2493 3571 Υιὸν
2523 3517 2583 3569 ἐν
2618 3513 2727 3585 ἰδίᾳ
2776 3506 3072 3566 ὑποστάσει
3121 3509 3273 3582 παρά
3318 3509 3410 3561 τὸν
3467 3510 3711 3578 Πατέρα.

2136 3614 2307 3683 Ψησὶν
2332 3609 2424 3664 οὖν
2446 3626 2459 3641 ’
2492 3605 2599 3664 Καὶ
2624 3606 2929 3677 χαρακτὴρ
2958 3603 3067 3673 τῆς
3095 3603 3489 3667 ὑποστάσεως
3523 3600 3711 3654 αὑτοῦ

2135 3703 2328 3764 ἐστιν,
2379 3697 2513 3763 οἷον,
2550 3699 2741 3769 ὥσπερ
2787 3698 2937 3752 ἐστὶν
2969 3695 3132 3759 αὐτὸς
3163 3694 3528 3754 ὲνυπόστατος
3561 3692 3715 3745 οὐδε-

2138 3796 2228 3858 νὸς
2255 3793 2507 3864 δεόμενος
2548 3794 2629 3854 εἰς
2662 3791 2963 3856 τελείωσιν,
3011 3788 3155 3843 οὕτω
3192 3784 3290 3841 καὶ
3317 3790 3345 3841 ὁ
3379 3786 3530 3849 Υἱός.
3558 3787 3715 3840 Μετά

2138 3888 2246 3958 γὰρ
2278 3885 2338 3940 τὸ
2388 3884 2662 3939 δεικνύναι
2717 3880 2776 3937 τὸ
2833 3879 3292 3951 ἀπαράλλακτον,
3343 3877 3422 3931 ἔτι
3468 3877 3567 3931 καὶ
3623 3879 3717 3931 τὸν

2142 3976 2417 4043 ἰδιάζοντα
2452 3975 2779 4047 χαρακτῆρα
2807 3972 2901 4027 τοῦ
2950 3969 3308 4045 πρωτοτύπου
3354 3968 3596 4023 δείκνυσι
3627 3968 3718 4022 διὲι

2138 4070 2348 4133 τούτων
2390 4071 2419 4123 ό
2482 4065 2825 4130 Ἀπόστολος.
2867 4064 2929 4120 ὐ
2980 4063 3086 4135 γὰρ
3121 4061 3409 4134 χαρακτὴρ
3440 4059 3602 4122 ἄλλος
3630 4076 3716 4121 τις

2141 4164 2259 4217 ἐστὶ
2289 4158 2441 4234 παρά
2480 4157 2542 4212 τὸ
2578 4156 2955 4230 πρωτότυπον,
2994 4153 3070 4217 ὡς
3104 4151 3351 4221 ὑφεστὼς
3384 4150 3546 4214 αὑτὸς
3592 4145 3716 4203 καθ’

2142 4255 2356 4320 ἑαυτὸν,
2403 4249 2596 4314 ἐοικὼς
2649 4249 2751 4320 μέν
2781 4265 2865 4302 τοι
2902 4244 3343 4317 ἀπαραλλάκτως
3377 4241 3456 4310 τῷ
3500 4252 3717 4310 πρωτοο

2140 4345 2313 4412 τύπῳ.
2360 4343 2418 4395 Ὁ
2466 4341 2525 4394 δὲ
2572 4339 2794 4411 Νύσσης
2848 4336 3169 4410 Γρηγόριος.
3208 4333 3421 4402 Ὠσπερ
3476 4332 3563 4385 ea
3620 4331 3717 4384 τοῦ

2141 4435 2596 4505 ἀπαυγάσματος,
2622 4430 2777 4502 φησὶ,
2810 4429 2873 4483 τδ
2918 4427 3154 4496 συναφὲς
3188 4424 3410 4489 ἔδειξεν,
3449 4422 3594 4476 οὑτω
3626 4423 3721 4477 δια

2142 4529 2235 4582 τοῦ
2278 4525 2625 4598 χαρακτῆρος
2654 4522 2715 4576 τδ
2763 4521 3088 4575 ἰσοστάσιον.
3147 4518 3207 4570 '0
3236 4517 3344 4586 γὰρ
3390 4515 3451 4569 τὺ
3489 4515 3718 4586 μέγεθος

455 4623 664 4668 natura!
697 4612 1088 4683 a'qualitatem.
1118 4613 1227 4680 Qui
1273 4615 1421 4669 enim
1454 4614 1728 4686 suppositi
1765 4617 2033 4687 magnitu-

2141 4622 2242 4692 τῆς
2294 4618 2647 4678 ὑποστάσεως
2696 4614 2754 4666 ἐν
2787 4612 2865 4683 νῷ
2915 4610 3121 4674 λαϐὼν,
3176 4608 3253 4679 τῷ
3304 4606 3721 4676 ὲπιφαινομένῳ

454 4702 637 4758 dinem
692 4702 878 4757 animo
912 4705 1165 4774 concepit
1198 4720 1293 4774 per
1323 4706 1597 4762 visibilem
1631 4707 2033 4774 characterem,

451 4797 680 4850 onmino
736 4795 1066 4851 metiebatur
1134 4796 1312 4867 ipsum
1375 4798 1719 4868 suppositum
1768 4817 1781 4853 :
1854 4814 2037 4869 neque

450 4881 601 4935 enim
626 4882 969 4952 suppositum
1000 4884 1216 4939 excellit
1232 4886 1541 4947 character.
1564 4901 1632 4942 ne
1667 4889 1741 4943 sit
1764 4888 1883 4944 sine
1901 4891 2036 4944 suh-

455 4973 730 5041 sistentia,
785 4983 1060 5044 quatenus
1115 4979 1349 5033 excellat
1399 4994 1415 5033 :
1470 4994 1647 5050 neque
1694 4983 2033 5051 suppositum

459 5063 638 5133 majus
668 5074 753 5121 est
778 5067 1100 5124 charactere
1128 5112 1145 5136 ,
1177 5070 1382 5141 alioqui
1414 5084 1623 5141 partem
1658 5074 1805 5129 illam
1836 5075 2033 5130 chara—

456 5157 628 5212 cteris
680 5166 961 5228 expertem
1023 5160 1253 5216 haberet
1312 5180 1326 5217 :
1389 5164 1845 5234 quemadmodum
1910 5184 2032 5222 cum

458 5249 587 5305 alibi
609 5248 743 5306 dicit
775 5249 973 5307 Filium
999 5252 1053 5307 in
1087 5252 1262 5309 forma
1296 5252 1388 5310 Dei
1412 5271 1557 5322 esse,
1591 5257 1696 5313 hoc
1720 5259 1899 5328 ipsum
1931 5275 2033 5316 nos

456 5340 763 5412 intelligere
791 5345 943 5408 velit,
974 5360 1169 5416 nempe
1205 5362 1298 5415 per
1329 5347 1556 5404 fortnam
1588 5351 1831 5421 quidem,
1865 5353 2038 5424 hypo-

457 5435 635 5489 stasin
668 5453 683 5503 ;
734 5451 833 5506 per
861 5436 1234 5494 characterem
1263 5450 1444 5496 autem
1470 5482 1485 5507 ,
1533 5441 1815 5499 Dominum
1853 5447 1945 5514 qui
1981 5445 2036 5500 in

459 5522 578 5596 ipsa
599 5528 865 5584 cernitur.
904 5529 1316 5586 Connuunstrat
1349 5542 1530 5590 autem
1582 5537 1807 5593 onmino
1841 5531 2034 5591 Filium

533 5701 772 5761 “Joan.
829 5719 949 5771 vm,
1002 5704 1090 5761 12.

2139 4709 2450 4783 χαρακτῆρι
2507 4706 2726 4768 πάντως
2806 4703 3025 4772 ἐμέτρει
3092 4700 3184 4754 καὶ
3238 4699 3335 4769 τὴν
3395 4699 3717 4754 ὑπόστασιν,

2140 4801 2277 4855 Οὔτε
2311 4799 2419 4871 γάρ
2474 4795 2732 4866 ὑπερέχει
2782 4796 2881 4864 τῆς
2931 4791 3281 4854 ὑποστάσεως
3322 4795 3349 4843 ὁ
3405 4791 3716 4858 χαρακτὴρ,

2141 4895 2227 4947 ἵνα
2264 4892 2337 4963 μὴ
2366 4888 2738 4947 ἀνυπόστατος
2772 4882 2827 4959 ᾗ,
2863 4883 3000 4937 καθὸ
3030 4881 3320 4950 ὑπερέχειδ
3357 4877 3482 4931 οὗτε
3516 4880 3549 4949 ἡ
3583 4880 3721 4931 67:6-

2138 5000 2330 5045 οτασις
2371 4979 2570 5033 πλείων
2630 4976 2746 5029 ἐστὶ
2814 4975 2910 5028 τοῦ
2961 4974 3343 5047 χαρακτῆρος’
3401 4964 3438 5040 ἦ
3488 4973 3599 5038 γὰρ
3654 4968 3722 5021 ἂν

2141 5072 2623 5145 ἀχαρακτήριστον
2650 5069 2764 5140 ἔχοι
2797 5068 2974 5119 ἐκεῖνο
3000 5065 3061 5118 τὸ
3085 5065 3280 5134 μέροςο
3313 5060 3603 5131 ὡσπεροῦν
3628 5063 3723 5115 καὶ

2144 5165 2377 5237 ἀλλαχοῦ
2408 5164 2603 5231 λέγων,
2642 5162 2734 5217 τὸν
2782 5160 2910 5213 Υἱδν
2943 5161 3001 5212 ὲν
3046 5158 3227 5228 μορφῇ
3257 5154 3395 5211 Θεοῦ
3426 5154 3718 5225 ὑπάρχειν,

2142 5260 2279 5315 αὐτὸ
2311 5257 2471 5311 τοῦτο
2504 5255 2718 5309 δίδωσιν
2775 5255 2906 5323 tum
2952 5252 3175 5313 ἐννοεῖν,
3219 5247 3436 5318 μορφὴν
3470 5244 3593 5316 μὲν,
3623 5245 3721 5314 τὴν

2144 5352 2447 5407 ὑπόστασιν
2468 5389 2481 5411 ,
2527 5345 2853 5419 χαρακτῆρα
2884 5344 2943 5396 δὲ
2969 5343 3060 5397 τὸν
3095 5341 3298 5412 Κύριον
3328 5340 3385 5392 ὲν
3408 5340 3550 5409 αὑτῇ
3589 5337 3722 5390 θεωο

2150 5441 2432 5515 ρούμενον.
2463 5439 2715 5492 Δείκνυσι
2757 5434 2815 5488 δὲ
2877 5433 3094 5495 πάντως
3121 5431 3182 5485 τδ
3210 5429 3347 5501 πρὸς
3379 5428 3472 5481 τὸν
3501 5428 3722 5498 Πατέρα

2150 5533 2439 5605 ἱσόμετρον
2466 5530 2561 5586 τοῦ
2589 5528 2741 5584 Υἱοῦ.
2777 5527 2857 5598 Τῇ
2902 5525 3013 5598 γάρ
3063 5526 3243 5597 μορφῇ
3284 5524 3318 5594 ἠ
3366 5521 3460 5576 τοῦ
3508 5520 3721 5591 Harpe;

1817 5800 2013 5865 Variae
2042 5800 2374 5864 lectiones.

530 5896 556 5935 ⁸
581 5901 860 5958 ἀναϐαίνει
900 5919 953 5959 ο.
1043 5903 1087 5937 ¹³
1116 5903 1334 5959 ἑννπότι
1378 5920 1430 5959 0.
