3918 6540
204 385 292 448 μδ
877 373 1280 439 EXPOSITIO
1313 373 1394 434 IN
1435 371 1676 433 EPIST.
1702 372 1802 431 AD
1844 372 2241 433 Hsoncos.
2275 398 2344 409 —
2386 373 2547 434 CAP.
2588 371 2636 431 I.

3319 366 3421 431 14

199 493 531 568 μεγαλειότης
581 491 962 562 ὲνοεωρεῖται,
1008 484 1246 555 οὐδαμοῦ
1285 483 1458 552 αὐτῆς
1507 480 1745 551 ὑπερπί-

1861 495 1969 536 asse
1996 479 2142 535 Patii
2168 480 2454 551 aequalem.
2477 478 2536 534 In
2574 478 2748 534 forma
2778 477 2924 533 enim
2953 477 3134 533 Patris
3168 477 3429 546 majesias

197 603 384 642 πτουσα
408 601 421 615 ·
453 580 488 653 ἦ
542 583 649 654 γὰρ
677 582 742 634 ἂν
767 583 1012 652 ἄμορφον
1067 578 1152 646 εἴη
1179 576 1272 630 καὶ
1301 571 1532 633 ἀκαλλὲς
1555 570 1618 624 τὸ
1643 569 1746 634 ἔξω

194 677 282 744 τῆς
319 672 527 744 μορφῆς
569 672 784 736 πῖπτον,
818 670 958 735 ὅπερ
988 666 1190 719 ἄτοπον
1228 663 1357 734 περὶ
1391 661 1487 714 τοῦ
1535 657 1746 729 Πατρδς

195 771 393 822 ἐννοεῖν.
453 768 514 819 Ei
569 766 624 820 δὲ
668 763 908 827 τοσαύτη
963 759 1112 813 ἐστὶν
1159 759 1192 828 ἡ
1237 755 1599 828 μεγαλειότης
1648 752 1744 806 τοῦ

195 859 405 928 Πατρὺς,
438 857 535 927 ὅση
559 857 706 926 καὶὴ
743 851 948 924 μορφὴ,
981 853 1009 905 6
1050 850 1106 902 δὲ
1133 847 1418 919 χαρακτὴρ
1461 847 1747 915 ίσόμετρος

193 953 250 1021 τῇ
285 951 454 1018 μορφῇ
481 963 496 980 ’
527 947 639 1017 ἔχοι
687 948 754 1000 ἂν
799 945 896 998 καὶ⁸
938 945 966 996 6
1020 939 1307 1012 χαρακτὴρ
1346 938 1614 1006 τοσαύτην
1649 937 1747 1004 τὴν

197 1041 590 1113 μεγαλειότητα,
636 1041 736 1111 ὅση
767 1040 834 1110 τῇ
896 1037 1082 1109 μορφῇ
1128 1033 1223 1088 τοῦ
1271 1033 1408 1087 θεοῦ
1460 1033 1746 1103 ἐνθεωρεῖ-

194 1150 291 1188 ται.

253 1225 441 1292 Φέρων
481 1241 546 1277 τε
585 1223 657 1278 τὰ
685 1224 881 1281 πάντα
918 1225 998 1291 τῷ
1039 1225 1262 1294 ῥήματι
1296 1221 1406 1290 τῆς
1435 1219 1748 1287 δυνάμεως

194 1316 380 1372 αὐτοῦ.
421 1317 479 1368 ’0
527 1315 722 1384 πρώην
757 1316 1230 1387 ὑποδραττόμενος
1281 1312 1399 1376 τοῦ,
1467 1312 1542 1365 δι’
1577 1306 1649 1366 οὗ
1682 1310 1745 1374 ¹¹,

197 1409 280 1462 καὶ
304 1408 375 1469 ὡς
423 1406 700 1476 ὑπουργὸν
729 1406 894 1460 αὐτὸν
924 1407 1097 1470 τιθεὶς
1116 1448 1130 1471 ,
1166 1405 1331 1460 ἄκουε
1355 1405 1471 1465 νῦν.
1510 1403 1558 1456 εἰ
1591 1401 1750 1455 δύνα-

199 1517 276 1551 σαι
299 1500 552 1562 συνεῖναι,
581 1498 698 1561 πῶς
724 1497 959 1555 ἐνταῦθα
986 1499 1203 1552 δίδωσιν
1229 1499 1258 1550 6
1290 1496 1502 1558 Παῦλος
1534 1493 1611 1564 τῷ
1633 1491 1749 1564 Υίῷ

193 1592 280 1660 τὴν
332 1588 642 1642 αύθεντίαν.
686 1590 801 1642 Οὐκ
851 1587 974 1642 εἷπε
1029 1590 1108 1652 δὲ,
1163 1588 1350 1656 Φέρων
1394 1589 1461 1656 τῇ
1498 1585 1746 1654 δυνάμει,

131 1703 136 1708 “
194 1683 330 1746 ἀλλὰ,
367 1679 444 1746 τῷ
460 1679 688 1749 ῥήματι
717 1681 828 1748 τῆς
861 1681 1192 1750 δυνάμεως,
1224 1678 1495 1740 τουτέστι,
1550 1675 1630 1746 τῷ
1657 1675 1748 1743 γέ-

201 1790 337 1842 μοντι
398 1771 687 1840 δυνάμεως
719 1770 796 1841 τῷ
823 1771 1048 1825 δυνατὸν
1104 1771 1270 1824 αὐτὸν
1323 1767 1614 1822 δεικνύντι.
1657 1765 1746 1830 Ὠς

195 1864 290 1932 γὰρ
315 1863 488 1929 λέγεις
511 1864 610 1916 και
641 1863 732 1916 τὸν
753 1865 972 1935 Πατέρα
1006 1865 1184 1918 εἰπεῖν
1205 1878 1220 1893 ο
1245 1860 1568 1929 Γενηθήτω
1596 1856 1742 1928 φῶς.

197 1957 279 2010 καὶ
303 1955 535 2025 ἐγένετο
559 1939 722 2024 ςρῶςτ
754 1955 898 2010 οὓτω
928 1957 1023 2011 καὶ
1048 1957 1077 2010 6
1105 1955 1236 2019 Υἱὸς
1263 1955 1470 2026 ῥήματι
1500 1953 1656 2022 φέρει
1679 1951 1746 2003 τὰ

199 2049 376 2107 πάντα.
410 2047 685 2110 τουτέστι,
722 2047 983 2119 κυϐερνᾷ,
1025 2048 1407 2119 συγκρατεῖ¹⁸.
1444 2044 1661 2099 Μᾶλλον
1689 2043 1745 2094 δὲ

200 2140 366 2208 μεῖζον
383 2138 474 2192 τοῦ
503 2141 855 2208 παραγαγεῖν
879 2139 950 2192 τά
976 2139 1174 2203 πάντα,
1189 2137 1250 2192 τὸ
1271 2135 1746 2200 διαστασιάζοντα,

197 2232 277 2282 καὶ
297 2234 371 2292 είς
399 2231 460 2282 τὸ
491 2229 570 2300 μὴ
626 2225 765 2282 εἶναι
800 2230 1061 2300 μέλλοντα
1106 2229 1462 2300 προχωρῆσαι
1508 2243 1750 2297 συγκρα-

197 2323 310 2374 τεῖν.
357 2321 466 2373 Καὶ
526 2321 630 2374 οὐκ
681 2317 824 2384 εἶπε,
868 2321 1183 2392 κυϐερνῶν,
1215 2321 1371 2384 ἀλλὰ,
1428 2319 1640 2390 φέρων,
1685 2321 1750 2372 ὲκ

201 2413 496 2480 μεταφορᾶς
541 2411 654 2464 τῶν
707 2411 1042 2483 δακτύλῳιτι
1073 2413 1427 2467 ποιούντωνω
1483 2411 1750 2465 κινεῖσθαι

199 2504 280 2556 καὶ
325 2503 751 2573 μεταφέρεσθαι.
813 2505 918 2556 Τὸν
963 2505 1071 2575 γὰρ
1099 2503 1414 2574 τηλικοῦτον
1442 2503 1603 2570 ὄγκον
1653 2503 1752 2572 τῆς

199 2595 405 2656 κτίσεως
433 2595 527 2648 τὸν
563 2595 910 2666 ῦπέρμεγαν,
935 2595 1012 2659 ώς
1043 2597 1194 2650 οὐδὲν
1216 2596 1377 2659 αὐτὸς
1398 2595 1752 2659 διαϐαστάζει

200 2687 280 2738 καὶ
303 2685 440 2756 λόγῳ
468 2686 622 2758 μόνῳ
649 2687 826 2739 πάντα
864 2687 1170 2757 δυναμένῳ.
1212 2688 1287 2744 Οὐ
1325 2687 1431 2754 γὰρ
1471 2687 1628 2758 ψιλὸν
1660 2688 1754 2744 ἐπὶ

200 2774 317 2827 θεοῦ
344 2777 400 2828 τὸ
423 2777 600 2847 ῥῆμα,
627 2778 702 2840 ώς
722 2778 806 2847 ἐφ’
834 2779 1010 2847 ἡμῶν.
1033 2773 1164 2831 Εἶτα
1193 2777 1462 2832 τοσούτων
1487 2778 1754 2848 αἱρέσεων

201 2867 641 2934 ἀνατρεπομένων
666 2870 722 2920 ἐν
754 2869 1056 2938 προοιμίοις
1076 2869 1237 2932 εὐθὺς
1263 2869 1363 2939 τῆς
1410 2870 1753 2938 Ἐπιστολῆς,

201 2956 300 3018 πῶς
327 2958 566 3026 τολμῶσί
589 2975 732 3020 τινες
759 2959 972 3012 ἀθετεῖν
1009 2959 1202 3030 αὐτὴν,
1233 2959 1310 3024 ώς
1343 2961 1418 3031 μὴ
1456 2961 1534 3032 τῷ
1559 2961 1756 3033 Παύλῳ

201 3051 587 3119 προσήκουσαν,
621 3052 918 3122 τεκμήριον
943 3051 1034 3105 τὸν
1065 3053 1391 3122 χαρακτῆρα
1413 3055 1511 3123 τῆς
1539 3053 1755 3124 γραφῆς

1849 572 2326 636 animadvertitur,
2342 585 2681 641 nequaquam
2708 571 2880 640 ipsam
2897 581 3266 640 exsuperans:
3293 569 3430 622 alio-

1847 665 1940 735 qui
1973 665 2206 722 informe
2231 675 2400 733 esset,
2436 677 2489 722 et
2514 665 2926 737 pulchritudine
2953 675 3172 719 vacaret
3202 664 3253 720 id
3281 663 3430 733 quod

1849 756 2080 811 formam
2109 759 2422 824 excederet,
2454 759 2506 810 id
2534 757 2679 826 quod
2702 757 2768 812 de
2786 756 2944 811 Patre
2968 756 3206 825 cogitare
3233 755 3432 806 absur-

1849 850 1976 902 dum
2006 857 2111 904 est.
2146 848 2202 902 Si
2235 857 2414 904 autem
2441 858 2588 903 tanta
2612 856 2698 904 est
2720 849 2983 916 majestas
3004 845 3204 909 Patris,
3227 852 3431 914 quanta

1847 950 1901 994 et
1961 941 2132 994 forma
2182 948 2286 1003 est,
2341 941 2629 994 character
2673 949 2854 994 autem
2904 939 3134 1008 aequalis
3181 947 3267 992 est
3326 936 3430 1005 ipsi

1850 1029 2038 1086 forma:
2114 1048 2126 1084 :
2199 1030 2422 1086 habebit
2494 1031 2659 1085 etiam
2742 1039 2946 1084 lautam
3017 1029 3431 1099 amplitudinem

1848 1121 2154 1180 character.
2186 1131 2386 1190 quanta
2418 1121 2470 1175 in
2507 1120 2596 1175 Dei
2631 1121 2804 1174 forma
2838 1135 2958 1175 esse
3000 1120 3358 1188 conspicitur.

1920 1209 2156 1266 Portam
2181 1212 2361 1266 omnia
2401 1211 2554 1265 verba
2591 1211 2836 1278 potentia:
2866 1226 2998 1263 sum.
3039 1208 3122 1263 Tu
3174 1211 3266 1278 qui
3322 1223 3430 1262 non

1851 1305 1927 1358 ita
1961 1305 2176 1374 pridem
2207 1303 2624 1373 apprehendens
2659 1300 2832 1365 Istud,
2861 1300 2966 1354 Per
3010 1316 3184 1368 quem,
3250 1299 3430 1368 ipsum

1851 1403 2110 1464 tanquam
2145 1394 2468 1448 ministrum
2509 1391 2916 1454 constituebas,
2943 1391 3066 1443 audi
3115 1389 3226 1457 jam
3263 1404 3432 1451 nunc,

1850 1489 1896 1542 si
1926 1487 2230 1556 intelligere
2265 1496 2443 1556 potes,
2474 1485 2751 1555 quomodo
2775 1485 2861 1538 hic
2883 1483 3023 1537 Filio
3051 1483 3432 1536 auctoritatem

1852 1579 2081 1634 tribuat.
2117 1578 2233 1632 Non
2256 1578 2395 1633 dixit
2430 1586 2638 1641 autem,
2705 1575 2936 1630 Portans
2987 1574 3254 1644 potentia,
3315 1571 3434 1636 sed,

1850 1671 2280 1739 verbopotentiw,
2309 1671 2411 1726 hoc
2440 1680 2545 1736 est,
2577 1671 2721 1740 quod
2754 1670 3017 1724 refertum
3049 1678 3133 1722 est
3165 1665 3434 1738 potentia,

1851 1765 1999 1835 quod
2032 1765 2208 1834 ipsum
2241 1772 2518 1834 potentem
2554 1779 2678 1817 esse
2707 1763 2910 1833 arguit.
2944 1760 3178 1816 Perinde
3196 1773 3432 1829 namque

1855 1868 1914 1913 ut
1947 1859 2027 1914 ais
2063 1857 2278 1912 Patrem
2313 1855 2520 1911 dixisse
2555 1875 2570 1911 :
2618 1855 2739 1910 Fiat
2773 1855 2887 1918 lux,
2925 1863 2974 1909 et
3010 1854 3155 1921 facta
3181 1861 3259 1907 est
3291 1852 3385 1905 tua“.
3412 1867 3431 1905 :

1849 1950 1932 2006 sic
1969 1959 2023 2005 et
2047 1948 2224 2004 Filius
2255 1948 2423 2004 verbo
2445 1955 2620 2018 gestat
2656 1946 2862 2010 omnia,
2904 1945 2955 2000 id
2986 1953 3092 2013 est,
3143 1945 3437 2017 gubernat,

1850 2043 2131 2096 continet:
2166 2040 2276 2096 imo
2307 2041 2487 2109 majus
2517 2047 2624 2106 est,
2686 2037 3036 2101 dissidentia,
3089 2045 3145 2092 et
3195 2036 3265 2091 ad
3324 2050 3438 2091 non

1850 2149 1974 2188 csse
1999 2135 2243 2197 abitura,
2275 2134 2563 2188 continere
2599 2142 2652 2187 et
2683 2145 3036 2196 conservare,
3063 2143 3228 2200 quam
3251 2129 3438 2183 omnia

1851 2226 2178 2294 producere.
2219 2225 2328 2281 Nec
2394 2225 2553 2289 dixit,
2613 2223 2960 2287 Guhcrnans,
3023 2223 3142 2285 sed.
3197 2231 3437 2290 portans,

1852 2330 2068 2385 sumpta
2100 2318 2421 2386 metaphora
2449 2317 2517 2372 ab
2539 2317 2608 2371 iis
2637 2318 2729 2387 qui
2758 2316 2932 2387 digito
2963 2314 3172 2369 iaciunt
3193 2323 3252 2367 ut
3278 2313 3447 2382 quid-'

1854 2425 2020 2480 quam
2097 2419 2385 2464 moveatur
2442 2407 2943 2477 transferaturque.
3018 2406 3148 2460 Tale
3205 2418 3443 2472 namque

1858 2511 2187 2573 tantumque
2215 2504 2430 2572 pondus
2461 2511 2842 2557 creaturarum
2871 2499 3033 2556 veluti
3097 2499 3236 2553 nihil
3267 2503 3438 2561 esset,

1854 2595 1974 2665 ipse
1997 2595 2081 2650 vel
2105 2596 2223 2650 solo
2253 2596 2417 2649 verbo
2448 2594 2592 2663 quod
2616 2594 2798 2647 omnia
2827 2601 3026 2662 potest,
3050 2591 3289 2660 hajulat.
3323 2589 3440 2642 Non

1854 2687 1998 2741 enim
2023 2685 2248 2756 perinde
2262 2687 2456 2753 exigua
2488 2701 2576 2741 res
2596 2685 2756 2740 estin
2777 2683 2888 2738 Deo
2917 2683 3227 2746 verhum,ut
3259 2683 3311 2734 in
3342 2697 3440 2734 no-

1857 2778 1963 2833 bis.
2032 2779 2102 2832 At
2145 2778 2366 2832 interim
2413 2792 2538 2832 cum
2587 2785 2664 2831 tot
2717 2776 2950 2830 hau-eses
2986 2775 3040 2828 in
3075 2772 3302 2828 exordio
3330 2780 3443 2825 sta-

1858 2871 1955 2924 tim
1979 2870 2146 2939 hujus
2170 2869 2430 2940 Epistula:
2453 2871 2565 2924 sint
2605 2885 2834 2931 eversae,
2871 2867 3151 2938 quomodo
3192 2866 3442 2921 nonnulli

1861 2962 2003 3015 hanc
2025 2961 2360 3031 Epistolam,
2381 2971 2640 3030 tanquam
2668 2959 2838 3014 Paulo
2868 2975 2976 3015 non
3001 2960 3440 3025 convenientem,

1859 3053 2092 3120 rejicere
2143 3052 2370 3116 audent,
2439 3052 2675 3120 hujusce
2732 3053 2811 3106 rei
2867 3051 3128 3106 indicium
3181 3049 3444 3106 iacientes

202 3144 498 3212 ποιούμενοι
528 3143 990 3214 παρηλλαγμένον
1019 3144 1111 3197 τοῦ
1142 3146 1253 3198 τῶν
1283 3147 1459 3200 ἄλλων
1501 3148 1753 3201 Ἐπιστοη

1862 3151 1986 3220 styli
2024 3149 2425 3215 characterem,
2463 3156 2654 3218 utpote
2685 3163 2714 3201 a
2737 3147 2954 3202 caeteris
2987 3148 3161 3217 ipsius
3181 3146 3444 3217 Epistolis

201 3233 330 3301 λῶν;
364 3235 514 3289 Ἐδει
539 3235 652 3307 γὰρ
679 3236 876 3299 αὐτοὺς
905 3236 1157 3298 συνιδεῖν,
1193 3237 1274 3290 ὅτι
1313 3237 1376 3290 τὸ
1403 3238 1688 3308 μεγαλεῖον
1712 3239 1755 3271 ιδ

202 3326 297 3378 τῶν
325 3329 639 3398 νοημάτων,
677 3328 772 3380 καὶ
802 3329 838 3398 ἡ
879 3329 1275 3400 ἀναντίρρητος
1295 3329 1344 3362 ³⁵
1364 3330 1546 3383 αὑτῶν
1580 3331 1756 3400 ἰσχὺς,

203 3421 331 3484 τίνος
359 3421 523 3474 ἄλλου
548 3421 582 3490 ῆ
614 3421 853 3485 Παύλου,
897 3423 992 3474 τοῦ
1024 3422 1114 3476 τον
1151 3422 1387 3493 Χριστὸν
1416 3422 1632 3492 ἔχοντος
1671 3423 1761 3477 λα-

203 3511 379 3566 λοῦντα
410 3517 466 3565 ὲν
499 3513 724 3583 ἐαυτῷ,
757 3515 904 3578 Εί,δὲ
935 3515 1028 3568 τὸν
1077 3515 1405 3585 χαρακτῆρα
1460 3515 1760 3568 σκάνδαλον

202 3603 439 3668 τίθενται,
470 3605 798 3675 μαθέτωσαν
822 3607 905 3663 ὅτι
932 3607 1142 3670 Παῦλος
1167 3607 1264 3678 μὲν
1281 3607 1525 3680 Ἐσραῖδι
1545 3608 1762 3680 γλώττῃ

201 3694 288 3761 τὴν
305 3696 628 3768 Ἐπιστολὴν
657 3699 1052 3770 ὑπηγόρευσεν,
1075 3699 1170 3753 ἇτε
1193 3700 1330 3770 πρὸς
1359 3700 1644 3771 Ἐϐραίους
1671 3701 1762 3755 τὸν

204 3784 344 3854 λόγον
368 3789 698 3858 ποιούμενος
718 3806 732 3820 ⁸
767 3790 846 3852 είς
876 3789 932 3843 δὲ
963 3791 1063 3861 τὴν
1093 3789 1325 3844 Ἐλλάδα
1357 3791 1648 3861 μετετέθη,
1685 3793 1762 3856 ὡς

208 3879 294 3944 μέν
316 3896 474 3945 τινες,
501 3880 612 3932 ὑπὸ
637 3881 844 3946 Δουκᾶ,
880 3881 956 3944 ὡς
996 3881 1053 3934 δὲ
1083 3881 1215 3934 ἔνιοί
1251 3900 1438 3952 φασιν,
1477 3884 1584 3936 ὑπὸ
1610 3884 1761 3951 Κλή-

209 3985 402 4036 μεντος,
466 3966 534 4025 οῦ
579 3971 644 4041 δὴ
697 3971 794 4024 καὶ
845 3972 1049 4039 μᾶλλον
1094 3972 1258 4037 σώζει
1290 3973 1382 4026 τὸν
1412 3974 1760 4043 χαρακτῆρα.

210 4061 417 4127 Ὅμοιον
447 4061 546 4119 οῦν
572 4079 626 4114 τι
655 4063 1094 4132 πλημμελοῦσιν,
1133 4063 1208 4127 ὡς
1243 4065 1441 4128 εἰπεῖν,
1479 4066 1527 4117 oi
1553 4064 1764 4133 ταύτην

208 4151 591 4220 ἀφαιρούμενοι
606 4151 842 4215 Παύλου,
863 4151 1052 4222 ὥσπερ
1071 4151 1134 4205 ἂν
1154 4153 1201 4204 εἰ
1223 4151 1434 4211 Παῦλον
1455 4151 1765 4224 ἀφῃροῦντο

211 4239 249 4290 Χ
259 4241 432 4306 ριστοῦ
441 4279 455 4300 ,

290 4421 364 4473 Δι’
429 4419 651 4475 ἑαυτοῦ
725 4421 1096 4491 καθαρισμὸν
1169 4422 1579 4493 ποιησάμενος
1644 4423 1764 4478 τῶν

1859 3242 2135 3296 diversum
2166 3241 2190 3294 ?
2243 3239 2394 3296 Istud
2433 3240 2579 3295 enim
2611 3253 2709 3294 eos
2738 3239 3090 3294 considerare
3131 3236 3443 3308 Oportebat,

1858 3333 2004 3404 quod
2037 3341 2398 3402 conceptuum
2418 3329 2580 3402 652
2598 3330 2878 3401 majestas,
2909 3330 3262 3400 ipsorumque
3278 3328 3446 3383 robur

1861 3426 1948 3479 cui
1993 3423 2303 3478 contradici
2339 3439 2448 3477 non
2481 3423 2674 3492 possit,
2720 3439 2829 3477 non
2857 3437 2978 3477 esse
3001 3422 3228 3477 alterius
3280 3437 3442 3490 quam

1861 3516 2038 3579 Pauli,
2099 3515 2379 3570 Christum
2435 3515 2491 3568 in
2577 3529 2699 3570 sese
2783 3515 3094 3582 loquentem
3169 3513 3443 3570 habentis.

1861 3607 2017 3673 Quod
2083 3607 2130 3660 si
2189 3607 2415 3660 omnino
2473 3604 2636 3673 hujus
2664 3603 2918 3672 Epistolas
2954 3602 3194 3658 dictione
3267 3601 3445 3656 υσθυε

1862 3701 2084 3765 dantur,
2137 3699 2390 3754 noverint
2450 3697 2743 3768 EptSlOlam
2820 3698 2962 3752 hanc
3021 3712 3051 3750 a
3127 3695 3446 3750 Pauloliec

1865 3793 2049 3847 braica
2084 3791 2266 3862 lingua
2301 3791 2682 3845 concinnatam
2714 3804 2858 3852 esse,
2893 3797 2953 3844 ut
2983 3790 3076 3860 qui
3104 3789 3348 3843 Hebreis
3389 3789 3443 3847 in

1867 3885 1968 3938 hac
1991 3883 2107 3952 ipsa
2141 3883 2458 3952 loqueretur
2487 3899 2501 3935 :
2531 3881 2584 3934 in
2633 3879 2879 3935 Graacam
2945 3895 3076 3936 vero
3143 3880 3382 3948 linguam
3413 3895 3443 3932 a

1864 3974 2463 4044 Luca,utquibusdam
2520 3973 2721 4044 placet,
2797 3974 3168 4036 translatam;
3223 3972 3330 4036 vel,
3387 3982 3447 4025 ut

1864 4067 1952 4121 alii
1987 4067 2250 4128 sentiunt,
2279 4080 2308 4119 a
2344 4065 2644 4128 Clemente,
2678 4064 2842 4136 cujus
2894 4065 3094 4137 stylum
3118 4064 3298 4134 potius
3353 4079 3444 4118 re-

1865 4159 2024 4225 tinet.
2063 4157 2252 4213 Simile
2287 4157 2456 4226 igitur
2483 4156 2752 4227 quiddam
2793 4159 3142 4227 delinquunt,
3173 4164 3233 4211 ut
3260 4157 3332 4211 ita
3356 4156 3448 4211 di~

1865 4266 2007 4313 eam,
2041 4250 2135 4320 qui
2169 4250 2310 4303 hanc
2351 4249 2653 4320 Epistolam
2686 4251 2861 4304 Paulo
2909 4250 3187 4318 auferunt,
3219 4250 3450 4319 perinde

1865 4355 1928 4395 ac
1951 4342 1996 4395 si
2030 4340 2257 4394 Paulum
2300 4354 2330 4393 a
2363 4339 2586 4394 Christo
2607 4339 2949 4396 divellerent.

1937 4429 2043 4484 Per
2072 4432 2302 4500 “ipsum
2321 4431 2684 4500 purgationem
2712 4431 2912 4499 faciens
2961 4440 3295 4498 peccatorum
3347 4447 3446 4484 na.

211 4510 488 4578 ἁμαρτιῶν
519 4511 705 4580 ἡμῶν.
756 4512 940 4565 Εἰπὼν
990 4514 1121 4582 περὶ
1174 4514 1267 4566 τοῦ
1321 4515 1610 4584 μεγαλείου
1667 4517 1755 4584 τῆς

1866 4533 2119 4576 atrorum.
2151 4520 2289 4576 Cum
2319 4521 2536 4575 locutus
2561 4531 2708 4575 esset
2735 4521 2802 4574 de
2861 4521 3150 4590 majestate
3198 4521 3452 4576 divinitas

215 4601 449 4672 θεότητος
479 4603 582 4656 τοῦ
610 4603 808 4670 Λόγου,
854 4603 1004 4672 λέγει
1032 4604 1218 4658 λοιπὸν
1269 4606 1363 4659 καὶ
1393 4606 1520 4676 περὶ
1550 4607 1648 4676 τῆς
1680 4606 1755 4660 διὰ

1867 4612 1938 4668 tis
1973 4609 2160 4676 Verbi,
2203 4610 2463 4679 deinceps
2503 4611 2570 4664 de
2607 4623 2745 4664 cura
2782 4610 2957 4678 ipsius
3012 4625 3176 4681 quam
3229 4611 3284 4665 in
3351 4611 3450 4665 ho—.

215 4694 399 4762 σαρκὸς
428 4697 510 4758 εἰς
543 4694 864 4766 ἀνθρώπους
898 4695 1064 4750 αὐτοῦ
1105 4697 1434 4768 κηδεμονίας
1457 4714 1473 4729 °
1524 4697 1553 4753 ὃ
1585 4698 1767 4766 πολλῷ

219 4785 386 4850 μεῖζον
405 4785 505 4839 τοῦ
531 4797 719 4855 φερειν
739 4787 807 4841 τὰ
835 4787 1153 4842 πάντα.Δύο
1179 4789 1236 4841 δὲ
1264 4789 1477 4859 τίθησιν
1510 4790 1765 4853 ἐνταῦθα,

213 4876 343 4928 τότε
385 4877 686 4948 καθαρίσαι
731 4878 840 4933 τῶν
879 4881 1161 4951 ἁμαρτιῶν
1207 4882 1377 4951 ἡμᾶς,
1431 4881 1525 4934 καὶ⁸
1562 4881 1644 4946 το,
1698 4881 1767 4934 δι’

215 4964 394 5018 ἑαυτοῦ
433 4966 594 5020 τοῦτο
621 4968 884 5036 ποιῆσαιο
933 4969 1028 5022 καὶ
1056 4969 1323 5044 πολλαχοῦ
1366 4971 1424 5023 ἐν
1460 4969 1635 5041 τούτῳ
1674 4988 1764 5024 σε-

218 5056 461 5124 μνύνεται
502 5057 581 5127 τῷ
631 5058 700 5112 δι’
735 5060 903 5114 αὑτοῦ
950 5064 1044 5115 τοῦ
1088 5063 1218 5117 Υἱοῦ
1267 5064 1429 5118 τοῦτο
1488 5064 1762 5132 γενέσθαι.

216 5149 304 5201 Διά
329 5150 418 5202 τοῦ
448 5148 686 5218 σταυροῦ
729 5153 853 5220 γὰρ,
895 5155 990 5206 καὶ
1036 5153 1130 5207 τοῦ
1187 5154 1442 5221 θανάτου,
1491 5148 1552 5207 οῦ
1603 5155 1766 5218 αὐτὸς

218 5239 439 5313 ὑπέστη,
489 5243 816 5315 ἐκαθάρισεν
847 5246 1016 5316 ἡμᾶς,
1069 5246 1129 5298 ού
1177 5245 1338 5315 μόνον
1379 5245 1452 5310 ὡς
1479 5245 1768 5302 ἀποθανὼν

219 5331 348 5404 ὑπὲρ
381 5337 478 5406 τῆς
508 5336 667 5407 ἡμῶν
696 5336 972 5408 ἁμαρτίας
999 5337 1028 5390 6
1065 5338 1471 5408 ἀναμάρτητος,
1522 5338 1616 5391 καὶ
1645 5338 1768 5400 δοὺς

218 5422 384 5493 δίκην,
413 5429 480 5498 ἢν
506 5430 605 5481 οὐκ
635 5428 866 5496 ὤφειλεν
904 5429 1090 5494 αὐτὸς,
1122 5431 1216 5482 καὶ
1251 5429 1420 5493 λύσας
1463 5429 1564 5500 τὴν
1603 5429 1768 5497 φύσιν

221 5513 393 5581 ἁπλῶς
431 5519 530 5588 τῆς
571 5521 665 5571 ἐπὶ
699 5522 765 5590 τῇ
807 5519 902 5573 τοῦ
953 5520 1123 5592 Ἀδὰμ
1157 5522 1401 5594 ἁμαρτίᾳ
1431 5522 1763 5592 καταδίκηςο

1867 4705 2045 4758 mines
2103 4716 2200 4771 per
2257 4715 2482 4754 carnem
2551 4699 2716 4770 gerit,
2764 4700 3010 4764 disserit,
3064 4701 3209 4771 quod
3272 4703 3448 4756 multo

1869 4793 2046 4862 majus
2077 4803 2180 4854 est,
2221 4806 2385 4860 quam
2433 4789 2580 4860 quod
2600 4789 2783 4845 omnia
2831 4791 3126 4845 sustineat.
3191 4790 3308 4844 Duo
3342 4805 3444 4844 au-

1866 4894 1973 4938 tetn
2005 4884 2093 4938 hic
2129 4884 2302 4952 ponit,
2337 4893 2448 4936 tum
2485 4883 2632 4952 quod
2669 4881 2947 4937 mandarit
2987 4898 3087 4938 nos
3117 4897 3146 4936 a
3182 4885 3448 4952 peccatis,

1873 4987 1986 5029 tum
2013 4975 2159 5045 quod
2190 4991 2284 5043 per
2317 4976 2560 5046 seipsum
2595 4975 2698 5030 hoc
2733 4974 2923 5029 iecerit
2951 4993 2964 5029 :
2991 4984 3045 5032 et
3099 4977 3288 5032 multis
3314 4977 3449 5032 locis

1873 5067 1929 5122 in
1981 5068 2086 5123 hoc
2113 5068 2384 5138 gloriatur
2410 5069 2557 5138 quod
2587 5084 2683 5138 per
2714 5068 2913 5122 Filium
2939 5070 3119 5138 ipsum
3161 5070 3310 5125 istud
3358 5071 3444 5123 fa-

1873 5169 2023 5216 ctum
2048 5160 2141 5214 sit.
2176 5157 2312 5213 Nam
2347 5175 2444 5230 per
2497 5175 2714 5215 crucem
2751 5169 2806 5216 et
2832 5169 3064 5215 mortem
3111 5176 3274 5230 quam
3332 5160 3449 5228 ipse

1873 5251 2159 5314 sustinuit,
2191 5252 2590 5320 purgavitnos,
2638 5268 2744 5307 non
2777 5252 2950 5306 solum
2991 5253 3134 5322 quod
3199 5263 3448 5307 mortuus
3520 5269 3529 5275 ‘

1875 5343 1948 5397 sit
1999 5357 2096 5413 pro
2125 5353 2349 5412 peccato
2386 5351 2594 5408 nostro,
2627 5359 2796 5414 quum
2850 5343 2964 5412 ipse
3019 5343 3164 5396 omni
3225 5357 3385 5412 pec-ra
3414 5362 3445 5394 υ

1870 5443 2114 5498 vacaret,
2146 5431 2406 5503 quodque
2443 5447 2636 5503 pinnas
2688 5433 2856 5486 luerit
2904 5432 3107 5501 quibus
3164 5433 3279 5501 ipse
3337 5449 3444 5486 non

1871 5533 1990 5580 erat
2017 5525 2311 5590 obnoxius,
2341 5541 2404 5580 ac
2438 5527 2674 5581 solveret
2701 5532 2954 5579 mturam
3012 5542 3130 5596 qua:
3181 5527 3448 5595 simplici-

1559 5639 1758 5700 Varioe
1795 5639 2136 5702 lectiones.

285 5730 322 5818 ’,⁸
355 5731 419 5782 δι’
446 5729 732 5818 Υἱοῦ,καὶ,
753 5731 845 5785 τοῦ
878 5733 1005 5788 Υίοῦ
1027 5749 1079 5791 o.
1161 5737 1203 5769 ¹¹
1232 5742 1516 5808 συγκροτεῖ
1539 5756 1590 5795 ο.
1671 5740 1715 5771 ¹³
1743 5739 2036 5798 κινούντων
2066 5742 2158 5798 καὶ
2191 5745 2488 5802 ποιούντων
2511 5744 2901 5818 περιφέρεσθαι
2928 5763 2980 5803 ο.
3061 5748 3102 5786 ’δ
3139 5743 3362 5816 μέγεθος
3389 5759 3442 5808 ορ

227 5797 268 5830 ⁸⁸
292 5801 748 5872 ἀνανταγώνιστος
779 5815 834 5856 ο.
