3918 6546
259 352 369 415 197

984 349 1394 414 EXPOSITIO
1416 351 1499 413 IN
1539 352 1779 418 EPIST.
1815 354 1915 417 AD
1937 354 2332 416 'HEBREOS.
2370 380 2440 393 -
2477 358 2636 422 CAP.
2681 362 2732 424 Ι.

3416 371 3435 434 1
3450 374 3518 435 98

252 461 529 533 ληφθεῖσα
578 461 739 531 φύσις
793 463 874 527 τὸ,
908 461 1056 526 Υἱὸς,
1092 462 1264 532 ὄνομα
1296 460 1381 516 16'
1414 463 1660 533 γνήσιον,
1721 463 1750 517 ὃ
1806 465 1836 517 6

1954 465 2236 535 genuinum
2268 465 2389 523 Filii
2416 483 2641 535 nomen,
2674 471 2820 542 quod
2853 471 3086 531 Verhum
3148 477 3250 548 ipsi
3308 490 3518 536 naturae

250 551 483 615 ἑνωθεὶς
514 552 653 624 αὐτῇ
714 550 892 621 Λόγος
918 549 1090 623 εἶχεν,
1128 552 1597 623 ἐκληρονόμησεν,
1652 552 1748 608 ἅτε
1779 554 1835 606 ὲν

246 643 455 712 ἐκείνῳ
477 643 762 695 ὑποστᾶσα
784 658 798 671 ⁸
824 642 959 696 καθὸ
993 643 1086 696 καὶ
1115 646 1144 697 6
1175 642 1406 713 ἄγγελος
1432 639 1555 696 εἷπε
1581 660 1595 675 ο
1628 644 1737 698 Καὶ
1766 643 1833 696 τὸ

247 735 635 804 γεννώμενον
680 735 872 804 ἅγιον,
923 735 1296 805 κληθήσεται
1344 736 1475 803 Υἱὸς
1520 736 1667 791 Θεοῦ
1691 750 1703 764 ³
1740 736 1835 794 καὶ

249 826 423 878 πάλιν
442 841 456 855 ο
491 828 704 879 Ἔσται
728 825 798 879 δὲ
813 825 1024 896 μέγας,
1049 826 1148 880 καὶ
1188 827 1332 893 Υἱὸς
1374 827 1657 895 Ὑψίστου
1688 829 1837 893 κλη-

250 918 529 982 θήσεται.
571 916 751 970 Τοῦτο
775 918 831 971 δὲ
862 919 1038 978 οὐδεὶς
1067 918 1176 972 τῶν
1204 918 1474 987 ἀγγέλων.
1532 918 1598 971 Εἰ
1652 916 1708 969 δὲ
1741 915 1835 970 καί

248 1027 403 1072 τινες
460 1009 572 1064 τῶν
636 1009 862 1064 δικαίων
901 1009 1007 1063 υἱοὶ
1057 1007 1193 1063 Θεοῦ
1218 1049 1234 1073 ,
1266 1008 1401 1063 ἀλλὰ
1426 1008 1630 1079 χάριτιι
1664 1009 1757 1060 ἐπὶ
1779 1007 1836 1063 δὲ

248 1101 349 1153 τοῦ
377 1099 616 1170 Χριστοῦ
648 1100 747 1171 οὐχ
787 1100 978 1166 οὕτως,
1019 1099 1136 1154 ἀλλ’
1167 1101 1505 1170 ὑποστατικῇ
1542 1098 1833 1167 ταυτότητι

250 1196 287 1271 ἠ
311 1193 514 1265 Υἱότης
541 1191 620 1263 τῷ
644 1193 1057 1264 προσλήμματι.

331 1401 521 1454 Ὅταν
546 1398 616 1453 δὲ
636 1398 824 1453 πάλιν
848 1399 1141 1468 εἰσαγάγῃ
1184 1397 1291 1451 τὸν
1327 1397 1713 1467 Πρωτότοκον
1747 1395 1837 1460 εὶς

256 1494 377 1561 τὴν
404 1490 769 1560 οἰκουμένην
792 1532 806 1556 ,
837 1488 1021 1560 λέγει.
1083 1489 1142 1543 ’0
1187 1489 1287 1560 μὲν
1316 1487 1552 1558 Χριστὸς
1595 1486 1696 1557 τὴν
1746 1484 1838 1539 ενα

256 1598 470 1652 σαρκον
496 1579 666 1634 αὑτοῦ
688 1578 992 1651 παρουσίαν
1022 1578 1201 1643 ἔξοδον
1225 1579 1400 1643 καλεῖ,
1415 1577 1490 1639 ὡς
1515 1577 1643 1631 ὅταν
1664 1576 1833 1644 λέγει·

267 1673 565 1741 Ἐξῆλθεν
609 1676 642 1727 ὁ
697 1673 965 1739 σπείρων
992 1671 1099 1725 τοῦ
1126 1671 1433 1738 σπείρειν·
1479 1671 1573 1724 καὶ
1633 1667 1794 1721 πάλιν
1818 1682 1833 1699 ο

266 1767 421 1837 Ἐγὼ
443 1768 512 1821 ἐκ
536 1767 640 1821 τοῦ
659 1766 890 1834 Πατρός
907 1764 1322 1858 ἐξῆλθονηιςαὶ
1345 1764 1409 1832 δὴ
1437 1761 1682 1858 είκότωςζ
1692 1759 1839 1858 "EE-oi
1872 1802 1912 1858 Β

253 1861 369 1931 γὰρ
400 1856 545 1930 ἦμεν
597 1857 693 1912 τοῦ
746 1856 905 1921 Θεοῦ,
956 1858 1050 1912 καὶ
1106 1854 1343 1924 ἐξελθὼν
1390 1854 1524 1927 πρὸς
1559 1853 1709 1927 ἡμᾶς
1760 1851 1837 1915 ὡς

256 1951 532 2019 πρέσὸυς,
572 1950 666 2005 καὶ
689 1950 980 2022 ὁμιλήσας,
1028 1954 1123 2005 καὶ
1153 1948 1488 2021 καθαρίσας,
1519 1945 1835 2017 ἀποκατήλ-

254 2042 390 2111 λαξε
416 2041 498 2113 τῷ
528 2041 770 2097 Βασιλεῖ.
811 2042 870 2097 '0
892 2042 949 2096 δὲ
983 2041 1194 2107 Παῦλος
1231 2040 1436 2095 εἴσοδον
1485 2038 1687 2110 ταύτην
1741 2035 1837 2091 νῦν

254 2135 541 2205 ὀνομάζει,
576 2135 687 2188 ἀπὸ
721 2137 1036 2205 μεταφορᾶς
1064 2134 1175 2189 τῶν
1201 2132 1690 2206 κληρονομούντων
1738 2130 1837 2184 καὶ

254 2227 434 2297 νομὴν
462 2217 1125 2295 παραλαμϐανόντωνκαὶ
1167 2224 1362 2294 κτῆσίν
1391 2240 1532 2276 τινα.
1579 2221 1655 2274 T6
1700 2219 1833 2292 γὰρ,

253 2314 582 2386 εἰσαγάγῃ,
610 2314 770 2369 τοῦτο
802 2316 1082 2386 σημαίνει,
1131 2316 1259 2370 ὅταν
1303 2314 1590 2387 ὲγχειρίσῃ
1614 2312 1692 2385 τῷ
1720 2311 1836 2383 Υἱῷ

256 2410 364 2480 τὴν
396 2410 731 2480 οἰκουμένην
756 2411 784 2463 6
813 2411 1020 2482 Πατήρ.
1054 2410 1189 2462 Τότε
1218 2408 1328 2480 γὰρ
1376 2410 1646 2479 ἐκτήσατο
1667 2405 1839 2475 αὐτὴν

260 2500 531 2565 ἑκουσίως
564 2501 956 2568 ὕποταγείσαν,
980 2502 1070 2555 ὅτε
1103 2501 1198 2553 καὶ
1232 2497 1504 2568 ἐγνώσθη.
1539 2496 1839 2567 Είσάγεται

258 2592 322 2645 δὲ
355 2593 456 2645 οὐκ
481 2592 680 2658 ἄλλως,
705 2592 825 2645 ἀλλ’
858 2594 915 2645 ἑν
945 2590 1133 2663 σαρκί.
1163 2589 1251 2654 Ὠς
1279 2590 1388 2661 γὰρ
1412 2588 1547 2653 Θεδς
1583 2589 1757 2658 Λόγος
1782 2589 1840 2642 ἐν

261 2682 350 2753 τῷ
377 2685 569 2757 κόσμῳ
600 2678 689 2753 ἦν,
738 2683 833 2735 καὶ
864 2684 893 2737 6
921 2683 1125 2752 κόσμος
1174 2681 1242 2736 δι’
1269 2679 1434 2734 αὐτοῦ
1457 2679 1695 2749 ἐγένετο.
1739 2678 1843 2731 Τὸν

263 2776 492 2846 Πατέρα
516 2777 573 2829 δὲ
596 2779 743 2830 ποιεῖ
765 2778 1135 2846 εἰσαγαγόντα
1167 2776 1259 2829 τὸν
1289 2776 1444 2840 Υίδν,
1476 2774 1563 2829 ἵνα
1596 2771 1845 2842 εὐπαρά-

259 2870 462 2922 δεκτον
494 2870 703 2943 ποιήσῃ
734 2871 826 2924 τὸν
863 2869 1041 2938 λόγον.
1085 2869 1143 2924 Ὀ
1176 2870 1234 2924 δὲ
1263 2870 1486 2939 Νύσσης
1514 2868 1842 2939 Γρηγόριος,

262 2960 366 3014 καὶ
398 2961 428 3014 6
460 2962 517 3014 ἒν
565 2960 745 3030 ἁγίοις
791 2960 1057 3024 Κύριλλος
1110 2958 1285 3022 οὕτως
1323 2959 1556 3027 ἐνόησαν
1603 2957 1686 3022 τὸ,
1721 2958 1845 3009 εισ-

261 3052 538 3122 αγαγεῖν,
575 3052 660 3106 ὃτι
695 3053 801 3123 πρὸ
849 3052 950 3123 μὲν
983 3053 1083 3122 τῆς
1118 3050 1449 3122 σαρκώσεως
1483 3049 1634 3102 οὐδὲν
1663 3047 1844 3102 κοινὸν

1939 555 2154 610 unitum
2182 556 2436 624 habebat,
2469 558 2835 630 lnereditavit,
2890 565 3097 636 quippe
3126 581 3250 637 quae
3302 568 3355 623 in
3417 570 3514 624 illo

1938 645 2205 705 subsistat
2242 663 2260 705 :
2296 649 2758 716 quemadmodum
2813 666 2868 709 et
2920 658 3150 728 angelus
3193 658 3333 714 dixit
3375 679 3391 715 :
3450 660 3521 715 Et

1937 736 2076 806 quod
2100 748 2350 794 nascetur
2400 752 2665 810 sanctum,
2689 745 2963 799 vocabitur
3013 747 3188 804 Filius
3241 750 3338 806 Dei
3358 751 3439 818 “;
3466 764 3524 807 et

1941 824 2139 879 iterum
2169 843 2184 880 ε
2212 826 2331 881 Erit
2353 838 2531 887 autem
2559 848 2805 903 magnus,
2834 845 2884 890 et
2919 835 3098 893 Filius
3130 839 3397 899 Altissimi
3426 858 3521 897 νο-

1938 915 2166 971 cabitur.
2218 917 2331 972 Hoc
2366 930 2546 975 autem
2597 924 2802 979 nemini
2859 928 3178 996 angelorum
3239 933 3519 988 convenit.

1940 1004 2164 1062 Etiamsi
2223 1020 2405 1066 autem
2448 1009 2726 1080 jnstornin
2791 1017 3013 1086 quidam
3063 1031 3193 1077 sunt
3256 1023 3347 1078 lilii
3398 1023 3516 1089 Dei,

1939 1098 2109 1168 gratia
2142 1108 2321 1160 tamen
2350 1111 2482 1156 sunt
2512 1119 2528 1169 ;
2565 1115 2620 1157 at
2655 1121 2785 1161 vero
2807 1123 2932 1163 cum
2970 1109 3191 1168 Christo
3252 1128 3375 1171 sese
3435 1131 3521 1170 res

1939 1192 2097 1245 aliter
2122 1190 2287 1246 habet
2314 1231 2330 1257 ,
2362 1194 2454 1248 sed
2488 1194 2539 1248 in
2566 1195 2905 1266 liypostalica
2926 1198 3230 1267 identitate,
3259 1202 3380 1261 Filii
3418 1220 3522 1261 nov

1940 1297 2063 1335 men
2095 1283 2253 1337 carni
2300 1296 2597 1355 assumpta:
2629 1288 2861 1349 inditum
2883 1301 2987 1345 est.

2011 1371 2177 1429 Vens.
2200 1375 2253 1429 6.
2284 1373 2486 1431 Iterum
2508 1389 2683 1437 autem
2716 1397 2836 1435 cum
2864 1381 3162 1441 introduxit
3189 1387 3519 1460 Primogeni-o

1942 1477 2052 1524 tum
2084 1470 2140 1523 in
2170 1471 2345 1527 orbem
2371 1482 2546 1539 terrm,
2565 1473 2719 1529 dicit.
2754 1476 3009 1545 Christus
3043 1495 3178 1535 sane
3225 1483 3522 1537 adventum

1941 1576 2102 1616 suum
2136 1563 2188 1616 in
2214 1578 2384 1619 carne
2414 1565 2623 1621 exitum
2684 1575 2865 1632 vocat,
2909 1579 2967 1623 ut
3012 1585 3136 1625 cum
3200 1572 3326 1627 ait:
3367 1575 3517 1629 Exiit

1940 1651 2034 1723 qui
2058 1653 2307 1719 seminat,
2338 1653 2597 1709 seminare
2628 1654 2697 1720 ⁸⁸,
2734 1664 2788 1712 et
2821 1657 3020 1712 iterum
3054 1677 3089 1729 :7
3126 1658 3238 1730 Ego
3287 1679 3320 1715 a
3362 1663 3525 1719 Patre

1941 1744 2100 1798 exivi.
2128 1743 2297 1813 quue
2321 1759 2430 1799 non
2463 1745 2780 1805 immerito:
2818 1764 2941 1804 nam
2967 1759 3124 1806 extra
3169 1752 3338 1809 Deum
3395 1769 3524 1808 era-

1942 1849 2085 1899 mus,
2117 1849 2182 1890 ac
2210 1851 2464 1906 egressus
2488 1836 2553 1892 ad
2581 1854 2680 1894 nos
2714 1841 2876 1895 veluti
2941 1842 3176 1912 legatus,
3218 1856 3274 1900 et
3336 1845 3525 1901 nobis—

1939 1941 2064 1981 cum
2104 1937 2487 1995 conversatus,
2526 1945 2741 2000 nosque
2781 1934 3079 2000 mundans,
3140 1938 3524 1993 reconciliavit

1943 2014 2100 2089 Regi.
2145 2016 2214 2075 At
2236 2033 2367 2074 vero
2394 2020 2601 2074 Paulus
2630 2020 2878 2077 eumdem
2934 2024 3219 2081 introitum
3249 2042 3397 2082 nunc
3423 2042 3526 2083 no-

1939 2111 2139 2177 minat,
2172 2125 2269 2182 per
2303 2113 2679 2182 metaphoram
2713 2123 2982 2183 sumptam
3011 2116 3080 2171 ab
3115 2117 3182 2172 iis
3221 2118 3317 2188 qui
3340 2118 3509 2181 tuere-

1940 2201 2165 2257 ditatem
2204 2202 2432 2268 adeunt,
2484 2213 2580 2258 aut
2612 2205 2795 2259 dotem
2830 2206 3069 2277 aliquam
3129 2208 3248 2265 sive
3296 2223 3525 2280 posses«

1939 2293 2150 2349 sionem
2178 2295 2478 2365 accipiunt.
2505 2294 2620 2351 Hoc
2643 2296 2787 2352 enim
2847 2299 3140 2370 signiﬁcat,
3197 2300 3523 2368 introduxit,

1939 2385 2161 2456 quando
2204 2384 2367 2441 Pater
2403 2395 2669 2447 terrarum
2721 2389 2906 2444 orbem
2946 2389 3081 2445 Filio
3135 2389 3526 2449 tradidit.Tuui

1941 2479 2083 2534 enim
2122 2478 2301 2549 ipsum
2334 2480 2599 2549 possedit,
2652 2482 2955 2537 voluntario
2978 2483 3143 2555 654
3196 2484 3525 2555 subjectum.

1941 2571 2160 2642 quando
2178 2585 2232 2626 et
2262 2573 2483 2642 agnitus
2513 2573 3036 2628 eral.lntrodncitur
3067 2583 3248 2630 autem
3282 2591 3391 2630 non
3423 2575 3527 2628 ali.

1949 2672 2032 2719 ter
2059 2679 2222 2736 quam
2251 2665 2307 2718 in
2334 2680 2519 2727 carne.
2551 2664 2685 2721 Nam
2718 2675 2773 2719 ut
2800 2665 2942 2719 Deus
2975 2664 3211 2721 Verbum
3242 2667 3296 2722 in
3322 2671 3532 2727 mundo

1943 2765 2082 2818 erat,
2111 2764 2164 2810 et
2189 2755 2430 2811 mundus
2449 2770 2546 2826 per
2573 2756 2750 2826 ipsum
2775 2756 2950 2813 factus
2973 2768 3078 2825 est.
3102 2756 3316 2813 Patrem
3345 2768 3526 2814 autem

1943 2845 2075 2900 facit
2132 2847 2482 2903 introducere
2525 2846 2725 2907 Filium
2760 2888 2776 2913 ,
2803 2856 2861 2902 ut
2891 2860 3103 2920 gratum
3131 2849 3294 2904 iaciat
3316 2854 3529 2904 Sermo-2

1949 2952 2099 2992 nem.
2132 2936 2431 3007 Gregorius
2461 2946 2642 2994 autem
2675 2937 2954 3010 Nysscnns
2980 2955 3045 2996 ac
3101 2940 3260 2997 divus
3290 2940 3533 3014 Cynillns

1946 3029 2046 3093 sic,
2084 3029 2440 3094 introducere,
2469 3029 2882 3091 intellexerunt.
2906 3046 3101 3101 nempe
3122 3031 3268 3102 quod
3296 3039 3422 3086 ante
3446 3031 3532 3087 in.

264 3118 549 3217 siis-1:96;
573 3144 673 3215 τὴν
700 3118 898 3206 κτίσιν,
925 3143 1021 3198 ἅτε
1040 3118 1203 3207 *Θεὸς*
1249 3141 1325 3196 ὣν
1358 3141 1601 3212 ἄσαρκος
1628 3158 1642 3171 ·
1664 3141 1753 3194 ὅτε
1792 3139 1843 3193 δὲ

1954 3118 2326 3174 carnationem
2353 3119 2491 3178 nihil
2520 3134 2816 3175 commune
2849 3119 3226 3176 liahehatcum
3254 3130 3527 3188 creatura,

264 3238 586 3308 ἐσαρκὼθη,
638 3238 758 3291 τότε
812 3237 1151 3307 κοινωνήσας
1202 3237 1267 3306 τῇ
1323 3233 1524 3300 κτίσει,
1582 3232 1720 3287 καθὸ
1781 3232 1842 3286 τδ

266 3329 491 3384 κτιπδν
516 3330 728 3400 ἥνωσεν
773 3328 976 3399 ἑαυτῷ,
1034 3326 1356 3398 εἰσαχθῆναι
1381 3326 1601 3394 λέγεται
1636 3327 1716 3389 εἰς
1744 3324 1843 3396 τὴν

262 3421 470 3478 κτίσιν.

343 3600 453 3655 Καὶ
491 3601 1097 3669 προσκυνησάτωσαν
1124 3595 1286 3662 αὑτῷ
1335 3596 1557 3661 πάντες
1602 3593 1845 3663 ἄγγελοι

270 3695 547 3766 θεοῦ.Τῷ
577 3692 715 3765 μετὰ
735 3692 937 3765 σαρκὸς
960 3691 1180 3763 δηλαδή.
1207 3689 1459 3743 Δείκνυσι
1485 3685 1543 3738 δὲ
1567 3683 1846 3738 κάνταῦθα

268 3790 385 3857 ὅσῳ
411 3788 702 3857 κρείττων,
730 3787 826 3839 καὶ
852 3786 934 3838 ὅτι
959 3785 1070 3852 ὅσῳ
1099 3782 1368 3850 δεσπότης
1401 3777 1632 3832 δούλων·
1666 3776 1742 3838 ὡς
1780 3774 1846 3847 ἂν

269 3882 331 3933 εἷ
352 3897 438 3941 τις
465 3881 544 3941 εἰς
579 3879 756 3931 οἰκίαν
786 3879 1100 3945 εἰσαγαγών
1141 3890 1295 3935 τινα,
1326 3873 1455 3935 τοὺς
1495 3868 1847 3944 προεστῶτας

270 3972 447 4042 αὐτῆς
478 3968 682 4033 εὐθέως
713 3967 929 4023 κελεύει
961 3968 1290 4038 προσκυνεῖν
1319 3963 1491 4035 αὐτῷ.

350 4150 458 4206 Καὶ
495 4148 645 4220 πρὸς
680 4149 798 4218 μὲν
825 4148 968 4212 τοὺς
1007 4144 1305 4215 ἀγγέλους
1335 4143 1498 4213 λέγει
1523 4158 1538 4173 ’
1584 4142 1638 4195 '0
1663 4141 1849 4200 ποιῶν

270 4243 423 4308 τοὺς
469 4240 767 4311 ἀγγέλους
818 4236 1007 4292 αὑτοῦ
1047 4235 1378 4303 πνεύματα,
1407 4232 1509 4286 καί
1558 4231 1700 4293 τοὺς
1727 4234 1848 4285 λει-

271 4334 568 4404 τουργοὺς
623 4331 810 4387 αὐτοῦ
860 4329 1050 4398 πυρὸς
1098 4329 1316 4397 φλόγα.
1352 4325 1481 4378 Ἰδοὺ
1529 4324 1563 4393 ἡ
1617 4322 1849 4392 μεγίστη

274 4429 539 4497 διαφορὰ,
567 4426 651 4478 ὅτι
682 4425 731 4477 οἱ
769 4423 865 4492 μὲν
897 4421 1128 4486 κτιστοὶ,
1160 4420 1187 4472 6
1212 4418 1269 4472 δὲ
1297 4416 1574 4476 ἄκτιστος.
1609 4415 1683 4467 Τὸ
1714 4414 1846 4484 γὰρ,

1953 3216 2013 3263 ut
2047 3209 2140 3280 qui
2178 3209 2320 3267 Deus
2357 3218 2504 3266 esset
2525 3226 2691 3267 carne
2712 3226 2952 3279 vacans;
2984 3212 3206 3282 quando
3244 3227 3376 3268 vero
3405 3227 3532 3267 cara

1952 3317 2077 3356 nem
2119 3305 2439 3373 assumpsit,
2484 3313 2597 3357 tum
2617 3305 3042 3359 communicans
3062 3313 3351 3372 creaturae,
3390 3319 3530 3375 quae.

1953 3404 2115 3450 tenus
2135 3394 2189 3449 id
2214 3395 2362 3464 quod
2410 3405 2655 3452 creatum
2699 3406 2819 3452 erat
2875 3397 2978 3453 sibi
3031 3398 3233 3466 univit,
3285 3397 3532 3465 introdu-

1952 3494 2075 3540 ctus
2101 3487 2301 3542 essein
2334 3498 2644 3541 creaturam
2678 3487 2909 3542 dicitur.

2025 3577 2093 3632 Et
2132 3576 2353 3634 adorent
2374 3594 2491 3633 eum
2523 3595 2700 3632 omnes
2730 3579 2901 3649 angeli
2927 3577 3026 3633 Dei
3056 3579 3127 3634 ⁸⁸.
3159 3580 3292 3636 Eum
3323 3579 3531 3639 scilicet

1952 3668 2046 3738 qui
2077 3684 2297 3723 carnem
2328 3670 2650 3741 assumpsit.
2681 3668 2892 3726 lndicat
2940 3679 3122 3727 autem
3182 3672 3272 3726 hic
3323 3682 3533 3743 quanto

1953 3762 2024 3815 slt
2074 3759 2210 3829 ipsis
2271 3761 2647 3828 praestantior,
2706 3770 2912 3832 quanto
2960 3763 3212 3819 videlicet
3267 3762 3532 3821 Dominus

1954 3852 2130 3907 servis
2160 3860 2245 3906 est
2282 3852 2496 3922 potior:
2523 3854 2689 3907 veluti
2717 3856 2761 3908 si
2794 3855 2919 3924 quis
2944 3856 2996 3908 in
3024 3856 3247 3909 domum
3278 3856 3532 3910 introdu-

1958 3959 2090 3998 cens
2121 3945 2456 4015 quempiam,
2482 3946 2746 4017 praesides
2806 3947 2927 4019 ejus
2965 3948 3115 4004 illico
3164 3948 3355 4018 jubeat
3401 3948 3534 4005 ado-

1952 4052 2076 4092 rare
2107 4037 2309 4106 ipsum,

2025 4127 2190 4185 Vens.
2219 4128 2269 4182 7.
2328 4128 2396 4184 Et
2427 4129 2496 4185 ad
2515 4131 2728 4200 angelos
2777 4132 2985 4202 quidem
3014 4134 3141 4187 dicit
3177 4147 3199 4188 :
3239 4134 3345 4201 Qui
3402 4133 3534 4204 facit

1955 4222 2171 4291 angelos
2217 4238 2340 4276 suos
2400 4224 2642 4292 spiritus,
2707 4234 2757 4278 et
2806 4226 3077 4281 ministros
3108 4243 3230 4281 suos
3259 4227 3534 4294 ﬂammam

1955 4315 2090 4384 ignis
2123 4315 2191 4370 θ’.
2226 4317 2301 4369 En
2334 4299 2631 4371 maximum
2663 4317 2987 4384 discrimen,
3022 4320 3280 4389 quoniam
3305 4319 3381 4374 illi
3413 4320 3536 4390 qui-

1957 4409 2078 4463 dem
2120 4418 2251 4463 sunt
2298 4411 2488 4474 creati,
2521 4409 2612 4464 hic
2664 4426 2794 4464 vero
2828 4413 3149 4466 increatus.
3202 4410 3336 4465 Nam
3388 4413 3532 4480 quod

276 4492 489 4584 ποιιῖηλ,
520 4517 620 4586 τὴν
647 4518 712 4568 ἐκ
736 4512 831 4569 τοῦ
860 4512 934 4583 μὴ
963 4512 1119 4574 ὄντος
1142 4510 1223 4573 είς
1262 4506 1322 4560 τδ
1343 4502 1484 4560 εἶναι
1509 4504 1843 4573 παραγωγὴν

1959 4500 2036 4553 ait
2072 4539 2088 4565 ,
2152 4499 2256 4569 Qui
2279 4500 2433 4569 facit,
2474 4500 2749 4572 signiﬁcat
2774 4516 2839 4555 cx
2870 4516 2978 4556 non
3008 4517 3133 4557 esse
3161 4501 3228 4556 ad
3257 4517 3381 4558 esse
3404 4518 3535 4573 pro-

277 4609 456 4679 δηλοῐ.
504 4606 578 4660 Οὐ
616 4604 754 4675 πρὸς
797 4601 1062 4669 ἀγγέλους
1111 4600 1167 4653 δὲ
1217 4598 1414 4669 μόνους
1466 4595 1528 4648 τδ
1573 4592 1852 4665 ἰξαίρετον

279 4705 419 4772 ἔχει,
434 4698 570 4753 ἀλλὰ
597 4698 690 4749 καὶ
719 4694 855 4766 πρὸς
879 4694 1060 4747 πᾶσαν
1079 4690 1179 4763 τὴν
1202 4689 1581 4761 λειτουργικὴν
1601 4687 1849 4756 δύναμιν.

279 4796 397 4851 Οὐκ
429 4789 553 4846 εἶπε
576 4791 658 4856 δὲ,
687 4790 951 4857 Ποιήσας,
981 4784 1138 4848 ἀλλὰ,
1168 4782 1386 4848 ποιῶν,
1416 4781 1687 4845 τουτέστι,
1713 4799 1840 4835 συν-

275 4886 466 4958 τηρῶν
492 4884 573 4955 τῷ
601 4883 769 4951 λόγῳ,
811 4880 931 4933 καθ’
962 4877 1023 4931 6v
1055 4877 1325 4945 ἐγένοντο.
1361 4874 1617 4934 Τοιοῦτον
1654 4875 1751 4929 καὶ
1788 4873 1852 4928 τὸ

278 4978 436 5047 παρὰ
456 4975 535 5045 τῷ
560 4967 878 5039 Εὐαγγελὶῳ
896 4983 911 4998 ⁸
945 4968 1010 5021 ὐ
1035 4967 1239 5034 Πατήρ
1255 4983 1373 5037 μου
1394 4966 1505 5034 ἕως
1525 4965 1655 5035 ἇρτι
1682 4964 1851 5036 ἐργπά-

280 5068 461 5131 (erat,
500 5064 774 5124 τουτέστι,
804 5052 1019 5131 συνέχει
1045 5059 1116 5117 τὰ
1141 5057 1488 5129 γεγενημένα
1536 5059 1630 5111 καὶ
1676 5057 1851 5127 ἐξειρ-

278 5158 539 5230 γασμένα
571 5156 697 5231 ἤδη,
728 5152 823 5207 καὶ
850 5151 1136 5226 φυλάσσει,
1167 5149 1243 5214 ὡς
1272 5147 1727 5219 ὲξειργάσθησαν.

360 5338 520 5406 Πρὸς
553 5334 622 5388 δὲ
648 5332 758 5388 τὸν
797 5332 965 5385 Υιόνο
1004 5328 1069 5383 '0
1093 5328 1307 5397 θρόνος
1340 5340 1482 5389 σου,
1519 5327 1552 5379 ό
1577 5325 1742 5391 Θεὸς,
1774 5326 1863 5391 εἰς

280 5431 395 5485 τὸν
425 5426 612 5482 αἰῶνα
633 5423 741 5479 τοῦ
765 5421 1000 5487 αίῶνος.
1025 5421 1088 5473 Oi
1120 5418 1221 5488 μὲν
1260 5415 1503 5485 ἄγγελοι,
1546 5417 1701 5486 φησι,
1742 5416 1861 5469 κτί-

282 5534 476 5590 σματα
507 5516 605 5569 καὶ
632 5514 915 5583 ποιήματα
938 5527 951 5543 -
980 5508 1111 5580 περὶ
1141 5506 1320 5561 αὐτῶν
1367 5505 1475 5576 γὰρ
1501 5505 1719 5576 εἴρηται
1774 5505 1857 5569 τὸ,

296 5610 356 5662 '0
382 5604 593 5665 ποιῶν.
635 5605 696 5659 '0
730 5602 792 5659 δὲ
824 5600 953 5663 Υἱὸς
987 5599 1049 5653 οὐ
1082 5597 1289 5668 κτίσμα
1335 5596 1482 5649 ἐστίν
1503 5611 1517 5626 ’
1565 5594 1688 5648 οὐδὲ
1752 5595 1862 5665 γὰρ

1960 4592 2298 4647 ductionem.
2356 4589 2477 4646 Non
2565 4600 2747 4645 autem
2800 4593 2977 4661 quoad
3035 4594 3257 4664 angelos
3319 4602 3534 4650 tantum

1961 4685 2336 4742 excellentiam
2373 4685 2557 4745 habet.
2613 4701 2802 4739 verum
2856 4687 3020 4743 etiam
3066 4688 3258 4757 quoad
3316 4703 3533 4744 omnem

1965 4774 2371 4829 ministrantem
2404 4775 2686 4830 virtutem.
2715 4773 2834 4829 Non
2864 4775 3003 4831 dixit
3029 4785 3211 4832 autem
3251 4794 3265 4831 :
3319 4776 3423 4844 Qui
3460 4778 3537 4832 fe-

1962 4865 2225 4932 citzsed,
2305 4866 2410 4932 Qui
2436 4866 2590 4936 facit,
2644 4868 2747 4923 hoc
2806 4875 2911 4932 est,
2973 4882 3310 4925 conservans
3362 4871 3532 4925 verbo

1957 4971 2057 5026 per
2113 4956 2260 5027 quod
2298 4957 2428 5012 facti
2485 4965 2633 5013 sunt.
2679 4957 3003 5029 Hujusmodi
3038 4970 3123 5016 est
3174 4962 3320 5031 quod
3368 4971 3425 5017 et
3480 4962 3536 5016 in

1960 5046 2256 5118 Evangelio
2290 5048 2469 5103 dicit:
2535 5048 2701 5104 Pater
2752 5067 2899 5106 meus
2939 5068 3102 5122 usque
3151 5052 3305 5107 modo
3345 5069 3536 5121 opera-

1961 5149 2050 5193 tur
2077 5138 2123 5171 ⁸⁸
2158 5179 2173 5205 ,
2208 5139 2312 5195 hoc
2334 5148 2439 5207 est,
2471 5143 2713 5196 continet
2743 5157 2868 5212 quae
2900 5142 3043 5209 facta
3065 5150 3216 5207 sunt,
3239 5150 3294 5197 et
3319 5141 3534 5207 eﬂ‘ecla,

1960 5239 2016 5286 et
2041 5232 2285 5287 custodit
2312 5233 2535 5304 perinde
2567 5248 2631 5287 ac
2657 5234 2794 5288 facta
2820 5244 2969 5287 sunt.

2030 5324 2195 5379 Vens.
2223 5324 2278 5378 8.
2321 5324 2403 5378 Ad
2428 5324 2625 5379 Filium
2660 5333 2835 5377 autem
2869 5340 2887 5377 :
2914 5323 3154 5377 Tltronus
3188 5334 3332 5388 tuus,
3368 5322 3532 5387 Deus,

1959 5414 2013 5467 in
2040 5412 2294 5467 sa'culum
2344 5414 2546 5467 servuli.
2575 5411 2764 5483 Angeli
2825 5411 3071 5482 quidem,
3127 5414 3329 5483 inquit.
3381 5429 3536 5469 crea-

1962 5510 2097 5557 tura:
2122 5511 2250 5556 sunt
2282 5508 2338 5555 et
2364 5516 2528 5570 opera
2561 5518 2575 5555 :
2635 5499 2703 5555 de
2754 5500 2890 5568 ipsis
2945 5504 3090 5555 enim
3150 5502 3360 5558 dictum
3398 5513 3481 5557 est
3517 5522 3532 5559 ι

1973 5594 2079 5658 Qui
2106 5593 2258 5662 facit.
2290 5592 2462 5647 Filius
2522 5604 2702 5647 autem
2757 5608 2865 5647 non
2933 5602 3018 5650 est
3062 5606 3351 5652 creatura:
3418 5612 3531 5657 non

364 5795 411 5829 “
463 5794 599 5851 Luc.
644 5810 679 5857 ι,
743 5790 832 5846 55.
911 5792 956 5823 ⁸⁸
982 5791 1309 5857 ιῖσιιὶι.κιιι,
1344 5788 1398 5842 ’5.
1475 5787 1522 5820 ⁸⁸
1553 5789 1700 5842 Psal.
1748 5801 1843 5841 xcv

1954 5794 1977 5838 1.
2056 5784 2099 5817 ³⁷
2134 5780 2279 5838 Psal.
2330 5797 2448 5851 cm,
2492 5782 2546 5839 4.
2623 5783 2670 5816 ⁸⁸
2695 5783 2856 5840 Joan.
2900 5783 3071 5847 v.17.
