3918 6546
180 465 269 526 901
917 449 1322 516 EXPOSITIO
1353 448 1435 510 ΙΝ
1467 447 1704 509 EPIST.
1737 500 1738 503 η

1861 446 2252 508 HEBR/EOS.
2301 472 2364 482 -
2391 448 2552 510 CAP.
2597 447 2648 510 Ῑ.

3319 448 3425 512 262

176 574 388 630 ἄνωθεν.
420 569 592 626 Τοῦτο
615 569 671 624 δὲ
698 569 788 623 καὶ
816 568 958 623 κατὰ
991 566 1205 622 Παύλου
1225 565 1318 618 τοῦ
1349 563 1736 635 Σαμοσατέως,

1852 561 2167 617 novissimis
2195 563 2560 631 temporibus,
2592 561 2688 619 sed
2709 560 2820 630 jam
2872 562 3004 618 olim
3049 579 3076 618 a
3130 564 3419 638 principio.

177 663 444 736 παριστῶν
479 663 558 727 ὡς
579 663 671 715 καὶ
702 661 811 733 πρὸ
843 661 943 732 τῆς
983 659 1202 728 Μαρίας
1239 658 1268 710 ὁ
1298 655 1552 728 Χριστὸς,
1583 656 1642 719 ὃς
1671 671 1736 723 γε

175 758 260 811 καὶ
286 755 625 825 Δημιουργὸς
644 753 746 823 τῆς
771 751 1002 814 κτίσεώς
1019 753 1138 804 εστι
1157 766 1172 782 ο
1200 748 1459 802 καὶκατὰ
1495 746 1732 815 ⁹Αρείου,

173 847 258 899 τοῦ
311 829 588 914 ὑπουργὸν
608 843 794 906 αὐτὸν,
828 841 1028 912 μᾶλλον
1055 839 1111 893 δὲ
1139 839 1372 912 δργανον
1432 835 1735 903 ποιοῦντος,

173 938 294 991 διότι
345 937 603 1006 ἀνωτέρω
649 935 880 1006 ἐλέχθηο
934 933 1014 986 Δι’
1044 927 1117 988 οὗ
1171 931 1270 986 καὶ
1328 930 1466 997 τοὺς
1517 930 1738 996 αἰῶνας

173 1029 469 1094 ἐποίησεν.
512 1027 644 1079 Ἰδοὺ
669 1025 778 1098 γὰρ
809 1025 1045 1079 ἐνταῦθα
1073 1023 1234 1086 αὐτὸς
1262 1021 1488 1092 κτίστης
1515 1021 1732 1089 εἰσάγε-

173 1136 275 1175 ται.
298 1119 439 1188 Ὅρα
459 1116 518 1170 δὲ
542 1118 657 1180 πῶς
688 1116 1095 1186 συμπλέκονται
1124 1116 1154 1168 ὁ
1176 1114 1308 1184 περὶ
1337 1103 1440 1181 τῆς
1475 1111 1734 1166 ἁκτίστου

175 1211 375 1280 φύσεως
435 1209 616 1277 λόγος,
649 1210 744 1262 καὶ
766 1209 912 1278 ὁτῆς
948 1207 1286 1277 οἰκονομίας,
1325 1205 1422 1258 καὶ
1451 1203 1585 1256 ποτὲ
1637 1202 1738 1273 μὲν

174 1302 334 1373 ὑψηλὰ
357 1301 424 1353 δι’
455 1301 696 1371 ἐκείνην,
717 1301 849 1356 ποτὲ
881 1301 940 1354 δὲ
967 1299 1198 1354 ταπεινὰ
1218 1299 1306 1352 διὰ
1334 1296 1561 1366 ταύτην.

1847 653 2024 723 Atque
2053 653 2199 709 istud
2228 655 2392 709 etiam
2419 664 2504 711 est
2531 664 2722 710 contra
2767 654 2998 710 Paulum
3061 657 3418 716 Samosateu-

1848 760 1985 800 sem.
2007 743 2254 800 Aliirmat
2275 747 2421 801 enim
2442 745 2722 802 Christum
2746 755 2872 804 ante
2895 747 3168 820 Virginem
3196 750 3421 806 Mariam

1847 837 2042 901 fuisse,
2077 838 2280 908 quippe
2309 839 2404 909 qui
2463 852 2732 896 creatura:
2787 841 2859 896 sit
2920 841 3147 910 Opilex:
3207 859 3420 899 necnon

1849 938 2039 986 contra
2076 931 2294 994 Arium,
2323 933 2417 1000 qui
2466 934 2641 1000 ipsum
2698 933 3037 999 ministrum,
3094 937 3178 991 vel
3239 939 3424 1007 potius

1850 1021 2274 1078 instrumentum
2331 1022 2586 1087 faciebat,
2646 1037 2712 1078 eo
2747 1026 2892 1093 quod
2935 1041 3100 1095 supra
3166 1029 3420 1084 dixerat:

1851 1110 1954 1167 Per
1981 1129 2134 1182 quem
2163 1123 2211 1166 et
2241 1113 2440 1168 sa’cula
2465 1112 2610 1180 fecit.
2637 1111 2775 1168 Ecce
2794 1115 2939 1168 enim
2964 1117 3054 1170 hic
3074 1134 3172 1174 ceu
3207 1131 3424 1176 creator

1849 1202 2241 1258 introducitur.
2295 1202 2538 1258 Observa
2571 1213 2754 1257 autem
2807 1208 3082 1274 quomodo
3129 1224 3310 1267 sermo
3353 1218 3422 1265 de

1850 1295 2090 1350 increata
2125 1305 2344 1360 natura,
2379 1306 2432 1351 et
2461 1297 2528 1352 de
2555 1296 2971 1365 dispensatione
3024 1313 3210 1356 mutuo
3266 1318 3421 1358 com-

176 1396 412 1465 plicetur,
437 1405 607 1467 atque
633 1395 711 1450 uti
743 1395 881 1449 alias
923 1393 1182 1450 sublimia
1231 1399 1457 1462 propter
1481 1387 1846 1451 divinitatem,
1889 1387 2030 1442 alias
2086 1404 2214 1446 vero
2271 1390 2501 1447 humilia
2556 1403 2782 1465 propter
2841 1395 3238 1452 humanitatem
3294 1413 3423 1466 pro-

175 1491 434 1545 feruntur.

226 1584 394 1640 Αὐτοὶ
420 1585 916 1652 ἁπολοῦνται,σὺ
937 1583 1005 1638 δὲ
1034 1584 1352 1655 διαμένεις,
1384 1583 1482 1636 καί
1513 1575 1623 1636 ὁταν
1638 1597 1738 1647 τες

173 1679 242 1743 ὡς
271 1675 514 1743 ἱμάτιον
571 1676 1096 1746 παλαιωθήσονται
1125 1691 1140 1708 ·
1184 1676 1282 1729 καὶ
1317 1675 1460 1729 ὡσεὶ
1510 1673 1742 1742 περιδό-

175 1772 335 1822 .tator
359 1766 590 1833 ἑλίξεις
649 1767 895 1834 αὐτοὺς,
960 1765 1061 1820 καὶ
1103 1764 1624 1835 ἁλλαγήσονιναιο⁸
1652 1761 1736 1816 σὺ

174 1858 233 1910 δὲ
259 1860 292 1911 d
317 1857 504 1925 αὐτὸς
549 1854 624 1925 εἴ,
672 1859 773 1913 καὶ
821 1858 894 1913 τὰ
918 1857 1023 1925 ἔτη
1053 1874 1172 1912 σου
1212 1858 1326 1911 οὐκ
1353 1855 1733 1923 ἐκλείψουσι.

1924 1575 2085 1633 Vens.
2119 1577 2208 1643 11,
2243 1578 2329 1632 1?.
2369 1578 2485 1650 Ipsi
2515 1582 2779 1648 peribunt,
2815 1592 2873 1636 ιιι
2915 1590 3089 1636 autem
3125 1597 3420 1649 permanet.

1847 1679 1895 1726 et
1965 1685 2143 1724 omnes
2205 1679 2263 1724 ut
2320 1672 2684 1728 vestimentum
2737 1683 3053 1729 veterascent
3096 1688 3114 1728 :
3176 1684 3226 1728 et
3280 1677 3419 1728 relnt

1846 1761 2098 1814 amictum
2120 1769 2282 1815 vertet
2308 1777 2417 1827 eos,
2441 1771 2493 1816 et
2542 1763 2922 1818 mutabuntur:
2973 1775 3033 1820 tu
3063 1774 3236 1820 autem
3285 1767 3422 1819 idem

1845 1853 1953 1920 ipse
1976 1869 2056 1918 es,
2103 1861 2156 1907 et
2193 1853 2320 1906 armi
2361 1855 2437 1907 tui
2489 1870 2592 1909 non
2648 1854 2912 1925 deﬁcient.
2954 1857 3130 1928 Majus
3159 1859 3419 1928 quiddam

175 1949 359 2013 Μείζόν
387 1966 442 2003 τι
471 1949 578 2019 τῆς
633 1949 998 2021 δημιουργίας
1037 1948 1280 2020 ᾐνίξατο,
1309 1948 1409 2018 τὴν
1467 1963 1738 2016 μετασχη-

1852 1960 2010 2016 quam
2041 1945 2113 2000 sit
2141 1946 2370 2010 creatio,
2400 1946 2488 2000 hic
2510 1947 2689 2002 innuit
2715 1927 3047 2019 Apostolus,
3066 1927 3421 2022 transﬁgura-

179 2042 380 2110 μὰτισιν
406 2041 504 2094 τοῦ
540 2041 771 2113 κόσμου.
810 2041 1236 2111 ’Δλλαγήσονται
1272 2040 1380 2108 γὰρ
1419 2040 1597 2092 πάντα
1631 2037 1740 2091 ἀπὸ

175 2135 259 2205 τῆς
316 2134 523 2207 φθορᾶς
589 2136 668 2198 εἰς
723 2133 1055 2206 ἀφθαρσίαν,
1120 2133 1214 2186 καὶ
1267 2131 1441 2195 οὕτως
1481 2129 1738 2195 εὐκόλως,

175 2227 344 2295 ὥσπερ
375 2227 442 2280 ἂν
477 2227 536 2280 ετ
565 2243 648 2289 τις
673 2225 1021 2297 περιϐόλαιον
1084 2225 1272 2291 ἑλίξει.
1333 2226 1396 2279 Εἰ
1426 2224 1481 2278 δὲ
1514 2224 1613 2294 τὴν
1646 2224 1741 2276 ἐπὶ

175 2317 228 2371 τὸ
257 2317 462 2386 βέλτιον
502 2311 986 2390 ίιετασχημάτισιν
1012 2317 1108 2371 καὶ
1155 2317 1518 2388 δημιουργίαν
1565 2315 1739 2379 οὕτως

175 2408 388 2472 εὐκόλως
439 2409 764 2480 ἐργάζεται,
803 2410 896 2462 ἐπὶ
927 2409 1027 2480 τῆς
1053 2409 1337 2472 ἐλάττονος
1369 2407 1732 2479 δημιουργίας

177 2499 346 2569 ἑτέρου
365 2500 586 2568 ὲδεῖτο;
622 2500 952 2572 [Ιαραμυθία
977 2499 1034 2554 δὲ
1055 2500 1116 2553 οὐ
1148 2516 1322 2571 μικρα
1360 2502 1473 2561 τοῖς
1504 2497 1738 2552 ἐνταῦθα

178 2593 519 2662 κακουμένοις
562 2595 796 2658 πιστοῖς,
825 2592 887 2644 τὸ
919 2591 1124 2660 γνῶναι
1159 2591 1240 2644 ὅτι
1280 2591 1380 2644 οὐκ
1407 2589 1561 2643 ἔσται
1597 2588 1740 2642 οὕτω

177 2683 235 2738 τὰ
256 2686 584 2756 πράγματα,
619 2683 754 2739 ἀλλὰ
783 2683 1089 2756 μεταϐολὴν
1111 2683 1363 2755 λήψεται.
1401 2683 1512 2736 Καὶ
1531 2682 1614 2736 ὅτι
1645 2681 1739 2734 ὑπ’

179 2774 341 2830 αὐτῶν
363 2778 808 2848 θεραπευόμενος
838 2775 992 2847 μένει
1029 2773 1138 2839 ζῶν
1177 2774 1270 2827 καὶ
1316 2773 1627 2838 διαπαντός.
1668 2773 1742 2827 Τὰ

177 2867 272 2941 γὰρ
297 2869 398 2940 ἐτη
427 2888 552 2926 σου
585 2874 698 2926 οὐκ
725 2871 1106 2940 ἐκλείψουσι.

238 3048 385 3116 Πρὸς
416 3049 563 3101 τίνα
585 3047 654 3100 δὲ
677 3045 797 3102 τῶν
850 3048 1122 3119 ἀγγέλων
1167 3045 1374 3119 εἴρηκέ
1405 3061 1551 3102 ποτε
1574 3063 1586 3076 °
1622 3047 1741 3101 Κά-

180 3140 274 3194 θου
301 3141 366 3194 ἐκ
390 3139 615 3206 δεξιῶν
654 3159 795 3210 μου,
823 3127 934 3208 ἒὼς
964 3141 1040 3195 ἂν
1066 3140 1146 3195 θῶ
1172 3140 1313 3208 τοὺς
1337 3140 1594 3210 ἐχθρούς
1623 3156 1741 3194 σου

180 3232 498 3286 ὑποπόδιον
545 3231 666 3287 τῶν
721 3231 924 3287 ποδῶν
978 3249 1094 3288 σου
1107 3248 1128 3296 ;
1165 3233 1295 3288 Ἰδοὺ
1349 3234 1513 3286 πάλιν
1545 3233 1742 3295 αὐτοὺς

181 3325 577 3396 παραθαῤῥύνει
600 3341 615 3357 ο
647 3325 764 3392 εῐγε
805 3324 1050 3395 μέλλοιεν
1069 3325 1116 3378 oi
1145 3325 1329 3395 ἐχθροὶ
1353 3324 1530 3377 αὐτῶν
1566 3326 1738 3394 ἡττη-

179 3410 441 3480 θήσεσθαι,
470 3415 574 3469 καὶ
603 3415 653 3467 οἱ
675 3413 862 3486 ἐχθροὶ
905 3415 1087 3470 αὐτῶν
1137 3417 1185 3468 οἱ
1231 3415 1383 3467 αὐτοὶ
1408 3409 1540 3468 ὦσιν
1562 3417 1610 3467 oi
1643 3415 1734 3468 καὶ

180 3505 305 3559 κατά
351 3506 445 3560 τοῦ
495 3505 764 3576 Χριστοῦ.
797 3507 910 3578 Οὐχ
932 3506 1007 3571 ὡς
1045 3506 1138 3560 τοῦ
1172 3505 1303 3560 Υίοῢ
1330 3506 1385 3560 δὲ
1415 3505 1738 3560 ἀδυνατοῦν·-

181 3611 279 3660 τος,
315 3598 344 3650 ὁ
368 3597 564 3668 Πατὴρ
611 3597 830 3666 λέγεται
860 3597 1182 3653 ὑποτάττειν
1213 3598 1338 3662 τοὺς
1396 3597 1628 3668 ἐχθρούς
1653 3613 1668 3628 ο
1707 3598 1736 3650 ὁ

183 3690 277 3760 γὰρ
310 3690 524 3761 μέλλων
561 3693 679 3744 ἐκεῖ
712 3691 918 3762 κρίνειν
963 3690 1116 3756 Υἱὸς,
1147 3689 1328 3761 πολλῷ
1385 3687 1586 3761 μᾶλλον
1635 3683 1740 3744 ὧδε

182 3779 240 3832 ἂν
261 3781 636 3834 ἀνταπεδωκεν
670 3781 853 3845 αὐτοῖς
877 3797 891 3812 ο
926 3781 1042 3834 ἀλλ’
1069 3780 1156 3834 ἵνα
1183 3781 1282 3854 τὴν
1311 3781 1476 3851 τιμὴν
1500 3781 1591 3833 τοῦ
1625 3781 1738 3833 [Ια-

181 3871 292 3943 τρδς
322 3874 456 3944 πρὸς
483 3872 581 3926 τὸν
612 3872 740 3926 Υίὸν
771 3871 939 3944 δείξῃ.
979 3863 1054 3926 Τδ
1075 3872 1184 3943 γὰρ
1210 3873 1301 3926 τὸν
1347 3873 1566 3943 Πατέρα
1587 3872 1740 3944 ὀργίο

183 3960 352 4025 ζεσθαι
392 3966 510 4030 τοῖς
560 3964 772 4036 ἐχθροῖς
793 3963 887 4017 τοῦ
939 3964 1093 4032 Υίοῦ,
1131 3964 1248 4029 πῶς
1271 3963 1332 4018 οὐ
1376 3965 1581 4035 τιμῆς;
1622 3964 1739 4028 πῶς

181 4054 236 4108 ού
266 4055 458 4128 πολλῆς
521 4058 659 4128 πρὸς
713 4056 805 4109 τὸν
841 4056 968 4110 Υίὸν
1009 4057 1266 4128 ἀγάπης;
1299 4054 1528 4127 Εἴρηται
1558 4055 1615 4109 δὲ
1646 4060 1740 4109 καὶ

183 4143 237 4197 ἐν
281 4149 346 4217 τῇ
385 4147 543 4218 -πρδς
613 4146 935 4218 Κορινθίους
979 4147 1174 4222 πρώτῃ
1224 4146 1559 4218 πλατύτερον
1609 4145 1741 4218 περὶ

183 4237 368 4311 ταύτης
392 4240 494 4312 τῆς
521 4241 831 4313 περικοπῆς
856 4258 871 4274 ο
904 4241 1000 4295 καὶ
1033 4241 1186 4313 ζήτει
1222 4241 1290 4295 τὰ
1315 4242 1432 4296 ἐκεῖ
1451 4257 1739 4311 παραγρα-

185 4327 356 4396 φέντα.

250 4498 386 4568 οὐχι
414 4499 642 4566 πάντες
664 4501 781 4554 εἰσί
807 4503 1185 4570 λειτουργικὰ
1202 4503 1512 4572 πνεύματα
1535 4503 1739 4570 πρύς¹⁷

184 4585 498 4657 διακονίαν,
536 4593 1036 4663 ἀποστελλόμενα
1069 4592 1166 4647 διὰ
1225 4593 1366 4660 τοὺς
1401 4594 1743 4664 μέλλοντας
1777 4641 1819 4695 D

189 4683 571 4754 κληρονομεῖν
622 4685 964 4753 σωτηρίαν;
1006 4687 1254 4758 Ἐπαίρει
1300 4687 1368 4740 τὰ
1418 4688 1739 4759 φρονήματα

189 4771 285 4829 τῶν
312 4775 620 4848 ἀκροατῶν,
650 4776 862 4841 δεικνὺς
895 4777 1097 4847 πολλὴν
1139 4777 1269 4848 περὶ⁵
1302 4780 1448 4849 ἡμᾶς
1481 4778 1573 4830 τοῦ
1603 4778 1739 4832 Θεοῦ

191 4862 275 4934 τὴν
301 4867 647 4938 κηδεμονίαν’
669 4868 784 4937 εἴγε
811 4869 906 4921 καὶ
935 4869 1201 4938 ἀγγέλους
1223 4870 1350 4932 τοὺς
1374 4870 1743 4940 ὑπερέχοντας

191 4953 332 5022 ἡμῶν
360 4957 518 5023 ἔταξε
541 4958 808 5012 διακονεῖν
837 4961 906 5013 τὰ
931 4960 1069 5030 πρὸς
1089 4961 1362 5030 σωτηρίαν
1383 4960 1560 5031 ἡμῶν.
1586 4963 1748 5015 Δοκεζ

190 5044 240 5098 δὲ
273 5047 363 5101 καὶ
396 5051 534 5122 πρός
567 5069 720 5116 τινας
751 5052 1133 5106 ἀποτείνεσθαι
1159 5055 1272 5117 τοῖς
1297 5055 1547 5122 ἀγγέλοις
1570 5071 1743 5125 προσ-

191 5133 394 5206 έχοντας
425 5155 440 5169 '
475 5141 712 5211 μάλιστα
753 5142 814 5195 δὲ
849 5143 946 5196 καὶ
991 5143 1127 5213 πρὸς
1160 5143 1356 5207 αὐτοὺς
1391 5145 1598 5207 πάντας
1617 5145 1744 5208 τοὺς

201 5225 498 5302 Ἐϐραίους,
553 5217 996 5306 προστετηκδτας
1028 5234 1106 5306 τῷ
1148 5235 1218 5288 δι’
1240 5235 1487 5304 ἀγγέλων
1537 5235 1743 5290 δοθέντι

98 5377 108 5388 ,
191 5318 344 5390 νόμῳ,
383 5326 478 5377 καὶ
527 5327 648 5390 ταῖς
695 5327 754 5380 ὲν
806 5328 984 5397 τούτῳ
1027 5325 1208 5380 αὐτῶν
1272 5323 1590 5390 διακονίαις,
1649 5325 1746 5378 καὶ

195 5415 530 5479 προτιθέντας
581 5416 804 5481 τούτους
851 5416 1116 5488 Χριστοῦ.
1160 5417 1253 5488 Μὴ
1302 5413 1397 5471 οὖν
1443 5417 1742 5488 προσέχετε

190 5500 404 5570 τούτοις,
435 5506 620 5577 φησιν’
643 5510 796 5564 αὐτοὶ
824 5507 930 5580 γὰρ
943 5508 1267 5580 ὁμόδουλοιὴ
1277 5508 1393 5580 μῶν
1417 5511 1571 5562 εἰσιν.
1597 5509 1742 5580 Ὅρα

289 5687 334 5720 ⁸³
368 5689 511 5746 Psal.
539 5708 649 5760 six,
677 5694 732 5747 8.

1843 2041 2046 2094 tionem
2075 2038 2327 2093 videlicet
2358 2039 2568 2093 mundi.
2609 2031 2967 2096 Mutabuntur
3017 2043 3165 2098 enim
3223 2045 3411 2098 omnia

1847 2145 1876 2183 ιι
1937 2127 2298 2198 corruptione
2351 2128 2406 2182 in
2475 2128 3111 2201 incorruptibilitatem:
3165 2142 3219 2188 et
3273 2133 3416 2189 adeo

1843 2222 2023 2288 facile,
2072 2220 2200 2275 utsi
2237 2221 2364 2290 quis
2395 2221 2687 2275 amictum'
2714 2222 3132 2278 circumvolvat.
3183 2226 3337 2290 Quod
3369 2229 3414 2281 si

1844 2306 2298 2377 permutationem
2348 2305 2493 2360 illam
2537 2307 2592 2362 in
2653 2307 2821 2379 656
2873 2309 3091 2377 melius,
3129 2321 3184 2366 et
3225 2316 3416 2368 mundi

1843 2398 2178 2453 creationem
2211 2397 2348 2451 adeo
2387 2395 2546 2450 facile
2577 2407 2872 2466 Operatur,
2924 2399 2978 2453 iu
3030 2401 3228 2456 minori
3254 2418 3419 2473 opere

1842 2491 2071 2545 alterius
2101 2489 2416 2557 indigebat?
2469 2489 2638 2546 Porro
2693 2490 2840 2545 haud
2892 2507 3084 2562 parum
3133 2494 3420 2550 solaminis

1845 2585 2049 2654 prte‘oet
2085 2582 2337 2638 ﬁdelibus
2371 2584 2426 2636 in
2458 2583 2564 2639 hoc
2620 2585 2823 2639 mundo
2865 2586 3167 2654 oppressis,
3201 2587 3422 2642 novisse

1844 2691 1932 2731 res
1966 2689 2070 2729 non
2107 2675 2182 2727 ita
2218 2683 2492 2745 perpetuo
2522 2675 2840 2742 duraturos,
2874 2688 3131 2731 caeterum
3161 2687 3421 2748 acceptu-

1844 2783 1934 2821 ras
1965 2767 2363 2823 mutationem:
2399 2775 2454 2823 et
2480 2769 2628 2838 quod
2657 2769 2704 2824 is
2737 2783 2898 2840 quem
2955 2768 3058 2840 ipsi
3104 2771 3317 2834 colunt,
3361 2771 3417 2824 in

1849 2859 2241 2930 sempiternum
2295 2870 2620 2930 permanet,
2687 2875 3014 2932 semperque
3075 2861 3227 2917 vivit.
3277 2863 3421 2916 Anni

1844 2952 1988 3006 enim
2016 2952 2091 3005 tui
2122 2968 2223 3006 non
2253 2952 2512 3022 deﬁcient.

1915 3040 2084 3097 Vens.
2143 3044 2229 3097 l5.
2299 3043 2382 3095 Ad
2435 3060 2585 3114 quem
2663 3053 2840 3098 autent
2909 3047 3220 3116 angelorum
3279 3047 3422 3100 dixit

1848 3132 2174 3203 aliquando:
2210 3131 2344 3188 Sede
2368 3151 2400 3188 ιι
2432 3135 2631 3190 dextris
2660 3136 2811 3203 meis,
2835 3135 3010 3206 quoad
3043 3154 3202 3208 usque
3229 3153 3422 3206 ponam

1849 3224 2092 3278 inimicos
2130 3235 2244 3279 tuos
2276 3225 2565 3280 scabellum
2591 3227 2783 3296 pedum
2836 3229 3156 3283 tuorum"?
3193 3229 3269 3284 En
3294 3245 3420 3284 rur-

1853 3331 1950 3370 sus
1985 3319 2370 3375 animum’illis
2399 3321 2580 3375 addit:
2614 3321 2883 3392 siquidem
2928 3323 3170 3378 futurum
3208 3333 3326 3378 erat
3363 3335 3423 3378 ut

1849 3409 2088 3480 ipsorum
2123 3411 2308 3466 hostes
2343 3419 2846 3481 prosternerentur,
2872 3422 2924 3469 et
2955 3415 3196 3485 ipsorum
3231 3417 3419 3472 hostes

1850 3502 2014 3557 iidem
2054 3511 2238 3558 essent
2296 3506 2389 3574 qui
2460 3514 2514 3558 et
2568 3504 2788 3561 Christo
2847 3507 3292 3563 adversarentur.
3353 3511 3423 3562 At

1849 3607 1980 3646 vero
2011 3609 2124 3647 non
2158 3603 2422 3662 tanquam
2461 3592 2634 3648 Filius
2687 3596 3016 3651 imbecillior
3063 3605 3229 3660 esset,
3264 3597 3421 3652 ideo-

1849 3698 1954 3754 que
2011 3685 2112 3739 hoc
2172 3700 2278 3739 non
2349 3687 2567 3755 possit,
2625 3685 2788 3741 Pater
2859 3688 3064 3742 dicitur
3137 3690 3413 3759 subjicere

1850 3775 2035 3830 hostes
2073 3793 2085 3828 :
2132 3775 2305 3830 Filius
2341 3779 2485 3831 enim
2510 3777 2603 3848 qui
2633 3778 2704 3832 ibi
2735 3778 3083 3848 judicaturus
3111 3789 3212 3843 cst,
3247 3781 3422 3834 multo

1851 3869 2027 3937 magis
2060 3867 2146 3922 hic
2181 3869 2312 3938 ipsis
2341 3869 2635 3940 retribuet,
2667 3887 2860 3927 verum
2910 3881 2970 3926 ut
3019 3874 3272 3928 ostendat
3307 3889 3417 3943 quo

1850 3960 2057 4013 honore
2091 3958 2252 4014 Pater
2303 3959 2499 4015 Filium
2557 3974 2946 4034 prosequatur.
3005 3963 3221 4020 Patrem
3275 3966 3420 4021 enim

1851 4051 2011 4106 irasci
2045 4051 2295 4108 hostibus
2326 4052 2473 4120 Filii,
2506 4057 2782 4126 quomodo
2831 4072 2940 4112 non
2995 4060 3154 4112 cedat
3211 4059 3264 4112 in
3299 4063 3420 4129 glo-

1853 4144 1989 4197 riam
2017 4143 2184 4199 Filii?
2232 4147 2507 4216 quomodo
2568 4163 2677 4203 non
2739 4149 2811 4205 sit
2845 4165 3055 4219 magum
3110 4151 3163 4204 in
3220 4148 3420 4204 Filium

1850 4235 2164 4291 dilectionis
2212 4238 2566 4308 symbolum?
2626 4238 2842 4294 Dictum
2892 4249 3191 4296 autemest
3247 4241 3426 4297 fusius

1854 4331 1956 4380 hac
1985 4328 2050 4382 de
2085 4344 2141 4383 re
2169 4328 2223 4382 in
2251 4330 2436 4398 priore
2460 4331 2524 4383 ad
2576 4331 2929 4387 Corinthios:
2971 4348 3094 4404 qua:
3147 4334 3257 4388 illic
3291 4350 3425 4405 ergo

1851 4421 2106 4466 annotata
2131 4422 2279 4480 sunt,
2313 4418 2553 4484 require.

1925 4502 2090 4557 Vnus.
2126 4505 2208 4559 14.
2251 4503 2440 4560 Nonne
2468 4521 2645 4561 omnes
2680 4518 2802 4562 sunt
2832 4508 3279 4563 administraturii
3305 4513 3420 4580 spi-

1850 4596 2009 4659 ritus,
2041 4596 2094 4648 in
2118 4597 2464 4650 ministerium
2524 4599 2674 4652 missi
2718 4609 2932 4669 propter
2971 4615 3060 4654 eos
3110 4603 3199 4670 qui
3247 4601 3389 4657 luere

1851 4686 2066 4739 ditatem
2093 4687 2299 4756 capient
2329 4687 2560 4742 salutis?
2607 4691 2932 4746 Auditorum
2975 4700 3189 4748 mentes
3234 4695 3418 4765 erigit,

1853 4778 2253 4848 ingentem‘Dei
2277 4796 2402 4850 erga
2425 4796 2529 4855 nos
2559 4797 2748 4837 curam
2780 4784 2834 4838 in
2862 4783 3102 4840 medium
3127 4800 3420 4856 promens:

1850 4872 2290 4941 quandoquidem
2323 4874 2546 4944 angelos
2577 4875 2736 4930 nobis
2760 4877 3179 4934 excellentiorcs
3199 4879 3422 4933 ordiua-
3504 4899 3512 4910 ·

1852 4963 1943 5029 rit,
1973 4969 2031 5016 ut
2055 4963 2358 5017 inserviant
2383 4965 2538 5019 nobis
2567 4963 2620 5017 in
2645 4965 2809 5020 rebus
2837 4966 2904 5018 ad
2924 4969 3155 5022 salutem
3182 4979 3422 5023 nostram

1849 5054 2272 5125 pertinentibus.
2328 5054 2557 5110 Videtur
2594 5066 2774 5111 autem
2833 5060 3099 5129 quosdam
3147 5061 3421 5129 perstrin-

1849 5162 2000 5217 gere,
2037 5147 2131 5216 qui
2169 5147 2378 5218 angelis
2407 5149 2598 5203 intenti
2657 5159 2838 5216 erant,
2892 5152 3238 5222 potissimum
3291 5165 3422 5206 vero

1851 5235 2000 5304 ipsos
2064 5235 2316 5292 llebrazos
2373 5239 2426 5291 iu
2498 5225 2816 5294 universum
2875 5256 3091 5306 omnes,
3143 5241 3234 5312 qui
3289 5241 3418 5311 legi,

1853 5333 2046 5394 utpote
2093 5339 2192 5394 per
2237 5325 2460 5395 angelos
2514 5326 2769 5392 traditae,
2836 5343 3137 5400 eorumque
3204 5333 3256 5384 in
3313 5331 3418 5386 ista

1799 5407 1805 5412 ’
1853 5419 2170 5473 ministeriis
2201 5418 2560 5486 inhaerebant,
2596 5421 2731 5476 adeo
2763 5429 2821 5475 ut
2859 5421 2960 5476 hos
2985 5423 3150 5476 etiam
3203 5423 3422 5480 Christo

1853 5510 2170 5580 prazlerant.
2213 5509 2288 5567 Ne
2331 5511 2497 5583 igitur
2542 5512 2698 5583 ipsis.
2749 5512 2949 5586 inquit,
3001 5516 3194 5573 intenti
3261 5519 3419 5572 sitis:

1576 5765 1774 5845 Varia:
1816 5782 2146 5850 lectiones.

263 5881 304 5916 ⁸⁷
327 5885 406 5950 είς
435 5901 487 5941 o.

493 5981 768 6041 PATROL.
800 5979 916 6042 Gtt.
958 5979 1208 6042 CXXV.
