3918 6552
455 445 559 510 £07

1401 438 1974 502 ἸῊΕΟΡΙΙΥΙΛΩΤΙ
2007 436 2418 505 ΒΠΙΒΑΒΗΕ
2445 448 2794 510 ARCIIIEP.

3599 448 3701 513 E08

455 561 549 629 qui
587 557 918 614 charismata
953 555 1238 618 baberent,
1265 555 1368 610 ista
1403 570 1531 608 vero
1553 554 1820 609 defecisse
1848 567 2019 622 .prop-

2135 555 2306 612 αὐτῶν
2341 560 2631 632 νωθρείαν.
2657 564 2775 618 Ἵνα
2806 560 2990 617 τοίνυν
3010 561 3478 636 παραμυθήσηται
3503 566 3700 632 αὑτοὺς

455 659 538 707 ter
567 666 756 706 eorum
791 657 1091 718 torporem.
1125 646 1193 702 Ut
1221 647 1386 717 igitur
1415 661 1512 701 eos
1543 646 1597 700 in
1631 647 1738 700 hoc
1771 644 2024 700 console-

473 755 604 799 tur:
645 742 1091 806 Distiiliutioues,
1133 739 1331 810 inquit,
1385 737 1625 809 Spiritus
1652 737 1807 807 juxta
1851 736 2024 804 ipsius

456 837 791 890 voluntatem
827 834 985 888 facta:
1026 841 1195 898 sunt;
1253 832 1369 902 ipse
1428 830 1580 886 novit
1636 829 1769 900 quid
1826 831 2024 898 cuique

455 930 748 991 conducat,
773 926 961 995 sicque
992 925 1194 979 donum
1226 937 1389 978 suum
1423 921 1664 993 partitur
1683 930 1737 975 et
1769 920 2020 990 gratiam.

455 1023 607 1092 Saepe
635 1022 706 1076 ob
737 1021 1004 1090 impuram
1029 1017 1194 1072 vitam
1225 1015 1424 1085 aliquis
1447 1030 1556 1070 non
1575 1015 1770 1084 accipit
1795 1013 2022 1080 donum;

452 1128 517 1168 ac
555 1127 747 1167 rursus
773 1110 862 1166 cui
888 1124 1024 1181 pura
1054 1118 1137 1164 est
1165 1107 1296 1170 vita.
1329 1122 1471 1176 saepe
1505 1109 1636 1162 item
1662 1122 1770 1161 non
1799 1107 2020 1173 accipit,

450 1221 521 1262 ne
552 1204 864 1260 atlollatur:
922 1201 1156 1272 ideoQue
1209 1199 1513 1255 humilibus
1561 1207 1626 1255 et
1679 1197 2022 1269 simplicibus

452 1297 634 1368 potius
667 1295 968 1350 dabantur.

537 1379 704 1442 Vens.
767 1387 822 1442 5.
891 1386 1018 1440 Non
1073 1385 1222 1440 enim
1295 1384 1494 1455 angelis
1563 1381 1783 1452 subjecit
1846 1378 2024 1435 orbem

449 1477 618 1548 659
689 1487 841 1532 terrae
897 1477 1160 1546 futurum.
1213 1475 1605 1530 Detuoustrans
1662 1471 1842 1526 adhuc
1901 1468 2024 1522 Filii

451 1567 856 1630 excellentiam,
909 1582 1018 1636 qua
1068 1565 1292 1635 angelos
1338 1571 1675 1633 exsuperat:
1736 1559 1853 1615 Non
1913 1560 2021 1624 liis,

455 1660 658 1727 inquit,
706 1658 950 1728 subjecit
998 1667 1281 1712 terrarum
1341 1655 1552 1718 orbem,
1617 1652 1702 1710 vel
1759 1651 2022 1707 mundum

455 1753 629 1817 hunc.
663 1754 756 1808 sed
790 1750 954 1807 Filio.
989 1749 1263 1804 Futurum
1295 1756 1477 1802 autem
1505 1745 1662 1810 dicit,
1687 1743 1816 1816 quia
1850 1742 2024 1799 Filius

453 1844 548 1900 Dei
582 1860 800 1915 semper
825 1852 958 1906 erat,
994 1843 1144 1898 orbis
1177 1857 1306 1896 vero
1343 1849 1611 1896 terrarum
1669 1835 2050 1908 producendus

452 1912 720 2008 erat,qui
782 1945 942 1990 antea
980 1934 1234 1989 videlicet
1280 1947 1391 1987 non
1454 1931 1652 1985 fuerat.
1712 1928 1990 1995 Quantum
2058 1912 2100 1968 Β

456 2027 626 2096 igitur
684 2027 890 2081 attinet
947 2025 1012 2079 ad
1063 2023 1451 2095 sempiternam
1521 2018 1647 2074 Filii
1701 2017 2021 2084 essentiam,

451 2120 602 2174 orbis
633 2118 852 2174 futurus
890 2127 1029 2173 erat.

521 2210 600 2265 De
624 2227 725 2280 quo
769 2211 1056 2281 loquimur.
1083 2210 1197 2264 Hoc
1226 2215 1332 2271 est,
1384 2205 1452 2262 de
1503 2219 1613 2275 quo
1657 2218 1828 2282 supra
1874 2201 2021 2257 dixi—

452 2319 607 2368 mus,
661 2302 795 2357 Cum
838 2301 1132 2356 introducit
1194 2297 1601 2369 primogenitum
1629 2295 1682 2348 in
1713 2294 1889 2350 orbem
1923 2304 2026 2348 ter-

451 2412 549 2450 rm.
582 2393 658 2449 Ne
689 2394 860 2464 igitur
889 2393 1056 2446 alium
1089 2392 1284 2448 orbem
1335 2388 1578 2459 inquirat
1621 2402 1774 2442 mens
1821 2395 1911 2441 tua
1933 2401 2026 2441 se-

450 2490 637 2542 ducta.
677 2483 934 2538 Nonnulli
965 2493 1144 2537 autem
1183 2496 1286 2553 per
1360 2479 1600 2534 futurum
1633 2478 1845 2545 orbem,
1873 2476 2022 2532 futu-

451 2596 570 2633 rum
615 2577 879 2632 mundum
927 2575 1313 2632 intellexerunt
1352 2589 1367 2631 :
1431 2570 1502 2625 De
1533 2587 1657 2640 quo,
1693 2569 1887 2640 inquit,
1922 2583 2024 2623 nos

449 2667 673 2722 oumino
707 2665 990 2735 loquimur.
1032 2662 1168 2718 Tum
1196 2662 1345 2716 enim
1378 2660 1554 2730 angeli
1591 2666 1646 2713 ut
1678 2657 1822 2714 servi
1857 2660 2024 2713 assis-

451 2769 598 2829 tent;
631 2758 804 2815 Filius
838 2766 1020 2814 autem
1059 2765 1118 2810 ut
1141 2753 1313 2826 judex
1347 2752 1578 2808 sedebit.

519 2945 686 3001 Vens.
714 2942 770 3010 6,
799 2943 850 2997 7.
893 2939 1233 3010 Teati/iectus
1261 2948 1339 2993 est
1383 2945 1556 2992 autem
1584 2936 1803 3008 quidam
1831 2932 2026 2988 alicubi

450 3037 627 3090 dicens
652 3049 669 3087 :
698 3030 839 3101 Quid
867 3041 947 3087 est
977 3031 1131 3084 homo
1162 3027 1298 3098 quod
1324 3043 1523 3081 memor
1552 3043 1604 3080 es
1626 3025 1891 3094 ejus?aut
1930 3021 2025 3078 Fi-

453 3129 554 3183 lius
582 3126 834 3190 hominis,
879 3122 1129 3194 quoniam
1185 3121 1369 3175 visitas
1404 3119 1570 3174 eum?
1631 3115 1878 3170 Minuisti
1907 3132 2024 3170 eum

450 3221 610 3289 paulo
637 3218 810 3270 minus
840 3215 903 3269 ab
947 3215 1187 3284 angelis:
1218 3212 1391 3282 gloria
1434 3219 1482 3265 et
1533 3210 1730 3264 honore
1757 3208 2025 3263 coronam’

453 3327 593 3375 eum,
633 3319 681 3364 et
711 3310 887 3362 omnia
921 3306 1190 3375 subjecisti
1228 3304 1323 3358 sub
1351 3302 1570 3375 pedibus
1604 3303 1738 3372 ejus.
1775 3298 1894 3357 Non
1928 3317 2023 3356 ex-

453 3405 620 3477 plicat
640 3417 836 3460 nomen
861 3401 1122 3465 auctoris,
1149 3401 1276 3470 quia
1305 3399 1548 3468 disputat
1569 3413 1692 3452 cum
1713 3395 2026 3466 Scriptura-

455 3515 573 3556 rum
605 3498 813 3569 gnaris.
842 3495 966 3552 llaec
1004 3505 1183 3550 autem
1212 3494 1395 3548 omnia
1437 3491 1736 3562 generatim
1786 3491 1852 3544 de
1904 3489 2026 3543 tuti-

454 3609 610 3650 versa
639 3593 876 3647 humana
906 3597 1105 3644 natura
1152 3587 1298 3643 dicta
1350 3593 1501 3651 sunt,
1533 3584 1816 3656 speciatim
1845 3591 2024 3637 tamen

451 3669 671 3741 Christo
742 3682 1044 3738 secundum
1095 3678 1487 3732 humanitatem
1536 3673 1827 3745 quadrant.
1890 3671 2024 3725 Nam

457 3772 626 3828 Filius
684 3771 778 3826 Dei
817 3772 1109 3824 humanam
1145 3775 1422 3829 naturam,
1461 3779 1582 3835 quae
1601 3765 1739 3819 nlbil
1769 3770 1908 3826 erat,
1941 3764 2028 3816 vi-

456 3862 684 3920 sitavit:
722 3876 831 3933 qua
869 3869 1174 3928 assumpta,
1207 3859 1421 3929 sibique
1453 3858 1626 3925 unita,
1685 3859 1902 3914 cunctis
1925 3874 2024 3915 su-

457 3955 635 4025 perior
662 3963 748 4009 est
776 3950 1212 4008 demonstratus.

528 4144 689 4202 Vens.
712 4144 767 4201 8.
785 4142 849 4198 In
863 4159 921 4200 eo
941 4144 1080 4199 enim
1100 4145 1239 4216 quod
1262 4145 1437 4200 omnia
1457 4145 1505 4200 ei
1525 4143 1769 4214 subjecit,
1795 4144 1928 4200 nihil
1948 4145 2028 4200 di-

449 4239 597 4293 misit
616 4255 719 4293 non
739 4237 1028 4308 subjectum
1047 4240 1094 4294 ei
1118 4255 1135 4293 :
1155 4256 1289 4294 nunc
1311 4249 1487 4294 autent
1521 4239 1754 4294 nondum
1789 4238 2022 4294 uidemus

451 4334 500 4387 ei
524 4333 700 4386 omnia
733 4332 990 4401 subjecta.
1021 4331 1157 4399 Quia
1183 4333 1662 4402 persecutionibus
1692 4333 1769 4388 illi
1801 4333 2022 4388 obnoxii

453 4433 626 4488 erant,
653 4439 718 4480 ac
766 4425 996 4480 adversa
1043 4425 1406 4494 patiebantur,
1441 4440 1511 4480 ne
1562 4425 1830 4496 objiciant
1871 4445 1886 4482 :
1921 4425 2025 4492 Qui

450 4519 589 4574 dicis
650 4516 818 4572 Deum
848 4517 1029 4570 oumia
1069 4517 1391 4586 subjecisse,
1414 4530 1537 4571 eum
1569 4531 1672 4572 nos
1701 4518 2044 4588 persecutio-4

2127 650 2230 702 κάν
2257 651 2452 723 τούτῳ,
2481 655 2646 724 φησὶν
2705 655 2789 709 ὅτι
2825 656 2874 709 οἱ
2923 657 3185 726 μερισμοὶ
3243 656 3337 709 τοῦ
3385 657 3702 727 Πνεὺματος

2125 740 2265 793 κατὰ
2313 741 2413 812 τὴν
2473 744 2640 798 αὑτοῦ
2697 744 2918 815 θέλησιν
2977 747 3246 814 γίνονται.
3298 747 3471 810 Αὑτδς
3510 744 3619 801 οἵδε
3649 751 3702 804 τι
3755 777 3766 802 ο

2125 833 2340 905 ἑκάστῳ
2373 837 2662 908 συμφέρει,
2705 839 2802 892 καὶ
2825 837 2967 891 οὕτω
2995 838 3358 911 καταμερίζει
3387 841 3488 911 τὴν
3516 842 3698 911 χάριν.

2126 926 2393 991 Πολλάκις
2424 928 2491 982 δι’
2525 931 2834 1003 ἀκάθαρτον
2895 931 3009 1002 βίον
3034 931 3095 984 οὑ
3141 932 3407 1002 λαμϐάνει
3428 951 3513 996 τις
3543 935 3704 1006 χάρι-

2127 1033 2260 1086 σμα·
2286 1021 2546 1084 πολλάκις
2589 1023 2704 1094 βίον
2734 1023 2974 1094 καθαρὸν
3026 1023 3166 1095 ἔχων
3196 1026 3256 1078 οὑ
3285 1026 3572 1094 λαμϐάνει,
3617 1028 3706 1079 ἵνα

2129 1107 2204 1178 μὴ
2232 1110 2468 1183 ἐπαρθῇ.
2491 1112 2582 1166 Διὸ
2609 1113 2702 1167 καὶ
2727 1115 2838 1178 τοῖς
2871 1117 3149 1178 ταπεινοῖς
3175 1115 3272 1167 καὶ
3301 1115 3529 1184 ἀφελέσι
3562 1118 3702 1188 μᾶλ-

2126 1197 2216 1253 λον
2249 1200 2502 1256 ἐδίδοντο.

2193 1382 2277 1436 οὐ
2335 1383 2445 1452 γὰρ
2501 1383 2781 1455 ἀγγέλοις
2842 1386 3105 1453 ὑπέταξε
3151 1387 3269 1457 τὴν
3338 1388 3705 1458 οἰκουμένην

2125 1469 2241 1540 τὴν
2267 1472 2640 1538 μέλλουσαν.
2704 1476 2826 1530 Ἔτι
2879 1478 2979 1548 τὴν
3026 1479 3161 1550 πρὸς
3237 1480 3363 1542 τοὺς
3433 1481 3706 1548 ἀγγέλους

2127 1564 2401 1636 ὑπεροχὴν
2457 1566 2550 1619 τοῦ
2610 1567 2740 1620 Υἱοῦ
2783 1569 3020 1636 δεικνὺς,
3082 1572 3247 1642 φησὶν
3276 1566 3360 1625 ὅτι
3392 1573 3453 1626 οὐ
3485 1573 3706 1638 τούτοις

2128 1657 2362 1724 ὑπέταξε
2414 1661 2512 1731 τὴν
2555 1664 2904 1736 οἰκουμένην,
2951 1665 3070 1736 ἦτοι
3120 1666 3220 1732 τὴν
3265 1666 3444 1718 κτίσιν
3474 1665 3705 1737 ταύτην,

2127 1749 2263 1803 ἀλλὰ
2294 1751 2371 1822 τῷ
2395 1751 2531 1824 Υἱῷ.
2561 1753 2883 1809 Μέλλουσαν
2907 1756 2964 1810 δὲ
2990 1757 3161 1827 αὑτήν
3196 1775 3353 1828 φησι,
3385 1758 3522 1813 διότι
3546 1762 3572 1812 ὁ
3605 1760 3709 1829 μὲν

2131 1840 2255 1905 Υἱὸς
2309 1841 2401 1894 τοῦ
2433 1842 2568 1896 Θεοῦ
2598 1839 2666 1915 ἦν
2689 1845 2798 1908 ἀεὶ,
2832 1845 2971 1917 αὓτη
2995 1847 3052 1900 δὲ
3099 1847 3293 1917 ἔμελλε
3318 1848 3594 1917 γενέσθαι,
3631 1851 3711 1921 μὴ

2125 1927 2262 1986 οὖσα
2313 1933 2579 2006 πρότερον
2629 1935 2849 2007 δηλαδή.
2886 1938 3047 1991 Ὀσον
3095 1937 3189 1992 οὖν
3227 1939 3362 2010 πρὸς
3390 1941 3489 2010 τὴν
3532 1942 3710 1996 ἀΐδιον

2127 2022 2362 2096 ὓπαρξιν
2389 2025 2485 2078 τοῦ
2518 2025 2669 2092 Υἱοῦ,
2705 2027 2980 2096 μέλλουσα
3009 2023 3078 2101 ἦν
3109 2030 3142 2098 ἡ
3167 2031 3492 2102 οἰκουμένη.

2194 2207 2334 2276 Περὶ
2381 2202 2456 2278 ἧς
2486 2208 2812 2279 λαλοῦμεν.
2852 2210 3133 2276 Τουτέστι,
3161 2211 3290 2282 περὶ
3333 2205 3398 2283 ἧς
3445 2213 3713 2282 ἀνωτέρω

2125 2299 2352 2369 εἴπομεν
2394 2299 2506 2365 ὄτι,
2539 2302 2727 2355 Ὅταν
2751 2304 3043 2371 εἰσαγάγῃ
3077 2305 3182 2356 τὸν
3210 2306 3590 2371 πρωτότοκον
3621 2309 3712 2372 εις

2124 2389 2241 2458 τὴν
2265 2393 2649 2462 οἰκουμένην.
2681 2392 2773 2464 Μὴ
2822 2391 2917 2447 οὑν
2967 2392 3136 2463 ἄλλην
3190 2394 3517 2465 ἐπιζητείτω
3551 2409 3651 2449 σου
3684 2401 3713 2450 ὁ

2124 2481 2248 2546 νοῦς
2289 2482 2778 2555 ἀποπλανώμενος.
2824 2484 2980 2548 Τινὲς
3009 2485 3088 2552 δὲ,
3125 2486 3425 2554 μέλλουσαν
3449 2488 3711 2559 οἰκουμέ-

2125 2592 2244 2645 νην,
2274 2576 2366 2628 τδν
2413 2577 2674 2646 ἐσόμενον
2704 2578 2907 2647 κόσμον
2937 2579 3166 2648 ἐνόησαν
3187 2593 3199 2607 ·
3225 2579 3362 2646 Περὶ
3392 2575 3487 2646 οὗ,
3515 2581 3708 2651 φησιν,

2125 2668 2158 2719 ό
2192 2667 2312 2734 πᾶς
2359 2671 2542 2737 λόγος
2585 2669 2748 2738 ἡμῖν.
2783 2671 2915 2722 Τότε
2962 2671 3070 2738 γὰρ
3110 2671 3161 2723 οἱ
3209 2672 3311 2739 μὲν
3376 2671 3597 2740 ἄγγελοι
3631 2674 3710 2736 ὼς

2125 2763 2300 2818 δοῦλοι
2344 2764 2824 2835 παραστήσονταιο
2873 2764 2901 2816 6
2951 2763 3007 2816 δὲ
3040 2762 3164 2832 Tib;
3216 2764 3406 2836 κριτὴς
3455 2765 3709 2819 καθεδεῖ-

2125 2874 2236 2911 ται.

2196 2947 2627 3015 Διεμαρτύρατο
2672 2945 2740 3000 δέ
2791 2946 2908 3001 πού
2963 2963 3074 3011 τις,
3122 2946 3352 3017 λέγων’
3420 2947 3487 3001 Tl
3533 2947 3712 3003 ἐστιν

2125 3039 2438 3108 ἄνθρωπος
2471 3039 2558 3092 ὅτι
2601 3038 2917 3107 μιμνήσκῃ
2959 3038 3146 3092 αὑτοῦ
3169 3055 3189 3103 ;
3215 3040 3252 3107 ἢ
3291 3039 3417 3106 Υἱὸς
3473 3040 3708 3108 ἀνθρὼο

2128 3148 2268 3198 που,
2322 3133 2410 3186 ὅτι
2452 3132 2784 3200 ἐπισκέπτῃ
2822 3133 3042 3192 αὑτόν;
3083 3131 3462 3198 Ἡλάττωσας
3512 3134 3713 3186 aliter

2125 3227 2325 3298 ,ϐραχύ
2357 3242 2407 3278 τι
2431 3225 2567 3292 παρ’
2594 3224 2890 3294 ἀγγέλους
2913 3240 2926 3258 ·
2952 3223 3098 3292 δόξῃ
3139 3224 3236 3277 καὶ
3278 3223 3415 3294 τιμῇ
3439 3225 3709 3294 ἐστεφά-

2129 3337 2329 3386 νωσας
2370 3320 2598 3374 αὐτόν·
2654 3319 2850 3374 πάντα
2909 3318 3214 3386 ὑπέταξας
3264 3320 3544 3375 ὑποκάτω
3580 3318 3712 3373 τῶν

2127 3413 2332 3466 ποδῶν
2356 3413 2562 3468 αὑτοῦ.
2591 3412 2666 3467 Οὑ
2695 3413 2841 3482 λέγει
2865 3413 2927 3466 τὸ
2974 3412 3147 3484 ὄνομα
3184 3415 3278 3467 τοῦ
3307 3413 3572 3480 εἰπόντος,
3602 3414 3711 3468 ἆτε

2129 3507 2268 3578 πρὸς
2298 3507 2668 3576 ἐπιστήμονας
2700 3505 2812 3558 τῶν
2840 3505 3070 3577 Γραφῶν
3089 3505 3492 3576 διαλεγόμενος.
3513 3505 3712 3560 Ταῦτα.

2126 3598 2183 3652 δὲ
2210 3599 2390 3652 πάντα
2417 3599 2510 3652 καὶ
2536 3601 2614 3662 εἰς
2655 3598 2754 3671 τὴν
2777 3598 2960 3668 κοινὴν
2993 3601 3091 3668 μὲν
3121 3599 3515 3670 ἀνθρωπότητα
3542 3600 3709 3672 εῐρη·

2127 3707 2238 3754 ται,
2263 3688 2596 3762 κυριώτερον
2629 3690 2673 3744 δ’
2731 3691 2881 3760 ὅμως
2926 3690 3220 3760 ἁρμόσειεν
3260 3691 3327 3745 ἂν
3363 3691 3441 3762 τῷ
3476 3692 3712 3763 Χριστῷ

2129 3782 2269 3837 κατὰ
2301 3784 2500 3853 σάρκα.
2543 3783 2654 3837 Καὶ
2682 3783 2790 3852 γὰρ
2827 3784 2856 3837 ὁ
2889 3783 3015 3845 Υἱὸς
3049 3782 3142 3836 τοῦ
3175 3781 3309 3836 Θεοῦ
3349 3783 3501 3837 οὐδὲν
3534 3781 3711 3837 οὖσαν

2127 3879 2228 3948 τὴν
2273 3874 2625 3947 ἀνθρωπίνην
2649 3873 2813 3942 φύσιν
2867 3872 3235 3942 ἐπεσκέψατο,
3269 3872 3362 3926 καὶ
3396 3872 3714 3943 προσλαϐό-

2130 3987 2290 4042 μενος
2321 3971 2510 4041 αὑτὴν,
2556 3969 2652 4022 καὶ
2684 3949 2891 4033 ἓνώσας
2936 3967 3138 4038 ἐαυτῷ,
3177 3967 3394 4020 πάντων
3429 3964 3711 4038 ἀνώτερος

2127 4062 2364 4133 ὶδεὶχθη.

2209 4156 2312 4208 Ἔν
2340 4154 2450 4223 γὰρ
2482 4151 2561 4218 τῷ
2602 4151 2893 4218 ὑποτάξαι
2932 4149 3093 4218 αὑτῷ
3143 4151 3214 4207 τὰ
3249 4153 3467 4216 πάντα,
3516 4147 3712 4204 οὐδὲν

2127 4247 2362 4318 ἀφῆκεν
2393 4246 2554 4312 αὑτῷ
2585 4246 3009 4304 ἀνυπότακτον
3031 4263 3043 4278 ο
3084 4245 3202 4300 νῦν
3255 4243 3324 4298 δὲ
3351 4245 3516 4298 οὔπω
3557 4242 3712 4310 ὁρῶ-

2123 4359 2239 4412 μεν
2265 4341 2336 4396 τὰ
2355 4340 2550 4394 πάντα
2580 4342 2624 4372 ³⁸
2657 4338 3127 4408 ὑποτεταγμένα.
3165 4337 3386 4408 Ἐπειδὴ
3417 4334 3716 4399 ἐδιώκοντο

2129 4431 2296 4502 οὑτοι,
2326 4434 2421 4489 καὶ
2453 4435 2639 4498 κακῶς
2665 4433 2927 4501 ἔπασχον,
2960 4432 3047 4485 ἵνα
3083 4431 3160 4501 μὴ
3199 4432 3417 4484 εἴπωσι·
3447 4429 3571 4493 Πῶς
3607 4429 3708 4481 λέ-

2129 4551 2246 4600 γεις
2275 4533 2357 4585 ὅτι
2387 4533 2566 4585 πάντα
2589 4528 2876 4595 ὑπέταξεν,
2912 4530 3047 4581 ὅπου
3080 4544 3144 4595 γε
3177 4528 3338 4597 ἡμεῖς
3367 4520 3708 4592 διωκόμεθα,

455 4628 576 4667 nem
607 4612 903 4681 patiamur,
929 4620 1091 4682 atque
1127 4610 1468 4681 exagitemur
1518 4612 1717 4666 misere
1748 4611 1818 4665 ab
1849 4611 2021 4665 besti-

2135 4622 2514 4691 διελαυνόμεοα
2542 4621 2694 4689 παρὰ
2711 4621 2755 4651 ⁸⁸
2772 4618 2878 4670 τῶν
2901 4617 3108 4689 ἐχθρῶν
3135 4615 3301 4668 αὑτοῦ
3323 4629 3338 4678 ;
3377 4612 3518 4666 ὥστε
3544 4610 3712 4674 οὔπω

453 4703 557 4757 bus
584 4701 794 4770 ipsius?
844 4701 1025 4770 Itaque
1065 4700 1308 4754 nondum
1366 4699 1598 4769 subjecti
1661 4710 1791 4755 sunt
1825 4703 1897 4766 ei,
1927 4705 2021 4760 sed

453 4794 662 4865 decipis
692 4808 792 4850 nos
827 4809 841 4845 :
875 4805 1179 4863 propterea,
1219 4792 1418 4861 inquit,
1445 4807 1517 4850 ue
1541 4793 1892 4860 tumultuare,
1929 4810 2024 4850 ne-

451 4903 558 4958 que
583 4886 942 4955 pusillanimis
971 4892 1132 4940 esto:
1171 4882 1417 4938 futurum
1452 4891 1536 4938 est
1567 4886 1714 4940 enim
1750 4895 1806 4939 ut
1841 4888 2025 4942 oumia

451 4981 557 5052 ipsi
571 4978 949 5050 subiiciantur.
971 4977 1262 5048 Propterea
1273 4975 1418 5032 enim
1432 4975 1710 5047 Scriptura
1724 4979 1862 5033 dixit
1878 4981 2022 5050 quod

453 5072 780 5137 subdiderit,
826 5071 994 5143 quod
1029 5069 1253 5125 omnino
1297 5078 1622 5124 eventurum
1675 5080 1781 5136 est,
1805 5073 2025 5128 etiamsi

453 5167 696 5223 nondum
745 5165 1061 5234 contigerit,
1099 5163 1260 5234 quasi
1313 5162 1425 5232 jam
1471 5165 1735 5231 evenerit,
1791 5180 2018 5236 ponens.

453 5259 532 5316 Ne
575 5260 742 5330 igitur
781 5273 1013 5313 maereas
1049 5256 1210 5326 quasi
1233 5256 1428 5310 acerba
1472 5257 1694 5326 patiaris
1736 5259 2020 5315 :noudum

455 5355 643 5408 omnia
676 5351 956 5422 superavit
988 5333 1324 5419 pratdieatio,
1364 5349 1604 5406 nondum
1632 5362 1845 5422 tempus
1868 5353 2022 5409 adest

453 5457 510 5498 ut
530 5442 770 5515 perfecte
781 5442 1175 5510 subiiciantur;
1197 5439 1750 5510 subjicienturtamen
1773 5448 2018 5501 omnino.

522 5538 688 5594 Vens.
705 5538 758 5591 9.
773 5535 913 5590 Eum
931 5543 1124 5601 autem,
1151 5534 1241 5604 qui
1257 5535 1462 5588 modico
1487 5552 1646 5605 quam
1664 5538 1835 5608 angeli
1853 5539 2024 5595 mina-

456 5639 612 5685 ratus
648 5638 747 5695 est,
764 5627 995 5683 uidemus
1021 5626 1226 5694 Jesum,
1251 5639 1462 5698 propter
1477 5632 1778 5698 passionem
1811 5635 2020 5699 mortis,

2131 4714 2505 4783 ὑπετάγησαν,
2535 4714 2630 4765 καὶ
2653 4711 2868 4780 ἀπατᾷς
2900 4711 3079 4778 ἡμᾶς·
3109 4707 3198 4761 διὰ
3219 4704 3396 4759 ταῦτα
3423 4699 3515 4757 οὖν
3540 4719 3708 4772 φησι·

2127 4807 2220 4877 Μὴ
2255 4804 2507 4878 θορυσοῦ,
2544 4805 2680 4875 μηδὲ
2713 4801 3073 4874 μικροψὺχει·
3108 4800 3292 4871 μέλλει
3319 4798 3426 4868 γὰρ
3461 4796 3708 4850 ὑποτάτ-

2127 4899 2315 4952 τεσθαι
2347 4896 2497 4968 αὑτῴ
2517 4901 2582 4950 τα
2609 4894 2927 4950 πάντωνΔώ
2941 4892 3098 4947 τοῦτο
3123 4891 3232 4962 γὰρ
3261 4894 3294 4961 ἠ
3313 4889 3504 4962 Γραφὴ
3521 4882 3706 4952 εἶπεν,

2128 4994 2211 5047 ὅτι
2254 4992 2545 5059 ’Υπέταξε,
2572 4991 2632 5043 τὸ
2659 4991 2876 5052 πάντως
2917 4986 3312 5058 ὲκΰησόμενον,
3341 4985 3389 5036 ει
3411 4985 3505 5037 καὶ
3532 4983 3708 5053 μήπω

2129 5085 2366 5152 ἐγένετο,
2408 5084 2483 5145 ὡς
2514 5081 2821 5151 ἐμϐεϐηκὸς
2848 5080 3080 5132 τιθεῖσα.
3106 5077 3192 5147 Μὴ
3228 5076 3408 5130 τοίνυν
3441 5072 3711 5144 ἁδημόνει

2129 5171 2206 5233 ὡς
2247 5173 2473 5240 πάσχων
2533 5167 2750 5230 κακῶς·
2798 5165 2952 5221 οὔπω
2997 5165 3217 5219 πάντων
3259 5162 3584 5234 περιγέγονε
3639 5160 3710 5214 τὸ

2130 5264 2412 5334 κήρυγμα,
2447 5258 2604 5314 οὔπω
2632 5258 2824 5330 καιρὸς
2869 5257 3056 5313 τέλεον
3103 5254 3462 5324 ὑποταγῆναι,
3494 5252 3706 5306 ὑποτα-

2127 5359 2391 5429 γήσονται
2423 5353 2608 5426 μέντοι
2637 5353 2875 5416 πάντως.

2209 5544 2318 5598 Τὸν
2344 5541 2413 5595 δέ
2437 5538 2643 5608 ,βραχύ
2669 5555 2727 5592 τι
2772 5537 2908 5606 παρ’
2953 5533 3250 5605 ἀγγέλους
3280 5526 3708 5599 ἠλαττωμένον

2125 5636 2438 5707 βλέπομεν
2480 5631 2745 5702 Ἰησοῦν,
2790 5629 2888 5684 διὰ
2937 5627 3005 5682 τὸ
3037 5625 3280 5694 πάθημα
3309 5621 3416 5676 τοῦ
3441 5619 3705 5676 θανάτου

1801 5788 2000 5852 Variae
2024 5789 2353 5854 lectiones.

524 5914 570 5947 ¹²
598 5913 814 5990 ὁρῶμεν
837 5913 984 5986 αὑτῷ
1005 5913 1074 5968 τά
1108 5913 1284 5967 πάντα
1318 5929 1392 5968 ιιι.
1471 5915 1514 5947 ⁸³
1538 5914 1639 5968 ὑπὸ
1663 5929 1715 5969 ο.
