3918 6544
229 381 346 448 299

980 381 1384 445 EXPOSITIO
1432 380 1516 443 ΙΝ
1562 381 1847 444 ΕΡΙΞΤη

1980 382 2371 445 ΗΕΒΒίΕΟΞο.
2404 409 2471 420 -
2505 383 2665 446 CAP.
2710 382 2793 445 ῐΙ.

3380 376 3501 444 210

222 496 393 591 ,δόξῃ
421 494 523 551 και
560 492 703 566 τιμῇ
728 493 1252 566 ἐστεφανωμένον.
1288 493 1593 558 Σπουδᾶζει
1641 491 1817 557 δεῖξαι
1845 544 1847 550 ι

1955 495 2091 550 ιονῖα
2115 502 2165 550 et
2203 494 2400 550 honore
2436 492 3037 549 coronatum..Conatur
3083 489 3398 556 ostendere,
3426 505 3489 544 ea

230 586 308 642 τὰ
342 587 582 659 ρηθέντα
625 588 705 659 τῷ
732 587 959 659 Χριστῷ
1001 584 1482 660 προσαρμόζοντα,
1525 582 1625 638 καί
1651 599 1816 654 φησιν

1958 601 2039 643 ua;
2073 586 2222 644 dicta
2250 595 2402 652 sunt,
2439 585 2664 642 Christo
2690 583 3007 648 convenire,
3035 590 3089 637 et
3112 582 3184 636 ait
3223 580 3490 637 :Eliamsi

234 683 323 733 ὅτι
353 681 417 734 El.
447 680 544 733 καὶ
573 680 666 744 τὸ,
697 682 899 734 Πάντα
926 678 1246 744 ὑπέταξεν,
1275 677 1419 732 οὕτω
1467 676 1820 748 δοκεῖ’ἁρμό-

238 769 360 833 ζειν
394 768 567 837 αὐτῷ,
596 769 777 823 καίτοι
810 767 1094 840 ἐδείξαμεν
1136 769 1219 822 ὅτι
1269 768 1488 832 πάντως
1534 766 1629 822 καί
1660 764 1822 820 τοῦτο

239 863 560 932 ἐκϐήσεται.
597 860 743 916 Ἀλλ’
759 857 855 915 οὖν
882 861 970 925 τὸ,
994 859 1181 932 Βραχῦ
1222 878 1277 914 τι
1306 859 1651 932 ἠλαττῶσθαι
1690 861 1822 931 παρ’

240 953 538 1023 ἀγγέλους,
569 952 748 1024 τούτῳ
777 953 1009 1024 ἁρμόζει
1037 952 1071 1025 ἦ
1108 954 1241 1021 ἡμῖν
1273 952 1339 1006 ’⁸.
1377 952 1487 1006 Καὶ
1522 951 1632 1024 γὰρ
1664 954 1699 1006 δ
1726 953 1824 1023 μὲν

238 1049 395 1115 τρεῖς
417 1046 632 1117 ἡμέρας
659 1044 897 1114 γεγωῶς
919 1046 977 1099 ἐν
992 1044 1070 1116 τῷ
1092 1045 1196 1120 ᾄδῃ
1222 1045 1297 1108 ὡς
1325 1044 1630 1117 ἄνθρωπος,
1653 1043 1825 1117 βραχῦ

242 1137 560 1209 ᾒλάττωται
578 1136 689 1191 τῶν
721 1136 990 1207 ἀγγέλων,
1015 1137 1111 1191 ἆτε
1145 1137 1388 1207 μηδόλως
1418 1136 1650 1191 θανάτου
1681 1138 1825 1191 ὐπα-

242 1230 503 1300 γομένων
540 1230 798 1283 ἐκείνων*
832 1231 995 1300 ἡμεῖς
1039 1229 1096 1283 δὲ
1142 1230 1245 1302 ἐπὶι
1278 1229 1412 1285 πολὺ
1455 1231 1823 1301 φθειρόμενοι,

244 1322 312 1375 οὐ
349 1320 551 1391 βραχὺ,
604 1321 742 1374 ἀλλὰ
788 1320 1049 1390 πάμπολυ
1087 1320 1266 1374 αὐτῶν
1298 1320 1683 1392 ἠλαττώμεθα.
1717 1322 1829 1376 Καὶ

245 1413 333 1477 τὸ,
384 1414 541 1481 Δόξῃ
571 1414 669 1468 καὶ
712 1412 855 1482 τιμῇ
887 1411 1344 1482 ἐστεφανῶσθαι
1386 1413 1484 1467 διὰ
1530 1414 1599 1469 τὸ
1640 1413 1834 1480 πάθος

248 1505 449 1576 ἐκείνῳ
472 1506 672 1574 μᾶλλον
693 1505 945 1577 ἁρμόζει,
964 1505 999 1576 ἢ
1026 1506 1178 1575 ἡμῖν.
1204 1505 1455 1575 Πάθημα
1474 1505 1543 1559 δὲ
1570 1504 1831 1561 θανάτου

247 1596 448 1660 εἰπὼν,
480 1594 574 1648 τδν
629 1595 806 1665 ἀληθῆ
837 1596 1069 1650 θάνατον
1103 1595 1392 1668 ἐδήλωσεν.
1435 1597 1511 1651 Οὖ
1560 1596 1833 1667 φαντασία

246 1689 362 1759 γὰρ
398 1688 653 1753 θανάτου,
680 1688 816 1742 ἀλλὰ
846 1688 1076 1759 πάθημα
1100 1686 1168 1761 ἦν
1199 1690 1421 1760 ἐνεργόν
1438 1689 1504 1742 ’⁸.
1529 1689 1831 1762 Ἀνέμνησε

254 1782 318 1833 δὲ
348 1780 446 1835 τοῦ
482 1781 717 1853 σταυροῦ
754 1781 846 1835 καὶ
880 1780 971 1836 τοῦ
1002 1781 1259 1846 θανάτου,
1307 1783 1394 1836 ἵνα
1430 1782 1596 1856 πείσῃ
1634 1783 1832 1846 αὐτοὺς

1920 677 2073 744 illud,
2117 678 2316 735 O'nmia
2345 676 2634 748 sulijecisti,
2682 676 2922 732 nondum
2953 673 3202 731 videatur
3222 672 3327 743 ipsi
3356 686 3496 745 qua-

1922 771 2105 834 drare,
2125 770 2273 842 atqui
2301 770 2730 827 monstravimus
2762 767 2987 824 omnino
3011 766 3115 821 hoc
3142 774 3492 820 eventurum.

1923 866 1990 919 Αι
2029 877 2161 920 vero
2192 863 2359 930 illud,
2375 877 2574 933 parum
2590 861 2849 933 quiddam
2885 859 2955 917 ab
2983 859 3194 930 angelis
3239 856 3499 912 imminuv

1925 967 2040 1011 tum
2074 971 2216 1019 esse,
2254 953 2386 1010 huic
2433 953 2615 1025 potius
2645 953 2899 1009 convenit
2961 966 3126 1023 quam
3166 950 3328 1006 nobis
3365 956 3503 1017 :__et-

1927 1051 2074 1110 enim
2129 1047 2221 1105 ille
2278 1047 2520 1103 triduum
2582 1043 2724 1116 apud
2758 1043 2965 1102 inferos
3012 1050 3386 1099 commoratus
3438 1051 3499 1097 ut

1929 1141 2112 1204 homo,
2141 1137 2423 1212 paululum
2463 1134 2693 1190 inferior
2729 1133 2906 1189 factus
2946 1141 3031 1190 est
3061 1131 3294 1204 angelis,
3324 1145 3498 1198 quam

1930 1232 2222 1302 doquidem
2245 1231 2409 1303 669
2430 1229 2506 1284 illi
2534 1242 2759 1298 prorsus
2787 1241 2897 1281 nou
2910 1225 3028 1282 sint
3053 1224 3281 1281 obnoxii
3315 1222 3502 1279 morti.

1929 1324 2042 1380 Nos
2076 1337 2204 1378 vero
2239 1322 2329 1393 qui
2361 1329 2421 1376 ut
2452 1319 2743 1392 plurimum
2777 1317 3119 1387 corruptioni
3176 1330 3367 1373 sumus
3398 1314 3504 1370 ob-

1934 1416 2103 1481 noxii,
2141 1414 2284 1468 haud
2301 1428 2491 1484 parum
2519 1420 2687 1477 certe,
2714 1410 2809 1467 sed
2827 1409 3053 1466 omnino
3074 1409 3506 1477 multumaange-

1934 1505 2001 1561 lis
2021 1520 2213 1561 sumus
2241 1503 2551 1559 inferiores.
2576 1502 2772 1558 Glbria
2793 1516 2956 1572 porro
2987 1509 3036 1556 et
3052 1501 3248 1555 honore
3276 1514 3505 1554 corona.-

1935 1610 2045 1653 tum
2088 1613 2200 1653 esse
2231 1606 2445 1666 propter
2490 1596 2814 1665 passionem,
2849 1593 2925 1648 illi
2989 1596 3164 1662 magis
3223 1589 3507 1651 convenit,

1935 1705 2099 1761 quam
2135 1689 2316 1746 nobis.
2360 1688 2556 1742 Dicens
2582 1695 2787 1751 autem,
2830 1685 3131 1757 passionem
3162 1682 3370 1745 mortis,
3417 1696 3511 1735 ve-

1936 1799 2051 1838 ram
2088 1790 2321 1837 mortcm
2348 1779 2630 1836 indicavit.
2678 1775 2796 1833 Non
2831 1777 2976 1836 enim
3012 1788 3152 1830 vana
3185 1771 3379 1827 mortis
3417 1785 3515 1840 ap,-

250 1872 523 1936 γενναίως
579 1843 767 1944 φέρειν
815 1873 914 1936 τὰς
964 1872 1197 1943 θλίψεις,
1240 1843 1317 1939 είς
1371 1874 1464 1927 τὸν
1504 1843 1835 1928 Διδάσκαλον

1955 1873 2137 1943 paritio
2180 1871 2306 1937 fuit,
2339 1870 2437 1927 sed
2472 1869 2655 1939 passio
2706 1881 2956 1937 operosa.
3014 1862 3262 1924 Meminit
3327 1868 3511 1916 autem

254 1966 602 2036 ἀφορῶντας.
643 1964 807 2021 Ἀλλὰ
846 1967 942 2021 καὶ
965 1966 1112 2032 δόξα,
1146 1967 1302 2038 φησὶ,
1338 1966 1435 2020 καὶ
1460 1965 1593 2038 τιμὴ
1617 1967 1646 2020 6
1672 1984 1839 2020 σταυ-

258 2057 357 2125 ρὸς
411 2056 605 2127 ἐκείνῳ
639 2056 903 2125 γέγονεν·
948 2057 1147 2112 οὐκοῦν
1194 2057 1290 2111 καὶ
1335 2057 1468 2128 ὑμῖν
1515 2058 1571 2112 αἱ
1603 2055 1835 2127 θλίψεις,

254 2150 354 2201 καὶ
386 2149 457 2201 τὰ
486 2149 656 2219 πάθη.
680 2150 746 2203 Τί
778 2145 873 2204 οὖν
905 2150 1223 2221 ἁποπηδᾶτε
1255 2150 1364 2204 τῶν
1391 2149 1836 2220 στεφανούντωνς

268 2241 517 2305 Ἐκεῖνος
545 2242 684 2313 ὑπὲρ
709 2241 805 2296 σοῦ
828 2242 924 2297 τοῦ
957 2242 1148 2297 δούλου
1174 2241 1344 2298 επαθε
1363 2259 1379 2275 ·
1409 2244 1474 2298 σὺ
1504 2242 1646 2315 ὑπὲρ
1673 2242 1841 2299 αὑτοῦ

256 2333 366 2387 σῦκ
390 2333 564 2408 ἀνέχῃ
583 2333 835 2405 Θλιδῆναι
866 2334 961 2390 τοῦ
997 2334 1308 2402 Δεσπότου;

337 2602 543 2670 Ὅπως
567 2602 762 2673 χάριτι
802 2603 951 2659 Θεοῦ
984 2602 1136 2673 ὑπὲρ
1165 2603 1394 2671 παντὸς
1417 2604 1706 2674 γεύσηται
1738 2608 1844 2662 θα-

264 2696 480 2750 νάτου.
513 2696 588 2750 Οὐ
623 2695 732 2768 τὰρ
781 2696 1013 2766 ὀφείλων
1046 2697 1180 2768 ἡμῖν
1227 2699 1255 2752 6
1283 2697 1440 2762 Θεὸς,
1476 2697 1610 2752 ἀλλὰ
1659 2698 1845 2770 χάριτι

264 2790 361 2840 τὸν
388 2787 518 2842 Υἰὸν
565 2787 734 2842 αὐτοῦ
766 2781 972 2841 ἔδωκεν
1009 2789 1089 2850 είς
1122 2789 1373 2853 θάνατον,
1411 2790 1509 2860 οὐχ
1566 2789 1708 2861 ὑπὲρ
1736 2790 1846 2843 τῶν

266 2881 482 2936 πιστῶν
513 2881 569 2937 δὲ
601 2881 781 2953 μόνον,
808 2881 921 2935 ἀλλ’
953 2883 1093 2954 ὑπὲρ
1122 2881 1220 2951 τῆς
1248 2882 1573 2953 οἰκουμένης
1605 2882 1844 2953 ἁπάσης.

267 2975 337 3027 Εἰ
367 2973 478 3045 γὰρ
508 2973 602 3028 καὶ
638 2973 714 3045 μὴ
761 2973 963 3036 πάντες
994 2973 1297 3046 ἐσώθησαν,
1331 2973 1449 3030 ἀλλ’
1495 2974 1657 3039 αὐτός
1695 2992 1760 3042 γε
1785 2976 1848 3028 τὸ

268 3065 441 3117 αὐτοῦ
493 3065 846 3136 πεπλήρωκε.
903 3066 1098 3129 Καλῶς
1149 3065 1206 3118 δὲ
1260 3061 1380 3119 εἷπε
1416 3066 1484 3132 ’⁸,
1538 3067 1846 3135 γεύσηται.

1938 1964 2123 2022 crucis
2150 1971 2205 2020 et
2242 1962 2461 2027 mortis,
2514 1968 2571 2015 ut
2608 1958 2941 2031 persuadeat
2963 1956 3045 2012 eis
3073 1968 3339 2027 generose
3369 1953 3515 2008 ferre

1941 2051 2286 2120 amictiones,
2340 2052 2409 2106 ad
2453 2048 2848 2121 Prseceptorem
2933 2046 3122 2100 ocidos
3198 2039 3508 2110 deligendo:

1940 2146 2084 2212 Quin
2119 2144 2286 2201 etiam
2319 2141 2515 2214 gloria,
2548 2138 2750 2212 inquit,
2779 2143 2835 2197 et
2862 2135 3041 2191 honor
3076 2146 3224 2189 crux.
3255 2130 3331 2186 illi
3361 2129 3463 2184 luit
3494 2145 3529 2184 ε·

1941 2233 2175 2308 proinde
2200 2239 2256 2288 et
2282 2231 2440 2288 vobis
2490 2240 2749 2286 aerumnae
2773 2233 2828 2281 et
2862 2223 3142 2280 cruciatus
3189 2223 3245 2279 iu
3278 2219 3523 2293 gloriam.

1942 2326 2161 2382 cedent.
2199 2321 2343 2390 Quid
2386 2321 2554 2393 igitur
2578 2317 2808 2376 resilitis
2836 2316 2905 2371 ab
2965 2314 3053 2374 his
3080 2326 3202 2384 quia
3254 2324 3530 2367 coronam

1945 2417 2207 2489 pariunt?
2231 2417 2328 2473 Ille
2358 2431 2456 2488 pro
2489 2424 2543 2471 te
2575 2428 2734 2471 servo
2756 2427 2953 2484 passus
2983 2420 3090 2475 est,
3137 2416 3196 2464 tu
3233 2420 3365 2464 vero
3418 2420 3529 2477 pro

1945 2511 2064 2582 ipso
2094 2508 2327 2565 Domino
2361 2518 2455 2562 tuo
2481 2506 2774 2577 aﬂligi_‘non
2807 2504 3049 2561 sustines
3074 2500 3100 2557 Ἰ

2020 2602 2087 2658 Ut
2108 2603 2283 2674 gratia
2316 2600 2413 2656 Dei
2437 2615 2533 2670 pro
2557 2597 2798 2655 omnibus
2819 2603 3058 2668 gustaret
3087 2600 3334 2647 mortem.
3376 2587 3521 2644 Deus

1947 2694 2092 2752 enim
2114 2709 2222 2749 non
2243 2708 2308 2748 ex
2328 2691 2531 2753 debito,
2552 2690 2646 2746 sed
2666 2704 2731 2745 ex
2756 2686 2932 2759 gratla
2953 2684 3145 2740 Filium
3166 2696 3326 2737 suum
3350 2679 3512 2734 nobis

1947 2787 2097 2843 dedit
2130 2787 2182 2841 in
2214 2793 2470 2847 mortem,
2490 2798 2599 2837 non
2632 2795 2730 2852 pro
2752 2777 3004 2834 ﬁdelibus
3039 2782 3274 2841 tantum,
3302 2771 3395 2827 sed
3422 2786 3521 2842 pro
3631 2805 3635 2809 ν

1949 2880 2208 2936 universo
2241 2885 2512 2933 terrarum
2546 2873 2699 2929 orbe.
2726 2871 2844 2927 Etsi
2865 2871 3012 2926 enim
3041 2882 3233 2923 omnes
3263 2879 3372 2919 non
3395 2872 3525 2918 sunt

1951 2973 2175 3041 servati,
2208 2971 2326 3043 ipse
2360 2979 2540 3024 tamen
2575 2965 2720 3037 quod
2753 2964 2837 3020 sui
2871 2963 3038 3020 ofllcii
3092 2972 3213 3021 erat
3252 2964 3520 3035 implevit.

1952 3056 2185 3125 Pulchre
2221 3071 2405 3118 autem
2439 3061 2601 3121 dixit.
2635 3070 2896 3133 gustaret.
2952 3056 3085 3113 Nam
3134 3057 3306 3112 veluti
3340 3070 3525 3112 revera

272 3153 491 3222 Ὠσπερ
515 3153 622 3225 γὰρ
649 3154 819 3217 ὅντως
844 3154 1311 3225 ἀπογευσάμενος,
1338 3153 1482 3209 οὕτω
1529 3155 1725 3227 μικρὸν
1756 3156 1847 3209 καὶ

1955 3167 2248 3231 gustasset,
2282 3154 2386 3218 sic,
2424 3152 2635 3207 modica
2662 3153 2715 3206 in
2747 3159 2920 3205 morte
2953 3148 3093 3205 facta
3121 3165 3300 3209 mora.
3343 3148 3521 3220 proti-

273 3247 337 3298 ἐν
386 3245 466 3316 τῷ
515 3246 731 3317 θανάτῳ
777 3249 1006 3316 ποιήσας
1033 3247 1330 3318 διάστημα,
1383 3247 1586 3311 εὐθέως
1624 3248 1847 3319 ἀνέστη.

275 3339 450 3393 ’Ὅθεν
477 3339 575 3394 καὶ
624 3340 767 3395 κατὰ
794 3340 957 3395 τοῦτο
1009 3341 1277 3413 κρείττων
1313 3341 1421 3395 τῶν
1448 3342 1716 3411 ἀγγέλων,
1771 3343 1852 3396 ὃτι

274 3427 554 3498 ἀνώτερος
590 3430 823 3485 θανάτου
856 3431 1094 3504 ἐδείχθη.
1120 3433 1333 3504 Ὥσπερ
1367 3433 1475 3504 γὰρ
1513 3432 1697 3504 ίατρδς
1746 3452 1851 3487 πα-

282 3522 740 3592 ρεσκευασμένων
775 3522 961 3576 σιτίων
999 3523 1144 3593 δρῶν
1177 3524 1269 3577 τὸν
1321 3524 1600 3592 ἄρῤωστον
1644 3524 1855 3578 δεδιότα

279 3613 716 3682 ἀπογεύσασθαι,
733 3616 896 3678 αὐτὸς
922 3617 1184 3687 πρότερον
1206 3617 1558 3684 ἀπογεύεται,
1584 3615 1670 3670 ίνα
1692 3617 1856 3689 πείσῃ

280 3707 558 3779 θαῤῥῆσαι
587 3707 683 3761 τὸν
725 3708 1010 3779 ἆρῥωστον
1039 3709 1140 3778 τὴν
1189 3707 1525 3779 μετάληψιν·
1582 3708 1728 3763 οὕτω
1765 3714 1858 3766 καὶ

279 3801 313 3852 ό
340 3798 545 3870 Κύριος
590 3798 732 3871 ὁρῶν
761 3800 911 3870 ἡμᾶς
935 3799 1180 3865 δεδιότας
1207 3799 1300 3853 τὸν
1338 3802 1585 3868 θάνατον,
1619 3803 1857 3872 ἀπεγεύ-

284 3908 419 3945 σατο
448 3891 660 3956 τούτου,
692 3892 874 3946 καίτοι
909 3892 984 3964 μὴ
1017 3892 1157 3963 ἔχων
1194 3892 1462 3965 ἀνάγκην.
1494 3894 1569 3947 Οὐ
1604 3894 1714 3964 γὰρ
1750 3896 1857 3949 ὑπ-

284 3985 468 4037 έκειτο
499 3983 695 4055 τούτῳ,
722 3984 860 4038 ἀλλὰ
901 3984 1061 4056 χάρις
1092 3984 1154 4037 τὸ
1188 3983 1308 4039 ὅλον
1328 3980 1419 4057 ἦν,
1459 3985 1536 4050 ὡς
1585 3987 1654 4041 ἂν
1680 3986 1858 4055 δείξας

284 4080 347 4134 τὸ
380 4080 547 4151 μηδὲν
573 4081 723 4146 ὄντα,
747 4080 914 4155 πείσῃ
937 4080 1308 4154 καταθαρῤεῖν
1338 4081 1532 4137 τούτου
1563 4084 1658 4138 καὶ
1688 4084 1857 4156 ἡμᾶς.

285 4175 354 4229 Ol
386 4173 444 4226 δὲ
468 4174 820 4246 Νεστοριανοὶ
854 4173 1291 4246 παραποιΟὖντες
1321 4174 1420 4247 τὴν
1449 4175 1674 4248 Γραφήν
1696 4194 1858 4247 φασι·

288 4266 477 4336 Χωρὶς
507 4266 641 4320 Θεοῦ
670 4266 812 4338 ὑπὲρ
840 4265 1040 4331 παντὸς
1054 4266 1352 4337 γεύσηται,
1381 4268 1467 4321 ἵνα
1501 4252 1863 4340 συστῆσωσιν,

287 4358 374 4411 δτι
406 4357 807 4430 ἑσταυρωμένῳ
827 4356 907 4427 τῷ
927 4355 1148 4427 Χριστῷ
1177 4357 1237 4410 οὐ
1270 4356 1488 4428 συνῆνή
1522 4357 1734 4428 θεότης,
1769 4359 1865 4414 ἆτε

292 4451 373 4521 μὴ
401 4449 522 4503 καθ’
545 4448 845 4504 ὑπόστασιν
874 4450 1023 4520 αὐτῷ
1061 4449 1339 4521 ἡνωμένη,
1392 4449 1529 4504 ἀλλὰ
1560 4452 1701 4505 κατά
1741 4452 1868 4521 σχέ-

292 4560 400 4597 σιν.
430 4544 575 4615 Πρὲς
596 4543 689 4608 οὓς
726 4543 1007 4614 όρθόδοξός
1046 4560 1130 4607 τις
1164 4544 1449 4614 χλευάζων
1482 4543 1582 4614 τὴν
1609 4545 1868 4616 ἀνοησίαν

293 4635 476 4689 αὐτῶν
505 4629 693 4703 εἷπεν,
719 4636 803 4690 ὅτι
867 4636 1090 4707 Ἐχέτω,
1142 4634 1218 4699 ὣς
1260 4652 1417 4705 φατε,
1444 4637 1479 4707 ἡ
1523 4635 1739 4706 Γραφὴ,
1772 4637 1868 4692 καὶ

290 4727 466 4790 οὕτως
497 4721 589 4781 οὖν
621 4728 762 4799 ὑπὲρ
786 4727 942 4798 ἡμῶν
976 4728 1092 4781 ἔστι
1126 4728 1187 4780 τὸ
1208 4728 1518 4798 λεγόμενον.
1546 4728 1730 4795 Χωρὶς
1756 4728 1867 4799 γὰρ

293 4817 453 4879 Θεοῦ,
494 4819 637 4890 ὑπὲρ
689 4819 891 4883 παντὸς
936 4820 1098 4874 ἄλλου
1134 4819 1405 4873 ἀπέθανεν
1434 4820 1462 4872 ὁ
1509 4819 1735 4891 Κύριος,
1772 4818 1868 4872 καὶ

294 4909 440 4981 ὑπὲρ
468 4909 577 4963 τῶν
604 4908 855 4980 ἀγγέλων
898 4910 1100 4976 αὐτῶν,
1133 4910 1222 4965 ⁶ἱνα
1262 4909 1398 4983 λύσῃ
1420 4911 1519 4979 τὴν
1551 4911 1690 4983 πρὸς
1718 4911 1867 4982 ἡμᾶς

294 5001 501 5073 ἔχθραν
529 5002 728 5069 αὐτῶν,
762 5001 858 5055 καὶ
887 5001 1064 5073 χαρὰν
1097 5002 1279 5067 αὐτοῖς
1307 5003 1758 5073 περιποιήσηται.

370 5179 638 5249 Ἐπρεπε
666 5180 777 5251 γὰρ
814 5178 994 5246 αὐτῷ,
1027 5179 1102 5235 δι’
1125 5180 1198 5235 δν
1227 5181 1299 5236 τὰ
1338 5181 1555 5236 πάντα.
1584 5181 1868 5246 Τουτὲστι,

293 5275 375 5346 τῷ
414 5275 623 5339 Πατρί·
656 5274 725 5327 δι’
754 5273 915 5328 αὑτὸν
939 5273 996 5327 δὲ
1024 5272 1093 5327 τὰ
1133 5274 1333 5342 πάντα,
1372 5273 1671 5340 τουτέστιν,
1708 5274 1871 5339 αὐτὸς

293 5366 474 5427 αἴτιος
513 5365 755 5418 πάντων.

369 5454 482 5510 Kal
515 5456 589 5509 δι’
622 5451 695 5512 οὗ
727 5456 800 5511 τὰ
833 5454 1050 5511 πάντα.
1080 5455 1223 5525 ’Ὅρα
1254 5455 1337 5518 τὸ,
1375 5454 1450 5508 δι’
1488 5450 1582 5520 οὗ,
1626 5456 1719 5509 ἐπὶ
1758 5456 1871 5508 II:-

290 5548 425 5621 τρὸς
458 5538 731 5619 κείμενον.
755 5551 872 5605 Οὐκ
910 5552 977 5605 ἂν
1000 5550 1079 5618 δὲ,
1106 5551 1156 5604 εί
1182 5549 1533 5615 ἐλαττώσεως
1551 5547 1643 5625 ἢν,
1677 5550 1769 5605 καὶ
1794 5548 1874 5621 τῷ

1958 3268 2060 3308 ιιιιε
2094 3248 2413 3306 resurrexit.
2454 3244 2612 3301 Unde
2637 3252 2690 3300 et
2717 3243 3019 3301 secundum
3055 3244 3158 3299 hoc
3180 3242 3529 3313 praestantior

1955 3357 2039 3407 est
2069 3343 2300 3414 angelis,
2331 3341 2591 3411 quoniam
2617 3339 2869 3408 superior
2899 3346 3076 3392 morte
3115 3335 3529 3392 demoustratus

1954 3447 2058 3494 est.
2096 3435 2328 3492 Perinde
2352 3433 2499 3488 enim
2528 3445 2593 3485 ac
2621 3430 2866 3485 medicus
2888 3427 3332 3485 animadverteus
3356 3443 3530 3498 aegro.

1956 3539 2070 3585 tum
2121 3534 2454 3582 metuentem
2508 3529 2843 3594 praeparatos
2874 3520 2977 3575 sibi
3008 3519 3163 3576 cibos
3217 3520 3529 3589 degustare,

1959 3623 2075 3694 ipse
2101 3623 2253 3694 prior
2296 3619 2574 3689 degustat,
2624 3615 2712 3670 uti.
2761 3621 2965 3684 a‘groto
3011 3612 3272 3668 audacter
3314 3626 3534 3668 sumere

1957 3711 2305 3787 persuadeat,
2348 3709 2496 3765 hunc
2523 3705 2590 3762 ad
2621 3704 2842 3760 modum
2877 3702 3160 3768 Dominus,
3205 3701 3396 3758 videns
3432 3716 3534 3757 nos

1959 3816 2201 3863 metuere
2240 3810 2496 3868 mortem,
2527 3799 2764 3872 gustavit
2790 3812 2935 3863 eam,
2966 3795 3095 3852 licet
3130 3796 3281 3852 nulla
3338 3808 3529 3851 neces-

1961 3899 2123 3959 sitate
2145 3905 2431 3968 urgeretur
2463 3912 2478 3950 :
2524 3910 2632 3951 non
2666 3893 2813 3950 enim
2843 3890 2918 3946 illi
2954 3889 3209 3946 subditus
3260 3894 3400 3952 erat,
3432 3884 3529 3942 sed

1962 4000 2139 4047 totum
2169 4006 2233 4045 ex
2258 3986 2433 4060 gratia
2458 3986 2590 4058 egit,
2624 3991 2683 4039 ut
2703 3998 2828 4039 cum
2854 3980 3191 4037 ostendisset
3222 3993 3344 4035 eam
3378 3977 3535 4032 nihili

1963 4098 2109 4148 esse,
2138 4078 2464 4153 persuadeat
2492 4078 2657 4132 etiam
2686 4075 2844 4132 nobis
2902 4073 3169 4130 adversus
3199 4070 3347 4126 illam
3401 4084 3540 4126 con-

1967 4173 2152 4229 lidere.
2191 4168 2496 4228 Nestoriani
2546 4179 2725 4227 autem
2767 4165 3134 4237 depravantes
3169 4161 3538 4232 Scripturam,

1966 4266 2189 4322 dicunt:
2213 4262 2285 4323 Ut
2307 4263 2512 4334 absque
2534 4258 2665 4323 Deo,
2691 4274 2790 4330 pro
2813 4257 3007 4328 quouis
3023 4262 3266 4326 gustaret
3287 4263 3537 4318 mortem,
3649 4280 3652 4283 λ

1970 4364 2030 4413 ιιι
2053 4355 2284 4426 probent
2306 4350 2573 4407 cruciﬂx‘o
2608 4348 2831 4404 Christo
2859 4361 2967 4402 non
2999 4344 3246 4401 adfuisse
3284 4342 3543 4399 divinita-

1971 4457 2103 4512 tem,
2142 4452 2202 4500 ut
2230 4459 2354 4515 qua
2380 4440 2679 4498 secundum
2711 4453 3002 4510 personam
3030 4437 3080 4491 ei
3106 4437 3255 4490 unita
3284 4449 3402 4491 non
3424 4432 3543 4488 fue-

1900 4516 1947 4575 Ι)
1976 4538 2070 4605 rit,
2105 4534 2203 4592 sed
2233 4532 2538 4590 secundum
2570 4530 2842 4586 habitum.
2901 4528 3146 4594 Quorum
3172 4523 3540 4594 insipientiam

1975 4626 2317 4685 orthodoxus
2351 4622 2626 4694 quispiam
2661 4620 2844 4677 ridens
2876 4619 3072 4679 :Esto.
3120 4614 3318 4687 inquit,
3353 4614 3427 4670 ita
3482 4630 3545 4669 se

1976 4720 2175 4775 habeat
2193 4716 2499 4788 Scriptura,
2525 4721 2584 4768 ut
2606 4711 2825 4779 dicitis;
2850 4724 2951 4783 pro
2971 4708 3332 4764 nobistamen
3360 4703 3446 4759 vel
3466 4704 3547 4758 sic

1976 4814 2083 4870 erit
2113 4811 2259 4884 quod
2288 4810 2511 4865 dicitur.
2535 4807 2647 4864 Deo
2701 4804 2849 4863 enim
2909 4803 3153 4873 dempto,
3201 4814 3302 4871 pro
3349 4799 3547 4870 quovis

1966 4907 2082 4963 alio
2103 4913 2338 4960 mortem
2352 4901 2491 4959 obiit
2516 4898 2986 4968 Dominnsgetiam
3020 4910 3121 4968 pro
3149 4891 3357 4965 angelis
3385 4889 3544 4961 ipsis.

1978 5006 2040 5052 ut
2068 4995 2407 5051 inimicitiam
2431 5007 2626 5048 eorum
2649 5004 2777 5060 erga
2808 5004 2912 5045 nos
2930 4988 3275 5052 solveret,“
3302 4981 3547 5038 laetitiam

1978 5088 2112 5160 ipsis
2139 5086 2473 5156 acquireret.

2050 5178 2210 5248 Vatis.
2248 5177 2335 5234 10.
2360 5173 2585 5231 Docebat
2611 5173 2752 5229 enim
2799 5171 2993 5243 ipsum,
3021 5178 3233 5239 propter
3249 5180 3401 5235 quem
3430 5178 3548 5217 ont-

1975 5274 2087 5328 uia.
2116 5270 2231 5326 Hoc
2249 5280 2363 5337 εει,
2390 5268 2607 5325 Patrem
2648 5285 2663 5323 :
2719 5270 2947 5337 prapter
2981 5263 3158 5332 ipsum
3213 5264 3393 5312 autem
3431 5269 3550 5310 om-

1974 5363 2085 5427 nia,
2117 5363 2220 5418 hoc
2247 5370 2354 5429 est,
2372 5360 2488 5431 ipse
2507 5368 2594 5417 est
2610 5365 2802 5412 auctor
2823 5355 3089 5409 omnium.

2054 5454 2121 5509 Et
2151 5470 2241 5520 per
2267 5467 2420 5523 quem
2463 5450 2663 5505 omnia.
2708 5442 3118 5506 Animadverte,
3143 5456 3243 5512 per
3268 5455 3442 5511 quem,
3480 5437 3549 5493 ad

1980 5546 2197 5603 Patrem
2216 5543 2469 5600 relatum.
2488 5540 2623 5596 Nam
2653 5538 2699 5596 si
2731 5532 3132 5593 imminutionis
3158 5540 3320 5598 esset,
3340 5528 3561 5600 solique

1659 5725 1860 5790 Varias
1899 5725 2235 5788 lectiones.

374 5823 424 5857 ’³
456 5825 656 5898 μᾶλλον
678 5827 735 5901 ἢ.
809 5830 853 5865 ³³
881 5831 972 5886 καὶ
1006 5828 1166 5903 ἔργον
1201 5845 1254 5888 o.
1330 5831 1376 5864 ¹⁶
1407 5827 1583 5895 καλῶς
1608 5828 1663 5883 δὲ
1691 5827 1791 5883 οὐκ
1826 5822 1998 5895 εἶπεν,
2025 5825 2289 5895 ἀποθάνῃ,
2320 5820 2457 5878 ἀλλὰ
2482 5820 2746 5891 γεύσηται
2786 5833 2840 5873 o.
