3918 6576
415 343 524 406 215

1323 347 1898 411 THEOPHYLACTI
1937 349 2349 411 BULGARLE
2373 351 2727 413 ARCHIEP.

3571 350 3678 415 216

419 459 649 530 primam
713 455 862 512 illam
966 456 1390 516 inobedientiam
1450 460 1704 518 homines
1772 477 1999 533 peccare

2118 464 2338 536 Ἐπειδὴ
2371 464 2482 536 γὰρ
2514 466 2852 538 ἁμαρτάνειν
2899 465 3072 520 ἐποίει
3114 465 3243 530 τοὺς
3265 465 3586 536 ἀνθρώπους
3612 469 3678 520 ἐκ

419 550 568 616 fecit,
621 549 738 621 ipse
788 549 892 605 fuit
925 550 1020 620 qui
1075 559 1304 608 mortem
1351 552 1620 618 condidit,
1675 553 1794 623 ipsa
1831 552 1997 609 veluti

420 642 588 697 milite
661 656 728 698 ac
796 641 1030 699 fortibus
1101 644 1268 698 armis
1370 646 1635 701 adversus
1700 645 1996 700 humanam

421 745 670 790 naturam
737 743 916 790 utens.
953 734 1065 792 llac
1118 736 1236 807 ipsa
1293 737 1460 809 igitur
1519 738 1778 796 Christus
1830 737 1994 794 etiam

420 842 552 882 usus
615 834 702 882 est
767 827 1035 882 adversus
1098 827 1274 882 illum.
1343 828 1500 896 Quod
1561 844 1750 885 revera
1816 830 1998 883 multae

419 912 672 987 potentia:
726 931 791 972 ac
863 918 1143 988 sapientia:
1215 919 1354 983 fuit,
1443 919 1698 992 jugulare
1783 921 1994 976 hostem

419 1011 486 1066 iis
559 1012 749 1075 armis,
800 1010 1000 1080 quibus
1067 1012 1186 1082 ipse
1257 1013 1458 1069 multos
1519 1013 1997 1085 jugulabat.Qui-

418 1107 542 1159 dam
591 1113 771 1160 autem
822 1105 902 1160 sic
946 1105 1382 1163 intellexerunt:
1441 1106 1577 1161 Eum
1623 1107 1716 1177 qui
1765 1107 2000 1163 habebat

420 1213 724 1272 peccatum,
754 1201 1032 1272 inquiunt,
1064 1202 1170 1256 hoc
1220 1210 1328 1269 est,
1359 1203 1637 1259 diabolum
1671 1220 1686 1258 :
1714 1212 1996 1274 peccatum

415 1292 560 1346 enim
601 1303 684 1348 est
713 1291 981 1347 fortitudo
1021 1292 1298 1363 roburque
1331 1295 1545 1348 mortis.

489 1384 652 1441 Vsus.
691 1385 777 1439 15.
825 1385 892 1438 Et
929 1385 1174 1440 liberaret
1207 1403 1293 1441 eos
1318 1388 1408 1457 qui
1451 1388 1635 1441 timore
1666 1388 1852 1441 mortis
1907 1401 1998 1454 per

419 1485 587 1529 totam
641 1477 805 1530 vitam
841 1478 1060 1530 obnoxii
1123 1487 1276 1532 erant
1328 1479 1590 1533 servituti.
1633 1476 1749 1532 Hoc
1774 1487 1879 1544 est,
1938 1484 2000 1532 ut

417 1569 678 1624 liberaret
705 1569 977 1632 homines,
1011 1570 1107 1640 qui
1139 1571 1284 1625 servi
1317 1578 1476 1627 erant
1535 1573 1746 1638 mortis,
1779 1579 1994 1626 metue-

422 1661 664 1731 bantque
699 1661 802 1718 sibi
836 1661 906 1718 ab
937 1677 1025 1729 ea,
1063 1662 1252 1733 illique
1282 1664 1505 1719 obnoxii
1532 1671 1711 1730 erant,
1753 1664 1857 1720 hoc
1885 1672 1993 1731 est,

417 1751 623 1808 detenti
647 1754 913 1809 servitute
939 1771 1060 1825 qua:
1081 1755 1183 1809 sub
1206 1755 1321 1825 ipsa
1347 1763 1486 1818 erat,
1514 1765 1573 1810 ut
1607 1771 1726 1826 quae
1751 1755 1991 1811 nondum

417 1851 540 1896 erat
580 1843 863 1898 destructa
903 1863 917 1900 :
964 1846 1049 1900 vel
1081 1846 1210 1914 quia
1245 1847 1300 1900 in
1324 1847 1523 1902 timore
1555 1847 1818 1906 continuo
1849 1847 1994 1902 vive-

422 1936 554 1991 bant
594 1937 758 2006 prisci
795 1939 1074 2004 mortales,
1106 1955 1321 2010 semper
1351 1955 1472 1996 sese
1521 1956 1646 1996 mox
1698 1941 1996 1998 morituros

418 2038 823 2100 exspectantes.
886 2047 951 2088 ac
1008 2048 1120 2102 prae
1179 2033 1287 2090 ista
1319 2032 1611 2089 formidine
1658 2035 1866 2092 nullius
1901 2051 1997 2092 vo-

420 2121 644 2190 luptatis
706 2135 932 2176 seusum
987 2122 1240 2194 accipere
1306 2131 1626 2193 potuerunt.
1683 2124 1794 2180 Hoc
1849 2127 1994 2180 enim

419 2211 792 2280 adumbravit,
825 2229 951 2269 cum
983 2215 1124 2270 dixit
1155 2234 1170 2271 :
1208 2214 1314 2271 Per
1352 2227 1518 2271 totam
1547 2218 1732 2272 vitam.
1763 2217 1996 2273 Obnoxii

420 2305 611 2376 itaque
662 2313 824 2361 erant
857 2308 1132 2373 servituti,
1165 2309 1272 2365 hoe
1301 2320 1406 2376 est,
1443 2325 1659 2381 semper
1709 2310 1994 2375 timebant,

420 2410 520 2449 ceu
574 2396 718 2451 servi
750 2396 1035 2452 dominum
1060 2413 1340 2469 asperum,
1366 2399 1542 2470 ipsam
1588 2410 1840 2466 mortem,
1873 2400 1998 2454 nul-

422 2489 529 2542 Iam
565 2489 726 2559 plane
745 2489 1080 2560 voluptatem
1113 2508 1144 2547 e
1169 2507 1229 2547 re
1249 2493 1430 2562 aliqua
1452 2494 1828 2563 percipientes.
1856 2494 1998 2550 Hinc

421 2594 553 2634 vero
589 2579 806 2651 collige,
859 2583 1004 2651 quod
1046 2582 1095 2638 is
1129 2584 1224 2654 qui
1267 2593 1497 2639 mortem
1529 2586 1742 2650 metuit,
1803 2600 1999 2655 expers

422 2681 507 2726 cst
536 2671 804 2729 libertatis
835 2676 1191 2746 omniumque
1216 2691 1430 2731 servus.
1471 2677 1663 2738 Porro.
1690 2678 1835 2732 istud
1866 2677 2000 2732 fide-

423 2763 569 2818 libus
615 2759 830 2822 amictis
890 2775 976 2821 est
1027 2765 1266 2832 solatio:
1325 2766 1598 2836 siquidem
1641 2765 1718 2820 illi
1782 2767 1888 2821 acti
1943 2773 1998 2820 et

421 2859 737 2916 carceribus
787 2863 1085 2933 mancipati
1122 2862 1352 2918 liberius
1388 2877 1453 2916 ac
1486 2860 1786 2932 jucundius
1809 2862 2000 2916 vivunt

422 2964 588 3016 quam
629 2950 804 3020 ii,qui
838 2951 968 3005 olim
1003 2953 1235 3007 summis
1272 2953 1323 3006 in
1355 2951 1571 3008 deliciis
1605 2953 1770 3007 vitam
1799 2953 2001 3008 ducere

422 3040 780 3108 videbantur,
838 3044 1059 3113 quando
1103 3046 1318 3115 vigebat
1373 3062 1521 3104 mors
1567 3055 1622 3102 et
1659 3048 1805 3102 vires
1871 3062 2001 3103 suas

2101 557 2200 628 τῆς
2250 557 2479 630 πρώτης
2533 559 2752 630 ἐκείνης
2801 561 3110 630 παρακοῆς,
3151 558 3314 620 αὐτὸς
3369 554 3438 628 ἦν
3500 559 3532 612 ὁ
3586 557 3680 611 τὸν

2102 647 2334 703 θάνατον
2367 648 2805 721 δημιουργήσας,
2835 641 3027 720 ὥσπερ
3053 648 3160 702 τινὶ
3193 647 3503 720 στρατιώτῃ
3527 646 3678 716 αὐτῷ

2103 740 2198 795 καὶ
2240 741 2393 814 ὅπλῳ
2425 742 2634 813 ίσχυρῷ
2663 742 2946 814 χρώμενος
3000 741 3145 795 κατὰ
3184 741 3284 811 τῆς
3329 740 3680 812 ἀνθρωπίνης

2104 834 2342 904 φύσεως.
2385 835 2576 906 Τούτῳ
2602 834 2696 888 οὖν
2725 833 2877 904 αὐτῷ
2899 835 2930 888 δ
2978 832 3214 905 Χριστὸς
3252 834 3529 905 ἐχρήσατο
3557 833 3680 886 κατ’

2100 925 2294 982 αὑτοῦ.
2337 928 2404 979 '0
2455 927 2550 980 καὶ
2585 925 2664 995 τῷ
2718 925 2834 979 δντι
2872 923 3076 994 πολλῆς
3113 924 3399 995 δυνάμεως
3448 925 3546 979 καὶ
3594 939 3682 976 σο-

2103 1018 2256 1088 φίας,
2290 1016 2352 1071 τὸ
2383 1016 2586 1087 σφάξαι
2614 1017 2706 1070 τὸν
2733 1013 2927 1086 ἐχθρὸν
2957 1015 3048 1068 διὰ
3078 1013 3174 1068 τοῦ
3202 1013 3370 1067 ὅπλου
3397 1006 3442 1080 ᾧ
3469 1012 3680 1072 ἐκεῖνος

2102 1107 2333 1172 πολλοὺς
2388 1108 2684 1178 ἐσφαττεν.
2733 1106 2896 1171 Τινὲς
2947 1107 3007 1162 δέ
3058 1105 3231 1170 οὕτως
3263 1105 3492 1176 ἐνόησαν
3523 1121 3539 1136 ο
3577 1102 3685 1155 Τδν

2101 1202 2299 1272 ἔχοντα
2323 1201 2390 1264 ³’,
2432 1201 2588 1272 φασὶ,
2619 1201 2719 1268 τὴν
2762 1200 3064 1269 ἁμαρτίαν,
3112 1197 3400 1260 τουτέστι,
3429 1195 3520 1250 τὸν
3561 1195 3684 1249 διά-

2103 1293 2282 1356 ϐολον,
2311 1293 2433 1363 ἥτις
2463 1292 2582 1345 ἐστὶ
2614 1292 2817 1363 κράτος
2848 1293 2944 1345 καὶ
2975 1289 3128 1360 ἰσχὺς
3152 1288 3247 1342 τοῦ
3281 1287 3535 1340 Θανάτου.

2171 1384 2281 1438 Καί
2329 1382 2656 1451 ἀπαλλάξῃ
2711 1382 2962 1446 τούτους
3022 1380 3154 1434 ὅσοι
3217 1379 3379 1446 φόϐῳ
3418 1373 3685 1430 θανάτου

2100 1476 2200 1529 διὰ
2262 1475 2489 1540 παντὸς
2542 1474 2649 1528 τοῦ
2716 1471 2823 1541 ζῇν
2883 1472 3086 1540 ἔνοχοι
3147 1465 3312 1540 ἦσαν
3367 1466 3682 1530 δουλείας.

2104 1565 2416 1628 Τουτέστιν,
2471 1564 2558 1617 ἵνα
2609 1563 2953 1634 ἐλευθερώσῃ
3008 1563 3137 1625 τοὺς
3169 1558 3516 1630 ἀνθρώπους,
3562 1558 3683 1611 ὅσοι

2101 1652 2281 1722 δοῦλοι
2312 1648 2451 1722 ἦσαν
2489 1651 2586 1705 τοῦ
2626 1651 2884 1714 θανάτου,
2917 1652 3012 1704 καί
3042 1649 3336 1720 ἐφοϐοῦντο
3359 1647 3550 1708 αὑτὸν,
3590 1647 3686 1699 καὶ⁵

2103 1744 2280 1815 ἔνοχοι
2327 1745 2478 1814 αύτῷ
2503 1740 2664 1814 ἦσαν,
2696 1745 3000 1810 τουτέστιν,
3035 1743 3461 1812 ἐγκατεχόμενοι
3485 1742 3552 1809 τῇ
3590 1738 3686 1791 ὑπ’

2025 1813 2066 1868 Β
2101 1813 2266 1891 αύτδν
2311 1813 2548 1908 δουλείᾳ,
2609 1837 2705 1891 an
2766 1837 2990 1907 μηδέπω
3063 1833 3461 1890 καταλυθέντιο
3519 1833 3554 1903 ἢ
3601 1832 3686 1886 ὅτι

2101 1931 2252 2002 φόϐῳ
2305 1931 2546 2000 διηνεκεῖ
2599 1931 2840 1996 συνέζων
2889 1932 2938 1985 οι
3009 1930 3176 1983 πάλαι
3228 1927 3548 1998 ἄνθρωποι,
3597 1925 3688 1978 ἀεὶ

2099 2023 2458 2092 τεθνήξεσθαι
2497 2022 2934 2093 προσδοκῶντες,
2983 2020 3078 2074 καὶ
3116 2021 3207 2074 διὰ
3235 2021 3328 2073 τὸν
3361 2018 3527 2086 φόϐον
3556 2014 3686 2069 τοῦ-

2097 2131 2189 2167 τον
2245 2115 2502 2185 οὐδεμιᾶς
2565 2115 2760 2184 ἡδονῆς
2818 2114 3073 2184 αἴσθησιν
3141 2111 3327 2165 λαϐεῖν
3394 2109 3682 2180 ⁴πἰδύναντο.

2104 2205 2277 2258 Τοῦτο
2313 2205 2424 2274 γὰρ
2487 2203 2729 2276 ⁴ᾐνίξατο,
2793 2203 2893 2259 διὰ
2925 2202 3151 2269 παντὸς
3192 2202 3300 2257 τοῦ
3328 2199 3456 2268 ζεῖν,
3487 2199 3683 2252 εἰπών.

2104 2301 2320 2370 Ἔνοχοι
2353 2298 2446 2352 οὖν
2477 2293 2619 2369 ἦσαν
2649 2295 2923 2362 δουλείας,
2976 2295 3288 2360 τουτέστιν,
3314 2293 3402 2348 ἀεὶ
3429 2292 3684 2361 ἔτρεμον,

2098 2391 2176 2456 ὡς
2232 2391 2408 2446 δοῦλοι
2456 2390 2726 2458 δεσπότην
2779 2388 3000 2462 πικρὸν,
3038 2387 3129 2441 τὸν
3165 2386 3420 2449 θάνατον,
3462 2383 3684 2446 οὐδενὸς

2099 2483 2466 2546 ἀπολαύοντες
2495 2480 2754 2552 τερπνοῦ.
2790 2481 3073 2549 Συνάγαγε
3106 2480 3152 2512 ³³
3180 2480 3238 2533 δέ
3281 2477 3559 2541 ἐντεῦθεν,
3600 2476 3686 2531 ὅτι

2098 2577 2127 2629 ὁ
2159 2576 2389 2630 θάνατον
2441 2574 2714 2639 δεδοικὼς,
2769 2572 3126 2644 ἀνελεύθερος
3156 2571 3252 2625 καὶ
3293 2569 3511 2624 πάντων
3561 2566 3686 2622 δοῦ-

2098 2670 2210 2733 λος.
2273 2668 2632 2739 Παράκλησις
2679 2667 2776 2721 καὶ
2823 2666 2982 2720 τοῦτο
3039 2667 3154 2728 τοῖς
3201 2663 3543 2733 θλιϐομένοις
3589 2678 3684 2713 πι-

2103 2763 2272 2824 στοῖς,
2324 2760 2438 2830 εἴγε
2486 2761 2535 2813 oi
2582 2759 2935 2830 ἐλαυνόμενοι
2991 2757 3087 2812 νῦν
3144 2757 3242 2811 καὶ
3295 2754 3683 2825 δεσμούμενοι,

2101 2848 2532 2920 ἐλευθερώτερον
2578 2849 2828 2918 διάγουσι
2873 2848 2970 2904 καὶ
3019 2847 3168 2918 ἥδιον
3197 2846 3308 2901 τῶν
3353 2845 3527 2899 πάλαι
3555 2859 3688 2913 τρυ-

2103 2945 2210 3014 φᾷν
2233 2943 2552 3007 δοκούντων,
2592 2944 2680 2996 ὅτε
2717 2942 2902 3013 ίσχυεν
2935 2943 2963 2995 ὁ
2996 2939 3252 3004 θάνατος.
3308 2938 3546 2992 Ἐκεῖνοι
3580 2935 3685 3006 μέν

2102 3035 2212 3104 γὰρ
2243 3033 2320 3103 τῷ
2355 3015 2504 3104 φόϐῳ
2547 3034 2642 3088 τοῦ
2697 3033 2929 3089 θανάτου
2991 3031 3441 3102 κατασειόμενοι,
3498 3026 3681 3082 δοῦλοι

427 3131 732 3188 obtinebat.
785 3131 921 3188 Nam
979 3134 1055 3188 illi
1101 3135 1294 3191 mortis
1344 3143 1494 3190 metu
1538 3134 1824 3194 concussi.
1882 3149 1999 3189 ser-

2112 3121 2246 3198 ἦσαν
2267 3142 2279 3156 ·
2312 3127 2470 3197 ὑμεῖς
2499 3127 2558 3182 δὲ
2587 3125 2779 3180 τούτου
2809 3126 3186 3197 ἀπηλλάγητε.

425 3225 478 3279 vi
551 3235 710 3281 erant
777 3243 792 3280 :
863 3241 962 3282 vos
1031 3233 1216 3285 autem
1303 3227 1372 3282 ab
1425 3242 1490 3284 co
1567 3234 1716 3283 metu
1783 3225 2001 3282 liberati

425 3315 582 3372 estis.

508 3403 668 3461 Vens.
730 3405 818 3460 i6.
872 3404 1152 3477 Nusquam
1187 3407 1327 3461 enim
1373 3408 1587 3478 angelos
1636 3408 1999 3478 apprehendit.

429 3497 543 3554 lloc
598 3505 702 3560 est.
749 3512 856 3552 non
885 3497 1202 3567 angelorum
1238 3507 1490 3554 naturam
1541 3499 1864 3569 assumpsit,
1903 3514 2003 3554 ne-

426 3601 534 3658 que
562 3602 681 3642 cam
721 3587 975 3656 gestavit.
1021 3586 1134 3644 lloc
1178 3599 1358 3643 autem
1388 3590 1614 3645 multam
1641 3605 1767 3661 erga
1811 3591 2005 3644 buma-

429 3693 559 3731 uum
627 3693 800 3748 genus
849 3677 1172 3733 charitatem
1224 3677 1318 3733 Dei
1358 3679 1584 3736 indicat.
1636 3680 1793 3745 Quod
1857 3680 2001 3735 enim

427 3770 676 3840 angelis,
746 3771 960 3841 inquit,
1025 3787 1130 3827 non
1229 3773 1492 3835 donavit,
1578 3775 1681 3829 hoc
1763 3773 2005 3827 homini-

430 3865 532 3918 bus
594 3861 764 3927 dedit,
836 3869 897 3915 ut
954 3877 1019 3917 ex
1081 3864 1327 3933 ipset-um
1382 3872 1576 3919 natura
1649 3879 1874 3919 carnem
1924 3879 2006 3918 as-

427 3961 688 4007 sumeret.

500 4044 604 4100 Sed
635 4061 808 4100 semen
847 4045 1074 4100 Abrahaz
1103 4045 1450 4114 reprehendit.
1481 4045 1598 4102 Non
1627 4047 1785 4112 dixit,
1817 4061 2002 4102 susce-

429 4137 529 4206 pit.
579 4132 675 4188 sed
707 4132 1070 4201 apprehendit,
1095 4140 1155 4186 ut
1193 4133 1451 4187 ostendat
1508 4133 1653 4202 quod
1707 4133 2001 4206 fugientem

430 4233 680 4278 naturam
721 4231 987 4288 nostram,
1031 4231 1085 4278 et
1149 4223 1368 4294 longius
1412 4233 1677 4279 remotam
1719 4226 2003 4281 insecutus

431 4317 524 4383 sit,
558 4323 613 4370 et
674 4321 1022 4370 antevertens
1074 4314 1514 4384 apprehenderit,
1572 4317 2004 4388 complexusque

431 4409 524 4475 sit,
562 4405 665 4463 sibi
703 4405 921 4471 unicns,
957 4419 1020 4460 ac
1050 4406 1250 4461 sistens
1307 4405 1481 4475 ipsam
1510 4421 1540 4460 a
1580 4405 1706 4478 fuga
1753 4423 1861 4480 qua
1919 4409 1989 4462 ab

2213 3404 2296 3457 Οὐ
2375 3401 2486 3472 γὰρ
2571 3401 2771 3468 δήπου
2844 3400 3117 3471 ἀγγέλων
3200 3395 3685 3466 ἐπιλαμϐάνεται.

2107 3495 2416 3559 Τουτέστιν,
2448 3495 2510 3548 ού
2546 3495 2645 3562 τῆς
2693 3494 2803 3548 τῶν
2855 3495 3108 3562 ἀγγέλων
3138 3491 3354 3562 φύσεως
3395 3486 3684 3558 ἐδράξατο,

2106 3585 2226 3639 ούδέ
2255 3585 2460 3655 ταύτην
2493 3585 2743 3654 ἐφόρεσε.
2793 3584 2964 3637 Τοῦτο
2995 3583 3053 3636 δὲ
3083 3583 3183 3652 τὴν
3213 3580 3416 3650 πολλὴν
3450 3578 3589 3647 πρὸς
3627 3575 3688 3628 τὸ

2107 3675 2446 3747 ἀνθρώπινον
2477 3675 2635 3743 γένος
2688 3675 2912 3744 ἀγάπην
2941 3673 3036 3728 τοῦ
3083 3673 3220 3726 Θεοῦ
3271 3671 3567 3724 δείκνυσιν.
3614 3667 3682 3718 Ὃ

2107 3770 2216 3840 γὰρ
2252 3769 2530 3838 ἀγγέλοις,
2545 3767 2728 3838 φησὶν,
2745 3767 2844 3820 οὐκ
2861 3766 3178 3837 ἐχαρίσατο,
3199 3762 3359 3817 τοῦτο
3377 3757 3685 3830 ἀνθρώποις

2107 3863 2330 3929 δέδωκε,
2353 3863 2435 3926 τὸ,
2462 3861 2523 3927 ἐξ
2549 3861 2730 3916 αὐτῶν
2764 3860 2946 3932 σάρκα
2972 3857 3402 3930 προσλαϐέσθαι.

2191 4043 2366 4099 Ἀλλὰ
2438 4044 2782 4112 σπέρματος
2873 4041 3131 4110 Ἀϐραὰμ
3197 4036 3682 4106 ἐπιλαμϐάνεται.

2110 4136 2226 4189 Οὐκ
2242 4131 2416 4197 εἶπεν,
2436 4133 2893 4198 ἀνέλαϐεν,Ἀλλ’,
2913 4130 3402 4202 ἐπιλαμϐάνεται,
3425 4130 3515 4183 ἵνα
3538 4127 3687 4199 δείξῃ

2108 4229 2192 4282 ὅτι
2227 4226 2540 4296 φεύγουσαν
2572 4227 2674 4298 τὴν
2705 4226 2868 4297 φύσιν
2902 4226 3059 4297 ήμῶν
3084 4265 3100 4290 ,
3152 4225 3247 4278 καὶ
3279 4221 3686 4294 μακρυνθεῖσαν

2109 4319 2298 4386 ἐδίωξε
2325 4335 2340 4350 °
2395 4319 2492 4372 καὶ
2547 4317 2760 4387 φθάσας
2805 4317 3104 4371 ἐπελάϐετο
3146 4315 3339 4384 αὐτῆς,
3373 4315 3470 4366 καὶ
3505 4327 3688 4382 περιεο

2109 4413 2294 4484 πλάκη
2327 4410 2534 4474 ἐνὼσας
2573 4409 2789 4480 ἐαυτῷ,
2846 4410 2942 4464 καὶ
2977 4409 3184 4478 στήσας
3227 4406 3396 4478 αὐτὴν
3445 4405 3550 4475 τῆς
3593 4401 3686 4457 ἀπ’

428 4501 550 4570 ipso
596 4496 863 4570 fugiebat.
912 4494 1031 4550 Non
1067 4495 1208 4550 dixit
1274 4505 1476 4563 autem,
1529 4505 1781 4552 naturam
1828 4499 1999 4554 homi-

2112 4506 2280 4561 αὐτοῦ
2349 4506 2548 4574 φυγῆς.
2621 4504 2740 4558 Οὐκ
2785 4499 2904 4557 εἷπε
2961 4503 3055 4567 δὲ,
3096 4501 3318 4564 Φύσεως
3361 4497 3685 4568 ἀνθρώπων,

430 4608 585 4660 num,
613 4592 710 4648 sed
765 4605 938 4658 semen
989 4587 1223 4644 Abrahae
1245 4603 1264 4641 .'
1291 4591 1486 4660 partim
1525 4591 1743 4659 quidem
1773 4591 2004 4660 cupiens

429 4701 526 4740 eos
595 4683 872 4742 attollere,
935 4695 999 4736 ac
1045 4682 1263 4752 generis
1324 4682 1566 4752 ipsorum
1655 4683 2002 4752 splendorem

429 4779 886 4834 commonstrare,
918 4778 974 4826 ct
998 4773 1141 4840 quod
1182 4773 1236 4826 in
1295 4771 1400 4826 hoc
1429 4772 1537 4826 sint
1593 4774 1852 4841 gentibus
1904 4789 2002 4828 cx-

429 4864 802 4924 eelleutiores.
837 4872 1116 4932 quatenus
1143 4877 1206 4915 ex
1243 4862 1378 4931 ipsis
1416 4871 1503 4916 est
1531 4861 1819 4919 Dominus.
1845 4863 2007 4919 Sem-

431 4973 529 5028 per
551 4956 693 5012 cuim
727 4953 884 5025 ipsis,
925 4954 1018 5009 ubi
1074 4955 1213 5008 citra
1264 4952 1528 5007 oﬂ‘ensam
1586 4953 1734 5021 licet,
1794 4955 2004 5026 gratiﬁ-

429 5059 589 5107 catur
623 5068 636 5104 :
666 5049 862 5120 partim
919 5065 1049 5104 vero
1127 5047 1552 5117 promissionem
1582 5049 1662 5103 eis
1696 5049 1764 5104 ad
1793 5065 2003 5106 memo-

427 5143 566 5198 riam
616 5155 923 5196 revocans:
959 5137 1071 5194 Tibi
1136 5147 1184 5193 et
1231 5137 1417 5192 semini
1463 5148 1552 5192 tuo
1605 5137 1741 5194 dabo
1807 5151 2003 5196 terram

427 5237 561 5290 hanc
577 5235 643 5287 θ’.

497 5323 844 5398 εθᾰνιῖιιε.
879 5321 965 5375 Π.
1005 5317 1152 5374 Unde
1175 5318 1387 5374 debebat
1407 5337 1500 5390 per
1529 5321 1705 5376 omnia
1739 5325 2001 5394 fratribus

429 5419 740 5475 assimilari.
773 5415 911 5482 Quia
943 5411 1150 5482 placuit
1187 5411 1234 5465 ei
1297 5413 1461 5467 semel
1500 5425 1744 5469 nostram
1801 5431 1998 5486 appre-

534 5604 578 5636 "
611 5601 747 5659 Gen.
779 5617 901 5665 xm,
939 5602 1023 5657 15.

2106 4599 2263 4662 ἀλλὰ,
2298 4597 2640 4666 σπέρματος
2684 4594 2951 4665 Ἀϐραάμ
2977 4613 2992 4627 ο
3047 4594 3165 4663 ἅμα
3213 4592 3312 4662 μὲν
3359 4591 3683 4662 βουλόμενος

2107 4691 2305 4754 αὐτοὺς
2339 4671 2566 4759 ἐπᾶραι,
2611 4690 2702 4741 καὶ
2751 4687 2923 4752 δεῖξαι
2967 4687 3028 4740 τὸ
3067 4689 3225 4755 γένος
3268 4684 3448 4738 αὐτῶν
3483 4684 3683 4752 τίμιον,

2109 4783 2205 4839 καὶ
2237 4785 2318 4836 ὅτι
2346 4783 2508 4835 πλέον
2538 4780 2723 4851 ἔχουσι
2751 4781 2859 4832 τῶν
2895 4779 3124 4834 ἐθνικῶν
3155 4781 3215 4833 ἐν
3253 4778 3451 4848 τούτῳ,
3485 4775 3620 4831 καθὸ
3638 4772 3683 4806 ⁸⁸

2110 4875 2171 4941 ἐξ
2219 4873 2402 4927 αὐτῶν
2438 4876 2466 4926 ὁ
2497 4873 2701 4944 Κύριος
2726 4887 2740 4902 '
2784 4872 2872 4926 ἀεὶ
2899 4873 3005 4942 γάρ
3033 4870 3318 4941 χαρίζεται
3366 4869 3576 4929 αὐτοῖς,
3627 4865 3685 4916 ἐν

2112 4959 2193 5028 οἷς
2217 4963 2394 5026 οὐδεὶς
2425 4963 2758 5034 βλάπτεταιο
2799 4961 2918 5031 ἅμα
2963 4960 3020 5014 δὲ
3070 4961 3164 5014 καὶ
3203 4959 3303 5028 τῆς
3352 4955 3686 5023 ἐπαγγελίας

2117 5059 2552 5126 ἀναμιμνήσκων
2585 5053 2801 5116 αὐτοὺς,
2852 5053 2935 5105 ὅτι
2985 5050 3086 5106 Σοὶ
3133 5047 3343 5114 καὶτῷ
3387 5045 3684 5117 σπέρματί

2111 5167 2229 5206 σου
2256 5149 2428 5203 δώσω
2457 5145 2574 5213 τὴν
2609 5143 2728 5213 γῆν
2757 5144 3003 5212 ταύτην.

2187 5328 2366 5380 Ὅθεν
2385 5325 2603 5394 ὤφειλε
2627 5322 2777 5378 κατὰ
2807 5322 3006 5376 πάντα
3037 5321 3160 5387 τοῖς
3193 5318 3483 5390 ἀδελφοῖς
3533 5321 3687 5387 ὁμοι-

2115 5419 2358 5487 ωθῆναι.
2430 5417 2684 5488 Ἐπειδὴ,
2747 5417 2948 5488 φησὶν,
3011 5414 3160 5480 ἅπαξ
3217 5413 3549 5479 κατεδέξατο
3590 5409 3685 5479 τῆς

1786 5699 1986 5764 Varia:
2024 5699 2353 5762 lectiones.

500 5797 540 5826 ³·
587 5794 784 5871 ἐλθρὸν
816 5814 869 5852 υ.
946 5794 992 5832 ³³
1014 5793 1169 5861 σύνες
1199 5814 1250 5851 ο.
1329 5800 1370 5832 ³³
1401 5801 1588 5854 καθότι
1619 5815 1671 5856 o.
