  <div class='ocr_page' id='page_1' title='image "/cluster/home/n/w/nwhite01/storage/ocr_20150623/125/hvd.32044019208214/115.png"; bbox 0 0 3918 6552; ppageno 0'>
   <div class='ocr_carea' id='block_1_1' title="bbox 1053 472 1430 529">
    <p class='ocr_par' dir='ltr' id='par_1_1' title="bbox 1053 472 1430 529">
     <span class='ocr_line' id='line_1_1' title="bbox 1053 472 1430 529; baseline -0.003 -1"><span class='ocrx_word' id='word_1_1' title='bbox 1053 472 1283 529; x_wconf 80' lang='lat' dir='ltr'><strong>CAPUT</strong></span> <span class='ocrx_word' id='word_1_2' title='bbox 1343 474 1430 527; x_wconf 89' lang='lat' dir='ltr'><strong>III.</strong></span> 
     </span>
    </p>
   </div>
   <div class='ocr_carea' id='block_1_2' title="bbox 533 562 2030 634">
    <p class='ocr_par' dir='ltr' id='par_1_2' title="bbox 533 562 2030 634">
     <span class='ocr_line' id='line_1_2' title="bbox 533 562 2030 634; baseline -0.003 -16"><span class='ocrx_word' id='word_1_3' title='bbox 533 565 699 619; x_wconf 69' lang='lat' dir='ltr'><strong>Vens.</strong></span> <span class='ocrx_word' id='word_1_4' title='bbox 735 565 784 618; x_wconf 81' lang='grc'><strong>1.</strong></span> <span class='ocrx_word' id='word_1_5' title='bbox 817 564 986 627; x_wconf 79' lang='lat' dir='ltr'><strong>Unde,</strong></span> <span class='ocrx_word' id='word_1_6' title='bbox 1013 565 1209 634; x_wconf 80' lang='lat' dir='ltr'><strong>fratres</strong></span> <span class='ocrx_word' id='word_1_7' title='bbox 1235 567 1427 632; x_wconf 84' lang='lat' dir='ltr'><strong>sancti,</strong></span> <span class='ocrx_word' id='word_1_8' title='bbox 1464 564 1756 619; x_wconf 81' lang='lat' dir='ltr'><strong>vocationis</strong></span> <span class='ocrx_word' id='word_1_9' title='bbox 1803 562 2030 618; x_wconf 72' lang='lat' dir='ltr'><strong>cmlestis</strong></span> 
     </span>
    </p>
   </div>
   <div class='ocr_carea' id='block_1_3' title="bbox 459 656 2028 728">
    <p class='ocr_par' dir='ltr' id='par_1_3' title="bbox 459 656 2028 728">
     <span class='ocr_line' id='line_1_3' title="bbox 459 656 2028 728; baseline 0.001 -20"><span class='ocrx_word' id='word_1_10' title='bbox 459 658 762 726; x_wconf 71' lang='lat' dir='ltr'><strong>participes.</strong></span> <span class='ocrx_word' id='word_1_11' title='bbox 814 656 981 719; x_wconf 85' lang='lat' dir='ltr'><strong>Unde,</strong></span> <span class='ocrx_word' id='word_1_12' title='bbox 1017 659 1242 719; x_wconf 74' lang='lat' dir='ltr'><strong>honest,</strong></span> <span class='ocrx_word' id='word_1_13' title='bbox 1280 665 1569 728; x_wconf 76' lang='lat' dir='ltr'><strong>postquam</strong></span> <span class='ocrx_word' id='word_1_14' title='bbox 1623 659 1791 712; x_wconf 97' lang='lat' dir='ltr'><strong>talem</strong></span> <span class='ocrx_word' id='word_1_15' title='bbox 1849 657 2028 726; x_wconf 85' lang='lat' dir='ltr'><strong>ipsum</strong></span> 
     </span>
    </p>
   </div>
   <div class='ocr_carea' id='block_1_4' title="bbox 461 746 2031 818">
    <p class='ocr_par' dir='ltr' id='par_1_4' title="bbox 461 746 2031 818">
     <span class='ocr_line' id='line_1_4' title="bbox 461 746 2031 818; baseline 0 -18"><span class='ocrx_word' id='word_1_16' title='bbox 461 746 776 801; x_wconf 80' lang='lat' dir='ltr'><strong>Pontili&#39;cem</strong></span> <span class='ocrx_word' id='word_1_17' title='bbox 820 761 943 802; x_wconf 85' lang='lat' dir='ltr'><strong>esse</strong></span> <span class='ocrx_word' id='word_1_18' title='bbox 979 748 1114 812; x_wconf 78' lang='lat' dir='ltr'><strong>disi,</strong></span> <span class='ocrx_word' id='word_1_19' title='bbox 1145 747 1403 802; x_wconf 84' lang='lat' dir='ltr'><strong>nimirum</strong></span> <span class='ocrx_word' id='word_1_20' title='bbox 1435 749 1672 814; x_wconf 83' lang='lat' dir='ltr'><strong>ﬁdelem,</strong></span> <span class='ocrx_word' id='word_1_21' title='bbox 1699 758 1752 804; x_wconf 90' lang='lat' dir='ltr'><strong>et</strong></span> <span class='ocrx_word' id='word_1_22' title='bbox 1779 748 1871 818; x_wconf 90' lang='lat' dir='ltr'><strong>qui</strong></span> <span class='ocrx_word' id='word_1_23' title='bbox 1890 759 2031 817; x_wconf 80' lang='lat' dir='ltr'><strong>pro-</strong></span> 
     </span>
    </p>
   </div>
   <div class='ocr_carea' id='block_1_5' title="bbox 463 838 2033 910">
    <p class='ocr_par' dir='ltr' id='par_1_5' title="bbox 463 838 2033 910">
     <span class='ocr_line' id='line_1_5' title="bbox 463 838 2033 910; baseline 0.001 -21"><span class='ocrx_word' id='word_1_24' title='bbox 463 838 630 906; x_wconf 87' lang='lat' dir='ltr'><strong>pitius</strong></span> <span class='ocrx_word' id='word_1_25' title='bbox 659 847 805 893; x_wconf 85' lang='lat' dir='ltr'><strong>esset</strong></span> <span class='ocrx_word' id='word_1_26' title='bbox 853 839 1092 905; x_wconf 74' lang='lat' dir='ltr'><strong>peccatis</strong></span> <span class='ocrx_word' id='word_1_27' title='bbox 1116 839 1345 904; x_wconf 86' lang='lat' dir='ltr'><strong>nostris,</strong></span> <span class='ocrx_word' id='word_1_28' title='bbox 1372 847 1430 894; x_wconf 87' lang='lat' dir='ltr'><strong>et</strong></span> <span class='ocrx_word' id='word_1_29' title='bbox 1455 850 1640 910; x_wconf 86' lang='lat' dir='ltr'><strong>posset</strong></span> <span class='ocrx_word' id='word_1_30' title='bbox 1685 839 1846 895; x_wconf 85' lang='lat' dir='ltr'><strong>nobis</strong></span> <span class='ocrx_word' id='word_1_31' title='bbox 1875 838 2033 892; x_wconf 76' lang='lat' dir='ltr'><strong>auxi-</strong></span> 
     </span>
    </p>
   </div>
   <div class='ocr_carea' id='block_1_6' title="bbox 460 930 2032 994">
    <p class='ocr_par' dir='ltr' id='par_1_6' title="bbox 460 930 2032 994">
     <span class='ocr_line' id='line_1_6' title="bbox 460 930 2032 994; baseline 0.002 -11"><span class='ocrx_word' id='word_1_32' title='bbox 460 930 584 984; x_wconf 82' lang='lat' dir='ltr'><strong>liari</strong></span> <span class='ocrx_word' id='word_1_33' title='bbox 613 948 630 984; x_wconf 87' lang='lat'><strong>:</strong></span> <span class='ocrx_word' id='word_1_34' title='bbox 665 931 1019 987; x_wconf 83' lang='lat' dir='ltr'><strong>considerate</strong></span> <span class='ocrx_word' id='word_1_35' title='bbox 1060 933 1264 994; x_wconf 85' lang='lat' dir='ltr'><strong>isthuc,</strong></span> <span class='ocrx_word' id='word_1_36' title='bbox 1293 941 1350 987; x_wconf 91' lang='lat' dir='ltr'><strong>et</strong></span> <span class='ocrx_word' id='word_1_37' title='bbox 1377 932 1665 987; x_wconf 73' lang='lat' dir='ltr'><strong>invenietis</strong></span> <span class='ocrx_word' id='word_1_38' title='bbox 1687 930 1911 987; x_wconf 83' lang='lat' dir='ltr'><strong>omnino</strong></span> <span class='ocrx_word' id='word_1_39' title='bbox 1951 930 2032 986; x_wconf 87' lang='lat' dir='ltr'><strong>sic</strong></span> 
     </span>
    </p>
   </div>
   <div class='ocr_carea' id='block_1_7' title="bbox 457 1021 2028 1093">
    <p class='ocr_par' dir='ltr' id='par_1_7' title="bbox 457 1021 2028 1093">
     <span class='ocr_line' id='line_1_7' title="bbox 457 1021 2028 1093; baseline 0.002 -17"><span class='ocrx_word' id='word_1_40' title='bbox 457 1035 579 1077; x_wconf 84' lang='lat' dir='ltr'><strong>sese</strong></span> <span class='ocrx_word' id='word_1_41' title='bbox 611 1021 832 1079; x_wconf 80' lang='lat' dir='ltr'><strong>habere.</strong></span> <span class='ocrx_word' id='word_1_42' title='bbox 892 1023 1194 1079; x_wconf 83' lang='lat' dir='ltr'><strong>Vocationis</strong></span> <span class='ocrx_word' id='word_1_43' title='bbox 1225 1035 1407 1080; x_wconf 84' lang='lat' dir='ltr'><strong>autem</strong></span> <span class='ocrx_word' id='word_1_44' title='bbox 1447 1025 1672 1079; x_wconf 71' lang='lat' dir='ltr'><strong>ccclestis</strong></span> <span class='ocrx_word' id='word_1_45' title='bbox 1722 1024 2028 1093; x_wconf 80' lang='lat' dir='ltr'><strong>participes,</strong></span> 
     </span>
    </p>
   </div>
   <div class='ocr_carea' id='block_1_8' title="bbox 456 1106 2030 1182">
    <p class='ocr_par' dir='ltr' id='par_1_8' title="bbox 456 1106 2030 1182">
     <span class='ocr_line' id='line_1_8' title="bbox 456 1106 2030 1182; baseline 0.006 -25"><span class='ocrx_word' id='word_1_46' title='bbox 456 1106 631 1173; x_wconf 73' lang='lat' dir='ltr'><strong>dixit,</strong></span> <span class='ocrx_word' id='word_1_47' title='bbox 687 1108 789 1164; x_wconf 85' lang='lat' dir='ltr'><strong>hoc</strong></span> <span class='ocrx_word' id='word_1_48' title='bbox 838 1119 960 1176; x_wconf 88' lang='lat' dir='ltr'><strong>est,</strong></span> <span class='ocrx_word' id='word_1_49' title='bbox 1018 1111 1132 1165; x_wconf 89' lang='lat' dir='ltr'><strong>illic</strong></span> <span class='ocrx_word' id='word_1_50' title='bbox 1184 1111 1368 1166; x_wconf 84' lang='lat' dir='ltr'><strong>vocati</strong></span> <span class='ocrx_word' id='word_1_51' title='bbox 1430 1126 1622 1167; x_wconf 85' lang='lat' dir='ltr'><strong>smnus</strong></span> <span class='ocrx_word' id='word_1_52' title='bbox 1663 1125 1679 1164; x_wconf 88' lang='lat'><strong>:</strong></span> <span class='ocrx_word' id='word_1_53' title='bbox 1718 1111 1856 1166; x_wconf 73' lang='lat' dir='ltr'><strong>nihil</strong></span> <span class='ocrx_word' id='word_1_54' title='bbox 1899 1126 2030 1182; x_wconf 74' lang='lat' dir='ltr'><strong>ergo</strong></span> 
     </span>
    </p>
   </div>
   <div class='ocr_carea' id='block_1_9' title="bbox 463 1197 2031 1269">
    <p class='ocr_par' dir='ltr' id='par_1_9' title="bbox 463 1197 2031 1269">
     <span class='ocr_line' id='line_1_9' title="bbox 463 1197 2031 1269; baseline 0.004 -19"><span class='ocrx_word' id='word_1_55' title='bbox 463 1197 556 1252; x_wconf 85' lang='lat' dir='ltr'><strong>hic</strong></span> <span class='ocrx_word' id='word_1_56' title='bbox 619 1213 934 1269; x_wconf 77' lang='lat' dir='ltr'><strong>quaeramus</strong></span> <span class='ocrx_word' id='word_1_57' title='bbox 983 1218 999 1258; x_wconf 90' lang='lat'><strong>:</strong></span> <span class='ocrx_word' id='word_1_58' title='bbox 1046 1202 1160 1258; x_wconf 88' lang='lat' dir='ltr'><strong>illic</strong></span> <span class='ocrx_word' id='word_1_59' title='bbox 1236 1217 1452 1258; x_wconf 83' lang='lat' dir='ltr'><strong>merces</strong></span> <span class='ocrx_word' id='word_1_60' title='bbox 1512 1212 1632 1268; x_wconf 77' lang='lat' dir='ltr'><strong>est,</strong></span> <span class='ocrx_word' id='word_1_61' title='bbox 1689 1203 1803 1258; x_wconf 85' lang='lat' dir='ltr'><strong>illic</strong></span> <span class='ocrx_word' id='word_1_62' title='bbox 1872 1203 2031 1260; x_wconf 80' lang='lat' dir='ltr'><strong>retri-</strong></span> 
     </span>
    </p>
   </div>
   <div class='ocr_carea' id='block_1_10' title="bbox 457 1289 634 1345">
    <p class='ocr_par' dir='ltr' id='par_1_10' title="bbox 457 1289 634 1345">
     <span class='ocr_line' id='line_1_10' title="bbox 457 1289 634 1345; baseline 0.011 -3"><span class='ocrx_word' id='word_1_63' title='bbox 457 1289 634 1345; x_wconf 75' lang='lat' dir='ltr'><strong>lustio.</strong></span> 
     </span>
    </p>
   </div>
   <div class='ocr_carea' id='block_1_11' title="bbox 525 1381 2030 1457">
    <p class='ocr_par' dir='ltr' id='par_1_11' title="bbox 525 1381 2030 1457">
     <span class='ocr_line' id='line_1_11' title="bbox 525 1381 2030 1457; baseline 0.004 -21"><span class='ocrx_word' id='word_1_64' title='bbox 525 1381 876 1438; x_wconf 82' lang='lat' dir='ltr'><strong>Considerate</strong></span> <span class='ocrx_word' id='word_1_65' title='bbox 911 1385 1208 1452; x_wconf 74' lang='lat' dir='ltr'><strong>apostolum</strong></span> <span class='ocrx_word' id='word_1_66' title='bbox 1243 1397 1296 1441; x_wconf 82' lang='lat' dir='ltr'><strong>et</strong></span> <span class='ocrx_word' id='word_1_67' title='bbox 1329 1387 1628 1457; x_wconf 73' lang='lat' dir='ltr'><strong>pontiﬁcem</strong></span> <span class='ocrx_word' id='word_1_68' title='bbox 1682 1387 2030 1455; x_wconf 68' lang='lat' dir='ltr'><strong>confessionis</strong></span> 
     </span>
    </p>
   </div>
   <div class='ocr_carea' id='block_1_12' title="bbox 455 1473 2031 1546">
    <p class='ocr_par' dir='ltr' id='par_1_12' title="bbox 455 1473 2031 1546">
     <span class='ocr_line' id='line_1_12' title="bbox 455 1473 2031 1546; baseline 0.006 -22"><span class='ocrx_word' id='word_1_69' title='bbox 455 1483 654 1527; x_wconf 68' lang='lat' dir='ltr'><strong>nostra</strong></span> <span class='ocrx_word' id='word_1_70' title='bbox 679 1473 862 1528; x_wconf 72' lang='lat' dir='ltr'><strong>Iesum</strong></span> <span class='ocrx_word' id='word_1_71' title='bbox 884 1476 1179 1532; x_wconf 83' lang='lat' dir='ltr'><strong>Christum.</strong></span> <span class='ocrx_word' id='word_1_72' title='bbox 1200 1479 1426 1546; x_wconf 76' lang='lat' dir='ltr'><strong>Propter</strong></span> <span class='ocrx_word' id='word_1_73' title='bbox 1441 1494 1661 1534; x_wconf 82' lang='lat' dir='ltr'><strong>carnem</strong></span> <span class='ocrx_word' id='word_1_74' title='bbox 1691 1481 1877 1534; x_wconf 86' lang='lat' dir='ltr'><strong>omnia</strong></span> <span class='ocrx_word' id='word_1_75' title='bbox 1902 1489 2031 1534; x_wconf 82' lang='lat' dir='ltr'><strong>sunt</strong></span> 
     </span>
    </p>
   </div>
   <div class='ocr_carea' id='block_1_13' title="bbox 459 1565 2029 1640">
    <p class='ocr_par' dir='ltr' id='par_1_13' title="bbox 459 1565 2029 1640">
     <span class='ocr_line' id='line_1_13' title="bbox 459 1565 2029 1640; baseline 0.006 -24"><span class='ocrx_word' id='word_1_76' title='bbox 459 1565 710 1627; x_wconf 82' lang='lat' dir='ltr'><strong>humilia,</strong></span> <span class='ocrx_word' id='word_1_77' title='bbox 765 1577 824 1620; x_wconf 90' lang='lat' dir='ltr'><strong>ut</strong></span> <span class='ocrx_word' id='word_1_78' title='bbox 863 1567 1064 1639; x_wconf 67' lang='lat' dir='ltr'><strong>saepius</strong></span> <span class='ocrx_word' id='word_1_79' title='bbox 1116 1570 1324 1625; x_wconf 84' lang='lat' dir='ltr'><strong>dictum</strong></span> <span class='ocrx_word' id='word_1_80' title='bbox 1351 1579 1454 1625; x_wconf 86' lang='lat' dir='ltr'><strong>est.</strong></span> <span class='ocrx_word' id='word_1_81' title='bbox 1497 1571 1796 1639; x_wconf 71' lang='lat' dir='ltr'><strong>Apostolus</strong></span> <span class='ocrx_word' id='word_1_82' title='bbox 1849 1571 2029 1640; x_wconf 82' lang='lat' dir='ltr'><strong>itaque</strong></span> 
     </span>
    </p>
   </div>
   <div class='ocr_carea' id='block_1_14' title="bbox 454 1654 2028 1732">
    <p class='ocr_par' dir='ltr' id='par_1_14' title="bbox 454 1654 2028 1732">
     <span class='ocr_line' id='line_1_14' title="bbox 454 1654 2028 1732; baseline 0.008 -26"><span class='ocrx_word' id='word_1_83' title='bbox 454 1654 580 1710; x_wconf 87' lang='lat' dir='ltr'><strong>ideo</strong></span> <span class='ocrx_word' id='word_1_84' title='bbox 608 1658 832 1721; x_wconf 87' lang='lat' dir='ltr'><strong>dicitur,</strong></span> <span class='ocrx_word' id='word_1_85' title='bbox 876 1660 1020 1730; x_wconf 87' lang='lat' dir='ltr'><strong>quod</strong></span> <span class='ocrx_word' id='word_1_86' title='bbox 1081 1663 1158 1717; x_wconf 87' lang='lat' dir='ltr'><strong>sit</strong></span> <span class='ocrx_word' id='word_1_87' title='bbox 1187 1663 1472 1732; x_wconf 67' lang='lat' dir='ltr'><strong>ablegatus</strong></span> <span class='ocrx_word' id='word_1_88' title='bbox 1520 1664 1587 1717; x_wconf 85' lang='lat' dir='ltr'><strong>ad</strong></span> <span class='ocrx_word' id='word_1_89' title='bbox 1641 1678 1772 1718; x_wconf 81' lang='lat' dir='ltr'><strong>oves</strong></span> <span class='ocrx_word' id='word_1_90' title='bbox 1831 1664 2028 1718; x_wconf 84' lang='lat' dir='ltr'><strong>domus</strong></span> 
     </span>
    </p>
   </div>
   <div class='ocr_carea' id='block_1_15' title="bbox 451 1748 2022 1824">
    <p class='ocr_par' dir='ltr' id='par_1_15' title="bbox 451 1748 2022 1824">
     <span class='ocr_line' id='line_1_15' title="bbox 451 1748 2022 1824; baseline 0.006 -24"><span class='ocrx_word' id='word_1_91' title='bbox 451 1748 640 1804; x_wconf 86' lang='lat' dir='ltr'><strong>lsrael.</strong></span> <span class='ocrx_word' id='word_1_92' title='bbox 666 1750 910 1806; x_wconf 78' lang='lat' dir='ltr'><strong>Pontifex</strong></span> <span class='ocrx_word' id='word_1_93' title='bbox 943 1763 1125 1807; x_wconf 86' lang='lat' dir='ltr'><strong>autem</strong></span> <span class='ocrx_word' id='word_1_94' title='bbox 1177 1755 1524 1824; x_wconf 74' lang='lat' dir='ltr'><strong>confessionis</strong></span> <span class='ocrx_word' id='word_1_95' title='bbox 1544 1765 1759 1818; x_wconf 77' lang='lat' dir='ltr'><strong>nostr-te.</strong></span> <span class='ocrx_word' id='word_1_96' title='bbox 1786 1758 1890 1812; x_wconf 87' lang='lat' dir='ltr'><strong>hoc</strong></span> <span class='ocrx_word' id='word_1_97' title='bbox 1915 1765 2022 1823; x_wconf 78' lang='lat' dir='ltr'><strong>est,</strong></span> 
     </span>
    </p>
   </div>
   <div class='ocr_carea' id='block_1_16' title="bbox 1309 343 2710 429">
    <p class='ocr_par' dir='ltr' id='par_1_16' title="bbox 1309 343 2710 429">
     <span class='ocr_line' id='line_1_16' title="bbox 1309 343 2710 429; baseline 0 -15"><span class='ocrx_word' id='word_1_98' title='bbox 1309 348 1882 429; x_wconf 79' lang='lat' dir='ltr'><strong>THEOPHYLACTI</strong></span> <span class='ocrx_word' id='word_1_99' title='bbox 1917 343 2331 410; x_wconf 78' lang='lat' dir='ltr'><strong>BULGARUE</strong></span> <span class='ocrx_word' id='word_1_100' title='bbox 2355 349 2710 414; x_wconf 80' lang='lat' dir='ltr'><strong>ABCHIEP.</strong></span> 
     </span>
    </p>
   </div>
   <div class='ocr_carea' id='block_1_17' title="bbox 3585 354 3704 421">
    <p class='ocr_par' dir='ltr' id='par_1_17' title="bbox 3585 354 3704 421">
     <span class='ocr_line' id='line_1_17' title="bbox 3585 354 3704 421; baseline 0.05 -6"><span class='ocrx_word' id='word_1_101' title='bbox 3585 354 3704 421; x_wconf 69' lang='lat'><strong>226</strong></span> 
     </span>
    </p>
   </div>
   <div class='ocr_carea' id='block_1_18' title="bbox 2733 463 3112 520">
    <p class='ocr_par' dir='ltr' id='par_1_18' title="bbox 2733 463 3112 520">
     <span class='ocr_line' id='line_1_18' title="bbox 2733 463 3112 520; baseline 0.008 -3"><span class='ocrx_word' id='word_1_102' title='bbox 2733 463 2984 520; x_wconf 69' lang='grc' dir='ltr'><strong>ΚΕΦΔΛ.</strong></span> <span class='ocrx_word' id='word_1_103' title='bbox 3037 467 3112 520; x_wconf 76' lang='lat' dir='ltr'><strong>I&quot;.</strong></span> 
     </span>
    </p>
   </div>
   <div class='ocr_carea' id='block_1_19' title="bbox 2203 554 3696 628">
    <p class='ocr_par' dir='ltr' id='par_1_19' title="bbox 2203 554 3696 628">
     <span class='ocr_line' id='line_1_19' title="bbox 2203 554 3696 628; baseline 0.005 -21"><span class='ocrx_word' id='word_1_104' title='bbox 2203 554 2399 617; x_wconf 76' lang='grc' dir='ltr'><strong>Ὅθεν,</strong></span> <span class='ocrx_word' id='word_1_105' title='bbox 2452 554 2702 624; x_wconf 61' lang='grc' dir='ltr'><strong>ἀδελφοὶ</strong></span> <span class='ocrx_word' id='word_1_106' title='bbox 2753 557 2909 626; x_wconf 71' lang='grc' dir='ltr'><strong>ἅγιοι</strong></span> <span class='ocrx_word' id='word_1_107' title='bbox 2943 595 2959 619; x_wconf 95' lang='grc'><strong>,</strong></span> <span class='ocrx_word' id='word_1_108' title='bbox 3007 556 3283 624; x_wconf 73' lang='grc' dir='ltr'><strong>κλήσεως</strong></span> <span class='ocrx_word' id='word_1_109' title='bbox 3334 557 3696 628; x_wconf 71' lang='grc' dir='ltr'><strong>ἐπουρανίου</strong></span> 
     </span>
    </p>
   </div>
   <div class='ocr_carea' id='block_1_20' title="bbox 2124 644 3694 722">
    <p class='ocr_par' dir='ltr' id='par_1_20' title="bbox 2124 644 3694 722">
     <span class='ocr_line' id='line_1_20' title="bbox 2124 644 3694 722; baseline 0.005 -25"><span class='ocrx_word' id='word_1_110' title='bbox 2124 644 2389 714; x_wconf 77' lang='grc' dir='ltr'><strong>μέτοχοι.</strong></span> <span class='ocrx_word' id='word_1_111' title='bbox 2425 647 2623 710; x_wconf 58' lang='lat' dir='ltr'><strong>&quot;008v,</strong></span> <span class='ocrx_word' id='word_1_112' title='bbox 2675 650 2976 713; x_wconf 77' lang='grc' dir='ltr'><strong>τουτέστιν,</strong></span> <span class='ocrx_word' id='word_1_113' title='bbox 3023 650 3209 722; x_wconf 68' lang='grc' dir='ltr'><strong>ἐπειδὴ</strong></span> <span class='ocrx_word' id='word_1_114' title='bbox 3251 651 3494 705; x_wconf 84' lang='grc' dir='ltr'><strong>τοιοῦτον</strong></span> <span class='ocrx_word' id='word_1_115' title='bbox 3545 647 3694 706; x_wconf 72' lang='grc' dir='ltr'><strong>εἷπον</strong></span> 
     </span>
    </p>
   </div>
   <div class='ocr_carea' id='block_1_21' title="bbox 2132 735 3697 810">
    <p class='ocr_par' dir='ltr' id='par_1_21' title="bbox 2132 735 3697 810">
     <span class='ocr_line' id='line_1_21' title="bbox 2132 735 3697 810; baseline 0.006 -21"><span class='ocrx_word' id='word_1_116' title='bbox 2132 737 2297 790; x_wconf 81' lang='grc' dir='ltr'><strong>αὑτὸν</strong></span> <span class='ocrx_word' id='word_1_117' title='bbox 2331 739 2597 809; x_wconf 74' lang='grc' dir='ltr'><strong>ἀρχιερέα</strong></span> <span class='ocrx_word' id='word_1_118' title='bbox 2633 735 2777 794; x_wconf 71' lang='grc' dir='ltr'><strong>εἶναι</strong></span> <span class='ocrx_word' id='word_1_119' title='bbox 2805 741 3018 806; x_wconf 82' lang='grc' dir='ltr'><strong>πιστὸν,</strong></span> <span class='ocrx_word' id='word_1_120' title='bbox 3063 742 3160 796; x_wconf 77' lang='grc' dir='ltr'><strong>καὶ</strong></span> <span class='ocrx_word' id='word_1_121' title='bbox 3197 743 3558 810; x_wconf 76' lang='grc' dir='ltr'><strong>ἱλασκόμενον</strong></span> <span class='ocrx_word' id='word_1_122' title='bbox 3582 749 3697 808; x_wconf 76' lang='grc' dir='ltr'><strong>ταῖς</strong></span> 
     </span>
    </p>
   </div>
   <div class='ocr_carea' id='block_1_22' title="bbox 2131 831 3694 907">
    <p class='ocr_par' dir='ltr' id='par_1_22' title="bbox 2131 831 3694 907">
     <span class='ocr_line' id='line_1_22' title="bbox 2131 831 3694 907; baseline 0.005 -24"><span class='ocrx_word' id='word_1_123' title='bbox 2131 831 2429 901; x_wconf 74' lang='grc' dir='ltr'><strong>ἁμαρτίαις</strong></span> <span class='ocrx_word' id='word_1_124' title='bbox 2453 833 2631 903; x_wconf 81' lang='grc' dir='ltr'><strong>ήμῶν,</strong></span> <span class='ocrx_word' id='word_1_125' title='bbox 2655 835 2750 886; x_wconf 81' lang='grc' dir='ltr'><strong>καὶ</strong></span> <span class='ocrx_word' id='word_1_126' title='bbox 2777 835 3076 902; x_wconf 81' lang='grc' dir='ltr'><strong>δυνάμενον</strong></span> <span class='ocrx_word' id='word_1_127' title='bbox 3109 835 3326 907; x_wconf 76' lang='grc' dir='ltr'><strong>βοηθεῖν</strong></span> <span class='ocrx_word' id='word_1_128' title='bbox 3344 855 3358 869; x_wconf 90' lang='grc'><strong>·</strong></span> <span class='ocrx_word' id='word_1_129' title='bbox 3386 839 3694 907; x_wconf 77' lang='grc' dir='ltr'><strong>σκοπήσατε</strong></span> 
     </span>
    </p>
   </div>
   <div class='ocr_carea' id='block_1_23' title="bbox 2129 922 3701 997">
    <p class='ocr_par' dir='ltr' id='par_1_23' title="bbox 2129 922 3701 997">
     <span class='ocr_line' id='line_1_23' title="bbox 2129 922 3701 997; baseline 0.004 -22"><span class='ocrx_word' id='word_1_130' title='bbox 2129 922 2223 977; x_wconf 73' lang='grc' dir='ltr'><strong>καὶ</strong></span> <span class='ocrx_word' id='word_1_131' title='bbox 2247 923 2511 993; x_wconf 79' lang='grc' dir='ltr'><strong>εὑρήσετε</strong></span> <span class='ocrx_word' id='word_1_132' title='bbox 2545 925 2764 988; x_wconf 76' lang='grc' dir='ltr'><strong>πάντως</strong></span> <span class='ocrx_word' id='word_1_133' title='bbox 2805 924 2969 979; x_wconf 81' lang='grc' dir='ltr'><strong>τοῦτο</strong></span> <span class='ocrx_word' id='word_1_134' title='bbox 3005 927 3182 991; x_wconf 82' lang='grc' dir='ltr'><strong>οὕτως</strong></span> <span class='ocrx_word' id='word_1_135' title='bbox 3219 926 3365 997; x_wconf 77' lang='grc' dir='ltr'><strong>ιχον.</strong></span> <span class='ocrx_word' id='word_1_136' title='bbox 3411 927 3701 996; x_wconf 72' lang='grc' dir='ltr'><strong>κλήσεως</strong></span> 
     </span>
    </p>
   </div>
   <div class='ocr_carea' id='block_1_24' title="bbox 2127 1015 3700 1089">
    <p class='ocr_par' dir='ltr' id='par_1_24' title="bbox 2127 1015 3700 1089">
     <span class='ocr_line' id='line_1_24' title="bbox 2127 1015 3700 1089; baseline 0.003 -19"><span class='ocrx_word' id='word_1_137' title='bbox 2127 1015 2219 1076; x_wconf 71' lang='grc' dir='ltr'><strong>δὲ,</strong></span> <span class='ocrx_word' id='word_1_138' title='bbox 2260 1015 2450 1085; x_wconf 78' lang='grc' dir='ltr'><strong>φησὶν,</strong></span> <span class='ocrx_word' id='word_1_139' title='bbox 2497 1017 2864 1085; x_wconf 73' lang='grc' dir='ltr'><strong>ἐπουρανίου</strong></span> <span class='ocrx_word' id='word_1_140' title='bbox 2909 1018 3154 1088; x_wconf 76' lang='grc' dir='ltr'><strong>μέτοχοι</strong></span> <span class='ocrx_word' id='word_1_141' title='bbox 3177 1037 3193 1052; x_wconf 90' lang='grc'><strong>·</strong></span> <span class='ocrx_word' id='word_1_142' title='bbox 3243 1022 3551 1089; x_wconf 73' lang='grc' dir='ltr'><strong>τουτέστιν,</strong></span> <span class='ocrx_word' id='word_1_143' title='bbox 3586 1025 3700 1076; x_wconf 74' lang='grc' dir='ltr'><strong>ἐκεῖ</strong></span> 
     </span>
    </p>
   </div>
   <div class='ocr_carea' id='block_1_25' title="bbox 2131 1103 3698 1183">
    <p class='ocr_par' dir='ltr' id='par_1_25' title="bbox 2131 1103 3698 1183">
     <span class='ocr_line' id='line_1_25' title="bbox 2131 1103 3698 1183; baseline 0.005 -25"><span class='ocrx_word' id='word_1_144' title='bbox 2131 1103 2462 1174; x_wconf 70' lang='grc' dir='ltr'><strong>ὲκλήθημεν,</strong></span> <span class='ocrx_word' id='word_1_145' title='bbox 2497 1107 2664 1175; x_wconf 80' lang='grc' dir='ltr'><strong>μηδὲν</strong></span> <span class='ocrx_word' id='word_1_146' title='bbox 2693 1107 2928 1162; x_wconf 72' lang='grc' dir='ltr'><strong>ἑνταῦθα</strong></span> <span class='ocrx_word' id='word_1_147' title='bbox 2957 1109 3209 1180; x_wconf 74' lang='grc' dir='ltr'><strong>ζητῶμεν</strong></span> <span class='ocrx_word' id='word_1_148' title='bbox 3233 1125 3248 1139; x_wconf 74' lang='grc'><strong><em>⁸</em></strong></span> <span class='ocrx_word' id='word_1_149' title='bbox 3285 1112 3402 1165; x_wconf 72' lang='grc' dir='ltr'><strong>ἐκεῖ</strong></span> <span class='ocrx_word' id='word_1_150' title='bbox 3425 1115 3453 1166; x_wconf 90' lang='lat'><em>6</em></span> <span class='ocrx_word' id='word_1_151' title='bbox 3483 1111 3698 1183; x_wconf 63' lang='grc' dir='ltr'><strong>μισθὸς,</strong></span> 
     </span>
    </p>
   </div>
   <div class='ocr_carea' id='block_1_26' title="bbox 2129 1195 2706 1265">
    <p class='ocr_par' dir='ltr' id='par_1_26' title="bbox 2129 1195 2706 1265">
     <span class='ocr_line' id='line_1_26' title="bbox 2129 1195 2706 1265; baseline 0.009 -19"><span class='ocrx_word' id='word_1_152' title='bbox 2129 1195 2300 1265; x_wconf 67' lang='lat' dir='ltr'><strong>inii)</strong></span> <span class='ocrx_word' id='word_1_153' title='bbox 2326 1195 2706 1262; x_wconf 78' lang='grc' dir='ltr'><strong>ἀνταπόδοσις.</strong></span> 
     </span>
    </p>
   </div>
   <div class='ocr_carea' id='block_1_27' title="bbox 2201 1376 3700 1457">
    <p class='ocr_par' dir='ltr' id='par_1_27' title="bbox 2201 1376 3700 1457">
     <span class='ocr_line' id='line_1_27' title="bbox 2201 1376 3700 1457; baseline 0.009 -28"><span class='ocrx_word' id='word_1_154' title='bbox 2201 1376 2625 1444; x_wconf 75' lang='grc' dir='ltr'><strong>Κατανοήσατε</strong></span> <span class='ocrx_word' id='word_1_155' title='bbox 2646 1380 2751 1435; x_wconf 75' lang='grc' dir='ltr'><strong>τόν</strong></span> <span class='ocrx_word' id='word_1_156' title='bbox 2787 1382 3144 1439; x_wconf 72' lang='grc' dir='ltr'><em>ἀπόστολον</em></span> <span class='ocrx_word' id='word_1_157' title='bbox 3167 1387 3266 1442; x_wconf 77' lang='grc' dir='ltr'><strong>καί</strong></span> <span class='ocrx_word' id='word_1_158' title='bbox 3291 1387 3573 1456; x_wconf 70' lang='grc' dir='ltr'><strong>ἀρχιερέα</strong></span> <span class='ocrx_word' id='word_1_159' title='bbox 3591 1389 3700 1457; x_wconf 78' lang='grc' dir='ltr'><strong>τῆς</strong></span> 
     </span>
    </p>
   </div>
   <div class='ocr_carea' id='block_1_28' title="bbox 2127 1471 3698 1552">
    <p class='ocr_par' dir='ltr' id='par_1_28' title="bbox 2127 1471 3698 1552">
     <span class='ocr_line' id='line_1_28' title="bbox 2127 1471 3698 1552; baseline 0.011 -33"><span class='ocrx_word' id='word_1_160' title='bbox 2127 1471 2454 1538; x_wconf 22' lang='grc' dir='ltr'><strong>,ὁμολογίας</strong></span> <span class='ocrx_word' id='word_1_161' title='bbox 2475 1471 2645 1540; x_wconf 73' lang='grc' dir='ltr'><strong>ἡμῶν</strong></span> <span class='ocrx_word' id='word_1_162' title='bbox 2670 1474 2909 1541; x_wconf 78' lang='grc' dir='ltr'><strong>Ἰησοῦν</strong></span> <span class='ocrx_word' id='word_1_163' title='bbox 2931 1479 3211 1543; x_wconf 75' lang='grc' dir='ltr'><strong>Χριστόν.</strong></span> <span class='ocrx_word' id='word_1_164' title='bbox 3236 1481 3336 1534; x_wconf 85' lang='grc' dir='ltr'><strong>Διὰ</strong></span> <span class='ocrx_word' id='word_1_165' title='bbox 3361 1483 3464 1550; x_wconf 79' lang='grc' dir='ltr'><strong>τὴν</strong></span> <span class='ocrx_word' id='word_1_166' title='bbox 3495 1484 3698 1552; x_wconf 81' lang='grc' dir='ltr'><strong>σάρκα,</strong></span> 
     </span>
    </p>
   </div>
   <div class='ocr_carea' id='block_1_29' title="bbox 2131 1562 3696 1642">
    <p class='ocr_par' dir='ltr' id='par_1_29' title="bbox 2131 1562 3696 1642">
     <span class='ocr_line' id='line_1_29' title="bbox 2131 1562 3696 1642; baseline 0.01 -28"><span class='ocrx_word' id='word_1_167' title='bbox 2131 1562 2312 1616; x_wconf 80' lang='grc' dir='ltr'><strong>πάντα</strong></span> <span class='ocrx_word' id='word_1_168' title='bbox 2351 1566 2606 1626; x_wconf 77' lang='grc' dir='ltr'><strong>ταπεινὰ.</strong></span> <span class='ocrx_word' id='word_1_169' title='bbox 2645 1568 2722 1631; x_wconf 80' lang='grc' dir='ltr'><strong>ὡς</strong></span> <span class='ocrx_word' id='word_1_170' title='bbox 2767 1569 3031 1635; x_wconf 78' lang='grc' dir='ltr'><strong>πολλάκις</strong></span> <span class='ocrx_word' id='word_1_171' title='bbox 3079 1573 3321 1640; x_wconf 82' lang='grc' dir='ltr'><strong>είρηται.</strong></span> <span class='ocrx_word' id='word_1_172' title='bbox 3376 1575 3696 1642; x_wconf 77' lang='grc' dir='ltr'><strong>Ἀπόστολος</strong></span> 
     </span>
    </p>
   </div>
   <div class='ocr_carea' id='block_1_30' title="bbox 2133 1651 3700 1736">
    <p class='ocr_par' dir='ltr' id='par_1_30' title="bbox 2133 1651 3700 1736">
     <span class='ocr_line' id='line_1_30' title="bbox 2133 1651 3700 1736; baseline 0.011 -31"><span class='ocrx_word' id='word_1_173' title='bbox 2133 1655 2232 1723; x_wconf 82' lang='grc' dir='ltr'><strong>μὲν</strong></span> <span class='ocrx_word' id='word_1_174' title='bbox 2256 1651 2368 1722; x_wconf 79' lang='grc' dir='ltr'><strong>οὖν,</strong></span> <span class='ocrx_word' id='word_1_175' title='bbox 2410 1658 2561 1728; x_wconf 71' lang='grc' dir='ltr'><strong>παρὰ</strong></span> <span class='ocrx_word' id='word_1_176' title='bbox 2591 1660 2653 1712; x_wconf 85' lang='grc' dir='ltr'><strong>τὸ</strong></span> <span class='ocrx_word' id='word_1_177' title='bbox 2688 1661 3028 1716; x_wconf 75' lang='grc' dir='ltr'><strong>ἀπεστάλθαι</strong></span> <span class='ocrx_word' id='word_1_178' title='bbox 3059 1665 3138 1726; x_wconf 87' lang='grc' dir='ltr'><strong>είς</strong></span> <span class='ocrx_word' id='word_1_179' title='bbox 3175 1665 3243 1718; x_wconf 76' lang='grc' dir='ltr'><strong>τὰ</strong></span> <span class='ocrx_word' id='word_1_180' title='bbox 3273 1667 3521 1736; x_wconf 73' lang='grc' dir='ltr'><strong>πρόϐατα</strong></span> <span class='ocrx_word' id='word_1_181' title='bbox 3545 1670 3700 1723; x_wconf 73' lang='grc' dir='ltr'><strong>οἷκον</strong></span> 
     </span>
    </p>
   </div>
   <div class='ocr_carea' id='block_1_31' title="bbox 2145 1747 3697 1830">
    <p class='ocr_par' dir='ltr' id='par_1_31' title="bbox 2145 1747 3697 1830">
     <span class='ocr_line' id='line_1_31' title="bbox 2145 1747 3697 1830; baseline 0.011 -32"><span class='ocrx_word' id='word_1_182' title='bbox 2145 1747 2380 1818; x_wconf 84' lang='grc' dir='ltr'><strong>Ἰσραήλ.</strong></span> <span class='ocrx_word' id='word_1_183' title='bbox 2463 1750 2780 1822; x_wconf 71' lang='grc' dir='ltr'><strong>Ἀρχιερεὺς</strong></span> <span class='ocrx_word' id='word_1_184' title='bbox 2851 1755 2908 1808; x_wconf 78' lang='grc' dir='ltr'><strong>δὲ</strong></span> <span class='ocrx_word' id='word_1_185' title='bbox 2963 1756 3066 1822; x_wconf 71' lang='grc' dir='ltr'><strong>τῆς</strong></span> <span class='ocrx_word' id='word_1_186' title='bbox 3130 1761 3449 1829; x_wconf 75' lang='grc' dir='ltr'><strong>ὁμολογίας</strong></span> <span class='ocrx_word' id='word_1_187' title='bbox 3509 1762 3697 1830; x_wconf 74' lang='grc' dir='ltr'><strong>ἡμῶν,</strong></span> 
     </span>
    </p>
   </div>
   <div class='ocr_carea' id='block_1_32' title="bbox 453 1825 2018 1920">
    <p class='ocr_par' dir='ltr' id='par_1_32' title="bbox 453 1838 2018 1916">
     <span class='ocr_line' id='line_1_32' title="bbox 453 1838 2018 1916; baseline 0.008 -26"><span class='ocrx_word' id='word_1_188' title='bbox 453 1838 578 1894; x_wconf 79' lang='lat' dir='ltr'><strong>ﬁdei</strong></span> <span class='ocrx_word' id='word_1_189' title='bbox 622 1856 768 1894; x_wconf 86' lang='lat' dir='ltr'><strong>:non</strong></span> <span class='ocrx_word' id='word_1_190' title='bbox 805 1845 950 1898; x_wconf 89' lang='lat' dir='ltr'><strong>enim</strong></span> <span class='ocrx_word' id='word_1_191' title='bbox 1009 1844 1199 1916; x_wconf 79' lang='lat' dir='ltr'><strong>legalis</strong></span> <span class='ocrx_word' id='word_1_192' title='bbox 1242 1849 1427 1903; x_wconf 84' lang='lat' dir='ltr'><strong>cultus</strong></span> <span class='ocrx_word' id='word_1_193' title='bbox 1481 1847 1728 1904; x_wconf 75' lang='lat' dir='ltr'><strong>Pontifex</strong></span> <span class='ocrx_word' id='word_1_194' title='bbox 1774 1858 1880 1914; x_wconf 86' lang='lat' dir='ltr'><strong>est,</strong></span> <span class='ocrx_word' id='word_1_195' title='bbox 1931 1850 2018 1906; x_wconf 79' lang='lat' dir='ltr'><strong>sed</strong></span> 
     </span>
    </p>
   </div>
   <div class='ocr_carea' id='block_1_33' title="bbox 2127 1825 3702 1920">
    <p class='ocr_par' dir='ltr' id='par_1_33' title="bbox 2129 1825 3702 1920">
     <span class='ocr_line' id='line_1_33' title="bbox 2129 1825 3702 1920; baseline 0.011 -31"><span class='ocrx_word' id='word_1_196' title='bbox 2129 1840 2417 1904; x_wconf 74' lang='grc' dir='ltr'><strong>τουτέστι,</strong></span> <span class='ocrx_word' id='word_1_197' title='bbox 2477 1842 2576 1910; x_wconf 83' lang='grc' dir='ltr'><strong>τῆς</strong></span> <span class='ocrx_word' id='word_1_198' title='bbox 2625 1843 2897 1903; x_wconf 76' lang='grc' dir='ltr'><strong>πίστεως·</strong></span> <span class='ocrx_word' id='word_1_199' title='bbox 2947 1848 3007 1900; x_wconf 81' lang='grc' dir='ltr'><strong>οὐ</strong></span> <span class='ocrx_word' id='word_1_200' title='bbox 3059 1825 3169 1917; x_wconf 76' lang='grc' dir='ltr'><strong>γὰρ</strong></span> <span class='ocrx_word' id='word_1_201' title='bbox 3206 1825 3490 1919; x_wconf 25' lang='grc' dir='ltr'><strong>τῆςνκατέι</strong></span> 
     </span>
    </p>
   </div>
   <div class='ocr_carea' id='block_1_34' title="bbox 451 1933 826 1988">
    <p class='ocr_par' dir='ltr' id='par_1_34' title="bbox 451 1933 826 1988">
     <span class='ocr_line' id='line_1_34' title="bbox 451 1933 826 1988; baseline 0.011 -4"><span class='ocrx_word' id='word_1_202' title='bbox 451 1941 655 1985; x_wconf 71' lang='lat' dir='ltr'><strong>nostrae</strong></span> <span class='ocrx_word' id='word_1_203' title='bbox 681 1933 826 1988; x_wconf 81' lang='lat' dir='ltr'><strong>lidei.</strong></span> 
     </span>
    </p>
   </div>
   <div class='ocr_carea' id='block_1_35' title="bbox 522 2112 2023 2194">
    <p class='ocr_par' dir='ltr' id='par_1_35' title="bbox 522 2112 2023 2194">
     <span class='ocr_line' id='line_1_35' title="bbox 522 2112 2023 2194; baseline 0.007 -28"><span class='ocrx_word' id='word_1_204' title='bbox 522 2112 756 2170; x_wconf 55' lang='lat' dir='ltr'><strong>Vsusﬂ.</strong></span> <span class='ocrx_word' id='word_1_205' title='bbox 800 2117 904 2183; x_wconf 83' lang='lat' dir='ltr'><strong>Qui</strong></span> <span class='ocrx_word' id='word_1_206' title='bbox 937 2119 1114 2188; x_wconf 77' lang='lat' dir='ltr'><strong>ﬁdelis</strong></span> <span class='ocrx_word' id='word_1_207' title='bbox 1167 2117 1351 2177; x_wconf 53' lang='lat' dir='ltr'><strong>est&#39;ei</strong></span> <span class='ocrx_word' id='word_1_208' title='bbox 1412 2124 1502 2192; x_wconf 78' lang='lat' dir='ltr'><strong>qui</strong></span> <span class='ocrx_word' id='word_1_209' title='bbox 1559 2124 1795 2194; x_wconf 67' lang='lat' dir='ltr'><strong>praefecit</strong></span> <span class='ocrx_word' id='word_1_210' title='bbox 1851 2124 2023 2190; x_wconf 71' lang='lat' dir='ltr'><strong>illum,</strong></span> 
     </span>
    </p>
   </div>
   <div class='ocr_carea' id='block_1_36' title="bbox 448 2204 2023 2280">
    <p class='ocr_par' dir='ltr' id='par_1_36' title="bbox 448 2204 2023 2280">
     <span class='ocr_line' id='line_1_36' title="bbox 448 2204 2023 2280; baseline 0.01 -26"><span class='ocrx_word' id='word_1_211' title='bbox 448 2204 654 2258; x_wconf 82' lang='lat' dir='ltr'><strong>sicut-et</strong></span> <span class='ocrx_word' id='word_1_212' title='bbox 691 2207 865 2264; x_wconf 81' lang='lat' dir='ltr'><strong>Moses</strong></span> <span class='ocrx_word' id='word_1_213' title='bbox 898 2211 1088 2266; x_wconf 86' lang='lat' dir='ltr'><strong>intota</strong></span> <span class='ocrx_word' id='word_1_214' title='bbox 1148 2215 1306 2267; x_wconf 85' lang='lat' dir='ltr'><strong>domo</strong></span> <span class='ocrx_word' id='word_1_215' title='bbox 1359 2214 1498 2280; x_wconf 84' lang='lat' dir='ltr'><strong>eius.</strong></span> <span class='ocrx_word' id='word_1_216' title='bbox 1556 2215 1838 2271; x_wconf 87' lang='lat' dir='ltr'><strong>Christum</strong></span> <span class='ocrx_word' id='word_1_217' title='bbox 1891 2216 2023 2272; x_wconf 80' lang='lat' dir='ltr'><strong>Mosi</strong></span> 
     </span>
    </p>
   </div>
   <div class='ocr_carea' id='block_1_37' title="bbox 448 2298 2022 2376">
    <p class='ocr_par' dir='ltr' id='par_1_37' title="bbox 448 2298 2022 2376">
     <span class='ocr_line' id='line_1_37' title="bbox 448 2298 2022 2376; baseline 0.011 -32"><span class='ocrx_word' id='word_1_218' title='bbox 448 2298 884 2363; x_wconf 69' lang='lat' dir='ltr'><strong>antepositurus,</strong></span> <span class='ocrx_word' id='word_1_219' title='bbox 919 2303 1298 2367; x_wconf 82' lang='lat' dir='ltr'><strong>pontiﬁcatum</strong></span> <span class='ocrx_word' id='word_1_220' title='bbox 1371 2307 1425 2360; x_wconf 92' lang='lat' dir='ltr'><strong>in</strong></span> <span class='ocrx_word' id='word_1_221' title='bbox 1479 2306 1716 2360; x_wconf 88' lang='lat' dir='ltr'><strong>medium</strong></span> <span class='ocrx_word' id='word_1_222' title='bbox 1769 2307 2022 2376; x_wconf 85' lang='lat' dir='ltr'><strong>protulit,</strong></span> 
     </span>
    </p>
   </div>
   <div class='ocr_carea' id='block_1_38' title="bbox 445 2387 2020 2470">
    <p class='ocr_par' dir='ltr' id='par_1_38' title="bbox 445 2387 2020 2470">
     <span class='ocr_line' id='line_1_38' title="bbox 445 2387 2020 2470; baseline 0.01 -30"><span class='ocrx_word' id='word_1_223' title='bbox 445 2394 506 2440; x_wconf 87' lang='lat' dir='ltr'><strong>et</strong></span> <span class='ocrx_word' id='word_1_224' title='bbox 563 2387 692 2442; x_wconf 82' lang='lat' dir='ltr'><strong>huic</strong></span> <span class='ocrx_word' id='word_1_225' title='bbox 749 2397 805 2445; x_wconf 89' lang='lat' dir='ltr'><strong>et</strong></span> <span class='ocrx_word' id='word_1_226' title='bbox 867 2391 943 2445; x_wconf 89' lang='lat' dir='ltr'><strong>illi</strong></span> <span class='ocrx_word' id='word_1_227' title='bbox 994 2394 1250 2463; x_wconf 88' lang='lat' dir='ltr'><strong>populum</strong></span> <span class='ocrx_word' id='word_1_228' title='bbox 1317 2398 1674 2452; x_wconf 87' lang='lat' dir='ltr'><strong>commissum</strong></span> <span class='ocrx_word' id='word_1_229' title='bbox 1722 2399 2020 2470; x_wconf 81' lang='lat' dir='ltr'><strong>inquiens,</strong></span> 
     </span>
    </p>
   </div>
   <div class='ocr_carea' id='block_1_39' title="bbox 455 2480 2020 2558">
    <p class='ocr_par' dir='ltr' id='par_1_39' title="bbox 455 2480 2020 2558">
     <span class='ocr_line' id='line_1_39' title="bbox 455 2480 2020 2558; baseline 0.01 -28"><span class='ocrx_word' id='word_1_230' title='bbox 455 2480 668 2549; x_wconf 76' lang='lat' dir='ltr'><strong>majora</strong></span> <span class='ocrx_word' id='word_1_231' title='bbox 715 2490 897 2539; x_wconf 79' lang='lat' dir='ltr'><strong>tamen</strong></span> <span class='ocrx_word' id='word_1_232' title='bbox 963 2485 1186 2541; x_wconf 78' lang='lat' dir='ltr'><strong>Christo</strong></span> <span class='ocrx_word' id='word_1_233' title='bbox 1255 2503 1417 2558; x_wconf 82' lang='lat' dir='ltr'><strong>quam</strong></span> <span class='ocrx_word' id='word_1_234' title='bbox 1485 2491 1625 2545; x_wconf 86' lang='lat' dir='ltr'><strong>Mosi</strong></span> <span class='ocrx_word' id='word_1_235' title='bbox 1705 2493 2020 2548; x_wconf 78' lang='lat' dir='ltr'><strong>concredita</strong></span> 
     </span>
    </p>
   </div>
   <div class='ocr_carea' id='block_1_40' title="bbox 448 2563 2019 2642">
    <p class='ocr_par' dir='ltr' id='par_1_40' title="bbox 448 2563 2019 2642">
     <span class='ocr_line' id='line_1_40' title="bbox 448 2563 2019 2642; baseline 0.01 -24"><span class='ocrx_word' id='word_1_236' title='bbox 448 2563 648 2623; x_wconf 76' lang='lat' dir='ltr'><strong>fuisse.</strong></span> <span class='ocrx_word' id='word_1_237' title='bbox 712 2569 991 2642; x_wconf 84' lang='lat' dir='ltr'><strong>Principio</strong></span> <span class='ocrx_word' id='word_1_238' title='bbox 1025 2582 1206 2628; x_wconf 83' lang='lat' dir='ltr'><strong>tamen</strong></span> <span class='ocrx_word' id='word_1_239' title='bbox 1261 2577 1444 2631; x_wconf 82' lang='lat' dir='ltr'><strong>statim</strong></span> <span class='ocrx_word' id='word_1_240' title='bbox 1501 2593 1608 2631; x_wconf 84' lang='lat' dir='ltr'><strong>non</strong></span> <span class='ocrx_word' id='word_1_241' title='bbox 1642 2579 1848 2634; x_wconf 83' lang='lat' dir='ltr'><strong>indicat</strong></span> <span class='ocrx_word' id='word_1_242' title='bbox 1900 2595 2019 2634; x_wconf 84' lang='lat' dir='ltr'><strong>eam</strong></span> 
     </span>
    </p>
   </div>
   <div class='ocr_carea' id='block_1_41' title="bbox 445 2659 2024 2740">
    <p class='ocr_par' dir='ltr' id='par_1_41' title="bbox 445 2659 2024 2740">
     <span class='ocr_line' id='line_1_41' title="bbox 445 2659 2024 2740; baseline 0.013 -30"><span class='ocrx_word' id='word_1_243' title='bbox 445 2659 846 2725; x_wconf 76' lang='lat' dir='ltr'><strong>excellentiam,</strong></span> <span class='ocrx_word' id='word_1_244' title='bbox 881 2679 951 2719; x_wconf 83' lang='lat' dir='ltr'><strong>ne</strong></span> <span class='ocrx_word' id='word_1_245' title='bbox 985 2667 1262 2722; x_wconf 84' lang='lat' dir='ltr'><strong>resilirent</strong></span> <span class='ocrx_word' id='word_1_246' title='bbox 1303 2685 1319 2722; x_wconf 89' lang='lat'><strong>:</strong></span> <span class='ocrx_word' id='word_1_247' title='bbox 1369 2669 1580 2726; x_wconf 87' lang='lat' dir='ltr'><strong>etiamsi</strong></span> <span class='ocrx_word' id='word_1_248' title='bbox 1620 2679 1852 2740; x_wconf 82' lang='lat' dir='ltr'><strong>namque</strong></span> <span class='ocrx_word' id='word_1_249' title='bbox 1891 2672 2024 2730; x_wconf 86' lang='lat' dir='ltr'><strong>lide-</strong></span> 
     </span>
    </p>
   </div>
   <div class='ocr_carea' id='block_1_42' title="bbox 452 2749 2026 2824">
    <p class='ocr_par' dir='ltr' id='par_1_42' title="bbox 452 2749 2026 2824">
     <span class='ocr_line' id='line_1_42' title="bbox 452 2749 2026 2824; baseline 0.016 -24"><span class='ocrx_word' id='word_1_250' title='bbox 452 2749 533 2804; x_wconf 77' lang='lat' dir='ltr'><strong>Irs</strong></span> <span class='ocrx_word' id='word_1_251' title='bbox 611 2763 788 2818; x_wconf 83' lang='lat' dir='ltr'><strong>erant,</strong></span> <span class='ocrx_word' id='word_1_252' title='bbox 851 2757 1081 2812; x_wconf 88' lang='lat' dir='ltr'><strong>omnino</strong></span> <span class='ocrx_word' id='word_1_253' title='bbox 1164 2769 1345 2816; x_wconf 85' lang='lat' dir='ltr'><strong>tamen</strong></span> <span class='ocrx_word' id='word_1_254' title='bbox 1421 2764 1600 2819; x_wconf 83' lang='lat' dir='ltr'><strong>adhuc</strong></span> <span class='ocrx_word' id='word_1_255' title='bbox 1677 2767 2026 2824; x_wconf 67' lang='lat' dir='ltr'><strong>adhaerebant</strong></span> 
     </span>
    </p>
   </div>
   <div class='ocr_carea' id='block_1_43' title="bbox 445 2839 2022 2931">
    <p class='ocr_par' dir='ltr' id='par_1_43' title="bbox 445 2839 2022 2931">
     <span class='ocr_line' id='line_1_43' title="bbox 445 2839 2022 2931; baseline 0.013 -37"><span class='ocrx_word' id='word_1_256' title='bbox 445 2839 581 2896; x_wconf 78' lang='lat' dir='ltr'><strong>Mosi</strong></span> <span class='ocrx_word' id='word_1_257' title='bbox 639 2847 916 2901; x_wconf 89' lang='lat' dir='ltr'><strong>:interim</strong></span> <span class='ocrx_word' id='word_1_258' title='bbox 978 2858 1156 2905; x_wconf 81' lang='lat' dir='ltr'><strong>tamen</strong></span> <span class='ocrx_word' id='word_1_259' title='bbox 1227 2853 1516 2908; x_wconf 87' lang='lat' dir='ltr'><strong>Dominum</strong></span> <span class='ocrx_word' id='word_1_260' title='bbox 1594 2857 1670 2911; x_wconf 90' lang='lat' dir='ltr'><strong>illi</strong></span> <span class='ocrx_word' id='word_1_261' title='bbox 1752 2859 2022 2931; x_wconf 69' lang='lat' dir='ltr'><strong>adaequat,</strong></span> 
     </span>
    </p>
   </div>
   <div class='ocr_carea' id='block_1_44' title="bbox 452 2932 2021 3016">
    <p class='ocr_par' dir='ltr' id='par_1_44' title="bbox 452 2932 2021 3016">
     <span class='ocr_line' id='line_1_44' title="bbox 452 2932 2021 3016; baseline 0.015 -32"><span class='ocrx_word' id='word_1_262' title='bbox 452 2932 706 3002; x_wconf 85' lang='lat' dir='ltr'><strong>inquiens</strong></span> <span class='ocrx_word' id='word_1_263' title='bbox 747 2955 761 2991; x_wconf 89' lang='lat'><strong>:</strong></span> <span class='ocrx_word' id='word_1_264' title='bbox 797 2938 1008 2995; x_wconf 87' lang='lat' dir='ltr'><strong>Fidelis</strong></span> <span class='ocrx_word' id='word_1_265' title='bbox 1060 2951 1146 2997; x_wconf 91' lang='lat' dir='ltr'><strong>est</strong></span> <span class='ocrx_word' id='word_1_266' title='bbox 1201 2943 1288 2999; x_wconf 87' lang='lat' dir='ltr'><strong>ille</strong></span> <span class='ocrx_word' id='word_1_267' title='bbox 1329 2945 1512 3010; x_wconf 84' lang='lat' dir='ltr'><strong>Patri,</strong></span> <span class='ocrx_word' id='word_1_268' title='bbox 1555 2949 1648 3016; x_wconf 90' lang='lat' dir='ltr'><strong>qui</strong></span> <span class='ocrx_word' id='word_1_269' title='bbox 1715 2951 1842 3006; x_wconf 81' lang='lat' dir='ltr'><strong>fecit</strong></span> <span class='ocrx_word' id='word_1_270' title='bbox 1896 2967 2021 3007; x_wconf 89' lang='lat' dir='ltr'><strong>eum</strong></span> 
     </span>
    </p>
   </div>
   <div class='ocr_carea' id='block_1_45' title="bbox 454 3027 2023 3101">
    <p class='ocr_par' dir='ltr' id='par_1_45' title="bbox 454 3027 2023 3101">
     <span class='ocr_line' id='line_1_45' title="bbox 454 3027 2023 3101; baseline 0.015 -25"><span class='ocrx_word' id='word_1_271' title='bbox 454 3027 768 3092; x_wconf 77' lang='lat' dir='ltr'><strong>pontiﬁcem</strong></span> <span class='ocrx_word' id='word_1_272' title='bbox 799 3039 856 3085; x_wconf 89' lang='lat' dir='ltr'><strong>et</strong></span> <span class='ocrx_word' id='word_1_273' title='bbox 895 3033 1228 3101; x_wconf 81' lang='lat' dir='ltr'><strong>apostolum.</strong></span> <span class='ocrx_word' id='word_1_274' title='bbox 1257 3035 1375 3090; x_wconf 87' lang='lat' dir='ltr'><strong>Non</strong></span> <span class='ocrx_word' id='word_1_275' title='bbox 1397 3039 1540 3091; x_wconf 88' lang='lat' dir='ltr'><strong>enim</strong></span> <span class='ocrx_word' id='word_1_276' title='bbox 1565 3039 1654 3094; x_wconf 90' lang='lat' dir='ltr'><strong>hic</strong></span> <span class='ocrx_word' id='word_1_277' title='bbox 1679 3042 1748 3095; x_wconf 87' lang='lat' dir='ltr'><strong>de</strong></span> <span class='ocrx_word' id='word_1_278' title='bbox 1769 3045 2023 3099; x_wconf 73' lang='lat' dir='ltr'><strong>essentia:</strong></span> 
     </span>
    </p>
   </div>
   <div class='ocr_carea' id='block_1_46' title="bbox 2126 1928 3701 2015">
    <p class='ocr_par' dir='ltr' id='par_1_46' title="bbox 2126 1928 3701 2015">
     <span class='ocr_line' id='line_1_46' title="bbox 2126 1928 3701 2015; baseline 0.011 -35"><span class='ocrx_word' id='word_1_279' title='bbox 2126 1928 2380 1998; x_wconf 79' lang='grc' dir='ltr'><strong>λατρείας</strong></span> <span class='ocrx_word' id='word_1_280' title='bbox 2446 1933 2742 2003; x_wconf 78' lang='grc' dir='ltr'><strong>ἀρχιερεύς</strong></span> <span class='ocrx_word' id='word_1_281' title='bbox 2809 1937 3009 2004; x_wconf 71' lang='grc' dir='ltr'><strong>ἐστιν,</strong></span> <span class='ocrx_word' id='word_1_282' title='bbox 3079 1940 3216 1992; x_wconf 77' lang='grc' dir='ltr'><strong>ἀλλὰ</strong></span> <span class='ocrx_word' id='word_1_283' title='bbox 3270 1943 3369 2011; x_wconf 82' lang='grc' dir='ltr'><strong>τῆς</strong></span> <span class='ocrx_word' id='word_1_284' title='bbox 3424 1944 3701 2015; x_wconf 78' lang='grc' dir='ltr'><strong>ἡμετέρας</strong></span> 
     </span>
    </p>
   </div>
   <div class='ocr_carea' id='block_1_47' title="bbox 2125 2021 2382 2086">
    <p class='ocr_par' dir='ltr' id='par_1_47' title="bbox 2125 2021 2382 2086">
     <span class='ocr_line' id='line_1_47' title="bbox 2125 2021 2382 2086; baseline 0.016 -12"><span class='ocrx_word' id='word_1_285' title='bbox 2125 2021 2382 2086; x_wconf 83' lang='grc' dir='ltr'><strong>πίστεως.</strong></span> 
     </span>
    </p>
   </div>
   <div class='ocr_carea' id='block_1_48' title="bbox 2193 2113 3714 2192">
    <p class='ocr_par' dir='ltr' id='par_1_48' title="bbox 2193 2113 3714 2192">
     <span class='ocr_line' id='line_1_48' title="bbox 2193 2113 3714 2192; baseline 0.011 -27"><span class='ocrx_word' id='word_1_286' title='bbox 2193 2113 2422 2168; x_wconf 78' lang='grc' dir='ltr'><strong>Πιστὸν</strong></span> <span class='ocrx_word' id='word_1_287' title='bbox 2473 2115 2618 2170; x_wconf 78' lang='grc' dir='ltr'><strong>ὄντα</strong></span> <span class='ocrx_word' id='word_1_288' title='bbox 2664 2115 2745 2182; x_wconf 81' lang='grc' dir='ltr'><strong>τῷ</strong></span> <span class='ocrx_word' id='word_1_289' title='bbox 2789 2118 3113 2186; x_wconf 78' lang='grc' dir='ltr'><strong>ποιήσαντι</strong></span> <span class='ocrx_word' id='word_1_290' title='bbox 3180 2123 3408 2187; x_wconf 78' lang='grc' dir='ltr'><strong>αὐτὸν,</strong></span> <span class='ocrx_word' id='word_1_291' title='bbox 3463 2127 3548 2192; x_wconf 84' lang='grc' dir='ltr'><strong>ὠς</strong></span> <span class='ocrx_word' id='word_1_292' title='bbox 3603 2128 3714 2182; x_wconf 67' lang='grc' dir='ltr'><strong>καὶ</strong></span> 
     </span>
    </p>
   </div>
   <div class='ocr_carea' id='block_1_49' title="bbox 2122 2203 3704 2277">
    <p class='ocr_par' dir='ltr' id='par_1_49' title="bbox 2122 2203 3704 2277">
     <span class='ocr_line' id='line_1_49' title="bbox 2122 2203 3704 2277; baseline 0.011 -22"><span class='ocrx_word' id='word_1_293' title='bbox 2122 2203 2386 2273; x_wconf 83' lang='grc' dir='ltr'><strong>Μωῡσῆς</strong></span> <span class='ocrx_word' id='word_1_294' title='bbox 2414 2206 2486 2260; x_wconf 74' lang='grc' dir='ltr'><strong>ἐν</strong></span> <span class='ocrx_word' id='word_1_295' title='bbox 2533 2208 2654 2274; x_wconf 72' lang='grc' dir='ltr'><strong>ὅλῳ</strong></span> <span class='ocrx_word' id='word_1_296' title='bbox 2687 2209 2766 2274; x_wconf 84' lang='grc' dir='ltr'><strong>τῷ</strong></span> <span class='ocrx_word' id='word_1_297' title='bbox 2794 2211 2943 2277; x_wconf 79' lang='grc' dir='ltr'><strong>οἴκῳ</strong></span> <span class='ocrx_word' id='word_1_298' title='bbox 2994 2214 3205 2269; x_wconf 78' lang='grc' dir='ltr'><strong>αὐτοῦ.</strong></span> <span class='ocrx_word' id='word_1_299' title='bbox 3259 2217 3486 2270; x_wconf 83' lang='grc' dir='ltr'><strong>Μέλλων</strong></span> <span class='ocrx_word' id='word_1_300' title='bbox 3516 2219 3563 2251; x_wconf 88' lang='grc'><strong>³⁷</strong></span> <span class='ocrx_word' id='word_1_301' title='bbox 3609 2221 3704 2273; x_wconf 81' lang='grc' dir='ltr'><strong>τὸν</strong></span> 
     </span>
    </p>
   </div>
   <div class='ocr_carea' id='block_1_50' title="bbox 2123 2295 3697 2381">
    <p class='ocr_par' dir='ltr' id='par_1_50' title="bbox 2123 2295 3697 2381">
     <span class='ocr_line' id='line_1_50' title="bbox 2123 2295 3697 2381; baseline 0.01 -34"><span class='ocrx_word' id='word_1_302' title='bbox 2123 2295 2360 2364; x_wconf 81' lang='grc' dir='ltr'><strong>Χριστὸν</strong></span> <span class='ocrx_word' id='word_1_303' title='bbox 2402 2299 2718 2368; x_wconf 79' lang='grc' dir='ltr'><strong>προτιθέναι</strong></span> <span class='ocrx_word' id='word_1_304' title='bbox 2767 2303 2862 2355; x_wconf 81' lang='grc' dir='ltr'><strong>τοῦ</strong></span> <span class='ocrx_word' id='word_1_305' title='bbox 2915 2301 3216 2370; x_wconf 73' lang='grc' dir='ltr'><strong>Μωῦσέως,</strong></span> <span class='ocrx_word' id='word_1_306' title='bbox 3269 2306 3444 2376; x_wconf 73' lang='grc' dir='ltr'><strong>ἤγαγε</strong></span> <span class='ocrx_word' id='word_1_307' title='bbox 3478 2309 3582 2378; x_wconf 79' lang='grc' dir='ltr'><strong>μὲν</strong></span> <span class='ocrx_word' id='word_1_308' title='bbox 3621 2312 3697 2381; x_wconf 83' lang='grc' dir='ltr'><strong>είς</strong></span> 
     </span>
    </p>
   </div>
   <div class='ocr_carea' id='block_1_51' title="bbox 2125 2387 3700 2465">
    <p class='ocr_par' dir='ltr' id='par_1_51' title="bbox 2125 2387 3700 2465">
     <span class='ocr_line' id='line_1_51' title="bbox 2125 2387 3700 2465; baseline 0.011 -28"><span class='ocrx_word' id='word_1_309' title='bbox 2125 2387 2290 2456; x_wconf 82' lang='grc' dir='ltr'><strong>μέσον</strong></span> <span class='ocrx_word' id='word_1_310' title='bbox 2322 2389 2418 2458; x_wconf 82' lang='grc' dir='ltr'><strong>τὴν</strong></span> <span class='ocrx_word' id='word_1_311' title='bbox 2449 2391 2882 2464; x_wconf 78' lang='grc' dir='ltr'><strong>ἀρχιερωσύνην,</strong></span> <span class='ocrx_word' id='word_1_312' title='bbox 2914 2396 3008 2448; x_wconf 81' lang='grc' dir='ltr'><strong>καί</strong></span> <span class='ocrx_word' id='word_1_313' title='bbox 3051 2413 3239 2465; x_wconf 76' lang='grc' dir='ltr'><strong>φησιν,</strong></span> <span class='ocrx_word' id='word_1_314' title='bbox 3275 2399 3357 2452; x_wconf 85' lang='grc' dir='ltr'><strong>ὅτι</strong></span> <span class='ocrx_word' id='word_1_315' title='bbox 3389 2401 3502 2453; x_wconf 74' lang='grc' dir='ltr'><strong>Καὶ</strong></span> <span class='ocrx_word' id='word_1_316' title='bbox 3542 2395 3700 2464; x_wconf 74' lang='grc' dir='ltr'><strong>οὗτος</strong></span> 
     </span>
    </p>
   </div>
   <div class='ocr_carea' id='block_1_52' title="bbox 2123 2479 3691 2562">
    <p class='ocr_par' dir='ltr' id='par_1_52' title="bbox 2123 2479 3691 2562">
     <span class='ocr_line' id='line_1_52' title="bbox 2123 2479 3691 2562; baseline 0.01 -32"><span class='ocrx_word' id='word_1_317' title='bbox 2123 2479 2378 2542; x_wconf 81' lang='grc' dir='ltr'><strong>κάκεῖνος</strong></span> <span class='ocrx_word' id='word_1_318' title='bbox 2409 2480 2536 2536; x_wconf 78' lang='grc' dir='ltr'><strong>λαὸν</strong></span> <span class='ocrx_word' id='word_1_319' title='bbox 2561 2484 2989 2555; x_wconf 77' lang='grc' dir='ltr'><strong>ἐγκεχείρισται,</strong></span> <span class='ocrx_word' id='word_1_320' title='bbox 3041 2488 3180 2558; x_wconf 75' lang='grc' dir='ltr'><strong>πλὴν</strong></span> <span class='ocrx_word' id='word_1_321' title='bbox 3236 2488 3354 2542; x_wconf 84' lang='grc' dir='ltr'><strong>ἀλλ’</strong></span> <span class='ocrx_word' id='word_1_322' title='bbox 3391 2492 3484 2543; x_wconf 66' lang='grc' dir='ltr'><strong>ἐπὶ</strong></span> <span class='ocrx_word' id='word_1_323' title='bbox 3519 2493 3691 2562; x_wconf 80' lang='grc' dir='ltr'><strong>μείζο-</strong></span> 
     </span>
    </p>
   </div>
   <div class='ocr_carea' id='block_1_53' title="bbox 2124 2570 3700 2660">
    <p class='ocr_par' dir='ltr' id='par_1_53' title="bbox 2124 2570 3700 2660">
     <span class='ocr_line' id='line_1_53' title="bbox 2124 2570 3700 2660; baseline 0.01 -33"><span class='ocrx_word' id='word_1_324' title='bbox 2124 2592 2209 2627; x_wconf 87' lang='grc' dir='ltr'><strong>σιν</strong></span> <span class='ocrx_word' id='word_1_325' title='bbox 2236 2570 2411 2639; x_wconf 75' lang='grc' dir='ltr'><strong>οὗτος.</strong></span> <span class='ocrx_word' id='word_1_326' title='bbox 2461 2577 2612 2642; x_wconf 84' lang='grc' dir='ltr'>Τέως</span> <span class='ocrx_word' id='word_1_327' title='bbox 2643 2579 2698 2631; x_wconf 79' lang='grc' dir='ltr'><strong>δὲ</strong></span> <span class='ocrx_word' id='word_1_328' title='bbox 2733 2581 2792 2632; x_wconf 82' lang='grc' dir='ltr'><strong>ὲν</strong></span> <span class='ocrx_word' id='word_1_329' title='bbox 2830 2581 2972 2652; x_wconf 75' lang='grc' dir='ltr'><strong>ἀρχῇ</strong></span> <span class='ocrx_word' id='word_1_330' title='bbox 3005 2584 3066 2636; x_wconf 77' lang='grc' dir='ltr'><strong>οὐ</strong></span> <span class='ocrx_word' id='word_1_331' title='bbox 3097 2583 3335 2638; x_wconf 78' lang='grc' dir='ltr'><strong>δείκνυσι</strong></span> <span class='ocrx_word' id='word_1_332' title='bbox 3365 2587 3466 2657; x_wconf 82' lang='grc' dir='ltr'><strong>τὴν</strong></span> <span class='ocrx_word' id='word_1_333' title='bbox 3502 2589 3700 2660; x_wconf 74' lang='lat' dir='ltr'><strong>inrepo-</strong></span> 
     </span>
    </p>
   </div>
   <div class='ocr_carea' id='block_1_54' title="bbox 2122 2667 3696 2752">
    <p class='ocr_par' dir='ltr' id='par_1_54' title="bbox 2122 2667 3696 2752">
     <span class='ocr_line' id='line_1_54' title="bbox 2122 2667 3696 2752; baseline 0.009 -33"><span class='ocrx_word' id='word_1_334' title='bbox 2122 2667 2243 2738; x_wconf 80' lang='grc' dir='ltr'><strong>χὴν,</strong></span> <span class='ocrx_word' id='word_1_335' title='bbox 2275 2668 2360 2721; x_wconf 78' lang='grc' dir='ltr'><strong>ἵνα</strong></span> <span class='ocrx_word' id='word_1_336' title='bbox 2383 2670 2457 2741; x_wconf 76' lang='grc' dir='ltr'><strong>μὴ</strong></span> <span class='ocrx_word' id='word_1_337' title='bbox 2482 2672 2731 2743; x_wconf 80' lang='grc' dir='ltr'><strong>ἀποπηδή</strong></span> <span class='ocrx_word' id='word_1_338' title='bbox 2743 2689 2907 2726; x_wconf 86' lang='grc' dir='ltr'><strong>σωσιν</strong></span> <span class='ocrx_word' id='word_1_339' title='bbox 2931 2689 2946 2703; x_wconf 73' lang='grc' dir='ltr'><strong>ο</strong></span> <span class='ocrx_word' id='word_1_340' title='bbox 2981 2676 3029 2728; x_wconf 79' lang='lat' dir='ltr'><strong>ei</strong></span> <span class='ocrx_word' id='word_1_341' title='bbox 3051 2676 3161 2744; x_wconf 76' lang='grc' dir='ltr'><strong>γὰρ</strong></span> <span class='ocrx_word' id='word_1_342' title='bbox 3191 2678 3286 2731; x_wconf 73' lang='grc' dir='ltr'><strong>καὶ</strong></span> <span class='ocrx_word' id='word_1_343' title='bbox 3312 2681 3496 2733; x_wconf 79' lang='grc' dir='ltr'><strong>πιστοὶ</strong></span> <span class='ocrx_word' id='word_1_344' title='bbox 3533 2676 3696 2752; x_wconf 80' lang='grc' dir='ltr'><strong>ἦσαν,</strong></span> 
     </span>
    </p>
   </div>
   <div class='ocr_carea' id='block_1_55' title="bbox 2121 2759 3689 2835">
    <p class='ocr_par' dir='ltr' id='par_1_55' title="bbox 2121 2759 3689 2835">
     <span class='ocr_line' id='line_1_55' title="bbox 2121 2759 3689 2835; baseline 0.009 -25"><span class='ocrx_word' id='word_1_345' title='bbox 2121 2759 2270 2827; x_wconf 85' lang='grc' dir='ltr'><strong>ὅμως</strong></span> <span class='ocrx_word' id='word_1_346' title='bbox 2299 2761 2437 2812; x_wconf 76' lang='grc' dir='ltr'><strong>πάνυ</strong></span> <span class='ocrx_word' id='word_1_347' title='bbox 2470 2778 2521 2814; x_wconf 88' lang='grc' dir='ltr'><strong>τι</strong></span> <span class='ocrx_word' id='word_1_348' title='bbox 2553 2762 2955 2832; x_wconf 77' lang='grc' dir='ltr'><strong>προσδ;έκειντο</strong></span> <span class='ocrx_word' id='word_1_349' title='bbox 2989 2766 3066 2835; x_wconf 82' lang='grc' dir='ltr'><strong>τῷ</strong></span> <span class='ocrx_word' id='word_1_350' title='bbox 3093 2767 3282 2821; x_wconf 85' lang='grc' dir='ltr'><strong>Μωσεῖ</strong></span> <span class='ocrx_word' id='word_1_351' title='bbox 3313 2785 3328 2800; x_wconf 84' lang='grc'>⁶</span> <span class='ocrx_word' id='word_1_352' title='bbox 3385 2769 3525 2822; x_wconf 73' lang='grc' dir='ltr'>ἀλλὰ</span> <span class='ocrx_word' id='word_1_353' title='bbox 3551 2772 3689 2833; x_wconf 78' lang='grc' dir='ltr'><strong>τέως</strong></span> 
     </span>
    </p>
   </div>
   <div class='ocr_carea' id='block_1_56' title="bbox 2120 2852 3696 2930">
    <p class='ocr_par' dir='ltr' id='par_1_56' title="bbox 2120 2852 3696 2930">
     <span class='ocr_line' id='line_1_56' title="bbox 2120 2852 3696 2930; baseline 0.008 -26"><span class='ocrx_word' id='word_1_354' title='bbox 2120 2852 2293 2918; x_wconf 81' lang='grc' dir='ltr'><strong>ἐξισοῖ</strong></span> <span class='ocrx_word' id='word_1_355' title='bbox 2320 2855 2412 2906; x_wconf 86' lang='grc' dir='ltr'><strong>τὸν</strong></span> <span class='ocrx_word' id='word_1_356' title='bbox 2468 2855 2668 2925; x_wconf 83' lang='grc' dir='ltr'><strong>Κύριον</strong></span> <span class='ocrx_word' id='word_1_357' title='bbox 2715 2856 2910 2927; x_wconf 71' lang='grc' dir='ltr'><strong>ἐκείνῳ</strong></span> <span class='ocrx_word' id='word_1_358' title='bbox 2937 2899 2952 2924; x_wconf 87' lang='grc'><strong>,</strong></span> <span class='ocrx_word' id='word_1_359' title='bbox 3010 2860 3103 2912; x_wconf 85' lang='grc' dir='ltr'><strong>καί</strong></span> <span class='ocrx_word' id='word_1_360' title='bbox 3141 2877 3328 2930; x_wconf 80' lang='grc' dir='ltr'><strong>φησιν,</strong></span> <span class='ocrx_word' id='word_1_361' title='bbox 3371 2861 3454 2914; x_wconf 80' lang='grc' dir='ltr'><strong>ὅτι</strong></span> <span class='ocrx_word' id='word_1_362' title='bbox 3497 2863 3696 2926; x_wconf 80' lang='grc' dir='ltr'><strong>Πιστός</strong></span> 
     </span>
    </p>
   </div>
   <div class='ocr_carea' id='block_1_57' title="bbox 2125 2939 3697 3024">
    <p class='ocr_par' dir='ltr' id='par_1_57' title="bbox 2125 2939 3697 3024">
     <span class='ocr_line' id='line_1_57' title="bbox 2125 2939 3697 3024; baseline 0.006 -26"><span class='ocrx_word' id='word_1_363' title='bbox 2125 2947 2242 2998; x_wconf 68' lang='grc' dir='ltr'><strong>ἐστι</strong></span> <span class='ocrx_word' id='word_1_364' title='bbox 2271 2947 2363 2999; x_wconf 78' lang='grc' dir='ltr'><strong>καὶ</strong></span> <span class='ocrx_word' id='word_1_365' title='bbox 2393 2939 2550 3010; x_wconf 79' lang='grc' dir='ltr'><strong>οὗτος</strong></span> <span class='ocrx_word' id='word_1_366' title='bbox 2580 2947 2658 3018; x_wconf 86' lang='grc' dir='ltr'><strong>τῷ</strong></span> <span class='ocrx_word' id='word_1_367' title='bbox 2697 2949 2870 3018; x_wconf 67' lang='lat' dir='ltr'><strong>[largi</strong></span> <span class='ocrx_word' id='word_1_368' title='bbox 2892 2950 2972 3020; x_wconf 81' lang='grc' dir='ltr'><strong>τῷ</strong></span> <span class='ocrx_word' id='word_1_369' title='bbox 2998 2953 3287 3022; x_wconf 81' lang='grc' dir='ltr'><strong>ποιήσαντι</strong></span> <span class='ocrx_word' id='word_1_370' title='bbox 3313 2952 3473 3006; x_wconf 71' lang='grc' dir='ltr'><strong>αὐτὸν</strong></span> <span class='ocrx_word' id='word_1_371' title='bbox 3507 2954 3697 3024; x_wconf 68' lang='grc' dir='ltr'><strong>ἀρχιε-</strong></span> 
     </span>
    </p>
   </div>
   <div class='ocr_carea' id='block_1_58' title="bbox 2128 3037 3695 3114">
    <p class='ocr_par' dir='ltr' id='par_1_58' title="bbox 2128 3037 3695 3114">
     <span class='ocr_line' id='line_1_58' title="bbox 2128 3037 3695 3114; baseline 0.006 -25"><span class='ocrx_word' id='word_1_372' title='bbox 2128 3037 2227 3107; x_wconf 88' lang='grc' dir='ltr'><strong>ρέα</strong></span> <span class='ocrx_word' id='word_1_373' title='bbox 2264 3037 2360 3090; x_wconf 78' lang='grc' dir='ltr'><strong>καὶ</strong></span> <span class='ocrx_word' id='word_1_374' title='bbox 2411 3039 2729 3094; x_wconf 80' lang='grc' dir='ltr'><strong>ἀπόστολον.</strong></span> <span class='ocrx_word' id='word_1_375' title='bbox 2787 3042 2863 3094; x_wconf 85' lang='grc' dir='ltr'><strong>Οὐ</strong></span> <span class='ocrx_word' id='word_1_376' title='bbox 2904 3043 3012 3114; x_wconf 66' lang='grc' dir='ltr'><strong>γὰρ</strong></span> <span class='ocrx_word' id='word_1_377' title='bbox 3071 3043 3200 3112; x_wconf 82' lang='grc' dir='ltr'><strong>περὶ</strong></span> <span class='ocrx_word' id='word_1_378' title='bbox 3244 3044 3561 3108; x_wconf 82' lang='grc' dir='ltr'><strong>οὐσιώσεως</strong></span> <span class='ocrx_word' id='word_1_379' title='bbox 3609 3049 3695 3099; x_wconf 71' lang='grc' dir='ltr'><strong>ιν-</strong></span> 
     </span>
    </p>
   </div>
   <div class='ocr_carea' id='block_1_59' title="bbox 445 3120 2018 3220">
    <p class='ocr_par' dir='ltr' id='par_1_59' title="bbox 445 3120 2018 3192">
     <span class='ocr_line' id='line_1_59' title="bbox 445 3120 2018 3192; baseline 0.012 -20"><span class='ocrx_word' id='word_1_380' title='bbox 445 3120 663 3174; x_wconf 83' lang='lat' dir='ltr'><strong>ratione</strong></span> <span class='ocrx_word' id='word_1_381' title='bbox 711 3137 892 3178; x_wconf 86' lang='lat' dir='ltr'><strong>sermo</strong></span> <span class='ocrx_word' id='word_1_382' title='bbox 915 3135 1020 3188; x_wconf 87' lang='lat' dir='ltr'><strong>est,</strong></span> <span class='ocrx_word' id='word_1_383' title='bbox 1059 3142 1245 3181; x_wconf 90' lang='lat' dir='ltr'><strong>verum</strong></span> <span class='ocrx_word' id='word_1_384' title='bbox 1285 3128 1354 3183; x_wconf 90' lang='lat' dir='ltr'><strong>de</strong></span> <span class='ocrx_word' id='word_1_385' title='bbox 1386 3133 1794 3190; x_wconf 85' lang='lat' dir='ltr'><strong>commissione.</strong></span> <span class='ocrx_word' id='word_1_386' title='bbox 1821 3129 2018 3192; x_wconf 78' lang='lat' dir='ltr'><strong>Fidelis</strong></span> 
     </span>
    </p>
   </div>
   <div class='ocr_carea' id='block_1_60' title="bbox 2127 3120 3699 3220">
    <p class='ocr_par' dir='ltr' id='par_1_60' title="bbox 2127 3126 3699 3205">
     <span class='ocr_line' id='line_1_60' title="bbox 2127 3126 3699 3205; baseline 0.008 -27"><span class='ocrx_word' id='word_1_387' title='bbox 2127 3126 2298 3182; x_wconf 83' lang='grc' dir='ltr'><strong>ταῦθα</strong></span> <span class='ocrx_word' id='word_1_388' title='bbox 2319 3130 2346 3181; x_wconf 99' lang='lat'><em>6</em></span> <span class='ocrx_word' id='word_1_389' title='bbox 2383 3128 2562 3196; x_wconf 78' lang='grc' dir='ltr'><strong>λόγος,</strong></span> <span class='ocrx_word' id='word_1_390' title='bbox 2599 3129 2736 3184; x_wconf 79' lang='grc' dir='ltr'>ἀλλὰ</span> <span class='ocrx_word' id='word_1_391' title='bbox 2765 3135 2894 3202; x_wconf 75' lang='grc' dir='ltr'><strong>περὶ</strong></span> <span class='ocrx_word' id='word_1_392' title='bbox 2917 3136 3345 3205; x_wconf 78' lang='grc' dir='ltr'><strong>προχειρήσεως·</strong></span> <span class='ocrx_word' id='word_1_393' title='bbox 3379 3137 3580 3200; x_wconf 81' lang='grc' dir='ltr'><strong>Πιστὸς</strong></span> <span class='ocrx_word' id='word_1_394' title='bbox 3607 3134 3699 3192; x_wconf 75' lang='grc' dir='ltr'><strong>οὖν</strong></span> 
     </span>
    </p>
   </div>
   <div class='ocr_carea' id='block_1_61' title="bbox 448 3207 2021 3295">
    <p class='ocr_par' dir='ltr' id='par_1_61' title="bbox 448 3207 2021 3295">
     <span class='ocr_line' id='line_1_61' title="bbox 448 3207 2021 3295; baseline 0.015 -35"><span class='ocrx_word' id='word_1_395' title='bbox 448 3207 613 3275; x_wconf 78' lang='lat' dir='ltr'><strong>igitur</strong></span> <span class='ocrx_word' id='word_1_396' title='bbox 640 3219 745 3276; x_wconf 90' lang='lat' dir='ltr'><strong>est,</strong></span> <span class='ocrx_word' id='word_1_397' title='bbox 781 3214 886 3268; x_wconf 88' lang='lat' dir='ltr'><strong>hoc</strong></span> <span class='ocrx_word' id='word_1_398' title='bbox 912 3225 1018 3280; x_wconf 91' lang='lat' dir='ltr'><strong>est,</strong></span> <span class='ocrx_word' id='word_1_399' title='bbox 1085 3217 1405 3285; x_wconf 85' lang='lat' dir='ltr'><strong>benevolus,</strong></span> <span class='ocrx_word' id='word_1_400' title='bbox 1449 3235 1640 3276; x_wconf 89' lang='lat' dir='ltr'><strong>curam</strong></span> <span class='ocrx_word' id='word_1_401' title='bbox 1686 3240 1880 3295; x_wconf 75' lang='lat' dir='ltr'><strong>gerens</strong></span> <span class='ocrx_word' id='word_1_402' title='bbox 1923 3243 2021 3282; x_wconf 88' lang='lat' dir='ltr'><strong>eo-</strong></span> 
     </span>
    </p>
   </div>
   <div class='ocr_carea' id='block_1_62' title="bbox 444 3307 2017 3390">
    <p class='ocr_par' dir='ltr' id='par_1_62' title="bbox 444 3307 2017 3390">
     <span class='ocr_line' id='line_1_62' title="bbox 444 3307 2017 3390; baseline 0.014 -38"><span class='ocrx_word' id='word_1_403' title='bbox 444 3314 565 3352; x_wconf 89' lang='lat' dir='ltr'><strong>rum</strong></span> <span class='ocrx_word' id='word_1_404' title='bbox 597 3316 717 3371; x_wconf 67' lang='lat' dir='ltr'><strong>qnaa</strong></span> <span class='ocrx_word' id='word_1_405' title='bbox 741 3312 870 3358; x_wconf 88' lang='lat' dir='ltr'><strong>sunt</strong></span> <span class='ocrx_word' id='word_1_406' title='bbox 901 3307 1098 3369; x_wconf 85' lang='lat' dir='ltr'><strong>Patris.</strong></span> <span class='ocrx_word' id='word_1_407' title='bbox 1133 3317 1186 3364; x_wconf 89' lang='lat' dir='ltr'><strong>et</strong></span> <span class='ocrx_word' id='word_1_408' title='bbox 1224 3326 1330 3365; x_wconf 91' lang='lat' dir='ltr'><strong>non</strong></span> <span class='ocrx_word' id='word_1_409' title='bbox 1376 3311 1563 3368; x_wconf 89' lang='lat' dir='ltr'><strong>sinens</strong></span> <span class='ocrx_word' id='word_1_410' title='bbox 1616 3329 1679 3370; x_wconf 89' lang='lat' dir='ltr'><strong>ea</strong></span> <span class='ocrx_word' id='word_1_411' title='bbox 1718 3320 2017 3390; x_wconf 90' lang='lat' dir='ltr'><strong>corrumpi,</strong></span> 
     </span>
    </p>
   </div>
   <div class='ocr_carea' id='block_1_63' title="bbox 441 3393 2021 3474">
    <p class='ocr_par' dir='ltr' id='par_1_63' title="bbox 441 3393 2021 3474">
     <span class='ocr_line' id='line_1_63' title="bbox 441 3393 2021 3474; baseline 0.014 -30"><span class='ocrx_word' id='word_1_412' title='bbox 441 3393 539 3446; x_wconf 77' lang='lat' dir='ltr'><strong>sed</strong></span> <span class='ocrx_word' id='word_1_413' title='bbox 583 3394 816 3451; x_wconf 83' lang='lat' dir='ltr'><strong>salutem</strong></span> <span class='ocrx_word' id='word_1_414' title='bbox 874 3399 1055 3465; x_wconf 87' lang='lat' dir='ltr'><strong>potius</strong></span> <span class='ocrx_word' id='word_1_415' title='bbox 1112 3416 1302 3456; x_wconf 75' lang='lat' dir='ltr'><strong>corum</strong></span> <span class='ocrx_word' id='word_1_416' title='bbox 1353 3419 1624 3473; x_wconf 69' lang='lat' dir='ltr'><strong>quaerens.</strong></span> <span class='ocrx_word' id='word_1_417' title='bbox 1667 3407 2021 3474; x_wconf 82' lang='lat' dir='ltr'><strong>Quemadmo-</strong></span> 
     </span>
    </p>
   </div>
   <div class='ocr_carea' id='block_1_64' title="bbox 441 3485 2014 3572">
    <p class='ocr_par' dir='ltr' id='par_1_64' title="bbox 441 3485 2014 3572">
     <span class='ocr_line' id='line_1_64' title="bbox 441 3485 2014 3572; baseline 0.015 -35"><span class='ocrx_word' id='word_1_418' title='bbox 441 3488 566 3539; x_wconf 82' lang='lat' dir='ltr'><strong>dum</strong></span> <span class='ocrx_word' id='word_1_419' title='bbox 603 3495 655 3540; x_wconf 79' lang='lat' dir='ltr'><strong>et</strong></span> <span class='ocrx_word' id='word_1_420' title='bbox 676 3485 850 3543; x_wconf 77' lang='lat' dir='ltr'><strong>Moses</strong></span> <span class='ocrx_word' id='word_1_421' title='bbox 877 3490 932 3544; x_wconf 86' lang='lat' dir='ltr'><strong>in</strong></span> <span class='ocrx_word' id='word_1_422' title='bbox 973 3501 1082 3546; x_wconf 85' lang='lat' dir='ltr'><strong>tota</strong></span> <span class='ocrx_word' id='word_1_423' title='bbox 1105 3493 1408 3562; x_wconf 86' lang='lat' dir='ltr'><strong>domoejus,</strong></span> <span class='ocrx_word' id='word_1_424' title='bbox 1437 3497 1541 3551; x_wconf 82' lang='lat' dir='ltr'><strong>lioe</strong></span> <span class='ocrx_word' id='word_1_425' title='bbox 1569 3508 1675 3563; x_wconf 86' lang='lat' dir='ltr'><strong>est,</strong></span> <span class='ocrx_word' id='word_1_426' title='bbox 1705 3500 1758 3555; x_wconf 92' lang='lat' dir='ltr'><strong>in</strong></span> <span class='ocrx_word' id='word_1_427' title='bbox 1796 3505 2014 3572; x_wconf 88' lang='lat' dir='ltr'><strong>populo.</strong></span> 
     </span>
    </p>
   </div>
   <div class='ocr_carea' id='block_1_65' title="bbox 442 3577 2017 3657">
    <p class='ocr_par' dir='ltr' id='par_1_65' title="bbox 442 3577 2017 3657">
     <span class='ocr_line' id='line_1_65' title="bbox 442 3577 2017 3657; baseline 0.012 -25"><span class='ocrx_word' id='word_1_428' title='bbox 442 3577 675 3632; x_wconf 87' lang='lat' dir='ltr'><strong>Domum</strong></span> <span class='ocrx_word' id='word_1_429' title='bbox 707 3580 854 3634; x_wconf 88' lang='lat' dir='ltr'><strong>enim</strong></span> <span class='ocrx_word' id='word_1_430' title='bbox 894 3584 1153 3652; x_wconf 82' lang='lat' dir='ltr'><strong>populum</strong></span> <span class='ocrx_word' id='word_1_431' title='bbox 1178 3596 1356 3650; x_wconf 85' lang='lat' dir='ltr'><strong>vocat,</strong></span> <span class='ocrx_word' id='word_1_432' title='bbox 1413 3589 1640 3657; x_wconf 86' lang='lat' dir='ltr'><strong>perinde</strong></span> <span class='ocrx_word' id='word_1_433' title='bbox 1667 3605 1729 3646; x_wconf 85' lang='lat' dir='ltr'><strong>ac</strong></span> <span class='ocrx_word' id='word_1_434' title='bbox 1753 3608 1856 3650; x_wconf 89' lang='lat' dir='ltr'><strong>nos</strong></span> <span class='ocrx_word' id='word_1_435' title='bbox 1885 3610 2017 3650; x_wconf 91' lang='lat' dir='ltr'><strong>eou-</strong></span> 
     </span>
    </p>
   </div>
   <div class='ocr_carea' id='block_1_66' title="bbox 440 3665 2015 3747">
    <p class='ocr_par' dir='ltr' id='par_1_66' title="bbox 440 3665 2015 3747">
     <span class='ocr_line' id='line_1_66' title="bbox 440 3665 2015 3747; baseline 0.013 -29"><span class='ocrx_word' id='word_1_436' title='bbox 440 3665 722 3720; x_wconf 88' lang='lat' dir='ltr'><strong>suevimus</strong></span> <span class='ocrx_word' id='word_1_437' title='bbox 750 3666 954 3735; x_wconf 78' lang='lat' dir='ltr'><strong>dicere,</strong></span> <span class='ocrx_word' id='word_1_438' title='bbox 994 3671 1086 3726; x_wconf 89' lang='lat' dir='ltr'><strong>Ille</strong></span> <span class='ocrx_word' id='word_1_439' title='bbox 1133 3688 1199 3727; x_wconf 80' lang='lat' dir='ltr'><strong>ex</strong></span> <span class='ocrx_word' id='word_1_440' title='bbox 1232 3673 1334 3728; x_wconf 81' lang='lat' dir='ltr'><strong>liae</strong></span> <span class='ocrx_word' id='word_1_441' title='bbox 1363 3676 1528 3730; x_wconf 86' lang='lat' dir='ltr'><strong>domo</strong></span> <span class='ocrx_word' id='word_1_442' title='bbox 1571 3686 1678 3734; x_wconf 76' lang='lat' dir='ltr'><strong>est.</strong></span> <span class='ocrx_word' id='word_1_443' title='bbox 1721 3679 2015 3747; x_wconf 57' lang='lat' dir='ltr'><strong>Caeterum,</strong></span> 
     </span>
    </p>
   </div>
   <div class='ocr_carea' id='block_1_67' title="bbox 443 3755 2018 3830">
    <p class='ocr_par' dir='ltr' id='par_1_67' title="bbox 443 3755 2018 3830">
     <span class='ocr_line' id='line_1_67' title="bbox 443 3755 2018 3830; baseline 0.013 -22"><span class='ocrx_word' id='word_1_444' title='bbox 443 3755 600 3824; x_wconf 76' lang='lat' dir='ltr'><strong>Ejus,</strong></span> <span class='ocrx_word' id='word_1_445' title='bbox 637 3758 753 3813; x_wconf 84' lang='lat' dir='ltr'><strong>sive</strong></span> <span class='ocrx_word' id='word_1_446' title='bbox 776 3760 1024 3824; x_wconf 79' lang='lat' dir='ltr'><strong>l_loi,sive</strong></span> <span class='ocrx_word' id='word_1_447' title='bbox 1051 3761 1238 3818; x_wconf 71' lang='lat' dir='ltr'><strong>Hosis.</strong></span> <span class='ocrx_word' id='word_1_448' title='bbox 1274 3765 1408 3820; x_wconf 83' lang='lat' dir='ltr'><strong>Nam</strong></span> <span class='ocrx_word' id='word_1_449' title='bbox 1443 3775 1498 3822; x_wconf 88' lang='lat' dir='ltr'><strong>et</strong></span> <span class='ocrx_word' id='word_1_450' title='bbox 1523 3768 1690 3826; x_wconf 80' lang='lat' dir='ltr'><strong>Mosis</strong></span> <span class='ocrx_word' id='word_1_451' title='bbox 1733 3771 2018 3830; x_wconf 79' lang='lat' dir='ltr'><strong>dicebatur</strong></span> 
     </span>
    </p>
   </div>
   <div class='ocr_carea' id='block_1_68' title="bbox 441 3846 2010 3934">
    <p class='ocr_par' dir='ltr' id='par_1_68' title="bbox 441 3846 2010 3934">
     <span class='ocr_line' id='line_1_68' title="bbox 441 3846 2010 3934; baseline 0.017 -39"><span class='ocrx_word' id='word_1_452' title='bbox 441 3846 702 3915; x_wconf 86' lang='lat' dir='ltr'><strong>populus.</strong></span> <span class='ocrx_word' id='word_1_453' title='bbox 735 3855 834 3902; x_wconf 85' lang='lat' dir='ltr'><strong>ut:</strong></span> <span class='ocrx_word' id='word_1_454' title='bbox 868 3849 1105 3918; x_wconf 84' lang='lat' dir='ltr'><strong>Populus</strong></span> <span class='ocrx_word' id='word_1_455' title='bbox 1135 3861 1256 3907; x_wconf 83' lang='lat' dir='ltr'><strong>tuus</strong></span> <span class='ocrx_word' id='word_1_456' title='bbox 1289 3860 1541 3924; x_wconf 75' lang='lat' dir='ltr'><strong>peccavit.</strong></span> <span class='ocrx_word' id='word_1_457' title='bbox 1577 3858 1854 3930; x_wconf 84' lang='lat' dir='ltr'><strong>Tanquam</strong></span> <span class='ocrx_word' id='word_1_458' title='bbox 1888 3881 2010 3934; x_wconf 79' lang='lat' dir='ltr'><strong>pro-</strong></span> 
     </span>
    </p>
   </div>
   <div class='ocr_carea' id='block_1_69' title="bbox 441 3941 2015 4016">
    <p class='ocr_par' dir='ltr' id='par_1_69' title="bbox 441 3941 2015 4016">
     <span class='ocr_line' id='line_1_69' title="bbox 441 3941 2015 4016; baseline 0.015 -29"><span class='ocrx_word' id='word_1_459' title='bbox 441 3945 662 3989; x_wconf 81' lang='lat' dir='ltr'><strong>curator</strong></span> <span class='ocrx_word' id='word_1_460' title='bbox 686 3944 1077 3996; x_wconf 66' lang='lat' dir='ltr'><strong>cunei-nonius</strong></span> <span class='ocrx_word' id='word_1_461' title='bbox 1111 3941 1332 4010; x_wconf 88' lang='lat' dir='ltr'><strong>domus,</strong></span> <span class='ocrx_word' id='word_1_462' title='bbox 1362 3945 1658 4016; x_wconf 88' lang='lat' dir='ltr'><strong>inquit,sic</strong></span> <span class='ocrx_word' id='word_1_463' title='bbox 1684 3959 1802 4004; x_wconf 84' lang='lat' dir='ltr'><strong>erat</strong></span> <span class='ocrx_word' id='word_1_464' title='bbox 1837 3951 2015 4012; x_wconf 80' lang='lat' dir='ltr'><strong>Moses</strong></span> 
     </span>
    </p>
   </div>
   <div class='ocr_carea' id='block_1_70' title="bbox 442 4025 754 4098">
    <p class='ocr_par' dir='ltr' id='par_1_70' title="bbox 442 4025 754 4098">
     <span class='ocr_line' id='line_1_70' title="bbox 442 4025 754 4098; baseline 0.01 -19"><span class='ocrx_word' id='word_1_465' title='bbox 442 4025 497 4080; x_wconf 90' lang='lat' dir='ltr'><strong>in</strong></span> <span class='ocrx_word' id='word_1_466' title='bbox 532 4028 754 4098; x_wconf 86' lang='lat' dir='ltr'><strong>populo.</strong></span> 
     </span>
    </p>
   </div>
   <div class='ocr_carea' id='block_1_71' title="bbox 518 4116 2015 4199">
    <p class='ocr_par' dir='ltr' id='par_1_71' title="bbox 518 4116 2015 4199">
     <span class='ocr_line' id='line_1_71' title="bbox 518 4116 2015 4199; baseline 0.015 -29"><span class='ocrx_word' id='word_1_467' title='bbox 518 4116 683 4174; x_wconf 76' lang='lat' dir='ltr'><strong>Vens.</strong></span> <span class='ocrx_word' id='word_1_468' title='bbox 715 4118 772 4181; x_wconf 81' lang='lat'><strong>3,</strong></span> <span class='ocrx_word' id='word_1_469' title='bbox 807 4119 883 4174; x_wconf 72' lang='grc'><strong>4.</strong></span> <span class='ocrx_word' id='word_1_470' title='bbox 913 4121 1180 4190; x_wconf 77' lang='lat' dir='ltr'><strong>Antpliori</strong></span> <span class='ocrx_word' id='word_1_471' title='bbox 1207 4127 1346 4177; x_wconf 81' lang='lat' dir='ltr'><strong>enim</strong></span> <span class='ocrx_word' id='word_1_472' title='bbox 1379 4124 1562 4194; x_wconf 76' lang='lat' dir='ltr'><strong>gloria:</strong></span> <span class='ocrx_word' id='word_1_473' title='bbox 1585 4128 1684 4184; x_wconf 86' lang='lat' dir='ltr'><strong>iste</strong></span> <span class='ocrx_word' id='word_1_474' title='bbox 1708 4145 1820 4199; x_wconf 65' lang='lat' dir='ltr'><strong>prie</strong></span> <span class='ocrx_word' id='word_1_475' title='bbox 1868 4134 2015 4192; x_wconf 80' lang='lat' dir='ltr'><strong>Mose</strong></span> 
     </span>
    </p>
   </div>
   <div class='ocr_carea' id='block_1_72' title="bbox 437 4209 2014 4286">
    <p class='ocr_par' dir='ltr' id='par_1_72' title="bbox 437 4209 2014 4286">
     <span class='ocr_line' id='line_1_72' title="bbox 437 4209 2014 4286; baseline 0.013 -26"><span class='ocrx_word' id='word_1_476' title='bbox 437 4209 636 4278; x_wconf 75' lang='lat' dir='ltr'><strong>dignus</strong></span> <span class='ocrx_word' id='word_1_477' title='bbox 658 4220 735 4264; x_wconf 84' lang='lat' dir='ltr'><strong>est</strong></span> <span class='ocrx_word' id='word_1_478' title='bbox 757 4241 759 4244; x_wconf 58' lang='grc'>‹</span> <span class='ocrx_word' id='word_1_479' title='bbox 782 4211 1013 4276; x_wconf 80' lang='lat' dir='ltr'><strong>habitus,</strong></span> <span class='ocrx_word' id='word_1_480' title='bbox 1031 4223 1228 4284; x_wconf 85' lang='lat' dir='ltr'><strong>quanto</strong></span> <span class='ocrx_word' id='word_1_481' title='bbox 1252 4217 1561 4286; x_wconf 83' lang='lat' dir='ltr'><strong>ampliorem</strong></span> <span class='ocrx_word' id='word_1_482' title='bbox 1588 4220 1835 4280; x_wconf 77' lang='lat' dir='ltr'><strong>honorent</strong></span> <span class='ocrx_word' id='word_1_483' title='bbox 1860 4226 2014 4282; x_wconf 76' lang='lat' dir='ltr'><strong>habet</strong></span> 
     </span>
    </p>
   </div>
   <div class='ocr_carea' id='block_1_73' title="bbox 438 4300 2008 4384">
    <p class='ocr_par' dir='ltr' id='par_1_73' title="bbox 438 4300 2008 4384">
     <span class='ocr_line' id='line_1_73' title="bbox 438 4300 2008 4384; baseline 0.015 -33"><span class='ocrx_word' id='word_1_484' title='bbox 438 4300 600 4353; x_wconf 83' lang='lat' dir='ltr'><strong>domo</strong></span> <span class='ocrx_word' id='word_1_485' title='bbox 617 4302 662 4356; x_wconf 90' lang='lat' dir='ltr'><strong>is</strong></span> <span class='ocrx_word' id='word_1_486' title='bbox 679 4303 770 4372; x_wconf 83' lang='lat' dir='ltr'><strong>qui</strong></span> <span class='ocrx_word' id='word_1_487' title='bbox 793 4303 1066 4373; x_wconf 75' lang='lat' dir='ltr'><strong>fabricavit</strong></span> <span class='ocrx_word' id='word_1_488' title='bbox 1099 4305 1270 4366; x_wconf 75' lang='lat' dir='ltr'><strong>illam.</strong></span> <span class='ocrx_word' id='word_1_489' title='bbox 1302 4308 1490 4364; x_wconf 84' lang='lat' dir='ltr'><strong>Omnis</strong></span> <span class='ocrx_word' id='word_1_490' title='bbox 1547 4328 1772 4384; x_wconf 78' lang='lat' dir='ltr'><strong>namque</strong></span> <span class='ocrx_word' id='word_1_491' title='bbox 1824 4317 2008 4378; x_wconf 84' lang='lat' dir='ltr'><strong>domus</strong></span> 
     </span>
    </p>
   </div>
   <div class='ocr_carea' id='block_1_74' title="bbox 440 4391 2009 4473">
    <p class='ocr_par' dir='ltr' id='par_1_74' title="bbox 440 4391 2009 4473">
     <span class='ocr_line' id='line_1_74' title="bbox 440 4391 2009 4473; baseline 0.013 -29"><span class='ocrx_word' id='word_1_492' title='bbox 440 4391 741 4461; x_wconf 74' lang='lat' dir='ltr'><strong>fabricatur</strong></span> <span class='ocrx_word' id='word_1_493' title='bbox 769 4396 834 4448; x_wconf 87' lang='lat' dir='ltr'><strong>ab</strong></span> <span class='ocrx_word' id='word_1_494' title='bbox 853 4397 1052 4464; x_wconf 84' lang='lat' dir='ltr'><strong>aliqua.</strong></span> <span class='ocrx_word' id='word_1_495' title='bbox 1081 4399 1186 4464; x_wconf 80' lang='lat' dir='ltr'><strong>Qui</strong></span> <span class='ocrx_word' id='word_1_496' title='bbox 1210 4408 1387 4454; x_wconf 79' lang='lat' dir='ltr'><strong>autem</strong></span> <span class='ocrx_word' id='word_1_497' title='bbox 1418 4403 1596 4457; x_wconf 80' lang='lat' dir='ltr'><strong>omnia</strong></span> <span class='ocrx_word' id='word_1_498' title='bbox 1626 4408 1846 4473; x_wconf 82' lang='lat' dir='ltr'><strong>creavit,</strong></span> <span class='ocrx_word' id='word_1_499' title='bbox 1873 4407 2009 4465; x_wconf 86' lang='lat' dir='ltr'><strong>Deus</strong></span> 
     </span>
    </p>
   </div>
   <div class='ocr_carea' id='block_1_75' title="bbox 2123 3220 3697 3297">
    <p class='ocr_par' dir='ltr' id='par_1_75' title="bbox 2123 3220 3697 3297">
     <span class='ocr_line' id='line_1_75' title="bbox 2123 3220 3697 3297; baseline 0.007 -25"><span class='ocrx_word' id='word_1_500' title='bbox 2123 3221 2261 3282; x_wconf 79' lang='grc' dir='ltr'><strong>ἐστι,</strong></span> <span class='ocrx_word' id='word_1_501' title='bbox 2313 3220 2617 3286; x_wconf 84' lang='grc' dir='ltr'><strong>τουτέστιν,</strong></span> <span class='ocrx_word' id='word_1_502' title='bbox 2687 3223 2948 3291; x_wconf 71' lang='grc' dir='ltr'><strong>εὐνοϊκὸς,</strong></span> <span class='ocrx_word' id='word_1_503' title='bbox 3011 3227 3408 3297; x_wconf 74' lang='grc' dir='ltr'><strong>προϊστάμενος</strong></span> <span class='ocrx_word' id='word_1_504' title='bbox 3459 3229 3576 3282; x_wconf 82' lang='grc' dir='ltr'><strong>τῶν</strong></span> <span class='ocrx_word' id='word_1_505' title='bbox 3607 3229 3697 3283; x_wconf 69' lang='grc' dir='ltr'><strong>τοῦ</strong></span> 
     </span>
    </p>
   </div>
   <div class='ocr_carea' id='block_1_76' title="bbox 2123 3309 3702 3390">
    <p class='ocr_par' dir='ltr' id='par_1_76' title="bbox 2123 3309 3702 3390">
     <span class='ocr_line' id='line_1_76' title="bbox 2123 3309 3702 3390; baseline 0.006 -27"><span class='ocrx_word' id='word_1_506' title='bbox 2123 3309 2357 3381; x_wconf 81' lang='grc' dir='ltr'><strong>Πατρδς,</strong></span> <span class='ocrx_word' id='word_1_507' title='bbox 2402 3311 2494 3365; x_wconf 75' lang='grc' dir='ltr'><strong>καὶ</strong></span> <span class='ocrx_word' id='word_1_508' title='bbox 2544 3312 2644 3366; x_wconf 83' lang='grc' dir='ltr'><strong>οὐκ</strong></span> <span class='ocrx_word' id='word_1_509' title='bbox 2679 3315 2784 3368; x_wconf 73' lang='grc' dir='ltr'><strong>ἐῶν</strong></span> <span class='ocrx_word' id='word_1_510' title='bbox 2841 3315 2979 3370; x_wconf 81' lang='grc' dir='ltr'><strong>αὐτὰ</strong></span> <span class='ocrx_word' id='word_1_511' title='bbox 3015 3316 3365 3388; x_wconf 79' lang='grc' dir='ltr'><strong>φθείρεσθαι,</strong></span> <span class='ocrx_word' id='word_1_512' title='bbox 3415 3319 3558 3375; x_wconf 79' lang='grc' dir='ltr'><strong>ἀλλὰ</strong></span> <span class='ocrx_word' id='word_1_513' title='bbox 3599 3321 3702 3390; x_wconf 70' lang='grc' dir='ltr'><strong>τὴν</strong></span> 
     </span>
    </p>
   </div>
   <div class='ocr_carea' id='block_1_77' title="bbox 2123 3405 3698 3482">
    <p class='ocr_par' dir='ltr' id='par_1_77' title="bbox 2123 3405 3698 3482">
     <span class='ocr_line' id='line_1_77' title="bbox 2123 3405 3698 3482; baseline 0.009 -25"><span class='ocrx_word' id='word_1_514' title='bbox 2123 3405 2397 3476; x_wconf 76' lang='grc' dir='ltr'><strong>σωτηρίαν</strong></span> <span class='ocrx_word' id='word_1_515' title='bbox 2424 3407 2608 3472; x_wconf 81' lang='grc' dir='ltr'><strong>αὐτοῖς</strong></span> <span class='ocrx_word' id='word_1_516' title='bbox 2640 3410 3121 3482; x_wconf 80' lang='grc' dir='ltr'><strong>περιποιούμενος.</strong></span> <span class='ocrx_word' id='word_1_517' title='bbox 3181 3413 3277 3480; x_wconf 83' lang='grc' dir='ltr'><strong>Ὠς</strong></span> <span class='ocrx_word' id='word_1_518' title='bbox 3304 3415 3402 3471; x_wconf 77' lang='grc' dir='ltr'><strong>καί</strong></span> <span class='ocrx_word' id='word_1_519' title='bbox 3431 3413 3698 3482; x_wconf 73' lang='grc' dir='ltr'><strong>Μωῦσῆς</strong></span> 
     </span>
    </p>
   </div>
   <div class='ocr_carea' id='block_1_78' title="bbox 2118 3492 3688 3577">
    <p class='ocr_par' dir='ltr' id='par_1_78' title="bbox 2118 3492 3688 3577">
     <span class='ocr_line' id='line_1_78' title="bbox 2118 3492 3688 3577; baseline 0.011 -32"><span class='ocrx_word' id='word_1_520' title='bbox 2118 3492 2190 3546; x_wconf 75' lang='grc' dir='ltr'><strong>ἐν</strong></span> <span class='ocrx_word' id='word_1_521' title='bbox 2226 3492 2348 3559; x_wconf 80' lang='grc' dir='ltr'><strong>ὅλῳ</strong></span> <span class='ocrx_word' id='word_1_522' title='bbox 2403 3493 2483 3560; x_wconf 83' lang='grc' dir='ltr'><strong>τῷ</strong></span> <span class='ocrx_word' id='word_1_523' title='bbox 2528 3497 2672 3563; x_wconf 78' lang='grc' dir='ltr'><strong>οἴκῳ</strong></span> <span class='ocrx_word' id='word_1_524' title='bbox 2722 3500 2931 3563; x_wconf 86' lang='grc' dir='ltr'><strong>αὐτοῦ,</strong></span> <span class='ocrx_word' id='word_1_525' title='bbox 2982 3503 3287 3570; x_wconf 70' lang='grc' dir='ltr'><strong>τουτέστιν,</strong></span> <span class='ocrx_word' id='word_1_526' title='bbox 3329 3507 3389 3558; x_wconf 79' lang='grc' dir='ltr'><strong>ὲν</strong></span> <span class='ocrx_word' id='word_1_527' title='bbox 3435 3505 3515 3576; x_wconf 83' lang='grc' dir='ltr'><strong>τῷ</strong></span> <span class='ocrx_word' id='word_1_528' title='bbox 3557 3507 3688 3577; x_wconf 86' lang='grc' dir='ltr'><strong>λαῷ.</strong></span> 
     </span>
    </p>
   </div>
   <div class='ocr_carea' id='block_1_79' title="bbox 2122 3579 3694 3668">
    <p class='ocr_par' dir='ltr' id='par_1_79' title="bbox 2122 3579 3694 3668">
     <span class='ocr_line' id='line_1_79' title="bbox 2122 3579 3694 3668; baseline 0.009 -33"><span class='ocrx_word' id='word_1_529' title='bbox 2122 3579 2283 3638; x_wconf 77' lang='grc' dir='ltr'><strong>Οἷκον</strong></span> <span class='ocrx_word' id='word_1_530' title='bbox 2315 3585 2424 3656; x_wconf 77' lang='grc' dir='ltr'><strong>γὰρ</strong></span> <span class='ocrx_word' id='word_1_531' title='bbox 2447 3585 2536 3638; x_wconf 82' lang='grc' dir='ltr'><strong>τὸν</strong></span> <span class='ocrx_word' id='word_1_532' title='bbox 2561 3588 2687 3642; x_wconf 83' lang='grc' dir='ltr'><strong>λαὸν</strong></span> <span class='ocrx_word' id='word_1_533' title='bbox 2725 3587 2871 3658; x_wconf 80' lang='grc' dir='ltr'><strong>λέγει</strong></span> <span class='ocrx_word' id='word_1_534' title='bbox 2897 3592 2965 3656; x_wconf 80' lang='grc'><strong>³⁸,</strong></span> <span class='ocrx_word' id='word_1_535' title='bbox 2997 3593 3073 3657; x_wconf 86' lang='grc' dir='ltr'><strong>ὠς</strong></span> <span class='ocrx_word' id='word_1_536' title='bbox 3099 3594 3192 3648; x_wconf 78' lang='grc' dir='ltr'><strong>καὶ</strong></span> <span class='ocrx_word' id='word_1_537' title='bbox 3228 3597 3387 3664; x_wconf 79' lang='grc' dir='ltr'><strong>ἡμεῖς</strong></span> <span class='ocrx_word' id='word_1_538' title='bbox 3413 3596 3694 3668; x_wconf 84' lang='grc' dir='ltr'><strong>είώθαμεν</strong></span> 
     </span>
    </p>
   </div>
   <div class='ocr_carea' id='block_1_80' title="bbox 2124 3674 3693 3753">
    <p class='ocr_par' dir='ltr' id='par_1_80' title="bbox 2124 3674 3693 3753">
     <span class='ocr_line' id='line_1_80' title="bbox 2124 3674 3693 3753; baseline 0.011 -27"><span class='ocrx_word' id='word_1_539' title='bbox 2124 3674 2325 3745; x_wconf 83' lang='grc' dir='ltr'><strong>λέγειν,</strong></span> <span class='ocrx_word' id='word_1_540' title='bbox 2371 3677 2434 3731; x_wconf 81' lang='grc' dir='ltr'><strong>Ὀ</strong></span> <span class='ocrx_word' id='word_1_541' title='bbox 2475 3679 2622 3734; x_wconf 83' lang='grc' dir='ltr'><strong>δεῖνα</strong></span> <span class='ocrx_word' id='word_1_542' title='bbox 2646 3680 2807 3751; x_wconf 83' lang='grc' dir='ltr'><strong>τῆσδε</strong></span> <span class='ocrx_word' id='word_1_543' title='bbox 2839 3683 2936 3752; x_wconf 84' lang='grc' dir='ltr'><strong>τῆς</strong></span> <span class='ocrx_word' id='word_1_544' title='bbox 2969 3683 3146 3750; x_wconf 74' lang='grc' dir='ltr'><strong>οἰκίας</strong></span> <span class='ocrx_word' id='word_1_545' title='bbox 3177 3687 3345 3742; x_wconf 74' lang='grc' dir='ltr'><strong>ἐστίν.</strong></span> <span class='ocrx_word' id='word_1_546' title='bbox 3377 3690 3578 3746; x_wconf 80' lang='grc' dir='ltr'><strong>Αὑτοῦ</strong></span> <span class='ocrx_word' id='word_1_547' title='bbox 3615 3691 3693 3753; x_wconf 71' lang='grc' dir='ltr'><strong>δι,</strong></span> 
     </span>
    </p>
   </div>
   <div class='ocr_carea' id='block_1_81' title="bbox 2118 3767 3698 3850">
    <p class='ocr_par' dir='ltr' id='par_1_81' title="bbox 2118 3767 3698 3850">
     <span class='ocr_line' id='line_1_81' title="bbox 2118 3767 3698 3850; baseline 0.013 -33"><span class='ocrx_word' id='word_1_548' title='bbox 2118 3767 2237 3836; x_wconf 75' lang='grc' dir='ltr'><strong>ἦτοι</strong></span> <span class='ocrx_word' id='word_1_549' title='bbox 2285 3768 2379 3822; x_wconf 82' lang='grc' dir='ltr'><strong>τοῦ</strong></span> <span class='ocrx_word' id='word_1_550' title='bbox 2413 3769 2572 3836; x_wconf 82' lang='grc' dir='ltr'><strong>Θεοῦ,</strong></span> <span class='ocrx_word' id='word_1_551' title='bbox 2633 3771 2665 3842; x_wconf 77' lang='grc' dir='ltr'><strong>ἢ</strong></span> <span class='ocrx_word' id='word_1_552' title='bbox 2703 3772 2798 3826; x_wconf 83' lang='grc' dir='ltr'><strong>τοῦ</strong></span> <span class='ocrx_word' id='word_1_553' title='bbox 2845 3775 3142 3836; x_wconf 80' lang='grc' dir='ltr'><strong>Μωῦσέως.</strong></span> <span class='ocrx_word' id='word_1_554' title='bbox 3197 3777 3303 3830; x_wconf 82' lang='grc' dir='ltr'><strong>Καὶ</strong></span> <span class='ocrx_word' id='word_1_555' title='bbox 3333 3779 3440 3850; x_wconf 78' lang='grc' dir='ltr'><strong>γὰρ</strong></span> <span class='ocrx_word' id='word_1_556' title='bbox 3474 3781 3698 3836; x_wconf 76' lang='grc' dir='ltr'><strong>καὶτοῦ</strong></span> 
     </span>
    </p>
   </div>
   <div class='ocr_carea' id='block_1_82' title="bbox 2117 3858 3693 3943">
    <p class='ocr_par' dir='ltr' id='par_1_82' title="bbox 2117 3858 3693 3943">
     <span class='ocr_line' id='line_1_82' title="bbox 2117 3858 3693 3943; baseline 0.011 -32"><span class='ocrx_word' id='word_1_557' title='bbox 2117 3858 2396 3924; x_wconf 80' lang='grc' dir='ltr'><strong>Μωῦσέως</strong></span> <span class='ocrx_word' id='word_1_558' title='bbox 2423 3861 2640 3931; x_wconf 81' lang='grc' dir='ltr'><strong>ἐλέγετο</strong></span> <span class='ocrx_word' id='word_1_559' title='bbox 2665 3866 2693 3918; x_wconf 88' lang='lat'><em>6</em></span> <span class='ocrx_word' id='word_1_560' title='bbox 2721 3865 2870 3930; x_wconf 73' lang='grc' dir='ltr'><strong>λαὸς,</strong></span> <span class='ocrx_word' id='word_1_561' title='bbox 2898 3864 2974 3929; x_wconf 87' lang='grc' dir='ltr'><strong>ὡς</strong></span> <span class='ocrx_word' id='word_1_562' title='bbox 2996 3867 3079 3929; x_wconf 80' lang='grc' dir='ltr'><strong>τὸ,</strong></span> <span class='ocrx_word' id='word_1_563' title='bbox 3121 3869 3342 3935; x_wconf 77' lang='grc' dir='ltr'><strong>Ὀλαός</strong></span> <span class='ocrx_word' id='word_1_564' title='bbox 3365 3889 3482 3928; x_wconf 88' lang='grc' dir='ltr'><strong>σου</strong></span> <span class='ocrx_word' id='word_1_565' title='bbox 3507 3873 3693 3943; x_wconf 69' lang='grc' dir='ltr'><strong>ἤμαρο</strong></span> 
     </span>
    </p>
   </div>
   <div class='ocr_carea' id='block_1_83' title="bbox 2116 3948 3692 4031">
    <p class='ocr_par' dir='ltr' id='par_1_83' title="bbox 2116 3948 3692 4031">
     <span class='ocr_line' id='line_1_83' title="bbox 2116 3948 3692 4031; baseline 0.013 -32"><span class='ocrx_word' id='word_1_566' title='bbox 2116 3963 2240 4002; x_wconf 78' lang='grc' dir='ltr'><strong>τεν.</strong></span> <span class='ocrx_word' id='word_1_567' title='bbox 2294 3948 2379 4012; x_wconf 85' lang='grc' dir='ltr'><strong>Ὠς</strong></span> <span class='ocrx_word' id='word_1_568' title='bbox 2419 3951 2738 4022; x_wconf 79' lang='grc' dir='ltr'><strong>ἐπίτροπος,</strong></span> <span class='ocrx_word' id='word_1_569' title='bbox 2787 3955 2944 4025; x_wconf 77' lang='grc' dir='ltr'><strong>φησὶ,</strong></span> <span class='ocrx_word' id='word_1_570' title='bbox 3004 3956 3099 4011; x_wconf 71' lang='grc' dir='ltr'><strong>καὶ</strong></span> <span class='ocrx_word' id='word_1_571' title='bbox 3149 3960 3432 4031; x_wconf 73' lang='grc' dir='ltr'><strong>οἰκονόμος</strong></span> <span class='ocrx_word' id='word_1_572' title='bbox 3485 3965 3692 4030; x_wconf 76' lang='grc' dir='ltr'><strong>οἰκίας,</strong></span> 
     </span>
    </p>
   </div>
   <div class='ocr_carea' id='block_1_84' title="bbox 2114 4035 2890 4116">
    <p class='ocr_par' dir='ltr' id='par_1_84' title="bbox 2114 4035 2890 4116">
     <span class='ocr_line' id='line_1_84' title="bbox 2114 4035 2890 4116; baseline 0.017 -28"><span class='ocrx_word' id='word_1_573' title='bbox 2114 4038 2288 4102; x_wconf 78' lang='grc' dir='ltr'><strong>οὕτως</strong></span> <span class='ocrx_word' id='word_1_574' title='bbox 2321 4035 2622 4113; x_wconf 81' lang='grc' dir='ltr'><strong>ἦνΜωσῆς</strong></span> <span class='ocrx_word' id='word_1_575' title='bbox 2647 4044 2726 4115; x_wconf 81' lang='grc' dir='ltr'><strong>τῷ</strong></span> <span class='ocrx_word' id='word_1_576' title='bbox 2753 4044 2890 4116; x_wconf 83' lang='grc' dir='ltr'><strong>λαῷ.</strong></span> 
     </span>
    </p>
   </div>
   <div class='ocr_carea' id='block_1_85' title="bbox 2184 4135 3692 4214">
    <p class='ocr_par' dir='ltr' id='par_1_85' title="bbox 2184 4135 3692 4214">
     <span class='ocr_line' id='line_1_85' title="bbox 2184 4135 3692 4214; baseline 0.01 -28"><span class='ocrx_word' id='word_1_577' title='bbox 2184 4135 2473 4200; x_wconf 72' lang='lat' dir='ltr'><strong>[Lictor-oc</strong></span> <span class='ocrx_word' id='word_1_578' title='bbox 2507 4139 2616 4204; x_wconf 75' lang='grc' dir='ltr'><strong>γὰρ</strong></span> <span class='ocrx_word' id='word_1_579' title='bbox 2647 4137 2833 4206; x_wconf 78' lang='grc' dir='ltr'><strong>δόξης</strong></span> <span class='ocrx_word' id='word_1_580' title='bbox 2861 4135 3040 4207; x_wconf 78' lang='grc' dir='ltr'><strong>οὗτος</strong></span> <span class='ocrx_word' id='word_1_581' title='bbox 3068 4145 3228 4210; x_wconf 76' lang='grc' dir='ltr'><strong>παρὰ</strong></span> <span class='ocrx_word' id='word_1_582' title='bbox 3255 4143 3480 4212; x_wconf 77' lang='grc' dir='ltr'><strong>Μωσῆν</strong></span> <span class='ocrx_word' id='word_1_583' title='bbox 3513 4147 3692 4214; x_wconf 77' lang='grc' dir='ltr'><strong>ἠξίω-</strong></span> 
     </span>
    </p>
   </div>
   <div class='ocr_carea' id='block_1_86' title="bbox 2112 4225 3691 4302">
    <p class='ocr_par' dir='ltr' id='par_1_86' title="bbox 2112 4225 3691 4302">
     <span class='ocr_line' id='line_1_86' title="bbox 2112 4225 3691 4302; baseline 0.011 -25"><span class='ocrx_word' id='word_1_584' title='bbox 2112 4242 2234 4289; x_wconf 85' lang='grc' dir='ltr'><strong>ται,</strong></span> <span class='ocrx_word' id='word_1_585' title='bbox 2263 4228 2391 4280; x_wconf 81' lang='grc' dir='ltr'><strong>καθ’</strong></span> <span class='ocrx_word' id='word_1_586' title='bbox 2431 4225 2584 4282; x_wconf 80' lang='grc' dir='ltr'><strong>ὅσον</strong></span> <span class='ocrx_word' id='word_1_587' title='bbox 2623 4229 2878 4284; x_wconf 61' lang='grc' dir='ltr'><strong>πλείονα</strong></span> <span class='ocrx_word' id='word_1_588' title='bbox 2920 4233 3099 4301; x_wconf 71' lang='grc' dir='ltr'><strong>τιμὴν</strong></span> <span class='ocrx_word' id='word_1_589' title='bbox 3135 4234 3260 4302; x_wconf 72' lang='grc' dir='ltr'><strong>ἔχει</strong></span> <span class='ocrx_word' id='word_1_590' title='bbox 3299 4236 3404 4291; x_wconf 84' lang='grc' dir='ltr'><strong>τοῦ</strong></span> <span class='ocrx_word' id='word_1_591' title='bbox 3441 4238 3622 4293; x_wconf 79' lang='grc' dir='ltr'><strong>οίκου</strong></span> <span class='ocrx_word' id='word_1_592' title='bbox 3658 4243 3691 4293; x_wconf 87' lang='grc' dir='ltr'><em>ό</em></span> 
     </span>
    </p>
   </div>
   <div class='ocr_carea' id='block_1_87' title="bbox 2111 4316 3688 4393">
    <p class='ocr_par' dir='ltr' id='par_1_87' title="bbox 2111 4316 3688 4393">
     <span class='ocr_line' id='line_1_87' title="bbox 2111 4316 3688 4393; baseline 0.01 -25"><span class='ocrx_word' id='word_1_593' title='bbox 2111 4316 2578 4384; x_wconf 80' lang='grc' dir='ltr'><strong>κατασκευάσας</strong></span> <span class='ocrx_word' id='word_1_594' title='bbox 2603 4321 2812 4374; x_wconf 75' lang='grc' dir='ltr'><strong>αὐτόν.</strong></span> <span class='ocrx_word' id='word_1_595' title='bbox 2857 4322 2982 4388; x_wconf 87' lang='grc' dir='ltr'><strong>Πᾶς</strong></span> <span class='ocrx_word' id='word_1_596' title='bbox 3021 4324 3130 4392; x_wconf 78' lang='grc' dir='ltr'><strong>γὰρ</strong></span> <span class='ocrx_word' id='word_1_597' title='bbox 3159 4322 3324 4393; x_wconf 78' lang='grc' dir='ltr'><strong>οἶκος</strong></span> <span class='ocrx_word' id='word_1_598' title='bbox 3356 4344 3688 4383; x_wconf 83' lang='grc' dir='ltr'><strong>κατασκευ-</strong></span> 
     </span>
    </p>
   </div>
   <div class='ocr_carea' id='block_1_88' title="bbox 2113 4409 3688 4485">
    <p class='ocr_par' dir='ltr' id='par_1_88' title="bbox 2113 4409 3688 4485">
     <span class='ocr_line' id='line_1_88' title="bbox 2113 4409 3688 4485; baseline 0.004 -22"><span class='ocrx_word' id='word_1_599' title='bbox 2113 4409 2306 4471; x_wconf 78' lang='grc' dir='ltr'><strong>άζεται</strong></span> <span class='ocrx_word' id='word_1_600' title='bbox 2329 4413 2453 4468; x_wconf 82' lang='grc' dir='ltr'><strong>ὑπό</strong></span> <span class='ocrx_word' id='word_1_601' title='bbox 2483 4431 2647 4485; x_wconf 83' lang='grc' dir='ltr'><strong>τινος</strong></span> <span class='ocrx_word' id='word_1_602' title='bbox 2669 4430 2682 4444; x_wconf 89' lang='grc'><strong>·</strong></span> <span class='ocrx_word' id='word_1_603' title='bbox 2717 4419 2750 4469; x_wconf 84' lang='grc' dir='ltr'><em>ό</em></span> <span class='ocrx_word' id='word_1_604' title='bbox 2772 4415 2839 4468; x_wconf 81' lang='grc' dir='ltr'><strong><em>δὲ</em></strong></span> <span class='ocrx_word' id='word_1_605' title='bbox 2877 4416 2949 4470; x_wconf 83' lang='grc' dir='ltr'><strong>τὰ</strong></span> <span class='ocrx_word' id='word_1_606' title='bbox 2977 4416 3174 4471; x_wconf 73' lang='grc' dir='ltr'><strong>πάντα</strong></span> <span class='ocrx_word' id='word_1_607' title='bbox 3204 4418 3688 4484; x_wconf 77' lang='grc' dir='ltr'><strong>κατασκευάσας,</strong></span> 
     </span>
    </p>
   </div>
   <div class='ocr_carea' id='block_1_89' title="bbox 437 4484 2018 4581">
    <p class='ocr_par' dir='ltr' id='par_1_89' title="bbox 437 4484 2010 4562">
     <span class='ocr_line' id='line_1_89' title="bbox 437 4484 2010 4562; baseline 0.012 -24"><span class='ocrx_word' id='word_1_608' title='bbox 437 4493 539 4540; x_wconf 84' lang='lat' dir='ltr'><strong>est.</strong></span> <span class='ocrx_word' id='word_1_609' title='bbox 573 4484 716 4541; x_wconf 87' lang='lat' dir='ltr'><strong>Ecce</strong></span> <span class='ocrx_word' id='word_1_610' title='bbox 761 4487 848 4541; x_wconf 82' lang='lat' dir='ltr'><strong>liic</strong></span> <span class='ocrx_word' id='word_1_611' title='bbox 871 4497 958 4542; x_wconf 84' lang='lat' dir='ltr'><strong>est</strong></span> <span class='ocrx_word' id='word_1_612' title='bbox 987 4490 1309 4545; x_wconf 76' lang='lat' dir='ltr'><strong>excellentia</strong></span> <span class='ocrx_word' id='word_1_613' title='bbox 1343 4507 1448 4562; x_wconf 86' lang='lat' dir='ltr'><strong>qua</strong></span> <span class='ocrx_word' id='word_1_614' title='bbox 1506 4493 1768 4554; x_wconf 88' lang='lat' dir='ltr'><strong>Dominus</strong></span> <span class='ocrx_word' id='word_1_615' title='bbox 1826 4499 2010 4557; x_wconf 85' lang='lat' dir='ltr'><strong>Mosen</strong></span> 
     </span>
    </p>
   </div>
   <div class='ocr_carea' id='block_1_90' title="bbox 2127 4484 3689 4581">
    <p class='ocr_par' dir='ltr' id='par_1_90' title="bbox 2127 4504 3689 4581">
     <span class='ocr_line' id='line_1_90' title="bbox 2127 4504 3689 4581; baseline 0.005 -25"><span class='ocrx_word' id='word_1_616' title='bbox 2127 4504 2282 4568; x_wconf 80' lang='grc' dir='ltr'><strong>Βεός.</strong></span> <span class='ocrx_word' id='word_1_617' title='bbox 2355 4505 2486 4558; x_wconf 74' lang='grc' dir='ltr'><strong>Ἰδοὺ</strong></span> <span class='ocrx_word' id='word_1_618' title='bbox 2537 4506 2773 4561; x_wconf 76' lang='grc' dir='ltr'><strong>ἐνταῦθα</strong></span> <span class='ocrx_word' id='word_1_619' title='bbox 2827 4510 2923 4561; x_wconf 73' lang='grc' dir='ltr'><strong>καὶ</strong></span> <span class='ocrx_word' id='word_1_620' title='bbox 2973 4511 3006 4577; x_wconf 84' lang='grc' dir='ltr'>ἡ</span> <span class='ocrx_word' id='word_1_621' title='bbox 3053 4509 3333 4580; x_wconf 81' lang='grc' dir='ltr'><strong>ὑπεροχὴ,</strong></span> <span class='ocrx_word' id='word_1_622' title='bbox 3383 4510 3450 4580; x_wconf 79' lang='grc' dir='ltr'><strong>ἢν</strong></span> <span class='ocrx_word' id='word_1_623' title='bbox 3498 4510 3618 4581; x_wconf 75' lang='grc' dir='ltr'><strong>ἔχει</strong></span> <span class='ocrx_word' id='word_1_624' title='bbox 3662 4515 3689 4564; x_wconf 90' lang='lat'><em>6</em></span> 
     </span>
    </p>
   </div>
   <div class='ocr_carea' id='block_1_91' title="bbox 436 4575 2005 4656">
    <p class='ocr_par' dir='ltr' id='par_1_91' title="bbox 436 4575 2005 4656">
     <span class='ocr_line' id='line_1_91' title="bbox 436 4575 2005 4656; baseline 0.011 -29"><span class='ocrx_word' id='word_1_625' title='bbox 436 4585 751 4642; x_wconf 74' lang='lat' dir='ltr'><strong>exsuperat.</strong></span> <span class='ocrx_word' id='word_1_626' title='bbox 799 4575 1022 4644; x_wconf 80' lang='lat' dir='ltr'><strong>Fidelis,</strong></span> <span class='ocrx_word' id='word_1_627' title='bbox 1055 4579 1442 4646; x_wconf 83' lang='lat' dir='ltr'><strong>inquil,eralet</strong></span> <span class='ocrx_word' id='word_1_628' title='bbox 1480 4583 1569 4638; x_wconf 91' lang='lat' dir='ltr'><strong>ille</strong></span> <span class='ocrx_word' id='word_1_629' title='bbox 1601 4584 1654 4638; x_wconf 92' lang='lat' dir='ltr'><strong>in</strong></span> <span class='ocrx_word' id='word_1_630' title='bbox 1683 4594 1792 4641; x_wconf 87' lang='lat' dir='ltr'><strong>tota</strong></span> <span class='ocrx_word' id='word_1_631' title='bbox 1823 4589 2005 4656; x_wconf 83' lang='lat' dir='ltr'><strong>domo,</strong></span> 
     </span>
    </p>
   </div>
   <div class='ocr_carea' id='block_1_92' title="bbox 439 4666 2008 4747">
    <p class='ocr_par' dir='ltr' id='par_1_92' title="bbox 439 4666 2008 4747">
     <span class='ocr_line' id='line_1_92' title="bbox 439 4666 2008 4747; baseline 0.011 -29"><span class='ocrx_word' id='word_1_632' title='bbox 439 4666 544 4719; x_wconf 77' lang='lat' dir='ltr'><strong>hoc</strong></span> <span class='ocrx_word' id='word_1_633' title='bbox 569 4675 675 4733; x_wconf 88' lang='lat' dir='ltr'><strong>est,</strong></span> <span class='ocrx_word' id='word_1_634' title='bbox 734 4669 788 4722; x_wconf 91' lang='lat' dir='ltr'><strong>in</strong></span> <span class='ocrx_word' id='word_1_635' title='bbox 820 4671 1025 4738; x_wconf 90' lang='lat' dir='ltr'><strong>populo</strong></span> <span class='ocrx_word' id='word_1_636' title='bbox 1055 4687 1068 4722; x_wconf 86' lang='lat'><strong><em>:</em></strong></span> <span class='ocrx_word' id='word_1_637' title='bbox 1100 4681 1478 4730; x_wconf 76' lang='lat' dir='ltr'><strong>verumtamen</strong></span> <span class='ocrx_word' id='word_1_638' title='bbox 1500 4687 1550 4731; x_wconf 87' lang='lat' dir='ltr'><strong>et</strong></span> <span class='ocrx_word' id='word_1_639' title='bbox 1576 4679 1690 4747; x_wconf 86' lang='lat' dir='ltr'><strong>ipse</strong></span> <span class='ocrx_word' id='word_1_640' title='bbox 1705 4687 1821 4732; x_wconf 85' lang='lat' dir='ltr'><strong>erat</strong></span> <span class='ocrx_word' id='word_1_641' title='bbox 1865 4695 2008 4736; x_wconf 89' lang='lat' dir='ltr'><strong>unus</strong></span> 
     </span>
    </p>
   </div>
   <div class='ocr_carea' id='block_1_93' title="bbox 439 4757 2002 4837">
    <p class='ocr_par' dir='ltr' id='par_1_93' title="bbox 439 4757 2002 4837">
     <span class='ocr_line' id='line_1_93' title="bbox 439 4757 2002 4837; baseline 0.01 -27"><span class='ocrx_word' id='word_1_642' title='bbox 439 4773 505 4811; x_wconf 75' lang='lat' dir='ltr'><strong>ex</strong></span> <span class='ocrx_word' id='word_1_643' title='bbox 531 4757 714 4820; x_wconf 88' lang='lat' dir='ltr'><strong>domo.</strong></span> <span class='ocrx_word' id='word_1_644' title='bbox 756 4757 925 4815; x_wconf 87' lang='lat' dir='ltr'><strong>Ilomo</strong></span> <span class='ocrx_word' id='word_1_645' title='bbox 959 4762 1104 4814; x_wconf 86' lang='lat' dir='ltr'><strong>enim</strong></span> <span class='ocrx_word' id='word_1_646' title='bbox 1150 4772 1204 4816; x_wconf 90' lang='lat' dir='ltr'><strong>et</strong></span> <span class='ocrx_word' id='word_1_647' title='bbox 1244 4763 1360 4833; x_wconf 87' lang='lat' dir='ltr'><strong>ipse</strong></span> <span class='ocrx_word' id='word_1_648' title='bbox 1404 4767 1630 4835; x_wconf 88' lang='lat' dir='ltr'><strong>perinde</strong></span> <span class='ocrx_word' id='word_1_649' title='bbox 1659 4783 1724 4822; x_wconf 85' lang='lat' dir='ltr'><strong>ac</strong></span> <span class='ocrx_word' id='word_1_650' title='bbox 1780 4771 2002 4837; x_wconf 75' lang='lat' dir='ltr'><strong>caeteri;</strong></span> 
     </span>
    </p>
   </div>
   <div class='ocr_carea' id='block_1_94' title="bbox 438 4850 2010 4930">
    <p class='ocr_par' dir='ltr' id='par_1_94' title="bbox 438 4850 2010 4930">
     <span class='ocr_line' id='line_1_94' title="bbox 438 4850 2010 4930; baseline 0.008 -26"><span class='ocrx_word' id='word_1_651' title='bbox 438 4850 654 4906; x_wconf 87' lang='lat' dir='ltr'><strong>etiamsi</strong></span> <span class='ocrx_word' id='word_1_652' title='bbox 675 4861 901 4907; x_wconf 87' lang='lat' dir='ltr'><strong>sanctus</strong></span> <span class='ocrx_word' id='word_1_653' title='bbox 930 4863 1069 4918; x_wconf 85' lang='lat' dir='ltr'><strong>erat,</strong></span> <span class='ocrx_word' id='word_1_654' title='bbox 1095 4865 1147 4910; x_wconf 92' lang='lat' dir='ltr'><strong>et</strong></span> <span class='ocrx_word' id='word_1_655' title='bbox 1163 4859 1607 4928; x_wconf 87' lang='lat' dir='ltr'><strong>conservusipsis</strong></span> <span class='ocrx_word' id='word_1_656' title='bbox 1624 4869 1743 4915; x_wconf 89' lang='lat' dir='ltr'><strong>erat</strong></span> <span class='ocrx_word' id='word_1_657' title='bbox 1774 4877 1787 4914; x_wconf 90' lang='lat'><strong>:</strong></span> <span class='ocrx_word' id='word_1_658' title='bbox 1816 4878 2010 4930; x_wconf 81' lang='lat' dir='ltr'><strong>quem-</strong></span> 
     </span>
    </p>
   </div>
   <div class='ocr_carea' id='block_1_95' title="bbox 440 4946 2006 5023">
    <p class='ocr_par' dir='ltr' id='par_1_95' title="bbox 440 4946 2006 5023">
     <span class='ocr_line' id='line_1_95' title="bbox 440 4946 2006 5023; baseline 0.008 -24"><span class='ocrx_word' id='word_1_659' title='bbox 440 4946 734 5002; x_wconf 84' lang='lat' dir='ltr'><strong>admodum</strong></span> <span class='ocrx_word' id='word_1_660' title='bbox 792 4946 845 5002; x_wconf 93' lang='lat' dir='ltr'><strong>in</strong></span> <span class='ocrx_word' id='word_1_661' title='bbox 876 4948 1041 5020; x_wconf 90' lang='lat'><strong><em>666</em></strong></span> <span class='ocrx_word' id='word_1_662' title='bbox 1082 4951 1292 5009; x_wconf 64' lang='lat' dir='ltr'><strong>uadibus</strong></span> <span class='ocrx_word' id='word_1_663' title='bbox 1344 4965 1753 5023; x_wconf 81' lang='lat' dir='ltr'><strong>procuratores,</strong></span> <span class='ocrx_word' id='word_1_664' title='bbox 1793 4959 2006 5015; x_wconf 85' lang='lat' dir='ltr'><strong>etiamsi</strong></span> 
     </span>
    </p>
   </div>
   <div class='ocr_carea' id='block_1_96' title="bbox 437 5041 2006 5108">
    <p class='ocr_par' dir='ltr' id='par_1_96' title="bbox 437 5041 2006 5108">
     <span class='ocr_line' id='line_1_96' title="bbox 437 5041 2006 5108; baseline 0.01 -18"><span class='ocrx_word' id='word_1_665' title='bbox 437 5044 668 5092; x_wconf 73' lang='lat' dir='ltr'><strong>eri-teres</strong></span> <span class='ocrx_word' id='word_1_666' title='bbox 729 5041 1069 5108; x_wconf 70' lang='lat' dir='ltr'><strong>praecellant,</strong></span> <span class='ocrx_word' id='word_1_667' title='bbox 1117 5044 1242 5099; x_wconf 88' lang='lat' dir='ltr'><strong>aliis</strong></span> <span class='ocrx_word' id='word_1_668' title='bbox 1287 5053 1464 5100; x_wconf 84' lang='lat' dir='ltr'><strong>tamen</strong></span> <span class='ocrx_word' id='word_1_669' title='bbox 1533 5047 1788 5102; x_wconf 84' lang='lat' dir='ltr'><strong>conservi</strong></span> <span class='ocrx_word' id='word_1_670' title='bbox 1859 5058 2006 5105; x_wconf 89' lang='lat' dir='ltr'><strong>sunt.</strong></span> 
     </span>
    </p>
   </div>
   <div class='ocr_carea' id='block_1_97' title="bbox 437 5130 2010 5205">
    <p class='ocr_par' dir='ltr' id='par_1_97' title="bbox 437 5130 2010 5205">
     <span class='ocr_line' id='line_1_97' title="bbox 437 5130 2010 5205; baseline 0.01 -23"><span class='ocrx_word' id='word_1_671' title='bbox 437 5130 708 5195; x_wconf 87' lang='lat' dir='ltr'><strong>Quoniam</strong></span> <span class='ocrx_word' id='word_1_672' title='bbox 747 5131 913 5201; x_wconf 74' lang='lat' dir='ltr'><strong>igitur</strong></span> <span class='ocrx_word' id='word_1_673' title='bbox 951 5143 1006 5188; x_wconf 86' lang='lat' dir='ltr'><strong>et</strong></span> <span class='ocrx_word' id='word_1_674' title='bbox 1055 5134 1170 5203; x_wconf 83' lang='lat' dir='ltr'><strong>ipse</strong></span> <span class='ocrx_word' id='word_1_675' title='bbox 1200 5153 1325 5204; x_wconf 85' lang='lat' dir='ltr'><strong>pars</strong></span> <span class='ocrx_word' id='word_1_676' title='bbox 1357 5140 1549 5194; x_wconf 83' lang='lat' dir='ltr'><strong>domus</strong></span> <span class='ocrx_word' id='word_1_677' title='bbox 1577 5148 1719 5205; x_wconf 84' lang='lat' dir='ltr'><strong>erat,</strong></span> <span class='ocrx_word' id='word_1_678' title='bbox 1753 5141 2010 5198; x_wconf 86' lang='lat' dir='ltr'><strong>conditus</strong></span> 
     </span>
    </p>
   </div>
   <div class='ocr_carea' id='block_1_98' title="bbox 436 5224 2011 5301">
    <p class='ocr_par' dir='ltr' id='par_1_98' title="bbox 436 5224 2011 5301">
     <span class='ocr_line' id='line_1_98' title="bbox 436 5224 2011 5301; baseline 0.008 -24"><span class='ocrx_word' id='word_1_679' title='bbox 436 5231 522 5277; x_wconf 88' lang='lat' dir='ltr'><strong>cst</strong></span> <span class='ocrx_word' id='word_1_680' title='bbox 546 5231 600 5276; x_wconf 88' lang='lat' dir='ltr'><strong>et</strong></span> <span class='ocrx_word' id='word_1_681' title='bbox 627 5224 740 5292; x_wconf 87' lang='lat' dir='ltr'><strong>ipse</strong></span> <span class='ocrx_word' id='word_1_682' title='bbox 783 5239 812 5278; x_wconf 88' lang='lat' dir='ltr'><strong>a</strong></span> <span class='ocrx_word' id='word_1_683' title='bbox 837 5227 1119 5295; x_wconf 81' lang='lat' dir='ltr'><strong>quapiam,</strong></span> <span class='ocrx_word' id='word_1_684' title='bbox 1146 5238 1200 5282; x_wconf 90' lang='lat' dir='ltr'><strong>et</strong></span> <span class='ocrx_word' id='word_1_685' title='bbox 1233 5229 1325 5298; x_wconf 85' lang='lat' dir='ltr'><strong>qui</strong></span> <span class='ocrx_word' id='word_1_686' title='bbox 1351 5229 1595 5284; x_wconf 89' lang='lat' dir='ltr'><strong>condidit</strong></span> <span class='ocrx_word' id='word_1_687' title='bbox 1652 5231 1857 5301; x_wconf 87' lang='lat' dir='ltr'><strong>ipsum,</strong></span> <span class='ocrx_word' id='word_1_688' title='bbox 1915 5250 2011 5290; x_wconf 80' lang='lat' dir='ltr'><strong>ex-</strong></span> 
     </span>
    </p>
   </div>
   <div class='ocr_carea' id='block_1_99' title="bbox 439 5312 2010 5380">
    <p class='ocr_par' dir='ltr' id='par_1_99' title="bbox 439 5312 2010 5380">
     <span class='ocr_line' id='line_1_99' title="bbox 439 5312 2010 5380; baseline 0.012 -19"><span class='ocrx_word' id='word_1_689' title='bbox 439 5312 582 5364; x_wconf 71' lang='lat' dir='ltr'><strong>cellit</strong></span> <span class='ocrx_word' id='word_1_690' title='bbox 625 5327 750 5365; x_wconf 90' lang='lat' dir='ltr'><strong>eum</strong></span> <span class='ocrx_word' id='word_1_691' title='bbox 812 5313 1060 5370; x_wconf 90' lang='lat' dir='ltr'><strong>omnino.</strong></span> <span class='ocrx_word' id='word_1_692' title='bbox 1113 5315 1370 5370; x_wconf 86' lang='lat' dir='ltr'><strong>Condidit</strong></span> <span class='ocrx_word' id='word_1_693' title='bbox 1435 5327 1614 5373; x_wconf 88' lang='lat' dir='ltr'><strong>autem</strong></span> <span class='ocrx_word' id='word_1_694' title='bbox 1671 5337 1792 5375; x_wconf 88' lang='lat' dir='ltr'><strong>eum</strong></span> <span class='ocrx_word' id='word_1_695' title='bbox 1841 5320 2010 5380; x_wconf 88' lang='lat' dir='ltr'><strong>Filius</strong></span> 
     </span>
    </p>
   </div>
   <div class='ocr_carea' id='block_1_100' title="bbox 442 5402 2004 5483">
    <p class='ocr_par' dir='ltr' id='par_1_100' title="bbox 442 5402 2004 5483">
     <span class='ocr_line' id='line_1_100' title="bbox 442 5402 2004 5483; baseline 0.01 -29"><span class='ocrx_word' id='word_1_696' title='bbox 442 5402 555 5468; x_wconf 79' lang='lat' dir='ltr'><strong>llei,</strong></span> <span class='ocrx_word' id='word_1_697' title='bbox 589 5403 681 5472; x_wconf 87' lang='lat' dir='ltr'><strong>qui</strong></span> <span class='ocrx_word' id='word_1_698' title='bbox 712 5419 930 5459; x_wconf 84' lang='lat' dir='ltr'><strong>carnem</strong></span> <span class='ocrx_word' id='word_1_699' title='bbox 964 5408 1194 5476; x_wconf 85' lang='lat' dir='ltr'><strong>accepit,</strong></span> <span class='ocrx_word' id='word_1_700' title='bbox 1235 5419 1286 5463; x_wconf 92' lang='lat' dir='ltr'><strong>et</strong></span> <span class='ocrx_word' id='word_1_701' title='bbox 1319 5411 1558 5478; x_wconf 76' lang='lat' dir='ltr'><strong>pontifex</strong></span> <span class='ocrx_word' id='word_1_702' title='bbox 1586 5413 2004 5483; x_wconf 85' lang='lat' dir='ltr'><strong>propteripsum</strong></span> 
     </span>
    </p>
   </div>
   <div class='ocr_carea' id='block_1_101' title="bbox 439 5492 1994 5572">
    <p class='ocr_par' dir='ltr' id='par_1_101' title="bbox 439 5492 1994 5572">
     <span class='ocr_line' id='line_1_101' title="bbox 439 5492 1994 5572; baseline 0.01 -29"><span class='ocrx_word' id='word_1_703' title='bbox 439 5492 606 5546; x_wconf 83' lang='lat' dir='ltr'><strong>audiit</strong></span> <span class='ocrx_word' id='word_1_704' title='bbox 642 5507 655 5544; x_wconf 91' lang='lat'><strong>:</strong></span> <span class='ocrx_word' id='word_1_705' title='bbox 698 5495 915 5550; x_wconf 77' lang='lat' dir='ltr'><strong>excellit</strong></span> <span class='ocrx_word' id='word_1_706' title='bbox 955 5495 1137 5565; x_wconf 84' lang='lat' dir='ltr'><strong>itaque</strong></span> <span class='ocrx_word' id='word_1_707' title='bbox 1184 5513 1330 5554; x_wconf 83' lang='lat' dir='ltr'><strong>cum.</strong></span> <span class='ocrx_word' id='word_1_708' title='bbox 1376 5500 1762 5556; x_wconf 68' lang='lat' dir='ltr'><strong>Animadverte</strong></span> <span class='ocrx_word' id='word_1_709' title='bbox 1808 5504 1994 5572; x_wconf 68' lang='lat' dir='ltr'><strong>itaque</strong></span> 
     </span>
    </p>
   </div>
   <div class='ocr_carea' id='block_1_102' title="bbox 2116 4595 3694 4672">
    <p class='ocr_par' dir='ltr' id='par_1_102' title="bbox 2116 4595 3694 4672">
     <span class='ocr_line' id='line_1_102' title="bbox 2116 4595 3694 4672; baseline 0.004 -25"><span class='ocrx_word' id='word_1_710' title='bbox 2116 4595 2319 4666; x_wconf 83' lang='grc' dir='ltr'><strong>Κύριος</strong></span> <span class='ocrx_word' id='word_1_711' title='bbox 2367 4597 2504 4666; x_wconf 84' lang='grc' dir='ltr'><strong>πρὸς</strong></span> <span class='ocrx_word' id='word_1_712' title='bbox 2555 4598 2820 4670; x_wconf 73' lang='grc' dir='ltr'><strong>Μωῦσῆν.</strong></span> <span class='ocrx_word' id='word_1_713' title='bbox 2871 4602 3039 4668; x_wconf 79' lang='grc' dir='ltr'><strong>Φησὶν</strong></span> <span class='ocrx_word' id='word_1_714' title='bbox 3083 4596 3196 4664; x_wconf 76' lang='grc' dir='ltr'><strong>οὖν,</strong></span> <span class='ocrx_word' id='word_1_715' title='bbox 3233 4603 3316 4654; x_wconf 83' lang='grc' dir='ltr'><strong>ὅτι</strong></span> <span class='ocrx_word' id='word_1_716' title='bbox 3353 4602 3558 4664; x_wconf 61' lang='grc' dir='ltr'><strong>Πιστὸς</strong></span> <span class='ocrx_word' id='word_1_717' title='bbox 3597 4603 3694 4672; x_wconf 80' lang='grc' dir='ltr'><strong>μὲν</strong></span> 
     </span>
    </p>
   </div>
   <div class='ocr_carea' id='block_1_103' title="bbox 2114 4682 3687 4764">
    <p class='ocr_par' dir='ltr' id='par_1_103' title="bbox 2114 4682 3687 4764">
     <span class='ocr_line' id='line_1_103' title="bbox 2114 4682 3687 4764; baseline 0.006 -26"><span class='ocrx_word' id='word_1_718' title='bbox 2114 4682 2183 4755; x_wconf 78' lang='grc' dir='ltr'><strong>ἦν</strong></span> <span class='ocrx_word' id='word_1_719' title='bbox 2210 4689 2459 4750; x_wconf 80' lang='grc' dir='ltr'><strong>κάκεῖνος</strong></span> <span class='ocrx_word' id='word_1_720' title='bbox 2499 4692 2556 4743; x_wconf 82' lang='grc' dir='ltr'><strong>ἐν</strong></span> <span class='ocrx_word' id='word_1_721' title='bbox 2593 4692 2698 4763; x_wconf 78' lang='grc' dir='ltr'><strong>ὅλῳ</strong></span> <span class='ocrx_word' id='word_1_722' title='bbox 2722 4691 2798 4762; x_wconf 80' lang='grc' dir='ltr'><strong>τῷ</strong></span> <span class='ocrx_word' id='word_1_723' title='bbox 2824 4693 2978 4764; x_wconf 78' lang='grc' dir='ltr'><strong>οἴκῳ,</strong></span> <span class='ocrx_word' id='word_1_724' title='bbox 3005 4695 3303 4758; x_wconf 74' lang='grc' dir='ltr'><strong>τουτέστιν,</strong></span> <span class='ocrx_word' id='word_1_725' title='bbox 3343 4697 3400 4747; x_wconf 83' lang='grc' dir='ltr'><strong>ὲν</strong></span> <span class='ocrx_word' id='word_1_726' title='bbox 3422 4694 3499 4764; x_wconf 78' lang='grc' dir='ltr'><strong>τῷ</strong></span> <span class='ocrx_word' id='word_1_727' title='bbox 3535 4694 3651 4764; x_wconf 82' lang='grc' dir='ltr'><strong>λαῷ</strong></span> <span class='ocrx_word' id='word_1_728' title='bbox 3675 4711 3687 4722; x_wconf 78' lang='grc'><strong><em>⁵</em></strong></span> 
     </span>
    </p>
   </div>
   <div class='ocr_carea' id='block_1_104' title="bbox 2113 4778 3688 4856">
    <p class='ocr_par' dir='ltr' id='par_1_104' title="bbox 2113 4778 3688 4856">
     <span class='ocr_line' id='line_1_104' title="bbox 2113 4778 3688 4856; baseline 0.003 -24"><span class='ocrx_word' id='word_1_729' title='bbox 2113 4778 2254 4850; x_wconf 82' lang='grc' dir='ltr'><strong>πλὴν</strong></span> <span class='ocrx_word' id='word_1_730' title='bbox 2283 4781 2378 4834; x_wconf 81' lang='grc' dir='ltr'><strong>καὶ</strong></span> <span class='ocrx_word' id='word_1_731' title='bbox 2406 4781 2568 4844; x_wconf 78' lang='grc' dir='ltr'><strong>αὐτὸς</strong></span> <span class='ocrx_word' id='word_1_732' title='bbox 2601 4779 2680 4845; x_wconf 76' lang='grc' dir='ltr'><strong>εἷς</strong></span> <span class='ocrx_word' id='word_1_733' title='bbox 2703 4779 2771 4855; x_wconf 81' lang='grc' dir='ltr'><strong>ἦν</strong></span> <span class='ocrx_word' id='word_1_734' title='bbox 2798 4784 2891 4836; x_wconf 84' lang='grc' dir='ltr'><strong>τοῦ</strong></span> <span class='ocrx_word' id='word_1_735' title='bbox 2911 4787 3063 4838; x_wconf 84' lang='grc' dir='ltr'><strong>οίκου</strong></span> <span class='ocrx_word' id='word_1_736' title='bbox 3090 4802 3103 4814; x_wconf 84' lang='grc'><strong>·</strong></span> <span class='ocrx_word' id='word_1_737' title='bbox 3139 4784 3426 4856; x_wconf 77' lang='grc' dir='ltr'><strong>ἄνθρωπος</strong></span> <span class='ocrx_word' id='word_1_738' title='bbox 3455 4785 3569 4852; x_wconf 85' lang='grc' dir='ltr'><strong>γὰρ</strong></span> <span class='ocrx_word' id='word_1_739' title='bbox 3597 4787 3688 4838; x_wconf 74' lang='grc' dir='ltr'><strong>καὶ</strong></span> 
     </span>
    </p>
   </div>
   <div class='ocr_carea' id='block_1_105' title="bbox 2113 4872 3688 4946">
    <p class='ocr_par' dir='ltr' id='par_1_105' title="bbox 2113 4872 3688 4946">
     <span class='ocr_line' id='line_1_105' title="bbox 2113 4872 3688 4946; baseline 0.004 -23"><span class='ocrx_word' id='word_1_740' title='bbox 2113 4872 2296 4936; x_wconf 79' lang='grc' dir='ltr'><strong>αὐτὸς,</strong></span> <span class='ocrx_word' id='word_1_741' title='bbox 2332 4873 2408 4936; x_wconf 86' lang='grc' dir='ltr'><strong>ὡς</strong></span> <span class='ocrx_word' id='word_1_742' title='bbox 2428 4874 2521 4926; x_wconf 84' lang='grc' dir='ltr'><strong>καὶ</strong></span> <span class='ocrx_word' id='word_1_743' title='bbox 2555 4875 2603 4926; x_wconf 82' lang='lat' dir='ltr'><strong>oi</strong></span> <span class='ocrx_word' id='word_1_744' title='bbox 2635 4875 2832 4928; x_wconf 85' lang='grc' dir='ltr'><strong>λοιποί·</strong></span> <span class='ocrx_word' id='word_1_745' title='bbox 2866 4878 2915 4928; x_wconf 85' lang='grc' dir='ltr'><strong>εἰ</strong></span> <span class='ocrx_word' id='word_1_746' title='bbox 2950 4877 3043 4928; x_wconf 75' lang='grc' dir='ltr'><strong>καὶ</strong></span> <span class='ocrx_word' id='word_1_747' title='bbox 3071 4877 3248 4944; x_wconf 79' lang='grc' dir='ltr'><strong>ἅγιος,</strong></span> <span class='ocrx_word' id='word_1_748' title='bbox 3283 4877 3376 4929; x_wconf 79' lang='grc' dir='ltr'><strong>καὶ</strong></span> <span class='ocrx_word' id='word_1_749' title='bbox 3405 4877 3688 4946; x_wconf 80' lang='grc' dir='ltr'><strong>ὁμόδουλος</strong></span> 
     </span>
    </p>
   </div>
   <div class='ocr_carea' id='block_1_106' title="bbox 2114 4963 3691 5038">
    <p class='ocr_par' dir='ltr' id='par_1_106' title="bbox 2114 4963 3691 5038">
     <span class='ocr_line' id='line_1_106' title="bbox 2114 4963 3691 5038; baseline 0.003 -22"><span class='ocrx_word' id='word_1_750' title='bbox 2114 4963 2330 5027; x_wconf 76' lang='grc' dir='ltr'><strong>αὐτοῖς·</strong></span> <span class='ocrx_word' id='word_1_751' title='bbox 2366 4965 2441 5028; x_wconf 85' lang='grc' dir='ltr'><strong>ὡς</strong></span> <span class='ocrx_word' id='word_1_752' title='bbox 2468 4965 2564 5018; x_wconf 80' lang='grc' dir='ltr'><strong>καὶ</strong></span> <span class='ocrx_word' id='word_1_753' title='bbox 2591 4966 2648 5018; x_wconf 80' lang='grc' dir='ltr'><strong>ἐν</strong></span> <span class='ocrx_word' id='word_1_754' title='bbox 2686 4967 2808 5031; x_wconf 89' lang='grc' dir='ltr'><strong>ταῖς</strong></span> <span class='ocrx_word' id='word_1_755' title='bbox 2841 4967 3041 5029; x_wconf 82' lang='grc' dir='ltr'><strong>οἰκίαις</strong></span> <span class='ocrx_word' id='word_1_756' title='bbox 3065 4970 3116 5020; x_wconf 77' lang='grc' dir='ltr'><strong>οἱ</strong></span> <span class='ocrx_word' id='word_1_757' title='bbox 3158 4969 3467 5038; x_wconf 80' lang='grc' dir='ltr'><strong>ἐπίτροποι,</strong></span> <span class='ocrx_word' id='word_1_758' title='bbox 3507 4969 3560 5020; x_wconf 82' lang='grc' dir='ltr'><strong>εἰ</strong></span> <span class='ocrx_word' id='word_1_759' title='bbox 3601 4968 3691 5022; x_wconf 76' lang='grc' dir='ltr'><strong>καὶ</strong></span> 
     </span>
    </p>
   </div>
   <div class='ocr_carea' id='block_1_107' title="bbox 2119 5054 3682 5127">
    <p class='ocr_par' dir='ltr' id='par_1_107' title="bbox 2119 5054 3682 5127">
     <span class='ocr_line' id='line_1_107' title="bbox 2119 5054 3682 5127; baseline 0.004 -23"><span class='ocrx_word' id='word_1_760' title='bbox 2119 5054 2412 5122; x_wconf 75' lang='grc' dir='ltr'><strong>προέχουσι</strong></span> <span class='ocrx_word' id='word_1_761' title='bbox 2446 5055 2558 5108; x_wconf 83' lang='grc' dir='ltr'><strong>τῶν</strong></span> <span class='ocrx_word' id='word_1_762' title='bbox 2589 5054 2814 5118; x_wconf 81' lang='grc' dir='ltr'><strong>λοιπῶν,</strong></span> <span class='ocrx_word' id='word_1_763' title='bbox 2857 5055 2996 5127; x_wconf 76' lang='grc' dir='ltr'><strong>πλὴν</strong></span> <span class='ocrx_word' id='word_1_764' title='bbox 3026 5056 3303 5126; x_wconf 80' lang='grc' dir='ltr'><strong>ὁμόδουλοι</strong></span> <span class='ocrx_word' id='word_1_765' title='bbox 3343 5059 3456 5118; x_wconf 81' lang='grc' dir='ltr'><strong>τοῖς</strong></span> <span class='ocrx_word' id='word_1_766' title='bbox 3483 5057 3682 5117; x_wconf 77' lang='grc' dir='ltr'><strong>ἄλλοις.</strong></span> 
     </span>
    </p>
   </div>
   <div class='ocr_carea' id='block_1_108' title="bbox 2126 5142 3686 5218">
    <p class='ocr_par' dir='ltr' id='par_1_108' title="bbox 2126 5142 3686 5218">
     <span class='ocr_line' id='line_1_108' title="bbox 2126 5142 3686 5218; baseline 0.001 -21"><span class='ocrx_word' id='word_1_767' title='bbox 2126 5144 2280 5197; x_wconf 72' lang='grc' dir='ltr'>Ἐπεὶ</span> <span class='ocrx_word' id='word_1_768' title='bbox 2309 5144 2402 5198; x_wconf 79' lang='grc' dir='ltr'><strong>οὖν</strong></span> <span class='ocrx_word' id='word_1_769' title='bbox 2441 5145 2536 5198; x_wconf 76' lang='grc' dir='ltr'><strong>καὶ</strong></span> <span class='ocrx_word' id='word_1_770' title='bbox 2584 5147 2748 5212; x_wconf 82' lang='grc' dir='ltr'><strong>αὐτὸς</strong></span> <span class='ocrx_word' id='word_1_771' title='bbox 2786 5147 2950 5218; x_wconf 84' lang='grc' dir='ltr'><strong>μέρος</strong></span> <span class='ocrx_word' id='word_1_772' title='bbox 2997 5148 3092 5200; x_wconf 78' lang='grc' dir='ltr'><strong>τοῦ</strong></span> <span class='ocrx_word' id='word_1_773' title='bbox 3125 5148 3276 5199; x_wconf 86' lang='grc' dir='ltr'><strong>οῐκου</strong></span> <span class='ocrx_word' id='word_1_774' title='bbox 3326 5142 3416 5216; x_wconf 79' lang='grc' dir='ltr'><strong>ἦν,</strong></span> <span class='ocrx_word' id='word_1_775' title='bbox 3461 5144 3686 5215; x_wconf 78' lang='grc' dir='ltr'><strong>ἐκτίσθη</strong></span> 
     </span>
    </p>
   </div>
   <div class='ocr_carea' id='block_1_109' title="bbox 2115 5235 3683 5305">
    <p class='ocr_par' dir='ltr' id='par_1_109' title="bbox 2115 5235 3683 5305">
     <span class='ocr_line' id='line_1_109' title="bbox 2115 5235 3683 5305; baseline -0.001 -19"><span class='ocrx_word' id='word_1_776' title='bbox 2115 5235 2208 5287; x_wconf 73' lang='grc' dir='ltr'><strong>καὶ</strong></span> <span class='ocrx_word' id='word_1_777' title='bbox 2243 5237 2401 5299; x_wconf 64' lang='grc' dir='ltr'><strong>αὐτος</strong></span> <span class='ocrx_word' id='word_1_778' title='bbox 2451 5238 2557 5290; x_wconf 77' lang='grc' dir='ltr'><strong>ὑπό</strong></span> <span class='ocrx_word' id='word_1_779' title='bbox 2603 5255 2765 5303; x_wconf 86' lang='grc' dir='ltr'><strong>τινος,</strong></span> <span class='ocrx_word' id='word_1_780' title='bbox 2807 5240 2900 5291; x_wconf 79' lang='grc' dir='ltr'><strong>καὶ</strong></span> <span class='ocrx_word' id='word_1_781' title='bbox 2932 5240 2959 5291; x_wconf 86' lang='lat'><em>6</em></span> <span class='ocrx_word' id='word_1_782' title='bbox 2998 5239 3186 5300; x_wconf 80' lang='grc' dir='ltr'><strong>κτίσας</strong></span> <span class='ocrx_word' id='word_1_783' title='bbox 3221 5236 3386 5292; x_wconf 74' lang='grc' dir='ltr'><strong>αὐτὸν</strong></span> <span class='ocrx_word' id='word_1_784' title='bbox 3427 5238 3683 5305; x_wconf 76' lang='grc' dir='ltr'><strong>ὑπερέχει</strong></span> 
     </span>
    </p>
   </div>
   <div class='ocr_carea' id='block_1_110' title="bbox 2114 5321 3681 5388">
    <p class='ocr_par' dir='ltr' id='par_1_110' title="bbox 2114 5321 3681 5388">
     <span class='ocr_line' id='line_1_110' title="bbox 2114 5321 3681 5388; baseline -0.002 -10"><span class='ocrx_word' id='word_1_785' title='bbox 2114 5324 2282 5378; x_wconf 82' lang='grc' dir='ltr'><strong>αὑτοῦ</strong></span> <span class='ocrx_word' id='word_1_786' title='bbox 2335 5327 2572 5388; x_wconf 77' lang='grc' dir='ltr'><strong>πάντως.</strong></span> <span class='ocrx_word' id='word_1_787' title='bbox 2626 5329 2848 5381; x_wconf 82' lang='grc' dir='ltr'><strong>Ἐκτισε</strong></span> <span class='ocrx_word' id='word_1_788' title='bbox 2879 5329 2936 5381; x_wconf 85' lang='grc' dir='ltr'>δὲ</span> <span class='ocrx_word' id='word_1_789' title='bbox 2980 5327 3143 5380; x_wconf 82' lang='grc' dir='ltr'><strong>αὐτὸν</strong></span> <span class='ocrx_word' id='word_1_790' title='bbox 3173 5329 3199 5380; x_wconf 92' lang='lat'><em>6</em></span> <span class='ocrx_word' id='word_1_791' title='bbox 3247 5326 3375 5388; x_wconf 83' lang='grc' dir='ltr'><strong>Υἱὸς</strong></span> <span class='ocrx_word' id='word_1_792' title='bbox 3429 5324 3523 5377; x_wconf 81' lang='grc' dir='ltr'><strong>τοῦ</strong></span> <span class='ocrx_word' id='word_1_793' title='bbox 3549 5321 3681 5376; x_wconf 74' lang='grc' dir='ltr'><strong>Θεοῦ</strong></span> 
     </span>
    </p>
   </div>
   <div class='ocr_carea' id='block_1_111' title="bbox 2113 5416 3680 5491">
    <p class='ocr_par' dir='ltr' id='par_1_111' title="bbox 2113 5416 3680 5491">
     <span class='ocr_line' id='line_1_111' title="bbox 2113 5416 3680 5491; baseline 0.003 -23"><span class='ocrx_word' id='word_1_794' title='bbox 2113 5419 2140 5469; x_wconf 89' lang='lat'><em>6</em></span> <span class='ocrx_word' id='word_1_795' title='bbox 2174 5417 2351 5486; x_wconf 81' lang='grc' dir='ltr'><strong>σάρκα</strong></span> <span class='ocrx_word' id='word_1_796' title='bbox 2376 5419 2576 5484; x_wconf 74' lang='grc' dir='ltr'><strong>λαϐὼν,</strong></span> <span class='ocrx_word' id='word_1_797' title='bbox 2613 5423 2708 5474; x_wconf 64' lang='grc' dir='ltr'><strong>καὶ</strong></span> <span class='ocrx_word' id='word_1_798' title='bbox 2737 5420 3055 5491; x_wconf 80' lang='grc' dir='ltr'><strong>Ἀρχιερεὺς</strong></span> <span class='ocrx_word' id='word_1_799' title='bbox 3095 5419 3162 5473; x_wconf 84' lang='grc' dir='ltr'><strong>δι’</strong></span> <span class='ocrx_word' id='word_1_800' title='bbox 3199 5418 3360 5471; x_wconf 72' lang='grc' dir='ltr'><strong>αὐτὸν</strong></span> <span class='ocrx_word' id='word_1_801' title='bbox 3395 5416 3435 5445; x_wconf 80' lang='grc'>³⁸</span> <span class='ocrx_word' id='word_1_802' title='bbox 3465 5427 3680 5482; x_wconf 85' lang='grc' dir='ltr'><strong>χρημα·</strong></span> 
     </span>
    </p>
   </div>
   <div class='ocr_carea' id='block_1_112' title="bbox 2108 5503 3680 5585">
    <p class='ocr_par' dir='ltr' id='par_1_112' title="bbox 2108 5503 3680 5585">
     <span class='ocr_line' id='line_1_112' title="bbox 2108 5503 3680 5585; baseline 0.001 -26"><span class='ocrx_word' id='word_1_803' title='bbox 2108 5509 2302 5573; x_wconf 66' lang='grc' dir='ltr'><strong>τίσεις·</strong></span> <span class='ocrx_word' id='word_1_804' title='bbox 2365 5511 2459 5566; x_wconf 72' lang='grc' dir='ltr'><strong>καὶ</strong></span> <span class='ocrx_word' id='word_1_805' title='bbox 2517 5511 2776 5585; x_wconf 79' lang='grc' dir='ltr'><strong>ὑπερέχει</strong></span> <span class='ocrx_word' id='word_1_806' title='bbox 2832 5514 2942 5585; x_wconf 75' lang='grc' dir='ltr'><strong>ἄρα</strong></span> <span class='ocrx_word' id='word_1_807' title='bbox 2996 5512 3184 5568; x_wconf 75' lang='grc' dir='ltr'><strong>αὑτοῦ.</strong></span> <span class='ocrx_word' id='word_1_808' title='bbox 3248 5513 3393 5581; x_wconf 88' lang='grc' dir='ltr'><strong>Ὅρα</strong></span> <span class='ocrx_word' id='word_1_809' title='bbox 3439 5503 3534 5564; x_wconf 77' lang='grc' dir='ltr'><strong>οὖν</strong></span> <span class='ocrx_word' id='word_1_810' title='bbox 3569 5505 3680 5570; x_wconf 78' lang='grc' dir='ltr'><strong>πῶς</strong></span> 
     </span>
    </p>
   </div>
   <div class='ocr_carea' id='block_1_113' title="bbox 1779 5684 2342 5750">
    <p class='ocr_par' dir='ltr' id='par_1_113' title="bbox 1779 5684 2342 5750">
     <span class='ocr_line' id='line_1_113' title="bbox 1779 5684 2342 5750; baseline 0.007 -6"><span class='ocrx_word' id='word_1_811' title='bbox 1779 5684 1978 5747; x_wconf 56' lang='lat' dir='ltr'><strong>Vadas</strong></span> <span class='ocrx_word' id='word_1_812' title='bbox 2018 5685 2342 5750; x_wconf 86' lang='lat' dir='ltr'><strong>lectiones.</strong></span> 
     </span>
    </p>
   </div>
   <div class='ocr_carea' id='block_1_114' title="bbox 513 5772 1656 5856">
    <p class='ocr_par' dir='ltr' id='par_1_114' title="bbox 513 5772 1656 5856">
     <span class='ocr_line' id='line_1_114' title="bbox 513 5772 1656 5856; baseline 0.009 -30"><span class='ocrx_word' id='word_1_813' title='bbox 513 5772 555 5805; x_wconf 68' lang='grc'><strong>³⁷</strong></span> <span class='ocrx_word' id='word_1_814' title='bbox 596 5774 763 5830; x_wconf 76' lang='grc' dir='ltr'><strong>θέλων</strong></span> <span class='ocrx_word' id='word_1_815' title='bbox 787 5793 858 5831; x_wconf 83' lang='lat' dir='ltr'><strong>ut.</strong></span> <span class='ocrx_word' id='word_1_816' title='bbox 936 5774 981 5810; x_wconf 73' lang='grc'><strong>³⁸</strong></span> <span class='ocrx_word' id='word_1_817' title='bbox 1011 5778 1164 5832; x_wconf 77' lang='grc' dir='ltr'><strong>καλεῖ</strong></span> <span class='ocrx_word' id='word_1_818' title='bbox 1194 5797 1244 5836; x_wconf 89' lang='grc' dir='ltr'><strong>υ.</strong></span> <span class='ocrx_word' id='word_1_819' title='bbox 1325 5782 1366 5816; x_wconf 71' lang='grc'><strong>³⁵⁵</strong></span> <span class='ocrx_word' id='word_1_820' title='bbox 1404 5784 1568 5856; x_wconf 74' lang='grc' dir='ltr'><strong>αὐτὴν</strong></span> <span class='ocrx_word' id='word_1_821' title='bbox 1603 5803 1656 5843; x_wconf 91' lang='grc' dir='ltr'><strong>ο.</strong></span> 
     </span>
    </p>
   </div>
  </div>
