3918 6542
485 387 595 453 223

1317 390 1893 451 THEOPIIYLACTI
1929 388 2340 451 BIlLGARI/E
2374 387 2735 450 ARCHIEP.

3611 388 3708 451 εει

474 504 632 550 terra:
665 495 1019 562 admirantes,
1055 494 1146 550 sed
1177 505 1553 551 asseverantes
1590 497 2027 569 inexpugnabiles

2139 500 2410 572 ψομένους
2439 501 2536 574 τὴν
2566 501 2730 573 φύσιν
2803 501 2900 572 τῆς
2953 499 3080 572 γῆς,
3112 501 3196 563 είς
3242 501 3309 573 ἢν
3341 499 3564 572 ἔμελλον
3600 506 3708 556 εισ-

470 601 596 642 csse
627 586 876 641 homines
905 585 998 657 qni
1017 599 1135 640 eam
1154 597 1350 640 terram
1386 586 1774 644 inhabitarent.
1803 587 2044 660 Pepulus

470 677 659 747 igitur,
688 691 811 732 cum
847 677 1122 732 debuisset
1167 677 1467 746 expendere
1499 676 1591 733 Dei
1623 681 2042 750 insuperabilem

471 771 802 836 potentiam,
858 768 1183 822 consternati
1235 768 1417 838 peius
1468 771 1810 828 sermonibus
1869 772 2041 839 hisee,

475 861 910 924 murmurabaut,
941 870 1101 928 atque
1133 860 1188 913 in
1234 859 1530 931 Egyptum
1569 863 1762 917 reverti
1790 875 2044 936 oportere

470 953 785 1007 censebant.
826 952 1139 1022 Indignatus
1178 953 1362 1022 itaque
1415 954 1556 1008 Deus
1587 956 1729 1024 quod
1759 959 1896 1011 adeo
1950 972 2042 1013 ce-

469 1041 653 1098 leriter
677 1051 756 1097 tot
787 1043 1186 1099 admirabilium
1214 1060 1437 1114 operum
1469 1061 1692 1100 suorum
1719 1026 2039 1104 memoriam

467 1135 814 1202 rcpulissent,
845 1137 1048 1205 juravit
1077 1153 1186 1191 non
1222 1139 1589 1209 iugi-essuram
1631 1142 2036 1210 generationem

467 1227 612 1279 illam
693 1244 817 1297 quae
904 1241 1299 1294 murmurasset
1376 1232 1428 1284 in
1510 1241 1709 1286 terram
1809 1234 2014 1302 promis

465 1316 636 1372 siouis
696 1335 711 1371 :
788 1334 977 1373 omnes
1056 1323 1220 1374 etiam
1306 1321 1584 1389 perierunt
1667 1322 1720 1376 in
1803 1324 2038 1390 deserto,

465 1415 657 1474 praeter
707 1405 909 1463 Cbaleb
946 1418 997 1464 et
1031 1406 1233 1463 Jesum.
1295 1410 1431 1475 Quia
1489 1410 1652 1478 igitur
1696 1411 1862 1466 David
1917 1423 2038 1482 post

457 1491 865 1556 generationem
891 1493 1037 1547 illam
1069 1493 1312 1566 loquens.
1343 1497 1480 1552 dixit
1518 1516 1532 1552 :
1569 1497 1737 1553 Hodie
1759 1499 1803 1554 si
1845 1516 2030 1554 vocem

456 1580 580 1647 eius
613 1583 956 1649 audiveritis,
1006 1602 1113 1640 non
1152 1587 1435 1644 obduretis
1485 1591 1647 1644 corda
1706 1601 1907 1655 vestra,
1966 1607 2032 1647 ne

454 1673 646 1728 eadem
689 1678 967 1745 patiamini
1004 1695 1124 1749 qua:
1143 1681 1376 1750 majores
1403 1683 1591 1744 vestri,
1643 1697 1706 1737 ac
1755 1683 2026 1738 orbemini

461 1763 690 1831 requie:
734 1766 983 1821 videlicet
1029 1769 1186 1837 quasi
1234 1770 1337 1823 alia
1368 1771 1612 1838 qumdam
1677 1771 1750 1827 sit
1812 1773 2031 1842 requies

456 1867 622 1920 qtlam
656 1871 756 1910 nos
797 1856 1047 1912 obtinere
1084 1859 1368 1926 debemus,
1429 1860 1541 1916 bace
1585 1861 1737 1915 dicit.
1783 1838 1917 1916 Nam
1983 1863 2028 1918 si
2061 1838 2103 1893 Β

458 1959 647 2001 revera
677 1951 917 2018 requiem
945 1952 1310 2020 accepissiint,
1332 1967 1495 2021 quam
1532 1953 1604 2007 ob
1627 1969 1846 2008 causam
1877 1953 2029 2009 dice-

453 2042 578 2095 ret:
619 2037 792 2094 Hodie
829 2055 896 2095 ne
928 2041 1193 2098 iuduretis
1215 2043 1380 2100 corda
1421 2055 1622 2110 vestra,
1671 2054 1888 2116 patrum
1918 2056 2032 2099 've-

454 2139 692 2185 strorum
727 2133 921 2197 lnstar,
956 2152 1022 2190 ne
1046 2153 1151 2190 non
1205 2136 1588 2207 ingrediamini
1653 2141 1707 2194 in
1743 2141 2031 2209 requiem?

454 2223 586 2288 Qum
616 2222 783 2295 igitur
805 2226 912 2280 alia
934 2237 1017 2281 est
1045 2229 1262 2297 requies
1295 2240 1488 2300 praeter
1504 2248 1725 2302 regnum
1742 2235 2026 2300 caelorum,

453 2313 611 2382 cujus
644 2313 821 2386 imago
851 2317 953 2370 fuit
982 2327 1036 2372 et
1070 2317 1396 2384 Sabbatum,
1439 2331 1492 2376 et
1522 2322 1701 2392 typice
1734 2322 1913 2379 factus
1949 2325 2025 2378 in-

453 2421 678 2473 gressus
708 2407 763 2460 in
824 2405 1156 2464 Palestiuam
1193 2426 1290 2479 per
1331 2411 1628 2468 incredulae
1657 2415 2028 2484 generationis

457 2495 634 2550 tilios?
663 2495 798 2552 Tres
829 2501 975 2553 enim
1006 2509 1134 2555 sunt
1181 2504 1436 2572 quietes:
1471 2506 1646 2573 prima
1669 2517 1756 2566 est
1781 2507 2025 2573 Sabbati,

455 2583 510 2638 in
536 2600 647 2654 quo
688 2585 831 2643 Deus
857 2588 1062 2658 quievit
1101 2591 1169 2643 ab
1199 2592 1456 2660 cperibus
1487 2596 1623 2662 suis,
1654 2597 1721 2651 de
1745 2612 1851 2667 qua
1882 2613 2028 2653 nunc

457 2673 715 2730 liavidem
743 2693 850 2732 non
876 2688 959 2734 est
991 2680 1138 2751 loqui
1169 2684 1487 2750 verisimile,
1523 2695 1583 2740 ut
1611 2703 1733 2758 quae
1777 2689 1907 2743 olim
1958 2691 2031 2747 sit

454 2765 618 2822 facta.
651 2769 835 2824 Altera
865 2779 972 2834 est,
1012 2773 1295 2843 ingressus
1343 2776 1396 2830 in
1455 2785 1654 2832 terram
1707 2782 2028 2850 promissio-

453 2859 561 2926 nis,
600 2862 652 2914 in
703 2877 879 2932 quam
909 2864 1141 2934 ingressi
1179 2864 1350 2922 Judaei
1419 2872 1688 2925 cessaturi
1738 2885 1915 2940 erant,
1965 2891 2029 2932 ac

453 2949 692 3017 quietem
727 2951 964 3006 habituri
991 2969 1020 3007 a
1053 2955 1254 3023 praeliis
1286 2965 1340 3012 et
1379 2973 1586 3015 errore.
1622 2959 1806 3032 Neque
1832 2965 1898 3021 de
1929 2965 2030 3022 bac

452 3056 602 3096 nunc
627 3042 796 3096 dicit:
830 3041 1118 3100 Palaestina
1151 3049 1294 3104 enim
1323 3052 1546 3106 omnino
1575 3064 1690 3107 tum
1720 3061 2032 3127 occupaba-

2135 592 2332 648 ελθεῖν.
2369 595 2430 646 Οἱ
2451 594 2505 646 δὲ
2533 592 2862 657 ἀπελθόντες
2890 591 3262 664 ὑπέστρεψαν,
3292 593 3391 666 τὴν
3417 593 3516 664 μὲν
3554 594 3708 664 φύσιν

2135 687 2233 755 τῆς
2255 684 2358 754 γῆς
2374 684 2420 717 ⁸³
2457 685 2851 753 θαυμάζοντες,
2873 683 3196 755 ἀνθρώπους
3225 686 3408 755 μέντοι
3427 687 3708 756 ἀπροσμα-

2137 780 2336 849 χήτους
2383 782 2656 833 κατοικεῖν
2709 779 2916 848 ταύτην
2957 779 3229 847 λέγοντες.
3279 779 3337 835 Ὀ
3378 780 3556 836 τοίνυν
3589 781 3708 846 λαὸς

2133 869 2252 922 δέον
2304 869 2728 938 ὑπολογίσασθαι
2783 871 2882 942 τὴν
2941 870 3037 924 τοῦ
3103 870 3242 925 Θεοῦ
3291 873 3708 944 ἀκαταμάχητον

2133 960 2390 1031 δύναμιν.
2431 961 2874 1031 καταπλαγέντες
2904 965 3017 1026 τοῖς
3057 961 3241 1032 λόγοις
3290 965 3521 1032 τούτοις,
3552 967 3706 1036 ἐγόγο

2147 1050 2299 1117 γυζον
2322 1051 2464 1115 ⁵⁸⁸⁸⁸,
2491 1053 2584 1104 καὶ
2624 1052 2702 1116 είς
2737 1052 3013 1125 Αἴγυπτον
3030 1053 3468 1125 ἀποστρέφεσθαι
3492 1055 3708 1119 τούτους

2134 1139 2243 1193 δεῖν
2274 1141 2545 1211 ἐνόμιζον.
2589 1123 3020 1213 Ὀργισθεὶςόῦν
3063 1142 3091 1195 6
3121 1123 3297 1211 Θεὸς,
3325 1143 3406 1197 ὅτι
3441 1161 3544 1216 περ
3573 1144 3708 1198 οὕτω

2133 1232 2343 1302 ταχέως
2371 1233 2468 1304 τὴν
2501 1231 2608 1286 τῶν
2639 1233 2912 1306 τοσούτων
2951 1233 3271 1300 Θαυμασίων
3298 1236 3520 1307 μνήμην
3557 1235 3706 1289 ἀπῶ-

2135 1341 2315 1387 σαντο,
2349 1323 2530 1394 ῶμοσε
2569 1325 2644 1397 μὴ
2691 1326 2953 1379 εἰσελθεῖν
2984 1327 3082 1398 τὴν
3133 1327 3327 1396 γενεάν
3362 1328 3578 1400 ἐκείνην
3611 1329 3709 1399 τὴν

2133 1415 2487 1484 γογγύσασαν
2539 1417 2619 1480 εἰς
2675 1417 2774 1488 τὴν
2812 1417 2918 1488 γῆν
2971 1418 3069 1488 τῆς
3116 1416 3481 1487 ἐπαγγελίαις⁶
3512 1421 3604 1474 καὶ
3646 1421 3705 1490 δὴ

2135 1510 2340 1572 πάντες
2373 1510 2656 1564 ἀπώλοντο
2679 1511 2737 1564 ἐν
2760 1514 2826 1581 τῇ
2860 1512 3073 1582 ἐρήμῳ,
3103 1511 3242 1582 πλὴν
3272 1513 3452 1566 Χαλέὁ
3477 1516 3573 1566 καὶ
3607 1513 3707 1583 Ἰη-

2135 1601 2252 1657 σοῦ.
2294 1602 2446 1655 Ἐπεὶ
2487 1597 2581 1656 οὖν
2633 1603 2770 1674 μετὰ
2817 1603 2916 1674 τὴν
2957 1605 3148 1671 γενεὰν
3183 1606 3445 1677 ἐκείνηνό
3474 1607 3520 1637 ⁸⁸
3549 1605 3710 1660 Δαεὶδ

2132 1693 2513 1762 διαλεγόμενος
2565 1693 2774 1762 ἔλεγεν,
2812 1695 2894 1747 ὅτι
2955 1695 3204 1765 Σήμερον
3260 1696 3355 1748 ἐὰν
3395 1695 3493 1765 τῆς
3529 1695 3710 1764 φωνῆς

2135 1782 2297 1835 αὐτοῦ
2331 1782 2624 1853 ἀκούσητε,
2683 1784 2777 1836 καὶ
2815 1784 2890 1855 μὴ
2935 1784 3275 1854 σκληρύνητε
3338 1787 3435 1850 τὰς
3486 1785 3713 1856 καρδίας

2134 1873 2306 1943 ὑμῶν,
2321 1874 2408 1927 ἵνα
2423 1873 2497 1945 μὴ
2514 1875 2582 1927 τά
2598 1875 2735 1927 αύτά
2758 1875 2964 1946 πάοητε
2982 1877 3123 1945 ἆπερ
3157 1877 3205 1929 οἱ
3238 1877 3493 1946 πρόγονοι
3509 1878 3560 1930 οἱ
3580 1879 3712 1948 ὑμέ-

2131 1981 2300 2034 τεροι,
2321 1966 2412 2017 καὶ
2440 1966 2849 2036 ἀποστερηθῆτε
2866 1967 2964 2036 τῆς
2987 1967 3390 2032 καταπαύσεως
3411 1985 3424 1998 °
3450 1969 3610 2040 δῆλον
3633 1970 3712 2022 ὅτι

2129 2056 2206 2121 ὡς
2223 2055 2390 2126 οὔσης
2403 2056 2547 2121 τινὸς
2565 2057 2756 2129 ἐτέρας
2773 2058 3190 2124 καταπαύσεως,
3206 2060 3270 2130 ἢν
3285 2059 3576 2131 ὀφείλομεν
3591 2079 3713 2114 κατι

2131 2152 2342 2222 ασχεῐν,
2365 2147 2538 2205 ταῦτα
2567 2150 2737 2220 λέγει.
2759 2150 2919 2204 Ἐπεὶ
2939 2151 2987 2204 εί
3005 2152 3362 2223 ἀπειληφότες
3379 2148 3520 2225 ἦσαν
3547 2154 3712 2216 ὅντως

2129 2242 2228 2312 τὴν
2245 2241 2612 2307 κατάπαυσιν,
2633 2243 2774 2306 τίνος
2793 2242 2979 2296 ἐνεκεν
2991 2243 3162 2313 λέγει,
3185 2244 3428 2315 Σήμερον
3444 2244 3521 2315 μὴ
3546 2246 3711 2314 σκλη-

2135 2331 2332 2402 ρύνητε
2361 2333 2462 2396 τὰς
2481 2333 2710 2405 καρδίας
2734 2333 2910 2402 ὑμῶν,
2935 2331 3010 2396 ὦς
3039 2334 3088 2388 οἱ
3120 2334 3377 2406 πατέρες,
3411 2337 3508 2389 καί
3541 2336 3606 2389 οὗ
3639 2337 3711 2406 μὴ

2131 2425 2410 2489 εἰσέλθητε
2431 2427 2511 2489 είς
2525 2425 2626 2492 τὴν
2644 2425 2987 2480 κατάπαυσιν
3009 2441 3024 2491 ;
3049 2424 3143 2488 Τίς
3163 2425 3254 2479 οὖν
3283 2428 3430 2481 ἐστιν
3453 2427 3590 2499 ἀλλη
3613 2447 3712 2480 κα-

2130 2515 2470 2586 τάπαυσις,ἢ
2492 2516 2524 2585 ἡ
2546 2515 2794 2586 βασιλεία
2829 2515 2938 2569 τῶν
2959 2516 3227 2586 οὐρανῶν,
3264 2513 3330 2590 ἧς
3365 2517 3532 2594 είκὼν
3560 2519 3621 2570 τό
3652 2536 3710 2570 τε

2131 2608 2434 2674 Σάϐϐατον,
2458 2607 2554 2661 καὶ
2583 2609 2877 2681 ὴτυπικῶς
2901 2610 3169 2679 γενομένη
3199 2611 3277 2673 εἰς
3292 2610 3390 2680 τὴν
3419 2609 3711 2664 Παλαιστίο

2131 2718 2228 2770 νην
2255 2700 2459 2764 εἴσοδος
2499 2700 2607 2754 τῶν
2628 2701 2836 2754 τέκνων
2881 2703 2979 2771 τῆς
3001 2702 3381 2773 ἀπιπησάσης
3403 2702 3448 2733 ⁸⁸
3473 2704 3668 2770 γενεᾶς
3691 2721 3713 2769 ;

2131 2793 2294 2862 Τρεῖς
2326 2793 2436 2864 γάρ
2464 2794 2570 2845 εἰσι
2603 2794 2980 2857 καταπαιῖσεις
3007 2811 3022 2826 ο
3045 2793 3080 2866 ἦ
3105 2812 3162 2848 τε
3195 2793 3289 2848 τοῦ
3316 2795 3625 2859 Σαδϐἀτου,
3656 2798 3710 2847 ἐν

2131 2876 2165 2956 ᾖ
2199 2883 2547 2936 κατέπαυσεν
2574 2885 2601 2936 6
2634 2882 2765 2946 Θεὸς
2792 2883 2902 2936 ἀπὸ
2929 2881 3038 2936 τῶν
3066 2883 3242 2954 ἔργων
3269 2885 3456 2949 αὐτοῦ,
3487 2887 3618 2956 περὶ
3646 2881 3710 2956 ἧς

2130 2976 2231 3027 οὐκ
2261 2974 2402 3028 ἔοικε
2439 2974 2536 3027 νῦν
2561 2973 2742 3042 λέγειν
2775 2976 2803 3028 6
2836 2974 3020 3039 Δαὸὶδ,
3073 2976 3167 3029 ἅτε
3204 2975 3373 3030 πάλαι
3404 2978 3708 3047 γεγενημέ-

2131 3083 2228 3137 νης
2248 3082 2263 3096 ο
2300 3067 2394 3120 καὶ
2435 3067 2468 3137 ἡ
2502 3066 2580 3130 είς
2609 3069 2706 3138 τὴν
2736 3066 2840 3135 γῆν
2872 3066 2972 3135 τῆς
3003 3067 3336 3135 ἐπαγγελίας
3367 3068 3594 3134 εῐσοδος,
3633 3069 3709 3130 είς

453 3141 544 3185 tur
577 3131 647 3187 ab
671 3131 913 3189 Hebraeis
940 3140 1278 3207 temporibus
1319 3140 1562 3198 Davidis.
1595 3145 1883 3211 Quomodo
1920 3151 2021 3221 igi—

2133 3160 2198 3229 ἣν
2237 3157 2572 3222 εἰσελθόντες
2617 3158 2878 3223 Ἰουδαῖοι,
2903 3158 3126 3229 ἔμελλον
3160 3159 3582 3214 ἀναπαύσασθαι
3607 3162 3711 3214 τῶν

449 3228 547 3274 tur
583 3221 651 3276 de
685 3223 809 3288 bac,
839 3237 1094 3296 tanquam
1134 3230 1312 3286 adhuc
1348 3242 1596 3300 restaret,
1644 3238 1860 3296 locutus
1899 3245 2027 3298 est?

456 3310 687 3367 Videtur
721 3313 891 3385 igitur
912 3320 1018 3372 alia
1063 3322 1308 3390 quaedam
1345 3328 1563 3396 requies
1592 3345 1735 3397 esse,
1770 3332 1822 3385 in
1861 3349 2024 3402 quam

451 3399 613 3459 Iesus
649 3404 793 3462 illius
827 3407 974 3465 Nave
1019 3427 1125 3466 non
1168 3415 1341 3484 potuit
1371 3418 1720 3476 introducere
1744 3399 2023 3495 populum.

453 3495 586 3563 Quae
647 3509 830 3554 autem
889 3502 992 3558 ista
1019 3503 1131 3572 ﬂet,
1162 3517 1361 3577 przeter
1381 3526 1498 3566 eam
1527 3530 1647 3582 qum
1671 3524 1755 3570 est
1775 3518 1825 3570 in
1846 3518 2022 3576 cmlis!

454 3588 588 3645 Date
614 3607 745 3662 ergo
780 3609 1028 3664 operam,
1079 3613 1148 3653 ne
1199 3601 1267 3656 ab
1330 3601 1434 3659 hac
1471 3607 1741 3663 excidatis
1805 3621 2030 3680 propter

453 3680 920 3749 incredulitatem.
982 3689 1214 3758 perinde
1266 3708 1331 3749 ac
1383 3697 1620 3767 majores
1654 3702 1840 3756 vestri.
1903 3703 2029 3760 llaec

451 3787 583 3844 ergo
625 3774 788 3844 hujus
821 3778 923 3833 loci
951 3783 1220 3836 sententia
1273 3793 1379 3851 est,
1421 3803 1542 3857 qua:
1574 3788 1735 3860 longe
1781 3796 2030 3850 extendi-

455 3871 547 3917 tur
577 3881 592 3919 :
623 3875 680 3920 at
704 3881 836 3922 vero
863 3870 1076 3940 singula
1103 3876 1384 3943 speciatim
1436 3883 1818 3948 pertractanda
1876 3897 2024 3944 sunt.

447 3952 748 4014 Considera
785 3967 988 4024 autem,
1023 3977 1052 4017 a
1084 3965 1192 4020 Deo
1221 3982 1327 4020 non
1358 3984 1479 4025 esse
1510 3973 1830 4043 exigendam
1861 3980 2027 4035 ratio-

451 4062 597 4112 nem,
627 4052 720 4105 sed
744 4052 860 4108 sive
893 4063 1133 4124 tueatur,
1153 4059 1268 4113 sive
1298 4076 1405 4117 non
1425 4071 1662 4133 tueatur,
1689 4070 2022 4129 credendum

447 4141 521 4194 ei.
541 4139 675 4196 Nam
700 4151 754 4200 et
777 4145 901 4201 ideo
928 4163 1024 4204 eos
1059 4162 1305 4220 accusat,
1335 4156 1480 4225 quod
1527 4160 1794 4216 tentarint
1847 4165 2024 4234 illum,

449 4231 553 4287 boc
579 4241 684 4298 est,
713 4237 975 4293 noucitra
1009 4241 1408 4300 haesitationem
1435 4248 1490 4302 in
1522 4249 1698 4320 ipsum
1765 4231 2022 4327 sperave;

449 4322 581 4386 rint,
618 4334 677 4379 ut
707 4327 799 4396 qui
836 4330 1017 4383 omnia
1049 4341 1254 4402 posset.

2136 3251 2388 3321 πολέμων
2445 3250 2540 3305 καὶ
2595 3249 2696 3321 τῆς
2750 3250 2975 3322 πλάνης.
3007 3251 3139 3306 Οὐδὲ
3195 3253 3322 3322 περὶ
3365 3254 3570 3325 ταύτης
3619 3251 3712 3307 νῦν

2130 3344 2321 3416 λέγει’
2381 3347 2416 3420 ἡ
2479 3346 2588 3418 γὰρ
2644 3346 2978 3417 Παλαιστίνη
3055 3351 3178 3401 τότε
3244 3347 3529 3418 κατείχετο
3602 3349 3711 3410 τοῖς

2150 3438 2420 3508 Ἑϐραίοις
2467 3437 2562 3491 ἐπὶ
2597 3438 2705 3491 τῶν
2751 3439 2960 3510 χρόνων
2996 3439 3179 3494 Δαϐίδ.
3221 3441 3344 3503 Πῶς
3367 3437 3462 3494 οὖν
3486 3440 3642 3507 ἔλεγε
3667 3441 3712 3471 ’τ

2136 3527 2264 3599 περὶ
2293 3529 2514 3598 ταύτης,
2541 3527 2616 3591 ὡς
2658 3527 3130 3598 ὑπολειπομένης;
3178 3527 3398 3581 Ἔοικεν
3423 3523 3515 3581 οὖν
3546 3528 3712 3599 ἐτέρα

2131 3637 2217 3684 τις
2277 3617 2420 3675 εἶναι
2479 3618 2846 3684 κατάπαυσις,
2879 3620 2959 3683 είς
2999 3620 3066 3690 ἣν
3107 3619 3312 3689 Ἰησοῦς
3343 3622 3371 3674 6
3403 3619 3496 3673 τοῦ
3553 3619 3714 3690 Ναυῆ

2127 3712 2227 3764 οὐκ
2273 3710 2506 3780 ἠδύνατο
2558 3711 2876 3780 εἰσαγαγεῖν
2925 3712 3016 3765 τὸν
3061 3711 3209 3766 λαόν.
3259 3711 3355 3774 Τίς
3385 3710 3442 3763 δέ
3501 3711 3570 3764 ἂν
3627 3712 3714 3779 εῖη

2128 3803 2290 3870 αὕτη,
2316 3803 2349 3874 ἢ
2375 3805 2406 3870 ἠ
2442 3803 2500 3855 ἐν
2533 3803 2819 3873 ούρανοῖςς
2864 3791 3212 3856 Σπουδάσατε
3239 3798 3354 3868 οὖν,
3388 3802 3475 3856 ῐνα
3503 3802 3709 3872 ταύτης

2131 3894 2206 3964 μὴ
2252 3893 2522 3962 ἐκπέσητε
2579 3891 2668 3946 8ιά
2694 3891 2756 3945 τὸ
2784 3892 3106 3963 ἀπιστῆσαι,
3143 3892 3216 3955 ὡς
3249 3893 3341 3946 καὶ
3363 3891 3413 3944 οἱ
3453 3891 3715 3961 πρόγονοι

2132 3985 2307 4057 ὑμῶν.
2338 3978 2506 4048 υῦτος
2541 3983 2641 4055 μὲν
2671 3979 2766 4038 οῦν
2789 3985 2817 4038 6
2841 3983 2960 4041 νοῦς
3011 3983 3134 4038 ὅλου
3173 3983 3267 4037 τοῦ
3323 3983 3523 4053 χωρίου
3583 3981 3710 4054 ἄχρι

2133 4075 2328 4130 πολλοῦ
2357 4076 2560 4146 διήκων
2587 4091 2602 4107 ·
2650 4075 2927 4142 ἐπεξιτόον
2965 4075 3023 4128 δέ
3053 4075 3149 4130 καὶ
3183 4079 3293 4139 τοῖς
3315 4074 3456 4129 κατά
3518 4075 3710 4144 μέρος.

2143 4169 2344 4222 Ἐννόει
2381 4167 2461 4235 δέ,
2500 4168 2582 4221 ὃτι
2611 4168 2672 4222 οὐ
2698 4167 2781 4220 δεῖ
2846 4168 2939 4222 τὸν
2979 4168 3114 4222 Θεὸν
3153 4168 3382 4230 εὐθύνας
3429 4166 3710 4232 ἀπαιτεῖν,

2131 4261 2246 4315 ἀλλ’
2271 4260 2337 4315 ἀν
2369 4277 2428 4313 τε
2453 4261 2803 4331 προΐσταται,
2854 4259 2918 4314 ἀν
2980 4278 3037 4313 τε
3077 4260 3173 4332 μὴ,
3223 4261 3502 4314 πιστεύειν
3533 4259 3706 4328 αὐτῷ.

2132 4354 2243 4408 Καὶ
2277 4353 2386 4423 γὰρ
2419 4352 2695 4416 κάκείνοις
2725 4351 2884 4406 τοῦτο
2911 4353 3155 4422 ἐγκαλεῖ,
3182 4353 3263 4407 ὅτι
3287 4352 3590 4424 ἐπείρασαν
3619 4349 3709 4405 αὺ-

445 4417 558 4484 τὸν,
587 4421 885 4516 τουτέστιν,
959 4424 1064 4478 οὐκ
1121 4426 1457 4498 ἀδιακρίτως
1490 4430 1579 4486 ἐπ’
1621 4434 1772 4506 αὐτῷ
1813 4438 2072 4510 ἤλπιζον,
2105 4445 2182 4510 ὡς
2216 4417 2394 4501 πάντα
2416 4445 2719 4516 δυναμένῳ.

513 4513 682 4585 668
705 4511 869 4571 Vens.
919 4517 1002 4574 12.
1051 4517 1251 4587 Videte,
1278 4521 1492 4592 fratres.
1517 4529 1793 4596 nequando
1841 4535 1912 4586 sit
1965 4517 2027 4591 ἔνι.

2203 4540 2488 4605 Βλέπετε,
2520 4511 2795 4608 deest-5.901,
2821 4538 3056 4610 μήποτε
3083 4539 3254 4593 ἔσται
3297 4539 3369 4593 ἕν
3397 4554 3513 4592 τινι
3548 4535 3714 4606 ὑμῶν

445 4605 626 4675 aliqua
670 4617 896 4662 vestrum
925 4625 1017 4663 cor
1051 4614 1249 4665 malum
1281 4615 1638 4684 infidelitatis.
1673 4621 2016 4682 Perterrefa-

444 4697 642 4750 cieutis
677 4697 777 4752 boe
807 4701 1014 4756 dictum
1051 4713 1153 4760 est.
1189 4704 1501 4766 Verisimile
1531 4715 1678 4769 enim
1733 4727 1820 4772 est
1848 4736 2021 4789 quos-

443 4788 566 4842 dam
608 4788 804 4852 fuisse.
840 4793 932 4862 qui
965 4811 1027 4849 ea
1059 4811 1178 4866 quae
1204 4800 1269 4854 de
1303 4803 1664 4863 retributione
1696 4788 2024 4870 dicebantur

441 4893 569 4932 vera
607 4894 730 4936 esse
776 4899 886 4937 non
931 4887 1246 4957 credebant,
1282 4902 1337 4948 ct
1384 4909 1670 4966 propterea
1725 4903 2022 4970 periculum

442 4967 622 5069 facere
665 4974 965 5042 cupiebant
1014 4979 1211 5036 divinae
1246 4999 1373 5056 erga
1433 5003 1494 5042 se
1550 4967 1808 5059 potentiae
1861 5008 2026 5069 atque

441 5060 801 5127 providentiae
834 5069 884 5121 in
934 5068 1084 5139 ipsos
1117 5072 1169 5126 in
1205 5077 1601 5136 tentationibus
1641 5083 1844 5152 quibus
1881 5060 2020 5156 qua;

441 5152 741 5211 tiebantur.
797 5157 1087 5230 Propterea
1122 5167 1297 5221 munit
1338 5184 1457 5234 eos,
1492 5171 1556 5223 ad
1592 5152 1912 5230 memoriam
1939 5179 2020 5233 eis

437 5259 703 5305 revocans
739 5266 858 5320 qua:
902 5254 1031 5309 olim
1084 5258 1233 5327 passi
1293 5269 1422 5315 sunt
1469 5262 1756 5320 increduli.
1813 5267 2018 5325 Futura

439 5337 584 5392 enim
614 5343 855 5409 pericula
889 5347 1180 5418 plerosque
1220 5351 1357 5407 adeo
1393 5369 1498 5408 non
1535 5358 1811 5424 cobibeut,
1845 5378 2019 5431 quan-

438 5435 551 5481 tum
589 5447 709 5501 qua:
741 5437 1145 5507 praeterierunt,
1192 5445 1556 5517 omnibusque
1579 5447 1693 5518 jam
1748 5462 1878 5507 sunt
1921 5471 2014 5509 co-

435 5519 610 5614 guita.
643 5523 887 5582 Observa
927 5531 1093 5586 etiam
1147 5534 1256 5601 hic,
1291 5537 1363 5592 ab
1406 5539 1788 5598 incredulitate
1821 5561 2012 5614 quem-

438 5613 583 5683 piam
613 5616 890 5688 devenire,
915 5631 973 5677 ut
1002 5639 1168 5694 prava
1194 5628 1414 5698 cogitet,
1438 5631 1733 5703 eademque
1753 5613 1996 5706 peragat.

2129 4635 2345 4701 καρδία
2366 4631 2600 4700 πονηρὰ
2633 4633 2939 4699 ἀπιστίας.
2973 4631 3270 4696 Φοϐοῦντός
3306 4634 3420 4685 ἐστι
3453 4633 3513 4684 τὸ
3533 4634 3709 4702 ῥῆμα.

2133 4727 2454 4796 Ἔοικεογᾶρ
2487 4726 2566 4779 ὅτι
2600 4721 2741 4798 ἦσαν
2764 4743 2906 4790 τινες
2944 4725 3319 4791 ἀπιστοῦντες,
3350 4724 3425 4789 ὡς
3477 4726 3578 4780 οὐκ
3627 4725 3714 4776 6v-

2129 4833 2238 4870 των
2276 4814 2492 4886 ἀληθῶν
2513 4815 2620 4869 τῶν
2659 4816 2971 4887 λεγομένων
2993 4818 3121 4886 περὶ
3151 4815 3583 4878 ἀνταποδόσεως.
3619 4814 3712 4867 καὶ

2130 4907 2217 4961 διὰ
2244 4909 2400 4962 τοῦτο
2433 4909 2751 4981 βουλόμενοι
2813 4911 3010 4978 πεῖραν
3067 4907 3254 4961 λαϐεῖν
3303 4907 3403 4978 τῆς
3445 4907 3540 4960 τοῦ
3571 4904 3709 4959 Θεοῦ

2127 4998 2429 5069 δυνάμεως,
2458 5001 2554 5054 καλ¹
2584 5000 2684 5067 τῆς
2711 4999 2791 5062 είς
2821 5002 3022 5064 αὐτοὺς
3059 5000 3318 5070 προνοίας
3354 5001 3413 5053 ἐν
3446 5001 3560 5064 τοῖς
3589 5017 3710 5052 πει·

2131 5093 2360 5161 ρασμοῖς
2386 5086 2468 5156 οἷς
2498 5087 2665 5163 εἶχον.
2697 5093 2794 5145 Διὰ
2822 5093 2994 5147 ταῦτα
3012 5090 3104 5146 οὖν
3120 5093 3709 5163 ἀσφαλίζεταιαῦτοῦς,

2127 5183 2562 5253 ἀναμιμνήσκων
2611 5177 2687 5237 ὧν
2743 5181 2948 5238 ἔπαθον
2993 5185 3160 5239 πάλαι
3188 5186 3238 5238 οἱ
3281 5185 3706 5256 ἀπιστήσαντες.

2125 5273 2200 5326 Οὐ
2229 5273 2480 5328 τοσοῦτον
2508 5275 2616 5347 γὰρ
2641 5275 2711 5328 τὰ
2745 5277 3008 5346 μέλλοντα
3035 5277 3241 5350 φοϐερὰ
3282 5278 3556 5331 συστέλλει
3582 5279 3707 5340 τοὺς
3773 5267 3786 5328 ’.

2124 5366 2372 5432 πολλοὺς,
2405 5368 2529 5422 ὅσον
2564 5370 2632 5423 τὰ
2680 5369 3042 5442 παρελθόντα,
3079 5375 3172 5426 καὶ
3210 5372 3310 5442 ἤδη
3343 5369 3598 5442 γνώριμα
3623 5387 3709 5439 γε·

2122 5456 2336 5524 γονότα.
2372 5458 2514 5528 Ὅρα
2558 5459 2614 5512 δέ
2659 5462 2742 5514 ὅτι
2773 5461 2867 5514 καὶ
2907 5462 3015 5515 ἀπὸ
3059 5463 3314 5525 ἀπιστίας
3359 5462 3579 5532 ἔρχεταί
3625 5477 3707 5524 τις

2120 5551 2200 5613 είς
2235 5548 2295 5602 τὸ
2319 5549 2411 5602 καὶ
2431 5551 2744 5620 λογίζεσθαι
2798 5554 3013 5626 πονηρά
3070 5555 3164 5609 καὶ
3213 5557 3475 5626 πράττειν
3508 5553 3702 5610 ταῦτα.

1791 5749 1989 5810 Variae
2019 5751 2343 5814 lectiones.

512 5829 561 5862 δ’
594 5830 778 5905 χώρας
810 5853 860 5890 υ.
942 5837 1057 5870 ⁸⁸·θδ
1093 5842 1490 5916 κατεγόγγυζον
1514 5862 1562 5905 o.
1646 5850 1687 5883 ⁸³
1717 5850 1934 5920 ἐκείνην
1959 5853 2053 5922 τὴν
2078 5852 2430 5923 γογγύσασαν
2449 5870 2523 5910 ω.
2601 5856 2645 5889 ⁸⁸
2679 5857 3006 5932 ἀντιστάσης
3027 5873 3078 5916 ο.
3158 5863 3200 5895 ⁸⁷
3227 5861 3420 5935 ἔμελλε
3447 5859 3625 5932 λέγειν
3646 5866 3701 5917 ο.
