3918 6548
371 436 469 501 an
510 455 518 467 -
1253 431 1823 494 TllEOPHYLACTl
1860 411 2270 490 numnum
2304 426 2661 487 ARCl-IIEP.
3523 416 3633 481 232

379 551 454 602 vit
481 546 779 617 quominus
832 548 1061 620 posthac
1093 545 1354 599 introitus
1382 543 1434 596 in
1477 554 1674 598 terram
1714 542 1953 612 promis-

2080 542 2318 612 ,εχθῆναι
2346 542 2393 572 ⁷³
2455 540 2550 593 καὶ
2613 537 2708 609 τὴν
2772 536 2849 600 εἰς
2882 535 2981 606 τὴν
3028 534 3131 604 γῆν
3167 533 3263 604 τῆς
3301 531 3634 601 ἐπαγγελίας

377 640 552 694 sionis
598 641 762 694 etiam
794 641 1069 697 diceretur
1101 637 1319 706 requies
1352 652 1368 691 :
1398 636 1478 691 sic
1523 636 1636 705 jam
1671 635 1805 688 nihil
1831 649 1954 702 pro-

378 733 532 788 hibet
565 742 687 803 post
736 734 877 788 hanc
933 746 1126 787 rursus
1163 729 1410 799 requiem
1461 727 1646 781 vocari
1691 725 1952 790 futuram,

379 842 604 896 regnum
634 827 888 882 videlicet
911 825 1197 890 caelorum,
1231 822 1285 876 in
1312 821 1456 891 quod
1490 819 1526 874 ii
1558 818 1653 889 qui
1700 834 1808 872 non
1838 834 1955 872 erc-

377 918 657 984 diilerunt,
685 933 794 971 non
819 917 1218 985 ingrediantur.

452 1006 618 1064 Vnus.
645 1009 678 1062 6
708 1009 762 1064 8.
808 1008 1075 1074 Quoniam
1125 1021 1247 1073 ergo
1291 1011 1523 1071 superest
1555 1000 1775 1053 introire
1798 1014 1954 1068 quos-

377 1100 504 1153 dam
559 1102 614 1152 in
645 1100 820 1165 illaut,
854 1108 903 1152 et
941 1099 1003 1160 ii,
1053 1095 1242 1167 quibus
1281 1093 1546 1161 prioribus
1581 1091 1956 1143 annuntiatum

375 1201 476 1251 est,
536 1207 638 1245 non
694 1191 1039 1254 introierunt,
1099 1196 1312 1255 propter
1347 1181 1808 1244 incredulitatem,
1861 1181 1957 1232 ite-

376 1296 489 1332 rum
520 1283 763 1334 terminat
789 1282 927 1332 diem
967 1276 1247 1348 quemdam
1278 1289 1296 1327 :
1331 1272 1526 1336 Hodie,
1575 1271 1626 1324 in
1659 1269 1828 1324 David
1873 1269 1959 1320 di-

375 1375 560 1438 cendo,
587 1380 704 1441 post
735 1381 939 1424 tantum
981 1369 1249 1436 temporis,
1289 1363 1725 1434 quemadmodum
1761 1360 1959 1412 dictum

377 1475 457 1518 est
497 1482 513 1518 :
549 1463 728 1519 llodie
758 1464 804 1516 si
839 1477 1013 1516 vocem
1035 1460 1149 1529 ejus
1175 1457 1479 1520 audieritis,
1508 1455 1668 1507 nolite
1698 1451 1961 1506 obdurare

377 1555 541 1611 corda
574 1565 766 1610 vestra.
803 1543 946 1606 Nam
978 1553 1024 1606 si
1053 1552 1128 1604 eis
1158 1550 1315 1605 Jesus
1339 1549 1568 1618 requiem
1599 1545 1957 1616 prazstitisset,

379 1664 647 1717 nunquam
676 1645 740 1699 de
768 1645 879 1698 alia
908 1645 1208 1713 loqueretur
1234 1639 1450 1710 posthac
1492 1638 1597 1691 die.
1631 1634 1957 1690 Universum

382 1741 486 1794 hoc
537 1745 770 1791 conatur
825 1735 1140 1796 ostendere,
1186 1735 1332 1801 quod
1379 1727 1541 1784 Jesus
1595 1725 1767 1782 Filius
1814 1724 1963 1779 Nave

384 1843 492 1882 non
524 1826 759 1898 potuerit
795 1823 1145 1878 introducere
1178 1821 1234 1875 in
1264 1819 1408 1874 hanc
1440 1817 1710 1888 requiem,
1756 1813 1825 1870 de
1855 1828 1961 1884 qua

384 1917 554 1972 David
591 1920 808 1973 locutus
841 1924 946 1980 est,
975 1927 1142 1984 atque
1186 1927 1284 1967 nos
1331 1910 1630 1966 etiamnum
1671 1909 1961 1978 loquimur.
1999 1901 2039 1955 Β

385 2013 655 2076 Quoniam
689 2024 819 2063 vero
857 2008 949 2061 ille
987 2019 1098 2058 non
1158 2001 1512 2066 introduxit,
1561 1997 1728 2053 David
1782 2005 1962 2058 autem

386 2116 581 2156 rursus
622 2107 749 2170 post
799 2107 878 2153 tot
917 2111 1094 2151 annos
1129 2094 1265 2150 dicit
1301 2110 1315 2145 :
1361 2091 1439 2148 Ne
1475 2089 1748 2144 indurctis
1797 2090 1962 2142 corda

385 2199 587 2256 vestra,
622 2187 1085 2260 quemadmodum
1111 2195 1298 2256 patres
1325 2183 1419 2253 qui
1453 2189 1676 2252 propter
1711 2177 1967 2233 incredu-

386 2281 597 2334 litatem
647 2295 751 2333 non
785 2287 914 2332 sunt
955 2274 1212 2347 ingressi,
1244 2274 1447 2342 datque
1486 2272 1647 2326 nobis
1685 2286 1714 2324 e
1741 2277 1966 2324 contra-

388 2375 470 2427 rio
497 2371 819 2442 intelligere,
854 2370 1002 2438 quod
1038 2368 1082 2423 si
1110 2365 1530 2425 crediderimus,
1572 2358 1964 2430 ingrediemur;

391 2451 742 2536 perspicuum
777 2473 859 2517 est
885 2460 1030 2531 quod
1061 2460 1165 2514 ista
1204 2458 1419 2527 requies
1450 2456 1632 2509 futura
1665 2461 1770 2521 est,
1803 2459 1966 2520 atque

389 2569 490 2610 nos
512 2561 808 2623 exspectat.
837 2551 909 2605 De
931 2550 1216 2605 Palmstina
1232 2549 1376 2604 enim
1404 2546 1589 2615 utique
1612 2559 1718 2598 non
1743 2541 1968 2613 promit-

389 2647 534 2700 tebat
567 2641 732 2696 David
767 2661 780 2697 :
816 2657 936 2698 eam
965 2641 1114 2696 enim
1152 2647 1284 2692 tunc
1309 2635 1574 2706 temporis
1600 2632 1962 2702 occupabant.

397 2732 503 2796 Sed
539 2753 716 2810 neque
754 2739 820 2792 de
845 2736 1081 2807 septimo
1114 2735 1204 2790 die
1251 2733 1470 2787 locutus
1499 2740 1583 2784 est
1616 2747 1629 2782 :
1671 2743 1793 2782 nam
1844 2741 1906 2779 ea
1940 2741 1968 2780 a

387 2831 781 2886 constitutione
817 2825 1006 2882 mundi
1035 2827 1235 2882 luerat.
1265 2822 1453 2879 Tertia
1477 2823 1644 2893 igitur
1673 2819 1832 2890 quies
1863 2827 1969 2880 est,

391 2937 582 2992 nempe
616 2934 841 2989 regnum
871 2917 1164 2980 caelorum,
1196 2916 1252 2970 in
1284 2915 1428 2984 quod
1463 2927 1626 2968 verus
1670 2910 1832 2966 Jesus
1874 2924 1973 2964 nos

390 3013 720 3077 introducit,
752 3011 1005 3079 adeoque
1032 3007 1166 3062 ﬁdes
1203 3008 1256 3060 in
1290 3005 1492 3075 ipsum.

461 3129 628 3184 Vnus.
681 3127 738 3181 9.
795 3125 982 3195 Itaque
1016 3121 1333 3192 relinquitur
1363 3117 1736 3174 Sabbatismns
1781 3112 1972 3182 populo

2058 635 2264 690 ετσοδον
2285 651 2301 666 ·
2333 634 2505 696 οὕτως
2525 633 2647 685 οὐδὲ
2677 629 2772 684 νῦν
2810 628 3009 682 κωλύει
3042 627 3183 699 μετά
3243 624 3450 695 ταύτην
3478 623 3636 676 πάλιν

2057 725 2401 784 κατάπαυσιν
2423 727 2690 797 κληθῆναι
2715 723 2816 794 τὴν
2870 720 3193 792 μέλλουσαν,
3237 719 3339 788 τὴν
3381 719 3491 769 τῶν
3540 717 3635 769 ού-

2059 821 2238 894 ρανῶν
2266 838 2408 892 φημι
2437 817 2734 890 βασιλείαν,
2763 817 2844 880 εἰς
2885 814 2951 886 ἢν
2977 816 3027 868 οἱ
3069 812 3475 879 ἀπιστήσαντες
3537 807 3638 860 οὐκ

2057 913 2479 967 εἰσελεύσονται.

2128 1007 2284 1092 Ἑνὶ
2315 1001 2430 1060 οὖν
2456 999 2849 1059 ἀπολείπεταί
2878 1014 3046 1063 τινας
3067 994 3366 1050 εὶσελθειγ
3393 993 3484 1058 εἰς
3526 991 3639 1043 αὐ.

2058 1084 2324 1165 τὴνξκαὶ
2353 1099 2408 1150 οι
2439 1095 2730 1163 πρότερον
2761 1086 3293 1159 εὐαγγελισθέντες
3341 1085 3455 1138 οὐκ
3509 1084 3638 1135 εισ-

2059 1191 2252 1257 ἦλθον
2282 1189 2356 1242 δι’
2379 1187 2720 1244 ἀπείθειαν,
2755 1182 2941 1236 πάλιν
2978 1179 3110 1233 τινὰ
3164 1176 3338 1244 ὁρίζει
3385 1173 3639 1242 ἡμέραν,

2062 1284 2350 1353 Σήμερον,
2371 1281 2440 1333 ἐν
2459 1276 2636 1332 ΔαόἼδ
2662 1274 2876 1344 λέγων,
2899 1270 3049 1341 μετὰ
3079 1268 3375 1323 τοσοῦτον
3392 1265 3639 1333 χρόνον,

2063 1352 2257 1440 καθὼς
2281 1373 2510 1440 εἴρηται
2542 1385 2555 1399 ·
2589 1367 2861 1435 Σήμερον
2887 1363 2998 1417 ἐὰν
3044 1361 3157 1429 τῆς
3209 1356 3416 1428 φωνῆς
3451 1352 3642 1409 αὐτοῦ

2061 1467 2386 1532 ἀκούσητε,
2430 1460 2515 1530 μὴ
2573 1457 2958 1525 σκληρύνητε
3000 1451 3108 1518 τὰς
3159 1447 3406 1516 καρδίας
3449 1441 3641 1512 ὑμῶν.

2059 1561 2126 1612 Ei
2153 1556 2264 1626 γὰρ
2301 1553 2518 1619 αὐτοὺς
2548 1549 2792 1618 Ἰησοῦς
2824 1545 3228 1608 κατέπαυσεν,
3264 1543 3373 1594 οὐκ
3396 1536 3475 1591 ἂν
3505 1534 3640 1601 περὶ

2063 1651 2262 1719 ἄλλης
2288 1647 2495 1701 ἐλάλει
2523 1641 2674 1714 μετὰ
2703 1641 2888 1694 ταῦτα
2926 1636 3174 1708 ἡμέρας.
3218 1633 3292 1686 T6
3329 1631 3450 1684 ὅλον
3479 1626 3644 1680 τοῦτο

2067 1718 2286 1796 σπεύδει
2344 1736 2537 1802 δεῖξαι,
2590 1735 2674 1787 ὅτι
2740 1729 2947 1802 Ἰησοῦς
2995 1728 3096 1798 μὲν
3125 1727 3152 1779 6
3181 1724 3273 1777 τοῦ
3331 1719 3489 1784 Ναυῆ
3538 1718 3645 1770 οὐκ

2067 1833 2307 1906 ἠδυνήθη
2360 1829 2674 1898 εἰσαγαγεῖν
2740 1827 2821 1886 εἰς
2869 1822 3076 1891 ταύτην
3106 1820 3205 1892 τὴν
3253 1815 3600 1869 κατάπαυσιν
3626 1851 3642 1874 ,

2069 1905 2199 1999 περὶ
2225 1922 2292 1997 ἦς
2319 1925 2414 1979 καὶ
2445 1921 2524 1992 τῷ
2547 1919 2712 1974 Δασὶδ
2747 1920 2776 1972 6
2801 1917 2980 1985 λόγος,
3009 1913 3106 1968 καὶ
3137 1913 3270 1982 ἡμῖν
3310 1908 3425 1962 νῦν.
3455 1905 3646 1958 Ἐπει-

2067 1997 2222 2089 δὴήδὲ
2243 2017 2449 2078 ικεινος
2478 2014 2575 2084 μὲν
2598 2013 2700 2065 οὐκ
2731 2010 3046 2080 εισήγαγεν,
3105 2007 3135 2058 δ
3188 2003 3245 2056 δὲ
3273 1999 3440 2054 saeta
3489 1997 3646 2063 λέγει

2071 2114 2232 2168 πάλιν
2267 2109 2406 2181 μετά
2425 2106 2662 2162 τοσαῦτα
2687 2104 2781 2176 ἔτη
2809 2119 2824 2136 ·
2860 2103 2952 2172 Μὴ
2979 2097 3318 2170 σκληρύνητε
3347 2094 3446 2155 τὰς
3496 2107 3650 2160 καρ-

2067 2207 2184 2269 δίας
2211 2203 2388 2274 ὑμῶν,
2420 2201 2496 2263 ὡς
2520 2201 2569 2252 οἱ
2599 2196 2858 2267 πατέρες,
2883 2194 2934 2248 οἱ
2968 2191 3059 2247 διά
3109 2189 3208 2261 τὴν
3234 2185 3494 2243 ἀπιστίαν
3568 2183 3649 2252 μὴ

2069 2298 2422 2360 εἰσελθόντες,
2454 2294 2548 2348 καὶ
2567 2291 2782 2344 δίδωσιν
2811 2289 2944 2358 ἡμῖν
2971 2287 3114 2341 νοεῖν
3138 2286 3204 2337 ὲκ
3224 2280 3320 2335 τοῦ
3372 2275 3650 2342 ἐναντίου,

2069 2395 2152 2448 ὅτι
2205 2391 2300 2444 ἐὰν
2349 2386 2720 2455 πιστεύωμεν,
2775 2377 3217 2449 εἰσελευσόμσθαο
3262 2374 3446 2445 δῆλον,
3487 2371 3573 2424 ὅτι
3613 2370 3651 2437 ὴ

2070 2484 2420 2542 κατάπαυσις
2499 2475 2640 2545 αὕτη
2703 2470 2971 2545 μέλλουσά
3020 2469 3136 2521 ἐστι
3165 2505 3181 2532 ,
3227 2464 3321 2518 καὶ
3358 2461 3654 2532 περιμένει

2071 2579 2239 2650 ἡμᾶς.
2270 2573 2407 2644 Περὶ
2446 2571 2556 2642 γὰρ
2579 2568 2681 2638 τῆς
2711 2562 3077 2632 Παλαιστίνης
3111 2560 3211 2612 οὐκ
3276 2551 3653 2624 ἐπηγγέλλετο

2071 2641 2245 2738 dumo
2269 2665 2297 2718 6
2318 2641 2480 2717 Δαὸίδ
2503 2641 2532 2692 ’ν
2552 2661 2759 2729 ταύτην
2782 2656 2893 2725 γὰρ
2929 2654 3182 2722 κατεῖχον
3205 2647 3348 2701 τότε.
3383 2642 3525 2697 Ἀλλ’
3550 2641 3650 2694 οὐ·

2071 2733 2136 2816 δέ
2161 2759 2293 2832 περὶ
2319 2757 2416 2827 τῆς
2452 2754 2688 2823 ἑϐδόμης
2723 2766 2738 2782 ο
2766 2747 2908 2818 αὕτη
2930 2745 3040 2817 γὰρ
3067 2742 3176 2797 ἀπὸ
3197 2736 3506 2805 καταϐολῆς
3553 2733 3653 2832 διό-

2076 2869 2214 2922 σμου
2237 2825 2344 2920 νῆν.
2376 2825 2529 2917 -Ἂρα
2567 2840 2660 2899 οὖν
2688 2842 2844 2914 τρίτη
2872 2855 2958 2902 τις
2990 2835 3164 2900 ἐστὶν,
3195 2834 3228 2902 ἡ
3261 2828 3514 2900 βασιλεία
3536 2825 3654 2922 τῶν

2073 2915 2340 3010 ούρανίύν,
2371 2915 2549 3006 εἰςνῆν
2586 2935 2615 2988 ό
2649 2929 2902 3003 ἀληθινὸς
2941 2925 3153 2991 εἰσάγει
3196 2919 3439 2992 Ἰησοῦς,
3480 2917 3578 2971 καὶ
3617 2915 3654 2983 ἡ

2074 3032 2154 3092 εἰς
2184 3027 2346 3082 αὐτὸν
2379 3025 2582 3088 πίστις.

2148 3122 2290 3188 Ἄρα
2311 3117 2720 3172 ἀπολείπεται
2761 3110 3176 3183 Σαϐϐατισμὸς
3229 3105 3312 3172 τῷ
3359 3101 3490 3168 ,1αῷ
3541 3097 3655 3152 τοῦ

396 3222 512 3276 Dei.
563 3219 680 3272 Non
725 3193 1189 3283 d.ixit,vrequies;
1236 3212 1352 3273 sed,
1403 3208 1794 3268 Sabbatismus,
1850 3220 1970 3274 pro-

2080 3213 2249 3267 Θεοῦ.
2286 3213 2402 3266 Οὐκ
2431 3207 2576 3274 εἷπε,
2614 3209 2995 3271 Κατάπαυσις,
3043 3203 3182 3262 ἀλλὰ
3218 3193 3656 3265 Σαὸϐατισμὸς,

393 3316 574 3385 prium
631 3324 830 3366 nomen
893 3319 1147 3378 ponens,
1204 3303 1368 3374 672
1409 3308 1464 3356 et
1522 3300 1578 3354 in
1616 3313 1724 3369 quo
1770 3297 1974 3367 gaude-

395 3408 546 3468 bant,
575 3413 630 3458 et
660 3402 728 3457 ad
768 3399 913 3470 quod
955 3396 1340 3452 occurrebant.
1378 3395 1470 3448 Sic
1516 3401 1699 3446 autem
1741 3387 1978 3457 appellat

394 3511 622 3566 regnum
663 3494 953 3549 caelorum.
979 3486 1449 3555 Quemadmodum
1482 3484 1625 3538 enim
1658 3484 1709 3535 in
1737 3478 1978 3534 Sabbato

397 3593 464 3644 ab
492 3586 750 3641 omnibus
783 3581 1046 3654 operibus
1071 3567 1404 3635 carnalibus
1451 3573 1657 3629 crassis
1704 3569 1980 3626 abstinere

394 3677 477 3730 lex
507 3667 756 3746 iubebat,
793 3687 857 3728 ac
885 3669 1202 3728 sacerdotes
1236 3682 1302 3724 ea
1353 3665 1470 3721 sola
1525 3663 1788 3733 perlicere
1825 3674 1973 3713 man-

392 3769 556 3822 dabat
609 3781 732 3837 quze
763 3763 831 3818 ad
863 3765 1070 3819 cultum
1113 3759 1205 3817 Dei
1239 3758 1606 3832 pertinebant,
1637 3762 1692 3809 et
1717 3768 1979 3825 quaecun-

392 3879 500 3932 que
527 3862 726 3915 aninne
761 3857 1185 3912 commodabam
1222 3873 1236 3909 :
1262 3854 1337 3908 ita
1363 3861 1476 3905 tum
1499 3850 1683 3904 omnia
1712 3847 1976 3916 spiritua-

395 3954 466 4008 lia
491 3958 658 4007 erunt
686 3964 752 4004 ac
784 3947 994 4014 divina,
1031 3946 1170 4002 nihil
1196 3942 1444 4006 carnale,
1466 3941 1600 3996 nihil
1619 3937 1975 3999 laboriosum.

396 4043 486 4097 ubi
514 4039 928 4113 aufugitdolor,
950 4051 1177 4104 maeror,
1207 4044 1374 4106 atque
1403 4031 1665 4104 gemitus.
1693 4027 1836 4083 Audi
1863 4026 1976 4096 jam

395 4133 530 4203 quid
562 4131 681 4201 ipse
711 4129 881 4186 dicat.

469 4243 639 4298 \‘ens.
683 4241 771 4298 10.
824 4238 932 4306 Qui
987 4238 1128 4294 enim
1185 4237 1452 4306 ingressus
1502 4233 1579 4287 est
1635 4231 1692 4285 in
1750 4230 1976 4300 requiem

395 4339 534 4407 ejus,
570 4338 732 4392 etiam
753 4336 865 4404 ipse
894 4333 1145 4404 requievit
1172 4331 1238 4385 ab
1268 4327 1510 4402 operibus
1535 4325 1668 4393 suis,
1701 4327 1839 4380 sicut
1867 4332 1915 4378 et
1943 4339 1976 4376 α

401 4427 511 4480 suis
541 4426 701 4481 Deus.
745 4425 1142 4495 Interpretatur
1189 4419 1467 4490 quomodo
1518 4419 1680 4472 talem
1733 4413 1975 4484 requiem

403 4517 814 4574 Sabbatismum
867 4515 1201 4586 appellavit:
1239 4515 1534 4583 Propterea
1572 4509 1740 4580 quod,
1776 4507 1974 4576 inquit,

2077 3308 2140 3360 τὸ
2169 3307 2370 3359 οἰκεῖον
2401 3304 2572 3372 δνομα
2604 3302 2740 3365 θεὶς,
2765 3301 2859 3354 καὶ
2882 3293 2926 3368 ᾧ
2954 3297 3171 3368 ἔχαιρον
3205 3295 3298 3347 καὶ
3325 3291 3654 3359 επέτρεχον.

2079 3395 2307 3451 Οὔτωδὲ
2344 3395 2502 3448 καλεῖ
2520 3391 2619 3464 τὴν
2645 3391 2924 3463 βασιλειαν
2960 3389 3071 3442 τῶν
3096 3384 3366 3456 οὐρανῶν.
3437 3380 3660 3444 Ὠσπερ

2078 3488 2187 3556 γὰρ
2208 3488 2266 3540 ὲν
2293 3485 2373 3557 τῷ
2405 3485 2668 3555 Σαόϐάτῳ
2697 3484 2919 3538 πάντων
2976 3481 3078 3552 μὲν
3135 3478 3312 3550 ἔργων
3369 3468 3663 3543 σαρκικῶν

2079 3583 2172 3635 καὶ
2194 3581 2413 3651 παχέων
2441 3577 2740 3649 ἀπέχεσθαι
2763 3575 3013 3630 ἐκέλευεν
3060 3575 3090 3628 6
3137 3572 3322 3640 νόμος,
3379 3567 3564 3618 ἐκεῖνα
3601 3560 3665 3614 δδ

2081 3671 2218 3742 μόνα
2255 3669 2432 3723 τελεῖν
2483 3670 2611 3734 τοὺς
2665 3669 2853 3740 ἱερεῖς,
2899 3669 3003 3722 ὅσα
3036 3665 3170 3738 πρὸς
3205 3660 3464 3732 λατρείαν
3493 3653 3662 3718 Θεοῦ.

2078 3764 2174 3817 καὶ
2206 3762 2306 3816 ὅσα
2332 3761 2512 3832 ψυχὴν
2549 3761 2750 3831 ὠφελεῖ
2779 3777 2794 3792 ο
2818 3759 2963 3814 οὕτω
2995 3759 3088 3812 δια)⁸
3117 3757 3240 3810 τότε
3269 3753 3448 3807 πάντα
3493 3765 3667 3802 πνευ-

2082 3852 2289 3923 ματικὰ
2328 3851 2426 3904 καὶ
2447 3851 2567 3906 θεῖα
2594 3851 2748 3904 ἕσται
2788 3863 2804 3880 ⁶
2837 3850 2990 3904 οὐδὲν
3047 3844 3315 3923 σαρκικδν
3336 3882 3353 3909 ,
3379 3841 3535 3895 οὐδὲν
3562 3837 3666 3904 ἑγ-

2081 3921 2270 4008 ιιοπον,
2322 3943 2452 3997 ἔνθα
2482 3943 2697 4012 ἀπέδρα
2734 3941 2947 4012 ,δδύνη,
2993 3939 3140 4008 λύπη
3188 3921 3284 3992 καὶ
3326 3928 3667 4001 στεναγμός.

2082 4036 2282 4089 Ἄκουε
2315 4035 2372 4092 δὲ
2389 4035 2440 4088 τι
2466 4035 2562 4089 καὶ
2589 4033 2752 4097 αὑτός
2784 4049 2974 4104 φησιν.

2161 4212 2216 4264 '0
2248 4214 2358 4282 γὰρ
2393 4209 2685 4266 εἰσελθὼν
2727 4213 2815 4276 εἰς
2860 4208 2975 4276 τὴν
3016 4206 3403 4262 κατάπαυσιν
3443 4200 3670 4263 αὑτοῦ,

2079 4306 2179 4362 καὶ
2225 4306 2407 4372 αὐτὸς
2463 4306 2850 4358 κατέπαυσεν
2886 4298 3005 4354 ἀπὸ
3037 4297 3157 4352 τῶν
3209 4299 3402 4366 ἔργων
3443 4291 3667 4354 αὑτοῦ,

2077 4399 2280 4466 ὥσπερ
2335 4397 2455 4453 ἀπὸ
2509 4393 2627 4449 τῶν
2681 4395 2846 4450 ἰδίων
2877 4397 2910 4450 ό
2965 4395 3129 4459 Bede.
3171 4385 3497 4460 Ἐρμηνεύει
3542 4383 3673 4444 πῶς

2080 4490 2457 4557 Σαϐϐατισμδν
2509 4488 2763 4558 ὠνόμασε
2822 4486 2922 4556 τὴν
2970 4484 3226 4552 τοιαύτην
3292 4478 3672 4533 κατάπαυσιν.

404 4567 814 4574 ’"‘"""""——
871 4567 955 4586 *τι
983 4567 1058 4571 νην
1099 4567 1157 4569 ⁷-⁷
1190 4567 1197 4568 ί
1240 4567 1257 4569 -
1324 4567 1367 4583 ν.
1589 4567 1605 4580 ι
1651 4569 1653 4572 ‹
1726 4567 1737 4574 -
1852 4567 1866 4576 .
1960 4567 1969 4570 -

401 4623 684 4665 cessamus
723 4616 780 4662 et
813 4621 916 4662 nos
944 4608 1014 4661 ab
1042 4606 1302 4675 operibus
1334 4603 1562 4668 nostris,
1616 4600 1969 4669 quemadmo-

2084 4583 2254 4648 Διότι,
2290 4583 2444 4651 φησι,
2475 4580 2870 4650 καταπαύομεν
2909 4578 3003 4630 καὶ
3026 4577 3186 4645 ἡμεῖς
3215 4571 3326 4625 ἀπὸ
3347 4570 3454 4623 τῶν
3475 4567 3673 4636 ἔργων

403 4702 536 4755 dum
573 4708 628 4755 et
678 4699 850 4763 Deus,
902 4705 1198 4768 postquam
1247 4695 1548 4766 quievisset
1599 4692 1669 4745 ab
1719 4687 1979 4758 Operibus

399 4793 517 4848 suis
541 4792 596 4846 in
631 4787 920 4844 condenda
957 4787 1143 4842 mundi
1176 4785 1452 4850 machina,
1485 4781 1784 4838 Sabbatum
1813 4778 1978 4831 ‘diem
2007 4767 2014 4773 ’

397 4885 546 4939 illam
574 4881 890 4954 appellavit.
923 4879 1058 4936 Nam
1116 4879 1206 4935 hic
1233 4879 1399 4934 etiam
1435 4875 1606 4944 justis
1635 4871 1868 4926 multum
1898 4869 1974 4921 la-

398 4977 549 5031 boris
579 4985 632 5029 et
677 4974 992 5028 certaminis
1019 4972 1288 5035 imminet,
1329 4980 1444 5026 tum
1470 4973 1691 5036 propter
1713 4963 1820 5017 alia
1849 4976 1977 5016 cum

398 5078 620 5136 propter
645 5065 864 5119 virtutis
891 5064 1120 5119 sudores
1154 5080 1170 5117 :
1193 5063 1303 5116 illic
1337 5073 1486 5123 vero,
1515 5072 1585 5112 ue
1609 5055 1826 5110 virtutis
1853 5052 1976 5122 qui-

400 5157 524 5213 dem
551 5159 776 5213 moralis
795 5156 1046 5228 operatio
1063 5166 1170 5216 est.
1188 5153 1285 5209 sed
1299 5153 1395 5207 Dei
1416 5147 1756 5218 inexplebilis
1776 5145 1984 5200 lruitio.

401 5250 557 5317 Quod
589 5249 756 5320 igitur
789 5250 984 5304 audire
1035 5245 1386 5317 expetebant,
1437 5241 1693 5296 videlicet
1729 5237 1872 5309 quod
1919 5236 1988 5289 ab

402 5340 566 5410 hujus
594 5340 783 5394 mundi
811 5338 1098 5393 laboribus
1124 5331 1395 5390 liberandi
1420 5339 1628 5395 essent,
1647 5329 1878 5400 idipsum
1903 5325 1986 5380 dl—

399 5434 496 5493 xit.
527 5440 587 5486 ut
619 5431 883 5487 rel'ocillet
913 5445 1030 5484 eos.

472 5522 640 5579 Vsus.
692 5523 784 5577 il.
819 5521 1152 5576 Festinemus
1185 5533 1310 5587 ergo
1345 5514 1548 5586 ingredi
1594 5514 1648 5568 in
1701 5511 1853 5566 illam
1903 5524 1985 5562 re-

401 5615 594 5690 quiem.
622 5613 924 5684 Postquam
958 5609 1261 5667 ostenderit
1290 5609 1506 5664 tertiam
1545 5603 1832 5676 quamdam
1867 5613 1990 5656 csse

2081 4675 2192 4729 τῶν
2217 4673 2500 4745 ἡμετέρων
2522 4673 2713 4746 ὥσπερ
2737 4671 2834 4724 καὶ
2879 4670 2909 4722 6
2963 4666 3096 4729 Θεὸς
3129 4660 3492 4721 καταπαύσας
3553 4657 3677 4711 ἀπὸ

2082 4767 2190 4822 τῶν
2210 4767 2388 4837 ἔργων
2413 4765 2523 4818 τῶν
2553 4765 2634 4826 εἰς
2657 4763 2916 4816 σύστασιν
2960 4759 3057 4812 τοῦ
3105 4757 3340 4825 κόσμου,
3385 4749 3678 4804 Σάϐὁατον

2085 4863 2184 4932 τὴν
2237 4860 2451 4932 ἡμέραν
2505 4857 2787 4928 ὠνόμασεν
2817 4855 2886 4910 ’⁸.
2952 4849 3220 4905 Ἐνταῦθα
3275 4847 3376 4916 μὲν
3432 4844 3547 4913 γὰρ
3578 4843 3674 4895 καὶ

2087 4957 2198 5016 τοῖς
2223 4954 2454 5016 δικαίοις
2478 4949 2646 5013 πολὺς
2681 4951 2710 5002 6
2743 4948 2911 5009 κόπος
2941 4945 3038 5002 καὶ
3066 4945 3096 4998 6
3128 4939 3300 5009 ἀγὼν,
3329 4937 3398 4990 τά
3425 4952 3487 4988 τε
3527 4934 3675 4988 ἀλλα

2090 5047 2183 5099 καί
2210 5043 2298 5097 διὰ
2323 5043 2450 5107 τοὺς
2478 5041 2578 5110 τῆς
2601 5040 2802 5110 ἀρετῆς
2830 5037 3058 5109 ἱδρῶτας
3083 5050 3100 5066 ο
3131 5033 3246 5088 ἐκεῖ
3277 5029 3335 5082 δὲ
3365 5027 3485 5081 οὐδὲ
3535 5026 3679 5093 ἀρε-

2091 5137 2192 5206 τῆς
2242 5135 2442 5206 ἠθικῆς
2508 5135 2658 5186 εστιν
2714 5129 2968 5200 ἐργασία,
3019 5126 3160 5182 ἀλλά
3203 5120 3341 5176 Θεοῦ
3393 5117 3677 5206 ἄπληστος

2092 5225 2416 5289 ἀπόλαυσις.
2485 5225 2666 5293 Ὅπερ
2725 5217 2821 5276 οὖν
2878 5217 3189 5287 ἐπεθύμουν
3264 5207 3527 5268 ἀκοῦσαι,
3588 5205 3676 5257 ὅτι

2093 5318 2568 5386 ἀπαλλαγήσονται
2593 5315 2694 5384 τῆς
2728 5312 2824 5370 νῦν
2857 5309 3142 5382 έργωδίας,
3172 5303 3333 5359 τοῦτο
3355 5296 3680 5355 εἷπεν-ἀνα-

2092 5409 2374 5480 κτώμενος
2397 5407 2617 5472 αὐτούς.

2165 5501 2612 5570 Σπουδάσωμεν
2627 5494 2740 5554 οὖν
2770 5493 3069 5551 εἰσελθεῖν
3119 5493 3208 5557 εις
3258 5487 3510 5554 ἐκείνην
3561 5481 3682 5547 τὴν

2099 5593 2508 5651 κατάπαυσιν.
2537 5589 2758 5660 Ἐπειδὴ
2775 5586 3024 5653 ἀπέδειξε
3063 5587 3157 5640 καὶ
3187 5583 3379 5656 τρίτην
3409 5573 3554 5632 εἶναι
3579 5591 3682 5628 ua-

1765 5776 1967 5842 νοτία
1991 5769 2338 5855 lectiones.

485 5895 534 5928 τ’
562 5894 801 5967 ῥηθῆναι
829 5903 886 5944 o.
968 5887 1015 5922 ⁷⁸
1045 5883 1310 5940 ἐκάλεσεν
1347 5898 1403 5940 0.
