3918 6612
279 346 360 406 iiii
961 339 1365 400 EXPDSITIO
1407 339 1489 400 ΙΝ
1523 339 1763 401 EPIST.
1796 339 1897 398 AD
1925 335 2314 398 HEBR/EOS.
2353 361 2421 372 --
2456 336 2617 397 CAP.
2651 337 2751 399 IV.

3375 339 3479 404 234

278 459 521 516 sciscitata,
548 451 736 505 λοιπὸν
767 453 1135 523 προτρέπεται
1168 453 1365 515 αὐτοὺς
1408 451 1672 505 εἰσελθεῖν
1723 453 1803 514 είς

1915 448 2174 518 requiem,
2221 447 2478 518 deinceps
2525 447 2778 500 ltortatur
2826 461 2942 509 eos.
2976 455 3035 501 ut
3091 448 3144 502 in
3199 449 3342 503 illam
3399 454 3484 505 itt-

275 548 433 616 αὐτήν.
464 543 650 607 Καλῶς
671 544 730 597 δὲ
759 538 882 598 εἷπε
912 545 998 607 τὸ,
1022 543 1487 613 σπουδάσωμεν.
1529 544 1605 596 Οὐ
1631 542 1740 614 γάρ
1771 543 1804 612 ὴ

273 645 423 703 πίστις
457 636 582 706 αὐτὴ
636 636 761 690 καθ’
801 635 969 706 αὐτὴν
995 636 1156 708 ἀρκεῖ
1198 637 1513 704 εἰσαγαγεῖν
1540 637 1620 699 εἰς
1659 635 1804 688 ὲκεί-

270 753 371 806 νην,
395 735 436 784 εί
469 731 536 801 μὴ
567 729 662 784 καὶ
691 729 934 783 πολιτεία
962 730 1172 800 χρηστὴ
1199 730 1486 800 συμπαρῇ.

329 826 437 878 Ἵνα
455 821 532 889 μὴ
553 820 618 872 ἐν
645 817 728 886 τῷ
753 819 916 885 αὑτῷ
940 839 1031 885 τις
1064 818 1455 889 ὑποδείγματι
1497 819 1660 888 πέσῃ
1698 818 1806 887 τῆς

265 913 546 976 ἀπειθείας.
599 910 688 962 Ἐν
722 910 800 978 τῷ
828 911 977 978 αὐτῷ
1015 913 1126 974 τοῖς
1170 910 1558 982 Ἰσραηλίταις.
1592 911 1804 981 ’Ὠσπερ

265 1006 356 1073 γὰρ
374 996 506 1055 οὗτοι
541 1000 601 1052 τὸ
624 1000 789 1054 πλέον
823 1001 932 1069 τῆς,
963 1001 1085 1055 ὁδοῦ
1116 1001 1418 1065 ἀνύσαντες
1484 1001 1581 1056 καὶ
1635 1018 1804 1055 κακο-

263 1097 592 1166 παθήσαντες,
614 1093 764 1163 ὅμως
785 1093 877 1147 διὰ
902 1093 1000 1165 τὴν
1027 1095 1292 1149 ἀπιστίαν
1322 1093 1580 1160 ἐξέπεσον
1602 1109 1618 1124 ·
1659 1091 1805 1147 οὕτω

261 1190 342 1241 καὶ
387 1190 533 1258 ὑμεῖς
587 1189 752 1258 ῦρατε
805 1189 1004 1258 μήπως
1063 1189 1202 1258 μετὰ
1235 1187 1523 1250 τοσούτους
1561 1185 1657 1250 οὓς
1701 1185 1805 1239 im-

259 1279 428 1348 έστητε
453 1277 690 1346 ἀγῶνας,
726 1280 954 1349 πέσητε,
985 1278 1063 1342 ὡς
1098 1280 1259 1349 μέχρι
1284 1261 1472 1340 τέλους
1511 1278 1585 1349 μὴ
1615 1277 1805 1348 ἀνδρι-

260 1371 478 1436 σάμενοι*
509 1367 666 1422 τοῦτο
699 1369 810 1439 γάρ
847 1370 964 1422 ἐστι
985 1368 1046 1423 τὸ
1065 1368 1234 1430 ὄντως
1269 1369 1475 1421 πεσεῖν.

317 1548 430 1603 [tim
457 1548 565 1618 τὰρ
596 1550 630 1602 ὀ
659 1549 842 1619 λόγος
871 1547 981 1602 τοῦ
1027 1550 1176 1604 Θεοῦ
1214 1549 1317 1602 καὶ
1363 1548 1648 1616 ἐνεργὴς,
1702 1549 1802 1602 καὶ

250 1640 548 1709 τομώτερος
566 1639 717 1707 ὑπὲρ
735 1637 943 1695 πᾶσαν
948 1640 1031 1710 μά
1037 1655 1255 1710 χαιραν
1265 1639 1574 1710 δίστομον.
1594 1640 1806 1710 Ὥσπερ

248 1735 376 1799 τότε,
423 1734 604 1803 φησιν,
659 1733 720 1786 ού
752 1732 1008 1803 πόλεμος,
1036 1732 1096 1784 ού
1141 1733 1384 1803 μάχαιρα
1423 1732 1666 1796 ἐκείνους
1695 1733 1804 1786 ἀπ-

1914 547 2147 595 ῑτοιιιιιιι.
2204 539 2436 593 Pulchre
2471 549 2651 592 autem
2693 539 2866 607 dixit,
2927 539 3279 597 It'estinemtts.
3326 542 3486 597 Fides

1911 633 2056 688 enim
2089 632 2202 702 ipsa
2238 647 2335 701 per
2361 645 2421 684 sc
2459 631 2510 685 in
2552 632 2700 686 illam
2750 631 3102 689 introducere
3127 650 3234 689 non
3266 636 3484 702 suillcit,

1913 723 2017 779 nisi
2044 731 2099 778 et
2125 723 2291 792 proba
2319 723 2664 778 conversatio
2687 721 2848 778 simul
2876 723 3129 782 adfuerit.

1987 813 2071 869 Ne
2101 815 2156 868 in
2188 815 2326 868 idem
2354 815 2470 885 quis
2502 813 2702 868 incidat
2741 814 3133 871 incredulitatis
3164 820 3482 891 exemplum.

1915 907 1970 962 lu
2018 907 2158 962 idem
2209 921 2335 960 cum
2377 905 2659 962 lsraelitis.
2693 905 3162 972 Quemadmodum
3215 913 3359 967 enim
3407 915 3483 968 illi

1913 999 2206 1070 plurimum
2253 998 2465 1054 itineris
2502 1000 2732 1063 emensi,
2767 1007 2820 1053 et
2875 1000 3039 1055 multa
3093 1017 3228 1058 sane
3255 1003 3484 1061 adversa

1913 1089 2182 1161 perpessi,
2218 1098 2441 1160 propter
2463 1089 2897 1144 incredulitatem
2921 1100 3101 1147 tamen
3129 1096 3482 1151 exciderunt:

1912 1181 1993 1236 sic
2025 1189 2080 1235 et
2112 1195 2208 1236 vus
2244 1181 2425 1236 videte
2476 1195 2544 1234 ne
2582 1195 2691 1246 quo
2730 1180 2892 1237 modo
2939 1192 3063 1252 post
3113 1193 3193 1239 tot
3227 1203 3482 1257 perpessa

1911 1269 2505 1334 certamina,cadatis,
2557 1269 2755 1340 quippe
2798 1272 2943 1340 quod
2991 1273 3059 1328 ad
3113 1275 3276 1332 ﬁnem
3313 1294 3489 1349 usque

1913 1381 2020 1419 non
2062 1380 2159 1420 vos
2202 1367 2348 1420 viros
2393 1366 2560 1423 fortes
2600 1368 2898 1441 gesseritis.
2935 1367 3049 1427 Hoc
3085 1373 3230 1427 enim
3276 1384 3361 1430 est
3396 1389 3487 1430 re-

1913 1471 2038 1510 vera
2073 1457 2293 1513 cadere.

1987 1547 2148 1602 Vens.
2176 1550 2262 1604 12.
2326 1549 2478 1606 Virus
2506 1560 2583 1606 est
2604 1554 2742 1607 enim
2774 1569 2946 1608 sermo
2973 1553 3071 1608 Dei
3097 1562 3148 1609 et
3199 1557 3402 1626 enicas,
3436 1568 3486 1612 et

1910 1640 2284 1710 penetrobilior
2317 1645 2462 1697 omni
2515 1645 2695 1715 gladio
2727 1647 2971 1716 ancipiti.
3013 1647 3485 1714 Quemadmodum

1912 1741 2052 1798 tum,
2090 1732 2288 1804 inquit,
2341 1751 2450 1790 non
2490 1736 2719 1803 bellum,
2774 1754 2882 1794 non
2917 1739 3070 1796 ensis
3103 1754 3200 1796 eos
3232 1741 3486 1812 perdidit.

247 1824 444 1888 ὡλεσεν,
479 1822 595 1878 ἀλλ’
623 1824 653 1875 ὁ
673 1821 768 1876 τοῦ
807 1823 943 1876 Θεοῦ
976 1823 1133 1891 λόγος
1154 1839 1169 1856 ο
1202 1823 1500 1895 αὐτόματοι
1529 1823 1638 1895 γὰρ
1669 1841 1803 1878 κατα

1915 1821 2006 1877 sed
2037 1821 2140 1877 Dei
2169 1823 2394 1879 verbum
2431 1844 2444 1880 :
2475 1841 2576 1895 per
2617 1843 2675 1884 se
2705 1829 2873 1895 enim,
2901 1829 3020 1886 sine
3043 1832 3093 1886 vi
3141 1832 3489 1888 extrinsecus

248 1915 457 1970 έπιπτον
487 1932 502 1946 °
536 1915 682 1970 οὕτω
722 1916 816 1970 καὶ
865 1915 950 1984 ἐφ’
980 1917 1113 1986 ἡμῖν
1159 1914 1334 1971 ἔσται.
1399 1915 1460 1970 Ὀ
1489 1915 1598 1989 γὰρ
1642 1916 1806 1980 αὐτὸς

245 2006 384 2073 λόγος
418 2008 510 2059 καὶ
537 2007 784 2070 ἐκείνους
809 2005 1036 2059 ἐκόλασε
1096 2007 1191 2061 καὶ
1238 2008 1385 2078 ἡμᾶς
1435 2008 1678 2062 κολάσει.
1726 2010 1802 2079 Ζῇ

244 2102 337 2170 γὰρ
361 2100 463 2164 ἀεὶ,
488 2100 585 2154 καὶ
605 2101 706 2154 ούκ
725 2100 1002 2156 ἔσϐεσται.
1030 2100 1142 2155 Καὶ
1208 2100 1387 2164 ἄλλως
1431 2100 1488 2154 δὲ
1548 2097 1671 2154 εἶπε
1719 2101 1804 2167 τὸ,

242 2191 340 2253 (iur
359 2207 372 2222 ·
410 2192 492 2245 ἵνα
626 2191 786 2261 λόγον
817 2193 1078 2257 ἀκούσας,
1109 2194 1262 2264 ῥῆμα
1305 2192 1684 2246 ἀνυπόστατον
1713 2211 1803 2247 νο-

245 2283 410 2355 μίσῃς,
435 2283 550 2338 Ζῶν
582 2282 724 2346 ἐστὶ,
755 2283 910 2354 φησὶ,
935 2282 1240 2347 τουτέστιν,
1285 2279 1534 2349 ὑφεστὼς
1577 2280 1674 2335 καὶ
1721 2283 1806 2335 ὲν-

242 2376 410 2446 εργὴς,
432 2377 522 2431 καὶ
564 2377 648 2438 εἰς
673 2379 737 2446 ἢν
757 2375 824 2428 ἂν
853 2375 1070 2447 ἐμπέσῃ
1097 2373 1298 2444 ψυχὴν,
1331 2373 1547 2444 πληγὰς
1577 2373 1808 2445 ἐργάζε-

239 2483 316 2520 ται
355 2468 634 2536 plenae;
661 2467 806 2536 Ὅρα
838 2465 894 2518 δὲ
922 2466 1353 2533 συγκατάϐασιν,
1383 2467 1501 2526 πῶς
1526 2464 1806 2537 μαχαίρας

241 2560 323 2610 καὶ
347 2560 514 2629 τομῆς
543 2559 818 2629 ἐμνήσθη,
869 2559 980 2612 τῶν
1009 2559 1255 2630 συνήθων
1302 2559 1398 2614 καὶ
1450 2561 1584 2629 ἡμῖν
1632 2561 1806 2627 ἐγνω-

242 2650 458 2717 σμένων,
489 2653 578 2705 ῖνα
600 2651 750 2725 δείξῃ
779 2651 888 2705 ἀπὸ
909 2651 1113 2706 τούτων
1132 2651 1195 2706 τδ
1219 2651 1486 2724 ὑπερέχον
1513 2655 1613 2724 τῆς
1643 2653 1806 2707 δυνά-

240 2760 391 2812 μεως.

297 3019 398 3072 Καὶ
445 3019 867 3090 διικνούμενος
923 3019 1064 3090 ἄχρι
1120 3018 1417 3089 μερισμοῦ
1455 3018 1664 3089 ψυχῆς
1705 3017 1806 3072 καὶ

236 3111 583 3179 πνεύματος.
618 3113 852 3182 Φοϐερόν
882 3130 934 3165 τι
961 3112 1131 3182 λέγει,
1167 3112 1200 3182 ἢ
1228 3112 1391 3166 ὅτιτὸ
1419 3111 1637 3182 πνεῦμα
1665 3113 1805 3166 διαι-

1911 1907 2058 1963 illata
2107 1909 2430 1966 decidebant
2481 1930 2496 1968 :
2552 1914 2635 1972 sic
2690 1917 2979 1974 nobiscum
3031 1921 3200 1976 etiam
3253 1924 3489 1978 eveniet.

1909 1996 2050 2052 Idem
2083 2013 2322 2070 namque
2351 2001 2573 2057 verbum
2606 2005 2749 2074 quod
2785 2022 2879 2062 eos
2911 2008 3145 2078 punivit,
3168 2019 3223 2065 et
3244 2025 3346 2066 nos
3377 2011 3491 2066 alli-

1906 2090 2015 2145 ciet
2053 2093 2326 2162 supplicio
2373 2113 2388 2150 :
2432 2097 2565 2152 vivit
2617 2099 2761 2154 enim
2816 2115 3054 2172 semper,
3110 2112 3164 2158 et
3209 2119 3488 2176 nunquam

1905 2185 2289 2254 exstinguitur.
2311 2187 2456 2243 Dixit
2485 2191 2650 2244 etiam
2682 2191 2844 2247 aliam
2880 2195 2952 2248 ob
2985 2195 3270 2261 rationem,
3302 2198 3446 2251 rivus
3469 2213 3488 2251 :

1909 2287 1975 2328 ne
2006 2289 2131 2329 cum
2179 2279 2406 2333 verbum
2461 2281 2642 2346 audis,
2679 2285 2902 2340 verbum
2931 2285 3076 2355 quod
3133 2287 3486 2344 subsistentia

1907 2375 2056 2421 caret
2083 2371 2386 2438 existimes,
2419 2371 2608 2428 Vivum
2659 2385 2763 2439 est,
2794 2375 2993 2447 inquit,
3036 2377 3138 2433 hoc
3169 2387 3274 2446 est,
3307 2379 3492 2436 subsi-

1907 2461 2002 2514 stit
2023 2471 2076 2516 ct
2103 2461 2293 2517 ellieax
2316 2471 2420 2525 est,
2443 2474 2498 2520 et
2525 2466 2576 2519 in
2602 2481 2761 2535 quam
2787 2467 3038 2524 inciderit
3060 2470 3323 2535 animam,
3343 2470 3400 2525 in
3423 2485 3487 2525 ea

1906 2553 2089 2623 gravia
2132 2555 2354 2610 vulnera
2379 2555 2563 2610 cilicii.
2585 2557 2974 2614 Animadverte
3004 2569 3186 2616 autem
3213 2563 3488 2630 quomodo

1907 2658 1965 2699 se
1997 2646 2176 2714 captiti
2218 2653 2410 2701 nostro
2435 2657 2779 2718 attemperet.
2813 2648 2947 2704 Nam
2971 2652 3122 2707 ensis
3145 2661 3199 2707 et
3226 2655 3487 2710 sectionis

1907 2739 2178 2801 meminit,
2207 2755 2329 2809 quae
2355 2739 2514 2795 nobis
2538 2747 2666 2795 sunt
2694 2749 2957 2797 consueta
2982 2743 3146 2814 673
3167 2751 3220 2799 et
3243 2746 3485 2815 cognita,

1907 2839 1964 2884 ut
2017 2845 2083 2885 ex
2144 2829 2298 2886 bisce
2330 2832 2684 2890 excellentem
2743 2833 2864 2906 ejus
2910 2835 3209 2907 potentiam
3255 2835 3486 2893 demon-

1907 2933 2063 2981 stret.

1981 3013 2051 3070 Et
2089 3019 2388 3090 pertingens
2419 3035 2584 3091 usque
2616 3019 2686 3074 ad
2716 3021 3029 3076 divisionem
3065 3024 3260 3079 animae
3287 3033 3339 3078 et
3371 3025 3486 3095 spi-

1907 3109 2065 3165 ritus.
2099 3109 2442 3168 Horreudum
2467 3112 2727 3184 quiddam
2756 3113 2910 3178 dicit,
2945 3115 3028 3170 vel
3054 3115 3199 3184 quod
3229 3115 3483 3186 spiritum

239 3205 314 3270 ρεῖ
341 3204 444 3257 ἀπο
471 3205 577 3274 τῆς
604 3206 809 3276 ψυχῆς,
839 3205 934 3261 καὶ
958 3205 1432 3274 ἑγκαταλιμπάνει
1461 3203 1632 3276 αὐτὴν
1657 3203 1801 3276 ἔρη-

1915 3202 1978 3255 ab
2006 3203 2185 3256 anima
2209 3202 2423 3270 dividit,
2457 3203 2714 3274 illamque
2743 3203 2905 3262 istius
2930 3205 3364 3263 sanctiﬁcatione
3390 3222 3486 3262 or-

238 3311 328 3363 μον
357 3296 457 3366 τῆς
477 3300 544 3351 ἐκ
570 3298 764 3351 τούτου
795 3297 1132 3368 ἁγιωσύνης,
1193 3300 1260 3368 ἥν
1301 3300 1329 3351 ὁ
1377 3297 1581 3368 Κύριος
1629 3299 1690 3351 ὲν
1725 3297 1804 3366 τῷ

234 3385 540 3460 Εὑαγγελίῳ
575 3389 894 3460 διχοτομίαν
927 3389 1236 3459 ὠνόμασεν.
1273 3390 1489 3459 Ὥσπερ
1512 3391 1621 3460 γὰρ
1652 3389 1806 3459 βασι-

232 3477 347 3541 λεὺς
381 3481 648 3551 ἄρχοντος
695 3481 1034 3551 ἁμαρτόντος
1073 3478 1174 3551 τὴν
1231 3479 1411 3550 ζώνην
1464 3481 1801 3550 ἀφαιρεῖται,

231 3571 316 3620 καὶ
344 3569 404 3623 τὸ
422 3572 651 3641 ἀξίωμα
689 3569 977 3642 πρότερον,
1009 3569 1106 3624 καὶ
1151 3569 1274 3624 τότε
1334 3566 1555 3631 κολάζει
1597 3583 1611 3598 ο
1661 3565 1806 3620 οῦτω

231 3662 500 3716 κάνταῦθα
527 3663 629 3717 τοῦ
684 3661 1061 3732 πνευματικοῦ
1115 3660 1426 3732 ἀξιώματος
1467 3660 1743 3729 στερεῖ-ται
1776 3659 1805 3710 ὁ

227 3751 526 3822 ἄνθρωπος,
559 3749 685 3808 εἶτα
714 3751 1024 3817 κολάζεται.
1044 3755 1116 3808 Ἦ
1143 3753 1231 3806 ὅτι
1251 3751 1345 3806 καὶ
1365 3751 1474 3804 τῶν
1494 3749 1806 3820 ἀσωμάτων

228 3843 400 3898 αὐτῶν
428 3845 798 3899 καθικνεῖται.
835 3845 997 3909 Τινὲς
1037 3845 1096 3898 δὲ
1149 3843 1321 3907 οὕτως
1366 3841 1676 3911 ἐξεδέξαντο
1715 3843 1806 3896 τὸν

225 3932 394 4003 λόγον,
435 3937 568 4008 ἐμοὶ
595 3937 798 4004 δοκεῖν,
836 3938 938 3991 οὐκ
981 3935 1290 3998 ἀκολούθως
1332 3937 1410 4005 τῷ
1459 3934 1807 4005 άποστολικῷ

229 4027 408 4098 σκοπῷ
427 4043 442 4056 °
468 4029 559 4082 ὅτι
581 4030 614 4081 ὁ
631 4026 724 4082 τοῦ
744 4027 884 4081 Θεοῦ
908 4027 1064 4096 λόγος
1103 4025 1362 4081 εἰσελθὼν
1381 4028 1462 4090 είς
1488 4025 1587 4096 τὴν
1605 4025 1804 4097 ψυχὴν,

221 4115 415 4188 διαιρεῖ
439 4121 539 4174 καὶ
565 4121 783 4192 μερίζει
810 4121 884 4175 τά
901 4119 1106 4189 ταύτης
1134 4118 1300 4191 μέρη,
1352 4119 1611 4188 δεκτικὴν
1637 4119 1808 4190 αὐτὴν

224 4210 388 4261 ποιῶν
432 4213 535 4265 καὶ
561 4213 879 4282 χωρητικὴν
931 4210 1025 4264 τοῦ
1070 4209 1394 4282 μυστηρίου.
1449 4209 1661 4280 Ὥσπερ
1696 4209 1806 4280 γὰρ

224 4296 282 4349 τὸ
301 4303 454 4368 βέλος
478 4305 732 4377 διαιροῦν
761 4305 864 4376 τὴν
882 4305 1081 4376 σάρκα,
1124 4304 1300 4368 οὕτως
1349 4304 1433 4367 εἰς
1479 4302 1652 4374 αὐτὴν
1691 4304 1807 4356 slo-

224 4385 422 4441 δύεταιο
457 4396 608 4450 οὕτω
635 4395 777 4453 καὶὸ
796 4396 984 4464 λόγος,
1008 4393 1106 4449 ἐὰν
1131 4393 1206 4466 μὴ
1235 4395 1307 4448 τὰ
1329 4394 1807 4464 συμπεφραγμένα

223 4479 316 4549 τῆς
343 4481 532 4554 ψυχῆς
563 4488 709 4555 μέρη
735 4489 908 4561 non,
937 4487 1042 4541 οὐκ
1063 4487 1132 4540 ἂν
1165 4487 1246 4551 εἰς
1272 4487 1446 4558 αὐτὴν
1481 4486 1733 4540 εἰσέλθοι.

1905 3292 2086 3348 batam
2120 3293 2473 3365 derelinquit,
2511 3310 2674 3366 quam
2708 3294 2971 3351 Dominus
2998 3295 3054 3351 in
3076 3295 3370 3368 Evangelia
3404 3299 3488 3353 di-

1903 3387 2172 3440 visionem
2211 3388 2532 3445 nominavit.
2570 3387 2807 3444 Perinde
2837 3403 3076 3459 namque
3109 3399 3168 3444 ut
3201 3404 3296 3446 rex
3328 3391 3484 3461 pria-

1905 3477 2012 3546 cipi
2040 3477 2274 3548 cuipiam
2311 3481 2554 3548 peccauti
2585 3480 2868 3550 cingulum
2896 3481 3110 3546 adimit,
3145 3496 3218 3536 ac
3236 3483 3479 3552 priorem

1905 3569 2246 3639 dignitatem,
2284 3577 2509 3640 tumque
2569 3572 2763 3640 punit:
2817 3571 2964 3624 hunc
3021 3570 3341 3626 admodum
3392 3572 3483 3626 ltic

1904 3658 2176 3727 spirituali
2205 3659 2439 3727 primum
2474 3657 2738 3730 dignitate
2789 3660 3035 3729 privatur
3063 3659 3255 3725 homo,
3285 3659 3484 3716 deinde

1906 3746 2175 3818 supplicio
2209 3747 2482 3816 adicitur;
2518 3750 2602 3804 vel
2631 3749 2794 3805 etiam
2829 3750 2975 3821 quod
3009 3751 3328 3820 incorporea
3366 3751 3484 3820 ipsa

1905 3839 2050 3894 ferit.
2085 3839 2343 3894 Nonnulli
2380 3853 2559 3896 autem
2596 3842 2676 3898 sic
2721 3848 3055 3912 acceperunt
3087 3841 3235 3896 hunc
3272 3854 3484 3896 sermo-

1905 3946 2053 3996 nem,
2091 3933 2364 3989 sententia
2412 3940 2587 4000 certe,
2624 3947 2749 3989 meo
2781 3933 3023 4004 judicio,
3069 3933 3140 3988 ab
3187 3932 3487 4003 apostolico

1907 4039 2079 4096 scopo
2131 4024 2277 4080 baud
2333 4025 2671 4082 aberrante:
2721 4028 2948 4094 verbum
3005 4027 3100 4081 Dei
3131 4027 3487 4095 simulatque

1907 4116 2149 4170 animam
2199 4115 2510 4188 ingressum
2569 4117 2757 4184 fuerit,
2788 4126 2975 4189 partes
3008 4117 3132 4186 ejus
3167 4116 3389 4183 dividit,
3426 4125 3486 4170 ut

1909 4209 2026 4277 ipsa
2068 4209 2379 4279 susceptrix
2423 4220 2477 4265 et
2507 4224 2677 4280 capax
2710 4210 2805 4264 tiat
2836 4210 3101 4283 mysterii.
3139 4207 3294 4264 Sicut
3337 4210 3484 4265 enim

1909 4301 2108 4370 sagitta
2139 4315 2361 4356 carnem
2388 4300 2661 4367 dividens,
2701 4302 2781 4357 sic
2811 4301 2866 4356 in
2885 4316 3006 4357 eam
3034 4302 3339 4372 ingreditur
3364 4319 3378 4356 :
3409 4313 3484 4356 tta
3525 4290 3528 4292 ’

1888 4383 1966 4445 ἐι
2012 4389 2268 4457 verbum,
2313 4392 2421 4447 nisi
2463 4391 2834 4447 communitas
2854 4393 3050 4446 anima:
3093 4400 3278 4463 partes
3309 4391 3486 4447 disse-

1911 4483 2108 4551 ctterit,
2141 4484 2288 4539 haud
2313 4492 2461 4541 certe
2495 4486 2549 4540 in
2597 4485 2770 4555 ipsam
2801 4483 3139 4553 ingredietur

207 4589 216 4632 ς
273 4547 543 4642 λΑλοΙὶὶῖὲν
563 4547 765 4628 τεν-καὶ
798 4547 1059 4644 “liuor.
1091 4547 1240 4632 Ἵνα*
1261 4577 1336 4649 μὴ
1378 4547 1448 4631 τὰ
1485 4577 1584 4645 τῆς
1627 4575 1803 4649 ψυχῆς

1989 4547 2316 4644 Compagum
2364 4591 2566 4646 quoque
2594 4547 2659 4629 ac
2690 4547 3065 4630 medullarum.
3091 4571 3170 4628 Ne
3198 4571 3484 4628 audientes

222 4659 560 4729 ἀκούσαντες
596 4665 1006 4736 ρᾳθυμήσωσιν,
1037 4668 1115 4734 ὡς
1149 4668 1346 4738 ἀδήλου
1369 4669 1537 4740 οῦσης
1559 4667 1660 4740 τῆς
1710 4685 1806 4724 κο-

224 4752 452 4822 λάσεως,
479 4757 782 4827 προτίθησι
805 4761 900 4813 καὶ
933 4761 1001 4814 τὰ
1028 4759 1122 4815 τοῦ
1147 4760 1419 4832 σώματος.
1453 4761 1536 4816 Ta
1561 4761 1670 4834 γὰρ
1698 4763 1802 4832 ἐμ-

214 4847 564 4922 ¹ιριινέστερα,
603 4849 804 4918 μᾶλλον
829 4853 1223 4924 καταπλήττει.

285 5023 398 5076 Καὶ
424 5025 704 5093 κριτικὸς
728 5027 1119 5100 ἐνθυμήσεων
1142 5035 1244 5089 καὶ
1261 5034 1512 5090 ἐννοιῶν
1535 5035 1648 5105 τῆς
1667 5052 1807 5106 καρ-

219 5112 372 5180 δίας.
400 5117 523 5188 Τὴν
558 5118 789 5192 θεότητα
821 5123 1059 5178 ἐνταῦθα
1085 5126 1237 5197 δηλοῖ
1275 5127 1371 5181 τοῦ
1415 5127 1614 5197 Λόγου.
1664 5127 1804 5182 Θεοῦ

221 5205 326 5277 γὰρ
351 5209 415 5262 τὸ
437 5211 786 5283 ἀνακρίνειν,
815 5215 1120 5282 τουτέστιν,
1141 5217 1358 5284 ὲτάζειν
1387 5219 1432 5250 ⁷⁸
1461 5219 1556 5272 καὶ
1602 5217 1804 5274 ειδέναι

217 5297 314 5362 τὰς
341 5301 710 5372 ἐνθυμήσεις.
739 5303 996 5366 Ἐτάᾷιηο
1039 5308 1170 5378 γὰρ,
1202 5308 1356 5380 φησι,
1401 5308 1649 5379 καρδίας
1705 5309 1806 5365 καὶ

220 5393 488 5460 νεφροὺς
517 5401 556 5449 ό
589 5396 753 5461 Θεόςο

285 5575 308 5606 ⁸
335 5574 492 5632 Psal.
516 5592 619 5643 vn,
641 5579 731 5634 10.

1913 4670 2110 4725 animm
2141 4670 2232 4725 hic
2260 4670 2591 4725 mentionem
2632 4668 2776 4735 ﬁeri,
2819 4674 3096 4738 torpeant,
3134 4681 3238 4722 ceu
3268 4680 3484 4737 pugnam

1912 4766 2177 4822 incertam
2202 4774 2330 4815 esse
2355 4761 2660 4829 cogitantes
2679 4800 2695 4827 ,
2735 4759 2995 4830 proponit
3023 4758 3188 4816 etiam
3208 4772 3330 4829 qua;
3355 4767 3487 4813 sunt

1915 4851 2186 4920 corporis.
2224 4849 2356 4917 Qua:
2386 4851 2533 4907 enim
2575 4850 2957 4908 manifestiora
2993 4859 3145 4918 sunt,
3193 4849 3369 4921 magis
3411 4847 3489 4904 fe-

1917 4938 2086 4994 riunt.

1989 5025 2062 5082 Et
2102 5029 2362 5085 discretor
2393 5033 2773 5102 cogitationum
2815 5040 2863 5086 et
2894 5031 3242 5086 intentionem
3288 5028 3486 5082 cordis.

1914 5111 2264 5174 Divinitatem
2291 5118 2452 5176 Verbi
2482 5120 2571 5176 hic
2597 5119 2796 5175 innuit.
2825 5117 2920 5175 Dei
2945 5121 3092 5174 enim
3125 5115 3486 5186 estjudicare,

1914 5211 2020 5267 hoc
2049 5225 2156 5280 est,
2187 5213 2478 5284 explorare
2505 5228 2572 5269 ac
2614 5214 2835 5269 novisse
2881 5211 3269 5283 cogitationes.
3323 5205 3487 5261 Scra-

1919 5308 2039 5358 tans
2065 5304 2236 5372 enim,
2269 5303 2468 5376 inquit,
2491 5304 2654 5360 corda
2678 5313 2729 5360 et
2754 5319 2903 5360 renes
2931 5300 3096 5358 Deus.

1573 5679 1770 5742 Variae
1804 5679 2139 5745 lectiones.

286 5779 332 5809 "
365 5775 656 5842 ἐξετάζειν
682 5793 757 5832 m.

522 5871 802 5933 Parnm.
853 5871 969 5932 Gn.
1015 5869 1263 5931 CXXV.
