3918 6548
335 296 446 363 2⁴39

1224 283 1802 347 THEOPHYLACTI
1834 281 2249 343 BULGARIE
2287 281 2642 343 ARCHIEP.

3487 270 3594 335 2ίο

340 415 442 467 bus
470 409 680 464 electus
715 403 769 458 in
807 399 1147 465 Pontiliccm,
1180 414 1380 466 neque,
1412 406 1472 451 ut
1509 395 1678 452 semel
1704 395 1907 458 dicam,

2041 410 2132 446 ιων
2165 391 2720 465 προκεχειρισμένος,
2759 387 2904 447 οὕτε.
2932 386 3118 451 ἁπλῶς
3175 385 3376 452 εἰπεῖν,
3406 402 3595 456 σωμα-

338 505 575 573 aliquam
630 494 970 567 corporalem
1028 490 1260 558 speciem
1319 487 1552 543 habebat
1606 485 1779 542 forma
1822 499 1915 541 sa-

339 595 566 652 cerdotii
623 593 764 662 ejus,
811 587 980 644 veluti
1023 580 1390 639 tintinnabula
1420 588 1475 634 ct
1533 577 1789 644 laminas,
1819 577 1914 634 sed

339 688 522 743 omnia
545 679 851 756 spiritualia
878 675 1074 748 erant),
1095 674 1328 746 primum
1378 677 1628 727 recenset
1658 684 1783 740 qua:
1806 667 1918 724 sint

342 775 655 834 communia
688 773 910 830 Christo
929 782 1048 825 cum
1080 763 1306 836 reliquis
1330 761 1701 835 pontiﬁcibus,
1722 759 1926 816 deinde

346 869 498 940 ponit
527 883 590 922 ea
619 865 678 922 in
711 861 912 936 quibus
942 858 1182 915 excellit.
1233 855 1374 912 Tum
1408 853 1556 910 enim
1588 867 1782 908 revera
1815 866 1915 907 ex-

342 962 545 1016 cellens
592 972 692 1030 per
739 950 1204 1025 comparationem
1253 946 1526 1020 quispiam
1582 944 1914 1009 ostenditur,

339 1053 560 1125 quando
610 1050 667 1108 in
702 1047 824 1105 aliis
879 1043 1100 1116 quidem
1154 1037 1665 1103 communicaverit,
1714 1037 1769 1091 in
1793 1035 1918 1091 aliis

342 1161 474 1201 vero
500 1141 861 1201 excellentior
895 1137 1082 1194 fuerit.
1125 1133 1204 1190 Ex
1247 1130 1563 1188 hominibus
1612 1129 1800 1200 itaque
1825 1141 1916 1184 as-

345 1236 511 1302 sumi,
541 1245 834 1290 commune
875 1236 960 1286 est
989 1225 1212 1284 Christo
1247 1237 1372 1279 cum
1408 1220 1676 1292 reliquis:
1705 1233 1831 1275 nam
1864 1226 1920 1274 et

343 1331 460 1402 ipse
516 1327 686 1382 homo
731 1337 858 1380 cum
907 1327 1076 1382 esset,
1111 1317 1287 1372 factus
1335 1321 1420 1371 est
1458 1310 1732 1369 Pontifex.
1777 1310 1918 1366 Tum

341 1401 486 1492 quod
507 1433 607 1491 pro
633 1413 952 1473 hominibus
975 1409 1328 1466 constituitur
1348 1407 1402 1461 in
1429 1405 1497 1461 iis
1513 1419 1634 1475 qua:
1652 1403 1720 1459 ad
1747 1401 1917 1459 Deum

344 1513 644 1586 pertinent,
693 1508 798 1563 hoc
829 1512 932 1572 est,
962 1509 1022 1559 ut
1049 1501 1215 1574 676
1243 1513 1344 1572 pro
1391 1497 1554 1553 nobis
1584 1493 1915 1567 interpellet,

343 1614 399 1661 et
427 1603 610 1659 istliuc
637 1605 723 1657 est
748 1609 1042 1654 commune
1064 1591 1169 1664 ipsi
1198 1606 1322 1647 cum
1354 1588 1602 1660 reliquis.

424 1695 493 1750 Ut
529 1693 719 1764 oﬁ‘erat
765 1703 984 1745 munera
1023 1694 1072 1742 et
1114 1681 1383 1752 sacriﬁcia
1409 1697 1506 1752 pro
1541 1679 1796 1750 peccatis.
1829 1676 1916 1732 ln-

347 1756 688 1856 terpretatus
725 1787 811 1834 est
835 1776 968 1848 quid
1004 1775 1096 1843 sit,
1139 1773 1202 1828 ab
1241 1770 1540 1827 hominibus
1579 1769 1835 1825 constitui
1865 1767 1922 1822 in
1953 1756 1996 1812 Β

349 1879 416 1932 iis
449 1891 566 1947 quis
591 1883 713 1930 sunt
743 1871 812 1927 ad
851 1870 1046 1934 Deum,
1078 1879 1271 1938 nempe
1304 1879 1404 1936 pro
1431 1864 1674 1936 peccatis
1715 1861 1924 1920 nostris

349 1971 568 2040 placare
597 1966 796 2022 Deum.
827 1961 894 2017 Et
926 1961 1031 2016 hoc
1057 1958 1228 2031 igitur
1257 1969 1551 2014 commune
1579 1961 1666 2011 est
1699 1952 1922 2008 Christo

349 2077 476 2117 cum
511 2058 652 2126 aliis,
681 2054 775 2113 sed
817 2068 926 2110 non
955 2060 1130 2108 totum
1172 2068 1187 2106 :
1223 2063 1348 2104 nam
1392 2047 1510 2119 ipse
1539 2046 1784 2117 seipsqu
1822 2042 1922 2100 ob-

351 2153 494 2218 tulit,
535 2149 614 2207 illi
635 2163 765 2205 vero
796 2146 902 2201 alia
947 2141 1219 2215 quaedam.
1246 2141 1442 2197 Munus
1473 2146 1654 2195 autem
1675 2144 1732 2194 et
1755 2135 1925 2192 sscri-

264 2256 274 2266 '
352 2248 534 2303 licium
565 2241 843 2314 quomodo
879 2238 1130 2309 quidem.
1153 2235 1200 2291 si
1223 2242 1474 2290 exactam
1508 2240 1726 2303 spectes
1751 2229 1926 2286 ratio-

352 2355 501 2405 nem,
541 2337 896 2406 discrepant,
938 2331 992 2385 in
1025 2325 1326 2400 Scripturis
1359 2332 1540 2381 autem
1579 2323 1698 2381 sine
1723 2319 1923 2378 discri-

353 2429 502 2485 mine
533 2430 842 2497 ponuntur,
876 2418 1019 2476 inl‘ra
1049 2418 1254 2474 disces.

421 2516 590 2573 Vsus.
624 2516 677 2569 9..
723 2513 826 2582 Qui
860 2509 1140 2565 condolere
1167 2507 1338 2579 possit
1381 2506 1451 2561 iis
1481 2506 1569 2577 qui
1595 2505 1842 2573 ignorant
1873 2510 1922 2558 et

347 2619 554 2666 errant.
586 2608 705 2662 Hoc
754 2612 859 2670 est,
899 2602 993 2673 qui
1054 2601 1231 2672 possit
1277 2597 1563 2655 moderate
1591 2595 1754 2661 allici,
1782 2609 1927 2649 com-

351 2703 488 2774 pati,
515 2693 986 2758 condescendere,
1023 2708 1088 2748 ac
1113 2691 1426 2748 condonare
1457 2689 1526 2745 iis
1555 2689 1646 2758 qui
1669 2703 1734 2743 ex
1766 2687 1923 2756 igno-

353 2792 529 2847 rantia
564 2794 815 2860 peccant.
859 2781 1246 2839 Animadverte
1291 2787 1478 2834 autem
1522 2791 1687 2834 omne
1731 2788 1928 2845 pecea-

350 2891 469 2938 tum
517 2895 584 2937 ex
618 2873 934 2948 ignorantia
971 2880 1029 2928 et
1087 2883 1278 2926 errore
1311 2867 1508 2923 nasci:
1553 2880 1680 2920 nam
1711 2862 1927 2919 etiarnsi

351 2972 602 3028 videatur
624 2966 750 3038 quis
781 2963 1002 3020 novisse
1028 2959 1158 3032 quid
1201 2959 1407 3014 malum
1441 2958 1535 3022 sit,
1569 2967 1815 3026 tempore
1844 2963 1928 3009 ta-

351 3078 477 3118 men
529 3053 923 3114 transactionis
966 3052 1180 3125 peccati
1222 3049 1467 3108 tenebris
1515 3047 1882 3104 circumfusus
1907 3086 1923 3113 ,

1954 3101 2006 3163 C

2015 485 2178 553 τικήν
2235 501 2357 539 τινα
2407 482 2710 553 φαντασίαν
2757 475 2872 550 εἶχε
2926 477 2990 533 τὸ
3043 479 3229 548 σχῆμα
3283 479 3384 546 τῆς
3426 473 3594 530 αὑτοῦ

2019 577 2346 650 ἱερωσύνης,
2392 571 2508 632 οἷον
2549 575 2830 640 κώδωνας,
2860 573 2958 627 καὶ
2983 570 3220 636 πέταλα,
3243 568 3381 624 ἀλλά
3416 569 3598 622 πάντα

2015 672 2420 740 πνευματικὰ),
2471 668 2770 736 καταλέγει
2812 667 3031 738 πρῶτον
3059 663 3098 718 δ.
3135 661 3293 718 κοινά
3353 662 3470 714 ἔστι
3518 659 3599 730 τῷ

2015 762 2239 836 Χριστῷ
2261 761 2399 833 πρὸς
2419 761 2546 826 τοὺς
2571 759 2794 822 λοιποὺς
2816 757 3116 830 ἀρχιερεῖς,
3144 749 3268 808 εἶτα
3289 751 3476 823 τίθησι
3503 749 3602 805 καὶ

2016 854 2086 909 τὰ
2107 853 2385 926 ἑξαίρετα.
2402 853 2538 908 Τότε
2561 851 2672 923 γὰρ
2683 851 2856 915 ὅντως
2882 850 2920 921 Ἰι
2947 846 3090 903 κατά
3115 847 3411 917 σύγκρισιν
3430 840 3604 913 ὑπερ-

2019 946 2121 1018 οχή
2161 962 2309 1010 τινος
2361 945 2601 1014 γίνεται,
2627 943 2756 997 ὅταν
2785 943 2846 996 εν
2875 941 2974 1012 μὲν
3005 941 3120 1004 τοῖς
3149 937 3407 1007 κοινωνῇ,
3453 935 3513 988 εν
3543 933 3604 986 δὲ

2017 1037 2129 1098 τοῖς
2160 1033 2434 1106 ὑπερέχῃ.
2459 1032 2534 1086 Τὸ
2559 1032 2742 1088 τοίνυν
2770 1030 2831 1098 ιε
2863 1028 3168 1102 ἀνθρώπων
3198 1023 3603 1097 λαμϐάνεσθαι.

2018 1126 2197 1182 κοινὸν
2225 1127 2303 1195 τῷ
2330 1125 2552 1198 Χριστῷ
2604 1125 2741 1196 πρὸς
2782 1123 2912 1188 τοὺς
2962 1120 3208 1185 λοιπούς.
3240 1119 3354 1174 Καὶ
3379 1116 3608 1188 γὰρκαὶ

2018 1216 2181 1280 αὐτὸς
2237 1216 2524 1287 ἄνθρωπος
2551 1214 2650 1280 ὢν,
2705 1215 2934 1284 γέγονεν
2970 1210 3315 1284 ’Δρχιεριύς.
3367 1207 3481 1262 Καὶ
3541 1205 3606 1258 es

2019 1309 2160 1380 ὑπὲρ
2218 1307 2527 1380 ἀνθρώπων
2589 1306 2951 1362 καθίστασθαι
3007 1305 3078 1358 τὰ
3129 1303 3269 1374 πρὸς
3309 1300 3403 1356 sint
3445 1296 3606 1362 Θεδν,

2019 1401 2294 1469 τουτέστι,
2327 1401 2658 1468 ιιεσιτεύειν,
2686 1399 2784 1454 καὶ
2814 1394 2976 1452 τοῦτο
3007 1395 3210 1452 κοινόν.

2092 1677 2218 1733 Ἵνα
2251 1675 2567 1746 προσφέρῃ
2587 1672 2748 1742 δῶρά
2773 1691 2837 1729 τε
2862 1675 2962 1729 καὶ
2981 1670 3201 1738 θυσίας
3229 1669 3386 1737 ὑπὲρ
3415 1667 3614 1737 ἀμαρ-

2022 1770 2185 1826 ινιῶν.
2253 1770 2608 1842 Ἦρμήνευσε
2681 1769 2738 1822 τί
2814 1769 2933 1820 ἔστι
3015 1767 3076 1820 τὸ
3111 1806 3128 1833 ,
3201 1762 3613 1818 καθίστασθαι

2021 1863 2177 1932 ὑπὲρ
2221 1861 2550 1929 ἀνθρώπων
2589 1861 2740 1929 πρὸς
2804 1859 2975 1924 Θεὸν,
3010 1859 3072 1912 τδ
3104 1856 3246 1925 ὕπερ
3275 1853 3385 1907 τῶν
3419 1852 3613 1922 ἁμαρ-

2021 1956 2173 2020 τιῶν,
2216 1953 2407 2025 φησὶν,
2468 1952 2788 2008 ἱλάσκεσθαι
2828 1951 2920 2006 τὸν
2981 1950 3139 2004 Θεόν.
3185 1948 3296 2000 Καὶ
3355 1943 3520 1999 τοῦτο
3549 1943 3616 1997 δι

2023 2047 2208 2103 κοινὸν
2231 2045 2310 2116 τῷ
2333 2044 2558 2118 Χριστῷ
2581 2043 2719 2116 πρὸς
2749 2041 2879 2107 τοὺς
2913 2041 3130 2105 ἄλλους’
3161 2038 3305 2106 πλὴν
3335 2037 3436 2107 οὐχ
3461 2035 3615 2089 ὄλον⁹

2025 2140 2185 2206 αὐτὸς
2216 2139 2314 2210 μὲν
2359 2137 2472 2208 γὰρ
2497 2137 2695 2192 ἑαυτὸν
2721 2136 3128 2208 προσήνεγκεν*
3155 2134 3358 2186 ἰκτῖνοι
3393 2128 3450 2182 δι
3472 2126 3620 2182 ἀλλα

2023 2233 2166 2288 τινά.
2206 2231 2390 2303 Δῶρον
2415 2230 2472 2284 δὲ
2509 2229 2604 2285 καὶ
2636 2228 2798 2282 θυσία
2829 2227 2949 2292 πῶς
2977 2226 3121 2280 κατά
3151 2224 3250 2295 μὲν
3279 2223 3374 2276 τὸν
3398 2218 3617 2290 ἀκριϐῆ

2024 2325 2182 2394 λόγον
2237 2321 2587 2394 διαφέρουσι,
2643 2320 2800 2392 παρὰ
2843 2319 2901 2374 δι
2942 2321 3010 2391 τῇ
3057 2319 3250 2390 Γραφῇ
3297 2312 3621 2385 ἀδιαφόρως

2025 2421 2258 2483 κεῖνται,
2292 2414 2512 2487 μαθήσῃ
2534 2413 2857 2485 κατωτέρω.

2095 2505 2526 2577 Μετριοπαθεῖν
2578 2505 2920 2575 δυνάμενος
2970 2502 3098 2569 τοῖς
3152 2500 3450 2572 ἀγνοοῦσι
3512 2500 3616 2554 καί

2025 2603 2464 2673 πλανωμένοις.
2513 2600 2780 2655 Τουτίστι
2842 2600 3210 2670 συμμτρεῖν,
3276 2596 3622 2666 συμπαθεῖν,

2029 2693 2505 2763 συγκαταϐαίνειν,
2553 2693 2650 2746 ml.
2696 2689 3240 2760 συγγινώσκειντοῖς
3276 2687 3337 2754 ῖξ
3389 2687 3624 2756 ἀγνοίας

2028 2787 2454 2858 ἁμαρτάνουσιν.
2484 2785 2628 2855 Ὅρα
2656 2783 2714 2837 δὲ
2748 2783 2832 2836 ὅτι
2888 2783 2996 2836 πᾶν
3056 2780 3368 2851 ἁμάρτημα
3420 2779 3625 2847 ἄγνοια

2028 2875 2126 2930 καὶ
2147 2875 2326 2944 πλάνη
2346 2875 2532 2946 γεννᾷ.
2560 2873 2681 2928 Κᾶν
2702 2873 2811 2943 γὰρ
2832 2871 2964 2943 δοκῇ
2993 2889 3080 2936 τις
3102 2871 3304 2925 εἰδέναι
3331 2870 3393 2923 τὸ
3419 2869 3622 2932 κακὸν,

2029 2967 2146 3023 ἀλλ’
2174 2966 2268 3021 οὖν
2298 2969 2356 3021 tv
2394 2965 2474 3037 τῷ
2508 2965 2610 3034 τῆς
2636 2965 2891 3035 πράξεως
2961 2961 3142 3034 καιρῷ
3201 2961 3620 3032 σκοτιζόμενος,

2035 3061 2260 3130 ἄγνοιαν
2289 3061 2387 3112 καὶ
2409 3057 2617 3130 πλάνην
2643 3059 2810 3125 νοσεῖ,
2835 3055 2914 3127 τῷ
2942 3055 3073 3127 λείῳ
3100 3056 3202 3128 τῆς
3229 3053 3427 3127 ἡδονῆς
3447 3068 3631 3109 κατα-

355 3147 670 3224 ignorantia
705 3153 762 3201 et
788 3155 982 3200 errore
1026 3143 1273 3215 languet,
1311 3139 1610 3212 voluptatis
1655 3137 1928 3193 illecebris

2041 3150 2495 3223 κρημνιζόμενος.

351 3237 748 3314 praecipitatus.

425 3329 695 3397 Quoniam
714 3335 764 3382 et
792 3325 902 3396 ipse
922 3322 1285 3378 circumdatus
1312 3329 1390 3376 est
1420 3319 1754 3389 inﬁrmitate.
1789 3317 1933 3373 Sim-

351 3415 630 3488 pliciorem
650 3426 716 3468 ac
747 3409 1020 3468 veriorem
1043 3409 1370 3466 sententiam
1401 3423 1526 3464 esse
1549 3407 1688 3463 hanc
1714 3408 1932 3479 opinor,

356 3517 648 3582 pr0pterea
678 3505 932 3562 videlicet
973 3502 1356 3576 ignorantibus
1393 3501 1684 3558 condulere
1707 3498 1934 3556 Pontili-

353 3618 497 3667 cem,
525 3597 672 3672 quod
701 3606 758 3656 et
781 3598 900 3670 ipse
927 3595 1248 3656 inﬁrmitate
1280 3595 1354 3652 sit
1382 3594 1639 3662 amictus,
1664 3601 1721 3650 et
1746 3593 1938 3654 buma-

355 3708 442 3751 na:
475 3689 874 3749 imbecillitatis
918 3703 1238 3746 mensuram
1276 3703 1343 3744 ex
1388 3687 1574 3759 seipso
1601 3701 1932 3758 agnoscens,

355 3785 572 3843 veniam
600 3797 820 3854 quoque
851 3779 1173 3837 admetitur.
1210 3779 1469 3836 Nonnulli
1511 3790 1694 3836 tamen
1735 3779 1817 3836 sic
1843 3794 1937 3836 ac-

353 3883 646 3950 ceperunt,
671 3873 819 3945 quod
849 3873 908 3928 in
927 3872 1032 3927 hoc
1061 3871 1182 3928 solo
1209 3871 1491 3941 discrepat
1519 3887 1550 3926 a
1582 3869 1787 3949 populo
1809 3885 1938 3940 pon-

356 3968 512 4033 tilex,
544 3964 693 4036 quod
722 3962 999 4020 condonet
1031 3980 1045 4018 :
1087 3959 1532 4034 quandoquidem
1569 3961 1690 4032 ipse
1726 3959 1785 4016 in
1813 3960 1938 4016 aliis

354 4074 468 4114 non
494 4057 653 4113 aliter
683 4069 750 4110 ac
778 4052 998 4124 reliqui,
1025 4051 1344 4110 inﬁrmitate
1370 4050 1742 4110 circumfusus
1773 4051 1866 4109 sit.

436 4242 603 4300 Vens.
643 4243 700 4299 ὅ.
737 4240 807 4296 Et
833 4249 1111 4313 propterea
1152 4240 1326 4308 debet,
1366 4238 1811 4312 quenadmodum
1843 4255 1939 4310 pro

359 4335 576 4406 populo,
617 4335 698 4388 ita
725 4335 888 4390 etiam
931 4343 982 4388 et
1020 4349 1117 4404 pro
1147 4333 1315 4402 seipso
1344 4331 1533 4403 omne
1566 4347 1663 4402 pro
1683 4333 1936 4401 peccatis.

2123 3336 2282 3389 Ἐπεὶ
2319 3333 2421 3388 καί
2449 3331 2634 3398 αὐτὸς
2656 3332 2980 3402 περίκειται
3005 3331 3120 3399 τὴν
3160 3328 3513 3386 ἀσθένειαν.
3563 3326 3630 3382 ’11

2035 3429 2136 3499 μὲν
2191 3424 2540 3496 ἁπλουστέρα
2592 3423 2807 3496 ἐκδοχὴ,
2839 3418 2996 3494 οἶμαι
3032 3423 3089 3477 δὲ
3131 3422 3226 3476 καὶ
3251 3420 3629 3494 ἀληθεστέρα,

2034 3519 2176 3590 αὕτη
2203 3517 2374 3584 ἐστὶν,
2419 3517 2502 3572 δτι
2529 3515 2620 3571 διὰ
2639 3515 2798 3571 τοῦτο
2833 3515 3194 3588 μετριοπαθεῖ
3225 3517 3255 3568 ὁ
3301 3511 3633 3585 Ἀρχιερεὺς

2033 3611 2149 3674 τοῖς
2170 3606 2449 3678 ἀγνοοῦσι,
2469 3607 2608 3661 διότι
2641 3607 2736 3661 καὶ
2761 3605 2924 3668 αὐτὸς
2956 3605 3250 3658 ἀσθένειαν
3278 3604 3633 3674 περίκειται,

2035 3697 2132 3752 καὶ
2165 3697 2321 3760 εἰδὼς
2353 3696 2416 3749 τὸ
2442 3697 2643 3767 μέτρον
2667 3695 2766 3764 τῆς
2804 3693 3161 3765 ἀνθρωπίνης
3204 3692 3502 3754 ἀσθενείας
3545 3690 3633 3758 ἐφ’

2045 3787 2250 3858 ἑαυτῷ,
2295 3788 2583 3857 ὲπιμετρεῖ
2603 3787 2696 3840 καὶ
2725 3785 2825 3856 τὴν
2847 3784 3184 3856 συγγνώμην
3205 3800 3220 3815 ⁸
3255 3784 3405 3848 τινὲς
3437 3783 3636 3854 μέντοι

2037 3881 2212 3944 οὕτως
2267 3878 2608 3947 ἐξεδέξαντοο
2640 3879 2724 3932 ὅτι
2744 3879 2804 3931 iv
2824 3875 3003 3948 τούτῳ
3045 3875 3196 3948 μόνῳ
3249 3876 3504 3947 διαφέρει
3535 3873 3637 3930 τοῦ

2037 3972 2171 4027 λαοῦ
2198 3974 2228 4027 ό
2268 3972 2584 4043 ἀρχιερεὺς,
2624 3971 2685 4024 ἑν
2705 3969 2786 4039 τῷ
2818 3967 3224 4038 συγγινώσκειν
3248 3984 3264 4000 ·
3305 3969 3436 4023 ἐπεὶ
3491 3968 3638 4034 τάγε

2039 4064 2177 4119 ἄλλα
2224 4063 2321 4118 καὶ
2364 4061 2526 4126 αὐτὸς
2573 4059 2861 4116 ἀσθένειαν
2885 4061 3020 4124 ῑσως
3044 4061 3160 4126 τοῖς
3209 4058 3434 4123 πολλοῖς
3465 4075 3541 4112 πε
3551 4058 3639 4130 ρί-

2040 4172 2242 4211 κειται.

2113 4247 2226 4301 Καὶ
2255 4245 2354 4300 διὰ
2371 4245 2598 4312 ταύτην
2629 4243 2880 4314 ὀφείλει,
2913 4243 3114 4311 καθὼς
3144 4242 3282 4313 περὶ
3308 4243 3420 4298 τοῦ
3448 4242 3635 4303 λαοῦ.

2041 4337 2198 4392 οὕτω
2219 4336 2319 4392 καί
2347 4335 2481 4404 περὶ
2505 4335 2727 4390 ἑαυτοῦ
2743 4335 3116 4405 προσφέρειν
3133 4335 3288 4405 ὑπὲρ
3305 4329 3638 4404 ἁμαρτιῶν.

361 4431 489 4483 [nec
518 4427 704 4483 omnia
731 4441 840 4482 non
873 4426 1040 4482 liabet
1061 4423 1376 4481 communia
1413 4423 1667 4481 Christus
1692 4441 1817 4480 cum
1850 4440 1928 4482 re-

2048 4427 2237 4482 Ταῦτα
2286 4426 2465 4481 πάντα
2508 4425 2694 4479 οὐκέτι
2750 4425 2910 4480 κοινά
2947 4426 3029 4497 τῷ
3057 4425 3284 4499 Χριστῷ
3318 4422 3461 4494 πρὸς
3502 4423 3641 4484 τοὺς

358 4521 547 4592 liquis,
578 4534 767 4576 verum
799 4520 854 4574 in
890 4519 977 4574 his
1007 4518 1248 4574 excellit.
1273 4517 1463 4590 Neque
1489 4519 1639 4574 enim
1673 4517 1944 4574 Dominus

359 4618 710 4680 peccatorum
744 4607 1118 4664 inﬁrmitatem
1143 4607 1402 4674 habebat,
1429 4623 1609 4678 neque
1635 4621 1738 4678 pro
1759 4607 1944 4678 seipse

361 4699 587 4766 obtulit,
614 4699 710 4755 sed
744 4713 846 4770 pro
884 4699 1116 4770 reliquis
1141 4698 1482 4755 hominibus.

327 4913 334 4966 ς
435 4883 608 4940 Vens.
636 4883 693 4939 ι.
737 4882 850 4937 Nec
888 4899 1168 4955 quisquam
1201 4884 1362 4938 sumit
1407 4884 1509 4939 sibi
1540 4885 1812 4950 honorem,
1853 4885 1945 4940 sed

361 4979 454 5050 qui
485 4988 707 5033 vocatur
734 4992 767 5030 a
801 4975 936 5030 Deo.
971 4974 1132 5030 Aliud
1161 4976 1440 5046 pontiﬁcis
1475 4975 1738 5032 indicium
1767 4976 1944 5046 ponit,

361 5068 509 5140 quod
543 5081 800 5138 peraeque
844 5065 1064 5121 Christo
1105 5065 1384 5133 convenit,
1417 5081 1614 5137 nempe
1657 5067 1805 5138 quod
1836 5082 1948 5122 non

362 5162 481 5232 ipse
505 5159 574 5214 ad
601 5155 979 5230 pontiﬁcatum
1003 5156 1236 5225 assiliat,
1258 5158 1354 5214 sed
1387 5166 1613 5214 vocetur
1633 5175 1664 5213 a
1696 5157 1826 5224 Deo,
1859 5167 1948 5213 at-

363 5271 469 5323 que
499 5251 576 5307 ita
603 5251 902 5322 acceperit.
934 5247 1266 5320 Perstringit
1299 5257 1484 5306 autem
1519 5250 1610 5306 hic
1633 5249 1948 5308 Judaeorum

363 5351 480 5396 tum
513 5341 777 5413 temporis
806 5341 1117 5412 pontiﬁces,
1144 5341 1237 5410 qui
1261 5339 1364 5412 ipsi
1408 5342 1734 5400 assiliebant
1759 5341 1828 5399 ad
1847 5344 1951 5396 bo-

363 5447 592 5497 norem,
627 5431 937 5500 emptitium
987 5429 1152 5487 istum
1196 5432 1564 5503 possidentes,
1609 5434 1782 5503 legem
1827 5445 1950 5487 cor-

364 5529 704 5592 rumpentes.

423 5609 881 5678 Quemadmodum
903 5621 950 5666 et
975 5613 1177 5669 Aaron.
1203 5612 1417 5671 Etenim
1450 5614 1634 5670 Aaron
1654 5611 1892 5685 primum
1917 5629 1948 5668 a

362 5703 481 5762 Deo
503 5719 600 5776 per
635 5703 822 5762 Mosen
849 5713 1095 5772 vocatus,
1134 5706 1215 5763 sic
1237 5706 1460 5764 functus
1490 5715 1579 5764 est
1609 5705 1942 5775 sacerdotio,

2045 4520 2288 4584 λοιποὺς,
2328 4517 2442 4573 ἀλλ’
2473 4519 2532 4572 εν
2564 4517 2774 4582 τούτοις
2825 4519 3105 4590 ὑπερέχει.
3151 4516 3290 4572 οὗτε
3318 4516 3431 4588 γὰρ
3461 4515 3633 4570 ἀσθέ-

2047 4628 2197 4667 νειαν
2241 4605 2389 4680 εῐχεν
2406 4611 2434 4662 ό
2453 4607 2682 4681 Κύριος,
2709 4609 2811 4676 τὴν
2857 4608 2966 4663 τῶν
2991 4607 3304 4680 ἁμαρτιῶν,
3330 4606 3460 4661 οὕτε
3492 4606 3641 4675 ὑπὲρ

2046 4701 2243 4758 ἑαυτοῦ
2287 4702 2685 4772 προσήνεγκεν,
2743 4700 2868 4755 ἀλλ’
2924 4701 3066 4772 ὑπὲρ
3115 4698 3227 4755 τῶν
3274 4696 3488 4752 λοιπῶν
3540 4700 3642 4753 ἀνι

2048 4797 2076 4849 0
2085 4795 2306 4866 ρώπων.

2119 4887 2230 4940 Kal
2262 4887 2376 4954 οὐχ
2411 4885 2604 4952 ἑαυτῷ
2629 4902 2720 4953 τις
2747 4886 3036 4956 λαμϐάνει
3087 4884 3205 4955 τὴν
3230 4883 3418 4955 τιμὴν
3438 4925 3453 4949 ,
3473 4883 3643 4939 ἀλλὰ

2048 4982 2083 5032 ὁ
2115 4980 2492 5048 καλούμενος
2552 4979 2672 5034 ὑπὸ
2725 4979 2836 5035 τοῦ
2887 4981 3058 5036 Θεοῦ.
3114 4979 3230 5034 Καὶ
3266 4979 3462 5050 ἕτερον
3491 4977 3642 5046 γνώ-

2053 5086 2224 5140 ρισμα
2275 5069 2490 5140 τίθησιν
2536 5069 2838 5140 ἀρχιερέως
2869 5111 2885 5138 ,
2930 5071 3344 5142 ἐμφαινόμενον
3395 5069 3492 5122 καὶ
3563 5065 3642 5134 τῷ

2049 5159 2296 5230 Χριστῷ,
2330 5157 2412 5223 τὸ,
2444 5159 2521 5230 μὴ
2550 5159 2743 5214 ἑαυτὸν
2762 5160 3036 5232 ῖπιπηδᾷν
3064 5163 3132 5232 τῇ
3165 5160 3465 5232 ἱερωσύνῃ,
3499 5157 3644 5212 ἀλλὰ

2050 5251 2386 5322 καλούμενον
2415 5251 2519 5306 ὑπὸ
2548 5250 2642 5305 τοῦ
2671 5250 2830 5316 Θεοῦ,
2861 5251 3008 5306 οὕτω
3026 5253 3234 5323 ταύτην
3251 5249 3641 5322 ἀναδέχεσθαι.

2050 5341 2358 5396 Δῖνίττεται
2395 5341 2454 5395 δὲ
2489 5341 2726 5396 ἐνταῦθα
2748 5344 2879 5406 τοὺς
2899 5343 3024 5396 τότε
3055 5345 3342 5415 ἀρχιερεῖς
3361 5343 3476 5397 τῶν
3509 5343 3639 5396 ἰου-

2051 5429 2240 5496 δαίων,
2261 5431 2311 5484 οῖ
2339 5432 2630 5504 ἐπεπήδων
2655 5435 2726 5505 τῇ
2753 5437 2910 5505 τιμῇ,
2938 5434 3158 5506 ὠνητὴν
3185 5433 3398 5506 ταύτην
3425 5431 3641 5503 κτώμεο

2052 5540 2157 5590 νοι,
2191 5521 2397 5576 καὶτὸν
2421 5523 2586 5594 νόμον
2611 5523 3040 5595 διαφθείροντες.

2123 5610 2400 5680 Καθάπερ
2421 5612 2520 5667 καί
2559 5612 2802 5682 Ἀαρών.
2833 5617 2947 5669 Καὶ
2968 5615 3078 5686 γὰρ
3125 5614 3342 5686 Ἀαρὼν
3379 5614 3502 5667 κατ’
3533 5615 3640 5682 ἀρ-

2052 5705 2153 5775 χὰς
2183 5702 2290 5758 ὑπὸ
2315 5701 2450 5757 Θεοῦ
2466 5703 2555 5758 διὰ
2588 5704 2830 5772 Μωσέως
2849 5707 3093 5778 κληθεὶς,
3126 5705 3306 5773 οὕτως
3331 5706 3639 5781 ίερεὺσατο,
