3918 6544
281 583 376 653 2η

1011 577 1416 642 EXPOSITIO
1448 577 1529 639 ΙΝ
1555 575 1794 639 EPIST.
1825 576 1926 638 AD
1958 576 2354 643 HEBREOS.
2378 602 2449 615 -·
2479 577 2638 640 CAP.
2677 577 2746 642 V.

3421 584 3532 648 212

277 698 372 753 οὔκ
403 695 567 759 αὐτὸς
615 691 980 765 ιπιπηδήσας.
1028 692 1138 746 Καὶ
1169 686 1236 747 αὖ
1258 693 1349 745 ὅτε
1387 691 1422 762 ἡ
1453 690 1651 762 ῥάῦδος
1683 690 1844 744 ἐϐλά-

1965 705 2129 760 teque
2152 691 2269 760 ipse
2301 689 2520 747 assiliit.
2552 692 2629 746 Ac
2659 705 2860 748 rursus
2887 691 3112 762 (litando
3134 692 3284 766 virga
3327 693 3529 754 lloruit.

282 805 489 858 στησεν,
525 786 740 856 ἐδείχθη
761 787 843 840 ὅτι
874 785 1278 855 θεοπρόὸλητος
1292 779 1384 855 ἦν·
1419 784 1513 838 καὶ
1539 783 1630 838 ὅτε
1655 783 1716 837 τὸ
1733 782 1845 856 πῦρ

277 881 546 949 κατέφαγέ
579 879 704 942 τοὺς
725 877 1178 948 ὲπιπηδὴσαντας
1200 877 1267 949 τῇ
1295 875 1594 953 ἱερωσύνῃ.

345 1063 504 1117 οὕτω
533 1063 634 1117 και
655 1065 692 1118 ό
715 1059 1000 1131 Χριστὸς,
1031 1063 1146 1130 οὐχ
1181 1061 1404 1116 ἑαυτὸν
1467 1061 1726 1127 ἐδόξασε
1757 1077 1848 1134 γε-

276 1155 526 1224 νηθῆναι
566 1156 888 1225 Ἀρχιερέα,
915 1155 1054 1210 ἀλλ’
1085 1156 1119 1210 ό
1143 1154 1429 1222 λαλήσας
1461 1155 1614 1224 πρὸς
1635 1157 1843 1210 αὐτόν·

275 1254 394 1314 Υιός
411 1270 530 1322 μου
561 1248 872 1322 εἷο-ὑ,ἐώ
919 1251 1192 1320 σήμερον
1239 1249 1570 1321 γεγέννηκὰ
1600 1267 1694 1306 σε.
1731 1255 1847 1305 Ka-

273 1345 381 1411 θὼς
404 1345 499 1399 καὶ
528 1345 600 1399 ἐν
626 1344 810 1414 ἑτέρῳ
848 1343 1034 1411 λέγει·
1071 1343 1157 1398 Σὺ
1193 1343 1388 1413 ιερεὺς
1411 1345 1500 1410 εὶς
1525 1343 1635 1398 τὸν
1662 1343 1848 1400 αἰῶνα

272 1437 414 1492 κατὰ
478 1437 598 1506 τὴν
658 1436 836 1503 τάξιν
895 1435 1298 1505 Μελχισεδέκ.
1331 1434 1514 1507 Ὅπερ
1552 1436 1581 1489 ὁ
1611 1435 1849 1507 Χριστὸς

275 1527 542 1601 πανταχοῦ
587 1528 797 1598 ἔλεγεν,
855 1529 941 1582 ὅτι
985 1527 1368 1596 Ἀπεστάῑην
1395 1530 1556 1596 παρὰ
1583 1527 1692 1582 τοῦ
1729 1530 1848 1582 Πα-

273 1622 423 1688 τρὸς,
454 1623 549 1676 καὶ
571 1621 668 1675 ἀπ’
695 1619 938 1692 ἐμαυτοῦ
959 1621 1068 1676 οὐκ
1092 1619 1349 1693 ἐλήλυθα,
1387 1619 1547 1675 τοῦτο
1578 1621 1674 1675 καὶ
1699 1619 1848 1676 Παῦ-

272 1715 354 1777 λος
385 1713 480 1766 νῦν
529 1713 828 1776 δείκνυσιν,
881 1714 964 1767 ὅτι
994 1713 1104 1768 ἀπὸ
1138 1711 1276 1767 Θεοῦ
1316 1713 1677 1779 ἀπέσταλται,
1749 1715 1847 1768 καὶ

271 1807 366 1860 οὐκ
417 1805 582 1870 αὐτὸς
642 1805 898 1872 ἐδόξασεν
957 1805 1144 1870 αὑτὸν,
1193 1803 1312 1861 ἀλλ’
1340 1807 1368 1860 ὁ
1399 1805 1645 1878 λαλήσας
1705 1805 1845 1876 πρὸς

274 1896 451 1963 αὐτὸν,
484 1895 789 1960 τουτέστιν,
823 1891 1034 1959 ἐκεῖνος
1057 1892 1314 1959 ἐδόξασεν
1336 1893 1521 1948 αὐτόν’
1551 1893 1716 1946 τοῦτο
1738 1893 1849 1964 γὰρ

273 1988 417 2054 δέξαι
444 1987 588 2040 κατὰ
627 1985 835 2043 κοινοῦ.
882 1986 1033 2041 Ἐπεὶ
1062 1985 1159 2040 οῦν
1181 1988 1214 2041 ὁ
1246 1986 1389 2058 μετὰ
1427 1985 1643 2058 Ἀαρὼν
1677 1985 1850 2040 πολλὰ

1954 791 2450 838 commonstratum
2497 794 2584 842 est
2624 783 2772 854 quod
2819 784 3092 843 diuinitus
3131 787 3340 842 missus
3365 796 3530 843 erat:

1953 883 2008 930 et
2037 873 2260 944 quando
2293 874 2437 944 ignis
2471 875 2760 932 devoravit
2780 891 2882 934 eos
2920 878 3013 948 qui
3041 878 3408 934 sacerdotium
3439 895 3536 952 per

1953 982 2016 1023 se
2055 966 2412 1023 invasissent.

2026 1055 2192 1114 Vens.
2217 1060 2272 1121 Ei,
2306 1059 2358 1116 6.
2400 1060 2492 1115 Sic
2526 1069 2577 1115 et
2616 1060 2856 1116 Christus
2887 1074 2990 1118 non
3013 1063 3241 1132 «ipsum
3264 1063 3537 1136 glori/ica-

1953 1148 2027 1202 vit
2051 1158 2110 1202 ut
2131 1150 2277 1217 ﬁeret
2312 1148 2584 1219 Pontifex,
2614 1151 2706 1205 sed
2739 1153 2831 1222 qui
2851 1151 3063 1208 locutus
3091 1164 3174 1210 est
3210 1155 3283 1208 ad
3307 1156 3479 1224 ipsum
3515 1171 3534 1210 :

1957 1238 2131 1296 Filius
2161 1259 2303 1297 mea:
2329 1258 2385 1298 es
2442 1253 2520 1308 tu,
2544 1261 2638 1316 ego
2679 1244 2834 1300 hodie
2861 1247 3018 1316 genui
3067 1255 3138 1303 te.
3175 1247 3536 1314 Quemadmo-

1953 1333 2082 1388 dum
2111 1343 2162 1390 et
2190 1335 2248 1390 in
2278 1335 2445 1407 677
2476 1337 2586 1393 alio
2623 1338 2740 1393 loco
2779 1339 2910 1394 dicit
2945 1357 2963 1395 :
3001 1338 3080 1394 Ttt
3115 1359 3170 1396 es
3201 1341 3460 1397 Sacerdos
3483 1344 3537 1396 in

1956 1437 2214 1482 reternttm
2271 1429 2560 1484 secundum
2634 1433 2875 1488 ordinem
2949 1431 3318 1490 Meiehisedec.
3379 1433 3538 1501 Quod

1953 1519 2206 1577 Christus
2238 1523 2442 1593 passim
2467 1523 2684 1580 dicebat
2717 1541 2731 1579 :
2761 1523 2958 1579 Missus
2993 1540 3110 1580 sunt
3142 1542 3176 1579 a
3213 1524 3398 1592 Patre,
3429 1537 3485 1581 et
3507 1543 3537 1581 a

1956 1614 2168 1684 meipso
2204 1630 2312 1670 non
2347 1617 2495 1683 veni,
2527 1618 2632 1672 hoc
2653 1627 2706 1673 et
2733 1615 2936 1674 Paulus
2966 1633 3113 1674 nunc
3135 1619 3360 1685 indicat,
3393 1623 3539 1690 quod

1954 1718 1986 1757 a
2018 1703 2129 1758 Deo
2153 1705 2357 1762 missus
2380 1706 2452 1760 sit
2477 1722 2492 1760 :
2525 1721 2628 1762 nec
2655 1707 2772 1778 ipse
2797 1707 3120 1779 gloriﬁcavit
3150 1712 3414 1780 seipsum,
3443 1710 3538 1765 sed

1955 1797 2048 1866 qui
2081 1797 2298 1855 locutus
2353 1809 2436 1856 est
2485 1800 2552 1856 ad
2581 1815 2744 1868 eum,
2795 1801 2900 1857 hoc
2943 1810 3046 1868 est,
3089 1802 3182 1857 ille
3219 1802 3540 1873 gloriﬁcavit

1952 1904 2081 1944 eum
2119 1907 2134 1944 :
2174 1892 2280 1946 hoc
2305 1892 2452 1947 enim
2485 1902 2571 1949 est
2593 1896 2972 1965 repetendum.
2996 1895 3136 1962 Quia
3163 1893 3330 1968 igitur
3355 1897 3540 1951 Aaron

1957 1981 2128 2037 multa
2158 1982 2366 2038 indicia
2407 1983 2699 2040 sensibilis
2743 1986 2977 2042 habebat
3009 1986 3156 2059 quod
3190 2003 3218 2042 a
3267 1988 3378 2044 Deo
3407 1987 3544 2044 mis-

272 2079 543 2151 τεκμήρια
568 2077 810 2150 αἰσθητὰ
824 2073 942 2148 εἶχε
975 2077 1070 2132 τοῦ
1089 2077 1488 2150 θεοπρόσλητος
1519 2073 1684 2144 εἶναι,
1716 2075 1852 2131 καθὸ

1965 2086 2048 2128 sus
2073 2079 2250 2141 esset,
2276 2083 2335 2130 ut
2359 2075 2575 2132 dictum
2595 2084 2705 2142 est,
2731 2077 2990 2135 Christus
3018 2087 3204 2134 autem
3242 2079 3381 2135 nihil
3413 2095 3540 2136 sen-

273 2172 618 2243 προείρηται,
650 2171 680 2223 δ
698 2169 758 2224 δὲ
781 2169 1020 2241 Χριστὸς
1050 2169 1206 2223 οὐδὲν
1231 2167 1515 2240 αἰσθητὸν,
1538 2167 1678 2222 ἀλλὰ
1707 2167 1852 2240 μᾶλα

274 2266 357 2318 λον
379 2266 474 2319 καὶ
502 2265 553 2318 οι
588 2261 1010 2322 ἐναντιωθέντες
1048 2258 1220 2332 αὑτῷ,
1278 2262 1374 2314 καὶ
1403 2259 1852 2325 ἀποκτείναντες,

273 2360 401 2422 τέως
453 2356 806 2427 εὐδοκίμουν,
851 2355 946 2408 καὶ
978 2355 1156 2409 πάντα
1189 2349 1328 2426 ἦγον
1361 2353 1458 2406 καὶ
1487 2353 1705 2425 ἔφερον,
1745 2352 1855 2407 δεί-

274 2466 428 2504 κνυσι
470 2449 534 2504 τὸ
575 2449 785 2520 μεῖζον,
850 2446 962 2501 ἀπὸ
1003 2446 1348 2518 προφητείας
1405 2443 1855 2517 μαρτυρούμενον

275 2542 429 2597 αὐτὸν
450 2543 534 2597 ὅτι
574 2538 980 2611 θεοπρί6λητός
1035 2540 1176 2594 ἐστι.
1245 2540 1404 2591 Δοκεῖ
1420 2537 1477 2590 δὲ
1510 2537 1856 2608 ἀνάρμοστος

275 2630 408 2688 εἶναι
439 2633 474 2704 ἡ
501 2633 572 2686 ὲκ
604 2630 699 2686 τοῦ
740 2629 999 2701 δευτέρου
1027 2626 1246 2698 ψαλμοῦ
1278 2623 1591 2698 προφητεία
1628 2625 1766 2696 πρὸς
1795 2623 1855 2676 τὸ

276 2725 658 2797 προκείμενον.
715 2722 1016 2794 Προῦκειτο
1073 2720 1175 2792 μὲν
1206 2721 1316 2790 γὰρ
1371 2716 1645 2790 δήπουθεν
1716 2718 1854 2770 ἀπο-

273 2815 546 2888 δειχθῆναι
581 2814 983 2886 θεοπρόσλητον
1007 2811 1275 2885 ἀρχιερέα
1305 2810 1398 2864 τὸν
1430 2811 1691 2883 Χριστὸν,
1715 2809 1854 2882 αῦτη

275 2912 329 2965 δ’
356 2911 388 2980 ἡ
416 2908 699 2981 μαρτυρία
721 2908 783 2962 τὸ
811 2908 876 2960 ὲκ
905 2905 1000 2960 τοῦ
1048 2904 1260 2976 [ἰατρὸς
1289 2900 1652 2974 γεγεννῆσθαι
1682 2901 1854 2973 δηλοῖ.

273 3001 522 3055 Μάλιστα
583 2999 684 3071 μὲν
735 2993 854 3062 οὖν,
892 2995 1076 3051 καὶτὸ
1115 2995 1225 3049 ὑπὸ
1263 2993 1401 3048 Θεοῦ
1469 2991 1854 3063 γεγεννῆσθαι,

277 3093 702 3165 προκατασκευή
757 3094 875 3146 ἐστι
926 3088 1021 3143 τοῦ
1057 3088 1164 3142 ὑπὸ
1213 3087 1351 3142 Θεοῦ
1386 3087 1853 3159 χειροτονηθῆναι.

277 3185 508 3241 Ἔπειτα
538 3186 642 3240 καὶ
667 3185 781 3239 τόδε
807 3181 1191 3253 προσλογεζου,
1234 3181 1318 3235 ὅτι
1348 3179 1536 3252 ἐπειδὴ
1572 3180 1665 3234 καὶ
1693 3181 1753 3234 ἐν
1779 3179 1857 3250 τῷ

276 3276 560 3350 ἑκατοστῷ
595 3277 801 3348 ἐννάτῳ
820 3275 1036 3347 Ψαλμῷ
1057 3274 1300 3346 εἴρηκενο
1320 3273 1422 3328 Ἐκ
1455 3272 1716 3343 γαστρὸς
1741 3272 1856 3342 πρὸ

282 3374 634 3443 Ἑωσφόρου
666 3368 998 3442 γεγέννηκά
1039 3381 1136 3422 σε.
1178 3361 1311 3420 Εἶτα
1341 3365 1484 3438 μετὰ
1516 3365 1692 3438 βραχῦ
1718 3369 1855 3438 tiri}-

1955 2163 2119 2220 sihile
2170 2164 2428 2234 habebat,
2470 2167 2603 2238 quin
2634 2168 2820 2239 potius
2869 2169 2966 2240 qui
3003 2169 3438 2227 adversabantur
3469 2172 3540 2238 ci,

1955 2265 2011 2311 et
2057 2257 2407 2326 occidebant,
2437 2259 2495 2315 in
2526 2260 2701 2332 pretio
2725 2269 2845 2317 tum
2883 2269 3066 2327 erant,
3099 2251 3154 2319 e't
3183 2277 3284 2334 pro
3315 2263 3544 2319 arbitrio

1957 2352 2210 2418 agebant.
2237 2366 2302 2408 ac
2330 2353 2628 2409 versabant
2650 2353 2836 2410 omnia
2872 2372 2886 2411 :
2917 2357 3174 2426 producit
3210 2355 3323 2428 jam
3365 2357 3543 2428 majus

1959 2443 2331 2498 testimonium
2364 2455 2428 2499 ex
2459 2445 2763 2516 prophetia,
2789 2447 2934 2518 quod
2961 2454 3192 2504 testetur
3215 2464 3339 2502 eum
3371 2463 3401 2502 a
3435 2448 3543 2503 Deo

1961 2541 2233 2587 vocatum.
2295 2531 2527 2589 Videtur
2572 2541 2757 2589 autem
2807 2536 3206 2594 inconveniens
3256 2550 3544 2594 esseesc-

1958 2623 2142 2680 eundo
2179 2624 2390 2693 psalmo
2417 2626 2587 2696 petita
2619 2627 2907 2698 prophetia
2942 2629 3008 2684 ad
3043 2629 3381 2686 institutum.
3416 2630 3546 2687 Pro-

1958 2716 2198 2784 positum
2253 2717 2400 2772 enim
2455 2727 2573 2774 erat
2624 2727 2685 2774 ut
2742 2720 3218 2776 demonstraretur
3261 2721 3543 2778 Christum

1960 2805 2277 2863 Pontiﬁccm
2308 2823 2431 2866 CSSt‘.
2467 2827 2498 2865 a
2536 2811 2647 2868 Deo
2668 2821 2924 2868 vocatum
2963 2821 3018 2868 et
3064 2813 3298 2869 electum
3339 2831 3352 2867 :
3385 2812 3542 2868 testi-

1959 2899 2202 2954 monium
2233 2909 2414 2957 autem
2441 2903 2584 2958 istud
2618 2918 2646 2957 a
2679 2903 2839 2960 Patre
2859 2916 3046 2959 natum
3072 2905 3294 2962 asserit.
3316 2905 3549 2961 Maxime

1960 2999 2145 3046 autem
2185 3007 2213 3047 a
2249 2993 2358 3048 Deo
2404 3004 2592 3050 natum
2633 3011 2775 3061 esse,
2814 2997 3142 3068 praeparatio
3176 3007 3260 3052 est
3303 2997 3371 3052 ad
3419 2997 3547 3060 hoc.

1962 3091 2076 3139 uta
2098 3085 2219 3142 Deo.
2248 3087 2411 3141 etiam
2443 3088 2732 3145 ordinatus
2764 3089 2858 3145 sit.
2891 3088 3123 3161 Insuper
3147 3089 3332 3146 ethoc
3367 3098 3546 3144 tecum

1959 3191 2176 3250 reputa,
2209 3183 2354 3252 quod
2386 3191 2680 3256 postquam
2718 3186 2772 3241 in
2812 3189 3122 3244 centesimo
3152 3201 3302 3242 nono
3331 3185 3549 3242 Psalmo

1959 3272 2158 3329 dixerit
2186 3293 2199 3330 :
2237 3274 2321 3329 Ea:
2355 3285 2503 3331 utero
2537 3287 2661 3333 ante
2707 3277 3013 3348 Luciferum
3032 3277 3197 3351 ’ρεηκί
3225 3290 3274 3334 te
3306 3278 3549 3335 :deindc

1965 3362 2128 3434 paulo
2155 3373 2281 3433 post
2311 3365 2500 3421 intulit
2532 3385 2547 3420 :
2589 3367 2666 3422 Tu
2700 3383 2755 3422 es
2795 3367 3056 3424 Sacerdos
3094 3370 3149 3423 in
3180 3379 3437 3424 wterunm
3467 3385 3550 3422 se-

278 3481 436 3535 γαγε·
493 3465 583 3520 Σὺ
634 3464 830 3534 ἱερεὺς
871 3464 959 3527 εις
1006 3459 1116 3515 τὸν
1171 3457 1359 3514 αἰῶνα
1385 3458 1534 3514 κατὰ
1555 3457 1860 3526 τὴν-τάξιν

1965 3456 2202 3511 cundum
2241 3459 2482 3513 ordinem
2523 3458 2870 3515 Melehieedec
2902 3477 2922 3518 :
2951 3462 3246 3532 conjunxit
3292 3462 3379 3518 hic
3408 3461 3549 3517 Pau-

283 3557 654 3628 Μελχισεδέκ
674 3573 688 3586 ο
721 3557 935 3628 ἥνωσεν
977 3554 1004 3607 ὁ
1045 3551 1260 3615 Παῦλος
1302 3550 1538 3605 ἐνταῦθα
1567 3551 1635 3605 τὰ
1660 3552 1719 3604 εν
1749 3551 1861 3622 ἀμ-

277 3649 528 3722 φοτέροις
584 3651 698 3712 τοῖς
743 3647 986 3719 ψαλμοῖς
1057 3645 1184 3718 περὶ
1229 3647 1538 3716 γεννήσεως
1565 3644 1856 3716 λεγόμενα,

277 3743 482 3798 ὡσανεὶ
521 3741 688 3795 τοῦτο
735 3739 943 3809 λέγων’
980 3735 1074 3808 Μὴ
1105 3735 1386 3810 ὐπολάόης
1416 3736 1500 3790 ὅτι
1534 3736 1664 3808 περὶ
1698 3734 1860 3789 ἄλλου

281 3836 418 3900 τινος
438 3835 663 3904 λέγεται
687 3833 769 3895 τὸ,
805 3832 888 3887 Σὺ
911 3829 1128 3899 Ἱερεὺς
1151 3831 1204 3883 ει
1243 3831 1334 3896 εἰς
1363 3829 1470 3883 τὸν
1511 3827 1718 3893 αὶῶνα,
1746 3827 1862 3882 ἀλλ’

284 3929 315 4000 ἢ
337 3929 465 4002 περὶ
483 3928 581 3982 τοῦ
611 3925 968 3998 γεννηθέντος
997 3924 1104 3993 πρὸ
1131 3921 1474 3994 Ἐωσφόρουο
1504 3914 1660 3986 οὗτος
1684 3921 1741 3974 δὲ
1762 3921 1864 3975 οὐκ

285 4021 436 4087 ἄλλος
496 4023 676 4088 ἐστὶν,
701 4019 736 4092 ἦ
760 4018 793 4072 6
821 4019 880 4072 ὲν
909 4015 987 4087 τῷ
1012 4013 1254 4086 δευτέρῳ
1318 4012 1525 4086 ψαλμῷ
1567 4013 1864 4085 λεγόμενος

281 4115 548 4184 σήμερον
578 4109 963 4184 γεννηθῆναι·
1014 4107 1075 4162 τό
1095 4124 1153 4161 τε
1180 4105 1312 4178 γὰρ,
1343 4105 1458 4176 πρὸ
1498 4106 1862 4176 Ἑωσφόρου,

284 4208 342 4261 τ),
371 4208 601 4279 ἄχρονον
631 4205 784 4276 δηλοῖ
806 4221 822 4235 ·
870 4201 970 4255 καὶ
995 4200 1076 4266 τὸ,
1119 4198 1411 4269 σήμερον,
1441 4199 1503 4252 τὺ
1533 4198 1630 4254 ἀπ’
1666 4198 1860 4270 ἀρχῆς,

287 4288 552 4366 τουτέστι,
611 4295 708 4367 ἀφ’
738 4287 802 4348 οὗ
830 4293 859 4346 ὁ
888 4292 1102 4364 Πατήρ.
1150 4291 1211 4344 ’0
1253 4290 1310 4344 δὲ
1338 4290 1593 4362 δεύτερος
1649 4289 1866 4360 ψαλμδς

288 4392 547 4462 πρόδηλον
587 4391 669 4446 ὅτι
724 4388 906 4442 πάντα
955 4386 1037 4450 εἰς
1097 4383 1338 4455 Χριστὸν
1382 4381 1668 4452 ἀναφέρει.
1725 4382 1866 4453 Περὶ

287 4485 519 4555 Χριστοῦ
546 4485 657 4555 ἄρα
685 4481 780 4535 καὶ
795 4479 878 4548 τὸ,
907 4477 990 4533 Σὺ
1025 4476 1250 4547 Ἰερεὺς
1283 4476 1371 4542 εις
1404 4474 1512 4530 τὸν
1536 4473 1742 4529 αἰῶνα.
1775 4473 1867 4528 Εἰ-

289 4579 546 4634 πάτωσαν
583 4577 643 4631 δδ
683 4575 950 4638 Ἰουδαῖοι,
1017 4570 1101 4635 τίς
1133 4569 1324 4641 ἔτερος
1353 4569 1538 4640 ἱερεὺς
1593 4566 1738 4621 κατὰ
1766 4566 1866 4638 τὴν

290 4669 436 4735 τάξιν
464 4653 807 4738 Μελχισεδὲκ
834 4663 1078 4733 ἐγένετο,
1101 4661 1150 4715 εἰ
1181 4659 1299 4732 μὴὸ
1316 4657 1573 4730 Χριστός.
1621 4657 1700 4711 Οὐ
1724 4656 1863 4712 πάν-

286 4779 375 4827 τες
401 4762 507 4816 ὑπὸ
532 4761 698 4830 νόμον
717 4753 896 4831 ἦσανς
929 4755 1006 4810 Οὐ
1025 4753 1228 4818 πάντες
1259 4748 1622 4815 έσασσάτιζον
1653 4748 1866 4820 καὶτὰς
1891 4772 1937 4831 c

291 4853 475 4916 θυσίας
527 4850 868 4923 προσέφερον
897 4867 912 4917 ;
953 4846 1344 4919 ῐιροδηλότατα
1393 4841 1488 4900 οὖν
1518 4845 1600 4908 εἰς
1631 4843 1868 4915 Χριστὸν

292 4942 465 4998 ταῦτα
519 4941 762 5014 εἴρηται,
798 4943 957 5013 μόνος
977 4940 1088 5012 γὰρ
1123 4934 1280 5002 οὗτος
1310 4938 1464 5010 ἄρτῳ
1488 4937 1582 4993 καὶ
1611 4935 1738 5008 οἴνῳ
1768 4939 1868 5005 την

293 5035 481 5090 θυσίαν
517 5033 902 5104 ἀφωσιώσατο,
939 5032 1014 5097 ὡς
1053 5031 1149 5086 καὶ
1185 5033 1214 5086 ὁ
1251 5028 1608 5100 Μελχισεδέκ.
1645 5025 1772 5092 Πῶς
1809 5025 1868 5080 δὲ

295 5123 410 5182 εἷπε
437 5129 518 5194 τὸ,
538 5129 628 5194 εις
669 5128 780 5181 τὸν
822 5123 1046 5190 αἱῶνα;
1088 5123 1172 5178 δτι
1228 5122 1325 5177 καὶ
1353 5122 1451 5176 νῦν
1479 5122 1621 5192 μετὰ
1648 5119 1742 5174 τοῦ
1767 5119 1872 5174 σὼ-

295 5237 484 5290 ματος,
515 5219 545 5274 ὃ
580 5219 720 5290 ὑπὲρ
747 5201 905 5289 ἡμῶν
936 5215 1152 5280 ἔθυσεν,
1190 5214 1513 5285 ἐντυγχάνει
1547 5213 1687 5284 ὑπὲρ
1713 5209 1872 5284 ἡμῶν

296 5311 373 5382 τῷ
426 5311 547 5382 Θεῷ
608 5312 704 5366 καὶ
755 5306 934 5381 Πατρξ
966 5323 980 5338 ο
1047 5305 1348 5371 τουτέστιν,
1401 5303 1544 5360 αὐτὰ
1601 5301 1672 5358 τὰ
1731 5301 1873 5375 ὑπὲρ

297 5404 451 5474 ἡμῶν
481 5404 630 5476 πάθη
663 5401 907 5474 μεγάλην
934 5400 1218 5457 δυσωπίαν
1254 5397 1643 5470 προϐάλλεται,
1673 5398 1876 5469 ἀλαλή-

300 5513 406 5560 τως
444 5495 622 5551 λαλῶν
649 5494 726 5566 τῷ
759 5493 959 5567 Πατρὶ,
1014 5494 1101 5548 ὃτι
1155 5489 1336 5562 ’Υπὲρ
1381 5492 1482 5564 τῆς
1524 5488 1876 5562 ἀνθρωπίνης

305 5587 514 5656 φύσεως
552 5589 582 5642 ὁ
609 5586 701 5652 σὸς
724 5585 854 5650 Υἱὸς
878 5585 1090 5656 ὑπέστη
1118 5583 1295 5638 ταῦτα
1318 5597 1332 5612 ·
1359 5582 1586 5656 ἐλέησον
1611 5579 1707 5636 οῦν
1745 5579 1874 5656 τοῦ-

301 5699 424 5749 τους
461 5683 602 5758 ὑπὲρ
627 5677 701 5738 ὧν
723 5681 1039 5753 ἀνεσχόμην
1088 5679 1202 5751 ιγὼ
1238 5677 1454 5735 παθεῖν.
1475 5675 1549 5733 ’Ἡ
1584 5677 1667 5734 ὅτι
1694 5677 1729 5750 ἡ
1751 5675 1876 5731 καθ’

302 5777 537 5851 έιιάστην
592 5777 853 5848 γινομένη
903 5775 999 5830 καὶ
1051 5772 1399 5844 γενησομένη
1449 5772 1532 5838 εἰς
1560 5772 1654 5826 τὸν
1703 5771 1876 5826 αἰῶνα

307 5869 609 5943 προσφορὰ,
625 5869 718 5924 διὰ
739 5868 848 5923 τῶν
875 5865 971 5921 τοῦ
997 5865 1134 5920 Θεοῦ
1169 5861 1530 5937 λειτουργῶν,
1564 5862 1730 5918 αὐτὸν
1762 5863 1877 5934 ἔχει

323 5962 602 6035 ’Δρχιερέα
640 5961 737 6018 καὶ
763 5957 939 6031 Ἰερέα
969 5957 1064 6012 τὸν
1091 5957 1322 6028 Κύριον,
1371 5958 1467 6011 καὶ
1503 5957 1721 6026 ἱερεῖον,
1752 5955 1879 6008 ἑαυ-

306 6051 395 6105 τδν
429 6053 570 6124 ὑπὲρ
596 6051 755 6125 ἡμῶν
799 6049 1124 6120 ἀγιάξοντα,
1152 6050 1247 6104 καὶ
1282 6047 1588 6121 κλώμενον,
1627 6045 1722 6102 καὶ
1743 6044 1880 6100 διδό-

1964 3546 2052 3603 lus
2095 3565 2218 3620 quae
2253 3549 2308 3604 in
2345 3558 2581 3621 utroque
2613 3551 2832 3607 Psalmo
2860 3554 2926 3609 de
2967 3553 3325 3625 generatione
3351 3555 3548 3610 dicun-

1961 3647 2055 3695 tur
2090 3661 2103 3697 :
2141 3641 2368 3713 perinde
2410 3658 2475 3700 ac
2528 3645 2575 3700 si
2631 3645 2776 3702 dicat
2815 3665 2828 3701 :
2876 3647 2957 3703 Ne
3005 3647 3289 3704 existimes
3333 3647 3402 3704 de
3441 3647 3550 3703 alio

1965 3735 2221 3806 quopiam
2253 3737 2387 3804 dici,
2428 3736 2502 3792 Tu
2538 3753 2592 3792 es
2637 3737 2898 3795 Sacerdos
2940 3741 2996 3795 in
3030 3751 3310 3806 mlernum,
3354 3741 3458 3796 nisi
3483 3741 3550 3797 de

1962 3842 2032 3884 eo
2055 3828 2149 3900 qui
2181 3837 2343 3885 natus
2381 3838 2466 3885 est
2508 3840 2634 3887 ante
2666 3830 3004 3889 Luciferum.
3037 3831 3089 3888 ls
3133 3848 3298 3904 porro
3326 3849 3434 3887 non
3466 3841 3550 3887 est

1964 3919 2130 3986 alius,
2164 3936 2328 3992 quam
2365 3921 2458 3992 qui
2492 3919 2548 3976 in
2574 3922 2822 3979 secundo
2871 3923 3084 3993 psalmo
3112 3923 3338 3989 dicitur,
3380 3923 3551 3980 Ilodie

1963 4008 2168 4077 genitus
2193 4024 2327 4065 esse.
2359 4009 2519 4077 Quod
2548 4012 2696 4067 enim
2728 4012 2825 4078 ait,
2865 4022 2988 4068 ante
3036 4012 3362 4082 Luciferum,
3389 4025 3548 4072 teter-

1969 4098 2193 4153 nitatem
2226 4099 2472 4172 designat
2497 4105 2762 4174 temporis
2794 4113 3100 4176 expertem.
3131 4105 3304 4161 Hodie
3334 4122 3483 4175 vero,
3520 4127 3548 4162 υ

1969 4189 2240 4260 principio
2293 4190 2585 4263 signiﬁcat,
2637 4195 2739 4250 hoc
2786 4204 2894 4261 est,
2933 4209 3000 4250 ex
3049 4211 3160 4267 quo
3213 4196 3374 4252 Pater
3408 4206 3549 4254 erat.
3628 4254 3634 4260 ,

1967 4278 2138 4336 Porro
2167 4282 2388 4353 planum
2418 4293 2503 4340 est
2538 4285 2686 4354 quod
2712 4286 2992 4343 secundus
3016 4289 3263 4359 psalmus
3293 4288 3359 4342 ad
3390 4285 3550 4343 Chri-

1969 4381 2114 4428 stum
2159 4373 2346 4429 omnia
2395 4377 2618 4432 referat.
2663 4376 2739 4434 De
2773 4377 2998 4434 Christo
3045 4379 3230 4450 itaque
3257 4381 3427 4436 etiam
3464 4380 3552 4435 di-

1967 4475 2118 4522 ctum
2144 4476 2249 4534 est,
2276 4467 2354 4522 Tu
2381 4485 2434 4524 es
2469 4468 2732 4525 Sacerdos
2749 4470 2804 4524 in
2833 4480 3108 4525 retentum.
3140 4469 3331 4526 Dicant
3361 4481 3544 4526 autem

1967 4557 2159 4628 Judaei,
2191 4561 2444 4632 quisnam
2474 4561 2638 4617 fuerit
2681 4561 2820 4617 alius
2844 4561 3102 4618 sacerdos
3126 4564 3428 4618 secundum
3459 4579 3552 4618 or-

1966 4653 2152 4710 dinem
2213 4652 2656 4720 Melchisedech,
2711 4665 2910 4724 przetet'
2973 4654 3280 4712 Christum.
3360 4654 3553 4712 Nonne

1968 4761 2162 4803 omnes
2185 4747 2291 4802 sub
2323 4746 2440 4820 lege
2470 4746 2736 4803 inerunt?
2767 4745 2964 4802 Nonne
3010 4763 3204 4804 omnes
3251 4747 3550 4804 Sahbatum

1971 4839 2346 4906 celebrabant,
2375 4850 2433 4896 et
2457 4841 2707 4897 victimas
2737 4840 3045 4897 oﬂ'erchant
3065 4841 3088 4894 ?
3110 4841 3552 4898 Manifestissime

1972 4927 2235 5002 igit‘ur'de
2263 4931 2482 4990 Christo
2519 4935 2624 4991 hoc
2677 4933 2887 4991 dictum
2921 4945 3042 4992 est:
3077 4937 3230 4992 solus
3281 4936 3430 4990 enim
3464 4934 3555 4989 ille

1973 5038 2114 5096 pane
2153 5035 2208 5081 et
2251 5025 2383 5082 'vino
2433 5027 2763 5084 sacriﬁcium
2809 5027 3177 5091 consecravit,
3224 5026 3450 5096 perinde
3491 5040 3555 5078 ac

1975 5115 2360 5174 Melchiscdcc.
2391 5118 2497 5185 Qui
2531 5135 2662 5176 vero
2684 5121 2844 5186 dixit,
2863 5121 2917 5174 in
2951 5129 3205 5174 aeternum
3228 5120 3253 5173 ?
3280 5117 3550 5183 Quoniam

1972 5210 2278 5266 etiamnum
2309 5227 2416 5267 una
2451 5227 2576 5268 cum
2608 5227 2842 5283 corpore
2871 5211 3017 5284 quod
3045 5226 3143 5281 pro
3175 5210 3335 5265 nobis
3359 5211 3554 5263 immo-

1975 5303 2127 5370 iavit,
2151 5303 2294 5376 apud
2343 5303 2512 5360 Deum
2547 5303 2765 5360 Patrem
2799 5302 3108 5365 intercedit,
3144 5301 3248 5356 hoc
3275 5308 3381 5366 est,
3406 5299 3556 5371 ipsas

1975 5412 2115 5468 quas
2139 5412 2238 5469 pro
2256 5397 2415 5454 nobis
2442 5397 2664 5469 pertulit
2688 5395 3026 5459 aﬂlictiones,
3060 5403 3120 5449 ut
3141 5395 3376 5449 multum
3406 5411 3559 5451 com.

1977 5496 2217 5554 moveat,
2253 5491 2527 5562 proponit,
2559 5488 2680 5545 sine
2711 5502 2848 5542 voce.
2880 5483 3031 5542 Patri
3062 5485 3136 5540 ita
3157 5485 3387 5556 loquens
3413 5505 3427 5542 :
3455 5483 3560 5541 Pro

1980 5585 2218 5643 humana
2244 5593 2444 5641 natura
2477 5581 2651 5638 Filius
2679 5589 2805 5637 tuus
2835 5579 3099 5637 sustinuit
3124 5580 3237 5635 hac
3261 5598 3276 5634 :
3297 5580 3559 5634 miserere

1979 5681 2146 5752 igitur
2171 5679 2393 5742 horum,
2425 5692 2526 5750 pro
2554 5674 2756 5746 quibus
2776 5689 2876 5747 ego
2905 5673 3016 5745 pati
3041 5680 3097 5728 et
3124 5672 3262 5729 mori
3291 5671 3555 5729 sustinui.

1981 5771 2075 5828 Vel
2109 5768 2238 5842 quia
2274 5783 2396 5840 quae
2443 5768 2499 5822 in
2530 5765 2780 5837 singulos
2805 5764 2924 5821 dies
2971 5763 3033 5819 tit
3068 5774 3127 5820 et
3158 5761 3346 5819 futura
3389 5763 3558 5820 estin

1979 5863 2301 5927 perpetuum
2345 5851 2551 5908 oblatio
2579 5867 2676 5923 per
2705 5849 2804 5906 Dei
2846 5850 3150 5915 ministros,
3184 5850 3366 5919 ipsum
3398 5849 3522 5910 habt
3542 5857 3563 5899 t

1979 5947 2301 6004 Pontiﬁcem
2334 5953 2391 6002 et
2431 5943 2784 6001 Sacerdotem
2831 5941 3145 6005 Dominum,
3188 5947 3355 6009 atque
3395 5939 3564 6011 678

1980 6041 2117 6100 adeo
2147 6040 2322 6114 ipsam
2363 6039 2623 6103 hostiam,
2667 6034 2760 6109 qui
2807 6033 3052 6105 seipsum
3099 6047 3198 6103 pro
3237 6031 3399 6087 nobis
3425 6048 3561 6087 sau-

3653 6123 3821 6148 rﬁ‘
