3918 6552
348 528 455 590 ¹ὶ⁴7

1243 529 1824 591 ΤΗΕΟΡΙΙΥΙ.ΑΟΤ[
1867 531 2279 594 ΒΗΙΒΑΗΙΕ
2307 538 2664 600 ARCHIEP.

3491 539 3594 604 248

423 646 583 700 Vens.
619 644 706 699 li.
765 644 972 700 Etenim
1036 663 1152 700 eum
1209 646 1460 701 deberetis
1515 662 1627 700 esse
1683 644 1913 698 doctores

2100 651 2210 702 Kal
2245 652 2352 719 γὰρ
2399 651 2742 719 ὀφείλοντες
2782 653 2934 707 εἶναι
2977 652 3334 711 διδάσκοιοι
3367 653 3468 708 διὰ
3509 654 3614 707 τόν

353 746 565 799 propter
599 747 819 805 tempus.
851 736 1272 791 Accusationem
1326 737 1580 790 encomio
1611 735 1823 798 misctt,
1850 736 1931 788 in—

354 831 587 898 quiens:
650 831 895 884 Aliorum
958 845 1056 885 vos
1132 829 1415 885 debebatis
1465 844 1590 886 esse
1653 829 1928 882 doctores.

2031 739 2273 804 χρόνον.
2320 739 2610 810 Ἐγκωμίῳ
2651 742 2866 810 μίγνυσι
2902 741 3001 813 τὴν
3034 742 3388 812 κατηγορίαν,
3421 739 3608 804 εἰπὼν,

2031 829 2135 896 ὅτι,
2174 831 2284 883 Καὶ
2328 830 2508 894 ἄλλοις
2545 832 2651 884 ἔδει
2690 833 2834 902 ὑμᾶς
2879 828 3020 886 εἶναι
3055 832 3427 894 διδασκάλους.
3465 829 3612 882 Δείκ-

353 924 602 978 Ostendit
629 924 774 978 enim
805 925 918 992 jam
953 923 1083 976 olim
1118 922 1245 978 illos
1271 922 1596 988 credidisse,
1621 936 1913 990 arcanaqnt

2031 937 2151 972 νυσι
2177 921 2284 991 γὰρ
2314 923 2376 974 ὲκ
2404 921 2596 976 πολλοῦ
2623 922 3054 984 πεπιστευκότας
3081 923 3301 986 αὐτοὺς,
3349 919 3444 976 καὶ
3513 937 3613 989 μυ-

357 1015 634 1084 religionis
657 1013 924 1072 audiisse.
958 1014 1136 1070 Ambo
1165 1025 1346 1069 autem
1386 1015 1504 1070 haec
1555 1014 1716 1068 laude
1739 1014 1927 1083 digna,

354 1107 400 1156 si
433 1103 597 1158 modo
625 1103 691 1158 ad
723 1105 1033 1160 socordiam
1066 1121 1174 1160 non
1233 1114 1415 1162 essent
1465 1107 1722 1177 prolapsi.
1766 1103 1928 1160 Tem-

356 1210 482 1261 pus,
517 1195 715 1265 inquit,
739 1194 996 1252 fortiores
1031 1197 1259 1253 reddit:
1325 1213 1423 1254 vos
1487 1214 1614 1254 vero
1671 1197 1924 1255 dissoluti

352 1285 460 1338 hoc
489 1284 693 1340 frustra
723 1285 878 1341 abusi
921 1288 1077 1342 estis.

424 1376 626 1431 Rursus
681 1377 928 1449 indigetis
971 1389 1027 1433 ut
1075 1397 1164 1435 vos
1222 1382 1516 1436 doceamini
1543 1382 1925 1452 quwsuntele-

352 1479 523 1521 menta
545 1469 753 1524 exordii
802 1487 1104 1526 sermonum
1141 1472 1259 1528 Dei.
1312 1473 1613 1538 Elementa,
1681 1489 1745 1531 ea
1803 1490 1924 1544 quae

351 1565 482 1610 sunt
514 1559 580 1612 de
607 1558 951 1618 humanitate
978 1561 1185 1618 Christi
1219 1573 1400 1620 vocat.
1439 1563 1506 1620 Ut
1565 1565 1709 1620 enim
1746 1566 1801 1620 in
1828 1582 1923 1620 ex-

350 1649 525 1702 ternis
558 1648 756 1704 litteris
779 1652 950 1720 prima
979 1653 1247 1708 elementa
1298 1655 1560 1711 discenda
1592 1665 1742 1721 sunt,
1778 1657 1922 1712 hunc

350 1739 415 1791 ad
441 1743 661 1794 modum
703 1743 792 1797 hic
850 1745 1079 1814 primum
1121 1747 1304 1801 doceri
1337 1756 1554 1817 Oportet
1613 1749 1681 1803 de
1725 1749 1920 1802 huma-

348 1831 524 1887 nitate
570 1832 802 1897 Christi,
866 1843 1034 1905 atque
1101 1837 1403 1894 humilibus
1467 1839 1920 1904 assuesceudum,

348 1919 547 1974 deinde
577 1923 946 1978 accedendum
977 1937 1060 1982 est
1102 1926 1171 1981 ad
1219 1942 1281 1983 ea
1325 1943 1446 1999 quae
1485 1936 1613 1984 sunt
1664 1928 1916 1994 Deitatis,

348 2025 472 2079 quae
499 2013 809 2082 perfectiori
845 2015 1154 2074 intellectus
1183 2035 1325 2088 opus
1360 2019 1581 2076 habent.
1629 2020 1770 2078 Ecce
1800 2021 1913 2092 jam

348 2103 420 2158 ab
456 2105 574 2176 ipso
603 2105 774 2165 Paulo
815 2110 1110 2168 manifeste
1143 2113 1598 2184 didicisti,quam
1655 2117 1725 2170 ob
1785 2131 1916 2171 cau-

347 2209 463 2249 sam
515 2197 568 2250 in
627 2198 931 2256 humilibus
987 2203 1341 2260 sermonibus
1397 2204 1740 2272 immoratur,
1792 2221 1917 2263 raro

343 2296 525 2342 autem
566 2291 798 2347 sublime
831 2294 1032 2363 aliquid
1070 2296 1333 2366 loquitur,
1363 2305 1414 2351 et
1448 2298 1594 2366 quod
1641 2298 1710 2353 ob
1761 2299 1916 2354 infir-

344 2380 588 2435 mitatem
621 2382 934 2439 auditorum
971 2387 1072 2442 ista
1113 2388 1298 2442 faciat.
1327 2388 1468 2445 Ecce
1513 2390 1681 2462 igitur
1719 2401 1774 2446 ct
1804 2393 1917 2451 haec

347 2466 592 2536 Epistola
637 2472 937 2532 humilibus
965 2485 1050 2532 est
1098 2477 1321 2534 referta.
1353 2479 1410 2534 Si
1469 2489 1653 2536 autem
1708 2483 1912 2555 aliquid

342 2562 577 2618 sublime
602 2564 786 2632 habet,
811 2566 914 2624 hoc
928 2570 1119 2639 paucis
1147 2572 1488 2643 transigitur.

398 2651 464 2705 Et
500 2653 634 2722 [acti
665 2661 791 2711 estis
824 2660 1012 2728 quibus
1053 2662 1189 2717 lacte
1247 2681 1376 2734 opus
1428 2667 1520 2730 sit,
1578 2670 1913 2728 nonisolido

336 2742 473 2798 cibo.
496 2743 615 2802 Non
651 2748 810 2818 dixit,
850 2749 999 2821 Opus
1031 2754 1270 2820 habetis,
1307 2758 1426 2824 sed,
1448 2759 1579 2828 [acti
1606 2763 1754 2828 estis,
1810 2763 1913 2818 hoc

337 2844 446 2898 est,
469 2838 675 2908 vosipsi
703 2843 954 2912 vosipsos
994 2860 1061 2900 eo
1117 2847 1474 2916 perduxistis,
1507 2861 1684 2908 vestra
1721 2865 1913 2924 sponte

339 2926 474 2982 tales
501 2927 656 2984 facti.
692 2929 802 2987 Lac
823 2941 1032 2999 autem,
1070 2937 1326 2994 humilem
1361 2943 1664 3000 orationem
1730 2948 1915 3015 appel-

336 3017 415 3071 lat
445 3029 498 3072 et
521 3019 633 3085 hic,
666 3029 722 3076 et
751 3022 804 3077 in
842 3022 1087 3094 Epistola
1149 3029 1214 3082 ad
1268 3029 1621 3090 Corinthios:
1675 3035 1910 3090 solidum

339 3127 470 3167 vero
494 3113 709 3179 cibum,
743 3119 1070 3186 perfectiora
1096 3131 1150 3177 et
1187 3122 1407 3179 altiora.
1456 3125 1572 3182 Non
1629 3132 1914 3198 oportebat

336 3201 526 3271 igitur,
555 3204 754 3274 inquit,
791 3223 936 3262 nunc
965 3209 1310 3268 introducere
1339 3216 1551 3283 legalia,
1600 3228 1654 3273 et
1685 3219 1755 3273 ab
1789 3220 1912 3276 istis

337 3293 806 3360 comparationem
839 3297 1022 3353 facere
1083 3301 1531 3372 iucomparabilis
1571 3307 1795 3371 Christi,
1827 3313 1908 3365 ni-
1939 3328 1983 3388 ρ

337 3381 533 3438 mirum
560 3386 705 3455 quod
735 3387 806 3442 sit
836 3387 1103 3455 Pontifex,
1123 3397 1264 3460 quod
1295 3411 1510 3450 sacrum
1539 3397 1744 3461 fecerit,
1763 3405 1910 3472 quod

335 3487 463 3528 cum
499 3473 738 3532 clamore
773 3493 1030 3548 precatus
1065 3486 1156 3548 sit,
1193 3500 1258 3539 ac
1289 3489 1714 3556 supplicationes
1768 3491 1911 3548 lece-

335 3561 408 3615 rit
439 3579 453 3617 :
484 3572 725 3622 attamen
747 3569 874 3639 quia
907 3587 1003 3626 vos
1036 3573 1185 3629 hisce
1217 3577 1450 3642 alimini,
1485 3595 1740 3651 pra‘pono
1772 3583 1908 3639 haec.

334 3649 576 3710 Observa
605 3667 787 3714 autem
827 3665 972 3730 quod
1007 3679 1128 3733 qua:
1174 3682 1321 3722 nunc
1374 3670 1535 3726 nobis
1589 3649 1814 3739 adsunt,
1847 3691 1909 3730 ea

334 3758 449 3802 tum
489 3748 714 3805 alebant
749 3751 895 3818 illos,
936 3763 991 3808 et
1015 3759 1162 3825 quod
1202 3774 1385 3812 verum
1427 3769 1558 3816 sunt
1591 3763 1908 3820 alimentum

332 3837 549 3906 eloquia
582 3837 696 3894 Dei.
722 3840 868 3896 Dabo
892 3844 1062 3910 enim,
1092 3847 1501 3917 inquit,[amem
1527 3852 1636 3907 illis
1660 3855 1911 3909 audiendi

330 3926 541 3980 t'erbunt
560 3928 796 3984 Domini.

401 4019 570 4076 Vens.
603 4023 690 4078 15.
739 4023 925 4078 Omnis
948 4027 1087 4079 enim
1143 4030 1235 4098 qui
1292 4029 1447 4086 lactis
1491 4042 1570 4086 est
1623 4036 1909 4106 particeps,

329 4115 636 4183 inexpertus
667 4125 746 4169 est
778 4119 1036 4172 sermonis
1093 4119 1324 4188 justitia:
1354 4137 1372 4174 :
1438 4123 1601 4194 681
1633 4181 1638 4185 _
1657 4126 1909 4192 parvulus

283 4243 287 4247 ν
328 4207 472 4260 enim
503 4217 602 4262 est.
642 4206 946 4274 Justitiam,
979 4210 1065 4265 hic
1097 4212 1177 4266 vel
1237 4225 1485 4269 exat-tam
1548 4217 1766 4272 vivendi
1824 4235 1911 4275 ra-

332 4302 534 4355 tionem
577 4303 836 4372 appellat,
864 4311 1121 4374 tanquam
1179 4305 1284 4362 hoc
1339 4307 1549 4374 dicens,
1607 4308 1755 4380 quod
1811 4312 1911 4366 im-

331 4392 639 4462 perfectus,
701 4395 1024 4465 inexpertus
1081 4405 1166 4452 est
1219 4414 1475 4470 supernae
1521 4401 1905 4472 philos0phiaa.

329 4498 432 4538 nec
467 4493 644 4554 potest
690 4486 937 4556 recipere
985 4502 1259 4542 summam
1311 4499 1367 4545 et
1409 4500 1655 4547 exactam
1713 4495 1904 4558 vitam;

326 4576 561 4644 quodet
587 4576 840 4634 Christus
873 4579 1146 4650 exigehat,
1204 4583 1437 4639 dicens:
1491 4585 1617 4639 Nisi
1666 4582 1907 4640 abunda-

2031 1013 2266 1083 στηρίων
2304 1014 2660 1079 ἀκούσαντας*
2703 1016 2870 1087 ἄμφω
2914 1016 2968 1068 δὲ
2997 1013 3168 1068 ταῦτα
3214 1014 3438 1067 ἐπαίνου
3465 1010 3608 1076 ἄξια,

2027 1104 2186 1176 εἴπερ
2215 1105 2369 1160 αὐτοὶ
2399 1107 2476 1176 μὴ
2503 1105 2918 1176 ἐρῤᾳθύμησαν.
2963 1106 3022 1158 '0
3053 1105 3266 1175 χρόνος,
3291 1105 3448 1174 φησὶ,
3477 1103 3612 1172 p.51-

2026 1195 2117 1249 λον
2151 1197 2400 1266 ἰσχυροὺς
2429 1199 2584 1249 ποιεῖ·
2614 1198 2768 1267 ὑμεῖς
2797 1196 2852 1250 δὲ
2878 1196 3058 1266 μάτην
3117 1194 3289 1265 τούτῳ
3343 1192 3612 1263 κατεχρή-

2029 1285 2194 1345 nulla
2234 1287 2568 1352 ἐκλυθέντες.

2096 1375 2291 1431 Πάλιν
2313 1377 2526 1446 χρείαν
2559 1377 2727 1447 ἔχετε
2754 1378 2860 1433 τοῦ
2908 1378 3220 1432 διδάσκειν
3272 1375 3430 1443 ὑμᾶς
3479 1376 3611 1428 τίνα

2025 1469 2096 1522 τὰ
2143 1469 2411 1538 στοιχεῖα
2468 1468 2578 1537 τῆς
2634 1469 2827 1538 ἀρχῆς
2875 1469 2993 1524 τῶν
3034 1469 3257 1538 λογίων
3287 1468 3395 1522 τοῦ
3441 1467 3608 1522 Θεοῦ.

2024 1561 2290 1632 Στοιχεῖα,
2335 1561 2402 1614 τὰ
2448 1561 2576 1630 περὶ
2618 1561 2718 1632 τῆς
2759 1560 3176 1632 ἀνθρωπότητος
3224 1559 3319 1613 τοῦ
3371 1557 3610 1628 Χριστοῦ

2025 1669 2208 1722 φησιν.
2245 1652 2456 1722 Ὠσπερ
2487 1653 2596 1724 γὰρ
2623 1653 2714 1705 ἐπὶ
2746 1652 2853 1706 τῶν
2901 1651 3099 1716 ἔξωθεν
3142 1649 3488 1720 γραμμάτων
3543 1647 3610 1699 τὰ

2027 1743 2263 1810 στοιχεῖα
2313 1740 2527 1810 πρῶτον
2569 1739 2652 1793 δεῖ
2703 1738 2916 1810 μαθεῖν,
2971 1735 3114 1790 οὕτω
3145 1736 3210 1808 δὴ
3243 1735 3340 1788 καὶ
3375 1729 3613 1786 ἐνταῦθα

2023 1831 2240 1901 πρῶτον
2270 1831 2398 1901 περὶ
2432 1831 2527 1900 τῆς
2559 1829 2978 1900 ἅνθρωπότητος
3009 1828 3117 1880 ἔδει
3145 1825 3482 1895 διδαχθῆναι,
3515 1822 3612 1875 καὶ

2025 1926 2137 1986 τοῖς
2161 1925 2435 1985 ταπεινοῖς
2477 1922 2839 1994 ὲνεθισθῆναι,
2885 1915 3002 1973 εἶτα
3047 1921 3160 1983 τοῖς
3211 1918 3311 1986 τῆς
3357 1915 3610 1982 θεότητος

2027 2015 2354 2086 προσϐῆναι,
2396 2014 2734 2085 τελειοτέρας
2763 2013 2998 2075 διανοίας
3023 2010 3323 2080 δεομένοις»
3375 2008 3510 2060 Ἰδοὺ
3553 2005 3614 2058 ἅ-

2027 2108 2257 2180 ριδήλως
2290 2107 2492 2176 ἔμαθες
2533 2109 2662 2178 παρ’
2691 2106 2856 2159 αὐτοῦ
2899 2105 2993 2159 τοῦ
3029 2103 3264 2166 Παύλου,
3310 2101 3457 2162 τίνος
3491 2096 3612 2150 ἓνε-

2023 2218 2119 2254 κεν
2146 2203 2258 2262 τοῖς
2297 2201 2392 2267 μὲν
2424 2201 2699 2262 ταπεινοῖς
2730 2198 2910 2267 λόγοις
2939 2195 3287 2266 ἐνδιατρίϐει,
3319 2189 3614 2250 σπανιάκις

2023 2291 2080 2344 δὲ
2111 2290 2312 2360 ὑψηλόν
2338 2309 2389 2344 τι
2419 2289 2588 2358 λέγει,
2620 2291 2711 2342 καὶ
2736 2290 2815 2342 ὅτι
2835 2287 2936 2356 τῆς
2966 2285 3244 2346 ἀσθενείας
3289 2282 3400 2336 τῶν
3450 2282 3615 2334 ἀκου-

2024 2383 2191 2437 όντων
2248 2382 2408 2436 τοῦτο
2447 2382 2608 2452 χάριν
2661 2384 2823 2435 ποιεῖ.
2899 2379 3031 2432 Ἰδοὺ
3087 2375 3218 2445 γοῦν
3253 2374 3348 2428 καὶ
3392 2371 3536 2440 αὕτη
3582 2371 3613 2440 ἠ

2035 2473 2322 2544 Ἐπιστολὴ
2350 2473 2455 2527 τῶν
2490 2474 2588 2544 μὲν
2620 2471 2893 2535 ταπεινῶν
2925 2470 3172 2539 γέμειη.
3210 2467 3273 2520 El
3307 2465 3365 2518 δέ
3412 2481 3468 2516 τι
3517 2460 3613 2515 καὶ

2022 2565 2224 2636 ὑψηλὸν
2266 2565 2398 2637 ἔχει,
2449 2565 2621 2637 βραχῦ
2647 2566 2823 2621 τοῦτο.

2058 2655 2167 2710 Kal
2204 2657 2484 2724 γεγόνατε
2519 2644 2728 2726 χρείαν
2761 2656 3006 2724 ἔχοντες
3031 2653 3346 2722 γάλακτος,
3391 2648 3493 2702 καὶ
3541 2648 3611 2701 οὗ

2022 2747 2273 2816 στερεᾶς
2298 2746 2543 2817 τροφῆς.
2560 2746 2673 2802 Οὐκ
2697 2743 2870 2814 εἶπεν,
2894 2749 2999 2810 ὅτι,
3024 2745 3230 2817 Χρείαν
3251 2745 3426 2813 ἔχετε,
3451 2738 3611 2805 ἀλλὰ,

2022 2841 2325 2909 γεγόνατε,
2365 2841 2660 2906 τουτέστιν,
2696 2840 2854 2908 ὑμεῖς
2885 2839 3040 2893 αὐτοὶ
3083 2837 3309 2898 ἑαυτοὺς
3341 2837 3421 2898 είς
3453 2831 3612 2886 τοῦτο

2023 2936 2412 2999 κατεστήσατε,
2475 2933 2538 2983 ὲκ
2588 2931 2960 3002 προαιρέσεως
3010 2931 3244 2983 τοιοῦτοι
3299 2924 3608 2995 γεγονότες.

2021 3025 2167 3081 Γάλα
2203 3026 2260 3079 δὲ
2289 3025 2378 3078 τὸν
2413 3026 2668 3078 ταπεινὸν
2697 3024 2852 3093 λόγον
2880 3023 3041 3094 ,καλεῖ
3072 3023 3164 3076 καὶ
3203 3019 3463 3085 ἐνταῦθα,
3517 3017 3612 3070 καὶ

2022 3119 2078 3171 ἐν
2118 3121 2183 3190 τῇ
2225 3118 2359 3189 πρὸς
2405 3117 2744 3186 Κορινθίους³
2793 3117 3018 3188 στερεὰν
3054 3115 3110 3169 δὲ
3147 3114 3374 3186 τροφὴν.
3406 3112 3476 3164 τὰ
3523 3126 3602 3164 τε-

2020 3211 2188 3263 λειότε
2199 3227 2267 3280 ρα
2287 3209 2380 3261 καὶ
2396 3207 2622 3276 ὑψηλότε
2634 3223 2719 3277 pa.
2738 3207 2851 3259 Οὐκ
2867 3206 2976 3260 ἔδει
2995 3204 3108 3270 οὖν,
3135 3201 3402 3274 φησὶ,νῦν
3423 3202 3607 3252 ἔπεισι

2022 3304 2176 3371 ἁγειν
2213 3301 2281 3353 τὰ
2307 3300 2525 3367 νομικὰ,
2547 3298 2640 3348 καὶ
2681 3297 2788 3350 ἀπὸ
2815 3297 3021 3350 τούτων
3051 3294 3323 3348 ποιεῖσθαι
3352 3290 3450 3362 τὴν
3479 3291 3598 3358 σύγ-

2018 3410 2198 3463 κρισιν
2235 3389 2328 3444 τοῦ
2375 3389 2708 3460 ἁσυγκρίτου
2753 3386 3013 3458 Χριστοῦ,
3053 3387 3133 3441 ὅτι
3163 3402 3221 3438 τε
3265 3383 3603 3454 Ἀρχιερεὺς,

2013 3487 2108 3540 καὶ
2133 3487 2214 3538 ὅτι
2249 3485 2429 3547 ἔθυσε,
2459 3482 2552 3534 καὶ
2581 3483 2662 3535 ὅτι
2700 3482 2840 3551 μετὰ
2877 3478 3127 3551 κραυγῆς
3153 3477 3348 3548 ἐδεήθη
3377 3477 3472 3530 καὶ
3501 3476 3582 3528 ἱκε

2013 3579 2229 3648 τηρίας’
2273 3577 2387 3630 ἀλλ’
2425 3578 2571 3646 ὅμως
2615 3574 2804 3642 ἐπειδὴ
2852 3572 3116 3643 τρέψεσθε
3162 3569 3376 3631 τούτοις
3421 3569 3603 3638 ὑμεῖς,

2015 3670 2312 3742 προτίθημι
2362 3670 2454 3722 καὶ
2498 3667 2691 3722 ταῦτα.
2742 3665 3056 3736 Σημείωσαι
3097 3663 3155 3716 δὲ
3197 3663 3281 3716 ὅτι
3316 3661 3352 3715 ἃ.
3379 3660 3426 3693 ⁸⁸
3473 3662 3600 3730 ήμῖι

2015 3762 2374 3832 προτίσταται
2426 3761 2543 3824 νῦν,
2589 3758 2829 3819 ἐκείνους
2875 3756 2996 3808 τότε
3025 3755 3068 3787 ⁸⁸
3119 3753 3338 3824 ἔτρεφε.
3374 3753 3471 3806 καὶ
3519 3752 3601 3804 ὅτι

2012 3855 2185 3924 coepi]
2215 3851 2420 3923 ἀληθὴς
2465 3851 2532 3904 τὰ
2561 3850 2718 3917 λόγια
2745 3847 2839 3902 τοῦ
2869 3847 3026 3900 Θεοῦ.
3061 3845 3239 3900 Δώσω
3270 3845 3401 3914 γὰρ,
3443 3845 3599 3913 φησι,

2012 3946 2192 4014 λιμὸν
2217 3945 2420 4010 αὐτοῖς
2445 3943 2550 3996 τοῦ
2575 3942 2833 3996 ἀκοῦσαι
2856 3943 3044 4008 λόγον
3069 3939 3311 4006 Κυρίου.

2086 4034 2210 4102 Πᾶς
2255 4036 2367 4104 γὰρ
2405 4039 2437 4089 ό
2477 4033 2746 4103 μετέχων
2779 4033 3084 4102 γάλακτος,
3119 4031 3364 4098 ἄπειρος
3409 4031 3600 4098 λόγου

2011 4129 2421 4195 ιδίιιιιιοοίἆνης⁵
2469 4125 2686 4192 νήπιος
2728 4124 2837 4192 γάρ
2891 4125 3042 4177 ἐστι.
3096 4120 3456 4189 Δικαιοσύνην
3513 4121 3600 4171 ἐν-

2015 4219 2189 4274 ταῦθα
2223 4219 2255 4289 ἢ
2294 4219 2386 4272 τὸν
2435 4218 2548 4288 βίον
2593 4217 2684 4269 τὸν
2723 4215 3100 4286 ἡκριϐωμένον
3157 4215 3344 4283 φησὶν,
3397 4212 3599 4265 ὡσανεὶ

2012 4313 2170 4367 τοῦτο
2190 4311 2386 4380 λέγων,
2404 4311 2507 4372 ὅτι,
2523 4311 2583 4361 '0
2604 4309 2794 4376 ἀτελὴς
2815 4307 3037 4375 ἄπειρός
3061 4309 3179 4358 ἐστι
3195 4306 3294 4374 τῆς
3307 4306 3422 4359 ἄνω
3445 4303 3597 4374 φιλο·

2015 4405 2228 4475 σοφίας,
2273 4404 2369 4457 καὶ
2414 4403 2475 4454 οὐ
2519 4401 2740 4454 δύναται
2775 4398 3177 4488 παραδέξασθαι
3219 4397 3334 4466 βίον
3380 4399 3552 4466 ἄκρον
3579 4411 3593 4425 ·

2010 4498 2147 4566 ὅπερ
2177 4496 2272 4549 καὶ
2305 4497 2336 4548 ὁ
2360 4492 2589 4563 Χριστὸς
2617 4492 2832 4564 ἀπῄτει,
2869 4490 3062 4556 λέγων’
3109 4490 3254 4542 Ἐὰν
3277 4488 3364 4560 μὴ
3389 4503 3596 4558 περισ-

2009 4590 2206 4654 σεύσῃ
2254 4587 2291 4653 ἡ
2327 4584 2680 4650 δικαιοσύνη
2726 4580 2894 4652 ὑμῶν
2931 4581 3125 4635 πλέον
3167 4579 3288 4635 τῶν
3317 4584 3594 4649 Γραμμα-

327 4668 455 4722 verit
470 4667 688 4734 justitia
726 4680 898 4723 vestra
928 4670 1048 4738 plus
1077 4688 1236 4740 quant
1267 4673 1574 4728 Scribarum
1626 4688 1676 4730 et
1711 4675 1906 4730 Phari-

2027 4677 2160 4731 τέων
2187 4675 2283 4728 καὶ
2308 4673 2647 4742 Φαρισαίων
2670 4688 2683 4701 ·
2718 4671 2752 4741 ἢ
2781 4671 3151 4739 δικαιοσύνην,
3198 4669 3307 4723 τόν
3335 4670 3595 4738 Χριστόν

323 4775 554 4814 sworum
592 4760 670 4826 ¹⁸;
703 4754 785 4815 vel
815 4761 1111 4828 justitiam,
1153 4764 1332 4832 ipsum
1401 4765 1666 4821 Christum
1723 4783 1902 4835 vocat,

327 4851 432 4904 hoc
464 4851 696 4908 dicens;
735 4852 838 4917 Qui
899 4855 1176 4924 particeps
1233 4862 1319 4910 est
1354 4855 1643 4911 humilium
1699 4859 1766 4913 de
1823 4859 1905 4913 in-

325 4940 649 4996 carnatione
669 4958 1013 5008 sermonum,
1060 4945 1221 5000 verba
1253 4946 1511 5000 sublimia
1573 4947 1904 5017 Christoque

322 5034 487 5102 digna
513 5050 619 5087 non
658 5033 923 5099 admittit,
982 5043 1169 5105 utpote
1213 5035 1305 5106 qui
1364 5037 1546 5092 infans
1577 5047 1680 5104 est,
1741 5048 1906 5110 atque

323 5131 426 5181 ista
445 5141 641 5196 capere
666 5129 876 5197 nequit.

399 5217 565 5274 Vens.
602 5221 690 5274 14.
729 5220 1099 5290 Perfectorum
1158 5232 1333 5279 autem
1379 5233 1455 5278 est
1511 5225 1713 5279 solidus
1734 5224 1904 5279 cibus.

322 5313 439 5369 lloc
471 5324 577 5379 est,
615 5314 886 5368 sublimes
913 5314 1292 5372 institutiones
1323 5317 1392 5372 de
1418 5317 1709 5373 divinitate
1740 5315 1903 5372 Chri-

321 5408 410 5460 sti.
458 5404 625 5461 Vides
651 5405 941 5461 infantiam
980 5407 1205 5463 alteram
1286 5425 1407 5477 qua:
1453 5417 1507 5464 et
1559 5409 1614 5463 in
1657 5405 1901 5478 grandae-

318 5499 404 5553 vis
439 5506 546 5563 est,
578 5497 778 5554 utentis
809 5497 1054 5554 videlicet
1083 5515 1185 5554 :ac
1217 5498 1628 5569 perfectionem,
1650 5511 1815 5566 quam
1850 5506 1906 5550 et

319 5591 553 5662 iutenes
588 5589 794 5645 habere
823 5590 962 5644 nihil
993 5590 1239 5661 impellit.

389 5685 496 5750 Qui
510 5699 608 5752 pro
634 5684 750 5754 ipsa
777 5684 1151 5740 consuetudine
1178 5685 1489 5738 exercitatos
1516 5680 1902 5736 habentsettsus

393 5799 436 5830 ⁸³
466 5797 658 5854 Matth.
692 5816 744 5862 ν,
769 5796 862 5852 9.0.

2015 4785 2182 4837 φησιν
2218 4767 2404 4830 αὑτὸν,
2436 4764 2594 4817 τοῦτο
2627 4763 2824 4830 λέγων,
2864 4763 2946 4815 ὅτι
2989 4761 3050 4814 '0
3085 4761 3333 4830 μετέχων
3359 4761 3470 4813 τῶν
3497 4778 3594 4813 τα-

2013 4859 2214 4912 πεινῶν
2257 4857 2352 4910 atat
2387 4855 2514 4924 περὶ
2544 4853 2642 4922 τῆς
2671 4852 2999 4921 σαρκώσεως
3043 4850 3239 4918 λόγων,
3265 4854 3414 4914 ’τοὺς
3459 4851 3595 4920 ὑψη-

2012 4950 2137 5013 λοὺς
2169 4948 2264 5000 καὶ
2293 4945 2477 5009 ἀξίους
2501 4941 2736 5012 Χριστοῦ
2766 4941 2955 5009 λόγους
2989 4941 3050 4994 οὐ
3097 4939 3334 5012 δέχεται,
3381 4937 3474 4995 οἷα
3505 4945 3592 5012 νή-

2012 5057 2134 5102 πιος
2164 5038 2259 5093 καὶ⁹
2299 5034 2502 5090 τούτων
2530 5032 2925 5102 ἁπαράδεκτος.

2091 5221 2342 5275 Τελοίων
2366 5219 2436 5274 δέ
2484 5220 2658 5274 ἐστιν
2686 5219 2724 5286 ἡ
2776 5217 2994 5286 στερεό
3037 5218 3252 5288 τροφή.
3297 5219 3590 5281 Τουτέστι,

2013 5315 2082 5367 τὰ
2106 5312 2288 5383 ὑψηλὰ
2332 5311 2603 5380 δόγματα,
2638 5309 2706 5364 τὰ
2735 5311 2865 5379 περὶ
2904 5309 3006 5379 τῆς
3031 5308 3284 5379 θεότητος
3317 5309 3416 5362 τοῦ
3455 5309 3593 5378 Χρι-

2017 5405 2167 5459 στοῦ.
2209 5403 2373 5473 Ὁρᾷς
2415 5401 2717 5470 νηπιότητα
2768 5401 3001 5470 ἑτέραν,
3054 5400 3122 5469 ἢν
3181 5403 3276 5454 καὶ
3330 5400 3591 5470 γέροντες

2015 5503 2221 5570 έχουσι,
2270 5497 2372 5566 τὴν
2419 5495 2528 5549 τῶν
2563 5493 2811 5565 φρενῶν·
2849 5496 2942 5548 καὶ
2992 5495 3330 5566 τελειότητα,
3371 5495 3442 5565 ἣν
3497 5496 3592 5549 καὶ

2013 5590 2166 5650 νέους
2191 5587 2335 5655 ἔχειν
2375 5585 2526 5637 οὐδὲν
2559 5584 2862 5652 ἐμποδίζει.

2091 5679 2211 5732 Ίῶν
2233 5677 2330 5731 διὰ
2370 5676 2481 5745 τὴν
2509 5677 2642 5742 ἕξιν
2681 5675 2753 5730 τὰ
2797 5677 3156 5746 αἰσθητήρια
3185 5679 3458 5748 ἑχόντων
3499 5695 3588 5751 τι·

1629 5855 1829 5916 Varim
1865 5853 2192 5922 lectiones.

386 5972 429 6004 "
464 5975 736 6046 μέμνηται
770 5992 820 6032 o.
898 5975 947 6007 "
977 5978 1004 6031 ὅ
1031 5993 1063 6031 ο
1181 5973 1226 6006 ⁸⁸
1259 5973 1414 6027 τοῦτο
1445 5988 1497 6028 ο.
