3918 6558
157 556 238 618 219
812 547 1220 609 EXPOSITIO
1267 550 1347 610 IN
1380 549 1619 610 EPIST.
1661 551 1761 610 AD
1797 549 2188 610 lIEBli/EOS.
2220 569 2286 584 --·
2323 546 2482 607 CAP.
2520 546 2625 607 VI.

3240 541 3348 606 250

159 664 496 738 γυμνιισμένίι
523 661 668 729 πρὸς
694 661 995 729 διάκρισιν
1017 662 1207 716 καλοῦ
1233 680 1294 715 τε
1327 662 1426 715 καὶ
1457 663 1668 716 κακοῦ.

1802 665 1842 714 ιιι
1873 663 2239 716 discretionem
2268 662 2388 716 boni
2439 670 2488 715 et
2521 659 2670 714 mali.
2717 657 3202 720 Consuetudinem,
3262 657 3351 711 hic

158 763 299 826 Ἕξιν,
329 759 418 825 τὴν
446 754 754 822 τελειότητα
786 755 880 805 καὶ
913 753 1221 823 παγιότητα
1251 754 1361 806 τῶν
1389 752 1538 824 ἠθῶν
1569 771 1676 822 φη..

160 873 239 908 τιν.
278 851 328 902 Ὀ
349 847 516 900 τοίνυν
551 846 742 912 πάγιος
769 845 828 896 τὸ
864 840 1018 913 ἦθος,
1051 839 1208 908 οὗτος
1242 847 1336 897 καὶ
1377 844 1449 898 τὰ
1489 844 1682 914 αἰσθη-

163 947 291 1014 εήρια
341 940 433 1009 τῆς
493 938 668 1007 ψυχῆς
723 937 836 1009 ἔχει
880 938 1308 1008 γεγυμνασμένα
1345 940 1466 1002 ταῖς
1507 937 1679 1002 θείαις

157 1037 378 1106 Γραφαίς,
414 1032 546 1103 πρὸς
577 1029 847 1099 διάκρισιν
885 1029 1173 1102 δογμάτων
1201 1031 1423 1102 ὑψηλῶν
1465 1031 1559 1084 καὶ
1585 1047 1682 1084 ταο

158 1126 340 1189 πεινῶν,
371 1124 534 1193 ὑγιῶν
565 1123 658 1176 καὶ
680 1122 1118 1194 διεφθαρμένων.
1152 1123 1225 1178 ού
1261 1122 1371 1193 γὰρ
1403 1123 1532 1192 περὶ
1563 1122 1681 1192 βίου

158 1219 354 1276 ἐνταῦθά
379 1235 506 1288 φησι
525 1233 539 1247 ·
570 1217 758 1270 τοῦτον
783 1217 894 1285 γὰρ
925 1217 1036 1278 πᾶς
1073 1214 1365 1287 διακρίνει,
1404 1214 1499 1268 καὶ
1541 1210 1681 1268 οἶδεν

156 1315 220 1366 ὅτι
245 1310 429 1380 φαῦλον
460 1310 494 1379 ἡ
523 1308 714 1374 κακία,
759 1309 854 1361 καί
897 1306 1162 1379 ἀγαθδνή
1194 1307 1389 1379 ἀρετή.
1439 1307 1587 1378 Ὅρα
1624 1307 1681 1360 δὲ

158 1408 220 1458 ὁτι
243 1400 525 1470 γυμνασίας
565 1399 746 1469 χρεία,
785 1401 879 1454 καὶ⁸
913 1400 1220 1472 ἀσκήσεως,
1257 1399 1351 1454 καὶ
1387 1398 1682 1469 ἐμπειρίας

157 1493 241 1546 τῶν
260 1491 495 1562 Γραφῶν,
526 1492 574 1543 εἰ
611 1491 898 1560 μέλλοιμεν
926 1491 1224 1563 διακρίνειν
1248 1490 1372 1544 τίνα
1400 1491 1503 1543 τῶν
1529 1491 1682 1560 αἱρε-

158 1577 308 1644 τικῶν,
337 1581 427 1632 καὶ
445 1579 564 1632 τίνα
584 1576 645 1631 οὕ
664 1594 678 1609 ·
707 1583 802 1634 καὶ
821 1581 867 1610 δ’
902 1580 978 1650 μὴ
1011 1579 1198 1642 ἁπλῶς
1227 1581 1393 1632 πᾶσιν
1418 1579 1682 1632 ἐκδιδόναι

159 1674 207 1726 τὰ
229 1670 584 1743 ὧτα.Λάρυγξ
642 1673 742 1742 μὲν
778 1671 889 1743 γὰρ
946 1673 1066 1726 σῖτα
1116 1671 1373 1740 γεύεται·
1427 1670 1575 1741 ψυχὴ
1626 1670 1682 1723 δὲ

160 1761 400 1832 δοκιμάζει
427 1761 640 1831 λόγους.

701 1991 954 2047 una.
998 1993 1090 2060 ς’.

1783 756 2311 810 consummationem
2335 763 2392 810 et
2449 753 2756 807 lirmitatem
2814 765 3026 804 morum
3080 749 3348 802 nominat.

1783 847 1884 913 Qui
1904 848 2072 918 igitur
2108 847 2351 901 moribus
2401 847 2622 912 vitaque
2677 844 2870 898 ﬁrmus
2918 851 3025 904 est.
3084 841 3131 896 is
3183 842 3350 894 etiam

1781 943 1978 998 animae
2006 939 2260 997 sensoria
2292 938 2458 993 habet
2512 937 2810 992 exercitata
2843 937 2896 990 in
2931 934 3138 988 divinis
3197 933 3350 986 Scri-
3446 1002 3449 1003 ν

1783 1033 1980 1103 pluris,
2004 1030 2073 1086 ad
2129 1029 2579 1099 dijudicationem
2636 1027 2920 1082 humilium
2947 1033 3000 1080 et
3037 1024 3352 1080 sublimium

1779 1127 2118 1196 dogmatum,
2154 1136 2417 1178 sanorum
2475 1121 2605 1176 item
2653 1127 2710 1174 et
2769 1124 3174 1188 corruptorum.
3237 1114 3352 1168 Non

1783 1217 1927 1272 enim
1963 1216 2030 1271 de
2057 1215 2166 1271 vita
2206 1213 2294 1269 hic
2326 1213 2568 1283 loquitur
2595 1229 2610 1265 :
2645 1226 2766 1268 eam
2795 1210 2942 1266 enim
2971 1209 3357 1278 unusquisque

1784 1307 2080 1379 diiudicat,
2107 1321 2173 1362 ac
2212 1307 2364 1360 novit
2397 1304 2542 1374 quod
2572 1317 2663 1358 res
2722 1315 2889 1372 prava
2919 1300 2988 1356 sit
3018 1299 3250 1362 malitia,
3302 1306 3358 1353 et

1787 1416 1874 1456 res
1907 1400 2046 1454 bona
2101 1396 2301 1453 virtus.
2368 1393 2757 1450 Animadverte
2801 1400 2982 1446 autem
3036 1407 3176 1463 opus
3232 1405 3358 1444 esse

1784 1491 2199 1556 exercitatione,
2231 1499 2287 1544 et
2317 1487 2696 1552 meditatione,
2729 1496 2784 1542 et
2811 1486 3008 1558 peritia
3039 1484 3356 1554 Scriptura-

1785 1599 1931 1650 t‘um,
1965 1583 2010 1640 si
2036 1581 2390 1652 dijudicaturi
2411 1579 2584 1635 simus
2631 1594 2884 1650 quaenam
2936 1577 3052 1633 sint
3079 1574 3357 1638 haeretica,

1785 1685 1840 1732 ct
1891 1693 2010 1746 quae
2044 1691 2178 1740 non,
2219 1682 2274 1729 et
2305 1687 2411 1728 non
2462 1671 2780 1742 simpliciter
2824 1669 3081 1725 omnibus
3139 1680 3362 1720 accom-

1785 1765 2008 1821 modare
2037 1779 2225 1818 aures.
2256 1762 2456 1819 Guttur
2480 1760 2626 1816 enim
2678 1760 2860 1815 cibum
2902 1764 3135 1829 gustat:
3181 1755 3361 1808 anima

1791 1873 1920 1913 vero
1949 1869 2233 1913 sermones
2266 1853 2482 1923 probat.

2355 1988 2590 2047 CAPUT
2643 1987 2732 2044 Vl.

211 2116 288 2170 Διὸ
301 2115 541 2185 ἀφέντες
565 2111 676 2166 τὸν
704 2111 814 2180 τῆς
835 2111 1030 2180 ἀρχῆς
1061 2111 1169 2169 τοῦ
1191 2109 1452 2180 Χριστοῦ
1471 2112 1679 2181 λόγον,

1842 2110 2038 2167 VensJ
2054 2151 2067 2166 .
2089 2110 2421 2178 Quapropter
2435 2107 2830 2160 intermittentes
2849 2102 3195 2157 intlmationis
3211 2101 3367 2156 Chri—

161 2211 235 2264 ἐπί
263 2208 364 2277 τὴν
388 2206 730 2273 τελειότητα
757 2203 1083 2273 φερώμεθα.
1117 2199 1284 2257 Εἶπεν
1314 2202 1574 2273 ἀνωτέρω
1602 2203 1684 2274 ὅτι

161 2300 319 2371 νωθροὶ
371 2300 646 2368 γεγόνατε,
709 2297 804 2350 καὶ
836 2297 920 2350 ὅτι
971 2296 1192 2368 νήπιοι,
1222 2295 1315 2349 καὶ
1371 2296 1451 2358 είς
1495 2294 1686 2365 χρείαν

165 2395 417 2464 κατέστητε
444 2391 535 2445 τοῦ
568 2391 733 2446 πάλιν
748 2390 818 2444 τὰ
843 2389 1038 2460 πρῶτα
1069 2391 1305 2460 στοιχεῖα
1322 2389 1421 2458 τῆς
1452 2389 1686 2451 πίστεως

167 2485 411 2555 μανθάνειν
432 2502 446 2517 °
471 2485 564 2538 καὶ
601 2483 700 2537 νῦν
723 2479 816 2536 οὖν
851 2499 1037 2553 φησιν,
1065 2482 1169 2547 ὅτι,
1200 2482 1291 2535 Δεῖ
1313 2483 1456 2551 ὑμᾶς
1486 2481 1560 2543 ὡς
1599 2499 1690 2534 τε-

165 2576 307 2638 λείους
327 2575 503 2629 λοιπὸν
531 2576 780 2646 φρονεῖν,
810 2575 904 2627 καλ⁵
934 2573 1241 2642 ὑπερϐῆναι
1264 2573 1356 2626 τὸν
1387 2567 1485 2641 τῆς
1516 2573 1690 2641 ἀρχῆς

166 2665 238 2718 τοῦ
264 2665 474 2736 Χριστοῦ
509 2665 689 2732 λόγον,
712 2662 979 2730 τουτέστι,
1010 2663 1110 2726 τὰς
1140 2660 1360 2732 πρώτας
1389 2662 1562 2732 ἀρχὰς
1593 2663 1692 2731 τῆς

169 2759 382 2821 πίστεως,
434 2758 525 2811 καὶ
577 2758 672 2809 ἐπὶ
701 2756 800 2826 τὴν
852 2755 1169 2824 τελειότητα
1221 2753 1503 2824 φέρεσθαι,
1539 2771 1694 2806 τουτ-

167 2852 276 2915 ίστι,
301 2851 399 2903 τῶν
419 2849 765 2921 ὑψηλοτέρων
802 2843 940 2901 εἶναι
969 2846 1269 2911 δεκτικούς.
1304 2847 1374 2899 Ἦ
1425 2847 1516 2899 καὶ
1551 2845 1695 2899 οὕτω

168 2943 297 2996 τοῦτο
333 2945 567 3014 νοήσειςο
601 2945 688 2996 ὃτι
737 2941 926 3013 ἐπειδὴ
963 2940 1225 3012 χωλεύειν
1259 2941 1386 3010 περὶ
1422 2940 1521 3011 τὴν
1547 2939 1698 2992 πολι⁴

169 3036 290 3088 τιίαν
316 3028 541 3089 ⁸³⁶οὗτοι
565 3035 808 3094 ἐδόκουν.
837 3033 988 3103 λέγει
1032 3032 1130 3087 νῦν
1171 3033 1357 3097 αὐτοῖς
1406 3033 1533 3103 περὶ
1579 3032 1696 3103 βίου

172 3127 524 3194 ἀνεπιλήπτου,
594 3125 804 3180 ὡσανεὶ
870 3125 1031 3180 τοῦτο
1081 3125 1274 3194 λέγων,
1334 3127 1437 3190 ὅτι,
1493 3126 1566 3180 Ού
1620 3125 1700 3177 δεῖ

172 3216 348 3285 apag”
390 3218 472 3270 ἀεὶ
505 3217 634 3286 περὶ
671 3214 773 3288 τὴν
818 3215 994 3287 ἀρχὴν
1025 3215 1375 3284 στρέφεσθαι,
1429 3215 1696 3277 τουτέστι,

175 3311 280 3380 περὶ
331 3310 555 3375 πίστεως
597 3311 994 3376 διδάσκεσθαι,
1051 3310 1241 3381 ὥσπερ
1303 3310 1702 3380 είσαγωγικούς

1790 2205 1860 2262 sti
1875 2217 2191 2265 sermonem,
2221 2200 2291 2253 ad
2314 2197 2685 2268 perfectionem
2709 2196 2965 2265 feramur.
2993 2193 3168 2262 Supra
3183 2192 3321 2246 dixit
3351 2209 3362 2244 :

1790 2295 1999 2366 Segnes
2031 2294 2158 2348 facti
2186 2293 2343 2359 estis,
2380 2301 2434 2346 et
2465 2289 2726 2353 infantes,
2777 2295 2941 2357 atque
2997 2289 3062 2340 ad
3094 2300 3212 2339 eam
3236 2284 3366 2337 ada-

1789 2389 1862 2444 cti
1892 2387 2024 2443 estis
2063 2385 2467 2450 necessitatem,
2496 2391 2555 2436 ut
2583 2382 2694 2451 jam
2737 2380 2858 2436 sitis
2882 2379 2937 2433 in
2973 2378 3095 2433 ﬁdei
3127 2377 3366 2431 elemen-

1791 2480 1863 2535 tis
1904 2477 2260 2541 instituendi;
2307 2491 2456 2530 nunc
2515 2489 2669 2540 vero,
2729 2473 2980 2544 Oportet,
3038 2470 3234 2540 inquit,
3272 2484 3369 2521 vos

1791 2571 2050 2638 deinceps
2094 2583 2190 2621 ceu
2233 2565 2506 2636 perlectus
2562 2578 2780 2632 sapere,
2837 2576 2902 2615 ac
2968 2558 3363 2614 transcendere

1793 2675 2100 2719 sermonem
2133 2658 2415 2730 primordii
2458 2655 2685 2720 Christi,
2713 2654 2816 2708 hoc.
2863 2660 2970 2717 est,
3025 2650 3198 2720 prima
3241 2650 3364 2703 ﬁdei

1797 2751 2125 2815 rudimenta,
2151 2758 2206 2806 et
2234 2749 2298 2802 ad
2339 2747 2508 2818 perfer
2529 2747 2736 2800 tionem
2769 2743 2924 2809 ferri,
2947 2743 3050 2796 hoc
3071 2751 3173 2805 est,
3215 2741 3373 2794 allio-

1799 2859 1917 2896 rum
1945 2856 2065 2896 esse
2090 2855 2340 2908 capaces.
2380 2835 2472 2891 Vel
2507 2837 2648 2890 hunc
2670 2836 2735 2888 ad
2767 2833 2988 2887 modum
3018 2832 3163 2886 hunc
3188 2830 3370 2884 locum

1800 2933 2108 3002 intelligere
2137 2928 2380 3002 poteris:
2413 2927 2552 2994 Quia
2591 2927 2668 2980 illi
2712 2928 2764 2978 in
2802 2925 2926 2978 vita:
2958 2921 3376 2977 conversatione

1798 3026 2107 3081 claudicare
2153 3022 2502 3084 videbantur,
2537 3019 2700 3072 verba
2733 3017 2839 3086 iam
2892 3015 2973 3070 eis
3007 3014 3136 3069 facit
3163 3015 3229 3068 de
3266 3014 3373 3065 vita

1801 3113 2286 3186 irrt-prehensibili,
2314 3109 2538 3180 perinde
2555 3109 2708 3178 quasi
2741 3106 2840 3160 hoc
2867 3104 3048 3160 dicat:
3078 3101 3194 3157 Non
3214 3115 3377 3171 opor-

1804 3216 1880 3262 tet
1903 3223 2000 3262 vos
2034 3221 2249 3275 semper
2275 3206 2420 3258 circa
2451 3199 2717 3272 principia
2773 3197 3004 3261 versari,
3039 3197 3142 3250 hoc
3173 3199 3279 3257 est,
3309 3191 3376 3246 de

1805 3301 1909 3355 ﬁde
1929 3299 2138 3363 doceri,
2163 3307 2421 3366 tanquam
2454 3294 2692 3350 novitios
2713 3291 3010 3362 quosdam;
3037 3287 3130 3343 sed
3159 3286 3224 3341 ad
3253 3301 3378 3356 per-

175 3377 314 3465 cuiu.
340 3402 464 3457 ἀλλὰ
493 3403 586 3457 καὶ
620 3403 718 3456 ἐπὶ
750 3403 852 3473 τὴν
883 3401 1196 3471 τελειότητα
1211 3377 1502 3473 ⁷φέρεσθαι,
1524 3377 1696 3454 ’τουτ-

1805 3389 2094 3444 l'ectiouem
2117 3388 2281 3442 etiam
2307 3394 2390 3440 est
2407 3384 2760 3455 pergendum,
2779 3381 2885 3436 hoc
2907 3390 3012 3444 est,
3027 3377 3094 3432 ad
3116 3377 3378 3447 Optimam

175 3495 312 3557 ἐστιν,
339 3496 423 3548 ἐπὶ
443 3496 533 3550 τὸν
565 3497 796 3566 ἄριστον
827 3495 963 3564 βίον.
991 3493 1208 3555 Τέλειος
1243 3494 1350 3564 γὰρ
1384 3495 1611 3556 ἐκεῖνος,
1636 3492 1698 3555 ὃς

1806 3481 1998 3537 vitam.
2030 3478 2309 3534 Perfectus
2337 3477 2483 3530 enim
2518 3476 2609 3530 ille
2630 3483 2732 3541 εει,
2761 3473 2866 3543 qui
2904 3487 3029 3527 cum
3065 3470 3170 3524 ﬁde
3213 3468 3379 3522 vitam

177 3589 286 3654 μετὰ
307 3590 392 3658 τῆς
424 3561 659 3651 πίστεως
704 3589 801 3640 καὶ
828 3561 953 3656 βίον
994 3586 1108 3655 ἔχει
1153 3561 1336 3656 όρθόνξ
1387 3582 1554 3654 Ἀρχὴ
1599 3583 1696 3652 μὲν

1806 3582 2010 3628 rectam
2041 3571 2224 3626 habet.
2291 3568 2420 3623 Nam
2478 3566 2807 3637 principium
2861 3569 2917 3617 et
2968 3561 3384 3616 lundamcntuur

173 3679 259 3750 γὰρ
289 3679 374 3732 καὶ
416 3679 662 3749 θεμέλιος
703 3678 738 3748 ἠ
779 3679 984 3740 πίστις.
1021 3677 1115 3730 καὶ¹
1144 3676 1274 3731 ἄνευ
1315 3675 1520 3746 ταύτης
1548 3675 1700 3728 οὐδὲν

175 3768 540 3839 ἑδραοθήσεται,
563 3769 762 3840 ὥσπερ
798 3769 918 3822 οὐδὲ
940 3767 1072 3822 ἄνευ
1098 3767 1378 3838 στοιχείων
1409 3767 1606 3836 γένοιτ’
1635 3765 1700 3820 ἄν

176 3877 242 3922 τις
277 3862 516 3934 ἔμπειρος
557 3854 933 3935 γραμμάτων.
971 3859 1122 3930 Πλὴν
1166 3858 1290 3912 οὔτε
1343 3861 1430 3914 ἀεὶ
1475 3859 1604 3928 περὶ
1631 3857 1705 3912 τὰ

177 3957 374 4022 στοιχεῖα
419 3953 750 4025 στρέφεσθαι
797 3952 898 4018 δεῖ,
935 3949 1060 4004 οὔτε
1108 3951 1196 4004 ἀεὶ
1223 3950 1301 4015 ὡς
1330 3951 1559 4022 νηπίους
1607 3950 1702 4004 καὶ

177 4045 348 4109 ἀτελεῖς
420 4050 544 4118 περὶ
616 4047 858 4108 πίστεως
909 4043 1290 4098 διδάσκεσθαι.
1370 4043 1434 4098 Ei
1521 4043 1579 4096 δέ
1617 4059 1703 4106 τις

92 4169 96 4186 .
177 4136 254 4203 τὴν
282 4138 368 4206 μὲν
417 4138 694 4209 προτέραν
734 4136 961 4206 ἐκδοχὴν
1007 4135 1388 4207 παραδέχοιτο,
1416 4133 1622 4205 ταύτην
1645 4135 1705 4188 δὲ

177 4229 520 4301 ἀποδοκιμάζει
572 4232 653 4296 ὡς
699 4228 1059 4284 ἀνακόλουθον
1089 4228 1268 4283 οὖσαν
1312 4231 1422 4292 τοῖς
1455 4229 1704 4299 προρρη-

177 4321 318 4377 θεῖσιν
344 4326 442 4379 {me
471 4326 564 4381 τοῦ
600 4325 844 4391 Παύλου,
874 4324 1128 4378 ἐννοείτω
1152 4323 1226 4387 ὡς
1256 4323 1377 4387 ἔθος
1405 4323 1555 4391 αὐτῷ
1589 4323 1706 4374 ἐστι

179 4418 283 4486 περὶ
308 4419 468 4472 ἄλλων
502 4419 723 4488 λέγοντι
769 4419 850 4481 είς
882 4416 1017 4471 ἄλλα
1051 4416 1373 4488 μεταπηδῷθ
1392 4431 1407 4446 ⁸
1433 4413 1599 4486 ὡς,ὲν
1637 4415 1702 4484 τῇ

180 4508 288 4575 πρὸς
329 4511 660 4582 Κορινθίους,
691 4511 821 4581 περὶ
852 4509 963 4563 τῶν
991 4509 1224 4563 δείπνων
1267 4507 1464 4575 λέγων,
1495 4506 1574 4569 είς
1615 4504 1708 4559 τὸν

181 4599 283 4668 περὶ
311 4601 409 4655 τῶν
436 4596 750 4674 μυστηρίων
775 4601 936 4670 λόγον
958 4599 1236 4654 ἐνέϐαλεν.
1271 4597 1458 4660 Οὕτως
1489 4593 1583 4651 οὖν
1612 4596 1709 4649 καὶ

182 4687 256 4743 νῦν
281 4693 532 4758 ὀνειδίζων
563 4696 622 4748 ὲν
652 4694 793 4764 ἀρχῇ
826 4691 1037 4756 τούτοις
1073 4690 1393 4761 νωθρότητα
1421 4688 1516 4742 καὶ
1543 4687 1707 4742 ἀσθέ-

1807 3665 1939 3721 ﬁdes
1969 3673 2072 3727 est,
2101 3664 2239 3717 citra
2270 3675 2433 3732 quam
2467 3659 2605 3714 nihil
2639 3657 2745 3712 erit
2765 3655 3024 3717 solidum,
3059 3650 3287 3722 perinde
3318 3663 3383 3702 ac

1806 3773 1983 3826 neque
2005 3756 2124 3810 sine
2139 3753 2422 3809 elementis
2437 3751 2705 3823 quispiam
2719 3763 2924 3820 gnarus
2945 3747 3035 3800 ﬁat
3053 3746 3382 3799 litterarum.

1803 3851 1968 3923 682
2003 3848 2167 3918 Atqui
2192 3863 2302 3902 non
2323 3860 2540 3915 seraper
2571 3843 2720 3897 circa
2771 3841 3042 3896 elementa
3103 3851 3203 3892 nos
3261 3849 3385 3887 ver-

1806 3941 1926 3997 sari
1963 3945 2202 4009 oportet,
2243 3951 2419 4006 neque
2448 3948 2664 4002 seraper
2687 3931 2740 3986 in
2761 3929 2867 3985 ﬁde
2897 3927 3130 3992 institui,
3191 3933 3250 3978 ut
3303 3923 3388 3977 in-

1807 4033 1984 4089 fantes
2014 4039 2068 4087 et
2099 4028 2472 4100 imperfectos.
2518 4025 2613 4081 Sin
2654 4037 2786 4079 vero
2815 4022 3106 4094 quisquam
3145 4017 3384 4089 priorem

1807 4123 2136 4182 sententiam
2175 4122 2421 4192 recipere
2466 4121 2639 4182 malit,
2678 4119 2822 4171 hanc
2861 4128 2991 4170 vero
3046 4110 3278 4181 rejiciat,
3327 4117 3386 4163 ut

1807 4235 1930 4290 qua:
1958 4218 2030 4273 sit
2061 4217 2472 4284 inconsequens
2517 4213 2586 4267 iis
2607 4225 2730 4281 quae
2773 4226 2803 4264 a
2861 4207 3028 4262 Paulo
3067 4217 3387 4274 praememo-

1810 4323 1924 4366 rata
1949 4320 2098 4373 sunt,
2141 4307 2356 4362 noverit
2379 4310 2525 4375 quod
2559 4305 2648 4359 ille
2672 4303 2802 4357 dum
2831 4301 2899 4356 de
2936 4313 3042 4353 ttno
3064 4297 3250 4364 aliquo
3278 4291 3391 4346 dis-

1809 4403 1961 4466 serit,
1991 4399 2057 4455 ad
2080 4400 2187 4453 alia
2223 4398 2502 4454 transilire
2535 4396 2714 4450 solet:
2773 4401 2833 4446 ut
2886 4392 2942 4445 in
2996 4386 3242 4458 Epistula
3307 4383 3373 4437 ad

1808 4493 2146 4556 Corinthios,
2176 4489 2245 4544 de
2265 4489 2440 4545 cmnis
2463 4498 2516 4542 et
2542 4483 2812 4541 conviviis
2842 4483 3098 4550 loquens,
3159 4479 3213 4530 in
3269 4489 3388 4530 scr-

1809 4598 2026 4642 monem
2071 4583 2140 4639 de
2169 4579 2446 4652 mysteriis
2492 4576 2710 4632 incidit.
2771 4573 2926 4628 lianc
2989 4571 3056 4624 ad
3118 4568 3385 4624 rationem

1811 4680 1975 4733 etiam
2009 4691 2159 4731 nunc
2187 4677 2241 4729 in
2275 4670 2550 4745 principio
2597 4668 2868 4739 objiciens
2895 4664 2979 4720 eis
3010 4663 3300 4733 segnitiem
3335 4671 3389 4714 et

184 4795 304 4835 νειαν
348 4748 473 4856 προς
513 4785 583 4839 τὰ
608 4748 922 4854 τελεῖότερα
952 4748 1389 4853 παραδέέασθαι,
1437 4779 1696 4835 ensem

1819 4768 2254 4824 imbecillitatem
2307 4765 2362 4819 in
2421 4760 2846 4832 perfectior-ibus
2929 4751 3280 4823 recipiendis,
3333 4748 3386 4801 in

183 4873 245 4934 tl;
289 4873 370 4928 τὸν
406 4876 531 4948 περὶ
573 4877 676 4944 τῆς
724 4873 1002 4937 πολιτείας
1056 4875 1238 4941 λόγον,
1268 4871 1480 4936 ἀτελεῖς
1522 4869 1706 4925 καλῶν

185 4961 363 5028 αὐτοὺς,
388 4967 478 5021 καὶ
492 4967 582 5021 διὰ
611 4965 794 5034 τοῦτο,
835 4966 918 5019 ὃτι
949 4964 1024 5036 μὴ
1056 4964 1235 5018 πίστει
1265 4963 1357 5018 τὸν
1390 4963 1503 5035 βίον
1535 4979 1706 5034 προσ-

190 5053 366 5111 ἐθεσαν.

242 5147 319 5213 Μὴ
344 5149 518 5204 πάλιν
541 5151 820 5221 θεμέλιον
848 5151 1362 5220 καταϐαλλόμενοι
1387 5147 1709 5218 μετανοίας

185 5235 280 5288 ἀπὸ
304 5242 516 5309 rentur
540 5245 749 5314 ἔργων,
790 5243 889 5298 καί
915 5244 1175 5306 πίστεως
1212 5242 1310 5295 ἐπὶ
1340 5242 1509 5297 Geor.
1539 5241 1712 5294 Τουτ-

190 5324 303 5388 ἐστι,
351 5330 419 5401 μὴ
465 5334 627 5388 πάλιν
677 5334 740 5398 ἐξ
776 5334 951 5404 ἀρχῆς
997 5332 1223 5386 τοιαῦτα
1272 5332 1572 5396 ποιοῦντες,
1627 5326 1713 5385 οἵα

190 5415 385 5502 ἐποιεῖτε
427 5423 660 5492 ὁπηνίκα
713 5423 970 5493 ἐμέλλετε
1022 5421 1412 5490 βαπτίζεσθαι,
1459 5416 1571 5476 οἷον
1613 5423 1712 5495 τὴν

190 5503 276 5557 ἀπὸ
293 5512 484 5581 νεκρῶν
511 5513 687 5585 ἔργων
723 5514 1034 5585 μετάνοιαν,
1062 5512 1334 5577 τουτέστι,
1364 5511 1463 5583 τὴν
1507 5514 1712 5567 ἀποτει-

192 5596 274 5666 τὴν
297 5600 392 5655 τῶν
423 5603 596 5675 ἔργων
615 5605 710 5660 τοῦ
741 5606 975 5661 Σατανᾶ.
1041 5604 1101 5658 '0
1137 5603 1247 5674 γὰρ
1276 5603 1713 5674 προσερχόμενος

192 5688 255 5758 τῷ
278 5691 497 5770 Χριστῷ,
534 5699 794 5770 πρόδηλον
823 5700 905 5753 ὅτι
931 5696 1209 5770 μετανοῶν
1235 5696 1327 5749 ἐπὶ
1353 5694 1432 5766 τῷ
1464 5693 1718 5766 προτέρῳ

1815 4875 2126 4918 sermonem
2159 4858 2228 4914 de
2261 4855 2506 4912 moribus
2524 4864 2578 4910 et
2601 4849 3030 4909 conversatione
3056 4845 3250 4904 fertur.
3293 4845 3391 4896 inr-

1817 4953 2085 5025 perfectos
2110 4965 2205 5004 eos
2232 4963 2455 5015 vocans,
2485 4953 2771 5016 propterea
2789 4941 2935 5014 quod
2955 4940 3075 4996 ﬁdei
3094 4953 3207 4995 suae
3230 4937 3391 4992 vitam

1816 5062 1924 5102 non
1955 5042 2285 5114 adiecerint.

1888 5137 2010 5192 Non
2029 5151 2242 5192 rursum
2267 5133 2524 5204 iacientes
2548 5130 2949 5200 fundamentum
2978 5121 3293 5193 paenitentia:
3327 5117 3393 5170 ab

1817 5233 2057 5302 operibus
2080 5228 2325 5294 mortuis,
2355 5233 2407 5280 et
2462 5223 2588 5294 ﬁdei
2615 5221 2684 5276 ad
2714 5220 2900 5274 Deum.
2950 5216 3066 5271 lloe
3121 5221 3229 5278 est,
3285 5226 3391 5264 non
3421 5238 3428 5280 ε

1820 5338 2014 5379 rursus
2036 5337 2104 5377 ex
2135 5320 2348 5391 integro
2381 5316 2650 5373 facientes
2679 5329 2800 5384 qua:
2824 5307 3115 5365 faciebatis
3173 5302 3393 5373 quando

1817 5416 2146 5487 baptismate
2178 5412 2436 5469 abluendi
2467 5409 2659 5473 eratis,
2698 5419 2894 5476 nempe
2950 5397 3331 5474 patuitentiam
3362 5411 3395 5451 ε

1822 5506 2054 5563 mortuis
2080 5503 2364 5576 operibus,
2399 5502 2504 5557 hoc
2535 5507 2641 5567 est,
2669 5493 3134 5553 renuntiationem
3167 5502 3394 5558 operum

1821 5597 2056 5654 Satanas.
2081 5595 2186 5663 Qui
2219 5597 2366 5651 enint
2391 5592 2614 5650 Christo
2635 5587 2870 5655 accedit,
2899 5587 3118 5657 planum
3141 5587 3224 5639 est
3249 5578 3395 5652 quod

1825 5690 2145 5760 pmuitentia
2177 5687 2376 5762 prioris
2414 5681 2688 5756 dogmatis
2747 5688 2802 5737 ct
2863 5678 2986 5738 vitae
3034 5674 3254 5733 ductus.
3314 5670 3396 5726 sic

1456 5875 1657 5940 Varia:
1704 5872 2032 5938 lectiones.

267 5971 307 6004 “
333 5975 456 6033 ἀλλά
473 5996 526 6035 o.
597 5979 666 6012 “‘
692 5980 871 6035 πίστιν
909 5995 959 6036 ο.
1037 5979 1082 6010 ⁸³
1111 5978 1254 6048 ἡμᾶς
1276 5992 1329 6034 ο.
