3918 6544
195 268 284 329 257

941 257 1348 319 EXPOSITIO
1378 255 1460 317 IN
1489 256 1730 318 EPIST.
1766 250 2283 319 ADiHEBREOS.
2307 278 2376 290 -
2410 254 2568 316 CAP.
2600 256 2702 318 VI.

3304 259 3414 324 258

262 371 556 440 Ἀδόκιμος
583 366 680 422 καί
707 365 968 436 κατάρας
1007 366 1208 438 ἐγγύς.
1248 365 1362 436 Τὴν
1400 364 1501 437 μὲν
1531 364 1744 435 ἀγαθὴν

1919 362 2158 433 Reproba
2179 370 2279 428 est,
2298 373 2348 418 et
2379 363 2662 421 maledicto
2687 368 2956 438 proxima.
2985 335 3414 426 Bonsm'terram

193 467 283 535 γῆν
307 461 639 529 εὐλογεῖσθαι
665 459 770 530 ἐφη
789 459 900 512 ὑπὸ
923 457 1060 512 Θεοῦ
1079 474 1094 490 ο
1124 457 1226 529 τὴν
1254 457 1311 512 δὲ
1336 457 1610 530 ἄκαρπον,
1641 458 1742 511 οὐκ

189 554 330 611 εἶπεν
373 553 558 616 ἁπλῶς
615 548 1070 618 ἐπικατάρατον,
1101 549 1217 603 ἀλλ’
1242 550 1415 619 ἐγγυς
1469 548 1740 620 κατάρας,

189 649 265 702 ενα
313 647 386 716 μὴ
449 639 943 712 ἀπογινώσκωμεν.
983 640 1043 694 '0
1090 639 1202 712 γὰρ
1251 641 1419 710 ἐγγὺς
1471 640 1742 711 κατάρας⁹

189 736 454 806 δυνήσεται
485 733 582 786 καὶ
611 731 834 802 μακρὰν
861 729 1145 798 γενέσθαι.

249 823 365 894 *Ης
415 825 482 880 τὸ
531 824 706 891 τέλος
739 825 827 888 εις
861 820 1107 876 καῦσιν.
1164 819 1277 874 Καὶ
1326 819 1504 887 τοῦτο,
1543 820 1632 873 ἵνα
1671 819 1748 891 μὴ

189 918 662 987 ἀπογινώσκωμεν.
695 914 771 968 Οὐ
804 912 914 984 γὰρ
943 907 1121 977 εἶπεν,
1145 911 1269 984 ἥτις
1312 912 1747 982 κατακαήσεται,

191 1007 403 1080 ἀλλ’,ἧς
432 1009 498 1063 τὸ
530 1007 704 1074 τέλος
723 1009 811 1074 είς
838 1005 1092 1060 καῦσιν·
1128 1003 1427 1070 τουτέστιν,
1461 1003 1555 1058 ἐὰν
1588 1002 1750 1074 μέχρι

189 1104 356 1165 τέλους
393 1098 653 1170 ὲπιμείνῃ
675 1100 740 1168 τῇ
765 1095 1038 1167 ἀκαρπίᾳ.
1058 1095 1223 1148 Ὥστε
1247 1092 1471 1148 δύναται
1505 1091 1750 1161 ἀποστῆ-

190 1213 264 1250 ναι
290 1198 383 1266 τῆς
412 1192 716 1263 ἀκαρπίας,
746 1189 844 1243 καὶ
876 1187 1296 1244 καταπαῦσαι⁸⁷
1327 1186 1426 1258 μὲν
1448 1186 1549 1249 τὰς
1580 1185 1752 1239 ἀκάν-

192 1291 298 1352 θας,
324 1286 544 1356 δόκιμος
571 1283 627 1337 δὲ
657 1281 937 1354 γενέσθαι,
987 1279 1082 1334 καὶ
1142 1277 1396 1348 εὐλογίας
1435 1280 1749 1350 μετασχεῖν.

250 1500 620 1570 Πεπείσμεθα
649 1496 718 1552 δὲ
738 1494 871 1565 περὶ
897 1493 1088 1565 ὑμῶν,
1115 1493 1438 1564 ἀγαπητοὶ,
1459 1492 1532 1549 τὰ
1565 1491 1755 1562 κρειτ-

192 1613 317 1650 τονα
341 1592 439 1648 καὶ
467 1593 732 1661 ἐχόμενα
763 1587 1084 1656 σωτηρίας,
1113 1589 1170 1642 εί
1216 1588 1316 1642 καὶ
1349 1587 1505 1641 οὕτω
1531 1585 1755 1640 λαλοῦ-

189 1704 302 1756 μεν.
360 1682 768 1753 Καθαψὰμενος
833 1678 1014 1732 αὐτῶν
1071 1677 1273 1740 ἱκανῶς
1331 1675 1429 1729 καὶ
1486 1675 1750 1746 φοϐήσας,

192 1761 462 1850 θεραπεύει
495 1774 682 1841 πάλιν,
719 1774 806 1827 ἵνα
832 1771 909 1843 μὴ
954 1771 1138 1840 πάντη
1173 1769 1398 1834 ὑπτίους
1427 1769 1752 1839 ἐργάσηται.

195 1870 284 1921 Τὸν
315 1869 420 1938 γὰρ
446 1866 660 1938 νωθρὸν
689 1864 723 1918 ὁ
747 1864 890 1918 πάνυ
915 1863 1190 1934 πληττων,
1227 1860 1566 1931 νωθρότερον
1585 1858 1754 1931 ἐργά-

194 1961 344 2024 ζεται.
393 1958 569 2030 Φησὶν
612 1952 730 2019 οῦν,
763 1956 870 2020 ὅτι,
920 1955 1031 2025 οὐχ
1055 1953 1132 2017 ὡς
1177 1950 1539 2022 κατεγνωκὼς
1601 1951 1756 2022 ὑμῶν

195 2050 342 2104 ταῦτα
386 2049 553 2117 λέγω,
591 2048 715 2102 οὐδὲ
744 2045 1098 2118 ὡς’νομίζων
1129 2045 1277 2115 ὑμᾶς
1309 2043 1565 2098 ἀκανθῶν
1616 2042 1757 2112 πλή-

201 2161 317 2214 ρεις,
360 2142 492 2196 ἀλλά
529 2139 790 2195 δεδοικὼς
811 2139 898 2192 ἵνα
931 2137 1010 2209 μὴ
1037 2137 1198 2191 τοῦτο
1237 2138 1483 2206 γένηται.
1510 2134 1622 2190 Καὶ
1653 2135 1755 2190 οὐκ

197 2231 321 2301 εἷπε,
352 2233 750 2306 Προσδοκῶμεν
783 2232 918 2300 περὶ
949 2230 1140 2302 ὑμῶν,
1163 2230 1323 2296 ἀλλὰ,
1355 2229 1753 2298 Πεπείσμεθα,

196 2328 468 2392 τουτέστιν,
501 2329 560 2380 ὲν
600 2325 908 2395 βεδαιότητί
941 2326 1114 2395 ἐσμεν
1168 2324 1300 2391 περὶ
1330 2323 1508 2392 ὑμῶν,
1536 2322 1620 2375 ὅτι
1650 2321 1751 2392 οὐχ

196 2419 344 2481 οὕτως
393 2419 572 2488 ἔχετε,
602 2416 740 2471 ἀλλά
786 2416 1138 2488 κρειττόνως,
1169 2416 1264 2468 καὶ
1293 2415 1377 2467 ὅτι
1405 2413 1507 2484 τῆς
1543 2411 1755 2466 ἑαυτῶν

197 2510 442 2579 σωτηρίας
475 2506 820 2578 φροντίζετε,
864 2505 968 2560 κᾶν
1008 2505 1183 2568 οὕτως
1233 2503 1579 2574 ἐλαλήσαμεν
1611 2503 1756 2571 πλη-

197 2603 396 2666 κτικῶς.
424 2605 494 2655 Ἦ
523 2597 624 2655 οῦν
644 2601 774 2671 περὶ
805 2599 904 2670 τῆς
945 2599 1223 2660 πολιτείας
1249 2597 1427 2651 αὐτῶν
1455 2596 1612 2649 τοῦτό
1661 2613 1760 2667 φη-

199 2712 288 2760 σιν,
307 2697 404 2762 ὅτι,
437 2696 550 2750 Οὐκ
588 2693 713 2747 ἐστὲ
736 2694 893 2763 ὑμεῖς
923 2690 1156 2745 τοιοῦτοι
1178 2689 1532 2751 ἀκανθώδεις·
1561 2689 1594 2758 ἢ
1629 2688 1758 2757 περὶ

203 2787 519 2850 ἀντιδόσεως,
541 2786 654 2849 ὅτι,
683 2784 798 2838 Οὐκ
825 2783 947 2836 ἐστὶ
977 2780 1223 2849 κατάρας
1251 2779 1442 2848 ἐγγὺς,
1467 2777 1588 2831 οὐδὲ
1623 2777 1759 2848 πρὸς

203 2877 395 2943 καῦσιν,
443 2877 587 2932 ἀλλά
624 2893 708 2938 τις
739 2875 872 2945 ἄλλη
906 2872 1228 2944 ἀντιμισθία
1260 2870 1390 2942 Ιὃμῖν
1442 2869 1755 2922 ἀπόκειται.

199 2971 323 3042 Ὅρα
345 2971 397 3025 δὲ
429 2969 615 3025 καὶτὸ
636 2967 998 3038 ἐπαγόμενον.

263 3181 462 3251 οὐγὰρ
491 3179 707 3244 ἄδικος
743 3177 776 3231 δ
824 3173 970 3241 Θεὸς
1012 3171 1402 3226 ἐπιλαθέσθαι
1448 3168 1554 3222 τοῦ
1581 3167 1759 3236 ἔργου

201 3273 361 3343 ὑμῶν.
393 3273 498 3326 Ἴδε
535 3272 661 3334 πῶς
692 3268 891 3331 αὐτοὺς
922 3267 1264 3336 ἀνεκτήσατο
1313 3261 1408 3315 καὶ
1461 3261 1755 3331 ἀνέρρωσε

203 3367 322 3436 πρὸς
347 3366 405 3419 τδ
433 3363 684 3429 ἐλπίζειν
729 3360 800 3414 τὰ
846 3355 1398 3430 βελτίω,ἀναμνήσας
1432 3353 1629 3414 αὐτοὺς
1653 3350 1771 3402 τῶν

207 3457 485 3529 προτέρων,
534 3457 637 3510 καὶ
672 3454 772 3525 τῆς
823 3449 1172 3519 δικαιοσύνης
1204 3446 1299 3502 τοῦ
1341 3443 1516 3499 Θεοῦο
1570 3445 1620 3496 εἰ
1652 3441 1760 3512 γὰρ

205 3548 383 3612 δίκαιος
431 3549 460 3601 ὁ
495 3545 654 3611 Θεὸς,
709 3544 810 3597 οὐκ
849 3540 1166 3612 ἐπιλήσεται
1223 3536 1342 3605 τοῦ,
1369 3535 1532 3605 ἔργου
1584 3532 1759 3601 ὑμῶν,

208 3639 446 3704 τουτέστι,
483 3637 590 3708 τῆς
619 3633 1044 3704 εὐσπλαγχνίας,
1077 3631 1177 3700 τῆς
1208 3625 1592 3696 φιλαδελφίας,
1645 3621 1761 3676 ἀλλ’

209 3729 463 3785 ἀντιδώσει
510 3731 668 3801 ὑμῖν.
719 3728 846 3780 ’Ὡτε
878 3727 956 3796 μὴ
996 3720 1408 3794 μικροψυχεῖτε,
1447 3716 1584 3770 ἀλλὰ
1627 3714 1764 3767 πάν-

207 3841 300 3888 τως
316 3824 557 3890 ἐλπίζετε
592 3823 662 3877 τὰ
696 3818 912 3893 βελτίω,
952 3813 1141 3884 ἐπειδὴ
1181 3815 1278 3868 καὶ
1327 3810 1546 3872 πάντως
1570 3809 1600 3860 ὁ
1633 3805 1765 3870 Θεὸς

208 3915 406 3979 δίκαιος.
466 3913 685 3970 Οὐκοῦν
723 3913 853 3983 περὶ
886 3909 1044 3981 ὑμῶν
1069 3903 1224 3961 εἶπον
1261 3907 1299 3961 ἀ
1323 3903 1497 3970 εἷπον,
1528 3901 1758 3974 πληκτι-

211 4007 330 4072 κῶς”
361 4003 473 4062 οἶδα
497 4007 614 4080 γὰρ
638 4006 722 4060 ὅτι
760 4004 822 4056 οὐ
852 3999 1102 4072 κατάρας
1131 3996 1275 4064 ἄξιοι
1303 3996 1483 4068 ὑμεῖς.

270 4216 366 4270 Kal
393 4215 495 4270 τοῦ
525 4213 724 4268 κόπου
760 4209 871 4280 τῆς
892 4205 1131 4278 ἀγάπης
1159 4199 1236 4276 ἧς
1262 4200 1646 4264 ἐνεδείξασθε
1681 4200 1768 4264 είς

212 4307 268 4362 τὸ
292 4308 466 4378 ὄνομα
495 4303 709 4369 αὑτοῦ,
735 4299 1212 4366 διακονήσαντες
1251 4295 1375 4362 τοῖς
1425 4294 1635 4364 ἁγίοις,
1669 4289 1768 4344 καὶ

1845 457 2096 513 benedici
2133 457 2273 512 dixit
2321 472 2351 512 a
2406 458 2553 516 Deo:
2619 460 3001 530 intrusiferaui
3055 470 3238 518 autem
3303 480 3412 519 non

1845 545 1982 601 dixit
2041 547 2363 618 simpliciter
2448 559 2789 606 exsecratam
2833 591 2851 618 ,
2914 554 3010 608 sed
3065 558 3419 609 exsecrationi

1845 637 2102 704 uicinam,
2170 648 2231 694 ut
2280 654 2390 696 non
2439 641 2816 712 desperemus.
2886 643 3023 702 Nam
3075 650 3181 718 'qui
3248 665 3419 720 prope

1847 730 2281 786 exsecrationem
2311 741 2418 796 est,
2449 735 2651 804 poterit
2674 745 2730 791 et
2765 737 2924 808 longe
2954 741 3244 796 removeri.

1921 818 2089 889 Cujus
2123 825 2512 878 consummatio
2544 825 2602 880 in
2625 829 3062 885 combastionem.
3097 829 3212 887 Hoc
3253 832 3419 888 etiam

1850 910 2071 982 adjecit,
2095 928 2162 968 ne
2178 913 2560 984 desperemus.
2597 916 2718 973 Non
2742 921 2890 974 enim
2920 922 3081 987 dixit,
3126 939 3250 992 qua:
3271 937 3414 980 com-

1851 1005 2104 1072 buretur,
2135 1007 2252 1070 sed,
2295 1006 2448 1079 cuius
2506 1011 2632 1080 ﬁnis
2669 1013 2758 1078 ‘ad
2813 1014 3276 1072 combustionent:
3318 1018 3423 1073 bor

1851 1107 1957 1162 est,
1995 1099 2042 1153 si
2077 1099 2144 1154 ad
2175 1101 2337 1155 linem
2373 1117 2549 1172 usque
2577 1104 2633 1158 in
2680 1107 2972 1164 sterilitate
3029 1110 3422 1178 perseverarit.

1850 1188 2036 1245 Potest
2062 1190 2248 1262 itaque
2279 1191 2545 1250 desistere
2579 1209 2611 1249 ιι
2665 1196 2976 1264 sterilitate,
3016 1207 3183 1270 atque
3231 1201 3424 1270 spinas

1852 1295 2226 1384 compescere,
2259 1286 2488 1355 probata
2520 1286 2650 1343 item
2686 1288 2862 1356 reddi,
2885 1298 3052 1362 atque
3080 1293 3423 1350 benedictio.

1853 1375 1944 1429 nis
1980 1375 2278 1448 particeps.

1927 1485 2095 1544 Vsus.
2150 1489 2206 1545 9.
2257 1491 2588 1562 Conﬁdimas
2646 1503 2823 1551 autem
2875 1497 2945 1553 dc
2999 1498 3167 1567 vobis,
3225 1500 3422 1568 dilecti,

1855 1578 2103 1646 meliora,
2141 1590 2191 1635 et
2225 1583 2483 1638 viciniora
2508 1585 2697 1652 saluti,
2743 1589 2956 1644 tametsi
3006 1592 3085 1645 ita
3138 1591 3422 1662 loquimur.

1856 1685 1981 1726 cum
2047 1688 2144 1730 eos
2197 1676 2414 1732 abunde
2445 1677 2582 1734 satis
2634 1682 2935 1750 carpsisset
2995 1698 3059 1738 ac
3098 1685 3427 1754 perterrefeu

1855 1762 2048 1829 cisset,
2074 1780 2268 1821 rursus
2298 1767 2567 1836 medetur,
2617 1786 2686 1825 ne
2722 1775 2950 1828 omnino
2997 1775 3225 1846 supinos
3249 1776 3428 1830 laxos-

1854 1871 1964 1926 que
2013 1857 2230 1914 reddat.
2279 1857 2414 1916 Nam
2476 1863 2570 1933 qui
2631 1879 2854 1936 segnem
2927 1867 3096 1923 nimis
3147 1868 3428 1939 obiurgat,

1854 1948 2164 2018 segniorem
2189 1950 2389 2007 reddit.
2429 1952 2520 2007 Ait
2549 1969 2716 2024 ergo:
2748 1953 2868 2010 Non
2891 1956 3046 2025 quasi
3079 1972 3176 2012 vos
3201 1958 3427 2011 damna-

1856 2037 1959 2092 rium
1989 2039 2095 2093 ista
2123 2041 2268 2104 dico,
2323 2058 2500 2112 neque
2553 2045 2698 2114 quod
2758 2062 2855 2102 vos
2900 2047 3181 2116 spinarum
3234 2049 3432 2117 plenos

1854 2147 1978 2188 esse
2010 2135 2262 2198 sentiam,
2298 2135 2392 2190 sed
2427 2138 2675 2192 metuens
2727 2153 2795 2192 ne
2826 2140 2928 2193 hoc
2963 2139 3073 2193 ﬁat.
3126 2137 3235 2193 Nec
3263 2140 3430 2204 dixit,

1855 2222 1936 2277 De
1967 2225 2137 2295 686
2167 2225 2314 2280 vobis
2358 2237 2776 2298 exspectamus:
2841 2230 2960 2295 sed,
2991 2229 3342 2300 Con/idiotas,
3373 2231 3432 2285 id

1855 2325 1962 2375 est.
2000 2316 2135 2369 certi
2161 2330 2225 2370 ac
2264 2317 2462 2372 ﬁrmati
2498 2333 2690 2374 sumus
2719 2319 2866 2390 quod
2899 2334 3009 2374 non
3052 2321 3133 2374 sic
3187 2319 3426 2381 habetis.

1855 2409 1952 2463 sed
1985 2409 2202 2474 melius,
2239 2421 2293 2464 et
2323 2411 2470 2481 quod
2502 2413 2667 2468 vestri
2699 2412 2944 2484 ipsorum
2985 2413 3181 2470 salutis
3238 2428 3432 2469 curam

1857 2501 2070 2570 geritis,
2100 2503 2316 2556 etiamsi
2347 2519 2448 2558 nos
2479 2515 2586 2558 tam
2616 2520 2811 2575 aspere
2852 2505 3022 2560 locuti
3066 2521 3282 2562 sumus.
3331 2506 3432 2561 Vel

1859 2592 2028 2662 igitur
2063 2593 2132 2648 de
2189 2596 2616 2651 conversatione
2657 2605 2706 2651 et
2758 2597 3007 2652 moribus
3069 2611 3258 2653 eorum
3317 2599 3433 2654 bare

1857 2684 2014 2749 dicit,
2044 2686 2186 2754 quod
2222 2684 2333 2741 Vos
2362 2702 2469 2741 non
2499 2688 2634 2742 estis
2688 2687 3002 2758 huiusmodi
3060 2689 3304 2760 spinosi:
3347 2691 3433 2746 vel

1858 2773 1926 2828 de
1944 2775 2320 2841 retributione,
2340 2777 2485 2846 quod
2506 2775 2625 2833 Non
2644 2779 2776 2834 estis
2793 2779 3156 2835 exsecrationi
3175 2781 3432 2850 proximi,

1859 2883 2038 2936 neque
2068 2868 2121 2921 in
2171 2870 2628 2937 combustionem,
2677 2871 2770 2927 sed
2823 2872 2927 2927 alia
2961 2873 3212 2943 quaedam
3277 2873 3434 2929 vobis

1864 2975 2078 3016 merces
2118 2970 2203 3017 est
2237 2963 2502 3035 reposita.
2532 2961 2794 3035 Expende
2837 2973 3018 3022 autem
3052 2966 3196 3037 quod
3251 2967 3435 3039 sequi-

1785 3067 1830 3126 ο
1863 3062 1971 3109 tur.

1935 3168 2105 3226 Vsus.
2148 3170 2237 3226 10.
2273 3171 2395 3225 Non
2418 3173 2556 3227 enim
2582 3171 2815 3243 injustas
2841 3172 3075 3239 Deus,ut
3100 3173 3439 3230 obliviscatur

1862 3263 2034 3330 operis
2069 3265 2247 3319 vestri.
2286 3258 2672 3319 Animadverte
2697 3265 2972 3336 quomodo
3012 3267 3162 3336 ipsos
3204 3265 3440 3320 erexerit

1863 3362 1917 3407 et
1947 3354 2278 3408 confortarit
2309 3364 2366 3408 ut
2399 3362 2624 3423 sperent
2652 3354 2902 3420 meliora,
2946 3369 3215 3409 revocans
3263 3353 3344 3408 eis
3372 3353 3441 3406 ad

1866 3446 2184 3497 memoriam
2211 3445 2416 3513 priora.
2447 3458 2510 3497 ac
2540 3442 2806 3512 justitiam
2846 3441 2962 3497 Dei.
3001 3441 3057 3496 Si
3080 3446 3226 3497 enim
3255 3441 3442 3511 justus

1865 3545 1950 3590 est
1972 3535 2136 3599 Deus,
2166 3552 2274 3589 non
2312 3535 2669 3590 obliviscetur
2727 3533 2910 3603 operis
2945 3534 3138 3598 vestri,
3195 3532 3299 3587 hoc
3327 3543 3434 3596 est,

1866 3628 2283 3691 misericordire,
2325 3626 2580 3680 fraternae
2624 3624 2960 3690 dilectionis,
3022 3625 3116 3678 sed
3171 3624 3438 3678 retribuet

1867 3719 2046 3772 vobis.
2109 3716 2344 3772 Proinde
2405 3731 2472 3772 ne
2531 3713 2920 3786 despondeatis
2983 3712 3266 3780 animum!,
3341 3714 3438 3766 sed

1869 3811 2094 3866 omnino
2129 3811 2354 3865 meliora
2385 3817 2621 3879 sperate,
2687 3806 3133 3878 quandoquidem
3191 3815 3247 3859 et
3297 3803 3442 3857 Deus

1869 3903 2099 3959 omnino
2125 3903 2312 3972 justus
2328 3910 2432 3959 est.
2457 3900 2574 3954 Non
2623 3899 2793 3971 igitur
2830 3899 2898 3953 de
2924 3888 2933 3895 ”
2957 3898 3111 3953 vobis
3139 3896 3272 3960 dixi,
3318 3909 3442 3965 quae

1868 3995 2004 4059 dixi,
2040 4004 2097 4048 ut
2131 3994 2372 4048 animum
2419 4001 2656 4046 vestrum
2714 3989 3048 4060 percellam:
3109 3989 3235 4043 novi
3292 3987 3439 4044 enim

1869 4085 2014 4156 (μιυά
2045 4102 2138 4140 vos
2170 4101 2278 4139 non
2310 4084 2433 4138 sitis
2460 4082 2610 4153 digni
2633 4082 3032 4136 exsecratione.

1940 4200 2018 4255 Ac
2068 4199 2364 4254 dilectionis
2407 4214 2568 4268 quam
2613 4196 2919 4250 ostendistis
2951 4195 3005 4248 in
3045 4194 3254 4248 nomine
3305 4192 3442 4262 ejus,

1873 4293 1964 4362 qui
1995 4291 2340 4345 ministrastis
2371 4288 2597 4353 sanctis,
2631 4299 2678 4341 et
2737 4285 3080 4339 ministratis.
3136 4283 3328 4353 Magna
3362 4285 3444 4338 eis

212 4399 636 4466 διακονοῦντες.
661 4395 900 4466 Μεγάλα
945 4393 1130 4454 αὐτοῖς
1159 4387 1435 4460 μαρτυρεῖ
1455 4403 1467 4416 ο
1499 4385 1600 4438 οὐκ
1631 4383 1758 4452 ἔργα

1875 4384 2090 4448 tribuit,
2124 4398 2232 4436 non
2261 4381 2436 4435 solum
2486 4395 2676 4449 opera,
2711 4377 3071 4432 verumetiam
3120 4389 3286 4442 opera
3317 4388 3442 4429 cum

217 4495 376 4562 μόνον,
410 4492 548 4549 ἀλλὰ
607 4490 703 4545 καὶ
770 4487 912 4560 μετὰ
968 4483 1283 4557 προθυμίας
1354 4478 1512 4550 ἔργα.
1545 4477 1618 4529 Τὸ
1655 4475 1768 4544 γὰρ

213 4585 452 4640 διακονεῖν
501 4582 814 4658 προθυμίας
862 4577 1222 4652 σημαντικόν.
1262 4573 1516 4643 Ἀγάπην
1542 4570 1640 4622 καὶ
1665 4569 1769 4640 τὴν

215 4677 565 4750 ἐλεημοσύνην
610 4675 800 4747 φησὶν,
831 4675 899 4743 ἢν
959 4667 1330 4732 ἀπεδείξαντο,
1362 4664 1464 4718 οὐκ
1511 4662 1770 4728 είςίτοὺς

217 4769 474 4840 ἀδελφοὺς,
502 4768 622 4824 ἀλλ’
667 4767 748 4831 είς
785 4764 848 4818 τὸ
903 4762 1076 4832 δνομα
1103 4758 1200 4812 τοῦ
1236 4754 1399 4811 Θεοῦ.
1429 4755 1575 4826 Ὅρα
1613 4751 1774 4825 μεγί-

219 4877 332 4930 στην
356 4862 723 4934 παράκλησιν,
754 4858 836 4912 ὅτι
856 4855 959 4909 οὐκ
987 4850 1296 4922 ἀνθρώποις
1322 4845 1604 4917 ποιοῦμεν,
1635 4843 1774 4898 ἀλλὰ

217 4949 346 5023 Θεῷ⁸
379 4953 452 5017 ὡς
484 4952 583 5007 καὶ
619 4953 649 5005 ὁ
677 4948 914 5020 Χριστὸς
967 4946 1026 4999 ὲν
1076 4942 1155 5014 τῷ
1208 4938 1562 5010 Εὑαγγελίῳο
1605 4934 1764 5004 Ἐμοί

219 5043 544 5113 ἐποιήσατε,
572 5042 762 5116 φησίν.
809 5040 868 5095 '0
923 5037 1034 5110 γὰρ
1063 5035 1151 5090 διὰ
1202 5035 1264 5088 τὸ
1319 5031 1491 5102 ὄνομα
1511 5029 1606 5084 τοῦ
1629 5025 1766 5080 Θεοῦ

220 5137 448 5206 maelii»;
491 5137 585 5192 τὸν
640 5134 827 5189 ἄδικον
846 5130 915 5196 ⁸⁸,
942 5129 1020 5200 τῷ
1063 5125 1181 5197 Θεῷ
1220 5123 1380 5180 τοῦτο
1425 5125 1592 5178 ποιεῖ.
1634 5118 1766 5186 Τοῖς

220 5227 390 5298 ἁγίοις
418 5229 496 5296 δὲ,
534 5225 808 5291 τουτέστι,
845 5224 961 5287 τοῖς
1011 5219 1244 5282 πιστοῖς.
1277 5217 1391 5280 Πᾶς
1418 5213 1526 5285 γὰρ
1567 5211 1770 5274 πιστὸς

222 5319 393 5390 ἅγιος,
440 5323 540 5377 κᾶν
589 5318 854 5392 κοσμικδς
880 5313 1285 5391 ᾖ.⁹Ηγίασται
1335 5309 1468 5380 γὰρ,
1507 5305 1700 5377 φησὶν,
1738 5306 1772 5358 ό

220 5411 356 5481 ἀνὴρ
388 5418 419 5469 ὀ
453 5415 706 5481 ἄπιστος
755 5411 828 5467 ἐν
875 5407 951 5479 τῇ
992 5403 1253 5477 γυναικί,
1287 5401 1387 5459 καί
1421 5398 1700 5470 ἡγίασται
1724 5395 1764 5464 ἡ

1874 4476 2183 4532 alacritate.
2215 4473 2529 4528 Ministrare
2575 4484 2812 4539 namque
2860 4465 3307 4538 promptitudinis
3356 4472 3442 4519 est

1870 4563 2162 4620 indicium.
2220 4561 2325 4618 Per
2385 4560 2733 4616 dilectionem
2793 4568 2975 4612 autem
3035 4557 3440 4626 eleemosynam

1871 4656 2144 4728 intelligit,
2179 4670 2344 4726 quam
2391 4653 2792 4724 impertieruut,
2821 4665 2927 4705 non
2979 4650 3034 4704 in
3092 4647 3316 4708 fratres.
3345 4649 3440 4702 sed

1872 4752 1928 4808 in
1967 4765 2164 4807 nomen
2188 4748 2306 4804 Dei.
2369 4746 2760 4807 Animadverte
2790 4743 3084 4799 maximam
3111 4738 3441 4795 consolatio-

1873 4857 2020 4908 nem,
2054 4840 2199 4912 quod
2239 4855 2347 4896 non
2374 4835 2709 4902 hominibus,
2739 4833 2835 4890 sed
2867 4831 2980 4888 Deo
3035 4830 3269 4886 iacimus
3301 4828 3441 4885 elec-

1874 4949 2197 5006 mosyuam.
2267 4929 2496 5002 perinde
2551 4942 2616 4983 ac
2687 4925 2944 4982 Christus
3009 4922 3065 4976 in
3146 4921 3442 4990 Evangelio

1867 5026 2082 5096 inquit:
2115 5023 2252 5079 Milli
2283 5022 2505 5093 fecistis.
2539 5021 2644 5087 Qui
2670 5019 2818 5073 enim
2839 5022 3061 5086 propter
3094 5026 3292 5067 nomen
3349 5009 3439 5064 Dei

1871 5117 2079 5186 injusto
2108 5113 2402 5185 prospicit,
2436 5109 2550 5164 Deo
2584 5108 2731 5164 istud
2757 5106 2906 5160 facit.
2939 5101 3174 5164 Sanctis,
3209 5099 3312 5152 hoc
3333 5105 3438 5186 est,

1873 5185 2150 5260 ﬁdelibus.
2182 5201 2374 5258 Omnis
2398 5201 2544 5255 enim
2582 5195 2759 5253 ﬁdelis
2793 5201 3021 5250 sanctus
3075 5196 3184 5250 est,
3219 5185 3441 5240 etiamsi

1873 5297 1929 5352 in
1962 5295 2172 5351 mundo
2221 5293 2413 5348 fuerit.
2450 5287 2832 5358 Sanctiﬁcatus
2886 5295 2965 5337 est
3019 5281 3180 5342 enim,
3240 5278 3440 5347 inquit,

1873 5391 1954 5445 vir
1987 5387 2222 5459 inﬁdelis
2259 5387 2314 5441 in
2346 5399 2531 5448 uxore,
2559 5390 2611 5434 et
2641 5377 2977 5447 sanctiﬁcata
3025 5380 3100 5428 est
3133 5385 3271 5426 uxor
3313 5367 3440 5443 inﬁ-

1511 5574 1708 5636 ναι-ξω
1736 5570 2067 5636 lectiones.

285 5716 323 5748 ⁸⁷
347 5717 680 5772 κατακαῦσαι
716 5731 794 5769 m.
868 5712 913 5744 ⁸⁸
948 5707 1176 5778 ἀδελφόν
1211 5721 1286 5763 ιη.
