3918 6604
421 317 527 380 263

1377 313 1958 375 THEOPIIYLACTI
1992 313 2405 375 BUI.GARUE
2437 312 2774 374 ARCHIEP

3574 311 3701 373 264

424 445 597 490 ιοίιιιιι
631 431 734 487 hoc
776 447 883 487 non
921 430 1187 497 ell'ecerit,
1229 433 1323 487 sed
1359 434 1524 487 etiam
1583 431 1991 501 longanimitas.

2102 447 2188 482 ται
2220 431 2253 500 ἡ
2290 427 2595 497 ἐπαγγελία
2624 427 2692 480 δι’
2719 425 3071 496 ὀλιγοψυχίας
3095 426 3163 479 ’³.
3201 425 3313 478 Καὶ
3371 423 3533 478 τοῦτο
3567 441 3706 479 συν·

425 526 522 578 Ilic
557 533 738 577 autem
773 523 936 577 etiam
976 529 1142 578 terret
1193 538 1309 587 eos,
1351 538 1414 576 ex
1469 523 1751 578 contrario
1782 522 1996 593 signiﬁ-

421 633 556 672 cans
588 616 1010 686 promissionem
1039 614 1290 668 abscindi
1323 629 1420 683 per
1467 614 1996 684 pusillanimitatem.

420 709 598 777 Atque
631 708 734 761 hoc
761 706 986 776 contigit
1021 705 1219 775 popqu
1252 704 1381 758 olim
1409 704 1464 758 in
1517 704 1760 768 deserto,
1791 704 1883 773 qui
1940 703 1994 756 in

423 799 928 871 pusillanitnitatein
962 797 1120 866 lapsi,
1145 796 1292 850 nulla
1330 797 1545 850 ratione
1593 807 1724 850 sunt
1758 795 1994 849 assecuti

422 891 868 960 promissionem.
908 887 1062 942 Dicat
1115 888 1281 959 igitur
1334 889 1648 958 quispiam:
1710 886 1996 954 Quomodo

422 992 602 1057 autem
667 981 843 1036 sancti
899 979 1120 1035 etiamsi
1179 981 1521 1051 longanlmes
1576 979 1833 1045 luerunt,
1885 995 1994 1033 non

2111 519 2211 584 έὸη
2246 518 2322 588 τῷ
2358 533 2415 570 εν
2443 520 2510 588 τῇ
2557 518 2748 587 ἐρήμῳ
2796 516 2966 569 πάλαι
3002 514 3137 586 λαῷ,
3171 515 3221 569 οἳ
3260 513 3706 584 ὀλιγοψυχήσαν·

2105 627 2198 673 τες
2227 611 2326 663 οὐκ
2357 609 2550 678 ἔτυχον
2582 609 2683 680 τῆς
2715 607 3052 676 ἐπαγγελίας
3100 607 3258 670 ὅλως.
3311 606 3470 660 Εἴποι
3497 601 3594 658 οὖν
3632 605 3705 658 ἄν

2106 719 2207 767 τιςο
2271 703 2380 758 Kai
2410 704 2525 766 πῶς
2549 704 2599 756 οἱ
2632 702 2779 770 ᾰγιοι
2812 701 2990 756 καίτοι
3043 701 3568 773 μακροθυμήσαντες
3593 698 3706 752 οὐκ

2105 796 2317 866 ἔτυχον,
2372 795 2448 858 ὡς
2505 798 2640 867 πρὸς
2673 794 2751 866 τῷ
2785 794 2927 848 τέλει
2961 794 3157 867 φησίνς
3200 792 3361 847 ’Λλλά
3407 791 3702 857 τεύξονται

2106 888 2347 949 πάντως.
2384 888 2446 940 Οἱ
2479 886 2537 939 δὲ
2583 885 2678 940 τοῦ
2713 884 2845 939 λαοῦ
2896 882 3262 956 γογγυσταίἰ
3312 883 3440 938 οὔτε
3476 883 3701 954 ἔτυχον,

2103 978 2226 1032 οὔτε
2257 977 2556 1042 τεύξονται.
3431 967 3434 971 ’

421 1089 600 1132 tamen
633 1086 762 1134 sunt
789 1077 1054 1142 assecuti,
1083 1085 1142 1130 ut
1183 1078 1285 1130 sub
1321 1076 1576 1147 Epistula:
1615 1076 1776 1130 linem
1809 1074 1982 1130 dicit?
2040 1077 2110 1128 At
2149 1088 2278 1129 vero
2326 1083 2691 1144 assequentur
2717 1074 2885 1147 689
2917 1073 3165 1140 omnino,
3218 1087 3408 1128 verum
3469 1069 3569 1142 qui
3629 1083 3706 1124 ex

421 1172 618 1240 populo
644 1177 1084 1232 murmurarunt,
1108 1184 1284 1236 neque
1323 1168 1564 1223 assecuti
1623 1175 1773 1233 sunt,
1813 1183 1988 1237 neque
2010 1178 2393 1238 assequentur.

495 1264 659 1319 Vens.
698 1264 785 1317 l6.
832 1263 1086 1318 "omines
1128 1264 1267 1316 enim
1305 1279 1397 1332 per
1428 1264 1681 1333 majorem
1711 1263 1916 1329 iurant,
1949 1275 1991 1316 et

2176 1265 2501 1330 ¹Ἄνθρωποι
2527 1264 2646 1334 μὲν
2678 1281 2791 1332 τηρ
2820 1262 2972 1316 κατὰ
2999 1263 3106 1317 τοῦ
3132 1260 3403 1334 μείζονος
3436 1259 3708 1330 ὀμνύου-

420 1359 591 1412 omnis
621 1357 990 1410 controversiis
1017 1357 1146 1425 ipsis
1176 1356 1301 1424 ﬁnis
1330 1365 1405 1409 est
1434 1355 1502 1408 ad
1532 1355 1991 1424 conﬁrmationem

2102 1373 2184 1422 σι,
2217 1356 2315 1410 καὶ
2348 1357 2552 1424 πάσης
2597 1357 2804 1422 αὐτοῖς
2836 1357 3185 1427 ἀντιλογίας
3231 1355 3418 1425 πέρας
3461 1356 3552 1419 εις
3581 1354 3706 1418 βε-

422 1453 802 1514 iuramentum.
862 1449 975 1504 lloc
1028 1457 1114 1506 est
1167 1465 1262 1520 per
1324 1450 1700 1520 juramentum
1765 1448 1991 1504 solvitur

2105 1453 2356 1507 σαίωσιν
2390 1452 2588 1522 ὅρκος.
2647 1453 2966 1519 Τουτέστιν,
3015 1453 3079 1505 ὲκ
3129 1451 3226 1505 τοῦ
3278 1451 3444 1521 ὅρκου
3505 1448 3707 1502 λύεται

420 1545 600 1598 omnis
637 1542 1012 1598 contentionis
1054 1541 1454 1596 controversia.
1492 1540 1699 1595 Etenim
1738 1539 1991 1595 dicuntur

2109 1543 2291 1614 πάσης
2325 1541 2636 1610 ἀντιλογίας
2675 1540 3114 1612 ἀμφισϐήτησις.
3157 1539 3266 1593 Καὶ
3294 1539 3405 1606 γὰρ
3440 1535 3705 1602 λέγονται

418 1635 641 1704 quidem
707 1633 900 1700 multa,
952 1641 1005 1688 et
1059 1631 1518 1687 contradicuntur
1570 1630 1853 1702 utrinque,
1900 1631 1991 1685 sed

2112 1635 2211 1706 μὲν
2240 1635 2436 1703 πολλὰ,
2467 1634 2562 1688 καὶ
2595 1634 2974 1703 ἀντιλέγονται
3010 1631 3069 1698 ἐξ
3098 1631 3360 1702 ἐκατέρου
3398 1629 3632 1701 μέρους,
3674 1627 3706 1678 ὀ

418 1727 564 1778 enim
623 1724 1008 1794 jnsjuramlnm
1061 1732 1341 1794 postremo
1388 1722 1679 1790 accedens,
1715 1737 1779 1778 ac
1823 1721 1991 1778 stabi-

2106 1727 2163 1780 δὲ
2195 1727 2356 1798 ὅρκος
2379 1726 2660 1791 τελευταῖς
2689 1724 2948 1780 ἱπεισιὼν
2988 1725 3082 1778 καὶ
3129 1721 3383 1795 βεόαιῶν,
3415 1719 3489 1774 τὰ
3518 1717 3706 1791 ἀμφι-

420 1817 583 1882 liens,
616 1789 815 1870 cuneta
843 1816 1009 1870 dubia
1045 1789 1228 1871 solvit.
1666 1789 1672 1790 ί

2106 1819 2236 1871 σολα
2267 1818 2384 1872 λύει
2412 1818 2610 1874 πάντα.

489 1905 658 1962 Vens.
688 1908 773 1961 17.
810 1906 874 1961 In
904 1923 1004 1977 quo
1036 1905 1396 1960 abundantius
1440 1905 1617 1959 volens
1649 1903 1786 1958 Deus
1819 1912 1991 1957 osten-

2180 1912 2287 1965 ιἘν
2304 1903 2353 1978 ᾦ
2374 1905 2810 1980 περισσότερον
2830 1910 3215 1981 βουλόμενος
3246 1909 3279 1963 d
3304 1906 3450 1973 Θεὸς
3473 1903 3706 1960 ἐπιδεί-

416 1998 540 2053 dere
565 2000 973 2069 pollicitationis
1004 1999 1302 2055 heredibus
1339 1997 1765 2052 immobilitatem
1790 1995 1991 2051 consilii

2106 2002 2326 2069 ξασθαι
2390 2004 2518 2070 τοῖς
2576 2003 2979 2071 κληρονόμοις
3037 1999 3150 2069 τῆς
3206 1999 3578 2069 ἐπαγγελίας
3630 1995 3703 2048 τὸ

419 2093 526 2157 sui,
561 2091 872 2162 juramento
899 2092 1179 2146 stabilivit.
1215 2091 1328 2146 Hoc
1362 2099 1466 2158 est,
1507 2097 1796 2161 propterea
1829 2088 1998 2160 quod,

416 2186 860 2256 quandoquidem
894 2186 967 2239 ita
1007 2200 1066 2240 se
1091 2199 1180 2240 res
1202 2183 1389 2250 habet,
1423 2192 1484 2238 ut
1510 2181 1998 2252 ltominibusjnra-

417 2287 661 2333 mentum
705 2293 923 2332 omnem
957 2276 1116 2332 tidem
1163 2275 1376 2342 aﬂ‘erat,
1408 2275 1478 2331 ob
1522 2290 1642 2330 eam
1688 2289 1802 2329 rem
1859 2275 2002 2329 Deus

420 2373 584 2426 etiam
616 2372 784 2441 jurat.
815 2369 932 2436 Vel,
962 2373 1016 2424 in
1045 2387 1171 2441 quo,
1205 2370 1308 2426 hoc
1353 2378 1460 2433 est,
1491 2370 1623 2440 quia
1655 2367 1862 2438 juravit
1905 2383 2001 2437 per

419 2463 661 2533 seipsum
682 2461 844 2526 Dens,
863 2477 929 2517 ex
962 2461 1265 2516 abundanti
1294 2461 1624 2516 monstravit
1647 2459 1830 2525 nobis,
1853 2457 1999 2529 (μιοά

414 2554 642 2606 omnino
663 2563 719 2608 et
751 2553 1268 2623 impermntabililer
1299 2553 1546 2608 facturus
1580 2553 1653 2606 sit
1676 2567 1798 2621 qua:
1840 2551 1999 2608 nobis

412 2644 750 2714 promiserit.
789 2644 922 2699 Nam
959 2644 1070 2699 Deo
1123 2644 1291 2698 etiam
1329 2645 1450 2698 sine
1492 2643 1812 2712 juramento
1861 2644 1997 2698 lides

412 2736 721 2791 adhibenda
753 2744 895 2799 erat,
929 2749 1156 2807 propter
1201 2752 1303 2792 nos
1331 2745 1513 2790 tamen
1563 2736 1803 2791 demittit
1852 2749 1995 2802 sese,

411 2843 514 2882 nec
541 2844 695 2884 suam
714 2829 1033 2899 dignitatem
1067 2829 1498 2899 contemplatur,
1529 2845 1717 2884 verum
1751 2835 1810 2883 ut
1835 2829 1997 2883 nobis

411 2919 762 2988 persuadeat,
800 2919 1027 2991 indigna
1063 2921 1226 2976 etiam
1265 2921 1334 2975 de
1385 2922 1566 2991 seipso
1617 2920 1726 2975 dici
1767 2919 1993 2990 patitur.

410 3010 523 3064 Nos
549 3009 696 3064 enim
737 3009 927 3065 lldeles
958 3011 1344 3080 promissionis
1380 3026 1573 3065 sumus
1601 3009 1872 3073 haeredes,
1897 3008 1991 3078 qui

2106 2093 2470 2164 ἀμετάθετον
2522 2093 2633 2160 τῆς
2682 2091 2924 2161 βουλῆς
2984 2091 3212 2156 αὑτοῦ,
3265 2087 3637 2142 ἐϐεϐαίωσεν
3653 2085 3704 2116 ⁸³

2105 2185 2280 2254 ὅρκῳ.
2317 2187 2604 2251 Τουτέστι,
2632 2185 2736 2249 διὸ,
2771 2183 2967 2255 ἐπειδὴ
3011 2182 3106 2236 καὶ
3155 2183 3270 2245 τοῖς
3317 2177 3638 2246 ἀνθρώποις
3671 2177 3703 2228 ὁ

2103 2279 2266 2349 ὅρκος
2306 2280 2492 2332 πᾶσαν
2541 2278 2726 2331 πίστιν
2755 2275 3028 2346 ἐπιφέρει,
3077 2273 3164 2327 διὰ
3193 2271 3352 2326 τοῦτο
3383 2270 3482 2325 καὶ
3507 2272 3538 2323 ὁ
3563 2268 3702 2330 Θεὸς

2102 2372 2352 2441 ὄμνυσιν.
2387 2372 2481 2432 “ll,
2515 2371 2584 2423 ἐν
2613 2364 2674 2437 ᾧ,
2711 2368 2832 2422 ἀντὶ
2865 2367 2981 2432 τοῦ,
3033 2367 3091 2421 ὲν
3131 2365 3210 2436 τῷ
3255 2364 3479 2443 ὀμόσαι,
3535 2362 3697 2432 φησῖν

2102 2463 2228 2517 καθ’
2262 2463 2457 2516 ἑαυτοῦ
2482 2465 2509 2516 ὁ
2535 2463 2695 2526 Θεὸς,
2729 2464 2794 2516 ἐκ
2840 2461 3160 2530 περιουσίας
3182 2455 3386 2520 ἔδειξεν
3419 2455 3583 2525 ἡμῖν,
3613 2453 3700 2506 ὅτι

2104 2556 2324 2620 πάντως
2375 2556 2468 2608 καὶ
2517 2554 2872 2625 ἀμεταθέτως
2918 2554 3138 2620 ποιήσει
3190 2550 3226 2604 ἃ
3287 2546 3693 2616 ἐπηγγείλατο.

2108 2648 2257 2702 Ἔδει
2319 2649 2420 2719 μὲν
2471 2649 2580 2718 γὰρ
2621 2648 2714 2702 καὶ
2768 2649 2938 2718 χωρὶς
2981 2647 3148 2717 ὅρκου
3199 2639 3563 2696 πιστεύεσθαι
3600 2638 3698 2690 τὸν

2101 2739 2257 2805 Θεὸν,
2317 2740 2433 2793 ἀλλ’
2487 2741 2638 2808 ὅμως
2686 2739 2755 2791 δι’
2793 2738 2941 2808 ἡμᾶς
2997 2734 3340 2804 συγκάτεισι,
3370 2731 3465 2784 καὶ
3504 2729 3567 2781 ού
3595 2730 3698 2793 ritu

2100 2831 2266 2886 αὑτοῦ
2306 2831 2464 2897 ἀξίαν
2492 2833 2706 2894 σκοπεῖ,
2736 2828 2851 2882 ἀλλ’
2873 2830 3021 2891 ὅπως
3065 2826 3216 2895 ἡμᾶς
3266 2822 3457 2894 πείσῃ,
3493 2817 3694 2882 ἀνάξια

2102 2924 2232 2995 περὶ
2278 2923 2443 2977 αὑτοῦ
2473 2922 2726 2992 ἀνέχεται
2749 2919 3024 2989 λέγεσθαι.
3075 2916 3135 2970 ’11
3146 2915 3266 2986 μεῖς
3285 2911 3396 2984 γὰρ
3422 2912 3472 2964 οἱ
3505 2906 3696 2962 πιστοὶ

2101 3021 2200 3088 τῆς
2251 3015 2588 3085 ἐπαγγελίας
2637 3013 2808 3084 ἐσμὲν
2857 3009 3209 3082 κληρονόμοι,
3237 3007 3287 3059 οι
3315 3007 3375 3058 ἐν
3414 3001 3496 3072 τῷ
3519 3001 3695 3071 σπέρ-

412 3099 467 3154 in
504 3099 719 3155 semine
748 3099 887 3170 ejus,
913 3101 1004 3171 qui
1038 3101 1297 3158 Christus
1328 3113 1434 3169 est,
1466 3101 1744 3156 benedicti
1775 3115 1990 3157 sumus.

2105 3126 2233 3180 ματι
2261 3107 2448 3172 αὑτοῦ,
2510 3107 2569 3170 ὃς
2607 3105 2726 3158 ἐστι
2782 3101 3040 3174 Χριστὸς,
3095 3097 3511 3198 εὐλογηθένῖες.
3546 3092 3693 3163 Ὅρα

409 3189 800 3246 Animadverte
823 3202 1004 3247 autem
1028 3193 1304 3263 quomodo
1331 3195 1497 3249 etiam
1541 3203 1654 3248 tum
1686 3192 1882 3248 Filium
1909 3192 1993 3248 di-

409 3287 499 3335 cat
558 3281 914 3338 mediatorem
961 3282 1058 3339 Dei
1117 3294 1170 3342 et
1231 3285 1514 3341 hominum
1574 3285 1745 3342 fuisse
1811 3302 1826 3341 :
1897 3302 1993 3357 per

411 3375 590 3441 ipsum
639 3375 788 3429 enim
850 3383 1109 3448 tanquam
1177 3377 1415 3435 Verbum
1470 3379 1680 3448 juravit
1740 3377 1885 3436 Deus
1939 3389 1993 3434 et

411 3466 595 3521 Pater.

484 3556 650 3612 Vens.
685 3557 772 3612 18.
812 3557 879 3612 Ut
909 3575 1002 3630 per
1054 3560 1188 3613 duas
1222 3576 1304 3614 res
1356 3559 1672 3626 immobiles,
1710 3561 1764 3614 in
1803 3561 1991 3631 quibus

409 3649 736 3717 impossibile
787 3653 1000 3705 mentiri
1057 3651 1244 3706 Deum.
1281 3652 1484 3717 Quales
1527 3663 1583 3706 et
1639 3653 1994 3723 cujusmodi?

407 3737 564 3807 Quod
593 3743 916 3812 simpliciter
945 3743 1149 3797 diceret
1197 3758 1261 3797 ac
1297 3744 1659 3813 promitteret,
1697 3753 1810 3798 tum
1846 3745 1989 3814 quod

404 3829 790 3900 jusjurandum
811 3834 1167 3904 promissioni
1188 3844 1508 3903 apponeret.
1534 3834 1807 3901 Quoniam
1843 3838 1988 3890 enim

408 3922 553 3992 apud
581 3925 836 3979 homines
886 3926 990 3980 hoc
1030 3925 1251 3980 videtur
1291 3941 1416 3981 esse
1449 3927 1685 3992 ﬁrmius,
1707 3926 1992 3996 jusjuran-

408 4013 541 4067 dum
582 4015 862 4080 videlicet,
910 4025 1199 4086 propterea
1250 4019 1369 4087 ipse
1421 4018 1552 4072 illud
1604 4021 1879 4088 apposuit.
1925 4020 1992 4075 In

407 4105 758 4173 quibus,pro,
782 4121 847 4160 ex
879 4107 1081 4176 quibus
1111 4108 1198 4164 his
1217 4107 1434 4163 duabus
1465 4109 1653 4176 rebus,
1681 4113 1989 4168 certissima

411 4195 828 4252 demonstratur
856 4199 1170 4267 promissio,
1198 4215 1263 4255 ac
1290 4200 1637 4271 impossibile
1665 4212 1750 4259 est
1770 4208 1986 4262 mentiri
2036 4263 2039 4266 _

412 4285 605 4342 Deum.
641 4287 1117 4352 Quemadmodum
1169 4291 1336 4362 igitur
1363 4291 1570 4362 juravit
1600 4306 1824 4365 propter
1863 4311 1987 4362 nos,

411 4379 519 4434 etsi
565 4379 850 4451 indignum
909 4391 1029 4436 erat
1066 4383 1187 4453 ipso
1210 4383 1422 4452 jurare,
1467 4386 1539 4440 ita
1580 4387 1746 4454 istud,
1801 4388 1987 4444 didicit

2100 3201 2218 3263 πῶς
2245 3201 2341 3254 καὶ
2378 3201 2498 3252 τότε
2539 3197 2690 3266 λέγει
2723 3195 2815 3249 τὸν
2846 3193 2976 3247 Υἱδν
3026 3191 3255 3262 μεσίτην
3295 3186 3435 3242 Θεοῦ
3471 3187 3568 3239 καὶ
3597 3187 3690 3238 ἀν-

2095 3292 2331 3362 Θρωπων
2362 3289 2666 3361 γεγονέναι.
2697 3288 2776 3342 Δι’
2807 3283 2974 3340 αὑτοῦ
3009 3285 3118 3356 γὰρ
3146 3282 3221 3346 ὡς
3253 3281 3431 3352 Λόγου
3466 3278 3689 3350 ὤμνυεν

2092 3387 2121 3438 ό
2151 3383 2287 3447 Θεὸς
2318 3383 2412 3436 καὶ
2443 3381 2655 3453 Πατήρ.

2169 3564 2304 3618 Ἵνα
2349 3561 2448 3616 διὰ
2500 3562 2611 3616 δύο
2663 3559 3024 3632 πραγμάτων
3055 3557 3458 3628 ἀμεταθέτων,
3485 3554 3558 3609 ἐν
3595 3547 3688 3619 οῖς

2093 3655 2398 3710 ἀδύνατον
2440 3655 2785 3722 ψεύσασθαι
2831 3653 2999 3708 Θεόν.
3036 3653 3198 3705 Ποίου
3229 3652 3324 3704 καὶ
3361 3647 3686 3715 ποίουςτοῦ

2092 3764 2151 3799 τε
2179 3745 2364 3809 ἁπλῶς
2387 3747 2560 3799 εἰπεῖν
2587 3747 2680 3801 καὶ
2699 3746 3054 3816 ὑποσχέσθαι,
3080 3745 3175 3798 καὶ
3204 3742 3295 3796 τοῦ
3323 3743 3492 3813 ὅρκον
3523 3757 3686 3810 προσ-

2094 3837 2268 3890 θεῖναι
2327 3840 2396 3907 τῇ
2437 3838 2750 3908 ὑποσχέσει.
2782 3837 3004 3908 Ἐπειδὴ
3042 3835 3154 3906 γὰρ
3187 3833 3340 3905 παρά
3370 3831 3687 3903 ἀνθρώποις

2091 3929 2250 3983 τοῦτο
2279 3929 2432 3983 δοκεῖ
2465 3929 2808 4000 πιστότερον,
2833 3929 2894 3982 τὸ
2924 3929 3020 3982 τοῦ
3053 3929 3245 3998 ὅρκου,
3268 3925 3358 3980 διὰ
3398 3925 3562 3979 τοῦτο
3589 3923 3684 3978 καὶ

2092 4021 2256 4084 αὐτὸς
2295 4019 2454 4074 τοῦτο
2487 4021 2852 4092 προσέθηκεν.
2910 4022 3014 4074 Ἔν
3044 4015 3157 4085 οῖς,
3190 4019 3312 4075 ἀντὶ
3347 4018 3467 4081 τού,
3503 4017 3564 4082 ἐξ
3588 4009 3682 4077 ὧν,

2090 4112 2300 4165 τούτων
2328 4110 2440 4163 τῶν
2471 4110 2586 4177 δύο,
2622 4109 2921 4180 πιστοτάτη
2950 4109 3227 4162 δείκνυται
3265 4109 3298 4178 ἡ
3350 4107 3680 4176 ἐπαγγελία,

2091 4203 2188 4256 καὶ
2214 4201 2480 4255 ἀδύνατον
2507 4200 2809 4270 ψεύσασθαι
2831 4201 2922 4254 τὸν
2949 4199 3322 4270 6εόν.⁸⁸Ωσπερ
3343 4195 3439 4252 οὖν
3458 4196 3681 4268 ὢμνυσε

2089 4295 2158 4350 δι’
2196 4294 2369 4365 ἡμᾶς,
2401 4292 2580 4346 καίτοι
2607 4293 2828 4359 ἀνάξιον
2851 4291 3014 4346 αὐτοῦ
3041 4291 3104 4344 τὸ
3128 4290 3383 4363 ὀμνύναι,
3413 4289 3563 4342 οὕτω
3591 4289 3683 4342 καὶ

2089 4383 2172 4448 τὸ,
2209 4385 2432 4453 ἔμαθεν
2461 4383 2530 4448 ἐξ
2557 4375 2645 4436 ὧν
2669 4384 2873 4447 ἔπαθε,
2908 4383 3038 4439 νόει.
3068 4382 3179 4435 Kat
3229 4383 3339 4452 γὰρ
3376 4383 3428 4434 ot
3469 4380 3680 4452 ἀνορω-

410 4485 479 4526 ca:
508 4471 699 4540 quibus
723 4489 915 4542 passus
949 4485 1049 4541 est,
1080 4475 1342 4547 intelligo.
1377 4476 1594 4533 Etenim
1647 4481 1900 4538 homines
1931 4482 1986 4538 id

2102 4492 2186 4528 ποι
2225 4474 2386 4527 τοῦτο
2437 4476 2749 4546 νομίζουσιν
2799 4474 3270 4545 ἀξιοπιστότερον,
3323 4472 3387 4527 τὸ
3436 4473 3530 4527 διὰ
3585 4473 3678 4542 τῆς

409 4563 732 4618 existimant
764 4579 887 4620 esse
925 4565 1244 4623 credibilius
1277 4577 1332 4624 et
1375 4569 1603 4636 certius,
1629 4571 1776 4641 quod
1817 4587 1987 4642 expe-

411 4653 608 4708 rientia
637 4658 1049 4727 comprobatum
1083 4667 1190 4714 est.

480 4743 856 4801 Fortissimum
885 4748 1138 4803 solatium
1169 4749 1480 4817 habeamus,
1527 4752 1620 4820 qui
1651 4752 1985 4821 confugimus

408 4837 480 4891 ad
531 4839 808 4893 tenendam
854 4842 1178 4909 propositam
1224 4857 1385 4911 spem.
1413 4843 1529 4898 Hoc
1589 4851 1696 4902 est.
1729 4858 1982 4912 magnam

407 4930 840 4986 admonitionem
868 4941 922 4986 et
944 4933 1410 4989 adhortationem.
1465 4932 1583 4987 Non
1632 4934 1778 4988 enim
1812 4937 1987 5005 magis

407 5030 630 5092 propter
665 5022 1061 5091 Ahrahamum,
1091 5041 1256 5096 quam
1281 5035 1506 5096 prepter
1527 5040 1627 5080 nos
1657 5025 1761 5080 hoc
1780 5025 1986 5082 dictum

405 5121 512 5175 est,
548 5112 640 5180 qui
675 5113 1022 5183 confugimus
1055 5114 1125 5169 ad
1161 5130 1310 5181 eum,
1352 5117 1456 5170 hoc
1483 5124 1590 5180 est,
1620 5115 1983 5186 speravimus.

406 5200 680 5264 Quorsum
722 5209 903 5256 autem
949 5203 1218 5258 habemus
1257 5205 1740 5259 adhortationem?
1769 5204 1838 5258 ad
1879 5205 1984 5260 hoc

407 5300 468 5346 ttt
496 5300 785 5348 teneamus
817 5296 1156 5364 propositam
1181 5311 1360 5366 spem,
1382 5296 1485 5350 hoc
1521 5303 1627 5362 cst,
1675 5306 1735 5352 ut
1773 5298 1842 5352 ab
1877 5298 1984 5352 illis

404 5395 529 5450 quae
553 5393 684 5436 sunt
716 5382 1037 5439 Abrahamo
1060 5385 1208 5448 data,
1244 5383 1314 5438 de
1344 5385 1414 5440 iis
1442 5385 1607 5439 etiam
1639 5401 1763 5456 qua:
1790 5387 1857 5441 ad
1882 5402 1985 5444 nos

405 5476 681 5544 pertinent
706 5476 970 5533 certiores
990 5476 1306 5542 reddamur,
1341 5491 1517 5547 neque
1544 5479 1841 5550 quidquam
1872 5496 1983 5536 am-

2095 4565 2292 4635 πείρας
2317 4565 2513 4620 ἐλθεῖν.

2178 4749 2466 4819 Ἰσχυρὰν
2481 4749 2870 4819 παράκλησιν
2885 4751 3138 4820 ἔχωμεν,
3154 4753 3212 4805 οἱ
3225 4751 3672 4821 καταφυγόντες

2092 4841 2386 4910 κρατῆσαι
2415 4843 2813 4912 προκειμένης
2857 4843 3129 4911 ἐλπίδος.
3159 4844 3449 4910 Τουτέστι,
3483 4845 3677 4913 παραί-

2093 4955 2241 4992 νεσιν
2288 4938 2530 5009 μεγάλην
2581 4941 2675 4992 καὶ
2723 4942 3065 5015 προτροπὴν.
3094 4943 3170 4995 Ού
3202 4943 3406 5015 μᾶλλον
3455 4945 3570 5015 γὰρ
3594 4944 3676 4996 διὰ

2095 5029 2188 5083 τὸν
2225 5030 2497 5102 Ἀϐραὰμ,
2524 5034 2557 5102 ἢ
2585 5033 2654 5085 δι’
2681 5033 2830 5102 ἡμᾶς
2881 5033 3042 5088 τοῦτο
3075 5035 3315 5107 εἴρηται,
3347 5037 3480 5101 τοὺς
3511 5054 3669 5090 κατα-

2096 5121 2370 5191 φυγόντας
2417 5123 2507 5176 ὲπ’
2538 5124 2700 5177 αὑτὸν
2721 5125 2788 5191 ’⁸,
2821 5127 3120 5194 τουτέστιν,
3171 5127 3499 5198 ἠλπικότας.
3567 5125 3672 5179 Ποῦ

2093 5212 2151 5266 δὲ
2188 5211 2385 5284 ἔχομεν
2437 5214 2537 5284 τὴν
2591 5218 2940 5288 προτροπήν;
2988 5219 3084 5284 El;
3119 5221 3180 5274 τὸ
3227 5220 3511 5292 κρατῆσαι
3580 5223 3672 5287 τῆς

2089 5306 2461 5377 προκειμένης
2509 5306 2760 5370 ἐλπίδος’
2813 5311 3116 5378 τουτέστιν,
3171 5313 3260 5368 ἵνα
3296 5313 3398 5367 ἀπ’
3450 5313 3672 5367 ἐκείνων

2095 5395 2203 5449 τῶν
2232 5395 2312 5465 τῷ
2356 5395 2608 5468 Ἀϐραὰμ
2630 5397 2912 5466 δοθέντων,
2940 5403 3034 5456 καὶ
3063 5404 3192 5474 περῖ
3228 5403 3342 5459 τῶν
3374 5405 3501 5460 καθ’
3526 5407 3666 5477 ἡμᾶς

2091 5487 2619 5559 πληῳφορηθῶμεν,
2689 5491 2786 5546 καὶ
2841 5493 2918 5564 μὴ
2971 5493 3316 5568 διστάζωμεν
3380 5500 3514 5570 περὶ
3565 5499 3670 5552 τῶν

1755 5664 1956 5726 Varia;
1982 5663 2310 5729 lectiones.

481 5768 528 5800 9'
552 5768 845 5840 ὀλιγωρίας
883 5783 938 5823 o.
1015 5767 1062 5801 "
1092 5766 1447 5836 γογγύζοντες
1471 5780 1524 5822 o.
1603 5769 1646 5801 ’⁸
1678 5769 2031 5838 ἐμεσίτευσεν
2051 5785 2106 5827 ο.
2182 5773 2229 5805 ’⁸
2267 5772 2438 5845 αὐτὴν
2463 5790 2514 5828 ο.
