3918 6584
411 395 518 458 257

1346 393 1449 455 ἸἩ
1462 390 1932 452 EOPllYLACTl
1974 391 2068 451 BU
2082 390 2390 451 LGARIJB
2430 392 2636 453 ARCH
2650 393 2792 455 ιοΕρ.

3584 393 3697 458 263

413 507 635 570 solatio,
678 504 949 578 siquidem
1001 502 1253 560 Pontifex
1290 512 1477 560 noster
1498 512 1583 559 est
1624 504 1676 559 in
1718 504 1999 575 supernis,

2108 501 2322 575 κλησις,
2350 504 2467 573 εῖγε
2502 504 2616 559 ἅνω
2643 507 2672 559 6
2713 505 3036 578 ’Δρχιερείις
3067 504 3248 577 ἡμῶν,
3281 506 3375 561 καὶ
3409 505 3547 561 πολὺ
3581 508 3704 578 βελ-

414 615 479 656 ac
504 599 676 654 multo
718 598 1063 670 prtestantior
1110 598 1180 653 iis
1239 598 1333 669 qui
1379 610 1509 653 sunt
1558 596 1703 668 apud
1751 596 1994 654 Judaaos.

411 692 597 749 Primo
646 692 951 749 secundum
982 690 1239 747 modum:
1279 707 1386 745 non
1419 690 1562 746 enim
1602 691 1761 761 juxta
1793 706 1987 747 eorum

404 786 683 850 ordinem,
739 786 833 842 sed
906 783 1209 841 secundum
1267 782 1520 839 ordinem
1608 782 1996 841 Melchisedec.

413 878 619 936 Deinde
664 879 785 935 loco
819 887 876 934 et
912 878 1299 933 tabernaculo:
1333 891 1500 948 supra
1548 876 1697 932 enim
1732 876 1786 931 in
1842 877 1999 933 cmlis

412 983 530 1039 est;
568 983 777 1043 postea,
822 969 1216 1027 Testamento:
1277 969 1343 1025 de
1393 968 1721 1026 melioribus
1764 967 1912 1025 enim
1947 977 2000 1025 et

410 1064 809 1135 perlectoribus
843 1062 1037 1130 bonis;
1087 1062 1217 1117 item
1249 1061 1579 1119 duratione:
1629 1064 2000 1133 sempiternus

408 1157 577 1223 enim,
608 1162 662 1210 et
690 1169 800 1210 nou
841 1153 1238 1225 t‘emporar’ius.
1266 1148 1576 1217 Postremo,
1607 1154 1878 1224 persona:
1912 1152 2000 1211 Fi-

286 1254 291 1263 '
390 1246 518 1323 (lius
559 1244 708 1299 enim
751 1242 845 1299 Dei
884 1250 991 1299 cst.
1022 1238 1264 1297 Proinde
1310 1256 1380 1298 ne
1428 1242 1739 1313 langueatis
1787 1243 1996 1298 animo.

409 1336 537 1393 Haec
564 1346 746 1392 autem
780 1335 967 1392 omnia
1002 1343 1226 1407 prOpter
1250 1350 1471 1391 carnem
1504 1336 1648 1392 dicta
1702 1347 1873 1393 sunt:
1909 1352 1999 1395 se-

410 1430 654 1485 cundant
687 1428 835 1485 hanc
864 1430 1009 1485 enim
1044 1427 1223 1484 factos
1252 1435 1335 1484 est
1370 1425 1686 1501 Pontifex;

1005 1518 1239 1577 CAPUT
1282 1516 1396 1576 VII.

479 1616 650 1671 Vens.
688 1616 811 1671 1-3.
847 1612 951 1668 Hic
975 1614 1112 1669 enim
1143 1612 1511 1678 Melchisedec,
1542 1629 1635 1668 rea:
1672 1610 1876 1683 Satcm,
1906 1631 2000 1670 sa-

412 1708 595 1765 cerdos
629 1706 727 1764 Dei
749 1707 968 1772 summi,
999 1706 1089 1777 qui
1138 1706 1367 1761 obviavit
1419 1704 1650 1762 Abralue
1694 1724 1929 1778 regresso
1964 1725 1999 1763 a

410 1802 554 1857 caede
594 1816 797 1872 regum,
821 1808 871 1855 et
902 1800 1167 1855 benedixit
1195 1798 1262 1854 ei.
1293 1798 1394 1854 Cui
1426 1809 1476 1854 et
1501 1799 1734 1855 decimas
1763 1801 1997 1856 omnium

410 1896 593 1950 divisit
645 1893 938 1950 Abraham.
992 1891 1206 1965 Scopus
1250 1901 1335 1951 est
1396 1895 1667 1964 apostolo,
1713 1910 1999 1952 common-

411 2002 593 2045 strare
656 1989 955 2045 discrimen
1006 1986 1219 2045 Veteris
1282 1996 1335 2044 et
1384 1986 1521 2045 Novi
1592 1986 1931 2046 Testamenti
1980 2008 1997 2045 :

412 2093 576 2156 atque
613 2085 714 2140 hoc
747 2082 931 2139 statim
980 2081 1038 2138 in
1071 2082 1301 2139 exordio
1360 2081 1644 2151 indicavit,
1692 2097 1818 2139 cum
1854 2077 2002 2139 dicie-

398 2180 518 2243 ‘rct,
566 2176 820 2232 Patribus
864 2176 1075 2249 quidem
1111 2176 1319 2231 loeutus
1364 2186 1439 2232 est
1476 2176 1616 2233 Deus
1659 2193 1751 2245 per
1802 2193 1997 2244 servos,

412 2272 736 2340 praphetas:
773 2270 925 2325 nobis
957 2278 1154 2335 autem,
1183 2269 1279 2340 qui
1308 2284 1502 2326 sumus
1537 2270 1591 2325 in
1617 2267 1769 2326 Novo
1806 2269 2001 2326 Testa-

415 2369 623 2427 mento,
671 2359 879 2415 locutus
929 2368 1007 2415 est
1038 2374 1130 2429 per
1170 2357 1396 2414 Filium.
1431 2356 1573 2427 Quia
1622 2374 1755 2416 vero
1800 2360 2003 2416 inﬁrmi

413 2460 574 2506 erant
610 2451 916 2519 auditores,
940 2451 1146 2523 quippe
1174 2451 1268 2521 qui
1302 2452 1565 2523 languido
1593 2462 1784 2508 essent
1814 2453 2000 2508 animo

413 2541 472 2595 in
512 2540 937 2606 tentationibus,
966 2540 1188 2596 illorum
1222 2538 1741 2613 pusillanimitatem
1775 2542 1999 2596 interim

413 2631 763 2700 rel'ocillavit,
813 2641 869 2689 et
900 2631 1194 2703 deinceps,
1246 2648 1375 2688 cum
1442 2632 1660 2690 abunde
1715 2649 1810 2691 eos
1854 2632 2001 2690 refe-

413 2724 603 2790 cisset,
636 2738 831 2781 rursus
855 2723 925 2781 de
957 2725 1280 2783 excellentia
1329 2723 1467 2782 Novi
1502 2723 1859 2794 Testamenti,
1893 2741 2000 2797 qua

411 2815 583 2871 Vetus
607 2823 922 2888 exsuperat,
948 2816 1160 2873 inducit
1194 2832 1525 2874 sermonem.
1543 2816 1844 2875 Considera
1872 2833 2002 2876 vero

412 2905 537 2976 ejus
585 2907 934 2977 sapientiam.
973 2905 1231 2964 Ostendit
1282 2906 1670 2976 Melchisedec,
1727 2912 1822 2983 qui
1882 2918 2003 2966 erat

412 3003 578 3068 typus
629 2995 867 3065 Christi,
924 2997 1377 3054 excellentiorem
1432 2998 1748 3056 Abrahamo
1803 2999 1998 3057 fuisse.

411 3086 530 3143 Nisi
560 3088 709 3143 enim
735 3088 935 3145 fuisset
956 3090 1328 3158 prsestantior.
1364 3105 1476 3146 non
1511 3090 1889 3149 benedixisset
1925 3093 1997 3160 ei,

2100 591 2232 644 τίων
2262 594 2371 647 τῶν
2405 594 2556 666 παρὰ
2594 595 2891 658 Ἰουδαίοις.
2940 596 3052 650 Καὶ
3104 595 3182 667 τῷ
3215 596 3440 669 τρόπῳ·
3472 598 3536 652 οὐ
3591 601 3702 671 γὰρ

2101 684 2246 739 κατὰ
2274 684 2373 757 τὴν
2403 683 2558 751 τάξιν
2609 688 2861 753 ἐκείνων,
2897 687 3035 742 ἀλλὰ
3065 689 3211 743 κατᾶ
3243 689 3340 760 τὴν
3365 690 3521 758 τάξιν
3551 692 3703 745 Μελ-

2100 775 2343 848 χισεδέκ.
2381 778 2490 833 Καὶ
2513 778 2593 831 τῶ
2622 778 2774 850 τόπῳ
2824 779 2920 832 καί
2964 780 3032 851 τῇ
3067 782 3240 851 σκηνῇ
3262 796 3276 811 ⁶
3314 780 3428 835 ἄνω
3457 780 3573 853 γὰρ
3607 783 3705 837 καὶ

2101 870 2160 925 ὲν
2185 870 2264 943 τῷ
2294 870 2531 942 οὐρανῷ.
2567 871 2678 926 Καὶ
2723 874 2789 945 τῇ
2844 872 3093 945 Διαθήκῃ
3122 889 3137 905 ο
3174 854 3422 946 ὲπΥγὰρ
3480 874 3702 945 μείζοσι

2101 965 2197 1016 καὶ
2235 962 2619 1035 τελειοτέροις,
2653 964 2751 1019 καὶ
2798 964 2875 1036 τῷ
2911 964 3127 1037 μονίμῳ
3149 982 3165 997 ο
3196 964 3416 1028 αἰώνιος
3446 967 3584 1037 γὰρ,
3606 966 3704 1020 καὶ

2099 1056 2161 1109 οὑ
2196 1056 2535 1129 πρόσκαιρος
2556 1074 2575 1091 ο
2615 1059 2712 1112 καὶ
2752 1058 2831 1130 τῷ
2865 1059 3148 1132 προσώπῳ
3177 1074 3193 1091 ⁸
3219 1059 3348 1124 Υἰδς
3384 1059 3495 1131 γὰρ
3531 1059 3702 1114 Θεοῦ.

2104 1147 2267 1202 ’Ὥστε
2298 1149 2375 1221 μὴ
2405 1149 2691 1221 ἀθυμεῖτε.
2728 1152 2916 1206 Ταῦτα
2943 1152 3002 1206 δὲ
3051 1152 3233 1207 πάντα
3259 1152 3350 1207 διὰ
3386 1153 3489 1225 τὴν
3510 1153 3702 1224 σάρκα

2107 1237 2328 1311 εἴρηται
2354 1256 2371 1272 ’
2398 1240 2542 1295 κατὰ
2570 1242 2681 1314 γὰρ
2712 1239 2924 1314 ταύτην
2954 1242 3172 1312 ἐγένετο
3186 1242 3233 1276 ’⁸
3277 1243 3629 1317 ’Δρχιερεύς.

2182 1382 2233 1395 κ

2715 1519 2968 1578 ΚΕΦΔΛ.
2994 1524 3070 1578 Ζ’.

2175 1604 2367 1677 Οὗτος
2409 1608 2522 1680 γὰρ
2581 1613 2613 1666 ό
2666 1613 3046 1683 Μελχισεδὲκ
3081 1614 3387 1685 ,βασιλεὺς
3455 1619 3700 1692 Σαλήμ,

2102 1704 2295 1773 ἱερεὺς
2330 1704 2438 1759 τοῦ
2487 1704 2637 1761 Θεοῦ
2693 1705 2801 1761 τοῦ
2841 1707 3135 1776 ὑψίστου,
3198 1712 3233 1765 ὁ
3290 1715 3700 1783 συναντήσας

2114 1796 2362 1866 Ἀϐραὰμ
2389 1796 2839 1868 ὑποστρέφοντι
2868 1799 2989 1855 ἀπὸ
3005 1797 3115 1869 τῆς
3140 1802 3338 1871 κοπῆς
3357 1804 3477 1859 τῶν
3510 1809 3702 1871 βασι-

2101 1885 2278 1955 λέων,
2310 1887 2410 1941 καὶ
2452 1889 2809 1959 εὐλογήσας
2833 1890 3055 1944 αὐτόν·
3089 1883 3138 1961 ᾧ
3162 1893 3260 1959 καί
3293 1894 3566 1965 δεκάτην
3580 1898 3701 1953 ἀπὸ

2102 1979 2347 2035 πάντων
2378 1981 2666 2058 ἐμέρισεν
2698 1984 2982 2055 Ἀϐραάμ.
3025 1988 3236 2051 Σκόπος
3268 1988 3348 2060 τῷ
3405 1992 3701 2064 duos-16M?

2101 2071 2274 2137 δείξαι
2299 2073 2361 2125 τὸ
2392 2073 2649 2148 διάφορον
2678 2077 2776 2146 τῆς
2805 2077 3050 2143 Παλαιᾶς
3075 2080 3169 2134 καὶ
3202 2081 3299 2153 τῆς
3329 2082 3541 2155 Καινῆς
3565 2097 3581 2111 ·
3604 2086 3697 2138 καὶ

2099 2164 2261 2219 τοῦτο
2288 2165 2451 2229 εὐθὺς
2475 2167 2572 2237 μὲν
2602 2167 2701 2221 καὶ
2733 2170 2793 2222 ὲν
2834 2172 3145 2242 προοιμίοις
3178 2173 3225 2206 ⁸⁸
3259 2174 3460 2241 ἔδειξεν
3494 2177 3698 2241 εἰπὼν,

2099 2258 2183 2312 ὅτι
2223 2257 2349 2325 Τοῖς
2371 2259 2490 2328 μὲν
2521 2258 2712 2314 πάλαι
2754 2260 3026 2332 ὡμίλησε
3072 2263 3172 2318 διὰ
3212 2264 3333 2320 τῶν
3376 2267 3625 2323 δούλων
3667 2273 3701 2327 ὀ

2103 2349 2266 2417 Θεὸς,
2293 2349 2414 2404 τῶν
2469 2351 2823 2421 προφητῶν·
2855 2353 3003 2424 ἡμῖν
3031 2356 3100 2410 δὲ
3140 2358 3256 2423 τοῖς
3301 2360 3360 2412 ὲν
3390 2361 3457 2430 τῇ
3491 2362 3697 2431 Καινῇ,

2100 2442 2277 2510 ἐντῷ
2324 2441 2456 2510 Υιῷ.
2512 2443 2668 2498 Ἐπεὶ
2712 2444 2769 2500 δὲ
2819 2445 3067 2510 ἀσθενεῖς
3092 2442 3235 2518 ἦσαν
3280 2451 3330 2503 οἰ
3376 2451 3698 2514 ἀκούοντες,

2100 2534 2201 2590 ἆτε
2226 2534 2731 2607 ὀλιγοψνχήσαντες
2756 2537 2816 2591 ὲν
2848 2539 2964 2601 τοῖς
2986 2542 3337 2609 πειρασμοῖς,
3355 2543 3704 2611 ἀνεκτήσατο

2102 2627 2288 2683 αὑτῶν
2320 2628 2421 2701 τὴν
2452 2628 2811 2701 ὀλιγοψυχίαν
2857 2631 2917 2684 ὲν
2969 2632 3047 2704 τῷ
3096 2633 3325 2703 μεταξὺ,
3364 2634 3461 2689 καὶ
3507 2633 3701 2689 λοιπον

2107 2721 2246 2792 μετὰ
2276 2720 2336 2774 τὸ
2386 2719 2588 2785 ἰκανῶς
2636 2721 2837 2787 αὐτοὺς
2887 2724 3328 2796 ἀνακτήσασθαι,
3387 2727 3557 2783 πάλιν
3607 2727 3700 2783 τὸν

2103 2815 2233 2885 περ)⁵
2252 2810 2349 2867 τοῦ
2390 2813 2682 2886 ὑπερέχειν
2709 2816 2810 2886 τὴν
2838 2815 3048 2888 Καινήν
3074 2818 3173 2888 τῆς
3207 2818 3455 2882 Παλαιᾶς
3480 2819 3699 2887 εἰσάγει

2102 2901 2286 2972 λόγον.
2317 2905 2429 2958 Καὶ
2458 2905 2561 2976 ὅρα
2588 2904 2805 2975 σοφίαν.
2832 2907 3087 2962 Δείκνυσι
3118 2908 3211 2964 τὸν
3240 2910 3613 2981 Μελχισεδὲκ,
3641 2910 3702 2975 ὃς

2102 2995 2274 3062 τύπος
2307 2993 2376 3069 ἦν
2403 2996 2497 3052 τοῦ
2559 2995 2820 3071 Χριστοῦ,
2869 2999 3210 3073 ὑπερέχοντα
3255 3002 3350 3057 τοῦ
3415 3002 3697 3073 Ἁϐραάμ.

2103 3092 2168 3146 Ei
2227 3093 2305 3163 μή
2361 3089 2472 3165 γὰρ
2508 3092 2824 3165 ὑπερεῖχεν,
2872 3093 2973 3148 οὐκ
3006 3094 3073 3149 ἂν
3123 3095 3338 3164 εὐλόγει
3380 3095 3571 3163 αὑτὸν,
3609 3096 3700 3149 καὶ

414 3194 518 3237 nec
563 3180 812 3236 decimas
851 3179 924 3236 ab
965 3195 1033 3236 eo
1083 3180 1413 3252 accepisset.
1445 3181 1718 3249 Quoniam
1759 3198 1890 3240 vero
1928 3183 1999 3242 ab

2108 3185 2337 3250 δεκάτας
2395 3184 2493 3240 ἀπ’
2550 3185 2720 3241 αὑτοῦ
2780 3186 3110 3259 ἐλάμϐανεν.
3149 3188 3305 3242 Ἐπεὶ
3360 3189 3417 3243 δὲ
3464 3190 3579 3243 ἀπὸ
3607 3189 3698 3244 τοῦ

412 3272 726 3330 Abrahamo
786 3272 1203 3329 deducebantur
1258 3274 1578 3332 sacerdotes
1636 3276 1796 3348 legis,
1859 3277 1998 3334 istos

413 3380 639 3435 quoque
677 3364 1041 3422 Melchisedec
1096 3366 1385 3436 praicellit,
1418 3376 1697 3439 quatenus
1754 3368 1895 3441 ipsis
1944 3378 2000 3425 et

414 3457 712 3524 benedixit,
740 3471 805 3512 ac
834 3458 1084 3514 decimas
1108 3460 1177 3514 ab
1206 3460 1341 3530 ipsis
1376 3460 1609 3531 accepit,
1655 3462 2001 3533 quandoqui-

414 3549 538 3604 dem
562 3558 615 3605 et
647 3548 983 3619 progenitori
1013 3564 1206 3605 eorum
1245 3551 1607 3617 benedixerit,
1650 3566 1715 3607 ac
1753 3552 1998 3609 decimas

414 3640 732 3712 sumpserit.
754 3638 914 3708 Quod
953 3644 999 3696 si
1030 3641 1206 3713 ﬁgura
1244 3641 1453 3697 Christi
1472 3642 1841 3699 Melcliisedec
1874 3655 1999 3701 tan-

413 3744 532 3789 tum
594 3735 815 3792 excellit
875 3734 1190 3792 sacerdotes
1226 3735 1383 3806 legis,
1426 3746 1636 3808 quanto
1684 3738 1870 3810 petitis
1901 3756 1999 3795 ve-

412 3844 510 3884 rus
550 3826 913 3883 Melehisedec
948 3826 1248 3884 Christus?
1292 3828 1419 3885 Haec
1462 3831 1682 3900 quidem
1737 3840 1822 3887 est
1868 3847 2000 3890 sen-

417 3922 586 3975 tentia
617 3922 786 3976 totius
831 3920 960 3975 loci.
1004 3920 1350 3978 Abbrevians
1401 3930 1585 3977 autem
1627 3924 2000 3980 narrationem

414 4013 484 4066 de
528 4009 927 4077 Melchisedec,
974 4010 1254 4066 subinfcrt
1299 4012 1846 4084 contemplationem,
1886 4030 2003 4089 my-

414 4102 555 4157 stice
575 4109 630 4156 et
648 4101 1012 4172 spiritualiter
1038 4101 1326 4158 historiam
1361 4105 1430 4158 ad
1463 4105 1780 4177 allegoriam
1806 4113 1995 4166 trans-

416 4189 623 4245 ferens.

495 4282 734 4335 Primum
796 4282 1006 4353 quidem
1068 4298 1135 4337 ea:
1170 4283 1603 4356 interpretatione
1651 4286 1850 4343 dicitur
1909 4304 2003 4345 rea:

408 4374 660 4445 justitiw.
711 4374 964 4431 Declarat
1012 4374 1115 4431 hoc
1160 4372 1283 4432 loéo
1334 4388 1574 4449 quanam
1619 4381 1833 4438 ratione
1871 4380 2005 4439 Mel-

416 4467 669 4523 chisedec
697 4468 770 4523 sit
789 4466 960 4537 ﬁgura
1003 4466 1253 4524 Christi:
1295 4483 1361 4525 ac
1391 4470 1631 4541 primum
1676 4473 1899 4544 quidem
1934 4475 2004 4530 ab

2114 3274 2370 3347 Ἀϐραὰμ
2398 3277 2700 3349 κατήγοντο
2726 3277 2775 3331 οἰ
2840 3280 3060 3348 νομικοὶ⁵
3084 3279 3276 3351 ἱερεῖς,
3319 3278 3572 3350 δηλονότι
3603 3280 3699 3333 καὶ

2098 3368 2305 3424 τούτων
2325 3368 2582 3441 ὑπερέχει
2604 3370 2633 3423 6
2684 3368 3047 3441 Μελχισεδὲκ,
3072 3370 3146 3435 ὡς
3177 3356 3276 3424 καὶ
3320 3372 3522 3434 αὐτοὺς
3545 3370 3703 3424 εὐλοο

2101 3451 2216 3520 γῶν
2274 3454 2370 3508 καὶ
2426 3455 2802 3521 ἁποδεκατῶν,
2839 3459 2896 3512 ἐν
2920 3452 3005 3522 οἷς
3031 3458 3121 3513 τὸν
3154 3458 3478 3530 προπάτορα
3512 3458 3697 3513 αὐτῶν

2102 3545 2315 3616 εὐλόγει
2341 3547 2436 3601 καὶ
2464 3548 2743 3603 ἔδεκάτου.
2785 3550 2849 3604 Εἰ
2888 3550 2944 3604 δὲ
2976 3551 3006 3604 6
3066 3551 3237 3616 τύπος
3279 3551 3377 3606 τοῦ
3405 3551 3651 3624 Χριστοῦ
3673 3554 3701 3606 6

2103 3638 2442 3709 Μελχισεδὲκ
2466 3640 2723 3695 τοσοῦτον
2761 3641 3011 3715 διαφέρει
3042 3642 3152 3697 τῶν
3197 3642 3442 3714 νομικῶν
3478 3644 3698 3714 ἱερέων,

2106 3731 2262 3800 πόσῳ
2295 3732 2498 3803 μᾶλλον
2527 3733 2557 3786 6
2588 3732 2844 3804 ἀληθινὸς
2873 3716 3209 3806 Μελχισεδὲκ
3238 3735 3266 3788 6
3298 3735 3534 3805 Χριστός
3560 3752 3577 3798 ;
3600 3730 3703 3788 0'5-

2101 3838 2195 3887 τος
2236 3822 2337 3894 μὲν
2364 3825 2394 3877 6
2421 3822 2547 3889 νοῦς
2589 3823 2739 3890 ἄπας
2773 3824 2867 3879 τοῦ
2904 3826 3133 3898 χωρίου.
3166 3825 3465 3897 Συντεμὼν
3499 3826 3563 3880 δὲ
3594 3826 3700 3878 τῶν

2103 3914 2236 3986 περὶ⁵
2262 3913 2358 3969 τοῦ
2384 3914 2725 3988 Μελχισεδὲκ
2753 3916 3032 3989 διήγησιν,
3052 3918 3308 3991 ἐπιφέρει
3332 3918 3433 3990 τήν
3462 3918 3699 3989 θεωρίαν

2107 4002 2388 4077 μύστικῶς
2437 4008 2534 4062 καὶ
2587 4006 2981 4081 πνευματικῶς
3043 4006 3365 4081 ἀλληγορῶν
3406 4009 3508 4079 τὴν
3561 4010 3699 4062 ἱστο-

2109 4100 2255 4171 ρίαν.

2104 4287 2124 4347 ζ
2177 4283 2422 4353 Πρῶτον
2452 4283 2571 4355 μὲν
2622 4285 3099 4373 ἑρμηνευόμενος
3137 4287 3442 4354 ,βασιλεὺς
3477 4288 3700 4344 δικαιο-

2105 4378 2327 4445 σύνης.
2362 4377 2655 4433 Δείκνυσιν
2682 4376 2920 4434 ἐνταῦθα
2965 4378 3087 4443 πῶς
3115 4382 3144 4434 6
3172 4381 3509 4451 Μελχισεδὲκ
3530 4384 3700 4445 τύπος

2107 4467 2200 4522 τοῦ
2235 4468 2497 4540 Χριστοῦ.
2536 4470 2644 4523 Καὶ
2668 4470 2884 4541 πρῶτον
2918 4470 3014 4525 ἀπ’
3041 4472 3232 4536 αὑτοῦ,
3263 4474 3423 4544 φησί,
3454 4473 3549 4527 τοῦ
3580 4474 3698 4528 ὀνο-

416 4561 538 4631 ipso
566 4561 790 4616 nomine
814 4560 967 4617 disce
996 4569 1246 4616 exactam
1281 4564 1576 4619 rationem.
1603 4564 1799 4622 Melchi
1828 4568 1999 4634 enim,

2111 4576 2279 4632 ματος
2313 4560 2553 4631 μάνθανε
2583 4560 2682 4633 τὴν
2702 4561 3016 4633 ἀκρίϐειαν.
3035 4562 3212 4635 Μελχί
3236 4565 3337 4635 μὲν
3361 4567 3493 4637 γὰρ,
3507 4566 3698 4630 βασι-

417 4670 547 4718 rex;
591 4655 767 4710 Sedet:
795 4653 1073 4723 justitiam
1109 4655 1275 4711 valet.
1314 4655 1451 4723 Quis
1490 4666 1671 4714 autem
1733 4659 1877 4715 alius
1923 4667 2008 4715 est

418 4762 513 4799 rex
533 4745 784 4813 justitiie,
819 4750 1019 4814 prater
1042 4743 1333 4802 Dominum
1358 4755 1609 4804 nostrum
1634 4749 1824 4806 Jesum
1851 4749 2007 4807 Chri-

418 4846 565 4893 stum
587 4835 611 4891 ?

486 4928 690 4983 Deinde
732 4936 910 4983 autem
947 4938 1000 4984 et
1044 4944 1136 4983 rea:
1180 4927 1380 4996 Salen,
1419 4932 1558 5001 quod
1586 4940 1664 4986 est
1695 4947 1789 4987 rea:
1829 4934 1999 5003 pacis.

413 5024 500 5078 Ab
531 5023 685 5078 urbis
710 5020 955 5087 nomine,
997 5020 1196 5092 inquit,
1226 5022 1476 5077 id~etiam
1507 5023 1733 5093 planum
1766 5033 1869 5080 est.
1897 5027 2001 5081 Sa-

417 5116 522 5167 lcm
563 5113 709 5166 enim
745 5125 930 5180 pacem
959 5109 1123 5175 valet,
1146 5110 1194 5166 si
1223 5111 1627 5181 interpreteris.
1656 5111 1791 5180 Quis
1815 5122 2001 5171 autem

411 5202 582 5276 692
617 5204 762 5259 alius
830 5202 986 5273 pacis
1044 5217 1137 5259 rex
1189 5210 1278 5257 est
1316 5212 1515 5272 praeter
1552 5201 1858 5273 Christum,
1912 5210 2006 5279 qui

412 5294 725 5369 perciti-Mil
753 5308 818 5351 ea
842 5308 965 5365 quae
994 5302 1126 5349 sunt
1162 5294 1213 5347 in
1259 5293 1440 5359 cadis,
1469 5300 1525 5348 et
1546 5309 1669 5363 quae
1699 5310 1869 5369 super
1895 5308 2007 5354 ter-

419 5388 578 5442 ram?
612 5384 755 5441 Nulli
797 5386 1115 5443 mortalium
1170 5385 1698 5456 convenit,justitiae
1742 5389 2007 5462 pacisque

417 5494 542 5536 esse
576 5494 777 5551 regem,
815 5490 1178 5552 praeterquam
1205 5477 1298 5532 uni
1330 5476 1577 5534 Christo.

407 5586 414 5656 ;
490 5579 660 5636 Vsus.
688 5579 744 5635 3.
775 5579 901 5635 Sine
940 5587 1113 5648 patre,
1139 5575 1255 5629 sine
1287 5582 1476 5641 matre,
1518 5575 1633 5630 sine
1672 5578 2002 5648 genealogia.

2105 4653 2256 4717 λεύς
2274 4669 2287 4683 ·
2316 4651 2480 4706 Σεδὲκ
2502 4652 2580 4720 δὲ,
2612 4653 2993 4724 δικαιοσύνη.
3013 4654 3107 4720 Τίς
3119 4655 3178 4710 δὲ
3204 4656 3361 4720 ἄλλος
3394 4658 3652 4728 βασιλεὺς
3675 4659 3692 4689 ί

2105 4743 2478 4815 δικαιοσύνης,
2505 4744 2623 4798 ἀλλ’
2653 4745 2686 4816 ἢ
2710 4745 2738 4799 6
2764 4745 2971 4817 Κύριος
2996 4746 3153 4818 ἡμῶν
3190 4747 3400 4817 Ἰησοῦς
3423 4750 3469 4801 Χ
3476 4749 3694 4819 ριστός;

2182 4941 2427 4997 Ἔπειτα
2464 4941 2533 4996 δὲ
2566 4941 2665 4997 καὶ
2696 4928 3002 5012 ,βασιλεὺς
3027 4945 3240 5016 Σαλήμ
3256 4960 3270 4975 ⁸
3302 4947 3335 5000 ὃ
3365 4946 3501 5002 ἐστι
3522 4947 3698 5013 ﬁam-

2109 5032 2258 5100 λεὺς
2284 5032 2548 5102 εἰρήνης.
2607 5034 2717 5088 Καὶ
2770 5034 2880 5087 ἀπὸ
2929 5034 3030 5107 τῆς
3062 5036 3296 5102 πόλεως,
3342 5038 3500 5107 φησὶ,
3541 5037 3697 5091 τοῦτο

2112 5124 2293 5194 δῆλον.
2330 5126 2523 5197 Σαλὴμ
2556 5125 2663 5198 γὰρ
2688 5127 3056 5199 ἑρμηνεύεται
3082 5129 3301 5201 εἰρήνη.
3331 5131 3429 5194 Τίς
3448 5130 3508 5184 δὲ
3539 5130 3696 5189 ἄλλος

2078 5206 2085 5271 ί
2116 5214 2369 5287 βασιλεὺς
2407 5217 2635 5288 εἰρήνης
2684 5219 2719 5289 ἢ
2751 5220 2780 5272 6
2812 5219 3070 5292 Χριστὸς,
3116 5222 3146 5274 ὁ
3179 5222 3605 5292 εἰρηνοποιήσας
3631 5220 3695 5274 τὰ

2114 5309 2173 5362 ὲν
2202 5309 2315 5372 τοῖς
2347 5308 2600 5378 οὑρανοίς
2629 5310 2723 5362 καὶ
2767 5309 2837 5363 τὰ
2864 5312 2960 5364 ἐπὶ
2991 5312 3092 5383 τῆς
3114 5311 3256 5382 γῆς;
3284 5313 3475 5368 Οὐδενί
3488 5310 3696 5384 ἀνθρὼο

2115 5418 2233 5454 πων
2259 5400 2491 5472 ἁρμόζει
2518 5400 2601 5465 τὸ,
2630 5404 2731 5472 τῆς
2759 5402 3110 5475 δικαιοσύνης
3145 5404 3239 5460 καὶ
3284 5406 3513 5479 εἰρήνης
3540 5405 3693 5478 βασι-

2113 5494 2240 5556 λεὺς
2286 5497 2328 5558 ⁸,
2360 5494 2408 5546 εί
2436 5493 2512 5565 μὴ
2537 5494 2685 5568 μόνῳ
2711 5496 2956 5570 Χριστῷ.

2189 5582 2479 5654 Ἀπάτωρ,
2531 5585 2791 5656 ἀμήτωρ,
2812 5588 3333 5662 ἀγενεαλόγητος.
3355 5589 3560 5663 .¹Ἐχεις
3604 5586 3693 5644 καὶ

1778 5756 1986 5822 Variae
2030 5762 2268 5826 Iectiou
2285 5781 2377 5828 es.

490 5865 538 5898 ’⁸
569 5865 791 5935 γέγοιεν
818 5882 870 5921 0.
950 5867 1086 5937 Μρκ
1128 5862 1432 5932 προοιμίων
1465 5878 1520 5918 0.
1603 5865 1616 5895 ί
1647 5857 1789 5918 εἶναι
1814 5860 2047 5935 βασιλέα
2080 5880 2134 5922 0.

1553 5950 1589 5968 ο..
