3918 6586
217 555 306 620 26')
914 543 1321 609 EXPOSITIO
1360 542 1441 604 ΙΝ
1482 540 1721 601 EPIST.
1763 539 1863 599 AD
1890 535 2279 599 HEBREOS.
2317 532 2556 593 -C:\P.
2594 529 2730 594 VII.
3320 530 3427 594 270

217 666 386 735 ἑτέραν
408 658 713 731 ὁμοιότητα.
736 658 949 730 Ὠσπερ
976 658 1087 731 γὰρ
1109 659 1137 713 ὁ
1157 655 1497 728 Μελχισεδὲκ
1529 655 1759 724 ἀπάτωρ

1880 652 2040 706 tliam
2055 651 2141 706 hic
2158 646 2574 704 similitudinem
2590 646 2778 702 habes.
2805 642 3274 711 Quemadmodum
3291 647 3436 703 enim

216 756 318 810 ἐστὶ
338 751 424 805 καὶ
442 749 693 819 ἀμήτωρ,
720 747 819 819 ούχ
835 747 920 801 ὅτι
946 747 1049 801 οὐκ
1076 741 1191 817 εἶχε
1224 744 1437 815 πατέρα
1454 742 1490 813 ἦ
1522 741 1758 813 μητέρα,

1880 741 2224 797 deichisedec
2248 741 2371 795 sine
2391 746 2544 809 patre
2580 748 2664 793 est
2693 747 2748 793 et
2777 737 2896 793 sine
2924 743 3117 804 matre,
3145 750 3253 793 non
3293 738 3439 807 quod

216 840 314 913 εἶχε
343 840 446 910 γὰρ
468 839 558 893 καὶ
584 837 773 903 αὐτὸς,
798 838 878 901 ὡς
904 833 988 902 εἷς
1018 837 1129 894 τῶν
1170 836 1498 907 ἀνθρώπων,
1524 833 1640 887 ἀλλ’
1679 833 1762 886 ὅτι

1880 848 1975 887 ton
2003 832 2257 888 habuerit
2300 840 2508 901 patrem
2559 840 2653 885 aut
2699 838 2952 895 matrem,
3004 829 3237 886 habebat
3288 830 3436 886 enim

207 937 300 989 οὐκ
328 930 713 1002 ὲγενεαλογήθη
752 928 901 1001 παρὰ
925 932 992 1001 τῇ
1049 930 1265 1000 Γραφῇ,
1286 927 1407 982 οὐδὲ
1439 927 1762 997 ἐμφαίνεται

1887 937 2003 991 pse,
2037 921 2111 976 uti
2139 921 2450 975 mortalium
2482 935 2651 987 unus,
2677 918 2775 975 Sed
2809 919 2938 990 quia
2965 921 3283 991 genealogis
3315 919 3436 990 ejus

213 1026 363 1095 ὄνομα
386 1022 489 1077 τῶν
525 1019 719 1089 γονέων
744 1018 909 1075 αὐτοῦ
942 1036 958 1055 ο
984 1019 1130 1074 οὕτω
1173 1020 1268 1073 καὶ
1299 1019 1328 1071 ὁ
1355 1017 1589 1090 Χριστὸς
1619 1016 1763 1071 ἀπά-

1880 1028 1971 1069 ton
1999 1018 2180 1068 exstat
2223 1011 2277 1065 in
2310 1010 2614 1081 Scriptura,
2647 1027 2823 1081 neque
2879 1021 3161 1083 parentum
3196 1012 3316 1082 ejus
3353 1028 3444 1067 no-

213 1133 313 1185 τωρ
337 1116 445 1167 ἔστί
469 1110 608 1167 κατὰ
637 1112 737 1180 τὴν
788 1113 942 1166 κάτω
969 1110 1225 1181 γέννησιν
1247 1124 1260 1138 ·
1317 1110 1383 1162 ὲκ
1429 1109 1599 1179 μόνης
1655 1105 1764 1176 γάιρ

1882 1119 1989 1160 uen
2019 1111 2246 1174 apparet
2279 1118 2295 1157 :
2324 1102 2470 1157 hunc
2492 1101 2559 1157 ad
2579 1104 2796 1196 modqu
2823 1103 3112 1162 :Christus
3154 1103 3272 1161 sine
3288 1114 3445 1176 patre

211 1207 296 1276 τῆς
320 1202 584 1274 Παρθένου
634 1201 856 1273 Μαρίας
912 1199 1178 1272 ἐγεννήθη
1211 1199 1275 1253 τὺ
1333 1199 1476 1255 κατά
1536 1197 1718 1268 σάρκα
1746 1211 1760 1227 ·

1880 1201 1949 1251 ast
1976 1193 2281 1251 secundum
2341 1191 2656 1249 inferiorem
2704 1191 3155 1262 generationem:
3198 1209 3261 1250 ex
3326 1196 3444 1250 sola

210 1298 417 1368 ὁμήτωρ
447 1295 503 1349 δὲ
532 1293 674 1351 κατά
712 1293 811 1356 τὴν
856 1292 970 1348 ἀνω
996 1293 1251 1364 γέννησιν
1283 1307 1296 1322 ·
1341 1292 1407 1345 ὲκ
1448 1290 1633 1361 μόνου,
1656 1287 1765 1358 γὰρ

211 1387 293 1441 τοῦ
319 1385 521 1457 Harpe;
574 1384 683 1455 πρὸ
740 1384 960 1439 πάντων
987 1383 1098 1437 τῶν
1131 1382 1349 1437 αἰώνων
1385 1381 1640 1454 ἀρρήτως
1671 1380 1767 1432 καὶ

209 1481 551 1549 ἀνεπινοήτως
580 1483 931 1549 γεγέννηται.
975 1476 1139 1532 Ἀλλά
1186 1476 1284 1530 καὶ
1308 1472 1759 1543 ἀγενεαλόγητος.

214 1570 316 1638 Τὴν
338 1571 440 1641 γὰρ
464 1575 678 1640 γενεὰν
706 1568 894 1624 αὑτοῦ
928 1568 1019 1635 τις
1040 1566 1431 1638 διηγήσεταις
1479 1564 1632 1618 Ἐπεὶ
1671 1563 1766 1617 καὶ

206 1662 350 1718 “vat
377 1664 646 1735 γεννήσας
692 1662 907 1734 Πατὴρ,
940 1662 1369 1734 ἁνερμήνευτος,
1404 1658 1500 1713 καὶ
1554 1657 1714 1720 αὐτὸς
1738 1658 1766 1711 ὁ

210 1756 385 1826 τρόπος
414 1755 515 1825 τῆς
542 1756 873 1826 γεννήσεως.
931 1753 1044 1809 Kal.
1090 1754 1124 1823 ή
1163 1753 1316 1809 κάτω
1365 1752 1422 1805 δὲ
1454 1751 1766 1821 γεννήσασα

206 1849 393 1918 μήτηρ,
417 1847 560 1919 λόγῳ
586 1849 685 1918 οὐχ
716 1847 1040 1913 ὑποπίπτει,
1073 1846 1216 1900 κατά
1239 1863 1303 1914 γε
1325 1844 1416 1899 τδν
1439 1845 1640 1916 τρόπον
1665 1841 1767 1911 τῆς

209 1941 510 2010 γεννήσεως,
542 1933 680 2003 οἷον,
707 1940 827 2003 πῶς
875 1939 1134 2008 ἐγέννησε
1164 1936 1455 2008 παρθένος,
1498 1935 1613 1999 πῶς
1638 1935 1766 1989 ἄνευ

1866 1302 2103 1359 namque
2141 1284 2362 1357 Virgine
2415 1285 2580 1341 Maria
2639 1285 2858 1356 genitus
2908 1296 3014 1352 est,
3067 1296 3341 1357 quatenus
3376 1289 3446 1342 ad

1867 1393 2087 1434 carnem
2116 1378 2351 1433 attinet:
2388 1377 2510 1432 sine
2549 1384 2724 1432 matre
2772 1389 2956 1432 autem
3007 1390 3089 1433 est
3141 1364 3441 1436 secundum

1866 1485 2159 1540 supernam
2210 1470 2592 1526 nativitatem:
2639 1484 2705 1525 ex
2740 1469 2859 1526 solo
2906 1470 3051 1526 enim
3106 1470 3267 1527 Patre
3320 1485 3445 1528 ante

1867 1562 2053 1618 omnia
2088 1561 2287 1618 saecula
2327 1561 2681 1617 ineﬂ‘abiliter
2728 1569 2784 1617 et
2816 1560 3446 1631 incomprehensibiliter

1865 1662 2158 1724 generatus
2190 1661 2293 1707 est.
2314 1651 2580 1707 Prazterea
2601 1652 2914 1722 genealogis
2934 1656 3096 1708 etiam
3117 1660 3289 1708 vacat.
3311 1654 3443 1709 Nam

1867 1748 2252 1816 generationem
2298 1744 2413 1814 ejus
2454 1746 2572 1814 quis
2612 1744 2931 1799 enarrabili
2991 1745 3445 1817 Quandoquidem

1866 1847 1921 1893 et
1950 1839 2042 1909 qui
2072 1852 2311 1909 superne
2357 1838 2413 1891 in
2437 1839 2593 1893 ωηο
2614 1838 2802 1908 genuit
2826 1854 2949 1893 eum
2971 1837 3152 1904 Pater,
3188 1840 3255 1894 sit
3282 1841 3445 1895 etiam

1871 1931 2298 2002 inexplicabilis,
2330 1937 2494 2000 atque
2522 1930 2658 1986 adeo
2690 1931 2802 1995 ipse
2829 1930 3023 1986 modus
3054 1932 3444 2002 generationis.

204 2032 412 2095 ὠδίνων,
442 2031 539 2086 καὶ
589 2031 658 2086 τὰ
686 2030 934 2084 τοιαῦτα.
991 2028 1050 2084 '0
1084 2031 1186 2100 μὲν
1218 2028 1313 2083 οὖν
1355 2027 1592 2099 Χριστὸς
1635 2028 1767 2097 ἀλη-

1880 2025 2040 2078 Porro
2078 2031 2133 2079 et
2156 2039 2282 2095 quae
2314 2022 2525 2078 inferne
2574 2022 2632 2076 in
2668 2021 2830 2077 terris
2868 2036 2994 2076 eum
3026 2023 3237 2093 peperit
3274 2032 3450 2079 mater

210 2124 303 2187 ίῶς
324 2123 414 2177 καὶ
439 2123 676 2197 ἀμήτωρ
699 2125 792 2176 καὶ
823 2124 1054 2193 ἀπάτωρ
1069 2122 1239 2176 ἐστίν.
1255 2120 1314 2175 '0
1339 2121 1394 2175 δὲ
1430 2119 1766 2190 Μελχισεδὲκ

206 2215 413 2287 ἀπάτωρ
446 2218 543 2269 καὶ
575 2217 833 2287 ἀμήτωρ,
868 2213 970 2268 οὐκ
1017 2212 1267 2285 ἀληθῶς’
1318 2213 1634 2267 ἀνένδεκτον
1658 2211 1766 2282 γὰρ

209 2305 345 2360 τοῦτο
362 2324 375 2338 ·
404 2306 538 2360 ἀλλά
566 2307 647 2377 τῷ
670 2308 744 2378 μὴ
775 2305 1113 2379 ὲμφέρεσθαι
1141 2307 1207 2376 τῇ
1235 2304 1426 2375 Γραφῇ
1441 2305 1569 2367 τοὺς
1598 2303 1764 2359 αὐτοῦ

207 2400 382 2466 γονεῖς,
415 2396 559 2452 ῶστε
594 2400 675 2463 τδ,
715 2398 1212 2469 ἀγενεαλόγητος.
1277 2395 1469 2469 ὥσπερ
1516 2396 1765 2466 ὲφερμη-

209 2490 429 2544 νευτικόν
456 2492 582 2544 ἐστι
611 2488 730 2557 τοῦ,
766 2488 1010 2559 ἀπάτωρ
1047 2489 1149 2544 καί
1192 2486 1434 2559 ἀμήτωρ
1453 2501 1467 2516 ⁸
1485 2486 1650 2540 οἱονεὶ
1680 2486 1768 2538 λέ-

208 2600 374 2651 γοντος
391 2582 482 2637 τοῦ
525 2582 860 2638 ’Δποστὸλου
880 2598 893 2611 ·
923 2579 1113 2645 Οὕτως
1139 2576 1294 2634 εἶπον
1316 2579 1407 2633 τὸν
1434 2576 1768 2647 Μελχισεδὲκ

207 2676 433 2745 ἀπάτορα
456 2676 551 2729 καὶ
592 2676 864 2746 ἀμήτορα,
887 2673 961 2737 ὡς
974 2672 1429 2743 ἀγενεαλόγητον,
1457 2669 1550 2724 καὶ
1583 2667 1659 2731 ὡς
1689 2666 1764 2737 μὴ

210 2765 660 2836 μνημονευθείσης
689 2766 784 2834 τῆς
812 2765 1009 2833 γενεᾶς
1065 2762 1231 2817 αὐτοῦ
1264 2761 1415 2832 παρὰ
1448 2763 1512 2833 τῇ
1544 2754 1762 2832 Γραφῇ.

1873 2115 1975 2171 sub
2005 2115 2275 2171 rationem
2305 2130 2415 2170 non
2437 2114 2585 2169 cadit
2616 2113 2921 2169 secundum
2956 2114 3176 2168 modum
3213 2129 3447 2186 genera-

1872 2208 2063 2275 tionis,
2105 2208 2366 2263 nimirum
2405 2207 2684 2279 quomodo
2721 2206 2875 2276 virgo
2910 2207 3137 2278 peperit,
3173 2210 3451 2278 quomodo

1872 2300 1992 2354 sine
2037 2298 2339 2364 doloribus,
2378 2313 2444 2353 ac
2498 2297 2720 2354 similia.
2754 2297 3011 2353 Christus
3054 2299 3220 2369 igitur
3258 2314 3450 2356 revera

1874 2390 1994 2443 sine
2032 2400 2186 2458 patre
2221 2403 2288 2445 ac
2325 2388 2444 2444 sine
2475 2397 2648 2445 matre
2677 2399 2794 2445 est:
2825 2388 3190 2445 Melchisedec
3230 2406 3360 2447 vero
3394 2402 3451 2447 et

1871 2481 1990 2537 sine
2031 2488 2186 2550 patre
2224 2487 2281 2535 et
2306 2479 2427 2536 sine
2484 2491 2658 2536 matre
2685 2520 2701 2546 ,
2744 2495 2853 2535 non
2894 2494 3086 2535 revera
3120 2482 3259 2549 Uiuri
3300 2483 3447 2536 enim

1871 2573 1974 2628 hoc
1998 2588 2104 2627 non
2126 2571 2352 2643 potest),
2377 2571 2473 2627 sed
2499 2582 2766 2640 quatenus
2794 2581 3049 2641 parentes
3071 2572 3192 2642 ejus
3219 2574 3272 2627 in
3299 2571 3449 2629 Scri-

1870 2677 2025 2733 ptura
2062 2679 2168 2719 non
2205 2665 2608 2734 caprituuutur.
2664 2663 2846 2729 Quare
2881 2664 3028 2734 quod
3074 2665 3185 2719 ait:
3216 2666 3331 2719 sine
3358 2682 3452 2736 ge-

1868 2756 2133 2829 nealogia,
2165 2757 2332 2812 veluti
2355 2758 2744 2824 interpretatur
2774 2758 2906 2826 quid
2935 2758 3028 2822 sit,
3081 2760 3193 2812 sine
3212 2767 3368 2827 patre
3389 2774 3452 2814 ac

207 2860 304 2912 sine
330 2868 511 2925 matre,
546 2858 774 2930 perinde
808 2856 967 2927 quasi
999 2856 1292 2926 Apostolus
1326 2855 1568 2912 diceret:
1595 2853 1746 2909 Hanc
1771 2852 1837 2909 ad
1858 2853 2125 2908 rationem
2150 2851 2261 2907 dixi
2289 2850 2653 2908 Melchisedec
2700 2860 2856 2920 patre
2911 2865 2975 2907 ac
3027 2859 3203 2910 matre
3255 2868 3453 2911 vacare
3526 2843 3532 2853 ’

209 2954 336 3033 quod
371 2952 688 3024 genealogia
730 2952 850 3021 ejus
878 2951 932 3004 in
962 2949 1247 3020 Scriptura
1277 2964 1384 3005 non
1421 2950 1782 3020 exprimatur,
1811 2963 1913 3005 nec
1944 2945 2149 3001 mentio
2178 2945 2396 3017 generis
2422 2946 2545 3013 ejus
2585 2945 2640 3000 in
2670 2944 2959 3015 Scriptura
2991 2944 3103 2999 ﬁat.

265 3044 418 3110 Μήτε
444 3042 651 3111 ἀρχὴν
680 3041 938 3112 ἡμερῶν,
996 3040 1147 3113 μήτε
1171 3040 1324 3111 ζωῆς
1369 3039 1547 3108 τέλος
1572 3042 1729 3112 ἔχων
1750 3060 1764 3073 ’

204 3134 643 3204 ἀφωμοιωμένος
664 3133 737 3188 δὲ
774 3133 854 3200 τῷ
890 3131 1001 3200 Υιῷ
1021 3134 1128 3190 τοῦ
1160 3134 1332 3198 Θεοῦ,
1366 3133 1538 3204 μένει
1579 3133 1773 3202 ἱερεὺς

205 3227 284 3293 είς
316 3225 378 3281 τὸ
401 3225 705 3295 διηνεκές.
757 3227 870 3281 Καὶ
910 3224 1071 3281 τοῦτο
1117 3226 1264 3281 οὕτω
1291 3227 1536 3298 ινοήσεις
1568 3225 1645 3288 ὡς
1679 3226 1776 3280 καὶ

209 3314 269 3369 τὰ
320 3315 721 3388 προειρημένα.
764 3316 856 3380 Ὠς
906 3316 1009 3387 μὲν
1057 3314 1167 3387 γὰρ
1222 3314 1530 3386 ἄνθρωπος,
1572 3310 1718 3386 εἶχεν
1748 3316 1777 3369 ὁ

206 3407 524 3480 Μελχισεδὲκ
588 3408 809 3472 πάντως
867 3412 963 3462 καὶ
1000 3407 1180 3480 ἀρχὴν
1211 3408 1458 3480 ἡμερῶν,
1495 3409 1589 3462 καὶ
1626 3407 1779 3472 τέλος

210 3498 338 3571 ζωῆς
367 3518 384 3533 ο
414 3500 559 3572 πλὴν
586 3500 723 3555 καθὸ
767 3504 928 3571 ἡμεῖς
985 3501 1084 3554 οὐκ
1118 3498 1277 3572 ίσμεν
1312 3499 1437 3553 οὔτε
1458 3500 1590 3554 πότε
1625 3501 1781 3569 ἐγεν-

213 3590 354 3660 νήθη,
389 3590 515 3645 οὕτε
550 3592 685 3645 πότε
716 3593 1092 3663 ἐτελεύτησεν,
1116 3591 1196 3656 ὡς
1222 3591 1361 3664 πρὸς
1388 3591 1488 3665 τὴν
1506 3592 1781 3666 ήμ-ετέραν

213 3682 418 3750 γνῶσιν,
442 3682 573 3739 οὔτε
599 3684 770 3759 ἀρχὴν
793 3684 930 3759 ἔχει,
955 3686 1083 3742 οὔτε
1118 3685 1295 3751 τέλος.
1342 3685 1402 3740 '0
1439 3686 1624 3757 μέντοι
1647 3686 1783 3757 Χρι-

216 3775 323 3838 στὸς
353 3776 597 3845 ἀληθῶς,
667 3778 765 3832 ἅτε
824 3779 983 3845 θεὸς,
1009 3779 1136 3833 οὗτε
1160 3780 1337 3850 ἄρχην
1371 3776 1599 3848 ήμερῶν
1629 3777 1777 3847 ἔχει’

212 3864 428 3939 ἄναρχος
453 3868 568 3940 γάρ
598 3869 738 3924 κατά
767 3870 865 3940 τὴν
897 3872 1006 3925 ἀπὸ
1046 3873 1240 3942 χρόνου
1269 3871 1466 3942 ἀρχὴν,
1492 3871 1540 3924 εἰ
1570 3872 1664 3924 καλ⁸
1690 3871 1781 3926 τὸν

215 3957 413 4031 Πατέρα
439 3961 558 4032 ἔχει
589 3960 763 4032 ἀρχὴν
793 3962 867 4024 ῶς
893 3961 1065 4015 αἴτιον
1095 3978 1109 3991 ο
1138 3960 1264 4015 οὔτε
1314 3963 1469 4026 τέλος
1501 3979 1516 3995 ο
1559 3962 1781 4016 ἀτελεύ-

210 4066 358 4121 τητος
383 4054 494 4126 γάρ
515 4070 529 4085 ·
563 4053 628 4107 τὸ
656 4054 713 4107 δὲ
746 4052 969 4124 σύμπαν
992 4055 1189 4118 εἰπεῖν,
1226 4054 1417 4118 ἀΐδιος.
1464 4053 1572 4108 Ποῦ
1600 4055 1782 4109 τοίνυν

211 4143 256 4194 οἱ
291 4146 597 4214 Ἀρειανοίς
641 4145 1018 4201 ’Δκουέτωσαν
1079 4149 1163 4202 ὅτι
1211 4149 1240 4201 ὁ
1269 4147 1397 4213 Υίδς
1426 4150 1445 4180 ⁸
1476 4148 1651 4219 ἀρχὴν
1678 4148 1781 4202 οὐκ

211 4232 338 4305 ἔχει.
370 4237 568 4302 Οὕτως
601 4233 695 4302 οὖν
720 4239 937 4294 δίδωσιν
963 4241 1096 4310 ἡμῖν
1124 4242 1154 4294 ὁ
1177 4239 1388 4305 Παῦλος
1420 4239 1568 4294 λύειν
1600 4240 1621 4271 ³
1642 4256 1655 4269 ·
1686 4241 1783 4294 καὶ

210 4325 335 4399 Ξπερ
362 4329 427 4384 ἂν
465 4331 775 4403 ἀπορήσειέ
834 4347 938 4397 τις,
983 4331 1101 4397 πῶς
1152 4331 1436 4403 ὁΧριστδς
1484 4331 1659 4402 ἱερεὺς
1702 4333 1783 4394 είς

213 4417 296 4472 τὸν
334 4420 511 4477 αἰῶνα
563 4424 709 4479 κατά
739 4423 841 4496 τὴν
891 4423 1043 4489 τάξιν
1092 4422 1453 4493 Μελχισεδὲκ,
1498 4423 1630 4485 ὅπου
1657 4440 1718 4492 γε
1751 4423 1781 4475 ὁ

209 4509 539 4582 Μελχισεδὲκ
599 4512 880 4586 ἐτεθνήκει
905 4552 921 4579 ,
981 4514 1076 4568 καὶ
1125 4513 1225 4566 οὐκ
1290 4513 1511 4581 ἐγένετο
1562 4514 1641 4576 είς
1691 4518 1782 4567 τὸν

210 4602 374 4658 αἰῶνα
414 4605 624 4678 ἱερεύς.
659 4604 913 4675 Λύσομεν
939 4604 1050 4677 γὰρ
1100 4604 1369 4670 ἐντεῦθεν,
1414 4606 1572 4658 τοῦτο
1593 4605 1782 4675 λέγον-

215 4709 322 4761 τες,
357 4697 441 4750 ὅτι
468 4698 499 4750 ὁ
530 4698 634 4767 μὲν
665 4697 899 4767 Χριστὸς
929 4696 1145 4759 αἰώνιος
1175 4694 1251 4749 ὣν
1281 4697 1374 4751 καὶ
1401 4697 1781 4768 ἀτελεύτητος,

1948 3038 2131 3109 Neque
2166 3039 2378 3094 initium
2408 3037 2644 3102 dierum,
2684 3054 2845 3109 neque
2881 3038 3004 3093 vita:
3032 3038 3190 3108 liuent
3216 3038 3454 3105 habens;

1874 3132 2211 3189 assimilatas
2231 3142 2406 3187 autem
2432 3128 2573 3187 Filio
2608 3130 2723 3198 Dei,
2756 3139 2933 3185 manet
2962 3128 3210 3186 sacerdos
3249 3133 3304 3186 in
3333 3148 3456 3202 per-

1870 3240 2106 3296 petuum.
2139 3225 2251 3281 lloc
2302 3228 2467 3281 etiam
2516 3224 2746 3295 perinde
2788 3223 3085 3295 intelliges.
3123 3234 3182 3280 ut
3229 3220 3458 3296 prmum;

1880 3325 2110 3373 morata.
2129 3317 2411 3383 Quatenus
2429 3319 2575 3372 enim
2600 3317 2768 3372 homo
2789 3325 2931 3382 erat,
2959 3317 3197 3374 trahebat
3225 3332 3456 3390 prorsus

1883 3408 2245 3465 Melchisedec
2291 3423 2416 3463 cum
2474 3409 2804 3482 principium
2855 3411 3094 3476 dierum,
3138 3418 3256 3466 tum
3295 3410 3456 3467 ditent

1887 3500 2045 3553 vitae:
2085 3513 2272 3555 verum
2306 3509 2581 3572 quatenus
2609 3517 2709 3558 nos
2740 3502 3021 3558 nescimus
3052 3503 3271 3572 quando
3296 3512 3459 3558 natus

1877 3592 1955 3649 sit
1981 3602 2073 3647 aut
2096 3599 2376 3657 ruortuus,
2414 3594 2559 3664 quod
2584 3594 2783 3650 attinet
2819 3592 2887 3649 ad
2915 3603 3161 3649 nostram
3184 3596 3460 3666 cognitio-

1877 3701 2030 3751 nem,
2061 3701 2239 3756 ueque
2264 3687 2597 3757 principium
2658 3702 2835 3759 neque
2869 3688 3032 3742 linem
3065 3687 3253 3743 habet.
3290 3670 3459 3742 Chri-

1882 3787 2001 3835 stus
2030 3785 2215 3834 tamen
2240 3794 2449 3845 revera,
2487 3790 2547 3835 ut
2581 3780 2748 3849 Deus,
2779 3796 2961 3852 neque
2994 3780 3211 3836 initium
3246 3781 3461 3837 dierum

1886 3869 2082 3926 habet:
2118 3870 2393 3940 principio
2425 3870 2570 3926 enim
2593 3879 2763 3938 caret,
2789 3872 2944 3942 juxta
2963 3873 3289 3944 principium
3313 3874 3461 3945 quod

1881 3975 1913 4015 a
1947 3971 2190 4032 tempore
2227 3963 2451 4030 dicitur,
2484 3965 2696 4019 etiamsi
2744 3962 2962 4020 Patrem
3014 3964 3213 4020 habeat
3251 3965 3461 4034 princi-

1883 4053 2031 4123 pium
2079 4062 2338 4124 tanquam
2379 4066 2601 4111 causam
2639 4073 2654 4111 :
2693 4070 2871 4126 neque
2905 4054 3102 4111 tinem:
3136 4056 3464 4112 immortalis

1877 4145 2026 4201 enim
2054 4154 2159 4213 est,
2192 4155 2354 4218 atque
2392 4156 2451 4202 ut
2490 4148 2805 4202 summatim
2841 4148 3045 4214 dicam,
3070 4150 3461 4219 sempiternus.

1886 4235 1986 4292 Ubi
2014 4248 2145 4295 sunt
2172 4238 2339 4309 igitur
2368 4238 2595 4293 Ariani?
2622 4239 2864 4295 Audiant
2900 4238 3098 4295 Filium
3128 4241 3462 4311 principium

1884 4345 1996 4384 non
2027 4331 2249 4387 habere.
2276 4330 2431 4386 Hanc
2446 4332 2518 4387 ad
2544 4332 2811 4387 rationem
2838 4332 3043 4390 Paulus
3070 4347 3172 4389 nos
3201 4334 3461 4400 instituit,

1883 4420 2157 4490 quomodo
2193 4421 2340 4481 istud
2373 4424 2449 4481 sit
2476 4423 2795 4479 diluendum
2832 4441 2847 4477 :
2888 4434 3053 4495 atque
3084 4425 3253 4480 etiam
3282 4426 3463 4482 sicubi

1882 4514 2084 4585 aliquis
2124 4516 2504 4584 dubitaverit,
2558 4517 2832 4589 quomodo
2881 4517 3136 4576 Christus
3202 4521 3461 4576 sacerdos

1885 4606 1957 4664 sit
1995 4607 2053 4662 in
2099 4617 2363 4665 aeternum
2426 4610 2726 4667 secundum
2783 4609 3034 4667 ordinem
3075 4609 3460 4675 Melehisedcc.

1885 4699 2331 4771 quandoquidem
2358 4701 2719 4759 Melchisedec
2746 4713 2993 4759 mortuus
3021 4711 3126 4770 est,
3158 4719 3260 4761 nec
3281 4703 3463 4761 factus

213 4785 292 4838 ἀεί
340 4789 492 4842 ἐστιν
553 4788 735 4858 ἱερεὺς
777 4788 844 4858 τῇ
892 4786 1144 4859 ἀληθείᾳ.
1208 4788 1318 4841 Καὶ
1377 4787 1474 4841 νῦν
1532 4788 1631 4858 μὲν
1672 4790 1775 4859 γὰρ

1887 4801 1973 4849 est
1997 4794 2255 4849 sacerdos
2279 4794 2335 4850 in
2360 4795 2775 4867 sempiternum.
2794 4795 2962 4867 693
2996 4798 3277 4854 Diluemus
3298 4799 3467 4871 igitur

210 4878 461 4934 ἑκάστοτε
508 4879 704 4934 ἑαυτὸν
734 4880 875 4947 ὑπὲρ
898 4880 1055 4951 ἡμῶν
1095 4881 1430 4952 προσφέρειν
1469 4880 1784 4935 πιστεύεται

210 4966 292 5023 tta
316 4970 425 5024 τῶν
462 4971 797 5042 λειτουργῶν
828 4970 1018 5036 αὑτοῦ,
1048 4971 1222 5037 ἄλλως
1263 4990 1323 5026 τε
1363 4974 1456 5027 καὶ
1480 4974 1558 5037 ὡς
1594 4975 1785 5044 ἐντυγ-

211 5058 383 5129 χάνων
411 5063 493 5132 τῷ
526 5062 704 5132 Πατρὶ
738 5062 879 5133 ὑπὲρ
903 5062 1065 5133 ήμῶν
1091 5079 1105 5095 ο
1132 5064 1226 5116 καὶ
1245 5063 1368 5117 τότε
1399 5064 1455 5116 δὲ
1497 5066 1568 5119 τὰ
1591 5065 1789 5118 τελεώ-

214 5165 342 5221 τερα
387 5152 740 5223 ίερουργήσει
801 5155 932 5224 ήμίν
975 5152 1069 5208 καὶ
1127 5142 1528 5229 μυστικώτερα,
1594 5157 1786 5210 ἑαυτὸν

214 5243 339 5313 ήμῖν
384 5247 466 5309 είς
499 5240 705 5317 βρῶσιν
735 5246 830 5299 καὶ
878 5246 1035 5300 πόσιν
1095 5246 1374 5318 προτιθεὶς
1429 5250 1631 5313 καινῶς
1690 5250 1785 5303 καὶ

214 5334 349 5405 ὑπὲρ
373 5336 560 5390 πᾶσαν
588 5336 792 5406 νόησιν.
828 5335 886 5391 ’0
936 5335 994 5390 δὲ
1045 5327 1383 5408 Μελχισεδὲκ
1429 5339 1786 5411 ἀτελεύτητον

211 5429 423 5498 λέγεται
446 5429 594 5500 ἔχειν
613 5431 710 5501 τὴν
744 5428 1063 5501 ἱερωσύνην,
1086 5431 1184 5503 ούχ
1202 5433 1283 5498 ὅτ,
1322 5432 1387 5504 ζῇ
1414 5432 1500 5487 ἀεί
1516 5450 1531 5465 ο
1564 5433 1786 5504 ἐτεθνή.

215 5542 297 5577 κει
320 5523 430 5593 γάρ
457 5539 473 5553 ο
518 5520 654 5575 ἀλλὰ
703 5522 842 5579 καθὸ
895 5528 998 5582 ούκ
1060 5524 1363 5596 ἐμφέρεται
1400 5528 1465 5598 τῇ
1513 5528 1552 5580 Γ
1558 5533 1701 5602 ραςρῇ
1728 5532 1789 5585 τὸ

216 5617 361 5681 τέλος
387 5617 580 5682 αὑτοῦ,
610 5619 676 5672 ἵν’
715 5618 964 5672 ἐντεῦθεν
986 5619 1206 5690 ἔχοιμεν
1239 5617 1550 5688 γινώσκειν,
1579 5622 1706 5675 πότε
1747 5622 1782 5691 ή

220 5705 483 5778 ιερωσύνη
516 5708 679 5762 αὑτοῦ
700 5708 997 5764 ἐπαύσατο.
1038 5710 1250 5781 ’Ὠσπερ
1301 5705 1394 5762 οὖν
1444 5710 1538 5764 καὶ
1577 5712 1634 5762 ἐν
1672 5716 1783 5775 τοῖς

1893 4887 2042 4954 hinc,
2068 4887 2339 4954 dicentes,
2376 4888 2678 4954 Christum,
2730 4903 2856 4944 cum
2903 4898 3142 4946 aeternus
3173 4890 3248 4947 sit
3274 4899 3330 4946 et
3360 4892 3467 4947 im-

1890 4980 2160 5046 mortalis,
2202 4996 2397 5037 revera
2437 4997 2653 5060 sempet;
2683 4996 2806 5038 esse
2840 4985 3210 5039 sacerdotem.
3242 4982 3376 5039 Nam
3408 4993 3465 5040 et

1890 5086 2038 5127 nunc
2077 5072 2300 5142 quidem
2336 5088 2552 5145 semper
2568 5081 2627 5129 et
2657 5073 2861 5144 ubique
2897 5075 3141 5145 seipsum
3174 5089 3274 5144 pro
3304 5075 3467 5130 nobis

1888 5160 2085 5219 oii‘erre
2114 5164 2360 5221 creditur
2402 5180 2500 5235 per
2535 5166 2817 5222 ministros
2839 5180 2992 5228 suos.
3012 5166 3314 5235 prasertim
3335 5180 3463 5222 cum

1891 5258 2033 5330 apud
2068 5258 2283 5316 Patrem
2335 5276 2436 5333 pro
2479 5261 2642 5317 nobis
2674 5261 2996 5317 intercedit:
3024 5269 3139 5316 tum
3173 5274 3302 5318 vero
3338 5279 3466 5335 per-

1890 5349 2128 5407 fectiora
2166 5360 2222 5407 et
2244 5353 2417 5425 magis
2435 5351 2664 5424 mystica
2702 5366 2858 5407 sacra
2887 5366 2988 5422 pro
3017 5352 3176 5407 nobis
3200 5353 3462 5422 perﬁciet,

1892 5441 2134 5511 seipsum
2166 5442 2326 5497 nobis
2365 5444 2420 5498 in
2450 5442 2637 5498 cibum
2670 5448 2931 5513 etpotum
2966 5449 3298 5510 proponens,
3325 5456 3468 5498 novo

1896 5532 2132 5599 quodam
2153 5534 2315 5590 modo
2347 5546 2567 5588 omnem
2596 5534 2800 5603 ingenii
2828 5541 3050 5604 captum
3074 5545 3462 5603 exsuperante.

1893 5623 2255 5681 Melchisedec
2296 5636 2478 5680 autem
2526 5635 2791 5681 πίοι-ηοω
2848 5628 3050 5681 habere
3098 5625 3465 5683 sacerdotium

1892 5716 2251 5783 dieitur,non
2276 5718 2427 5789 quod
2454 5718 2600 5773 vivat
2625 5731 2860 5787 semper,
2894 5726 3141 5774 mortuus
3168 5718 3317 5774 enim
3348 5727 3433 5773 est

1575 5892 1774 5954 Variae
1803 5892 2130 5956 lectiones.

286 5985 306 6016 '
334 5986 571 6057 Χριστός
604 6003 657 6045 0.
736 5990 756 6020 ³
786 5989 966 6059 λέγειν
1006 6005 1057 6044 0.
