3918 6540
143 389 224 447 287)

831 381 1238 442 EXPOSITIO
1279 382 1356 442 IN
1396 381 1632 441 EPIST.
1662 382 1760 440 AD
1790 382 2179 444 HEBREOS.
2209 409 2273 420 -
2297 384 2452 444 CAP.
2496 384 2660 449 VIII.

3233 385 3341 448 286

143 495 403 566 καθαρίσαι
424 496 443 526 ⁸
472 495 537 548 δι’
561 493 726 566 αὐτῆς
750 495 840 548 τὸν
865 497 1087 568 κόσμον.
1119 498 1264 567 ’Λρα
1287 498 1380 552 καὶ
1415 499 1473 550 ἐν
1495 495 1670 565 τούτῳ
1701 548 1702 551 η

1813 497 1994 553 enittts
2028 514 2126 568 ρετ
2173 499 2349 568 ipsum
2383 497 2696 553 universum
2754 496 3017 552 mundum
3075 499 3347 568 purgarit.

142 591 364 660 ὑπερέχει
395 589 631 642 ἐκείνων.

198 681 362 736 Τοῦτο
406 681 513 749 γὰρ
555 681 842 748 ἐποίησεν
871 681 1132 752 ἐφάπαξ,
1169 682 1385 736 ἑαυτὸν
1429 678 1672 748 ἀνενέγ-

141 792 249 837 κας.
298 772 447 825 Ποῖον
479 772 668 836 τοῦτος
699 774 773 826 Τὸ
821 777 1206 842 προσενεγκεῖν
1252 775 1391 845 ὑπὲρ
1441 773 1548 825 τῶν
1581 772 1673 825 τοῦ

142 865 250 914 λαοῦ
280 861 574 930 ἁμαρτιῶν,
609 863 706 932 οὐχ
753 863 892 933 ὑπὲρ
947 864 1168 916 ἑαυτοῦ.
1222 863 1427 927 ”Απαξ,
1485 862 1673 931 φησὶν,

141 950 424 1021 ἱερῑύσατο·
483 951 618 1019 μετὰ
655 951 831 1004 ταῦτα
874 953 928 1006 δὲ
977 953 1210 1024 κάθηται
1259 953 1334 1016 ὡς
1375 953 1674 1021 Δεσπότης.

142 1045 238 1094 Ἰνα
265 1041 366 1112 γὰρ
395 1041 466 1111 μὴ
496 1042 707 1096 ἀκούων
741 1045 912 1114 ἱερέα,
945 1047 1176 1118 νομίσῃς
1206 1046 1370 1100 αὑτὸν
1398 1045 1486 1099 ἀεὶ
1519 1046 1679 1098 ἐστα-

143 1154 230 1201 ναι,
259 1138 343 1188 καί
372 1136 683 1206 λειτουργὸν
717 1133 876 1204 εἶναι,
905 1141 1180 1193 δείκνυσιν
1209 1142 1292 1192 ὅτι
1329 1141 1450 1192 κατ’
1477 1143 1679 1191 οἰκονο-

143 1229 251 1295 μίαν
284 1226 452 1294 ἱερεὺς
483 1228 695 1295 γέγονε.
731 1229 843 1298 Τῆς
871 1231 924 1282 δὲ
957 1231 1269 1300 οἰκονομίας
1313 1230 1680 1302 τελεσθείσης,

143 1317 271 1380 αὖθις
300 1316 390 1370 τοῦ
418 1319 620 1371 οἰκείου
659 1319 826 1389 ὕψους
855 1321 1169 1374 ἐπελάϐετο.

1776 587 1954 656 Quare
1990 599 2044 644 et
2070 590 2126 644 in
2153 591 2254 646 hoc
2283 589 2504 645 excellit
2532 589 2657 644 illos
2689 589 2964 646 Christus.

1847 686 1960 736 Hoc
1985 683 2122 736 enim
2155 683 2273 750 fecit
2303 682 2483 747 semel,
2546 699 2601 736 se
2648 683 2930 752 o/ferendo.
2984 681 3155 747 Quale
3210 681 3353 738 hoc?

1778 773 1848 830 Ut
1869 774 2085 828 oﬂ‘crret
2113 789 2209 842 pro
2237 774 2420 844 populi
2452 773 2715 844 peccatis,
2753 788 2860 828 non
2899 788 2998 844 pro
3030 773 3350 841 semetipso.

1781 869 1983 933 Semel,
2017 868 2213 937 inquit,
2271 867 2428 937 701
2475 882 2692 922 sacrum
2733 866 2883 932 fecit,
2964 873 3154 934 postea
3220 879 3354 918 vero

1781 967 1840 1013 ut
1872 959 2131 1014 Dominus
2181 959 2356 1014 sedet.
2386 957 2464 1011 Ne
2491 957 2636 1011 enim
2668 971 2792 1010 cum
2846 955 3004 1011 audis
3060 970 3184 1009 eum
3231 969 3356 1008 esse

1781 1050 2140 1114 sacerdotem,
2169 1049 2450 1105 existimes
2487 1062 2612 1102 eum
2673 1056 2935 1117 perpetuo
2962 1055 3109 1102 stare
3163 1061 3226 1099 ac
3251 1045 3355 1099 mi-

1769 1143 2021 1198 -nistrutn
2060 1157 2205 1206 csse,
2257 1139 2497 1195 ostendit
2545 1138 2689 1208 quod
2743 1153 2839 1209 per
2894 1138 3358 1208 dispensationem

1783 1233 1960 1288 factus
1987 1239 2073 1288 cst
2103 1230 2363 1286 sacerdos
2405 1249 2419 1287 :
2471 1230 2880 1301 dispensatione
2926 1241 3108 1284 autem
3170 1238 3358 1284 trans-

1783 1333 1926 1389 acta,
1975 1325 2256 1396 proprium
2312 1338 2508 1380 rursus
2539 1322 2709 1378 decus
2762 1331 2818 1378 et
2871 1321 3150 1392 fastigium
3211 1335 3363 1376 rece-

1715 1455 1728 1464 .
1786 1419 1885 1489 pit.

204 1502 261 1553 '0
291 1503 468 1569 νόμος
517 1502 628 1570 γὰρ
671 1502 1022 1569 ἀνθρώπους
1069 1503 1432 1566 καθίστησιν
1481 1502 1683 1569 ἀρχιε-

143 1593 271 1660 ρεῖς,
306 1594 558 1660 ἔχοντας
611 1593 952 1648 ἀσθένειαν.
1008 1595 1125 1646 Ἵνα
1171 1593 1244 1664 μὴ
1283 1594 1548 1664 νομίσῃς,
1601 1594 1684 1645 ὅτι

146 1685 266 1748 ἅπαξ
295 1686 387 1754 μὲν
419 1688 786 1756 προσήνεγκε,
816 1687 956 1757 πλὴν
984 1687 1078 1740 καὶ
1109 1685 1249 1756 ὑπὲρ
1277 1687 1495 1741 ἑαυτοῦ·
1520 1703 1688 1739 κατα-

147 1775 364 1838 σκευάζει
389 1775 482 1830 νῦν
513 1777 595 1830 ὅτι
638 1777 736 1847 οὐχ
775 1778 915 1848 ὑπὲρ
942 1779 1160 1831 οἰκείων
1196 1779 1481 1848 ἁμαρτιῶν
1513 1794 1684 1848 προσ-

146 1867 360 1935 ήνεγκεν.
402 1868 462 1922 '0
494 1871 596 1938 μὲν
622 1871 732 1942 γὰρ
765 1870 930 1941 νόμος
965 1869 1156 1941 ψιλοὺς
1186 1871 1510 1941 ἀνθρώπους
1553 1870 1686 1924 καθ·
1721 1848 1761 1901 Β

150 1957 330 2027 [στησιν
355 1961 654 2030 ἀρχιερεῖς,
688 1960 914 2032 ἔχοντας
944 1961 1252 2024 ἀσθένειαν,
1298 1961 1570 2026 τουτέστι,
1608 1961 1683 2030 μὴ

147 2047 440 2118 δυναμένους
498 2053 821 2122 ἀντιστῆναι
845 2055 889 2085 ⁸⁸
941 2056 1006 2125 τῇ
1069 2052 1353 2124 ἁμαρτίᾳ,
1401 2052 1537 2106 ἀλλὰ
1593 2053 1687 2106 καὶ

149 2141 314 2203 αὖτοὺς
351 2141 422 2204 ὡς
459 2143 710 2207 ἀσθενεῖς
763 2145 1173 2208 ὑποπίπτοντας
1226 2143 1586 2215 πταίσμασιν.
1627 2145 1688 2197 Ὀ

148 2231 192 2284 δὲ
209 2231 362 2295 οὕτως
381 2235 457 2285 ὧν
479 2235 709 2300 δυνατὸς
737 2237 812 2299 ὡς
836 2237 986 2301 Υἱὸς,
1012 2237 1128 2301 πῶς
1154 2237 1220 2291 ἂν
1245 2236 1355 2306 ἔχοι
1379 2237 1686 2307 ἁμαρτίαν;

155 2324 215 2394 μὴ
238 2324 360 2395 ἔχων
377 2326 454 2389 δὲ,
470 2329 618 2391 τίνος
647 2329 832 2382 ἕνεκεν
851 2331 1190 2401 προσέφερεν
1213 2329 1279 2384 ἂν
1305 2330 1434 2401 περὶ
1456 2328 1649 2381 ἑαυτοῦ
1673 2344 1688 2394 ;

151 2413 270 2468 Ἀλλ’
312 2419 426 2472 οὐδὲ
475 2421 621 2490 ὑπὲρ
673 2422 782 2474 τῶν
831 2422 1012 2476 ἄλλων
1055 2423 1337 2487 πολλάκις,
1376 2423 1493 2477 ἀλλ’
1524 2422 1688 2487 ἅπαξ.

153 2512 350 2575 cavati);
379 2513 485 2584 γὰρ
507 2513 610 2580 ὣν,
639 2515 801 2585 ἤρκει
841 2515 939 2569 καὶ
967 2515 1056 2570 διὰ
1097 2514 1190 2568 τοῦ
1227 2515 1374 2582 ἅπαξ
1409 2532 1692 2587 προσαγα·

153 2605 246 2667 γείν
269 2604 324 2656 τὸ
349 2607 453 2658 πᾶν
477 2605 699 2660 ἁνύσαι.
724 2607 958 2678 Νοήσεις
981 2608 1039 2662 δὲ
1069 2607 1357 2662 ἀσθένειαν
1389 2608 1484 2661 καὶ
1526 2605 1696 2676 αὐτὴν

151 2693 233 2762 τὴν
260 2694 544 2766 ἁμαρτίαν,
602 2698 678 2762 ὡς
725 2697 994 2770 πολλαχοῦ
1053 2716 1220 2768 φησιν
1271 2701 1437 2763 αὐτὸς
1482 2694 1636 2762 οὗτος
1669 2700 1697 2752 ὁ

156 2783 354 2850 Παῦλος,
383 2788 413 2853 ἢ
446 2791 543 2843 καὶ
575 2790 668 2843 τὸν
717 2790 966 2846 Θάνατον.
1025 2793 1224 2862 Θνητοὶ
1257 2793 1384 2862 ,γὰρ
1441 2791 1595 2855 ὄντες
1648 2793 1698 2844 οἱ

155 2879 336 2943 νομικοὶ
355 2879 658 2950 ἀρχιερεῖς,
688 2883 783 2935 καὶ
814 2883 1084 2949 ἀσθενεῖς,
1114 2883 1240 2938 οὔτε
1275 2884 1432 2940 αὐτοὶ
1452 2884 1702 2956 ἀναμάρ-

156 2984 281 3036 τητοι
311 2966 464 3042 ἦσαν,
496 2973 628 3028 οὔτε
676 2976 868 3041 ἄλλους
899 2978 1163 3047 ἠδύναντο
1208 2979 1506 3050 καθαρίσαι
1527 2997 1542 3013 '
1576 2983 1605 3035 ὁ
1643 2981 1699 3036 δὲ

157 3057 388 3128 ἀθάνατος
409 3067 502 3119 καὶ
533 3069 779 3138 ἰσχυρός.
819 3070 1018 3124 Ἀκουε
1049 3071 1105 3125 δὲ
1141 3075 1236 3127 καὶ
1268 3074 1375 3127 τῶν
1407 3074 1555 3142 ἑξῆς.

1863 1509 2026 1566 Vens.
2069 1509 2162 1567 ‘28.
2197 1509 2307 1564 Lex
2347 1511 2485 1565 enim
2533 1507 3052 1563 hominesconstituit
3095 1509 3364 1576 pontiﬁces

1786 1603 2143 1672 inﬁrmitatem
2217 1601 2484 1656 habentes.
2540 1599 2618 1654 Ne
2676 1599 2966 1668 intelligas,
3020 1597 3164 1667 quod
3199 1599 3367 1653 semel

1787 1694 2006 1764 quidem
2039 1694 2322 1759 obtulerit,
2361 1708 2551 1748 verum
2585 1701 2635 1745 et
2690 1706 2789 1762 pro
2821 1690 3136 1760 semetipso,
3169 1690 3370 1744 astruit

1789 1803 1935 1842 nunc
1964 1787 2108 1856 quod
2167 1803 2274 1841 non
2336 1801 2434 1858 pro
2497 1784 2734 1856 propriis
2788 1784 3029 1855 peccatis
3090 1783 3372 1838 victimam

1787 1879 2065 1935 obtulerit.
2093 1880 2198 1935 Lex
2233 1881 2378 1935 enim
2409 1879 2586 1934 nudos
2624 1879 2875 1934 homines
2899 1877 3189 1949 pontiﬁces
3214 1875 3365 1941 facit,

1789 1973 2091 2028 inﬁrmitati
2123 1973 2416 2040 obnoxios,
2448 1972 2550 2027 hoc
2586 1980 2692 2036 est,
2742 1971 2834 2041 qui
2869 1986 2978 2025 non
3011 1969 3225 2039 possint
3273 1969 3373 2024 ob-

1789 2065 1984 2119 sistere
2029 2071 2278 2133 peccnto,
2316 2063 2410 2118 sed
2432 2061 2524 2133 qui
2559 2077 2658 2117 ceu
2689 2060 2890 2114 inﬁrmi
2945 2059 3267 2129 impingam,
3321 2066 3375 2112 ct

1791 2157 1846 2210 in
1903 2171 2120 2210 errores
2160 2163 2214 2210 et
2257 2162 2478 2225 peccata
2531 2161 2715 2209 ruant.
2783 2153 2854 2207 At
2905 2167 3033 2207 vero
3089 2154 3180 2220 qui
3239 2149 3375 2204 adeo

1792 2257 1987 2316 potens
2017 2255 2180 2302 estut
2214 2245 2412 2312 Filius,
2463 2244 2741 2318 quomodo
2778 2251 3066 2314 peccatum
3127 2241 3324 2296 habeat
3353 2241 3376 2293 ?

1791 2338 2024 2396 Pcccato
2062 2349 2245 2394 autem
2282 2356 2389 2394 non
2423 2338 2681 2402 inlectus,
2729 2352 2830 2392 cur
2855 2335 3075 2392 oﬂ‘erret
3132 2351 3232 2406 pro
3289 2349 3378 2389 se-

1794 2433 1962 2504 ipso?
2017 2433 2125 2488 Sed
2157 2448 2335 2502 neque
2371 2447 2468 2501 pro
2498 2431 2621 2486 aliis
2661 2431 2882 2500 quidem
2931 2444 3096 2500 smpe,
3152 2427 3250 2484 sed
3289 2441 3378 2481 se-

1796 2525 2158 2580 mel‘tantum.
2187 2523 2323 2578 Cum
2347 2522 2492 2576 enim
2526 2529 2720 2590 potens
2744 2527 2910 2584 esset,
2947 2518 3246 2575 sulliciehat
3284 2533 3380 2588 per

1797 2615 2131 2671 oblationem
2166 2628 2286 2682 quae
2325 2611 2494 2666 semel
2531 2608 2703 2674 ﬁeret,
2733 2618 2908 2665 totum
2963 2611 3246 2680 perlicere.
3276 2608 3381 2662 Per

1799 2705 2172 2760 inﬁrmitatem
2223 2711 2402 2755 autem
2464 2700 2643 2770 ipsum
2695 2699 2898 2769 pariter
2956 2708 3240 2768 peccatum
3293 2698 3382 2752 in-

1802 2798 2037 2868 telliges,
2069 2793 2296 2866 perinde
2328 2808 2391 2848 ac
2415 2806 2790 2861 saepenumero
2821 2791 2936 2862 ipse
2981 2790 3186 2846 Paulus
3205 2791 3376 2859 dicit,

1800 2888 1886 2942 vel
1910 2889 2084 2958 ipsum
2122 2885 2258 2939 adeo
2297 2894 2549 2939 mortem.
2583 2879 2718 2934 Nam
2749 2896 2872 2936 cum
2911 2880 3169 2935 mortales
3203 2889 3386 2936 essent

1805 2981 2006 3049 legales
2061 2976 2352 3047 pontiﬁces
2405 2983 2458 3029 et
2495 2975 2720 3040 inﬁrmi,
2775 2990 2950 3040 neque
2995 2973 3095 3044 ipsi
3147 2972 3388 3043 peccatis

1805 3077 2123 3133 caruerunt,
2157 3082 2338 3137 neque
2356 3067 2494 3122 alios
2520 3066 2586 3119 ab
2621 3067 2689 3121 iis
2743 3065 3014 3121 mundare
3073 3074 3389 3136 potuerunt.

1731 3189 1774 3246 ρ
1809 3163 1918 3220 Ιειε
1961 3176 2090 3216 vero
2132 3159 2459 3215 immortalis
2488 3165 2648 3214 estet
2699 3158 2878 3214 fortis.
2917 3157 3060 3213 Audi
3096 3172 3225 3213 vero
3265 3172 3389 3227 quae

228 3335 283 3389 '0
307 3337 476 3408 λόγος
531 3337 608 3393 δὲ
660 3339 771 3409 τῆς
825 3343 1202 3410 ὁρκωμοσίας
1248 3341 1356 3409 τῆς
1401 3341 1553 3410 μετὰ
1600 3342 1705 3396 τὸν

164 3427 356 3495 νόμον,
419 3431 561 3485 Υιὸν
644 3435 730 3499 εις
798 3433 906 3487 τὸν
980 3433 1171 3488 αἰῶνα
1227 3437 1701 3504 τετελειωμένον.

165 3519 280 3588 Ὅρα
303 3521 395 3584 τὰς
422 3523 874 3589 ἁντιόιαστολάς·
908 3525 1026 3578 ἐκεῖ
1055 3525 1241 3595 νόμος,
1277 3525 1511 3580 ἐνταῦθα
1548 3525 1707 3594 λόγος

165 3609 494 3680 ὁρκωμοσίας,
553 3614 822 3679 τουτέστι,
883 3612 1252 3683 βεϐαιότατος,
1310 3615 1704 3685 ἀληθέστατοςο

168 3699 262 3752 ius!
284 3701 546 3772 ἅνθρωποι
577 3703 755 3758 δοῦλοι
787 3705 1030 3772 πάντως,
1069 3697 1307 3762 ἐνταῦθα
1330 3707 1480 3772 Υἱὸς,
1511 3708 1710 3762 δεσπό-

168 3809 248 3863 της
267 3794 450 3869 δηλαδή
470 3817 484 3832 ο
512 3801 638 3858 ἐκεῖ
658 3799 926 3866 ἀσθενεῖς,
957 3803 1226 3866 τουτέστι,
1257 3803 1707 3873 προσπταίοντες,

171 3887 408 3960 ἁμαρτίαν
433 3892 677 3963 ἔχοντες,
703 3893 918 3965 θανάτῳ
948 3885 1302 3965 ὖποκείμενοι
1325 3913 1338 3926 ·
1365 3895 1603 3950 ἐνταῦθα
1631 3898 1710 3961 εἰς

169 3978 245 4029 τὸν
265 3981 420 4036 αἰῶνα
448 3983 891 4051 τετελειωμένος,
923 3986 1202 4040 τουτέστιν
1231 3988 1423 4052 ἀΐδιος,
1465 3988 1708 4052 δυνατὸς,

169 4069 220 4122 οὗ
244 4071 324 4124 νῦν
354 4075 507 4144 μόνον
548 4077 960 4147 ἀναμάρτητος,
1011 4079 1127 4132 ἀλλ’
1162 4080 1267 4134 ἀεί.
1305 4082 1367 4133 Εἰ
1397 4083 1578 4134 τοίνυν
1625 4081 1713 4134 τέ-

171 4157 290 4226 λειός
314 4165 470 4232 ἐστιν,
502 4169 556 4220 εί
584 4168 856 4238 μηδέποτε
888 4171 1216 4242 ἁμαρτάνει,
1251 4173 1300 4224 ει
1327 4174 1413 4226 ἀεὶ
1448 4174 1536 4243 ζῇ,
1568 4175 1712 4237 τίνος

171 4253 327 4310 ἕνεκεν
371 4262 750 4331 προσήνεγκεν
793 4261 859 4316 ἂν
889 4263 1030 4335 ὑπὲρ
1080 4263 1301 4331 ἑαυτοῦ,
1331 4265 1365 4334 ἢ
1401 4265 1538 4328 ὅλως
1569 4264 1711 4336 ὑπὲρ

173 4345 317 4401 ἄλλων
343 4351 537 4417 πολλάς
557 4354 611 4421 ';

751 4448 1003 4506 ΚΕΦΔΛ.
1033 4447 1114 4503 H'.

1806 3262 2137 3322 sequuntur.

1877 3349 2061 3400 Sermo
2097 3354 2273 3400 autem
2325 3340 2685 3410 iurisjurandi
2717 3339 2854 3408 quod
2903 3348 3018 3408 post
3076 3339 3238 3409 legem
3285 3348 3386 3404 est,

1806 3438 2000 3493 Filium
2033 3440 2087 3491 in
2143 3449 2395 3491 attentum
2443 3435 2752 3502 perfectum.
2789 3431 3029 3486 Observa
3093 3433 3390 3487 contraria.

1807 3527 1924 3582 Illic
1972 3526 2078 3590 lex,
2103 3525 2190 3578 hic
2227 3539 2351 3578 vero
2381 3535 2564 3577 sermo
2596 3518 2980 3590 jurisjurandi,
3005 3519 3106 3572 hoc
3135 3526 3240 3582 est,
3278 3533 3394 3572 ccr-

1809 3618 2079 3680 tissimus,
2119 3614 2443 3670 verissimus
2478 3630 2492 3667 :
2530 3611 2644 3666 illic
2684 3611 2935 3665 homines
2975 3609 3119 3665 servi
3144 3611 3392 3676 omnino,

1810 3711 1899 3766 hic
1925 3723 2054 3766 vero
2091 3708 2282 3773 Filius,
2331 3704 2597 3760 Dominus
2671 3703 2922 3758 videlicet
2953 3719 2968 3755 :
3004 3701 3113 3756 illic
3172 3701 3394 3765 inﬁrmi,

1811 3805 1915 3860 hoc
1943 3813 2028 3860 est
2076 3803 2469 3874 impingenles,
2503 3799 2744 3870 peccatis
2787 3795 2997 3860 infecti,
3061 3795 3222 3850 morti
3293 3793 3395 3849 ob-

1811 3899 1986 3964 noxii,
2015 3897 2102 3952 hic
2165 3911 2299 3951 vero
2353 3895 2408 3950 in
2477 3892 2872 3963 sempiternum
2931 3886 3227 3959 perfectus,
3298 3887 3400 3942 hoc

1811 4003 1896 4049 est
1967 3992 2352 4061 sempiternus,
2409 3997 2622 4059 potens,
2683 4002 2789 4040 non
2853 3999 3002 4038 nunc
3061 3981 3400 4035 solummodo

1815 4084 2212 4155 impeccabilis,
2277 4083 2368 4138 sed
2394 4098 2632 4153 semper.
2687 4081 2742 4135 Si
2780 4081 2944 4150 igitur
2975 4080 3254 4150 perfectus
3287 4087 3397 4139 est,

1813 4178 1862 4231 si
1917 4191 2196 4245 nunquam
2256 4183 2471 4244 peccat,
2527 4173 2572 4228 si
2642 4187 2860 4242 semper
2907 4169 3062 4235 vivit,
3127 4167 3402 4238 quomodo

1816 4286 1913 4340 pro
1947 4269 2130 4340 seipso
2163 4269 2380 4332 obtulit,
2436 4275 2528 4319 aut
2578 4265 2800 4319 omnino
2847 4279 2945 4334 pro
2975 4263 3096 4317 aliis
3141 4262 3402 4330 frequen-

1814 4361 1928 4415 tet?

2391 4447 2621 4503 CAPUT
2695 4444 2830 4501 Vill.

230 4534 548 4601 Κεφάλαιον
590 4537 659 4591 δὲ
701 4537 802 4592 ἐπὶ
836 4539 964 4606 τοῖς
1013 4537 1381 4609 λεγομένοις,
1446 4542 1702 4597 τοιοῦτον

1894 4545 2054 4599 Vens.
2078 4543 2128 4596 l.
2164 4539 2470 4609 Capitulum
2503 4551 2678 4592 autem
2704 4552 2859 4597 super
2887 4553 2950 4591 ea
2987 4551 3103 4604 qua:
3131 4533 3405 4601 dicuntur,

175 4618 360 4690 ἔχομεν
386 4627 681 4697 ἀρχιερέα,
715 4629 783 4696 ὂς
821 4629 1104 4688 ἐκάθισεν
1135 4631 1206 4684 ἐν
1237 4632 1406 4702 δεξιᾷ
1443 4634 1549 4688 τοῦ
1587 4638 1719 4704 θρό-

179 4727 270 4767 νου
310 4717 410 4785 τῆς
440 4724 883 4792 μεγαλωσύνης
925 4725 996 4778 ἐν
1030 4725 1158 4790 τοῖς
1197 4727 1496 4795 οὐρανοῖς.
1536 4730 1720 4800 Κεφά-

179 4803 304 4862 λαιον
331 4813 412 4865 ἀεὶ
435 4814 495 4867 τι
525 4816 787 4884 μέγιστον
816 4817 1034 4885 λέγεται
1060 4833 1075 4849 ο
1101 4819 1227 4872 ὅταν
1253 4836 1337 4881 τις
1371 4821 1429 4872 ὲν
1461 4821 1628 4894 ὀλίγῳ
1654 4823 1723 4876 τὰ

180 4899 450 4972 κυριώτερα
485 4906 830 4976 παρα).αόεἶν
888 4907 1079 4978 μέλλῃ,
1135 4909 1194 4961 ὲν
1245 4911 1531 4983 κεφαλαίῳ
1587 4913 1724 4984 φησὶ

181 4991 418 5045 ποιεῖσθαι
439 4995 530 5047 τὸν
585 4995 742 5065 λόγον
769 5015 784 5028 ·
825 4996 1016 5068 ὥσπερ
1063 5000 1158 5052 καὶ
1205 5001 1240 5068 ἠ
1284 5000 1499 5072 κεφαλὴ
1548 5003 1722 5072 μικρὰ

183 5073 294 5134 οὖσα
320 5085 377 5137 τὸ
407 5086 738 5159 κυριώτερόν
775 5092 893 5143 ἐστι
945 5091 1040 5144 τοῦ
1099 5090 1371 5162 σώματος.
1415 5095 1585 5164 Φησὶν
1631 5094 1724 5148 οὖν

187 5171 263 5222 καὶ
288 5173 372 5227 νῦν
404 5178 432 5230 ὁ
469 5181 791 5243 ’Λπόστολος
815 5197 830 5212 ⁸
877 5181 1218 5251 Κεφάλαιον
1247 5184 1316 5237 δὲ
1347 5184 1445 5238 ἐπὶ
1473 5185 1597 5251 τοῖς
1624 5189 1724 5240 λε-

184 5264 450 5333 γομένοις,
479 5272 778 5338 τουτέστιν,
808 5273 895 5326 ἵνα
923 5274 1064 5326 είπω
1092 5275 1152 5326 τὸ
1180 5275 1434 5344 μέγιστον
1473 5278 1567 5330 καὶ
1598 5295 1728 5330 συν-

185 5351 540 5438 εκτικώτερον,
569 5361 700 5413 Θεὸν
729 5361 925 5431 ἔχομεν
965 5363 1142 5435 ’Λρχιε
1155 5363 1272 5434 ρὲαο
1315 5364 1388 5417 Τδ
1413 5366 1520 5436 γὰρ
1555 5367 1726 5438 καθῆ⁹

186 5436 312 5506 σθαι,
337 5445 541 5512 οὐδενὸς
581 5450 762 5514 ἄλλου,
804 5452 837 5521 ἢ
865 5452 1026 5507 Θεοῦ.
1058 5453 1201 5524 Ὅρα
1246 5455 1303 5507 δὲ
1353 5455 1468 5518 πῶς
1495 5436 1728 5512 ταπεινὰ

190 5531 344 5588 πολλὰ
393 5538 578 5606 εἰπὼν,
610 5541 694 5607 τὸ,
740 5542 1056 5615 ἀρχιερεὺς,
1111 5543 1194 5610 τὸ,
1246 5546 1588 5616 ἐντυγχάνει,
1642 5549 1736 5601 καὶ

1823 4637 2001 4692 Talem
2019 4635 2264 4688 habemus
2287 4631 2619 4700 Ponti/irem,
2638 4630 2728 4701 qui
2744 4629 2979 4683 consedit
3010 4628 3060 4681 in
3087 4626 3301 4681 dextera
3327 4643 3406 4679 se-

1821 4729 1904 4782 dis
1931 4726 2232 4796 ntajcstatis
2265 4725 2320 4778 in
2343 4725 2510 4778 (telis.
2535 4722 2853 4792 Capitulum
2882 4735 3098 4791 semper
3125 4720 3267 4789 quod
3293 4733 3397 4772 ma-

1822 4823 2029 4877 ximum
2066 4827 2173 4885 est,
2196 4819 2422 4883 dicitur,
2453 4818 2501 4872 si
2537 4815 2760 4886 quando
2787 4814 3056 4884 quispiam
3090 4811 3232 4883 quod
3268 4827 3408 4882 pra:-

1825 4916 2048 4984 cipuum
2077 4921 2180 4977 est,
2213 4927 2274 4967 se
2329 4911 2516 4980 paucis
2579 4908 3107 4980 comprehensurum
3166 4904 3320 4969 dicit,
3355 4904 3410 4956 in

1829 5020 2042 5060 summa
2077 5019 2199 5059 sese.
2233 5005 2396 5058 verba
2433 5000 2703 5055 facturum
2753 4999 2888 5052 dicit
2921 4994 3413 5067 :qucmadmodum

1829 5107 2014 5167 caput,
2049 5097 2175 5151 licet
2221 5109 2448 5165 parvum
2489 5093 2582 5155 sit,
2629 5091 2906 5161 praecipua
2929 5097 3114 5140 tamen
3158 5084 3412 5151 corporis

1835 5206 1962 5261 pars
2013 5196 2116 5244 est.
2145 5187 2237 5242 Ait
2269 5187 2435 5256 igitur
2465 5184 2630 5240 etiam
2674 5197 2822 5237 nunc
2852 5179 3150 5250 Apostolus
3183 5193 3196 5229 :
3239 5174 3411 5261 Caput

1836 5259 2011 5333 autem
2039 5293 2223 5333 eorum
2249 5290 2366 5346 qua:
2405 5277 2678 5332 dicuntur,
2705 5271 2808 5324 hoc
2837 5275 2944 5331 est,
2981 5274 3040 5320 ut
3061 5259 3415 5332 dicam’quod

1833 5370 2133 5424 maximum
2165 5377 2250 5424 cst
2277 5378 2329 5421 et
2359 5367 2714 5437 przecipuum,
2747 5361 2913 5415 Deum
2945 5359 3207 5412 habemus
3228 5353 3414 5408 Ponti-

1832 5455 2008 5511 ﬁrem.
2040 5455 2342 5512 Considcre
2387 5457 2528 5509 enim
2585 5454 2790 5506 nullius
2848 5459 2930 5504 est
2959 5448 3204 5512 alterius,
3249 5459 3415 5515 quam

1846 5545 1966 5602 Dei.
1998 5545 2242 5603 Observa
2267 5545 2427 5616 702
2450 5554 2629 5600 autem
2660 5541 2804 5613 quod
2837 5556 2958 5596 cum
2985 5539 3152 5592 multa
3189 5535 3417 5590 humilia

1505 5716 1707 5778 Varite
1726 5718 2056 5782 lectiones.

273 5808 292 5838 ⁸
323 5809 546 5883 καθαραί
576 5831 624 5870 o.
702 5817 743 5848 °'
766 5815 1046 5886 ἀντιϐῆναι
1067 5830 1118 5870 ο.
1197 5817 1216 5848 τ
1244 5815 1506 5888 πολλάκις
1531 5833 1581 5872 ο.
