3918 6550
498 405 604 476 283

1412 415 1990 481 THEOPHYLACTI
2033 421 2446 488 ΒυωΑΗῐΑζ
2485 427 2845 493 ARCHIEP.

3668 452 3763 513 284

497 529 665 589 modo
691 528 803 602 jam
837 527 931 586 ubi
963 540 1295 586 conservare
1326 540 1451 583 eum
1478 530 1759 597 convenit,
1818 529 2068 602 interpel-

2184 531 2302 597 πῶς
2328 533 2457 592 ἔνθα
2488 536 2660 596 σῶσαι
2683 539 2785 606 δεῖ,
2818 543 3174 617 ὲντυγχάνει;
3219 548 3279 604 '0
3305 553 3484 611 πᾶσαν
3510 554 3653 629 ἔχων
3677 562 3765 635 τὴν

498 626 611 682 lat?
631 623 735 693 Qui
764 639 928 681 omne
950 620 1220 695 judicium
1238 622 1425 689 habet,
1448 623 1729 695 quomodo
1754 622 2082 681 intercedit?

497 716 602 783 Qui
669 715 893 771 mandat
931 715 1179 786 angelos,
1231 722 1294 769 ut
1326 713 1426 771 hos
1456 715 1676 785 quidem
1709 716 1766 771 in
1800 717 2077 772 caminum

496 810 769 879 injiciant,
792 808 916 864 illos
950 824 1079 865 vero
1104 808 1475 865 conservent?
1515 808 1745 880 Propter
1773 812 2072 868 humanam

497 902 662 971 igitur
687 910 936 957 naturam
991 901 1095 957 hoc
1126 901 1330 957 dictum
1380 909 1488 971 est,
1547 904 1695 973 quod
1748 904 2074 960 intercedat.

496 994 957 1052 Condescendens
1003 995 1149 1050 enim
1186 993 1537 1051 auditoribus
1558 995 1766 1053 Paulus
1799 1014 1813 1051 :
1851 994 1930 1052 Ne
1959 1013 2077 1052 me-

495 1085 684 1153 tuatis,
729 1084 931 1154 inquit,
982 1100 1164 1156 neque
1213 1085 1413 1140 dicatis
1446 1084 1601 1153 :Nzc,
1642 1094 1789 1141 amat
1857 1088 2076 1156 quidem

493 1188 620 1238 nos,
643 1182 697 1229 et
728 1172 985 1228 ﬁduciam
1014 1173 1177 1229 habet
1207 1174 1369 1246 700
1406 1174 1548 1246 apud
1574 1175 1815 1243 Patrem,
1844 1179 1938 1232 sed
1970 1193 2075 1232 non

494 1280 713 1337 semper
745 1272 926 1335 potest
955 1266 1133 1322 nostri
1167 1281 1356 1323 curam
1388 1283 1595 1339 gerere.
1628 1268 1706 1325 Ne
1730 1270 1832 1325 hoc
1855 1268 2073 1327 dicatis.

492 1354 641 1411 Vivit
673 1356 845 1426 enim,
909 1364 964 1412 et
994 1373 1211 1429 semper
1247 1360 1591 1429 pontiﬁcium
1623 1374 1762 1431 opus
1788 1377 1887 1434 pro
1917 1363 2078 1421 nobis

488 1450 757 1519 perlicere
785 1458 989 1521 potest.
1016 1451 1246 1519 Quando
1271 1460 1450 1509 autem
1535 1454 1928 1511 humanitatem
1994 1456 2078 1511 di-

492 1554 648 1606 xero,
690 1554 800 1596 non
860 1557 1092 1614 segrego
1136 1543 1315 1612 ipsam
1341 1559 1372 1599 a
1426 1544 1711 1601 divinitate
1756 1550 1890 1616 (una
1928 1546 2075 1603 enim

492 1635 790 1705 utriusque
818 1645 898 1691 est
929 1650 1164 1707 persona
1186 1637 1271 1693 vel
1305 1637 1662 1710 subjectum),
1695 1639 1791 1695 sed
1823 1640 1989 1695 velim
2019 1648 2077 1695 ut

496 1725 779 1783 auditores
805 1727 859 1782 id
891 1727 1219 1798 intelligant,
1246 1729 1391 1800 quod
1426 1730 1644 1801 utrique
1699 1741 1913 1787 natura)
1939 1747 2073 1787 con-

490 1815 663 1871 venit.
713 1817 983 1874 Przsterea
1018 1817 1152 1875 illud
1218 1820 1399 1891 ipsum
1448 1821 1596 1892 quod
1626 1820 1801 1878 Filius
1851 1839 2074 1880 carnem

2188 628 2391 726 κρίσιν,
2444 631 2563 726 πῶς
2616 634 2974 726 ὲντυγχάνει;
3017 639 3078 695 '0
3116 642 3467 705 ἀποστέλλων
3515 628 3640 718 τοὺς
3677 628 3766 726 ἁγ-

2187 718 2402 811 γέλους,
2435 720 2577 778 ὥστε
2607 725 2736 792 τούς
2774 728 2874 799 μὲν
2918 730 3000 794 είς
3045 732 3278 802 κάμινον
3317 737 3603 809 ἐμϐαλεῖν,
3647 718 3764 811 τοῦς

2186 809 2243 864 δὲ
2278 813 2486 909 σῶσαις
2518 816 2621 871 Διὰ
2666 819 2799 888 γοῦν
2826 820 2926 893 τὴν
2958 823 3361 900 ἀνθρωπότητα
3388 831 3470 900 τὸ,
3510 809 3766 909 ὲντυγχάξ

2186 919 2322 971 νειν,
2379 901 2525 964 εἷπε.
2581 910 3050 978 Συγκαταδαίνων
3084 918 3195 992 γὰρ
3247 924 3361 986 τοῖς
3408 901 3766 982 ἀκούουσιν-ὁ

2186 994 2431 1090 Παῦλος-⁸
2466 999 2560 1071 Μὴ
2589 1001 2827 1075 δείσητε,
2881 1010 3041 1079 φησι,
3078 1012 3153 1083 μὴ
3206 1014 3426 1086 εἴπητε,
3458 1016 3589 1085 Ναὶ,
3627 1020 3767 1090 φιλεῖ

2189 1088 2484 1184 usu-mih,
2527 1095 2622 1148 καὶ
2674 1099 2995 1171 παρρησίαν
3042 1101 3156 1174 ἔχει
3201 1105 3338 1178 πρὸς
3384 1107 3477 1163 τὸν
3524 1088 3764 1184 Πατέρα,

2184 1177 2303 1233 ἀλλ’
2336 1181 2439 1236 οὐκ
2477 1184 2567 1238 ἀεὶ
2606 1184 2831 1241 δύναται
2864 1190 3225 1260 προΐστασθαι
3248 1177 3437 1267 ἡμῶν.
3472 1200 3585 1273 Μὴ
3611 1177 3766 1257 τοῦτο

2184 1272 2399 1345 εἴπητε.
2432 1278 2507 1348 Ζῇ
2567 1278 2696 1351 γὰρ,
2732 1282 2824 1335 καὶ
2860 1283 2948 1336 ἀεὶ
3000 1283 3221 1341 δύναται
3270 1289 3333 1342 τὺ
3382 1291 3766 1363 ἀρχιερατικδν

2185 1365 2348 1439 ἔργον
2401 1373 2578 1423 ποιεῖν
2629 1372 2769 1445 ὑπὲρ
2822 1374 3005 1444 ἡμῶν.
3042 1376 3216 1433 Ὅταν
3271 1379 3331 1434 δὲ
3371 1382 3765 1455 ἀνθρωπότητα

2185 1461 2347 1525 εἴπω,
2379 1462 2440 1516 οὐ
2487 1462 2684 1536 διαιρῶ
2717 1467 2888 1540 αὐτὴν
2926 1470 3028 1541 τῆς
3060 1470 3314 1543 θεότητος
3349 1474 3471 1544 (μία
3498 1476 3608 1546 γὰρ
3636 1477 3765 1531 ὑπό-

2186 1570 2379 1618 στασις
2409 1556 2669 1627 ἀμφοῖν),
2696 1558 2833 1613 ἀλλὰ
2856 1559 3050 1631 δίδωμι
3082 1565 3196 1628 τοῖς
3242 1565 3504 1621 ἀκούουσι
3533 1567 3601 1623 τὰ
3633 1570 3764 1639 πρέ-

2183 1663 2355 1701 ποντα
2386 1649 2515 1720 περὶ
2542 1650 2816 1722 ἑκατέρας
2878 1652 3100 1724 φύσεως
3145 1655 3370 1714 ἐννοεῖν.
3416 1657 3528 1713 Καὶ
3559 1660 3763 1715 αὑτὸδὲ

2183 1738 2359 1802 τοῦτο.
2392 1742 2454 1796 τὸ
2489 1742 2670 1813 σάρκα
2726 1744 3001 1815 φοροῦντα
3055 1745 3148 1801 τὸν
3202 1746 3333 1802 Υίδν
3388 1750 3763 1822 συγκαθῆσθαι

2181 1832 2262 1903 τῷ
2308 1835 2505 1906 Πατρὶ,
2565 1836 2807 1904 ἔντευξίς
2842 1841 2991 1893 ἔστιν
3014 1840 3154 1912 ὑπὲρ
3190 1842 3381 1911 ἡμῶν
3432 1843 3636 1898 ὡσανεὶ
3672 1845 3763 1914 τῆς

490 1906 676 1964 ferens
707 1907 856 1965 Patri
884 1911 1115 1978 assidet,
1137 1913 1461 1970 intercessio
1490 1922 1576 1970 est
1608 1929 1707 1986 pro
1737 1916 1920 1979 nobis.
1951 1926 2068 1970 tan-

2181 1926 2383 1996 σαρκὸς
2416 1903 2554 1996 ὐπὲρ
2596 1929 2752 1999 ἡμῶν
2785 1903 3148 2004 δυσωπούσης
3310 1935 3555 2008 Πατέρα,
3591 1936 3670 1997 ὡς
3704 1903 3763 1990 6t;

488 2017 653 2073 quam
676 2016 806 2058 caro
833 2018 933 2074 pro
972 2005 1132 2061 nobis
1194 2014 1384 2061 exoret
1445 2006 1683 2074 Patrem,
1718 2019 1777 2063 ut
1834 2024 1956 2080 qua:
1998 2011 2074 2066 ob

490 2094 596 2149 hoc
629 2094 811 2166 ipsum
856 2097 1084 2153 omnino
1112 2097 1187 2155 sit
1211 2108 1514 2171 assumpta,
1550 2099 1809 2155 nimirum
1840 2102 1913 2158 ob
1939 2115 2072 2157 nos-

488 2194 629 2241 tram
661 2188 919 2245 salutem.

556 2278 726 2335 Vsus.
754 2281 847 2338 26.
886 2281 1034 2339 Talis
1075 2283 1214 2339 enim
1248 2284 1464 2340 decebat
1487 2293 1548 2341 ut
1582 2287 1735 2343 nobis
1758 2296 1893 2343 esset
1926 2286 2073 2343 Pon-

486 2372 643 2441 tifex,
672 2385 910 2443 sanctus,
978 2377 1251 2434 innocens.
1312 2376 1672 2449 Perspicuum
1714 2390 1898 2437 estex
1960 2382 2068 2448 his,

486 2466 632 2535 quod
664 2473 718 2521 ct
752 2468 869 2524 haec
926 2467 997 2526 de
1050 2485 1218 2527 carne
1268 2471 1544 2542 loquatur,
1580 2480 1633 2529 et
1681 2489 1803 2545 quae
1837 2475 2070 2530 antehac

484 2556 645 2613 dixit.
681 2556 815 2627 Quis
874 2560 1019 2617 enim
1051 2561 1119 2618 de
1168 2562 1280 2618 Deo
1308 2563 1437 2619 talia
1464 2564 1685 2632 dixerit,
1717 2575 1772 2622 et
1802 2582 1911 2621 non
1944 2583 2071 2623 eru-

484 2649 674 2707 bescat
699 2653 1237 2724 incomprehensibili
1270 2656 1347 2711 illi
1382 2657 1726 2715 naturaehmc
1754 2659 2070 2730 apponere?

483 2739 720 2799 Sanctus
752 2744 919 2815 igitur
945 2754 1050 2810 est,
1076 2748 1169 2816 qui
1202 2748 1339 2804 nihil
1373 2765 1567 2807 eorum
1599 2767 1720 2823 quae
1747 2750 1930 2808 facere
1968 2752 2065 2809 de-

481 2833 572 2889 bet
599 2835 803 2892 omittit
828 2855 842 2892 :
871 2836 1078 2903 ἄκακος
1118 2848 1325 2907 autem,
1352 2843 1443 2913 qui
1476 2843 1608 2899 dolo
1649 2853 1705 2900 et
1726 2845 1870 2899 malo
1896 2856 2068 2905 caret.

483 2920 609 2979 Non
626 2926 764 2979 enim
788 2926 1028 2983 inventus
1050 2939 1130 2987 est
1158 2930 1211 2984 in
1235 2946 1326 2985 ore
1354 2932 1469 3001 ejus
1492 2933 1671 2996 dolus,

554 3013 898 3085 Impoltutas.
926 3018 1116 3092 Neque
1146 3023 1245 3078 has
1278 3022 1556 3097 quispiam
1589 3025 1793 3082 dixerit
1817 3026 1911 3082 Dei
1945 3042 2069 3085 esse

481 3106 676 3164 laudes
707 3118 1000 3177 ;naturam
1045 3112 1192 3168 enim
1254 3115 1418 3172 habet
1450 3133 1571 3187 quae
1601 3120 1774 3190 pollui
1806 3136 1913 3174 non
1952 3136 2055 3191 po-

2174 2016 2308 2071 αὐτὸ
2334 2017 2495 2071 τοῦτο
2528 2019 2975 2094 προσληφθείσης
3021 2024 3265 2090 πάντως,
3304 2025 3394 2080 διὰ
3420 2026 3519 2098 τὴν
3568 2026 3761 2100 ἡμετέο

2177 2129 2278 2184 ραν
2312 2114 2610 2185 σωτηρίαν.

2251 2293 2527 2363 Τοιοῦτος
2577 2296 2691 2367 γὰρ
2738 2297 2881 2369 ἡμῖν
2911 2299 3177 2369 ἔπρεπεν
3204 2303 3539 2373 ἀρχιερεὺς,
3571 2305 3755 2373 ὅσιος,

2172 2388 2419 2455 ἄκακος.
2479 2392 2760 2462 Προφανές
2809 2393 2875 2447 ἐκ
2923 2395 3151 2462 τούτων,
3192 2395 3275 2450 ὅτι
3323 2397 3455 2470 περὶ
3493 2397 3588 2452 τοῦ
3624 2401 3758 2455 κατὰ

2174 2484 2358 2556 σάρκα
2391 2484 2542 2553 λέγει
2568 2485 2637 2539 τὰ
2669 2486 2776 2557 πρὸ
2806 2485 3036 2553 τούτων,
3077 2488 3172 2541 καὶ
3201 2488 3398 2544 ταῦτα.
3434 2490 3533 2553 Τίς
3559 2492 3674 2562 γὰρ
3699 2491 3756 2545 ἂν

2171 2576 2301 2646 περὶ
2338 2575 2478 2630 Θεοῦ
2508 2577 2735 2631 τοιαῦτα
2765 2580 2934 2646 εῐποι,
2982 2579 3079 2634 καὶ
3107 2580 3208 2634 οὐκ
3238 2580 3666 2654 αἰσχυνθήσεται
3695 2586 3753 2655 τῇ

2167 2666 2541 2739 ἀκαταλήπτῳ
2596 2668 2780 2743 ἐκείνῃ
2835 2667 2998 2739 φύσει
3051 2670 3228 2725 ταῦτα
3291 2673 3751 2743 προσανατιθείς;

2170 2757 2360 2823 Ὄσιος
2379 2759 2478 2829 μὲν
2497 2753 2592 2814 οῦν
2614 2759 2784 2826 ἐστιν,
2813 2762 2841 2814 ὁ
2867 2760 3038 2831 μηδὲν
3056 2761 3167 2815 τῶν
3185 2760 3394 2835 ὠφειλη
3402 2764 3585 2834 μένων
3609 2763 3752 2833 αὐτῷ

2169 2850 2618 2923 παραλιμπάνων
2638 2868 2654 2883 ⁸
2686 2851 2896 2918 ἄκακος
2924 2854 3002 2920 δὲ,
3050 2856 3080 2909 ὁ
3123 2854 3308 2920 ἄδολος
3335 2855 3431 2909 καὶ
3464 2856 3747 2928 ἀπόνηρος.

2169 2943 2285 3014 Οὐχ
2311 2943 2513 3015 εὐρέθη
2537 2943 2648 3015 γὰρ
2673 2943 2826 3009 δόλος
2858 2947 2916 3000 ἐν
2940 2944 3020 3017 τῷ
3055 2944 3289 3017 στόματι
3315 2945 3506 3002 αὐτοῦ.

2251 3034 2574 3106 Ἀμίαντος.
2605 3036 2738 3090 Οὐδὲ
2764 3036 2939 3092 ταῦτα
2968 3037 3103 3092 Θεοῦ
3127 3039 3384 3103 ἐπαίνους
3404 3039 3549 3093 εἴποι
3568 3040 3635 3095 ἄν
3654 3056 3749 3104 τιςο

2170 3127 2337 3198 φύσιν
2370 3129 2480 3200 γὰρ
2507 3130 2620 3202 ἔχει
2646 3131 2723 3202 μὴ
2755 3130 3093 3201 μιαίνεσθαι.
3131 3131 3295 3186 Ἀλλὰ
3328 3132 3489 3203 δῆλον
3512 3133 3599 3188 ὅτι
3631 3134 3752 3205 περὶ

483 3203 610 3252 test.
646 3199 807 3269 Atqui
855 3201 1203 3275 perspicuum
1269 3214 1355 3262 est
1399 3207 1547 3279 quod
1609 3208 1678 3265 de
1724 3211 2065 3270 humanitate

2178 3220 2271 3292 τῆς
2299 3199 2726 3293 ἁνθρωπζτητος
2754 3199 2850 3277 τοῦ
2891 3221 3012 3288 ἑνὸς
3044 3223 3286 3294 Χριστοῦ
3320 3199 3515 3281 ταῦτα.

484 3288 650 3345 unius
675 3290 875 3349 Christi
905 3292 1019 3351 haee
1045 3293 1211 3354 dicat.
1246 3303 1459 3363 “fama

554 3381 869 3458 Segregatus
889 3404 921 3442 a
942 3391 1331 3461 peccatoribus,
1356 3403 1407 3449 et
1428 3395 1686 3452 excelsior
1705 3397 1851 3455 uelis
1867 3398 2066 3469 factus.

480 3473 778 3535 Pontiﬁces
803 3479 1029 3551 legales,
1056 3482 1256 3557 inquit,
1283 3486 1499 3545 etiamsi
1528 3489 1582 3544 in
1613 3493 1828 3547 caeteris
1864 3491 2071 3550 iuerint

480 3571 682 3638 sancti,
730 3581 791 3627 ut
823 3571 1077 3633 homines
1119 3584 1301 3634 tamen
1330 3579 1543 3651 aliquid
1591 3584 1709 3639 vitii
1760 3585 2069 3652 attrahunt.

482 3677 586 3718 nec
616 3664 841 3722 omnino
868 3666 1104 3739 sejuncti
1134 3682 1263 3727 sunt
1289 3686 1320 3727 a
1346 3676 1757 3743 peccatoribus.
1787 3676 1892 3744 Qui
1920 3678 2067 3734 enim

481 3753 588 3811 huc
619 3755 735 3813 ﬁeri
763 3760 962 3830 possit,
996 3776 1121 3817 cum
1161 3772 1215 3818 et
1237 3764 1344 3834 ipsi
1375 3769 1620 3838 peccatis
1648 3754 1777 3826 sint?
1803 3772 2072 3831 obnoxii!

483 3846 772 3918 Praeterea,
829 3869 992 3910 nemo
1036 3855 1281 3927 ipsorum
1330 3859 1384 3914 in
1440 3861 1597 3919 caelis
1651 3863 1809 3920 fuit:
1880 3876 2070 3923 noster

484 3954 614 3996 vero
676 3942 767 3997 hic
826 3941 1104 4015 Pontifex,
1161 3957 1529 4022 praeterquam
1560 3955 1733 4031 quod,
1773 3957 1969 4027 plenus
1995 3961 2069 4015 sit

482 4033 663 4089 omnis
694 4035 937 4102 virtutis,
963 4047 1018 4093 et
1049 4054 1079 4094 a
1111 4043 1497 4112 peccatoribus
1528 4057 1872 4119 segregatus,
1905 4050 2070 4109 altior

482 4126 647 4182 etiam
688 4127 823 4199 ipsis
886 4132 1045 4189 ccelis
1103 4134 1277 4191 factus
1301 4146 1407 4202 est,
1466 4154 1633 4212 super
1660 4150 1891 4211 paterno
1925 4145 2068 4201 solio

483 4219 705 4279 sedens.
751 4221 891 4280 Cum
940 4235 1121 4309 autem
1156 4229 1253 4297 ait,
1285 4230 1483 4301 factus,
1537 4238 1792 4294 omnibus
1856 4242 2069 4311 perSpi-

479 4324 645 4368 cuum
678 4322 763 4371 est
793 4318 938 4386 quod
966 4318 1034 4375 de
1056 4317 1281 4377 Christo
1313 4324 1569 4396 loquatur
1596 4329 1901 4385 secundum
1937 4347 2067 4386 car-

480 4420 625 4463 nem.
651 4407 784 4464 Nam
817 4419 878 4466 ut
905 4411 1046 4470 Deus
1079 4411 1337 4484 Verbum,
1371 4433 1587 4492 semper
1632 4432 1747 4476 erat
1806 4424 1960 4481 caelis
1982 4426 2064 4480 al-

478 4499 605 4555 tior.

2192 3467 2208 3484 ‘
2242 3401 2697 3472 Κεχωρισμένος
2741 3402 2863 3458 ἀπὸ
2907 3401 3030 3458 τῶν
3061 3405 3448 3474 ἁμαρτωλῶν,
3475 3404 3578 3459 και
3602 3406 3749 3474 ὑψη-

2168 3494 2418 3563 ⁸πότιιρος
2447 3492 2566 3549 τῶν
2596 3494 2871 3566 οὐρανῶν
2902 3499 3243 3568 γενόμενος.
3284 3498 3348 3552 Οί
3384 3497 3489 3569 μὲν
3517 3499 3746 3569 νομικοὶ,

2171 3589 2361 3658 φησιν,
2394 3588 2696 3660 ἀρχιερεῖς,
2726 3588 2831 3643 κᾶν
2861 3589 3005 3660 ἂγιοι
3050 3587 3163 3646 εἷεν
3188 3590 3321 3645 τάτε
3354 3591 3511 3655 ἄλλα,
3553 3591 3631 3655 ὠς
3658 3590 3749 3645 ἇν-

2172 3681 2381 3755 θρωποι
2415 3680 2773 3752 ὲπισύρονταί
2816 3699 2872 3735 τι
2916 3681 3019 3753 τῆς
3071 3682 3294 3748 κακίας,
3336 3683 3430 3736 καὶ
3477 3683 3541 3736 οὐ
3580 3682 3748 3753 πάντη

2170 3773 2570 3844 κεχωρισμένοι
2600 3773 2709 3827 εἰσὶ
2756 3774 2867 3827 τῶν
2901 3771 3265 3845 ἁμαρτωλῶν.
3306 3773 3436 3837 Πῶς
3480 3773 3611 3845 γὰρ,
3642 3772 3748 3841 οἶγε

2170 3864 2267 3916 καὶ
2316 3862 2473 3917 αὐτοὶ
2522 3861 2824 3933 ἁμαρτίαις
2856 3861 3076 3933 ἔνοχοις
3130 3862 3242 3917 Καὶ
3289 3862 3545 3933 προσέτι,
3582 3861 3749 3925 οὐδεὶς

2170 3952 2351 4008 αὐτῶν
2383 3954 2444 4006 ὲν
2461 3953 2678 4025 οὐρανῷ
2703 3953 2922 4023 ἐγένετο
2942 3972 2955 3985 ·
2990 3956 3018 4008 ὁ
3042 3953 3099 4008 δὲ
3130 3954 3404 4025 ἡμέτερος
3439 3955 3746 4027 Ἀρχιερεύς

2171 4047 2309 4116 μετα
2343 4044 2438 4099 τοῦ
2467 4044 2650 4116 πάσης
2680 4045 2885 4118 ἀρετῆς
2915 4046 3282 4119 ὐπερπλήρης
3325 4042 3491 4112 εἶναι,
3524 4048 3618 4103 καὶ
3644 4047 3746 4101 τῶν

2170 4137 2516 4209 ἁμαρτωλῶν
2567 4138 2931 4209 κεχωρίσθαι,
2978 4139 3060 4192 ἔτι
3109 4138 3208 4193 καὶ
3261 4138 3596 4211 ὑψηλότερος
3645 4138 3747 4193 τῶν

2168 4228 2414 4299 οὐρανῶν
2460 4230 2710 4300 γέγονεν,
2767 4231 2849 4295 εις
2900 4230 3198 4286 αὐτὸντδν
3251 4232 3522 4304 πατρικὸν
3567 4232 3745 4306 θρόνον

2168 4322 2420 4385 καθίσας.
2454 4321 2529 4376 Τὸ
2567 4321 2646 4387 δὲ,
2677 4322 3028 4393 γενόμενος,
3074 4322 3234 4394 δῆλον
3279 4325 3471 4389 πᾶσιν,
3502 4324 3585 4380 ὅτι
3624 4324 3746 4394 περὶ

2164 4413 2260 4469 τοῦ
2295 4415 2436 4469 κατὰ
2482 4414 2690 4480 σάρκα.
2728 4414 2818 4478 Ὦς
2850 4413 2963 4486 γὰρ
3004 4414 3139 4479 Θεὸς
3187 4415 3384 4485 Λόγος,
3415 4412 3485 4488 ἦν
3530 4417 3614 4473 ἀεί
3642 4416 3745 4469 τῶν

2166 4506 2414 4576 οὐρανῶν
2453 4504 2813 4576 ὑψηλότερος.

556 4588 833 4649 Vsus.27.
872 4595 979 4664 Qui
1032 4614 1135 4653 non
1187 4600 1342 4657 habet
1388 4606 1753 4660 necessitatem
1807 4608 2060 4678 quotidie,

2241 4600 2343 4666 ’ος
2371 4600 2485 4654 οὐκ
2516 4599 2643 4668 ἔχει
2674 4598 2804 4653 καθ’
2849 4597 3082 4669 ἡμέραν
3121 4598 3420 4670 ἀνάγκην,
3455 4599 3651 4668 ὥσπερ
3688 4598 3743 4652 οἱ

474 4686 916 4754 quemadmodum
941 4693 1237 4762 pontiﬁces,
1269 4696 1420 4764 prius
1444 4712 1539 4764 pro
1565 4700 1676 4752 suis
1702 4699 1908 4756 delictis
1937 4700 2066 4758 hos-

479 4777 585 4832 tias
612 4779 822 4848 o/ferre,
857 4780 1043 4839 deinde
1071 4802 1166 4854 pro
1192 4789 1392 4853 populi.
1443 4788 1579 4846 Cum
1619 4790 1874 4859 dixisset,
1927 4811 2061 4851 nos-

479 4877 623 4925 trum
665 4870 987 4930 Pontiﬁcem
1019 4891 1050 4931 a
1094 4880 1484 4946 peccatoribus
1532 4892 1876 4954 segregatum
1915 4903 2061 4955 esse,

476 4976 627 5018 nunc
652 4961 802 5020 istud
841 4967 1160 5038 ampliﬁcat,
1184 4972 1402 5044 aitque:
1428 4974 1581 5030 Adeo
1612 4975 1748 5032 liber
1769 4987 1849 5033 cst
1879 4995 1909 5034 a
1934 4997 2065 5051 pec-

477 5055 634 5121 catis,
669 5066 727 5111 ut
783 5065 838 5114 et
896 5059 1173 5118 vietimam
1219 5063 1458 5123 oﬁerens
1527 5069 1807 5141 proprium
1834 5087 2058 5145 corpus,

475 5161 591 5207 non
624 5164 724 5221 pro
787 5154 1086 5227 semetipso
1155 5157 1258 5214 hoc
1281 5160 1561 5230 obtulerit,
1586 5164 1860 5234 quomodo
1887 5168 2061 5234 enim,

476 5241 574 5313 qui
612 5255 898 5314 peccatum
929 5247 1432 5329 nonieccratﬁsed
1472 5268 1573 5324 pro
1599 5256 1781 5312 nobis.
1831 5256 2061 5329 insuper

478 5344 536 5389 et
568 5335 717 5392 aliud
745 5338 1042 5409 colligitur.
1090 5339 1251 5412 Legis
1282 5342 1537 5402 Mosaicae
1561 5349 1847 5418 pontiﬁces
1876 5354 2062 5421 quoti-

476 5426 567 5485 die
592 5427 916 5497 oﬁerebant,
947 5448 1049 5488 ceu
1083 5436 1176 5505 qui
1199 5448 1456 5507 ‘prorsus
1491 5441 1785 5512 puriticare
1814 5459 1923 5498 non
1956 5461 2055 5515 po-

467 5518 734 5579 inissent.
761 5520 963 5580 Noster
992 5534 1174 5584 autem
1210 5527 1463 5590 Pontifex
1540 5535 1856 5605 hujusmodi
1898 5539 2061 5599 obtu-

473 5608 541 5668 lit
573 5613 928 5680 sacriﬁcium,
977 5619 1123 5689 quod
1176 5622 1311 5681 adeo
1358 5628 1616 5697 praeclara
1671 5632 1935 5701 potuerit,
1993 5641 2054 5687 ut

544 5729 595 5765 ²¹
626 5730 647 5787 ἰ
677 5732 824 5789 Petr.
856 5750 913 5802 tt,
944 5736 1035 5793 23.

2172 4688 2484 4758 ἀρχιερεῖς,
2534 4689 2830 4759 πρότερον
2875 4690 3029 4757 ὑπὲρ
3086 4688 3208 4743 τῶν
3255 4688 3425 4743 ἰδίων
3456 4686 3744 4759 ἁμαρτιῶν

2173 4783 2389 4849 θυσίας
2421 4779 2764 4852 ἀναφέρειν,
2812 4781 3019 4836 ἔπειτα
3048 4780 3167 4836 τῶν
3208 4781 3318 4837 τοῦ
3343 4782 3523 4839 λαοῦ.
3570 4779 3741 4834 Εἰπςὶν

2171 4875 2256 4930 ὅτι
2301 4873 2712 4946 κεχωρισμένος
2746 4873 2865 4926 ἐστὶ
2893 4873 3001 4927 τῶν
3035 4873 3379 4945 ἁμαρτωλῶν
3409 4876 3439 4928 ὁ
3486 4873 3742 4946 ἡμέτερος

2187 4968 2525 5041 Ἀρχιερεύς,
2581 4963 2991 5037 ὲμπλατύνεται
3043 4963 3243 5037 τούτῳ,
3296 4967 3394 5020 καί
3453 4983 3629 5037 φησιν,
3659 4966 3741 5018 ὅτι

2173 5060 2429 5115 τοσοῦτον
2456 5058 2740 5127 ἐλεύθερός
2791 5058 2943 5111 ἔστιν
2996 5058 3307 5130 ἁμαρτιῶν,
3349 5057 3491 5113 ὥστε
3523 5058 3610 5112 καὶ
3645 5056 3741 5109 θυο

2170 5158 2293 5211 σίαν
2328 5152 2718 5226 προσενεγκὼν
2755 5154 2817 5207 τὸ
2858 5154 2990 5209 ῐδιον
3022 5156 3203 5226 σῶμα,
3249 5156 3351 5227 οὐχ
3392 5156 3529 5227 ὑπὲρ
3556 5148 3738 5207 ἑαυτοῦ

2166 5251 2327 5306 τοῦτο
2355 5252 2703 5322 προσήνεγκε
2727 5266 2740 5281 ·
2772 5250 2891 5312 πῶς
2915 5250 3045 5321 γὰρ,
3074 5249 3354 5322 ἁμαρτίαν
3383 5250 3460 5321 μὴ
3486 5247 3734 5318 ποιήσαςς

2165 5351 2282 5406 ἀλλ’
2313 5351 2454 5422 ὑπὲρ
2513 5350 2694 5421 ἡμῶν.
2742 5348 2907 5403 Ἀλλὰ
2956 5350 3052 5404 καὶ
3099 5349 3249 5404 ἄλλο.
3301 5350 3364 5404 Οἱ
3406 5350 3503 5421 μὲν
3536 5337 3735 5418 νομικοὶ

2166 5447 2448 5518 ἀρχιερεῖς
2486 5443 2610 5497 καθ’
2639 5443 2880 5514 ἑκάστην
2915 5441 3217 5512 προσῆγον,
3255 5442 3330 5508 ὡς
3363 5442 3439 5515 μὴ
3467 5439 3734 5509 δυνάμενοι

2170 5538 2321 5604 ἅπαξ
2360 5535 2696 5609 καθαρίσαι·
2743 5529 2899 5599 οὗτος
2931 5536 2988 5590 δὲ
3033 5533 3291 5605 τοιαύτην
3344 5534 3532 5588 θυσίαν
3573 5544 3731 5601 προσ-

2174 5634 2374 5704 ἤνεγκε
2397 5633 2442 5697 ⁵,
2498 5630 2594 5685 καὶ
2643 5629 2788 5684 οὕτω
2820 5628 3033 5701 μεγάλα
3067 5626 3401 5701 δυναμένην,
3435 5627 3567 5681 ὥστε
3597 5619 3731 5682 ἔπαιε

1828 5848 2027 5911 Varia:
2057 5847 2387 5912 lectiones.

546 5933 569 6016 ξ
597 5934 918 6008 προσήγαγε
937 5951 992 5992 υ.
