3918 6562
164 390 253 447 εδδ

877 389 1285 452 EXPOSITIO
1327 393 1403 453 IN
1442 393 1680 461 EPIST.
1709 394 1807 454 AD
1837 396 2226 461 HEBREOS.
2254 426 2320 436 -
2343 400 2499 463 CAP.
2543 402 2708 468 VIII.

3279 408 3388 474 286

164 497 445 568 καθαρίσαι
465 499 483 531 ⁸
511 499 580 552 δι’
605 499 773 573 αὐτῆς
796 502 887 556 τὸν
910 505 1133 576 κόσμον.
1165 507 1310 578 ’Λρα
1333 508 1426 563 καὶ
1461 511 1520 563 ὲν
1541 508 1717 579 τούτῳ

1835 511 2040 569 )enittts
2074 529 2171 583 per
2219 515 2396 585 ipsum
2430 516 2769 573 universum‘
2800 517 3064 575 mundum
3121 523 3394 592 purgarit.

160 592 405 662 ὑπερέχει
437 592 677 648 ἐκείνων.

222 683 403 737 Τοῦτο
446 685 553 753 τὰρ
598 686 887 755 ἐποίησεν
915 689 1177 760 ἐφάπαξ,
1213 693 1430 747 ἑαυτὸν
1473 691 1717 762 ἀνενέγ-

122 784 129 793 “
159 790 279 839 lac.
331 774 488 830 Ποῖον
518 777 712 843 τοῦτο;
743 781 817 833 Τὸ
864 779 1251 852 προσενεγκεῖν
1295 785 1435 857 ὑπὲρ
1485 786 1593 839 τῶν
1624 785 1718 839 τοῦ

159 866 278 915 λαοῦ
311 864 617 934 ἁμαρτιῶν,
652 868 750 939 οὐχ
795 869 936 942 ὑπὲρ
990 873 1212 927 ἑαυτοῦ.
1265 874 1471 939 "Attae,
1529 874 1717 944 φησὶν,

158 951 464 1022 ίερεύσατοο
522 957 662 1024 μετὰ
698 957 874 1012 ταῦτα
916 961 972 1015 δὲ
1019 963 1253 1036 κάθηται
1301 964 1378 1028 ὡς
1417 965 1717 1035 Δεσπότης.

157 1044 265 1096 Ἵνα
293 1043 405 1116 γὰρ
432 1045 507 1116 μὴ
535 1048 749 1103 ἁκούων
783 1052 955 1121 ἱερέα,
988 1055 1218 1128 νομίσῃς
1248 1057 1412 1111 αὐτὸν
1440 1057 1528 1111 ἀεὶ
1560 1058 1722 1111 ἑστα-

158 1154 254 1203 ναι,
286 1140 379 1192 καὶ
410 1140 725 1212 λειτουργὸν
758 1140 918 1212 εἶναι,
947 1150 1222 1203 δείκνυσιν
1250 1152 1333 1204 ὃτι
1370 1153 1492 1205 κατ’
1518 1155 1721 1205 οἰκονο-

158 1229 277 1296 μίαν
311 1230 493 1298 ίερεὺς
522 1233 737 1300 γέγονε.
771 1235 885 1306 Τῆς
913 1238 966 1291 δὲ
998 1238 1311 1310 οἰκονομίας
1352 1241 1721 1316 τελεσθείσης,

157 1318 298 1383 αὖθις
329 1320 429 1375 τοῦ
458 1324 662 1378 οἰκείου
700 1325 867 1396 ὕψους
894 1329 1210 1385 ἐπελάϐετο.

222 1504 285 1557 ’0
316 1506 509 1573 νόμος
556 1507 667 1576 γὰρ
709 1509 1061 1577 ἀνθρώπους
1108 1512 1472 1578 καθίστησιν
1519 1514 1723 1582 ἀρχιε-

154 1594 295 1662 ρεῖς,
333 1597 598 1664 ἔχοντας
649 1599 992 1656 ἀσθένειαν.
1046 1603 1164 1656 ’Ίνα
1209 1602 1283 1675 μὴ
1322 1605 1587 1677 νομίσῃς,
1640 1607 1723 1659 ὅτι

156 1687 289 1752 ἅπαξ
320 1689 427 1758 μὲν
458 1694 825 1762 προσήνεγκε.
854 1695 995 1765 πλὴν
1022 1696 1116 1749 καὶ
1147 1694 1287 1767 ὑπὲρ
1314 1698 1534 1752 ἐαυτοῦσ
1558 1716 1726 1752 κατα-

156 1778 396 1842 σκευάζει
428 1780 523 1835 νῦν
552 1782 633 1837 ὅτι
674 1783 774 1854 οὐχ
812 1784 953 1856 ὑπὲρ
979 1787 1198 1841 οἰκείων
1233 1788 1519 1859 ἁμαρτιῶν
1550 1807 1722 1861 προσ-

1820 600 2000 670 Quare
2035 614 2089 660 et
2114 606 2172 661 in
2198 606 2300 664 hoc
2327 608 2550 664 excellit
2577 609 2703 665 illos
2735 609 3010 668 Christus.

1891 700 2005 751 Hoc
2029 699 2167 753 enim
2199 700 2319 768 fecit
2348 700 2528 766 semel,
2591 718 2646 756 se
2693 703 2975 772 o/ferendo.
3028 703 3200 769 Quale
3254 705 3399 763 hoc?

1821 787 1893 845 Ut
1913 789 2129 845 oﬂ'crret
2157 806 2253 859 pro
2279 791 2464 863 populi
2496 792 2760 863 peccatis,
2797 809 2905 849 non
2944 810 3043 869 pro
3074 797 3394 866 semetipso.

1824 883 2026 949 Semel,
2059 884 2257 954 inquit,
2315 884 2472 955 701
2518 901 2736 942 sacrum
2776 886 2927 953 fecit,
3007 896 3198 957 postea
3264 903 3398 943 vero

1823 982 1884 1028 ut
1914 973 2174 1030 Dominus
2222 976 2398 1037 sedet.
2428 975 2507 1031 Ne
2534 976 2680 1031 enim
2711 992 2836 1032 cum
2889 977 3048 1034 audis
3104 992 3228 1033 eum
3274 993 3399 1034 esse

1822 1065 2182 1132 sacerdOtem,
2211 1066 2493 1123 existimes
2530 1082 2654 1122 eum
2715 1077 2978 1138 perpetuo
3004 1076 3152 1125 stare
3205 1084 3269 1123 ac
3294 1069 3397 1123 mi-

1809 1157 2063 1213 -nistrum
2102 1173 2247 1224 esse,
2298 1157 2539 1214 ostendit
2587 1158 2731 1229 quod
2783 1174 2881 1230 per
2935 1159 3401 1230 dispensationem

1823 1247 2002 1303 factus
2027 1255 2114 1304 est
2144 1248 2404 1305 sacerdos
2445 1267 2461 1306 :
2511 1249 2922 1321 dispensatione
2967 1263 3150 1308 autem
3212 1261 3400 1308 trans-

1823 1347 1966 1405 acta,
2015 1341 2298 1412 proprium
2352 1356 2548 1399 rursus
2579 1341 2749 1399 decus
2803 1353 2858 1400 et
2910 1343 3192 1416 fastigium
3252 1358 3404 1401 rece-

1750 1470 1771 1479 ..
1825 1433 1924 1504 pit.

1901 1523 2066 1582 Vens.
2109 1526 2201 1584 98.
2236 1526 2346 1582 Lex
2386 1529 2525 1583 enim
2572 1529 3091 1584 hominesconslituit
3132 1532 3404 1601 pontiﬁces

1824 1617 2182 1686 inﬁrmitatem
2254 1619 2522 1676 habentes.
2577 1619 2656 1675 Ne
2713 1620 3004 1691 intelligas,
3057 1621 3201 1691 quod
3236 1624 3405 1678 semel

1824 1709 2043 1779 quidem
2076 1711 2360 1777 obtulerit,
2398 1726 2588 1767 verum
2623 1720 2673 1765 et
2728 1727 2827 1783 pro
2858 1713 3173 1783 semetipso,
3206 1714 3408 1769 astruit

1825 1817 1973 1857 nunc
2000 1803 2146 1872 quod
2203 1819 2312 1859 non
2373 1820 2470 1876 pro
2534 1804 2772 1876 propriis
2825 1807 3066 1877 peccatis
3127 1805 3409 1862 victimam

155 1869 390 1938 ἠνεγκεν.
442 1873 503 1927 Ὃ
532 1876 633 1944 μὲν
658 1876 771 1949 γὰρ
801 1878 968 1949 νόμος
1002 1878 1193 1950 ψιλοὺς
1222 1881 1548 1952 ἀνθρώπους
1589 1883 1723 1937 καθ-

1835 1861 2102 1951 obtulerit.
2129 1896 2235 1953 Lex
2269 1861 2415 1953 enim
2444 1861 2911 1954 nudosdnomines
2935 1899 3225 1971 pontiﬁces
3250 1898 3401 1966 facit,

158 1959 358 2030 ίστησιν
383 1966 691 2036 ἀρχιερεῖς,
724 1967 951 2039 ἔχοντας
981 1970 1289 2035 ἀσθένειαν,
1334 1973 1606 2039 τουτέστι,
1643 1974 1719 2044 μὴ

154 2049 480 2123 δυναμένους
538 2058 857 2129 ἀντιστῆναι
881 2062 925 2094 ⁸⁵
976 2065 1043 2134 τῇ
1104 2062 1389 2135 ἁμαρτίᾳ,
1436 2064 1572 2119 ἀλλὰ
1627 2066 1722 2120 καὶ

155 2143 337 2207 αὐτοὺς
377 2145 462 2209 ὡς
498 2149 746 2214 ἀσθενεῖς
798 2152 1208 2218 ὑποπίπτοντας
1261 2154 1621 2227 πταίσμασιν.
1661 2158 1722 2211 '0

154 2234 204 2288 δὲ
221 2234 393 2301 οὕτως
417 2239 497 2291 ὢν
518 2240 744 2307 δυνατὸς
771 2243 846 2307 th;
870 2244 1021 2310 Υίὸς,
1046 2246 1163 2311 πῶς
1188 2247 1254 2301 ἂν
1279 2246 1390 2317 ἔχοι
1413 2249 1720 2319 ἀμαρτίανς

161 2327 227 2398 μὴ
251 2327 391 2399 ἔχων
410 2331 652 2398 δὲ,τίνος
681 2335 868 2389 ἕνεκεν
884 2339 1224 2411 προσέφερεν
1246 2339 1313 2394 ἂν
1338 2342 1467 2412 περὶ
1489 2340 1682 2394 ἑαυτοῦ
1706 2356 1721 2408 ;

157 2416 287 2473 Ἀλλ’
333 2423 465 2477 οὐδὲ
514 2426 654 2497 ὑπὲρ
705 2428 816 2482 τῶν
864 2429 1046 2485 ἄλλων
1088 2433 1370 2498 πολλάκις,
1409 2433 1527 2489 ἀλλ’
1556 2434 1721 2501 ἅπαξ.

156 2516 375 2579 Δυνατὸς
413 2518 525 2589 γὰρ
544 2517 643 2587 ὢν,
672 2521 834 2591 ἤρκει
874 2523 973 2577 καλ⁵
1000 2523 1089 2578 διὰ
1129 2524 1222 2579 τοῦ
1259 2525 1407 2594 ἅπαξ
1441 2544 1725 2599 προσαγα·

157 2609 260 2671 γείν
284 2608 347 2661 τὸ
371 2611 492 2663 πᾶν
515 2610 732 2667 ἁνύσαι⁴
755 2614 991 2686 Νοήσεις
1013 2617 1071 2670 δὲ
1101 2616 1389 2673 ἀσθένειαν
1420 2619 1515 2673 καὶ
1557 2618 1727 2690 αὑτὴν

154 2696 246 2766 τὴν
274 2698 580 2771 ἁμαρτίαν,
633 2704 711 2768 ὼς
755 2704 1026 2778 πολλαχοῦ
1084 2725 1252 2778 φησιν
1302 2711 1469 2775 αὐτὸς
1512 2706 1667 2775 οὗτος
1700 2713 1728 2765 6

158 2787 378 2855 Παῦλος,
416 2792 450 2859 ἢ
483 2796 579 2849 καὶ
605 2796 699 2850 τὸν
748 2797 997 2856 θάνατον.
1056 2802 1254 2871 Θνητοὶ
1287 2804 1415 2873 ,γὰρ
1471 2803 1626 2868 ὅντες
1677 2805 1728 2857 οἱ

157 2883 357 2949 νομικοὶ
379 2884 689 2956 ἀρχιερεῖς,
718 2889 814 2944 καὶ
843 2891 1113 2959 ἀσθενεῖς,
1143 2893 1270 2949 οὗτε
1305 2894 1462 2951 αὐτοὶ
1482 2896 1731 2970 ἀναμάρ-

157 2988 296 3043 τητοι
328 2970 501 3047 ἦσαν,
532 2978 659 3034 οὔτε
705 2982 899 3049 ἄλλους
928 2986 1193 3056 ἠδύναντο
1237 2989 1535 3061 καθαρίσαι
1555 3009 1570 3024 ⁶
1605 2994 1634 3047 6
1671 2993 1728 3048 δὲ

159 3062 422 3134 ἀθάνατος
443 3072 538 3124 καὶ
567 3074 808 3145 ἰσχυρός.
847 3078 1046 3133 Ἀκουε
1078 3080 1134 3135 δὲ
1169 3085 1263 3138 καὶ
1296 3084 1404 3137 τῶν
1434 3085 1584 3155 ἑξῆς.

235 3339 296 3394 Ὀ
322 3341 512 3412 λόγος
565 3343 636 3399 δὲ
686 3344 797 3416 τῆς
851 3349 1229 3419 ὁρκωμοσίας
1274 3351 1383 3421 τῆς
1427 3353 1580 3422 μετὰ
1625 3355 1731 3409 τὸν

163 3433 338 3501 νόμον
362 3474 380 3497 ,
450 3436 590 3490 rw.»
671 3441 756 3506 εες
823 3440 933 3495 τὸν
1006 3441 1197 3499 αἰῶνα
1252 3448 1727 3517 τετελειωμένον.

164 3524 292 3594 Ὅρα
317 3526 426 3589 τὰς
454 3527 900 3596 άντιδιαστολάςο
933 3532 1052 3587 ἐκεῖ
1081 3534 1266 3605 νόμος,
1302 3537 1536 3592 ἐνταῦθα
1573 3537 1733 3607 λόγος

163 3614 527 3686 ὁρκωμοσίας,
580 3620 847 3687 τουτέστι,
907 3619 1277 3692 βεϐαιότατος,
1334 3626 1729 3697 ἀληθέστατοςο

165 3705 271 3758 ικεί
293 3706 575 3778 ἄνθρωποι
600 3709 780 3765 δοῦλοι
810 3712 1054 3781 πάντως,
1093 3706 1331 3773 ἐνταῦθα
1354 3717 1504 3785 Υἱὸς,
1534 3720 1735 3776 δεσπό-

165 3815 255 3870 της
275 3800 517 3875 δηλαδή·
543 3806 662 3863 ικεῐ
680 3805 949 3874 ἀσθενεῖς,
981 3812 1249 3877 τουτέστι,
1280 3815 1731 3884 προσπταίοντες,

168 3893 436 3967 ἁμαρτίαν
463 3896 700 3968 ἔχοντες,
725 3899 942 3973 θανάτῳ
970 3892 1326 3975 ὗποκείμενοι
1348 3922 1361 3937 ·
1387 3907 1626 3962 ἐνταῦθα
1653 3910 1734 3975 εἰς

166 3984 250 4037 τὸν
272 3986 448 4042 αἰῶνα
475 3989 914 4058 τετελειωμένος,
945 3994 1227 4050 τουτέστιν
1252 3998 1445 4064 ἀΐδιος,
1486 3999 1730 4064 δυνατὸς,

165 4075 223 4129 οὗ
249 4077 339 4131 νῦν
373 4079 537 4150 μόνον
574 4082 981 4155 ἀναμάρτητος,
1033 4087 1149 4141 ἀλλ’
1183 4090 1289 4144 ἀεί.
1327 4091 1389 4144 Ei
1419 4093 1600 4146 τοίνυν
1647 4094 1735 4146 τέ-

165 4163 300 4233 λειός
326 4170 499 4237 ἔστιν,
530 4174 581 4225 εί
604 4174 877 4244 μηδέποτε
908 4179 1238 4250 ἁμαρτάνει,
1271 4184 1321 4236 εί
1348 4184 1434 4237 ἀεὶ
1468 4184 1558 4255 ζῇ,
1589 4186 1733 4250 τίνος

166 4258 341 4317 ἕνεκεν
392 4265 771 4337 προσήνεγκεν
813 4268 880 4324 ἂν
909 4270 1051 4344 ὑπὲρ
1101 4273 1321 4341 ἑαυτοῦ,
1352 4275 1386 4345 ἢ
1421 4276 1560 4340 ὅλως
1588 4277 1731 4351 ὑπὲρ

168 4351 330 4408 ἄλλων
359 4355 630 4427 πολλάς¹;

770 4454 1022 4515 ΚΕΦΔΛ.
1051 4455 1133 4513 H'.

1824 1988 2127 2043 inﬁrmitati
2159 1990 2452 2058 obnoxios,
2484 1991 2586 2047 hoc
2621 2000 2728 2058 est,
2776 1992 2870 2063 qui
2904 2008 3013 2047 non
3046 1992 3261 2062 possint
3308 1993 3409 2048 ob-

1823 2079 2020 2134 sistere
2063 2088 2314 2149 peccato,
2351 2081 2445 2137 sed
2466 2081 2559 2152 qui
2594 2097 2694 2137 ceu
2724 2081 2926 2136 inﬁrmi
2979 2080 3302 2152 impingunt,
3355 2089 3410 2138 et

1824 2171 1881 2225 in
1937 2185 2155 2227 errores
2194 2180 2248 2227 et
2290 2180 2514 2242 peccata
2565 2181 2750 2239 ruant.
2817 2174 2889 2229 At
2939 2189 3068 2229 vero
3123 2176 3215 2244 qui
3273 2173 3410 2228 adeo

1825 2271 2021 2331 potens
2050 2270 2213 2318 estut
2248 2261 2447 2331 Filius,
2496 2263 2775 2336 quomodo
2811 2273 3100 2335 peccatum
3161 2264 3411 2321 habeat?

1824 2352 2057 2411 Peccato
2095 2365 2278 2410 autem
2314 2372 2422 2411 non
2456 2356 2714 2421 inlectus,
2762 2371 2864 2411 cur
2888 2356 3109 2414 oli‘erret
3165 2374 3265 2430 pro
3323 2373 3411 2414 se-

1826 2447 1995 2519 ipso?
2049 2449 2157 2504 Sed
2189 2464 2368 2519 neque
2403 2464 2500 2520 pro
2530 2449 2654 2506 aliis
2693 2450 2916 2520 quidem
2964 2467 3130 2522 saepe,
3184 2451 3283 2508 sed
3321 2466 3411 2507 se-

1827 2539 2190 2595 mel‘tantum.
2219 2539 2354 2595 Cum
2379 2540 2525 2595 enim
2557 2549 2752 2610 potens
2776 2548 2943 2605 esset,
2978 2540 3279 2597 sullieiebat
3315 2557 3413 2612 per

1828 2630 2163 2685 oblationem
2197 2645 2317 2699 quae
2355 2630 2527 2685 semel
2563 2627 2735 2696 ﬁeret,
2764 2638 2941 2686 totum
2994 2633 3278 2703 perlicere.
3308 2633 3413 2688 Per

1829 2719 2203 2774 inﬁrmitatem
2253 2729 2433 2773 autem
2494 2718 2674 2789 ipsum
2726 2719 2930 2791 pariter
2987 2731 3271 2791 peccatum
3324 2722 3414 2777 in-

1831 2812 2067 2883 telliges,
2100 2811 2326 2882 perinde
2358 2825 2421 2867 ac
2445 2826 2821 2881 saepenumero
2852 2812 2967 2884 ipse
3011 2812 3217 2870 Paulus
3236 2814 3408 2885 dicit,

1829 2902 1916 2957 vel
1939 2903 2114 2973 ips:tm
2151 2901 2288 2956 adeo
2325 2913 2579 2957 mortem.
2612 2898 2748 2955 Nam
2780 2916 2902 2958 cum
2940 2903 3200 2959 mortales
3234 2913 3416 2960 essent

1833 2994 2035 3064 legales
2090 2993 2381 3063 pontiﬁces
2433 3002 2487 3048 et
2524 2994 2749 3062 inﬁrmi,
2804 3011 2979 3061 neque
3024 2996 3126 3067 ipsi
3176 2996 3417 3067 peccatis

1832 3092 2152 3149 caruerunt,
2185 3099 2367 3155 neque
2383 3084 2522 3141 alios
2549 3085 2615 3139 ab
2651 3086 2717 3141 iis
2771 3087 3043 3144 mundare
3102 3098 3417 3159 potuerunt.

1758 3201 1801 3259 ρ
1836 3176 1946 3233 Iste
1989 3191 2119 3231 vero
2159 3177 2487 3232 immortalis
2516 3186 2601 3234 est
2623 3184 2677 3233 et
2727 3178 2907 3237 fortis.
2944 3179 3089 3236 Audi
3124 3195 3253 3237 vero
3293 3196 3417 3252 qua:

1833 3277 2165 3337 sequuntur.

1902 3363 2088 3416 Sermo
2123 3369 2300 3416 autem
2351 3359 2713 3429 iurisiurandi
2743 3360 2883 3430 quod
2929 3370 3046 3430 post
3103 3362 3265 3433 legem
3312 3373 3413 3428 est,

1830 3452 2025 3508 Filium
2058 3455 2113 3507 in
2168 3463 2422 3507 aeternum
2469 3454 2779 3522 perfectum.
2814 3451 3055 3508 Observa
3120 3456 3416 3511 contraria.

1831 3541 1949 3597 Illic
1996 3541 2103 3606 lex,
2127 3540 2215 3594 hic
2251 3556 2378 3595 vero
2407 3554 2591 3595 sermo
2621 3538 3006 3610 jurisjurandi,
3030 3541 3132 3595 ltoc
3160 3549 3266 3606 est,
3303 3557 3419 3596 eer-

1833 3632 2103 3697 tissintus,
2142 3631 2469 3687 verissimus
2503 3647 2519 3685 :
2556 3629 2670 3685 illic
2708 3631 2961 3687 homines
2999 3632 3144 3687 servi
3169 3634 3418 3701 omnino,

1833 3725 1923 3781 hic
1947 3739 2078 3781 vero
2113 3724 2307 3791 Filius,
2354 3721 2622 3779 Dominus
2695 3722 2947 3779 videlicet
2977 3740 2992 3777 :
3028 3723 3138 3779 illic
3196 3724 3418 3790 inﬁrmi,

1834 3819 1938 3875 hoc
1965 3828 2051 3876 est
2098 3819 2494 3891 impingentes,
2527 3819 2769 3889 peccatis
2811 3816 3021 3882 infecti,
3083 3812 3247 3873 morti
3316 3817 3419 3873 ob-

1833 3914 2008 3981 noxii,
2036 3913 2125 3969 hic
2187 3928 2322 3969 vero
2376 3912 2431 3968 in
2500 3911 2896 3982 sempiternum
2954 3908 3250 3981 perfectus,
3321 3910 3423 3967 hoc

1833 4017 1919 4064 est
1988 4008 2374 4078 sempiternus,
2431 4015 2645 4078 potens,
2706 4021 2813 4060 non
2875 4020 3025 4060 nunc
3083 4005 3423 4058 solummodo

1836 4100 2233 4170 impeceahilis,
2298 4101 2390 4156 sed
2414 4116 2654 4172 semper.
2708 4099 2765 4155 Si
2802 4101 2967 4170 igitur
2996 4102 3276 4172 perfectus
3309 4110 3419 4164 est,

1834 4191 1883 4246 si
1937 4206 2217 4261 nunquam
2276 4202 2493 4262 peccat,
2547 4191 2594 4248 si
2663 4207 2883 4262 semper
2928 4191 3084 4257 vivit,
3148 4191 3423 4261 quomodo

1836 4300 1934 4354 pro
1968 4284 2151 4356 seipse
2182 4285 2401 4351 obtulit,
2456 4294 2549 4339 aut
2598 4285 2821 4340 omnino
2867 4300 2966 4354 pro
2994 4284 3117 4340 aliis
3160 4284 3422 4355 frequen-

1834 4384 1905 4430 tet
1926 4375 1952 4427 ?

2410 4466 2640 4523 CAPUT
2714 4465 2849 4523 VIII.

231 4524 571 4608 κεφάλαιον
608 4542 678 4597 δὲ
719 4544 821 4599 ἐπὶ
854 4546 984 4615 τοῖς
1031 4546 1401 4619 λεγομένοις,
1463 4554 1728 4611 τοιοῦτον

1912 4560 2073 4615 Vens.
2095 4560 2147 4615 1.
2182 4558 2489 4629 Capitulum
2520 4570 2697 4612 autem
2722 4573 2878 4619 super
2905 4574 2969 4614 ea
3005 4574 3122 4626 qua:
3149 4556 3425 4626 dicuntur,

167 4625 376 4697 ἔχομεν
405 4631 699 4703 ἀρχιερέα,
732 4635 801 4704 ὃς
838 4637 1122 4696 ἐκάθισεν
1153 4641 1224 4695 ἐν
1255 4642 1425 4714 δεξιᾷ
1460 4646 1568 4700 τοῦ
1605 4651 1738 4717 θρό-

171 4735 275 4813 νου
318 4722 429 4792 τῆς
460 4730 900 4799 μεγαλωσύνης
942 4734 1014 4787 ἐν
1047 4735 1176 4801 τοῖς
1214 4738 1515 4807 οὐρανοῖς.
1553 4743 1738 4813 Κεφάο

171 4810 313 4869 λαιον
342 4818 430 4871 ἀεὶ
454 4818 517 4872 τὸ
545 4821 803 4889 μέγιστον
831 4824 1051 4893 λέγεται
1076 4843 1092 4859 ο
1116 4828 1244 4883 ὅταν
1269 4847 1355 4893 τις
1388 4832 1446 4885 ὲν
1477 4810 1741 4907 ὸλίγῳντὰ

172 4906 470 4998 κυριώτερα
505 4912 845 4981 παρα).αὸεἶν
903 4916 1096 4988 μέλλῃ,
1152 4919 1213 4972 ἐν
1261 4923 1548 4997 κεφαλαίῳ
1604 4906 1741 4998 φησὶ

173 4997 432 5085 ποιεῖσθαι
454 4999 549 5052 τὸν
601 5000 758 5070 λόγον
784 5021 800 5035 ο
840 5003 1032 5077 ὥσπερ
1078 5010 1173 5062 καὶ
1220 5010 1257 5079 ὴ
1299 5012 1515 5085 κεφαλὴ
1562 4997 1739 5085 μικρὰ

175 5080 301 5141 οὖσα
329 5090 389 5144 τὸ
420 5091 755 5166 κυριώτερόν
789 5098 908 5151 ἐστι
959 5099 1055 5153 τοῦ
1114 5099 1386 5172 σώματος.
1430 5080 1601 5176 Φτγσὶν
1646 5080 1740 5162 οὖν

177 5178 265 5230 καὶ
292 5179 382 5234 νῦν
415 5183 445 5235 6
484 5185 808 5251 ’Δττόστολος
829 5203 845 5220 ο
891 5190 1233 5261 Κεφάλαιον
1261 5194 1331 5248 δὲ
1361 5195 1460 5250 ἐπὶ
1488 5196 1612 5264 τοῖς
1638 5201 1740 5253 λε-

174 5271 463 5339 γομένοις,
493 5277 792 5346 τουτέστιν,
821 5281 910 5335 ἴνα
937 5283 1078 5336 εἴπω
1104 5284 1166 5337 τὸ
1192 5286 1448 5355 μέγιστον
1486 5290 1582 5342 καὶ
1611 5307 1742 5343 συν-

175 5358 554 5452 εκτικώτερον,
582 5367 714 5420 Θεὸν
741 5368 939 5440 ἔχομεν
977 5372 1286 5445 Ἀρχιερέα.
1327 5376 1402 5429 Τὸ
1426 5378 1534 5449 γὰρ
1568 5380 1740 5452 καθῆ·

175 5445 320 5514 σθαι,
342 5452 555 5518 οὐδενὸς
593 5456 775 5523 ἄλλον,
817 5460 850 5530 ἢ
877 5460 1038 5517 Θεοῦ.
1070 5462 1214 5534 Ὅρα
1258 5465 1316 5519 6‘s
1366 5467 1482 5531 πῶς
1501 5445 1742 5527 ταπεινὰ

1841 4652 2019 4708 Talem
2037 4652 2283 4706 habemus
2305 4650 2637 4719 Ponti/irem,
2655 4651 2747 4721 qui
2762 4651 2996 4705 consedit
3026 4650 3079 4704 in
3104 4649 3319 4705 dextera
3345 4668 3424 4705 se-

1839 4744 1922 4799 dis
1948 4743 2250 4813 majestatis
2281 4743 2337 4796 in
2361 4743 2528 4797 (telis.
2552 4741 2870 4812 Capitulum
2899 4757 3115 4814 semper
3142 4744 3284 4813 quod
3311 4756 3415 4797 ma.

1839 4837 2046 4892 ximum
2082 4843 2189 4903 cst,
2212 4836 2438 4901 dicitur,
2469 4836 2519 4891 si
2554 4835 2777 4906 quando
2803 4835 3072 4906 quispiam
3107 4835 3249 4907 quod
3284 4850 3426 4906 prte-

1842 4930 2064 5000 ci-puum
2093 4938 2196 4994 est,
2227 4944 2290 4986 se
2344 4928 2533 4999 paucis
2595 4929 3124 5001 comprehensurum
3182 4927 3336 4993 dicit,
3370 4928 3426 4980 in

1845 5035 2057 5076 summa
2091 5035 2214 5076 sese
2248 5022 2412 5076 verba
2448 5018 2719 5074 facturum
2768 5020 2902 5074 dicit
2935 5017 3429 5089 :quemadmodum

1845 5121 2030 5182 caput,
2063 5111 2190 5168 licet
2234 5126 2464 5182 parvum
2504 5111 2598 5176 sit,
2644 5111 2920 5182 praecipua
2943 5118 3128 5163 tamen
3172 5107 3427 5175 corporis

1850 5220 1977 5276 pars
2027 5212 2130 5260 est.
2158 5203 2250 5259 Ait
2283 5204 2450 5274 igitur
2479 5203 2645 5259 etiam
2688 5217 2836 5257 nunc
2864 5201 3165 5271 Apostolus
3197 5216 3211 5254 :
3252 5197 3426 5268 Caput

1850 5305 2026 5348 autem
2052 5308 2236 5349 eorum
2261 5307 2379 5363 qua:
2419 5294 2691 5353 dicuntur,
2718 5290 2821 5346 hoc
2849 5296 2957 5353 est,
2993 5296 3053 5343 ut
3074 5284 3428 5357 dicam'quod

1846 5385 2147 5439 maximum
2178 5393 2262 5441 est
2289 5395 2342 5439 et
2371 5385 2727 5455 praecipuum,
2759 5381 2926 5437 Deum
2957 5381 3220 5435 habemus
3240 5378 3427 5434 Ponti-

1844 5469 2022 5526 ﬁcem.
2053 5471 2355 5529 Cousidcre
2399 5476 2543 5528 enim
2599 5474 2801 5527 nullius
2859 5481 2942 5527 est
2971 5471 3217 5537 alterius,
3261 5480 3427 5540 quam

179 5538 350 5596 πολλὰ
399 5543 591 5613 εἰπὼν,
623 5547 707 5614 τὸ,
752 5549 1069 5624 ἀρχιερεὺς,
1122 5553 1205 5621 τὸ,
1257 5556 1601 5629 ἐντυγχάνει,
1654 5571 1728 5615 κα

1858 5559 1978 5617 Dei.
2009 5560 2254 5619 Observa
2278 5563 2440 5633 102
2462 5572 2642 5619 autem
2671 5561 2815 5634 quod
2847 5577 2970 5617 cum
2996 5562 3164 5616 multa
3200 5538 3429 5614 humilia

1514 5729 1718 5793 Variae
1738 5732 2067 5797 lectiones.

272 5815 295 5846 ⁸
327 5816 553 5891 καθᾶραι
583 5837 635 5877 ο.
713 5823 754 5855 ⁸⁸
776 5822 1057 5895 ἀντιϐῆναι
1077 5840 1129 5880 0.
1206 5826 1228 5859 τ
1254 5826 1517 5901 πολλάκις
1540 5845 1591 5886 0.
