3918 6604
452 422 565 517 εει

1382 444 1966 511 ΤΙΙΕΟΡΗΥῘΛΟΤῙ
2003 444 2250 505 BUl.GA
2265 447 2413 507 ίῖΙιἘ
2458 449 2813 511 ARCHIEP.

3613 455 3723 521 292

458 564 1171 636 comprehendimus,quam
1208 580 1328 635 quae
1359 579 1454 633 per
1479 563 1728 617 auditum
1755 560 2043 622 discimus,

2157 562 2234 613 λον
2269 563 2785 638 καταλαμϐάνομεν,
2831 568 2864 639 ἢ
2915 567 2951 622 ἃ
3010 567 3081 622 δι’
3116 569 3289 640 ἀκοῆς
3343 570 3719 643 μανθάνομεν,

455 666 744 728 propterea
781 657 921 713 Deus
958 657 1089 711 Mosi
1125 657 1450 712 monstravit
1486 655 1694 717 omnia,
1726 669 1832 707 non
1864 654 2038 708 solum

456 749 908 803 constitutionem
970 746 1330 812 tabernaculi,
1378 762 1564 800 verum
1601 746 1765 799 etiam
1805 760 1926 814 qua:
1973 742 2042 797 ad

456 840 728 895 sacrificia
759 848 813 894 et
838 840 1008 892 alium
1042 840 1250 892 cultum
1281 838 1642 908 pertinerent.

525 928 690 985 Vens.
722 929 776 984 6.
830 928 985 982 Nunc
1033 942 1210 983 autem
1270 926 1612 983 excellentius
1657 934 1928 980 assecutus
1966 930 2043 977 est

454 1019 830 1073 ministerium.
886 1019 966 1071 Ah
991 1018 1080 1073 illa
1116 1019 1387 1073 sententia
1413 1017 1525 1071 haec
1581 1014 1917 1085 dependent,
1954 1011 2043 1066 ni-

456 1109 652 1161 mirum
690 1126 702 1162 :
741 1107 800 1164 Si
831 1108 969 1162 enim
1010 1124 1166 1175 super
1201 1117 1398 1162 terram
1430 1117 1587 1173 esset,
1628 1123 1735 1160 non
1777 1114 1913 1159 esset
1948 1121 2033 1158 sa-

453 1200 654 1256 cerdos.
685 1200 802 1255 Jam
838 1217 968 1256 vero
996 1216 1119 1255 cum
1173 1216 1337 1270 super
1384 1209 1585 1254 terram
1628 1214 1734 1253 non
1794 1199 1887 1260 sit,
1945 1196 2040 1277 sed

451 1294 653 1348 caelum
692 1293 890 1348 habeat
950 1293 1263 1349 sacerdotio
1295 1309 1397 1347 suo
1455 1293 1662 1355 locum,
1701 1289 2041 1344 excellentius

450 1398 725 1438 assecutus
772 1394 852 1439 est
906 1386 1261 1440 ministerium
1317 1401 1336 1440 .'
1400 1386 1501 1440 hoc
1553 1395 1657 1449 est,
1701 1400 1809 1439 non
1854 1390 1940 1437 est
1990 1381 2039 1436 ei

455 1479 826 1534 ministerium
889 1482 1016 1541 tale,
1051 1480 1212 1549 quale
1247 1487 1333 1534 est
1360 1479 1679 1549 pontificum
1732 1492 1899 1547 super
1932 1483 2043 1530 ter-

454 1584 608 1635 ram,
644 1572 735 1624 sed
764 1571 1010 1637 caeleste,
1042 1580 1300 1641 tanquam
1345 1570 1521 1625 locum
1574 1569 1783 1625 habens
1834 1567 2039 1639 proprii

453 1662 748 1717 sacerdotii
774 1663 996 1717 caelum.

532 1754 742 1820 Quanto
770 1764 818 1809 et
850 1754 1079 1809 melioris
1113 1752 1438 1809 Testamenti
1467 1761 1544 1807 est
1576 1750 1861 1806 mediator.
1902 1750 2039 1806 Cum

454 1846 746 1902 extulisset
776 1845 980 1901 Christi
1012 1845 1406 1909 sacerdotium,
1433 1859 1461 1897 a
1488 1844 1632 1911 loco,
1672 1859 1701 1897 a
1727 1843 2038 1906 sacerdote,

454 1949 508 1995 et
541 1939 789 2001 victima,
827 1937 1027 1994 deinde
1080 1934 1420 1992 Testamenti
1451 1936 1831 1991 excellentiam
1860 1936 2036 2005 ponit.

455 2031 621 2101 Atqui
653 2030 793 2085 dixit
823 2030 1046 2100 quidem
1088 2028 1244 2099 prius
1275 2026 1544 2082 imbecille
1567 2042 1688 2082 esse
1740 2038 1797 2081 et
1853 2026 2045 2087 inutile

454 2119 627 2175 Vetus
659 2118 1102 2185 Testamentum,
1141 2129 1360 2190 propter
1388 2119 1676 2172 infantiam
1712 2126 1764 2171 et
1786 2118 2043 2172 imbecil-

454 2210 666 2267 litatem
701 2211 1042 2275 auditorum,
1079 2212 1173 2267 sed
1210 2210 1395 2266 subito
1455 2209 1852 2265 reconciliatus
1904 2219 2043 2265 erat.

454 2301 614 2357 Nunc
658 2311 836 2358 autem
881 2304 986 2358 hac
1008 2302 1078 2358 de
1127 2318 1187 2358 re
1222 2302 1546 2359 disserendo
1584 2302 1795 2359 diutius
1852 2303 2047 2357 immo-

460 2405 637 2463 ratur,
668 2406 1184 2469 commonstratque
1220 2398 1430 2452 Novum
1462 2395 1875 2453 Testamentum
1925 2412 2047 2453 esse

458 2491 813 2562 praestantius
848 2488 1030 2547 Veteri
1064 2509 1078 2546 :
1110 2491 1218 2547 hoc
1250 2500 1335 2548 est
1359 2491 1710 2564 Evangelium
1740 2533 1756 2560 ,
1805 2490 1967 2563 cujus
1991 2500 2046 2546 et

462 2583 732 2637 mediator
757 2597 821 2637 ac
853 2581 1014 2638 dator
1044 2592 1129 2638 est
1171 2583 1451 2640 Christus.
1481 2583 1596 2654 Ipse
1665 2600 1904 2654 namque
1948 2598 2048 2638 no-

471 2674 557 2729 bis
632 2671 912 2747 Evangelii
970 2677 1220 2733 minister
1274 2676 1451 2733 factus
1516 2687 1623 2744 est,
1685 2677 1827 2733 servi
1869 2676 2045 2731 forma

456 2776 700 2840 accepta,
751 2771 1214 2841 quemadmodum
1269 2770 1402 2842 legis
1429 2770 1696 2826 mediator
1731 2778 1851 2827 erat
1883 2764 2035 2842 Moy-

464 2875 578 2917 ses.

531 2949 686 3018 Quod
716 2950 770 3004 in
804 2952 1109 3005 melioribus
1140 2951 1636 3022 repromissionibus
1670 2954 1933 3007 sancitum
1948 2965 2045 3009 est.

462 3038 622 3105 Quod
655 3040 1004 3109 potissimum
1033 3056 1129 3095 eos
1184 3043 1277 3110 qui
1323 3056 1384 3095 ex
1432 3038 1640 3099 Judaeis
1699 3043 2051 3099 crediderant

460 3129 833 3195 relociltabat,
872 3130 978 3184 hoc
1042 3130 1218 3202 ponit,
1271 3146 1466 3201 nempe
1517 3134 1662 3203 quod
1705 3132 2044 3189 Testamenti

2142 651 2231 704 διὰ
2258 654 2415 707 τοῦτο
2444 654 2578 720 Θεὸς
2605 657 2683 728 τῷ
2716 658 2907 713 Μωσεῑ
2936 658 3184 724 ὑπέδειξε
3222 658 3426 724 πάντα,
3454 660 3518 713 οὐ
3559 662 3729 732 μόνον

2142 744 2244 814 τὴν
2286 746 2633 817 κατασκευὴν
2681 748 2779 820 τῆς
2837 753 3079 822 σκηνῆς,
3131 750 3271 806 ἀλλὰ
3329 752 3428 807 καὶ
3476 752 3547 806 τὰ
3591 749 3727 825 περὶ

2145 833 2347 889 θυσιῶν
2371 838 2464 891 καὶ
2494 839 2592 908 τῆς
2617 838 2785 909 ἄλλης
2817 840 3093 913 λατρείας.

2214 930 2364 985 Νυνὶ
2418 930 2490 984 δὲ
2541 931 2977 1003 διαφορωτέρας
3051 934 3262 1004 τέτυχε
3324 938 3729 1008 λειτουργίας.

2158 1022 2399 1077 Ἑκείνου
2431 1026 2525 1079 τοῦ
2553 1027 2826 1097 νοήματος
2857 1029 3093 1098 ἦρτηται
3120 1029 3315 1097 ταῦτα,
3348 1030 3443 1085 τοῦ
3468 1045 3483 1059 ’
3512 1032 3581 1086 Et
3607 1033 3734 1101 μὲν

2142 1114 2254 1183 γὰρ
2284 1113 2365 1183 ἧν
2391 1116 2488 1170 ἐπί
2544 1116 2678 1187 γῆς,
2721 1120 2835 1173 οὐκ
2876 1116 2977 1176 ἂν.
2996 1115 3076 1190 ἦν
3130 1121 3347 1189 ίερεύς.
3376 1122 3515 1176 Νυνὶ
3551 1123 3615 1176 δὲ
3645 1125 3721 1195 μὴ

2143 1203 2241 1269 ὢν,
2290 1210 2476 1278 φησιν,
2529 1206 2622 1261 ἐπὶ
2662 1208 2790 1279 γῆς,
2842 1210 2980 1264 ἀλλὰ
3012 1210 3103 1264 τὸν
3137 1212 3367 1283 οὐρανόν
3396 1212 3537 1283 ἔχων
3572 1215 3731 1285 ἱερα-

2147 1302 2313 1363 τείον,
2352 1297 2789 1369 διαφορωτέρας
2818 1302 3077 1372 ἐπέτυχε
3120 1306 3498 1374 λειτουργίας
3519 1321 3534 1336 ο
3562 1324 3732 1360 τουτ-

2144 1389 2291 1443 έστιν
2316 1431 2330 1457 ,
2372 1390 2473 1444 οὐκ
2514 1391 2660 1445 ἐστιν
2709 1392 2877 1447 αὑτοῦ
2912 1394 2947 1465 ἠ
2996 1393 3308 1466 λειτουργία
3343 1400 3587 1469 τοιαύτη,
3641 1399 3735 1461 οἱα

2144 1484 2179 1552 ἡ
2209 1481 2318 1535 τῶν
2353 1482 2445 1534 ἐπὶ
2467 1480 2570 1553 γῆς
2591 1484 2919 1557 ἀρχιερέων,
2951 1485 3068 1540 ἀλλ’
3114 1488 3389 1558 οὐράνιος,
3414 1490 3514 1544 ἅτε
3556 1491 3731 1545 τόπον

2150 1575 2349 1645 ἔχουσα
2372 1576 2473 1643 τῆς
2498 1579 2707 1641 οἰκείας
2731 1577 2955 1649 τελετῆς
2976 1579 3070 1632 τὸν
3099 1580 3353 1650 οὐρανόν.

2227 1750 2385 1818 Ὄσῳ
2425 1751 2526 1808 καί
2558 1755 2902 1824 κρείττονός
2952 1756 3083 1810 ἐστι
3113 1756 3415 1824 Ara/Mnu-
3444 1762 3729 1830 μεσίτης.

2145 1845 2391 1917 Ἐπάρας
2440 1847 2540 1918 τὴν
2611 1848 2753 1902 κατὰ
2808 1849 3043 1919 Χριστὸν
3094 1850 3437 1922 ἱερωσύνην,
3483 1855 3593 1907 ἀπὸ
3637 1855 3733 1907 τοῦ

2144 1938 2331 1999 τόπου,
2355 1939 2447 1992 καὶ
2466 1936 2560 1992 ’τοῦ
2589 1939 2801 2011 ἱερέως.
2828 1940 2925 1994 καὶ
2954 1941 3052 2011 τῆς
3082 1940 3295 2007 θυσίας,
3323 1942 3387 1995 οὔ
3400 1962 3473 1997 τω
3496 1947 3593 1998 καὶ
3626 1947 3732 2014 τῆς

2150 2028 2433 2101 Διαθήκης
2470 2030 2531 2084 τὸ
2588 2031 2753 2101 μέσον
2784 2031 2988 2103 τίθησι.
3041 2033 3153 2086 Καί
3206 2052 3287 2089 τοι
3329 2032 3452 2089 εἷπε
3504 2037 3605 2107 μὲν
3639 2039 3736 2091 καὶ

2150 2124 2433 2194 πρότερον,
2473 2122 2554 2178 ὅτι
2604 2124 2839 2196 ἀσθενὴς
2879 2121 2947 2197 ἦν
2982 2126 3014 2196 ή
3045 2127 3258 2182 Παλαιὰ
3293 2128 3388 2181 καὶ
3423 2130 3732 2200 ἀνωφελὴς,

2146 2215 2233 2269 διὰ
2280 2216 2343 2269 τὸ
2394 2217 2669 2287 νηπιῶδες
2732 2217 2843 2270 τῶν
2902 2218 3215 2272 ἀκουόντων
3244 2236 3259 2251 ο
3318 2219 3458 2274 ἀλλὰ
3513 2222 3732 2293 ταχέως

2148 2306 2465 2380 ἀπηλλάγη.
2528 2308 2642 2362 Νῦν
2702 2309 2759 2362 δὲ
2811 2309 3141 2382 ἐνδιατρίϐει
3206 2311 3284 2385 τῷ
3333 2311 3466 2384 περὶ
3519 2313 3732 2385 ταύτης

2146 2397 2315 2467 λόγῳ,
2379 2397 2475 2451 καὶ⁸
2525 2397 2819 2464 δείκνυσιν,
2866 2400 2950 2453 ὅτι
2992 2402 3025 2471 ἠ
3063 2400 3177 2455 Νὲα
3211 2403 3457 2475 Διαθήκη
3508 2405 3732 2473 ἐκείνης

2148 2491 2415 2563 κρείττων
2443 2506 2457 2520 '
2486 2484 2770 2557 τουτέστι,
2801 2491 2862 2545 τὸ
2887 2492 3242 2561 Εὐαγγέλιον,
3279 2488 3341 2549 οὗ
3374 2495 3602 2568 μεσίτης
3635 2498 3731 2553 καὶ

2147 2583 2308 2652 δότης
2353 2582 2503 2636 ἐστὶν
2542 2583 2571 2635 ὁ
2606 2584 2843 2655 Χριστός
2868 2602 2882 2617 ·
2937 2584 3102 2648 αὐτὸς
3154 2586 3262 2657 γὰρ
3312 2589 3445 2658 ἡμῖν
3481 2589 3731 2655 διάκονος

2148 2673 2246 2728 τοῦ
2316 2675 2653 2743 Εὑαγγελίου
2710 2676 2925 2746 γέγονε,
2995 2677 3186 2733 δούλου
3245 2680 3465 2753 μορφὴν
3522 2681 3728 2749 λαϐὼν,

2149 2766 2339 2838 ὥσπερ
2378 2766 2466 2821 τοῦ
2497 2767 2664 2839 νόμου
2710 2768 2943 2840 μεσίτης
2969 2771 2998 2824 ὁ
3031 2771 3297 2843 Μωῦσῆς.

2224 2945 2386 3010 "Herc
2414 2945 2514 2999 ἐπὶ
2546 2945 2887 3016 κρείττοσιν
2914 2948 3299 3019 ἐπαγγελίαις
3336 2952 3725 3022 νενομοθέτη-

2151 3053 2265 3091 ται.
2295 3038 2361 3089 Ὀ
2391 3037 2626 3108 μάλιστα
2666 3038 2797 3102 τοὺς
2825 3037 2885 3103 ἐξ
2915 3038 3187 3093 Ἰουδαίων
3219 3041 3448 3106 πιστοὺς
3465 3044 3723 3115 ἀνέψυχε,

2151 3126 2311 3181 τοῦτο
2342 3126 2581 3197 τίθησιν,
2606 3126 2690 3180 ὅτι
2718 3125 2813 3180 ἐπὶ
2846 3126 3156 3196 κρείττοσιν
3185 3127 3543 3197 ἐπαγγελίαις
3576 3131 3723 3183 ἐστὶν

459 3223 638 3278 nostri
672 3224 1069 3293 promissioues
1111 3223 1370 3277 meliores
1418 3233 1571 3278 sunt.
1608 3222 1725 3279 Non
1757 3226 1901 3281 enim
1927 3236 2037 3281 ter-

2157 3219 2456 3292 ἡήμετέρα
2498 3219 2767 3292 Διαθήκη.
2814 3220 2891 3273 Οὐ
2940 3219 3050 3291 γὰρ
3076 3221 3177 3289 γῆς
3214 3219 3418 3288 ἀγαθὰ,
3452 3220 3547 3274 κοιλ⁵
3577 3221 3724 3275 sitte-

462 3327 539 3369 τε
582 3316 723 3368 bona
761 3314 1045 3384 prolisque
1083 3312 1325 3369 felicitas
1392 3322 1445 3369 et
1505 3313 1801 3369 liberormn
1872 3317 2046 3371 abun-

460 3403 674 3471 dantia,
725 3407 818 3460 sed
858 3408 1125 3461 caelorum
1154 3421 1382 3476 regnum
1440 3405 1791 3477 Evangelium
1825 3423 2049 3464 servan-

461 3494 612 3550 tibus
667 3494 1004 3567 pr0missum
1078 3503 1183 3550 est.
1241 3493 1320 3550 Ne
1385 3496 1554 3566 igitur
1619 3498 1743 3553 sitis
1804 3499 2047 3568 pusilla-

458 3588 641 3643 nimes
700 3605 717 3645 :
775 3589 1198 3644 excellentiores
1278 3594 1414 3644 sunt
1465 3588 1745 3661 Evangelii
1809 3592 2047 3661 promis-

460 3682 690 3748 siones;
724 3680 952 3737 stultum
996 3690 1080 3737 est
1137 3687 1323 3736 autem
1357 3683 1575 3752 potiora
1635 3682 1904 3739 habentes
1953 3685 2048 3740 de-

461 3772 709 3844 fatigari.
1670 3824 1675 3829 .

532 3865 703 3920 Vens.
740 3866 791 3920 7.
830 3865 892 3922 Si
924 3869 1063 3922 enim
1093 3870 1326 3938 primunt
1360 3870 1495 3923 illud
1559 3878 1675 3925 erat
1724 3868 2051 3940 irreprelten-

461 3957 638 4020 sibile.
692 3975 797 4012 non
832 3960 1010 4030 utique
1033 3960 1249 4015 secundi
1303 3962 1448 4016 locus
1490 3962 1863 4034 inquireretur.
1904 3960 2049 4017 Cou-

464 4048 649 4104 sidera
680 4047 952 4105 ordinem.
984 4048 1129 4104 Dixit
1155 4048 1361 4106 Christi
1398 4048 1815 4106 Testamentum
1852 4050 2049 4106 melius

466 4153 593 4195 esse
655 4139 859 4194 Veteri.
943 4138 1098 4195 l‘nde
1158 4141 1261 4196 hoc
1322 4142 1542 4211 planum
1607 4139 1704 4196 ﬁt?
1755 4140 2047 4208 Quoniam,

465 4231 671 4299 inquit,
718 4231 775 4285 in
815 4231 1140 4288 melioribus
1163 4234 1622 4302 promissionibus
1645 4234 1919 4290 sancitum
1942 4241 2048 4289 est.

464 4320 603 4377 Nam
631 4323 680 4378 si
713 4325 959 4393 potiores
982 4334 1112 4379 sunt
1139 4325 1535 4396 promissioues
1556 4336 1613 4381 et
1637 4324 2048 4391 retributiones,

464 4415 816 4486 perspicuum
869 4422 955 4471 est
995 4416 1138 4486 quod
1181 4416 1377 4474 melius
1405 4417 1482 4474 sit
1529 4418 1693 4475 etiam
1727 4415 2051 4473 Testamen-

465 4512 608 4570 tum,
662 4519 726 4560 ac
763 4516 1033 4576 praecepta
1076 4508 1372 4566 diviniora.
1433 4506 1592 4565 Unde
1649 4520 1829 4565 autem
1861 4506 2050 4578 'liquet

463 4598 611 4666 quod
648 4600 1062 4664 praestantior-es
1108 4602 1220 4656 sint
1254 4601 1855 4673 promissioues?Quia
1910 4604 2044 4657 illud

464 4686 688 4755 quidem
737 4689 1004 4759 reiectum
1063 4703 1170 4761 est,
1207 4694 1416 4765 inquit,
1478 4695 1581 4749 hoc
1607 4710 1737 4750 vero
1787 4709 2046 4768 surroga-

465 4783 606 4829 tum.
664 4774 960 4851 Propterea
1022 4784 1167 4838 enim
1214 4783 1426 4839 Novum
1473 4783 1884 4841 Testamentum
1934 4787 2046 4858 pri-

466 4876 674 4921 matum
707 4869 940 4939 obtinet,
978 4875 1105 4943 quia
1130 4875 1327 4930 melius
1357 4883 1411 4930 et
1457 4877 1769 4945 perfectius.
1831 4876 2043 4933 Etenim

465 4958 512 5014 si
570 4960 702 5017 illud
731 4956 892 5036 705
950 4974 1098 5021 esset
1137 4967 1643 5038 irreprehensibile,
1718 4970 1819 5025 hoc
1853 4982 1956 5037 est,
1996 4971 2044 5026 si

466 5050 982 5123 irreprehenstbiles
1017 5054 1245 5123 faceret,
1289 5072 1632 5129 nequaquam
1681 5060 1910 5116 alterum
1955 5064 2043 5116 iu-

466 5147 873 5203 trodueeretur.
894 5147 1365 5213 Quemadmodum
1397 5154 1582 5204 autem
1611 5154 1830 5223 proprie
1858 5155 2043 5212 dicere

465 5239 754 5294 solemus:
789 5237 908 5293 Non
972 5248 1057 5294 est
1104 5242 1611 5310 irreprehensibilis
1646 5243 1864 5310 domus,
1919 5264 2041 5318 pro,

466 5327 747 5386 Deiectum
781 5331 969 5394 habet,
1012 5332 1093 5386 rel
1125 5333 1508 5404 putrediuem:
1544 5339 1624 5392 sic
1658 5348 1712 5392 et
1749 5338 1916 5397 Vrtus
1942 5340 2046 5400 Te-

2152 3312 2277 3365 κνία
2315 3311 2410 3366 καὶ
2452 3310 2805 3377 πολυτεκνία,
2839 3309 2976 3364 ἀλλὰ
3001 3310 3246 3382 βασιλεία
3272 3312 3525 3384 οὐρανῶν
3553 3313 3722 3382 ἐπήγ-

2149 3405 2339 3474 γελται
2402 3406 2517 3467 τοῖς
2572 3403 2634 3457 τὸ
2700 3404 3036 3474 Εὐαγγέλιον
3089 3402 3339 3478 τηροῦσι.
3389 3404 3485 3475 Μὴ
3544 3402 3721 3458 τοίνυν

2159 3498 2563 3570 μικροψυχείτε
2596 3515 2609 3529 ·
2647 3496 2935 3569 κρείττους
2987 3497 3128 3551 εἰσὶν
3162 3498 3219 3554 αἰ
3266 3497 3361 3552 τοῦ
3396 3497 3724 3571 Εὐαγγελίου

2150 3590 2481 3661 ἐπαγγελίαι
2518 3606 2532 3620 ·
2568 3590 2800 3662 ἀνόητον
2854 3589 2911 3643 δέ
2952 3588 3013 3642 τὸ
3056 3588 3127 3644 τὰ
3176 3588 3466 3660 κρείττονα
3505 3588 3720 3658 ἔχοντας

2148 3688 2513 3757 ἀποκάμνειν.

2218 3865 2287 3918 El
2343 3864 2455 3934 γὰρ
2487 3864 2525 3932 ἡ
2556 3861 2757 3933 πρώτη
2800 3862 3002 3930 ἐκείνη
3032 3857 3112 3933 ἦν
3142 3860 3470 3931 ἄμεμπτος,
3510 3861 3619 3915 οὐκ
3646 3857 3720 3913 ἂν

2150 3954 2436 4025 δευτέρας
2500 3952 2755 4023 ἐζητεῖτο
2817 3953 3025 4019 τόπος.
3113 3953 3256 4022 Ὅρα
3311 3950 3489 4017 τάξιν.
3562 3946 3719 4004 Εἶπεν

2150 4048 2235 4102 ὅτι
2298 4047 2564 4117 κρείττων
2614 4044 2827 4114 ἐστίνὴ
2883 4042 3025 4097 κατὰ
3074 4038 3312 4116 Χριστὸν
3352 4043 3597 4114 Διαθήκη
3623 4042 3719 4111 τῆς

2153 4138 2418 4202 Παλαιᾰς.
2452 4138 2561 4193 Καὶ
2585 4137 2749 4191 πόθεν
2779 4134 2938 4208 δῆλον
2965 4152 2981 4202 ;
3016 4136 3186 4201 Διότι,
3216 4136 3404 4206 φησιν,
3431 4136 3524 4188 ἐπὶ
3546 4134 3719 4205 κρείτ-

2154 4247 2305 4285 τοσιν
2345 4228 2707 4299 ἐπαγγελίαις
2742 4225 3188 4297 νενομοθέτηται.
3260 4225 3326 4279 Εἰ
3388 4226 3498 4297 γὰρ
3543 4223 3721 4294 κρείτ-

2154 4341 2279 4387 τους
2328 4323 2384 4378 αί
2417 4320 2744 4390 ἐπαγγελίαι
2778 4320 2872 4374 καὶ
2913 4320 2970 4372 αἰ
3010 4316 3372 4389 ἀντιμισθίαι,
3397 4316 3616 4387 εὔδηλον
3641 4315 3719 4368 ὅτι

2154 4417 2250 4472 καὶ
2305 4417 2339 4487 ἡ
2392 4415 2637 4485 Διαθήξιη
2684 4412 2951 4484 κρείττων
2979 4454 2995 4478 ,
3051 4411 3148 4465 καί⁵
3194 4411 3262 4464 τὰ
3305 4410 3649 4481 ἐπιτάγματα
3674 4408 3715 4439 ¹¹

2157 4508 2428 4580 θειότερα.
2490 4506 2662 4561 Πόθεν
2710 4505 2889 4576 δῆλον,
2929 4505 3012 4559 ὅτι
3064 4502 3348 4576 κρείττους
3382 4502 3439 4557 αἱ
3492 4505 3717 4570 ἐπαγγε-

2077 4565 2125 4625 D
2152 4601 2266 4656 λίαι
2299 4565 2349 4670 ς’
2377 4598 2468 4666 Ἐξ
2508 4592 2606 4663 ὧν,
2658 4565 2848 4669 iptio-tv,
2875 4565 3074 4666 ’ἐκείνη
3103 4565 3216 4666 ’μὲν
3271 4592 3561 4665 ἐξεσλήθη,
3586 4565 3715 4662 αὕτη

2151 4695 2211 4748 δὲ
2266 4690 2620 4762 ἁντεισήχθη.
2660 4689 2759 4743 Διά
2790 4688 2897 4761 γὰρ
2933 4689 3094 4742 τοῦτο
3128 4688 3162 4760 ἡ
3197 4686 3314 4741 Νέα
3365 4688 3589 4759 κρατεῖ,
3634 4684 3715 4736 ὅτι

2154 4783 2382 4856 βελτίων
2436 4785 2532 4839 καὶ
2566 4782 2904 4853 τελειοτέρα.
2963 4779 3026 4834 Εἰ
3070 4779 3179 4851 γὰρ
3218 4778 3402 4850 ἐκείνη
3445 4775 3514 4851 ἦν
3544 4779 3712 4849 ἄμεμ-

2157 4891 2314 4941 πτος,
2350 4873 2655 4939 τουτέστιν,
2687 4873 2735 4925 εί
2762 4872 3086 4943 ἀμέμπτους
3126 4871 3323 4935 ἐποίει,
3376 4872 3477 4924 οὐκ
3502 4870 3566 4923 ἂν
3603 4868 3713 4922 δευ-

2154 4972 2288 5040 τέρα
2316 4968 2600 5039 εἰσὴγητο.
2671 4965 2882 5037 Ὠσπερ
2919 4965 2975 5019 δὲ
3007 4962 3425 5036 ἰδιωτικώτερον
3458 4964 3711 5032 εἰώθαμεν

2152 5060 2357 5128 λέγειν,
2380 5059 2495 5112 Οὐκ
2525 5057 2976 5129 ἔστινλειμεμπτος
3003 5057 3035 5126 η
3068 5054 3239 5116 οἰκία,
3263 5054 3387 5107 ἀντὶ
3411 5054 3523 5119 τοῦ,
3540 5053 3712 5105 Ἐλάτ-

2151 5172 2311 5225 τωμα
2349 5153 2496 5225 ἔχει,
2552 5151 2821 5222 σάθρωμα
2847 5163 2861 5178 ·
2898 5147 3041 5202 οὕτω
3080 5146 3178 5201 καὶ
3214 5147 3316 5216 τὴν
3350 5145 3586 5201 Παλαιὰν
3610 5140 3707 5211 ἔφη

2155 5248 2232 5321 μὴ
2278 5244 2419 5300 εἰναι
2475 5244 2805 5315 ἄμεμπτον,
2878 5239 2980 5311 οὐχ
3037 5237 3113 5302 ὡς
3180 5237 3447 5308 πονηρὰν,
3498 5233 3603 5288 ἀλλ’
3636 5233 3706 5295 di,

2158 5341 2236 5412 μὴ
2275 5336 2588 5408 δυναμένην
2622 5330 2935 5407 βελτιῶσαι,
2972 5324 3063 5384 οἷα
3088 5329 3300 5398 νηπίοις
3328 5324 3586 5381 δοθεῖσαν.

466 5436 802 5483 stamentum
830 5425 1095 5483 dicitnnn
1123 5434 1886 5504 esseirreprehensibile,non
1913 5442 2058 5511 quod
2092 5457 2323 5515 pravum
2356 5440 2451 5502 sit,
2487 5448 2676 5491 verum
2701 5431 2845 5504 quod
2884 5430 3141 5486 meliores
3184 5429 3415 5484 reddere
3443 5445 3546 5487 non
3590 5435 3707 5494 ρυε-

464 5518 560 5582 sit,
589 5528 780 5589 utpote
806 5519 1051 5588 parvulis
1083 5521 1362 5578 traditum.

541 5610 706 5666 Vsus.
741 5613 794 5668 8.
829 5610 1089 5668 Incusum
1123 5617 1260 5670 enim
1292 5634 1377 5673 eos
1419 5620 1566 5675 dicit.
1601 5619 1718 5676 Non
1753 5621 1911 5689 dixit,
1953 5623 2037 5679 in-

2216 5617 2607 5687 Μεμξρόμενος
2629 5612 2737 5684 γὰρ
2777 5610 2982 5679 αὐτοῖς
3012 5611 3194 5681 λέγει.
3249 5610 3365 5665 Οὔκ
3411 5605 3552 5675 εἷπε,
3579 5619 3699 5675 μεμ-

1696 5794 1697 5799 “
1800 5799 2005 5863 Varia:
2044 5798 2373 5861 lectiones,

537 5894 577 5925 “
606 5893 996 5970 ἐπαγγέλματα
1023 5913 1078 5957 0.
