3918 6576
177 424 276 490 297

200 541 253 588 ἐν
387 533 466 604 τῷ
611 531 762 603 αὐτῷ

919 418 1326 483 EXPOSlTIO
1362 419 1444 481 ΙΝ
1467 419 1707 481 EPIST.
1736 419 1836 478 AD
1867 416 2263 479 HEBﬂt‘EOS.
2298 443 2364 453 -
2404 418 2562 482 CAP.
2608 419 2714 482 IX.

887 531 1024 602 οἴκῳ
1057 530 1186 584 ἔνθα
1218 529 1262 562 ⁸⁵
1292 532 1344 584 οἱ
1383 528 1647 592 Ἰουδαῖοι,
1692 527 1745 580 οἱ

1864 526 2074 595 :picuus
2099 525 2151 580 in
2181 542 2243 582 ea
2280 525 2464 590 domo,
2491 527 2584 583 ubi
2619 526 2811 595 Judwi,
2850 527 3117 597 Nazareni,
3140 534 3424 607 proselyti.

3312 424 3420 489 238

176 628 490 698 Ναζαραῖοι,
539 626 593 680 οἱ
631 624 986 696 προσήλυτοι,
1019 625 1069 677 οἱ
1119 622 1399 694 Ἕλληνες.
1448 619 1605 673 Ἐπεὶ
1650 619 1743 673 οῦν

1864 617 2037 672 ἳινεοί.
2069 616 2208 684 Quia
2247 619 2415 689 igitur
2445 629 2498 676 et
2527 620 2701 677 Graeci
2749 621 2803 676 in
2834 622 2965 678 illud
3007 624 3309 682 ascendere
3332 642 3428 698 po-

177 722 264 772 κιὶ
291 717 553 787 Ἕλλησιν
584 715 847 770 ἐπιϐατὸν
870 711 961 785 ἦν,
994 712 1293 786 κοσμικὸν
1319 712 1452 766 αὐτὸ
1482 709 1656 764 καλεῖ.

237 807 440 876 Σκηνὴ
476 806 588 878 γὰρ
626 804 1086 872 κατεσκευάσθη
1122 805 1160 872 ἡ
1185 803 1405 872 πρώτη,
1440 802 1510 856 ἐν
1546 801 1585 870 ᾖ
1618 801 1655 870 ἢ
1682 819 1746 856 τε

171 902 393 970 λυχνία
433 901 528 953 καὶ
561 899 601 967 ἠ
644 894 923 966 τράπεζα,
954 895 1055 950 καὶ
1100 896 1138 964 ή
1178 896 1465 962 πρόθεσις
1495 890 1616 946 τῶν
1645 891 1745 960 ἄρα

174 1013 305 1057 των,
344 994 477 1061 ἣτις
500 992 737 1061 λέγεται
756 991 949 1060 Ἅγια.
981 987 1213 1060 Πρώτην
1242 986 1393 1054 λέγει
1419 985 1643 1056 ταύτην,
1669 984 1745 1048 ὡς

172 1091 302 1158 πρὸς
331 1088 404 1141 τὰ
432 1087 600 1153 ’Ἅγια
627 1085 737 1138 τῶν
771 1084 967 1152 ἁγίων,
995 1083 1265 1150 ἐπείτοιγε
1297 1082 1437 1152 μέση
1453 1074 1610 1150 ἀῦτη
1653 1074 1745 1150 ἦν.

172 1181 277 1250 Πρὸ
305 1178 365 1231 δὲ
409 1177 579 1247 αὐτῆς
626 1172 695 1247 ἦν
722 1175 784 1229 τὺ
827 1173 1066 1247 χαλκοῦν
1109 1173 1516 1243 θυσιαστήριον,
1547 1174 1608 1224 τὸ
1636 1170 1746 1223 τῶν

170 1271 664 1339 ὁλοκαυτωμάτων,
700 1270 757 1320 ἐν
785 1269 1037 1337 ὑπαίθρῳ
1079 1266 1370 1337 ἱστάμενον
1389 1281 1404 1297 ⁸
1430 1260 1548 1318 εἶτα
1575 1279 1745 1316 κατα-

174 1364 517 1432 πετάσματος
560 1360 880 1433 τεταμένον,
920 1359 1118 1430 μᾶλλον
1147 1359 1202 1412 δὲ
1252 1356 1650 1425 ἐπισπάστρου,
1678 1349 1748 1423 ἦν

172 1456 303 1524 αῦτη
345 1457 382 1527 ἡ
418 1455 578 1527 μέση,
608 1456 669 1508 ἐν
760 1454 797 1525 ἦ
821 1470 880 1506 τε
902 1450 1116 1524 λυχνία,
1144 1451 1241 1505 καὶ
1272 1452 1307 1521 ἡ
1346 1447 1614 1520 τράπεζα,
1655 1445 1748 1499 καὶ

169 1552 199 1620 ή
232 1547 497 1618 πρόθεσις
527 1545 636 1600 τῶν
670 1547 873 1616 ἄρτων.

232 1640 400 1696 Μετὰ
434 1638 506 1693 δὲ
542 1638 610 1692 τὸ
656 1638 943 1707 δεύτερον
978 1635 1430 1704 καταπέτασμα,
1460 1629 1662 1701 σκηνὴ
1708 1631 1747 1700 ἡ

166 1734 460 1804 λεγομένη
496 1734 672 1803 "Arta
721 1731 924 1801 ἁγίων.
977 1730 1142 1803 Ὁρᾷς
1170 1730 1254 1784 ὅτι
1297 1725 1366 1800 ἦν
1407 1727 1504 1798 μὲν
1534 1725 1750 1798 πρῶτον

169 1828 600 1896 καταπέτασμα,
636 1826 666 1878 ὅ
708 1825 1087 1895 ἐπίσπαστρον
1124 1822 1281 1876 καλεῖ
1320 1822 1354 1892 ή
1402 1820 1618 1893 Γραφὴ,
1672 1818 1748 1882 ὡς

169 1917 553 1989 ἐπισπώμενον
589 1917 685 1971 καὶ
743 1916 1131 1987 ἐφελκόμενον,
1162 1914 1191 1968 ὃ
1220 1913 1383 1967 διεῖλε
1435 1912 1533 1983 τὴν
1576 1911 1749 1983 αὐλὴν

168 2014 241 2077 εἰς
273 2013 349 2084 ἦν
399 2012 718 2082 είσήρχοντο
765 2010 967 2071 πάντες
1020 2006 1239 2073 κοινῶς,
1274 2007 1333 2060 ἐν
1381 1999 1415 2081 ᾗ
1461 2008 1556 2059 καὶ
1593 2003 1750 2058 ἔθυον

167 2107 302 2159 κατὰ
326 2104 429 2158 τοῦ
462 2102 670 2175 χαλκοῦ
697 2101 1086 2172 θυσιαστηρίου
1118 2099 1227 2154 ἀπὸ
1259 2099 1360 2168 τῆς
1390 2096 1598 2169 σκηνῆς
1623 2095 1754 2151 ἐκά-

169 2215 318 2251 στοτε
347 2196 654 2267 δεχομένης
714 2195 844 2258 τοὺς
897 2195 1063 2264 ἱερεῖς
1097 2192 1198 2254 τὰς
1243 2191 1497 2261 λατρείας
1564 2190 1750 2243 ἐπιτεςο

166 2289 416 2352 λοῦντας.
447 2287 585 2343 Μεθ’
612 2285 642 2339 ὃ
694 2287 751 2340 δὲ
794 2276 1002 2355 ταύτην
1035 2283 1273 2353 διῆλθες,
1310 2279 1379 2353 ἦν
1432 2277 1589 2345 αὖθις
1629 2281 1751 2335 ἓτε-

168 2399 257 2451 ρον
288 2381 335 2413 ³³
393 2379 822 2448 καταπέτασμα,
856 2377 953 2431 καὶ
980 2375 1187 2430 ἔσωθεν
1240 2373 1432 2427 τούτου
1468 2373 1663 2445 σκηνὴ,
1717 2375 1750 2444 ἡ

164 2471 435 2542 λεγομένη
472 2468 642 2537 ²Αγια
690 2469 879 2537 ἁγίων,
915 2467 995 2529 εἰς
1024 2466 1092 2536 ἢν
1137 2464 1313 2528 οὐδεὶς
1351 2463 1539 2534 ἔτερος
1581 2464 1753 2536 εἰσῄει

165 2566 210 2617 εἰ
246 2563 324 2634 μὴ
352 2564 518 2633 μόνος
545 2564 574 2616 ὁ
607 2561 923 2631 ἀρχιερεὺς,
953 2560 1052 2613 καὶ
1069 2552 1226 2621 οὗτος
1254 2556 1406 2622 ἅπαξ
1442 2555 1539 2610 τοῦ
1568 2558 1751 2610 ἐνιαυ-

164 2658 276 2710 τοῦ.
309 2655 568 2724 Σκηνὴν
599 2654 659 2707 δὲ
719 2652 998 2725 πανταχοῦ
1049 2652 1241 2717 καλεῖ,
1285 2650 1374 2705 διὰ
1420 2651 1483 2704 τὸ
1519 2649 1754 2722 σκηνοῦν

166 2752 281 2804 ἐκεῖ
309 2750 406 2803 τὸν
433 2749 587 2804 θεόν.

232 2841 524 2910 Χρυσοιῖην·
552 2839 786 2909 ἔχουσα
825 2839 1235 2910 θυμιατήριον,
1289 2836 1387 2893 καὶ
1438 2836 1553 2904 τὴν
1584 2838 1754 2890 κιϐω-

165 2935 272 2988 τὸν
317 2933 434 3003 τῆς
469 2934 764 3001 Διαθήκης
812 2929 1415 3002 περικεκαλυμμένην
1455 2928 1757 2984 πάντοθεν

167 3028 431 3095 χρυσίῳ.
465 3025 712 3080 Κιόωτὸν
756 3025 1032 3096 Διαθήκης
1085 3025 1292 3094 ταύτην
1325 3022 1500 3086 καλεῖ,
1536 3020 1609 3085 ὡς
1655 3019 1756 3084 τὰς

169 3118 391 3182 πλάκας
423 3118 675 3189 ἔχουσαν.
708 3116 914 3178 αἵτινες
941 3115 1032 3169 τὸν
1068 3118 1233 3184 νόμον
1276 3115 1575 3183 περιεῖχον.

1846 719 2051 773 terant,
2084 711 2345 766 swculare
2373 713 2629 783 appellat.

1924 803 2087 859 Vens.
2116 803 2174 858 ‘2.
2209 803 2634 861 Taberuaculum
2664 809 2801 862 enim
2833 809 3034 878 factum
3060 821 3135 866 est
3165 813 3424 882 primum,

1849 896 1904 949 in
1959 912 2061 966 quo
2114 905 2265 950 erant
2301 898 2646 965 candelabra,
2695 911 2743 956 et
2788 919 2989 967 mensa,
3036 913 3085 958 et
3134 906 3426 976 propositio

1848 1005 2046 1057 panum
2094 1004 2213 1060 qua:
2247 989 2444 1043 dicitur
2472 989 2695 1046 Sancta.
2744 991 2986 1049 Primum
3019 996 3255 1066 appellat
3299 997 3424 1062 hoc,

1851 1088 2100 1149 respectu
2134 1079 2257 1150 ejus
2302 1081 2408 1137 loci
2442 1083 2533 1152 qui
2580 1082 2783 1139 dicitur
2832 1083 3033 1141 Sancta
3083 1096 3426 1156 sanctorum,

1849 1186 1977 1227 nam
2031 1172 2273 1227 medium
2323 1180 2443 1228 erat
2484 1173 2609 1228 hoc.
2652 1174 2792 1230 Ante
2843 1177 3019 1247 ipsum
3066 1188 3248 1233 autem
3309 1190 3429 1235 eral.

1848 1284 2051 1323 aereum
2086 1268 2259 1325 altare
2284 1269 2758 1336 holocaustorum,
2780 1272 2884 1328 sub
2907 1272 2996 1328 die
3024 1275 3383 1330 constitutum
3408 1291 3424 1328 :

1850 1360 2073 1426 deinde,
2098 1362 2367 1417 velamine
2393 1371 2624 1419 extenso
2644 1405 2658 1430 ,
2692 1364 2803 1419 imo
2827 1380 2957 1421 vero
2987 1367 3311 1423 attractorio
3337 1382 3433 1437 po.

1850 1451 1983 1516 tius,
2014 1453 2250 1507 medium
2285 1453 2391 1509 hoc
2416 1466 2534 1510 erat
2563 1455 3001 1521 tabernaculum,
3036 1455 3089 1510 in
3126 1471 3236 1529 quo
3272 1465 3432 1513 erant

1849 1542 2201 1610 candelabra,
2235 1552 2289 1600 et
2320 1562 2529 1612 mensa,
2562 1553 2617 1602 et
2646 1561 2848 1617 panum
2884 1549 3209 1618 propositio.

1844 1652 1847 1655 π
1920 1633 2092 1691 Vens.
2128 1637 2182 1691 5.
2218 1636 2349 1693 Post
2380 1640 2668 1694 secundum
2693 1648 2869 1693 autent
2901 1638 3154 1707 velamen,
3186 1639 3436 1695 taberna-

1850 1728 2029 1782 culum
2059 1728 2201 1800 quod
2221 1729 2422 1785 dicitur
2449 1730 2646 1787 Sancta
2670 1742 2997 1788 sanctorum.
3027 1731 3433 1788 Animadvertis

1852 1819 1939 1876 hic
1973 1820 2208 1891 primum
2229 1821 2395 1879 l'u‘sse
2423 1823 2664 1879 velamen
2694 1824 2841 1895 quod
2871 1822 3249 1878 attracwrium
3281 1819 3434 1898 Scri-

1852 1921 2010 1985 ptura
2043 1916 2298 1985 appellat,
2333 1916 2497 1972 veluti
2526 1916 2671 1988 quod
2696 1916 3073 1985 convolvatur,
3100 1924 3153 1971 et
3186 1913 3435 1970 attraha-

1852 2012 1963 2072 tur,
1996 2007 2144 2077 quod
2165 2006 2455 2063 dirimebat
2477 2009 2701 2073 atrium,
2731 2008 2788 2063 in
2818 2007 2962 2079 quod
2989 2006 3436 2078 ingrediebantur

1851 2115 2045 2156 omnes
2077 2100 2468 2166 communiter,
2511 2107 2566 2155 et
2593 2099 2648 2155 in
2697 2114 2806 2171 quo
2839 2096 3227 2155 sacriﬁcabant
3265 2110 3434 2166 super

1851 2208 1996 2250 atreo
2026 2193 2208 2259 altari,
2235 2208 2264 2247 a
2294 2185 2649 2249 tabernaculo
2688 2192 2934 2265 quotidie
2965 2192 3215 2262 capiente
3244 2205 3431 2246 sacer-

1852 2284 2010 2341 dotes
2047 2300 2201 2341 sacra
2250 2286 2556 2342 ministeria
2592 2286 2957 2357 perlicientes.
2982 2283 3098 2340 Hoc
3131 2283 3223 2339 ubi
3258 2295 3436 2338 trans-

1857 2379 2017 2442 isses,
2084 2387 2202 2433 erat
2234 2392 2430 2434 rursus
2468 2379 2699 2433 alterum
2745 2378 3016 2443 volamen,
3060 2386 3113 2432 et
3147 2377 3288 2430 intra
3326 2375 3434 2430 hoc

1855 2470 2273 2526 tabernaculum
2305 2471 2450 2541 quod
2491 2471 2692 2527 dicitur
2716 2470 2976 2527 Sanctum
3006 2477 3346 2533 sanctorum,
3377 2468 3434 2524 in

1855 2562 2002 2632 quod
2028 2578 2190 2618 nemo
2208 2562 2348 2618 alius
2372 2563 2637 2620 introibat
2667 2570 2868 2635 prater
2896 2563 3073 2618 solum
3099 2561 3436 2631 pontiﬁcem.

1856 2662 2024 2725 atque
2060 2654 2163 2710 iste
2193 2654 2302 2711 nisi
2327 2655 2495 2711 semel
2522 2656 2577 2710 in
2606 2640 2770 2711 anno;
2806 2653 3229 2709 Tabernaculum
3251 2659 3432 2707 autem

1855 2747 2060 2817 ubique
2097 2756 2278 2814 vocat,
2316 2749 2462 2819 quod
2496 2748 2609 2805 illic
2640 2745 2784 2805 Deus
2814 2747 3050 2802 habitat.

1926 2839 2094 2895 Vens.
2139 2840 2195 2895 4.
2240 2839 2473 2895 Aureum
2511 2839 2707 2895 habens
2755 2839 3103 2905 thuribulum,
3152 2850 3202 2897 et
3256 2859 3438 2898 arcam

1858 2935 2158 2988 testamenti
2179 2936 2673 2988 circumcoutectam
2708 2948 2772 2986 ea:
2794 2933 2938 2987 omni
2961 2942 3114 3002 parte
3145 2950 3298 2989 auro.
3335 2935 3439 2989 Ar-

1857 3040 1978 3081 cam
2032 3026 2345 3082 testamenti
2393 3025 2654 3097 appellat,
2688 3035 2749 3079 ut
2789 3040 2913 3096 quae
2957 3024 3173 3083 tabulas
3206 3025 3439 3084 haberet

1857 3133 1980 3190 quae
2012 3120 2184 3191 legem
2221 3120 2749 3190 coniplectebantur.

247 3211 361 3265 ’Er
464 3207 732 3279 στάμνος
769 3206 974 3279 χρυσῆ
1005 3205 1239 3281 ἔχουσα
1281 3204 1349 3259 τὸ
1391 3204 1624 3266 Μάννα,
1659 3196 1751 3257 καὶ

1928 3214 1996 3266 In
2022 3228 2126 3281 qua
2151 3229 2286 3266 urna
2310 3228 2473 3266 aurea
2497 3210 2693 3267 habens
2739 3210 2960 3277 Manna,
2994 3221 3043 3267 et
3078 3212 3225 3281 virga
3253 3211 3439 3269 Aatan

168 3303 205 3371 ἡ
223 3302 457 3370 ῥάϐδος
490 3299 716 3370 Ἀαρὼν
736 3301 776 3369 ἠ
816 3298 1260 3367 βλαστήσασα,
1291 3297 1386 3351 ml
1431 3299 1490 3350 ιιι
1525 3294 1756 3360 πλάκες

168 3392 278 3462 τῆς
304 3390 630 3458 Διαθήκης.
675 3388 862 3444 Ταῦτα
903 3389 1087 3445 πάντα
1122 3388 1223 3457 τῆς
1258 3384 1557 3458 Ἰουδαϊκῆς
1579 3387 1757 3455 ἀγνω-

173 3486 416 3555 μοσύνης
448 3481 518 3556 ἦν
563 3484 956 3555 ὑπομνήματα.
993 3481 1067 3537 Ἠ
1111 3482 1209 3552 μὲν
1252 3479 1522 3551 στάμνος
1560 3479 1757 3550 ἔχουσα

169 3576 229 3626 τὸ
253 3575 474 3638 Μάννα,
504 3573 639 3626 διότι
669 3573 977 3642 ἐγόγγυσαν
1005 3570 1180 3640 τούτῳ
1213 3572 1539 3641 τρεφόμενοι
1573 3585 1759 3623 καινο-

171 3667 414 3735 τρὸπως,
452 3665 541 3717 ἵνα
577 3665 672 3717 καὶ
705 3666 786 3728 εἰς
813 3665 940 3728 τοὺς
984 3662 1247 3733 ἐκγόνους
1290 3660 1674 3734 παραπεμφθῇ
1720 3663 1755 3733 ή

175 3765 370 3833 μνήμη
401 3761 500 3816 καὶ
530 3764 630 3832 τῆς
658 3760 751 3814 τοῦ
776 3760 913 3814 Θεοῦ
941 3759 1310 3831 χρηστότητος
1337 3756 1549 3826 καὶτῆς
1577 3753 1756 3808 αὐτῶν

173 3858 426 3928 πικρίας.
468 3856 538 3910 Ἦ
563 3853 789 3923 ῥάϐδος
829 3853 885 3907 δὲ
924 3851 1159 3924 Ἀαρὼν,
1190 3850 1282 3906 διὰ
1312 3851 1412 3922 τὴν
1448 3849 1758 3917 ἀντιλογίαν

171 3949 272 4017 τὴν
299 3946 601 4016 γενομένην
636 3946 721 3997 ἐπ’
752 3942 919 4015 αὐτῷ.
945 3946 1010 3997 Al
1040 3942 1272 4009 πλάκες
1299 3942 1356 3996 δὲ
1388 3941 1501 4012 τῆς
1548 3939 1758 4005 Διαθή-

172 4053 310 4102 κης,
346 4036 483 4090 διότι
506 4035 782 4100 κατέαξαν
812 4036 912 4098 τὰς
943 4033 1168 4105 πρώτας
1200 4035 1289 4088 διὰ
1331 4033 1432 4104 τῆς
1475 4032 1760 4087 εἰδωλολα-

169 4129 382 4201 τρείας.
419 4130 685 4199 Ζητήσεις
718 4126 773 4182 δὲ
795 4127 917 4191 Πῶς
941 4129 1001 4180 ἐν
1036 4126 1135 4196 μὲν
1168 4129 1288 4189 ταῖς
1318 4123 1627 4189 Βασιλείαις
1659 4124 1757 4194 γέ-

170 4238 443 4291 γραπται,
465 4223 549 4275 ὅτι
570 4222 672 4275 οὐκ
699 4216 767 4292 ἧν
801 4221 931 4276 ἄλλο
954 4237 1007 4274 τι
1034 4222 1093 4273 ἐν
1131 4223 1199 4291 τῇ
1229 4219 1465 4291 κιϐωτῷ,
1497 4221 1545 4272 ει
1587 4218 1663 4289 μὴ
1701 4219 1757 4272 αἱ

171 4314 411 4379 πλάκες,
443 4313 540 4367 νῦν
559 4313 617 4367 δὲ
640 4314 732 4366 καὶ
760 4313 861 4383 τὴν
891 4312 1131 4384 στάμνον
1162 4302 1328 4383 ᾦησὶν
1355 4314 1384 4366 ὁ
1415 4310 1759 4374 Ἀπόστολος,

172 4408 274 4462 καὶ
314 4406 416 4477 τὴν
477 4406 672 4477 ρἀδον
740 4405 954 4481 Ἀαρὼν
1002 4406 1059 4458 ἐν
1105 4404 1283 4477 ταύτῃ
1338 4401 1759 4466 ἀποτεθεῖσθαι;

175 4498 346 4561 Ἴσως
373 4496 467 4550 οὖν
507 4496 611 4550 ἆτε
653 4496 851 4569 ἄριστα
882 4492 1198 4559 παιδευθεὶς
1240 4493 1311 4546 τὰ
1354 4492 1622 4564 Ἐϐραῖκὰ
1654 4492 1760 4546 ὑπὸ

1860 3319 1976 3374 qme
2009 3302 2342 3373 (maduerat,
2383 3311 2432 3356 et
2465 3302 2663 3357 tabulae
2698 3300 3038 3357 Testamenti.
3078 3302 3206 3358 Haec
3254 3303 3439 3357 omnia

1857 3391 2103 3448 Judaicte
2158 3391 2569 3463 ingratitudinis
2624 3403 2783 3448 erant
2842 3402 3217 3448 monumenta.
3288 3389 3437 3446 Urna

1860 3480 2082 3551 quidem
2121 3496 2242 3550 quae
2278 3479 2474 3535 Manna
2504 3480 2835 3548 continebat,
2877 3496 2942 3537 eo
2974 3481 3143 3552 quod,
3172 3496 3297 3535 cum
3332 3481 3438 3536 isto

1860 3573 1984 3628 cibo
2012 3573 2208 3628 mirum
2245 3571 2301 3626 in
2337 3572 2559 3627 modum
2586 3573 2885 3638 alerentur,
2921 3572 3437 3640 obmurmurarunt,

1860 3673 1914 3721 et
1945 3674 2005 3721 ut
2045 3666 2099 3722 in
2147 3675 2397 3737 posteros
2428 3667 2595 3739 708
2630 3666 2894 3722 memoria
2923 3664 3021 3722 Dei
3053 3666 3432 3737 benignitatis,

1860 3764 1915 3812 et
1975 3757 2194 3812 illorum
2249 3757 2660 3812 armarulentite
2716 3757 3205 3812 transmitteretur.
3277 3753 3452 3826 Virga

1862 3858 2045 3904 autem
2080 3849 2316 3906 Aaronis
2343 3890 2356 3915 ,
2387 3859 2611 3920 propter
2646 3847 3142 3904 contradictionem
3172 3845 3441 3903 adversus

1862 3942 2016 3998 illum
2048 3943 2365 3999 excitatam.
2411 3942 2634 3997 Tabulae
2652 3957 2781 3997 vero
2813 3941 3132 4009 testamenti,
3167 3943 3295 4013 quia
3329 3941 3443 4014 pri-

1864 4046 1984 4088 mas
2004 4032 2390 4103 confregerant
2420 4047 2517 4103 per
2544 4030 2932 4087 idololatriam.
2959 4029 3183 4101 Quaeras
3207 4039 3387 4087 autem
3421 4048 3440 4089 :

1864 4122 1970 4191 Qui
1998 4139 2133 4194 ergo
2163 4124 2414 4180 inlibris
2468 4124 2675 4196 Regum
2710 4123 2975 4194 scriptum
3008 4124 3100 4188 sit,
3141 4121 3287 4193 quod
3330 4138 3441 4178 non

1863 4224 1984 4271 erat
2022 4216 2171 4272 aliud
2220 4217 2480 4289 quiddam
2516 4219 2570 4273 in
2608 4233 2737 4274 arca
2767 4229 2966 4289 praeter
2996 4220 3212 4275 tabulas
3244 4237 3261 4285 ;
3294 4235 3443 4275 nunc

1865 4320 1996 4361 vero
2028 4317 2083 4362 et
2112 4322 2319 4361 urnam
2358 4309 2672 4378 Apostolus,
2718 4317 2772 4365 et
2814 4312 3020 4381 virgam
3071 4309 3305 4366 Aaronis
3353 4311 3443 4366 hic

1865 4396 2161 4467 repositam
2196 4397 2438 4452 asserit?
2467 4397 2757 4467 Fortassis,
2784 4408 2971 4469 utpote
2997 4400 3089 4470 qui
3123 4401 3327 4470 Optime
3355 4401 3445 4455 in-

1866 4490 2093 4546 stitutus
2115 4499 2234 4545 erat
2264 4490 2319 4545 in
2353 4491 2520 4547 rebus
2546 4490 2795 4548 Judaicis
2822 4509 2851 4547 a
2882 4491 3199 4559 Gamaliele,
3230 4510 3295 4549 ex
3326 4504 3443 4549 tra-

170 4590 271 4643 τοῦ
312 4590 619 4661 Γαμαλιήλ,
651 4590 713 4642 ἐκ
747 4589 1103 4660 παραδόσεως
1150 4587 1216 4641 ἂν
1255 4583 1367 4657 εἶχε
1399 4584 1557 4640 τοῦτο
1578 4603 1594 4618 ·
1632 4587 1751 4640 ἐπεὶ

1864 4581 2071 4637 ditione
2121 4580 2223 4635 hoc
2268 4580 2546 4636 habebat:
2596 4582 3037 4653 quandoquidem
3079 4599 3226 4640 nunc
3277 4586 3466 4665 etiam.

172 4682 277 4735 καὶ
307 4681 404 4733 νῦν
432 4681 483 4734 οἱ
505 4679 965 4750 Φαρισαιάζοντες
983 4679 1094 4731 τῶν
1127 4676 1394 4749 Ἐϐραίων
1420 4677 1757 4732 συντίθενται

171 4771 343 4824 τοῦτο
391 4771 567 4835 οὕτως
616 4771 784 4841 ἔχειν.
814 4770 960 4841 Πλὴν
1013 4769 1115 4824 οὐκ
1175 4769 1236 4832 ἐξ
1284 4769 1483 4839 ἀρχῆς,
1514 4768 1631 4822 ἀλλ’
1667 4770 1755 4824 ὅτε

174 4866 378 4935 ἔμελλε
439 4865 711 4937 κρυϐῆναι
767 4868 801 4936 ἠ
850 4864 1098 4927 Κιϐωτδς
1141 4865 1236 4919 ἐπὶ
1291 4862 1593 4934 Ἰερεμίου,
1627 4861 1759 4925 ἴσως

177 4958 533 5028 ἁπετέθησαν
568 4959 657 5024 ἂν,
692 4959 848 5027 φασι,
873 4958 971 5011 καὶ
989 4956 1164 5009 ταῦτα
1193 4958 1253 5010 ἐν
1280 4955 1443 5026 αὐτῇ.

266 5138 578 5205 ’Υπερὰνω
607 5136 677 5190 δὲ
707 5135 920 5204 αὐτῆς.
945 5136 1225 5204 Τουτὲστι,
1252 5137 1347 5207 τῆς
1379 5134 1639 5190 κιϐωτοῦ.

253 5229 549 5297 Χερουϐὶμ
579 5226 789 5295 δόξης.
821 5228 893 5280 Ἢ
932 5227 1000 5281 τὰ
1032 5227 1239 5294 ἔνδοξα,
1260 5228 1294 5298 ἦ
1321 5226 1392 5280 τὰ
1415 5225 1768 5299 λειτουργικὰ

172 5317 281 5372 τοῦ
308 5317 465 5381 Θεοῦ,
490 5321 585 5373 καὶ⁸
619 5319 756 5389 πρὸς
781 5319 940 5385 δόξαν
964 5317 1130 5371 αὐτοῦ
1158 5317 1307 5373 ὄντα.
1337 5317 1524 5371 Ταῦτα
1555 5318 1613 5371 δὲ
1648 5317 1769 5369 ἐπί-

172 5412 355 5483 τηδες
404 5414 656 5485 ἐπαίρει,
710 5413 802 5467 ἶνα
853 5411 1002 5482 δείξῃ
1058 5411 1282 5483 μείζονα
1333 5410 1463 5464 ὅντα
1517 5411 1589 5464 τὰ
1643 5409 1766 5464 καθ’

174 5504 740 5657 ἡίιιιπῗῗιτασιιιάζόντα
759 5595 825 5649 τὸ
853 5597 1225 5663 ιλαστήριον.
1255 5594 1632 5662 Ἱλαστήριον
1660 5593 1757 5646 ἐλέ·

1863 4671 2109 4740 Hebraei,
2142 4672 2234 4742 qui
2289 4671 2595 4729 Pharisazos
2633 4682 2933 4743 sectantur,
2958 4674 3106 4731 istud
3130 4676 3207 4731 ita
3237 4692 3298 4732 se
3351 4677 3449 4730 ha-

1865 4766 1995 4821 bere
2035 4766 2466 4822 assentiuntur.
2533 4765 2921 4824 Verumtamen
2950 4784 3060 4825 non
3119 4771 3188 4826 ab
3252 4770 3444 4837 initio;

1812 4934 1819 4941 .
1865 4859 1963 4914 sed
2016 4860 2235 4930 quando
2279 4873 2406 4915 arca
2448 4862 2784 4931 temporibus
2810 4861 3061 4919 Jeremiae
3121 4864 3445 4920 occultanda

1867 4959 2006 5016 erat,
2060 4949 2269 5018 forsan,
2323 4951 2600 5022 inquiunt,
2650 4961 2705 5008 et
2755 4954 2873 5010 hate
2921 4964 3033 5009 tum
3084 4954 3161 5011 ibi
3205 4957 3445 5026 reposita

1869 5052 2045 5098 erant.

1946 5135 2113 5207 Vens.
2145 5136 2200 5191 5.
2238 5135 2413 5206 Supra
2437 5140 2606 5208 ipsam
2635 5147 2831 5195 autem.
2858 5139 3142 5205 Videlicet,
3169 5154 3402 5197 arcam..

1943 5228 2224 5283 Cherubin:
2266 5229 2474 5301 gloriae.
2509 5229 2606 5287 Vel
2649 5233 2795 5303 quod
2834 5231 3068 5287 celebria
3106 5216 3313 5299 esSent,
3364 5232 3447 5285 vel

1872 5321 2016 5390 quod
2072 5322 2457 5378 ministrarent
2504 5322 2638 5390 Deo,
2672 5331 2726 5379 et
2758 5321 2825 5378 ad
2866 5323 3094 5394 gloriam
3132 5320 3254 5392 eius
3278 5322 3449 5394 perti-

1876 5422 2087 5467 nerent.
2134 5413 2262 5469 Haec
2317 5423 2502 5470 autem
2558 5415 2811 5472 consulto
2864 5415 3078 5485 extollit
3119 5429 3230 5486 quo
3263 5422 3449 5472 nostra

1875 5503 2131 5558 Ostendat
2159 5519 2279 5562 esse
2318 5506 2545 5576 majora.

1949 5593 2340 5653 Obumbrautia
2362 5598 2811 5668 propitiatort'um.
2843 5598 3287 5669 Propitialorium
3305 5597 3455 5654 dice-

1530 5775 1734 5839 Variae
1768 5776 2091 5844 lectiones.

292 5873 346 5907 ”
371 5876 494 5932 ενθα
522 5879 572 5931 οί
600 5880 764 5950 ίερεῖς
791 5872 1115 5952 ἑστήκεισαν
1153 5899 1206 5937 o.

439 5972 708 6034 ΡΑτιιοῐ..
737 5974 855 6035 Gn.
895 5977 1138 6038 CXXV.

1300 5884 1341 5915 "
1366 5882 1619 5951 δεύτερον
1641 5897 1697 5935 ι).

3021 5977 3096 6040 10
