3918 6566
193 461 288 526 813

905 461 1312 523 EXPOSlTlO
1345 463 1425 524 IN
1469 461 1706 522 EPIST.
1739 462 1838 520 AD
1871 462 2264 524 HEBREOS.
2304 489 2372 501 -·
2404 467 2566 528 CAP.
2613 466 2718 526 IX.

3324 461 3431 524 3H

192 574 288 628 ἀπὸ
323 572 426 626 τῶν
459 573 704 642 περάτων
737 572 834 642 τῆς
869 574 971 643 γῆς
1000 575 1139 644 πρὸς
1170 574 1333 626 αὑτὸν
1376 574 1630 644 ἡρχοντο.
1681 575 1746 625 Τί

1867 573 2204 629 irentissime
2237 574 2373 628 illud
2405 576 2682 645 apparari.
2713 571 2870 628 Unde
2894 581 2947 628 et
2983 589 3012 626 a
3043 571 3246 627 finibus
3271 573 3426 626 orbis

189 662 319 719 οὗνὸ
347 664 595 731 Παῦλος;
632 667 841 737 Ὠσπερ
889 668 981 719 ἐπὶ
1028 667 1136 720 τῶν
1171 666 1372 720 θυσιῶν
1406 667 1630 736 ἐποίησε
1658 668 1752 719 καὶ

190 756 419 810 καθεῖλεν
449 756 639 818 αὑτὰς,
687 756 1019 824 ἀντιστήσας
1046 757 1136 810 τὸν
1179 757 1409 810 θάνατον
1449 757 1545 810 τοῦ
1578 759 1750 828 Χρισ-

188 848 290 901 τοῦ·
319 846 457 900 οὕτω
497 849 592 899 καὶ
620 847 850 900 ἐνταῦθα
871 889 885 911 ,
913 846 994 918 τῷ
1042 848 1156 918 ναῷ
1193 849 1520 918 ἀντιστήσας
1548 850 1638 902 τὸν
1663 850 1754 901 oi.-

188 939 354 1008 ρανὸν,
402 937 640 990 δείκνυσι
687 938 746 990 τὸ
778 937 1053 1007 διάφορον.
1101 939 1164 991 Oi
1195 939 1294 1008 μὲν
1333 939 1442 1006 γὰρ
1467 937 1614 992 ἄλλοι
1647 941 1749 1008 ἁρ-

186 1031 371 1098 χιερεῖς
407 1029 490 1090 είς
531 1029 601 1080 τὰ
643 1032 998 1098 χειροποίητα
1033 1029 1166 1097 ἅγια
1211 1030 1549 1100 είσήρχοντο,
1596 1029 1754 1082 ἅτινα

184 1116 309 1188 ἦσαν
339 1120 606 1171 ἀντίτυπα
637 1119 743 1170 τῶν
775 1120 1064 1191 ἀληθινῶν,
1096 1122 1362 1184 τουτέστι,
1397 1120 1490 1174 τοῦ
1525 1119 1752 1188 ούρανοῦ

184 1207 307 1280 ἦσαν
354 1209 542 1273 τύπος.
596 1204 765 1274 Οὗτος
807 1212 917 1281 γὰρ
972 1212 1040 1266 τὰ
1084 1212 1313 1282 ἀληθινὰ
1369 1212 1521 1281 ἅγια.
1591 1213 1648 1267 Ὀ
1698 1212 1753 1264 δὲ

185 1303 398 1370 Χριστὸς
439 1303 520 1366 είς
571 1304 732 1356 αὐτὸν
773 1304 864 1358 τὸν
903 1307 1130 1373 οὐρανὸν
1174 1306 1412 1376 εἰσῆλθε,
1468 1305 1646 1358 καίτοι
1685 1305 1754 1358 τὰ

186 1392 338 1444 πάντα
368 1393 589 1464 πληροῖ,
629 1395 720 1448 καὶ
773 1395 1004 1464 πάρεστι
1051 1397 1360 1465 πανταχοῦο
1406 1395 1541 1449 ἀλλὰ
1575 1395 1662 1449 διὰ
1693 1397 1753 1448 τὸ

185 1483 505 1551 ἀνθρώπινον
540 1483 717 1538 ταῦτά
759 1503 943 1556 φησιν.
991 1487 1066 1539 Ού
1116 1487 1275 1556 μόνον
1317 1488 1371 1540 δὲ
1427 1487 1514 1540 διὰ
1562 1487 1750 1540 τούτου

183 1575 399 1628 δείκνυσι
430 1576 528 1646 τὴν
558 1577 841 1649 διαφορὰν,
875 1579 1010 1632 ἀλλὰ
1047 1580 1142 1633 καὶ
1177 1580 1265 1633 διὰ
1309 1580 1402 1632 τοῦ
1450 1580 1621 1645 δεῖξαι
1659 1579 1752 1632 τὸν

182 1666 429 1737 ἡμέτερον
468 1669 732 1739 ἀρχιερέα
775 1671 1071 1741 ἐγγύτερον
1112 1672 1403 1740 γενόμενον
1444 1671 1540 1724 τοῦ
1589 1669 1750 1726 Θεοῦ.

189 1754 242 1807 Οί
273 1754 363 1824 μὲν
392 1756 502 1826 γὰρ
536 1756 758 1810 παλαιοὶ
796 1761 1075 1829 ἀρχιερεῖς
1105 1761 1191 1813 διὰ
1232 1761 1516 1830 συμϐόλων
1563 1761 1752 1830 ἐώρων

183 1849 260 1900 τὸν
286 1848 430 1914 Θεὸν,
457 1848 486 1900 ὁ
521 1849 579 1902 δὲ
602 1852 837 1921 Χριστὸς
868 1853 1028 1906 αὐτὸν
1049 1853 1140 1904 τὸν
1176 1853 1308 1906 Θεὸν
1338 1855 1446 1925 ὁρᾷ
1477 1853 1554 1922 τῷ
1582 1870 1752 1923 προσο

1856 673 2128 719 terrarutn
2161 667 2228 719 ad
2258 665 2392 720 illud
2447 667 2756 720 veniebant.
2811 663 2952 731 Quid
2985 665 3150 734 igitur
3181 663 3388 717 Paulus
3409 663 3436 715 ?

1857 755 2042 810 Itidem
2097 766 2157 810 ut
2220 757 2273 809 in
2337 757 2710 812 oblationibus
2769 755 2934 818 fecit,
2995 754 3252 809 auferens
3309 767 3426 811 eas.

1853 847 2148 918 subrogala
2180 848 2234 901 in
2277 863 2466 903 eorum
2512 851 2634 904 loco
2687 859 2863 903 morte
2915 846 3160 902 Chrisﬁ:
3214 846 3294 899 sic
3327 846 3433 900 hoc

1855 940 1982 1003 loci,
2026 939 2239 1007 Templi
2271 941 2391 994 vice
2438 941 2635 994 cmlum
2691 949 2966 1004 statuens,
3001 938 3299 992 discrimen
3357 938 3430 990 ob

1855 1032 2044 1085 oculos
2077 1032 2251 1101 ponit.
2290 1033 2394 1086 Alii
2431 1034 2649 1101 quidem
2688 1032 2976 1102 pontiﬁces
3008 1031 3061 1084 in
3111 1029 3430 1084 mauufacta

1855 1124 2019 1194 716
2045 1132 2237 1176 sancta
2275 1123 2747 1192 ingrediebantur,
2802 1139 2922 1193 qua:
2963 1121 3183 1178 fuerunt
3245 1137 3432 1176 exem-

1855 1216 2030 1284 plaria
2067 1213 2346 1280 verorum,
2385 1215 2488 1270 hoc
2517 1225 2623 1276 est,
2657 1215 2780 1269 caeli
2813 1216 2981 1286 ﬁgura
3007 1215 3258 1269 fuerunt:
3294 1211 3428 1265 illud

1854 1306 1999 1360 enim
2071 1321 2196 1360 vera
2259 1315 2485 1366 sancta:
2551 1307 2805 1362 Christus
2876 1317 3058 1360 autem
3122 1307 3176 1359 in
3247 1306 3427 1374 ipsum

1856 1396 2056 1450 cmlum
2116 1397 2350 1460 introiit,
2406 1398 2507 1452 etsi
2580 1401 2765 1452 omnia
2831 1398 3054 1468 implet,
3106 1405 3162 1450 et
3223 1397 3429 1462 ubique

1859 1489 2053 1543 adest:
2085 1489 2180 1543 sed
2217 1481 2444 1560 propter
2487 1491 2780 1544 humanam
2824 1500 3076 1544 naturam
3132 1491 3244 1542 haec
3274 1489 3429 1542 dicit.

1856 1581 1974 1636 Non
2004 1595 2186 1636 autem
2219 1583 2398 1637 solum
2430 1599 2526 1651 per
2549 1584 2650 1637 hoc
2677 1581 3041 1636 diﬂ'erentiam
3065 1581 3429 1642 demonstrat,

1855 1691 2043 1730 verum
2075 1677 2237 1730 etiam
2279 1691 2376 1746 per
2403 1677 2507 1731 hoc
2535 1676 2678 1745 quod
2737 1673 3040 1730 ostenderit
3100 1671 3420 1726 Pontificem

1856 1777 2107 1823 nostrum
2139 1767 2250 1823 Deo
2279 1769 2598 1824 vicinioretn
2654 1767 2949 1822 rcdditmn.
3010 1765 3236 1820 Veteres
3285 1765 3430 1817 enim

1857 1862 2146 1930 pontifices
2181 1877 2275 1930 per
2308 1862 2557 1931 symbola
2608 1859 2856 1929 quaedam
2889 1857 3191 1920 cernebant
3222 1855 3428 1908 Deum:

191 1937 306 2010 ὡπῳ
333 1940 494 1993 αὐτοῦ
541 1943 916 2011 ὲμφανισθείς.
960 1947 1067 1998 Καὶ
1101 1947 1260 1999 τοῦτο
1305 1946 1360 1999 δὲ
1396 1947 1746 2015 συγκαταϐα-

1867 1953 2110 2009 3hristus
2133 1965 2314 2007 autem
2348 1953 2527 2022 ipsum
2572 1952 2740 2006 Deum
2793 1951 2962 2014 videt,
3026 1948 3198 2018 ipsius
3252 1945 3429 1998 vultui

185 2031 327 2094 τικῶς
348 2031 433 2085 διὰ
477 2032 541 2085 τὸ
593 2019 932 2104 ἀνθρώπινον
965 2022 1201 2108 εἴρηται.
1244 2037 1308 2090 Τί
1341 2041 1458 2092 ἐστι
1496 2039 1558 2092 τὸ
1597 2038 1748 2106 ὑπὲρ

185 2122 369 2191 fuitin";
417 2124 579 2178 Μετὰ
615 2126 825 2190 Θυσίας,
863 2129 1049 2198 φησὶν,
1083 2130 1296 2200 είςῆλθε
1325 2130 1630 2201 δυναμένης
1662 2132 1748 2196 ἐξ·

189 2216 484 2270 ιλεὼσασθαι
514 2219 609 2271 τὸν
632 2219 870 2291 Πατέρα,
894 2221 1028 2275 ἀλλὰ
1056 2222 1148 2274 καὶ
1176 2225 1289 2285 τοῖς
1315 2222 1569 2291 ἀγγέλοις
1604 2224 1747 2276 ἁπο-

187 2308 490 2374 καταλλάξαι
544 2313 716 2380 ἡμᾶς.
767 2314 874 2366 Καὶ
918 2312 1027 2382 γὰρ
1072 2316 1315 2368 κάκεῖνοι
1367 2316 1750 2384 ἀπηχθάνοντο

185 2403 296 2469 ἡμῖν
330 2401 400 2465 ὼς
426 2401 644 2473 ἐχθροῖς
665 2403 757 2456 τοῦ
791 2404 964 2457 αὐτῶν
994 2407 1292 2462 Δεσπότου.
1330 2407 1445 2459 Νῦν
1484 2402 1577 2460 οῦν
1609 2408 1749 2476 ὑπὲρ

185 2493 321 2560 ἡμῶν
349 2496 727 2564 ἐμφανίζεται,
764 2495 922 2550 τοῦτο
964 2497 1072 2569 γὰρ
1111 2499 1350 2565 τδ,νῦν,
1384 2499 1465 2552 ὅτι
1504 2499 1750 2568 εἰσῆλθεν

190 2585 606 2661 ὡςἈρχιερεύς·
657 2589 744 2642 διὰ
789 2588 898 2659 γὰρ
951 2589 1050 2660 τὴν
1101 2591 1378 2662 ἡμετέραν
1405 2589 1749 2661 καταλλαγὴν

189 2677 427 2748 εἰσῆλθεν.

244 2852 367 2905 οὐδ’
391 2854 822 2920 ἵναπολλάκις
850 2854 1162 2924 προσφέρῃ
1193 2857 1431 2920 ἑαυτόν,
1473 2859 1607 2912 Οὐδὲ
1639 2860 1748 2922 είς-

189 2942 300 3010 ἦλθε
346 2949 433 2998 νῦν
472 2947 554 3008 είς
595 2946 686 2998 τὸν
724 2947 973 3018 οὐρανὸν,
1021 2949 1108 3002 ἵνα
1158 2950 1253 3002 καὶ
1301 2950 1489 3004 ἄλλοτε
1534 2953 1748 3023 εἰσέλθῃ

191 3033 482 3103 προσφέρων
531 3035 758 3091 ἑαυτόν.

249 3123 453 3192 Ὥσπερ
513 3129 550 3180 ό
606 3128 921 3196 ἀρχιερεὺς
970 3131 1302 3202 εἰσέρχεται
1355 3136 1442 3200 εἰς
1471 3133 1544 3187 τὰ
1585 3135 1752 3203 ’Ἅγια

1817 2060 2141 2115 'apparens.
2199 2044 2376 2114 Atque
2437 2045 2539 2097 hoc
2607 2058 2732 2097 cum
2802 2040 3134 2095 demissioue
3192 2048 3424 2107 propter

1852 2139 2150 2191 humanam
2187 2145 2439 2190 naturam
2477 2135 2700 2189 dicitur.
2741 2133 2887 2200 Quid
2930 2142 3114 2187 autem
3169 2139 3276 2194 est,
3321 2127 3429 2181 Pro

1853 2229 2047 2285 nobis?
2085 2229 2221 2283 Cum
2257 2228 2553 2291 oblatione,
2597 2227 2796 2296 inquit,
2847 2227 3130 2295 ingressus
3168 2231 3273 2282 est.
3307 2235 3431 2291 qua;

1851 2331 2038 2390 posset
2071 2323 2288 2392 placare
2309 2321 2528 2390 quidem
2571 2320 2807 2383 Patrem,
2840 2319 2949 2370 imo
2984 2326 3040 2370 et
3085 2314 3295 2384 angelis
3328 2326 3427 2367 nos

1855 2414 2252 2478 reconciliare;
2291 2405 2561 2482 siquidem
2591 2421 2646 2465 et
2679 2413 2778 2480 ipsi
2805 2409 3002 2464 infensi
3055 2407 3215 2461 nobis
3270 2412 3432 2458 erant

1853 2523 1952 2562 ccu
1989 2505 2205 2559 Domini
2243 2505 2328 2560 sui
2368 2505 2642 2559 hostibus.
2702 2501 2859 2556 Nunc
2897 2501 3064 2570 igitur
3117 2513 3217 2567 pro
3266 2495 3432 2549 nobis

1851 2613 2092 2672 apparet.
2132 2601 2240 2657 hoc
2265 2601 2412 2654 enim
2471 2597 2672 2653 indicat
2720 2612 2879 2657 nunc,
2936 2595 3080 2664 quod
3143 2593 3432 2661 ingressus

1853 2703 1938 2748 est
1973 2692 2138 2746 veluti
2173 2688 2468 2746 Pontifex:
2504 2697 2727 2756 propter
2750 2693 2998 2739 nostram
3040 2679 3186 2735 enim
3236 2690 3432 2731 recon-

1853 2787 2188 2840 ciliationem
2220 2796 2304 2838 est
2351 2782 2651 2851 ingressus.

1927 2876 2085 2930 Vens.
2140 2875 2232 2928 25.
2283 2873 2466 2941 Neque
2524 2879 2580 2924 ut
2633 2884 2770 2936 stupe
2819 2867 3008 2934 offerat
3065 2860 3430 2928 semetipsum.

1853 2971 2038 3041 Neque
2072 2969 2285 3022 introiit
2345 2980 2490 3019 nunc
2545 2965 2597 3016 in
2633 2961 2854 3021 ratium,
2911 2967 2968 3010 ut
3010 2957 3148 3010 alias
3200 2952 3434 3022 posthac

1856 3058 2218 3130 ingrediatur,
2252 3072 2420 3124 seque
2461 3056 2635 3122 ipsum
2665 3052 2877 3104 offerat.

1929 3149 2388 3216 Quemadmodum
2410 3147 2648 3213 pontifex
2685 3148 2850 3196 intrat
2887 3143 2940 3194 in
2973 3138 3174 3194 Sancta
3203 3151 3293 3205 per
3323 3135 3436 3188 sitt-

191 3214 300 3266 κατ’
327 3215 615 3271 ἐνιαυτόν.
673 3219 815 3290 Ὅρα
851 3222 948 3291 τὴν
996 3223 1298 3294 ὑπεροχήν.
1339 3225 1576 3289 Ἐκεῖνος
1627 3228 1747 3280 κατ’

197 3307 286 3326 ιλ-
334 3307 371 3326 κ.
468 3311 558 3326 ..ν
698 3309 713 3326 .
788 3312 809 3326 ρ.
909 3313 931 3326 .

1867 3214 2002 3311 μιίοε
2033 3257 2219 3294 annos.
2277 3238 2412 3293 \‘ide
2463 3235 2670 3291 Christi
2725 3232 3128 3290 excellentiam.
3181 3226 3434 3282 Pontifex

193 3307 427 3374 ὲνιαντδν,
458 3312 485 3362 ὁ
512 3309 754 3380 Χριστὸς
785 3312 952 3375 ἅπαξ.

251 3396 337 3448 Ἐν
369 3400 572 3468 αἵματι
606 3402 923 3471 ἀλλοτρίῳ.
959 3405 1066 3456 Καὶ
1107 3404 1264 3458 τοῦτο
1312 3408 1410 3476 τῆς
1451 3407 1750 3478 ὑπεροχῆς.

205 3488 254 3539 Ὀ
289 3490 378 3558 μὲν
408 3494 514 3563 γὰρ
561 3496 619 3546 ὲν
649 3495 842 3563 αἵματι
889 3496 1179 3568 ἀλλοτρίῳ,
1225 3497 1444 3568 ταύρων
1492 3501 1584 3554 καὶ
1627 3503 1759 3571 τρά-

193 3598 285 3647 γων
306 3600 317 3613 ·
348 3585 580 3655 Χριστὸς
609 3587 664 3640 δὲ
705 3589 761 3639 ὲν
804 3588 935 3659 ἰδίῳ⁶
1636 3644 1638 3646 τ

264 3675 402 3729 Ἐπεὶ
431 3679 537 3731 ἔδει
577 3679 740 3732 αὐτὸν
785 3680 1047 3745 πολλάκις
1084 3683 1276 3737 παθεῖν
1315 3685 1422 3738 ἀπὸ
1451 3685 1759 3756 καταϐολῆς

197 3768 390 3838 κόσμου.
465 3760 645 3836 Ἐπεὶ,
707 3773 756 3824 εί
800 3772 1029 3843 ἔμελλε,
1079 3775 1247 3846 φησὶ,
1302 3776 1562 3840 πολλάκις
1623 3794 1759 3848 προ-

196 3863 422 3926 ενεγκεῖν,
456 3863 571 3916 ἔδει
603 3863 765 3917 αὑτὸν
793 3866 889 3918 καὶ
925 3867 1188 3930 πολλάκις
1224 3869 1542 3935 ἀποθανεῖν,
1579 3870 1668 3925 διὰ
1699 3869 1759 3924 τὸ

198 3948 310 4002 [διον
331 3951 460 4022 αἷμα
497 3957 744 4024 ὀφείλειν
774 3960 1096 4028 προσάγειν.

257 4139 460 4194 Νὗνδὲ
489 4142 666 4206 ἅπαξ
704 4143 802 4196 ἐπὶ
846 4147 1171 4215 συντελεΙᾳ
1212 4147 1333 4202 τῶν
1372 4150 1622 4214 αἰώνων,
1674 4153 1758 4219 εἰς

198 4230 458 4302 ἀθέτησιν
505 4239 822 4307 ἁμαρτίας,
865 4238 963 4293 διὰ
999 4239 1111 4308 τῆς
1153 4243 1372 4310 θυσίας
1414 4247 1602 4300 αὑτοῦ
1654 4259 1760 4300 πε·

201 4323 525 4392 φαγέρωται.
576 4327 839 4382 Ἐνταῦθά
886 4347 938 4384 τι
985 4333 1083 4384 καὶ
1123 4333 1498 4388 ἀποκαλύπτει
1552 4339 1761 4410 μυστή-

203 4429 317 4482 ριον,
357 4417 442 4472 διὰ
482 4419 546 4472 τί
574 4421 668 4474 ἐπὶ
697 4421 976 4491 συντελείᾳ
1012 4423 1120 4476 τῶν
1163 4425 1375 4479 αἰώνων
1411 4429 1549 4492 μετὰ
1592 4429 1765 4482 πολλὰ

203 4507 553 4579 ἁμαρτήματα
584 4512 665 4565 ’³.
701 4513 764 4565 Εἰ
796 4513 894 4584 μὲν
923 4515 1034 4583 γὰρ
1063 4516 1214 4586 παρὰ
1253 4519 1354 4585 τὴν
1391 4519 1566 4590 ἀρχὴν
1598 4522 1627 4573 ὁ
1665 4521 1762 4575 θά-

1861 3336 2159 3404 quotannis
2196 3334 2524 3401 ingreditur,
2553 3329 2813 3384 Christus
2836 3342 2964 3381 vero
3001 3325 3191 3379 semel.

1929 3428 1994 3480 In
2021 3427 2276 3494 sanguine
2302 3424 2496 3476 alieno.
2539 3420 2601 3472 Et
2641 3421 2743 3473 hoc.
2783 3418 2849 3471 ad
2883 3413 3266 3472 excellentiam
3314 3426 3439 3481 per-

1861 3519 2016 3572 tinet.
2052 3518 2146 3570 Ille
2179 3516 2323 3570 enim
2359 3515 2414 3567 in
2463 3513 2734 3578 sanguine
2783 3513 2985 3570 alieno,
3046 3518 3332 3561 taurorum
3381 3512 3438 3558 et

1860 3610 2176 3669 hircorum;
2213 3589 2465 3659 Christus
2493 3612 2670 3655 autum
2714 3603 2766 3654 in
2805 3599 3046 3670 proprio.

1933 3702 2095 3755 Vens.
2130 3698 2220 3752 26.
2251 3697 2460 3765 Alioqui
2496 3693 2768 3764 oportebat
2801 3708 2918 3745 eum
2970 3687 3290 3758 frequentius
3320 3685 3438 3755 pati

1859 3813 1890 3850 a
1931 3771 2308 3848 constitutione
2340 3789 2546 3842 mundi.
2581 3785 2860 3854 Alioquin,
2924 3782 3126 3852 inquit,
3187 3779 3234 3835 si
3295 3792 3441 3845 sa‘pe

1861 3889 2156 3944 oblaturus
2196 3896 2316 3938 erat
2356 3883 2624 3952 seipsum.
2658 3859 2950 3948 oportebat
2978 3890 3101 3929 cum
3134 3881 3188 3927 et
3237 3869 3440 3938 saepius

1863 3981 2038 4043 tnori,
2092 3969 2537 4047 Quandoquidem
2605 3989 2700 4041 per
2778 3969 3059 4042 proprium
3114 3963 3440 4034 sanguinem

1863 4072 2193 4126 oblationem
2233 4067 2414 4122 facere
2436 4066 2740 4120 debuisset.

1938 4161 2098 4215 Nunc
2126 4169 2302 4214 autem
2326 4157 2487 4212 semet
2521 4158 2574 4209 in
2615 4151 3066 4208 consummatione
3100 4145 3446 4207 sa’culorum,

1867 4255 1935 4308 ad
1965 4248 2366 4306 destitutionem
2389 4249 2612 4318 peccati.
2673 4263 2764 4316 per
2799 4245 3026 4298 hostium
3087 4256 3240 4294 suam
3277 4251 3444 4304 appa~

1867 4347 1998 4399 ruit.
2034 4344 2132 4397 llic
2167 4344 2355 4397 arcani
2379 4338 2638 4409 quiddam
2683 4338 2912 4399 revelat,
2948 4349 3047 4386 cur
3080 4333 3132 4385 in
3188 4343 3448 4383 consum-

1867 4437 2109 4490 matione
2137 4437 2462 4490 saeculorum
2495 4440 2619 4501 post
2652 4431 2815 4482 multa
2849 4433 3070 4496 peccata
3110 4420 3447 4490 apparuerit.

1870 4529 1926 4583 Si
1959 4527 2102 4582 enim
2148 4527 2201 4580 in
2259 4525 2529 4595 principio
2585 4529 2819 4574 mortem
2879 4516 3164 4575 stiliiissct,
3225 4508 3448 4579 quando

203 4614 338 4663 νατος
363 4603 523 4656 αὑτοῦ
559 4603 799 4672 ἐγένετο,
847 4606 936 4658 ὅτε
971 4607 1069 4660 οὐκ
1099 4608 1266 4680 ἐχύθη
1297 4609 1471 4674 οῦτως
1506 4613 1540 4682 ἡ
1578 4614 1755 4684 ἁμαρ-

1870 4628 2155 4690 ριιυυιιιυηι
2194 4632 2302 4670 non
2338 4613 2566 4685 perinde
2597 4610 3013 4669 diti'underetur,
3049 4619 3112 4656 ac
3134 4611 3248 4655 tum
3287 4615 3448 4654 nemo

201 4689 292 4753 τίοι,
339 4687 453 4746 εῐτα
496 4696 674 4757 οὐδεὶς
721 4697 1064 4761 ἐπίστευσεν,
1103 4700 1202 4753 οὐκ
1255 4701 1362 4754 ἔδει
1412 4703 1466 4756 δὲ
1513 4704 1763 4776 δεύτερον

209 4782 498 4847 ἀποθανεῖν,
531 4789 767 4857 ἀνόνητα
797 4789 862 4844 ἂν
881 4784 948 4858 ἦν
976 4789 1214 4846 ἅπαντα.
1237 4791 1346 4846 Νῦν
1371 4794 1426 4847 δὲ
1445 4796 1630 4866 ἐπειδὴ
1662 4795 1763 4849 ὓσ-

203 4889 338 4942 τερον
372 4877 538 4932 πολλὰ
567 4875 634 4950 ἦν
673 4881 742 4932 τὰ
778 4881 1172 4952 ἁμαρτήματα,
1225 4886 1452 4950 εἰκότως
1527 4889 1762 4955 πεφανέ-

209 4978 355 5031 ρωται
380 4970 408 5020 ὁ
439 4969 572 5031 Θεὸς
598 4970 644 5000 ’δ
677 4971 770 5024 ἐπὶ
795 4972 1074 5043 συντελείᾳ
1101 4973 1211 5026 τῶν
1251 4975 1484 5041 αξὼνων,
1516 4978 1601 5030 ἵνα
1634 4979 1762 5032 ἀθε-

1871 4711 2223 4772 credidisset,
2260 4722 2370 4762 non
2409 4714 2591 4760 autem
2641 4701 2886 4759 secundo
2939 4699 3076 4753 mori
3131 4693 3445 4765 oponebat.

1873 4802 2080 4858 inutilia
2119 4802 2350 4854 fuissent
2380 4799 2585 4852 omnia.
2611 4796 2730 4850 Jam
2760 4809 2887 4847 vero
2915 4798 3208 4860 postquam
3266 4793 3450 4838 extre-

1871 4894 1976 4946 mis
2031 4891 2368 4961 temporibus
2426 4888 2620 4957 ingens
2674 4892 3029 4954 peccatorqu
3092 4875 3247 4944 copia
3305 4877 3447 4932 erat,

1873 4982 2068 5036 merito
2083 4979 2334 5048 apparuit
2359 4977 2499 5031 Deus
2520 4977 2572 5029 in
2596 4969 3072 5029 consummatione
3095 4965 3447 5024 saeculorum,

205 5057 348 5128 τήτῃ,
385 5061 652 5124 τουτέστι,
687 5063 991 5132 καταόἁλῃ,
1029 5066 1126 5117 καὶ¹
1155 5067 1608 5136 ἀπαρρησίαστον
1650 5085 1755 5122 ποι-

1867 5083 1926 5126 ιιι
1980 5072 2266 5134 destituat,
2318 5071 2423 5125 lioc
2475 5075 2580 5129 est,
2652 5067 2872 5134 dejiciat
2937 5067 3248 5132 peccatum,
3289 5055 3448 5120 eique

207 5147 298 5219 ἠτῃ
341 5151 431 5222 τὴν
465 5155 740 5224 ἁμαρτίαν
781 5155 880 5210 διὰ
920 5155 1030 5222 τῆς
1080 5160 1297 5225 θυσίας
1344 5161 1558 5224 αὑτοῦ,
1599 5179 1764 5216 τουτ-

1866 5162 2120 5216 liduciam
2161 5171 2215 5216 et
2237 5169 2561 5231 potestatem
2617 5157 2822 5210 adimat
2874 5169 2965 5220 per
3009 5149 3236 5203 hostiam
3269 5158 3448 5206 suam,

209 5234 330 5304 ἔστι.
369 5248 458 5299 τοῦ
494 5248 724 5303 θανάτου
765 5252 862 5320 τῆς
899 5254 1098 5324 σαρκὸς
1149 5252 1336 5306 αὑτοῦ.
1371 5254 1624 5308 Τοιοῦτον
1669 5255 1755 5309 καὶ

1867 5254 1969 5309 hoc
1999 5263 2105 5318 est,
2146 5269 2242 5324 per
2290 5259 2518 5306 mortem
2569 5248 2753 5303 carnis
2785 5260 2919 5300 sum.
2977 5240 3110 5294 Tale
3174 5235 3440 5306 quiddam

207 5331 420 5404 ἀλλαχοῦ
465 5335 616 5394 εἶπεν
641 5357 656 5372 ⁸
713 5342 907 5398 Ὅπου
957 5345 1334 5399 ἐπλεόνασεν
1392 5347 1432 5413 ἠ
1483 5349 1758 5416 ἁμαρτία.

211 5422 780 5498 ὑπερεπερίσσευσεν
820 5437 858 5503 ἠ
892 5435 1088 5505 χάρις.
1128 5435 1250 5499 Πῶς
1282 5435 1338 5489 δὲ
1383 5438 1767 5508 ἀπαρρησίασ-

211 5527 292 5577 τος
312 5518 517 5586 ἐγένετο
539 5526 574 5594 ἡ
613 5525 858 5597 ἁμαρτία
891 5544 907 5596 ;
960 5527 1112 5583 Καθδ
1161 5529 1212 5581 οἱ
1247 5528 1453 5595 ταύτην
1484 5529 1768 5602 ἐνεργοῦν-

275 5695 314 5727 ³²
343 5695 494 5755 Boni.
518 5719 570 5766 τ,
605 5703 695 5758 το.

1865 5345 1975 5399 alio
2015 5345 2068 5399 in
2101 5346 2221 5400 loco
2250 5343 2419 5397 dixit:
2463 5339 2560 5394 Ubi
2603 5336 2905 5393 exuberavit
2955 5333 3229 5389 delictum,
3257 5339 3446 5391 super-

1872 5437 2180 5494 exuberavit
2229 5435 2404 5504 gratia
2444 5435 2512 5486 ³⁸.
2568 5428 2852 5497 Quomodo
2899 5433 3079 5477 autem
3141 5419 3334 5473 fiducia
3397 5424 3454 5468 ct

1880 5538 2148 5601 potestate
2209 5529 2467 5584 orbatum
2522 5531 2606 5580 est
2666 5514 2994 5592 peccatum?
3051 5513 3127 5569 Eo
3155 5510 3306 5584 quod
3357 5509 3450 5580 qui

1549 5799 1744 5862 Vario)
1773 5798 2096 5864 lectiones.

280 5892 321 5925 13
351 5910 406 5921 ..-

355 5899 722 5971 πεξανέρωῑαι
743 5918 794 5956 o.
873 5900 915 5932 "’
947 5898 1021 5970 τῷ
1063 5898 1177 5972 θεῴ
1209 5913 1261 5954 0.
