3918 6600
470 486 579 550 319

1399 484 1978 544 THEOPHYLACTI
2045 478 2455 542 BULGARL‘E
2488 478 2843 538 ARCIllEl’.
3636 470 3737 533 320

476 600 612 653 stias
644 597 958 651 incruentas
981 600 1243 666 perpetuo
1279 592 1610 648 niferimus?
1642 593 1879 646 Umnino
1908 609 1921 642 :
1952 590 2048 647 sed

2172 586 2413 640 Ιανάτου.
2467 585 2580 638 Καὶ
2631 583 2732 653 μία
2778 582 2926 636 ἐστὶν
2975 578 3152 651 αὕτη,
3188 580 3250 634 οὐ
3300 577 3522 633 πολλαὶ.
3559 578 3739 650 ἐπειδὴ

477 689 800 744 memoriam
854 686 1089 741 facimus
1151 685 1344 739 mortis
1386 684 1627 739 Dotniui.
1685 684 1895 754 Estque
1946 683 2052 737 ista

478 782 660 845 unica,
687 796 793 834 non
821 780 1023 842 multae,
1043 775 1484 849 quandoquidem
1511 776 1681 832 semel
1709 776 1926 830 oblatus
1947 781 2054 831 est.

473 869 611 927 llam
646 872 895 927 eumdem
929 885 1145 938 semper
1170 870 1472 934 offerimus,
1494 868 1604 923 imo
1642 869 1823 937 potius
1853 880 2057 922 meme.

475 966 613 1019 riam
652 965 797 1017 illius
829 962 1129 1017 oblationis
1161 960 1418 1025 facimus,
1443 974 1553 1031 qua
1595 976 1654 1014 se
1686 962 1804 1028 ipse
1836 960 2054 1024 obtulit,

449 1071 574 1110 .ceu
604 1054 714 1124 jam
750 1068 894 1107 mmc
930 1051 1071 1106 facta
1109 1053 1201 1106 sit.
1237 1051 1476 1106 Proinde
1519 1051 1740 1105 unicum
1774 1060 1859 1105 est
1884 1051 2058 1105 sacri-

476 1147 681 1199 ﬁcium.
737 1146 871 1197 Nam
923 1142 1070 1213 quod
1110 1143 1175 1196 ad
1217 1144 1580 1212 quaestionem
1656 1143 1873 1207 attinet,
1916 1148 2056 1205 Icum

472 1238 662 1291 multis
697 1237 750 1290 iu
790 1236 926 1290 locis
959 1235 1212 1298 oﬂertur,
1246 1250 1376 1288 num
1425 1234 1591 1302 igitur
1627 1233 1781 1288 multi
1813 1232 2060 1289 Christi?

472 1346 815 1399 nequaquam
846 1346 862 1384 :
898 1330 993 1384 sed
1021 1346 1165 1385 unus
1191 1337 1277 1383 est
1312 1328 1529 1397 ubique,
1561 1337 1614 1383 et
1648 1328 1734 1381 hic
1764 1328 1978 1397 plenus,
2007 1337 2061 1381 et

471 1422 584 1475 illic
614 1423 810 1492 plenus
845 1432 896 1475 ct
924 1422 1224 1490 perfectus.
1269 1436 1551 1489 utmmque
1601 1435 1827 1489 corpus.
1859 1418 2064 1485 Queru-

472 1514 772 1567 admodum
821 1513 968 1568 eniut
1016 1514 1274 1569 (Zhrislus
1325 1514 1377 1569 in
1431 1512 1615 1567 multis
1655 1514 1790 1567 locis
1845 1512 2063 1567 oblatus

473 1623 645 1662 unum
698 1622 901 1676 corpus
957 1615 1062 1668 est.
1099 1615 1153 1661 et
1193 1623 1302 1661 nan
1362 1606 1532 1661 multa
1582 1620 1835 1675 corpora.
1884 1607 1967 1661 sic
2009 1613 2065 1661 et

474 1716 643 1752 unum
693 1697 1047 1754 sacriﬁcium.
1101 1696 1235 1750 Nam
1273 1699 1421 1752 illam
1475 1698 1711 1754 hostiam
1748 1696 2061 1764 oli‘erimus,

472 1805 594 1860 quae
627 1800 741 1844 tum
768 1799 882 1843 erat
905 1789 1111 1844 oblata.
1147 1787 1262 1842 lllic
1296 1799 1478 1843 autem
1504 1789 1647 1843 alius
1676 1798 1802 1843 erat
1822 1790 1917 1859 qui
1947 1788 2066 1844 heri

473 1884 695 1935 oblatus
727 1888 866 1947 crat,
910 1895 1084 1951 agnus
1133 1879 1387 1940 fortasse.
1435 1895 1463 1933 a
1489 1881 1714 1934 victima
1742 1895 1865 1950 quae
1901 1879 2063 1934 hodie

473 1974 557 2026 nif
585 1986 735 2037 rtnr;
789 1987 889 2027 nec
941 1972 1110 2025 veluti
1140 1976 1600 2027 ronnnemoratio
1630 1982 1751 2028 erat
1788 1973 2060 2027 hesternae

471 2065 787 2128 oblationis,
828 2064 920 2134 qui
959 2064 1118 2118 hodie
1164 2063 1498 2119 oﬂ'erehatur
1551 2080 1747 2135 agnus,
1797 2065 1893 2119 sed
1942 2065 2060 2136 ipse

471 2175 568 2228 per
612 2158 852 2226 seipsum
883 2156 1214 2211 sacriﬁcium
1263 2157 1602 2224 perﬁciebat.
1636 2156 1924 2222 Quomodo
1954 2157 2060 2227 igi-

471 2262 562 2306 tur
604 2251 691 2305 hic
744 2251 820 2304 ait
873 2250 1195 2318 Apostolus,
1242 2249 1431 2303 iisdem
1484 2250 1816 2318 sacriﬁciis?
1855 2249 2057 2305 Eadem

471 2342 742 2397 sacriﬁcia
769 2338 1013 2403 fuerunt,
1034 2340 1479 2411 quandoquidem
1510 2341 1713 2397 eaedem
1739 2342 1955 2413 species
1976 2339 2062 2396 of-

474 2433 815 2498 ferebantur,
878 2432 1041 2487 veluti
1091 2447 1271 2503 agnus
1322 2432 1507 2497 hodie,
1556 2440 1614 2488 et
1656 2433 1708 2487 in
1757 2433 2060 2489 crastinum

474 2539 649 2595 agnus
678 2544 690 2578 :
731 2539 966 2579 numero
997 2539 1124 2579 vero
1160 2524 1400 2579 diversa.
1428 2523 1689 2579 Nonnulli
1718 2533 1898 2581 autem
1932 2540 2058 2581 eas-

471 2612 594 2669 dem
632 2614 733 2669 has
763 2628 887 2671 esse
921 2615 1179 2670 dixerunt
1224 2617 1386 2668 modo
1432 2616 1764 2680 oblationis;
1812 2615 1916 2670 hoc
1953 2626 2059 2682 est,

470 2709 616 2776 quod
666 2707 750 2761 vel
792 2723 890 2777 per
921 2707 1147 2770 caedent,
1177 2708 1261 2762 vel
1311 2707 1715 2762 cremationem.
1753 2708 1869 2763 ﬁeri
1900 2708 2062 2779 jube-

469 2805 704 2852 rentur:
740 2799 926 2867 specie
958 2813 1088 2854 vero
1117 2798 1390 2858 diversas.
1426 2805 1488 2852 ut
1530 2814 1683 2866 oves,
1719 2800 1907 2865 boves,
1943 2808 2064 2855 tur-

470 2896 643 2954 tures,
694 2890 1004 2945 columbas.
1054 2888 1226 2945 Porro
1279 2890 1498 2946 etiamsi
1533 2891 1871 2960 exemplaria
1914 2906 2065 2960 qua-

471 2982 599 3038 dam
630 2983 890 3037 δύνανται
934 2983 1183 3038 scribant
1236 2998 1363 3037 cum
1394 3000 1447 3049 ν,
1505 2983 1694 3039 inveni
1753 2993 1937 3041 tamen
1970 2985 2066 3041 ad-

2163 678 2313 743 ἅπαξ
2345 676 2714 749 προσηνέχθη.
2747 676 2850 730 Τὸν
2879 676 2991 746 γὰρ
3022 674 3187 729 αὑτὸν
3217 674 3306 727 ἀεὶ
3334 673 3736 742 προσφέρομεν,

2162 769 2368 842 μᾶλλον
2391 769 2450 825 δὲ
2484 771 2794 840 ἀνάμνησιν
2822 770 2920 839 τῆς
2954 767 3277 838 προσφορᾶς
3305 767 3525 834 ἐκείνης
3564 765 3742 818 stator?-

2165 879 2286 932 μεν,
2335 862 2411 925 ὡς
2456 862 2553 915 νῦν
2587 861 2903 930 γινομένης.
2937 860 3103 912 Ὥστε
3164 859 3262 928 μία
3312 858 3467 911 ἐστὶν
3501 860 3532 926 ἡ
3566 857 3740 913 θυσία.

2174 955 2331 1009 Ἐπεὶ
2365 956 2488 1008 ὅσον
2521 971 2584 1022 γε
2616 954 2761 1008 κατὰ
2811 954 2872 1006 τὸ
2924 952 3259 1022 ζητούμενον
3282 992 3298 1014 ,
3335 950 3528 1020 ἐπειδὴ
3554 950 3742 1003 πολλα·

2160 1046 2257 1117 χοῦ
2294 1049 2663 1117 προσφέρεται
2693 1083 2707 1107 .
2750 1042 2859 1116 ἄρα
2895 1042 3081 1097 πολλοὶ
3143 1042 3410 1113 Χριστοί;
3459 1041 3740 1111 Οὐδαμῶς·

2163 1138 2281 1194 ἀλλ’
2318 1133 2399 1203 εἷς
2452 1137 2755 1209 πανταχοῦ,
2810 1139 2905 1190 καὶ
2957 1135 3193 1190 ἐνταῦθα
3250 1135 3470 1203 πλήρης
3517 1132 3629 1197 ὢν,
3658 1134 3742 1185 καὶ

2165 1234 2283 1286 ἐκεῖ
2318 1232 2553 1303 πλήρης,
2585 1231 2644 1284 ἓν
2676 1230 2859 1301 σῶμα.
2888 1229 3106 1300 Ὠσπερ
3130 1227 3225 1281 οὖν
3260 1225 3534 1296 πολλαχοῦ
3587 1242 3745 1294 προσ-

2166 1325 2465 1395 φερόμενος
2521 1322 2580 1377 ἓν
2631 1322 2790 1392 σῶμά
2828 1324 2968 1381 ἑστι.
3031 1322 3124 1375 καὶ
3165 1321 3226 1374 οὗ
3279 1318 3452 1372 πολλὰ
3497 1315 3742 1387 σώματα,

2165 1421 2309 1474 οὕτω
2334 1422 2430 1474 καὶ
2460 1419 2557 1490 μία
2594 1418 2777 1474 θυσία.
2815 1418 3059 1487 Ἑκείνην
3100 1417 3208 1487 γὰρ
3243 1415 3633 1485 προσφέρομεν
3654 1414 3743 1482 τὴν

2167 1515 2291 1569 τότε
2332 1513 2820 1587 προσενεχθεῖσαν.
2881 1514 3032 1566 Ἐκεῖ
3072 1512 3129 1565 δὲ
3171 1511 3358 1581 ἔτερος
3412 1506 3514 1581 ἦν,
3552 1512 3581 1561 ὁ
3627 1509 3745 1579 χθὲς

2169 1606 2575 1677 προσενεχθεὶς,
2608 1605 2782 1677 ἀμνὸς
2816 1605 3000 1676 τυχὸν,
3050 1603 3202 1672 παρὰ
3230 1603 3322 1656 τὸν
3351 1603 3618 1672 σήμερον.
3645 1603 3745 1654 Καὶ

2168 1696 2267 1765 οὐχ
2304 1696 2382 1759 ὡς
2413 1695 2722 1765 ἀνάμνησιν
2747 1692 2845 1747 τοῦ
2877 1694 3005 1764 χθὲς
3029 1735 3045 1759 ,
3078 1694 3395 1763 προσήγετο
3425 1695 3453 1745 ὁ
3485 1693 3740 1763 σήμερον,

2171 1787 2287 1841 ἀλλ’
2315 1786 2391 1850 ὥς
2419 1786 2580 1849 αὐτὸς
2610 1785 2734 1840 καθ’
2766 1786 2929 1839 αὐτὸν
2956 1784 3150 1839 θυσίαν
3194 1785 3388 1838 τελῶν.
3426 1784 3552 1848 Πῶς
3594 1780 3684 1837 οὖν
3718 1785 3743 1836 ὁ

2186 1878 2508 1941 Ἀπόστολος
2555 1877 2726 1946 λέγει,
2761 1876 2891 1942 ταῖς
2921 1876 3134 1947 αὑταῖς
3185 1878 3466 1942 θυσίαις;
3500 1878 3565 1929 At
3595 1875 3744 1930 αὑταὶ

2168 1970 2267 2040 μὲν
2292 1965 2386 2023 οὖν
2410 1965 2552 2040 ἦσαν
2581 1969 2789 2036 θυσίαι,
2815 1969 2952 2023 καθὸ
2975 1968 3045 2022 τὰ
3070 1968 3215 2022 αὐτὰ
3243 1968 3359 2037 εεδη
3387 1969 3741 2038 προσήγοντο,

2162 2057 2275 2117 οἷον
2304 2062 2478 2134 ἀμνὸς
2507 2064 2574 2133 σή
2585 2060 2772 2132 μερον,
2804 2062 2899 2116 καὶ
2920 2060 3115 2133 αὔριον
3155 2062 3345 2133 ἀμνός·
3367 2062 3558 2133 ἑτέραι
3596 2062 3651 2116 δὲ
3676 2062 3745 2131 τῷ

2161 2154 2403 2226 ἀριθμῷ.
2440 2156 2599 2219 Τινὲς
2645 2154 2704 2208 δὲ
2756 2155 2858 2219 τὰς
2901 2155 3074 2218 αὐτὰς
3130 2155 3230 2226 μὲν
3276 2149 3418 2207 εἶναι
3444 2154 3653 2216 ταύτας
3676 2154 3743 2225 τῷ

2161 2249 2352 2320 τρόπῳ
2397 2247 2499 2318 τῆς
2554 2250 2933 2318 προσαγωγῆς
2992 2241 3149 2301 εἷπον
3175 2263 3189 2277 ·
3230 2246 3541 2310 τουτέστιν,
3580 2246 3614 2317 ἢ
3665 2247 3744 2299 διὰ

2163 2342 2401 2410 σφαγῆς,
2431 2340 2573 2411 asia
2606 2339 3028 2402 ὁλοκαυτώσεως
3056 2338 3305 2407 γίνεσθαι
3336 2339 3742 2409 προσταττομέ-

2161 2449 2283 2496 νας’
2315 2432 2396 2504 τῷ
2438 2433 2497 2486 δὲ
2527 2433 2681 2497 εἴδει,
2717 2432 2948 2502 ἑτέρας’
2978 2426 3092 2485 οἷον
3129 2431 3401 2502 πρόϐατα,
3438 2430 3593 2500 βόας,
3627 2446 3744 2501 τρυ-

2162 2524 2352 2594 γόνας,
2386 2524 2735 2597 περιστεράς.
2774 2525 2847 2578 To
2865 2524 2921 2578 δὲ
2945 2523 3256 2587 δύνανται,
3292 2524 3341 2576 εἰ
3378 2522 3473 2577 καὶ
3505 2522 3577 2578 τὰ
3598 2522 3737 2576 ἀντί-

2162 2633 2352 2689 γραφα
2398 2616 2585 2688 ἔχουσι
2628 2617 2767 2687 μετὰ
2795 2616 2913 2681 τοῦ,
2946 2634 3000 2681 ν,
3026 2616 3142 2671 ἀλλ’
3175 2617 3327 2686 ὅμως
3376 2608 3543 2686 εὗρον
3578 2630 3741 2684 παρσέ-

2162 2706 2385 2777 γραφὴν
2438 2707 2609 2779 χωρὶς
2659 2705 2797 2773 τοῦ,
2839 2723 2896 2768 ν.
2951 2704 3113 2760 τοῦτο
3165 2706 3402 2776 γράφειν
3449 2702 3735 2770 ἀξιοῦσανο

2165 2797 2332 2853 suav
2382 2798 2492 2870 γὰρ
2540 2797 2703 2868 ἔχων,
2751 2798 2958 2868 φησὶν,
2994 2800 3023 2852 ὁ
3076 2797 3242 2868 νόμος
3277 2796 3390 2850 τῶν
3447 2796 3743 2867 μελλόντων

2165 2890 2407 2955 ἀγαθῶν,
2461 2891 2719 2945 οὐδέποτε
2779 2890 3032 2947 δύναται
3097 2891 3225 2954 τοὺς
3275 2889 3741 2960 προσερχομένους

2162 2982 2472 3037 τελειῶσαι.
2500 2983 2613 3037 Καὶ
2646 2981 2865 3051 ἀληθῶς
2893 2997 2980 3049 γε,
3010 2981 3136 3036 ὅσον
3166 2981 3313 3035 κατὰ
3350 2981 3412 3034 τὸ
3439 2979 3545 3047 τῆς
3569 2995 3739 3048 γραμ-

476 3070 856 3136 notationem,
922 3071 1149 3126 verbum
1185 3070 1403 3140 [isthuc
1462 3073 1583 3128 sine
1627 3090 1657 3126 ν
1709 3074 2061 3130 scribendum

2172 3076 2407 3147 ματικῆς
2440 3075 2730 3147 ἀκριϐείας
2773 3074 3094 3141 ἀκόλουθον,
3145 3072 3293 3128 οὕτω
3348 3074 3433 3128 δεῖ
3476 3073 3625 3143 ἔχειν
3653 3071 3742 3140 τὴν

475 3176 601 3217 csse
624 3170 939 3217 censentem
975 3179 990 3215 :
1024 3160 1281 3217 Umbram
1316 3164 1487 3228 enim,
1515 3165 1714 3235 inquit,
1745 3165 1952 3223 habens
1977 3166 2065 3223 lex

2172 3166 2422 3239 Γραφὴν,
2469 3168 2559 3223 ἵνα
2597 3168 2671 3240 μὴ
2710 3168 3059 3238 σολοικισμὸς
3103 3165 3384 3238 ἁνακύψῃ.
3432 3164 3655 3235 Ἐπειδὴ
3690 3164 3741 3216 δὲ

478 3254 790 3308 futurorum
831 3254 1098 3310 honorum
1124 3297 1139 3322 ,
1185 3261 1465 3326 nunquam
1517 3267 1693 3328 potest
1737 3260 2065 3316 accedentes

2172 3260 2234 3329 τῇ
2263 3258 2454 3330 Γραφῇ
2490 3260 2847 3331 τεχνολογιῶν
2883 3258 3062 3322 οὐδεὶς
3084 3258 3266 3327 λόγος,
3298 3258 3393 3311 καὶ
3420 3256 3599 3318 οὕτως
3624 3253 3741 3310 αὐτὸ

476 3343 756 3413 perfectos
789 3344 991 3400 facere.
1028 3347 1105 3401 Ac
1142 3362 1268 3402 vere
1312 3347 1559 3417 quidem,
1593 3357 1868 3420 quatenus
1903 3350 2059 3420 juxta

2172 3352 2454 3421 νοήσωμεν
2498 3349 2576 3415 ὡς
2615 3351 2682 3406 τὰ
2711 3351 3022 3422 ἀντίγραφα
3048 3350 3269 3421 ἔχουσιν
3294 3363 3309 3378 ·
3343 3348 3618 3402 Οὐδέποτε
3645 3345 3739 3415 γὰρ

474 3438 852 3505 grammaticas
899 3447 1151 3493 exactam
1186 3439 1453 3495 rationem
1507 3443 1590 3496 sic
1630 3452 1884 3513 oporteat
1913 3443 2061 3497 hunc

2172 3443 2478 3506 δύνανται,
2517 3446 2567 3497 oi
2602 3444 3008 3515 προσφέροντες
3050 3442 3275 3513 δηλαδὴ,
3304 3440 3598 3495 τελειῶσαι
3627 3438 3740 3499 soi»;

477 3529 658 3583 locum
699 3530 923 3594 habere,
962 3547 1030 3587 ne
1081 3532 1431 3589 solmcismus
1459 3543 1727 3606 emergat.
1769 3535 1906 3601 Quia
1930 3550 2063 3591 vero

2175 3535 2677 3606 προσερχομένους.

474 3625 757 3696 Scriptura
808 3626 1012 3681 artium
1083 3627 1417 3684 subtilitates
1467 3645 1574 3683 non
1637 3639 1921 3697 moratur,
1974 3631 2050 3685 ita
2084 3630 2248 3686 etiam
2281 3632 2427 3689 istud
2457 3631 2846 3701 intelligamus,
2905 3632 3051 3685 sicut
3108 3630 3443 3701 exrmplaria
3505 3629 3740 3685 habent:

473 3715 761 3787 Nunquam
793 3717 941 3772 enim
972 3729 1192 3788 possunt
1226 3718 1542 3789 (olferentes
1582 3722 1853 3793 videlicet)
1910 3721 2184 3792 perfectos
2225 3721 2408 3776 facere
2434 3722 2785 3778 accedentes.

547 3812 709 3866 Vens.
735 3812 792 3869 2.
825 3812 1040 3880 Alioqui
1066 3829 1168 3866 non
1192 3824 1499 3867 cessassent
1529 3816 1735 3884 offerri,
1765 3816 1906 3886 quod
1945 3816 2067 3870 mil-

477 3905 587 3959 lam
614 3905 865 3958 haberent
895 3906 1043 3959 ultra
1090 3907 1467 3959 conscientiam
1511 3917 1869 3973 peccatorum,
1896 3910 2067 3963 culte-

475 4010 560 4049 res
591 3994 750 4050 semel
771 3997 1007 4067 purgati.
1033 3995 1137 4051 Per
1161 3996 1647 4067 interrogationem
1676 3999 1810 4067 lege.
1836 3997 1893 4051 Si
1917 4000 2062 4053 enim

481 4096 707 4155 peccata
742 4089 1137 4154 removissent,
1197 4104 1383 4145 nonne
1425 4089 1589 4143 etiam
1622 4090 1818 4145 hostiae
1867 4090 2065 4145 desiis-

477 4187 603 4232 sent
631 4178 820 4234 offerri
840 4220 855 4244 ,
885 4182 1089 4252 quippe
1129 4181 1198 4237 iis
1231 4182 1449 4237 abunde
1473 4183 1608 4238 satis
1652 4182 1877 4254 adjutis,
1906 4184 2069 4254 720

482 4268 576 4337 qui
624 4284 814 4324 earum
867 4270 1264 4327 commoditate
1305 4272 1636 4343 indigerent,
1670 4289 1847 4344 neque
1900 4272 2063 4327 ullam

483 4375 651 4431 porro
670 4365 878 4433 peccati
908 4364 1308 4420 conscientiam
1339 4364 1638 4421 haberent?
1668 4365 1770 4421 hoc
1795 4376 1904 4429 est,
1929 4367 2063 4421 nihil

487 4453 597 4510 sibi
644 4454 854 4511 conscii
899 4455 1136 4524 alicujus
1182 4456 1286 4521 rei,
1338 4472 1459 4525 qua:
1491 4472 1623 4512 cura
1679 4473 1816 4528 opus
1844 4458 2063 4523 habeat,

481 4554 771 4613 propterea
800 4546 944 4616 quod
973 4547 1085 4601 sint
1105 4548 1304 4611 sanati,
1334 4549 1548 4618 purgati
1575 4549 1768 4603 semel.

555 4632 719 4691 Vsus.
761 4637 815 4690 5.
858 4634 963 4691 Sed
1002 4638 1057 4690 in
1092 4637 1223 4703 ipsis
1257 4640 1692 4692 commemoratio
1721 4648 2060 4707 peccatorum
2101 4677 2143 4731 υ

2257 3813 2423 3870 Ἐπεὶ
2452 3816 2564 3869 οὐκ
2606 3813 2687 3869 ἂν
2719 3813 3069 3869 ἐπαύσαντο
3113 3813 3615 3881 προσφερόμεναι,
3656 3807 3742 3863 διὰ

2172 3909 2239 3963 τὸ
2263 3908 2564 3979 μηδεμίαν
2595 3907 2761 3976 ἔχειν
2792 3906 2881 3959 ἔτι
2910 3904 3271 3972 συνείδησιν
3295 3902 3600 3974 ἁμαρτιῶν
3617 3900 3743 3965 τοὺς

2168 4001 2594 4069 λατρεύοντας,
2637 3998 2802 4061 ἅπαξ
2841 3996 3352 4065 κεκαθαρμένους.
3385 3996 3524 4049 Κατ’
3555 3993 3742 4065 ἐρώτη·

2173 4107 2261 4144 σιν
2298 4088 2601 4158 ἀνάγνωθι.
2641 4090 2703 4142 Εἰ
2740 4088 2849 4159 γὰρ
2889 4087 3114 4149 ἔπαυον,
3150 4089 3338 4157 φησὶν,
3381 4086 3665 4158 ἁμαρτίαι.
3688 4084 3738 4138 οὐ

2168 4183 2244 4255 μὴ
2276 4182 2587 4236 ἐπαύσαντο
2623 4182 2717 4235 καὶ
2783 4174 2945 4235 αὗται
2976 4180 3461 4251 προσφερόμεναι,
3510 4181 3603 4234 ἅτε
3646 4177 3742 4231 τῶν

2164 4274 2439 4346 δεομένων
2464 4275 2562 4344 τῆς
2597 4274 2778 4329 αὐτῶν
2806 4272 3075 4341 ὠφελείας
3109 4270 3315 4335 ἱκανῶς
3343 4270 3738 4341 ὠφεληθέντων,

2165 4369 2260 4423 καὶ
2296 4368 2590 4440 ’μηδεμίαν
2643 4366 2727 4421 ἔτι
2783 4365 3090 4435 συνείδησιν
3136 4366 3431 4434 ἁμαρτιῶν
3485 4365 3739 4435 ἐχόντωνς

2167 4458 2448 4523 τουτέστι,
2481 4457 2652 4527 μηδὲν
2694 4455 2775 4510 ἔτι
2809 4456 3133 4510 συνειδότων
3166 4456 3383 4519 ἑαυτοῖς
3411 4453 3567 4520 ἄξιον
3599 4454 3744 4525 θερι-

2174 4552 2356 4614 πείας,
2386 4549 2477 4603 διὰ
2510 4548 2570 4602 τὸ
2601 4547 3003 4619 θεραπεύεσθαι
3040 4547 3188 4614 ἅπαξ
3220 4545 3620 4617 καθαρθέντας.

2254 4643 2498 4700 Ἀλλ’ἐν
2519 4642 2732 4708 αὐταῖς
2776 4642 3122 4712 ἀνάμνησις
3162 4641 3469 4710 ἁμαρτιῶν
3498 4638 3746 4694 και-’ἑνι-

479 4743 572 4795 per
598 4727 836 4795 singulos
867 4743 1037 4781 annos
1071 4728 1153 4794 ﬁt.
1190 4726 1337 4781 Nihil
1376 4729 1546 4793 aliud,
1598 4730 1797 4799 inquit,
1828 4729 2065 4786 elliciunl

2172 4738 2379 4791 αυτόν.
2412 4735 2580 4789 Οὐδὲν
2603 4734 2751 4799 ἄλλο,
2784 4736 2939 4805 φησι.
2989 4732 3356 4804 κατορθοῦσιν
3387 4734 3444 4786 αί
3482 4732 3676 4795 θυσίαι,
3702 4730 3742 4782 εί

482 4821 745 4878 victimas.
780 4833 947 4886 quam
979 4818 1125 4887 quod
1175 4826 1532 4888 peccatorum
1577 4829 1792 4875 tantum
1829 4837 2072 4878 comme-

483 4912 850 4966 morationem
901 4911 1127 4975 faciant,
1156 4912 1259 4965 hoc
1291 4923 1397 4979 est,
1440 4913 1729 4969 indicium.
1764 4915 1887 4970 Non
1927 4917 2071 4970 enim

484 5002 868 5057 remissionem
939 5010 1222 5072 praestant,
1282 5004 1378 5059 sed
1429 5020 1526 5074 per
1577 5007 1859 5062 assiduam
1912 5008 2072 5063 istam

482 5093 1247 5161 oblationem{demonstrant
1298 5097 1484 5166 populi
1537 5108 1761 5166 peccata
1813 5114 1920 5154 non
1953 5114 2073 5155 esse

486 5189 741 5243 remissa.
774 5187 832 5243 Si
863 5187 1010 5243 enim
1041 5187 1268 5244 remissa
1288 5200 1478 5244 essent
1506 5201 1752 5260 peccata,
1775 5192 1906 5262 quid
1933 5208 2073 5262 opus

482 5288 602 5334 erat
639 5278 969 5334 sacriﬁciis?
1014 5276 1584 5335 Commemorationem
1628 5293 1813 5335 autem
1856 5282 2072 5347 dicens,

482 5373 635 5427 dedit
675 5374 771 5429 tibi
807 5373 1114 5443 intelligere
1139 5372 1286 5443 quod
1314 5374 1551 5428 victimae
1578 5375 1696 5428 ista:
1720 5390 1833 5429 non
1880 5376 1950 5429 ob
1988 5375 2075 5429 fu-

2176 4827 2250 4895 μὴ
2276 4826 2439 4896 μόνον
2474 4825 2788 4895 ἀνάμνησιν
2823 4823 3137 4896 ἁμαρτιῶν,
3172 4824 3482 4886 τουτέστιν.
3518 4824 3738 4893 ἔλεγχον.

2172 4921 2248 4973 0-3
2276 4918 2386 4989 γὰρ
2416 4917 2613 4988 ἄφεσιν
2660 4920 3014 4989 παρέχουσιν,
3059 4916 3174 4969 ἀλλ’
3217 4915 3641 4970 ἀποδεικνύουσι
3665 4912 3743 4967 διὰ

2172 5009 2267 5061 τοῦ
2295 5010 2381 5063 ἀεὶ
2411 5007 2845 5080 προσφέρεσθαι,
2883 5008 2965 5060 ὃτι
3000 5007 3187 5061 ἄλυτοί
3214 5008 3371 5059 εἰσιν
3404 5007 3462 5059 αἱ
3498 5003 3743 5073 ἁμαρτίαι

2173 5098 2269 5152 τοῦ
2299 5098 2452 5153 λαοῦ.
2487 5099 2546 5152 Εἰ
2574 5100 2684 5169 γὰρ
2721 5098 2992 5170 ἐλύθησαν
3020 5100 3077 5152 αῑ
3120 5098 3418 5169 ἁμαρτίαι.
3451 5099 3507 5152 τί
3537 5098 3638 5150 ἔδει
3666 5094 3744 5147 θυο

2176 5190 2343 5256 σιῶν;
2392 5189 2758 5259 Ἀνὰμνησιν
2800 5190 2857 5244 δὲ
2887 5188 3082 5252 εἰπὼν,
3115 5188 3319 5243 δέδωκέ
3368 5207 3454 5243 σοι
3492 5191 3648 5247 νοεῖν,
3674 5186 3743 5237 ὅτι
3779 5197 3793 5236 .'

2180 5282 2240 5334 αἱ
2269 5280 2453 5335 θυσίαι
2479 5282 2580 5334 οὐκ
2615 5280 2707 5333 ἐπὶ
2758 5281 3068 5352 ἁμαρτίαις
3115 5281 3535 5350 ἐπιγινομέναις
3572 5282 3616 5311 ⁸⁷
3643 5280 3742 5330 ἐτε-

2174 5375 2385 5437 λοῦντο,
2412 5374 2547 5428 ἀλλὰ
2577 5375 2673 5428 καὶ
2702 5374 2794 5427 ἐπὶ
2815 5375 2934 5437 ταῖς
2951 5372 3403 5442 προγεγονυίαις,
3430 5374 3506 5437 ὡς
3534 5375 3608 5444 μὴ
3631 5373 3740 5437 ἄφες

487 5472 612 5516 tura
641 5472 860 5533 peccata
889 5463 1335 5533 perﬁciebantur,
1362 5478 1552 5517 verum
1583 5464 1654 5518 ob
1684 5467 1978 5533 praeterita,
2018 5474 2065 5520 ul

2176 5466 2385 5529 θείσαις
2410 5467 2676 5537 δηλονότι.
2733 5465 2870 5520 Κατ’
2906 5464 3156 5518 ἐνιαυτὸν
3204 5464 3316 5535 γὰρ
3344 5506 3360 5530 ,
3396 5467 3531 5537 φέρε
3569 5462 3740 5523 εἰπεῖν,

487 5570 611 5623 qua:
642 5571 752 5610 non
797 5565 983 5612 essent
1032 5555 1343 5610 con‘donata
1377 5555 1654 5611 videlicet.
1697 5555 1802 5612 Per
1828 5558 2075 5629 singulos

488 5647 637 5702 enim
676 5660 875 5711 annos,
909 5655 968 5700 ut
995 5646 1068 5699 ita
1107 5645 1313 5709 dicam,
1357 5644 1511 5700 vituli
1562 5648 1787 5718 sanguis
1836 5664 1932 5719 pro
1979 5664 2076 5720 pec

2181 5558 2491 5627 προσήγετο
2516 5556 2657 5628 ὑπὲρ
2689 5555 2798 5611 τοῖν
2818 5555 2957 5609 λαοῦ
2984 5555 3045 5607 τὸ
3073 5550 3217 5625 αίμα
3243 5557 3340 5609 τοῦ
3368 5557 3594 5627 μόσχου.
3619 5554 3739 5622 Ἀρι

2182 5648 2277 5702 οὖν
2304 5647 2383 5712 ὡς
2412 5647 2523 5702 τῶν
2574 5644 3079 5718 αὐτῶν’ἁμαρτιῶν
3110 5646 3314 5713 οὐσῶν,
3350 5649 3385 5720 ὴ
3436 5645 3574 5718 αὐτὴ
3604 5642 3737 5699 θυσία

1852 5836 2047 5900 Variae
2082 5835 2409 5901 lectiones.

566 5936 612 5971 ²⁶
654 5932 796 6006 αἷμα
824 5950 879 5990 0.
959 5934 1003 5965 ²⁷
1036 5935 1410 6005 ὲπαγομέναις
1445 5954 1497 5994 o.
