3918 6548
168 367 255 434 32!
894 361 1298 423 EXPOSITIO
1331 362 1415 424 IN
1439 362 1677 424 EPIST.
1711 384 1725 420 Α

1843 362 2237 426 ΗΕΒΒΕΟΞ.
2272 391 2342 402 -
2381 366 2541 428 CAP.
2583 367 2654 427 Χ.
3298 371 3405 433 39.2

169 483 483 550 τῳσήγετο.
511 477 647 531 υῦδέ
676 495 777 532 που
812 477 869 530 δὲ
902 478 960 531 αἱ
986 479 1360 546 ἑπιγεγονυῖαι
1388 476 1658 547 ἁμαρτίαι
1680 475 1725 528 αἱ

1843 478 1973 546 pulo
2000 477 2354 534 oﬁ'erehatur.
2389 478 2530 549 Ergo
2545 476 2703 548 quasi
2734 475 2924 533 eadem
2955 485 3179 549 peccata
3202 494 3408 547 essent.

164 574 318 631 αὐταὶ
339 569 481 643 ἦσαν
507 574 630 635 ταῖς
661 571 1102 641 προγεγονυίαις.
1146 570 1307 623 Ἀλλὰ
1352 569 1623 639 πρόδηλον
1650 569 1725 622 ὅτι

1837 571 1978 625 idem
2032 586 2248 627 sacrum
2312 568 2659 626 oll‘ercbatur.
2696 568 3052 641 Nequaquam
3102 581 3285 628 autem
3320 589 3412 629 se-

162 664 342 717 ἄλυτοι
394 662 449 714 al
504 662 771 731 πρότεραι
820 662 1027 713 ἐκεῖναι
1065 660 1280 730 ἔμενον,
1332 648 1429 714 καὶ
1458 658 1547 712 διὰ
1574 659 1734 713 τοῦτο

160 755 242 810 ἀεὶ
264 754 297 822 ἡ
331 754 468 823 αὐτή
499 751 680 806 θυσία·
712 751 902 822 ὥσπερ
928 752 1020 804 καὶ
1053 752 1348 821 φάρμακον
1386 752 1735 822 προσαγόμε-

114 898 119 903 ,
162 862 246 899 νον
273 847 362 898 ἀεὶ
393 845 455 897 τὸ
491 844 646 909 αὐτὸ,
671 841 825 910 δηλοῖ
855 843 952 913 τὴν
986 844 1157 913 αὐτὴν
1191 843 1348 897 νόσον
1380 843 1468 897 ἀεὶ
1493 842 1734 913 ἐνοχλεῖν

160 938 231 1008 τῷ
260 939 545 1008 κάμνοντι.

252 1213 575 1268 Ἀδύνατον
646 1214 755 1282 γὰρ
826 1207 972 1282 αἷμα
1041 1214 1275 1281 ταύρων
1328 1212 1428 1269 καί
1500 1212 1732 1281 τράγων

161 1306 432 1375 ἀφαιρεῖν
489 1306 800 1375 ἁμαρτίας.
856 1305 1211 1376 Βεεαιότερον
1263 1310 1410 1360 ποιεῖ
1444 1307 1535 1361 τὸν
1574 1306 1730 1375 λόγον

160 1399 258 1453 ἀπὸ
313 1398 420 1466 τῆς
476 1398 751 1461 εὐτελείας
793 1396 903 1450 τῶν
958 1396 1428 1468 προσαγομένων,
1482 1399 1579 1451 καὶ
1633 1396 1729 1451 τοῦ

160 1490 422 1561 μεγέθους
457 1489 551 1543 τοῦ
577 1491 905 1560 νοσήματος.
949 1489 1163 1559 Ὥσπερ
1186 1489 1253 1542 ἂν
1286 1490 1340 1543 εί
1359 1506 1442 1552 τις
1464 1488 1730 1559 ἔμπειρος

163 1580 411 1650 ίατρικῆς
446 1621 462 1643 ,
515 1581 658 1653 ὁρῶν
722 1580 1109 1648 ἐλεφαντιῶντι
1171 1578 1587 1650 προσαγομένην
1630 1579 1730 1648 τὴν

158 1671 467 1736 λινόζωστιν
513 1670 857 1739 καλουμένην
910 1669 1141 1741 βοτάνην
1170 1708 1185 1735 ,
1230 1671 1411 1734 εἴποι,
1443 1670 1730 1725 Ἀδύνατον

157 1763 443 1831 ἔλέςξαντος
477 1762 784 1827 ἀπαλλάξαι
823 1762 1162 1825 λινόζωστιν.

217 1943 310 1997 Διὸ
324 1946 755 2013 εἰσερχομενος
778 1943 865 2007 εἰς
884 1940 992 1995 τὸν
1018 1955 1255 2011 κοσμον
1280 1938 1468 2009 λέγει.
1506 1940 1565 1994 Ὀ
1588 1940 1633 1993 Χ
1642 1956 1726 2011 ρι-

158 2036 268 2098 στὸς
297 2037 382 2096 εἰς
422 2035 513 2088 τὸν
557 2034 762 2103 κόσμον
796 2033 1183 2104 εἰσερχόμενος
1208 2035 1269 2087 ὲν
1312 2031 1547 2102 σώματι,
1578 2032 1726 2102 λέγει

153 2127 234 2182 διὰ
269 2125 364 2180 τοῦ
401 2125 585 2180 Δαδίδ.
621 2126 680 2178 Ὀ
700 2124 757 2179 δὲ
804 2125 1006 2188 σκοπὸς
1037 2124 1114 2195 τῷ
1156 2124 1466 2196 ’Δποστόλφ
1491 2123 1727 2179 ἐνταῦθα

154 2217 382 2281 τοιοῦτος
408 2233 424 2249 θ
472 2217 694 2287 Ἐπειδὴ
756 2216 956 2281 ἔδειξεν
1007 2216 1254 2280 ἀσθενεῖς
1298 2216 1392 2270 καὶ¹
1428 2215 1726 2284 ἀνωφελεῖς

156 2310 244 2371 τᾶς
297 2307 521 2373 θυσίας,
579 2307 666 2360 ἴνα
720 2306 795 2378 μή
842 2324 928 2369 τις
956 2304 1102 2358 εἴποι
1146 2304 1313 2375 αὐτῷ’
1352 2305 1474 2368 Πῶς
1520 2302 1613 2357 οὖν
1644 2302 1725 2357 ἔτι

155 2401 458 2455 ἐπιτελοῦσι
494 2401 695 2464 ταύτας
721 2402 769 2453 οἱ
820 2400 1096 2464 Ἰουδαῖοι;
1131 2398 1209 2453 ἔτι
1243 2399 1354 2471 γὰρ
1405 2398 1529 2452 τότε
1575 2398 1727 2452 ἵστα-

154 2510 208 2546 το
240 2493 422 2557 duo;
459 2494 663 2559 αὐτοῖς,
708 2492 801 2547 καὶ
854 2491 1034 2547 πάντα
1087 2491 1328 2546 ἐτελεῖτο
1377 2489 1448 2544 τὰ
1489 2490 1723 2560 νόμιμα.

154 2588 260 2650 πῶς
313 2586 372 2639 δὲ
426 2586 526 2639 οὐκ
574 2586 909 2650 ὲπαύσαντο;
942 2582 1100 2638 τοῦτο
1154 2582 1250 2637 νῦν
1302 2582 1585 2649 δεικνύει,
1630 2582 1724 2636 καί

157 2695 330 2749 φησιν,
371 2678 460 2731 ὅτι
494 2677 837 2730 Ἐπαύσαντο
864 2675 963 2745 μὲν
1001 2674 1142 2729 κατὰ
1167 2675 1227 2729 τὸ
1265 2674 1358 2729 τοῦ
1395 2674 1531 2728 Θεοῦ
1569 2674 1725 2746 θέλη-

157 2788 260 2839 μα·
295 2770 347 2822 οἱ
406 2769 463 2822 δὲ
506 2768 747 2822 Ἰουδαῖοι
796 2767 1093 2837 φιλόνεικοι
1130 2767 1309 2830 ὄντες.
1349 2766 1447 2820 καὶ
1496 2767 1586 2821 ἀεὶ
1646 2766 1725 2838 τῷ

154 2862 283 2932 ἁγίῳ
304 2860 596 2931 Πνεῦματι
624 2860 1067 2924 ἀντιπίπτοντες,
1100 2858 1181 2912 ἔτι
1222 2856 1569 2930 περιέχονται
1597 2857 1725 2911 τού-

152 2972 269 3008 των.
306 2955 570 3007 Δείκνυσι
619 2954 675 3008 δὲ
709 2953 806 3006 καὶ
845 2953 929 3006 ὅτι
976 2952 1083 3021 πρὸ
1105 2951 1209 3021 τῆς
1247 2949 1723 3023 ὲνανθρωπήσεως

152 3046 238 3100 τοῦ
271 3048 483 3116 Κυρίου
539 3044 930 3116 ἀπεδλήθησαν
960 3044 1115 3117 παρὰ
1163 3043 1242 3115 τῷ
1290 3043 1429 3114 Θεῷ.
1481 3044 1590 3097 Καὶ
1623 3045 1724 3115 ὅρα

153 3142 227 3195 ὅτι
269 3141 436 3193 τοῦτο
492 3139 741 3208 βούλεται
793 3140 823 3193 ὸ
874 3137 1222 3200 Ἀπόστολος.
1273 3136 1348 3190 UO
1393 3137 1502 3207 γὰρ
1541 3131 1719 3204 εἶπεν,
1745 3175 1790 3240 C

152 3235 441 3302 εἰσελθὼν,
494 3234 608 3288 ἀλλ’
637 3237 1061 3303 εἰσερχόμενος
1094 3236 1180 3299 εις
1210 3232 1317 3287 τὸν
1348 3232 1605 3304 κόσμον,
1632 3231 1722 3285 ἶνα

154 3328 290 3399 δείξῃ
326 3329 419 3383 ὅτι
461 3328 556 3380 καὶ
586 3327 715 3397 πρὶν
754 3324 973 3396 εἰσέλθῃ
1010 3324 1334 3396 ὲμεμίσητο.

218 3509 451 3561 Θυσίαν
478 3506 576 3559 καί
615 3504 968 3573 προσφορὰν
998 3505 1108 3558 οὐκ
1135 3504 1467 3571 ἠθέλησας,
1498 3500 1609 3564 Τὰς
1637 3500 1726 3554 διὰ

155 3600 240 3654 τοῦ
292 3601 466 3669 νόμου
512 3582 945 3667 διατεταγμένας
995 3595 1261 3663 δηλονότι.
1314 3593 1611 3666 Προσφορὰ
1666 3593 1724 3647 δὲ

157 3695 293 3765 rupi
336 3695 441 3764 τὴν
490 3690 681 3746 θυσίαν
718 3690 846 3746 ἄλλο
875 3708 926 3742 τι
956 3689 1104 3756 δηλοῖ
1137 3687 1391 3753 ἐνταῦθα,
1426 3687 1523 3741 καὶ
1568 3683 1724 3758 οἶμαι

156 3785 217 3836 τὰ
250 3785 377 3836 ἄνευ
423 3784 655 3854 αἵματος
700 3780 996 3852 δηλοῦσθαι
1021 3780 1110 3833 διὰ
1139 3779 1234 3833 τοῦ
1261 3781 1545 3849 ὀνόματος.

218 3875 389 3945 Σῶμα
417 3874 485 3928 δὲ
509 3875 844 3941 κατηρτίσω
856 3892 980 3941 μοι.
1043 3873 1304 3926 Τουτὲστι
1331 3873 1393 3926 τὸ
1428 3873 1586 3941 σῶμά
1621 3888 1722 3943 μου

154 3967 589 4038 κατηρτισμένην
622 3968 716 4020 καὶ
744 3966 958 4020 τελείαν
1000 3964 1190 4020 θυσίαν
1233 3964 1516 4037 ἁφὼρισας
1564 3966 1721 4031 γενέ-

155 4060 288 4115 σθαι.

227 4153 711 4223 Ὀλοκαυτώματα
770 4153 871 4208 καί
911 4154 1044 4223 περὶ
1086 4153 1377 4224 ἁμαρτίας
1410 4156 1522 4208 οὐκ
1552 4154 1723 4209 εὐδό-

156 4259 362 4311 κησας.
390 4243 529 4297 Οὓτε
594 4243 1021 4313 ὁλοκαυτώματα
1078 4244 1391 4313 εὐδόκησας,
1448 4244 1724 4299 τουτέστιν

156 4335 439 4406 ἠθέλησας,
496 4335 664 4389 δεκτὰ
724 4337 941 4407 ἡγήσω,
1002 4334 1127 4388 οὔτε
1173 4335 1243 4388 τὰ
1285 4336 1414 4404 περὶ
1448 4335 1722 4405 ἁμαρτίας

159 4426 557 4495 προσαγόμενα.
593 4427 839 4498 Διάφορα
890 4427 944 4480 δὲ
990 4422 1131 4497 ἦσαν
1181 4426 1421 4495 ὀνόματα
1480 4426 1720 4490 θυσιῶν,

1834 664 2057 732 quentia
2090 673 2314 735 peccata
2364 663 2555 718 eadem
2586 672 2742 718 erant
2774 678 2900 718 cum
2951 663 3410 734 praecedentibus.

1835 754 2024 824 Itaque
2075 754 2430 824 perspicuum
2457 762 2544 809 est
2573 753 2717 825 qno'd
2751 756 3023 823 praeterita
3064 755 3270 811 scelera
3302 773 3409 812 non

1834 843 2063 899 dimissa
2114 846 2526 914 permanebant,
2579 860 2811 915 eamque
2863 846 2934 900 ob
2988 860 3213 902 causam
3265 848 3408 903 idem

1831 950 2051 1006 semper
2103 936 2490 993 sacriﬁcium:
2539 938 2999 1007 quemadmodum
3056 938 3409 1009 pharmacum

1832 1030 1976 1099 quod
2003 1043 2221 1098 semper
2261 1027 2406 1081 idem
2458 1029 2800 1094 admovetur,
2837 1030 3110 1099 signiﬁcat
3161 1032 3408 1087 eamdem

1833 1121 2060 1176 assiduo
2086 1120 2464 1189 mgritudinem
2493 1120 2812 1189 perturbare
2843 1121 3201 1177 laborantem.

1906 1209 2071 1266 Vens.
2121 1210 2176 1264 4.
2217 1209 2553 1280 [inpossibile
2574 1221 2651 1266 est
2686 1211 2826 1265 enim
2855 1212 3110 1282 sanguine
3139 1211 3409 1266 hircorum

1832 1302 1911 1357 rel
1942 1311 2220 1355 taurorum
2265 1303 2466 1372 aulerri
2514 1311 2750 1370 peccata.
2796 1300 3122 1355 Firmiorem
3159 1302 3285 1356 facit
3315 1317 3408 1354 ra-

1832 1397 2033 1451 tionem
2066 1412 2221 1451 suam
2280 1411 2310 1449 a
2337 1396 2546 1450 vilitate
2581 1411 2758 1450 rerum
2783 1410 2904 1465 qua:
2934 1393 3322 1458 offerebantur,
3353 1403 3410 1447 et

1831 1501 1863 1542 a
1893 1485 2275 1556 magnitudine
2302 1486 2504 1543 morbi.
2544 1484 3022 1553 Quemadmodum
3054 1486 3241 1554 siquis
3272 1484 3409 1539 artis

1830 1579 2059 1633 medica:
2083 1577 2314 1647 peritus,
2337 1577 2387 1631 ei
2419 1576 2511 1645 qui
2537 1576 2898 1647 elephantiasi
2925 1576 3157 1647 laborat,
3182 1576 3408 1632 herbam

1830 1670 2212 1725 Mercurialem
2243 1668 2445 1735 dictam
2497 1668 2744 1723 adhiberi
2777 1668 2989 1733 videns,
3021 1668 3250 1735 diceret,
3301 1667 3411 1722 lm-

1829 1763 2094 1832 possibile
2120 1769 2227 1829 est,
2261 1769 2318 1817 ut
2344 1760 2514 1816 herba
2563 1759 2906 1823 Mercurialis
2943 1760 3014 1816 ab
3046 1759 3406 1830 elephantiasi

1829 1854 2069 1982 ιώξέῖῗέ.
2101 1925 2154 1980 5.
2191 1923 2319 1980 Ideo
2352 1918 2649 1995 ingrediens
2674 1923 2948 1990 mundum,
2974 1924 3126 1978 dicit.
3153 1921 3409 1979 Christus

1828 2017 1882 2072 in
1915 2016 2183 2072 mundum
2230 2017 2582 2087 ingressurus
2612 2015 2667 2071 in
2704 2030 2954 2086 corpore.
2986 2016 3119 2071 dicit
3156 2031 3254 2087 per
3297 2013 3410 2070 Da-

1829 2110 2031 2166 videm.
2075 2108 2288 2178 Scopus
2314 2117 2498 2163 autem
2558 2109 2821 2179 Apostolo
2854 2108 2942 2163 hic
2970 2117 3055 2165 est
3080 2108 3347 2179 ejusmodi
3388 2125 3405 2172 ;

1827 2202 1967 2271 Quia
2009 2202 2414 2258 demonstravit
2447 2200 2692 2255 inﬁrmas
2724 2208 2777 2255 et
2828 2200 3049 2255 inutiles
3087 2214 3211 2255 eSse
3250 2200 3408 2253 victi-

1827 2311 1968 2361 mas,
2012 2310 2080 2350 ne
2124 2294 2250 2365 quis
2292 2295 2398 2365 ipsi
2450 2293 2639 2348 dicat:
2673 2289 2960 2359 Quomodo
2998 2307 3128 2362 ergo
3172 2306 3266 2345 eas
3302 2288 3405 2345 Ju-

1827 2388 1928 2443 daai
1960 2387 2137 2442 adhuc
2158 2385 2479 2457 perﬁciunt?
2509 2395 2623 2439 tum
2649 2385 2792 2440 enim
2839 2384 3101 2453 templum
3127 2384 3208 2439 eis
3230 2381 3408 2437 adhuc

1828 2478 2032 2540 stabat,
2060 2476 2357 2547 omniaque
2390 2476 2584 2546 legalia
2616 2473 3087 2547 perﬁciebantur;
3119 2473 3398 2545 quomodo

1825 2587 1958 2628 vero
2005 2586 2114 2627 non
2145 2569 2475 2627 cessarunt?
2511 2569 2614 2623 hoc
2652 2568 2792 2641 jam'
2822 2568 3049 2632 indicat,
3099 2569 3356 2638 inquiens
3387 2585 3403 2624 :

1828 2664 2131 2722 Cessarnnt
2178 2663 2398 2735 quidem
2457 2669 2723 2732 quantum
2760 2660 2827 2713 ad
2875 2658 2968 2714 Dei
3015 2659 3345 2715 voluntatem
3385 2676 3404 2726 ;

1824 2757 2000 2813 Judmi
2059 2769 2186 2812 vero
2225 2761 2416 2825 utpote
2472 2749 2830 2818 contentiosi,
2877 2760 2929 2804 et
2971 2764 3252 2821 nunquam
3294 2764 3404 2804 non

1829 2848 2063 2920 Spiritui
2093 2856 2287 2903 sancto
2327 2852 2716 2916 repugnantes,
2760 2842 2942 2898 adhuc
2986 2843 3039 2897 in
3083 2842 3205 2895 istis
3233 2854 3405 2896 occu-

1824 2949 2050 3010 pantur.
2080 2937 2337 2995 Ostendit
2374 2947 2636 3005 praeterea
2667 2933 2814 3005 quod
2850 2942 2975 2987 ante
2997 2933 3161 2987 etiam
3188 2930 3405 2987 Domini

1824 3030 2259 3086 incarnationem
2315 3028 2532 3097 rejectae
2585 3025 2789 3079 fuerint
2832 3038 2861 3076 a
2910 3023 3041 3078 Deo.
3100 3019 3407 3076 Considera

1825 3133 2005 3179 autem
2042 3123 2094 3178 id
2116 3120 2443 3193 Apostolum
2498 3120 2586 3174 hic
2617 3118 2776 3172 velle.
2807 3114 2925 3170 Non
2955 3115 3097 3169 enim
3128 3114 3285 3177 dixit,
3320 3114 3408 3167 in.

1829 3230 2089 3289 gressus;
2126 3212 2244 3278 sed,
2280 3210 2575 3281 ingrediens
2606 3209 2661 3263 in
2709 3207 2986 3271 mundum,
3045 3214 3105 3260 ut
3153 3206 3409 3261 ostendat

1827 3306 1976 3378 quod
2010 3304 2330 3375 priusquam
2366 3299 2746 3373 ingrederetur
2793 3300 2846 3354 in
2898 3306 3168 3354 terrarum
3194 3298 3407 3364 orbem,

1824 3414 1889 3455 ea
1912 3398 2109 3453 oderit.

1898 3492 2143 3546 Hostiam
2171 3497 2221 3542 et
2253 3486 2573 3543 oblationem
2621 3485 2861 3542 noluisti.
2901 3482 3003 3538 Per
3039 3482 3211 3551 legem
3253 3480 3408 3536 vide-

1824 3584 1952 3639 licet
1979 3582 2288 3637 institutas.
2326 3577 2543 3634 Oblatio
2589 3587 2769 3631 autem
2799 3578 2867 3630 ab
2916 3575 3094 3629 hostia
3126 3573 3404 3629 diversum

1825 3677 2084 3748 quiddam
2123 3674 2210 3728 hic
2243 3670 2515 3741 signiﬁcat
2552 3688 2567 3725 :
2597 3670 2754 3741 721
2789 3668 2985 3739 Opinor
3012 3673 3193 3721 autem
3220 3680 3316 3736 per
3341 3665 3395 3720 id

1752 3805 1764 3817 .
1823 3768 1977 3822 vocis
2001 3761 2298 3835 signiﬁcari
2327 3761 2596 3831 exanguia
2627 3775 2804 3813 sacra.

1896 3859 2099 3927 Corpus
2124 3866 2300 3919 autem.
2323 3854 2527 3924 aptasti
2548 3853 2694 3907 mihi.
2738 3851 2849 3906 Hoc
2870 3858 2975 3914 est,
3004 3862 3205 3920 corpus
3226 3865 3404 3905 meum

1825 3959 2270 4010 consummatum
2327 3955 2382 4004 et
2432 3946 2737 4019 perfectum
2784 3944 3113 4000 sacriﬁcium
3153 3941 3270 3999 ﬁeri
3313 3940 3409 3997 de-

1823 4046 2066 4102 crevisti.

1898 4138 2059 4194 Vens.
2094 4136 2146 4192 θ.
2192 4135 2637 4191 Ilolocautomata
2676 4140 2725 4185 et
2760 4145 2859 4200 pro
2901 4139 3113 4199 peccato
3144 4142 3246 4183 non
3291 4125 3410 4193 pla-

1822 4238 2039 4286 cuerunt
2075 4227 2193 4282 tibi.
2224 4227 2416 4295 Neque
2441 4223 2885 4278 holocautomata
2915 4222 3245 4293 placuerunt
3281 4216 3404 4279 tibi,

1824 4319 1931 4374 hoc
1977 4329 2083 4381 est,
2136 4314 2384 4377 voluisti,
2421 4320 2642 4381 accepta
2696 4309 2923 4380 putasti.
2965 4322 3142 4374 neque
3182 4319 3244 4361 ea
3287 4319 3409 4374 qua:

1823 4426 1923 4481 pro
1971 4408 2212 4478 peccatis
2262 4405 2587 4459 olleruntur.
2622 4400 2782 4456 Varia
2821 4406 3003 4453 autem
3058 4399 3274 4450 fuerunt
3310 4411 3409 4450 no-

158 4488 290 4568 πὲτά
323 4488 614 4586 διαφόρους
647 4488 851 4586 δηλαδὴ
889 4488 1090 4580 αίτίας.
1138 4517 1219 4570 re
1248 4488 1346 4586 μιν
1380 4516 1509 4587 περὶ
1536 4488 1724 4586 ἀμαρᾲ

1835 4503 1974 4555 mina
2004 4499 2426 4561 sacriﬁciorum,
2452 4496 2610 4566 juxta
2653 4493 2834 4547 varias
2867 4488 3124 4545 nimirum
3162 4503 3357 4543 causas
3387 4505 3405 4543 .'

158 4606 291 4672 τίας,
322 4610 388 4661 τὰ
420 4608 477 4660 δὲ
517 4608 918 4678 πλημμελείας,
960 4611 1027 4662 τὰ
1086 4610 1144 4663 δὲ
1219 4611 1510 4681 σω;ηρίου,
1559 4610 1626 4661 τὰ
1665 4608 1722 4660 δὲ

162 4698 401 4768 ἱλασμοῦ,
436 4700 505 4752 τὰ
556 4699 612 4754 δὲ
669 4701 864 4769 εὐχῶν,
916 4701 985 4754 τὰ
1022 4701 1079 4754 δὲ
1121 4700 1492 4771 καθαρισμοῦ.
1538 4701 1724 4754 Πάντα

164 4784 248 4841 οὖν
284 4790 647 4863 ἀνῃρέθησαν.
689 4792 879 4863 ἐπειδὴ
915 4792 1106 4846 θυσίαν
1135 4793 1229 4846 καί
1264 4793 1586 4865 προσφορὰν
1623 4792 1723 4846 οὐκ

161 4880 436 4951 ⁴ᾗθέλησας.

232 4976 364 5027 Τότε
392 4969 601 5027 εἶπον·
644 4973 799 5029 Ἰδοὺ
839 4974 965 5042 ἥκω
990 5014 1005 5038 ,
1060 4974 1131 5027 ἐι·
1175 4974 1453 5045 κεφαλίδι
1477 4973 1724 5039 βιϐλίου

159 5062 465 5131 γέγραπται
498 5066 630 5135 περὶ
661 5067 827 5135 ἐμοῦ,
869 5065 978 5120 τοῦ
1018 5066 1288 5136 ποιῆσαι,
1340 5071 1373 5122 ό
1422 5067 1587 5133 Θεὸς,
1656 5064 1723 5119 τό

159 5154 376 5224 θέλημά
432 5172 571 5212 σου.
614 5156 777 5228 Ὁρᾷς
833 5159 915 5211 ὅτι
966 5159 1020 5212 αἱ
1064 5159 1247 5212 θυσίαι
1280 5157 1630 5229 ὲξεϐἐὸληντο
1676 5157 1722 5189 ³⁸

156 5245 250 5296 καὶ
289 5246 388 5315 πρὸ
416 5247 515 5315 τῆς
545 5246 1048 5327 ἐνανθρωπήσεως;
1076 5248 1231 5302 Μετὰ
1269 5251 1376 5319 γὰρ
1414 5247 1475 5300 τὸ
1496 5246 1723 5300 ἀπώσασ-

159 5335 280 5388 σθαί
334 5355 389 5391 σε
436 5340 534 5401 τὰς
587 5339 800 5404 θυσίας,
860 5340 983 5393 τότε
1037 5337 1191 5394 εἷπον
1224 5340 1335 5409 ἐγὼ
1376 5343 1404 5393 ὁ
1442 5341 1717 5413 Χριστός⁶

166 5424 318 5478 Ἰδοὺ
353 5426 477 5495 ἥκω
513 5427 723 5483 ἕνεκεν
753 5429 859 5484 τοῦ
891 5429 1140 5500 ποιῆσαι
1200 5431 1267 5485 τὸ
1307 5430 1539 5502 θέλημά
1580 5447 1718 5489 σου.

157 5515 370 5588 Θὲλημα
405 5520 459 5573 δὲ
491 5520 585 5574 τοῦ
616 5520 752 5575 Θεοῦ
797 5523 1031 5595 Πατρδς,
1065 5523 1127 5579 τὸ
1161 5522 1255 5578 τὸν
1294 5523 1419 5579 Υίὸν
1459 5525 1598 5595 ὑπὲρ
1624 5525 1719 5579 τοῦ

1829 4596 1935 4649 alia
1965 4593 2110 4647 enim
2141 4604 2237 4661 pro
2270 4594 2515 4658 peccato,
2547 4585 2651 4639 alia
2679 4599 2778 4654 pro
2810 4596 3021 4645 errore,
3056 4580 3160 4634 alia
3190 4578 3405 4638 salutis.

1829 4680 2388 4754 alia'propitiationis,
2412 4679 2517 4731 alia
2546 4687 2819 4739 votorum,
2849 4673 2954 4727 alia
2986 4670 3405 4744 puriﬁcationis.

1829 4774 2023 4830 Omnia
2066 4772 2231 4842 igitur
2271 4769 2487 4826 sublata
2538 4773 2689 4833 sunt,
2738 4772 3027 4836 postquam
3066 4762 3400 4819 sacriﬁcium

1829 4878 1884 4924 et
1910 4850 2242 4920 oblationem
2269 4859 2547 4916 nolueris.

1902 4976 2068 5031 \‘Ens.
2094 4976 2145 5029 7.
2168 4971 2310 5027 Tunc
2335 4969 2450 5023 dixi
2464 4983 2482 5021 :
2509 4967 2643 5021 Ecce
2667 4967 2831 5031 t'euio,
2855 4966 2908 5020 in
2926 4967 3101 5036 capite
3125 4964 3246 5020 libri
3269 4964 3406 5018 acri-

1822 5076 1971 5137 plum
2010 5074 2088 5120 est
2116 5064 2182 5118 de
2215 5079 2317 5126 me,
2340 5071 2398 5116 ut
2426 5060 2649 5131 faciam.
2686 5057 2844 5123 Deus,
2877 5059 3197 5113 voluntatem
3233 5066 3400 5112 tuam.

1823 5157 2237 5214 Animadvertis
2272 5156 2360 5209 hic
2391 5154 2528 5224 legis
2552 5152 2826 5207 sacriﬁcia
2855 5150 3022 5204 etiam
3057 5158 3181 5202 ante
3215 5150 3404 5202 incar-

1825 5251 2103 5305 nationem
2132 5264 2258 5303 essc
2282 5246 2528 5315 rejecta‘!
2561 5246 2699 5298 Cum
2739 5242 2886 5298 enim
2912 5240 3205 5309 repulisses
3229 5239 3405 5293 sacri-

1823 5345 1974 5409 ﬁcia,
2004 5352 2119 5397 tum
2154 5341 2266 5395 dixi
2295 5355 2396 5410 ego
2423 5340 2678 5395 Christus
2706 5356 2721 5392 :
2758 5336 2891 5390 Ecce
2928 5336 3095 5395 venio,
3132 5333 3402 5401 utfaciam

1828 5438 2150 5491 voluntatem
2183 5443 2353 5487 luant.
2378 5430 2660 5485 Voluntas
2724 5436 2906 5483 autem
2942 5424 3037 5481 Dei
3079 5424 3260 5479 Patris
3292 5433 3400 5487 est,

1827 5528 1973 5598 quod
2008 5527 2177 5582 Filius
2208 5541 2305 5596 pro
2347 5524 2552 5579 mmnlo
2606 5521 2942 5602 immoletnr,
2974 5524 3029 5574 et
3061 5526 3119 5572 ut
3147 5515 3403 5573 homines

1492 5708 1693 5770 Variae
1724 5706 2051 5770 lectiones.

223 5798 272 5833 "
300 5801 592 5875 ὲμεμίσητο
612 5821 666 5863 ο.
