3918 6552
167 458 263 523 323

884 449 1296 513 EXPOSITIO
1335 453 1416 513 ΙΝ
1460 450 1696 511 EPIST.
1751 450 1852 510 AD
1889 449 2280 510 IlEBR/EOS.
2314 474 2382 482 —
2423 449 2584 508 CAP.
2612 449 2686 508 X.

3284 445 3390 504 330

168 572 269 630 τοῖς
303 563 464 634 αὐτὴν
485 561 936 634 παραδεχομένοις
958 562 1189 618 Οανάτου
1225 563 1376 617 αἰτία
1397 562 1716 617 καθίστατο.

1843 577 2000 615 ncum
2025 577 2129 614 non
2163 559 2349 625 habet,
2384 559 2479 615 sed
2508 557 2941 627 suscipientibus
2975 557 3146 628 ipsam
3200 545 3404 613 mortis'

168 662 303 730 Λῦτη
319 660 371 714 δὲ
396 657 644 711 τοσοῦτον
663 657 742 717 εἰς
761 654 908 726 ζωὴν
929 655 1106 726 φέρει,
1128 657 1209 710 ὅτι
1228 655 1323 710 καὶ
1343 653 1480 727 αὐτὴ
1505 653 1570 726 ζῇ
1621 654 1718 709 καὶ

167 751 466 816 διαιωνίζει.
512 750 579 803 Ἦ
607 749 688 814 τὸ,
721 747 936 810 ζῶσαν,
977 747 1175 817 ὁμοίως
1200 748 1392 818 νόησον
1416 747 1516 817 τῷ,
1550 747 1718 819 πρόσ-

169 861 342 912 φατον,
371 840 492 894 ἀντὶ
529 841 642 906 τοῦ,
668 841 795 892 νέαν
822 841 916 892 καὶ
946 838 1270 904 θάλλουσαν,
1295 839 1370 903 ὡς
1396 840 1533 908 πρὸς
1569 839 1716 892 ἀντι-

167 936 432 999 διαστολὴν
460 936 559 1004 τῆς
617 936 696 999 εἰς
732 935 802 989 τά
859 934 1068 989 παλαιά
1104 934 1239 1004 ἅγια
1269 935 1496 988 εἰσόδου·
1531 933 1715 1003 ἐκείνη

165 1029 262 1098 γὰρ
289 1025 633 1098 νενέκρωται.

226 1118 320 1170 Διὰ
354 1118 457 1171 τοῦ
483 1113 1035 1186 καταπετάσματος,
1081 1117 1354 1172 τουτέστι
1416 1115 1527 1186 τῆς
1570 1131 1717 1183 σαρ-

164 1210 257 1274 κὸς
273 1210 472 1264 αὐτοῦ.
515 1211 878 1264 Ἑνεκαίνισον
912 1212 1045 1283 ἡμῖν
1081 1209 1180 1279 τὴν
1231 1209 1349 1264 ὁδὸν
1391 1209 1594 1280 ταύτην
1617 1209 1717 1278 τὴν

167 1307 236 1366 εἰς
256 1303 499 1372 οὐρανὸν,
527 1302 615 1356 διὰ
644 1302 740 1373 τῆς
773 1302 976 1374 σαρκὸς
1013 1300 1208 1356 αὐτοῦ’
1233 1302 1322 1355 ὅτε
1350 1299 1458 1371 γὰρ
1483 1299 1626 1371 ῇρθη
1659 1301 1718 1353 ὲν

168 1394 234 1464 τῷ
259 1393 473 1464 σταυρῷ
521 1392 690 1464 αὕτη,
735 1393 831 1448 καὶ
878 1392 1180 1464 ἀνελήφθη,
1215 1392 1337 1446 τότε
1365 1391 1716 1461 ἀπεκάλυψεν

167 1485 283 1551 ἡμῖν
306 1483 372 1536 τά
406 1484 648 1552 οὐράνια.
696 1484 787 1538 Διὸ
843 1485 938 1538 καὶ
991 1485 1265 1555 εὐκαίρως
1315 1484 1717 1554 καταπέτασμα

167 1574 316 1643 αὐτὴν
359 1574 609 1629 ἐκάλεσε.
661 1575 833 1629 Τοῦτο
867 1576 978 1647 γὰρ
1007 1575 1138 1629 ἴδιον
1165 1575 1257 1628 τοῦ
1290 1575 1717 1643 καταπετάσμα-

163 1681 262 1728 τος,
282 1665 357 1731 τὸ,
386 1667 517 1719 ὅταν
544 1667 709 1738 ἀρθῇ,
740 1667 1146 1723 ἀνακαλύπτειν
1171 1668 1236 1721 τά
1263 1667 1431 1722 ἔνδον.

227 1756 327 1808 Καί
376 1757 536 1825 lapsa
592 1758 808 1826 μέγαν,
857 1757 956 1811 ἐπὶ
1006 1758 1116 1812 τὸν
1151 1751 1323 1811 οἶκον
1370 1757 1476 1812 τοῦ
1545 1755 1713 1811 Θεοῦ.

168 1848 400 1916 Ἔχοντες
444 1849 647 1921 δηλαδὴ
697 1849 847 1920 ίερὲα
895 1849 995 1918 μὲν
1031 1848 1123 1902 τὸν
1161 1847 1418 1918 Χριστὸν,
1453 1845 1599 1902 οἶκον
1634 1847 1712 1913 δὲ,

1825 669 1990 708 causa
2023 653 2254 708 exstitit.
2280 655 2408 708 Haec
2431 661 2612 708 autem
2652 651 2791 708 adeo
2819 651 2887 706 ad
2918 653 3079 707 vitam
3104 652 3278 718 ducit,
3337 662 3396 706 nt

1823 754 1876 800 et
1909 747 2024 814 ipsa
2064 745 2209 799 vivnt
2243 753 2297 801 ct
2320 754 2522 801 aeterna
2559 745 2648 801 sit.
2677 742 2798 811 Vel,
2839 746 3111 813 virentem,
3167 744 3395 815 perinde

1827 836 2068 904 intelligo
2099 847 2263 906 atque
2288 845 2582 901 recentem,
2619 850 2720 906 pro
2751 836 2872 892 viva
2919 845 2973 893 et
3027 839 3275 903 florente,
3326 837 3393 891 ad

1825 928 2124 983 discrimen
2151 928 2406 983 introitus
2432 926 2498 982 ad
2517 939 2699 984 vetera
2719 941 2911 986 saneta
2935 948 2946 984 :
2979 939 3228 985 mortuus
3246 930 3390 985 enim

1826 1021 1917 1075 ille
1945 1030 2050 1074 est.

1899 1111 2005 1167 Per
2042 1113 2293 1179 velamen,
2330 1113 2426 1166 hoc
2453 1122 2531 1167 cst
2560 1129 2772 1168 carnem
2823 1130 2998 1168 suam.
3026 1113 3267 1168 lnitiavit
3295 1130 3395 1168 no-

1825 1205 1911 1262 bis
1939 1207 2083 1261 viam
2117 1207 2260 1262 hanc
2318 1207 2386 1262 ad
2422 1207 2594 1264 ctelos
2649 1208 2962 1270 ducentem,
3022 1222 3119 1277 per
3171 1223 3394 1262 carnem

1825 1314 2003 1355 suam.
2030 1299 2262 1366 Quando
2300 1302 2446 1356 enim
2479 1301 2532 1356 in
2564 1315 2784 1356 erucem
2827 1314 2956 1355 caro
2990 1299 3204 1354 sublata
3253 1309 3392 1363 erat,

1825 1401 1878 1446 et
1917 1393 1970 1446 in
2003 1393 2201 1447 coelum
2233 1402 2473 1464 recepta,
2500 1402 2614 1449 tum
2656 1393 2916 1448 revelavit
2944 1391 3103 1447 nobis
3125 1393 3393 1448 cwlestia.

1824 1483 2120 1555 Propterea
2151 1495 2205 1540 et
2236 1496 2543 1556 opportune
2606 1486 2857 1541 velamen
2914 1500 3033 1541 eam
3076 1486 3392 1556 appellavit.

1824 1576 1971 1632 Istud
2001 1579 2146 1634 enim
2175 1579 2456 1649 proprium
2487 1588 2571 1634 est
2615 1577 2930 1645 velamenti,
2963 1587 3021 1632 ut
3051 1593 3177 1633 cum
3214 1593 3396 1634 remo-

1825 1679 1940 1724 tum
1976 1669 2159 1738 fuerit,
2191 1672 2392 1726 revolet
2417 1687 2538 1741 quae
2577 1672 2687 1727 sint
2717 1673 2884 1727 intus.

1897 1760 2062 1817 Vens.
2091 1763 2180 1818 21.
2215 1761 2284 1816 Et
2304 1763 2630 1818 sacerdotem
2680 1778 2927 1831 magnum
2974 1779 3131 1831 super
3181 1763 3397 1818 domum

1826 1849 1946 1905 Dei.
1988 1849 2266 1908 [labentes
2293 1853 2544 1908 videlicet
2573 1853 2918 1908 sacerdotem
2961 1854 3179 1924 quidem
3232 1854 3396 1910 Chri-

167 1937 294 2007 ἡμᾶς
321 1939 443 2003 τοὺς
476 1940 726 2004 πιστοὺς,
749 1940 890 1994 κατὰ
929 1939 1018 1992 τό·
1065 1940 1392 2008 Ἐνοικήσω
1418 1939 1488 1992 ἐν
1517 1940 1720 2004 αὐτοῖς

1842 1947 2010 2008 stum;
2045 1945 2266 1997 domum
2310 1960 2461 2008 vero,
2519 1960 2622 2001 nos
2653 1944 2861 2010 ﬁdeles,
2888 1917 3042 2014 juxta
3081 1946 3214 2002 illud
3250 1965 3264 2002 :
3301 1946 3397 2002 In-

168 2027 249 2081 καί
273 2029 753 2103 ἐμπεριπατήσῳ.
786 2030 855 2085 Ἦ
887 2031 1025 2101 ὅπερ
1052 2026 1207 2102 οἶμαι
1240 2031 1462 2100 μᾶλλον,
1488 2032 1577 2086 τὸν
1629 2035 1723 2087 οὐ·

172 2121 310 2188 ρινόν
329 2136 342 2150 °
377 2123 589 2175 ἐκεῖνον
633 2123 742 2194 γὰρ
773 2123 867 2177 καὶ
892 2123 1061 2192 ’Ἅγια
1109 2123 1284 2191 καλεῖ,
1315 2125 1409 2178 καὶ
1439 2126 1496 2178 ὲν
1530 2124 1723 2195 ἐκείνῳ

168 2213 476 2283 λειτουργεῖν
501 2214 599 2269 τὸν
652 2215 940 2287 ’Δρχιερέα
969 2216 1140 2284 λέγει,
1172 2215 1314 2288 ὑπὲρ
1342 2218 1373 2287 ἡ
1383 2216 1504 2286 μῶν
1529 2219 1724 2287 ἐντυγ-

167 2320 395 2372 χανοντα.

233 2397 714 2468 Προσερχώμεθα.
738 2401 782 2454 Τ
788 2399 891 2467 ἔνι,
917 2402 982 2472 τῇ
1012 2400 1212 2467 πίστει,
1246 2401 1340 2456 καὶ
1365 2403 1432 2473 τῇ
1474 2417 1724 2472 πνευμα·

171 2492 278 2560 τικῇ
307 2490 529 2563 λατρεία
559 2510 575 2526 ο
632 2492 666 2562 ἢ
725 2491 806 2566 τῷ
858 2491 1099 2565 οὐρανῷ,
1154 2492 1284 2547 ἔνθα
1336 2493 1366 2547 ὁ
1407 2492 1724 2565 Ἀρχιερεὺς

171 2581 326 2650 ἡμῶν.

229 2672 375 2726 Μετὰ
427 2673 730 2744 ἀληθινῆς
809 2676 1077 2746 καρδίας.
1140 2675 1432 2730 Τουτέστιν
1503 2674 1715 2740 ἀδόλου,

175 2765 506 2837 ἀνυποκρίτου
568 2769 704 2841 πρὸς
751 2768 880 2832 τοὺς
933 2770 1234 2840 ἀδελφοὺς,
1290 2769 1324 2840 ἢ
1375 2767 1722 2833 ἀδιστάκτου,

180 2855 320 2924 μηδὲν
349 2857 820 2930 ἁμφιϐαλλούσης,
849 2861 1017 2932 μηδὲν
1053 2860 1436 2931 ἐνδοιαζούσης
1466 2858 1726 2930 περὶτῶν

179 2947 472 3016 μελλόντων,
525 2951 625 3004 καὶ
663 2951 751 3006 διὰ
781 2951 941 3006 τοῦτο
987 2951 1454 3024 μικροψυχοπηςο
1496 2950 1725 3018 Ἐπάγει

175 3034 252 3092 οὖν
281 3055 296 3069 ’

245 3133 336 3186 Ἔν
375 3133 755 3201 πληροφορίᾳ
799 3133 1081 3200 πίστεως.
1127 3135 1378 3190 Διδάσκει
1417 3137 1563 3209 ἡμᾶς
1610 3140 1728 3204 πῶς

179 3223 228 3276 οὗ
263 3225 759 3295 μικροψυχήσομεν,
815 3224 911 3278 ἐὰν
953 3225 1329 3296 πληροφορίαν
1378 3227 1595 3301 ἔχωμεν
1638 3232 1724 3283 πί·
1753 3257 1798 3318 C

182 3334 344 3381 στεως,
377 3320 649 3382 τουτέστι,
703 3317 883 3371 πίστιν
930 3319 1352 3390 ἀπηρτισμένην
1394 3323 1489 3374 καὶ
1524 3323 1728 3376 τελειο-

179 3408 345 3478 τάτην.
383 3409 542 3461 Ἔστι
571 3409 680 3478 γὰρ
706 3407 984 3461 πιστεύειν
1009 3409 1131 3478 μὲν,
1169 3409 1270 3462 οὐκ
1294 3412 1352 3462 ὲν
1382 3410 1726 3484 πληροφορίᾳ

179 3498 242 3553 δέ.
269 3502 464 3572 Ὠσπερ
494 3499 644 3562 τινὲς
678 3499 950 3568 λέγουσιν,
980 3501 1062 3553 ὅτι
1091 3501 1250 3556 ὲνίων
1283 3502 1384 3572 μὲν
1417 3502 1568 3556 ἔσται
1597 3505 1726 3558 ἀνά-

183 3609 360 3657 στασις,
398 3593 567 3646 τινῶν
598 3592 654 3646 δὲ
681 3593 780 3646 οὐκ
808 3591 960 3646 ἔσται
982 3609 996 3624 ·
1036 3592 1196 3647 τοῦτο
1228 3595 1328 3648 οὐκ
1367 3593 1484 3648 ἔστι
1510 3597 1726 3668 πλήρης

185 3679 356 3745 πίστις,
400 3682 516 3736 ἀλλ’
571 3681 792 3752 ἀτελής.
833 3681 922 3734 Ἐν
966 3680 1310 3754 πληροφορίᾳ
1354 3677 1448 3736 οὖν
1487 3681 1726 3746 πίστεως

185 3772 609 3844 προσερχώμεθα.
670 3772 888 3843 Ἐπειδὴ
940 3771 1048 3844 γὰρ
1095 3771 1248 3826 οὐδέν
1296 3773 1443 3825 ἐστιν
1505 3773 1723 3843 ὁρατὸν,

183 3860 286 3915 οὒτε
314 3866 339 3917 ὁ
368 3865 487 3928 ναὸς
523 3867 556 3917 ὀ
585 3863 836 3934 οὐρανὸς,
869 3863 996 3918 οὔτε
1025 3865 1052 3916 ὁ
1085 3865 1380 3935 ἀρχιερεὺς
1409 3866 1438 3918 ὁ
1467 3865 1722 3936 Χριστὸς,

184 3953 298 4008 ἀλλὰ
319 3956 644 4027 κέκρυπται,
689 3955 876 4028 ὥσπερ
916 3958 1010 4010 καὶ
1037 3957 1098 4009 τὸ
1125 3955 1354 4010 παλαιὸν
1383 3958 1410 4010 ὁ
1429 3957 1724 4029 ἀρχιερεὺς

185 4041 539 4115 ἀπεκρύπτετο
570 4045 851 4112 εἰσελθὼν,
893 4046 983 4100 διὰ
1026 4045 1186 4101 τοῦτο
1217 4045 1301 4101 δεῖ
1343 4047 1582 4112 πίστεως
1627 4065 1725 4102 πε-

189 4131 522 4207 πληρωμένης
556 4135 655 4190 καὶ
685 4135 1036 4191 ἀδιστὰκτου.

255 4409 720 4482 Ὲρῤαντισμένοι
751 4411 860 4479 τὰς
891 4409 1134 4480 καρδίας
1168 4410 1285 4466 ἀπὸ
1317 4410 1724 4482 συνειδήσεως

1825 2031 2080 2088 habitabo
2100 2034 2156 2088 in
2187 2035 2339 2104 ipsis,
2361 2045 2411 2090 et
2448 2035 2789 2093 inambuIabo
2824 2035 2878 2089 in
2927 2040 3032 2095 eis.
3094 2039 3210 2106 Vel,
3248 2041 3394 2112 quod

1826 2141 1953 2182 reor
1983 2141 2105 2182 esse
2137 2128 2342 2197 potius,
2375 2127 2572 2184 cmlum
2605 2148 2618 2184 :
2656 2131 2787 2187 illud
2819 2133 2964 2188 enim
2992 2141 3044 2189 ct
3076 2143 3265 2190 sancta
3299 2151 3398 2205 ap-

1824 2216 2012 2285 pellat,
2049 2226 2103 2272 et
2133 2216 2187 2272 in
2211 2231 2278 2273 eo
2307 2217 2622 2274 Pontiﬁcem
2647 2219 2958 2278 ministrare
2985 2223 3134 2288 dicit,
3173 2241 3271 2295 pro
3301 2241 3397 2281 no-

1827 2305 1912 2362 bis
1946 2305 2198 2362 videlicet
2227 2307 2638 2364 intercedendo.

1899 2395 2065 2454 \'Ens.
2101 2398 2190 2453 22.
2230 2398 2578 2456 Accedamus.
2611 2402 2692 2458 Ad
2717 2403 2847 2474 quid
2867 2405 2891 2458 ?
2910 2405 2988 2460 Ad
3014 2407 3170 2463 ﬁdem
3203 2419 3255 2465 et
3282 2411 3396 2482 spi-

1826 2490 2082 2543 ritualem
2131 2490 2339 2546 cultum
2377 2493 2503 2548 :vel
2536 2493 2604 2549 ad
2654 2496 2881 2562 coelum,
2935 2499 3026 2554 ubi
3073 2511 3260 2558 noster
3313 2512 3400 2559 est

1825 2581 2093 2638 Pontifex.

1900 2673 2063 2745 725
2092 2675 2226 2730 Cum
2261 2693 2378 2732 vero
2405 2680 2578 2734 corde.
2609 2679 2724 2738 Hoc
2746 2692 2851 2748 est,
2877 2693 3100 2756 experte
3121 2686 3254 2752 doli,
3287 2703 3397 2744 non

1829 2768 2014 2822 fneato
2073 2785 2196 2840 erga
2231 2770 2476 2840 fratres,
2543 2775 2629 2830 vel
2690 2776 2826 2831 nihil
2887 2777 3194 2844 lmsitante,
3264 2782 3400 2837 nihil

1829 2859 2164 2932 ambigente,
2224 2862 2360 2918 nihil
2411 2866 2698 2923 dubitante
2753 2868 2820 2925 de
2877 2869 3098 2938 futuris,
3155 2889 3219 2929 ac
3281 2891 3404 2946 pro-

1827 2960 2018 3022 pterea
2059 2953 2112 3008 in
2174 2955 2691 3025 pusillanimitatem
2739 2960 3042 3018 recidente.
3094 2962 3260 3019 Infert
3300 2965 3410 3038 i52-

1829 3053 1953 3100 tur:

1899 3135 1967 3191 In
1995 3135 2326 3206 plenitudine
2362 3139 2508 3208 ﬁdei.
2553 3138 2724 3196 Docet
2775 3156 2878 3198 nos
2917 3159 3027 3214 quo
3084 3151 3243 3214 pacto
3292 3159 3400 3200 non

1834 3224 2007 3280 simus
2029 3225 2363 3295 desponsuri
2385 3227 2652 3294 animum,
2686 3244 2904 3300 nempe,
2946 3230 2992 3286 si
3015 3230 3139 3286 ﬁdei
3165 3231 3403 3302 plenitu-

1835 3317 2015 3370 dinem
2055 3317 2432 3383 habuerimus,
2486 3319 2586 3373 hoc
2619 3329 2724 3384 est,
2767 3320 2926 3376 ﬁdem
2965 3331 3402 3379 consummatam

1833 3413 1886 3461 et
1927 3405 2414 3476 perfectissimam.
2442 3404 2574 3462 Nam
2614 3407 2734 3464 ﬁeri
2779 3417 2962 3480 potest
2993 3419 3054 3466 ut
3106 3411 3400 3481 quisquam

1833 3495 2043 3560 credat,
2072 3511 2184 3552 non
2223 3507 2402 3553 tamen
2438 3498 2492 3552 in
2518 3499 2855 3568 plenitudine
2889 3517 2905 3557 :
2937 3502 3400 3570 quemadmodum

1833 3586 2088 3641 nonnulli
2128 3586 2319 3642 dicunt
2347 3587 2708 3658 quorumdam
2754 3589 2997 3645 futuram
3033 3596 3402 3649 resurrcCtio-

1833 3695 1982 3746 nem,
2018 3679 2383 3750 quorumdam
2434 3694 2568 3735 vero
2619 3695 2728 3736 non
2781 3681 3042 3740 futuram.
3090 3683 3214 3741 lltec
3269 3702 3402 3743 sane

1831 3784 1943 3825 non
1970 3777 2057 3825 est
2101 3769 2259 3838 plena
2287 3767 2444 3836 ﬁdes,
2475 3769 2570 3825 sed
2601 3769 2937 3840 imperfecta.
2969 3773 3028 3828 In
3063 3773 3405 3843 plenitudine

1833 3863 1999 3935 igitur
2035 3861 2157 3918 ﬁdei
2191 3861 2538 3919 accedamus.
2573 3863 3027 3935 Quandoquidem
3069 3867 3214 3922 enim
3264 3868 3403 3924 nihil

1834 3955 2015 4012 oculis
2065 3955 2274 4012 nostris
2333 3955 2644 4026 subjectum
2716 3966 2822 4023 est,
2895 3973 3073 4029 neque
3139 3961 3401 4031 templum

1833 4034 2012 4117 ipsum
2044 4045 2268 4111 caelum,
2303 4060 2479 4116 neque
2511 4046 2754 4116 pontifex
2777 4045 3052 4112 Christus,
3085 4048 3179 4104 sed
3217 4049 3402 4104 abdita

1832 4146 1986 4205 sunt,
2027 4138 2107 4191 uti
2135 4137 2263 4193 olim
2291 4135 2538 4208 pontifex
2583 4137 2866 4208 ingressus
2905 4137 2962 4193 in
2990 4148 3182 4194 sancta
3214 4139 3404 4193 occul-

1833 4231 2053 4286 tabatur
2081 4248 2096 4298 ;
2129 4240 2415 4301 propterea
2454 4243 2592 4300 opus
2614 4237 2701 4286 est
2752 4230 2857 4286 ﬁde
2885 4231 3128 4302 perfecta
3157 4241 3210 4287 et
3238 4232 3399 4287 indu-

1832 4322 2024 4378 bitata.

1904 4413 2121 4482 Aspersi
2161 4410 2324 4466 corda
2352 4427 2387 4465 a
2414 4411 2737 4464 conscientia
2789 4410 2954 4464 mala.
2990 4412 3126 4466 Cum
3177 4413 3247 4468 de
3297 4413 3402 4468 ﬁde

188 4503 442 4571 πονηρᾶς.
487 4507 676 4558 Εἰπὼν
719 4504 848 4574 περὶ
889 4503 1145 4568 πίστεως,
1185 4503 1424 4557 δείκνυσι
1465 4504 1580 4571 νῦν,
1642 4507 1724 4560 ὃτι

1842 4511 2060 4566 locutus
2087 4515 2256 4570 esset,
2284 4517 2430 4559 nunc
2459 4501 2700 4558 ostendit
2727 4517 2833 4556 non
2865 4501 3034 4556 solam
3067 4501 3252 4565 ﬁdem,
3305 4519 3402 4558 ve-

189 4592 238 4642 οὑ
266 4594 429 4660 πίστις
461 4599 626 4666 μόνη,
678 4597 815 4650 ἀλλά
845 4597 942 4650 καὶ
991 4594 1104 4665 βίος
1152 4596 1404 4667 ἐνάρετος
1456 4595 1724 4668 ζητεῖται.

1842 4617 1956 4657 rum
1983 4599 2145 4656 etiam
2164 4598 2330 4652 vitam
2373 4594 2665 4650 virtutibus
2691 4604 2938 4650 ornatam
2977 4595 3201 4664 requiri.
3225 4593 3402 4650 Judaei

199 4683 410 4738 Ἰουδαῖοι
454 4687 554 4756 μὲν
603 4682 696 4740 οὖν
744 4687 804 4740 τὸ
847 4685 1008 4756 σῶμα
1046 4686 1450 4756 ὲῤῥαντίζοντο,
1479 4689 1636 4758 ἡμεῖς
1670 4689 1725 4742 δὲ

1842 4691 2056 4763 quidem
2087 4701 2318 4758 corpore
2349 4685 2875 4755 conspergebantur,
2910 4698 3010 4738 nos
3057 4698 3188 4738 vero
3214 4685 3401 4750 corde,

189 4776 269 4838 τὰς
309 4779 548 4848 καρδίας,
579 4779 721 4833 ὥστε
761 4780 926 4849 μηδὲν
957 4781 1170 4841 ἑαυτοῖς
1217 4780 1518 4834 συνειδέναι
1549 4799 1717 4851 πονη-

1842 4793 1896 4839 ut
1935 4781 2071 4837 nihil
2096 4779 2221 4834 mali
2257 4777 2415 4833 nobis
2459 4777 2666 4831 conscii
2707 4775 2901 4832 simus.
2965 4774 3404 4847 Conspcrgetnur

197 4867 288 4932 ρὸν.
331 4869 826 4941 Ῥαντισθησόμεοα
859 4871 913 4923 δὲ
947 4871 1088 4941 αὐτῇ
1121 4873 1188 4940 τῇ
1222 4872 1412 4942 ἀρετῇ,
1447 4872 1478 4941 ἢ
1526 4871 1622 4925 καὶ
1661 4873 1725 4942 τῇ

1842 4883 2015 4928 autent
2047 4880 2098 4926 et
2133 4871 2252 4940 ipsa
2283 4870 2504 4932 virtute,
2539 4867 2625 4922 vel
2669 4867 2843 4938 gratia
2893 4867 3158 4937 Spiritus,
3190 4869 3281 4938 qui
3319 4884 3407 4922 re-

193 4959 346 5026 χὰριτι
393 4963 484 5015 τοῦ
538 4963 878 5032 Πνεῦματος,
925 4963 1019 5016 τοῦ
1061 4964 1313 5030 ἀφιέντος
1358 4967 1490 5034 ἡμῖν
1537 4966 1595 5018 ἐν
1653 4966 1732 5036 τῷ

192 5047 374 5123 λουτρῷ
401 5056 496 5116 τὰς
544 5055 842 5124 ἁμαρτίας,
879 5055 974 5108 καὶ
1015 5055 1418 5124 ὶνισχύσαντος,
1461 5055 1601 5110 ὥστε
1636 5059 1731 5112 ὲάν

197 5143 575 5215 σπουδάσωμεν,
608 5147 803 5216 μηκέτι
833 5149 944 5208 τοῖς
980 5146 1165 5209 αὐτοῖς
1195 5147 1566 5216 περιπίπτειν.

251 5236 345 5288 Kal
391 5238 742 5307 λελουμένοι
800 5238 865 5290 τὸ
917 5238 1089 5306 σῶμα
1143 5236 1314 5290 ῦδατι
1353 5241 1527 5305 καθαί
1541 5238 1606 5304 ᾧ.
1643 5239 1733 5310 Τῷ

194 5320 274 5372 τοῦ
330 5325 733 5397 βαπτίσματοςο
786 5327 1014 5398 καθαρῷ
1066 5328 1164 5392 δὲ,
1231 5329 1265 5395 ἦ
1325 5327 1400 5398 τῷ
1461 5329 1734 5401 καθαροὺς

197 5411 430 5481 ποιοῦντι,
457 5416 490 5486 ἢ
515 5419 592 5488 τῷ
626 5416 708 5488 μὴ
743 5416 918 5488 ἔχοντι
939 5413 1080 5488 αἷμα
1116 5417 1540 5487 μεμιγνυμένον,
1565 5420 1639 5485 ὡς
1669 5421 1730 5473 τὸ

197 5502 398 5556 παλαιὸν
422 5507 480 5558 τὸ
501 5510 594 5577 τῆς
625 5507 842 5563 σποδοῦ.
871 5507 933 5560 Εἰ
961 5509 1101 5577 τάχα
1131 5508 1238 5577 γὰρ
1271 5508 1304 5577 ἠ
1337 5508 1395 5560 ὲν
1415 5507 1492 5578 τῷ
1522 5508 1728 5581 λουτρῷ

199 5592 332 5661 χάρις
367 5597 456 5650 τοῦ
486 5600 796 5670 Πνεύματος
838 5601 931 5652 καὶ
963 5599 1140 5669 ψυχὰς
1187 5599 1458 5672 καθαίρει,
1492 5602 1638 5672 ὅμως
1672 5605 1732 5656 τὸ

198 5684 365 5752 ὁρατὸν
419 5690 494 5756 τῷ
549 5689 728 5762 ὁρατῷ
749 5692 799 5724 ⁸⁸
859 5690 1089 5744 ἐνταῦθα
1148 5690 1360 5756 Παῦλος
1415 5693 1729 5758 συνέταξεν.

1840 4965 1991 5020 misit
2041 4963 2199 5018 nobis
2232 4962 2287 5015 in
2316 4961 2642 5030 baptismate
2677 4968 2921 5028 peccata,
2967 4970 3028 5014 et
3071 4961 3403 5016 confortavit

1840 5071 1962 5120 nos,
1994 5062 2054 5108 ut
2086 5053 2132 5108 si
2165 5052 2406 5106 animum
2448 5050 2869 5118 adverterimus,
2913 5065 3020 5106 non
3054 5067 3220 5122 porro
3255 5053 3307 5104 in
3337 5069 3402 5108 ea

1833 5145 2161 5202 recidamus.

1907 5236 2075 5292 Vens.
2108 5236 2200 5289 25.
2238 5233 2305 5285 Et
2330 5232 2501 5286 abluti
2532 5248 2721 5302 corpus
2757 5250 2895 5304 aqua
2914 5248 3068 5302 pura.
3098 5232 3404 5303 Baptisma-

1838 5331 1904 5384 tis
1937 5330 2147 5384 scilicet
2186 5345 2198 5380 :
2230 5342 2362 5396 pura
2413 5339 2566 5392 vero,
2602 5325 2685 5380 vel
2736 5327 2878 5394 quod
2911 5341 3079 5395 puros
3140 5325 3289 5392 facit,
3319 5326 3407 5381 vel

1841 5421 1985 5492 quod
2017 5436 2122 5474 non
2177 5422 2371 5472 haheat
2403 5417 2706 5471 admixtum
2761 5417 3102 5486 sanguinem,
3161 5425 3223 5471 ut
3273 5417 3406 5473 olim

1838 5517 2054 5571 cinerea
2086 5513 2202 5566 illa.
2234 5512 2348 5566 Etsi
2394 5510 2539 5566 enim
2590 5508 2762 5579 gratia
2823 5505 3061 5576 Spiritus
3099 5509 3155 5564 in
3189 5509 3403 5580 baptis-

1842 5616 1984 5660 mate
2015 5606 2227 5658 animas
2283 5611 2496 5671 purget,
2547 5598 2762 5654 visibile
2813 5609 2995 5653 tamen
3056 5599 3145 5654 hic
3203 5601 3408 5656 visibili

1842 5692 2042 5747 Paulus
2062 5689 2363 5761 conjunxit.
2413 5686 2692 5757 Siquidem
2748 5687 2803 5742 in
2861 5687 2981 5757 ipso
3045 5701 3146 5742 usu
3197 5687 3408 5758 baptis-

1556 5811 1758 5872 Yarite
1791 5810 2118 5873 lectiones.

260 5871 509 5947 ³⁶ὰοράτῳ
536 5894 587 5932 o.

454 5975 724 6036 PATROL.
775 5976 894 6037 Gn.
927 5977 1174 6040 CXXV.

2985 5970 3049 6033 li
