3918 6576
470 426 581 493 331

1412 420 1993 487 TIIEOPHYLA'CTI
2036 420 2451 485 BULGARI/E
2477 419 2833 483 ARCHIEP.
3611 424 3693 485 339.

478 543 683 603 matis,
762 542 1010 616 corporis
1084 555 1252 597 causa
1331 555 1474 611 aqua
1531 540 1854 596 assumitur.
1923 539 2058 596 Cum

2187 537 2330 592 Ἐπεὶ
2355 536 2451 593 καὶ
2484 538 2542 591 ὲν
2578 536 2716 607 αὐτῇ
2754 539 2819 609 τῇ
2860 535 3020 609 χρείᾳ
3057 532 3153 589 τοῦ
3203 533 3582 606 βαπτέσματος,
3621 534 3694 589 τοῦ

483 637 631 690 enim
661 650 758 690 nos
790 635 994 705 gemini
1037 636 1235 703 simus,
1272 634 1489 705 gemina
1533 634 1698 690 etiam
1746 633 2056 705 puriﬁcatio

469 732 585 780 ‘CSL

552 818 839 872 Teneamus
881 816 993 887 spei
1030 816 1411 886 confessionem
1449 819 1745 872 immotam.
1803 814 1914 871 lloc
1951 824 2056 883 est,

479 926 641 979 quam
672 909 901 978 professi
937 924 1130 965 sumus
1155 925 1329 980 spem,
1362 926 1482 967 eam
1517 911 1857 966 retineamus
1886 909 2059 962 stabi-

484 1004 610 1058 lem.
649 1003 1004 1071 Speravimus
1036 1006 1178 1059 enim
1216 1006 1268 1058 in
1303 1005 1577 1076 principio
1617 1005 1763 1069 ﬁdei,
1814 1003 1960 1075 quod
2006 1010 2061 1057 et

484 1096 585 1163 ipsi
616 1096 815 1149 cwlum
867 1097 1171 1166 ingressuri
1206 1099 1382 1153 simus
1416 1115 1430 1150 :
1467 1108 1520 1153 et
1577 1095 1810 1169 professi
1846 1110 2057 1157 sumus.

422 1192 429 1263 ξ
481 1189 701 1255 quando
764 1188 942 1243 ftedus
1012 1187 1138 1243 ﬁdei
1195 1190 1550 1255 feriebamus,
1605 1189 2061 1244 resurrectionem

484 1290 827 1335 mortuorum
861 1297 963 1335 nos
995 1281 1243 1345 credere,
1279 1290 1335 1336 et
1389 1283 1557 1337 vitam
1590 1290 1876 1338 aeternam.
1909 1278 2062 1334 lianc

486 1371 651 1441 igitur
678 1373 1083 1430 confessionem
1130 1375 1486 1430 retineamus.

563 1552 769 1608 Fidelis
804 1554 941 1608 enim
974 1565 1048 1610 est
1074 1556 1165 1625 qui
1191 1557 1458 1624 promisit.
1505 1555 1664 1612 Vires
1700 1555 1863 1612 nobis
1899 1555 2065 1627 largi-

494 1654 583 1698 tur
607 1643 685 1697 uti
710 1658 861 1712 spem
892 1643 1101 1697 ﬁrmam
1136 1653 1453 1710 teneamus;
1505 1658 1721 1714 nempe,
1751 1643 1798 1698 si
1831 1642 2067 1712 dignita-

492 1744 601 1790 tem
642 1733 763 1804 ejus
791 1734 885 1804 qui
922 1735 1193 1804 promisit,
1227 1735 1411 1789 animo
1437 1734 1863 1805 perpendamus.
1902 1732 2065 1787 Fide-

491 1825 561 1901 lis
581 1826 722 1880 enim
743 1832 851 1891 est,
872 1823 977 1879 hoc
1000 1830 1084 1879 est
1132 1840 1316 1890 verus,
1340 1825 1457 1895 ipSe
1481 1823 1736 1879 Christus
1753 1823 1845 1894 qui
1889 1822 2065 1879 dixit:

490 1912 594 1967 Ubi
625 1930 717 1985 ego
751 1931 889 1981 sum,
911 1922 962 1968 et
985 1914 1230 1967 minister
1256 1929 1401 1967 meus
1435 1913 1557 1967 erit.

560 2005 729 2061 Vens.
759 2004 852 2059 24.
890 2004 959 2059 Et
987 2004 1379 2060 consideremus
1409 2021 1504 2058 nos
1545 2014 1729 2058 mutuo
1773 2006 1848 2058 ad
1875 2019 2066 2073 provo-

488 2101 750 2153 cationem
782 2099 1072 2152 charitatis
1114 2108 1163 2152 et
1197 2096 1457 2154 bonorum
1493 2113 1729 2166 operum.
1769 2096 2070 2153 Charitatis

490 2190 889 2260 perfectionem
945 2186 1120 2242 addit.
1156 2185 1566 2243 Consideremus
1620 2188 1796 2255 enim,
1857 2187 2061 2258 inquit,

490 2298 586 2334 nos
624 2290 825 2346 mutuo,
855 2278 961 2334 hoc
993 2287 1099 2343 est,
1131 2279 1297 2350 726
1322 2278 1707 2350 inspiciamus,
1738 2280 1785 2335 si
1815 2280 1940 2350 quis
1962 2280 2072 2332 vir-

496 2381 610 2426 tute
641 2369 900 2439 insignis,
933 2378 993 2422 ut
1020 2368 1168 2422 hunc
1228 2367 1550 2424 imitemur:
1585 2383 1694 2423 non
1729 2375 1789 2423 ut
1830 2367 2072 2423 invidea-

490 2452 618 2519 tuus
659 2462 731 2526 ei,
764 2461 861 2517 sed
894 2461 1078 2532 potius
1111 2466 1171 2513 ut
1221 2460 1536 2527 incitemur,
1600 2471 1659 2516 ut
1704 2459 1894 2516 eadem
1943 2473 2068 2514 cum

490 2558 617 2629 ipso
645 2569 814 2626 opera
879 2551 1254 2623 perﬁciamus.
1286 2573 1290 2577 ·
1321 2549 1652 2607 Provocatio
1712 2559 1897 2608 autem
1958 2549 2074 2605 haec

493 2648 785 2707 charitatis
815 2654 922 2711 est,
949 2660 1061 2701 non
1097 2642 1338 2698 invidiae.
1373 2643 1444 2701 Ut
1474 2645 1620 2700 enim
1653 2643 1865 2700 ferrum
1924 2643 2072 2697 ferro

492 2743 782 2798 exacuitur
817 2759 830 2796 :
866 2741 949 2798 sic
972 2741 1154 2797 anima
1181 2755 1305 2796 cum
1351 2737 1533 2793 anima
1562 2733 1951 2792 commercium
1974 2733 2074 2786 ha-

490 2835 653 2899 bens,
713 2832 780 2890 ad
833 2834 1021 2889 eadem
1084 2833 1260 2903 ipsam
1309 2830 1535 2896 incitat,
1578 2818 1958 2882 verumtamen
2019 2822 2073 2877 in

490 2923 784 2978 charitate.
806 2921 904 2978 Vel
922 2919 1322 2977 eonversemini
1344 2927 1555 2984 mutuo,
1577 2911 2075 2987 quoaccendamini

498 3024 555 3067 ut
607 3024 799 3067 mutuo
834 3011 1079 3083 diligatis
1106 3020 1161 3067 et
1199 3010 1524 3078 diligamini.

567 3100 739 3158 Vens.
768 3102 861 3157 25.
892 3104 1012 3158 Non
1058 3102 1357 3156 deserentes
1391 3099 1754 3155 collectionem
1808 3106 2072 3151 nostram.

493 3192 1046 3264 Compertumhabet,
1086 3201 1414 3248 conventum
1442 3197 1688 3245 mutuum
1723 3188 2072 3242 dilectionem

499 3300 765 3358 generare
805 3301 821 3340 :
854 3285 978 3341 ideo
1009 3292 1197 3340 monet
1233 3298 1329 3339 eos
1363 3298 1431 3338 ne
1481 3282 1743 3338 omittant
1780 3281 1925 3335 inter
1950 3294 2071 3336 sese
2100 3253 2147 3315 ί)

499 3374 844 3448 congregari,
864 3391 1045 3443 neque
1057 3376 1438 3446 separationes
1453 3383 1506 3428 et
1521 3372 1884 3428 conciliabula
1906 3386 2074 3442 prava

499 3470 823 3528 moliantur.
887 3466 987 3523 Ubi
1042 3468 1186 3523 enim
1238 3476 1362 3521 sunt
1420 3466 1527 3521 duo
1579 3465 1658 3520 rel
1708 3473 1813 3519 tres
1855 3480 2077 3535 congre-

494 3562 628 3632 gati,
654 3562 766 3616 illic
790 3578 909 3617 sum
939 3561 994 3616 in
1022 3560 1192 3616 medio
1210 3576 1395 3616 eorum
1415 3560 1484 3617 ”.
1530 3558 1673 3626 Quin
1698 3559 1862 3615 etiam
1889 3558 2077 3614 Eccle-

496 3653 593 3707 siae
614 3653 791 3708 oratio
822 3652 1045 3708 Petrum
1097 3666 1129 3706 a
1168 3652 1405 3710 vinculis
1459 3651 1649 3719 solvit,
1679 3661 1736 3708 et
1782 3665 1814 3706 a
1855 3663 2078 3706 carcere

493 3742 769 3799 liberavit.

569 3832 721 3889 Sicut
739 3834 1138 3889 consuetudinis
1155 3844 1230 3888 est
1250 3834 1589 3904 quibusdam.
1611 3831 1713 3886 Hie
1734 3839 1958 3888 accusat
1980 3845 2079 3888 eos

497 3925 595 3994 qui
625 3924 695 3978 ab
731 3923 976 3981 Ecclesia
1005 3931 1356 3994 separantur.

572 4018 680 4072 Sed
708 4015 1046 4072 consolantes
1069 4031 1155 4070 vos
1192 4016 1356 4086 ipsos.
1390 4013 1503 4070 Hoc
1539 4022 1643 4077 est,
1687 4023 1745 4069 ut
1769 4023 1959 4070 mutuo
1998 4014 2079 4069 al-

499 4119 585 4164 ter
615 4108 775 4164 alteri
825 4107 948 4164 sitis
997 4107 1216 4173 solatio,
1256 4106 1618 4162 admonentes
1654 4119 1756 4161 vos
1808 4104 2075 4170 vicissim,

500 4217 565 4256 ac
598 4200 887 4266 docentes,
921 4210 977 4254 et
1004 4199 1384 4265 consolantes,
1417 4213 1484 4252 ac
1511 4197 1759 4253 levamen
1806 4197 2075 4251 malorum

497 4293 897 4362 impertientes.
937 4290 1134 4346 Frater
1189 4292 1328 4346 enim
1358 4306 1391 4344 a
1426 4290 1597 4360 fratre
1642 4289 1886 4359 adjutus,
1923 4290 2080 4361 quasi

495 4385 682 4440 civitas
711 4386 871 4456 ﬁrma
902 4384 971 4441 “.

492 4543 499 4548 ‘
571 4477 650 4532 Ac
685 4486 833 4530 tanta
858 4476 1053 4546 magis,
1082 4483 1282 4547 quanto
1326 4472 1517 4529 uidetis
1566 4472 2081 4543 appropinquantem

2164 631 2419 701 σώματος
2469 631 2631 683 ἕνεκα
2680 628 3177 700 παραλαμϐάνεται
3211 625 3273 680 τὸ
3323 626 3484 698 ὕδωρ.
3528 627 3697 681 Διττιῖιν

2162 726 2270 798 γὰρ
2305 724 2475 778 ὄντων
2504 724 2685 794 ἡμῶν,
2717 724 2867 795 διττὴ
2908 724 3005 776 καὶ
3041 723 3076 795 ἠ
3105 721 3391 792 κάθαρσις.
3665 779 3668 783 ,

2232 814 2588 885 Κατέχωμεν
2606 812 2722 883 τὴν
2744 814 3071 883 ὁμολογίαν
3097 812 3205 881 τῆς
3232 811 3472 878 ἐλπίδος
3498 811 3699 879 ἀκλινῆ.

2165 905 2446 969 Τουτὲςτι,
2480 905 2581 975 τὴν
2608 904 3044 977 ὁμολογηθεῖσαν
3086 904 3221 974 ἡμῖν
3249 902 3457 968 ἐλπίδα,
3492 904 3700 973 κατέχω-

2167 1015 2265 1068 μεν
2314 998 2484 1069 αὐτὴν
2534 997 2781 1068 βεϐαίαν.
2826 997 3169 1068 Ἠλπίσαμεν
3213 996 3323 1069 γὰρ
3373 998 3429 1051 ἐν
3458 998 3591 1067 ὀρχῇ
3622 999 3700 1065 τῆς

2162 1092 2421 1154 πίστεως,
2478 1091 2562 1144 ὅτι
2612 1090 2707 1144 καὶ
2741 1090 2898 1144 αὐτοὶ
2951 1091 3029 1149 είς
3063 1090 3154 1143 τον
3184 1089 3411 1161 οὐρανὸν
3451 1090 3704 1143 εἱσελευσὸι

2164 1181 2345 1251 μεθαο
2392 1180 2487 1233 καὶ
2534 1180 2972 1252 ὡμολογήσαμεν
3025 1181 3114 1234 ὅτε
3161 1180 3264 1242 τὰς
3326 1178 3588 1249 συνθήκας
3624 1180 3704 1247 τῆς

2164 1272 2404 1334 πίστεως
2456 1270 2834 1342 ἐποιούμεθα,
2893 1273 2975 1335 είς
3031 1272 3330 1325 ἀνάστασιν
3388 1269 3586 1340 νεκρῶν
3635 1289 3706 1322 πι-

2164 1363 2398 1430 στεύειν,
2430 1360 2525 1416 καὶ
2576 1363 2658 1427 είς
2707 1361 2853 1434 ζωὴν
2883 1361 3124 1419 αἰώνιον.
3174 1361 3393 1433 Ταύτην
3419 1361 3587 1416 τοίνυν
3625 1363 3705 1433 τὴν

2165 1454 2461 1527 ὁμολογίαν
2496 1455 2842 1526 κατέχωμεν.

2236 1547 2458 1613 Πιστὸς
2493 1545 2602 1617 γὰρ
2656 1550 2689 1601 ό
2738 1546 3272 1617 ἐπαγγειλάμενος.
3327 1546 3546 1601 Δίδωσιν
3585 1546 3707 1616 ίσχῦν

2165 1637 2284 1700 πῶς
2317 1636 2619 1708 καθέξομεν
2657 1637 2757 1709 τὴν
2804 1638 2996 1693 ἐλπίδα
3032 1638 3295 1709 βεϐαίαν
3344 1639 3440 1692 ἐὰν
3478 1639 3713 1708 ἐννοήσωι

2169 1747 2269 1801 μεν
2295 1730 2355 1782 τὸ
2394 1729 2707 1798 ἀξιόπιστον
2737 1729 2832 1785 τοῦ
2864 1730 3369 1800 ἐπαγγειλαμένου.
3398 1728 3586 1791 Πιστὸς
3604 1729 3709 1797 γὰρ,

2166 1820 2446 1874 τουτέστιν
2501 1820 2727 1892 ἀληθὴς,
2768 1824 2797 1875 ὁ
2838 1822 3075 1893 Χριστὸς
3123 1824 3152 1877 ὁ
3198 1820 3402 1875 εἰπών’
3435 1820 3559 1874 Ὀτι
3586 1820 3711 1874 ὅπου

2094 1915 2136 1971 Β
2166 1910 2282 1980 ειμι
2312 1909 2448 1981 ἐγὼ,
2481 1912 2579 1965 καὶ
2609 1914 2643 1966 ὀ
2673 1911 2958 1980 διάκονος
2987 1916 3020 1968 ό
3050 1912 3194 1983 ἐμὸς
3231 1912 3430 1967 ἔσται.

2241 2002 2353 2057 Καὶ
2410 2003 2798 2074 κατανοῶμεν
2846 2004 3162 2073 ἀλλήλους
3214 2008 3303 2071 εις
3360 2002 3717 2074 παροξυσμέν

2166 2094 2404 2165 ἀγάπης
2436 2093 2535 2148 καί
2563 2094 2768 2149 καλῶν
2787 2094 2997 2166 ἔργων.
3026 2080 3101 2149 Τ’δ
3125 2090 3334 2150 τέλειον
3355 2096 3399 2126 ³¹
3433 2093 3715 2165 προστίθησι

2168 2191 2268 2258 τῆς
2319 2186 2559 2257 ἀγάπης.
2618 2186 2990 2257 Κατανοῶμεν
3024 2187 3155 2257 γὰρ,
3208 2186 3404 2258 φησὶν,
3449 2184 3714 2256 ἀλλήλους·

2169 2281 2469 2351 τουτέστιν,
2493 2279 2886 2350 ἐπισκοπῶμεν
2919 2278 3081 2343 εἴτις
3119 2280 3398 2349 ἐνάρετος,
3446 2278 3531 2332 ἵνα
3560 2275 3718 2330 τοῦτον

2174 2371 2509 2444 μιμώμεθαο
2544 2372 2643 2442 οὐχ
2696 2371 2786 2426 ἵνα
2817 2370 3125 2443 φθονῶμεν,
3173 2371 3289 2426 ἀλλ’
3319 2372 3412 2426 ἵνα
3447 2368 3723 2442 παροξννώ-

2176 2464 2319 2535 μεθα
2349 2463 2550 2535 μᾶλλον
2572 2464 2654 2526 είς
2674 2463 2734 2518 τὸ
2757 2463 2826 2517 τὰ
2852 2462 2994 2516 αὐτὰ
3020 2464 3217 2541 ἐκείνῳ
3242 2463 3388 2517 καλὰ
3405 2462 3542 2533 ἔργα
3558 2465 3718 2515 ποιεῖν.

2186 2556 2244 2609 ’0
2283 2555 2339 2608 δὲ
2378 2553 2732 2629 παροξυσμὸς
2771 2547 2926 2617 οὗτος
2969 2554 3195 2625 ἀγάπης
3241 2553 3415 2619 ἐστὶν,
3460 2554 3577 2623 οὐχὶ
3614 2550 3724 2621 φθό-

2176 2667 2268 2702 νου
2292 2649 2358 2703 ”.
2397 2649 2609 2719 Ὥσπερ
2662 2647 2772 2714 γὰρ
2823 2646 3044 2719 σίδηρος
3094 2647 3315 2719 σίδηρον
3367 2646 3567 2712 ὀξύνει,
3607 2645 3723 2699 οὔτω

2175 2740 2448 2812 καὶψυχὴ
2490 2740 2623 2811 πρὸς
2673 2739 2851 2811 ψυχὴν
2900 2739 3205 2812 ὁμιλοῦσα,
3250 2738 3544 2811 παροξύνει
3586 2735 3725 2805 αὐτὴν

2177 2834 2256 2896 είς
2289 2833 2359 2886 τὰ
2402 2832 2568 2896 αὐτὰ,
2604 2832 2745 2902 πλὴν
2796 2833 2855 2885 ὲν
2901 2832 3114 2903 ἀγάπῃ.
3165 2831 3234 2886 Ἢ
3274 2831 3373 2885 καὶ
3417 2832 3500 2885 ὅτι
3533 2827 3723 2883 Odyssea

2180 2921 2455 2992 ἀλλήλοις,
2488 2921 2630 2976 ὥστε
2686 2921 3149 2994 ἐκθερμαίνεσθαι
3196 2923 3277 2985 εἰς
3324 2922 3390 2975 τὸ
3421 2920 3628 2992 ἀγαπᾷν
3651 2916 3726 2972 καὶ

2179 3013 2519 3081 ἀγαπᾶσθαι.

2248 3103 2347 3171 Μὴ
2372 3103 2911 3173 ἐγκαταλείποντες
2944 3103 3061 3172 τὴν
3104 3103 3575 3175 ἐπισυναγωγὴν
3611 3100 3725 3154 ἑαυ-

2180 3193 2317 3250 τῶν.
2344 3190 2497 3247 Οἶδεν
2519 3195 2679 3248 ὅτιτὸ
2709 3194 3064 3267 συνέρχεσθαι
3093 3194 3354 3266 ἀλλήλοις
3410 3195 3510 3264 τὴν
3537 3193 3726 3261 ἀγάπην

2180 3287 2367 3356 γεννᾷ,
2415 3284 2496 3339 διὸ
2549 3288 2808 3355 παραινεῖ
2857 3286 2934 3357 μὴ
2967 3284 3396 3355 ἐγκαταλείπειν
3431 3284 3491 3338 τὸ
3535 3286 3728 3338 ἐπισυν-

2180 3378 2430 3447 άγεσθαι,
2478 3377 2615 3448 μηδὲ
2643 3378 2958 3448 χωρισμοὺς
2990 3377 3086 3431 καὶ
3127 3374 3605 3447 παρασυναγωγὰς
3632 3374 3730 3426 ἐπι·

2178 3468 2449 3540 τηδεύειν.
2484 3468 2679 3523 Ὀπου
2714 3467 2823 3539 γάρ
2860 3469 2981 3523 εισι
3017 3467 3129 3523 δύο
3166 3467 3206 3538 ἢ
3254 3466 3418 3536 τρεῖς
3461 3461 3726 3533 σιονηγμέο

2179 3577 2295 3625 νοι,
2326 3559 2454 3615 ἐκεῖ
2477 3562 2594 3628 ειμι
2623 3559 2694 3613 ἐν
2721 3558 2892 3628 μέσῳ
2911 3557 3131 3614 αὐτῶν.
3164 3558 3275 3614 Καὶ
3306 3558 3409 3629 τῆς
3437 3554 3729 3625 Ἐκχλησίας

2179 3654 2214 3724 ἡ
2245 3652 2526 3723 προσευχὴ
2560 3652 2655 3705 καὶ
2685 3651 2892 3723 Πέτρον
2936 3651 3094 3706 ἔλυσε
3125 3651 3235 3705 τῶν
3265 3650 3507 3722 δεσμῶν,
3539 3648 3627 3702 καὶ
3650 3645 3728 3715 τῆς

2181 3745 2431 3815 φυλακῆς
2460 3744 2724 3798 ἀπέλυσε.

2250 3834 2452 3900 Καθὼς
2489 3836 2626 3901 ἔθος
2661 3836 2844 3891 τισίν.
2882 3834 3149 3890 Ἐνταῦθα
3190 3833 3479 3906 μέμφεται
3521 3832 3626 3895 τοῖς
3647 3844 3731 3900 χω·

2179 3927 2510 4000 ριζομένοις.

2263 4019 2449 4074 Ἀλλὰ
2482 4020 2975 4088 παρακαλοῦντες
3012 4019 3289 4087 ἑαυτούς.
3325 4020 3638 4081 Τουτέστιν,
3664 4012 3733 4066 ἀλ-

2178 4110 2362 4181 λήλοις
2391 4110 2546 4176 ὅντες
2580 4113 2659 4176 εἰς
2709 4112 3086 4184 παραμυθίαν,
3119 4114 3215 4166 καὶ
3258 4105 3342 4176 εἷς
3391 4112 3488 4166 τὸν
3517 4110 3608 4164 ἕνα
3635 4121 3734 4160 νον-

2181 4200 2482 4269 θετοῦντες,
2543 4206 2639 4258 καὶ
2700 4203 3070 4267 διδάσκοντες,
3140 4204 3238 4257 καὶ
3292 4198 3731 4275 παρηγοροῦντες-

2192 4293 2482 4363 Ἀδελφὸς
2511 4294 2621 4365 γὰρ
2648 4295 2769 4352 ὑπὸ
2792 4295 3059 4366 ἀδελφοῦ
3078 4296 3521 4365 βοηθούμενος,
3550 4293 3626 4358 ὼς
3646 4287 3733 4343 πό·

2177 4389 2276 4452 λις
2305 4386 2516 4455 ὀχυρά.
3108 4388 3115 4395 “

2250 4478 2362 4532 Kal
2389 4478 2657 4545 τοσούτῳ
2677 4478 2944 4547 μᾶλλον,
2977 4480 3106 4546 ὅσῳ
3120 4478 3393 4546 ,Βλέπετε
3409 4474 3737 4548 ἐγγίζουσαν

496 4572 659 4623 diem.
693 4566 1199 4625 Consummatiouis
1238 4565 1522 4622 nimirum.
1555 4561 1878 4634 Propediem
1931 4562 2071 4618 enim

2187 4568 2301 4638 τὴν
2322 4569 2570 4640 ἠμέίαν.
2611 4571 2722 4642 Τὴν
2751 4572 2851 4641 τῆς
2883 4572 3218 4632 συντελείας.
3244 4572 3416 4625 Ὅσον
3447 4570 3559 4639 γὰρ
3586 4565 3734 4625 οὕτω.

497 4659 881 4730 separabimur
909 4673 941 4713 a
983 4656 1191 4737 mundo
1225 4658 1350 4725 hoc,
1386 4671 1559 4728 quare
1604 4669 1738 4727 ergo
1785 4670 1886 4710 nos
1926 4654 2078 4726 ipsos

498 4755 641 4807 alter
675 4751 745 4805 ab
774 4752 959 4806 altero
989 4748 1357 4804 dissociamus
1385 4747 1408 4801 ?
1435 4748 1493 4803 ld
1527 4761 1659 4803 vero
1707 4742 2076 4802 consolationi

497 4844 583 4899 eis
623 4849 764 4905 erat,
812 4838 1218 4895 tentationibus
1254 4853 1453 4905 nempe
1487 4836 1824 4906 defatigatis,
1854 4836 2080 4907 perinde

499 4948 567 4990 ac
602 4934 713 4986 alio
748 4934 804 4987 in
838 4931 964 4989 loco
1000 4930 1134 4986 dicit
1161 4945 1177 4985 :
1207 4928 1467 4984 Dominus
1491 4944 1651 4998 prope
1669 4940 1768 4997 est,
1801 4928 1932 4984 nihil
1957 4930 2078 4984 sitis

495 5024 738 5080 solliciti.

575 5114 744 5185 Vens.
793 5113 887 5171 26.
954 5113 1268 5169 Voluntarte
1310 5114 1454 5168 enim
1508 5112 1843 5182 peccantibus
1902 5113 2073 5168 nobis.

499 5205 843 5261 Adhortatus
876 5214 963 5261 est
1009 5205 1079 5261 ah
1116 5203 1201 5261 his
1227 5218 1352 5275 quae
1383 5203 1605 5267 utiliora
1657 5210 1834 5269 erant,
1882 5216 2078 5272 nempe

494 5295 642 5367 quod
658 5294 914 5351 ﬁduciam
938 5295 1225 5357 habemus,
1251 5293 1398 5369 quod
1424 5302 1773 5365 peccatorum
1797 5292 2079 5349 condona-

499 5388 652 5443 tione
684 5387 877 5444 donati
921 5403 1115 5444 sumus
1147 5404 1162 5443 :
1200 5403 1347 5442 nunc
1384 5403 1416 5442 a
1451 5385 1788 5442 tristioribus
1812 5395 2077 5441 terrorem

498 5480 717 5538 incutit.
749 5481 992 5540 Observa
1019 5489 1206 5539 autem
1242 5497 1404 5552 quam
1438 5495 1747 5552 propensus
1774 5488 1860 5538 est
1892 5478 1960 5534 ad
1987 5493 2078 5534 ve-

572 5664 616 5697 "
647 5663 837 5718 Matth.
869 5680 1006 5732 χιιι,
1035 5664 1127 5720 20.
1208 5662 1253 5696 δ’
1279 5661 1443 5717 Prov.
1476 5677 1631 5727 svnt,
1666 5663 1752 5717 19.

2185 4662 2341 4734 φησὶ,
2382 4661 2731 4733 χωριζόμεθα
2763 4663 2859 4718 τοῦ
2906 4664 3118 4735 κόσμου
3170 4663 3393 4725 τούτου,
3443 4662 3500 4715 τί
3546 4655 3738 4714 ἑαυτοὺς

2185 4750 2431 4823 ἀλλήλων
2461 4751 2804 4824 χωρίζομεν;
2828 4753 3000 4808 Τοῦτο
3026 4753 3086 4808 δὲ
3116 4750 3449 4823 παραμυθία
3469 4747 3537 4821 ἦν
3560 4747 3737 4805 αὐτοῖς,

2183 4842 2542 4914 ἀπειρηκόσιν
2582 4844 2686 4897 ὑπὸ
2715 4844 2824 4899 τῶν
2875 4843 3227 4916 πειρασμῶν,
3269 4842 3348 4908 ὡς
3393 4844 3493 4897 καὶ
3532 4832 3737 4907 ἀλλαχεῦ

2186 4951 2374 5005 φησιν’
2420 4934 2484 4988 '0
2515 4934 2731 5005 Κύριος
2767 4934 2972 5006 ἐγγὺς,
2998 4934 3198 5006 μηδὲν
3218 4933 3568 5006 μεριμνᾶτε.

2271 5114 2601 5182 Ἑκουσίως
2636 5115 2747 5185 τὰρ
2776 5114 3242 5187 ἁμαρτανόντων
3273 5112 3468 5183 ἡμῶν.
3500 5105 3740 5183 Προετρέ·

2185 5207 2327 5279 ψατο
2354 5207 2463 5262 ἀπὸ
2488 5207 2597 5261 τῶν
2640 5208 3046 5280 χρηστοτέρων,
3080 5208 3163 5263 ὅτι
3197 5206 3521 5278 παρρησίαν
3549 5204 3738 5273 ἔχομεν,

2188 5299 2270 5352 ὅτι
2299 5300 2547 5368 ἀφέσεως
2575 5298 2887 5371 ἠξιώθημεν
2905 5314 2922 5330 ⁶
2961 5299 3057 5354 νῦν
3097 5300 3196 5353 καὶ
3222 5299 3332 5353 ἀπὸ
3358 5298 3469 5350 τῶν
3521 5292 3740 5362 σκυθριιν

2189 5390 2433 5462 ποτέρων
2486 5391 2661 5460 φοϐεῖ.
2717 5392 2862 5462 Ὀρα
2906 5391 2962 5445 δὲ
3009 5391 3128 5455 πῶς
3178 5392 3294 5444 ἔστι
3354 5379 3738 5458 συγγνωμικκο

2196 5481 2524 5550 Ἑκουσίως
2584 5483 2694 5554 γὰρ
2756 5485 3245 5554 ἁμαρτανόντων,
3300 5479 3487 5553 φησίνο
3548 5476 3619 5540 ὡς
3661 5473 3739 5523 ἐὰν

1901 5753 2101 5816 Variae
2133 5752 2460 5818 lectiones.

571 5862 617 5895 ³⁷
653 5862 741 5917 ia’.
774 5860 929 5924 τέλος
956 5876 1010 5916 0.
1091 5858 1134 5891 ³⁸
1165 5856 1397 5928 ἀφθόνου
1428 5874 1482 5913 0.
