  <div class='ocr_page' id='page_1' title='image "/cluster/home/n/w/nwhite01/storage/ocr_20150623/125/hvd.32044019208214/182.png"; bbox 0 0 3918 6570; ppageno 0'>
   <div class='ocr_carea' id='block_1_1' title="bbox 320 465 434 527">
    <p class='ocr_par' dir='ltr' id='par_1_1' title="bbox 320 465 434 527">
     <span class='ocr_line' id='line_1_1' title="bbox 320 465 434 527; baseline 0 -1"><span class='ocrx_word' id='word_1_1' title='bbox 320 465 434 527; x_wconf 80' lang='lat'>333</span> 
     </span>
    </p>
   </div>
   <div class='ocr_carea' id='block_1_2' title="bbox 1065 443 1908 525">
    <p class='ocr_par' dir='ltr' id='par_1_2' title="bbox 1065 459 1908 525">
     <span class='ocr_line' id='line_1_2' title="bbox 1065 459 1908 525; baseline -0.012 -1"><span class='ocrx_word' id='word_1_2' title='bbox 1065 460 1468 524; x_wconf 80' lang='lat' dir='ltr'><strong>EXPOSITIO</strong></span> <span class='ocrx_word' id='word_1_3' title='bbox 1499 460 1578 521; x_wconf 87' lang='lat' dir='ltr'><strong>1N</strong></span> <span class='ocrx_word' id='word_1_4' title='bbox 1607 459 1850 525; x_wconf 69' lang='lat' dir='ltr'><strong>Et‘IST.</strong></span> <span class='ocrx_word' id='word_1_5' title='bbox 1891 472 1908 514; x_wconf 65' lang='grc' dir='ltr'><strong>λ</strong></span> 
     </span>
    </p>
   </div>
   <div class='ocr_carea' id='block_1_3' title="bbox 2020 443 3581 525">
    <p class='ocr_par' dir='ltr' id='par_1_3' title="bbox 2029 443 3581 518">
     <span class='ocr_line' id='line_1_3' title="bbox 2029 443 3581 518; baseline -0.002 -1"><span class='ocrx_word' id='word_1_6' title='bbox 2029 455 2421 517; x_wconf 58' lang='grc' dir='ltr'><strong>ΠΕΒΙΗΕΟΒ.</strong></span> <span class='ocrx_word' id='word_1_7' title='bbox 2456 482 2524 491; x_wconf 89' lang='grc'><strong>-·</strong></span> <span class='ocrx_word' id='word_1_8' title='bbox 2556 455 2716 517; x_wconf 79' lang='lat' dir='ltr'><strong>CAP.</strong></span> <span class='ocrx_word' id='word_1_9' title='bbox 2752 457 2827 518; x_wconf 86' lang='lat' dir='ltr'><strong>X.</strong></span> <span class='ocrx_word' id='word_1_10' title='bbox 3466 443 3581 514; x_wconf 68' lang='lat'><strong>334.</strong></span> 
     </span>
    </p>
   </div>
   <div class='ocr_carea' id='block_1_4' title="bbox 316 568 1908 651">
    <p class='ocr_par' dir='ltr' id='par_1_4' title="bbox 316 568 1903 651">
     <span class='ocr_line' id='line_1_4' title="bbox 316 568 1903 651; baseline -0.009 -12"><span class='ocrx_word' id='word_1_11' title='bbox 316 568 761 650; x_wconf 64' lang='grc' dir='ltr'>ἁκουσίω·,’ἐστί</span> <span class='ocrx_word' id='word_1_12' title='bbox 791 598 875 645; x_wconf 76' lang='grc' dir='ltr'><strong>τις</strong></span> <span class='ocrx_word' id='word_1_13' title='bbox 927 579 1127 651; x_wconf 84' lang='grc' dir='ltr'>μετρία</span> <span class='ocrx_word' id='word_1_14' title='bbox 1177 575 1503 647; x_wconf 85' lang='grc' dir='ltr'>συγγνώμη.</span> <span class='ocrx_word' id='word_1_15' title='bbox 1537 577 1677 639; x_wconf 86' lang='grc' dir='ltr'><strong>Ὅρα</strong></span> <span class='ocrx_word' id='word_1_16' title='bbox 1697 573 1752 626; x_wconf 81' lang='grc' dir='ltr'>δὲ</span> <span class='ocrx_word' id='word_1_17' title='bbox 1787 571 1903 635; x_wconf 88' lang='grc' dir='ltr'><strong>πῶς</strong></span> 
     </span>
    </p>
   </div>
   <div class='ocr_carea' id='block_1_5' title="bbox 2020 568 3578 651">
    <p class='ocr_par' dir='ltr' id='par_1_5' title="bbox 2024 569 3578 641">
     <span class='ocr_line' id='line_1_5' title="bbox 2024 569 3578 641; baseline 0 -16"><span class='ocrx_word' id='word_1_18' title='bbox 2024 571 2152 625; x_wconf 76' lang='lat' dir='ltr'><strong>tiam</strong></span> <span class='ocrx_word' id='word_1_19' title='bbox 2192 570 2449 625; x_wconf 88' lang='lat' dir='ltr'><strong>dandam.</strong></span> <span class='ocrx_word' id='word_1_20' title='bbox 2483 570 2574 627; x_wconf 87' lang='lat' dir='ltr'><strong>Ait</strong></span> <span class='ocrx_word' id='word_1_21' title='bbox 2620 571 2802 636; x_wconf 87' lang='lat' dir='ltr'><strong>enim,</strong></span> <span class='ocrx_word' id='word_1_22' title='bbox 2853 569 3153 624; x_wconf 78' lang='lat' dir='ltr'><strong>voluntarie</strong></span> <span class='ocrx_word' id='word_1_23' title='bbox 3202 571 3578 641; x_wconf 75' lang='lat' dir='ltr'><strong>peccantibus;</strong></span> 
     </span>
    </p>
   </div>
   <div class='ocr_carea' id='block_1_6' title="bbox 317 666 1904 742">
    <p class='ocr_par' dir='ltr' id='par_1_6' title="bbox 317 666 1904 742">
     <span class='ocr_line' id='line_1_6' title="bbox 317 666 1904 742; baseline -0.007 -16"><span class='ocrx_word' id='word_1_24' title='bbox 317 675 424 727; x_wconf 77' lang='grc' dir='ltr'><strong>οὐκ</strong></span> <span class='ocrx_word' id='word_1_25' title='bbox 456 667 628 738; x_wconf 78' lang='grc' dir='ltr'>εἶπεν,</span> <span class='ocrx_word' id='word_1_26' title='bbox 666 672 1047 742; x_wconf 74' lang='grc' dir='ltr'>ἁμαρτόντων,</span> <span class='ocrx_word' id='word_1_27' title='bbox 1100 667 1240 737; x_wconf 76' lang='grc' dir='ltr'>ἀλλ’,</span> <span class='ocrx_word' id='word_1_28' title='bbox 1272 666 1719 739; x_wconf 73' lang='grc' dir='ltr'><strong>ἁμαρτανόντων,</strong></span> <span class='ocrx_word' id='word_1_29' title='bbox 1753 681 1904 717; x_wconf 83' lang='grc' dir='ltr'>τουτ-</span> 
     </span>
    </p>
   </div>
   <div class='ocr_carea' id='block_1_7' title="bbox 321 755 1904 834">
    <p class='ocr_par' dir='ltr' id='par_1_7' title="bbox 321 755 1904 834">
     <span class='ocr_line' id='line_1_7' title="bbox 321 755 1904 834; baseline -0.005 -16"><span class='ocrx_word' id='word_1_30' title='bbox 321 766 494 829; x_wconf 73' lang='grc' dir='ltr'>έστιν,</span> <span class='ocrx_word' id='word_1_31' title='bbox 527 763 829 834; x_wconf 85' lang='grc' dir='ltr'>ὲμενόντων</span> <span class='ocrx_word' id='word_1_32' title='bbox 857 764 923 833; x_wconf 74' lang='grc' dir='ltr'>τῇ</span> <span class='ocrx_word' id='word_1_33' title='bbox 960 763 1208 833; x_wconf 74' lang='grc' dir='ltr'>ἁμαρτίᾳ</span> <span class='ocrx_word' id='word_1_34' title='bbox 1239 760 1650 830; x_wconf 83' lang='grc' dir='ltr'>ὰμετανοήτως.</span> <span class='ocrx_word' id='word_1_35' title='bbox 1698 757 1784 819; x_wconf 84' lang='grc' dir='ltr'>Ὠς</span> <span class='ocrx_word' id='word_1_36' title='bbox 1810 755 1904 810; x_wconf 80' lang='grc' dir='ltr'><strong>ἐάν</strong></span> 
     </span>
    </p>
   </div>
   <div class='ocr_carea' id='block_1_8' title="bbox 318 848 1902 926">
    <p class='ocr_par' dir='ltr' id='par_1_8' title="bbox 318 848 1902 926">
     <span class='ocr_line' id='line_1_8' title="bbox 318 848 1902 926; baseline -0.004 -18"><span class='ocrx_word' id='word_1_37' title='bbox 318 874 382 924; x_wconf 85' lang='grc' dir='ltr'><strong>γε</strong></span> <span class='ocrx_word' id='word_1_38' title='bbox 436 855 510 926; x_wconf 83' lang='grc' dir='ltr'>μὴ</span> <span class='ocrx_word' id='word_1_39' title='bbox 537 854 950 925; x_wconf 84' lang='grc' dir='ltr'>ἑπιμμένωμεν,</span> <span class='ocrx_word' id='word_1_40' title='bbox 1003 853 1140 907; x_wconf 81' lang='grc' dir='ltr'>ἀλλὰ</span> <span class='ocrx_word' id='word_1_41' title='bbox 1175 853 1468 923; x_wconf 81' lang='grc' dir='ltr'>μετάνοιαν</span> <span class='ocrx_word' id='word_1_42' title='bbox 1518 848 1902 920; x_wconf 69' lang='grc' dir='ltr'>ἐνδειξώμεθα,</span> 
     </span>
    </p>
   </div>
   <div class='ocr_carea' id='block_1_9' title="bbox 320 941 1904 1016">
    <p class='ocr_par' dir='ltr' id='par_1_9' title="bbox 320 941 1904 1016">
     <span class='ocr_line' id='line_1_9' title="bbox 320 941 1904 1016; baseline -0.003 -19"><span class='ocrx_word' id='word_1_43' title='bbox 320 946 479 1000; x_wconf 75' lang='grc' dir='ltr'>ἔσται</span> <span class='ocrx_word' id='word_1_44' title='bbox 504 944 833 1016; x_wconf 76' lang='grc' dir='ltr'><strong>συγγνώμη.</strong></span> <span class='ocrx_word' id='word_1_45' title='bbox 870 943 981 997; x_wconf 87' lang='grc' dir='ltr'>Ποῦ</span> <span class='ocrx_word' id='word_1_46' title='bbox 1004 943 1097 998; x_wconf 81' lang='grc' dir='ltr'><strong>οῦν</strong></span> <span class='ocrx_word' id='word_1_47' title='bbox 1129 946 1179 999; x_wconf 79' lang='grc' dir='ltr'><strong>οἱ</strong></span> <span class='ocrx_word' id='word_1_48' title='bbox 1217 943 1313 1012; x_wconf 79' lang='grc' dir='ltr'>τὴν</span> <span class='ocrx_word' id='word_1_49' title='bbox 1344 941 1630 1014; x_wconf 82' lang='grc' dir='ltr'>μετάνοιαν</span> <span class='ocrx_word' id='word_1_50' title='bbox 1661 942 1904 1011; x_wconf 85' lang='grc' dir='ltr'>ἀναιρεῖ-</span> 
     </span>
    </p>
   </div>
   <div class='ocr_carea' id='block_1_10' title="bbox 322 1037 1033 1106">
    <p class='ocr_par' dir='ltr' id='par_1_10' title="bbox 322 1037 1033 1106">
     <span class='ocr_line' id='line_1_10' title="bbox 322 1037 1033 1106; baseline -0.003 -14"><span class='ocrx_word' id='word_1_51' title='bbox 322 1039 447 1092; x_wconf 81' lang='grc' dir='ltr'>σθαι</span> <span class='ocrx_word' id='word_1_52' title='bbox 472 1037 705 1092; x_wconf 75' lang='grc' dir='ltr'>ἐνταῦθα</span> <span class='ocrx_word' id='word_1_53' title='bbox 742 1037 992 1106; x_wconf 81' lang='grc' dir='ltr'>λέγοντες</span> <span class='ocrx_word' id='word_1_54' title='bbox 1017 1055 1033 1104; x_wconf 88' lang='grc'>;</span> 
     </span>
    </p>
   </div>
   <div class='ocr_carea' id='block_1_11' title="bbox 392 1314 1903 1384">
    <p class='ocr_par' dir='ltr' id='par_1_11' title="bbox 392 1314 1903 1384">
     <span class='ocr_line' id='line_1_11' title="bbox 392 1314 1903 1384; baseline -0.002 -14"><span class='ocrx_word' id='word_1_55' title='bbox 392 1316 552 1370; x_wconf 76' lang='grc' dir='ltr'>Μετὰ</span> <span class='ocrx_word' id='word_1_56' title='bbox 622 1316 687 1370; x_wconf 85' lang='grc' dir='ltr'>τὸ</span> <span class='ocrx_word' id='word_1_57' title='bbox 739 1316 951 1371; x_wconf 75' lang='grc' dir='ltr'>λαϐεῖν</span> <span class='ocrx_word' id='word_1_58' title='bbox 1005 1314 1121 1382; x_wconf 74' lang='grc' dir='ltr'>τὴν</span> <span class='ocrx_word' id='word_1_59' title='bbox 1188 1314 1516 1384; x_wconf 76' lang='grc' dir='ltr'><strong>ἐπίγνωσιν</strong></span> <span class='ocrx_word' id='word_1_60' title='bbox 1573 1314 1683 1382; x_wconf 79' lang='grc' dir='ltr'>τῆς</span> <span class='ocrx_word' id='word_1_61' title='bbox 1751 1315 1903 1378; x_wconf 70' lang='grc' dir='ltr'>ἀλη-</span> 
     </span>
    </p>
   </div>
   <div class='ocr_carea' id='block_1_12' title="bbox 317 1402 1905 1477">
    <p class='ocr_par' dir='ltr' id='par_1_12' title="bbox 317 1402 1905 1477">
     <span class='ocr_line' id='line_1_12' title="bbox 317 1402 1905 1477; baseline -0.003 -16"><span class='ocrx_word' id='word_1_62' title='bbox 317 1407 506 1471; x_wconf 75' lang='grc' dir='ltr'>θείας.</span> <span class='ocrx_word' id='word_1_63' title='bbox 550 1408 621 1459; x_wconf 83' lang='grc' dir='ltr'>Ἣ</span> <span class='ocrx_word' id='word_1_64' title='bbox 676 1406 772 1459; x_wconf 82' lang='grc' dir='ltr'><strong>τοῦ</strong></span> <span class='ocrx_word' id='word_1_65' title='bbox 832 1405 1072 1477; x_wconf 82' lang='grc' dir='ltr'><strong>Χριστοῦ</strong></span> <span class='ocrx_word' id='word_1_66' title='bbox 1101 1444 1118 1469; x_wconf 88' lang='grc'><strong>,</strong></span> <span class='ocrx_word' id='word_1_67' title='bbox 1174 1405 1209 1476; x_wconf 82' lang='grc' dir='ltr'><strong>ἥ</strong></span> <span class='ocrx_word' id='word_1_68' title='bbox 1273 1404 1493 1459; x_wconf 85' lang='grc' dir='ltr'>πάντων</span> <span class='ocrx_word' id='word_1_69' title='bbox 1540 1404 1651 1458; x_wconf 87' lang='grc' dir='ltr'><strong>τῶν</strong></span> <span class='ocrx_word' id='word_1_70' title='bbox 1702 1402 1905 1473; x_wconf 81' lang='grc' dir='ltr'>δογμά-</span> 
     </span>
    </p>
   </div>
   <div class='ocr_carea' id='block_1_13' title="bbox 317 1515 457 1552">
    <p class='ocr_par' dir='ltr' id='par_1_13' title="bbox 317 1515 457 1552">
     <span class='ocr_line' id='line_1_13' title="bbox 317 1515 457 1552; baseline 0.007 -1"><span class='ocrx_word' id='word_1_71' title='bbox 317 1515 457 1552; x_wconf 82' lang='grc' dir='ltr'>των.</span> 
     </span>
    </p>
   </div>
   <div class='ocr_carea' id='block_1_14' title="bbox 389 1587 1903 1660">
    <p class='ocr_par' dir='ltr' id='par_1_14' title="bbox 389 1587 1903 1660">
     <span class='ocr_line' id='line_1_14' title="bbox 389 1587 1903 1660; baseline -0.003 -16"><span class='ocrx_word' id='word_1_72' title='bbox 389 1590 603 1646; x_wconf 82' lang='grc' dir='ltr'>οὐκέτι</span> <span class='ocrx_word' id='word_1_73' title='bbox 638 1590 772 1660; x_wconf 72' lang='grc' dir='ltr'>περὶ</span> <span class='ocrx_word' id='word_1_74' title='bbox 822 1588 1124 1660; x_wconf 79' lang='grc' dir='ltr'>ἁμαρτιῶν</span> <span class='ocrx_word' id='word_1_75' title='bbox 1155 1589 1543 1645; x_wconf 72' lang='grc' dir='ltr'>ἀπολείπεται</span> <span class='ocrx_word' id='word_1_76' title='bbox 1575 1590 1779 1644; x_wconf 83' lang='grc' dir='ltr'><strong>θυσία.</strong></span> <span class='ocrx_word' id='word_1_77' title='bbox 1827 1587 1903 1642; x_wconf 83' lang='grc' dir='ltr'><strong>Οὐ</strong></span> 
     </span>
    </p>
   </div>
   <div class='ocr_carea' id='block_1_15' title="bbox 321 1675 1905 1749">
    <p class='ocr_par' dir='ltr' id='par_1_15' title="bbox 321 1675 1905 1749">
     <span class='ocr_line' id='line_1_15' title="bbox 321 1675 1905 1749; baseline -0.001 -19"><span class='ocrx_word' id='word_1_78' title='bbox 321 1675 426 1748; x_wconf 76' lang='grc' dir='ltr'><strong>τὴν</strong></span> <span class='ocrx_word' id='word_1_79' title='bbox 457 1678 748 1747; x_wconf 88' lang='grc' dir='ltr'>μετάνοιαν</span> <span class='ocrx_word' id='word_1_80' title='bbox 779 1678 1022 1749; x_wconf 81' lang='grc' dir='ltr'><strong>ἀναιρῶν</strong></span> <span class='ocrx_word' id='word_1_81' title='bbox 1042 1677 1193 1747; x_wconf 76' lang='grc' dir='ltr'>λέγει</span> <span class='ocrx_word' id='word_1_82' title='bbox 1233 1677 1430 1746; x_wconf 84' lang='grc' dir='ltr'>ταῦτα,</span> <span class='ocrx_word' id='word_1_83' title='bbox 1462 1677 1536 1743; x_wconf 74' lang='grc' dir='ltr'><strong>ῶς</strong></span> <span class='ocrx_word' id='word_1_84' title='bbox 1569 1694 1714 1740; x_wconf 82' lang='grc' dir='ltr'>τινες</span> <span class='ocrx_word' id='word_1_85' title='bbox 1762 1692 1905 1748; x_wconf 86' lang='grc' dir='ltr'>παρ-</span> 
     </span>
    </p>
   </div>
   <div class='ocr_carea' id='block_1_16' title="bbox 329 1768 1905 1842">
    <p class='ocr_par' dir='ltr' id='par_1_16' title="bbox 329 1768 1905 1842">
     <span class='ocr_line' id='line_1_16' title="bbox 329 1768 1905 1842; baseline 0 -20"><span class='ocrx_word' id='word_1_86' title='bbox 329 1769 565 1840; x_wconf 82' lang='grc' dir='ltr'>ενὸησαν</span> <span class='ocrx_word' id='word_1_87' title='bbox 588 1771 656 1837; x_wconf 65' lang='grc'><strong>³9,</strong></span> <span class='ocrx_word' id='word_1_88' title='bbox 690 1768 828 1823; x_wconf 79' lang='grc' dir='ltr'>ἀλλὰ</span> <span class='ocrx_word' id='word_1_89' title='bbox 862 1770 1137 1825; x_wconf 85' lang='grc' dir='ltr'>δείκνυσιν</span> <span class='ocrx_word' id='word_1_90' title='bbox 1157 1808 1173 1837; x_wconf 87' lang='grc'><strong>,</strong></span> <span class='ocrx_word' id='word_1_91' title='bbox 1225 1772 1308 1826; x_wconf 84' lang='grc' dir='ltr'>ὅτι</span> <span class='ocrx_word' id='word_1_92' title='bbox 1361 1771 1464 1825; x_wconf 79' lang='grc' dir='ltr'><strong>οὐκ</strong></span> <span class='ocrx_word' id='word_1_93' title='bbox 1486 1770 1602 1825; x_wconf 73' lang='grc' dir='ltr'>ἐστι</span> <span class='ocrx_word' id='word_1_94' title='bbox 1652 1769 1905 1842; x_wconf 80' lang='grc' dir='ltr'>δεύτερον</span> 
     </span>
    </p>
   </div>
   <div class='ocr_carea' id='block_1_17' title="bbox 320 1860 1899 1935">
    <p class='ocr_par' dir='ltr' id='par_1_17' title="bbox 320 1860 1899 1935">
     <span class='ocr_line' id='line_1_17' title="bbox 320 1860 1899 1935; baseline 0.002 -22"><span class='ocrx_word' id='word_1_95' title='bbox 320 1860 642 1931; x_wconf 75' lang='grc' dir='ltr'>βάπτισμασ</span> <span class='ocrx_word' id='word_1_96' title='bbox 673 1862 756 1915; x_wconf 76' lang='grc' dir='ltr'>διὸ</span> <span class='ocrx_word' id='word_1_97' title='bbox 801 1862 921 1916; x_wconf 79' lang='grc' dir='ltr'>οὐδὲ</span> <span class='ocrx_word' id='word_1_98' title='bbox 958 1860 1213 1935; x_wconf 83' lang='grc' dir='ltr'>δεύτερος</span> <span class='ocrx_word' id='word_1_99' title='bbox 1251 1863 1482 1927; x_wconf 82' lang='grc' dir='ltr'>Θάνατος</span> <span class='ocrx_word' id='word_1_100' title='bbox 1515 1861 1612 1915; x_wconf 86' lang='grc' dir='ltr'><strong>τοῦ</strong></span> <span class='ocrx_word' id='word_1_101' title='bbox 1640 1861 1899 1932; x_wconf 86' lang='grc' dir='ltr'>Χριστοῦ.</span> 
     </span>
    </p>
   </div>
   <div class='ocr_carea' id='block_1_18' title="bbox 2005 662 3575 734">
    <p class='ocr_par' dir='ltr' id='par_1_18' title="bbox 2005 662 3575 734">
     <span class='ocr_line' id='line_1_18' title="bbox 2005 662 3575 734; baseline -0.001 -17"><span class='ocrx_word' id='word_1_102' title='bbox 2005 663 2143 717; x_wconf 85' lang='lat' dir='ltr'><strong>adeo</strong></span> <span class='ocrx_word' id='word_1_103' title='bbox 2171 672 2229 717; x_wconf 92' lang='lat' dir='ltr'><strong>ut</strong></span> <span class='ocrx_word' id='word_1_104' title='bbox 2261 662 2432 718; x_wconf 81' lang='lat' dir='ltr'><strong>invito</strong></span> <span class='ocrx_word' id='word_1_105' title='bbox 2463 664 2817 734; x_wconf 77' lang='lat' dir='ltr'><strong>peccantibus</strong></span> <span class='ocrx_word' id='word_1_106' title='bbox 2853 662 3030 719; x_wconf 78' lang='lat' dir='ltr'><strong>facilis</strong></span> <span class='ocrx_word' id='word_1_107' title='bbox 3061 671 3250 733; x_wconf 88' lang='lat' dir='ltr'><strong>parata</strong></span> <span class='ocrx_word' id='word_1_108' title='bbox 3283 672 3366 719; x_wconf 73' lang='lat' dir='ltr'><strong>est</strong></span> <span class='ocrx_word' id='word_1_109' title='bbox 3396 665 3575 719; x_wconf 84' lang='lat' dir='ltr'><strong>venia.</strong></span> 
     </span>
    </p>
   </div>
   <div class='ocr_carea' id='block_1_19' title="bbox 2006 753 3578 837">
    <p class='ocr_par' dir='ltr' id='par_1_19' title="bbox 2006 753 3578 837">
     <span class='ocr_line' id='line_1_19' title="bbox 2006 753 3578 837; baseline 0.001 -28"><span class='ocrx_word' id='word_1_110' title='bbox 2006 753 2307 810; x_wconf 86' lang='lat' dir='ltr'><strong>Considera</strong></span> <span class='ocrx_word' id='word_1_111' title='bbox 2338 764 2541 819; x_wconf 90' lang='lat' dir='ltr'><strong>autem,</strong></span> <span class='ocrx_word' id='word_1_112' title='bbox 2572 756 2717 825; x_wconf 79' lang='lat' dir='ltr'><strong>quod</strong></span> <span class='ocrx_word' id='word_1_113' title='bbox 2750 772 2856 810; x_wconf 91' lang='lat' dir='ltr'><strong>non</strong></span> <span class='ocrx_word' id='word_1_114' title='bbox 2888 756 3045 824; x_wconf 80' lang='lat' dir='ltr'><strong>dixit,</strong></span> <span class='ocrx_word' id='word_1_115' title='bbox 3106 756 3175 837; x_wconf 85' lang='lat' dir='ltr'><strong>lis</strong></span> <span class='ocrx_word' id='word_1_116' title='bbox 3225 756 3321 826; x_wconf 92' lang='lat' dir='ltr'><strong>qui</strong></span> <span class='ocrx_word' id='word_1_117' title='bbox 3385 773 3578 827; x_wconf 81' lang='lat' dir='ltr'><strong>pecea-</strong></span> 
     </span>
    </p>
   </div>
   <div class='ocr_carea' id='block_1_20' title="bbox 2010 844 3602 918">
    <p class='ocr_par' dir='ltr' id='par_1_20' title="bbox 2010 844 3602 918">
     <span class='ocr_line' id='line_1_20' title="bbox 2010 844 3602 918; baseline 0.001 -18"><span class='ocrx_word' id='word_1_118' title='bbox 2010 854 2156 909; x_wconf 87' lang='lat' dir='ltr'><strong>runt,</strong></span> <span class='ocrx_word' id='word_1_119' title='bbox 2185 844 2302 911; x_wconf 89' lang='lat' dir='ltr'><strong>sed,</strong></span> <span class='ocrx_word' id='word_1_120' title='bbox 2336 845 2692 916; x_wconf 67' lang='lat' dir='ltr'><strong>peccantibus,</strong></span> <span class='ocrx_word' id='word_1_121' title='bbox 2746 847 2849 902; x_wconf 85' lang='lat' dir='ltr'><strong>hoc</strong></span> <span class='ocrx_word' id='word_1_122' title='bbox 2885 855 2989 912; x_wconf 89' lang='lat' dir='ltr'><strong>est,</strong></span> <span class='ocrx_word' id='word_1_123' title='bbox 3017 847 3069 901; x_wconf 91' lang='lat' dir='ltr'><strong>in</strong></span> <span class='ocrx_word' id='word_1_124' title='bbox 3095 855 3318 918; x_wconf 88' lang='lat' dir='ltr'><strong>peccato</strong></span> <span class='ocrx_word' id='word_1_125' title='bbox 3344 847 3464 904; x_wconf 84' lang='lat' dir='ltr'><strong>sine</strong></span> <span class='ocrx_word' id='word_1_126' title='bbox 3496 846 3602 902; x_wconf 46' lang='lat' dir='ltr'><strong>re?</strong></span> 
     </span>
    </p>
   </div>
   <div class='ocr_carea' id='block_1_21' title="bbox 2008 932 3577 1005">
    <p class='ocr_par' dir='ltr' id='par_1_21' title="bbox 2008 932 3577 1005">
     <span class='ocr_line' id='line_1_21' title="bbox 2008 932 3577 1005; baseline 0.003 -18"><span class='ocrx_word' id='word_1_127' title='bbox 2008 932 2327 1004; x_wconf 87' lang='lat' dir='ltr'><strong>sipisccntia</strong></span> <span class='ocrx_word' id='word_1_128' title='bbox 2360 932 2832 1002; x_wconf 78' lang='lat' dir='ltr'><strong>permanantibus.</strong></span> <span class='ocrx_word' id='word_1_129' title='bbox 2875 934 3009 989; x_wconf 83' lang='lat' dir='ltr'><strong>Nam</strong></span> <span class='ocrx_word' id='word_1_130' title='bbox 3034 934 3079 990; x_wconf 92' lang='lat' dir='ltr'><strong>si</strong></span> <span class='ocrx_word' id='word_1_131' title='bbox 3110 950 3215 989; x_wconf 92' lang='lat' dir='ltr'><strong>non</strong></span> <span class='ocrx_word' id='word_1_132' title='bbox 3250 950 3577 1005; x_wconf 86' lang='lat' dir='ltr'><strong>permanea-</strong></span> 
     </span>
    </p>
   </div>
   <div class='ocr_carea' id='block_1_22' title="bbox 2012 1022 3577 1096">
    <p class='ocr_par' dir='ltr' id='par_1_22' title="bbox 2012 1022 3577 1096">
     <span class='ocr_line' id='line_1_22' title="bbox 2012 1022 3577 1096; baseline 0.005 -20"><span class='ocrx_word' id='word_1_133' title='bbox 2012 1040 2157 1091; x_wconf 83' lang='lat' dir='ltr'><strong>tnus,</strong></span> <span class='ocrx_word' id='word_1_134' title='bbox 2224 1024 2318 1079; x_wconf 87' lang='lat' dir='ltr'><strong>sed</strong></span> <span class='ocrx_word' id='word_1_135' title='bbox 2380 1022 2715 1091; x_wconf 64' lang='lat' dir='ltr'><strong>ptenitentia:</strong></span> <span class='ocrx_word' id='word_1_136' title='bbox 2794 1026 3070 1096; x_wconf 88' lang='lat' dir='ltr'><strong>specimen</strong></span> <span class='ocrx_word' id='word_1_137' title='bbox 3140 1029 3577 1091; x_wconf 87' lang='lat' dir='ltr'><strong>exhibuerimus.</strong></span> 
     </span>
    </p>
   </div>
   <div class='ocr_carea' id='block_1_23' title="bbox 2009 1110 3576 1196">
    <p class='ocr_par' dir='ltr' id='par_1_23' title="bbox 2009 1110 3576 1196">
     <span class='ocr_line' id='line_1_23' title="bbox 2009 1110 3576 1196; baseline 0.006 -26"><span class='ocrx_word' id='word_1_138' title='bbox 2009 1118 2182 1173; x_wconf 69' lang='lat' dir='ltr'><strong>veniae</strong></span> <span class='ocrx_word' id='word_1_139' title='bbox 2204 1110 2532 1174; x_wconf 87' lang='lat' dir='ltr'><strong>ccrtelocus</strong></span> <span class='ocrx_word' id='word_1_140' title='bbox 2570 1120 2693 1174; x_wconf 86' lang='lat' dir='ltr'><strong>crit.</strong></span> <span class='ocrx_word' id='word_1_141' title='bbox 2733 1118 2837 1176; x_wconf 91' lang='lat' dir='ltr'><strong>Ubi</strong></span> <span class='ocrx_word' id='word_1_142' title='bbox 2864 1133 2993 1177; x_wconf 88' lang='lat' dir='ltr'><strong>sunt</strong></span> <span class='ocrx_word' id='word_1_143' title='bbox 3022 1123 3192 1193; x_wconf 84' lang='lat' dir='ltr'><strong>igitur</strong></span> <span class='ocrx_word' id='word_1_144' title='bbox 3214 1124 3307 1193; x_wconf 82' lang='lat' dir='ltr'><strong>qui</strong></span> <span class='ocrx_word' id='word_1_145' title='bbox 3336 1124 3425 1180; x_wconf 89' lang='lat' dir='ltr'><strong>hic</strong></span> <span class='ocrx_word' id='word_1_146' title='bbox 3455 1139 3576 1196; x_wconf 76' lang='lat' dir='ltr'><strong>pte-</strong></span> 
     </span>
    </p>
   </div>
   <div class='ocr_carea' id='block_1_24' title="bbox 2009 1210 2750 1266">
    <p class='ocr_par' dir='ltr' id='par_1_24' title="bbox 2009 1210 2750 1266">
     <span class='ocr_line' id='line_1_24' title="bbox 2009 1210 2750 1266; baseline 0 -2"><span class='ocrx_word' id='word_1_147' title='bbox 2009 1210 2293 1264; x_wconf 74' lang='lat' dir='ltr'><strong>nitcntiam</strong></span> <span class='ocrx_word' id='word_1_148' title='bbox 2313 1211 2426 1265; x_wconf 83' lang='lat' dir='ltr'><strong>lolii</strong></span> <span class='ocrx_word' id='word_1_149' title='bbox 2469 1212 2709 1266; x_wconf 83' lang='lat' dir='ltr'><strong>clamant</strong></span> <span class='ocrx_word' id='word_1_150' title='bbox 2730 1211 2750 1264; x_wconf 70' lang='grc'><strong><em>2</em></strong></span> 
     </span>
    </p>
   </div>
   <div class='ocr_carea' id='block_1_25' title="bbox 2078 1301 3581 1372">
    <p class='ocr_par' dir='ltr' id='par_1_25' title="bbox 2078 1301 3581 1372">
     <span class='ocr_line' id='line_1_25' title="bbox 2078 1301 3581 1372; baseline 0.005 -17"><span class='ocrx_word' id='word_1_151' title='bbox 2078 1301 2206 1356; x_wconf 73' lang='lat' dir='ltr'><strong>Post</strong></span> <span class='ocrx_word' id='word_1_152' title='bbox 2239 1311 2511 1372; x_wconf 84' lang='lat' dir='ltr'><strong>acceptam</strong></span> <span class='ocrx_word' id='word_1_153' title='bbox 2545 1303 2788 1356; x_wconf 82' lang='lat' dir='ltr'><strong>notitiam</strong></span> <span class='ocrx_word' id='word_1_154' title='bbox 2812 1304 3069 1361; x_wconf 83' lang='lat' dir='ltr'><strong>veritatis.</strong></span> <span class='ocrx_word' id='word_1_155' title='bbox 3107 1305 3208 1361; x_wconf 74' lang='lat' dir='ltr'><strong>Vel</strong></span> <span class='ocrx_word' id='word_1_156' title='bbox 3237 1307 3467 1372; x_wconf 81' lang='lat' dir='ltr'><strong>Christi,</strong></span> <span class='ocrx_word' id='word_1_157' title='bbox 3493 1309 3581 1365; x_wconf 85' lang='lat' dir='ltr'><strong>vel</strong></span> 
     </span>
    </p>
   </div>
   <div class='ocr_carea' id='block_1_26' title="bbox 2006 1391 2627 1463">
    <p class='ocr_par' dir='ltr' id='par_1_26' title="bbox 2006 1391 2627 1463">
     <span class='ocr_line' id='line_1_26' title="bbox 2006 1391 2627 1463; baseline 0.005 -18"><span class='ocrx_word' id='word_1_158' title='bbox 2006 1394 2252 1446; x_wconf 87' lang='lat' dir='ltr'><strong>omnium</strong></span> <span class='ocrx_word' id='word_1_159' title='bbox 2289 1391 2627 1463; x_wconf 82' lang='lat' dir='ltr'><strong>dngmatnm.</strong></span> 
     </span>
    </p>
   </div>
   <div class='ocr_carea' id='block_1_27' title="bbox 2089 1571 3587 1647">
    <p class='ocr_par' dir='ltr' id='par_1_27' title="bbox 2089 1571 3587 1647">
     <span class='ocr_line' id='line_1_27' title="bbox 2089 1571 3587 1647; baseline 0.01 -21"><span class='ocrx_word' id='word_1_160' title='bbox 2089 1571 2218 1627; x_wconf 75' lang='lat' dir='ltr'><strong>1am</strong></span> <span class='ocrx_word' id='word_1_161' title='bbox 2249 1591 2354 1628; x_wconf 89' lang='lat' dir='ltr'><strong>non</strong></span> <span class='ocrx_word' id='word_1_162' title='bbox 2389 1575 2707 1644; x_wconf 84' lang='lat' dir='ltr'><strong>relinquitur</strong></span> <span class='ocrx_word' id='word_1_163' title='bbox 2730 1592 2826 1646; x_wconf 83' lang='lat' dir='ltr'><strong>pro</strong></span> <span class='ocrx_word' id='word_1_164' title='bbox 2854 1579 3082 1647; x_wconf 73' lang='lat' dir='ltr'><strong>peccatis</strong></span> <span class='ocrx_word' id='word_1_165' title='bbox 3137 1580 3331 1640; x_wconf 77' lang='lat' dir='ltr'><strong>hostia.</strong></span> <span class='ocrx_word' id='word_1_166' title='bbox 3366 1580 3485 1641; x_wconf 88' lang='lat' dir='ltr'><strong>Non</strong></span> <span class='ocrx_word' id='word_1_167' title='bbox 3525 1596 3587 1641; x_wconf 87' lang='lat' dir='ltr'><strong>ut</strong></span> 
     </span>
    </p>
   </div>
   <div class='ocr_carea' id='block_1_28' title="bbox 2010 1664 3588 1747">
    <p class='ocr_par' dir='ltr' id='par_1_28' title="bbox 2010 1664 3588 1747">
     <span class='ocr_line' id='line_1_28' title="bbox 2010 1664 3588 1747; baseline 0.006 -25"><span class='ocrx_word' id='word_1_168' title='bbox 2010 1664 2387 1736; x_wconf 81' lang='lat' dir='ltr'><strong>paenitentiam</strong></span> <span class='ocrx_word' id='word_1_169' title='bbox 2420 1665 2656 1733; x_wconf 80' lang='lat' dir='ltr'><strong>auferat,</strong></span> <span class='ocrx_word' id='word_1_170' title='bbox 2684 1666 2799 1722; x_wconf 85' lang='lat' dir='ltr'><strong>haec</strong></span> <span class='ocrx_word' id='word_1_171' title='bbox 2825 1667 2982 1736; x_wconf 86' lang='lat' dir='ltr'><strong>dicit,</strong></span> <span class='ocrx_word' id='word_1_172' title='bbox 3020 1677 3080 1725; x_wconf 90' lang='lat' dir='ltr'><strong>ut</strong></span> <span class='ocrx_word' id='word_1_173' title='bbox 3125 1671 3345 1742; x_wconf 86' lang='lat' dir='ltr'><strong>quidam</strong></span> <span class='ocrx_word' id='word_1_174' title='bbox 3392 1674 3588 1747; x_wconf 80' lang='lat' dir='ltr'><strong>perpe-</strong></span> 
     </span>
    </p>
   </div>
   <div class='ocr_carea' id='block_1_29' title="bbox 2011 1761 3580 1829">
    <p class='ocr_par' dir='ltr' id='par_1_29' title="bbox 2011 1761 3580 1829">
     <span class='ocr_line' id='line_1_29' title="bbox 2011 1761 3580 1829; baseline 0.009 -14"><span class='ocrx_word' id='word_1_175' title='bbox 2011 1777 2126 1816; x_wconf 88' lang='lat' dir='ltr'><strong>ram</strong></span> <span class='ocrx_word' id='word_1_176' title='bbox 2159 1761 2589 1819; x_wconf 80' lang='lat' dir='ltr'><strong>intellexerunt:</strong></span> <span class='ocrx_word' id='word_1_177' title='bbox 2628 1763 2723 1819; x_wconf 90' lang='lat' dir='ltr'><strong>sed</strong></span> <span class='ocrx_word' id='word_1_178' title='bbox 2757 1764 3001 1821; x_wconf 72' lang='lat' dir='ltr'><strong>ostendit</strong></span> <span class='ocrx_word' id='word_1_179' title='bbox 3058 1781 3165 1823; x_wconf 90' lang='lat' dir='ltr'><strong>non</strong></span> <span class='ocrx_word' id='word_1_180' title='bbox 3225 1784 3350 1826; x_wconf 83' lang='lat' dir='ltr'><strong>esse</strong></span> <span class='ocrx_word' id='word_1_181' title='bbox 3401 1771 3580 1829; x_wconf 89' lang='lat' dir='ltr'><strong>locum</strong></span> 
     </span>
    </p>
   </div>
   <div class='ocr_carea' id='block_1_30' title="bbox 2011 1852 3588 1926">
    <p class='ocr_par' dir='ltr' id='par_1_30' title="bbox 2011 1852 3588 1926">
     <span class='ocr_line' id='line_1_30' title="bbox 2011 1852 3588 1926; baseline 0.009 -19"><span class='ocrx_word' id='word_1_182' title='bbox 2011 1852 2256 1909; x_wconf 82' lang='lat' dir='ltr'><strong>secundo</strong></span> <span class='ocrx_word' id='word_1_183' title='bbox 2293 1852 2634 1924; x_wconf 89' lang='lat' dir='ltr'><strong>baptismati,</strong></span> <span class='ocrx_word' id='word_1_184' title='bbox 2689 1854 2921 1926; x_wconf 84' lang='lat' dir='ltr'><strong>ideoque</strong></span> <span class='ocrx_word' id='word_1_185' title='bbox 2968 1872 3069 1914; x_wconf 91' lang='lat' dir='ltr'><strong>nec</strong></span> <span class='ocrx_word' id='word_1_186' title='bbox 3122 1862 3378 1918; x_wconf 84' lang='lat' dir='ltr'><strong>secundae</strong></span> <span class='ocrx_word' id='word_1_187' title='bbox 3423 1869 3588 1921; x_wconf 85' lang='lat' dir='ltr'><strong>morti</strong></span> 
     </span>
    </p>
   </div>
   <div class='ocr_carea' id='block_1_31' title="bbox 320 1929 1908 2024">
    <p class='ocr_par' dir='ltr' id='par_1_31' title="bbox 320 1929 1898 2023">
     <span class='ocr_line' id='line_1_31' title="bbox 320 1929 1898 2023; baseline 0.003 -18"><span class='ocrx_word' id='word_1_188' title='bbox 320 1929 541 2006; x_wconf 79' lang='grc' dir='ltr'>Θυσίαν</span> <span class='ocrx_word' id='word_1_189' title='bbox 571 1953 681 2023; x_wconf 83' lang='grc' dir='ltr'>γὰρ</span> <span class='ocrx_word' id='word_1_190' title='bbox 714 1952 904 2008; x_wconf 87' lang='grc' dir='ltr'>τοῦτον</span> <span class='ocrx_word' id='word_1_191' title='bbox 946 1929 1135 2021; x_wconf 65' lang='grc' dir='ltr'>καλεῖ,</span> <span class='ocrx_word' id='word_1_192' title='bbox 1163 1955 1239 2020; x_wconf 88' lang='grc' dir='ltr'><strong>ώς</strong></span> <span class='ocrx_word' id='word_1_193' title='bbox 1270 1956 1368 2010; x_wconf 71' lang='grc' dir='ltr'>καὶ</span> <span class='ocrx_word' id='word_1_194' title='bbox 1403 1956 1462 2009; x_wconf 80' lang='grc' dir='ltr'>ὲν</span> <span class='ocrx_word' id='word_1_195' title='bbox 1485 1955 1598 2018; x_wconf 83' lang='grc' dir='ltr'>τοῖς</span> <span class='ocrx_word' id='word_1_196' title='bbox 1644 1929 1898 2010; x_wconf 79' lang='grc' dir='ltr'><strong>κατόπιν.</strong></span> 
     </span>
    </p>
   </div>
   <div class='ocr_carea' id='block_1_32' title="bbox 2020 1929 3589 2024">
    <p class='ocr_par' dir='ltr' id='par_1_32' title="bbox 2020 1942 3589 2024">
     <span class='ocr_line' id='line_1_32' title="bbox 2020 1942 3589 2024; baseline 0.01 -26"><span class='ocrx_word' id='word_1_197' title='bbox 2020 1943 2230 2000; x_wconf 70' lang='grc' dir='ltr'>Ξιιτίειί.</span> <span class='ocrx_word' id='word_1_198' title='bbox 2248 1942 2494 2001; x_wconf 87' lang='lat' dir='ltr'><strong>Ilostiam</strong></span> <span class='ocrx_word' id='word_1_199' title='bbox 2513 1946 2657 2001; x_wconf 91' lang='lat' dir='ltr'><strong>enim</strong></span> <span class='ocrx_word' id='word_1_200' title='bbox 2680 1960 2797 2001; x_wconf 86' lang='lat' dir='ltr'><strong>eam</strong></span> <span class='ocrx_word' id='word_1_201' title='bbox 2828 1949 3085 2019; x_wconf 82' lang='lat' dir='ltr'><strong>appellat,</strong></span> <span class='ocrx_word' id='word_1_202' title='bbox 3110 1960 3167 2007; x_wconf 89' lang='lat' dir='ltr'><strong>ut</strong></span> <span class='ocrx_word' id='word_1_203' title='bbox 3183 1954 3411 2024; x_wconf 79' lang='lat' dir='ltr'><strong>posthac</strong></span> <span class='ocrx_word' id='word_1_204' title='bbox 3439 1954 3589 2013; x_wconf 80' lang='lat' dir='ltr'><strong>vide-</strong></span> 
     </span>
    </p>
   </div>
   <div class='ocr_carea' id='block_1_33' title="bbox 319 2042 1900 2119">
    <p class='ocr_par' dir='ltr' id='par_1_33' title="bbox 319 2042 1900 2119">
     <span class='ocr_line' id='line_1_33' title="bbox 319 2042 1900 2119; baseline 0.003 -24"><span class='ocrx_word' id='word_1_205' title='bbox 319 2042 443 2114; x_wconf 78' lang='grc' dir='ltr'><strong>Μιᾷ</strong></span> <span class='ocrx_word' id='word_1_206' title='bbox 472 2042 580 2112; x_wconf 87' lang='grc' dir='ltr'><strong>γάρ</strong></span> <span class='ocrx_word' id='word_1_207' title='bbox 609 2042 771 2116; x_wconf 69' lang='grc' dir='ltr'>θυσίᾳ</span> <span class='ocrx_word' id='word_1_208' title='bbox 807 2044 1158 2101; x_wconf 80' lang='grc' dir='ltr'>τετελείωκεν</span> <span class='ocrx_word' id='word_1_209' title='bbox 1191 2049 1272 2109; x_wconf 79' lang='grc' dir='ltr'>εἰς</span> <span class='ocrx_word' id='word_1_210' title='bbox 1301 2047 1361 2101; x_wconf 83' lang='grc' dir='ltr'><strong>τὸ</strong></span> <span class='ocrx_word' id='word_1_211' title='bbox 1391 2046 1640 2119; x_wconf 83' lang='grc' dir='ltr'>διηνεκές</span> <span class='ocrx_word' id='word_1_212' title='bbox 1658 2062 1673 2076; x_wconf 75' lang='grc'><strong><em>⁸</em></strong></span> <span class='ocrx_word' id='word_1_213' title='bbox 1703 2044 1765 2100; x_wconf 78' lang='grc' dir='ltr'>τὸ</span> <span class='ocrx_word' id='word_1_214' title='bbox 1793 2046 1900 2116; x_wconf 77' lang='grc' dir='ltr'><strong>γάρ</strong></span> 
     </span>
    </p>
   </div>
   <div class='ocr_carea' id='block_1_34' title="bbox 322 2133 1898 2208">
    <p class='ocr_par' dir='ltr' id='par_1_34' title="bbox 322 2133 1898 2208">
     <span class='ocr_line' id='line_1_34' title="bbox 322 2133 1898 2208; baseline 0.003 -22"><span class='ocrx_word' id='word_1_215' title='bbox 322 2133 613 2204; x_wconf 73' lang='grc' dir='ltr'><strong>βάπτισμα</strong></span> <span class='ocrx_word' id='word_1_216' title='bbox 655 2135 813 2208; x_wconf 75' lang='grc' dir='ltr'>ἡμῶν</span> <span class='ocrx_word' id='word_1_217' title='bbox 841 2136 931 2191; x_wconf 83' lang='grc' dir='ltr'><strong>τὸν</strong></span> <span class='ocrx_word' id='word_1_218' title='bbox 964 2136 1196 2192; x_wconf 86' lang='grc' dir='ltr'>θάνατον</span> <span class='ocrx_word' id='word_1_219' title='bbox 1215 2136 1473 2202; x_wconf 77' lang='grc' dir='ltr'>είκονίζει</span> <span class='ocrx_word' id='word_1_220' title='bbox 1509 2136 1898 2208; x_wconf 75' lang='grc' dir='ltr'>τοῦΧριστοῦ.</span> 
     </span>
    </p>
   </div>
   <div class='ocr_carea' id='block_1_35' title="bbox 322 2221 1905 2296">
    <p class='ocr_par' dir='ltr' id='par_1_35' title="bbox 322 2221 1905 2296">
     <span class='ocr_line' id='line_1_35' title="bbox 322 2221 1905 2296; baseline 0.002 -20"><span class='ocrx_word' id='word_1_221' title='bbox 322 2224 541 2296; x_wconf 82' lang='grc' dir='ltr'>Ὠσπερ</span> <span class='ocrx_word' id='word_1_222' title='bbox 569 2221 663 2279; x_wconf 83' lang='grc' dir='ltr'><strong>οὖν</strong></span> <span class='ocrx_word' id='word_1_223' title='bbox 693 2227 900 2291; x_wconf 75' lang='grc' dir='ltr'>ἐκεῖνος</span> <span class='ocrx_word' id='word_1_224' title='bbox 929 2223 1033 2293; x_wconf 81' lang='grc' dir='ltr'>εἷς,</span> <span class='ocrx_word' id='word_1_225' title='bbox 1061 2227 1206 2282; x_wconf 76' lang='grc' dir='ltr'>οὕτω</span> <span class='ocrx_word' id='word_1_226' title='bbox 1241 2229 1335 2283; x_wconf 77' lang='grc' dir='ltr'>καὶ</span> <span class='ocrx_word' id='word_1_227' title='bbox 1377 2227 1535 2282; x_wconf 79' lang='grc' dir='ltr'>τοῦτο</span> <span class='ocrx_word' id='word_1_228' title='bbox 1573 2227 1653 2282; x_wconf 77' lang='grc' dir='ltr'>ἓν.</span> <span class='ocrx_word' id='word_1_229' title='bbox 1694 2226 1760 2280; x_wconf 88' lang='grc' dir='ltr'>Τί</span> <span class='ocrx_word' id='word_1_230' title='bbox 1792 2226 1905 2281; x_wconf 85' lang='grc' dir='ltr'>τοί-</span> 
     </span>
    </p>
   </div>
   <div class='ocr_carea' id='block_1_36' title="bbox 323 2316 1941 2394">
    <p class='ocr_par' dir='ltr' id='par_1_36' title="bbox 323 2316 1941 2394">
     <span class='ocr_line' id='line_1_36' title="bbox 323 2316 1941 2394; baseline 0.001 -24"><span class='ocrx_word' id='word_1_231' title='bbox 323 2333 422 2370; x_wconf 86' lang='grc' dir='ltr'><strong>νυν</strong></span> <span class='ocrx_word' id='word_1_232' title='bbox 452 2317 790 2389; x_wconf 79' lang='grc' dir='ltr'>ἁμαρτάνεις</span> <span class='ocrx_word' id='word_1_233' title='bbox 816 2316 992 2385; x_wconf 65' lang='grc' dir='ltr'>οὕτως</span> <span class='ocrx_word' id='word_1_234' title='bbox 1037 2320 1232 2386; x_wconf 80' lang='grc' dir='ltr'><strong>ἀδεῶς,</strong></span> <span class='ocrx_word' id='word_1_235' title='bbox 1272 2321 1349 2394; x_wconf 80' lang='grc' dir='ltr'>μὴ</span> <span class='ocrx_word' id='word_1_236' title='bbox 1379 2319 1547 2388; x_wconf 78' lang='grc' dir='ltr'>οὔσης</span> <span class='ocrx_word' id='word_1_237' title='bbox 1576 2319 1793 2383; x_wconf 74' lang='grc' dir='ltr'>ἐλπίδος</span> <span class='ocrx_word' id='word_1_238' title='bbox 1820 2320 1906 2373; x_wconf 79' lang='grc' dir='ltr'>ὅτι</span> <span class='ocrx_word' id='word_1_239' title='bbox 1934 2384 1941 2390; x_wconf 29' lang='grc' dir='ltr'><strong>θ</strong></span> 
     </span>
    </p>
   </div>
   <div class='ocr_carea' id='block_1_37' title="bbox 319 2407 1908 2483">
    <p class='ocr_par' dir='ltr' id='par_1_37' title="bbox 319 2407 1908 2483">
     <span class='ocr_line' id='line_1_37' title="bbox 319 2407 1908 2483; baseline 0.002 -22"><span class='ocrx_word' id='word_1_240' title='bbox 319 2407 415 2461; x_wconf 80' lang='grc' dir='ltr'><strong>διά</strong></span> <span class='ocrx_word' id='word_1_241' title='bbox 461 2408 554 2462; x_wconf 85' lang='grc' dir='ltr'><strong>τοῦ</strong></span> <span class='ocrx_word' id='word_1_242' title='bbox 607 2407 985 2480; x_wconf 75' lang='grc' dir='ltr'>βαπτίσματος</span> <span class='ocrx_word' id='word_1_243' title='bbox 1038 2410 1440 2483; x_wconf 83' lang='grc' dir='ltr'>ἀταλαιπώρως</span> <span class='ocrx_word' id='word_1_244' title='bbox 1478 2409 1789 2483; x_wconf 70' lang='grc' dir='ltr'>ἀπαλείψῃς</span> <span class='ocrx_word' id='word_1_245' title='bbox 1838 2410 1908 2464; x_wconf 78' lang='grc' dir='ltr'>τὰ</span> 
     </span>
    </p>
   </div>
   <div class='ocr_carea' id='block_1_38' title="bbox 321 2495 1624 2572">
    <p class='ocr_par' dir='ltr' id='par_1_38' title="bbox 321 2495 1624 2572">
     <span class='ocr_line' id='line_1_38' title="bbox 321 2495 1624 2572; baseline 0.002 -18"><span class='ocrx_word' id='word_1_246' title='bbox 321 2500 734 2572; x_wconf 74' lang='grc' dir='ltr'>ἁμαρτήματας</span> <span class='ocrx_word' id='word_1_247' title='bbox 769 2495 965 2555; x_wconf 72' lang='grc' dir='ltr'>Καλιῖἰν</span> <span class='ocrx_word' id='word_1_248' title='bbox 993 2500 1087 2556; x_wconf 79' lang='grc' dir='ltr'><strong>οὖν</strong></span> <span class='ocrx_word' id='word_1_249' title='bbox 1115 2502 1293 2572; x_wconf 74' lang='grc' dir='ltr'>ἔργων</span> <span class='ocrx_word' id='word_1_250' title='bbox 1323 2500 1624 2557; x_wconf 86' lang='grc' dir='ltr'>ἀντιποιοῦ.</span> 
     </span>
    </p>
   </div>
   <div class='ocr_carea' id='block_1_39' title="bbox 401 2683 1911 2756">
    <p class='ocr_par' dir='ltr' id='par_1_39' title="bbox 401 2683 1911 2756">
     <span class='ocr_line' id='line_1_39' title="bbox 401 2683 1911 2756; baseline 0.011 -20"><span class='ocrx_word' id='word_1_251' title='bbox 401 2685 627 2751; x_wconf 63' lang='grc' dir='ltr'>Φοϐερὰ</span> <span class='ocrx_word' id='word_1_252' title='bbox 665 2683 732 2738; x_wconf 83' lang='grc' dir='ltr'><strong>δέ</strong></span> <span class='ocrx_word' id='word_1_253' title='bbox 759 2702 848 2751; x_wconf 84' lang='grc' dir='ltr'><strong>τις</strong></span> <span class='ocrx_word' id='word_1_254' title='bbox 880 2685 1105 2756; x_wconf 76' lang='grc' dir='ltr'>ἐκδοχὴ</span> <span class='ocrx_word' id='word_1_255' title='bbox 1150 2687 1426 2755; x_wconf 79' lang='grc' dir='ltr'>κρίσεως,</span> <span class='ocrx_word' id='word_1_256' title='bbox 1464 2686 1565 2739; x_wconf 75' lang='grc' dir='ltr'>καὶ</span> <span class='ocrx_word' id='word_1_257' title='bbox 1594 2686 1785 2755; x_wconf 77' lang='grc' dir='ltr'>πυρὸς</span> <span class='ocrx_word' id='word_1_258' title='bbox 1815 2685 1911 2756; x_wconf 55' lang='lat' dir='ltr'><strong>(ft-</strong></span> 
     </span>
    </p>
   </div>
   <div class='ocr_carea' id='block_1_40' title="bbox 318 2771 1910 2846">
    <p class='ocr_par' dir='ltr' id='par_1_40' title="bbox 318 2771 1910 2846">
     <span class='ocr_line' id='line_1_40' title="bbox 318 2771 1910 2846; baseline 0.003 -22"><span class='ocrx_word' id='word_1_259' title='bbox 318 2773 459 2836; x_wconf 71' lang='grc' dir='ltr'>λος,</span> <span class='ocrx_word' id='word_1_260' title='bbox 488 2771 722 2827; x_wconf 78' lang='grc' dir='ltr'>ἐσθίειν</span> <span class='ocrx_word' id='word_1_261' title='bbox 758 2773 1095 2844; x_wconf 74' lang='grc' dir='ltr'>μέλλοντος</span> <span class='ocrx_word' id='word_1_262' title='bbox 1141 2774 1285 2842; x_wconf 87' lang='grc' dir='ltr'>τοὺς</span> <span class='ocrx_word' id='word_1_263' title='bbox 1311 2776 1732 2843; x_wconf 77' lang='grc' dir='ltr'>ὑπεναντίους.</span> <span class='ocrx_word' id='word_1_264' title='bbox 1766 2776 1910 2846; x_wconf 84' lang='grc' dir='ltr'>Ὅρα</span> 
     </span>
    </p>
   </div>
   <div class='ocr_carea' id='block_1_41' title="bbox 330 2858 1910 2942">
    <p class='ocr_par' dir='ltr' id='par_1_41' title="bbox 330 2858 1910 2942">
     <span class='ocr_line' id='line_1_41' title="bbox 330 2858 1910 2942; baseline 0.004 -26"><span class='ocrx_word' id='word_1_265' title='bbox 330 2863 452 2926; x_wconf 82' lang='grc' dir='ltr'><strong>πῶς</strong></span> <span class='ocrx_word' id='word_1_266' title='bbox 508 2858 620 2917; x_wconf 76' lang='grc' dir='ltr'>οἷον</span> <span class='ocrx_word' id='word_1_267' title='bbox 664 2864 913 2936; x_wconf 74' lang='grc' dir='ltr'>ἐψύχωσε</span> <span class='ocrx_word' id='word_1_268' title='bbox 964 2867 1024 2920; x_wconf 84' lang='grc' dir='ltr'>τὸ</span> <span class='ocrx_word' id='word_1_269' title='bbox 1078 2866 1214 2940; x_wconf 88' lang='grc' dir='ltr'>πῦρ.</span> <span class='ocrx_word' id='word_1_270' title='bbox 1261 2859 1529 2938; x_wconf 82' lang='grc' dir='ltr'>Καθάπερ</span> <span class='ocrx_word' id='word_1_271' title='bbox 1574 2869 1683 2942; x_wconf 84' lang='grc' dir='ltr'><strong>γάρ</strong></span> <span class='ocrx_word' id='word_1_272' title='bbox 1723 2867 1910 2941; x_wconf 82' lang='grc' dir='ltr'>θηρίον</span> 
     </span>
    </p>
   </div>
   <div class='ocr_carea' id='block_1_42' title="bbox 324 2954 1914 3035">
    <p class='ocr_par' dir='ltr' id='par_1_42' title="bbox 324 2954 1914 3035">
     <span class='ocr_line' id='line_1_42' title="bbox 324 2954 1914 3035; baseline 0.004 -26"><span class='ocrx_word' id='word_1_273' title='bbox 324 2955 772 3027; x_wconf 82' lang='grc' dir='ltr'>παροξυνόμενον</span> <span class='ocrx_word' id='word_1_274' title='bbox 813 2957 872 3011; x_wconf 81' lang='grc' dir='ltr'>οὑ</span> <span class='ocrx_word' id='word_1_275' title='bbox 913 2958 1148 3013; x_wconf 83' lang='grc' dir='ltr'>παύεται</span> <span class='ocrx_word' id='word_1_276' title='bbox 1182 2959 1289 3024; x_wconf 72' lang='grc' dir='ltr'>ἕως</span> <span class='ocrx_word' id='word_1_277' title='bbox 1348 2954 1410 3015; x_wconf 73' lang='grc' dir='ltr'>οὗ</span> <span class='ocrx_word' id='word_1_278' title='bbox 1455 2960 1596 3035; x_wconf 73' lang='grc' dir='ltr'>λάϐῃ</span> <span class='ocrx_word' id='word_1_279' title='bbox 1637 2961 1778 3028; x_wconf 82' lang='grc' dir='ltr'>τινά,</span> <span class='ocrx_word' id='word_1_280' title='bbox 1817 2962 1914 3016; x_wconf 74' lang='grc' dir='ltr'><strong>καὶ</strong></span> 
     </span>
    </p>
   </div>
   <div class='ocr_carea' id='block_1_43' title="bbox 328 3049 1910 3126">
    <p class='ocr_par' dir='ltr' id='par_1_43' title="bbox 328 3049 1910 3126">
     <span class='ocr_line' id='line_1_43' title="bbox 328 3049 1910 3126; baseline -0.018 7"><span class='ocrx_word' id='word_1_281' title='bbox 328 3049 655 3118; x_wconf 69' lang='grc' dir='ltr'><strong>καταφαγδν</strong></span> <span class='ocrx_word' id='word_1_282' title='bbox 676 3050 879 3121; x_wconf 66' lang='grc' dir='ltr'><strong>κορέσῃ</strong></span> <span class='ocrx_word' id='word_1_283' title='bbox 909 3050 1000 3104; x_wconf 78' lang='grc' dir='ltr'><strong>τδν</strong></span> <span class='ocrx_word' id='word_1_284' title='bbox 1030 3050 1201 3121; x_wconf 82' lang='grc' dir='ltr'>θυμόν</span> <span class='ocrx_word' id='word_1_285' title='bbox 1222 3068 1238 3083; x_wconf 76' lang='grc'><strong>⁸</strong></span> <span class='ocrx_word' id='word_1_286' title='bbox 1274 3051 1418 3106; x_wconf 75' lang='grc' dir='ltr'>οὕτω</span> <span class='ocrx_word' id='word_1_287' title='bbox 1448 3054 1673 3106; x_wconf 86' lang='grc' dir='ltr'>κάκείνο</span> <span class='ocrx_word' id='word_1_288' title='bbox 1693 3053 1754 3107; x_wconf 81' lang='grc' dir='ltr'><strong>τὸ</strong></span> <span class='ocrx_word' id='word_1_289' title='bbox 1777 3053 1910 3126; x_wconf 86' lang='grc' dir='ltr'>πῦρ,</span> 
     </span>
    </p>
   </div>
   <div class='ocr_carea' id='block_1_44' title="bbox 327 3141 1910 3218">
    <p class='ocr_par' dir='ltr' id='par_1_44' title="bbox 327 3141 1910 3218">
     <span class='ocr_line' id='line_1_44' title="bbox 327 3141 1910 3218; baseline 0.004 -24"><span class='ocrx_word' id='word_1_290' title='bbox 327 3141 530 3211; x_wconf 77' lang='grc' dir='ltr'>ζηλοῦν</span> <span class='ocrx_word' id='word_1_291' title='bbox 581 3143 721 3215; x_wconf 75' lang='grc' dir='ltr'>ὑπὲρ</span> <span class='ocrx_word' id='word_1_292' title='bbox 763 3145 871 3199; x_wconf 88' lang='grc' dir='ltr'><strong>τῶν</strong></span> <span class='ocrx_word' id='word_1_293' title='bbox 904 3145 997 3199; x_wconf 86' lang='grc' dir='ltr'><strong>τοῦ</strong></span> <span class='ocrx_word' id='word_1_294' title='bbox 1039 3144 1175 3199; x_wconf 79' lang='grc' dir='ltr'>Θεοῦ</span> <span class='ocrx_word' id='word_1_295' title='bbox 1214 3146 1447 3200; x_wconf 81' lang='grc' dir='ltr'>ἐντολῶν</span> <span class='ocrx_word' id='word_1_296' title='bbox 1495 3146 1607 3201; x_wconf 90' lang='grc' dir='ltr'><strong>τῶν</strong></span> <span class='ocrx_word' id='word_1_297' title='bbox 1654 3147 1910 3218; x_wconf 80' lang='grc' dir='ltr'>παραϐα-</span> 
     </span>
    </p>
   </div>
   <div class='ocr_carea' id='block_1_45' title="bbox 328 3234 1981 3331">
    <p class='ocr_par' dir='ltr' id='par_1_45' title="bbox 328 3234 1981 3331">
     <span class='ocr_line' id='line_1_45' title="bbox 328 3234 1981 3331; baseline 0.005 -44"><span class='ocrx_word' id='word_1_298' title='bbox 328 3234 550 3297; x_wconf 84' lang='grc' dir='ltr'>θεισῶν.</span> <span class='ocrx_word' id='word_1_299' title='bbox 580 3237 676 3291; x_wconf 79' lang='grc' dir='ltr'><strong>καὶ</strong></span> <span class='ocrx_word' id='word_1_300' title='bbox 704 3238 989 3307; x_wconf 83' lang='grc' dir='ltr'>άγριαῖνον</span> <span class='ocrx_word' id='word_1_301' title='bbox 1020 3237 1159 3309; x_wconf 83' lang='grc' dir='ltr'>ὑπὲρ</span> <span class='ocrx_word' id='word_1_302' title='bbox 1192 3238 1441 3301; x_wconf 77' lang='grc' dir='ltr'>ἐκείνων,</span> <span class='ocrx_word' id='word_1_303' title='bbox 1466 3237 1525 3294; x_wconf 80' lang='grc' dir='ltr'>ὃν</span> <span class='ocrx_word' id='word_1_304' title='bbox 1546 3237 1619 3331; x_wconf 64' lang='grc' dir='ltr'><strong>άν</strong></span> <span class='ocrx_word' id='word_1_305' title='bbox 1643 3239 1905 3311; x_wconf 75' lang='grc' dir='ltr'>συλλάϐῃ.</span> <span class='ocrx_word' id='word_1_306' title='bbox 1935 3269 1981 3331; x_wconf 76' lang='lat' dir='ltr'>C</span> 
     </span>
    </p>
   </div>
   <div class='ocr_carea' id='block_1_46' title="bbox 327 3326 1910 3401">
    <p class='ocr_par' dir='ltr' id='par_1_46' title="bbox 327 3326 1910 3401">
     <span class='ocr_line' id='line_1_46' title="bbox 327 3326 1910 3401; baseline 0.002 -20"><span class='ocrx_word' id='word_1_307' title='bbox 327 3326 572 3381; x_wconf 78' lang='grc' dir='ltr'><strong>¹τοιοῦτον</strong></span> <span class='ocrx_word' id='word_1_308' title='bbox 623 3327 1015 3401; x_wconf 78' lang='grc' dir='ltr'>διαϐιϐρώσκει</span> <span class='ocrx_word' id='word_1_309' title='bbox 1064 3329 1172 3383; x_wconf 83' lang='grc' dir='ltr'>ἀεί.</span> <span class='ocrx_word' id='word_1_310' title='bbox 1228 3330 1306 3386; x_wconf 83' lang='grc' dir='ltr'><strong>Οὐ</strong></span> <span class='ocrx_word' id='word_1_311' title='bbox 1357 3329 1466 3401; x_wconf 85' lang='grc' dir='ltr'>γὰρ</span> <span class='ocrx_word' id='word_1_312' title='bbox 1517 3326 1663 3398; x_wconf 85' lang='grc' dir='ltr'>εἷπε,</span> <span class='ocrx_word' id='word_1_313' title='bbox 1716 3333 1910 3399; x_wconf 83' lang='grc' dir='ltr'>φαγεῖν</span> 
     </span>
    </p>
   </div>
   <div class='ocr_carea' id='block_1_47' title="bbox 328 3417 1910 3493">
    <p class='ocr_par' dir='ltr' id='par_1_47' title="bbox 328 3417 1910 3493">
     <span class='ocr_line' id='line_1_47' title="bbox 328 3417 1910 3493; baseline 0.003 -23"><span class='ocrx_word' id='word_1_314' title='bbox 328 3417 550 3488; x_wconf 66' lang='grc' dir='ltr'>μέλλον,</span> <span class='ocrx_word' id='word_1_315' title='bbox 580 3419 717 3486; x_wconf 84' lang='grc' dir='ltr'>ἀλλ’,</span> <span class='ocrx_word' id='word_1_316' title='bbox 754 3420 978 3492; x_wconf 75' lang='grc' dir='ltr'>ὲσθίειν,</span> <span class='ocrx_word' id='word_1_317' title='bbox 1022 3421 1208 3485; x_wconf 79' lang='grc' dir='ltr'>ἀϊδίως</span> <span class='ocrx_word' id='word_1_318' title='bbox 1258 3419 1481 3493; x_wconf 85' lang='grc' dir='ltr'>δηλαδή.</span> <span class='ocrx_word' id='word_1_319' title='bbox 1524 3421 1910 3485; x_wconf 82' lang='grc' dir='ltr'>’Υπεναντίους</span> 
     </span>
    </p>
   </div>
   <div class='ocr_carea' id='block_1_48' title="bbox 323 3507 1910 3589">
    <p class='ocr_par' dir='ltr' id='par_1_48' title="bbox 323 3507 1910 3589">
     <span class='ocr_line' id='line_1_48' title="bbox 323 3507 1910 3589; baseline 0.003 -30"><span class='ocrx_word' id='word_1_320' title='bbox 323 3507 409 3572; x_wconf 80' lang='grc' dir='ltr'>δὲ,</span> <span class='ocrx_word' id='word_1_321' title='bbox 456 3509 517 3561; x_wconf 78' lang='grc' dir='ltr'>οὐ</span> <span class='ocrx_word' id='word_1_322' title='bbox 569 3509 730 3580; x_wconf 78' lang='grc' dir='ltr'>μόνον</span> <span class='ocrx_word' id='word_1_323' title='bbox 759 3510 886 3572; x_wconf 83' lang='grc' dir='ltr'>τοὺς</span> <span class='ocrx_word' id='word_1_324' title='bbox 914 3510 1199 3574; x_wconf 76' lang='grc' dir='ltr'>ἀπίστους,</span> <span class='ocrx_word' id='word_1_325' title='bbox 1235 3509 1374 3564; x_wconf 87' lang='grc' dir='ltr'><strong>ἀλλά</strong></span> <span class='ocrx_word' id='word_1_326' title='bbox 1401 3508 1497 3563; x_wconf 78' lang='grc' dir='ltr'>καὶ</span> <span class='ocrx_word' id='word_1_327' title='bbox 1523 3509 1649 3573; x_wconf 81' lang='grc' dir='ltr'>τοὺς</span> <span class='ocrx_word' id='word_1_328' title='bbox 1683 3510 1910 3589; x_wconf 70' lang='grc' dir='ltr'>πιστοὺς</span> 
     </span>
    </p>
   </div>
   <div class='ocr_carea' id='block_1_49' title="bbox 333 3600 1911 3674">
    <p class='ocr_par' dir='ltr' id='par_1_49' title="bbox 333 3600 1911 3674">
     <span class='ocr_line' id='line_1_49' title="bbox 333 3600 1911 3674; baseline 0.001 -21"><span class='ocrx_word' id='word_1_329' title='bbox 333 3600 459 3669; x_wconf 83' lang='grc' dir='ltr'>μὲν,</span> <span class='ocrx_word' id='word_1_330' title='bbox 492 3601 562 3654; x_wconf 78' lang='grc' dir='ltr'><strong>τά</strong></span> <span class='ocrx_word' id='word_1_331' title='bbox 589 3601 807 3656; x_wconf 79' lang='grc' dir='ltr'>ἐναντία</span> <span class='ocrx_word' id='word_1_332' title='bbox 831 3603 890 3657; x_wconf 82' lang='grc' dir='ltr'>δὲ</span> <span class='ocrx_word' id='word_1_333' title='bbox 914 3602 1023 3657; x_wconf 86' lang='grc' dir='ltr'><strong>τῶν</strong></span> <span class='ocrx_word' id='word_1_334' title='bbox 1048 3601 1280 3657; x_wconf 77' lang='grc' dir='ltr'>ἐντολῶν</span> <span class='ocrx_word' id='word_1_335' title='bbox 1301 3602 1398 3657; x_wconf 84' lang='grc' dir='ltr'><strong>τοῦ</strong></span> <span class='ocrx_word' id='word_1_336' title='bbox 1434 3602 1569 3658; x_wconf 84' lang='grc' dir='ltr'>Θεοῦ</span> <span class='ocrx_word' id='word_1_337' title='bbox 1602 3601 1911 3674; x_wconf 76' lang='grc' dir='ltr'>ἐργαζομέ-</span> 
     </span>
    </p>
   </div>
   <div class='ocr_carea' id='block_1_50' title="bbox 327 3707 477 3755">
    <p class='ocr_par' dir='ltr' id='par_1_50' title="bbox 327 3707 477 3755">
     <span class='ocr_line' id='line_1_50' title="bbox 327 3707 477 3755; baseline 0 -11"><span class='ocrx_word' id='word_1_338' title='bbox 327 3707 477 3755; x_wconf 82' lang='grc' dir='ltr'>νους.</span> 
     </span>
    </p>
   </div>
   <div class='ocr_carea' id='block_1_51' title="bbox 417 3873 1910 3946">
    <p class='ocr_par' dir='ltr' id='par_1_51' title="bbox 417 3873 1910 3946">
     <span class='ocr_line' id='line_1_51' title="bbox 417 3873 1910 3946; baseline 0.001 -17"><span class='ocrx_word' id='word_1_339' title='bbox 417 3873 745 3942; x_wconf 84' lang='grc' dir='ltr'>Ἀθετήσας</span> <span class='ocrx_word' id='word_1_340' title='bbox 777 3894 869 3943; x_wconf 88' lang='grc' dir='ltr'><strong>τις</strong></span> <span class='ocrx_word' id='word_1_341' title='bbox 901 3880 1093 3946; x_wconf 80' lang='grc' dir='ltr'>νόμον</span> <span class='ocrx_word' id='word_1_342' title='bbox 1133 3877 1412 3944; x_wconf 82' lang='grc' dir='ltr'>Μωσέως.</span> <span class='ocrx_word' id='word_1_343' title='bbox 1466 3876 1599 3931; x_wconf 82' lang='grc' dir='ltr'><strong>Ἀπὸ</strong></span> <span class='ocrx_word' id='word_1_344' title='bbox 1626 3878 1720 3931; x_wconf 87' lang='grc' dir='ltr'><strong>τοῦ</strong></span> <span class='ocrx_word' id='word_1_345' title='bbox 1750 3879 1910 3933; x_wconf 76' lang='grc' dir='ltr'>ἐλάτ-</span> 
     </span>
    </p>
   </div>
   <div class='ocr_carea' id='block_1_52' title="bbox 331 3967 1909 4043">
    <p class='ocr_par' dir='ltr' id='par_1_52' title="bbox 331 3967 1909 4043">
     <span class='ocr_line' id='line_1_52' title="bbox 331 3967 1909 4043; baseline 0.005 -24"><span class='ocrx_word' id='word_1_346' title='bbox 331 3983 488 4030; x_wconf 79' lang='grc' dir='ltr'>τονος</span> <span class='ocrx_word' id='word_1_347' title='bbox 535 3967 781 4023; x_wconf 78' lang='grc' dir='ltr'>δείκνυσι·</span> <span class='ocrx_word' id='word_1_348' title='bbox 807 3968 1034 4033; x_wconf 83' lang='grc' dir='ltr'>δικαίως</span> <span class='ocrx_word' id='word_1_349' title='bbox 1074 3970 1450 4042; x_wconf 81' lang='grc' dir='ltr'>γενησομένην</span> <span class='ocrx_word' id='word_1_350' title='bbox 1482 3970 1581 4041; x_wconf 76' lang='grc' dir='ltr'><strong>τὴν</strong></span> <span class='ocrx_word' id='word_1_351' title='bbox 1613 3973 1909 4043; x_wconf 80' lang='grc' dir='ltr'>τιμωρίαν,</span> 
     </span>
    </p>
   </div>
   <div class='ocr_carea' id='block_1_53' title="bbox 334 4058 1912 4135">
    <p class='ocr_par' dir='ltr' id='par_1_53' title="bbox 334 4058 1912 4135">
     <span class='ocr_line' id='line_1_53' title="bbox 334 4058 1912 4135; baseline 0.005 -24"><span class='ocrx_word' id='word_1_352' title='bbox 334 4058 427 4111; x_wconf 81' lang='grc' dir='ltr'>ἵνα</span> <span class='ocrx_word' id='word_1_353' title='bbox 489 4060 582 4111; x_wconf 72' lang='grc' dir='ltr'><strong>καὶ</strong></span> <span class='ocrx_word' id='word_1_354' title='bbox 628 4059 831 4128; x_wconf 86' lang='grc' dir='ltr'>μᾶλλον</span> <span class='ocrx_word' id='word_1_355' title='bbox 878 4061 1195 4131; x_wconf 82' lang='grc' dir='ltr'>πιστότερος</span> <span class='ocrx_word' id='word_1_356' title='bbox 1232 4063 1260 4115; x_wconf 83' lang='grc' dir='ltr'><strong>ὁ</strong></span> <span class='ocrx_word' id='word_1_357' title='bbox 1311 4061 1468 4132; x_wconf 82' lang='grc' dir='ltr'>λόγος</span> <span class='ocrx_word' id='word_1_358' title='bbox 1623 4064 1807 4135; x_wconf 81' lang='grc' dir='ltr'>Νόμον</span> <span class='ocrx_word' id='word_1_359' title='bbox 1853 4066 1912 4120; x_wconf 77' lang='grc' dir='ltr'>δὲ</span> 
     </span>
    </p>
   </div>
   <div class='ocr_carea' id='block_1_54' title="bbox 327 4150 1700 4221">
    <p class='ocr_par' dir='ltr' id='par_1_54' title="bbox 327 4150 1700 4221">
     <span class='ocr_line' id='line_1_54' title="bbox 327 4150 1700 4221; baseline 0.003 -17"><span class='ocrx_word' id='word_1_360' title='bbox 327 4150 613 4212; x_wconf 70' lang='grc' dir='ltr'>Ηωῠσέως</span> <span class='ocrx_word' id='word_1_361' title='bbox 641 4150 808 4219; x_wconf 84' lang='grc' dir='ltr'>λέγει,</span> <span class='ocrx_word' id='word_1_362' title='bbox 842 4150 976 4205; x_wconf 86' lang='grc' dir='ltr'>διότι</span> <span class='ocrx_word' id='word_1_363' title='bbox 1007 4151 1177 4206; x_wconf 81' lang='grc' dir='ltr'>πολλὰ</span> <span class='ocrx_word' id='word_1_364' title='bbox 1204 4153 1367 4219; x_wconf 79' lang='grc' dir='ltr'>αὐτὸς</span> <span class='ocrx_word' id='word_1_365' title='bbox 1396 4153 1700 4221; x_wconf 76' lang='grc' dir='ltr'>διετάξατο.</span> 
     </span>
    </p>
   </div>
   <div class='ocr_carea' id='block_1_55' title="bbox 404 4243 1914 4316">
    <p class='ocr_par' dir='ltr' id='par_1_55' title="bbox 404 4243 1914 4316">
     <span class='ocr_line' id='line_1_55' title="bbox 404 4243 1914 4316; baseline 0.006 -22"><span class='ocrx_word' id='word_1_366' title='bbox 404 4244 594 4309; x_wconf 58' lang='lat' dir='ltr'><strong>Impia</strong></span> <span class='ocrx_word' id='word_1_367' title='bbox 625 4243 962 4313; x_wconf 69' lang='grc' dir='ltr'>οἰκτιρμῶν,</span> <span class='ocrx_word' id='word_1_368' title='bbox 1007 4244 1108 4298; x_wconf 76' lang='grc' dir='ltr'><strong>ἐπὶ</strong></span> <span class='ocrx_word' id='word_1_369' title='bbox 1141 4243 1328 4300; x_wconf 74' lang='grc' dir='ltr'>δυσὶν</span> <span class='ocrx_word' id='word_1_370' title='bbox 1356 4245 1394 4314; x_wconf 79' lang='grc' dir='ltr'><em>ἢ</em></span> <span class='ocrx_word' id='word_1_371' title='bbox 1426 4245 1582 4314; x_wconf 75' lang='grc' dir='ltr'>τρισὶ</span> <span class='ocrx_word' id='word_1_372' title='bbox 1609 4246 1914 4316; x_wconf 78' lang='grc' dir='ltr'>μάρτυσιν</span> 
     </span>
    </p>
   </div>
   <div class='ocr_carea' id='block_1_56' title="bbox 326 4332 1913 4411">
    <p class='ocr_par' dir='ltr' id='par_1_56' title="bbox 326 4332 1913 4411">
     <span class='ocr_line' id='line_1_56' title="bbox 326 4332 1913 4411; baseline 0.004 -23"><span class='ocrx_word' id='word_1_373' title='bbox 326 4332 731 4397; x_wconf 77' lang='grc' dir='ltr'>ἀποθνήσκει.</span> <span class='ocrx_word' id='word_1_374' title='bbox 772 4333 838 4385; x_wconf 84' lang='grc' dir='ltr'><strong><em>Ἠ</em></strong></span> <span class='ocrx_word' id='word_1_375' title='bbox 892 4333 1144 4401; x_wconf 80' lang='grc' dir='ltr'>σύνταξις</span> <span class='ocrx_word' id='word_1_376' title='bbox 1196 4335 1398 4401; x_wconf 75' lang='grc' dir='ltr'>οὕτως·</span> <span class='ocrx_word' id='word_1_377' title='bbox 1477 4339 1776 4411; x_wconf 71' lang='grc' dir='ltr'>Ἀθετήσας</span> <span class='ocrx_word' id='word_1_378' title='bbox 1827 4358 1913 4404; x_wconf 83' lang='grc' dir='ltr'><strong>τις</strong></span> 
     </span>
    </p>
   </div>
   <div class='ocr_carea' id='block_1_57' title="bbox 326 4426 1912 4503">
    <p class='ocr_par' dir='ltr' id='par_1_57' title="bbox 326 4426 1912 4503">
     <span class='ocr_line' id='line_1_57' title="bbox 326 4426 1912 4503; baseline 0.006 -27"><span class='ocrx_word' id='word_1_379' title='bbox 326 4426 501 4494; x_wconf 76' lang='grc' dir='ltr'>νόμον</span> <span class='ocrx_word' id='word_1_380' title='bbox 550 4426 818 4492; x_wconf 82' lang='grc' dir='ltr'>Μωσέως,</span> <span class='ocrx_word' id='word_1_381' title='bbox 871 4428 968 4480; x_wconf 77' lang='grc' dir='ltr'>ἐπὶ</span> <span class='ocrx_word' id='word_1_382' title='bbox 1006 4428 1159 4482; x_wconf 76' lang='grc' dir='ltr'>δυσὶν</span> <span class='ocrx_word' id='word_1_383' title='bbox 1208 4428 1427 4501; x_wconf 72' lang='grc' dir='ltr'>ἣτρισὶ</span> <span class='ocrx_word' id='word_1_384' title='bbox 1459 4430 1697 4501; x_wconf 81' lang='grc' dir='ltr'>μάρτυσι</span> <span class='ocrx_word' id='word_1_385' title='bbox 1744 4433 1912 4503; x_wconf 68' lang='grc' dir='ltr'>χωρὶς</span> 
     </span>
    </p>
   </div>
   <div class='ocr_carea' id='block_1_58' title="bbox 330 4517 1911 4597">
    <p class='ocr_par' dir='ltr' id='par_1_58' title="bbox 330 4517 1911 4597">
     <span class='ocr_line' id='line_1_58' title="bbox 330 4517 1911 4597; baseline 0.006 -29"><span class='ocrx_word' id='word_1_386' title='bbox 330 4517 643 4587; x_wconf 82' lang='grc' dir='ltr'>οἰκτιρμῶν</span> <span class='ocrx_word' id='word_1_387' title='bbox 677 4518 1046 4591; x_wconf 83' lang='grc' dir='ltr'>ἀποθνήσκει·</span> <span class='ocrx_word' id='word_1_388' title='bbox 1101 4521 1401 4588; x_wconf 76' lang='grc' dir='ltr'>τουτέστιν,</span> <span class='ocrx_word' id='word_1_389' title='bbox 1464 4522 1560 4576; x_wconf 84' lang='grc' dir='ltr'><strong>ἐάν</strong></span> <span class='ocrx_word' id='word_1_390' title='bbox 1604 4524 1911 4597; x_wconf 76' lang='grc' dir='ltr'>ὁμολογηθῇ</span> 
     </span>
    </p>
   </div>
   <div class='ocr_carea' id='block_1_59' title="bbox 2003 2032 3587 2117">
    <p class='ocr_par' dir='ltr' id='par_1_59' title="bbox 2003 2032 3587 2117">
     <span class='ocr_line' id='line_1_59' title="bbox 2003 2032 3587 2117; baseline 0.013 -31"><span class='ocrx_word' id='word_1_391' title='bbox 2003 2032 2203 2089; x_wconf 86' lang='lat' dir='ltr'><strong>bimus.</strong></span> <span class='ocrx_word' id='word_1_392' title='bbox 2232 2032 2350 2089; x_wconf 90' lang='lat' dir='ltr'><strong>Una</strong></span> <span class='ocrx_word' id='word_1_393' title='bbox 2368 2048 2513 2090; x_wconf 73' lang='lat' dir='ltr'><strong>enim</strong></span> <span class='ocrx_word' id='word_1_394' title='bbox 2537 2034 2714 2092; x_wconf 88' lang='lat' dir='ltr'><strong>hostia</strong></span> <span class='ocrx_word' id='word_1_395' title='bbox 2740 2042 3139 2095; x_wconf 78' lang='lat' dir='ltr'><strong>consummavit</strong></span> <span class='ocrx_word' id='word_1_396' title='bbox 3163 2043 3219 2098; x_wconf 92' lang='lat' dir='ltr'><strong>in</strong></span> <span class='ocrx_word' id='word_1_397' title='bbox 3244 2054 3587 2117; x_wconf 88' lang='lat' dir='ltr'><strong>perpetuum.</strong></span> 
     </span>
    </p>
   </div>
   <div class='ocr_carea' id='block_1_60' title="bbox 2003 2126 3590 2211">
    <p class='ocr_par' dir='ltr' id='par_1_60' title="bbox 2003 2126 3590 2211">
     <span class='ocr_line' id='line_1_60' title="bbox 2003 2126 3590 2211; baseline 0.011 -30"><span class='ocrx_word' id='word_1_398' title='bbox 2003 2126 2266 2182; x_wconf 84' lang='lat' dir='ltr'><strong>Nostrum</strong></span> <span class='ocrx_word' id='word_1_399' title='bbox 2299 2128 2445 2183; x_wconf 89' lang='lat' dir='ltr'><strong>enim</strong></span> <span class='ocrx_word' id='word_1_400' title='bbox 2477 2126 2749 2200; x_wconf 89' lang='lat' dir='ltr'><strong>baptisma</strong></span> <span class='ocrx_word' id='word_1_401' title='bbox 2781 2141 3013 2188; x_wconf 89' lang='lat' dir='ltr'><strong>mortem</strong></span> <span class='ocrx_word' id='word_1_402' title='bbox 3048 2132 3254 2192; x_wconf 83' lang='lat' dir='ltr'><strong>Christi</strong></span> <span class='ocrx_word' id='word_1_403' title='bbox 3284 2153 3590 2211; x_wconf 64' lang='lat' dir='ltr'><strong>repraesen-</strong></span> 
     </span>
    </p>
   </div>
   <div class='ocr_carea' id='block_1_61' title="bbox 2006 2217 3588 2301">
    <p class='ocr_par' dir='ltr' id='par_1_61' title="bbox 2006 2217 3588 2301">
     <span class='ocr_line' id='line_1_61' title="bbox 2006 2217 3588 2301; baseline 0.009 -28"><span class='ocrx_word' id='word_1_404' title='bbox 2006 2226 2109 2273; x_wconf 89' lang='lat' dir='ltr'><strong>tat.</strong></span> <span class='ocrx_word' id='word_1_405' title='bbox 2150 2217 2216 2275; x_wconf 88' lang='lat' dir='ltr'><strong>Ut</strong></span> <span class='ocrx_word' id='word_1_406' title='bbox 2247 2217 2419 2290; x_wconf 80' lang='lat' dir='ltr'><strong>igitur</strong></span> <span class='ocrx_word' id='word_1_407' title='bbox 2467 2234 2617 2275; x_wconf 89' lang='lat' dir='ltr'><strong>mors</strong></span> <span class='ocrx_word' id='word_1_408' title='bbox 2663 2219 2868 2278; x_wconf 88' lang='lat' dir='ltr'><strong>Christi</strong></span> <span class='ocrx_word' id='word_1_409' title='bbox 2903 2238 3031 2291; x_wconf 88' lang='lat' dir='ltr'><strong>una,</strong></span> <span class='ocrx_word' id='word_1_410' title='bbox 3078 2226 3158 2282; x_wconf 90' lang='lat' dir='ltr'><strong>sic</strong></span> <span class='ocrx_word' id='word_1_411' title='bbox 3209 2235 3267 2284; x_wconf 88' lang='lat' dir='ltr'><strong>et</strong></span> <span class='ocrx_word' id='word_1_412' title='bbox 3315 2229 3588 2301; x_wconf 86' lang='lat' dir='ltr'><strong>baptisma</strong></span> 
     </span>
    </p>
   </div>
   <div class='ocr_carea' id='block_1_62' title="bbox 2008 2309 3585 2393">
    <p class='ocr_par' dir='ltr' id='par_1_62' title="bbox 2008 2309 3585 2393">
     <span class='ocr_line' id='line_1_62' title="bbox 2008 2309 3585 2393; baseline 0.01 -30"><span class='ocrx_word' id='word_1_413' title='bbox 2008 2324 2200 2364; x_wconf 88' lang='lat' dir='ltr'><strong>unum.</strong></span> <span class='ocrx_word' id='word_1_414' title='bbox 2233 2309 2375 2377; x_wconf 85' lang='lat' dir='ltr'><strong>Quid</strong></span> <span class='ocrx_word' id='word_1_415' title='bbox 2409 2310 2578 2382; x_wconf 90' lang='lat' dir='ltr'><strong>igitur</strong></span> <span class='ocrx_word' id='word_1_416' title='bbox 2630 2313 2771 2370; x_wconf 89' lang='lat' dir='ltr'><strong>adeo</strong></span> <span class='ocrx_word' id='word_1_417' title='bbox 2831 2314 3103 2387; x_wconf 87' lang='lat' dir='ltr'><strong>intrepide</strong></span> <span class='ocrx_word' id='word_1_418' title='bbox 3153 2319 3315 2391; x_wconf 78' lang='lat'><strong>727</strong></span> <span class='ocrx_word' id='word_1_419' title='bbox 3366 2337 3585 2393; x_wconf 88' lang='lat' dir='ltr'><strong>peccas,</strong></span> 
     </span>
    </p>
   </div>
   <div class='ocr_carea' id='block_1_63' title="bbox 2008 2402 3587 2481">
    <p class='ocr_par' dir='ltr' id='par_1_63' title="bbox 2008 2402 3587 2481">
     <span class='ocr_line' id='line_1_63' title="bbox 2008 2402 3587 2481; baseline 0.012 -28"><span class='ocrx_word' id='word_1_420' title='bbox 2008 2415 2133 2454; x_wconf 83' lang='lat' dir='ltr'><strong>cum</strong></span> <span class='ocrx_word' id='word_1_421' title='bbox 2164 2415 2271 2455; x_wconf 90' lang='lat' dir='ltr'><strong>non</strong></span> <span class='ocrx_word' id='word_1_422' title='bbox 2302 2402 2374 2458; x_wconf 90' lang='lat' dir='ltr'><strong>sit</strong></span> <span class='ocrx_word' id='word_1_423' title='bbox 2408 2417 2536 2474; x_wconf 89' lang='lat' dir='ltr'><strong>spes</strong></span> <span class='ocrx_word' id='word_1_424' title='bbox 2575 2405 2813 2475; x_wconf 86' lang='lat' dir='ltr'><strong>amplius</strong></span> <span class='ocrx_word' id='word_1_425' title='bbox 2867 2414 2921 2462; x_wconf 91' lang='lat' dir='ltr'><strong>te</strong></span> <span class='ocrx_word' id='word_1_426' title='bbox 2951 2423 3051 2480; x_wconf 89' lang='lat' dir='ltr'><strong>per</strong></span> <span class='ocrx_word' id='word_1_427' title='bbox 3104 2408 3374 2481; x_wconf 74' lang='lat' dir='ltr'><strong>baptisma</strong></span> <span class='ocrx_word' id='word_1_428' title='bbox 3403 2413 3587 2472; x_wconf 88' lang='lat' dir='ltr'><strong>denuo</strong></span> 
     </span>
    </p>
   </div>
   <div class='ocr_carea' id='block_1_64' title="bbox 2008 2492 3589 2577">
    <p class='ocr_par' dir='ltr' id='par_1_64' title="bbox 2008 2492 3589 2577">
     <span class='ocr_line' id='line_1_64' title="bbox 2008 2492 3589 2577; baseline 0.009 -30"><span class='ocrx_word' id='word_1_429' title='bbox 2008 2492 2128 2547; x_wconf 77' lang='lat' dir='ltr'><strong>sine</strong></span> <span class='ocrx_word' id='word_1_430' title='bbox 2147 2492 2333 2548; x_wconf 87' lang='lat' dir='ltr'><strong>labore</strong></span> <span class='ocrx_word' id='word_1_431' title='bbox 2357 2504 2581 2564; x_wconf 89' lang='lat' dir='ltr'><strong>peccata</strong></span> <span class='ocrx_word' id='word_1_432' title='bbox 2607 2496 2788 2553; x_wconf 90' lang='lat' dir='ltr'><strong>delere</strong></span> <span class='ocrx_word' id='word_1_433' title='bbox 2813 2513 2973 2569; x_wconf 86' lang='lat' dir='ltr'><strong>posse</strong></span> <span class='ocrx_word' id='word_1_434' title='bbox 2998 2500 3021 2555; x_wconf 67' lang='grc' dir='ltr'><strong>ἲ</strong></span> <span class='ocrx_word' id='word_1_435' title='bbox 3054 2499 3204 2557; x_wconf 88' lang='lat' dir='ltr'><strong>Bona</strong></span> <span class='ocrx_word' id='word_1_436' title='bbox 3233 2502 3398 2575; x_wconf 89' lang='lat' dir='ltr'><strong>igitur</strong></span> <span class='ocrx_word' id='word_1_437' title='bbox 3422 2520 3589 2577; x_wconf 81' lang='lat' dir='ltr'><strong>opera</strong></span> 
     </span>
    </p>
   </div>
   <div class='ocr_carea' id='block_1_65' title="bbox 2010 2583 2390 2640">
    <p class='ocr_par' dir='ltr' id='par_1_65' title="bbox 2010 2583 2390 2640">
     <span class='ocr_line' id='line_1_65' title="bbox 2010 2583 2390 2640; baseline 0.011 -4"><span class='ocrx_word' id='word_1_438' title='bbox 2010 2583 2103 2638; x_wconf 89' lang='lat' dir='ltr'><strong>tibi</strong></span> <span class='ocrx_word' id='word_1_439' title='bbox 2142 2584 2390 2640; x_wconf 79' lang='lat' dir='ltr'><strong>vendica.</strong></span> 
     </span>
    </p>
   </div>
   <div class='ocr_carea' id='block_1_66' title="bbox 2082 2671 3589 2757">
    <p class='ocr_par' dir='ltr' id='par_1_66' title="bbox 2082 2671 3589 2757">
     <span class='ocr_line' id='line_1_66' title="bbox 2082 2671 3589 2757; baseline 0.01 -31"><span class='ocrx_word' id='word_1_440' title='bbox 2082 2671 2247 2728; x_wconf 76' lang='lat' dir='ltr'><strong>Vens.</strong></span> <span class='ocrx_word' id='word_1_441' title='bbox 2276 2673 2366 2727; x_wconf 77' lang='lat'><strong>27.</strong></span> <span class='ocrx_word' id='word_1_442' title='bbox 2389 2672 2495 2730; x_wconf 87' lang='lat' dir='ltr'><strong>Sed</strong></span> <span class='ocrx_word' id='word_1_443' title='bbox 2516 2677 2769 2733; x_wconf 80' lang='lat' dir='ltr'><strong>terribilis</strong></span> <span class='ocrx_word' id='word_1_444' title='bbox 2808 2679 3055 2749; x_wconf 70' lang='lat' dir='ltr'><strong>quadam</strong></span> <span class='ocrx_word' id='word_1_445' title='bbox 3084 2686 3376 2752; x_wconf 71' lang='lat' dir='ltr'><strong>expectatio</strong></span> <span class='ocrx_word' id='word_1_446' title='bbox 3388 2686 3589 2757; x_wconf 82' lang='lat' dir='ltr'><strong>judicii</strong></span> 
     </span>
    </p>
   </div>
   <div class='ocr_carea' id='block_1_67' title="bbox 2009 2766 3586 2843">
    <p class='ocr_par' dir='ltr' id='par_1_67' title="bbox 2009 2766 3586 2843">
     <span class='ocr_line' id='line_1_67' title="bbox 2009 2766 3586 2843; baseline 0.01 -24"><span class='ocrx_word' id='word_1_447' title='bbox 2009 2777 2058 2820; x_wconf 90' lang='lat' dir='ltr'><strong>et</strong></span> <span class='ocrx_word' id='word_1_448' title='bbox 2099 2766 2232 2836; x_wconf 84' lang='lat' dir='ltr'><strong>ignis</strong></span> <span class='ocrx_word' id='word_1_449' title='bbox 2265 2768 2560 2833; x_wconf 75' lang='lat' dir='ltr'><strong>aunulatio,</strong></span> <span class='ocrx_word' id='word_1_450' title='bbox 2594 2784 2710 2838; x_wconf 67' lang='lat' dir='ltr'><strong>qua:</strong></span> <span class='ocrx_word' id='word_1_451' title='bbox 2729 2783 3111 2843; x_wconf 78' lang='lat' dir='ltr'><strong>consumptum</strong></span> <span class='ocrx_word' id='word_1_452' title='bbox 3131 2786 3207 2830; x_wconf 90' lang='lat' dir='ltr'><strong>est</strong></span> <span class='ocrx_word' id='word_1_453' title='bbox 3226 2776 3586 2836; x_wconf 81' lang='lat' dir='ltr'><strong>adversarios.</strong></span> 
     </span>
    </p>
   </div>
   <div class='ocr_carea' id='block_1_68' title="bbox 2011 2855 3588 2934">
    <p class='ocr_par' dir='ltr' id='par_1_68' title="bbox 2011 2855 3588 2934">
     <span class='ocr_line' id='line_1_68' title="bbox 2011 2855 3588 2934; baseline 0.008 -25"><span class='ocrx_word' id='word_1_454' title='bbox 2011 2855 2402 2912; x_wconf 85' lang='lat' dir='ltr'><strong>Animadverte</strong></span> <span class='ocrx_word' id='word_1_455' title='bbox 2417 2857 2692 2928; x_wconf 88' lang='lat' dir='ltr'><strong>quomodo</strong></span> <span class='ocrx_word' id='word_1_456' title='bbox 2724 2858 2926 2930; x_wconf 81' lang='lat' dir='ltr'><strong>ignem,</strong></span> <span class='ocrx_word' id='word_1_457' title='bbox 2949 2864 3103 2932; x_wconf 89' lang='lat' dir='ltr'><strong>quasi</strong></span> <span class='ocrx_word' id='word_1_458' title='bbox 3121 2865 3397 2924; x_wconf 86' lang='lat' dir='ltr'><strong>animatus</strong></span> <span class='ocrx_word' id='word_1_459' title='bbox 3417 2878 3588 2934; x_wconf 89' lang='lat' dir='ltr'><strong>esset,</strong></span> 
     </span>
    </p>
   </div>
   <div class='ocr_carea' id='block_1_69' title="bbox 2013 2946 3590 3020">
    <p class='ocr_par' dir='ltr' id='par_1_69' title="bbox 2013 2946 3590 3020">
     <span class='ocr_line' id='line_1_69' title="bbox 2013 2946 3590 3020; baseline 0.011 -18"><span class='ocrx_word' id='word_1_460' title='bbox 2013 2946 2246 3003; x_wconf 88' lang='lat' dir='ltr'><strong>inducit.</strong></span> <span class='ocrx_word' id='word_1_461' title='bbox 2308 2948 2543 3006; x_wconf 85' lang='lat' dir='ltr'><strong>Perinde</strong></span> <span class='ocrx_word' id='word_1_462' title='bbox 2595 2950 2742 3006; x_wconf 88' lang='lat' dir='ltr'><strong>enim</strong></span> <span class='ocrx_word' id='word_1_463' title='bbox 2787 2960 2848 3008; x_wconf 86' lang='lat' dir='ltr'><strong>ut</strong></span> <span class='ocrx_word' id='word_1_464' title='bbox 2904 2953 3084 3010; x_wconf 85' lang='lat' dir='ltr'><strong>bellua</strong></span> <span class='ocrx_word' id='word_1_465' title='bbox 3115 2960 3442 3017; x_wconf 82' lang='lat' dir='ltr'><strong>exacerbata</strong></span> <span class='ocrx_word' id='word_1_466' title='bbox 3478 2978 3590 3020; x_wconf 92' lang='lat' dir='ltr'><strong>non</strong></span> 
     </span>
    </p>
   </div>
   <div class='ocr_carea' id='block_1_70' title="bbox 2015 3039 3587 3125">
    <p class='ocr_par' dir='ltr' id='par_1_70' title="bbox 2015 3039 3587 3125">
     <span class='ocr_line' id='line_1_70' title="bbox 2015 3039 3587 3125; baseline 0.011 -30"><span class='ocrx_word' id='word_1_467' title='bbox 2015 3039 2235 3096; x_wconf 88' lang='lat' dir='ltr'><strong>desistit</strong></span> <span class='ocrx_word' id='word_1_468' title='bbox 2297 3042 2566 3114; x_wconf 87' lang='lat' dir='ltr'><strong>tantisper</strong></span> <span class='ocrx_word' id='word_1_469' title='bbox 2592 3042 2721 3099; x_wconf 89' lang='lat' dir='ltr'><strong>dum</strong></span> <span class='ocrx_word' id='word_1_470' title='bbox 2772 3044 3196 3117; x_wconf 79' lang='lat' dir='ltr'><strong>apprehenderit</strong></span> <span class='ocrx_word' id='word_1_471' title='bbox 3251 3054 3587 3125; x_wconf 87' lang='lat' dir='ltr'><strong>quempiam,</strong></span> 
     </span>
    </p>
   </div>
   <div class='ocr_carea' id='block_1_71' title="bbox 2015 3133 3589 3210">
    <p class='ocr_par' dir='ltr' id='par_1_71' title="bbox 2015 3133 3589 3210">
     <span class='ocr_line' id='line_1_71' title="bbox 2015 3133 3589 3210; baseline 0.015 -28"><span class='ocrx_word' id='word_1_472' title='bbox 2015 3147 2124 3202; x_wconf 55' lang='lat' dir='ltr'><strong>quo</strong></span> <span class='ocrx_word' id='word_1_473' title='bbox 2154 3133 2418 3189; x_wconf 83' lang='lat' dir='ltr'><strong>devorato</strong></span> <span class='ocrx_word' id='word_1_474' title='bbox 2445 3143 2727 3193; x_wconf 81' lang='lat' dir='ltr'><strong>exsaturet</strong></span> <span class='ocrx_word' id='word_1_475' title='bbox 2768 3138 3123 3210; x_wconf 88' lang='lat' dir='ltr'><strong>cupiditatem</strong></span> <span class='ocrx_word' id='word_1_476' title='bbox 3154 3158 3311 3200; x_wconf 85' lang='lat' dir='ltr'><strong>suam</strong></span> <span class='ocrx_word' id='word_1_477' title='bbox 3343 3162 3359 3202; x_wconf 86' lang='lat'><strong>:</strong></span> <span class='ocrx_word' id='word_1_478' title='bbox 3401 3148 3483 3204; x_wconf 89' lang='lat' dir='ltr'><strong>sic</strong></span> <span class='ocrx_word' id='word_1_479' title='bbox 3535 3162 3589 3206; x_wconf 90' lang='lat' dir='ltr'><strong>et</strong></span> 
     </span>
    </p>
   </div>
   <div class='ocr_carea' id='block_1_72' title="bbox 2017 3225 3590 3307">
    <p class='ocr_par' dir='ltr' id='par_1_72' title="bbox 2017 3225 3590 3307">
     <span class='ocr_line' id='line_1_72' title="bbox 2017 3225 3590 3307; baseline 0.013 -30"><span class='ocrx_word' id='word_1_480' title='bbox 2017 3225 2105 3280; x_wconf 90' lang='lat' dir='ltr'><strong>ille</strong></span> <span class='ocrx_word' id='word_1_481' title='bbox 2132 3226 2273 3296; x_wconf 84' lang='lat' dir='ltr'><strong>ignis</strong></span> <span class='ocrx_word' id='word_1_482' title='bbox 2300 3242 2397 3298; x_wconf 88' lang='lat' dir='ltr'><strong>pro</strong></span> <span class='ocrx_word' id='word_1_483' title='bbox 2446 3231 2882 3300; x_wconf 87' lang='lat' dir='ltr'><strong>transgressione</strong></span> <span class='ocrx_word' id='word_1_484' title='bbox 2910 3234 3292 3293; x_wconf 87' lang='lat' dir='ltr'><strong>mandatorum</strong></span> <span class='ocrx_word' id='word_1_485' title='bbox 3337 3240 3590 3307; x_wconf 59' lang='lat' dir='ltr'><strong>saeviens,</strong></span> 
     </span>
    </p>
   </div>
   <div class='ocr_carea' id='block_1_73' title="bbox 2014 3319 3591 3402">
    <p class='ocr_par' dir='ltr' id='par_1_73' title="bbox 2014 3319 3591 3402">
     <span class='ocr_line' id='line_1_73' title="bbox 2014 3319 3591 3402; baseline 0.013 -33"><span class='ocrx_word' id='word_1_486' title='bbox 2014 3329 2078 3369; x_wconf 90' lang='lat' dir='ltr'><strong>ac</strong></span> <span class='ocrx_word' id='word_1_487' title='bbox 2110 3325 2332 3387; x_wconf 85' lang='lat' dir='ltr'><strong>propter</strong></span> <span class='ocrx_word' id='word_1_488' title='bbox 2386 3319 2478 3374; x_wconf 90' lang='lat' dir='ltr'><strong>illa</strong></span> <span class='ocrx_word' id='word_1_489' title='bbox 2509 3319 2790 3386; x_wconf 72' lang='lat' dir='ltr'><strong>etieratus,</strong></span> <span class='ocrx_word' id='word_1_490' title='bbox 2834 3338 3223 3398; x_wconf 82' lang='lat' dir='ltr'><strong>quemcunque</strong></span> <span class='ocrx_word' id='word_1_491' title='bbox 3282 3332 3591 3402; x_wconf 81' lang='lat' dir='ltr'><strong>apprehen-</strong></span> 
     </span>
    </p>
   </div>
   <div class='ocr_carea' id='block_1_74' title="bbox 2012 3407 3593 3485">
    <p class='ocr_par' dir='ltr' id='par_1_74' title="bbox 2012 3407 3593 3485">
     <span class='ocr_line' id='line_1_74' title="bbox 2012 3407 3593 3485; baseline 0.012 -23"><span class='ocrx_word' id='word_1_492' title='bbox 2012 3407 2175 3474; x_wconf 87' lang='lat' dir='ltr'><strong>derit,</strong></span> <span class='ocrx_word' id='word_1_493' title='bbox 2196 3409 2426 3464; x_wconf 81' lang='lat' dir='ltr'><strong>devorat</strong></span> <span class='ocrx_word' id='word_1_494' title='bbox 2454 3427 2689 3483; x_wconf 86' lang='lat' dir='ltr'><strong>semper.</strong></span> <span class='ocrx_word' id='word_1_495' title='bbox 2720 3413 2840 3469; x_wconf 87' lang='lat' dir='ltr'><strong>Non</strong></span> <span class='ocrx_word' id='word_1_496' title='bbox 2865 3417 3010 3471; x_wconf 88' lang='lat' dir='ltr'><strong>enim</strong></span> <span class='ocrx_word' id='word_1_497' title='bbox 3042 3418 3201 3485; x_wconf 82' lang='lat' dir='ltr'><strong>dixit,</strong></span> <span class='ocrx_word' id='word_1_498' title='bbox 3234 3420 3593 3481; x_wconf 84' lang='lat' dir='ltr'><strong>Manducatu-</strong></span> 
     </span>
    </p>
   </div>
   <div class='ocr_carea' id='block_1_75' title="bbox 2012 3504 3585 3585">
    <p class='ocr_par' dir='ltr' id='par_1_75' title="bbox 2012 3504 3585 3585">
     <span class='ocr_line' id='line_1_75' title="bbox 2012 3504 3585 3585; baseline 0.013 -29"><span class='ocrx_word' id='word_1_499' title='bbox 2012 3518 2092 3572; x_wconf 90' lang='lat' dir='ltr'><strong>ra,</strong></span> <span class='ocrx_word' id='word_1_500' title='bbox 2159 3504 2276 3572; x_wconf 89' lang='lat' dir='ltr'><strong>sed,</strong></span> <span class='ocrx_word' id='word_1_501' title='bbox 2348 3505 2702 3575; x_wconf 88' lang='lat' dir='ltr'><strong>Devoratura,</strong></span> <span class='ocrx_word' id='word_1_502' title='bbox 2758 3510 2812 3566; x_wconf 91' lang='lat' dir='ltr'><strong>in</strong></span> <span class='ocrx_word' id='word_1_503' title='bbox 2875 3513 3273 3585; x_wconf 88' lang='lat' dir='ltr'><strong>sempiternum</strong></span> <span class='ocrx_word' id='word_1_504' title='bbox 3308 3519 3585 3578; x_wconf 83' lang='lat' dir='ltr'><strong>videlicet.</strong></span> 
     </span>
    </p>
   </div>
   <div class='ocr_carea' id='block_1_76' title="bbox 2011 3598 3584 3677">
    <p class='ocr_par' dir='ltr' id='par_1_76' title="bbox 2011 3598 3584 3677">
     <span class='ocr_line' id='line_1_76' title="bbox 2011 3598 3584 3677; baseline 0.012 -28"><span class='ocrx_word' id='word_1_505' title='bbox 2011 3598 2373 3656; x_wconf 77' lang='lat' dir='ltr'><strong>Adversarius</strong></span> <span class='ocrx_word' id='word_1_506' title='bbox 2440 3609 2648 3668; x_wconf 87' lang='lat' dir='ltr'><strong>autem,</strong></span> <span class='ocrx_word' id='word_1_507' title='bbox 2681 3618 2792 3661; x_wconf 85' lang='lat' dir='ltr'><strong>non</strong></span> <span class='ocrx_word' id='word_1_508' title='bbox 2861 3605 3009 3662; x_wconf 88' lang='lat' dir='ltr'><strong>solos</strong></span> <span class='ocrx_word' id='word_1_509' title='bbox 3064 3607 3337 3677; x_wconf 73' lang='lat' dir='ltr'><strong>inﬁdeles,</strong></span> <span class='ocrx_word' id='word_1_510' title='bbox 3393 3627 3584 3668; x_wconf 85' lang='lat' dir='ltr'><strong>verum</strong></span> 
     </span>
    </p>
   </div>
   <div class='ocr_carea' id='block_1_77' title="bbox 2014 3687 3588 3770">
    <p class='ocr_par' dir='ltr' id='par_1_77' title="bbox 2014 3687 3588 3770">
     <span class='ocr_line' id='line_1_77' title="bbox 2014 3687 3588 3770; baseline 0.01 -27"><span class='ocrx_word' id='word_1_511' title='bbox 2014 3687 2164 3759; x_wconf 66' lang='lat' dir='ltr'><strong>ipsos</strong></span> <span class='ocrx_word' id='word_1_512' title='bbox 2205 3689 2368 3746; x_wconf 89' lang='lat' dir='ltr'><strong>etiam</strong></span> <span class='ocrx_word' id='word_1_513' title='bbox 2402 3692 2593 3750; x_wconf 81' lang='lat' dir='ltr'><strong>ﬁdeles</strong></span> <span class='ocrx_word' id='word_1_514' title='bbox 2618 3694 2864 3765; x_wconf 90' lang='lat' dir='ltr'><strong>quidem,</strong></span> <span class='ocrx_word' id='word_1_515' title='bbox 2895 3696 3120 3770; x_wconf 87' lang='lat' dir='ltr'><strong>indigna</strong></span> <span class='ocrx_word' id='word_1_516' title='bbox 3150 3706 3332 3757; x_wconf 85' lang='lat' dir='ltr'><strong>tamen</strong></span> <span class='ocrx_word' id='word_1_517' title='bbox 3356 3704 3588 3760; x_wconf 81' lang='lat' dir='ltr'><strong>manda-</strong></span> 
     </span>
    </p>
   </div>
   <div class='ocr_carea' id='block_1_78' title="bbox 2014 3777 2538 3851">
    <p class='ocr_par' dir='ltr' id='par_1_78' title="bbox 2014 3777 2538 3851">
     <span class='ocr_line' id='line_1_78' title="bbox 2014 3777 2538 3851; baseline 0.008 -20"><span class='ocrx_word' id='word_1_518' title='bbox 2014 3780 2084 3833; x_wconf 88' lang='lat' dir='ltr'><strong>tis</strong></span> <span class='ocrx_word' id='word_1_519' title='bbox 2107 3777 2197 3833; x_wconf 85' lang='lat' dir='ltr'><strong>Dei</strong></span> <span class='ocrx_word' id='word_1_520' title='bbox 2235 3789 2538 3851; x_wconf 86' lang='lat' dir='ltr'><strong>patrantes.</strong></span> 
     </span>
    </p>
   </div>
   <div class='ocr_carea' id='block_1_79' title="bbox 2087 3872 3586 3952">
    <p class='ocr_par' dir='ltr' id='par_1_79' title="bbox 2087 3872 3586 3952">
     <span class='ocr_line' id='line_1_79' title="bbox 2087 3872 3586 3952; baseline 0.009 -23"><span class='ocrx_word' id='word_1_521' title='bbox 2087 3875 2254 3930; x_wconf 71' lang='lat' dir='ltr'><strong>Vens.</strong></span> <span class='ocrx_word' id='word_1_522' title='bbox 2289 3875 2381 3930; x_wconf 69' lang='lat'><strong>28.</strong></span> <span class='ocrx_word' id='word_1_523' title='bbox 2412 3872 2636 3930; x_wconf 85' lang='lat' dir='ltr'><strong>Irritam</strong></span> <span class='ocrx_word' id='word_1_524' title='bbox 2702 3878 2820 3949; x_wconf 84' lang='lat' dir='ltr'><strong>quis</strong></span> <span class='ocrx_word' id='word_1_525' title='bbox 2851 3878 3051 3948; x_wconf 79' lang='lat' dir='ltr'><strong>faciens</strong></span> <span class='ocrx_word' id='word_1_526' title='bbox 3077 3882 3238 3952; x_wconf 87' lang='lat' dir='ltr'><strong>legem</strong></span> <span class='ocrx_word' id='word_1_527' title='bbox 3291 3884 3478 3942; x_wconf 76' lang='lat' dir='ltr'><strong>Musis.</strong></span> <span class='ocrx_word' id='word_1_528' title='bbox 3538 3889 3586 3942; x_wconf 81' lang='grc' dir='ltr'><strong>Δ</strong></span> 
     </span>
    </p>
   </div>
   <div class='ocr_carea' id='block_1_80' title="bbox 2015 3966 3590 4047">
    <p class='ocr_par' dir='ltr' id='par_1_80' title="bbox 2015 3966 3590 4047">
     <span class='ocr_line' id='line_1_80' title="bbox 2015 3966 3590 4047; baseline 0.008 -26"><span class='ocrx_word' id='word_1_529' title='bbox 2015 3967 2211 4021; x_wconf 85' lang='lat' dir='ltr'><strong>minori</strong></span> <span class='ocrx_word' id='word_1_530' title='bbox 2236 3966 2477 4021; x_wconf 86' lang='lat' dir='ltr'><strong>ostendit</strong></span> <span class='ocrx_word' id='word_1_531' title='bbox 2502 3970 2699 4022; x_wconf 86' lang='lat' dir='ltr'><strong>merito</strong></span> <span class='ocrx_word' id='word_1_532' title='bbox 2725 3969 2967 4025; x_wconf 82' lang='lat' dir='ltr'><strong>futurum</strong></span> <span class='ocrx_word' id='word_1_533' title='bbox 2998 3973 3357 4043; x_wconf 86' lang='lat' dir='ltr'><strong>supplicium,</strong></span> <span class='ocrx_word' id='word_1_534' title='bbox 3382 3987 3439 4031; x_wconf 92' lang='lat' dir='ltr'><strong>ut</strong></span> <span class='ocrx_word' id='word_1_535' title='bbox 3465 3978 3590 4047; x_wconf 79' lang='lat' dir='ltr'><strong>plus</strong></span> 
     </span>
    </p>
   </div>
   <div class='ocr_carea' id='block_1_81' title="bbox 2015 4049 3593 4133">
    <p class='ocr_par' dir='ltr' id='par_1_81' title="bbox 2015 4049 3593 4133">
     <span class='ocr_line' id='line_1_81' title="bbox 2015 4049 3593 4133; baseline 0.01 -23"><span class='ocrx_word' id='word_1_536' title='bbox 2015 4049 2137 4111; x_wconf 83' lang='lat' dir='ltr'><strong>ﬁdei</strong></span> <span class='ocrx_word' id='word_1_537' title='bbox 2170 4057 2405 4111; x_wconf 88' lang='lat' dir='ltr'><strong>orationi</strong></span> <span class='ocrx_word' id='word_1_538' title='bbox 2456 4073 2570 4113; x_wconf 61' lang='lat' dir='ltr'><strong>sua!</strong></span> <span class='ocrx_word' id='word_1_539' title='bbox 2600 4060 2879 4116; x_wconf 89' lang='lat' dir='ltr'><strong>conciliet.</strong></span> <span class='ocrx_word' id='word_1_540' title='bbox 2938 4060 3138 4133; x_wconf 83' lang='lat' dir='ltr'><strong>Legem</strong></span> <span class='ocrx_word' id='word_1_541' title='bbox 3208 4075 3389 4123; x_wconf 81' lang='lat' dir='ltr'><strong>autem</strong></span> <span class='ocrx_word' id='word_1_542' title='bbox 3423 4067 3593 4125; x_wconf 80' lang='lat' dir='ltr'><strong>Mosis</strong></span> 
     </span>
    </p>
   </div>
   <div class='ocr_carea' id='block_1_82' title="bbox 2013 4149 3481 4228">
    <p class='ocr_par' dir='ltr' id='par_1_82' title="bbox 2013 4149 3481 4228">
     <span class='ocr_line' id='line_1_82' title="bbox 2013 4149 3481 4228; baseline 0.008 -25"><span class='ocrx_word' id='word_1_543' title='bbox 2013 4149 2167 4213; x_wconf 90' lang='lat' dir='ltr'><strong>dicit,</strong></span> <span class='ocrx_word' id='word_1_544' title='bbox 2199 4149 2642 4222; x_wconf 82' lang='lat' dir='ltr'><strong>quandoquidem</strong></span> <span class='ocrx_word' id='word_1_545' title='bbox 2683 4152 2856 4207; x_wconf 90' lang='lat' dir='ltr'><strong>multa</strong></span> <span class='ocrx_word' id='word_1_546' title='bbox 2906 4154 2987 4209; x_wconf 90' lang='lat' dir='ltr'><strong>eis</strong></span> <span class='ocrx_word' id='word_1_547' title='bbox 3019 4155 3135 4224; x_wconf 89' lang='lat' dir='ltr'><strong>ipse</strong></span> <span class='ocrx_word' id='word_1_548' title='bbox 3161 4155 3481 4228; x_wconf 83' lang='lat' dir='ltr'><strong>injunxerit.</strong></span> 
     </span>
    </p>
   </div>
   <div class='ocr_carea' id='block_1_83' title="bbox 2090 4241 3590 4309">
    <p class='ocr_par' dir='ltr' id='par_1_83' title="bbox 2090 4241 3590 4309">
     <span class='ocr_line' id='line_1_83' title="bbox 2090 4241 3590 4309; baseline 0.007 -13"><span class='ocrx_word' id='word_1_549' title='bbox 2090 4241 2216 4296; x_wconf 86' lang='lat' dir='ltr'><strong>Sine</strong></span> <span class='ocrx_word' id='word_1_550' title='bbox 2248 4242 2362 4295; x_wconf 89' lang='lat' dir='ltr'><strong>ulla</strong></span> <span class='ocrx_word' id='word_1_551' title='bbox 2392 4244 2757 4309; x_wconf 75' lang='lat' dir='ltr'><strong>miseratione,</strong></span> <span class='ocrx_word' id='word_1_552' title='bbox 2789 4244 2996 4301; x_wconf 82' lang='lat' dir='ltr'><strong>duobus</strong></span> <span class='ocrx_word' id='word_1_553' title='bbox 3050 4256 3143 4301; x_wconf 89' lang='lat' dir='ltr'><strong>aut</strong></span> <span class='ocrx_word' id='word_1_554' title='bbox 3175 4250 3343 4305; x_wconf 86' lang='lat' dir='ltr'><strong>tribus</strong></span> <span class='ocrx_word' id='word_1_555' title='bbox 3372 4253 3590 4307; x_wconf 81' lang='lat' dir='ltr'><strong>testibus</strong></span> 
     </span>
    </p>
   </div>
   <div class='ocr_carea' id='block_1_84' title="bbox 2018 4331 3592 4409">
    <p class='ocr_par' dir='ltr' id='par_1_84' title="bbox 2018 4331 3592 4409">
     <span class='ocr_line' id='line_1_84' title="bbox 2018 4331 3592 4409; baseline 0.005 -24"><span class='ocrx_word' id='word_1_556' title='bbox 2018 4333 2267 4385; x_wconf 83' lang='lat' dir='ltr'><strong>moritur.</strong></span> <span class='ocrx_word' id='word_1_557' title='bbox 2329 4331 2679 4388; x_wconf 82' lang='lat' dir='ltr'><strong>Constructio</strong></span> <span class='ocrx_word' id='word_1_558' title='bbox 2736 4342 2822 4390; x_wconf 85' lang='lat' dir='ltr'><strong>est</strong></span> <span class='ocrx_word' id='word_1_559' title='bbox 2899 4335 3269 4404; x_wconf 74' lang='lat' dir='ltr'><strong>huiusmodi:</strong></span> <span class='ocrx_word' id='word_1_560' title='bbox 3348 4335 3403 4391; x_wconf 92' lang='lat' dir='ltr'><strong>Si</strong></span> <span class='ocrx_word' id='word_1_561' title='bbox 3466 4341 3592 4409; x_wconf 85' lang='lat' dir='ltr'><strong>quis</strong></span> 
     </span>
    </p>
   </div>
   <div class='ocr_carea' id='block_1_85' title="bbox 2017 4422 3591 4496">
    <p class='ocr_par' dir='ltr' id='par_1_85' title="bbox 2017 4422 3591 4496">
     <span class='ocr_line' id='line_1_85' title="bbox 2017 4422 3591 4496; baseline 0.004 -17"><span class='ocrx_word' id='word_1_562' title='bbox 2017 4427 2189 4496; x_wconf 77' lang='lat' dir='ltr'><strong>legem</strong></span> <span class='ocrx_word' id='word_1_563' title='bbox 2244 4423 2538 4478; x_wconf 82' lang='lat' dir='ltr'><strong>Mosaicam</strong></span> <span class='ocrx_word' id='word_1_564' title='bbox 2569 4422 2878 4493; x_wconf 74' lang='lat' dir='ltr'><strong>reiecisset,</strong></span> <span class='ocrx_word' id='word_1_565' title='bbox 2923 4426 3027 4481; x_wconf 87' lang='lat' dir='ltr'><strong>sub</strong></span> <span class='ocrx_word' id='word_1_566' title='bbox 3058 4425 3272 4483; x_wconf 90' lang='lat' dir='ltr'><strong>duobus</strong></span> <span class='ocrx_word' id='word_1_567' title='bbox 3294 4436 3386 4483; x_wconf 87' lang='lat' dir='ltr'><strong>aut</strong></span> <span class='ocrx_word' id='word_1_568' title='bbox 3413 4431 3591 4486; x_wconf 83' lang='lat' dir='ltr'><strong>tribus</strong></span> 
     </span>
    </p>
   </div>
   <div class='ocr_carea' id='block_1_86' title="bbox 2014 4514 3590 4589">
    <p class='ocr_par' dir='ltr' id='par_1_86' title="bbox 2014 4514 3590 4589">
     <span class='ocr_line' id='line_1_86' title="bbox 2014 4514 3590 4589; baseline 0.006 -20"><span class='ocrx_word' id='word_1_569' title='bbox 2014 4514 2246 4570; x_wconf 89' lang='lat' dir='ltr'><strong>testibus</strong></span> <span class='ocrx_word' id='word_1_570' title='bbox 2278 4515 2397 4570; x_wconf 88' lang='lat' dir='ltr'><strong>sine</strong></span> <span class='ocrx_word' id='word_1_571' title='bbox 2425 4515 2534 4569; x_wconf 88' lang='lat' dir='ltr'><strong>ulla</strong></span> <span class='ocrx_word' id='word_1_572' title='bbox 2560 4516 2913 4572; x_wconf 82' lang='lat' dir='ltr'><strong>miseratione</strong></span> <span class='ocrx_word' id='word_1_573' title='bbox 2941 4518 3209 4574; x_wconf 87' lang='lat' dir='ltr'><strong>moritur:</strong></span> <span class='ocrx_word' id='word_1_574' title='bbox 3237 4519 3340 4576; x_wconf 88' lang='lat' dir='ltr'><strong>hoc</strong></span> <span class='ocrx_word' id='word_1_575' title='bbox 3380 4531 3486 4589; x_wconf 88' lang='lat' dir='ltr'><strong>est,</strong></span> <span class='ocrx_word' id='word_1_576' title='bbox 3541 4525 3590 4578; x_wconf 90' lang='lat' dir='ltr'><strong>si</strong></span> 
     </span>
    </p>
   </div>
   <div class='ocr_carea' id='block_1_87' title="bbox 328 4604 1908 4687">
    <p class='ocr_par' dir='ltr' id='par_1_87' title="bbox 328 4608 1908 4686">
     <span class='ocr_line' id='line_1_87' title="bbox 328 4608 1908 4686; baseline 0.008 -27"><span class='ocrx_word' id='word_1_577' title='bbox 328 4608 442 4660; x_wconf 78' lang='grc' dir='ltr'>ὑπὸ</span> <span class='ocrx_word' id='word_1_578' title='bbox 492 4608 585 4661; x_wconf 80' lang='grc' dir='ltr'><strong>δύο</strong></span> <span class='ocrx_word' id='word_1_579' title='bbox 635 4608 669 4681; x_wconf 80' lang='grc' dir='ltr'><strong>ἢ</strong></span> <span class='ocrx_word' id='word_1_580' title='bbox 723 4609 895 4682; x_wconf 84' lang='grc' dir='ltr'>τριῶν</span> <span class='ocrx_word' id='word_1_581' title='bbox 950 4612 1265 4684; x_wconf 84' lang='grc' dir='ltr'>μαρτύρων,</span> <span class='ocrx_word' id='word_1_582' title='bbox 1313 4614 1396 4667; x_wconf 83' lang='grc' dir='ltr'><strong>ὅτι</strong></span> <span class='ocrx_word' id='word_1_583' title='bbox 1447 4614 1663 4686; x_wconf 77' lang='grc' dir='ltr'>παρέϐη</span> <span class='ocrx_word' id='word_1_584' title='bbox 1704 4616 1795 4669; x_wconf 74' lang='grc' dir='ltr'><strong>τὸν</strong></span> <span class='ocrx_word' id='word_1_585' title='bbox 1821 4618 1908 4671; x_wconf 86' lang='grc' dir='ltr'><strong>νό-</strong></span> 
     </span>
    </p>
   </div>
   <div class='ocr_carea' id='block_1_88' title="bbox 2020 4604 3590 4687">
    <p class='ocr_par' dir='ltr' id='par_1_88' title="bbox 2020 4604 3590 4687">
     <span class='ocr_line' id='line_1_88' title="bbox 2020 4604 3590 4687; baseline 0.006 -24"><span class='ocrx_word' id='word_1_586' title='bbox 2020 4607 2336 4663; x_wconf 82' lang='lat' dir='ltr'><strong>eontessum</strong></span> <span class='ocrx_word' id='word_1_587' title='bbox 2365 4604 2531 4661; x_wconf 77' lang='lat' dir='ltr'><strong>fuerit</strong></span> <span class='ocrx_word' id='word_1_588' title='bbox 2555 4622 2585 4661; x_wconf 88' lang='lat' dir='ltr'><strong>a</strong></span> <span class='ocrx_word' id='word_1_589' title='bbox 2616 4606 2835 4665; x_wconf 88' lang='lat' dir='ltr'><strong>duobus</strong></span> <span class='ocrx_word' id='word_1_590' title='bbox 2866 4609 3112 4667; x_wconf 74' lang='lat' dir='ltr'><strong>tribusve</strong></span> <span class='ocrx_word' id='word_1_591' title='bbox 3162 4612 3395 4670; x_wconf 89' lang='lat' dir='ltr'><strong>testibus</strong></span> <span class='ocrx_word' id='word_1_592' title='bbox 3442 4618 3590 4687; x_wconf 85' lang='lat' dir='ltr'><strong>quod</strong></span> 
     </span>
    </p>
   </div>
   <div class='ocr_carea' id='block_1_89' title="bbox 328 4716 459 4770">
    <p class='ocr_par' dir='ltr' id='par_1_89' title="bbox 328 4716 459 4770">
     <span class='ocr_line' id='line_1_89' title="bbox 328 4716 459 4770; baseline 0.015 -20"><span class='ocrx_word' id='word_1_593' title='bbox 328 4716 459 4770; x_wconf 81' lang='grc' dir='ltr'>μον.</span> 
     </span>
    </p>
   </div>
   <div class='ocr_carea' id='block_1_90' title="bbox 405 4791 1911 4870">
    <p class='ocr_par' dir='ltr' id='par_1_90' title="bbox 405 4791 1911 4870">
     <span class='ocr_line' id='line_1_90' title="bbox 405 4791 1911 4870; baseline 0.008 -25"><span class='ocrx_word' id='word_1_594' title='bbox 405 4791 587 4858; x_wconf 82' lang='grc' dir='ltr'>Πόσῳ</span> <span class='ocrx_word' id='word_1_595' title='bbox 623 4791 851 4848; x_wconf 78' lang='grc' dir='ltr'>δοκεῖτε</span> <span class='ocrx_word' id='word_1_596' title='bbox 888 4794 1159 4863; x_wconf 78' lang='grc' dir='ltr'>χείρονος</span> <span class='ocrx_word' id='word_1_597' title='bbox 1195 4794 1516 4862; x_wconf 82' lang='grc' dir='ltr'>ἀξιοῦσθαι</span> <span class='ocrx_word' id='word_1_598' title='bbox 1552 4801 1847 4870; x_wconf 75' lang='grc' dir='ltr'>τιμωρίας,</span> <span class='ocrx_word' id='word_1_599' title='bbox 1876 4804 1911 4857; x_wconf 84' lang='grc' dir='ltr'><strong><em>ό</em></strong></span> 
     </span>
    </p>
   </div>
   <div class='ocr_carea' id='block_1_91' title="bbox 321 4884 1909 4966">
    <p class='ocr_par' dir='ltr' id='par_1_91' title="bbox 321 4884 1909 4966">
     <span class='ocr_line' id='line_1_91' title="bbox 321 4884 1909 4966; baseline 0.007 -27"><span class='ocrx_word' id='word_1_600' title='bbox 321 4884 439 4939; x_wconf 76' lang='grc' dir='ltr'><strong>τὸν</strong></span> <span class='ocrx_word' id='word_1_601' title='bbox 479 4886 615 4941; x_wconf 80' lang='grc' dir='ltr'><strong>Υιὸν</strong></span> <span class='ocrx_word' id='word_1_602' title='bbox 663 4888 771 4944; x_wconf 88' lang='grc' dir='ltr'><strong>τοῦ</strong></span> <span class='ocrx_word' id='word_1_603' title='bbox 816 4890 963 4944; x_wconf 84' lang='grc' dir='ltr'>Θεοῦ</span> <span class='ocrx_word' id='word_1_604' title='bbox 1009 4892 1462 4962; x_wconf 81' lang='grc' dir='ltr'>καταπατήσας,</span> <span class='ocrx_word' id='word_1_605' title='bbox 1516 4893 1615 4948; x_wconf 74' lang='grc' dir='ltr'>καὶ</span> <span class='ocrx_word' id='word_1_606' title='bbox 1655 4895 1723 4948; x_wconf 85' lang='grc' dir='ltr'>τὸ</span> <span class='ocrx_word' id='word_1_607' title='bbox 1764 4892 1909 4966; x_wconf 75' lang='grc' dir='ltr'>αζιια</span> 
     </span>
    </p>
   </div>
   <div class='ocr_carea' id='block_1_92' title="bbox 320 4976 1909 5057">
    <p class='ocr_par' dir='ltr' id='par_1_92' title="bbox 320 4976 1909 5057">
     <span class='ocr_line' id='line_1_92' title="bbox 320 4976 1909 5057; baseline 0.007 -28"><span class='ocrx_word' id='word_1_608' title='bbox 320 4976 440 5044; x_wconf 79' lang='grc' dir='ltr'>τῆς</span> <span class='ocrx_word' id='word_1_609' title='bbox 484 4977 779 5047; x_wconf 83' lang='grc' dir='ltr'>Διαθήκης</span> <span class='ocrx_word' id='word_1_610' title='bbox 829 4981 1038 5035; x_wconf 76' lang='grc' dir='ltr'>κοινὸν</span> <span class='ocrx_word' id='word_1_611' title='bbox 1090 4981 1515 5054; x_wconf 74' lang='grc' dir='ltr'>ἠγησάμενος;</span> <span class='ocrx_word' id='word_1_612' title='bbox 1565 4985 1676 5055; x_wconf 79' lang='grc' dir='ltr'><strong>Τὴν</strong></span> <span class='ocrx_word' id='word_1_613' title='bbox 1726 4986 1909 5057; x_wconf 87' lang='grc' dir='ltr'>κρίσιν</span> 
     </span>
    </p>
   </div>
   <div class='ocr_carea' id='block_1_93' title="bbox 321 5068 1909 5146">
    <p class='ocr_par' dir='ltr' id='par_1_93' title="bbox 321 5068 1909 5146">
     <span class='ocr_line' id='line_1_93' title="bbox 321 5068 1909 5146; baseline 0.006 -23"><span class='ocrx_word' id='word_1_614' title='bbox 321 5068 517 5132; x_wconf 77' lang='grc' dir='ltr'>αὐτοῖς</span> <span class='ocrx_word' id='word_1_615' title='bbox 571 5071 895 5141; x_wconf 77' lang='grc' dir='ltr'>ὲπιτρέπει’</span> <span class='ocrx_word' id='word_1_616' title='bbox 951 5074 1089 5144; x_wconf 85' lang='grc' dir='ltr'>ὅπερ</span> <span class='ocrx_word' id='word_1_617' title='bbox 1129 5073 1404 5146; x_wconf 83' lang='grc' dir='ltr'>εἰώθαμεν</span> <span class='ocrx_word' id='word_1_618' title='bbox 1448 5077 1623 5129; x_wconf 80' lang='grc' dir='ltr'>ποιεῖν</span> <span class='ocrx_word' id='word_1_619' title='bbox 1671 5076 1909 5133; x_wconf 74' lang='grc' dir='ltr'>ἐπὶτῶν</span> 
     </span>
    </p>
   </div>
   <div class='ocr_carea' id='block_1_94' title="bbox 323 5158 1908 5239">
    <p class='ocr_par' dir='ltr' id='par_1_94' title="bbox 323 5158 1908 5239">
     <span class='ocr_line' id='line_1_94' title="bbox 323 5158 1908 5239; baseline 0.008 -28"><span class='ocrx_word' id='word_1_620' title='bbox 323 5158 537 5230; x_wconf 76' lang='grc' dir='ltr'>σφόδρα</span> <span class='ocrx_word' id='word_1_621' title='bbox 593 5161 1082 5234; x_wconf 84' lang='grc' dir='ltr'>ὁμολογουμένων,</span> <span class='ocrx_word' id='word_1_622' title='bbox 1142 5167 1269 5230; x_wconf 82' lang='grc' dir='ltr'>τοὺς</span> <span class='ocrx_word' id='word_1_623' title='bbox 1325 5166 1603 5239; x_wconf 76' lang='grc' dir='ltr'>ἀκροατὰς</span> <span class='ocrx_word' id='word_1_624' title='bbox 1649 5168 1908 5234; x_wconf 82' lang='grc' dir='ltr'>δικαστάς</span> 
     </span>
    </p>
   </div>
   <div class='ocr_carea' id='block_1_95' title="bbox 321 5249 1909 5327">
    <p class='ocr_par' dir='ltr' id='par_1_95' title="bbox 321 5249 1909 5327">
     <span class='ocr_line' id='line_1_95' title="bbox 321 5249 1909 5327; baseline 0.009 -27"><span class='ocrx_word' id='word_1_625' title='bbox 321 5249 634 5315; x_wconf 80' lang='grc' dir='ltr'>ποιοῦντες.</span> <span class='ocrx_word' id='word_1_626' title='bbox 692 5252 759 5306; x_wconf 88' lang='grc' dir='ltr'><strong>Τί</strong></span> <span class='ocrx_word' id='word_1_627' title='bbox 824 5252 883 5307; x_wconf 75' lang='grc' dir='ltr'><strong>δέ</strong></span> <span class='ocrx_word' id='word_1_628' title='bbox 932 5256 1049 5309; x_wconf 74' lang='grc' dir='ltr'>ἐστι</span> <span class='ocrx_word' id='word_1_629' title='bbox 1109 5258 1189 5323; x_wconf 85' lang='grc' dir='ltr'><strong>τὸ,</strong></span> <span class='ocrx_word' id='word_1_630' title='bbox 1253 5259 1724 5327; x_wconf 80' lang='grc' dir='ltr'>καταπατήσας;</span> <span class='ocrx_word' id='word_1_631' title='bbox 1765 5259 1909 5314; x_wconf 83' lang='grc' dir='ltr'>τοῦτ’</span> 
     </span>
    </p>
   </div>
   <div class='ocr_carea' id='block_1_96' title="bbox 322 5345 1907 5424">
    <p class='ocr_par' dir='ltr' id='par_1_96' title="bbox 322 5345 1907 5424">
     <span class='ocr_line' id='line_1_96' title="bbox 322 5345 1907 5424; baseline 0.008 -26"><span class='ocrx_word' id='word_1_632' title='bbox 322 5345 472 5413; x_wconf 79' lang='grc' dir='ltr'>ἔστι,</span> <span class='ocrx_word' id='word_1_633' title='bbox 506 5349 947 5419; x_wconf 84' lang='grc' dir='ltr'>καταφρονήσας.</span> <span class='ocrx_word' id='word_1_634' title='bbox 988 5350 1198 5422; x_wconf 80' lang='grc' dir='ltr'>Ὠσπερ</span> <span class='ocrx_word' id='word_1_635' title='bbox 1244 5353 1354 5424; x_wconf 84' lang='grc' dir='ltr'>γὰρ</span> <span class='ocrx_word' id='word_1_636' title='bbox 1400 5353 1513 5409; x_wconf 86' lang='grc' dir='ltr'><strong>τῶν</strong></span> <span class='ocrx_word' id='word_1_637' title='bbox 1561 5372 1907 5410; x_wconf 82' lang='grc' dir='ltr'>καταπατου-</span> 
     </span>
    </p>
   </div>
   <div class='ocr_carea' id='block_1_97' title="bbox 320 5436 1905 5519">
    <p class='ocr_par' dir='ltr' id='par_1_97' title="bbox 320 5436 1905 5519">
     <span class='ocr_line' id='line_1_97' title="bbox 320 5436 1905 5519; baseline 0.008 -31"><span class='ocrx_word' id='word_1_638' title='bbox 320 5436 512 5505; x_wconf 79' lang='grc' dir='ltr'>μένων</span> <span class='ocrx_word' id='word_1_639' title='bbox 537 5437 734 5492; x_wconf 78' lang='grc' dir='ltr'>οὐδένα</span> <span class='ocrx_word' id='word_1_640' title='bbox 765 5439 926 5509; x_wconf 83' lang='grc' dir='ltr'>λόγον</span> <span class='ocrx_word' id='word_1_641' title='bbox 973 5440 1194 5512; x_wconf 75' lang='grc' dir='ltr'>ἔχομεν,</span> <span class='ocrx_word' id='word_1_642' title='bbox 1228 5443 1371 5497; x_wconf 79' lang='grc' dir='ltr'>οὓτω</span> <span class='ocrx_word' id='word_1_643' title='bbox 1403 5446 1498 5499; x_wconf 69' lang='grc' dir='ltr'><strong>καὶ</strong></span> <span class='ocrx_word' id='word_1_644' title='bbox 1539 5446 1633 5500; x_wconf 86' lang='grc' dir='ltr'><strong>τοῦ</strong></span> <span class='ocrx_word' id='word_1_645' title='bbox 1667 5447 1905 5519; x_wconf 88' lang='grc' dir='ltr'>Χριστοῦ</span> 
     </span>
    </p>
   </div>
   <div class='ocr_carea' id='block_1_98' title="bbox 315 5528 1905 5608">
    <p class='ocr_par' dir='ltr' id='par_1_98' title="bbox 315 5528 1905 5608">
     <span class='ocr_line' id='line_1_98' title="bbox 315 5528 1905 5608; baseline 0.004 -28"><span class='ocrx_word' id='word_1_646' title='bbox 315 5528 538 5599; x_wconf 80' lang='grc' dir='ltr'>μηδένα</span> <span class='ocrx_word' id='word_1_647' title='bbox 564 5528 723 5599; x_wconf 79' lang='grc' dir='ltr'>λόγον</span> <span class='ocrx_word' id='word_1_648' title='bbox 750 5530 989 5602; x_wconf 75' lang='grc' dir='ltr'>ἔχοντες,</span> <span class='ocrx_word' id='word_1_649' title='bbox 1031 5531 1205 5598; x_wconf 77' lang='grc' dir='ltr'>οὕτως</span> <span class='ocrx_word' id='word_1_650' title='bbox 1229 5533 1323 5587; x_wconf 73' lang='grc' dir='ltr'><strong>ἐπὶ</strong></span> <span class='ocrx_word' id='word_1_651' title='bbox 1350 5533 1411 5587; x_wconf 82' lang='grc' dir='ltr'><strong>τὸ</strong></span> <span class='ocrx_word' id='word_1_652' title='bbox 1447 5535 1783 5608; x_wconf 77' lang='grc' dir='ltr'>ἁμαρτάνειν</span> <span class='ocrx_word' id='word_1_653' title='bbox 1811 5537 1905 5607; x_wconf 83' lang='grc' dir='ltr'>ἐρ-</span> 
     </span>
    </p>
   </div>
   <div class='ocr_carea' id='block_1_99' title="bbox 311 5613 1901 5695">
    <p class='ocr_par' dir='ltr' id='par_1_99' title="bbox 311 5613 1901 5695">
     <span class='ocr_line' id='line_1_99' title="bbox 311 5613 1901 5695; baseline 0.007 -29"><span class='ocrx_word' id='word_1_654' title='bbox 311 5614 555 5686; x_wconf 65' lang='grc' dir='ltr'>χΰμεοα.</span> <span class='ocrx_word' id='word_1_655' title='bbox 587 5616 697 5670; x_wconf 76' lang='lat' dir='ltr'><strong>Kal</strong></span> <span class='ocrx_word' id='word_1_656' title='bbox 721 5618 788 5671; x_wconf 79' lang='grc' dir='ltr'>τὸ</span> <span class='ocrx_word' id='word_1_657' title='bbox 816 5613 960 5690; x_wconf 60' lang='lat' dir='ltr'><strong>alga</strong></span> <span class='ocrx_word' id='word_1_658' title='bbox 988 5617 1097 5690; x_wconf 85' lang='grc' dir='ltr'>τῆς</span> <span class='ocrx_word' id='word_1_659' title='bbox 1119 5621 1415 5690; x_wconf 78' lang='grc' dir='ltr'>Διαθήκης</span> <span class='ocrx_word' id='word_1_660' title='bbox 1439 5624 1647 5679; x_wconf 80' lang='grc' dir='ltr'>κοινὸν</span> <span class='ocrx_word' id='word_1_661' title='bbox 1667 5622 1901 5695; x_wconf 77' lang='grc' dir='ltr'>ἡγησά-</span> 
     </span>
    </p>
   </div>
   <div class='ocr_carea' id='block_1_100' title="bbox 2016 4698 2736 4770">
    <p class='ocr_par' dir='ltr' id='par_1_100' title="bbox 2016 4698 2736 4770">
     <span class='ocr_line' id='line_1_100' title="bbox 2016 4698 2736 4770; baseline 0 -18"><span class='ocrx_word' id='word_1_662' title='bbox 2016 4699 2409 4770; x_wconf 69' lang='lat' dir='ltr'><strong>prmvaricatus</strong></span> <span class='ocrx_word' id='word_1_663' title='bbox 2441 4698 2513 4753; x_wconf 86' lang='lat' dir='ltr'><strong>sit</strong></span> <span class='ocrx_word' id='word_1_664' title='bbox 2537 4698 2736 4768; x_wconf 81' lang='lat' dir='ltr'><strong>legem.</strong></span> 
     </span>
    </p>
   </div>
   <div class='ocr_carea' id='block_1_101' title="bbox 2089 4788 3589 4862">
    <p class='ocr_par' dir='ltr' id='par_1_101' title="bbox 2089 4788 3589 4862">
     <span class='ocr_line' id='line_1_101' title="bbox 2089 4788 3589 4862; baseline 0.006 -18"><span class='ocrx_word' id='word_1_665' title='bbox 2089 4788 2256 4845; x_wconf 74' lang='lat' dir='ltr'><strong>Vens.</strong></span> <span class='ocrx_word' id='word_1_666' title='bbox 2282 4788 2374 4844; x_wconf 60' lang='lat' dir='ltr'><strong>Q9.</strong></span> <span class='ocrx_word' id='word_1_667' title='bbox 2401 4789 2615 4857; x_wconf 85' lang='lat' dir='ltr'><strong>Quanto</strong></span> <span class='ocrx_word' id='word_1_668' title='bbox 2664 4791 2832 4862; x_wconf 84' lang='lat' dir='ltr'><strong>magis</strong></span> <span class='ocrx_word' id='word_1_669' title='bbox 2850 4792 3052 4862; x_wconf 83' lang='lat' dir='ltr'><strong>putatis</strong></span> <span class='ocrx_word' id='word_1_670' title='bbox 3084 4793 3349 4852; x_wconf 83' lang='lat' dir='ltr'><strong>deteriora</strong></span> <span class='ocrx_word' id='word_1_671' title='bbox 3398 4801 3589 4855; x_wconf 85' lang='lat' dir='ltr'><strong>mereri</strong></span> 
     </span>
    </p>
   </div>
   <div class='ocr_carea' id='block_1_102' title="bbox 2012 4880 3587 4962">
    <p class='ocr_par' dir='ltr' id='par_1_102' title="bbox 2012 4880 3587 4962">
     <span class='ocr_line' id='line_1_102' title="bbox 2012 4880 3587 4962; baseline 0.006 -27"><span class='ocrx_word' id='word_1_672' title='bbox 2012 4880 2294 4951; x_wconf 82' lang='lat' dir='ltr'><strong>supplicia,</strong></span> <span class='ocrx_word' id='word_1_673' title='bbox 2345 4881 2436 4952; x_wconf 88' lang='lat' dir='ltr'><strong>qui</strong></span> <span class='ocrx_word' id='word_1_674' title='bbox 2495 4880 2695 4936; x_wconf 80' lang='lat' dir='ltr'><strong>Filium</strong></span> <span class='ocrx_word' id='word_1_675' title='bbox 2718 4882 2817 4938; x_wconf 90' lang='lat' dir='ltr'><strong>Dei</strong></span> <span class='ocrx_word' id='word_1_676' title='bbox 2840 4885 3247 4956; x_wconf 82' lang='lat' dir='ltr'><strong>conculcaverit,</strong></span> <span class='ocrx_word' id='word_1_677' title='bbox 3275 4898 3325 4944; x_wconf 87' lang='lat' dir='ltr'><strong>et</strong></span> <span class='ocrx_word' id='word_1_678' title='bbox 3364 4892 3587 4962; x_wconf 86' lang='lat' dir='ltr'><strong>sangui-</strong></span> 
     </span>
    </p>
   </div>
   <div class='ocr_carea' id='block_1_103' title="bbox 2014 4970 3587 5052">
    <p class='ocr_par' dir='ltr' id='par_1_103' title="bbox 2014 4970 3587 5052">
     <span class='ocr_line' id='line_1_103' title="bbox 2014 4970 3587 5052; baseline 0.006 -25"><span class='ocrx_word' id='word_1_679' title='bbox 2014 4987 2129 5027; x_wconf 86' lang='lat' dir='ltr'><strong>nem</strong></span> <span class='ocrx_word' id='word_1_680' title='bbox 2168 4970 2494 5027; x_wconf 85' lang='lat' dir='ltr'><strong>Testamenti</strong></span> <span class='ocrx_word' id='word_1_681' title='bbox 2543 4975 2808 5045; x_wconf 83' lang='lat' dir='ltr'><strong>pollutum</strong></span> <span class='ocrx_word' id='word_1_682' title='bbox 2853 4977 3099 5034; x_wconf 75' lang='lat' dir='ltr'><strong>duxerit?</strong></span> <span class='ocrx_word' id='word_1_683' title='bbox 3134 4978 3274 5051; x_wconf 86' lang='lat' dir='ltr'><strong>ipsis</strong></span> <span class='ocrx_word' id='word_1_684' title='bbox 3324 4981 3587 5052; x_wconf 88' lang='lat' dir='ltr'><strong>judicium</strong></span> 
     </span>
    </p>
   </div>
   <div class='ocr_carea' id='block_1_104' title="bbox 2016 5065 3584 5141">
    <p class='ocr_par' dir='ltr' id='par_1_104' title="bbox 2016 5065 3584 5141">
     <span class='ocr_line' id='line_1_104' title="bbox 2016 5065 3584 5141; baseline 0.006 -21"><span class='ocrx_word' id='word_1_685' title='bbox 2016 5065 2314 5135; x_wconf 90' lang='lat' dir='ltr'><strong>permittit:</strong></span> <span class='ocrx_word' id='word_1_686' title='bbox 2351 5065 2497 5136; x_wconf 86' lang='lat' dir='ltr'><strong>quod</strong></span> <span class='ocrx_word' id='word_1_687' title='bbox 2548 5066 2604 5121; x_wconf 90' lang='lat' dir='ltr'><strong>in</strong></span> <span class='ocrx_word' id='word_1_688' title='bbox 2636 5067 2794 5123; x_wconf 81' lang='lat' dir='ltr'><strong>valde</strong></span> <span class='ocrx_word' id='word_1_689' title='bbox 2825 5073 3031 5141; x_wconf 85' lang='lat' dir='ltr'><strong>apertis</strong></span> <span class='ocrx_word' id='word_1_690' title='bbox 3079 5070 3263 5128; x_wconf 79' lang='lat' dir='ltr'><strong>facere</strong></span> <span class='ocrx_word' id='word_1_691' title='bbox 3322 5073 3584 5140; x_wconf 88' lang='lat' dir='ltr'><strong>solemus,</strong></span> 
     </span>
    </p>
   </div>
   <div class='ocr_carea' id='block_1_105' title="bbox 2010 5157 3585 5233">
    <p class='ocr_par' dir='ltr' id='par_1_105' title="bbox 2010 5157 3585 5233">
     <span class='ocr_line' id='line_1_105' title="bbox 2010 5157 3585 5233; baseline 0.006 -21"><span class='ocrx_word' id='word_1_692' title='bbox 2010 5171 2134 5212; x_wconf 89' lang='lat' dir='ltr'><strong>cum</strong></span> <span class='ocrx_word' id='word_1_693' title='bbox 2163 5157 2442 5214; x_wconf 89' lang='lat' dir='ltr'><strong>auditores</strong></span> <span class='ocrx_word' id='word_1_694' title='bbox 2467 5158 2710 5218; x_wconf 89' lang='lat' dir='ltr'><strong>arbitros</strong></span> <span class='ocrx_word' id='word_1_695' title='bbox 2739 5160 3033 5219; x_wconf 80' lang='lat' dir='ltr'><strong>iaciamus.</strong></span> <span class='ocrx_word' id='word_1_696' title='bbox 3074 5163 3217 5232; x_wconf 88' lang='lat' dir='ltr'><strong>Quid</strong></span> <span class='ocrx_word' id='word_1_697' title='bbox 3254 5173 3436 5221; x_wconf 90' lang='lat' dir='ltr'><strong>autem</strong></span> <span class='ocrx_word' id='word_1_698' title='bbox 3474 5176 3585 5233; x_wconf 90' lang='lat' dir='ltr'><strong>est,</strong></span> 
     </span>
    </p>
   </div>
   <div class='ocr_carea' id='block_1_106' title="bbox 2010 5252 3587 5332">
    <p class='ocr_par' dir='ltr' id='par_1_106' title="bbox 2010 5252 3587 5332">
     <span class='ocr_line' id='line_1_106' title="bbox 2010 5252 3587 5332; baseline 0.006 -25"><span class='ocrx_word' id='word_1_699' title='bbox 2010 5252 2116 5321; x_wconf 85' lang='lat' dir='ltr'><strong>Qui</strong></span> <span class='ocrx_word' id='word_1_700' title='bbox 2140 5254 2707 5314; x_wconf 65' lang='lat' dir='ltr'><strong>conculcaveritthoc</strong></span> <span class='ocrx_word' id='word_1_701' title='bbox 2762 5268 2867 5325; x_wconf 86' lang='lat' dir='ltr'><strong>est,</strong></span> <span class='ocrx_word' id='word_1_702' title='bbox 2900 5259 2992 5331; x_wconf 90' lang='lat' dir='ltr'><strong>qui</strong></span> <span class='ocrx_word' id='word_1_703' title='bbox 3040 5261 3456 5332; x_wconf 88' lang='lat' dir='ltr'><strong>contempserit.</strong></span> <span class='ocrx_word' id='word_1_704' title='bbox 3515 5262 3587 5319; x_wconf 78' lang='lat' dir='ltr'><strong>Ut</strong></span> 
     </span>
    </p>
   </div>
   <div class='ocr_carea' id='block_1_107' title="bbox 2010 5347 3581 5421">
    <p class='ocr_par' dir='ltr' id='par_1_107' title="bbox 2010 5347 3581 5421">
     <span class='ocr_line' id='line_1_107' title="bbox 2010 5347 3581 5421; baseline 0.006 -18"><span class='ocrx_word' id='word_1_705' title='bbox 2010 5347 2158 5403; x_wconf 88' lang='lat' dir='ltr'><strong>enim</strong></span> <span class='ocrx_word' id='word_1_706' title='bbox 2213 5347 2665 5405; x_wconf 90' lang='lat' dir='ltr'><strong>conculcatorum</strong></span> <span class='ocrx_word' id='word_1_707' title='bbox 2729 5352 2936 5406; x_wconf 89' lang='lat' dir='ltr'><strong>nullam</strong></span> <span class='ocrx_word' id='word_1_708' title='bbox 2966 5354 3237 5408; x_wconf 87' lang='lat' dir='ltr'><strong>rationem</strong></span> <span class='ocrx_word' id='word_1_709' title='bbox 3294 5353 3581 5421; x_wconf 89' lang='lat' dir='ltr'><strong>habemus,</strong></span> 
     </span>
    </p>
   </div>
   <div class='ocr_carea' id='block_1_108' title="bbox 2012 5440 3581 5517">
    <p class='ocr_par' dir='ltr' id='par_1_108' title="bbox 2012 5440 3581 5517">
     <span class='ocr_line' id='line_1_108' title="bbox 2012 5440 3581 5517; baseline 0.005 -21"><span class='ocrx_word' id='word_1_710' title='bbox 2012 5440 2091 5496; x_wconf 80' lang='lat' dir='ltr'><strong>ita</strong></span> <span class='ocrx_word' id='word_1_711' title='bbox 2151 5441 2355 5497; x_wconf 81' lang='lat' dir='ltr'><strong>Christi</strong></span> <span class='ocrx_word' id='word_1_712' title='bbox 2415 5441 2566 5497; x_wconf 85' lang='lat' dir='ltr'><strong>nulla</strong></span> <span class='ocrx_word' id='word_1_713' title='bbox 2615 5443 2829 5498; x_wconf 90' lang='lat' dir='ltr'><strong>ratione</strong></span> <span class='ocrx_word' id='word_1_714' title='bbox 2876 5443 3063 5498; x_wconf 85' lang='lat' dir='ltr'><strong>habita</strong></span> <span class='ocrx_word' id='word_1_715' title='bbox 3120 5444 3191 5500; x_wconf 89' lang='lat' dir='ltr'><strong>ad</strong></span> <span class='ocrx_word' id='word_1_716' title='bbox 3247 5447 3581 5517; x_wconf 89' lang='lat' dir='ltr'><strong>peccandum</strong></span> 
     </span>
    </p>
   </div>
   <div class='ocr_carea' id='block_1_109' title="bbox 2014 5527 3586 5605">
    <p class='ocr_par' dir='ltr' id='par_1_109' title="bbox 2014 5527 3586 5605">
     <span class='ocr_line' id='line_1_109' title="bbox 2014 5527 3586 5605; baseline 0.004 -21"><span class='ocrx_word' id='word_1_717' title='bbox 2014 5530 2284 5585; x_wconf 80' lang='lat' dir='ltr'><strong>venimus.</strong></span> <span class='ocrx_word' id='word_1_718' title='bbox 2311 5527 2380 5583; x_wconf 85' lang='lat' dir='ltr'><strong>Et</strong></span> <span class='ocrx_word' id='word_1_719' title='bbox 2404 5528 2711 5600; x_wconf 81' lang='lat' dir='ltr'><strong>sanguinem</strong></span> <span class='ocrx_word' id='word_1_720' title='bbox 2735 5528 3058 5586; x_wconf 85' lang='lat' dir='ltr'><strong>Testamenti</strong></span> <span class='ocrx_word' id='word_1_721' title='bbox 3070 5534 3333 5604; x_wconf 79' lang='lat' dir='ltr'><strong>pollutum</strong></span> <span class='ocrx_word' id='word_1_722' title='bbox 3349 5535 3586 5605; x_wconf 76' lang='lat' dir='ltr'><strong>duxerit,</strong></span> 
     </span>
    </p>
   </div>
   <div class='ocr_carea' id='block_1_110' title="bbox 2012 5622 3585 5700">
    <p class='ocr_par' dir='ltr' id='par_1_110' title="bbox 2012 5622 3585 5700">
     <span class='ocr_line' id='line_1_110' title="bbox 2012 5622 3585 5700; baseline 0.006 -23"><span class='ocrx_word' id='word_1_723' title='bbox 2012 5623 2116 5679; x_wconf 84' lang='lat' dir='ltr'><strong>hoc</strong></span> <span class='ocrx_word' id='word_1_724' title='bbox 2146 5631 2250 5689; x_wconf 89' lang='lat' dir='ltr'><strong>est,</strong></span> <span class='ocrx_word' id='word_1_725' title='bbox 2277 5622 2415 5678; x_wconf 90' lang='lat' dir='ltr'><strong>nihil</strong></span> <span class='ocrx_word' id='word_1_726' title='bbox 2442 5622 2510 5679; x_wconf 89' lang='lat' dir='ltr'><strong>ab</strong></span> <span class='ocrx_word' id='word_1_727' title='bbox 2535 5622 2643 5678; x_wconf 86' lang='lat' dir='ltr'><strong>alio</strong></span> <span class='ocrx_word' id='word_1_728' title='bbox 2692 5637 2892 5680; x_wconf 90' lang='lat' dir='ltr'><strong>cruore</strong></span> <span class='ocrx_word' id='word_1_729' title='bbox 2922 5623 3142 5684; x_wconf 74' lang='lat' dir='ltr'><strong>differre</strong></span> <span class='ocrx_word' id='word_1_730' title='bbox 3192 5631 3419 5700; x_wconf 87' lang='lat' dir='ltr'><strong>putarit.</strong></span> <span class='ocrx_word' id='word_1_731' title='bbox 3483 5631 3585 5686; x_wconf 82' lang='lat' dir='ltr'><strong>Te-</strong></span> 
     </span>
    </p>
   </div>
   <div class='ocr_carea' id='block_1_111' title="bbox 1695 5800 2266 5865">
    <p class='ocr_par' dir='ltr' id='par_1_111' title="bbox 1695 5800 2266 5865">
     <span class='ocr_line' id='line_1_111' title="bbox 1695 5800 2266 5865; baseline 0.004 -3"><span class='ocrx_word' id='word_1_732' title='bbox 1695 5802 1904 5864; x_wconf 69' lang='lat' dir='ltr'><strong>Variee</strong></span> <span class='ocrx_word' id='word_1_733' title='bbox 1936 5800 2266 5865; x_wconf 87' lang='lat' dir='ltr'><strong>lectiones.</strong></span> 
     </span>
    </p>
   </div>
   <div class='ocr_carea' id='block_1_112' title="bbox 396 5897 887 5970">
    <p class='ocr_par' dir='ltr' id='par_1_112' title="bbox 396 5897 887 5970">
     <span class='ocr_line' id='line_1_112' title="bbox 396 5897 887 5970; baseline 0.012 -21"><span class='ocrx_word' id='word_1_734' title='bbox 396 5897 449 5930; x_wconf 78' lang='lat'><strong>”</strong></span> <span class='ocrx_word' id='word_1_735' title='bbox 488 5897 798 5970; x_wconf 80' lang='grc' dir='ltr'>ὑπενόησαν</span> <span class='ocrx_word' id='word_1_736' title='bbox 830 5915 887 5961; x_wconf 90' lang='grc' dir='ltr'><strong>ο.</strong></span> 
     </span>
    </p>
   </div>
  </div>
