3918 6550
447 391 562 454 335

1406 387 1977 449 TIIEOt’HYLACTl
2021 387 2428 450 BUI.GARI.«‘E
2463 390 2815 452 ARCIIIEP.

3617 399 3704 460 336

465 499 717 557 stamenti
753 497 958 564 autem,
991 496 1136 569 quod
1167 504 1574 562 testamentum,
1599 497 1742 570 quod
1775 497 2022 553 bonorun

2149 516 2371 569 μενος·
2432 500 2698 565 τουτέστι,
2751 499 2916 571 μηδὲν
2970 500 3128 555 πλέον
3167 499 3306 572 ἔχων
3354 502 3458 556 τῶν
3494 501 3699 559 λοιπῶν.

471 593 632 649 nobis
689 592 1060 647 haereditatem
1121 589 1384 660 impertit,
1433 599 1493 645 ut
1522 606 1688 661 supra
1718 591 2044 646 memoravi-

475 697 621 746 mus,
674 695 771 752 per
821 681 998 752 ipsum
1049 679 1352 735 stabilitum
1421 689 1528 736 est.
1581 678 1708 734 Haec
1736 689 1917 736 autem
1975 678 2045 736 de

465 780 816 828 sacramento
868 784 1039 825 omna:
1100 769 1397 826 Dominicaa
1452 769 1598 826 dicta
1631 778 1780 826 sunt.
1812 769 2044 836 Quando

467 865 613 920 enim
637 872 979 920 assumentes
1001 861 1350 932 impollutum
1383 878 1588 933 corpus
1615 873 1670 918 et
1718 863 2040 934 sanguinem

464 955 694 1024 Christi,
727 956 780 1010 in
808 969 966 1011 (ωηο
997 969 1062 1010 ac
1091 955 1206 1010 luto
1228 955 1531 1025 corporalis
1554 955 1891 1026 impuritatis
1915 969 2040 1010 car-

467 1064 590 1104 nem
650 1055 896 1102 nostram
957 1060 1082 1116 qua:
1130 1045 1265 1101 illud
1332 1046 1654 1116 assumpsit,
1699 1045 2038 1110 volutamus,

465 1154 650 1196 nonne
683 1137 883 1193 Filium
925 1135 1022 1191 Dei
1056 1135 1492 1192 conculcamus?
1513 1135 1712 1191 Lutum
1750 1137 1895 1192 enim
1926 1146 2038 1191 ter-

467 1248 542 1288 ra:
569 1247 678 1287 non
714 1231 851 1286 adeo
912 1230 1198 1300 indignum
1251 1237 1335 1285 est
1359 1243 1586 1299 corpore
1611 1229 1819 1295 divino,
1873 1241 2038 1298 quant

467 1324 780 1396 impuritas.
809 1320 997 1378 Uteris
1034 1331 1214 1376 autem
1247 1321 1350 1378 hoc
1371 1321 1493 1378 loco
1524 1321 1787 1378 adversus
1845 1320 2040 1376 Nesto-

461 1419 674 1474 rianos.
727 1414 864 1470 Nam
925 1413 1004 1469 illi
1039 1427 1252 1469 merum
1313 1413 1589 1469 hominem
1654 1413 2037 1469 existimantes

460 1512 768 1574 Christum,
792 1508 1118 1580 sanguinem
1151 1507 1270 1579 ejus
1297 1519 1643 1560 communem
1672 1511 2033 1568 censuerunt,

442 1619 640 1676 .neque
666 1602 965 1675 quidquam
990 1615 1018 1654 a
1044 1598 1269 1670 reliquis
1297 1596 1538 1653 differre.

535 1695 606 1750 In
633 1711 735 1765 quo
763 1693 1131 1761 san'ctiﬁcatus
1164 1699 1264 1744 est.
1293 1687 1678 1759 Stupiditatem
1703 1696 1758 1744 et
1801 1685 2035 1758 ingrati-

460 1784 704 1842 tudinem
729 1785 820 1840 hic
847 1779 1111 1839 ostendit.
1135 1777 1432 1850 Oportebat
1456 1778 1626 1843 enim,
1646 1777 1844 1849 inquit,
1868 1793 2034 1834 sane-

2148 588 2451 656 Διαθήκης
2479 589 2558 652 δὲ,
2587 590 2668 642 ὃτι
2701 589 2766 642 δι’
2797 590 2965 660 αὐτῆς
3002 589 3301 661 ἐϐεϐαιώθη
3341 592 3374 661 ή
3412 592 3542 661 πρὸς
3574 594 3703 662 ἡμᾶς

2145 677 2400 751 διαθήκη,
2436 680 2469 751 ἡ
2500 680 2598 751 τὴν
2635 681 3002 751 κληρονομίαν
3032 682 3162 750 ἡμῖν
3195 681 3411 734 διδοῦσα
3437 683 3545 734 τῶν
3579 685 3703 751 ἀγα-

2147 769 2279 836 θῶν,
2315 772 2387 835 ὡς
2423 773 2680 844 ἀνωτέρω
2719 774 2968 843 εἴπομεν.
3000 773 3187 827 Ταῦτα
3221 774 3279 827 δὲ
3327 775 3450 846 περὶ
3479 775 3584 826 τῶν
3615 794 3704 845 μυ-

2145 865 2382 936 στηρίων
2430 867 2666 938 εἴρηται.
2711 867 2884 920 Ὅταν
2927 867 3036 938 γὰρ
3087 867 3593 938 μεταλαμϐάνοντες
3617 869 3701 921 τοῦ

2145 956 2424 1029 ἁχράντου
2465 936 2716 1029 σώματος
2772 959 2866 1012 καὶ
2914 936 3168 1029 αἵματος,
3203 936 3280 1028 τῷ
3306 936 3568 1029 γβορΰὸρῳ
3616 959 3701 1028 τῆς

2145 1049 2467 1118 σωματικῆς
2517 1048 2863 1120 ἀκαθαρσίας
2921 1052 3021 1120 τὴν
3075 1049 3486 1121 μεταλαόοὖσαν
3539 1051 3699 1122 σάρκα

2142 1140 2509 1210 ὲγκυλίωμεν,
2565 1137 2676 1213 ἆρα
2733 1142 2795 1194 ού
2848 1143 3275 1213 καταπατούμεν
3325 1143 3414 1197 τὸν
3449 1143 3573 1196 Υίὸν
3617 1143 3698 1196 τοῦ

2141 1229 2314 1297 Θεοῢ;
2359 1230 2417 1284 'U
2451 1231 2620 1302 πηλὸς
2663 1233 2772 1304 γὰρ
2822 1234 2923 1303 τῆς
2970 1233 3074 1303 γῆς
3107 1234 3168 1286 οὐ
3203 1232 3454 1287 τοσοῦτον
3498 1235 3701 1300 ἀνάξιος

2139 1315 2234 1370 τοῦ
2260 1316 2405 1370 θείου
2463 1318 2738 1390 σώματος,
2767 1321 2841 1384 ὡς
2879 1324 2912 1392 ὴ
2957 1321 3290 1392 ἀκαθαρσία.
3331 1324 3524 1394 Χρήσῃ
3555 1325 3606 1376 δὲ
3633 1324 3700 1393 τῷ

2141 1409 2292 1480 ῥητῷ
2317 1409 2365 1441 ⁶⁰
2415 1411 2508 1463 καὶ
2551 1412 2693 1465 κατὰ
2743 1412 3142 1484 Νεστοριανῶν.
3196 1407 3356 1466 Οὗτοι
3402 1415 3509 1482 γὰρ
3559 1415 3697 1483 ψιλὸν

2138 1500 2423 1572 ἄνθρωπον
2448 1503 2687 1570 οἰόμενοι
2731 1503 2821 1556 τὸν
2866 1505 3122 1574 Χριστὸν,
3157 1507 3248 1557 καί
3278 1505 3339 1558 τὸ
3371 1499 3510 1575 αἷμα
3545 1505 3694 1559 αὑτοῦ

2135 1592 2315 1646 κοινδν
2341 1595 2544 1648 οῐονται
2565 1593 2632 1659 ⁸⁸,
2661 1594 2756 1649 καὶ
2785 1595 2937 1648 οὐδὲν
2965 1595 3073 1648 τῶν
3102 1595 3300 1648 λοιπῶν
3326 1595 3598 1666 διαφέρον.

2219 1684 2323 1740 Ἔν
2351 1680 2399 1753 ᾧ
2437 1686 2717 1755 ἡγιάσθη.
2759 1687 2832 1740 Τὸ
2861 1686 3187 1757 ἀναίσθητον
3220 1689 3313 1741 καὶ
3344 1689 3595 1758 ἀγνῶμον
3620 1690 3697 1741 ἐν-

2135 1774 2310 1830 ταῦθα
2367 1776 2676 1832 δείκνυσιν·
2739 1778 2845 1831 ἔδει
2903 1778 3034 1850 γὰρ,
3085 1779 3237 1847 φησὶ,
3293 1780 3385 1832 τὸν
3442 1780 3696 1850 ἁγιασμόν

433 1877 821 1934 ’ῐίίίοιιιὶοιιοιη
848 1874 1110 1939 revereri,
1138 1886 1244 1943 qua
1277 1872 1330 1926 in
1355 1871 1622 1941 sanguine
1645 1871 1883 1927 donatus
1915 1862 2022 1930 ἐει

2140 1866 2552 1940 δυσωπηθῑψαι,
2583 1863 2644 1924 οὗ
2668 1868 2873 1940 ἠξιώθη
2914 1870 2971 1923 ὲν
3002 1868 3081 1940 τῷ
3111 1869 3328 1940 αἵματι.

517 1967 600 2022 "Et
641 1967 882 2040 "Spiritui
918 1967 1106 2038 gratia:
1156 1967 1532 2020 contumeliam
1598 1965 1818 2035 fecerit?
1869 1967 2036 2037 ’128

426 2060 561 2128 'Qui
592 2062 739 2117 enim
774 2045 1102 2116 beneﬁcium
1138 2058 1398 2113 collatum
1459 2073 1565 2112 non
1603 2067 1752 2113 recte
1793 2058 2034 2114 admini-

457 2149 903 2222 strarit,'lnjuria
955 2148 1118 2202 allicit
1170 2162 1294 2203 eum
1345 2145 1438 2218 qui
1477 2147 1727 2204 contulit.
1790 2147 1939 2203 Fecit
1973 2157 2028 2204 te

436 2237 632 2292 ‘ﬁlium
705 2236 825 2302 Dei,
855 2244 912 2291 tu
967 2251 1106 2290 vero
1165 2251 1356 2290 servus
1413 2234 1642 2291 eﬂieeris
1699 2236 2036 2292 atlectuum?

457 2330 620 2386 Venit
655 2340 716 2385 ut
746 2330 880 2384 in'te
905 2327 1202 2394 habitaret,
1236 2336 1292 2382 tu
1325 2342 1454 2383 vero
1514 2329 1900 2399 superinducis
1931 2331 2030 2387 tibi

455 2420 778 2478 diabolum?
812 2421 1004 2477 Nonne
1029 2421 1134 2476 ista
1156 2427 1240 2476 est
1267 2421 1595 2476 contumelia
1628 2419 1872 2493 Spiritus
1901 2423 1926 2477 ἒ

528 2513 696 2571 Vens.
729 2514 820 2571 30.
871 2510 1081 2570 Scimus
1144 2513 1284 2568 enim
1331 2528 1449 2567 eum
1511 2514 1602 2584 qui
1654 2515 1827 2569 dixit:
1898 2515 2027 2570 Mihi

454 2607 706 2669 vindicta,
739 2622 831 2677 ego
865 2604 1180 2668 retribuam,
1215 2602 1344 2658 dicit
1363 2602 1640 2659 Dominus.
1675 2604 1744 2659 Et
1794 2607 2028 2663 iterum:

458 2697 714 2754 Dominus
729 2697 1002 2767 judicabit
1027 2697 1278 2768 populum
1346 2714 1524 2752 suum.
1577 2701 1915 2754 Horrendum
1949 2710 2026 2755 est

452 2792 688 2845 incidere
717 2791 767 2844 in
813 2806 1001 2844 manus
1041 2788 1133 2844 Dei
1172 2791 1410 2845 viventis.
1443 2789 1569 2846 Hac
1607 2792 1744 2846 dixit
1775 2808 1841 2847 ex
1894 2807 2028 2847 con-

427 2883 733 2955 sequenti,
761 2892 819 2937 ut
852 2881 1108 2938 ostendat
1162 2880 1454 2936 Dominum
1483 2882 1745 2937 ultionem
1779 2893 2028 2952 sumptu-

452 2990 575 3031 rum
604 2974 673 3031 de
701 2974 1104 3045 peccatoribus.
1133 2972 1268 3027 Nam
1300 2973 1352 3028 id
1379 2990 1476 3044 per
1516 2974 1846 3046 Prophetam
1866 2976 2023 3030 dixit.

421 3067 786 3123 "Cousolatur
817 3072 1000 3120 autem
1022 3080 1139 3132 eos,
1177 3066 1270 3136 qui
1295 3068 1366 3122 ob
1389 3064 1712 3122 Iudaeorum
1766 3069 2026 3123 tentalio-

453 3171 552 3211 nes
575 3156 779 3226 quibus
813 3155 1235 3220 exercebantur,
1267 3158 1452 3212 animo
1474 3156 1588 3227 jam
1637 3157 2021 3212 concidebant.

437 3246 858 3318 'Propemodum
933 3247 1078 3303 enim
1139 3248 1252 3303 hinc
1305 3248 1470 3302 dicit:
1522 3246 1601 3304 Ne
1646 3250 2026 3320 despondeatis

447 3340 720 3407 animum,
752 3340 967 3396 habetis
990 3341 1083 3412 qui
1113 3355 1210 3396 vos
1247 3341 1736 3408 sitv-iudicaturus,
1763 3357 1826 3397 ac
1875 3359 2026 3398 com-

436 3442 781 3502 pensaturus
803 3439 1021 3489 veStros
1063 3433 1305 3500 labores,
1336 3449 1460 3490 eum
1481 3436 1575 3507 qui
1629 3451 1843 3508 semper
1869 3438 2022 3503 vivit,

447 3536 612 3593 quem
649 3523 726 3578 iili
752 3523 847 3595 qui
877 3523 1255 3596 vosallligunt,
1284 3525 1432 3581 nulla
1496 3528 1702 3582 ratione
1743 3529 2020 3601 eﬂugient.

444 3614 557 3673 Vos
577 3615 799 3688 quidem
847 3617 901 3673 in
951 3618 1168 3672 illorum
1201 3633 1398 3674 manus
1438 3621 1732 3686 incidistis,
1759 3622 1853 3693 qui
1896 3633 2024 3678 sunt

445 3707 726 3776 homines,
757 3715 813 3765 et
837 3711 1000 3766 morti
1029 3712 1252 3767 obnoxii
1277 3729 1290 3767 :
1317 3713 1410 3768 isti
1445 3729 1575 3770 vero
1605 3715 1660 3770 in
1690 3733 1885 3774 manus
1925 3719 2022 3774 Dei

442 3813 662 3868 semper
706 3801 964 3868 viventis,
1053 3819 1216 3874 quem
1269 3814 1562 3877 pr0ptcrea
1630 3808 1868 3879 ellugere
1909 3826 2020 3866 non

445 3900 728 3962 poterunt.

516 3981 684 4041 Vens.
717 3984 807 4040 52.
859 3985 1303 4044 Rememoramini
1367 4000 1540 4045 autem
1607 3993 1858 4062 pristinos
1885 3995 2016 4050 dies.

445 4075 567 4132 Non
593 4091 725 4148 ergo
749 4075 955 4134 frustra
989 4078 1251 4144 diximus,
1275 4083 1422 4151 quod
1449 4082 1619 4150 istud,
1648 4082 1783 4138 Mihi
1821 4087 2020 4141 vindic-

436 4177 522 4230 ta,
557 4167 623 4223 ad
681 4169 1118 4227 consolationem
1175 4185 1364 4226 eorum
1410 4174 1550 4228 clam
1604 4177 1832 4232 inducit.
1875 4177 2018 4236 Ecce

435 4263 587 4315 enim
649 4259 856 4317 clarius
920 4277 1068 4316 nunc
1103 4277 1226 4317 cmn
1264 4265 1374 4320 illis
1435 4254 1677 4333 disserit,
1713 4269 2016 4329 adhortans

444 4365 541 4406 eos
595 4366 665 4408 ne
721 4351 984 4408 deﬁciant
1029 4369 1059 4408 a
1097 4356 1385 4426 patientia.
1442 4357 1681 4415 Proinde
1730 4376 1801 4416 ne
1849 4365 2011 4430 alios,

437 4441 642 4514 inquit,
676 4443 992 4511 imitemini,
1027 4446 1122 4502 sed
1156 4447 1258 4518 ipsi
1286 4449 1675 4520 vosmetipsos.
1733 4451 2012 4526 Principio

2208 1957 2317 2014 Καὶ
2349 1958 2416 2013 τὸ
2452 1958 2696 2029 Πνεῦμα
2731 1958 2842 2028 τῆς
2862 1959 3105 2029 χάριτος
3127 1959 3490 2027 ἐνυϐρίσας
3525 1960 3581 2014 '0
3603 1959 3695 2032 γὰρ

2136 2049 2236 2121 τὴν
2267 2050 2564 2122 δεδομένην
2614 2052 2935 2123 εὐεργεσίαν
2988 2053 3063 2122 μὴ
3113 2051 3279 2119 ἀξίως
3325 2052 3692 2123 οἰκονομήσας,

2137 2144 2330 2216 ὕϐρισε
2361 2147 2455 2200 τδν
2488 2148 2863 2218 παρασχόντα.
2903 2147 3157 2216 Ἐποίησέ
3203 2163 3262 2200 σε
3295 2146 3423 2200 Υίδν
3454 2145 3607 2211 Θεοῦ,
3637 2149 3692 2200 σὺ

2133 2237 2191 2292 δὲ
2219 2237 2404 2302 δοῦλος
2443 2238 2570 2309 γίνῃ
2603 2238 2830 2304 παθῶν;
2873 2233 3078 2292 Ἦλθεν
3107 2239 3390 2310 ἐνοικῆσαί
3422 2256 3528 2304 σοι,
3557 2239 3616 2292 σὺ
3646 2240 3693 2292 δὲ

2132 2326 2449 2396 ὲπεισάγεις
2504 2329 2688 2399 σαυτῷ
2747 2328 2840 2383 τὸν
2887 2327 3164 2397 διάδολον;
3198 2325 3342 2400 Ἆρα
3399 2328 3570 2384 ταῦτα
3608 2329 3693 2400 οὐχ

2134 2416 2292 2490 ῠσρις
2321 2419 2414 2472 τοῦ
2447 2420 2802 2490 Πνεύματοςῖ

2198 2511 2460 2581 Οἴδαμεν
2501 2512 2614 2582 τὰρ
2663 2512 2773 2566 τὸν
2818 2513 3068 2567 εἰπόντα
3099 2529 3114 2546 ·
3160 2512 3322 2582 Ἐμοί
3373 2511 3685 2578 ἐκδίκησις,

2129 2603 2244 2673 ἐγὼ
2275 2604 2704 2670 ἀνταποδώσω,
2737 2604 2900 2675 λέγει
2929 2607 3165 2674 Κύριος.
3200 2604 3306 2658 Καὶ
3338 2604 3560 2658 πάλιν
3588 2604 3690 2657 K13-

2122 2712 2255 2762 ριος
2285 2696 2480 2765 κρινεῖ
2493 2699 2600 2750 τὸν
2628 2697 2784 2752 λαὸν
2809 2697 3020 2752 αὑτοῦ.
3048 2696 3306 2765 Φοϐερὸν
3333 2697 3403 2750 τὸ
3430 2693 3690 2766 ἐμπεσεῖν

2128 2790 2214 2853 εἰς
2245 2789 2447 2857 χεῖρας
2501 2788 2651 2844 Θεοῦ
2701 2788 2938 2856 ζῶντος.
2995 2789 3181 2844 Ταῦτα
3231 2790 3423 2859 εἴρηκε
3473 2789 3569 2858 μὲν
3609 2787 3688 2840 καὶ

2129 2881 2272 2933 κατὰ
2293 2880 2354 2934 τὸ
2381 2880 2701 2945 ἀκόλουθον,
2731 2881 2866 2953 πρὸς
2895 2881 2954 2934 τὸ
2986 2878 3286 2945 ἀποδεῖξαι,
3317 2881 3402 2933 ὅτι
3433 2880 3687 2950 ἐκδίκησιν

2131 2971 2315 3040 μέλλει
2348 2971 2679 3043 ποιήσασθαι
2727 2973 2824 3027 ἐπὶ
2868 2975 2982 3037 τοῖς
3016 2971 3496 3042 ἁμαρτανομένοις
3529 2971 3556 3022 ὁ
3593 2970 3687 3024 K6-

2130 3079 2264 3132 ριος.
2297 3063 2432 3116 Eine
2468 3064 2576 3135 γὰρ
2609 3063 2770 3118 τοῦτο
2801 3063 2887 3117 διὰ
2940 3063 3034 3116 τοῦ
3089 3067 3396 3132 προφήτου.
3451 3063 3689 3132 Παραμυ-

2131 3154 2304 3208 θεῖται
2351 3155 2408 3207 δὲ
2442 3157 2551 3209 ’καὶ
2596 3156 2792 3219 αὐτοὺς
2833 3155 3307 3227 μικροψυχοῦντας
3349 3156 3443 3208 διὰ
3471 3157 3588 3216 τοὺς
3632 3155 3685 3204 ἐκ

2129 3246 2240 3299 τῶν
2268 3247 2557 3300 θλιϐόντων
2584 3248 2784 3312 αὐτοὺς
2823 3249 3091 3302 Ἰουδαίων
3117 3247 3485 3319 πειρασμούςο
3508 3246 3684 3299 ὡσανεὶ

2128 3340 2240 3409 γὰρ
2265 3339 2490 3394 τοιαῦτά
2517 3355 2671 3409 φησι·
2704 3339 2794 3412 Μὴ
2823 3340 3216 3404 καταπίπτετε,
3251 3339 3407 3410 ἔχετε
3446 3340 3536 3393 τὸν
3563 3338 3686 3392 ἐκδιο

2128 3432 2328 3486 κοῦντα
2375 3433 2472 3487 καὶ
2522 3433 2964 3499 ἁνταποδιδόντα,
3011 3434 3160 3497 ὅστις
3209 3433 3297 3486 ἀεὶ
3337 3434 3432 3504 ζῇ,
3483 3433 3572 3486 καὶ
3597 3431 3681 3485 οὐκ

2126 3525 2483 3594 ἐκφεύξονται
2533 3526 2700 3581 αὐτὸν
2752 3526 2968 3588 πάντως
2999 3526 3049 3579 ot
3085 3524 3490 3596 ἐπηρεάζοντες
3535 3525 3678 3594 ὑμᾶς.

2139 3618 2328 3690 Ὑμεῖς
2363 3620 2464 3691 μὲν
2494 3621 2576 3684 είς
2622 3619 2721 3684 τὰς
2749 3618 2978 3673 ἐκείνων
3016 3621 3204 3690 χεῖρας
3241 3620 3538 3673 ἐνεπὲσατε
3574 3617 3682 3686 θνη-

2122 3709 2230 3762 τῶν
2257 3710 2595 3782 ἀνθρώπων·
2643 3713 2841 3766 ἐκεῖνοι
2890 3712 2968 3778 δὲ,
3024 3713 3103 3776 είς
3138 3711 3237 3775 τὰς
3281 3711 3378 3766 τοῦ
3432 3711 3563 3766 Θεοῦ
3597 3708 3677 3762 τοῦ

2121 3798 2212 3853 ἀεὶ
2237 3799 2462 3870 ζῶντος,
2496 3803 2591 3858 καὶ
2622 3801 2712 3856 διὰ
2739 3802 2898 3857 τοῦτο
2925 3802 3364 3874 ἀναποδράστου.

2203 3985 2753 4058 Ἀναμιμνήσκεσθε
2807 3987 2876 4042 δὲ
2934 3988 3041 4054 τὰς
3105 3987 3400 4057 πρότερον
3455 3985 3673 4057 ἡμέρας.

2118 4083 2232 4138 Οὐκ
2255 4084 2362 4153 ἄρα
2394 4082 2572 4155 μάτην
2599 4083 2857 4154 ἐλέγομεν
2879 4083 2925 4114 δ’
2945 4083 3028 4136 ὅτι
3057 4082 3136 4138 τό.
3179 4081 3338 4150 Ἐμοὶ
3361 4081 3670 4148 ἐκδίκησις,

2119 4176 2254 4246 πρδς
2289 4174 2643 4247 παραμυθίαν
2689 4175 2874 4228 αὐτῶν
2917 4175 3125 4244 εἰσάγει
3172 4173 3503 4244 λεληθότως.
3561 4172 3670 4224 Ἰδοὺ

2117 4267 2226 4337 γὰρ
2274 4266 2624 4338 ἐκδηλότερον
2656 4267 2840 4330 αὑτοῖς
2872 4267 3202 4334 διαλέγεται,
3255 4267 3673 4336 προτρεπόμενος

2119 4363 2196 4437 μὴ
2235 4365 2494 4434 ἐκστῆναι
2535 4364 2638 4435 τῆς
2685 4363 2986 4434 ὒπομονῆς.
3018 4363 3185 4433 Φησὶν
3231 4361 3348 4445 οὖνι
3385 4363 3466 4416 ὅτι
3499 4360 3567 4434 μὴ
3592 4360 3670 4413 ἄλ-

2117 4455 2245 4520 λους
2275 4457 2424 4521 τινὰς
2451 4456 2788 4528 μιμήσασθε,
2819 4454 2937 4509 ἀλλ’
2965 4455 3118 4508 αύτοὶ
3139 4454 3390 4517 ἑαυτούς.
3428 4455 3513 4508 Ἐν
3548 4451 3667 4522 ἀρχῇ

437 4534 584 4588 enim
610 4532 735 4590 lidei
765 4545 962 4591 vestra:
1005 4537 1298 4595 certastis:
1335 4538 1440 4594 boc
1465 4548 1746 4597 certamen
1797 4558 2010 4614 semper

2135 4546 2224 4618 τὰρ
2281 4546 2380 4616 τῆς
2435 4546 2671 4610 πίστεως
2733 4545 2887 4617 ὑμῶν
2951 4545 3322 4616 ἠγωνίσασθεο
3372 4545 3554 4598 τοῦτον
3595 4543 3668 4593 τὸν

322 4692 338 4702 ν
435 4625 722 4680 vobiscum
775 4627 1108 4696 expendite:
1149 4644 1213 4685 ea
1245 4646 1367 4700 quae
1389 4633 1629 4702 primum
1690 4643 1841 4690 recte
1888 4651 2014 4692 cer-

443 4716 610 4770 tando
647 4719 890 4772 assecuti
945 4720 1100 4784 eStis,
1137 4735 1235 4791 per
1287 4724 1598 4778 socordiam
1627 4739 1697 4780 ne
1729 4728 2012 4783 amittatis.

441 4806 848 4879 Comtcmplare
899 4819 1080 4864 autem
1149 4812 1240 4868 hic
1290 4815 1633 4885 spiritualem
1661 4819 2010 4887 sapientiam.

431 4899 563 4952 Cum
617 4910 779 4955 antea
834 4903 1209 4959 concussisset
1270 4905 1490 4962 illorum
1544 4917 1753 4965 tuentes
1778 4925 1876 4981 per
1920 4926 2016 4983 ge-

431 4991 630 5047 hennae
707 4997 1324 5065 commemorationem,
1401 5015 1550 5056 nunc
1603 5017 1701 5072 per
1760 5006 2010 5059 eucomia

430 5085 587 5152 lenit,
649 5101 758 5140 non
827 5085 1063 5145 adulans
1119 5090 1224 5155 eis,
1253 5090 1348 5146 sed
1373 5106 1471 5162 per
1498 5094 1614 5149 haec
1640 5094 1757 5165 ipsa
1787 5111 1883 5152 eos
1912 5113 2011 5152 ex-

429 5177 684 5235 hortans.
759 5180 1000 5238 Facilius
1068 5183 1215 5238 enim
1247 5185 1564 5256 persuadet,
1624 5190 1715 5258 qui
1766 5190 2007 5260 cuipiam

426 5271 673 5326 consulit
699 5281 758 5326 ut
785 5273 1028 5344 seipsum
1064 5276 1334 5341 imitetur,
1386 5278 1442 5333 in
1482 5279 1551 5336 iis
1581 5281 1840 5352 operibus
1885 5299 2008 5354 quae

422 5371 582 5417 antea
617 5364 869 5434 perfecit.

497 5454 564 5510 lat
602 5459 791 5528 quibus
858 5460 1173 5526 illuminati,
1213 5478 1464 5532 magnum
1519 5477 1781 5521 certamen
1835 5471 1997 5523 susti-

421 5548 614 5602 nuistis
636 5550 1005 5620 'a/ﬂictiouum.
1037 5551 1133 5608 Vel
1164 5553 1231 5610 dc
1258 5554 1586 5626 baptismate
1611 5559 1762 5625 dicit,
1789 5561 1994 5616 illumi-

2112 4639 2299 4708 ἀγῶνα
2339 4640 2428 4694 ἀεὶ
2465 4638 2886 4709 ἁναλογίζεσθε⁶
2915 4639 2990 4710 μὴ
3033 4638 3122 4691 διὰ
3179 4637 3453 4710 ρᾳθυμίαν
3495 4633 3665 4691 ἀπολέ-

2114 4749 2243 4804 σητε
2270 4735 2340 4786 τὰ
2397 4733 2883 4804 προηγωνισμένα.
2918 4732 3061 4802 Ὅρα
3093 4731 3149 4784 δὲ
3194 4726 3563 4800 πνευματικὴν
3589 4740 3663 4776 σο·

2111 4827 2260 4895 φίανο
2310 4825 2575 4898 πρότερον
2607 4825 2947 4894 ξκατασείσας
2979 4824 3160 4877 αὐτῶν
3218 4823 3317 4886 τὰς
3361 4821 3553 4892 ψυχὰς,
3590 4815 3662 4869 διὰ

2112 4918 2208 4973 τοῦ
2239 4919 2335 4990 τῆς
2378 4920 2599 4990 γεέννης
2629 4918 2964 4989 ἀναμνῆσαι,
2997 4916 3092 4970 νῦν
3121 4915 3384 4987 μαλάττει
3413 4914 3479 4968 δι’
3512 4915 3661 4978 ἐγκω-

2114 5011 2272 5083 μίων,
2291 5012 2350 5064 ού
2385 5011 2716 5072 κολακεύων,
2752 5009 2888 5063 ἀλλὰ
2917 5009 2986 5062 δι’
3009 5009 3188 5061 αὐτῶν
3217 5007 3425 5061 τούτων
3452 5016 3658 5075 προτρε-

2107 5103 2360 5173 πόμενος.
2408 5101 2877 5171 Ἀξιοπιστότερος
2924 5099 3032 5169 γὰρ
3081 5101 3109 5151 ὁ
3171 5096 3546 5169 συμϐουλεύων
3571 5091 3657 5144 τινὶ

2107 5193 2296 5247 ἑαυτὸν
2325 5191 2688 5264 μιμήσασθαι,
2719 5193 2811 5246 καὶ
2855 5191 2892 5245 ἃ
2938 5188 3338 5262 προειργάσατο
3366 5188 3518 5259 ἔργα.

2186 5473 2289 5526 Ἔν
2317 5466 2413 5539 αῖς
2461 5470 2880 5541 φωτισθέντες.
2939 5468 3185 5536 πολλὴν
3249 5467 3508 5532 ἄθλησιν
3556 5462 3647 5514 ὑπο

2100 5567 2372 5636 εμείνατε
2442 5564 2821 5635 παθημάτων.
2862 5564 2932 5616 Ἢ
2963 5562 3092 5634 περὶ
3147 5559 3241 5615 τοῦ
3297 5549 3646 5631 βαπτίσματὸς

1780 5740 1988 5800 Varia:
2022 5741 2100 5802 let
2121 5740 2347 5805 tiones.

483 5825 527 5859 ⁸⁰
550 5829 611 5880 τὸ
650 5829 814 5900 ῥητόν
842 5846 893 5886 0.
975 5831 1014 5862 “
1051 5831 1280 5905 ἥγηνται
1315 5851 1368 5892 0.
1444 5838 1487 5869 ἰ’
1515 5838 1543 5890 ὃ
1582 5838 1811 5910 λέγομεν
1843 5858 1895 5895 o.
