3918 6562
337 507 445 568 337

1092 514 1502 578 EKPOSl'l'lO
1534 518 1613 579 ΙΝ
1652 519 1888 582 El’lS’i‘.
1921 525 2025 584 AD
2058 525 2456 591 HEBRASOS.
2484 555 2549 568 -
2589 531 2751 594 CAP.
2783 534 2855 594 Χ.

3493 535 3599 598 338

341 639 479 688 φησι
543 620 622 682 τὸ,
687 623 1102 693 φωτισθέντες,
1157 628 1188 694 ἦ
1247 631 1374 700 περὶ
1422 631 1520 700 τῆς
1577 631 1922 700 ἐπιγνώσεως

2035 642 2164 705 nati,
2233 643 2315 696 vel
2370 643 2436 696 de
2497 644 2810 712 cognitione
2868 644 3115 714 mystcrii
3152 645 3499 714 simpliciter,
3535 662 3600 700 ac

341 711 534 776 ἁπλῶς
579 714 672 766 τοῦ
712 718 1033 784 μυστηρίου,
1077 721 1306 774 καὶτῶν
1355 723 1755 793 διαδεξαμένων
1794 726 1921 790 τοὺς

347 805 575 867 πιστοὺς
623 806 864 872 ἀγαθῶν.
898 810 1263 876 Φωτισθέντες
1293 814 1401 884 γὰρ
1447 817 1545 886 τὴν
1583 817 1784 884 γνῶσιν
1812 819 1923 872 τῶν

349 895 680 965 μελλόντων,
736 897 911 962 οὕτως
962 902 1313 974 ὑπεμείνατε.
1367 907 1480 960 Οὐκ
1534 903 1675 974 εἷπε,
1726 928 1921 980 πειρα-

347 989 547 1058 σμοῦς,
579 989 1024 1060 ἀλλ’,ᾶθλησιν,
1074 995 1102 1048 δ
1149 998 1531 1069 γενναιότητος
1579 1003 1674 1056 καὶ
1721 996 1923 1074 καρτε-

347 1080 476 1152 pia;
505 1081 852 1148 ἐνδεικτικὸν,
887 1086 982 1138 καὶ
1003 1087 1206 1158 ταύτην
1233 1089 1456 1160 πολλήν.

422 1169 609 1229 Τοῦτο
628 1174 768 1244 μὲν,
798 1177 1160 1248 ὀνειδισμοῖς
1191 1199 1254 1236 τε
1296 1183 1397 1236 καὶ
1427 1183 1675 1253 θλίψεσι
1697 1188 1925 1253 θεατριο

345 1262 615 1333 ζὶᾂιενον.
653 1266 794 1338 Ὅρα
828 1269 1123 1339 ἐγκώμιον.
1157 1273 1416 1338 Γενναίας
1445 1276 1554 1346 γὰρ
1588 1277 1776 1347 τῳὸντι
1815 1277 1923 1330 δεῖ-

343 1370 438 1407 ται
472 1354 668 1427 ψυχῆς,
695 1358 758 1411 τὸ
787 1359 1079 1430 ὑπομεῖναι
1108 1361 1469 1434 ὀνειδισμοὺς,
1500 1365 1575 1430 ὡς
1613 1368 1706 1421 καὶ
1734 1368 1762 1420 ὁ
1786 1369 1926 1439 Προ-

343 1445 528 1514 φήτης
567 1452 848 1519 pag-cupa?
896 1452 1218 1521 Ἐγεννήθη
1247 1455 1317 1508 τὰ
1351 1455 1580 1524 δάκρυά
1617 1476 1736 1526 μου
1757 1459 1927 1526 ἐντῷ

341 1535 636 1604 ,ιέγεσθαί
645 1557 766 1608 μοι,
792 1543 909 1596 ποῦ
930 1543 1103 1598 ἐστιν
1123 1547 1156 1599 ό
1176 1547 1318 1612 Θεὸς
1336 1564 1453 1602 σου
1472 1564 1490 1611 ;
1522 1549 1628 1601 Καί
1645 1565 1658 1579 ’
1691 1552 1760 1603 Ei
1779 1552 1811 1604 ὁ
1826 1551 1927 1620 ἑχ-

343 1633 491 1698 θρὸς
522 1633 794 1689 ὠνείδισέ
822 1654 918 1704 με,
950 1639 1261 1710 ὑπήνεγκα
1297 1642 1393 1696 ἄν.
1458 1643 1567 1698 Καί
1589 1662 1602 1675 ·
1663 1644 1927 1711 Ὀνειδος

348 1720 570 1790 ἄφρονι
599 1724 824 1794 ἔδωκάς
835 1746 930 1798 με.
969 1732 1079 1786 Kal
1126 1732 1244 1786 Ἰὼϐ
1294 1735 1616 1806 ἐδυσχέρανε
1658 1736 1794 1808 πρὸς
1834 1740 1926 1791 τὸν

345 1811 673 1886 ὀνειδισμὸν,
705 1819 884 1874 καίτοι
912 1821 1084 1877 τᾶλλα
1114 1822 1189 1888 ὡς
1222 1825 1436 1897 ἀδάμας
1467 1830 1834 1900 καρτερήσας.
1865 1829 1926 1882 Ei

345 1903 407 1956 δὲ
436 1907 532 1960 καὶ
558 1910 838 1982 παρρησίᾳ
861 1912 1102 1981 γίγνοιτο
1134 1917 1222 1969 καὶ
1249 1916 1479 1973 ἐνώπιον
1507 1918 1715 1972 πολλῶν
1737 1920 1764 1972 ὁ
1790 1919 1922 1972 ὀνει-

2026 730 2275 786 debonis
2331 747 2454 802 (pne
2486 721 2671 789 fideles
2722 744 3019 804 exceptura
3083 741 3233 790 sunt.
3293 733 3591 788 llluininati

2030 823 2176 876 enim
2203 824 2518 894 cognitione
2559 823 2868 880 futurorum
2923 825 3188 880 bonorum
3227 825 3307 880 sic
3341 826 3602 881 sustinui-

2024 916 2144 969 Stis.
2165 915 2284 969 Non
2311 916 2464 980 dixit,
2492 915 2866 982 Tentationes,
2893 918 3009 982 sed,
3028 928 3312 983 certamen,
3341 918 3485 990 quod
3518 920 3601 973 in-

2024 1007 2328 1076 genuitatis
2387 1018 2442 1062 et
2497 1008 2838 1065 fortitudinis
2891 1020 2976 1065 est
3019 1010 3277 1066 indiciutn
3338 1019 3393 1064 ct
3452 1009 3599 1066 istud

2025 1097 2249 1167 quidem
2277 1111 2556 1168 maguum.

2097 1186 2262 1242 Vens.
2284 1187 2373 1242 53.
2397 1183 2610 1239 Partim
2625 1187 2832 1257 quidem
2851 1187 3142 1256 opprobriis
3165 1197 3213 1240 et
3241 1186 3600 1242 tribulationi-

2027 1278 2122 1332 bus
2180 1278 2538 1350 spectaculum
2595 1278 2745 1348 facti.
2790 1277 2927 1333 Vide
2988 1278 3216 1332 illorum
3253 1277 3593 1333 cncomium.

2027 1367 2308 1424 Generosa
2334 1369 2478 1424 enim
2505 1368 2754 1439 profecto
2780 1369 2966 1422 anima
3006 1383 3145 1438 opus
3183 1376 3348 1423 cst-ut
3401 1381 3600 1437 appro-

2027 1461 2143 1516 bria
2195 1461 2457 1532 perferas,
2494 1462 2634 1517 sicut
2685 1469 2738 1516 et
2768 1460 3038 1530 Propheta
3099 1467 3368 1514 teStatur:
3412 1458 3599 1513 Facta:

2025 1563 2150 1608 sunt
2173 1553 2302 1606 milii
2327 1552 2582 1623 lacrymw
2613 1569 2760 1616 mete,
2795 1568 2913 1605 cum
2943 1551 3209 1605 diceretur
3251 1551 3409 1604 mihi:
3475 1549 3600 1604 Ubi-

2028 1662 2151 1699 nam
2210 1655 2288 1700 est
2341 1645 2476 1699 Deus
2518 1656 2639 1699 tuus
2675 1643 2762 1697 ⁸ίῖ
2812 1643 2918 1697 Et:
2952 1641 3014 1698 Si
3073 1642 3240 1696 hostis
3278 1641 3599 1696 conviciatus

2025 1747 2158 1790 esset
2188 1735 2336 1800 mihi,
2359 1735 2724 1789 sustinuissent
2755 1733 2991 1803 equidem
3005 1732 3073 1790 δ’.
3109 1731 3174 1787 Et
3199 1749 3213 1786 :
3248 1731 3599 1802 Opprobrium

2027 1827 2294 1896 insipienti
2323 1827 2516 1881 dedisti
2545 1826 2711 1896 729
2737 1842 2816 1880 me
2849 1825 2919 1880 ⁸³.
2957 1824 3022 1880 Ει
3053 1824 3176 1889 Job,
3195 1825 3322 1882 licet
3350 1829 3404 1880 in
3439 1832 3602 1878 emto-

2031 1919 2105 1974 ris
2140 1917 2453 1972 adamantis
2483 1917 2658 1973 instar
2687 1917 2972 1983 sustinuit,
2997 1916 3352 1988 opprobrium
3414 1923 3598 1971 tamen

343 1994 564 2066 δισμὸς,
619 1999 700 2054 ἔτι
752 2004 956 2072 μᾶλλον
1002 2009 1160 2078 χρεία
1210 2010 1597 2081 γενναιοτέρας
1643 2009 1858 2082 ψυχῆς
1897 2011 1922 2064 δ

2035 2027 2172 2082 {egro
2195 2009 2404 2066 ferebat
2431 2009 2636 2064 animo.
2665 2007 2821 2074 Quod
2845 2010 2891 2065 si
2916 1982 3100 2080 aperte
3130 2009 3334 2080 palam,
3357 2007 3604 2078 adeoque

345 2088 448 2141 καὶ
496 2091 728 2147 ἐνταῦθα
787 2097 1047 2168 ἐδήλωσε,
1082 2101 1528 2171 θεατριζόμενοι,
1563 2103 1755 2161 εἰπών.
1815 2104 1927 2157 Ἐν-

346 2180 546 2250 νόησον
574 2184 630 2238 δὲ
666 2187 784 2253 πῶς
818 2185 958 2261 ἦσαν
1000 2194 1227 2262 μεγάλοι
1260 2190 1427 2262 οὗτοι,
1467 2197 1921 2267 καταφρονήσανο

347 2287 440 2361 τες
473 2274 575 2344 μὲν
600 2276 688 2332 διὰ
728 2279 962 2350 Χριστὸν
993 2283 1090 2339 καὶ
1117 2285 1275 2358 δόξης
1314 2290 1410 2342 καὶ
1440 2287 1694 2344 πλούτου.
1736 2289 1923 2361 Ὑϐρι-

344 2360 566 2430 ζόμενοι
593 2365 649 2420 δὲ
684 2368 779 2420 xal
805 2369 1234 2443 Θεατριξόμενοι,
1269 2377 1566 2442 τουτέστιν,
1608 2377 1796 2450 ὥσπερ
1831 2360 1925 2432 ἐπὶ

344 2451 579 2526 θέατρον
609 2459 1260 2536 παροδειγματιζόμενοι,
1283 2470 1376 2522 καὶ
1406 2469 1578 2522 ταῦτα
1599 2470 1762 2540 τυχὸν
1797 2469 1923 2541 παρ’

343 2543 582 2601 εὐτελῶν
603 2566 787 2617 τινων,
815 2555 910 2608 καὶ
943 2557 1271 2628 οὐδαμινῶν,
1304 2562 1398 2614 καὶ
1424 2560 1768 2633 ἀνεχόμενοι.

2031 2117 2216 2158 coram
2282 2099 2470 2157 multis
2503 2100 2841 2155 contumelia
2899 2098 3014 2168 fiat,
3077 2113 3143 2154 eo
3190 2099 3363 2171 magis
3419 2099 3602 2154 anima

2034 2195 2247 2251 fortiori
2277 2209 2415 2264 opus
2449 2201 2574 2250 est:
2603 2193 2656 2247 id
2691 2193 2835 2263 quod
2872 2193 2975 2248 hoc
3003 2193 3059 2248 in
3086 2193 3208 2249 loco
3248 2191 3599 2262 signiﬁcavit,

2032 2302 2155 2341 cum
2210 2284 2365 2350 dicit,
2423 2283 2796 2352 Spectaculum
2854 2284 3008 2352 facti.
3064 2282 3366 2339 Considera
3419 2293 3600 2338 autem

2029 2391 2192 2444 quam
2260 2374 2441 2444 magni
2507 2373 2710 2429 fuerint
2774 2373 2888 2439 isti,
2919 2377 3011 2444 qui
3056 2382 3172 2427 tum
3201 2373 3430 2442 gloriam
3484 2382 3600 2427 tum

2031 2483 2162 2537 opes
2194 2474 2417 2537 propter
2452 2465 2740 2522 Christum
2773 2466 3224 2536 contempserint.
3251 2465 3426 2521 Porro
3450 2465 3600 2532 inju-

2031 2561 2167 2614 riam
2217 2558 2364 2628 passi
2407 2567 2463 2612 et
2512 2557 2888 2628 spectaculum
2944 2557 3098 2624 facti,
3147 2558 3252 2613 hoc
3305 2565 3412 2625 est,
3451 2556 3604 2612 velut

347 2633 405 2687 in
467 2639 678 2697 theatro
732 2643 1048 2712 ignominiae
1102 2650 1361 2719 expositi,
1427 2653 1591 2722 idque
1614 2652 1920 2709 fortassisa
1952 2650 2150 2707 vilibus
2199 2663 2265 2704 ac
2313 2647 2519 2705 nullius
2570 2648 2733 2720 pretii
2801 2647 3290 2715 homuncionibus,
3355 2651 3602 2706 sustineo

342 2730 478 2786 bant
509 2745 689 2794 tamen
714 2740 877 2811 idque
909 2744 1095 2799 animo
1113 2746 1261 2813 forti,
1293 2757 1346 2803 et
1377 2749 1642 2804 malorum
1670 2750 1945 2806 toleranti.

422 2829 604 2885 Τοῦτο
646 2832 735 2898 δὲ,
771 2839 1046 2892 κοινωνοὶ
1087 2839 1209 2895 τῶν
1255 2841 1442 2910 οὕτως
1475 2844 1916 2914 ἀναστρεφομέι

346 2935 474 2972 νων
512 2925 925 2993 γεννηθέντες.
979 2928 1053 2982 Οὐ
1087 2931 1268 3001 μόνον,
1318 2934 1472 3004 φησὶ,
1518 2934 1617 2999 τὰς
1651 2936 1922 3008 ὑμετέρας

345 3008 580 3078 θλίψεις,
622 3015 896 3083 ἀκουσίως
941 3019 1206 3086 δοκούσας
1243 3023 1532 3093 ἐπάγεθαι,
1569 3028 1920 3098 ὑπεμείνατε,

343 3100 462 3152 ἀλλ’
492 3102 665 3168 οὕτως
697 3101 796 3178 ἦτε
825 3114 1084 3178 γενναῖοι,
1128 3112 1270 3168 ὥστε
1302 3117 1398 3170 καὶ
1447 3118 1695 3172 κοινωνοὶ
1737 3120 1919 3188 ἐγένε-

346 3191 442 3244 σθε
503 3193 611 3247 τῶν
661 3196 974 3255 ἀποστόλων
1023 3202 1131 3258 τῶν
1177 3202 1348 3269 οὕτως
1403 3207 1916 3280 ἀναστρεφομένων,

343 3283 646 3351 τουτέστιν,
687 3288 747 3342 ὲν
781 3288 991 3360 autem
1042 3293 1137 3346 καὶ
1169 3295 1494 3367 ὀνειδισμοῖς
1515 3338 1530 3361 ,
1564 3299 1660 3352 καὶ
1700 3298 1919 3365 ἑκόντες

2099 2842 2307 2898 Partim
2345 2858 2462 2898 vero
2509 2841 2638 2897 socii
2681 2840 2862 2896 taliter
2919 2840 3344 2895 conversantium
3402 2839 3600 2909 effecti'

2025 2932 2260 2999 Nedum,
2299 2933 2502 3004 inquit,
2540 2941 2751 2989 vestras
2794 2929 3140 2996 aﬂlictiones,
3183 2947 3306 3002 quae
3349 2947 3445 3002 per
3488 2932 3600 2988 vim

2029 3025 2214 3080 invitis
2245 3025 2402 3081 vobis
2450 3024 2782 3081 videbantur
2831 3023 3051 3088 adduci,
3100 3024 3470 3092 sustinuistis,
3503 3024 3602 3080 sed

2026 3114 2162 3170 adeo
2191 3113 2399 3170 strenui
2427 3113 2632 3179 fuistis,
2659 3123 2720 3169 ut
2769 3121 2826 3170 et
2873 3113 3010 3168 socii
3037 3112 3165 3168 facti
3207 3112 3330 3168 sitis
3375 3119 3600 3183 aposto-

2026 3202 2204 3259 lorum
2236 3204 2418 3259 taliter
2449 3202 2916 3269 conversantium,
2965 3201 3070 3257 hoc
3099 3209 3184 3258 est
3229 3201 3282 3255 in
3315 3201 3598 3257 calamita-

2027 3295 2172 3351 tibus
2197 3304 2250 3350 et
2269 3288 2604 3367 opprobriis,
2635 3304 2691 3350 et
2711 3301 2894 3349 vestra
2930 3303 3124 3363 sponte
3148 3291 3467 3361 subiecistis
3499 3306 3598 3346 vos

347 3375 660 3446 ὖπεθήκατε
692 3381 937 3450 ἑαυτοὺς,
973 3384 1113 3440 ὥστε
1143 3391 1631 3460 συγκακουχεῖσθαι
1668 3391 1916 3458 ἐκείνοις,

2035 3387 2171 3457 ipsos
2205 3395 2264 3441 ut
2295 3401 2400 3440 una
2435 3395 2558 3441 cum
2590 3385 2697 3440 illis
2726 3385 2958 3440 adversa
3005 3384 3345 3449 sustineatis,
3372 3398 3438 3438 ac
3469 3399 3603 3438 con-

347 3472 448 3524 καὶ
479 3476 753 3527 κοινωνεῖν
792 3475 900 3529 τῶν
941 3478 1122 3533 αὐτῶν
1152 3479 1513 3552 παθημάτων.
1544 3482 1659 3536 Οὐκ
1686 3477 1807 3536 εἷπε
1841 3483 1919 3549 δὲ,

345 3559 485 3630 ἐμοῦ
521 3562 708 3630 μόνον,
740 3565 898 3634 ἀλλὰ,
939 3569 1133 3635 κοινῶς
1167 3574 1406 3640 πάντων,
1430 3573 1517 3626 ἵνα
1555 3573 1615 3626 τὸ
1647 3572 1922 3646 ἐγκώμιον

343 3653 532 3706 αὐτῶν
564 3655 797 3729 αὐξήσῃ.

416 3743 526 3796 Καὶ
581 3743 691 3813 γὰρ
735 3747 859 3814 τοῖς
887 3749 1136 3820 δεσμοῖς
1173 3771 1293 3823 μου
1327 3758 1810 3826 συνεπαθήσατε.
1845 3760 1921 3813 Uti

350 3832 514 3900 μόνον
541 3836 598 3886 ἐν
627 3839 738 3901 τοῖς
763 3839 1050 3912 ὑμετέροις
1081 3844 1181 3897 οὐκ
1210 3845 1467 3918 ἐδεήθητε
1500 3849 1920 3920 παρακλήσεως,

346 3924 482 3976 ἀλλὰ
515 3927 608 3978 καὶ
631 3931 743 3994 τοῖς
767 3930 948 3997 ἄλλοις
971 3934 1224 4002 ἐγένεσθε
1253 3938 1596 4012 παράκλησις
1617 3984 1632 4008 ,
1661 3943 1752 3995 καὶ
1782 3945 1921 4014 μάρα-

344 4033 442 4078 τυς
473 4017 600 4086 ἐγώ.

416 4111 526 4165 Καὶ
563 4113 676 4180 τὴν
702 4114 982 4186 ἁρπαγὴν
1009 4116 1130 4183 τῶν
1158 4120 1556 4190 ὑπαρχόντων
1590 4125 1757 4194 ὑμῶν
1770 4129 1923 4196 μετὰ

285 4253 290 4258 .
343 4199 528 4268 χαρᾶς
577 4205 1045 4272 προσεδέξασθε.
1097 4207 1264 4265 Εἶπεν
1303 4213 1486 4278 ἰδικῶς
1515 4215 1632 4279 πῶς
1677 4220 1788 4282 τοῖς
1820 4218 1919 4272 ἄλ·

344 4292 459 4355 loc;
489 4294 876 4366 ἐκοινώνησαν,
903 4299 998 4354 νῦν
1029 4301 1193 4355 πάλιν
1217 4303 1386 4372 λέγει,
1431 4305 1547 4368 πῶς
1577 4309 1672 4361 καὶ
1713 4307 1812 4372 τὰς
1840 4310 1922 4373 είς

341 4383 544 4447 αὐτοὺς
569 4385 778 4456 θλίψεις
823 4389 1146 4460 ὑπέμειναν.
1180 4395 1289 4447 Καὶ
1330 4396 1388 4448 τὸ
1421 4396 1794 4471 διαρπαγῆναι
1822 4401 1921 4472 μὲν

343 4475 455 4544 γὰρ
490 4475 636 4546 μέγα
659 4494 674 4509 ο
708 4480 843 4534 διότι
890 4483 1000 4555 γὰρ
1043 4487 1420 4554 ἐπιστεύσατε,
1451 4490 1540 4544 διὰ
1578 4491 1736 4546 τοῦτο
1766 4493 1922 4564 διηρ-

345 4567 585 4635 πάγητε.
630 4569 788 4640 Ἐξῆν
817 4571 926 4644 γὰρ
964 4576 1184 4641 πάντως
1225 4579 1354 4648 ὑμῖν
1387 4581 1462 4652 μὴ
1493 4582 1802 4640 πιστεῦσαι.
1849 4585 1924 4640 Τὸ

339 4657 397 4708 δὲ
433 4659 524 4710 καὶ
554 4662 999 4727 προσδέξασθαι
1043 4668 1141 4739 τὴν
1171 4671 1424 4726 ἑκουσίαν
1447 4674 1722 4746 ὑπομονὴν
1751 4675 1920 4748 δηλοῖ,

2023 3487 2198 3533 sortes
2243 3477 2596 3533 aﬂlictionum
2649 3491 2840 3532 eorum
2885 3475 3218 3531 elIiciamini.
3278 3473 3398 3529 Non
3458 3473 3602 3529 dixit

2023 3580 2225 3635 autem,
2255 3571 2356 3626 Mei
2393 3571 2582 3635 solius,
2621 3568 2717 3625 sed
2759 3568 3138 3623 Commnniter
3184 3569 3454 3632 omnium,
3490 3582 3600 3638 quo

2023 3660 2196 3731 magis
2225 3677 2415 3716 eorum
2450 3661 2636 3715 laudes
2660 3659 2951 3727 adaugent.

2095 3750 2266 3807 Vens.
2297 3751 2388 3806 34.
2423 3749 2569 3805 Ναηι
2602 3761 2651 3805 et
2684 3749 2908 3805 vinculis
2959 3748 3086 3802 meis
3134 3746 3399 3816 compassi
3445 3746 3595 3800 estis.

2024 3841 2140 3898 Non
2171 3845 2348 3899 solum
2380 3843 2433 3898 in
2466 3841 2658 3900 vestris
2689 3839 3092 3898 calamitatibus
3127 3854 3234 3894 non
3278 3838 3597 3905 indiguistis

2027 3935 2426 4002 consolatione,
2459 3950 2650 3991 verum
2677 3935 2838 3989 etiam
2867 3933 2988 3988 aliis
3013 3931 3140 3987 facti
3158 3929 3298 3988 estis
3322 3930 3600 3996 solatium,

2023 4027 2184 4095 cujus
2216 4027 2291 4081 rei
2325 4042 2424 4097 ego
2459 4042 2577 4082 sum
2615 4026 2793 4083 testis.

2101 4118 2166 4172 Et
2195 4121 2437 4189 rapinam
2469 4121 2726 4175 bonorum
2760 4129 3052 4177 vestrorum
3084 4135 3202 4174 cum
3228 4117 3424 4194 gaudio
3453 4133 3602 4172 acce-

2023 4211 2202 4280 pistis.
2264 4212 2560 4282 Speciatim
2591 4213 2728 4270 dixit
2758 4213 3047 4286 quomodo.
3078 4213 3312 4270 aliorum
3345 4211 3480 4268 socii
3514 4227 3600 4266 cs-

2027 4313 2151 4358 sent
2181 4302 2382 4369 cﬂ‘ecti,
2411 4320 2557 4358 nunc
2586 4320 2782 4361 rursus
2803 4304 2935 4360 dicit
2966 4303 3243 4374 quomodo
3276 4301 3602 4357 amictioncs

2026 4389 2133 4460 ipsi
2193 4407 2322 4448 suas
2367 4394 2740 4448 toleraverint.
2788 4392 2923 4448 Nam
2978 4393 3336 4448 facultatibus
3379 4390 3599 4468 quidem

2025 4481 2272 4552 spoliari,
2316 4499 2572 4554 magnum
2601 4495 2704 4541 est.
2730 4483 2868 4555 Quia
2909 4484 3056 4539 enim
3099 4482 3435 4550 credidistis,
3478 4482 3603 4538 ideo

2024 4571 2242 4644 spoliati
2287 4573 2440 4630 estis.
2472 4573 2605 4629 Nam
2646 4573 2965 4648 potuissetis
2993 4573 3218 4653 cumino
3250 4587 3280 4627 a
3308 4573 3409 4628 fide
3432 4573 3602 4628 alieni

2025 4679 2366 4736 permanere.
2402 4664 2567 4735 Quod
2612 4676 2793 4722 autem
2842 4666 2958 4730 ait,
2993 4665 3308 4734 Accepistis,
3346 4665 3603 4720 volunta-

343 4749 440 4838 καλ
491 4748 571 4800 ὅτι
621 4751 826 4806 εἵλοντο
864 4757 1140 4825 ἀσμένως.
1192 4763 1301 4814 Kal
1335 4763 1416 4828 τὸ,
1462 4766 1602 4833 μετὰ
1636 4747 1810 4838 χαρᾶς
1839 4768 1916 4837 δὲ,

2035 4759 2164 4811 riam
2187 4773 2378 4813 eorum
2407 4757 2722 4829 patientiam
2754 4757 3048 4828 signiﬁcat,
3086 4766 3140 4811 et
3190 4757 3334 4826 quod
3374 4757 3604 4812 libenter

340 4837 501 4890 τοῦτο
551 4842 660 4904 τοῖς
711 4845 1027 4910 ἀποστόλοις
1057 4847 1200 4918 ὑμᾶς
1244 4851 1430 4918 ἐξισοῖ,
1474 4854 1523 4906 οἳ
1571 4837 1918 4929 ὑπέστρεψαν

343 4929 628 4999 χαίροντες
658 4934 742 4988 ὅτι
773 4936 912 5008 ὑπὲρ
934 4939 1027 4993 τοῦ
1059 4941 1321 5012 ὀνόματος
1350 4944 1445 4998 τοῦ
1475 4947 1682 5018 Κυρίου
1721 4949 1920 5021 ἠτιμά-

346 5021 574 5072 οθησαν.

346 5038 574 5088 ουησαν.

414 5135 827 5206 Γινώσκοντες
851 5139 882 5194 ἔ
887 5157 1018 5209 χειν
1041 5142 1111 5196 ἐν
1135 5144 1370 5213 ἑαυτοῖς
1399 5147 1710 5216 κρείττονα
1737 5149 1926 5219 ὕπαρ-

343 5226 446 5290 ξιν
475 5227 544 5280 ὲν
575 5230 856 5298 οὐρανοῖς
893 5233 992 5287 καὶ
1018 5233 1357 5303 μένουσαν.
1389 5239 1499 5294 Kal
1519 5237 1700 5306 τοῦτο,
1732 5243 1919 5310 φησὶν,

342 5317 577 5369 ἐποιεῖτε
625 5319 766 5388 μετὰ
794 5320 1028 5396 κρίσεως
1067 5323 1160 5376 καὶ
1208 5323 1471 5396 λογισμοῦ
1520 5327 1616 5381 καὶ
1657 5328 1920 5390 πίστεως.

357 5406 716 5474 Ἐγινώσκετε
730 5412 839 5480 γάρ
869 5412 950 5466 ὃτι
966 5414 1253 5481 κρείττονα
1271 5415 1502 5486 ὓπαρξιν
1522 5419 1618 5472 καὶ
1650 5421 1919 5490 μένουσαν

343 5502 516 5571 ἔχετε,
529 5505 630 5558 οὐκ
641 5506 842 5560 ἀπολλυ
850 5507 1017 5578 μένην
1033 5509 1124 5562 καὶ
1136 5508 1220 5562 δια
1228 5509 1592 5580 ρπαζομένην,
1608 5511 1680 5573 ὡς
1695 5510 1919 5582 ταύτην.

416 5615 513 5683 Μὴ
549 5618 894 5686 ἀποϐάλητε
937 5617 1051 5676 οὖν
1083 5620 1198 5688 τὴν
1231 5623 1576 5693 παρρησίαν
1601 5623 1786 5692 ὑμῶν.
1832 5625 1918 5678 Ἐν

342 5707 426 5777 τῷ
452 5709 625 5764 εἰπεῖν
660 5711 748 5780 μὴ
793 5712 1153 5779 ἀποϐάλητε,
1193 5714 1490 5778 δείκνυσιν,
1523 5714 1605 5766 ὅτι
1643 5713 1796 5768 οὔπω
1824 5716 1916 5768 ὲκ-

345 5799 694 5868 πεπτὼκασι,
753 5802 963 5857 δέονται
1033 5805 1215 5875 μέντοι
1283 5806 1377 5859 καὶ
1431 5805 1775 5876 βεϐαιώσεως
1827 5805 1922 5858 καὶ

393 5936 458 6023 Διί
490 5934 634 5992 l‘sal.
671 5953 778 6002 xu,
806 5941 857 5994 4.
935 5941 978 5972 δ’
1003 5939 1149 6000 Psal.
1175 5959 1279 6010 LIV,
1319 5944 1403 5999 l5.

2026 4850 2304 4921 elegerint.
2331 4849 2681 4920 Porro,quod
2704 4864 2828 4903 cum
2849 4849 3047 4919 gaudio
3068 4849 3378 4918 accepistis,
3402 4848 3452 4903 id
3471 4865 3603 4903 sane

2028 4944 2289 5014 apostolis
2333 4959 2430 4999 vos
2475 4943 2739 5013 adaequat,
2772 4943 2864 5013 qui
2908 4942 3112 4997 reversi
3155 4953 3281 4998 sunt
3303 4941 3601 5013 gaudentes

2023 5037 2166 5106 quod
2202 5052 2300 5106 pro
2321 5036 2542 5091 nomine
2573 5034 2786 5092 Domini
2814 5036 3144 5090 contumelia
3179 5033 3354 5089 allecti
3391 5041 3596 5088 essent.

2093 5148 2469 5219 Cognoscentes
2495 5150 2686 5203 habere
2729 5165 2816 5203 vos
2857 5148 3133 5202 meliorem.
3155 5147 3513 5204 substantiam
3549 5155 3599 5198 et

2020 5251 2431 5310 permanentem.
2469 5241 2533 5294 Et
2565 5243 2688 5307 hoc,
2718 5240 2917 5309 inquit.
2979 5237 3266 5293 faciebatis
3301 5252 3427 5292 cum
3454 5235 3601 5304 judi-

2022 5333 2129 5397 cio,
2154 5331 2548 5387 deliberatione
2582 5347 2647 5386 ac
2698 5331 2825 5385 fide.
2860 5327 3255 5398 Agnoscebatis
3275 5326 3419 5381 enim
3451 5327 3598 5398 quod

2033 5423 2312 5478 meliorem
2349 5421 2718 5477 substantiam
2765 5429 2820 5475 et
2866 5428 3178 5473 manentem
3213 5417 3447 5483 habetis,
3478 5433 3601 5489 qua:

2030 5528 2131 5567 nec
2165 5513 2341 5582 perire
2373 5527 2474 5567 nec
2504 5510 2671 5582 diripi
2703 5519 2906 5581 posset,
2944 5509 3022 5564 uti
3054 5509 3189 5564 haec.

2101 5622 2267 5680 Vens.
2293 5625 2382 5680 55.
2426 5623 2509 5678 Ne
2551 5623 2820 5690 obiiciatis
2864 5623 3028 5692 igitur
3086 5620 3466 5687 conﬁdentiam
3515 5636 3599 5675 rc-

2029 5724 2218 5769 stram.
2248 5714 2381 5769 Cum
2408 5714 2568 5778 dicit,
2598 5711 2678 5766 Ne
2700 5712 2995 5780 abiiciatis,
3028 5711 3272 5769 ostendit
3293 5711 3437 5780 quod
3462 5725 3600 5764 non-

2031 5805 2159 5860 dum
2205 5804 2543 5874 exciderant,
2587 5818 2725 5876 opus
2769 5812 2949 5861 tamen
3002 5804 3266 5861 haberent
3301 5803 3604 5858 continua-

1505 5944 1546 5976 ‘3
1574 5942 1719 6001 Psal.
1746 5954 1978 5997 xxxvut.
2013 5941 2063 5995 6.
