3918 6544
433 459 540 521 339

1310 459 1856 521 THEOPIIYLACT
1863 462 1889 521 Ι
1923 462 2335 528 BULGARM‘I
2376 419 2736 530 ARClIlEl’.

3556 466 3652 530 350

431 577 578 630 tione
610 584 662 629 et
690 575 1011 630 munitione.
1055 573 1332 630 Fiduciam
1366 586 1547 630 autem
1573 576 1731 639 dixit,
1762 592 1827 632 eo
1849 593 1977 647 qum

2101 580 2467 652 ἀσφα>.ισμοὺ.
2505 584 2825 656 Παῤῥησὲαν
2852 582 2908 637 δὲ
2938 578 3083 647 εἷπε,
3115 582 3254 637 διότι
3283 583 3330 636 οἱ
3361 584 3427 637 τὰ
3452 584 3660 636 τοιαῦτα

427 663 520 732 qui
556 661 681 716 talia
714 672 931 732 propter
955 663 1118 718 Deum
1155 665 1424 734 patienter
1452 666 1704 732 tulerint,
1741 682 1994 738 magnam

429 753 628 808 habent
657 753 1061 808 conﬁdentiam.

499 843 631 908 Quae
669 861 914 914 magnam
952 843 1106 899 habet
1151 849 1650 902 remunerationem.
1691 847 1802 903 Vos
1851 849 1996 902 enim

425 935 559 988 estis
596 943 784 998 testes,
828 937 922 1006 qui
948 939 1248 1007 agnovistis
1299 942 1676 1010 prxstantiora
1708 957 1806 995 vos
1857 940 1996 995 bona

427 1025 623 1080 habere
657 1026 708 1080 in
736 1028 910 1083 cmlis.

497 1113 659 1170 Vens.
689 1116 780 1172 36.
824 1117 1097 1173 Patientia
1149 1121 1290 1175 enim
1337 1123 1478 1177 vobis
1539 1126 1839 1179 necessaria
1893 1135 1993 1180 est.

425 1205 586 1274 730
631 1207 786 1263 Nulla
845 1225 901 1265 re
949 1226 1112 1280 porro
1181 1213 1439 1282 indigetis
1466 1215 1594 1278 alia,
1631 1224 1993 1285 praeterquam

422 1297 537 1351 sola
567 1300 862 1367 patientia:
902 1313 1099 1358 caetera
1151 1303 1363 1360 habetis
1395 1307 1600 1373 omnia,
1637 1323 1813 1378 neque
1855 1323 1994 1378 Opus

420 1397 502 1443 est
541 1391 836 1461 quidquam
875 1394 1094 1451 addere.

495 1480 564 1534 Ut
596 1484 921 1539 voluntatem
954 1488 1050 1543 Dei
1077 1490 1352 1558 facientes,
1382 1495 1658 1562 reportetis
1681 1497 1994 1564 promissio-

423 1591 558 1628 nem.
599 1575 861 1634 Voluntas
917 1579 1006 1634 Dei
1053 1591 1161 1647 est,
1198 1593 1253 1638 ut
1285 1584 1351 1638 ad
1395 1584 1553 1640 ﬁnem
1591 1602 1766 1656 usque
1822 1589 1992 1642 susti-

420 1680 670 1721 neamus.
713 1667 817 1734 Qui
862 1671 1022 1736 enim,
1068 1673 1267 1742 inquit,
1306 1677 1712 1743 perseveraverit
1757 1678 1992 1748 adusque

418 1757 599 1824 ﬁnem,
626 1759 710 1814 hic
740 1761 916 1816 salvus
936 1765 1036 1818 erit
1067 1765 1130 1819 “.
1163 1765 1268 1820 lsta
1295 1774 1476 1821 autem
1499 1767 1826 1824 adhortatur
1847 1772 1988 1840 Apo-

419 1851 612 1916 stolus,
666 1853 888 1922 perinde
919 1871 983 1910 ac
1019 1857 1064 1910 si
1101 1859 1223 1928 quis
1277 1873 1515 1915 cernens
1561 1861 1852 1926 athletam,
1893 1863 1986 1932 qui

417 1959 610 1999 omnes
654 1945 998 2003 adversarios
1033 1927 1408 2015 debellaverit,
1439 1965 1504 2006 ac
1553 1954 1817 2008 certando
1840 1927 1988 2009 vice-
2016 1927 2063 1986 Β

416 2034 508 2097 rit,
544 2035 740 2092 deinde
774 2053 941 2094 morae
976 2040 1375 2110 impatientem,
1405 2057 1531 2097 cum
1562 2044 1744 2098 videat
1776 2060 1872 2100 eos
1895 2048 1984 2116 qui

414 2121 656 2178 victoria:
703 2139 932 2182 coronas
988 2125 1317 2200 largiuntur,
1377 2139 1594 2202 tempus
1645 2133 1983 2203 protrahere,

417 2215 666 2272 meditari
705 2215 909 2288 fugam.
946 2234 1013 2274 eo
1043 2221 1186 2290 quod
1243 2223 1453 2277 diutius
1496 2223 1646 2279 sitim
1692 2239 1755 2279 ac
1792 2234 1984 2279 aestum

413 2307 563 2362 ferre
619 2307 773 2372 nolit,
838 2325 962 2365 eum
1015 2311 1100 2366 his
1165 2316 1352 2371 verbis
1393 2316 1746 2386 alloquatur:
1788 2316 1984 2372 Omnia

415 2399 667 2462 gnaviter
709 2402 1051 2472 transegtsti,
1079 2413 1306 2474 expecta
1347 2406 1646 2476 paulisper,
1685 2422 1747 2461 ac
1779 2407 1984 2462 referes

415 2500 670 2545 coronas.
696 2489 857 2548 Certa
901 2493 1066 2547 etiam
1105 2495 1369 2550 adversus
1423 2496 1594 2564 ipsam
1652 2513 1982 2552 coronarum

415 2580 754 2646 dilationem,
781 2585 918 2638 hanc
948 2599 1164 2655 quoque
1187 2586 1448 2654 patientia
1479 2589 1658 2641 vince.

488 2671 651 2730 Vsus.
684 2675 773 2730 37.
804 2677 990 2730 Adhuc
1022 2680 1160 2732 enim
1183 2679 1444 2732 modicum
1469 2679 1982 2751 aliquantulumque,

411 2775 462 2820 et
495 2768 585 2836 qui
610 2777 856 2823 venturus
888 2779 967 2823 est
1001 2771 1187 2835 veniet,
1213 2779 1264 2824 et
1289 2786 1391 2824 non
1433 2772 1689 2825 tardabit.
1724 2772 1986 2828 Producit

412 2858 734 2928 prophetam
758 2860 1017 2916 Habacuc
1038 2860 1306 2916 dicentem
1326 2861 1472 2932 quod
1505 2878 1672 2932 prope
1699 2864 1770 2916 sit
1790 2863 1982 2930 judex,

410 2949 509 3018 qui
541 2949 856 3005 redditurus
876 2958 959 3006 est
983 2951 1310 3006 mercedem.
1333 2949 1487 3017 Quod
1503 2952 1545 3006 si
1580 2951 1834 3006 ΠειΙιοουε
1855 2961 1984 3006 tunc

413 3027 660 3096 dicebat:
684 3039 957 3095 Hodieum
981 3042 1394 3111 aliquantulum,
1419 3053 1468 3096 et
1514 3043 1606 3110 qui
1631 3055 1880 3098 venturus
1906 3055 1983 3098 est

411 3133 618 3185 veniet:
667 3132 1020 3188 manifestum
1075 3142 1160 3189 est
1205 3134 1351 3203 quod
1399 3149 1548 3190 nunc
1590 3143 1676 3190 est
1723 3135 1979 3192 vicinior.

411 3221 570 3291 Quod
601 3238 730 3278 vero
753 3225 828 3278 ait
861 3223 986 3278 ὅσον
1013 3225 1156 3290 ὅσον,
1187 3225 1346 3280 valde
1377 3240 1568 3296 parum
1597 3225 1890 3295 signiﬁcat.

487 3312 652 3370 Vsus.
684 3314 772 3369 38.
800 3313 990 3370 Justus
1017 3326 1194 3372 autem
1221 3332 1286 3370 ea:
1311 3317 1415 3387 ﬁde
1434 3318 1582 3372 vivet.
1619 3319 1771 3384 Quod
1788 3320 1836 3374 si
1856 3320 1982 3375 sub-

411 3407 639 3462 tratrerit
677 3423 824 3471 sese,
865 3425 970 3461 non
1019 3409 1314 3463 oblectatur
1361 3426 1541 3462 anima
1583 3427 1697 3464 mea
1751 3411 1804 3464 in
1845 3413 1976 3481 ipso.

409 3500 634 3568 Oportet
667 3497 835 3569 igitur
869 3513 973 3554 nos
1024 3499 1269 3562 credere,
1303 3499 1350 3555 si
1389 3498 1526 3566 justi
1573 3499 1738 3555 futuri
1782 3505 1979 3558 simus.

408 3590 506 3646 Sin
536 3599 719 3648 autem
767 3592 1105 3646 subtraxerit
1133 3607 1192 3647 se
1223 3591 1433 3662 justus,
1468 3593 1519 3647 id
1553 3601 1658 3656 est,
1710 3596 1982 3664 ambigui-

407 3693 572 3739 tatem
595 3684 886 3755 quamdam
913 3685 1152 3756 patiatur
1175 3688 1258 3740 vel
1285 3687 1682 3740 haesitationem
1706 3703 1722 3750 ;
1751 3687 1980 3741 velsub-

407 3779 655 3842 traxerit,
674 3777 726 3832 id
762 3786 847 3834 est
873 3778 1268 3835 tentationibns
1283 3777 1659 3841 succubuerit,
1687 3793 1796 3833 non
1818 3779 1982 3834 habet

405 3870 828 3924 oblectationem
857 3869 911 3923 in
943 3883 1009 3924 eo
1041 3869 1221 3922 anima
1255 3883 1396 3923 mea.
1428 3867 1598 3936 Cujus
1625 3876 1803 3922 autem
1839 3870 1962 3922 ani-

404 3977 492 4014 ma
539 3960 698 4014 mea?
728 3959 842 4024 Dei,
890 3961 1043 4029 juxta
1085 3959 1303 4013 modum
1366 3959 1624 4028 loquendi
1682 3959 1980 4030 Scriptura:

405 4053 706 4106 usitatum:
741 4058 802 4104 ut
832 4050 886 4105 in
921 4064 1008 4112 eo,
1029 4047 1218 4106 Ferias
1249 4057 1458 4105 vestras
1486 4050 1601 4104 odit
1627 4049 1806 4105 anima
1837 4065 1978 4108 mea.

406 4141 504 4197 Vel
533 4142 755 4198 Christi.

477 4233 593 4290 Nos
624 4245 799 4288 autem
828 4251 928 4288 non
975 4251 1156 4290 sumus
1203 4233 1584 4291 subtractionis
1626 4236 1680 4288 in
1717 4235 1976 4303 perditio-

402 4342 540 4389 nem,
580 4326 672 4380 sed
723 4327 852 4395 fidei
893 4327 947 4380 in
989 4327 1391 4397 acquisitionem
1422 4325 1633 4381 animte.
1677 4324 1817 4392 Quia
1853 4342 1976 4396 per-

404 4415 756 4472 terrefeccrat
783 4432 878 4472 eos
907 4431 1030 4472 eum
1062 4417 1304 4472 diceret:
1330 4417 1520 4470 Anima
1546 4433 1658 4470 mea
1690 4434 1792 4472 non
1820 4417 1975 4472 habet

402 4509 803 4563 oblectationem
830 4509 882 4562 in
899 4509 1268 4577 ipso:asserit
1298 4509 1408 4576 jam
1446 4523 1547 4564 nos
1583 4523 1692 4561 non
1737 4524 1862 4563 esse
1907 4525 1974 4564 ex

2102 673 2225 740 μεθ’
2255 674 2532 744 ὑπομονῆς
2561 676 2874 744 ἐνεγκόντες
2905 675 2992 728 διὰ
3023 674 3178 740 Θεὸν,
3215 672 3456 745 μεγάλην
3486 672 3658 743 ἔχουσι

2100 765 2437 836 παρρησίαν.

2174 857 2339 921 Ἥτις
2360 857 2482 926 ἕχει
2505 857 2994 925 μισθαποδοσίαν
3017 854 3312 926 μεγάλην.
3349 855 3539 922 Ὑμεῖς
3561 855 3659 921 γὰρ

2101 945 2393 1013 μάρτυρες,
2437 945 2484 997 οἳ
2519 947 2792 1014 ἐπέγνωτε
2841 945 3128 1016 κρείττονα
3158 945 3301 1014 ἔχειν
3348 942 3579 1012 ὓπαρξιν
3609 945 3658 994 ἐν

2098 1033 2155 1086 οὑ
2167 1036 2368 1104 ρανοῖς.
3335 1076 3358 1098 ,

2175 1125 2505 1194 Ὑπομον-ῆς
2534 1125 2642 1196 γὰρ
2685 1127 2854 1196 ἔχετε
2895 1128 3124 1196 χρείαν.
3174 1125 3368 1178 ’Λλλου
3420 1125 3563 1188 τινος
3604 1124 3658 1178 οὑ

2095 1218 2176 1270 δεῖ
2208 1217 2355 1286 ὑμῖν,
2383 1218 2497 1271 ἀλλ’
2528 1219 2810 1290 ὑπομονῆς
2851 1221 3018 1291 μόνης
3037 1235 3051 1248 ο
3087 1219 3266 1271 πάντα
3296 1217 3464 1271 τάλλα
3495 1217 3658 1287 ἔχετε,

2095 1309 2244 1365 οὐδὲν
2272 1310 2354 1363 δεῖ
2380 1311 2716 1382 προσθεῖναι.

2165 1495 2290 1548 Ἵνα
2314 1494 2380 1548 τὸ
2408 1494 2637 1562 θέλημα
2663 1493 2768 1547 τοῦ
2801 1491 2949 1546 Θεοῦ
2982 1493 3373 1559 ποιήσαντες,
3415 1492 3658 1560 κομίση-

2093 1587 2203 1639 σθε
2231 1584 2346 1650 τὴν
2377 1583 2759 1652 ἐπαγγελίαν.
2789 1583 3015 1652 Θέλημα
3045 1581 3206 1641 Θεοῦ.
3238 1582 3298 1634 τὸ
3329 1581 3461 1650 ἄχρι
3485 1582 3658 1644 τέλους
3734 1603 3737 1608 ·

2092 1675 2403 1744 ὑπομεῖναι.
2446 1676 2509 1727 '0
2544 1675 2875 1742 ὑπομείνας
2916 1675 3048 1742 γὰρ,
3101 1673 3286 1741 φησὶν,
3331 1674 3421 1739 εὶς
3472 1672 3656 1738 τέλος,

2090 1761 2271 1831 οὗτος
2315 1763 2672 1831 σωθήσεται.
2729 1765 2994 1834 Παραινεῖ
3041 1763 3098 1816 δὲ
3163 1762 3338 1815 ταῦτα
3382 1762 3590 1826 τούτοις
3633 1764 3658 1815 ό

2105 1857 2450 1921 ’Λπόστολος,
2479 1857 2670 1927 ὥσπερ
2709 1855 2775 1910 ἂν
2803 1855 2960 1920 εἴτις
2986 1855 3129 1926 ὑρῶν
3168 1853 3412 1924 ἀθλητὴν
3462 1854 3658 1915 πάντας

2097 1949 2196 2019 μὲν
2243 1947 2758 2017 καταγωνισάμενον
2805 1947 2931 2010 τοὺς
2971 1945 3400 2014 ἀνταγωνιστὰς,
3439 1939 3556 1996 εἶτα
3591 1943 3655 2012 μὴ

2097 2039 2325 2108 μένοντα
2395 2041 2522 2104 τοὺς
2587 2039 3037 2107 στεφανώσαντας
3101 2038 3494 2109 βραδὺνοντας,
3535 2036 3658 2088 ἀλλὰ

2095 2129 2420 2200 βουλόμενον
2453 2130 2752 2201 ἀποδράναι
2785 2130 2874 2185 διὰ
2898 2131 2960 2182 τὸ
2993 2130 3191 2200 μηκέτι
3227 2128 3418 2199 φέρειν
3437 2129 3499 2180 τὸ
3518 2125 3658 2196 δίψος

2094 2223 2189 2276 καὶ
2224 2222 2313 2276 τὸν
2339 2222 2600 2292 φλογμὸν,
2635 2221 2776 2290 λέγει
2824 2223 2962 2294 πρὸς
2994 2220 3188 2274 αὑτόν·
3221 2221 3408 2274 Πάντα
3449 2218 3657 2288 κατώρ-

2093 2312 2297 2378 θωσας,
2337 2314 2534 2384 μικρὸν
2561 2313 2852 2384 ἀνάμεινον
2901 2313 2998 2367 καὶ
3038 2311 3242 2383 κομίσῃ
3286 2312 3415 2374 τοὺς
3471 2309 3658 2376 στεφάο

2092 2421 2239 2466 νους.
2280 2403 2671 2472 ’Δνταγώνισαι
2694 2404 2790 2456 καὶ
2815 2404 2952 2475 πρὸς
2979 2403 3079 2473 τὴν
3121 2401 3388 2472 ἀναϐολὴν
3417 2401 3524 2454 τῶν
3549 2415 3656 2452 στε-

2097 2496 2305 2565 φάνων,
2337 2496 2560 2567 νὶκησον
2593 2495 2685 2548 καὶ
2718 2496 2924 2565 ταύτην
2950 2496 3016 2564 τῇ
3046 2494 3312 2564 ὑπομονῇ.

2166 2680 2292 2734 Ἔτι
2337 2681 2447 2750 γὰρ
2474 2677 2690 2748 μικρὸν
2723 2676 2876 2730 ὅσον
2905 2677 3056 2730 ὅσον
3084 2678 3118 2730 ό
3150 2676 3480 2744 ἐρχόμενος
3513 2674 3652 2740 ἣξει,

2092 2772 2191 2827 καὶ
2219 2773 2291 2825 οὑ
2336 2770 2581 2839 χρονιεῖ.
2629 2769 2876 2838 Παράγει
2922 2768 3014 2822 τὸν
3059 2769 3345 2838 προφήτην
3389 2766 3656 2833 Ἀϐακοὺμ

2091 2864 2338 2928 λέγοντα,
2377 2861 2459 2915 ὅτι
2486 2862 2650 2930 ἐγγὺς
2678 2861 2706 2914 ὁ
2733 2860 2924 2930 κριτὴς
2962 2861 2991 2913 ὁ
3025 2860 3234 2930 μέλλων
3257 2858 3573 2912 ἀποδοῦναι.
3599 2857 3653 2908 Εἰ

2089 2956 2146 3009 δὲ
2179 2954 2272 3009 καὶ
2305 2955 2333 3006 ὁ
2371 2953 2653 3024 Ἀὄακοὺμ
2677 2953 2798 3005 τότε
2828 2952 3002 3020 ἔλεγε,
3019 2952 3238 3020 μικρὸν
3261 2951 3418 3003 ὅσον
3446 2949 3593 3004 ὅσον
3625 2950 3654 3000 d

2091 3047 2414 3116 ἐρχόμενος
2444 3045 2598 3112 ἣξει,
2633 3044 2792 3113 δῆλον
2827 3045 2908 3098 ὅτι
2954 3042 3049 3097 νῦν
3087 3043 3383 3114 ὲγγὺτερός
3418 3044 3552 3096 ἐστι.
3589 3041 3653 3092 Τὸ

2089 3138 2146 3190 δὲ
2175 3139 2298 3191 ὅσον
2324 3139 2469 3193 ὅσον.
2495 3137 2555 3190 τὸ
2586 3136 2725 3190 πάνυ
2757 3137 2953 3208 μικρὸν
2980 3137 3150 3207 δηλοῖ.

2168 3321 2230 3374 Ὅ
2269 3320 2337 3373 δὲ
2377 3319 2610 3388 δίκαιος
2651 3320 2720 3374 ἐκ
2763 3321 3022 3388 πίστεως
3072 3319 3344 3387 ᾇὶσεταιο
3407 3319 3504 3372 καὶ
3556 3319 3652 3372 ἐὰν

2085 3415 2540 3481 ὑποστείληται,
2568 3415 2678 3470 οὑκ
2709 3414 3008 3482 εὐδοκεῒή
3040 3413 3208 3483 ψυχή
3239 3431 3360 3482 μου
3389 3413 3460 3466 ἐν
3480 3409 3648 3474 αὑτῷ.

2086 3509 2177 3560 Δεῖ
2201 3503 2292 3560 οὖν
2317 3507 2612 3567 πιστεύειν.
2646 3507 2760 3575 εῐγε
2792 3507 3080 3578 μέλλοιμεν
3109 3506 3307 3560 δίκαιοι
3336 3502 3498 3560 εἶναι.
3538 3505 3649 3556 Ἐάν

2084 3597 2139 3650 δὲ
2201 3596 2584 3665 ὑποστείληται
2627 3598 2654 3650 ό
2700 3597 2928 3661 δίκαιος,
2979 3595 3279 3662 τουτέστιν,
3326 3593 3648 3663 ἀμφιϐολίαν

2084 3684 2206 3738 τινὰ
2233 3685 2383 3754 πάθῃ
2415 3685 2509 3737 καὶ
2530 3684 2826 3755 δισταγμόν
2848 3700 2862 3713 ·
2886 3685 2918 3756 ἢ
2951 3685 3034 3748 τὸ,
3056 3687 3521 3752 ὑποστείληται,
3543 3682 3651 3734 ἀντὶ

2084 3775 2199 3842 τοῦ,
2256 3774 2670 3845 ὑποταπεινωθῇ
2709 3778 2824 3838 τοῖς
2867 3777 3220 3847 πειρασμοῖς,
3270 3776 3373 3828 οὑκ
3425 3775 3645 3838 εὐδοκεῖ,

2082 3865 2380 3932 τουτέστιν,
2408 3866 2507 3918 οὑκ
2532 3866 2818 3937 εὑαρεστεῖ
2842 3867 3049 3939 ὴιψυχή
3083 3885 3181 3937 μου
3218 3869 3276 3920 ὲν
3300 3867 3475 3936 αὑτῷ.
3504 3867 3646 3927 Τίνος

2080 3956 2140 4011 δὲ
2171 3957 2353 4028 ψυχή;
2388 3957 2483 4011 τοῦ
2515 3958 2673 4024 Θεοῦ,
2707 3959 2851 4012 κατὰ
2889 3961 2950 4012 τὸ
2997 3960 3196 4029 ἰδίωμα
3247 3961 3350 4027 τῆς
3400 3960 3646 4031 Γραφῆςο

2083 4049 2158 4111 ὡς
2184 4049 2278 4115 τὸ,
2311 4048 2420 4113 Τὰς
2455 4050 2646 4120 ἑορτὰς
2681 4049 2834 4120 ὑμῶν
2864 4053 3016 4118 μισεῖ
3044 4051 3078 4121 ἡ
3110 4051 3257 4122 ψυχή
3293 4069 3424 4120 μου.
3460 4053 3524 4104 'll
3562 4047 3645 4102 τοῦ

2083 4141 2344 4212 Χριστοῦ.

2167 4229 2365 4299 Ἡμεῖς
2388 4230 2432 4261 ⁸³
2465 4229 2533 4283 δὲ
2562 4232 2673 4284 οὐκ
2703 4229 2892 4300 ἐσμὲν
2909 4231 2956 4270 ιδ
2999 4231 3356 4299 ὑποστολῆς
3388 4233 3476 4297 εὶς
3498 4227 3646 4285 ἀπώ-

2079 4324 2274 4384 λειαν,
2327 4319 2489 4374 ἀλλὰ
2541 4321 2802 4388 πίστεως
2851 4324 2940 4388 εἲς
2987 4322 3378 4389 περιποίησιν
3426 4321 3643 4391 ψυχῆς.

2093 4411 2311 4482 Ἐπειδὴ
2345 4411 2612 4482 ἐφόϐησεν
2643 4413 2699 4464 ἐν
2727 4411 2803 4480 τῷ
2851 4414 3058 4464 εἰπεῖν’
3111 4413 3234 4464 ’Ὁτι
3269 4413 3384 4465 οὐκ
3425 4408 3652 4465 εὐδοκεῖ

2079 4505 2118 4574 ἡ
2149 4504 2319 4574 ψυχή
2353 4522 2474 4573 μου
2496 4521 2509 4535 ⁶
2549 4505 2713 4574 φησὶν
2740 4505 2822 4557 ὅτι
2847 4505 3007 4573 ἡμεῖς
3034 4504 3134 4556 οὑκ
3163 4503 3330 4572 ἐσμὲν
3357 4504 3469 4556 τῶν
3494 4503 3646 4556 ἀπολ-

400 4611 590 4648 eorum
616 4608 852 4649 numero
897 4595 990 4663 qui
1029 4602 1255 4663 pereant
1294 4602 1515 4664 propter
1543 4595 1972 4649 subtractionem

2100 4598 2328 4668 tupévwv
2379 4597 2467 4651 διὰ
2493 4596 2554 4649 τὸ
2585 4596 3007 4650 ὑποστέλλεσθαι
3049 4597 3144 4648 καὶ
3173 4596 3588 4668 άπορῤᾳθυμεῖν
3614 4594 3641 4661 ἦ

400 4695 494 4740 aut
529 4694 748 4754 propter
778 4683 1024 4739 acediam
1053 4684 1136 4738 vel
1187 4685 1602 4747 haesitationem,
1636 4685 1730 4740 sed
1782 4701 1972 4740 eorum

397 4775 491 4846 qui
523 4775 577 4828 ia
607 4775 711 4830 ﬁde
733 4774 958 4830 stabiles
1001 4774 1322 4844 persistunt,
1379 4782 1437 4828 ut
1488 4776 1776 4844 acquirant
1841 4790 1973 4830 suas

397 4867 644 4935 ipsorum
664 4865 897 4926 animas.
923 4863 1027 4918 hoc
1049 4873 1135 4919 est
1170 4865 1511 4934 possideant,
1556 4865 1888 4933 custodiant,
1919 4875 1976 4921 et

397 4967 639 5014 servent.
676 4955 983 5026 Acquisitio
1002 4955 1145 5010 enim
1179 4964 1263 5010 est
1294 4955 1591 5024 possessio,
1623 4956 1922 5026 peculium.

1000 5042 1230 5099 CAPUT
1277 5043 1368 5099 XI.

472 5133 566 5189 Est
602 5145 778 5188 autem
819 5133 950 5202 ﬁdes
1004 5135 1392 5204 sperandarum
1434 5137 1738 5190 substantia
1769 5153 1968 5192 rerum.

395 5226 669 5280 Describit
723 5225 882 5280 nobis
943 5227 1175 5294 posthac
1220 5226 1402 5292 ﬁdem,
1457 5227 1742 5298 inquiens:
1808 5226 1971 5281 Fides

395 5325 480 5370 est
506 5317 748 5372 essentia
781 5331 969 5372 eorum
1004 5332 1127 5386 qua:
1156 5318 1400 5375 gendum
1452 5329 1600 5384 sunt,
1661 5317 1970 5374 substantia

393 5423 582 5462 eorum
611 5423 731 5478 qua:
757 5424 867 5462 non
911 5408 1255 5464 subsistunt:
1281 5410 1516 5478 exempli
1544 5409 1744 5480 gratia,
1777 5422 1964 5464 resur-

391 5500 564 5555 rectio
611 5500 852 5554 nondum
917 5501 1188 5564 subsistit,
1237 5501 1332 5556 sed
1384 5500 1519 5557 ﬁdes
1567 5501 1764 5556 statuit
1820 5513 1963 5565 eam,

392 5597 558 5660 atque
591 5591 662 5645 ob
685 5591 878 5646 oculos
904 5592 1060 5647 nobis
1084 5593 1256 5661 ponit.

456 5703 504 5735 “
537 5703 728 5759 Matth.
759 5720 814 5771 ι,
843 5703 936 5760 2'2.

2079 4688 2372 4752 διστάζειν,
2429 4688 2566 4742 ἀλλὰ
2597 4688 2706 4741 τῶν
2758 4689 2816 4740 ὲν
2861 4691 2928 4759 τῇ
2978 4688 3158 4740 πίστει
3204 4687 3465 4758 βεϐαίων,
3516 4686 3642 4739 ὥστε

2080 4781 2432 4852 περιποιῆσαι
2486 4779 2584 4842 τὰς
2633 4778 2841 4831 ἑαυτῶν
2889 4777 3088 4847 ψυχὰς,
3138 4777 3387 4830 τουτέστι
3455 4778 3642 4841 κτήσα-

2079 4871 2226 4933 σθαι,
2286 4870 2561 4940 φυλάξαι,
2643 4871 2736 4923 καὶ
2793 4869 2986 4926 σῶσαι.
3052 4870 3411 4940 Περιποίησις
3459 4869 3562 4938 γὰρ
3610 4867 3639 4933 ὴ

2078 4963 2436 5036 πρόσκτησις,
2467 4965 2496 5017 ὁ
2534 4961 2969 5032 προσπορισμός.

2660 5051 2910 5103 ΚΕΦΑΛ.
2948 5046 3054 5105 IA'.

2144 5142 2320 5195 Ἔστι
2347 5139 2416 5193 δὲ
2444 5140 2649 5206 πίστις
2677 5138 3078 5207 ἐλπιζομένων
3109 5141 3474 5205 ὑπόστασις.
3519 5137 3636 5191 Act.-

2071 5231 2172 5285 πδν
2219 5233 2597 5302 ὑπογράφεται
2648 5233 2779 5301 ἡμῖν
2825 5230 2923 5300 τὴν
2969 5230 3176 5294 πίστιν,
3228 5234 3325 5282 καί
3359 5245 3524 5300 φησιν
3562 5228 3634 5278 ὅτι

2070 5322 2324 5385 οὑσὲωσίς
2376 5325 2490 5375 ἐστι
2519 5321 2627 5375 τῶν
2677 5323 2844 5392 μήπω
2875 5323 3047 5375 ὄντων
3082 5323 3174 5374 καὶ
3208 5321 3506 5382 ὑπόστασις
3533 5317 3631 5370 τῶν

2075 5407 2150 5479 μὴ
2181 5407 2502 5477 ὑφεστώτων
2522 5424 2538 5439 ·
2571 5403 2683 5461 οἷον
2727 5410 2762 5478 ἡ
2803 5409 3097 5472 ἀνάστασις
3126 5407 3283 5461 οὔπω
3313 5408 3631 5476 ὑφέστηκεν,

2070 5500 2186 5554 ἀλλ’
2235 5501 2267 5568 ἡ
2309 5501 2492 5563 πίστις
2553 5500 2753 5572 ὑφιστᾷ
2799 5500 2990 5571 αὑτὴν,
3041 5500 3137 5554 καὶ
3195 5500 3303 5570 πρὸ
3349 5496 3631 5568 ὀφθαλμῶν

2074 5590 2208 5659 ἡμῖν
2241 5590 2442 5660 τίθησι.

1766 5774 1968 5837 Varia:
1991 5772 2322 5838 lectiones.

463 5877 508 5909 ⁸⁵³
539 5880 728 5949 Ὑμεῖς
763 5894 813 5930 0.
893 5877 939 5909 ⁸⁵
966 5877 1090 5930 ἐστέ
1125 5892 1176 5930 0.
