3918 6558
257 465 363 530 341

1017 471 1421 534 EXPOSITIO
1464 475 1540 535 [Ν
1571 474 1809 535 EPIST.
1847 476 1943 535 AD
1974 475 2360 535 IIEBIL‘EOS-
2390 501 2458 509 --
2493 476 2650 535 CAP.
2682 476 2786 536 XI.

3425 473 3530 539 342

337 576 705 647 Πραγμὰτων
733 576 976 648 ἔλεγχοι,
1013 581 1088 635 οὐ
1111 581 1529 650 βλεπομένων.
1565 583 1846 652 Ἔλεγχος,

2028 584 2404 654 Argumentum
2470 600 2574 638 non
2649 583 3038 653 apparentium.
3107 583 3526 655 Argumentum,

253 669 548 732 τουτέστι,
599 668 801 735 δεῖξις,
869 669 1179 740 φανέρωσις
1230 673 1444 743 ἀδήλων
1478 672 1845 742 πραγμάτων.

261 761 422 813 Ποιεϊ
437 760 550 830 γὰρ
572 761 746 814 ταῦτα
777 759 1070 830 βλέπεσθαι
1097 762 1176 833 τῷ
1200 762 1276 833 νῷ
1297 763 1455 834 ἡμῶν
1480 764 1555 827 ὡς
1578 762 1842 834 παρόντα.

261 855 327 906 ΕΞ
363 854 544 908 τοίνυν
589 855 816 909 τοιαῦτα
845 855 1072 910 δύναται
1105 857 1138 926 ἡ
1185 856 1387 923 πίστις,
1440 858 1490 910 τί
1527 857 1686 926 ὑμεῖς
1721 857 1846 927 βού-

257 947 427 1000 λεσθε
475 947 614 1001 αὐτὰ
665 948 986 1016 πρακτικῶς
1011 947 1057 981 ⁸⁸
1111 948 1264 1015 ίδεϊν,
1300 949 1388 1003 ἵνα
1425 949 1698 1020 ἐκπέσητε
1747 949 1848 1019 τῆς

261 1040 540 1105 πίστεως;
595 1039 770 1094 Τοῦτο
809 1040 865 1094 δὲ
919 1039 1074 1094 οὐδὲν
1123 1040 1251 1095 ἄλλο
1299 1041 1540 1112 ἐστὶν,ἢ
1590 1042 1847 1096 ἐκπεσεῖν

259 1132 378 1184 ἀπὸ
431 1131 526 1186 τοῦ
572 1133 771 1187 δίκαιοι
818 1129 978 1187 εἶναι.
1021 1133 1080 1186 Ὀ
1123 1133 1230 1205 γὰρ
1267 1133 1475 1198 δίκαιος
1515 1135 1581 1188 ἐκ
1611 1133 1848 1198 πίστεως

261 1223 524 1292 ζήσεται.

335 1316 436 1369 Ἐν
468 1315 625 1385 αὐτῇ
654 1316 764 1386 γὰρ
787 1317 1290 1386 ἐμαρτυρήθησαν
1327 1321 1382 1373 οι
1432 1319 1848 1388 πρεσϐύτεροι.

257 1406 308 1458 Τ
310 1406 582 1470 ουτέστιν,
601 1409 660 1460 ἐν
688 1407 824 1478 αὐτῇ
853 1411 921 1478 τῇ
966 1409 1149 1460 πίστει
1197 1407 1666 1479 ἐμαρτυρήθησαν
1697 1406 1849 1476 παρὰ

257 1497 364 1551 τοῦ
408 1498 547 1552 Θεοῦ
613 1500 664 1552 oi
715 1499 938 1552 παλαιοὶ
985 1500 1220 1564 πάντες-⁸
1251 1499 1714 1571 Ιὼμολογήθησαν
1766 1501 1849 1554 ὅτι

260 1589 645 1659 ἑθεράπευσαν
673 1591 857 1645 αὐτόν.

341 1683 550 1737 Πίστει
582 1683 844 1754 νοοῦμεν
893 1687 1282 1756 κατηρτίσθαι
1316 1686 1460 1754 τοὺς
1483 1686 1705 1753 αἰῶνας
1725 1687 1851 1755 ῥήτ

256 1792 408 1844 yart
439 1777 610 1841 Θεοῦ,
637 1779 726 1844 εις
756 1779 823 1832 τό
850 1779 931 1847 μὴ
956 1780 1024 1832 ἐκ
1063 1778 1446 1849 φαινομένων
1502 1781 1575 1833 τὰ
1619 1779 1850 1844 ,βλεπό-

258 1885 422 1938 μενα
449 1869 778 1940 γεγονέναι.
816 1871 1036 1942 Ἐπειδὴ
1059 1871 1092 1942 ἡ
1116 1872 1300 1934 πίστις
1326 1871 1672 1926 διαϐάλλεται
1699 1872 1850 1942 παρὰ

1955 674 2113 744 731
2151 675 2253 730 hoc
2273 683 2376 740 est,
2403 674 2799 730 demonstratio
2841 685 2897 730 et
2938 674 3306 732 manifestatio
3343 694 3527 731 rerum

1953 781 2074 835 quae
2107 780 2214 819 non
2234 773 2362 819 sunt
2397 765 2727 834 conspicuae.
2761 765 2912 820 Facit
2945 766 3090 821 enim
3118 774 3174 820 ut
3209 766 3312 821 ista
3345 779 3556 822 mente-

1956 865 2145 911 nostra
2189 871 2500 921 cernamus,
2547 857 2694 911 haud
2734 873 2894 912 secus
2925 873 2989 912 ac
3021 858 3066 912 si
3102 860 3393 927 przesentia
3443 876 3531 913 es-

1954 955 2098 1002 sent.
2128 946 2182 1000 Si
2217 946 2384 1016 igitur
2415 947 2542 1000 talia
2565 956 2745 1017 potest
2775 947 2932 1012 ﬁdes,
2961 948 3090 1019 qttid
3128 965 3222 1004 vos
3254 965 3314 1002 en
3343 960 3528 1004 actua-

1956 1039 2080 1095 liter
2109 1040 2293 1095 videre
2329 1039 2527 1106 velitis,
2559 1048 2620 1094 ut
2643 1040 2912 1097 excidatis
2961 1057 2990 1094 a
3030 1042 3173 1097 ﬁde?
3204 1042 3358 1110 Quod
3397 1059 3554 1099 sane

1956 1133 2093 1187 nihil
2139 1140 2224 1188 est
2275 1131 2422 1188 aliud
2463 1146 2627 1202 quam
2686 1132 2940 1188 excidere
2985 1147 3017 1186 a
3051 1134 3286 1203 justitia.
3337 1133 3530 1190 Justus

1955 1225 2100 1280 enim
2133 1241 2196 1279 ex
2234 1225 2339 1281 ﬁde
2372 1225 2537 1279 vivet.

2027 1317 2197 1374 Vens.
2231 1318 2286 1372 2.
2325 1318 2388 1372 In
2418 1318 2537 1386 ipsa
2560 1319 2702 1371 enim
2727 1316 3085 1371 testimonium
3113 1317 3380 1370 consecuti
3405 1324 3529 1368 sunt

1956 1412 2214 1466 seniores.
2247 1409 2363 1466 Hoc
2382 1417 2487 1476 est,
2517 1410 2570 1464 in
2601 1410 2718 1480 ipsa
2753 1408 2859 1464 ﬁde
2883 1408 3258 1464 testimonium
3291 1409 3527 1463 assecuti

1955 1510 2084 1558 sunt
2103 1517 2296 1559 omnes
2338 1511 2550 1558 veteres
2580 1517 2611 1556 a
2649 1501 2779 1568 Deo,
2817 1514 2884 1554 ac
2921 1498 3168 1554 confessi
3209 1507 3339 1554 sunt
3383 1499 3546 1569 quod.

1957 1609 2083 1649 eum
2107 1593 2401 1648 coluerint.

2028 1684 2266 1741 “133.5.
2290 1685 2424 1741 Fide
2451 1687 2797 1756 intelligimus
2819 1695 3003 1756 aptata
3025 1701 3135 1739 esse
3155 1683 3354 1738 sa'cula
3381 1681 3533 1736 verbo

1958 1774 2076 1839 Dei,
2113 1786 2171 1830 ut
2217 1791 2284 1831 ex
2331 1777 2687 1833 inuisibilibus
2717 1776 2946 1832 uisibilia
2975 1778 3185 1847 ﬁerent.
3215 1775 3356 1840 Quia
3401 1773 3534 1828 ﬁdes

1960 1868 2384 1937 reprehenditur
2416 1884 2480 1924 ac
2513 1869 2582 1925 iis
2608 1869 2703 1940 qui
2742 1869 3038 1940 potentiam
3076 1867 3194 1938 ejus
3225 1882 3336 1922 non
3375 1865 3534 1920 intel-

264 1964 384 2024 τοῖς
427 1961 502 2031 μὴ
528 1960 712 2016 νοοῦσι
743 1963 839 2034 τὴν
872 1961 1103 2034 δύναμιν
1153 1965 1348 2035 αὐτῆς,
1395 1965 1630 2034 πρᾶγμα
1647 1965 1850 2018 ἀναπόο

1963 1958 2150 2030 Iigunt,
2177 1961 2268 2028 qui
2302 1970 2620 2017 asseverant
2658 1976 2778 2018 eam
2827 1975 2953 2017 esse
2984 1975 3098 2015 rem
3130 1958 3535 2014 indemoustra-

264 2055 482 2107 δεικτον
517 2053 687 2125 αὐτὴν
709 2054 962 2124 λέγουσι,
991 2053 1088 2109 καὶ
1124 2055 1342 2124 ἀπάτην
1380 2055 1685 2126 πρόδηλον¹¹,
1745 2053 1853 2109 δεί-

267 2163 484 2212 κνυσιν,
513 2148 595 2201 ὅτι
623 2144 694 2199 τὰ
730 2145 972 2217 μέγισταξ
991 2147 1082 2202 διὰ
1113 2147 1380 2214 πίστεως,
1417 2147 1512 2200 καὶ
1537 2146 1598 2200 ού
1626 2145 1716 2200 διὰ
1764 2145 1851 2200 λο-

265 2237 490 2307 γισμῶν
529 2237 914 2310 κατορθοῦται.
948 2239 1059 2292 Καὶ
1103 2237 1213 2310 γὰρ
1244 2238 1326 2292 ὅτι
1371 2240 1398 2292 ὸ
1430 2237 1561 2301 Θεὸς
1589 2237 1733 2308 λόγῳ
1781 2237 1853 2290 τὰ

264 2330 402 2384 ὄντα
451 2330 517 2383 ἐκ
571 2331 646 2402 μὴ
689 2330 859 2384 ὄντων
916 2330 1351 2401 ἐποίησελποία
1407 2330 1686 2396 ἀπόδειξις
1724 2330 1852 2398 ἡμῖν

266 2421 654 2491 παρέστησεν;
685 2423 934 2493 οὐδεμία,
959 2423 1096 2477 ἀλλὰ
1125 2424 1308 2488 πίστις
1342 2425 1499 2494 μόνη.
1538 2424 1726 2477 Πίστει
1756 2417 1852 2478 οῦν

265 2514 531 2582 νοοῦμεν
559 2516 948 2582 κατηρτίσθαι
981 2515 1122 2581 τοὺς
1147 2514 1386 2580 αἰῶνας,
1408 2514 1673 2579 τουτέστι,
1701 2514 1854 2582 γενέ-

270 2603 398 2656 σθαι
420 2607 626 2675 ῥήματι
649 2605 808 2662 Θεοῦ.
833 2606 932 2660 Διὰ
963 2607 1018 2660 τί
1050 2608 1235 2660 πίστει
1263 2623 1278 2671 ;
1313 2605 1448 2658 διότι
1481 2606 1544 2658 ἐκ
1599 2605 1674 2676 μὴ
1734 2622 1854 2672 φαι·

271 2697 519 2766 νομένων
545 2698 612 2751 τὰ
643 2697 952 2769 βλεπόμενα
983 2699 1206 2768 γέγονεν
1230 2714 1248 2734 ο
1278 2697 1308 2752 δ
1367 2699 1604 2761 πίστεως
1652 2698 1848 2753 δεῖται.

268 2786 344 2838 Ἣ
397 2785 493 2840 καὶ
570 2787 713 2842 οὕτω
743 2805 761 2821 θ
827 2789 1060 2860 Ῥήματι
1101 2788 1236 2844 Θεοῦ
1301 2790 1577 2861 γενομένῳ
1645 2789 1733 2844 διὰ
1790 2791 1851 2844 τὺ

269 2881 620 2950 προαχθῆναι
658 2881 726 2934 τὰ
776 2881 906 2936 ὄντα
929 2883 992 2936 ἐκ
1019 2883 1094 2954 μὴ
1133 2883 1324 2938 ὄντων.
1356 2883 1569 2944 Αξῶνας
1591 2883 1649 2936 δὲ
1683 2883 1851 2936 ἀκού-

265 2989 369 3035 ων,
412 2974 503 3027 καὶ
518 2977 585 3027 τὰ
607 2977 1047 3046 ἐμπεριεχόμενα
1070 2976 1283 3041 τούτοις
1313 2977 1508 3030 αίὼνια
1527 2977 1572 3009 ⁸⁸
1603 2976 1734 3042 νόει,
1759 2977 1850 3030 ναὶ

272 3062 385 3132 μὴν
423 3065 514 3116 καὶ
543 3065 768 3134 χρόνους
801 3067 894 3120 καλ⁸
921 3068 1103 3121 πάντα
1145 3068 1215 3122 τὰ
1267 3067 1518 3140 ἐγχρονα,
1565 3087 1849 3142 καταχρη-

269 3154 606 3226 στικώτερον
640 3158 748 3209 τῶν
788 3159 1002 3212 αἰώνων
1029 3160 1123 3212 καὶ
1174 3159 1304 3223 τοὺς
1355 3161 1580 3230 χρόνους
1625 3162 1849 3233 δηλούν-

266 3263 380 3298 των
404 3263 418 3278 ο
450 3248 569 3299 ἐπεὶ
594 3249 623 3300 ό
653 3249 856 3320 κυρίως
884 3251 1041 3319 αἰὼν,
1071 3250 1200 3306 ἄλλο
1239 3268 1294 3305 τι
1325 3253 1478 3323 παρὰ
1499 3253 1591 3307 τὸν
1635 3255 1845 3326 χρόνον,

269 3341 370 3390 καὶ
397 3333 496 3406 εἷς,
526 3339 587 3392 οὐ
619 3340 829 3395 πολλοί.

346 3617 550 3671 Πίστει
580 3615 834 3671 πλείονα
862 3617 1085 3672 θυσίαν
1111 3620 1293 3674 Ἅϐελ
1319 3619 1481 3687 παρὰ
1501 3618 1650 3676 Κάϊν
1669 3637 1855 3689 προσ-

267 3707 495 3774 ήνεγκε
516 3707 597 3772 τῷ
639 3706 784 3773 Θεῷ.
817 3707 1036 3779 Ἐπειδὴ
1063 3709 1220 3779 ’μέγα
1261 3710 1293 3779 ἡ
1336 3710 1544 3772 πίστις,
1584 3712 1680 3763 καὶ
1738 3726 1856 3779 γενο

269 3799 435 3862 ναίας
460 3797 850 3869 δεῖταιψυχῆς,
881 3801 932 3852 ot
985 3799 1043 3852 δὲ
1101 3799 1349 3867 Ἑϐραῖοι
1388 3799 1575 3854 πιστοὶ
1631 3801 1858 3870 ἐξησθέ-

269 3908 471 3960 νησαν,
505 3889 603 3942 καὶ
627 3891 752 3943 κατ’
775 3890 950 3962 ἀρχὴν
981 3890 1082 3962 μὲν
1103 3890 1289 3944 πίστιν
1315 3891 1673 3958 ἐνεδείξαντο,
1693 3891 1855 3946 ὕστε-

274 3997 372 4051 ρον
407 3981 462 4034 δὲ
491 3980 600 4033 ἀπὸ
643 3981 744 4050 τῆς
806 3980 1091 4052 συνεχείας
1137 3981 1249 4034 τῶν
1298 3981 1533 4052 θλίψεων
1589 3983 1858 4052 ὠλιγοψύ-

269 4091 430 4144 χουν,
457 4073 806 4142 παρεκάλεσε
834 4071 934 4142 μὲν
968 4073 1168 4138 αὐτοὺς
1196 4073 1304 4128 ἀπὸ
1331 4075 1442 4128 τῶν
1479 4074 1857 4146 κατορθωθέν-

270 4184 386 4220 των
408 4167 610 4230 αὐτοῖς,
647 4165 738 4218 καὶ
769 4165 877 4220 ἀπὸ
902 4165 1004 4236 τῆς
1041 4165 1290 4237 Γραφῆς,
1319 4167 1490 4221 είπών
1513 4184 1527 4199 ·
1563 4168 1688 4221 Ὅτι
1718 4167 1747 4219 ὁ
1779 4167 1856 4220 δί-

271 4277 435 4323 καιος
463 4261 526 4313 ἐκ
558 4261 792 4322 πίστεως
810 4259 1068 4330 ζήσεται·
1127 4261 1226 4314 καὶ
1273 4260 1384 4314 ἀπὸ
1438 4261 1735 4333 λογισμῶν,
1778 4262 1858 4313 εί-

273 4349 424 4402 πών·
442 4350 614 4402 Ἐστι
639 4347 707 4400 δὲ
731 4349 934 4414 πίστις
953 4347 1349 4418 ἐλπιζομένων
1375 4351 1733 4420 ὑπόστασις-ο
1761 4357 1858 4411 νῦν

273 4443 336 4495 δὲ
350 4443 458 4496 ἀπὸ
488 4443 595 4496 τῶν
623 4441 872 4512 μεγάλων
902 4442 994 4496 καὶ
1019 4443 1266 4498 παλαιῶν
1290 4444 1516 4514 ἀνδρῶν.
1543 4446 1712 4503 Ὅταν
1749 4450 1857 4523 γὰρ

275 4535 417 4605 εὕρῃ
469 4535 497 4586 ὁ
529 4533 816 4604 ἄνθρωπος
845 4534 1134 4596 κοινωνοὺς
1155 4532 1366 4599 παθῶν,
1395 4535 1736 4593 ἀναπαύεται
1763 4541 1858 4594 καὶ

1957 2051 2124 2105 bilem
2155 2051 2404 2122 adeoque
2443 2053 2787 2111 manifestam
2831 2055 3197 2124 imposturam
3229 2071 3244 2114 ;
3289 2053 3535 2107 ostendit

1958 2141 2103 2210 quod
2133 2143 2364 2196 maxima
2412 2159 2642 2213 quaeque
2697 2159 2793 2215 per
2828 2144 2986 2200 ﬁdem
3035 2145 3429 2215 transigantur,
3477 2153 3534 2197 et

1959 2247 2066 2286 non
2099 2247 2197 2301 per
2221 2233 2692 2290 ratiocinationes.
2727 2232 2864 2288 Nam
2896 2235 3039 2304 quod
3069 2235 3214 2290 Deus
3233 2220 3441 2301 Iverho,
3468 2250 3534 2293 ea

1957 2340 2078 2394 quae
2107 2333 2257 2391 sunt,
2285 2341 2351 2382 ex
2390 2327 2460 2382 iis
2506 2343 2628 2396 qua:
2657 2342 2764 2382 non
2788 2337 2939 2394 sunt,
2985 2329 3217 2392 creavit,
3263 2344 3384 2398 qu.e
3431 2332 3529 2384 dc-

1959 2421 2286 2476 tuonstratio
2319 2421 2481 2478 nobis
2524 2421 2814 2478 exhibuit?
2851 2421 3007 2478 Nulla
3059 2438 3214 2486 sane.
3261 2423 3360 2478 sed
3413 2423 3530 2479 sola

1960 2509 2116 2564 fides.
2148 2507 2282 2566 Fide
2320 2511 2486 2581 igitur
2520 2511 2868 2580 intelligimus
2915 2520 3103 2580 aptata
3144 2527 3272 2583 esse
3308 2511 3530 2574 swcula,

1957 2600 2063 2656 hoc
2115 2611 2222 2667 est,
2261 2600 2405 2658 facta
2449 2618 2574 2658 esse
2623 2605 2790 2660 verbo
2841 2603 2957 2658 Dei.
2996 2601 3110 2658 Cur
3158 2603 3302 2658 ﬁde?
3332 2603 3534 2672 quippe

1957 2693 2105 2762 quod
2134 2709 2202 2750 ex
2233 2694 2627 2762 invisibilibus,
2657 2702 2715 2751 et
2742 2709 2808 2750 es
2846 2696 2913 2750 iis
2963 2711 3088 2766 quas
3124 2711 3231 2750 non
3257 2695 3532 2755 videmur,
3626 2736 3630 2740 .

1959 2782 2104 2838 facta
2131 2784 2384 2855 sintgquae
2407 2786 2698 2843 videntur:
2733 2788 2879 2858 quod
2915 2788 3018 2844 ﬁde
3040 2804 3180 2859 opus
3215 2788 3398 2844 habet.
3434 2785 3533 2842 Vel

1956 2876 2072 2932 sic:
2107 2876 2287 2933 Verbo
2317 2877 2436 2943 Dei,
2474 2893 2586 2949 quo
2630 2878 2837 2936 factum
2870 2891 2958 2936 est
2999 2887 3062 2935 ut
3095 2881 3535 2950 producerentur

1957 2981 2024 3021 ex
2065 2967 2132 3023 iis
2180 2981 2302 3035 quae
2342 2982 2451 3024 non
2506 2975 2656 3032 sunt,
2685 2983 2749 3024 ea
2798 2985 2922 3039 quae
2967 2978 3114 3026 sunt.
3161 2968 3297 3024 Cum
3345 2977 3531 3024 autem

1957 3057 2135 3122 audis.
2163 3059 2386 3122 saecula,
2423 3074 2490 3114 ea
2528 3057 2696 3115 simul
2728 3060 2970 3131 intellige
3005 3070 3212 3116 aeterna
3247 3076 3366 3132 quae
3413 3060 3534 3118 istis

1956 3152 2330 3219 continentur,
2383 3153 2497 3210 imo
2544 3169 2673 3211 vero
2715 3162 2984 3224 tempora,
3027 3155 3276 3224 adeoque
3330 3162 3528 3209 cuncta

1959 3248 2308 3317 temporaria,
2376 3247 2724 3305 inusitatiore
2777 3248 3038 3318 loquendi
3098 3249 3260 3304 modo
3313 3251 3530 3305 sazcnlis

1877 3354 1922 3413 ο
1955 3339 2120 3393 etiam
2167 3349 2410 3409 tempora
2453 3340 2908 3410 signiﬁcantibus.
2945 3339 3080 3396 Nam
3123 3341 3342 3412 proprie
3363 3357 3535 3397 saecu-

1957 3428 2067 3484 lum
2100 3429 2250 3484 aliud
2290 3430 2590 3500 quidquam
2633 3445 2799 3500 quam
2845 3437 3060 3500 tempus
3099 3438 3206 3497 est,
3251 3439 3307 3486 et
3336 3446 3532 3498 unum,

1956 3536 2064 3576 non
2095 3521 2291 3576 multa.

2025 3613 2200 3669 Vens.
2239 3613 2294 3668 4.
2344 3611 2480 3668 Fide
2515 3613 2866 3682 copiosiorem
2915 3614 3146 3668 hostium
3201 3613 3335 3668 Abel
3373 3630 3532 3683 quant

1956 3705 2089 3761 Cain
2123 3707 2315 3760 obtulit
2336 3705 2467 3763 Deo.
2487 3705 2626 3773 Quia
2653 3721 2740 3762 res
2769 3721 2966 3776 magna
3001 3715 3086 3763 est
3108 3707 3260 3774 ﬁdes,
3292 3716 3346 3762 et
3373 3725 3529 3778 gene-

1957 3812 2082 3852 rosa
2127 3797 2308 3852 anima
2358 3798 2585 3868 indiget,
2625 3797 2832 3854 Hebraei
2860 3805 3040 3854 autem
3101 3799 3286 3855 fideles
3326 3799 3529 3854 inﬁrmi

1956 3899 2131 3952 etant,
2172 3906 2238 3946 ac
2281 3892 2518 3961 primum
2569 3890 2792 3960 quidem
2845 3891 3004 3946 ﬁdem
3057 3892 3532 3958 demonstrarunt,

1960 3982 2217 4052 deinceps
2247 3999 2376 4038 vero
2409 3983 2480 4039 ob
2507 3983 2867 4040 aflliclionum
2913 3983 3277 4054 frequentiam
3301 3986 3533 4055 pusilla-

1959 4076 2134 4131 nimes
2163 4077 2550 4143 reddebantur,
2577 4077 2904 4133 adhortatus
2939 4086 3024 4133 est
3053 4092 3149 4134 eos
3177 4092 3206 4131 a
3245 4080 3410 4136 rebus
3434 4095 3531 4148 per

1957 4183 2052 4223 eos
2096 4168 2356 4237 praeclare
2404 4169 2596 4239 gestis,
2637 4177 2691 4225 et
2722 4185 2753 4225 a
2784 4169 3093 4240 Scriptura,
3135 4169 3352 4237 dicens,
3386 4172 3531 4241 quod

1955 4261 2138 4330 justus
2171 4277 2236 4317 ex
2264 4262 2369 4317 ﬁde
2401 4263 2472 4318 sit
2520 4263 2802 4318 victurus:
2851 4270 2907 4318 et
2936 4279 2967 4318 a
2993 4262 3528 4329 ratiocinationibus,

1960 4354 2244 4423 inquiens:
2280 4352 2442 4409 Fides
2476 4364 2554 4409 est
2574 4371 2756 4410 eorum
2781 4370 2900 4425 qua:
2932 4364 3217 4424 sperantur
3239 4355 3533 4411 subsisten-

1961 4446 2071 4498 tia:
2108 4459 2255 4501 nunc
2285 4461 2412 4500 vero
2442 4460 2472 4497 a
2498 4447 2711 4517 magnis
2741 4455 2795 4500 et
2837 4446 3034 4516 priscis
3063 4446 3195 4501 viris
3219 4447 3388 4501 etiam
3439 4463 3531 4502 ar-

1960 4545 2218 4608 gumenta
2249 4538 2470 4608 profert.
2493 4539 2628 4594 Cum
2670 4537 2814 4594 enim
2843 4538 3009 4593 homo
3043 4537 3314 4592 invenerit
3365 4539 3534 4606 parti-

274 4625 527 4679 ἀναπνεῖ.
548 4625 794 4693 Παράγει
820 4620 912 4675 οῦν
940 4622 1034 4675 τὸν
1065 4623 1250 4688 Ἀϐελ,
1273 4624 1366 4677 καί
1393 4642 1558 4696 φησιν
1580 4627 1659 4680 ὅτι
1677 4629 1851 4684 πίστει

1963 4630 2109 4699 cipes
2138 4629 2553 4694 adversitatum,
2585 4637 2864 4685 recreatur
2890 4644 2954 4685 ac
2983 4630 3242 4700 respirat.
3267 4629 3532 4685 Producit

273 4717 626 4788 προσήνεγκε
657 4717 850 4770 θυσίαν
905 4710 1150 4781 πλείονα,
1192 4718 1465 4783 τουτέστι,

1521 4723 1855 4794 τιμιωτέραν
1890 4719 1932 4748 υ
1961 4719 2123 4790 igitur
2141 4720 2392 4784 Abelum,
2415 4720 2700 4792 inquiens:
2734 4719 2866 4776 Fide
2893 4721 3384 4777 obtulitvietimam
3417 4737 3532 4775 tua-

273 4811 433 4882 παρᾶ
454 4812 553 4882 τὴν
581 4810 676 4863 τοῦ
721 4810 970 4876 ἀδελφοῦ.
1003 4811 1137 4864 Τίνα
1176 4812 1285 4881 γὰρ
1337 4807 1478 4865 εἶδεν
1533 4814 1692 4868 ἄλλον
1747 4818 1851 4889 πρὸ

1963 4814 2150 4881 iorem,
2197 4813 2302 4868 hoc
2343 4821 2427 4870 est
2458 4813 2864 4883 pretiosiorem,
2909 4829 3074 4883 quam
3126 4813 3313 4868 frater.
3355 4814 3529 4879 Quem

274 4901 446 4956 αὐτοῦ
469 4920 484 4969 ;
511 4902 605 4955 τὸν
649 4903 879 4971 πατέρα,
909 4903 941 4972 ἢ
982 4903 1081 4974 τὴν
1121 4905 1336 4974 μητέρα
1361 4945 1376 4970 ,
1407 4905 1504 4958 καὶ
1538 4905 1648 4976 μὴν
1685 4924 1856 4979 προσ-

276 4997 553 5067 έκρουσαν
579 4995 656 5067 τῷ
681 4995 820 5066 Θεῴο
852 4997 989 5050 ἀλλὰ
1020 4995 1111 5050 τὸν
1134 4995 1363 5065 ἀδελφόν
1385 5014 1401 5062 ;
1435 4997 1529 5050 καὶ
1558 4991 1715 5062 οὗτος
1737 5001 1853 5072 ἠτί-

278 5105 444 5159 μασε.
471 5088 656 5141 Πίστει
684 5087 777 5142 οὖν
810 5088 948 5158 μόνῃ
977 5086 1238 5159 ὡδηγήθη
1263 5091 1342 5152 εις
1369 5088 1432 5141 τὺ
1460 5093 1853 5162 προσενεγκεῖν

275 5174 356 5234 ῶν
382 5177 494 5251 εἶχε
523 5181 594 5234 τὰ
649 5181 956 5252 κρείττονα,
1020 5179 1342 5248 πιστεύσας,
1395 5181 1477 5236 ὅτι
1527 5181 1620 5235 τὸν
1667 5181 1859 5252 μισθὸν

271 5272 522 5343 λήψεται.

349 5367 429 5416 Δι’
460 5361 536 5434 ἧς
578 5364 959 5432 ἐμαρτυρήθη
1003 5360 1155 5420 εἴναι
1175 5363 1427 5432 δίκαιος,
1476 5368 1854 5436 μαρτυροῦν-

1953 4905 2099 4960 enim
2119 4905 2334 4960 videbat
2358 4905 2524 4960 alium
2547 4916 2674 4960 ante
2703 4905 2806 4960 se?
2827 4911 3111 4975 patremne
3139 4913 3235 4959 aut
3263 4904 3532 4958 matrem?

1956 5004 2011 5048 at
2047 4996 2122 5050 illi
2154 4996 2495 5066 impegerant
2521 4995 2792 5052 adversus
2818 4994 3014 5051 Deum.
3045 4996 3113 5050 At
3148 4997 3418 5051 fratrem?
3440 5011 3531 5050 ve-

1957 5101 2079 5139 rum
2113 5094 2166 5140 et
2199 5085 2246 5140 is
2280 5085 2447 5142 Deum
2480 5100 2590 5140 non
2617 5086 2882 5142 coluerat.
2915 5086 3045 5141 Fide
3069 5103 3216 5156 ergo.
3252 5086 3368 5141 sola
3401 5101 3528 5154 per-

1961 5176 2165 5232 ductus
2193 5184 2280 5232 est
2309 5185 2370 5232 ut
2405 5176 2629 5233 offerret
2657 5178 2767 5233 Deo
2806 5194 2873 5233 ex
2919 5177 3236 5233 melioribus
3275 5191 3396 5247 qua:
3428 5175 3531 5230 ha~

1959 5267 2145 5330 bebat,
2175 5266 2408 5323 credens
2431 5282 2490 5322 se
2521 5268 2824 5324 mercedem
2866 5276 3241 5336 accepturum.

2029 5359 2136 5416 Per
2165 5378 2324 5432 quam
2351 5361 2706 5416 testimonium
2741 5371 3051 5415 consecutus
3079 5369 3180 5424 est,
3220 5357 3360 5430 quod
3395 5369 3527 5412 esset

268 5472 377 5520 τος
413 5455 508 5506 ἐπὶ
538 5452 663 5518 τοῖς
696 5451 904 5520 eam“;
935 5454 1124 5508 αὐτοῦ
1154 5453 1260 5507 τοῦ
1285 5454 1453 5508 Θεοῦ.
1490 5455 1550 5508 '0
1587 5453 1699 5524 γὰρ
1717 5455 1851 5524 πρὸς

1963 5455 2148 5520 iustus,
2177 5457 2536 5511 testimonium
2564 5455 2863 5523 perhibente
2887 5453 2996 5507 Deo
3023 5469 3181 5520 super
3202 5453 3356 5506 donis
3386 5453 3525 5522 ejus.

266 5546 364 5599 τὸν
393 5548 532 5602 Κάῖν
562 5546 801 5617 εἰρηκὼς
827 5546 980 5611 Θεὸς,
1017 5549 1132 5601 Οὐκ
1188 5547 1256 5602 ἂν
1299 5548 1472 5616 ὀρθῶς
1521 5548 1619 5620 μὲν
1673 5565 1846 5619 προσ⁹

267 5640 528 5710 ενέγκῃς,
556 5638 802 5710 ὀρθῶςδέ
829 5638 905 5710 μὴ
933 5639 1114 5712 διέλῃς
1133 5656 1148 5672 ο
1175 5639 1523 5713 ἐμαρτύρησε
1553 5641 1628 5712 τῷ
1654 5641 1843 5708 Ἅϐελ,

1953 5547 2089 5603 Cum
2121 5549 2268 5602 enim
2307 5549 2372 5603 ad
2424 5547 2584 5617 732
2618 5546 2852 5602 Caiuum
2902 5544 3131 5602 dixisset
3175 5541 3321 5600 Deus
3353 5561 3368 5599 :
3406 5543 3529 5600 Non

1955 5646 2104 5695 recte
2131 5639 2316 5707 olers,
2347 5654 2445 5696 nec
2472 5647 2621 5695 recte
2661 5637 2896 5694 dividis:
2927 5636 3306 5694 testimonium
3336 5636 3523 5708 perhi-

1629 5819 1833 5882 Varite
1870 5817 2207 5880 lectiones.

349 5924 397 5956 δ’
417 5924 817 5996 πραγματικῶς
841 5941 894 5979 o.
975 5926 1017 5960 ³⁸
1043 5924 1211 5977 πάντα
1245 5940 1296 5977 0.
