3918 6548
502 445 609 512 343
1387 454 1963 516 THEOPIIYLACTI
2006 460 2413 520 llULGAulE
2453 460 2804 520 AliCllIEt’.
3621 458 3710 520 3H

504 567 622 620 buit
651 565 841 630 Abelu,
876 566 1022 637 quod
1052 574 1106 622 et
1151 578 1298 622 recte
1347 568 1629 628 obtulerit.
1671 579 1942 637 quatenus
1972 568 2040 622 da

2176 571 2258 625 ὃτι
2293 571 2384 625 καὶ
2411 571 2588 640 ὀρθῶς
2618 571 2986 641 προσήνεγκε,
3020 567 3156 620 καθὸ
3186 563 3262 634 τῷ
3300 564 3438 618 δόντι
3473 568 3716 636 προσήγα-

502 659 608 712 tori
642 657 752 714 Deo
791 658 986 714 obtulit
1011 673 1130 728 qua:
1160 660 1229 714 ab
1273 661 1367 715 illo
1415 663 1663 732 accepit:
1701 679 1766 718 ac
1801 675 1948 719 recte
1988 665 2042 720 di

2177 677 2294 728 γεν,
2340 660 2376 714 ἀ
2405 661 2465 726 ἐξ
2507 663 2715 714 ἐκείνου
2748 657 2883 730 εἶχε,
2910 660 3004 713 καὶ
3036 657 3213 728 ὀρθῶς
3257 655 3438 716 διεῖλε,
3503 657 3628 710 καθὸ
3660 660 3717 712 τὰ

501 751 650 816 visit,
687 739 960 821 quatenus
987 751 1213 807 meliora
1245 767 1344 808 ceu
1379 752 1610 810 Domino
1639 771 1741 811 suo
1773 758 2046 827 separavit

2177 754 2426 823 κρείττω,
2458 753 2533 816 ὡς
2552 754 2809 825 δεσπότῃ.
2841 752 3078 819 Λέγεται
3099 749 3154 802 δὲ
3187 749 3270 803 δτι
3298 749 3394 800 καὶ
3427 746 3533 818 πῦρ
3562 750 3717 801 κατε).-

501 841 696 896 Fertur
716 843 877 896 etiam
903 842 1046 912 quod
1077 843 1220 914 ignis
1241 860 1270 899 e
1295 846 1452 901 caelis
1485 846 1826 902 descendens
1853 851 2044 906 absum

2175 844 2266 898 θδν
2285 844 2394 898 ἀπὸ
2419 844 2513 898 τοῦ
2543 843 2777 916 οὐρανοῦ
2819 843 3066 915 ἀνήλωσε
3123 839 3223 910 τὴν
3270 838 3480 903 θυσίαν,
3528 839 3615 891 καὶ
3665 842 3717 892 lu

500 935 668 1003 pserit
701 933 1052 1000 sacrificium,
1081 944 1245 1006 atque
1278 937 1405 992 inde
1436 939 1658 1005 agnovit
1681 939 1817 995 Cain
1844 941 1944 995 sibi
1971 958 2038 996 an

2172 937 2362 990 τούτου
2402 936 2494 989 καὶ
2515 938 2543 990 6
2572 937 2711 991 Κάῖν
2731 935 2946 1002 ἐπέγνω
2974 933 3056 986 ὅτι
3084 929 3424 1002 πρωτιμήθη
3467 931 3495 982 6
3553 930 3713 983 "A631.

499 1025 720 1080 telarum
762 1043 884 1082 esse
917 1027 1170 1084 Abelum.
1221 1028 1376 1084 Unde
1427 1032 1572 1084 enim
1611 1031 1746 1086 alias
1791 1033 2046 1088 habuisse

2174 1031 2298 1094 Πῶς
2323 1030 2432 1102 γάρ
2460 1029 2526 1084 ἂν
2575 1029 2781 1093 ἀλλωςς
2821 1027 2912 1081 Διὸ
2965 1025 3152 1087 καίτις
3196 1022 3307 1076 τῶν
3359 1021 3716 1091 μεταθεμένων

495 1120 878 1190 compertum?
913 1119 1050 1175 llinc
1105 1121 1306 1191 aliquis
1355 1136 1545 1177 eorum
1583 1125 1678 1193 qui
1729 1125 1955 1180 Hebra‘a
2014 1127 2046 1180 it

2171 1124 2272 1194 τὴν
2307 1122 2566 1194 Ἐὄραῖδα
2599 1123 2678 1184 είς
2707 1121 2806 1189 τὴν
2845 1116 3070 1172 Ἐλλάδα
3103 1114 3368 1184 γλῶτταν,
3389 1113 3574 1175 οὕτως
3610 1111 3716 1180 ἔθη.

496 1207 744 1263 ϐτωςοιη
789 1209 1027 1279 linguam
1070 1211 1498 1274 transtulerunt,
1530 1213 1611 1267 sic
1651 1212 1845 1268 vertit:
1888 1212 2065 1268 Intui-

496 1309 580 1354 Ius
601 1310 678 1353 est
713 1301 766 1354 in
797 1301 1039 1354 victimas
1063 1301 1215 1355 Abeli
1243 1301 1517 1364 Dominus,
1544 1311 1593 1357 et
1613 1304 1867 1358 intendit.

568 1390 634 1444 Et
652 1409 744 1459 per
782 1392 930 1446 illam
977 1391 1259 1461 defunctus
1308 1394 1479 1448 adhuc
1523 1395 1777 1466 loquitur.
1814 1397 1928 1452 Hoc
1959 1407 2065 1465 est,

493 1499 592 1553 per
630 1486 803 1555 ipsam
831 1486 992 1540 fidem
1024 1485 1203 1540 adhuc
1234 1487 1498 1557 loquitur,
1530 1487 1584 1542 id
1626 1497 1732 1555 est,
1767 1489 1899 1546 ﬁdes
1935 1490 2066 1546 fecit

493 1592 619 1631 eum
651 1577 814 1632 hodie
843 1579 1047 1644 vivere,
1084 1593 1147 1634 ac
1175 1579 1454 1638 doctorem
1479 1582 1739 1638 omnibus
1776 1585 2062 1646 constitui.

497 1671 808 1741 loquentem
843 1672 1269 1742 propemodum:
1307 1674 1598 1730 lmitamini
1633 1691 1737 1741 me,
1783 1677 2062 1743 mortales,

497 1775 560 1816 ac
596 1761 734 1832 justi
764 1761 887 1816 facti
921 1763 1128 1832 placete
1162 1761 1428 1819 Creatori.
1457 1763 1724 1834 Loquitur
1754 1766 1937 1834 Igitur,
1961 1767 2064 1821 hoc

375 1843 386 1852 ’
493 1865 596 1918 est,
619 1869 745 1908 cum
781 1854 1138 1925 gloriﬁcatur,
1171 1870 1292 1909 cum
1313 1857 1662 1926 praedicatur,
1695 1871 1820 1910 cum
1850 1873 2058 1912 memo-

2170 1231 2267 1266 κεν
2288 1229 2302 1244 ’
2343 1213 2707 1268 Ἐπέόλεετεν
2727 1209 2825 1265 ἐπὶ
2861 1209 2969 1276 τὰς
2993 1206 3210 1272 θυσίας
3241 1205 3423 1260 ’Δόελ
3447 1205 3478 1256 ὀ
3507 1204 3715 1270 Κύριος,

2190 1307 2286 1361 καί
2325 1307 2648 1373 ἐνέπρησε.

2240 1397 2348 1452 Καὶ
2377 1397 2452 1450 δι’
2468 1395 2657 1464 αὐτῆς
2683 1394 3004 1450 ἀποθανὼν
3019 1390 3317 1448 ἕτιλαλεῖ.
3342 1387 3614 1449 Τουτέστι,
3639 1388 3718 1440 καὶ

2167 1490 2234 1545 δι’
2266 1491 2433 1560 αὐτῆς
2461 1490 2562 1560 τῆς
2599 1490 2834 1552 πίστεως
2862 1487 2944 1541 ἔτι
2963 1486 3137 1547 λαλεῖ.
3167 1485 3468 1547 τουτέστιν,
3496 1484 3528 1552 ἡ
3559 1481 3717 1542 πίστις

2168 1581 2331 1634 αὐτὸν
2359 1581 2616 1652 ἐποίησεν
2643 1580 2722 1634 ἔτι
2752 1578 2875 1650 ζῇν,
2903 1578 3000 1633 καὶ
3033 1575 3356 1630 διδάσκαλον
3381 1573 3716 1629 καθίστασθαι

2168 1676 2302 1727 πᾶσι
2331 1673 2595 1728 λαλοῦντα
2628 1673 2910 1744 μονονουχί
2940 1688 2952 1701 ·
3009 1668 3344 1740 Μιμήσασθέ
3401 1683 3490 1737 με,
3523 1665 3716 1736 ἀνθρω-

2167 1781 2280 1828 ποι,
2313 1765 2832 1835 κα¹ιεὺαρεστεῐτε,⁶⁷
2854 1763 2933 1834 τῷ
2983 1763 3279 1827 πλάσαντι,
3335 1760 3534 1813 δίκαιοι
3583 1759 3715 1826 γενό-

2171 1874 2344 1926 μενοι.
2372 1857 2540 1912 Λαλετ
2566 1857 2660 1912 οὖν
2677 1897 2693 1921 ,
2717 1857 2994 1920 τουτέστι,
3021 1854 3410 1925 δοξαζόμενος,
3441 1851 3716 1922 φημιζόμε-

489 1948 568 2000 ria
599 1945 719 2016 ejus
767 1946 1122 2007 instauratur.
1160 1946 1437 2018 loquitur:
1475 1949 1698 2018 perinde
1748 1963 1811 2003 ac
1856 1950 2046 2006 malum

2161 1922 2278 2014 νος,
2315 1967 2420 2021 μνη
2429 1951 2790 2020 μονευόμενος
2816 1947 2970 2001 λαλεῖ
2998 1963 3012 1978 ο
3048 1947 3124 2011 ὠς
3152 1922 3248 2000 και
3274 1947 3303 1998 6
3331 1943 3561 2015 οὐρανὸς
3587 1942 3718 1996 λαλεῖ

486 2037 750 2107 loquitur,
800 2053 922 2093 cum
958 2053 987 2092 a
1024 2038 1182 2094 nobis
1225 2039 1572 2094 solummodo
1625 2040 1888 2094 cernitur.
1939 2039 2056 2095 Non

483 2131 629 2184 enim
661 2136 871 2184 tantum
898 2143 1079 2184 sermo
1099 2129 1335 2200 perlicit,
1357 2138 1621 2200 quantum
1645 2131 1792 2187 illius
1809 2131 2050 2187 aﬂlictio.

485 2217 597 2274 Hoc
626 2229 807 2274 autem
851 2219 1007 2282 dixit,
1043 2234 1101 2275 ut
1134 2222 1389 2277 ostendat
1429 2222 1660 2277 infirmis
1707 2222 1851 2292 quod
1873 2222 2057 2292 justus

484 2310 870 2379 quadantcnus
906 2311 1071 2365 etiam
1113 2311 1206 2365 hic
1246 2309 1465 2366 fruatur
1500 2311 1742 2366 honore:
1790 2314 1974 2382 itaque
2003 2322 2057 2368 et

482 2415 582 2456 vos
615 2400 894 2456 l‘ruemini.
931 2400 1202 2456 Nonnulla
1248 2417 1378 2457 vero
1429 2403 1764 2472 exemplaria
1811 2402 2057 2459 λαλεῖται

483 2492 705 2562 habent,
738 2509 846 2550 non
885 2504 1053 2559 recte,
1091 2503 1150 2548 ut
1181 2495 1400 2566 Opinor.

553 2583 720 2638 Vens.
758 2583 812 2640 5.
860 2581 998 2639 Fide
1044 2583 1226 2638 Enoclt
1277 2586 1574 2640 translatus
1606 2595 1707 2652 est,
1749 2603 1812 2642 ne
1860 2586 2054 2643 videret

479 2682 724 2737 mortem,
759 2684 808 2728 et
841 2689 944 2728 non
985 2673 1367 2741 inveniebatur,
1397 2676 1520 2746 quia
1559 2677 1893 2732 transtulerit
1933 2694 2053 2732 eum

477 2766 660 2821 Deus:
700 2777 823 2821 ante
869 2767 1276 2822 translationem
1322 2769 1464 2822 enim
1515 2770 1632 2839 ejus
1696 2771 2052 2825 testimonium

476 2857 662 2912 habuit
721 2858 858 2926 quod
903 2858 1158 2926 placuerit
1214 2858 1346 2913 Deo.
1405 2859 1513 2915 Iste
1567 2860 1830 2931 majorem
1891 2862 2049 2918 ﬁdem

476 2963 641 3018 quam
666 2947 796 3004 Abel
827 2949 1248 3006 demonstravit.
1284 2949 1418 3004 Nam
1457 2966 1579 3022 quia
1606 2950 1776 3008 Abelo
1805 2955 2052 3024 contige-

476 3047 633 3102 runt,
682 3047 978 3110 potuerunt
1037 3040 1140 3110 ipsi
1201 3055 1329 3096 esse
1367 3041 1658 3105 seandalo,
1714 3043 1862 3113 quod
1915 3044 2050 3099 Abel

475 3131 661 3202 justus
682 3146 804 3187 cum
833 3139 1002 3198 esset,
1021 3133 1323 3201 permissus
1355 3133 1426 3188 sit
1450 3133 1625 3188 occidi
1643 3149 1674 3189 a
1693 3133 1883 3190 fratre.
1907 3134 2048 3199 Quid

2157 2042 2435 2112 ὁρώμενος
2467 2042 2648 2112 μόνον.
2679 2041 2756 2095 Οὐ
2788 2039 3043 2094 τοσοῦτον
3074 2039 3184 2109 γὰρ
3212 2039 3371 2107 λόγος
3404 2038 3587 2100 ἀνύει,
3611 2035 3715 2089 ὅσον

2157 2133 2218 2185 τὸ
2243 2132 2453 2186 ἐκείνου
2481 2132 2672 2194 πάθος.
2703 2130 2878 2185 Τοῦτο
2902 2131 2962 2184 δὲ
2988 2127 3163 2194 εἶπεν,
3193 2128 3284 2183 ἵνα
3309 2129 3464 2199 δείξῃ
3495 2128 3600 2189 τοῖς
3625 2126 3715 2178 ὀλιο

2155 2221 2445 2294 γοψύχοις,
2472 2224 2555 2277 ὃτι
2593 2224 2652 2277 ὲν
2683 2221 2840 2294 μέρει
2875 2219 3144 2275 ἀπολαύει
3171 2221 3340 2290 τιμῆς
3375 2219 3473 2271 καὶ
3509 2215 3714 2271 ἐνταῦθα

2157 2313 2186 2366 6
2209 2312 2437 2377 δίκαιος.
2457 2313 2624 2366 Ὥστε
2652 2313 2747 2367 καὶ⁵
2775 2313 2934 2383 ὑμεῖς
2962 2310 3364 2366 ἀπολαύσεσθε.
3391 2307 3530 2362 Τινά
3551 2307 3604 2360 δὲ
3624 2306 3714 2359 τῶν

2155 2405 2529 2477 ἀντιγράφων,
2556 2405 2826 2471 λαλεῐται,
2854 2403 3093 2475 ἔχουσιν,
3119 2405 3181 2458 οὐ
3214 2402 3400 2467 καλῶς
3431 2399 3602 2473 οἶμαι.

2225 2584 2433 2638 Πίστει
2465 2584 2648 2652 Ἑνὼχ
2685 2581 2967 2652 μετετέθη
3004 2581 3110 2636 τοῦ
3145 2579 3232 2651 μὴ
3273 2578 3426 2634 ίδεῒν
3457 2577 3709 2638 θάνατον,

2155 2675 2256 2730 καὶ
2279 2677 2392 2730 οὐκ
2417 2676 2751 2744 εὑρίσκετο,
2777 2675 2927 2730 διότι
2945 2674 3276 2744 μετέθηκεν
3289 2672 3482 2726 αὐτόν
3498 2673 3529 2724 ὀ
3555 2669 3706 2734 Θεός·

2153 2767 2268 2836 πρὸ
2309 2766 2420 2836 γὰρ
2460 2766 2570 2836 τῆς
2611 2765 2989 2836 μεταθέσεως
3031 2765 3252 2827 αὐτοῦ,
3291 2763 3712 2834 μεμαρτύρηται

2151 2857 2624 2926 εὐαρεστηκέναι
2667 2857 2757 2925 τῷ.
2793 2857 2936 2924 Θεῷ.
2977 2852 3146 2920 Οὗτος
3197 2855 3372 2927 μείζω
3418 2856 3593 2907 πίστιν
3630 2851 3708 2906 τοῦ

2156 2949 2324 3004 ’Δόελ
2363 2949 2699 3016 ἐπεδείξατο.
2741 2949 2824 3003 Τά
2859 2949 2988 3020 γὰρ,
3009 2950 3089 3012 είς
3121 2948 3215 3001 τὸν
3239 2948 3412 3001 Ἀϐελ
3449 2947 3708 3014 γενόμενα,

2153 3041 2314 3096 ικανά
2338 3035 2407 3112 ἦν
2435 3041 2598 3095 αὑτὸν
2630 3040 3006 3106 σκανδαλίσαι,
3041 3042 3122 3093 ὅτι
3151 3039 3364 3102 δίκαιος
3395 3038 3472 3091 ὢν
3503 3054 3710 3105 συνεχωο

2161 3131 2302 3204 ρήθη
2342 3131 2615 3202 σφαγῆναι
2651 3131 2757 3184 ὑπὸ
2787 3129 2882 3184 τοῦ
2910 3129 3166 3200 ἀδελφοῦ.
3201 3130 3268 3183 Τί
3301 3129 3416 3201 γὰρ
3454 3130 3502 3182 εί
3539 3130 3711 3196 ἐτιμω-

475 3225 624 3279 enim
668 3223 894 3294 prodest
924 3224 1174 3294 punitum
1207 3238 1331 3281 esse
1356 3224 1705 3280 occisorem‘l
1741 3224 1882 3292 Quid
1922 3226 2046 3283 inde

2158 3221 2296 3294 ρήθη
2335 3224 2363 3276 ὁ
2397 3221 2670 3291 σφαγεύς;
2711 3224 2795 3288 τίς
2831 3222 3074 3294 ὠφέλεια
3113 3222 3309 3292 ἐκείνῳ
3349 3219 3593 3274 ἐκποδῶν
3625 3217 3706 3288 ήδη

476 3315 752 3371 commodi
784 3316 970 3372 retulit
993 3315 1148 3383 Abel,
1167 3331 1291 3372 cum
1314 3316 1424 3388 jam
1453 3326 1612 3374 antea
1641 3333 1672 3375 e
1699 3318 1881 3375 medio
1900 3329 2046 3376 esset

2158 3315 2402 3384 γεγονότι
2424 3314 2504 3382 ⁸⁸;
2533 3315 2792 3386 Μεγάλην
2817 3312 2910 3368 οὖν
2937 3315 3118 3369 πίστιν
3143 3313 3485 3380 ἐπεδείξατο,
3511 3312 3708 3364 πιστεύο

475 3409 786 3466 sublatus?
851 3407 1100 3480 Magnam
1157 3410 1342 3481 itaque
1414 3408 1573 3465 Iidem
1644 3410 2046 3468 demonstravit

2158 3425 2251 3471 σας
2276 3408 2359 3462 ὅτι
2390 3408 2507 3462 ἐστὶ
2541 3408 2946 3479 μισθαποδότης
2973 3410 3001 3461 6
3026 3408 3160 3470 Θεὸς
3187 3409 3246 3460 έν
3273 3405 3355 3476 τῷ
3387 3405 3643 3476 μέλλοντι,
3669 3402 3706 3452 εἰ

474 3502 684 3569 ΕιιοοΙι,
714 3503 946 3558 credens
981 3501 1146 3558 Deum
1205 3501 1589 3558 retributorem
1624 3500 1743 3558 fore
1771 3503 1825 3558 in
1857 3502 2046 3560 futuro

472 3593 691 3656 saeculo,
722 3593 847 3647 licet
887 3608 996 3648 non
1032 3591 1086 3646 in
1135 3591 1411 3662 praesenti,
1467 3606 1671 3662 perque
1713 3607 1834 3647 eam
1881 3594 2041 3648 tidem

471 3684 674 3754 placuit
706 3683 836 3749 Deo,
877 3697 941 3738 ac
995 3682 1357 3752 beueplaceus
1412 3683 1712 3739 translatus
1766 3694 1872 3740 est.
1912 3684 2044 3738 Fide

471 3776 638 3845 igitur
682 3774 981 3830 translatus
1013 3785 1132 3830 est:
1179 3776 1282 3832 hoc
1307 3785 1415 3838 est,
1448 3776 1581 3831 ﬁdes
1623 3776 1677 3830 in
1713 3790 1881 3832 causa
1943 3776 2045 3831 fuit

468 3881 570 3922 cur
611 3867 664 3920 in
710 3866 909 3920 coelum
957 3865 1366 3930 transferretur,
1418 3881 1516 3937 per
1559 3883 1723 3938 quam
1769 3869 2045 3938 placuerat

468 3957 600 4011 Deo.
640 3957 1030 4012 Animadverte
1062 3965 1244 4012 autem
1277 3959 1556 4028 quomodo
1587 3959 1732 4015 Dens
1771 3974 1872 4030 per
1903 3959 2044 4016 Abe-

473 4051 584 4102 lllﬂl
619 4049 812 4105 mortis
857 4049 1184 4104 sententiam
1219 4064 1399 4106 veram
1445 4065 1566 4106 esse
1610 4051 2037 4108 demonstravit:

475 4155 667 4195 rursus
713 4155 810 4211 per
859 4140 1045 4195 Enoch
1094 4142 1423 4196 sententiam
1478 4142 1626 4196 illam
1656 4144 2039 4212 temporariam

467 4245 592 4286 esse
623 4230 886 4300 ostendit,
918 4239 1083 4302 atque
1120 4233 1468 4288 abolendam.
1500 4231 1738 4289 Proinde
1771 4235 1915 4305 quod
1955 4236 2040 4290 vi-

2154 3501 2249 3555 καὶ
2278 3501 2354 3571 μὴ
2378 3499 2474 3554 νῦν
2491 3502 2535 3533 δ’
2557 3517 2572 3532 ·
2600 3501 2694 3554 καὶ
2719 3501 2787 3554 δι’
2803 3501 2976 3572 αὐτῆς
3005 3499 3344 3572 εὐηρέστησε
3371 3500 3451 3571 τῷ
3476 3497 3609 3568 Θεῷ,
3632 3495 3708 3548 καὶ

2147 3592 2519 3662 εὐαρεστήσας
2551 3591 2836 3662 μετετέθη.
2867 3593 3056 3646 Πίστει
3083 3589 3180 3645 οὖν
3208 3593 3515 3662 μετετέθη,
3571 3604 3706 3641 τουτ-

2149 3682 2322 3748 ἐστιν,
2351 3685 2385 3755 ἡ
2419 3683 2603 3746 πίστις
2631 3684 2795 3736 αὐτὸν
2826 3683 3121 3754 μετέθηκε,
3151 3683 3218 3736 δι’
3242 3680 3309 3757 ἦς
3341 3683 3706 3754 εὐηρέστῃσεν.

2151 3777 2295 3848 Ὀρᾳ
2326 3776 2386 3830 δὲ
2423 3776 2540 3839 πῶς
2575 3775 2666 3829 διὰ
2703 3776 2804 3847 μιν
2836 3775 2934 3829 τοῦ
2957 3775 3124 3830 Ἀὃελ
3163 3776 3370 3842 ἔδειξεν
3406 3777 3435 3828 6
3471 3775 3594 3836 Θεὸς
3625 3770 3707 3839 τὴν

2150 3867 2424 3936 ἀπόφασιν
2447 3866 2547 3938 τὴν
2577 3867 2707 3939 περὶ
2736 3867 2831 3922 τοῦ
2870 3866 3103 3924 θανάτου
3124 3908 3140 3933 ,
3171 3867 3348 3939 ἀληθῆ
3377 3883 3392 3898 ·
3428 3865 3518 3922 διὰ
3550 3863 3602 3917 δὲ
3629 3859 3705 3914 τοῦ

2163 3959 2334 4032 Ἑνὼχ
2377 3960 2540 4015 πάλιν
2580 3959 2802 4026 ἔδειξεν,
2846 3961 2930 4014 ὅτι
2971 3961 3308 4032 πρόσκαιρος
3350 3961 3386 4029 ἡ
3433 3959 3705 4026 ἀπόφασις.

2148 4057 2243 4109 καὶ
2281 4057 2724 4129 ἀναιρεθήσεται.
2747 4059 2872 4112 Ὀτι
2911 4059 3011 4128 μὲν
3039 4055 3133 4114 οὖν
3162 4058 3272 4124 ζῶν
3305 4057 3604 4128 μετετέθη.
3631 4052 3706 4106 καὶ

2145 4150 2228 4203 ὅτι
2257 4148 2336 4204 έτι
2365 4150 2454 4221 ζῇ,
2487 4149 2646 4221 τσμεν
2666 4165 2680 4180 ·
2712 4151 2814 4205 ποῦ
2840 4152 2918 4218 δὲ,
2947 4153 2980 4224 i‘,
3010 4153 3158 4220 πῶςς
3181 4153 3441 4224 Ἄδηλον,
3469 4149 3565 4220 τῆς
3589 4148 3707 4216 Γρα-

2150 4241 2257 4310 φῆς
2291 4240 2366 4312 μὴ
2395 4241 2678 4312 εἰπούσης.

464 4338 604 4378 νοιιε
631 4323 926 4380 translatus
956 4325 1049 4389 sit,
1081 4332 1135 4378 et
1167 4324 1314 4395 quod
1350 4324 1515 4389 vivat.
1547 4327 1790 4383 scimus:
1817 4327 1909 4383 ubi
1937 4339 2148 4397 autem,
2178 4339 2273 4386 aut
2319 4334 2616 4403 quomodo,
2652 4335 2921 4390 incertum
2952 4343 3060 4402 est,
3110 4335 3402 4406 Scriptura
3437 4348 3545 4389 non
3576 4339 3707 4402 pales

463 4419 720 4477 faciente.

539 4513 702 4570 Vens.
740 4513 794 4569 6.
827 4513 954 4570 Sine
981 4514 1085 4584 ﬁde
1127 4525 1303 4571 autem
1337 4517 1662 4584 impossibile
1690 4527 1767 4572 est
1798 4519 2028 4588 placere.

2207 4518 2396 4586 Χωρις
2434 4519 2504 4573 δὲ
2545 4521 2806 4586 πίστεως
2841 4521 3148 4578 ἀδύνατον
3183 4519 3614 4590 εὐαρεστῆσαι.
3651 4514 3700 4567 Εἰ

462 4604 578 4659 Nisi
601 4606 749 4660 enim
775 4605 1070 4660 crediderit
1094 4607 1364 4676 quispiam
1393 4607 1895 4676 compensationem
1917 4621 2040 4662 esse

461 4697 732 4751 bonorum
752 4704 806 4751 et
833 4696 1126 4761 malorum,
1157 4713 1264 4752 non
1296 4697 1673 4768 beneplacebit
1713 4698 1845 4754 Deo.
1887 4696 2036 4764 Quo-

468 4786 635 4841 modo
683 4788 828 4841 enim
863 4787 1196 4844 laboriosum
1228 4790 1451 4844 virtutis
1505 4790 1610 4845 iter
1672 4790 2036 4861 ingrediatur,

463 4891 574 4929 non
600 4890 897 4946 persuasus
929 4876 982 4930 in
1014 4877 1199 4933 futuro
1237 4880 1439 4935 saeculo
1460 4881 1794 4950 multiplices
1825 4896 1888 4936 ac
1921 4891 2037 4936 sta-

462 4966 605 5022 biles
639 4982 760 5023 csse
785 4968 1220 5026 retributiones?
1247 4970 1388 5026 Audi
1415 4987 1579 5042 porro
1613 4973 1922 5042 sequentia.

535 5056 762 5114 Credere
800 5059 940 5113 enim
962 5069 1163 5128 oportet
1192 5061 1522 5116 accedentem
1550 5064 1618 5115 ad
1651 5063 1838 5127 Deum,
1872 5065 2033 5136 733

457 5147 596 5218 quod
621 5149 712 5213 sit,
758 5161 806 5204 et
849 5151 988 5220 quod
1027 5151 1412 5221 inquirentibus
1440 5169 1495 5207 se
1529 5165 1892 5209 remuneratur
1939 5168 2029 5210 sit.

459 5238 616 5302 Quod
650 5238 791 5294 Deus
825 5249 931 5306 est,
954 5248 1008 5296 et
1039 5242 1182 5311 quod
1209 5251 1590 5297 remuneratur
1612 5254 1712 5304 est,
1754 5261 1848 5315 per
1876 5248 2031 5300 lidt-m

463 5338 712 5382 tenemus
737 5346 750 5380 :
775 5329 997 5396 quidam
1023 5329 1168 5383 enim
1193 5344 1221 5380 a
1246 5344 1379 5383 casn
1421 5344 1540 5385 esse
1563 5345 1755 5385 omnes
1789 5348 1873 5386 res
1903 5348 2035 5388 cen-

461 5429 581 5473 sent
615 5419 786 5488 :quid
842 5434 970 5474 κει-ο
1015 5422 1086 5474 sit
1126 5419 1270 5474 Deus
1304 5422 1610 5474 secundum
1647 5423 2030 5488 substantiam,

460 5511 1019 5581 incomprehensibile
1056 5528 1286 5582 prorsus
1324 5512 1466 5580 apud
1486 5513 1887 5568 moderatiores
1930 5517 2030 5569 lia-

463 5603 716 5659 bebatur.
747 5605 888 5671 Quid
939 5620 1070 5660 vero
1115 5615 1222 5670 cst,
1255 5604 1638 5674 inquirentibus
1691 5604 2033 5674 ipsum?boc

2139 4611 2248 4682 γὰρ
2283 4611 2358 4683 μὴ
2391 4613 2659 4685 πιδτεύσῃ
2685 4632 2770 4678 τις
2805 4615 3074 4669 ἀντίδοσιν
3103 4610 3246 4669 εἶναι
3275 4614 3464 4668 καλῶν
3495 4611 3588 4666 καὶ
3616 4625 3702 4662 κα·

2139 4704 2282 4766 κῶν,
2311 4706 2410 4758 οὐκ
2435 4705 2511 4771 ⁴ἂν
2541 4707 2908 4781 εὐαρεστὴσῃ.
2941 4707 3063 4772 Πῶς
3094 4709 3204 4779 γάρ
3238 4708 3303 4762 ἂν
3332 4709 3437 4778 τὴν
3468 4707 3702 4759 ἐπίπονον

2138 4797 2234 4864 τῆς
2276 4796 2476 4865 ἀρετῆς
2516 4796 2634 4849 ὁδὸν
2676 4796 2905 4870 βαδίσῃ,
2951 4798 3026 4869 μὴ
3068 4798 3317 4861 πεισθεὶς
3357 4794 3503 4850 εἶναι
3547 4796 3600 4846 ἐν
3638 4787 3700 4858 τῷ

2143 4887 2393 4956 μέλλοντι
2431 4887 2844 4952 πολλαπλασίας
2877 4892 2972 4944 καὶ
3013 4889 3399 4961 μονιμωτέρας
3436 4889 3532 4950 τὰς
3567 4887 3701 4953 apat-

2140 4977 2276 5045 6ἀς;
2304 4978 2502 5031 Ἀκουε
2531 4979 2588 5032 δὲ
2620 4981 2714 5034 καὶ
2740 4980 2850 5034 τῶν
2878 4981 3024 5052 ἑξῆς.

2212 5071 2433 5124 Πιστεῦ
2442 5086 2548 5124 σαι
2575 5072 2684 5141 γὰρ
2713 5072 2808 5126 δεῖ
2828 5073 2934 5126 τὸν
2955 5073 3452 5144 προσερχόμενον
3471 5071 3549 5138 τῷ
3577 5066 3699 5132 Θεῷ,

2141 5164 2231 5218 ὅτι
2259 5164 2422 5229 ἐστι,
2455 5167 2555 5220 καὶ
2608 5166 2732 5234 τοῖς
2759 5167 3114 5236 ἐκζητοῦσιν
3137 5171 3328 5224 αὑτὸν
3346 5163 3676 5239 μισθαποδό
3691 5191 3700 5199 ι

2142 5271 2249 5322 της
2280 5257 2522 5326 γίνεται.
2556 5258 2630 5311 Τὸ
2664 5260 2782 5329 μὲν,
2811 5261 2893 5312 ὅτι
2925 5261 3038 5314 ἔστι
3069 5261 3224 5326 Θεὸς,
3258 5265 3352 5315 καὶ
3387 5255 3696 5332 μισθαποδό-

2138 5363 2238 5416 της
2276 5346 2510 5414 γίνεται,
2547 5349 2635 5402 διὰ
2676 5349 2913 5414 πίστεως
2952 5351 3183 5422 ἔχομεν’
3221 5353 3366 5416 τινὲς
3406 5354 3515 5422 γὰρ
3555 5346 3696 5403 a616-

2142 5437 2289 5502 ματά
2315 5453 2478 5504 φασιν
2505 5435 2644 5492 εἶναι
2670 5439 2740 5492 τά
2766 5440 2916 5505 ὄντα,
2943 5443 3004 5494 τὸ
3033 5443 3114 5507 δὲ,
3139 5443 3192 5495 τί
3221 5445 3336 5496 ἐστι
3369 5441 3492 5496 κατ’
3507 5437 3693 5499 οὐσίαν,

2139 5527 2551 5599 ἀνεπιχείρητον
2582 5531 2720 5594 ὅλως
2746 5534 2858 5596 τοῖς
2892 5549 2957 5600 γε
2991 5534 3348 5603 σωφρονοῦσι.
3379 5535 3446 5587 Τί
3475 5533 3532 5587 δέ
3564 5533 3692 5588 ἐστιν

2141 5615 2263 5682 τοῖς
2287 5617 2638 5689 ἐκζητοῦσιν
2661 5623 2879 5688 αὐτόν;
2905 5625 3186 5692 τουτέστι,
3218 5628 3327 5689 τοῖς
3355 5625 3446 5680 διὰ
3476 5623 3589 5696 βίου
3616 5617 3690 5672 εὖ·

1812 5789 2018 5850 Varite
2057 5789 2391 5856 lectiones.

527 5887 572 5918 ⁸⁷
597 5887 908 5958 ἐυαρεστείν
943 5905 995 5943 υ.
1074 5886 1118 5917 ³⁸
1155 5885 1430 5957 γενομένῳ
1461 5901 1508 5941 o.
1591 5887 1633 5920 ³⁵
1664 5886 1816 5942 αἰῶνι
1847 5890 1977 5960 ἡμῖν
2005 5905 2056 5946 ο.
