3918 6554
271 462 384 525 345

973 467 1378 529 EXPOSITIO
1418 471 1496 530 IN
1532 473 1774 533 EPIST.
1810 473 1866 530 AZ

1984 475 2330 536 lEBR.’EOS.
2357 502 2426 512 -
2444 475 2608 536 CAP.
2643 476 2744 535 XI.

3421 472 3527 536 346

275 583 534 648 αρεστεῖν
563 581 713 651 αὐτῷ
747 581 1094 650 σπεύδουσιν,
1126 587 1246 656 ούχὶ
1273 590 1386 651 τοῖς
1421 589 1857 660 περιεργαζομὲο

1984 601 2069 656 εει,
2104 593 2157 645 in
2207 593 2314 648 vita
2359 594 2572 662 placere
2617 587 2986 650 studentibus,
3018 601 3124 641 non
3157 593 3383 641 externa
3438 601 3528 639 sa-

273 690 392 731 νοις
417 672 504 725 διὰ
526 673 624 742 τῆς
651 673 756 738 ἔξω
781 675 992 742 σοφίας.
1010 675 1154 747 Ὀρα
1178 679 1232 731 δὲ
1263 681 1454 747 σοφίαν
1479 681 1714 745 Παύλου,
1739 681 1857 744 πῶς

278 763 312 813 ὑ
327 762 606 832 ποσπείρει
637 766 914 836 πανταχοῦ
937 767 1019 831 τὸ,
1051 769 1471 840 μισθαποδότης,
1493 771 1582 825 διὰ
1605 771 1730 836 τοὺς
1755 771 1858 824 ὀλι-

275 854 652 923 γοψυχοῦντας
685 856 966 927 Ἑϐραίους
995 862 1245 923 πιστούς.

355 950 562 1002 Πίστει
612 950 1038 1017 χρηματισθεὶς
1076 950 1204 1006 Νῶε
1245 952 1377 1020 περὶ
1430 950 1548 1006 τῶν
1598 951 1848 1022 μηδέπω

272 1041 698 1109 βλεπομένων,
754 1043 1108 1109 εὐλαϐηθείς
1145 1046 1561 1099 κατεσκεύασε
1607 1043 1858 1098 κιϐωτὸν

279 1133 374 1194 εἰς
404 1132 709 1196 σωτηρίαν
767 1131 876 1184 τοῦ
917 1132 1090 1185 οίκου
1138 1133 1346 1187 αὑτοῦ.
1384 1133 1444 1187 '0
1482 1134 1625 1197 Νῶε,
1668 1133 1854 1202 φησὶν,

281 1220 666 1291 ἐχρηματίσθη
706 1221 855 1290 παρά
888 1221 982 1274 τοῦ
1032 1222 1190 1289 Θεοῦ,
1251 1227 1550 1287 τουτέστιν,
1605 1223 1854 1294 ἐδιδάχθη

280 1310 418 1380 περὶ
450 1311 660 1378 ἀδήλων
678 1314 1040 1382 πραγμάτων,
1075 1314 1169 1366 καὶ
1201 1313 1303 1367 οὐκ
1329 1313 1652 1384 ἠπίστησεν.
1694 1313 1856 1368 Ἀλλά

279 1401 465 1456 καίτοι
495 1403 712 1474 αἰθρίας
753 1402 940 1471 οὔσης,
970 1406 1064 1458 καὶ
1115 1405 1334 1459 πάντων
1369 1408 1725 1476 τρυφώντων,
1758 1406 1856 1459 καὶ

288 1496 464 1566 μηδὲν
498 1496 666 1549 δεινὸν
695 1496 1117 1567 προσδοκώντων
1150 1515 1166 1530 ·
1190 1498 1310 1552 οὐδὲ
1343 1499 1454 1570 γὰρ
1492 1500 1674 1571 ώρᾶτο
1703 1497 1856 1552 οὐδὲν

283 1584 553 1637 τοιοῦτον·
583 1586 733 1654 ὅμως
765 1585 928 1648 αύτὸς
963 1586 1264 1651 πιστεύσας
1284 1587 1360 1658 τῷ
1383 1587 1522 1659 Θεῷ,
1567 1586 1853 1657 ηὐλαϐήθη

278 1677 379 1729 τὸν
407 1676 809 1746 κατακλυσμὸν,
856 1676 951 1730 καὶ
998 1677 1370 1732 κατεσκεύασε
1404 1679 1657 1744 κιϐωτὸν,
1685 1678 1753 1732 δι’
1786 1672 1854 1749 ἦς

283 1769 532 1821 σέσωκεν
555 1770 620 1822 ὲκ
642 1768 737 1822 τοῦ
767 1769 1157 1840 κατακλυσμοῦ
1191 1773 1397 1835 πάντας
1419 1772 1545 1834 τοὺς
1575 1771 1671 1824 τοῦ
1702 1773 1852 1824 οίκου

279 1860 477 1913 αὑτοῦ.
514 1861 826 1930 Σημείωσαι
854 1864 936 1928 δὲ,
965 1864 1046 1918 ὅτι
1081 1864 1410 1935 χρηματίζει
1447 1865 1598 1929 Θεὸς,
1631 1881 1853 1935 χρημα-

1962 685 2146 755 pentia
2185 685 2443 739 curiosis.
2494 683 2796 737 Considera
2834 680 2987 734 Pauli
3026 679 3371 749 sapientiam,
3395 693 3532 747 quo-

1962 775 2126 830 modo
2178 780 2516 829 subtcrserat
2563 774 2802 841 undique
2835 773 3002 825 Deum
3037 785 3164 826 esse
3223 769 3526 824 retributo-

1961 882 2100 928 rem,
2134 867 2204 919 ob
2243 867 2558 921 vacillantes
2587 867 2769 919 lidelcs
2793 863 3072 918 Hebraeos.

2038 954 2196 1011 Vsus.
2225 955 2277 1012 7.
2331 956 2456 1009 Fide
2492 955 2619 1013 Noe.
2651 971 2896 1015 responso
2940 960 3173 1021 accepto,
3206 951 3270 1004 de
3310 951 3377 1003 iis
3411 964 3528 1018 qum

1959 1047 2194 1103 nondum
2224 1046 2554 1108 videbantur.
2591 1056 2820 1099 metuens
2855 1045 3052 1112 aptavit
3079 1059 3260 1096 arcam
3292 1043 3344 1095 in
3376 1042 3524 1094 salu-

1962 1149 2062 1194 tem
2105 1139 2293 1194 domus
2321 1155 2450 1193 sum.
2487 1137 2616 1203 Nue,
2644 1137 2842 1206 inquit,
2872 1152 2900 1190 a
2941 1135 3050 1189 Deo
3093 1146 3410 1201 responsum
3437 1144 3528 1182 ac—

1961 1234 2128 1303 cepit,
2176 1233 2280 1288 hoc
2309 1240 2413 1298 est,
2467 1230 2696 1285 edoctus
2741 1238 2825 1284 est
2875 1227 2943 1281 de
2981 1227 3144 1280 rebus
3172 1222 3448 1288 obscuris,
3478 1227 3532 1276 et

1962 1341 2069 1380 non
2106 1324 2204 1378 luit
2231 1321 2571 1378 incredulus.
2609 1321 2714 1375 Sed
2758 1318 2861 1373 etsi
2909 1331 3004 1373 aer
3048 1330 3276 1370 serenus
3309 1322 3451 1374 erat,
3479 1320 3534 1365 et

1961 1431 2152 1471 omnes
2188 1413 2552 1483 voluptatibus
2583 1427 2647 1466 ac
2681 1409 2891 1464 deliciis
2939 1407 3302 1475 indulgerent,
3357 1417 3533 1471 neque

1961 1507 2257 1576 quidquam
2282 1503 2512 1574 periculi
2540 1505 2943 1571 exspectarent,
2979 1510 3156 1564 neque
3198 1494 3341 1548 enim
3367 1493 3532 1544 ullum

1961 1599 2070 1652 tale
2117 1595 2466 1656 cernebatur,
2503 1601 2742 1646 attatncn
2766 1589 2855 1643 ille
2901 1586 3133 1641 credens
3169 1582 3301 1643 Deo,
3344 1581 3536 1635 metuit

1961 1690 2256 1750 diluvium,
2311 1684 2731 1752 construxitque
2782 1695 2991 1745 arcam,
3028 1692 3138 1746 qua
3193 1675 3538 1731 conservavit

1961 1796 2154 1837 omnes
2205 1778 2298 1849 qui
2343 1793 2409 1831 ex
2468 1792 2566 1830 sua
2599 1775 2762 1828 domo
2819 1779 2997 1826 erant.
3023 1767 3264 1823 Observa
3332 1775 3536 1827 autem,

1960 1873 2106 1944 quod
2139 1871 2419 1928 oraculum
2451 1868 2561 1924 edit
2587 1866 2749 1932 Deus,
2784 1871 2840 1919 et
2883 1861 3167 1916 oraculum
3213 1859 3327 1913 edit
3359 1856 3536 1927 Spiri-

279 1949 431 2013 τίζει
462 1951 556 2004 καὶ
586 1951 645 2003 τὸ
693 1951 944 2022 Πνεῦμα·
996 1952 1144 2006 κατὰ
1197 1951 1258 2005 τὸ
1290 1952 1680 2023 γεγραμμένον
1725 1950 1851 2020 περὶ

1984 1984 2047 2022 us
2087 1974 2343 2027 sanctus;
2389 1960 2613 2032 perinde
2633 1973 2697 2012 ac
2719 1955 2980 2022 scriptum
3005 1960 3088 2008 est
3115 1951 3182 2004 de
3231 1950 3492 2004 Simeone
3521 1963 3537 2001 :

281 2041 384 2095 τοῦ
441 2042 652 2112 Σιμεών
676 2059 690 2074 ο
726 2039 838 2098 Ἦν
872 2043 1034 2109 αὐτῷ
1087 2043 1688 2114 κεχρησματισμένον
1736 2041 1855 2096 ὑπὸ

279 2135 395 2190 τοῦ
427 2135 771 2204 Πνεύματος
793 2136 898 2191 τοῦ
923 2136 1116 2205 ἁγίου.
1149 2136 1281 2198 Θεὸς
1311 2135 1418 2207 ἄρα
1448 2138 1508 2188 τὸ
1541 2134 1783 2202 Πνεῦμα.

357 2226 440 2280 Δι’
463 2222 540 2297 ἦς
562 2228 869 2295 κατέκρινε
901 2228 1009 2282 τὸν
1035 2231 1290 2298 κόσμον.
1307 2230 1617 2289 Τουτέστιν,
1653 2229 1855 2293 ἔδειξεν

284 2317 491 2380 αὐτοὺς
523 2317 706 2382 ἀξίους
734 2319 1031 2387 κολάσεως,
1075 2320 1192 2389 οἵγε
1222 2320 1344 2374 οὐδὲ
1378 2318 1861 2388 κατασκευαζομέ-

286 2427 391 2480 νην
452 2412 510 2463 ὲν
573 2410 814 2482 τοσούτῳ
844 2411 1023 2483 χρόνῳ
1057 2411 1158 2482 τὴν
1214 2413 1446 2466 κιϐωτὸν
1505 2412 1738 2482 δρῶντες
1781 2413 1860 2474 είς

289 2503 648 2575 συναίσθησιν
697 2499 881 2572 ἦλθον,
929 2503 964 2574 ἢ
1023 2503 1349 2556 ἐπίστευσαν
1383 2503 1465 2557 ὅτι
1495 2503 1649 2557 ἔσται
1695 2520 1862 2556 κατα-

288 2593 558 2664 κλυσμός.

363 2686 472 2742 Καὶ
504 2686 615 2755 τῆς
639 2687 788 2742 κατὰ
814 2687 1023 2742 πίστιν
1041 2686 1428 2753 δικαιοσυνης
1453 2684 1691 2756 ἐγένετο
1724 2689 1864 2752 κλη-

281 2779 573 2848 ρονόμος.
599 2777 914 2842 Τουτέστιν,
947 2777 1208 2848 ἐκέρδησε
1240 2777 1322 2841 τὸ,
1369 2777 1580 2842 δίκαιος
1629 2779 1880 2848 φανῆναι

293 2869 448 2940 παρά
477 2870 618 2940 Θεῷ.
668 2870 805 2943 ὅπερ
840 2871 901 2924 τὸ
925 2871 1027 2941 τῆς
1059 2869 1427 2941 δικαιοσύνης,
1472 2871 1658 2939 φησὶν,
1694 2870 1864 2940 ὄνομα

291 2962 446 3031 αύτῷ
473 2965 505 3035 ἡ
531 2963 712 3028 πίστις
731 2964 1022 3035 ἐχαρίσατο
1040 2963 1108 3016 ⁵ο.

367 3055 576 3110 Πίστει
622 3057 993 3126 καλούμενος
1039 3054 1330 3124 Ἀϐραὰμ,
1382 3053 1741 3120 ὑπήκουσεν
1770 3053 1868 3118 ἐξ·

291 3147 498 3202 ελθεῗν
529 3150 616 3214 εὶς
649 3148 755 3203 τὸν
803 3149 992 3203 τόπον
1024 3147 1096 3202 ὃν
1124 3149 1342 3217 ἔμελλε
1392 3145 1723 3216 λαμϐάνειν
1779 3148 1868 3212 είς

294 3242 728 3311 κληρονομίαν.
749 3241 967 3312 Ἐπειδὴ
992 3242 1127 3313 πρὸς
1144 3241 1336 3295 τοῦτον
1363 3240 1459 3294 καὶ
1491 3241 1617 3304 τοὺς
1643 3241 1867 3304 λοιποὺς

297 3332 646 3403 πατριάρχας
679 3333 988 3387 ἀπέϐλεπον
1039 3336 1087 3387 οἱ
1139 3333 1199 3400 ἐξ
1244 3332 1514 3403 Ἐϐραίων
1542 3335 1744 3398 πιστοὶ,
1796 3333 1871 3397 ὡς

301 3425 518 3494 μυρίων
572 3425 984 3490 ἀπολαύσαντας
1027 3425 1269 3494 ἀγαθῶν,
1322 3426 1508 3497 μέλλει
1559 3426 1731 3490 δεῖξαι
1791 3427 1873 3479 ὅτι

297 3516 478 3578 οὐδεὶς
504 3517 713 3571 οὐδέπω
732 3517 884 3572 οὐδὲν
906 3518 1223 3589 ἐκομίσατο.
1258 3520 1430 3589 Φησὶν
1455 3512 1550 3571 οῦν
1579 3519 1662 3572 ὅτι
1693 3517 1874 3570 πίστει

300 3610 622 3680 ὑπήκουσεν
666 3611 943 3682 Ἁϐραάμ,
977 3612 1333 3683 κελευόμενος
1383 3611 1606 3680 ἀφεῖναι
1634 3609 1732 3681 τὴν
1767 3627 1878 3662 πα-

297 3703 486 3772 τρίδα.
509 3703 642 3758 Τίνα
671 3703 783 3772 γὰρ
811 3703 974 3769 εῐδεν,
1010 3703 1097 3757 ἵνα
1128 3702 1386 3774 ζηλώσῃς
1427 3700 1488 3756 '0
1517 3701 1704 3773 Πατὴρ
1725 3699 1874 3771 αὐτῷ

299 3790 701 3863 εἰδωλολάτρης
750 3789 842 3864 ἦν,
905 3793 1204 3866 προφητῶν
1254 3794 1354 3847 οὐκ
1417 3791 1677 3863 ἤκουσεν.
1710 3793 1874 3845 Ὥστε

301 3883 546 3947 πίστεως
590 3881 657 3956 ἦν
689 3886 750 3939 τὸ
784 3885 1093 3940 ὑπακοῦσαι
1147 3886 1225 3949 ώς
1281 3885 1601 3955 ἀληθεύοντι
1638 3884 1719 3956 τῷ
1759 3883 1878 3956 Θεῷ

303 3975 439 4045 περὶ
466 3969 541 4028 ὦν
569 3975 906 4045 ὑπισχνεῖτο,
943 3978 1039 4030 καὶ
1066 3977 1285 4046 ἀφεῖναι
1311 3979 1380 4031 τά
1414 3979 1471 4031 ὲν
1499 3976 1677 4049 χερσί.

379 4064 735 4132 Καίέξῆλθε
755 4065 842 4135 μὴ
864 4065 1266 4135 ἐπιστάμενος
1289 4067 1408 4122 ποῦ
1431 4069 1684 4137 ἔρχεται.
1736 4066 1879 4120 Καί-

299 4171 457 4223 τοιγε
480 4157 575 4210 καὶ
601 4157 650 4209 εί
673 4157 813 4227 ᾔδει,
845 4159 930 4221 τίς
957 4156 1268 4228 ἠνάγκαζεν
1289 4159 1450 4212 αὑτὸν
1477 4159 1880 4228 καταλείψαντα

301 4249 374 4301 τὰ
399 4245 596 4318 ἕτοιμα
622 4247 835 4302 διώκειν
867 4249 936 4302 τὰ
973 4249 1347 4319 ἀνέτοιμαςὈ
1375 4251 1431 4304 δὲ
1463 4252 1583 4304 οὐδὲ
1615 4252 1754 4324 ᾔδει,
1796 4251 1880 4316 τίς

304 4339 456 4393 ἔστιν
492 4341 525 4408 ἡ
549 4340 621 4411 γῆ
651 4340 788 4405 ὅλως
821 4340 1004 4414 ἐκείνη
1027 4344 1106 4406 εἰς
1143 4342 1209 4414 ἣν
1237 4344 1505 4398 καλεῖται.

377 4514 589 4569 Πίστει
629 4515 988 4584 παρῴκησεν
1024 4521 1112 4585 εἰς
1159 4519 1275 4588 τὴν
1313 4519 1430 4590 γῆν
1470 4519 1578 4589 τῆς
1628 4520 1881 4591 ἐπαγγε-

1958 2053 2279 2123 Responsum
2313 2055 2578 2115 acceperat
2619 2061 2650 2098 a
2682 2041 2883 2112 Spiritu
2921 2049 3107 2094 sancto
3142 2037 3207 2093 “.
3269 2035 3411 2090 Dens
3435 2034 3535 2105 igi-

1959 2152 2046 2199 tur
2072 2154 2156 2199 est
2185 2142 2303 2212 ipse
2333 2139 2596 2208 Spiritus.

2034 2239 2135 2292 Per
2152 2252 2310 2308 quant
2331 2229 2603 2285 damnat-it
2655 2225 2930 2280 mundum.
2973 2220 3087 2276 lloc
3117 2227 3219 2279 eSI,
3259 2231 3538 2273 common.

1961 2331 2155 2388 stravit
2181 2343 2276 2384 eos
2299 2322 2570 2395 supplicio
2591 2319 2804 2389 dignos.
2838 2325 3024 2384 utpote
3047 2310 3138 2380 qui
3166 2324 3348 2363 arcam
3389 2315 3540 2360 tanto

1962 2421 2222 2490 temporis
2255 2416 2430 2485 spatio
2483 2410 2802 2465 fabricatam
2834 2406 3098 2464 videntes,
3133 2413 3307 2466 neque
3349 2397 3429 2451 sic
3461 2405 3542 2447 ta-

1962 2488 2088 2566 men
2117 2511 2182 2565 ad
2212 2503 2664 2564 consentiendum
2691 2498 3125 2557 adducebantur,
3152 2500 3248 2546 aut
3277 2488 3540 2544 diluvium

1965 2602 2206 2657 futurum
2239 2596 2564 2654 credebant.

2039 2692 2376 2763 chustitiaz,
2407 2701 2524 2756 qua:
2559 2693 2636 2738 est
2681 2697 2771 2749 per
2796 2679 2978 2748 ﬁdem,
3017 2675 3182 2728 Ιιωτεδ
3210 2680 3286 2727 εει
3311 2671 3532 2725 institu-

1967 2799 2071 2843 tus.
2099 2785 2211 2840 [loc
2231 2792 2335 2842 est,
2373 2783 2615 2834 lucratus
2644 2783 2750 2836 est,
2783 2780 2840 2825 ut
2879 2771 3063 2839 justus
3100 2766 3375 2820 videretur
3401 2765 3542 2836 apud

1965 2877 2133 2932 Deum
2167 2892 2180 2929 :
2212 2871 2354 2942 quod
2377 2867 2839 2937 jttstitiaznomen,
2897 2857 3094 2927 inquit,
3134 2854 3264 2911 lides
3299 2854 3371 2925 ei
3433 2854 3544 2906 lar-

1966 2970 2073 3039 gita
2107 2973 2210 3020 est.

2038 3053 2204 3108 Vens.
2245 3051 2301 3106 8.
2332 3047 2466 3102 Fide
2483 3053 2696 3101 vocatus
2729 3041 3021 3103 Abraham,
3045 3035 3264 3093 obedivit
3291 3034 3344 3088 in
3375 3032 3546 3087 locum

1968 3145 2113 3200 exire
2131 3159 2282 3213 quem
2308 3147 2617 3208 accepturus
2643 3143 2755 3189 erat
2784 3135 2838 3186 in
2893 3130 3281 3186 hwreditatem.
3307 3126 3446 3193 Quia
3473 3125 3537 3177 ad

1973 3239 2118 3293 hunc
2144 3245 2198 3291 et
2227 3236 2292 3288 ad
2349 3233 2591 3302 reliquos
2645 3227 2991 3300 patriarchas
3046 3217 3550 3292 deligerentoculns

1975 3329 2182 3385 Hebraei
2218 3326 2422 3387 ﬁdeles,
2485 3332 2744 3392 tanquam
2777 3318 2867 3389 qui
2897 3318 3182 3372 innumera
3209 3313 3352 3366 bona
3383 3325 3412 3361 a
3442 3308 3551 3362 Deo

1975 3418 2334 3488 accepissent,
2386 3423 2709 3469 ostensurus
2754 3419 2838 3464 est
2911 3407 3053 3476 quod
3089 3403 3274 3458 nullus
3307 3412 3546 3468 unquam

1975 3512 2270 3583 quidquam
2303 3506 2570 3561 mercedis
2603 3502 2873 3558 retulerit.
2898 3501 2985 3554 Ait
3014 3512 3183 3567 ergo:
3217 3493 3347 3548 Fide
3377 3491 3546 3544 Abra-

1977 3607 2099 3660 ham
2119 3605 2408 3658 obsecutus
2443 3605 2549 3664 est,
2568 3596 2757 3667 jussus
2777 3593 3087 3661 relinquere
3113 3586 3361 3656 patriam.
3379 3582 3548 3649 Quem

1975 3707 2153 3753 autem
2169 3695 2258 3750 ille
2271 3699 2646 3761 conspexerat,
2667 3696 2726 3741 ut
2741 3681 3078 3741 imitaretur?
3094 3677 3304 3730 l’aterci
3325 3673 3554 3729 idolola-

1979 3801 2059 3846 tra
2081 3795 2220 3852 erat,
2239 3785 2533 3857 prophetas
2555 3796 2660 3836 non
2681 3778 2983 3833 audiverat.
3005 3769 3238 3828 Proinde
3271 3766 3390 3822 lidei
3416 3776 3551 3832 erat,

1977 3882 2199 3939 obedire
2239 3881 2348 3934 Deo
2394 3891 2494 3932 ceu
2538 3889 2666 3927 vera
2695 3867 2940 3939 loquenti
2971 3867 3038 3921 de
3066 3865 3135 3918 iis
3164 3877 3284 3932 qua:
3331 3857 3556 3929 pollice-

1978 3975 2163 4037 batur,
2197 3986 2259 4026 ac
2300 3969 2609 4036 relinquere
2639 3979 2701 4018 ea
2732 3977 2852 4032 quze
2885 3960 2938 4012 in
2977 3956 3230 4011 manibus
3250 3959 3429 4007 erant.

2053 4063 2259 4116 Etexiit
2285 4062 2520 4115 nesciens
2543 4072 2642 4126 quo
2684 4055 2801 4108 iret.
2837 4049 3002 4120 Atqui
3036 4043 3250 4102 etiamsi
3283 4040 3554 4101 scivissct,

1979 4153 2232 4226 quisnam
2286 4152 2516 4222 cogebat
2572 4162 2721 4212 eum,
2772 4151 2832 4196 ut
2878 4142 2944 4195 iis
3018 4135 3243 4192 omissis
3302 4146 3423 4202 quae
3504 4127 3556 4181 in

1987 4252 2242 4316 promptu
2271 4249 2448 4306 erant,
2485 4255 2546 4296 ea
2578 4239 3002 4308 persequeretur
3057 4243 3178 4298 ιιιιιε
3209 4239 3314 4279 non
3375 4226 3560 4276 essent

1986 4311 2043 4392 in
2084 4311 2381 4406 promptu?
2417 4331 2484 4383 At
2518 4343 2649 4382 vero
2705 4325 2814 4387 ille,
2876 4333 3126 4391 quamam
3183 4311 3412 4368 omnino
3442 4315 3562 4363 erat

1984 4429 2075 4484 illa
2110 4434 2256 4480 terra
2283 4423 2352 4478 ad
2371 4436 2532 4491 quam
2564 4426 2810 4480 vocatur,
2840 4411 3090 4468 nescivit.

2055 4516 2223 4572 Vens.
2260 4513 2314 4568 9.
2341 4489 2473 4564 Fide
2501 4507 2802 4561 demoratus
2844 4510 2921 4556 est
2989 4501 3210 4552 interra
3239 4489 3555 4560 promissio-

304 4608 469 4674 .Itaq,
499 4607 581 4674 ὡς
617 4610 966 4678 ἀλλοτρίαν.
1014 4613 1125 4684 Τὴν
1168 4613 1293 4683 γῆν,
1320 4588 1866 4686 ⁷φησὶνμέκείνηνλὶὶιι

1987 4612 2090 4675 nis,
2129 4617 2378 4677 tanquam
2406 4603 2461 4654 in
2489 4599 2685 4653 aliena.
2711 4595 2961 4658 Terram,
2995 4589 3191 4660 inquit,
3219 4588 3364 4641 illam
3398 4597 3558 4652 quam

309 4673 682 4767 ἐπηγγείλατο
713 4703 742 4754 ό
779 4673 911 4765 Θεὸς
941 4673 1126 4757 δοῦναι
1472 4673 1549 4776 τῶ
1605 4673 1866 4777 suspirat-Li

1986 4701 2313 4775 promiserat
2335 4695 2476 4749 Deus
2507 4706 2628 4746 sese
2676 4687 2932 4742 daturum
2983 4684 3058 4738 illi
3095 4689 3150 4737 et
3184 4677 3378 4736 semini
3420 4673 3560 4741 ejus,

310 4789 502 4853 αὑτοῦ,
537 4791 742 4861 ταύτην
799 4791 1039 4864 κατῴκει
1088 4794 1164 4858 ώς
1200 4796 1509 4868 ἀλλοτρίαν.
1565 4797 1689 4861 Πῶς
1731 4798 1885 4851 ἀλλο·

309 4881 504 4952 τρίαν;
537 4883 646 4936 Καὶ
696 4883 805 4952 γὰρ
852 4884 1064 4938 καὶτὸν
1092 4885 1262 4954 τάφον
1288 4887 1387 4956 τῆς
1429 4889 1644 4960 Σάρῤας
1675 4887 1882 4960 ἐξωνή-

315 4989 468 5038 σατο,
498 4975 594 5026 καὶ
623 4974 771 5044 ὅμως
815 4974 876 5027 οὐ
907 4974 1177 5046 διεκρίθη,
1209 4977 1329 5030 οὐδὲ
1361 4975 1546 5030 εἶπενο
1586 4977 1884 5047 Ἑψεύσατο

312 5063 341 5115 δ
374 5063 541 5126 Θεός’
591 5063 707 5118 ἀλλ’
771 5065 1112 5132 ἐπίστευσεν,
1146 5068 1230 5122 ὅτι
1273 5068 1662 5138 ἀναμφιϐόλως
1720 5069 1885 5124 δώσει

311 5152 520 5221 ταύτην
549 5156 576 5208 ὁ
605 5155 795 5210 εἰπών.

400 5245 504 5299 Ἐν
519 5245 776 5312 σκηναῖς
793 5248 1185 5318 κατοικήσας.
1204 5250 1469 5306 Τοσοῦτον
1496 5253 1570 5316 ὡς
1592 5252 1883 5324 ἀλλοτρίαν

315 5335 490 5406 αὐτὴν
545 5337 806 5408 κατῴκει,
858 5339 1004 5395 ὥστε
1056 5343 1179 5396 οὐδὲ
1227 5344 1403 5396 οἰκίαν
1453 5340 1619 5414 εἶχεν,
1652 5345 1771 5397 ἀλλ’
1830 5347 1887 5399 ὲν

318 5431 548 5496 σκηναῖς
578 5429 837 5501 κατῴκει,
865 5433 1004 5504 ὅπερ
1035 5433 1145 5487 τῶν
1176 5431 1342 5499 ξένων
1387 5437 1524 5503 ἐστὶ,
1559 5437 1670 5489 τῶν
1698 5436 1889 5491 ἄλλοτε

315 5521 403 5628 είς
441 5520 568 5574 ἄλλο
597 5523 762 5594 μέρος
793 5525 1251 5594 μεταϐαινόντων,
1290 5526 1378 5586 διὰ
1427 5528 1490 5582 τὸ
1523 5529 1600 5600 μὴ
1627 5528 1774 5601 ἔχειν
1831 5549 1885 5584 τι

316 5623 478 5666 ῐδιον.

392 5726 440 5755 ⁸³
466 5722 598 5778 Luc.
642 5739 679 5779 ιι
713 5766 727 5787 ,
755 5725 846 5779 ‘26.

1986 4793 2214 4850 incoluit
2289 4798 2544 4857 tauquam
2616 4781 2870 4835 alienam.
2930 4773 3214 4842 Quomodo
3279 4764 3560 4823 alienam?

1987 4887 2120 4940 Nam
2145 4881 2308 4954 '73ﬁl
2333 4889 2386 4935 et
2445 4875 2662 4930 Sarrth
2709 4871 3026 4942 sepulcrum
3085 4866 3241 4928 e-nit,
3279 4875 3454 4930 neque
3485 4867 3568 4911 ta-

1992 4994 2115 5034 men
2152 4950 2451 5037 dubitavit,
2496 4983 2673 5036 neque
2715 4964 2851 5018 dixit
2881 4980 2893 5015 :
2927 4958 3183 5014 Mentitus
3241 4961 3324 5008 est
3381 4950 3559 5011 Deus;

1995 5069 2091 5126 sed
2115 5067 2341 5124 credidit
2387 5061 2533 5134 quod
2576 5058 2716 5113 haud
2751 5056 2914 5110 dubie
2957 5055 3185 5106 daturus
3216 5046 3361 5101 esset
3426 5042 3568 5094 hanc

1998 5163 2044 5218 is
2070 5163 2161 5231 qui
2187 5157 2532 5230 promiserat.

2075 5221 2353 5304 incusati;
2401 5239 2715 5297 habitando.
2769 5236 2914 5289 Adeo
2976 5243 3233 5298 tanquam
3291 5225 3342 5277 in
3394 5221 3568 5274 aliena

2000 5353 2142 5401 terra
2175 5339 2288 5396 illic
2337 5335 2637 5394 habitabat,
2677 5337 2734 5382 ut
2784 5342 2850 5379 ne
2879 5322 3150 5394 propriam
3215 5313 3432 5385 quidem
3480 5311 3572 5364 do-

2003 5452 2150 5492 mum
2175 5433 2418 5492 haberet,
2453 5423 2550 5482 sed
2584 5424 2637 5477 in
2692 5417 2937 5475 tentoriis
2977 5411 3265 5473 habitaret,
3293 5403 3438 5476 quod
3469 5419 3560 5472 pec

1995 5525 2335 5596 regrinorum
2366 5529 2450 5576 est
2476 5519 2613 5574 alias
2655 5514 2721 5568 ad
2774 5510 2912 5565 alios
2940 5507 3074 5561 lines
3139 5497 3568 5562 transeuntium,

1998 5623 2285 5688 propterea
2319 5611 2463 5678 quod
2493 5609 2626 5664 nihil
2658 5602 2866 5677 proprii
2903 5597 3212 5674 possident.

1689 5793 1889 5858 Varia:
1918 5793 2248 5860 lectiones.

393 5896 439 5926 ⁵⁰
544 5893 702 5967 χάρις
737 5898 827 5951 καὶ
865 5897 1151 5967 ἠαλήθεια
1185 5914 1258 5955 m.
