3860 6550
433 434 536 501 3U

1327 437 1733 501 THEOPHYL
1744 440 1907 502 ACTI
1949 442 2365 506 BULGAHIE
2410 449 2765 513 ARCHIEP.
3572 458 3663 523 (ιιι

507 552 642 609 Cum
696 552 861 608 Isaac
910 562 959 609 et
1005 553 1170 609 Iacob
1226 554 1582 611 coliwrcdibus
1645 560 1999 625 promissioni;

2190 565 2353 620 Μετὰ
2414 566 2625 623 Ἰσαὰκ
2659 568 2760 622 καί
2810 567 3011 624 Ἰακὼϐ
3036 568 3155 624 τῶν
3180 574 3667 643 συνκληρονόμων

431 650 688 718 ejusdem.
721 649 894 716 Isaac,
952 648 1151 718 inquit,
1185 658 1239 705 et
1268 651 1439 707 Jacob
1475 653 1700 722 perinde
1765 655 2016 711 incolue-

432 751 562 797 runt
592 757 735 807 eam,
770 750 829 797 ut
873 742 1128 798 alienam.
1156 741 1421 799 Pliilistai
1448 744 1638 802 lsaaco
1672 748 2012 814 invidebant,

430 842 484 888 et
530 834 840 889 Abimelech
892 844 1085 903 puteos
1109 836 1231 905 ejus
1287 837 1574 893 auferebat
1616 848 1671 895 et
1727 842 2014 913 conjugem

431 927 628 995 ipsam,
667 935 720 981 et
750 928 987 984 subinde
1008 929 1077 984 ad
1115 930 1281 984 alium
1314 941 1479 1002 atque
1514 934 1684 989 alium
1744 937 2015 992 transibat

432 1020 632 1073 locum.
666 1019 837 1075 Jacob
885 1030 1068 1077 autem
1106 1039 1212 1077 non
1244 1025 1420 1079 solum
1450 1042 1481 1080 a
1512 1028 1681 1083 fratre
1713 1027 1855 1085 Esau
1888 1046 2012 1100 per-

427 1112 766 1167 secutionem
806 1113 1021 1185 patiens
1064 1116 1169 1171 sibi
1197 1118 1493 1180 metuebat,
1522 1135 1711 1176 verum
1754 1123 1918 1177 etiam
1947 1139 2014 1180 ex

428 1201 820 1273 Mesopotamia
869 1222 1145 1273 reversus,
1197 1209 1330 1264 emit
1372 1210 1579 1275 locum,
1618 1213 1672 1267 in
1732 1230 1842 1284 quo
1899 1216 2016 1271 fixit

426 1296 869 1354 tabernaculum.
908 1299 969 1352 Et
988 1298 1102 1367 jam
1147 1301 1369 1369 quidem
1398 1304 1459 1358 in
1489 1304 1699 1371 Bethel,
1730 1310 1846 1378 jam
1886 1325 2014 1366 vero

424 1387 482 1441 in
518 1388 761 1459 Ephrata
791 1390 1083 1458 migrabat,
1114 1394 1265 1448 nullo
1287 1395 1410 1450 loco
1435 1407 1620 1454 certus
1646 1414 1895 1467 manens,
1928 1401 2014 1457 in-

425 1486 547 1535 star
586 1479 834 1537 advenae.
881 1482 1109 1538 Interim
1146 1492 1411 1542 tamenet
1456 1488 1560 1559 ipsi
1619 1493 2013 1562 promissionis

422 1571 670 1627 baeredes
692 1572 940 1638 fuerunt,
973 1583 1029 1627 ut
1063 1584 1237 1644 pater.
1272 1577 1394 1633 Tibi
1427 1582 1571 1636 enim
1607 1583 1774 1648 dabo,
1810 1585 2013 1655 inquit,

424 1671 480 1716 et
507 1663 703 1718 semini
741 1675 854 1719 tuo.
896 1665 1151 1721 Attamen
1190 1668 1457 1725 increduli
1494 1688 1604 1727 non
1638 1672 1887 1731 fuerunt.

494 1858 663 1918 Vsus.
702 1863 788 1917 l0.
818 1862 1169 1927 Exspectobat
1199 1870 1336 1923 enim
1356 1870 1711 1940 fundamenta
1731 1876 2007 1932 habentem
2037 1906 2086 1967 Β

2121 655 2230 724 τῆς
2264 657 2630 728 ἐπαγγελίας
2655 660 2766 730 τῆς
2792 661 3008 729 αὐτῆς.
3067 664 3179 718 Καὶ
3209 666 3239 718 ό
3279 663 3485 733 Ἰσαὰκ,
3532 672 3665 736 φησὶ,

2119 749 2213 802 καὶ⁵
2238 750 2480 805 όΊακὼϐ
2509 751 2653 807 οὕτω
2685 753 2890 825 ταύτην
2923 755 3256 827 κατῴκησαν
3276 757 3349 821 ὡς
3380 758 3666 832 ἀλλοτρίαν.

2129 839 2190 893 '0
2224 842 2323 910 μὲν
2339 843 2529 898 Ἰσαὰκ
2566 845 2933 917 φθονούμενος
2965 849 3070 901 ὑπὸ
3093 849 3202 903 τῶν
3224 851 3564 917 Φιλισταίων,
3592 855 3669 908 καὶ

2115 933 2524 1005 ἀφαιρούμενος
2553 936 2622 990 τὰ
2652 939 2864 1008 φρέατα
2912 939 3019 994 ὑπὸ
3068 940 3180 995 τῶν
3209 944 3337 1012 περὶ
3381 944 3668 1016 ’Δϐιμέλεχ,

2118 1023 2212 1077 καὶ
2243 1027 2343 1094 τὴν
2373 1029 2610 1094 γυναῖκα
2641 1030 2832 1100 αὐτὴν,
2870 1032 2966 1085 καὶ
3018 1032 3209 1087 ἄλλοτε
3236 1035 3316 1095 είς
3346 1033 3506 1088 ἄλλον
3528 1036 3671 1090 τόπον

2116 1113 2486 1182 μεταϐαίνων.
2506 1115 2565 1170 ’0
2590 1117 2648 1171 δὲ
2686 1120 2906 1187 Ἰακὼϐ,
2947 1122 3009 1175 οὐ
3045 1122 3205 1188 μόνον
3230 1124 3306 1189 ὡς
3338 1124 3671 1195 ἐλαυνόμενος

2115 1204 2222 1258 ὑπὸ
2249 1206 2344 1259 τοῦ
2381 1207 2549 1277 φόϐου
2604 1209 2702 1263 τοῦ
2740 1211 2939 1275 Ἡσαῦ,
2997 1213 3114 1267 ἀλλ’
3168 1216 3251 1269 ὅτι
3311 1219 3410 1271 καὶ
3462 1217 3564 1271 ἀπὸ
3588 1218 3673 1289 τῆς

2114 1299 2553 1372 Μεσοποταμίας
2587 1301 2850 1366 ἀνελθὼν,
2887 1304 3203 1376 ἐξωνήσατο
3227 1307 3321 1361 τὸν
3344 1308 3532 1373 τόπον,
3564 1310 3674 1364 ἔνθα

2117 1388 2316 1460 ἔστησε
2342 1391 2441 1461 τὴν
2472 1394 2680 1465 σκηνήν
2698 1408 2718 1426 ο
2750 1395 2847 1449 καὶ
2880 1393 2975 1457 νῦν
3003 1396 3102 1467 μιν
3139 1397 3220 1461 είς
3244 1397 3476 1470 Βαιθὴλ,
3508 1399 3596 1452 νῦν
3623 1400 3673 1453 δὲ

2111 1482 2195 1543 είς
2262 1482 2511 1553 Ἐφραθὰ
2571 1485 2893 1566 μετέϐαινεν
2920 1527 2938 1554 ,
2993 1487 3246 1542 ἀστατῶν
3282 1488 3361 1554 ὡς
3412 1489 3671 1561 πάροικος.

2115 1571 2380 1641 Καίτοιγε
2435 1576 2532 1629 καὶ
2583 1576 2743 1632 αὐτοὶ
2777 1577 3109 1650 κληρονόμοι
3147 1574 3291 1650 ἦσαν
3323 1580 3427 1649 τῆς
3455 1582 3674 1651 ἐπαγγε-

2112 1664 2254 1732 λίας,
2291 1666 2368 1729 ὡς
2390 1668 2486 1721 καὶ
2520 1667 2550 1721 6
2582 1671 2785 1741 πατὴρ.
2814 1671 2907 1725 Σοὶ
2943 1671 3054 1742 γὰρ
3078 1671 3240 1727 δώσω
3265 1673 3469 1744 αὐτὴν,
3501 1674 3675 1746 καὶτῷ

2113 1760 2393 1830 σπέρματί
2423 1777 2544 1817 σου.
2590 1762 2733 1816 Ἀλλ’
2764 1764 2916 1835 ὅμως
2945 1764 3046 1819 οὐκ
3075 1765 3419 1836 ἠπίστησαν.

2200 1870 2546 1941 Ἐξεδέχετο
2596 1874 2708 1943 τὰρ
2736 1873 2854 1944 τὴν
2898 1876 3044 1944 τοὺς
3076 1880 3397 1949 θεμελίους
3427 1880 3676 1951 ἔχουσαν

423 1954 709 2010 civitalem.
740 1955 872 2010 Eant
929 1959 1002 2013 ob
1040 1975 1175 2023 rem,
1200 1960 1404 2031 inquit,
1432 1975 1593 2020 erant
1653 1967 1901 2034 advenae,
1955 1983 1999 2026 et

2117 1959 2315 2014 πόλιν.
2351 1963 2450 2015 Διά
2474 1961 2653 2026 τοῦτο,
2686 1967 2844 2035 φησὶ,
2881 1967 2982 2038 τὴν
3004 1967 3110 2037 γῆν
3137 1968 3437 2039 παρῴκουν
3472 1972 3527 2025 ἐν
3557 1987 3675 2041 σκη-

430 2050 918 2105 commorabantur
950 2052 1003 2106 in
1033 2053 1414 2111 tabernaculis
1444 2056 1864 2117 fundamentum
1901 2059 2008 2119 non

420 2139 768 2205 habentibus,
786 2142 930 2211 quod
950 2146 1343 2214 esspectabant
1355 2148 1635 2205 caelestem
1656 2152 1873 2219 urbem,
1890 2169 2011 2225 quae

417 2247 547 2287 vera
596 2231 948 2289 fundamenta
987 2235 1207 2303 habeat,
1240 2254 1363 2309 quae
1404 2254 1623 2311 semper
1675 2245 2007 2316 consistant,

420 2338 605 2393 neque
636 2339 877 2394 unquam
929 2326 1173 2382 marcida
1223 2328 1548 2385 reddantur.
1620 2331 1915 2405 Propterea
1956 2346 2010 2394 et

419 2415 564 2473 Deus
595 2418 1036 2477 animadvertetis
1075 2437 1172 2478 eos
1239 2428 1526 2494 aspernari
1561 2435 1809 2484 terrenas
1869 2446 2000 2501 pro-

417 2510 733 2575 tnissiones,
766 2513 981 2569 distulit
1027 2530 1143 2581 eas,
1192 2517 1430 2585 majores
1465 2521 1602 2591 ipsis
1655 2537 1975 2593 prteparans

415 2612 607 2673 utpote
653 2606 745 2676 qui
771 2604 879 2661 illis
910 2605 1059 2678 digni
1092 2618 1284 2675 erant,
1348 2627 1470 2682 qua:
1496 2614 1707 2669 scilicet
1740 2615 1807 2669 de
1838 2616 2004 2672 rebus

412 2696 773 2753 terrestribus
808 2712 921 2752 non
976 2708 1155 2755 erant.
1185 2698 1390 2758 Deinde
1448 2703 1527 2759 illi
1580 2707 2003 2775 promissionem

409 2786 756 2840 terrestrium
782 2789 1136 2858 accipientes,
1167 2805 1287 2844 eam
1327 2797 1778 2862 contemnebant,
1806 2813 1870 2853 ac
1891 2813 2002 2854 cm-

413 2875 527 2928 lum
582 2875 930 2946 expetebant.
999 2878 1108 2936 Vos
1147 2889 1352 2948 autem,
1415 2899 1446 2940 ο
1496 2885 1705 2951 fideles,
1782 2891 2001 2946 caelesti

411 2967 779 3034 promissione
873 2979 1121 3039 accepta,
1201 2981 1402 3030 terram
1480 2980 1785 3048 expetitis:
1841 2983 2001 3053 ecqui

412 3072 522 3111 non
556 3057 679 3129 ejus
705 3073 803 3114 vos
832 3061 1041 3131 pudet?

465 3167 649 3243 Cujus
676 3171 875 3240 artifex
899 3181 947 3226 cl
996 3172 1242 3228 conditor
1301 3174 1463 3231 Deus.
1512 3177 1691 3248 Papae,
1730 3192 1996 3251 quantum

406 3266 498 3315 est
556 3260 712 3317 urbis
767 3260 930 3319 istius
970 3264 1324 3336 encomium,
1374 3267 1735 3326 architectum
1800 3271 1999 3330 habere

2117 3262 2216 3325 JTov
2262 3269 2324 3325 τὸ
2353 3275 2452 3344 τῆς
2499 3274 2709 3341 πόλεως
2760 3275 2977 3349 ἐκείνης
3017 3255 3324 3351 ἐγκώμιον,
3374 3255 3438 3335 τό
3470 3281 3671 3353 ἀρχιτέο
3768 3288 3773 3291 ’

409 3348 582 3407 Deum
602 3351 617 3405 ί

484 3462 651 3520 Vsus.
680 3464 769 3520 Η.
801 3463 943 3521 Fide
966 3476 1027 3522 et-
1057 3467 1176 3537 ipsa
1206 3469 1437 3539 Sarrlm,
1474 3475 1673 3530 sterilis
1696 3493 1817 3532 cum
1841 3488 1996 3535 esset.

405 3554 744 3614 Pudefacere
785 3559 950 3625 valet,
1022 3561 1168 3630 quod
1198 3562 1306 3629 ait,
1339 3560 1409 3617 Et
1466 3564 1583 3634 ipsa
1621 3566 1850 3633 Sari-ho,
1877 3586 2001 3639 per-

407 3652 537 3706 inde
591 3665 655 3706 ac
687 3650 735 3706 si
769 3652 917 3708 dicat
957 3651 1224 3710 :Femina
1246 3655 1503 3723 credidit,
1533 3666 1590 3713 et
1617 3675 1713 3716 vos
1739 3676 1846 3715 non
1869 3677 1997 3717 eru-

403 3739 654 3807 bescitis,
678 3740 725 3795 si
751 3742 984 3797 muliere
1020 3742 1076 3797 in
1124 3745 1296 3799 animi
1343 3749 1724 3818 magnitudine
1755 3751 1994 3808 inferio-

403 3845 496 3886 res
521 3830 1052 3901 depreliendamini?
1086 3833 1193 3900 Qui
1243 3851 1376 3893 vero
1411 3840 1652 3896 credidit
1681 3858 1806 3916 quae
1842 3845 1998 3900 risit?

401 3922 664 3979 Profecto
692 3922 948 3991 credidit,
985 3925 1205 3982 etiamsi
1251 3930 1440 3985 riserit
1463 3949 1478 3987 :
1502 3943 1692 4003 postea
1722 3938 1867 3991 enim
1903 3952 1992 3994 re-

403 4015 679 4085 prehensa
722 4017 1110 4086 perterrefacta
1131 4026 1263 4075 est:
1333 4024 1484 4093 quod
1535 4025 1660 4082 ﬁdei
1713 4036 1832 4085 erat
1857 4030 1997 4085 iudi-

401 4112 572 4166 cium.
603 4108 834 4165 Planum
881 4113 1027 4167 enim
1051 4121 1140 4169 est
1180 4112 1331 4183 quod
1391 4129 1649 4187 magnum
1705 4122 1994 4189 quemdam

402 4202 797 4269 arbitraretur,
819 4201 1068 4272 adeoque
1098 4220 1269 4276 supra
1324 4207 1567 4267 hominis
1638 4226 1768 4270 esse
1829 4224 1994 4273 natu-

401 4309 523 4351 ram
554 4311 704 4365 eum,
733 4298 827 4370 qui
856 4315 1043 4356 secum
1072 4300 1409 4371 loqueretur.

483 4412 740 4470 Virtutem
781 4417 852 4470 ad
918 4420 1308 4488 conceptionem
1354 4421 1573 4475 seminis
1605 4423 1824 4492 accepit.
1879 4420 1995 4479 Hoc

401 4514 508 4569 est.
531 4509 838 4565 confortata
869 4520 954 4567 est
985 4520 1043 4565 ut
1064 4512 1336 4583 reciperet
1368 4527 1434 4568 ac
1455 4514 1770 4570 contineret
1803 4515 1991 4586 dejec-

2109 2051 2252 2113 ναῖς,
2283 2050 2339 2103 αἳ
2369 2051 2619 2121 θεμέλιον
2648 2054 2749 2108 οὐκ
2779 2054 2966 2125 ἔχουσι
2985 2055 3031 2089 ⁸⁸
3056 2097 3071 2123 ,
3094 2055 3231 2110 διότι
3265 2057 3570 2129 ἐξεδέχοντο
3592 2060 3674 2131 τὴν

2108 2139 2363 2209 οὐράνιον
2393 2141 2570 2208 πόλιν,
2597 2143 2725 2214 ἥτις
2755 2144 3044 2217 ἀληθινοὺς
3081 2147 3197 2217 ἔχει.
3242 2148 3551 2218 θεμελίους,
3601 2151 3671 2204 ἀεὶ

2108 2231 2376 2297 ἑστῶτας,
2426 2233 2524 2289 καὶ
2586 2236 2861 2308 μηδέποτε
2913 2238 3346 2310 σαθρουμένους.
3382 2242 3476 2294 Διὸ
3510 2243 3597 2297 καὶ
3651 2246 3675 2298 ὀ

2107 2322 2245 2387 Θεὸς
2279 2323 2423 2395 ὁρῶν
2464 2325 2666 2391 αὐτοὺς
2698 2330 3182 2400 καταφρονοῦντας
3216 2330 3329 2385 τῶν
3355 2334 3565 2404 γηΐνων
3594 2335 3674 2388 ἐπ-

2112 2417 2406 2487 αγγελιῶν,
2461 2421 2757 2477 ἀνεϐάλετο
2803 2423 3027 2491 ταύτας,
3057 2426 3159 2490 τὰς
3193 2426 3420 2497 μείζους
3450 2429 3674 2493 mea"

2110 2510 2441 2581 ἐτοιμάζων,
2495 2513 2572 2578 ὡς
2615 2515 2842 2570 ἐκείνων
2904 2518 3097 2585 ἀξίοις,
3152 2520 3214 2573 οὐ
3284 2521 3399 2574 τῶν
3442 2521 3540 2592 τῆς
3564 2520 3670 2592 γῆς.

2106 2597 2243 2656 Εἶτα
2292 2605 2491 2658 ἐκείνοι
2549 2607 2653 2675 γῆς
2706 2609 3045 2679 ἐπαγγελίαν
3103 2612 3504 2684 λαμϐάνοντες,
3562 2632 3673 2668 κατ-

2105 2696 2389 2767 εφρόνουν,
2443 2699 2539 2752 καὶ
2574 2698 2670 2753 τοῦ
2713 2700 2954 2772 οὐρανοῦ
3021 2702 3259 2772 ἐφίεντο.
3293 2704 3489 2775 ’Υμείς
3538 2706 3608 2772 δὲ,
3636 2722 3673 2759 ω

2102 2790 2313 2856 πιστοὶ,
2366 2790 2620 2862 οὐράνιον
2662 2793 3006 2863 ἐπαγγελίαν
3037 2795 3317 2864 λαϐόντες,
3352 2799 3460 2869 γῆς
3510 2799 3675 2853 ἐπιθυ·

2108 2884 2287 2955 μείτε,
2318 2885 2419 2939 καὶ
2447 2884 2566 2950 πῶς
2591 2884 2693 2941 οὐκ
2718 2886 3084 2958 αίσχύνεσθε;

2169 3170 2283 3245 Ἦς
2324 3181 2608 3251 τεχνίτης
2664 3183 2764 3238 καὶ
2806 3183 3171 3257 δημιουργὸς
3216 3190 3250 3242 ό
3285 3188 3458 3256 Θεός.
3493 3188 3669 3253 Βαϐαὶ,

2104 3378 2271 3415 κτονα
2302 3365 2452 3432 σχεῖν
2485 3364 2576 3419 τὸν
2606 3365 2784 3434 Θεόν;

2174 3478 2383 3535 Πίστει
2440 3480 2544 3535 καί
2604 3483 2762 3551 αὑτὴ
2820 3484 3021 3554 Zoippi:
3074 3487 3287 3555 στεῖρα
3336 3485 3524 3546 οὖσα.
3575 3491 3674 3544 Ἔν-

2108 3570 2407 3639 τρεπτικόν
2450 3573 2591 3639 ἐστι,
2626 3575 2738 3629 Kal
2766 3578 2922 3648 αὐτὴ
2952 3577 3173 3648 Σάρῤιι,
3222 3581 3436 3636 ὡσανεὶ
3470 3583 3669 3652 ἔλεγεν·

2109 3660 2175 3716 Ἦ
2221 3664 2358 3735 γυνὴ
2413 3664 2728 3731 ἐπίστευσε,
2763 3670 2857 3722 καὶ
2887 3669 3048 3742 ὑμεῖς
3101 3672 3204 3727 οὐκ
3251 3676 3598 3748 αἰσχύνεσθε,
3630 3676 3672 3729 εξ

2100 3754 2363 3821 γυναικὸς
2419 3758 2875 3832 μικροψυχότεροι
2903 3763 3228 3834 εὑρίσκεσθε
3270 3785 3285 3835 ;
3331 3769 3465 3833 Πῶς
3489 3770 3545 3823 δὲ
3566 3769 3672 3823 ἐπί-

2101 3860 2329 3899 στευσεν
2368 3848 2400 3919 ή
2432 3848 2756 3917 γελάσασα;
2804 3853 2916 3908 Ναὶ
2967 3856 3317 3922 ἐπίστευσεν,
3355 3862 3409 3913 εί
3442 3861 3537 3915 καὶ
3568 3861 3674 3930 ἐγέ-

2098 3934 2264 3989 λασεν
2282 3953 2298 3968 °
2347 3940 2441 3992 καὶ
2475 3940 2584 4011 γὰρ
2613 3940 2842 4015 ὕστερον
2872 3947 3205 4019 ἐλεγχθεῖσα
3233 3952 3483 4025 ἐφοϐήθη
3506 3971 3522 3987 ο
3552 3955 3671 4024 ὅπερ

2100 4026 2341 4121 πίστεως
2394 4024 2484 4101 ἦν.
2517 4032 2691 4104 Δῆλον
2723 4036 2832 4108 γὰρ
2877 4039 2963 4092 ὅτι
2994 4041 3170 4111 μέγαν
3217 4047 3344 4101 τινὰ
3404 4024 3498 4103 καὶ
3550 4050 3670 4121 ὑπὲρ

2096 4117 2386 4191 ἄνθρωπον
2407 4122 2735 4181 ἐπίστευσεν
2760 4126 2900 4185 εἰναι
2930 4132 3024 4187 τὸν
3057 4138 3610 4211 προσδιαλεγόμενον.

2165 4417 2430 4487 Δύναμιν
2496 4421 2586 4488 είς
2649 4425 2999 4495 καταϐολὴν
3069 4429 3423 4500 σπέρματος
3486 4435 3667 4489 uate.

2095 4505 2407 4574 Τουτὲστιν,
2468 4509 2848 4583 ἐνεδυναμώθη
2911 4517 2993 4579 εἰς
3046 4518 3108 4572 τὸ
3164 4520 3533 4587 ὐποδέξασθαι
3589 4523 3671 4576 καὶ

397 4608 519 4653 tum
554 4601 609 4654 in
644 4601 816 4671 ipsam
848 4618 1039 4658 semen
1070 4603 1395 4659 Abraliami.
1419 4605 1517 4661 Vel
1564 4606 1697 4676 quia
1751 4607 1987 4662 istarum

2117 4596 2373 4667 κρατῆσαι
2421 4598 2488 4652 τὸ
2547 4603 2893 4674 καταϐληθὲν
2946 4609 3029 4672 είς
3075 4610 3251 4683 αὐτὴν
3307 4615 3537 4685 σπέρμα
3582 4613 3667 4668 τοῦ

400 4706 589 4746 rerum
647 4693 887 4749 studiosi
960 4695 1317 4765 indagatores
1383 4697 1989 4763 asserunt,‘mulierem

398 4781 568 4853 735
599 4784 765 4838 etiam
817 4785 984 4838 veluti
1037 4800 1225 4841 semen
1278 4787 1557 4856 quoddam
1590 4804 1620 4842 a
1673 4804 1796 4845 sese
1853 4804 1990 4846 con-

402 4854 571 4937 ferre,
604 4874 791 4929 forsan
824 4875 906 4930 sic
964 4876 1345 4945 accipiendum
1382 4887 1487 4942 est,
1516 4878 1586 4932 ad
1607 4882 1993 4950 conceptione»:

394 4965 641 5031 seminis,
674 4980 774 5035 pro
796 4980 863 5022 eo
888 4968 1035 5038 quod
1071 4977 1178 5032 est,
1213 4975 1271 5023 ut
1294 4977 1349 5023 et
1393 4971 1512 5039 ipsa
1544 4971 1994 5029 subministraret

397 5074 611 5116 semen.

470 5155 547 5208 Ac
573 5162 768 5222 prwter
793 5155 971 5210 celatis
1002 5156 1204 5224 tempus
1236 5155 1457 5225 peperit.
1486 5154 1658 5211 Paulo
1694 5168 1822 5212 ante
1857 5172 1979 5214 eam

396 5245 642 5300 sterilem
723 5246 861 5300 dixit
897 5263 911 5300 :
945 5261 1096 5302 nunc
1123 5246 1199 5301 ait
1232 5248 1377 5317 quod
1403 5255 1457 5303 et
1518 5257 1719 5319 praeter
1777 5257 1992 5319 tempus

395 5338 580 5399 artatis
610 5339 843 5408 peperit.
883 5337 1074 5408 Itaque
1094 5337 1372 5409 duplicem
1415 5340 1651 5395 habebat
1691 5340 1988 5408 defectum,

399 5439 573 5480 unum
604 5433 834 5492 naturae,
857 5427 1002 5496 quod
1026 5428 1232 5483 sterilis
1262 5438 1387 5483 erat
1417 5445 1432 5483 :
1462 5429 1700 5484 alterum
1728 5442 1990 5515 senectu-

380 5514 495 5575 .tis.

471 5606 616 5675 Quia
654 5607 865 5676 ﬁdelem
892 5609 1117 5664 credidit
1153 5626 1273 5664 cum
1316 5612 1410 5682 qui
1423 5610 1765 5676 promiserat.
1820 5612 1988 5670 Fide-

2112 4688 2390 4760 Ἁϐραάμ,
2413 4691 2486 4744 Ἣ
2514 4694 2700 4767 ἐπειδὴ
2733 4714 2897 4767 φασιν
2922 4702 2972 4754 οί
2998 4702 3174 4757 ταῦτα
3202 4705 3665 4779 ἀκριϐωσόιμενοι,

2099 4780 2196 4834 καὶ
2223 4780 2322 4852 τὴν
2348 4785 2583 4851 γυναῖκα
2611 4780 2721 4841 οἷόν
2763 4805 2816 4842 τι
2853 4793 3079 4865 σπέρμα
3112 4797 3208 4865 ἀφ’
3233 4798 3442 4870 ἑαυτῆς
3470 4814 3665 4854 συνεισ-

2094 4871 2275 4940 ἀγειν,
2305 4876 2518 4945 μήποτε
2544 4876 2721 4943 οὕτως
2752 4881 3058 4953 ἐκληπτέον
3086 4887 3148 4940 τὸ
3169 4928 3185 4953 ,
3210 4891 3299 4956 εἰς
3337 4890 3667 4954 καταϐολὴν

2099 4964 2462 5036 σπέρματος,
2500 4970 2623 5024 ἀντὶ
2675 4972 2792 5039 τοῦ,
2834 4974 2914 5038 είς
2959 4977 3021 5030 τὸ
3060 4980 3393 5036 καταϐαλεῖν
3418 4987 3513 5037 καὶ
3545 4982 3666 5054 αὐτὴ

2102 5057 2345 5129 σπέρμα.

2165 5152 2277 5205 Καὶ
2298 5152 2458 5222 παρὰ
2479 5155 2692 5223 καιρὸν
2713 5158 2955 5228 ἡλικίας
2976 5164 3208 5222 ἔτεκεν.
3235 5162 3410 5224 Εἷπεν
3443 5169 3570 5233 ἄνω,
3594 5170 3665 5221 ὅτι

2098 5245 2287 5334 στεῖρα
2321 5240 2393 5315 ἦν
2419 5263 2433 5277 ’
2463 5246 2560 5301 νῦν
2595 5247 2772 5319 λέγει,
2799 5252 2884 5307 ὅτι
2923 5258 3018 5311 καὶ
3044 5259 3199 5330 παρὰ
3228 5263 3425 5334 καιρὸν
3458 5263 3660 5334 ἡλικίας

2095 5332 2304 5389 ἔτεκεν.
2333 5338 2497 5427 Ὥστε
2530 5340 2728 5414 διπλὴν
2756 5342 2872 5417 εἶχε
2904 5348 3157 5421 πήρωσιν
3179 5352 3251 5419 ⁸³,
3311 5332 3415 5427 τήν
3464 5332 3523 5409 τε
3572 5354 3666 5408 ἀπὸ

2094 5423 2333 5492 φύσεως,
2364 5426 2447 5481 ὅτι
2474 5432 2667 5500 στεῖρα
2696 5428 2785 5505 ἦν,
2812 5438 2906 5490 καὶ
2933 5439 3037 5511 τὴν
3066 5439 3177 5495 ἀπὸ
3199 5443 3295 5497 τοῦ
3325 5423 3537 5516 γήρως.

2181 5606 2347 5663 Ἐπεὶ
2416 5612 2637 5667 πιστὸν
2707 5617 2986 5688 ἡγήσατο
3061 5623 3172 5680 τὸν
3238 5625 3658 5699 ἐπαγγειῖιάμε·

1782 5788 1993 5851 Variaa
2026 5786 2363 5858 lectiones.

376 5934 389 5945 .
489 5885 533 5929 Ρι
567 5885 694 5963 θεμ.
735 5887 837 5943 οὐκ
873 5886 1131 5963 ἐχούσαις
1160 5905 1215 5948 o.
1291 5892 1338 5924 ⁸³
1369 5889 1601 5957 ἐκείνοις
1631 5910 1684 5948 o.
1764 5894 1810 5927 ⁸³
1833 5891 2119 5964 στείρωσιν
2143 5912 2196 5949 ο.

480 5967 530 5977 ,ρ-
