3860 6554
153 453 240 514 3L9
818 444 1224 507 EXPOSITIO
1261 446 1345 508 IN
1372 445 1618 511 EPIST.
1654 449 1691 508 Α

1799 449 2181 513 ΗΕΒΒΕΟΞ.
2207 476 2277 486 -
2309 451 2470 512 CAP.
2498 453 2604 513 Χῐ.

3256 455 3363 517 350

154 576 263 615 νον.
294 554 500 620 Πιστδν,
553 562 830 609 τουτέστιν
872 553 1090 626 ἀληθῆ,
1132 553 1498 625 ἐπηγγείλατο
1528 554 1639 622 γάρ
1663 570 1677 585 ·

1807 570 1914 619 em,
1948 555 1998 609 id
2028 567 2112 611 est
2157 572 2343 611 verum
2376 575 2391 620 ;
2450 558 2775 627 promiserat
2821 559 2966 614 enim
2992 576 3009 615 :
3040 558 3199 615 Circa
3224 561 3364 616 illud

150 650 290 708 Κατὰ
308 650 408 703 τὸν
425 647 631 716 καιρὸν
652 645 867 700 τοῦτον
897 646 1251 716 ἐλεύσομαι,
1281 645 1381 699 καὶ
1405 645 1580 699 ἔσται
1609 643 1684 713 τῇ

151 746 319 814 Σιὶρῤᾳ
345 742 460 806 υἱός
473 778 488 792 .

207 837 291 891 Διὸ
310 832 403 888 καὶ
427 833 526 902 ἀφ’
550 834 599 865 ⁸⁸
623 832 646 882 ἔ
654 829 762 897 νὸς
783 830 1224 900 ἐγεννήθησαν,
1250 828 1350 883 καί
1386 828 1571 882 ταῦτα
1599 844 1689 881 νε-

149 925 512 994 νεκρωμένου,
568 921 761 989 καθὼς
813 923 887 976 τὰ
938 921 1133 989 ἄστρα
1178 920 1286 974 τοῦ
1314 920 1576 987 οὐρανοῦ
1607 920 1688 984 τῷ

149 1021 356 1086 πλήθει,
384 1016 481 1072 καὶ
515 1016 596 1083 ὡς
638 1017 675 1084 ἠ
717 1014 910 1084 ἄμμος
957 1015 995 1082 ἠ
1035 1011 1195 1083 παρὰ
1225 1015 1293 1066 τὸ
1340 1013 1543 1083 χεῖλος
1579 1013 1688 1079 τῆς

147 1111 463 1173 θαλάσσης,
494 1109 533 1176 ή
560 1106 984 1175 ἀναρίθμητος.
1019 1106 1092 1159 Οὐ
1120 1104 1278 1157 τοῦτο
1310 1104 1469 1173 μόνον
1498 1104 1683 1174 ἐποίη-

148 1221 224 1257 σεν
262 1201 292 1271 ἡ
321 1200 523 1262 πίστις,
571 1197 631 1250 τὸ
676 1195 962 1266 γεννῆσαι,
1019 1194 1134 1248 ἀλλ’
1156 1195 1237 1248 ὅτι
1263 1195 1356 1247 καὶ
1376 1194 1685 1260 τοσούτους,

147 1295 280 1354 ὅσους
304 1289 420 1343 οὐδὲ
446 1291 503 1342 αἱ
536 1286 759 1359 εὖφοροι
793 1289 1069 1356 γυναῖκες.
1089 1286 1252 1337 ’Ὥστε
1292 1284 1386 1337 δύο
1410 1284 1687 1354 θαύματα.

149 1385 255 1448 Πῶς
297 1383 349 1437 δὲ
408 1377 553 1453 ἦσαν
617 1380 1021 1451 ἁναρὶθμητοι;
1096 1378 1517 1450 Ἠριθμήθησαν
1578 1377 1689 1447 γὰρ

148 1474 394 1536 πολλάκις.
455 1473 613 1525 Ἤτοι
680 1469 810 1538 γοῦν
865 1467 1242 1540 ὑπερϐολικῶς
1327 1469 1488 1523 τοῦτο
1540 1467 1690 1538 εἴρη-

146 1584 219 1619 ττι
262 1565 393 1620 κατὰ
442 1563 542 1634 τὴν
604 1563 893 1635 συνήθειαν
958 1562 1062 1633 τῆς
1138 1561 1389 1633 Γραφῆς,
1444 1561 1520 1626 ὡς
1582 1562 1685 1615 τό·

148 1657 372 1726 Εῖὸομεν
391 1657 602 1721 πόλεις
631 1656 768 1724 ἄχρι
792 1656 898 1709 τοῦ
922 1655 1184 1723 οὐρανοῦ
1210 1671 1223 1684 ’
1255 1655 1290 1725 ἢ
1312 1654 1403 1709 διὰ
1428 1654 1556 1717 τοὺς
1602 1654 1689 1708 ἀεὶ

149 1748 523 1818 ἐπιγινομένους
554 1744 677 1801 εἷπε
701 1748 763 1800 τὸ
782 1748 1180 1819 ἀναρίθμητον.

204 1841 347 1894 Κατὰ
381 1841 591 1893 πίστιν
638 1839 944 1894 ἀπέθανον
994 1835 1159 1894 οὗτοι
1193 1837 1436 1905 πάντες.
1467 1838 1554 1908 μὴ
1591 1856 1688 1893 κο-

143 1931 425 2003 μισάμενοι
447 1934 492 1965 ⁸⁸
521 1933 633 1999 τὰς
670 1933 1054 2003 ἐπαγγελίας.
1092 1932 1197 1985 Δύο
1224 1932 1463 1985 ἐνταῦθα
1493 1932 1681 2001 ζητεῖ-

147 2040 253 2076 ται·
275 2022 384 2086 πῶς
414 2022 588 2077 εἰπὼν
617 2022 746 2095 περὶ
766 2023 873 2081 ,τοῦ
904 2022 1096 2093 Ἑνὼχ,
1122 2023 1226 2089 ὅτι,
1260 2022 1553 2090 Μετετέθη
1578 2023 1688 2078 τοῦ

144 2115 215 2185 μὴ
256 2114 391 2169 ἰδεῖν
432 2114 729 2170 θάνατον·
780 2115 878 2170 νῦν
919 2116 1089 2184 λέγει,
1137 2114 1468 2170 Ἀπέθανον
1521 2109 1687 2171 οὗτοι

150 2206 341 2273 πάντες
357 2222 378 2272 ;
405 2207 514 2261 Καὶ
538 2207 729 2274 πάλιν,
775 2207 895 2271 πῶς
930 2203 1051 2261 εἷπε
1097 2207 1213 2272 νῦν,
1254 2208 1335 2261 ὅτι
1365 2208 1467 2261 οὐκ
1496 2206 1700 2273 ἔλαϐον,

148 2295 228 2359 τὰς
250 2298 594 2366 ἐπαγγελίας,
625 2298 871 2365 καίτοιγε
901 2298 994 2351 τὸν
1026 2297 1194 2351 Ἀϐελ
1221 2298 1301 2350 ἔτι
1334 2296 1515 2350 λαλεῖν
1540 2293 1685 2359 εἷπε,

149 2383 220 2439 διὰ
270 2386 355 2439 τοῦ
388 2388 539 2458 παρὰ
593 2390 733 2442 πᾶσι
786 2386 1146 2453 δοξάζεσθαις
1214 2388 1325 2442 Καὶ
1386 2388 1478 2441 τὸν
1518 2388 1688 2457 Ἑνὼχ

150 2478 498 2549 μετατεθῆναι,
526 2480 623 2535 τὸν
657 2480 783 2535 Νῶε
839 2480 1032 2552 μισθὸν
1059 2480 1268 2546 λαϐεῖν,
1338 2480 1399 2535 τδ
1446 2481 1686 2551 σωθῆναι

152 2569 264 2639 μετὰ
292 2569 379 2625 τοῦ
411 2572 563 2626 οῐκου
621 2571 811 2637 αὑτοῦ,
870 2573 964 2626 καὶ
1004 2572 1065 2626 τδ
1131 2572 1338 2627 δίκαιον
1384 2572 1686 2643 κληθῆναι·

151 2662 228 2713 καὶ
269 2667 351 2716 τὸν
383 2663 638 2735 Ἀϐραὰμ
670 2664 1057 2735 παιδοποιῆσαι
1086 2668 1152 2720 ἐκ
1196 2666 1297 2735 τῆς
1345 2667 1584 2737 Σὰρῤας.
1615 2666 1688 2718 Τὸ

153 2752 233 2819 μὲν
263 2748 347 2806 οὖν
367 2770 384 2786 ο
423 2755 752 2810 Ἀπέθανον
773 2750 940 2811 οὗτοι
961 2755 1205 2821 πάντες,
1233 2757 1384 2823 δέξαι
1407 2757 1531 2810 ἀντὶ
1557 2755 1651 2809 τοῦ
1667 2773 1685 2790 ο

152 2842 539 2915 Οἰτεθνηκότες,
572 2846 997 2917 ὑπεξῃρημένου
1030 2847 1229 2918 δηλαδὴ
1254 2846 1346 2900 τοῦ
1383 2847 1458 2917 μὴ
1492 2847 1690 2911 ἰδόντος

153 2933 368 2991 θάνατον.
397 2938 439 2990 Τ
441 2937 469 2990 δ
500 2938 559 2991 δὲ
614 2939 691 3008 μὴ
724 2939 912 2991 λαϐεῖν
946 2939 1049 3003 τὰς
1082 2939 1438 3007 ἐπαγγελίας,
1488 2938 1689 3009 ἀληθὲς

152 3026 258 3096 περὶ
286 3027 493 3082 πάντων
518 3028 840 3099 λεγόμενον.
872 3030 947 3085 Οὐ
976 3030 1086 3099 γὰρ
1119 3030 1211 3083 ἐπὶ
1243 3029 1455 3093 τούτοις
1507 3031 1689 3101 μόνοις

149 3118 553 3192 δμεγαλόδωρος
582 3121 719 3185 Θεὸς
768 3122 981 3176 διέλυσε
1013 3122 1140 3185 τοὺς
1170 3121 1397 3192 μισθοὺς
1430 3122 1540 3175 τῶν
1589 3140 1688 3193 με·

1790 655 1989 714 tempus
2037 650 2260 714 veniam,
2281 660 2328 704 et
2346 651 2448 705 erit
2476 649 2691 705 Sari-lue
2714 651 2880 720 ﬁlius.

1861 825 2023 882 Vens.
2061 827 2147 882 12.
2186 828 2411 895 Propter
2445 829 2586 899 quod
2613 838 2663 884 et
2713 829 2778 884 ab
2827 847 2931 885 una
2962 832 3064 886 orti
3093 844 3236 900 sunt,
3275 851 3365 887 eo-

1789 937 1885 989 que
1907 931 2159 986 emortuo,
2184 932 2434 991 tanquam
2460 924 2635 978 sidera
2658 924 2775 979 εωίὶ
2803 928 2856 980 in
2882 925 3291 993 multitudinem,
3313 940 3364 984 et

1789 1014 1924 1066 sicut
1946 1030 2109 1068 arena
2135 1031 2247 1082 qua’
2265 1013 2428 1069 estad
2447 1032 2595 1069 oram
2615 1020 2776 1071 maris
2802 1019 3224 1075 innumerabilis.
3247 1020 3362 1076 Non

1793 1107 1893 1158 hoc
1924 1112 2136 1159 tantum
2159 1104 2336 1160 eﬂ'ecit
2362 1106 2492 1162 lides
2525 1117 2581 1160 ut
2615 1111 2807 1177 pariat.
2854 1125 3044 1164 verum
3087 1112 3250 1166 etiam
3307 1122 3366 1165 ut

1792 1203 1869 1249 tot
1909 1205 2041 1267 quot
2077 1213 2143 1252 ne
2186 1197 2433 1254 fecunda:
2466 1200 2684 1269 quidem
2718 1200 2993 1255 mulieres.
3018 1201 3205 1272 Itaque
3258 1203 3368 1257 duo

1791 1288 1881 1342 bic
1906 1296 2034 1342 sunt
2086 1289 2374 1345 miracula.
2409 1290 2691 1357 Quomodo
2741 1302 2919 1347 autem
2952 1293 3172 1350 fuerunt
3204 1296 3367 1350 inmt-

1790 1381 2277 1438 merabiles?Nam
2354 1383 2497 1439 haud
2588 1399 2715 1438 raro
2774 1388 3222 1442 numerabantur.
3254 1392 3362 1443 Aut

1792 1472 1958 1542 igitur
1989 1474 2093 1528 hoc
2118 1474 2466 1545 hyperbolice
2489 1474 2696 1531 dictum
2731 1485 2839 1540 est,
2864 1477 3018 1546 juxta
3073 1478 3371 1547 Scriptura:

1793 1566 2264 1627 consuetudinem,
2298 1575 2355 1620 ut
2386 1567 2516 1621 illud
2559 1584 2574 1621 :
2623 1567 2858 1622 Vidimus
2900 1570 3053 1623 urbes
3090 1576 3158 1623 ad
3184 1570 3371 1623 emtum

1792 1669 1955 1721 usque
2013 1652 2228 1708 eductus
2275 1653 2322 1684 “
2353 1670 2373 1708 :
2428 1663 2523 1709 aut
2584 1655 2730 1724 quod
2784 1671 3000 1725 semper
3072 1668 3371 1712 nascantur

1790 1746 1904 1810 alii,
1940 1744 2061 1800 ideo
2097 1746 2494 1800 innutnerabile
2514 1746 2668 1800 dixit.

1869 1836 2030 1893 Vens.
2070 1837 2159 1892 15.
2197 1835 2371 1891 Juxta
2395 1836 2553 1906 ﬁdem
2591 1837 2826 1907 defuncti
2867 1820 3218 1892 sunt-.omues
3259 1838 3371 1904 isti,

1790 1945 1894 1982 non
1924 1929 2147 1997 acceptis
2182 1929 2693 1996 repromissionibus.
2744 1929 2863 1984 Duo
2898 1930 2985 1984 hic
3005 1939 3325 1998 quaeruntur
3352 1947 3369 1984 :

1789 2018 2075 2087 Quomodo
2097 2036 2222 2073 cunt
2246 2019 2313 2075 de
2351 2019 2533 2074 Enoch
2564 2020 2828 2076 dixisset:
2868 2018 3181 2075 Translatus
3204 2030 3284 2074 est
3313 2036 3375 2075 ne

1788 2113 1983 2168 videret
2041 2122 2284 2178 mortem,
2325 2129 2473 2168 nunc
2505 2111 2673 2175 dicat,
2727 2111 2928 2165 Mortui
2960 2120 3084 2164 sunt
3140 2111 3233 2165 isti
3263 2126 3377 2163 ont-

1788 2204 1916 2259 nes?
1940 2203 2017 2258 Ac
2047 2219 2260 2270 rursus,
2295 2205 2387 2274 qui
2419 2203 2620 2258 dixerit
2648 2219 2815 2266 nunc,
2838 2220 2934 2259 eos
2960 2219 3068 2258 non
3098 2204 3376 2273 accepisse

1789 2296 2203 2367 promissiones,
2241 2312 2364 2352 cum
2392 2296 2624 2351 Abelttm
2677 2306 2860 2351 tamen
2911 2297 3091 2350 adhuc
3121 2296 3270 2364 loqui
3300 2294 3379 2350 ai-

1788 2390 2038 2457 ﬁrmarit,
2097 2389 2539 2459 quandoquidem
2587 2388 2729 2456 apud
2774 2399 3003 2443 cunctos
3032 2388 3379 2442 celebretur?

1788 2482 1997 2539 Deinde
2044 2483 2219 2552 ipsum
2258 2480 2441 2537 Enoch
2471 2482 2797 2535 translatum
2824 2496 2965 2543 esse,
2992 2495 3055 2534 ac
3082 2478 3195 2534 Noe
3237 2494 3381 2534 mer-

1790 2574 1976 2630 cedem
2031 2573 2327 2638 accepisse.
2370 2582 2429 2626 ut
2457 2580 2877 2626 conservaretur
2911 2571 3029 2640 ipse
3067 2585 3189 2624 cum
3216 2569 3379 2624 domo

1792 2683 1911 2733 sua,
1951 2674 2006 2721 et
2071 2676 2130 2720 ut
2157 2666 2343 2732 justus
2378 2672 2676 2718 vocaretur
2711 2680 2726 2718 :
2786 2664 3160 2718 Ahrahamum
3213 2662 3377 2717 etiam

1791 2758 1993 2813 liberos
2016 2771 2336 2827 procreasse
2386 2771 2450 2811 ex
2484 2754 2705 2809 Sarrha.
2747 2753 2979 2809 Proinde
3012 2752 3197 2819 istud;
3232 2751 3381 2805 Hor-

1790 2853 1868 2905 tui
1894 2861 2014 2904 sunt
2063 2850 2154 2903 isti
2183 2864 2384 2913 omnes,
2462 2846 2651 2916 accipe
2704 2861 2844 2916 pro:
2908 2845 3100 2898 δίει-ιιιὶ
3155 2843 3375 2912 quidem

1790 2952 1938 3009 sunt,
1982 2954 2209 3012 excepto
2266 2956 2332 2996 eo
2381 2940 2475 3009 qui
2533 2947 2762 2992 mortem
2799 2953 2910 2993 non
2947 2938 3103 2993 vidit.
3135 2938 3204 2991 At
3245 2952 3378 2991 vero

1789 3034 1933 3105 quod
1975 3049 2081 3088 non
2111 3033 2424 3102 acceperint
2487 3028 2911 3100 promissiones,
2941 3044 3069 3083 vere
3100 3028 3170 3083 de
3199 3027 3381 3083 omni-

1789 3125 1892 3180 bus
1917 3124 2118 3178 dictum
2170 3131 2272 3178 est.
2300 3120 2420 3177 Non
2450 3120 2598 3176 enim
2646 3135 2746 3190 per
2772 3120 2888 3174 ιιιεε
2916 3128 3126 3173 tantum
3157 3118 3378 3173 muniti-

151 3210 303 3276 γάλων
330 3213 593 3282 καμάτων
621 3213 722 3281 τῆς
752 3214 1019 3277 πίστεως,
1051 3212 1132 3283 τῷ
1169 3213 1269 3284 μὲν
1306 3214 1472 3266 ’Ἅϐελ
1505 3216 1597 3267 ἐπὶ
1621 3217 1685 3285 τῇ

1799 3215 2169 3273 eentisssimus
2188 3214 2328 3270 Deus
2350 3213 2614 3284 persolvit
2632 3228 2949 3283 magnorum
2989 3211 3108 3266 ﬁdei
3133 3211 3380 3266 laborum

151 3302 259 3371 παρ’
284 3301 589 3373 ἀνθρώποις
621 3304 771 3375 δόξῃ,
791 3304 869 3375 τῷ
895 3304 952 3358 δὲ
968 3303 1142 3376 Ἑνὼχ
1169 3303 1265 3358 ἐπὶ
1287 3306 1352 3376 τῇ
1378 3306 1689 3374 μεταθέσει,

150 3389 214 3459 τῷ
231 3391 279 3443 δὲ
298 3392 413 3445 Νῶε
444 3393 539 3447 ἐπὶ
568 3396 641 3466 τῇ
668 3396 732 3448 ὲκ
758 3394 853 3448 τοῦ
881 3394 1274 3466 κατακλυσμοῦ
1306 3395 1575 3466 σωτηρίᾳ,
1595 3398 1693 3450 καὶ

152 3480 217 3552 τῷ
245 3483 481 3559 ’Δϐραὰμ
536 3487 636 3540 ἐπὶ
693 3490 759 3557 τῇ
809 3487 1126 3559 παιδοποιῖᾳ
1155 3505 1168 3519 ·
1205 3487 1342 3541 ἀλλὰ
1401 3487 1583 3558 δῆλον,
1616 3488 1695 3551 ὡς

152 3573 295 3627 ταῦτα
323 3575 417 3644 μὲν
445 3576 705 3647 γεύματα
747 3576 841 3630 καὶ
867 3577 1193 3648 ἀρραϐῶνές
1223 3580 1330 3631 εἰσι
1374 3578 1484 3632 τῶν
1502 3578 1695 3648 ἀληθιο

152 3661 238 3715 νῶν
276 3664 637 3735 ἐπαγγελιῶν,
670 3665 760 3721 διὰ
790 3667 920 3731 τοὺς
981 3667 1357 3739 μικροψύχους
1402 3669 1551 3739 ἡμᾶς
1579 3671 1695 3732 τοῖς

152 3755 299 3823 ἁγίοις
324 3759 706 3831 προδιδόμενα,
741 3759 829 3813 ἵνα
858 3759 968 3813 ἀπὸ
1015 3758 1222 3813 τούτων
1254 3759 1351 3813 καὶ
1380 3774 1511 3829 περι
1544 3759 1690 3813 ὲκεί-

154 3863 240 3901 νων
260 3850 619 3922 πιστεύωμεν.
652 3850 823 3906 Ἀλλα
850 3851 907 3904 δέ
939 3867 1064 3904 τινα
1111 3850 1344 3921 μεγάλα,
1395 3853 1490 3904 καί
1539 3850 1575 3904 ἃ
1600 3851 1694 3904 ἐπὶ

152 3939 346 4008 καρδίαν
373 3940 669 4013 ἀνθρώπου
695 3941 796 3995 οὐκ
833 3940 1025 4010 ἀνέϐη,
1056 3940 1388 4011 ἡτοίμασται
1417 3941 1624 4006 αὐτοῖς,
1659 3940 1696 3995 ἃ

152 4030 278 4085 οὔπω
297 4032 498 4097 ἔλαϐον.
532 4033 730 4105 ῶσπερ
757 4034 855 4088 καὶ
883 4035 913 4088 δ
956 4032 1167 4105 Κύριός
1195 4051 1364 4104 φησιν
1392 4035 1450 4086 ὲν
1476 4033 1554 4105 τῷ
1587 4034 1693 4086 Εὐ-

152 4125 377 4195 αγγελίῳ,
424 4127 485 4182 ὲν
513 4125 596 4194 τῷ
626 4124 722 4181 νῦν
754 4125 914 4181 αἰῶνι
953 4126 1493 4180 ἑκατονταπλασίονα
1531 4125 1694 4195 λήψε-

155 4211 255 4267 σθαι
284 4216 367 4271 τδν
391 4217 837 4290 ἀποταξάμενον,
867 4217 964 4272 καὶ
1019 4219 1077 4272 ὲν
1113 4216 1190 4290 τῷ
1249 4217 1501 4289 μέλλοντι
1549 4217 1696 4290 ζωὴν

152 4303 353 4363 αἰώνιον.

215 4484 382 4540 'aua
427 4487 740 4557 πόρῤωθεν
767 4480 956 4555 αὐτὰς
991 4486 1226 4553 ἰδόντες
1252 4486 1355 4542 καί
1400 4487 1693 4544 ἀσπασά-

1795 3307 2095 3371 mercedes,
2132 3307 2304 3361 Abelo
2336 3305 2558 3377 quidem
2611 3320 2707 3375 per
2738 3304 2968 3374 gloriam
3024 3302 3167 3373 apud
3204 3302 3382 3357 homi-

1794 3398 2121 3464 nes,Enoch
2152 3414 2284 3454 vero
2332 3413 2428 3468 per
2478 3395 2915 3457 translationem,
2954 3403 3069 3447 tum
3119 3392 3234 3447 Noe
3276 3391 3380 3460 ipsi

1796 3507 1891 3560 per
1927 3490 2408 3546 conservationem
2442 3503 2509 3543 ex
2536 3487 2769 3548 diluvio,
2793 3486 2993 3540 deinde
3024 3484 3257 3540 Abrahae
3288 3499 3382 3552 per

1795 3580 1889 3634 lilii
1940 3580 2374 3650 procreationem
2419 3595 2433 3632 :
2493 3591 2684 3630 verum
2736 3574 3093 3645 perspicuum
3125 3582 3210 3627 est
3264 3573 3380 3626 haec

1793 3686 1918 3727 esse
1944 3670 2112 3724 veluti
2136 3678 2334 3740 gustus
2364 3667 2635 3738 quosdam
2672 3674 2727 3720 et
2756 3662 3094 3718 arrhabones
3124 3675 3379 3715 verarum

1795 3765 2252 3837 promissionum,
2313 3770 2537 3834 propter
2584 3758 3094 3831 pusillanimilatetn
3129 3764 3382 3810 nostram

1793 3857 1999 3913 sanctis
2026 3856 2179 3927 prius
2202 3853 2424 3915 tradita,
2459 3861 2519 3906 ut
2549 3852 2617 3905 ab
2652 3850 2739 3906 his
2772 3848 2945 3914 docti,
2975 3846 3043 3903 de
3073 3845 3182 3901 illis
3214 3845 3380 3900 etiam

1795 3950 1851 4004 in
1885 3948 1989 4004 ﬁde
2009 3948 2312 4003 lit-tuemur.
2338 3945 2458 4001 Alia
2490 3958 2657 4016 porro
2729 3933 2980 4012 quaedam
3035 3938 3386 4010 ingentia,et

1794 4057 1916 4112 quae
1963 4042 2014 4095 in
2068 4040 2424 4095 corhominis
2494 4053 2606 4092 non
2663 4050 2769 4090 con
2790 4033 3150 4094 scenderunt,
3194 4037 3384 4100 parata

1795 4142 1926 4190 sunt
1959 4134 2061 4198 eis,
2099 4146 2222 4201 quas
2252 4131 2493 4185 nondum
2537 4131 2899 4197 acceperunt,
2940 4122 3085 4180 sicut
3119 4129 3174 4178 et
3199 4121 3386 4176 Domi-

1796 4242 1901 4280 nus
1928 4225 2067 4279 dixit
2091 4225 2147 4279 in
2174 4223 2488 4293 Evangelia,
2523 4220 2638 4275 fore
2668 4229 2726 4274 ut
2756 4219 2805 4275 is
2883 4217 2979 4285 qui
3024 4214 3280 4272 omnibus
3304 4228 3391 4283 re-

1795 4319 2124 4382 nuntiasset,
2155 4316 2468 4385 centuplum
2502 4313 2559 4368 in
2620 4312 2726 4367 hoc
2789 4309 2994 4366 steculo
3016 4308 3287 4377 reciperet
3316 4304 3386 4373 ⁸⁷,

1796 4422 1851 4466 ει
1873 4409 2037 4463 vitam
2060 4419 2318 4464 aeternam
2346 4407 2401 4461 in
2437 4405 2641 4459 futuro.

1865 4500 1969 4558 Sed
2002 4517 2037 4557 a
2080 4502 2230 4572 longe
2255 4517 2346 4554 eas
2396 4499 2703 4567 aspicientes
2752 4507 2802 4551 et
2847 4495 3170 4551 salutantes.
3208 4490 3381 4562 736

149 4590 307 4641 μενοι.
354 4580 623 4635 Ἐνταῦθα
680 4579 979 4635 αἰνίττεται
1037 4580 1238 4644 αὐτοὺς
1280 4581 1351 4635 τὰ
1398 4584 1529 4653 περί
1592 4583 1691 4654 τῆς

1799 4593 2109 4660 Hicinnuit
2148 4607 2244 4647 eos
2303 4591 2372 4646 de
2441 4604 2607 4659 regno
2662 4589 2955 4651 caelorum,
3012 4592 3068 4641 et
3098 4597 3392 4639 resurrec-.

156 4666 397 4734 βασιλείας
421 4672 538 4727 τῶν
566 4672 835 4742 οὐρανῶν,
897 4671 996 4727 καὶ
1038 4675 1141 4743 τῆς
1175 4672 1545 4741 ἀναστάσεως,
1598 4674 1695 4728 καὶ

155 4756 247 4811 τῶν
287 4761 542 4834 ἀρρήτων
600 4764 826 4832 ἀγαθῶν
865 4765 1145 4836 μυστήρια
1199 4765 1296 4819 καὶ
1360 4766 1571 4830 ἰδόντας
1597 4766 1696 4820 καὶ

155 4849 564 4922 ἀσπασαμένους,
592 4855 871 4910 τουτέστιν
899 4856 1190 4928 ῂσθέντας,
1237 4857 1349 4911 ἀπὸ
1382 4860 1698 4930 μεταφορᾶς

154 4939 246 4992 τῶν
265 4942 548 5007 πλεόντων,
573 4945 668 4999 καὶ
697 4946 980 5017 πόρρωθεν
1001 4947 1258 5019 δρώντων
1279 4950 1468 5012 πόλεις
1499 4950 1698 5004 ποθου-

157 5030 317 5098 μένας,
343 5034 407 5098 ἃς
431 5036 569 5107 πρὶν
592 5036 625 5108 ἢ
654 5036 921 5093 εἰσελθεῖν
948 5039 1030 5102 εἰς
1060 5039 1250 5107 αὐτὰς,
1286 5041 1697 5112 προφθάνοντες

154 5124 444 5185 οἰκιιοῦνται
466 5134 538 5203 τῇ
558 5133 966 5204 προσρήσει.Ἦ
993 5134 1237 5199 καὶτοὺς
1267 5136 1398 5207 περὶ
1441 5137 1699 5209 Ἀϐραάμ

154 5232 313 5287 φησιν,
341 5223 419 5277 ὃτι
448 5225 608 5279 αὐτοὶ
631 5224 732 5295 μὲν
764 5227 866 5279 οὐκ
890 5224 1084 5279 ἔλαϐον
1112 5225 1212 5291 τὰς
1232 5228 1572 5296 ἐπαγγελίας
1593 5228 1696 5292 τὰς

154 5310 263 5380 περὶ
296 5314 389 5384 τῆς
414 5320 543 5387 γῆς,
573 5317 860 5389 πόρρωθεν
908 5317 967 5371 δὲ
1020 5318 1268 5390 προεῖδον
1301 5319 1496 5385 αὐτὰς,
1534 5337 1697 5374 τουτ-

153 5398 271 5467 έστι,
293 5405 393 5477 πρὸ
422 5409 707 5479 τεσσάρων
733 5409 973 5478 γενεῶν*
1001 5410 1085 5463 ὅτι
1105 5411 1156 5464 οἱ
1178 5409 1394 5478 ἔκγονοι
1425 5412 1608 5468 αὐτῶν
1638 5413 1697 5481 ἐξ

152 5491 404 5562 Αἰγύπτου
425 5501 671 5565 ἀνιόντες
694 5500 1169 5573 κληρονομήσουσι
1196 5502 1421 5567 ταύτας.
1454 5504 1610 5575 Αὕτη
1638 5504 1699 5558 δὲ

246 5672 287 5705 ⁵⁸
310 5673 468 5732 Νιιιιι.
490 5694 607 5747 aut,
627 5679 719 5735 29.
794 5682 838 5714 "
864 5678 1054 5738 Matth.
1081 5696 1194 5751 xu,
1223 5681 1315 5740 29.

1799 4688 1967 4752 tione,
1998 4694 2053 4741 ει
2075 4673 2436 4740 ἰήεἰῒιὼίιίὶιιισ
2496 4681 2655 4738 bouis
2706 4681 2963 4752 mysteria
3028 4686 3146 4733 tum
3181 4676 3378 4731 vidisse

1809 4788 1926 4832 tum
1961 4777 2255 4841 salutasse,
2319 4776 2426 4830 hoc
2475 4783 2561 4831 est
2624 4774 2885 4840 sensisse,
2937 4780 3154 4841 sumpta
3212 4779 3386 4822 meta-

1804 4869 1975 4939 phora
2021 4882 2052 4921 a
2105 4866 2495 4935 navigantibus
2529 4875 2584 4920 et
2615 4865 2804 4936 procul
2836 4863 3196 4919 cernentibus
3225 4859 3393 4914 urbes

1807 4961 2165 5028 desideratas,
2190 4974 2346 5030 quas,
2383 4960 2706 5028 priusquam
2759 4957 3140 5026 ingrediantur
3187 4953 3240 5008 in
3270 4966 3386 5015 eas,

1808 5051 2204 5124 przcvenientes
2259 5048 2610 5104 familiariter
2663 5047 2932 5102 salutant.
2990 5045 3085 5101 Vel
3139 5042 3384 5097 Abraha-

1806 5159 1955 5199 mum
1985 5159 2112 5199 cum
2133 5158 2227 5198 sua
2259 5142 2451 5198 sobole
2496 5156 2598 5198 sua
2662 5138 2939 5210 intelligit,
2997 5136 3251 5207 quoniam
3279 5132 3386 5201 ipsi

1804 5249 1915 5290 non
1937 5245 2263 5304 acceperunt
2281 5232 2678 5304 promissiones
2716 5231 2787 5286 de
2845 5239 3008 5294 terra,
3040 5241 3070 5280 a
3102 5225 3262 5293 longe
3287 5236 3382 5275 aus

1803 5334 1913 5382 tem
1946 5324 2312 5395 pratviderunt
2339 5338 2455 5388 eas,
2494 5325 2598 5378 hoc
2638 5330 2745 5385 est,
2802 5326 2929 5374 ante
2963 5324 3201 5387 quatuor
3221 5326 3374 5384 gene.

1801 5415 2044 5470 rationes
2080 5429 2096 5469 :
2131 5412 2276 5485 quod
2312 5411 2519 5483 posteri
2556 5425 2747 5467 eorum
2794 5424 2860 5465 ex
2914 5406 3149 5478 [Egypto
3183 5417 3388 5458 ascen-

1810 5507 2055 5574 dentes,’
2090 5496 2464 5563 luereditatein
2514 5500 2971 5560 earumadirent.
3021 5496 3149 5554 llaec
3205 5501 3394 5561 autem

1488 5772 1691 5836 Varie)
1720 5772 2054 5839 lectiones.

211 5863 255 5902 “
280 5868 335 5939 ἐξ
367 5885 419 5925 o.
493 5872 537 5909 ³⁸
561 5871 820 5937 λαϐόντες
850 5890 905 5929 ο.
