3860 6566
158 437 275 498 3ὗῖ
840 429 1243 492 EXPOSITIO
1272 424 1357 489 IN
1395 421 1642 487 EPIST.
1690 419 1792 479 AD
1823 413 2223 478 HEBREOS.
2270 433 2342 445 --
2383 407 2543 470 CAP.
2584 403 2694 465 XI.
3327 394 3436 461 354

158 551 306 614 λίας
354 543 690 614 δεξάμενος
728 543 805 609 ⁸⁸,
855 544 1007 613 πρὸς
1052 544 1126 597 ὃν
1172 540 1445 608 ἐλαλήθη
1472 557 1487 571 ο
1515 537 1640 591 ’Ὁτι
1684 535 1754 589 ἐν

1891 529 2230 585 romissiones
2263 530 2560 592 acceperat,
2602 519 2672 574 ad
2722 532 2876 590 quem
2926 515 3130 570 dictum
3182 521 3334 575 erat;
3374 513 3442 568 In

172 607 401 693 Ἰσαὰκ
442 607 823 704 κληθήσεταί
870 607 997 688 σοι’
1021 633 1261 702 σπέρμα
1284 650 1299 663 ο
1352 607 1766 698 Λογισάμενος

1890 621 2031 676 lsaae
2059 619 2333 675 vocabitur
2354 616 2450 671 tibi
2472 629 2670 669 semen.
2700 611 2985 667 Arbitrum
3004 607 3144 680 quod
3173 617 3220 661 et
3239 623 3273 661 a
3300 622 3443 660 mor-

159 731 257 784 ὅτι
290 729 391 783 και
420 728 488 782 ἐκ
514 687 748 795 rixis.
768 687 1309 796 έμίρεινδυὲἑιτὸς
1335 725 1368 777 δ
1400 687 1767 786 θὲός.’τοῠτο

1896 714 1978 767 uis
1996 711 2255 766 suscitare
2277 720 2461 778 potens
2497 707 2566 760 sit
2600 704 2762 758 Deus.
2829 700 2946 757 [loc
2970 715 3104 756 sane
3152 699 3309 753 valde
3357 705 3446 751 est
3507 687 3515 693 ’

156 821 223 874 τὸ
252 820 599 888 θαυμαστὸν,
622 787 710 872 6st
737 787 924 887 ἕτερον
950 813 1026 885 μὴ
1052 813 1193 885 ἔχων
1218 787 1403 874 παῖδα,
1425 801 1570 865 διὀὗ
1599 824 1767 879 προσ-

1890 801 2280 865 tdmirandum,
2312 798 2457 869 quod
2484 811 2610 850 cum
2644 795 2811 849 alium
2844 807 2955 847 non
2993 791 3218 844 haberet
3252 787 3444 852 illium,

163 912 340 965 εδόκα
371 910 473 979 τὴν
508 905 844 976 ἐπαγγελίαν
877 905 1231 973 ὲκόήσεσθαι.
1268 902 1406 956 ἀλλὰ
1440 900 1630 955 τοῦτον
1667 896 1767 968 μό·

162 1020 282 1065 νον,
311 1004 468 1071 ὅμως
498 1000 873 1072 προσήνεγκεν
897 996 1081 1049 αὐτόν.
1111 994 1284 1049 Πόθεν
1306 992 1471 1063 γοῦνς
1497 990 1606 1046 ἀπὸ
1635 989 1768 1043 πολ-

160 1094 266 1164 λῆς
293 1093 563 1155 πίστεως.
594 1090 915 1143 Ἐπίστευσε
943 1089 1053 1159 γὰρ
1086 1088 1168 1141 ὅτι
1202 1085 1425 1140 δύναται
1445 1086 1473 1138 6
1504 1082 1636 1146 Θεὸς
1671 1081 1768 1135 καὶ

166 1185 319 1255 μετὰ
360 1183 424 1237 τὸ
466 1182 767 1253 σφαγῆναι,
814 1181 878 1234 ὲκ
921 1177 1133 1250 νεκρῶν
1178 1176 1399 1247 ἐγείρας
1442 1173 1625 1239 αὐτὸν,
1668 1169 1770 1242 τὴν

184 1271 532 1341 ἐπαγγελίαν
562 1269 886 1342 πληρῶσαι,
922 1269 1017 1323 καὶ¹
1046 1265 1114 1321 δι’
1137 1264 1303 1322 αὐτοῦ
1336 1261 1771 1324 ἀναϐεϐιωκότος

185 1365 470 1437 πληθύναι
499 1363 563 1418 τὸ
597 1364 840 1434 σπέρμα.
876 1362 999 1425 Πῶς
1031 1360 1089 1414 δὲ
1127 1355 1420 1430 μονογενὴς
1450 1352 1519 1428 ἦν
1551 1355 1735 1408 Ἰσαὰκ
1754 1392 1771 1418 ,

170 1460 385 1527 ὃπουγε
431 1456 529 1510 καὶ
567 1454 659 1510 τὸν
690 1452 916 1525 Ἱσμαὴλ
961 1447 1112 1524 εἶχε;
1151 1449 1290 1504 Ἀλλ’
1313 1450 1437 1505 ὅσον
1479 1446 1623 1502 κατὰ
1668 1445 1760 1499 τὸν

170 1551 516 1620 ἐπαγγελίας
546 1549 704 1615 λόγον
742 1547 1060 1620 μονογενήςσ
1098 1537 1252 1607 οὗτος
1286 1543 1395 1614 γὰρ
1431 1542 1524 1595 καὶ
1559 1539 1764 1611 κυρίως

175 1647 431 1716 σπέρμα.
461 1644 560 1697 Ἐν
584 1642 790 1697 Ἰσαὰκ
823 1638 933 1711 γὰρ
966 1634 1340 1706 κληθήσεταί
1373 1648 1475 1688 σοι
1507 1630 1769 1702 σπέρμα.

253 1828 441 1882 Ὅθεν
476 1822 660 1878 αὑτὸν
704 1820 801 1876 καί
847 1819 918 1874 ἐν
957 1815 1275 1888 παραϐολῇ
1315 1816 1658 1886 ἐκομίσατο.
1704 1812 1771 1866 Τί

1876 910 1975 965 per
2008 907 2169 963 quem
2213 888 2639 961 promissionem
2675 884 2897 940 evenire
2926 888 3195 951 speraret,
3252 887 3450 949 prazter

1875 986 2023 1041 hunc
2077 983 2278 1047 solum,
2335 996 2459 1034 eum
2505 985 2683 1032 tamen
2701 975 2979 1031 obtulerit.
3015 972 3167 1028 Unde
3201 970 3451 1026 scilicet?

1876 1095 1940 1135 ex
1975 1077 2144 1131 multa
2184 1085 2241 1129 et
2271 1072 2479 1144 ingenti
2510 1071 2637 1127 ﬁde.
2668 1069 2913 1125 Credidit
2934 1069 3077 1124 enim
3108 1066 3251 1137 quod
3274 1064 3451 1136 possit

1876 1171 2020 1226 Deus
2050 1176 2172 1237 post
2204 1167 2427 1230 caedem,
2469 1179 2499 1218 a
2530 1162 2762 1218 mortuis
2794 1163 2912 1232 ipso
2948 1158 3237 1224 suscitato,
3293 1170 3449 1212 com-

1875 1264 2023 1336 plere
2056 1261 2500 1332 promissionem,
2532 1270 2596 1311 ac
2637 1270 2734 1326 per
2763 1255 2942 1324 ipsum
2973 1252 3272 1307 redivivum
3302 1250 3448 1303 mul-

1875 1354 2123 1424 tiplicare
2154 1366 2363 1407 semen.
2394 1347 2686 1414 Quomodo
2751 1355 2931 1409 autem
2984 1342 3298 1414 unigenitus
3330 1347 3451 1396 erat

1874 1445 2049 1511 Isaac,
2085 1460 2209 1499 eum
2241 1452 2293 1497 et
2321 1439 2598 1495 lsmaclem
2657 1435 2918 1491 haberet?
2942 1435 3012 1488 At
3059 1443 3332 1504 quatenus
3380 1431 3448 1486 ad

1877 1537 2295 1609 promissionem
2319 1533 2575 1604 pertinet,
2600 1528 2914 1598 unigenitns
2931 1533 3048 1581 erat
3074 1525 3196 1578 :ille
3216 1536 3452 1593 namque

1878 1628 2095 1699 proprie
2124 1642 2311 1682 semen
2346 1630 2485 1681 erat.
2531 1621 2598 1676 In
2642 1619 2803 1675 Isaac
2863 1619 3003 1673 enim
3046 1617 3319 1672 vocabitur
3356 1615 3452 1668 tibi

1879 1737 2078 1775 semen.

1953 1811 2102 1868 Unde
2134 1821 2182 1866 et
2210 1812 2381 1878 ipsum
2408 1810 2463 1863 in
2486 1804 2743 1882 parabole
2766 1801 2987 1873 accepit.
3017 1800 3157 1867 Quid
3190 1807 3274 1855 cst
3303 1797 3450 1867 quod

179 1924 303 1975 ὲττι
343 1876 428 1981 τὸ,
452 1876 895 1984 ἐκ-παραόολῄ
933 1876 1056 1966 ἀντί
1092 1910 1208 1976 τοῦ,
1243 1876 1310 1964 ἐν
1349 1876 1526 1979 τύῖιτῳ,
1566 1908 1646 1969 si;
1685 1905 1761 1959 Iv-

1890 1904 1969 1970 tit,
1996 1903 2057 1958 lu
2080 1876 2337 1972 parabola
2361 1900 2461 1956 7id
2486 1876 2592 1965 est,
2622 1899 2678 1953 in
2727 1896 2920 1967 ﬁgura,
2990 1892 3060 1947 ad
3112 1891 3456 1946 demonstra-

181 2011 358 2077 δειξιν
387 2004 687 2079 μυστηρίου
713 2001 804 2057 τοῦ
833 2000 976 2055 κατὰ
998 2000 1254 2071 Χριστόν.
1277 1997 1489 2066 Ὠσπερ
1514 1995 1623 2065 γὰρ
1647 1992 1768 2079 τότε

182 2105 214 2156 6
246 2101 353 2172 μὲν
381 2078 567 2153 Ἰσαὰκ
592 2095 814 2167 ἀφείθη,
836 2095 866 2148 6
893 2093 950 2147 δὲ
978 2090 1130 2165 κριὸς
1158 2090 1372 2158 ἐσφάγη
1391 2106 1404 2119 ·
1434 2086 1606 2149 οὕτως
1635 2087 1662 2138 6
1690 2078 1769 2145 εἷς

188 2191 459 2265 Χριστὸς,
493 2189 624 2252 Θεὸς
652 2186 728 2241 ὢν
758 2185 856 2239 καὶ
886 2183 1174 2256 ἄνθρωπος
1206 2182 1234 2235 6
1267 2179 1460 2243 αὐτὸς,
1497 2178 1637 2232 κατὰ
1671 2176 1770 2246 μὲν

189 2284 254 2337 τὸ
288 2282 632 2352 ἀνθρώπινον
661 2277 802 2348 ὑπὲρ
833 2275 994 2347 ἡμῶν
1023 2272 1213 2343 ιτύθη,
1245 2274 1278 2342 ὴ
1310 2270 1368 2324 δὲ
1401 2269 1590 2337 Θεότης
1624 2269 1770 2321 ἀπα-

192 2373 296 2444 θὴς
322 2370 584 2441 διέμεινε.
613 2368 723 2421 Καὶ
752 2367 925 2429 ἄλλως
953 2364 1031 2429 δὲ,
1056 2363 1085 2417 6
1112 2362 1364 2434 Ἀδραὰμ
1389 2360 1556 2424 τύπος
1583 2355 1650 2430 ἦν
1675 2355 1769 2411 τοῦ

194 2460 337 2517 Θεοῦ
387 2461 481 2516 καὶ
530 2460 775 2531 Πατρὸς,
825 2460 854 2513 6
884 2455 1072 2511 Ἰσαὰκ
1118 2455 1213 2508 τοῦ
1266 2454 1399 2508 Υίοῦ
1449 2452 1542 2507 τοῦ
1588 2451 1723 2506 Θεοῦ
1751 2467 1765 2481 -

194 2552 392 2620 ἐπειδὴ
425 2550 650 2623 ἔμελλεν
679 2551 706 2602 6
738 2547 870 2611 Θεὸς
899 2545 959 2600 τὸ
995 2543 1138 2615 μέγα
1165 2542 1325 2597 τοῦτο
1353 2542 1448 2595 καὶ
1479 2540 1619 2610 ὑπὲρ
1646 2537 1772 2590 νοῦν

201 2645 507 2718 μυστήριον
544 2637 924 2710 οἰκονομῆσαι,
966 2635 1060 2689 καὶ
1095 2633 1282 2689 δοῦναι
1311 2631 1407 2685 τὸν
1436 2630 1564 2683 Υίὸν
1605 2627 1771 2682 αὑτοῦ

201 2738 347 2807 ὑπὲρ
389 2734 572 2807 ἡμῶν,
622 2731 828 2805 σφόδρα
873 2726 1251 2799 φιλάνθρωπος
1299 2723 1412 2778 ὤν’
1453 2723 1576 2777 οὐδὲ
1617 2721 1774 2775 τοῦτο

197 2827 478 2900 ὴόουλήθη
523 2825 600 2888 ὡς
623 2823 784 2894 χάριν
809 2819 976 2877 αὑτοῦ
1005 2819 1142 2874 ἰδίαν
1163 2816 1370 2883 δοῦναι,
1393 2815 1506 2870 ἀλλ’
1527 2814 1603 2879 ὡς
1627 2815 1776 2883 ὀφει-

200 2916 305 2988 λὴν
336 2914 647 2970 ἀποδοῦναι.
688 2912 901 2969 ὀσανεὶ
932 2910 1157 2965 τοιαῦτα
1193 2909 1369 2980 λέγων
1397 2922 1412 2937 ’
1449 2907 1615 2961 Οὐδὲν
1650 2923 1715 2958 κα
1728 2923 1775 2957 ι-

200 3008 297 3065 νὸν
318 3007 512 3078 δίδωμι
535 3007 601 3072 τῇ
629 3004 947 3076 ἀνθρωπίνῃ
977 3000 1138 3072 φύσει
1168 3001 1310 3067 ὑπὲρ
1335 2998 1505 3067 αὐτῆς
1528 2996 1621 3050 τὸν
1647 2994 1776 3049 Υίόν

204 3117 312 3171 μου
334 3098 501 3153 θύων.
526 3096 585 3150 '0
612 3097 719 3165 γὰρ
742 3092 994 3164 Ἀϐραὰμ
1016 3090 1106 3145 τὸν
1131 3089 1261 3143 Υίὸν
1286 3086 1453 3142 αὐτοῦ
1477 3087 1780 3158 ἀνήνεγκεν

1871 1997 2078 2050 tionem
2150 1991 2397 2063 mysterii
2426 1987 2572 2061 quod
2613 1991 2666 2042 in
2725 1985 2948 2040 Christo
2993 1993 3133 2038 erat.
3175 1979 3244 2034 Ut
3301 1979 3452 2035 enim

1871 2096 1984 2140 tum
2017 2083 2168 2139 Isaac
2197 2080 2461 2137 dimissus
2514 2087 2620 2145 est,
2652 2077 2798 2132 aries
2844 2083 3023 2129 autem
3071 2087 3248 2127 caesus
3303 2088 3319 2126 :
3369 2072 3453 2125 sic

1866 2193 2014 2234 unus
2040 2175 2312 2240 Christus,
2336 2173 2505 2244 quiet
2536 2170 2684 2226 Deus
2728 2179 2811 2223 cst
2850 2178 2902 2221 et
2932 2168 3117 2228 homo,
3143 2161 3451 2219 secundum

1872 2277 2164 2329 humanam
2198 2279 2480 2334 naturam,
2510 2283 2608 2337 pro
2629 2262 3115 2321 nobisimmolatus
3137 2267 3241 2324 est,
3271 2257 3453 2314 Deitas

1871 2379 2004 2420 vero
2051 2370 2250 2434 expers
2308 2359 2582 2432 passionis
2652 2354 3028 2427 permanebat.
3079 2352 3247 2418 Quin‘
3290 2350 3453 2405 etiam

1873 2455 2150 2512 Abraham
2180 2452 2286 2507 fuit
2320 2462 2487 2523 typus
2541 2447 2636 2503 Dei
2686 2445 2886 2508 Patris,
2944 2444 3099 2498 Isaac
3152 2457 3281 2497 vero
3332 2438 3455 2495 Filii

1875 2546 1967 2601 Dei
2007 2561 2023 2599 :
2058 2541 2503 2614 quandoquidem
2532 2539 2677 2595 Deus
2720 2554 2818 2593 ceu
2848 2551 3014 2607 supra
3066 2534 3285 2590 modmn
3343 2533 3458 2588 cle-

1875 2654 2027 2693 mens
2052 2649 2104 2693 et
2129 2636 2426 2707 benignus,
2466 2647 2724 2703 magnum
2755 2630 2859 2686 hoc
2898 2642 2951 2684 ct
2983 2628 3206 2683 humani
3248 2620 3455 2697 ingenii

1873 2739 2092 2800 captum
2128 2741 2474 2797 exsuperans
2506 2726 2824 2795 mysterium
2853 2722 3263 2790 dispensaturus
3287 2725 3456 2781 esset,

1876 2836 1941 2875 ac
1977 2819 2179 2875 Filium
2217 2831 2376 2872 suum
2410 2830 2510 2886 pro
2536 2813 2696 2869 nobis
2731 2813 2991 2877 daturus;
3022 2823 3200 2877 neque
3234 2808 3337 2861 hoc
3357 2822 3459 2860 vo-

1877 2913 1982 2967 luit
2026 2926 2126 2966 ceu
2157 2911 2361 2964 donum
2398 2921 2557 2961 suum
2611 2904 2892 2976 proprium
2963 2918 3029 2956 ex
3062 2900 3235 2970 gratia
3302 2899 3456 2962 dare,

1880 3003 1977 3060 sed
2026 3001 2192 3057 veluti
2227 2999 2472 3055 debitum
2499 2996 2750 3051 reddere.
2797 2992 3030 3048 Perinde
3068 2991 3226 3061 quasi
3259 2989 3407 3043 dicat
3438 3005 3456 3044 :

1878 3098 2022 3154 Nihil
2057 3099 2179 3152 novi
2206 3096 2459 3149 humanae
2489 3098 2698 3146 natura:
2749 3087 3021 3159 impertio,
3050 3085 3243 3139 Filium
3280 3096 3460 3136 meum

202 3192 349 3261 ὑπὲρ
363 3187 497 3259 ἐμοῦ
520 3184 838 3256 σιραγιάσαι.
866 3184 1027 3236 Ὥστε
1058 3180 1157 3252 τὴν
1187 3180 1410 3250 ὀφειλὴν
1439 3176 1776 3246 ἀποδίδωμι,

1890 3206 1980 3261 pro
2007 3188 2123 3260 ipsa
2154 3184 2467 3240 immolatis.
2508 3182 2782 3236 Abraham
2836 3178 2980 3232 enim
3042 3191 3139 3247 pro
3175 3188 3261 3228 me
3311 3182 3366 3227 et
3406 3173 3469 3226 in'

201 3283 265 3335 οὐ
302 3282 465 3352 χάριν
496 3278 709 3348 δίδωμι.
734 3276 805 3329 Ἦ
834 3274 917 3340 τὸ,
953 3274 1025 3329 ἐν
1052 3269 1386 3341 παραϐολῇ,
1420 3269 1541 3324 ἀντὶ
1569 3267 1686 3333 τοῦ,
1724 3270 1783 3321 ὲν

203 3373 284 3446 τῷ
317 3371 458 3444 κριῷ
493 3370 792 3441 ἐκομίσατο
822 3367 985 3420 αὑτὸν
1013 3367 1043 3419 6
1070 3363 1353 3436 Ἀϐραὰμ,
1382 3362 1692 3427 τουτέστιν,
1726 3362 1786 3415 ὲν

202 3469 273 3537 τῇ
299 3467 396 3519 ἀντ
406 3464 565 3517 ιδὸσει
583 3461 677 3517 τοῦ
701 3459 857 3532 κριοῦ
874 3475 891 3491 ο
913 3457 975 3522 ὃς
996 3457 1151 3529 κριὸς
1172 3456 1341 3519 τύπος
1364 3450 1433 3526 ἦν
1455 3454 1550 3508 τοῦ
1575 3454 1783 3518 Ἰσαὰκ,

204 3558 511 3620 τουτέστιν,
546 3552 838 3616 ἀντίτυπος
865 3549 960 3604 τοῦ
995 3548 1181 3603 Ἰσαὰκ
1209 3547 1448 3617 ὶσφάγη.

281 3737 490 3789 Πίστει
521 3731 654 3802 περὶ
682 3732 1034 3803 μελλόντων
1063 3729 1407 3798 εὐλόγησεν
1441 3725 1650 3782 Ἰσαὰκ
1680 3729 1787 3780 τίν

220 3828 434 3887 Ἰακὼϐ
460 3826 561 3881 καί
589 3826 698 3880 τὸν
724 3823 931 3880 Ἠσαῦ.
962 3822 1134 3877 Πόθεν
1163 3822 1271 3894 γὰρ
1305 3821 1644 3890 ὲπηγγέλετο
1674 3821 1786 3881 τοῖς

209 3922 350 3983 nlui;
384 3918 552 3973 αὐτοῦ
583 3916 821 3972 τοσαῦτα
859 3914 1041 3985 ἀγαθὰ
1081 3913 1244 3978 αὐτὸς
1282 3916 1341 3968 ὲν
1378 3913 1517 3986 ξένῳ
1537 3913 1584 3947 ⁵⁸
1616 3911 1789 3986 καθή-

212 4027 410 4084 μενος,
439 4012 490 4063 εί
521 4008 597 4080 μὴ
628 4007 978 4072 ἐπίστευσεν,
1007 4006 1091 4060 δτι
1117 4007 1146 4059 6
1173 4003 1306 4068 Θεὸς
1332 4002 1493 4058 δώσει
1519 4003 1589 4058 τὰ
1618 4004 1791 4074 ἐπηγ-

208 4102 306 4173 νῒ
319 4101 490 4175 μένας
514 4100 580 4153 Τί
605 4099 663 4153 δέ
689 4100 826 4166 ἔστι,
851 4095 1378 4168 «aputeum-tur;
1402 4095 1473 4148 Ἦ
1492 4094 1575 4149 ὃτι
1599 4094 1707 4149 τῶν
1733 4097 1790 4149 ἐν

210 4192 293 4265 τῷ
326 4191 577 4264 μέλλοντι
609 4189 797 4253 αἰῶνι,
828 4190 928 4261 τὴν
960 4188 1070 4260 γὰρ
1101 4187 1400 4243 ἀνάστασιν
1431 4186 1659 4259 ᾔδεσαν,
1694 4185 1791 4239 καὶ

211 4282 409 4357 νοηταὶ
433 4278 574 4355 ἦσαν
602 4281 658 4336 αί
691 4278 958 4348 εὐλογίαι,
990 4278 1024 4350 ἢ
1056 4277 1187 4349 περὶ
1214 4276 1322 4331 τῶν
1355 4276 1414 4330 ἐν
1444 4279 1510 4347 τῇ
1543 4277 1614 4346 γῇ
1648 4276 1790 4344 ἁγα-

215 4376 352 4442 θῶν,
398 4369 475 4429 ὧν
514 4372 739 4444 ἔμελλον
777 4369 934 4425 αὐτοὶ
971 4368 1295 4438 λαμϐάνειν,
1341 4367 1374 4438 ἢ
1419 4366 1469 4419 οἱ
1507 4362 1568 4431 ἐξ
1611 4364 1792 4420 αὐτῶν

214 4467 630 4539 τεχθησόμενοι.
667 4462 967 4535 Προτάττει
1008 4461 1066 4516 δὶ
1104 4459 1196 4514 τὸν
1226 4456 1424 4513 Ἰακὼϐ
1467 4456 1563 4511 τοῦ
1596 4454 1789 4520 Ἠσαῦ,

1889 3283 1991 3338 mei
2021 3280 2251 3353 gratiam
2282 3277 2453 3332 lilium
2484 3289 2644 3329 suum
2665 3271 2951 3327 immolare
2972 3267 3250 3324 sustinuit.
3273 3265 3463 3331 Itaque

1887 3351 2131 3423 debitum
2167 3364 2358 3429 reddo,
2382 3377 2492 3417 non
2518 3359 2749 3430 gratiam
2777 3358 2867 3412 do.
2892 3354 3007 3420 Vel,
3033 3355 3088 3408 in
3116 3351 3466 3408 similitudine

1891 3461 1993 3514 hoc
2026 3464 2133 3524 est,
2173 3457 2226 3509 in
2253 3454 2424 3509 ariete
2459 3449 2658 3505 obtulit
2687 3448 2867 3519 ipsum
2910 3445 3208 3508 Abraham,
3238 3442 3344 3497 hoc
3379 3447 3465 3495 est

1885 3552 1940 3607 in
1979 3547 2384 3621 permutatione
2405 3542 2631 3597 arietis:
2663 3540 2756 3611 qui
2774 3537 2918 3593 aries
2944 3544 3107 3608 typus
3130 3545 3247 3590 erat
3268 3531 3462 3599 lsaaci,

1889 3643 1990 3697 hoc
2019 3647 2126 3705 est,
2168 3637 2340 3708 ﬁgura
2376 3635 2550 3690 lsaaci
2595 3648 2736 3689 caesa
2764 3639 2905 3685 erat.

1957 3728 2125 3786 Vens.
2157 3728 2246 3785 ΞΟ.
2278 3726 2414 3782 Fide
2451 3726 2515 3781 de
2568 3724 2767 3794 futuris
2806 3721 3073 3777 benedixit
3104 3720 3264 3777 Isaac
3292 3715 3463 3773 Iacob

1887 3832 1936 3878 et
1960 3822 2126 3877 Esau.
2162 3818 2314 3875 Unde
2366 3818 2513 3873 enim
2567 3814 2918 3887 promisisset
2956 3811 3086 3867 ﬁliis
3141 3810 3259 3868 suis
3313 3815 3463 3862 tanta

1889 3914 2057 3978 bona,
2104 3914 2219 3982 ipse
2243 3909 2299 3964 in
2329 3906 2619 3979 peregrina
2652 3912 2795 3960 terra
2825 3900 3144 3963 considens,
3163 3900 3266 3955 nisi
3293 3896 3463 3953 Deum

1891 4004 2161 4077 promissa
2195 4001 2451 4055 daturum
2474 3994 2638 4066 738
2664 3991 2993 4048 credidisset
3019 3989 3043 4044 2
3068 3985 3211 4055 Quid
3229 4000 3359 4041 vero
3382 3992 3469 4039 est

1890 4076 2037 4163 quod
2065 4093 2160 4159 ait,
2188 4092 2252 4145 de
2283 4088 2522 4160 futuris?
2553 4084 2651 4142 Vel
2680 4084 2750 4141 de
2784 4085 2852 4139 iis
2881 4096 3004 4152 quae
3058 4080 3380 4148 contingent
3409 4076 3468 4130 in

1891 4183 2077 4239 futuro
2126 4181 2352 4247 saeculo,
2422 4177 2879 4234 resurrectionem
2926 4172 3072 4228 enim
3129 4176 3350 4235 norant,
3414 4174 3472 4222 et

1897 4274 2210 4343 spirituales
2241 4271 2460 4327 luerunt
2481 4268 2891 4341 promissiones,
2910 4265 2994 4320 vel
3023 4263 3091 4318 de
3114 4270 3275 4318 terra;
3304 4260 3466 4316 bonis

1894 4384 2017 4440 qua:
2055 4367 2158 4436 ipsi
2197 4365 2474 4435 accepturi
2530 4369 2714 4425 erant,
2774 4361 2858 4414 vel
2917 4373 2985 4413 ex
3040 4355 3178 4428 ipsis
3226 4351 3469 4410 oriundi.

1894 4458 2124 4514 Pra-l'ert
2144 4464 2324 4511 autem
2352 4453 2517 4509 Jacob
2547 4452 2655 4524 ipsi
2678 4442 2844 4515 Esau,
2868 4463 2968 4504 ceu
2984 4463 3109 4504 eum
3144 4445 3239 4517 qui
3273 4445 3473 4500 virtute

215 4535 600 4629 eg'tdapém,
627 4556 724 4610 καὶ
749 4555 825 4620 ὡς
848 4554 917 4608 τὸ.
944 4552 1287 4625 πρωτοτόκια
1310 4549 1591 4623 εἰληφότα,
1616 4547 1713 4601 καὶ
1737 4548 1782 4600 tt

1899 4547 2177 4613 claruerit,
2208 4556 2265 4602 et
2287 4546 2379 4616 qui
2409 4545 2498 4614 jus
2525 4540 2974 4614 primogenitum
3001 4537 3298 4609 acceperit,
3327 4549 3391 4590 ac
3413 4535 3471 4589 in

218 4654 389 4708 πᾶσιν
419 4651 567 4718 ἄξιον
598 4645 1019 4718 προτάττεσθαι.

294 4746 501 4800 Πίστει
539 4740 755 4797 Ἰακὼό
779 4736 1186 4807 ἀποθνήσκων
1209 4737 1473 4792 ἕκαστον
1495 4732 1616 4789 τῶν
1650 4731 1797 4787 Υιῶν

231 4837 458 4904 Ἰωσὴφ
512 4833 848 4904 εὐλόγησε,
901 4830 1001 4885 καί
1059 4829 1524 4900 προσεκύνησεν
1575 4823 1675 4879 ἐπί
1728 4822 1798 4877 τὸ

219 4929 411 4994 ἄκρον
438 4923 547 4994 τῆς
582 4922 809 4992 ῥάϐδου
842 4920 1049 4976 αὑτοῦ.
1086 4920 1205 4974 Υἱοὶ
1240 4920 1439 4990 Ἰωσὴφ
1461 4958 1475 4981 ,
1511 4919 1539 4972 6
1571 4917 1797 4970 Μανασ-

223 5020 326 5088 σῆς
350 5019 444 5071 καὶ
473 5018 502 5070 ὁ
526 5015 769 5088 Ἐφριτμ
788 5029 802 5045 ·
836 5013 931 5068 καὶ
959 5014 989 5066 6
1022 5013 1121 5082 μὲν
1148 5013 1449 5082 Μανασσῆς
1479 5006 1693 5080 πρῶτος
1712 5006 1758 5038 ⁸⁸
1777 5020 1793 5038 ο

217 5112 250 5165 6
292 5111 349 5164 δὲ
380 5107 659 5181 Ἐφραίμ,
693 5106 921 5176 ὕστερος
942 5120 958 5138 ⁸
994 5105 1144 5175 ὅμως
1174 5101 1368 5158 Ἰακὼό
1409 5099 1673 5169 εὐλόγησε
1705 5096 1797 5150 τὸν

233 5200 482 5273 Ἐφρατμ
514 5200 759 5272 μείζοσιν
788 5197 1094 5267 εὐλογίαις,
1126 5196 1222 5252 καὶ
1249 5198 1315 5267 τῇ
1345 5194 1445 5265 τῆς
1471 5190 1651 5259 δεξιᾶς
1680 5207 1798 5261 χει-

227 5297 324 5365 ρὸς
367 5292 695 5360 ὲναλλᾶγδην
734 5289 1013 5355 ἑπιθέσει,
1054 5291 1147 5341 καὶ
1185 5285 1438 5340 τοσοῦτον
1477 5283 1799 5337 ἐπίστευσεν

224 5388 313 5439 ὅτι
361 5384 685 5455 ὲκὸήσονται
732 5383 788 5436 αί
831 5380 1095 5449 εὐλογίαι,
1134 5378 1230 5432 καὶ
1281 5377 1590 5448 βασιλεύσει
1635 5379 1669 5449 ἡ
1706 5377 1800 5432 τοῦ

238 5477 487 5550 Ἑφραῖμ
521 5477 692 5550 φυλὴ,
730 5476 871 5530 ὥστε
905 5476 1003 5530 καὶ
1035 5477 1146 5538 τοῖς
1179 5472 1363 5543 ἔργοις
1396 5472 1578 5536 αὐτοῖς
1609 5471 1801 5537 ἔδειξε.

227 5572 617 5646 Προσεκύνησε
657 5572 768 5644 γὰρ
798 5570 879 5642 τῷ
913 5569 1144 5641 Ἰωσὴφ,
1178 5567 1279 5640 τὴν
1312 5567 1513 5631 παντὸς
1546 5567 1639 5621 τοῦ
1673 5567 1805 5622 λαοῦ

1895 4642 2156 4698 omnibus
2177 4640 2374 4707 dignus
2409 4645 2526 4692 erat
2561 4634 2651 4708 qui
2678 4632 3063 4704 praeferreturd

1982 4755 2150 4810 Vens.
2187 4752 2279 4807 21.
2326 4749 2457 4806 Fide
2507 4749 2675 4805 Iacob
2700 4748 2929 4803 moriens
2964 4745 3199 4817 singulos
3239 4744 3475 4814 filiorum

1901 4848 2097 4912 Ioseph
2128 4843 2414 4908 benedixit,
2433 4854 2480 4898 et
2508 4841 2751 4896 adoravit
2777 4840 2847 4893 ad
2866 4838 3142 4909 fastigium
3163 4835 3318 4907 uirga:
3334 4834 3472 4905 ejus.

1902 4939 2027 4995 Filii
2060 4938 2284 5009 Josepb,
2309 4937 2587 4992 Manasses
2611 4942 2666 4990 et
2697 4933 2956 5004 Ephraim
2989 4948 3002 4984 :
3039 4928 3317 4984 Manasses
3349 4928 3476 4997 qui-

1905 5031 2027 5085 dem
2061 5030 2210 5099 prior
2247 5038 2386 5093 erat,
2417 5027 2676 5096 Ephraim
2709 5039 2841 5080 vero
2870 5023 3143 5094 posterior
3183 5033 3204 5077 °.
3232 5028 3475 5073 attamen

1904 5120 2168 5193 Ephraim
2197 5118 2367 5176 Jacob
2410 5118 2715 5189 majoribus
2748 5112 3225 5172 benedictionibus
3256 5108 3482 5164 benedi-

1904 5214 2005 5277 xit,
2023 5213 2338 5281 dextrasque
2368 5225 2561 5265 manus
2586 5199 2682 5279 per
2705 5215 3082 5261 transversum
3108 5198 3477 5271 impositionc,

1907 5318 1972 5357 ac
1998 5302 2055 5356 in
2083 5310 2294 5354 tantum
2331 5298 2563 5354 credidit
2613 5304 2907 5352 eventuras
2956 5289 3388 5353 benedictioites,
3425 5298 3480 5343 et

1910 5393 2057 5466 quod
2089 5392 2265 5449 tribus
2285 5389 2539 5462 Ephraim
2565 5398 2851 5458 regnatura
2881 5392 3033 5451 erat;
3059 5391 3118 5437 ut
3142 5391 3197 5438 et
3221 5378 3483 5450 operibus

1912 5483 2048 5556 ipsis
2078 5479 2615 5540 comtnonstraverit.
2663 5474 2927 5531 Adoravit
2973 5474 3117 5527 enim
3155 5469 3483 5540 Josepltum,

1913 5576 2085 5629 totius
2135 5573 2321 5645 populi
2367 5571 2742 5627 adorationetn
2791 5566 3138 5624 denuntians.
3198 5561 3486 5633 Quomodo

1584 5749 1790 5813 Varia:
1818 5751 2150 5815 lectiones.

306 5854 351 5888 ⁵⁸
378 5853 591 5921 ἀναδεξ.
620 5872 672 5912 ο.
752 5858 796 5890 ³³
821 5858 878 5911 ἐν
901 5853 1025 5927 ξένῃ
1055 5870 1128 5909 ιιι.
1206 5853 1251 5885 ⁸ο
1278 5851 1543 5925 πρότερος
1575 5869 1647 5907 ιιι.
