3860 6574
436 391 544 455 355

1315 386 1900 447 TI—IEQPIIYLACTI
1944 384 2356 445 BULGARI/E
2405 385 2764 447 ARCHIEP.

3572 391 3661 452 356

438 511 620 558 autem
654 499 948 555 adoravit?
1003 497 1068 554 ad
1101 498 1470 553 summitatem
1512 498 1676 568 virgae
1705 499 1849 568 ejus,
1901 499 2007 552 hoc
2037 509 2052 556 Δ

2141 497 2485 567 προσκύνησιν
2519 497 2714 566 δηλῶν.
2757 497 2878 560 Πῶς
2919 496 2977 550 δὲ
3022 497 3469 570 προσεκύνησενς
3507 500 3594 552 ἐπὶ
3623 501 3671 553 τδ

440 603 548 659 est,
625 593 850 648 innixus
929 593 1096 662 virga:
1179 592 1250 645 ob
1316 598 1675 645 senectutem.
1752 588 2010 643 Nonnulli

440 705 571 742 vero
626 687 900 756 inquiunt,
931 684 998 738 ad
1044 685 1402 738 summitatem
1461 684 1621 752 virga:
1667 681 1863 750 Ioseph
1889 680 2019 733 ado-

2118 589 2288 657 ἄκρον
2328 591 2427 658 τῆς
2471 589 2670 659 ῥάϐδου
2717 587 2882 642 αὑτοῦ
2902 589 2971 652 ⁸⁸,
3011 591 3308 656 τουτέστιν,
3355 591 3672 659 ἐπερεισθεὶς

2117 683 2182 750 τῇ
2217 680 2398 750 ῥάϐδῳ
2426 681 2512 732 διὰ
2539 681 2600 732 τὸ
2632 680 2829 750 γῆρας.
2859 679 3015 743 Τινὲς
3043 680 3120 745 δὲ,
3151 680 3248 734 ἐπὶ
3279 681 3346 734 τὸ
3380 681 3566 748 ἄκρον
3586 683 3675 748 τῆς

443 782 619 844 ravit,
670 779 822 848 regni
889 787 1166 846 sceptrum
1237 791 1331 846 per
1403 775 1612 844 virgam
1676 772 2014 826 adorandum

2141 771 2338 824 5άϐδου
2367 770 2474 823 τοῦ
2503 769 2751 838 Ἰωσὴφ,
2785 771 2938 838 φασὶ,
2973 771 3378 841 προσεκύνησε,
3415 772 3673 842 σημαίνων

443 873 782 943 signiﬁcans.

446 1094 450 1098 .
514 1044 678 1099 Vens.
706 1044 796 1098 22.
833 1043 964 1097 Fide
1027 1041 1222 1111 Joseph
1253 1041 1480 1096 moriens
1519 1040 1583 1093 de
1609 1039 1752 1093 exitu
1785 1038 2018 1107 ﬁliorum

443 1139 619 1194 Israel
653 1146 974 1191 memoratus
994 1145 1096 1198 est,
1138 1152 1199 1188 ac
1241 1135 1304 1188 de
1328 1133 1537 1186 ossibus
1569 1133 1680 1184 suis
1722 1132 2015 1184 mandarit.

441 1232 614 1294 Adeo,
664 1230 866 1298 inquit,
902 1227 1138 1282 credidit
1194 1224 1469 1280 lsraelitas
1509 1239 1574 1277 ex
1621 1221 2011 1292 Algyptolibe-

446 1321 672 1385 randos,
709 1330 768 1372 ut
797 1326 850 1372 et
915 1317 1182 1387 adjurarit
1235 1315 1384 1385 ipsos
1436 1324 1496 1368 ut
1527 1327 1654 1370 ossa
1697 1329 1795 1368 sua
1831 1328 2018 1367 secum

447 1418 819 1481 asportarent.
853 1411 968 1464 Hoc
999 1419 1178 1462 autem
1208 1407 1359 1471 fecit,
1413 1421 1519 1460 non
1567 1407 1713 1475 quod
1774 1406 2011 1476 sepulcri

446 1519 582 1558 cura
607 1503 920 1563 duceretur,
952 1501 1045 1568 qui
1081 1501 1225 1553 enim
1258 1498 1393 1552 adeo
1445 1499 1662 1568 sapiens
1718 1498 2024 1567 ignorasset

449 1594 670 1647 Domini
705 1606 826 1646 esse
857 1599 1058 1644 terram
1090 1589 1114 1642 ?
1145 1605 1331 1644 verum
1367 1597 1427 1643 ut
1463 1590 1757 1657 perfectam
1791 1589 2022 1642 certitu-

449 1683 634 1736 dinem
688 1684 890 1752 p0pulo
937 1682 1114 1746 daret,
1143 1680 1286 1750 quod
1320 1681 1613 1751 promissio
1652 1679 1744 1734 Dei
1801 1682 2022 1734 omnino

449 1773 689 1838 eveniet,
720 1781 884 1842 atque
916 1771 1268 1844 egredientur
1307 1789 1322 1825 :
1347 1779 1401 1826 et
1431 1770 1575 1842 quod
1605 1780 1888 1840 tantopere
1914 1770 2022 1826 Deo

449 1867 683 1935 placeat,
714 1865 860 1935 quod
922 1865 976 1918 in
1027 1863 1263 1935 Aﬂgypto
1321 1863 1424 1932 ipsi
1486 1879 1596 1918 non
1667 1849 2097 1934 permaneantB

450 1967 676 2025 propter
726 1956 833 2011 loci
895 1956 1261 2026 impietatem,
1339 1965 1398 2010 ut
1475 1971 1542 2010 ne
1611 1955 1714 2026 ipsi
1803 1957 2024 2020 quidem

459 2048 732 2117 placuerit
779 2055 837 2101 ut
885 2048 968 2102 vel
1022 2062 1152 2102 ossa
1210 2049 1332 2119 ejus
1377 2049 1434 2102 in
1464 2047 1697 2120 Egypto
1759 2049 2025 2104 reconde-

451 2149 664 2192 rentur.

525 2228 692 2285 Vsus.
723 2229 818 2284 εδ.
855 2229 990 2284 Fide
1033 2229 1210 2284 Moses
1249 2240 1428 2295 natus,
1461 2231 1754 2285 occultatus
1773 2241 1848 2286 est
1878 2248 2025 2286 men-

453 2320 598 2375 sibus
665 2322 835 2374 tribus
895 2338 927 2374 a
968 2322 1277 2390 parentibus
1309 2323 1442 2387 suis,
1483 2339 1543 2376 eo
1592 2325 1728 2391 quod
1778 2324 2026 2379 vidissent

455 2412 741 2482 elegantem
772 2412 1053 2481 infantem,
1097 2423 1147 2467 et
1171 2430 1273 2466 non
1297 2413 1580 2467 timuerunt
1605 2417 1738 2485 regis
1778 2417 2026 2472 edictum.

461 2503 813 2558 Enumeratis
864 2507 1074 2575 magnis
1107 2507 1242 2560 viris
1275 2505 1368 2574 qui
1408 2506 1513 2560 iide
1547 2509 1916 2578 transegerint
1964 2522 2028 2562 ea

465 2607 590 2661 quae
623 2591 874 2656 fecerint,
908 2592 974 2646 de
999 2593 1317 2661 parentibus
1343 2594 1509 2647 etiam
1557 2592 1725 2650 Mosis
1776 2595 2030 2652 obscuris

457 2685 786 2752 quibusdam
841 2685 1104 2753 loquitur,
1174 2684 1426 2740 ruboretn
1513 2685 1738 2740 eliciens
1798 2686 2031 2743 iniit-mis

458 2775 588 2840 illis,
632 2784 686 2830 et
726 2777 924 2846 pusillo
958 2777 1142 2830 animo
1190 2776 1892 2848 imbutis,quandoquidem
1935 2779 2035 2833 hu-

2119 861 2180 913 τὸ
2210 863 2308 930 τῆς
2345 861 2621 932 βασιλείας
2657 863 2936 932 σκῆπτρον
2967 862 3053 915 διὰ
3085 861 3185 930 τῆς
3219 862 3421 932 ῥάϐδου
3459 880 3677 930 προσκυ-

2118 953 2454 1023 νηθήσεσθαι
2489 953 2703 1022 μέλλον.

2189 1048 2391 1099 Πίστει
2423 1044 2644 1113 Ἰωσὴφ
2680 1043 2974 1099 τελευτῶν
3005 1042 3137 1112 περὶ
3167 1041 3277 1110 τῆς
3335 1043 3555 1109 ἐξόδου
3579 1045 3680 1100 τῶν

2120 1135 2266 1190 vlth
2295 1135 2541 1202 Ἰσραὴλ
2569 1136 3004 1204 ἐμνημόνευσε,
3031 1133 3130 1186 καὶ
3155 1133 3289 1202 περὶ
3327 1131 3452 1186 τῶν
3479 1133 3681 1188 ὀστέων

2124 1227 2314 1281 αὐτοῦ
2343 1226 2700 1280 ἐνετείλατο.
2729 1223 3018 1287 Τοσοῦτον,
3052 1223 3238 1293 φησὶν,
3267 1223 3588 1274 ἐπίστευσεν
3611 1224 3680 1276 ὅτι

2125 1318 2653 1389 ἐλευθερωθήσονται
2679 1318 2728 1369 οἱ
2759 1315 3089 1387 Ἰσραηλῖται
3113 1315 3211 1384 τῆς
3235 1313 3538 1380 Αἰγύπτου,
3564 1312 3682 1368 ὥστε

2124 1413 2218 1464 κτιιῖ¹
2261 1411 2520 1480 ὥρκωσεν
2566 1410 2798 1472 αὐτοὺς,
2850 1408 2938 1462 ἴνα
2976 1408 3047 1460 τὰ
3115 1407 3250 1460 ὀστᾶ
3294 1405 3466 1460 αὑτοῦ
3510 1423 3682 1459 συναν-

2124 1500 2409 1566 ενέγκωσι.
2434 1500 2602 1552 Τοῦτο
2624 1500 2678 1552 δέ
2698 1499 2975 1568 ἐποίησεν,
2998 1498 3097 1568 οὐχ
3114 1499 3196 1551 ὅτι
3220 1497 3506 1568 μνημείων
3520 1498 3685 1566 ἐφρόνο

2124 1591 2256 1655 τιζε·
2286 1591 2401 1653 πῶς
2428 1592 2537 1662 γὰρ
2562 1593 2589 1644 ὁ
2616 1590 2757 1643 οὕτω
2787 1590 2948 1658 σοφὸς
2975 1589 3075 1642 οὑκ
3103 1589 3218 1659 ᾔδει
3247 1589 3330 1640 ὃτι
3372 1587 3470 1640 τοῦ
3501 1589 3682 1658 Κυρίου

2126 1684 2159 1750 ἡ
2193 1683 2296 1751 γῆξ
2329 1682 2443 1734 ἀλλ’
2469 1683 2554 1734 ἵνα
2585 1681 2796 1734 τελείαν
2831 1679 3204 1751 πληροφορίαν
3236 1678 3314 1748 τῷ
3348 1678 3466 1747 λαῷ
3499 1678 3587 1748 δῷι
3617 1680 3684 1730 δτι

2128 1772 2345 1836 πάντως
2383 1774 2416 1843 ἡ
2456 1772 2761 1840 ἐπαγγελία
2791 1771 2884 1825 τοῦ
2947 1770 3085 1824 Θεοῦ
3129 1770 3451 1841 ἐκϐήσεται,
3487 1770 3577 1822 καὶ
3611 1771 3684 1835 ἐξ·

2127 1867 2454 1920 ελεύσονται.
2483 1865 2594 1918 Καὶ
2624 1867 2707 1919 ὃτι
2747 1863 3004 1918 τοσοῦτόν
3041 1865 3158 1917 ἐστι
3201 1863 3497 1934 θεάρεστον
3532 1861 3588 1914 τὸ
3623 1861 3684 1932 μὴ

2127 1959 2476 2027 ἐναπομείναι
2515 1955 2714 2018 αὐτοὺς
2750 1957 2817 2026 τῇ
2855 1955 3118 2026 Αἰγύπτῳ
3155 1954 3242 2009 διὰ
3276 1955 3382 2023 τὴν
3422 1954 3537 2006 ἐκεῖ
3571 1952 3682 2006 ἀτέ-

2127 2047 2300 2111 6ειαν,
2345 2047 2485 2100 ὥστε
2530 2046 2649 2099 οὺδέ
2689 2045 2840 2117 αὑτῷ
2881 2044 3087 2116 ἀρεστὴ
3130 2047 3164 2116 η
3209 2045 3268 2098 ἐν
3307 2042 3568 2112 Αἰγύπτῳ
3594 2041 3684 2095 τῶν

2125 2139 2299 2192 ὀστῶν
2331 2138 2639 2200 κατάθεσις.
3311 2180 3314 2182 .

2197 2233 2404 2285 Πίστει
2454 2230 2674 2298 Μωσῆς
2704 2229 3012 2300 γεννηθείς
3038 2229 3255 2294 ἐκρύϐη
3280 2227 3568 2296 τρίμηνον
3586 2227 3682 2282 ὑπὸ

2128 2324 2244 2375 τῶν
2275 2325 2542 2391 πατέρων
2569 2322 2754 2375 αὐτοῦ
2772 2363 2786 2386 ,
2815 2321 2964 2374 διότι
2998 2317 3163 2374 εἶδον
3189 2319 3443 2384 ἀστεῖον
3469 2317 3533 2371 τὸ
3560 2334 3675 2372 παι-

2127 2415 2280 2477 δίον,
2308 2414 2406 2468 καὶ
2432 2417 2543 2468 οὐκ
2570 2415 2958 2482 ἐφοϐήθησαν
2981 2413 3046 2466 τὸ
3075 2413 3371 2481 διάταγμα
3398 2410 3504 2464 τοῦ
3523 2411 3675 2474 βασι·

2127 2508 2297 2570 λέως.
2338 2506 2652 2570 Καταλέξας
2682 2505 2883 2576 ἄνδρας
2919 2505 3205 2574 μεγάλους,
3242 2505 3427 2556 πίστει
3463 2503 3679 2572 ἐργασα-

2136 2599 2330 2668 μένους
2370 2598 2405 2651 ἂ
2443 2599 2727 2666 ἐποίησαν,
2763 2597 2910 2665 λέγει
2949 2597 3042 2650 καὶ
3085 2596 3216 2666 περὶ
3245 2595 3359 2648 τῶν
3393 2595 3585 2662 γονέων
3609 2591 3684 2644 τοῦ

2131 2690 2428 2750 Μωῦτέως,
2473 2689 2702 2760 ἀσήμων
2743 2687 2928 2750 τινῶν,
2971 2687 3248 2756 ἐντρέπων
3291 2687 3424 2749 τοὺς
3464 2684 3685 2753 ὀλιγοψυ-

2130 2780 2358 2852 χοῦντας
2395 2781 2668 2844 ἐκείνους,
2703 2780 2819 2847 εἴγε
2852 2778 3110 2834 τοιούτων
3146 2779 3358 2848 ἀνδρῶν
3391 2778 3462 2830 τὰ
3491 2777 3687 2844 δεύτερα

453 2867 693 2938 jusmodi
741 2870 878 2922 viris
922 2867 1212 2924 inferiores
1239 2870 1370 2924 sint.
1421 2869 1480 2924 In
1530 2885 1823 2940 progressu
1879 2886 2034 2928 scor-

2141 2869 2410 2939 φέρονται.
2449 2869 2658 2940 Προϊὼν
2693 2869 2784 2935 δὲ,
2821 2869 2918 2922 καί¹
2962 2869 3164 2938 πόρνας
3207 2870 3288 2930 εἰς
3339 2866 3504 2938 μέσον
3536 2865 3686 2934 παρὰ·

463 2968 643 3013 torum
684 2958 850 3012 etiam
897 2959 1230 3013 mentionem
1286 2957 1439 3023 facit,
1475 2966 1534 3011 ut
1576 2959 1836 3028 pudorem
1862 2961 2037 3030 majo-

2141 2962 2308 3030 ra“,
2353 2961 2439 3013 ἵνα
2480 2961 2644 3015 πλέον
2682 2961 2941 3032 ἐντρέψῃ.
2976 2960 3145 3030 Φησὶν
3185 2959 3302 3019 οὖν,
3350 2961 3496 3022 τίνος
3531 2958 3685 3011 ἕνεκεν

463 3063 578 3104 rem
602 3047 846 3102 inducat.
884 3048 1201 3119 Aitigitur:
1240 3048 1414 3114 Quam
1460 3049 1530 3103 ob
1553 3064 1776 3104 causam
1815 3051 2036 3107 abdide-

2141 3054 2378 3125 ἐκρυψαν
2400 3055 2684 3126 τρίμηνον,
2705 3056 2798 3107 καὶ
2820 3053 3012 3120 ταῦτα,
3034 3054 3459 3123 προστάγματος
3478 3050 3616 3115 ὄντος
3634 3049 3684 3102 τὰ

462 3148 595 3193 runt
617 3153 742 3200 eum
773 3139 840 3191 ad
882 3139 1157 3194 trimestre
1218 3139 1485 3208 Spatium,
1546 3155 1670 3193 cum
1724 3141 2035 3194 mandatum

2141 3145 2344 3217 ἄρρενα
2371 3143 2722 3215 φονεύεσθαις
2753 3145 2876 3207 Πῶς
2901 3145 3003 3198 οὐκ
3030 3144 3417 3213 ἐφοδήθησαν;
3437 3139 3511 3214 ’ῌ
3537 3143 3685 3211 δῆλον,

464 3233 613 3302 regis
643 3232 981 3302 publicatum
1012 3241 1178 3299 esset,
1207 3233 1480 3288 masculos
1525 3231 1780 3288 Hebraeos
1808 3249 1838 3288 e
1860 3234 2036 3290 medio

2141 3236 2213 3300 ὡς
2244 3236 2576 3289 ἐπίστευσαν
2603 3236 2687 3288 ὅτι
2724 3235 3057 3305 σωθήσεται.
3092 3235 3263 3288 Πόθεν
3295 3235 3356 3288 δὲ
3391 3235 3685 3287 ἐπίστευσαν

470 3323 783 3382 tollendos?
811 3326 992 3392 Quare
1039 3339 1148 3380 non
1224 3324 1584 3378 metuerttnt?
1641 3321 1869 3377 Planum
1906 3341 2037 3380 sane

2141 3330 2216 3383 ὅτι
2253 3327 2584 3398 σωθήσεταις
2619 3328 2700 3380 ὅτι
2735 3323 2872 3381 εἶδον
2903 3327 2964 3380 τὸ
2997 3327 3209 3380 παιδίον
3267 3328 3518 3390 ἀστεῖον,
3549 3341 3681 3376 τουτ-

477 3428 562 3474 est
611 3417 911 3474 credidisse
940 3431 1085 3473 eosa
1127 3415 1358 3473 Domino
1411 3430 1640 3486 puerum
1701 3430 2028 3471 conservan-

2141 3421 2283 3474 ἐστιν
2315 3419 2533 3490 ὡραῖον,
2569 3422 2632 3490 τῇ
2655 3419 2776 3489 ὄψει
2840 3419 3052 3490 χαρίεν,
3086 3419 3182 3471 καὶ
3211 3417 3539 3472 ἐπίστευσαν
3569 3416 3636 3468 ὅτι
3665 3416 3687 3466 ὁ

464 3509 618 3584 dum.
657 3509 817 3564 Unde
867 3523 997 3563 vero
1019 3507 1366 3562 crediderunt
1387 3504 1531 3576 quod
1561 3507 1862 3563 servandus
1879 3508 2040 3563 erat?

2141 3509 2270 3573 Θεὸς
2314 3511 2648 3581 ἐχαρίτωσεν
2688 3510 2820 3562 αὐτὸ
2864 3509 3028 3572 εὐθὺς
3077 3511 3135 3563 ἐν
3181 3509 3538 3579 σπαργάνοις.
3577 3504 3688 3558 Φασὶ

466 3599 736 3665 Quoniam
787 3594 1196 3669 conspexerunt
1253 3612 1483 3667 puerum
1541 3599 1868 3667 elegantem,
1938 3601 2040 3654 ltoc

2141 3602 2251 3671 γάρ
2279 3619 2385 3664 τοι,
2415 3603 2497 3654 ὅτι
2530 3601 2624 3655 καὶ
2655 3601 2879 3671 ἔμελλον
2915 3601 3065 3672 ῥίψαι
3097 3600 3250 3665 αὐτὸ,
3281 3601 3425 3653 ἀλλὰ
3459 3613 3688 3669 προσμει-

465 3691 629 3764 739
654 3701 737 3746 est
783 3691 1098 3760 pulchrum,
1126 3699 1350 3760 aspectu
1408 3688 1732 3757 gratiosum,
1793 3691 2040 3746 credide-

2141 3693 2332 3748 διάσαν
2361 3693 2500 3764 μετὰ
2529 3693 2751 3764 χάριτος
2781 3693 3024 3764 ἀφῆκανσ
3055 3692 3226 3756 οὕτως
3255 3688 3402 3762 ἦσαν
3429 3691 3568 3761 αὐτῷ
3593 3689 3689 3741 θεῖα

465 3787 706 3847 ruutqne
757 3793 881 3833 eum
923 3777 1028 3832 ista
1051 3776 1388 3830 amabilitate
1424 3774 1492 3827 ab
1536 3774 1669 3843 ipsis
1721 3774 1905 3828 statim
1946 3777 2034 3830 in-
2139 3785 2338 3840 πάντα,

465 3871 737 3928 cunabilis
767 3869 929 3924 aDeo
958 3869 1239 3923 donatum.
1261 3865 1423 3928 Nam,
1457 3872 1518 3918 ut
1546 3865 1723 3929 aiunt,
1761 3865 2024 3934 abjeeturi
2064 3887 2188 3928 eum
2229 3883 2385 3930 erant
2417 3891 2434 3939 ;
2473 3882 2728 3930 ceterum
2787 3887 2912 3928 cum
2957 3872 3156 3930 blande
3198 3872 3500 3936 arrisisset,
3556 3869 3690 3924 dimi-

469 3971 662 4020 serunt
695 3982 708 4017 :
745 3962 880 4018 adeo
909 3963 1093 4016 omnia
1115 3961 1219 4032 ipsi
1246 3960 1430 4016 divina
1462 3968 1639 4014 erant.

541 4054 831 4110 \izns.25.
875 4052 1012 4106 Fide
1066 4051 1241 4107 Moses
1292 4051 1512 4121 grandis
1571 4051 1767 4120 factus,
1828 4055 2031 4122 negavit

465 4163 522 4202 se
551 4162 663 4200 esse
702 4144 876 4215 ﬁlium
929 4143 1056 4210 ﬁliae
1091 4142 1418 4202 Pharaonis.
1451 4143 1824 4212 magiseligens
1869 4145 2043 4212 potius

470 4238 630 4308 aﬂiigi
659 4254 777 4292 cum
817 4237 1009 4306 papula
1061 4235 1183 4296 Dei,
1216 4251 1376 4302 quam
1429 4238 1804 4303 temporariam
1844 4237 2045 4305 peccati

2216 4053 2425 4106 Πίστει
2480 4049 2705 4114 Μωσῆς
2780 4048 2968 4119 μέγας
3017 4050 3372 4119 γενόμενος,
3420 4050 3690 4118 ἠρνήσατο

2149 4143 2434 4214 λέγεσθαι
2476 4143 2606 4207 Υίὸς
2641 4143 2931 4210 θυγατρὸς
2967 4140 3203 4209 Φαραὼ,
3236 4139 3485 4209 μᾶλλον
3513 4140 3691 4207 ἐλόμε-

2152 4255 2260 4303 νος
2289 4232 2834 4304 συγκακουχεῐσθαι
2864 4229 2943 4296 τῷ
2971 4230 3098 4296 λαῷ
3124 4231 3230 4286 τοῦ
3261 4230 3447 4294 Θεοῦ,
3473 4231 3508 4300 ἣ
3539 4230 3691 4297 πρόσο

469 4331 661 4399 habere
698 4329 1111 4398 jucunditatem.
1147 4324 1406 4381 Pervenit
1443 4325 1511 4380 ad
1553 4329 1864 4396 exemplum
1913 4327 2048 4396 ipsis

2153 4345 2368 4398 καιρον
2397 4328 2553 4394 ἔχειν
2595 4323 2884 4394 ἁμαρτίας
2917 4322 3285 4377 ἀπόλαυσιν.
3307 4317 3512 4376 Ἦλθεν
3543 4323 3621 4372 ἐπὶ
3647 4318 3690 4369 τὺ

465 4423 990 4484 Iatniliarissimum,
1043 4417 1231 4473 Mosen
1269 4417 1553 4472 videlicet:
1609 4427 1900 4488 propterea
1945 4419 2048 4470 im-

472 4528 742 4581 moratur,
782 4515 962 4569 lusius
994 4512 1124 4567 illud
1159 4521 1422 4566 tractans.
1466 4510 1821 4565 Construetio
1866 4519 2045 4564 autem

2160 4422 2393 4490 μάλιστα
2434 4418 2766 4470 οἰκειότατον
2798 4417 2980 4477 αὐτοῖς
3023 4415 3332 4484 ὑπόδειγμα
3369 4417 3458 4468 τὸν
3490 4413 3686 4479 Μωςῆν.

2154 4510 2235 4562 διὸ
2258 4509 2352 4562 καὶ
2380 4507 2630 4576 ἐπιμένει
2661 4501 2944 4556 πλατύνων
2969 4502 3038 4556 τὰ
3059 4504 3276 4558 τούτου.
3303 4506 3370 4558 Ἡ
3395 4506 3450 4558 δὲ
3477 4503 3689 4564 σύνταξις

469 4618 555 4666 est
578 4607 932 4676 hujusmodi:
967 4604 1100 4659 Fide
1142 4603 1322 4658 Moses
1360 4603 1541 4657 renuit
1587 4602 1695 4656 dici
1732 4603 1874 4655 ﬁlius
1923 4602 2047 4655 tiliae

2150 4600 2313 4654 οὕτω·
2349 4599 2536 4651 Πίστει
2565 4595 2771 4664 Μωσῆς
2803 4595 3080 4665 ἠρνήσατο
3112 4596 3369 4664 λέγεσθαι
3404 4596 3520 4658 Υἱὸς
3551 4594 3688 4656 θυγα-

472 4701 793 4754 Pharaonis.
839 4695 1116 4762 Quando?
1154 4710 1387 4766 magnus
1405 4695 1605 4760 iactus,
1659 4693 1762 4748 hoc
1785 4700 1890 4758 est,
1921 4706 2044 4747 cum

473 4790 528 4841 in
563 4788 736 4840 virum
771 4785 883 4853 jam
914 4786 1194 4838 crevisset.
1232 4783 1587 4853 Perspicuum
1615 4783 1759 4837 enim
1792 4793 1878 4839 est
1921 4796 2046 4837 eum

474 4877 680 4946 majora
702 4887 1017 4944 expectasse
1044 4884 1395 4944 accepturum
1422 4888 1564 4928 sese.
1583 4870 1822 4927 Verbum
1842 4881 2044 4937 autem,

474 4969 715 5038 negavit,
777 4967 1053 5020 intensum
1116 4966 1299 5019 odium
1355 4964 1646 5035 signiﬁcat,
1702 4979 1765 5018 ac
1812 4979 2046 5034 propen-

477 5075 592 5114 sam
619 5059 739 5128 ejus
767 5073 798 5112 a
848 5059 996 5128 regia
1038 5055 1344 5110 Pharaonis
1389 5055 1868 5109 abalienationem.
1913 5055 2046 5107 Ani-

474 5150 754 5204 madverte
782 5165 931 5213 vero,
966 5148 1242 5218 quomodo
1273 5158 1556 5217 peceatum
1595 5147 1907 5211 nominarit,
1944 5160 2046 5198 non

473 5242 635 5312 afﬂigi
672 5258 776 5294 una
799 5257 916 5294 cum
943 5239 1228 5308 fratribus.
1257 5240 1368 5294 Hoc
1391 5254 1489 5308 per
1518 5237 1814 5308 prophetas
1858 5236 2048 5305 objicit

474 5333 663 5387 Deus:
720 5331 875 5386 Nihil
924 5332 1264 5402 patiebantur
1303 5345 1458 5398 super
1519 5329 1834 5383 contritione
1885 5325 2043 5381 Jose-

471 5426 558 5494 phi
584 5425 654 5486 '°,
675 5435 727 5479 et
746 5440 938 5480 rursus
969 5441 982 5477 :
1039 5422 1162 5478 Non
1225 5432 1301 5477 est
1333 5439 1541 5492 egressu
1573 5420 1642 5474 ad
1697 5419 2048 5489 plangendum

546 5599 593 5632 ⁸³
628 5600 794 5655 Amos
825 5615 896 5663 vr,
924 5599 977 5653 6.

2153 4693 2280 4764 ⁶τρὸς
2323 4689 2542 4760 Φαραώ.
2591 4687 2759 4752 Πότε;
2808 4687 3000 4756 Μέγας
3065 4689 3392 4759 γενόμενος,
3441 4686 3680 4741 τουτέστιν

2152 4782 2446 4852 ἀνδρωθεὶς
2469 4781 2589 4851 ἤδη.
2619 4779 2890 4850 Πρόδηλον
2920 4778 3028 4850 γὰρ
3059 4781 3139 4833 ὃτι
3160 4779 3388 4850 μείζονά
3405 4797 3520 4833 τινα
3548 4790 3686 4846 προσ-

2151 4875 2312 4928 εδόκα
2337 4870 2670 4926 ἀντιλαϐεῖν.
2693 4869 2767 4921 Τὸ
2808 4871 2886 4936 δὲ,
2909 4872 3210 4942 ἠρνήσατο,
3251 4872 3314 4924 τὸ
3339 4869 3688 4937 ἐπιτεταμένον

2155 4969 2309 5036 μῖσος
2351 4964 2520 5034 δηλοῖ,
2563 4963 2660 5015 καὶ
2703 4961 2801 5032 τὴν
2846 4961 3152 5016 ἐνδιάθετον
3196 4963 3334 5034 πρὸς
3373 4962 3442 5016 τὰ
3483 4956 3687 5031 βασίλεια

2152 5055 2525 5126 ἀλλοτρίωσιν.
2547 5053 2691 5123 Ὅρα
2716 5052 2772 5105 δέ
2800 5054 2918 5116 πῶς
2948 5053 3224 5124 ἁμαρτίαν
3278 5051 3526 5124 ὀνομάζει
3549 5042 3684 5114 τὸμὴ

2153 5143 2706 5214 συγκακουχεῖσθαι
2752 5143 2877 5209 τοῖς
2928 5143 3235 5212 ἀδελφοῖς.
3283 5144 3451 5196 Τοῦτο
3497 5139 3580 5194 καὶ
3617 5136 3684 5187 διὰ

2152 5237 2262 5290 τῶν
2293 5235 2589 5304 προφητῶν
2619 5234 2868 5298 ὀνειδίζει
2900 5235 2928 5287 ὁ
2961 5235 3094 5297 Θεός
3116 5252 3128 5266 ο
3168 5238 3288 5289 Οὐκ
3321 5235 3582 5302 ἔπασχον
3605 5227 3685 5278 οὐ·

2152 5324 2260 5378 δὲν
2284 5323 2383 5377 ἐπὶ
2409 5322 2482 5391 τῇ
2513 5321 2804 5391 συντριϐῇ
2831 5324 2937 5378 τοῦ
2970 5322 3202 5392 Ἰωσήφ.
3233 5324 3341 5378 Καὶ
3371 5324 3526 5377 πάλιν
3547 5332 3561 5346 ⁸
3589 5315 3683 5367 Οὐκ

2153 5415 2412 5486 ἐξῆλθεν
2435 5413 2859 5482 ἀνακόψασθαι
2884 5411 3052 5471 οἷκον
3072 5414 3363 5486 ἐχόμενον
3381 5409 3579 5480 αὐτῆς.
3601 5401 3684 5458 Καὶ

1822 5687 2024 5751 Variae
2058 5687 2390 5750 lectiones.

547 5793 591 5824 ⁶¹
616 5788 712 5845 τοῦ
757 5790 954 5862 Ἰωσήφ
986 5804 1038 5845 ο.
1115 5788 1157 5821 ⁸¹
1180 5788 1413 5860 παράξει
1447 5805 1499 5842 o.
