3860 6554
206 414 296 479 357
803 403 1208 466 EXPOSITIO
1232 403 1312 465 ΙΝ
1335 404 1574 465 EPIST.
1605 404 1705 464 AD
1735 401 2128 464 HEBR/EOS.
2167 425 2236 436 --
2267 400 2425 460 CAP.
2467 397 2575 458 XI.
3318 387 3428 458 353

206 524 286 578 ἐπὶ
317 521 408 592 μὲν
436 517 556 585 τοὺς
587 515 1089 579 καταστενάζοντας
1123 515 1181 567 ἐν
1209 514 1286 584 τῷ
1321 513 1582 583 Ἰεζεκιὴλ
1615 511 1730 566 δίδοη

1909 513 2081 565 cinam
2107 509 2343 564 domum.
2374 507 2452 562 Ac
2491 520 2658 586 super
2717 503 3146 575 ingemiscentes
3197 500 3252 556 in
3295 501 3433 558 Eze-

205 633 284 670 ται
307 613 362 666 τὸ
396 612 607 681 σημεῖον
630 625 645 639 °
681 608 807 671 τοὺς
841 608 896 660 δὲ
936 608 1103 677 μηδὲν
1147 606 1384 660 τοιοῦτον
1440 606 1729 676 πάσχοντα.

1909 604 2030 658 ιίοιε
2074 603 2261 657 datum
2311 609 2392 656 est
2434 601 2692 672 signum:
2722 614 2817 653 eos
2869 612 3001 652 vero
3029 597 3120 666 qui
3170 595 3304 649 nihil
3335 596 3433 648 hu-

206 707 402 760 κόπτειν
434 701 738 756 κελεύονται
780 699 829 751 οἱ
878 698 1119 766 ἄγγελοι.
1157 700 1220 751 Εἰ
1243 699 1300 751 δὲ
1337 698 1386 750 οἱ
1432 697 1507 768 μὴ
1545 711 1730 763 συγκα·

1915 693 2090 748 smodi
2159 701 2498 762 paterentur.
2549 690 2726 760 angeli
2771 689 3034 759 jubentur
3089 684 3430 741 exscindere.

205 793 530 866 κουχοὺμενοι
581 790 797 853 ἑκόντες
844 793 958 852 τοῖς
1010 788 1440 855 κακοπαθοῦσιν,
1495 785 1729 858 ἁμαρτά

1909 784 2014 840 uod
2057 785 2103 840 si
2157 785 2192 838 ii
2237 785 2331 854 qui
2378 784 2686 838 voluntarie
2745 797 2854 836 una
2905 795 3028 834 cum
3079 779 3290 832 afﬂictis
3327 795 3432 830 non

204 905 367 951 νουσι,
416 885 466 938 τί
517 882 794 952 λογιστέον
848 881 977 951 περὶ
1029 881 1138 934 τῶν
1192 879 1608 951 κακουχοὺντων
1661 896 1728 931 κα

1913 876 2192 946 ﬂiguntur,
2224 884 2490 946 peccant;
2524 875 2685 944 quid,
2722 887 2929 944 qua'so,
2969 873 3036 926 de
3066 871 3135 926 iis
3187 872 3437 940 COgitan-

205 977 646 1041 κακοποιούντων;
695 975 1076 1042 Πρόσκαιρον
1121 970 1235 1028 οὖν
1283 973 1572 1042 ἁμαρτίας
1614 971 1723 1024 ἀπό

1913 983 1985 1019 tm
2051 975 2154 1029 est,
2186 965 2277 1035 qui
2323 965 2464 1018 male
2515 972 2754 1017 tractant
2808 961 2970 1024 alios,
3016 968 3069 1013 et
3125 959 3227 1029 ipsi
3297 959 3437 1012 male

204 1078 370 1127 λαυσιν
393 1071 487 1140 τὴν
517 1069 613 1138 τῆς
645 1067 923 1139 βασιλείας
950 1068 1162 1138 τρυφῆς
1197 1065 1494 1137 μετουσίαν
1523 1064 1728 1118 δτλοῖ⁶³

1917 1056 2112 1111 ciunt?
2145 1057 2288 1126 Ergo
2356 1071 2452 1126 per
2483 1054 2855 1121 temporariam
2894 1053 3093 1120 peccati
3130 1051 3441 1120 jucundila-

1858 1159 1958 1202 tem
2019 1148 2288 1216 regiarum
2344 1146 2662 1201 deliciarum
2747 1142 3220 1212 participationem
3268 1143 3440 1212 signi-

1857 1239 2005 1295 ﬁent.

263 1331 499 1389 Maiora
553 1326 823 1381 πλοῦτον
874 1323 1262 1394 ἡγησάμενος
1307 1319 1428 1374 τῶν
1450 1319 1754 1390 Αἰγύπτου

1933 1331 2094 1384 Vsus.
2149 1328 2241 1384 26.
2302 1328 2536 1398 Majores
2603 1327 2822 1381 divitias
2867 1329 3174 1382 existimans
3214 1324 3436 1396 Egypti

205 1423 498 1493 θησαυρῶν
522 1421 638 1488 τὴν
663 1417 1008 1486 ὀνειδισμὸν
1031 1417 1138 1472 τοῦ
1165 1414 1446 1484 Χριστοῦ.
1473 1413 1585 1467 Οὑκ
1611 1410 1729 1465 εἷπε

1917 1421 2124 1474 esauris
2165 1421 2538 1490 improperium
2592 1419 2813 1476 Christi.
2847 1419 2962 1474 Non
3029 1419 3186 1482 dixit,
3233 1434 3354 1488 quae
3385 1420 3437 1470 iu

203 1519 263 1571 τὰ
285 1519 335 1568 ἐν
356 1514 600 1585 οὐρανοῖς
627 1511 967 1582 ἀποκείμενα
993 1508 1194 1577 ἀγαθὰ,
1221 1507 1357 1560 ἀ).λά
1384 1504 1478 1560 καὶ
1499 1504 1597 1575 τὴν
1629 1506 1727 1575 ἀρε

1977 1515 2026 1570 is
2072 1513 2313 1582 reposita
2380 1520 2510 1568 sunt
2555 1513 2719 1576 bona,
2787 1528 2972 1566 verum
3019 1512 3271 1564 virtutem
3322 1509 3441 1578 ejus
3496 1549 3497 1554 η

204 1609 289 1678 τὴν
317 1604 518 1659 ἐκείνου
550 1601 796 1668 δεικνὺς,
832 1600 927 1653 καὶ
961 1600 1160 1662 αὐτοὺς
1195 1597 1613 1668 ἀνακτώμενος,
1651 1596 1728 1650 τὸπ

1915 1615 2277 1668 :monstrans,
2313 1611 2367 1659 et
2406 1604 2529 1658 illos
2579 1603 2832 1659 refovens
2860 1613 3022 1673 atque
3071 1603 3309 1672 erigens,
3342 1603 3439 1654 im-

205 1696 524 1765 ὀνειδισμὸν
556 1694 664 1748 τοῦ
701 1691 958 1761 Χριστοῦ
993 1687 1167 1743 εἶπεν.
1203 1690 1415 1759 Ὥσπερ
1449 1687 1558 1758 γὰρ
1594 1687 1724 1746 ῦστε

1916 1698 2166 1767 'operium
2205 1695 2428 1762 Christi,
2460 1697 2616 1749 dixit.
2649 1694 3121 1762 Quemadmodum
3149 1693 3292 1748 enim
3313 1707 3440 1762 pos-

210 1811 288 1864 ρον
313 1793 396 1843 τὸν
423 1786 657 1859 Χριστὸν
686 1783 960 1847 ὠνείδιζον
991 1783 1040 1835 οἱ
1073 1782 1204 1852 παρ’
1228 1780 1392 1836 αὑτοῦ
1427 1778 1734 1850 εὐεργετού.

1921 1805 1950 1843 a
1983 1790 2261 1845 Christum
2297 1788 2632 1843 contumelia
2673 1787 3001 1851 adiciebant,
3044 1786 3136 1855 qui
3169 1786 3238 1840 ab
3263 1800 3327 1840 eo
3347 1786 3441 1839 be-

209 1896 362 1951 μενοι,
389 1880 480 1932 καὶ
503 1876 810 1930 τελευταῖον
836 1873 1185 1944 ἐσταύρωσαν
1210 1888 1224 1901 ·
1255 1869 1398 1923 οὕτω
1429 1870 1524 1922 καὶ
1554 1869 1733 1940 πρότε·

1916 1881 2052 1937 :ficia
2085 1889 2430 1950 acceperant,
2455 1895 2519 1934 ac
2551 1878 2770 1934 tandem
2796 1879 2951 1934 cruci
2987 1877 3314 1932 alﬁxerunt:
3360 1877 3440 1931 sic

207 1992 285 2046 ρον
309 1971 508 2040 Μωσῆν
531 1970 581 2023 oi
611 1966 740 2040 παρ’
764 1966 928 2020 αὑτοῦ
958 1964 1426 2037 εὐεργετούμενοι.
1460 1961 1520 2016 Ὀ
1549 1964 1658 2032 γὰρ
1688 1963 1731 2016 ἐι

1959 1981 2119 2026 antea
2166 1970 2350 2025 Mosen
2422 1970 2718 2042 ignominia
2787 1971 3057 2024 notabant
3107 1970 3142 2022 ii
3187 1969 3242 2022 in
3302 1983 3441 2037 quos

205 2064 283 2117 τοῦ
310 2061 598 2131 Αἰγυπτίου
634 2058 850 2130 ρυσθεὶς
886 2058 991 2112 ὑπὸ
1022 2057 1266 2120 Μωσέως
1297 2055 1571 2127 Ἐϐραῖος,
1593 2051 1724 2106 αὐτὸ

1917 2062 2125 2116 eneficia
2159 2061 2482 2116 contulerat.
2511 2062 2614 2126 Qui
2657 2062 2800 2116 enim
2833 2062 2900 2113 ab
2925 2060 3182 2131 Aigyptio
3217 2059 3441 2130 ρει-Μο-

207 2157 389 2216 ἐκείνος
416 2151 604 2222 αὔριον
629 2146 784 2204 εἶπεν
811 2150 960 2222 αὑτῷ
977 2166 994 2184 ο
1031 2150 1124 2216 Τίς
1152 2165 1226 2203 σε
1254 2147 1631 2213 κατέστησεν
1654 2145 1731 2213 ἄρ

2019 2155 2261 2208 iberatus
2311 2161 2430 2207 erat
2463 2149 2746 2216 flebrrcus,
2808 2151 2897 2204 ille
2938 2151 3053 2220 ipse
3093 2159 3312 2220 postero
3353 2151 3442 2204 die
3535 2156 3543 2165 '

207 2264 369 2316 κοντα
398 2245 491 2300 καί
525 2243 827 2312 δικαστὴν
854 2243 946 2312 ἐφ’
971 2240 1167 2312 mide;
1193 2239 1278 2310 μὴ
1308 2237 1550 2295 ἀνελεῖν
1571 2254 1647 2306 με
1674 2237 1731 2290 σί

1926 2245 2002 2300 xit
2038 2245 2086 2300 ei
2119 2241 2150 2295 ε’
2175 2245 2307 2308 Quis
2336 2253 2384 2297 te
2407 2244 2681 2297 constituit
2707 2241 2993 2311 principem
3021 2250 3069 2295 et
3090 2239 3322 2310 judicent
3350 2258 3442 2294 su-

209 2338 399 2403 θέλεις,
432 2336 503 2390 ὃν
547 2335 776 2404 τρόπον
804 2333 1042 2399 ἀνεῖλες
1072 2331 1180 2386 τὸν
1201 2330 1558 2400 Αίγύπτιον;
1602 2327 1733 2380 Καθι

1921 2353 1957 2389 :r
1989 2336 2126 2389 nos?
2157 2334 2411 2404 numquid
2453 2349 2532 2387 nte
2562 2332 2795 2386 occidere
2832 2333 2928 2397 vis,
2983 2331 3195 2400 perinde
3237 2346 3298 2383 ac
3359 2331 3445 2382 in-

208 2427 314 2482 6‘tou
350 2426 452 2498 γὰρ
483 2425 544 2479 τὸ
571 2423 725 2496 παρά
757 2423 867 2477 τῶν
905 2422 1122 2475 οἰκείων
1145 2420 1240 2474 καὶ
1281 2417 1732 2488 εὑεργετουμένω

1923 2428 2123 2497 rfecisti
2169 2426 2481 2498 Egyptium
2507 2425 2590 2480 “?
2619 2425 2855 2480 Omnino
2883 2424 3026 2478 enim
3053 2439 3082 2476 a
3133 2421 3447 2476 domesticis

210 2519 539 2584 ὀνειδίζεσθαι
590 2517 623 2588 ἦ
675 2514 1090 2585 κακουχείσϐαι,
1139 2511 1446 2580 ὁνειδισμός
1493 2512 1610 2562 ἐστι
1662 2510 1734 2562 τοὶ

1920 2521 2216 2575 ,beneficio
2269 2519 2480 2575 affectis
2529 2518 2859 2574 contumelia
2921 2516 3058 2570 afiici
3123 2515 3205 2570 vel
3261 2513 3444 2584 affligi,

211 2608 441 2678 Χριστοῦ.
473 2607 584 2660 Καὶ
611 2606 719 2669 πᾶς
747 2605 776 2657 ὁ
802 2603 889 2657 διὰ
915 2603 976 2656 τὸ
1004 2602 1169 2656 καλὸν
1200 2600 1343 2654 κατά
1367 2599 1460 2653 τοῦ
1491 2599 1735 2670 πράττονη

1921 2613 2070 2666 hristi
2111 2620 2194 2666 est
2222 2612 2602 2680 opprobrium.
2638 2609 2949 2676 Quinetiam
3012 2609 3194 2661 onmis
3247 2614 3445 2661 contu-

212 2715 290 2762 τος
322 2698 444 2752 αὑτὸ
473 2695 764 2766 γινόμενος
797 2693 1099 2764 ὀνειδισμὸς
1120 2734 1134 2754 ,
1171 2692 1265 2746 καὶ
1297 2690 1483 2753 ἁπλῶς
1515 2693 1548 2762 ἡ
1587 2689 1736 2758 μάτη

1929 2705 2032 2759 elia
2089 2703 2354 2758 adversus
2383 2718 2507 2758 eum
2540 2702 2633 2772 qui
2665 2702 2865 2755 bonum
2893 2699 3046 2763 facit,
3092 2712 3155 2752 ac
3185 2695 3450 2766 simplici-

213 2789 451 2852 ἐπίθεσις,
473 2787 779 2856 ὀνειδισμὸς
803 2788 920 2840 ἐστι
944 2785 1038 2838 τοῦ
1066 2781 1327 2854 Χριστοῦ.
1353 2781 1511 2835 Οῦτω
1533 2781 1641 2850 γὰρ
1669 2799 1737 2835 κα

1922 2812 1958 2849 :r
1992 2795 2200 2850 molitio
2219 2795 2421 2849 frustra
2451 2805 2728 2863 suscepta,
2743 2791 2948 2847 Christi
2968 2799 3051 2845 est
3069 2787 3446 2859 opprobrium.

213 2881 237 2931 ὀ
271 2878 456 2948 Κύριος
495 2876 883 2946 ἐδυσφημεῖτο,
926 2873 1078 2943 φίλος
1119 2871 1364 2926 τελώνων
1401 2871 1637 2934 ἀκούων,
1678 2871 1737 2924 διε

1927 2889 1968 2939 lc
2013 2885 2158 2940 enim
2200 2894 2254 2939 et
2305 2883 2569 2938 Dominus
2609 2879 3012 2943 tliﬂ‘muabatur,
3059 2877 3451 2944 dicebaturque

215 2969 268 3022 τὸ
302 2969 594 3022 συνεσθίειν
634 2967 863 3030 ἐκείνοις
903 2967 996 3019 ἐπὶ
1037 2964 1283 3034 σωτηρίᾳ
1326 2962 1526 3016 αὐτῶν.
1555 2962 1739 3031 "(tonsi

1914 2975 2289 3030 ublicanorum
2316 2973 2548 3038 amicus,
2584 2972 2728 3042 quod
2767 2986 2891 3024 cum
2929 2970 3034 3024 illis
3063 2969 3242 3022 cibum
3272 2980 3434 3035 cape-

216 3057 294 3115 οῦν
321 3064 350 3132 ἡ
382 3061 562 3124 ἄνεσις
582 3101 599 3127 ,
634 3061 731 3129 τῆς
765 3057 1041 3130 ἁμαρτίας
1074 3058 1254 3122 ἐστὶν,
1318 3053 1491 3118 οὕτως
1521 3055 1548 3109 ὁ
1578 3054 1738 3107 ὀνειδι

1937 3075 2226 3138 tprOpter
2287 3079 2479 3120 eorum
2557 3066 2810 3119 salutem.
2897 3061 2966 3116 Ut
3019 3061 3184 3130 igitur
3246 3057 3456 3112 deliciae

219 3154 334 3223 σμὸς
352 3154 438 3207 τοῦ
464 3153 727 3224 Χριστοῦ.
750 3154 841 3221 Μὴ
863 3153 1040 3206 τοίνυν
1059 3152 1415 3219 ἀγανακτεῖτε
1438 3151 1597 3220 ὑμεῖς
1619 3165 1743 3218 παρ;

1928 3165 2006 3211 tnt
2048 3153 2278 3226 peccati,
2309 3155 2390 3208 sic
2425 3152 2814 3223 improperium
2857 3158 2942 3206 est
2983 3149 3208 3204 Christi.
3240 3146 3319 3203 Ne
3351 3147 3452 3217 igi-

217 3209 332 3298 τίῦν,
353 3209 711 3316 συμφυλετῶν
751 3209 1080 3315 Θλιῦόμενοι,
1107 3209 1260 3315 ’πρὸς
1299 3243 1392 3296 τὸν
1433 3209 1640 3310 Nitoqu
1679 3209 1739 3292 τὸ

1931 3266 1968 3305 [ι’
1989 3209 2131 3320 aegre
2171 3246 2359 3302 feratis
2383 3209 2522 3310 vos:
2535 3246 2580 3300 si
2608 3209 2666 3297 ὀ
2702 3242 3100 3298 contribulibus
3119 3241 3455 3310 amigamiui,

219 3336 370 3399 οὕτως
417 3336 631 3401 ἔνδοξον
679 3334 1117 3400 ἀποϐλέποντες,
1164 3333 1260 3386 καὶ
1304 3332 1368 3384 τὸ
1419 3331 1640 3402 μεῖζον,
1684 3329 1743 3382 τὸ

1933 3339 2154 3394 lillosen
2191 3337 2372 3392 virum
2431 3345 2543 3390 tam
2573 3335 2844 3389 celebrem
2873 3337 2926 3386 e't
2985 3333 3249 3402 inclytum
3291 3329 3457 3398 respi-

221 3426 445 3496 Χριστόν.
477 3425 816 3494 Ὀνειδισμὸς
848 3423 942 3476 τοῦ
978 3422 1215 3494 Χριστοῦ
1251 3423 1346 3474 καὶ
1382 3421 1410 3473 ὁ
1447 3421 1540 3472 ἐπὶ⁸
1573 3421 1638 3489 τῇ
1679 3419 1745 3471 πέ

1933 3436 2105 3492 entes,
2141 3435 2195 3481 et
2225 3426 2370 3496 quod
2422 3425 2601 3495 majus
2633 3432 2736 3488 est,
2795 3423 2852 3478 in
2885 3424 3063 3492 ipsum
3111 3420 3273 3492 740
3297 3419 3457 3475 Chri-

220 3532 310 3586 τρᾳ
344 3517 475 3568 κατὰ
512 3515 761 3578 Μωσέως
801 3513 1133 3584 γογγυσμός.
1166 3511 1401 3583 Χριστὸς
1439 3509 1616 3580 γάρ⁸⁸
1643 3505 1710 3580 ἦν
1742 3528 1744 3535 λ

1931 3533 2041 3572 ιιιιι.
2107 3517 2202 3571 Sic
2240 3517 2569 3571 contumelia
2615 3521 2734 3568 erat
2791 3513 2992 3568 Christi
3029 3524 3280 3566 murmur
3308 3510 3455 3580 apud

226 3607 400 3677 πέτρπο
1878 3619 2086 3681 petram
2119 3617 2311 3664 contra
2333 3607 2522 3662 Mosen
2555 3606 2783 3660 factum.
2818 3601 2952 3657 Nam
2977 3612 3128 3672 petra
3151 3610 3270 3656 erat
3298 3601 3459 3656 Clui-

1879 3711 2018 3758 Slus.

295 3789 613 3843 ‘Azémsne
657 3787 766 3856 γὰρ
810 3788 898 3852 είς
944 3784 1062 3854 τὴν
1096 3782 1607 3855 μισθαποδοσίαν.
1655 3781 1781 3844 Τοῖς

1956 3792 2250 3862 Aspiciebat
2265 3791 2402 3846 enim
2429 3791 2497 3844 ad
2518 3781 3180 3844 remunerationem.Fidei
3201 3783 3456 3840 nimirum

227 3881 310 3951 τῆς
340 3883 570 3945 πίστεως
601 3882 799 3951 δηλαδὴ
829 3880 1152 3950 ὀφθαλμοῖς.
1881 3883 2078 3937 oculis.

287 3975 476 4027 Πίστει
517 3973 848 4026 κατέλιπεν
876 3971 1204 4040 Αἴγυπτον,
1235 3967 1322 4038 μὴ
1360 3965 1641 4036 φοϐηθεὶς
1675 3965 1781 4018 τὸν

1957 3972 2124 4027 Vsus.
2156 3971 2247 4027 27.
2279 3971 2415 4026 Fide
2443 3971 2656 4042 reliquit
2678 3969 2994 4042 AZgyptum,
3023 3988 3126 4027 non
3148 3973 3344 4027 veritus
3382 3971 3463 4024 in-

230 4065 397 4132 θυμὸν
433 4064 539 4118 τοῦ
583 4062 910 4128 βασιλέως.
953 4061 1019 4116 Τί
1062 4061 1281 4128 λέγεις;
1326 4060 1418 4124 καὶ
1469 4059 1578 4129 μὴν
1619 4058 1676 4108 ὲν
1715 4061 1754 4109 τε

1939 4065 2248 4134 ίῃηοιὶοηεηι
2286 4064 2445 4133 regis.
2489 4062 2699 4132 Ecquid
2753 4063 2873 4118 ais?
2931 4061 2988 4117 lu
3044 4063 3233 4117 Exodo
3279 4072 3463 4116 tamen

239 4151 413 4220 Ἐξόδῳ
437 4153 778 4223 γέγραπται·
807 4150 1096 4220 Ἐροόήθη
1125 4149 1192 4201 δὲ
1216 4145 1456 4214 Μωσῆς,
1486 4147 1574 4199 ὅτι
1601 4146 1763 4215 ἐμέσαι

1941 4156 2150 4225 :riptum
2181 4162 2265 4208 est
2293 4173 2307 4208 :
2349 4153 2771 4223 Perterrefactus
2798 4162 2876 4207 est
2912 4163 3085 4207 autent
3114 4151 3308 4218 Moses,
3340 4153 3465 4222 quia

231 4241 320 4306 νές
349 4242 583 4311 ἐγένετο
615 4242 678 4294 τὸ
705 4239 889 4310 ῥῆμα.
927 4241 1087 4294 Ἀλλὰ
1115 4240 1205 4303 τὸ,
1232 4238 1318 4307 μὴ
1355 4237 1666 4305 φοϐηθείς,
1701 4237 1755 4287 ἐν

1941 4261 1968 4298 ηδ
1996 4247 2177 4298 istha'c
2205 4245 2478 4314 patefacta
2501 4253 2638 4298 erat.
2663 4246 2954 4308 Caeterum,
2987 4262 3091 4298 non
3130 4247 3350 4310 veritus,
3375 4244 3465 4297 hic

231 4333 385 4388 ταῦοα
423 4335 596 4400 δέξαι,
628 4333 702 4396 ὡς
739 4333 875 4403 πρὸς
903 4332 965 4384 τὸ
1007 4331 1172 4385 πάλιν
1203 4327 1494 4398 ἐπιστῆναι
1525 4328 1589 4395 τῇ
1622 4323 1755 4392 Αίγύ

1940 4341 2098 4409 :cipe,
2137 4341 2296 4408 quasi
2357 4339 2610 4404 dixisset,
2661 4337 2898 4409 [Egyplo
2951 4355 3146 4393 rursus
3208 4353 3464 4408 praeesse,

235 4445 356 4497 πτῳ,
389 4430 477 4480 καὶ
507 4425 875 4491 ἀναδέξασθαι
905 4425 1001 4494 τὴν
1029 4421 1326 4494 ἡγεμονίαν
1356 4419 1466 4472 τῶν
1491 4417 1759 4487 Ἐϐραίων

1949 4444 2056 4497 que
2118 4427 2467 4482 Hebrzeorum
2521 4425 2908 4495 praefecturam
2969 4429 3271 4498 suscipere.
3330 4426 3469 4481 Nam

233 4518 546 4588 Φοϐουμένου
600 4517 698 4587 μὲν
747 4515 856 4585 γὰρ
903 4511 972 4586 ἦν
1017 4516 1078 4567 τὸ
1134 4511 1375 4584 μηδόλως
1427 4508 1757 4579 ὑποστρέψαι

1941 4537 2000 4574 on
2032 4519 2260 4572 omnino
2311 4520 2508 4573 reverti
2556 4538 2732 4590 neque
2761 4537 2824 4576 ea
2857 4537 2977 4592 qua:
3012 4523 3165 4592 prius
3221 4520 3465 4590 aggredi,

239 4608 354 4678 μηδὲ
381 4609 682 4680 ἐγχειρίσαι
712 4604 792 4670 οἷς
824 4609 921 4658 καὶ
952 4605 1162 4675 πρώην.
1222 4604 1375 4657 Ἐπεὶ
1401 4603 1459 4656 δὲ
1491 4602 1655 4656 πάλιν
1686 4601 1762 4654 ὑπ

1945 4613 2191 4668 ιειυειιιὶε
2227 4619 2365 4666 erat.
2409 4611 2546 4676 Quia
2571 4627 2698 4668 vero
2729 4629 2986 4669 reversus
3045 4623 3152 4680 est,
3207 4611 3469 4666 indicavit

238 4701 505 4768 έστρεψεν,
539 4699 740 4764 ἔδειξεν
769 4698 850 4750 ὅτι
884 4695 1130 4748 πιστεὺει
1158 4695 1237 4764 τῷ
1255 4693 1394 4763 Θεῷ.
1428 4694 1550 4756 Πῶς
1567 4689 1660 4747 οὖν
1689 4693 1762 4745 0'3:

1946 4721 1957 4760 ι
1990 4704 2148 4759 fidem
2184 4704 2442 4759 adhibere
2473 4702 2604 4760 Deo.
2645 4704 2825 4773 Quare
2851 4707 3022 4777 igitur
3053 4721 3163 4761 non
3196 4705 3470 4759 mansitin

238 4787 430 4857 ἔμεινεν
461 4793 520 4842 ἐν
555 4788 850 4858 Αἰγύπτῳ,
885 4787 1021 4839 ἀλλά
1060 4787 1320 4840 κατέλιπε
1354 4786 1451 4856 τὴν
1483 4785 1758 4853 Αἴγυπτον

1949 4795 2155 4866 Egypto,
2192 4793 2290 4850 sed
2332 4793 2558 4865 reliquit
2587 4811 2706 4851 eam
2756 4797 2801 4852 si
2852 4813 2960 4851 non
2993 4796 3473 4862 metuebat?Qno-

240 4878 341 4944 εἴγε
385 4880 481 4932 οὑκ
529 4877 960 4948 ἐφοϐεῖτο;”οτι
1002 4876 1064 4930 τὸ
1108 4878 1187 4940 είς
1234 4876 1507 4947 πρόοπτον
1550 4875 1763 4929 κίνδυνο

1947 4888 2046 4940 iam
2111 4887 2166 4941 in
2198 4883 2545 4941 manifestum
2571 4888 2872 4958 periculum
2907 4888 3148 4957 seipsum
3176 4886 3471 4956 conjicere,

242 4969 568 5040 ἐπιῤῥίπτειν
605 4970 819 5036 ἑαυτὸν,
857 4969 953 5022 καὶ
991 4968 1200 5035 λέγειν,
1238 4970 1286 5021 εί
1321 4969 1428 5038 ἄρα
1465 4967 1628 5020 σώσει
1668 4984 1735 5037 με

1950 4977 2202 5045 :dicere,
2241 4977 2504 5032 Fortasse
2569 4995 2657 5034 me
2700 4981 2938 5034 servabit
2999 4982 3166 5045 Deus,
3213 4978 3474 5032 tentantis

242 5061 359 5123 Θεὸς
378 5103 393 5128 ,
423 5061 844 5134 ἐκπειράζοντός
874 5062 989 5113 ἐστι
1017 5060 1109 5114 τὸν
1139 5059 1298 5124 Θεὸν,
1331 5059 1426 5112 καὶ
1454 5057 1759 5112 διαδολικόν

1949 5075 1983 5122 st
2020 5065 2216 5132 Deum,
2269 5083 2332 5121 ac
2358 5066 2514 5137 plane
2557 5068 2886 5124 diabolicum
2919 5089 2933 5124 :
2968 5071 3109 5125 sicut
3151 5079 3204 5125 et
3239 5067 3473 5123 Satanas

244 5151 437 5225 Ὠσπερ
463 5157 557 5209 καὶ
583 5158 610 5208 ὁ
635 5153 879 5218 διάϐολος
902 5153 980 5223 τῷ
1011 5153 1199 5223 Κυρίῳ
1227 5152 1377 5219 ἔλεγε
1395 5167 1410 5183 ⁸
1435 5152 1520 5205 Βά
1533 5154 1594 5204 ιε
1616 5165 1768 5204 σεαυ

1951 5162 2136 5216 omino
2190 5161 2408 5216 dicebat
2453 5161 2654 5216 :Mitte
2707 5172 2754 5218 te
2817 5163 3059 5217 deorsum
3095 5164 3164 5217 ".
3217 5161 3334 5225 Vel,
3373 5179 3475 5216 non

243 5245 337 5296 τὸν
362 5247 533 5304 κάτω.
557 5248 626 5300 Ἦ
656 5247 738 5313 τὺ,
772 5248 856 5300 Οὐ
886 5246 1165 5315 φοϐηθείς
1193 5245 1300 5297 τὸν
1341 5245 1530 5314 θυμὸν
1557 5243 1663 5298 τοῦ
1685 5245 1767 5308 βα

1953 5253 2095 5306 'rilus
2126 5253 2545 5323 indignationem
2601 5255 2762 5323 regis,
2807 5254 2954 5308 hunc
3003 5253 3071 5306 ad
3117 5255 3338 5308 modum
3391 5255 3477 5308 in-

245 5335 470 5402 σιλέως,
499 5337 642 5390 οὕτω
669 5337 883 5408 νόησον,
915 5337 996 5389 ὅτι
1025 5335 1193 5403 ἔφυγε
1223 5337 1540 5401 πιστεύσας,
1569 5335 1650 5387 ὅτι
1680 5334 1766 5387 δια

1949 5344 2099 5414 sllige,
2157 5359 2350 5416 nempe
2436 5345 2580 5416 quod
2652 5345 2850 5414 fugerit
2909 5345 3142 5400 credens
3195 5345 3342 5414 quod
3400 5348 3473 5401 sit

246 5421 440 5492 δράσει,
479 5429 573 5481 καὶ
610 5429 711 5482 οὑκ
753 5426 1099 5490 ἐπιδιώξεται
1138 5424 1301 5478 αὑτὸν
1339 5427 1366 5479 ὁ
1412 5425 1682 5495 βασιλεὺς,
1720 5424 1765 5477 ὼ

1951 5450 2184 5501 vasurus,
2233 5452 2408 5507 neque
2465 5449 2878 5507 persecuturum
2962 5452 3166 5507 regem,
3217 5445 3475 5508 tanquam

250 5513 571 5588 θυμούμενος
596 5521 718 5574 κατ’
740 5519 928 5586 αὑτοῦ,
956 5518 1078 5573 οὐδὲ
1104 5519 1156 5572 εί
1186 5517 1281 5572 καὶ
1309 5517 1604 5586 ἐπιδιώξει,
1633 5535 1774 5572 κατα

1954 5540 2318 5584 ,tcccnsentetn
2351 5529 2478 5600 ipsi,
2526 5545 2622 5585 nec
2645 5529 2860 5586 etiamsi
2913 5537 3355 5602 persequeretur,
3377 5547 3478 5602 ap-

350 5635 393 5667 "
434 5636 600 5694 Exod.
625 5653 687 5708 ιι,
721 5639 810 5695 14.
886 5639 933 5672 ⁸⁸
973 5638 1165 5696 Matth.
1191 5657 1266 5707 tv,
1300 5639 1352 5696 6.

1590 5743 1794 5806 Varia:
1823 5743 2150 5808 lectiones.

321 5831 363 5863 ⁸³
381 5831 526 5902 λέγει
547 5851 600 5893 o.
676 5836 722 5868 “
746 5836 800 5890 δέ
826 5853 879 5892 o.
