3860 6548
365 361 476 423 359
1237 365 1337 424 ΤΙΙ
1349 365 1811 425 EOPHYLACTI
1850 361 2258 423 BULGARIE
2289 366 2644 428 ARCHIEP.
3506 373 3609 434 36)

365 465 788 534 prehensurtnn.
827 463 1000 533 Hujus
1038 475 1218 518 autem
1251 469 1325 521 rei
1352 469 1565 538 signum
1617 477 1723 529 est,
1789 467 1930 537 quod

2041 467 2288 536 λήψεται.
2315 473 2516 525 Τούτου
2543 474 2597 526 δὲ
2627 477 2870 544 σημεῖον,
2898 475 2980 530 ὅτι
3009 478 3104 531 καὶ
3131 481 3194 532 ἐκ
3220 480 3478 546 γειτόνων
3501 482 3613 536 δια-

364 555 418 606 in
479 553 676 605 vicinia
743 556 942 607 tnorari
995 555 1265 624 sclegcrit,
1329 566 1495 628 atque
1570 559 1644 613 ibi
1699 559 1936 613 latuerit.

363 645 604 698 Proinde
659 645 778 699 iidri
822 654 873 698 et
904 645 1006 698 hoc
1037 656 1142 700 est.

439 734 760 788 Inrisibilent
786 737 924 790 enim
977 747 1227 807 tanquam
1263 739 1464 803 uidens,
1501 741 1777 794 sustinuit.
1812 739 1940 795 Per-

363 827 490 881 inde
539 827 684 880 enim
733 830 887 896 quasi
944 829 1150 882 videret
1182 831 1346 885 Deum
1395 847 1580 886 secum
1610 848 1938 886 conversan-

366 925 499 980 tem,
560 919 641 971 sic
689 919 871 971 omnia
925 931 1244 976 constanter
1303 925 1588 978 tolerabat.
1634 923 1934 978 Plurimum

361 1009 503 1062 enim
559 1012 625 1062 ad
685 1010 998 1078 patientiam
1046 1013 1280 1078 confert,
1341 1015 1541 1070 habere
1608 1031 1823 1086 semper
1880 1017 1934 1069 in

359 1109 540 1155 mente
606 1099 810 1167 Deum,
865 1104 1090 1172 perinde
1132 1119 1196 1159 ac
1275 1105 1440 1160 David
1506 1107 1734 1176 inquit:
1796 1107 1934 1160 Pro-

356 1189 594 1243 videbam
660 1191 946 1246 Dominum
1020 1194 1075 1248 in
1124 1206 1404 1263 conspectu
1461 1196 1670 1260 meo”,
1723 1205 1778 1251 et
1811 1211 1935 1266 qua:

355 1297 486 1350 sequ
497 1291 680 1338 untur.

433 1373 710 1429 \‘sns.28.
771 1374 908 1428 Fide
963 1376 1239 1430 celebrauit
1284 1377 1493 1431 Pascha
1526 1387 1576 1432 et
1625 1378 1933 1446 (fusionem

353 1466 652 1534 sanguinis,
676 1481 738 1518 ne
767 1466 862 1534 qui
889 1467 1130 1520 vastabat
1161 1468 1531 1536 primogenita,
1563 1477 1794 1537 tangeret
1820 1483 1930 1520 eos.

360 1555 559 1610 Paulus
596 1558 796 1626 ubique
839 1558 1020 1612 obiter
1045 1561 1360 1630 mysterium
1413 1561 1933 1630 interponit,quem-

356 1647 652 1702 admodum
679 1649 782 1704 hoc
810 1651 862 1704 in
898 1651 1015 1704 loco
1047 1652 1188 1704 inter
1216 1653 1604 1706 consolandum
1647 1651 1932 1708 Paschalis

364 1742 696 1795 sacramenti
734 1743 1000 1798 meminit.
1031 1743 1235 1800 Eﬂ‘usio
1264 1747 1406 1799 enim
1441 1745 1728 1814 sanguinis
1759 1745 1928 1810 illius,

2041 558 2247 629 τρίϐειν
2279 561 2452 614 εἵλετο
2481 565 2574 616 καὶ
2605 563 2814 617 ἔλαθεν.
2839 565 3002 619 Ὥστε
3032 569 3130 636 τῆς
3168 568 3403 632 πίστεως
3434 568 3610 624 τοῦτο.

2114 742 2230 797 Τὸν
2263 742 2370 813 γὰρ
2406 744 2760 812 ἀόρατοι-ὠς
2787 746 2940 813 ὀρῶν
2973 747 3396 816 ἐκαρτέρησεν.
3429 747 3613 804 Ὡσαν-

2039 835 2090 888 ei.
2116 835 2224 905 γὰρ
2255 836 2395 906 ὁρῶν
2430 839 2521 890 τόν
2548 837 2680 890 Θεὸν
2712 840 2939 891 συνόντα
2989 840 3160 910 αύτῷ,
3187 842 3360 904 οὕτως
3387 845 3614 914 ἐκαρτέ-

2041 943 2120 996 ρει
2148 928 2344 981 πάντα.
2372 929 2629 999 Μεγάλης
2650 929 2756 998 γὰρ
2780 931 3052 1000 ὑπομονῆς
3078 935 3360 1004 ποιητικὸν
3382 935 3443 987 τὸ
3467 936 3612 1004 ἔχειν

2035 1020 2122 1072 ἀεὶ
2158 1021 2214 1071 ὲν
2243 1021 2318 1090 νῷ
2347 1021 2437 1072 τὸν
2466 1021 2598 1074 Θεόν
2625 1038 2637 1051 ·
2671 1021 2747 1085 ὠς
2782 1023 2872 1076 καὶ
2901 1025 2927 1076 ό
2956 1024 3119 1077 Δαῗίδ
3151 1042 3305 1094 φησι.
3337 1026 3613 1097 Προωρώ-

2030 1128 2156 1180 μην
2172 1111 2277 1164 τὸν
2294 1114 2515 1180 Κύριον
2530 1114 2788 1168 ἐνώπιόν
2803 1135 2917 1184 μου
2939 1132 2953 1148 °
2986 1119 3081 1172 καὶ
3109 1118 3177 1170 τὰ
3205 1117 3354 1188 ἑξῆς.

2105 1379 2311 1431 Πίστει
2339 1378 2629 1444 πεποίηκε
2655 1379 2720 1432 τὸ
2745 1377 2980 1447 Πάσχα,
3010 1379 3106 1432 καί
3129 1379 3244 1448 τὴν
3265 1381 3612 1449 πρόσχι·σιν

2034 1469 2142 1532 τοῦ
2169 1471 2443 1538 αἳματος,
2472 1471 2572 1524 ἵνα
2594 1471 2680 1539 μὴ
2709 1473 2742 1524 ό
2771 1471 3106 1539 ὀλοθρεύων
3133 1471 3204 1525 τὰ
3231 1474 3609 1541 πρωτότοκα,

2035 1565 2169 1632 θίγῃ
2201 1565 2418 1618 αὐτῶν.
2445 1562 2726 1635 Πανταχοῦ
2761 1565 2788 1616 ὁ
2811 1563 2854 1596 ⁸⁸
2879 1564 3090 1628 Παῦλος
3123 1567 3180 1618 ὲν
3203 1566 3424 1637 παρόδῳ
3461 1582 3606 1636 παρ-

2035 1656 2296 1724 εμϐάλλει
2346 1658 2666 1726 μυστήριον,
2697 1655 2884 1724 ὥσπερ
2911 1651 3006 1709 οῦν
3051 1656 3146 1708 καὶ
3175 1655 3406 1710 ἐνταῦθα
3433 1658 3490 1709 ἐν
3516 1658 3612 1712 τά-

2039 1745 2119 1810 ξει
2157 1746 2555 1818 παρακλήσεως
2588 1746 2644 1800 τὸ
2674 1743 2768 1800 τοῦ
2811 1746 3002 1816 Πάσχα
3045 1750 3346 1817 μυστήριον
3378 1748 3611 1800 καταλέ-

362 1835 465 1886 hoc
522 1840 652 1897 est,
721 1835 964 1890 inunctio
1017 1837 1274 1905 postium,
1324 1836 1590 1892 Dominici
1647 1838 1930 1908 sanguinis

2041 1807 2141 1907 γει.
2175 1807 2248 1891 Ἦ.
2267 1839 2376 1908 γὰρ
2399 1807 2702 1908 πρόσχυσις
2731 1807 2964 1907 αἵματος
2991 1807 3242 1898 ἐκείνουΐ
3267 1838 3545 1890 τουτέστιν
3573 1839 3608 1907 ἡ

359 1925 679 1981 eli'usionem
737 1927 1122 1995 signiﬁcabat,
1178 1944 1286 1999 quo
1349 1931 1636 2000 peruncti,
1693 1931 1932 2000 l'ugintus

357 2017 412 2070 in
449 2026 606 2072 nocte
668 2019 790 2072 vitae
850 2019 1013 2089 huius
1077 2022 1532 2076 exterminantem
1565 2036 1672 2076 non
1728 2038 1936 2093 perun-

359 2117 574 2162 ctorum
623 2109 1008 2180 primogenita.
1034 2110 1213 2167 Moses
1251 2112 1416 2184 igitur
1441 2128 1566 2168 cum
1605 2124 1718 2167 tum
1753 2113 1934 2168 eri-di-

359 2197 526 2253 dissct
576 2200 861 2269 sanguinis
907 2201 1279 2258 inunctionem
1333 2213 1776 2258 conservaturam
1820 2205 1935 2274 pri-

363 2291 657 2358 mogenita,
706 2291 1072 2346 demandabat
1120 2294 1324 2364 populo
1377 2295 1481 2350 hoc
1527 2297 1728 2351 facere.
1769 2297 1933 2366 Atqui

361 2379 454 2435 ille
507 2383 633 2453 agni
681 2385 905 2451 sanguis
953 2392 1093 2441 erat.
1122 2387 1370 2440 Attamen
1403 2395 1677 2456 quatenus
1708 2388 1935 2458 sangui-

361 2471 448 2524 nis
474 2472 678 2525 (Ilir'sti
724 2473 891 2541 ﬁgura
917 2483 1057 2538 erat,
1097 2483 1301 2530 tantam
1338 2478 1446 2530 vim
1477 2486 1531 2533 et
1553 2479 1809 2533 virtutem
1835 2479 1934 2534 de-

359 2563 712 2616 ttiuus'rabat.
768 2563 878 2618 Vos
918 2575 1100 2620 autent
1166 2583 1294 2622 vero
1355 2570 1619 2637 sanguine
1661 2571 1932 2638 peruncti,

364 2673 466 2707 nun
515 2656 800 2710 confiditis
844 2657 946 2710 isto
973 2660 1306 2713 communiri
1338 2660 1361 2713 ?
1399 2659 1508 2715 lino
1536 2670 1706 2716 certe.
1739 2660 1932 2727 Porro,

356 2743 562 2797 Pascha
607 2746 920 2812 celebravit,
959 2747 1061 2802 lioc
1113 2758 1217 2814 est,
1253 2766 1406 2805 esum
1449 2753 1596 2820 agni,
1630 2761 1682 2807 et
1719 2769 1937 2824 azymo-

359 2850 500 2894 rum,
543 2847 586 2886 et
619 2836 958 2890 lactnrarum
987 2843 1308 2907 agrestium,
1339 2849 1393 2892 et
1411 2840 1644 2894 credidit
1671 2843 1932 2912 populum

355 2943 422 2979 ex
481 2927 717 2996 Aigypto
779 2945 1059 2996 ρει-ρδείτιιι
1114 2945 1496 2986 conservatum
1539 2932 1625 2988 iri.
1661 2933 1788 2987 Erat
1840 2950 1937 2988 au-

357 3026 465 3070 tein
510 3019 648 3073 ratio
709 3034 879 3074 ciente
930 3022 1078 3076 illius
1105 3025 1350 3093 egressui
1409 3025 1650 3095 ipsorum
1712 3042 1934 3082 accom-

363 3109 546 3162 moda.
1336 3124 1340 3128 ‘
1769 3181 1780 3198 .

431 3199 591 3254 Vens.
619 3200 708 3254 29.
768 3199 906 3258 Fide
968 3208 1293 3260 transierunt
1321 3208 1486 3262 ἠιαιέ
1528 3207 1780 3273 Rubrum,
1811 3218 1935 3263 tan-

351 3305 512 3358 quam
545 3292 700 3364 741
732 3310 825 3363 per
852 3296 1082 3350 aridam.
1113 3295 1190 3353 Ne
1217 3299 1423 3362 dicant,
1464 3299 1532 3355 Ut
1568 3301 1695 3370 quid
1721 3300 1933 3371 profers

358 3380 415 3436 in
475 3385 712 3439 medium
738 3388 888 3442 viros
916 3389 1268 3446 inimitabilcs
1296 3391 1318 3445 ἲ
1343 3393 1638 3462 protulitct
1676 3394 1930 3464 populum

355 3473 413 3528 in
431 3479 764 3547 exemplum.
801 3480 1093 3536 lmitamini
1123 3483 1292 3549 enim,
1316 3484 1516 3555 inquit,
1568 3486 1704 3541 istos
1736 3488 1930 3542 saltem

353 3579 386 3618 e
423 3567 603 3636 vulgo,
639 3569 729 3635 qui
759 3571 1112 3627 crediderunt
1140 3589 1262 3629 sese
1314 3575 1457 3630 haud
1500 3575 1932 3648 submergendos

354 3669 522 3724 aqua,
572 3658 762 3730 sicque
812 3663 930 3717 ausi
960 3663 1218 3730 luerunt,
1249 3666 1591 3723 conﬁdentes
1627 3670 1734 3722 Deo
1786 3669 1932 3738 quod

353 3746 520 3801 veluti
545 3751 850 3818 peraridam
899 3753 1010 3808 sint
1039 3757 1418 3824 pertransituri
1444 3773 1460 3811 :
1493 3761 1628 3814 adeo
1657 3761 1933 3830 quaelsunt

354 3835 741 3906 impossibilia,
772 3839 906 3895 ﬁdes
933 3845 1220 3913 possibilia
1269 3845 1461 3900 efﬁcit.
1515 3848 1695 3913 Quare
1748 3849 1932 3921 itaque

353 3941 452 3980 vos
474 3928 759 3984 difﬂditis?

427 4016 580 4082 Quod
616 4021 820 4089 experti
858 4020 1122 4092 Egyptii,
1153 4025 1390 4080 devorati
1428 4038 1573 4083 sunt.
1627 4028 1706 4084 Ac
1745 4045 1927 4096 nemo,

360 4107 560 4176 inquit,
594 4108 776 4166 dicere
798 4120 995 4181 potest,
1029 4117 1171 4185 quod
1203 4116 1582 4187 imaginarium
1617 4129 1752 4185 erat,
1790 4136 1930 4191 aqua

359 4213 468 4251 non
499 4209 637 4253 erat.
667 4199 800 4255 Nam
835 4205 978 4273 quod
1021 4221 1170 4261 mare
1199 4216 1340 4272 erat,
1361 4206 1603 4280 Egyptii
1642 4220 1770 4266 sunt
1796 4212 1930 4267 indi-

353 4288 464 4352 cio,
499 4300 686 4358 utpote
713 4294 803 4360 qui
833 4294 1044 4366 ingredi
1081 4297 1302 4368 quidem
1336 4301 1616 4354 tentabant
1638 4341 1654 4366 ,
1687 4301 1927 4372 absorpti

357 4393 486 4432 vero
521 4392 644 4434 sunt
672 4383 742 4437 ab
778 4400 865 4450 eo,
916 4394 1032 4441 toto
1078 4389 1241 4444 simul
1281 4397 1471 4444 contra
1521 4407 1616 4446 eos
1660 4403 1924 4462 permoto,

2033 1929 2215 1998 χρίσις
2242 1927 2354 1981 τῶν
2389 1928 2583 1997 φλιῶν,
2612 1927 2711 1980 τὸν
2741 1927 2833 1980 τοῦ
2866 1926 3186 1980 δεσποτικοῦ
3220 1927 3454 1996 αἵματος
3487 1926 3610 1996 ἐδή-

2033 2018 2158 2087 λου,
2189 2014 2335 2074 διὀῦ
2364 2019 2676 2091 χριόμενοι,
2710 2018 2985 2089 φεύγομεν
3014 2019 3112 2088 τὴν
3141 2021 3198 2073 ὲν
3228 2021 3292 2089 τῇ
3325 2018 3482 2072 νυκτὶ
3510 2016 3606 2070 τοῦ

2035 2110 2150 2181 βίου
2188 2110 2381 2164 τούτου
2415 2110 2772 2180 όλοθρεύοντα
2807 2111 2876 2164 τὰ
2909 2111 3230 2181 πρωτότοκα
3265 2108 3377 2162 τῶν
3411 2107 3487 2178 μὴ
3519 2124 3611 2160 κε-

2033 2205 2361 2276 χρισμένων.
2391 2203 2454 2257 Ὀ
2479 2203 2686 2273 Μωσῆς
2710 2203 2889 2256 τοίνυν
2909 2203 3030 2256 τότε
3062 2199 3382 2264 πιστεύσας,
3407 2201 3490 2253 ὃτι
3512 2197 3606 2252 τοῦ

2035 2296 2266 2365 αἵματος
2291 2299 2324 2365 ἡ
2356 2294 2534 2365 χρίσις
2560 2292 2785 2362 φυλάξει
2809 2293 2875 2346 τὰ
2903 2292 3244 2363 πρωτότοκα,
3270 2289 3606 2360 παρήγγειλε

2034 2388 2114 2460 τῷ
2155 2386 2268 2458 λαῷ
2309 2387 2467 2440 τοῦτο
2512 2386 2758 2454 ποιῆσαι.
2803 2385 2992 2438 Καίτοι
3035 2385 3212 2437 ἐκεῖνο
3255 2381 3427 2453 ἀμνοῦ
3471 2376 3608 2450 αἷμα

2032 2475 2136 2549 ἦν’
2166 2479 2468 2548 ἁλλ’ὃμως,
2499 2477 2636 2531 καθὸ
2678 2476 2876 2528 ὲτύπου
2922 2476 2981 2528 τὺ
3024 2474 3118 2528 τοῦ
3156 2471 3395 2543 Χριστοῦ
3438 2468 3604 2541 αἷμα,

2035 2569 2301 2639 τοσαύτην
2345 2569 2497 2638 ἰσχὺν
2543 2567 2764 2631 ἔδειξεν.
2799 2565 2988 2636 Ὑμεῖς
3030 2565 3087 2618 δὲ
3124 2564 3203 2634 τῷ
3243 2563 3487 2634 ἀληθινῷ
3525 2565 3603 2616 αῖς

2039 2679 2169 2731 ματι
2215 2659 2564 2731 χρισθέντες,
2611 2659 2670 2711 ού
2720 2657 2973 2729 θαῤῥεῖτε
3019 2656 3192 2727 τούτῳ
3237 2655 3600 2725 τειχίζεσθαις

2035 2751 2144 2805 Ναὶ
2176 2751 2304 2821 μήν.
2336 2749 2444 2802 Καὶ
2470 2748 2530 2801 τὺ
2559 2749 2748 2818 Πάσχα
2775 2747 3012 2812 ἐτέλεσε,
3035 2747 3284 2798 τουτέστι
3335 2747 3434 2816 τὴν
3461 2744 3600 2815 βρῶ-

2037 2859 2121 2895 σιν
2151 2840 2242 2893 τοῦ
2278 2839 2451 2910 ἀμνοῦ
2470 2884 2483 2901 ,
2516 2841 2607 2892 καὶ
2637 2839 2744 2891 τῶν
2772 2837 3018 2908 ἀζύμων,
3052 2840 3148 2891 καὶ
3178 2838 3285 2890 τῶν
3315 2837 3597 2907 πικρίδων,

2037 2934 2130 2986 καὶ
2155 2933 2471 2985 ἐπίστευσεν
2495 2932 2576 2983 ὅτι
2606 2931 2633 2983 ὁ
2661 2929 2786 2992 λαὸς
2815 2929 3045 2996 ἐξελθὼν
3068 2931 3165 2996 τῆς
3193 2928 3466 2996 Αἰγύπτου
3492 2929 3602 2981 δια-

2039 3024 2368 3094 σωοήσεται.
2404 3023 2634 3088 Ἐξόδιος
2676 3022 2785 3093 γὰρ
2828 3018 2896 3092 ἦν
2938 3023 2966 3074 ὁ
3010 3023 3207 3092 τρόπος
3252 3021 3346 3074 τοῦ
3388 3020 3600 3073 δείπνου

1959 3136 2006 3200 C
2039 3116 2270 3170 ἐκείνου.

2109 3209 2309 3264 Πίστει
2342 3207 2635 3275 διέϐησαν
2674 3205 2787 3276 τὴν
2829 3203 3119 3274 Ἐρυθρὰν
3154 3203 3498 3268 θάλασσαν,
3527 3203 3601 3268 ὡς

2034 3294 2130 3349 διὰ
2148 3295 2192 3328 ⁸⁸
2235 3293 2442 3364 ξηρᾶς.
2467 3296 2581 3348 Ἱνα
2628 3294 2703 3366 μὴ
2743 3295 2965 3365 λέγωσι,
3003 3295 3054 3348 τί
3099 3294 3284 3365 φέρεις
3321 3295 3402 3357 είς
3443 3293 3602 3365 μέσον

2035 3386 2346 3458 ἀμιμήτους
2379 3387 2609 3458 ᾶνδραςς
2644 3388 2844 3458 ἧνεγκε
2875 3387 2972 3441 καὶ
3002 3385 3129 3439 λαὸν
3159 3387 3239 3450 εἰς
3275 3387 3597 3457 ὑπόδειγμα.

2033 3479 2362 3550 Μιμὴσασθε
2397 3479 2541 3550 γὰρ,
2573 3479 2704 3549 φησὶ
2727 3517 2742 3541 ,
2773 3477 2998 3542 τούτους
3027 3477 3157 3548 γοῦν
3186 3479 3310 3542 τοὺς
3339 3477 3436 3531 τοῦ
3467 3479 3600 3548 πλή-

2035 3570 2195 3638 θους,
2236 3569 2316 3641 οῖ⁴
2333 3571 2662 3624 ἐπίστευσαν
2703 3570 2779 3632 ὼς
2821 3569 2924 3622 οὐκ
2968 3569 3256 3623 ἐπικλύσει
3305 3571 3503 3633 αὐτοὺς
3543 3568 3599 3623 τδ

2035 3661 2214 3732 ὕδωρ,
2265 3663 2358 3715 καὶ
2405 3661 2550 3716 οῦτω
2597 3659 3050 3732 κατετόλμησαν,
3098 3659 3476 3732 θαρρήσαντες
3522 3658 3596 3730 τῷ

2032 3753 2170 3824 Θεῷ,
2201 3755 2281 3807 ὅτι
2311 3753 2386 3817 ὡς
2412 3754 2500 3808 διὰ
2525 3753 2698 3824 ξηρᾶς
2724 3752 3031 3807 ἐλεύσονται
3053 3769 3068 3784 ·
3100 3752 3244 3807 οὕτω
3267 3753 3338 3807 τὰ
3366 3752 3595 3808 ἀδύνατα

2031 3842 2233 3897 δυνατὰ
2259 3845 2406 3897 ποιεῖ
2432 3843 2467 3915 ἠ
2499 3842 2681 3908 πίστις
2703 3860 2718 3876 ο
2753 3845 2848 3900 καὶ
2879 3844 2996 3909 πῶς
3027 3845 3185 3916 ὑμεῖς
3211 3847 3528 3912 ἀπιστεῖτες

2101 4009 2213 4082 Ἦς
2243 4013 2458 4083 :tsi'par
2482 4013 2771 4080 λαϐόντες
2797 4015 3126 4083 Αίγύπτιοι,
3155 4016 3589 4084 κατεπόθησαν.

2029 4109 2142 4162 Καὶ
2173 4109 2273 4161 οὐκ
2308 4106 2423 4177 ἔχει
2453 4123 2536 4169 τις
2565 4106 2765 4170 εἰπεῖν,
2807 4107 2996 4177 φησὶν,
3019 4108 3100 4161 ὅτι
3125 4108 3266 4162 κατὰ
3293 4110 3589 4178 φαντασίαν

2028 4195 2131 4272 ἧν;
2159 4200 2344 4270 ’Υδωρ
2376 4199 2478 4252 οὐκ
2521 4195 2587 4270 ἦν
2607 4215 2622 4229 ⁸
2653 4199 2737 4253 ὅτι
2761 4200 2872 4272 γὰρ
2910 4199 3154 4255 θάλασσα
3175 4197 3264 4272 ἦν,
3318 4202 3524 4268 ἔδειξαν
3545 4203 3590 4256 oi

2028 4292 2338 4359 Αἰγύπτιοι,
2367 4290 2729 4361 πειράσαι-ντες
2757 4291 2855 4362 μὲν
2886 4290 3168 4356 εἰσελθεῖν,
3197 4295 3592 4359 καταποθέντες

2028 4381 2083 4436 δὲ
2121 4380 2213 4434 ὑπ’
2267 4381 2456 4451 αὐτῆς.
2504 4378 2707 4450 ἀθρόας
2761 4381 3072 4451 κινηθείσης
3111 4383 3232 4434 κατ’
3268 4383 3472 4448 αὐτῶν,
3501 4387 3590 4454 τῆς

353 4469 499 4536 quod
537 4469 590 4522 in
617 4473 851 4530 transitu
903 4475 1250 4533 llebrworum
1299 4481 1471 4534 instar
1515 4482 1653 4534 muri
1682 4493 1922 4538 erectum

2041 4475 2091 4525 ὲν
2115 4475 2178 4542 τῇ
2209 4471 2455 4526 διαϐάσει
2488 4470 2596 4524 τῶν
2641 4469 2910 4541 Ἐϐραίων
2932 4471 3008 4535 ὡς
3055 4475 3231 4542 τεῖχος
3261 4475 3554 4544 ἱσταμένης
3575 4489 3589 4506 ⁶

353 4564 718 4618 constiterat:
765 4567 989 4634 perinde
1034 4585 1098 4623 ac
1140 4581 1324 4640 postea
1371 4572 1586 4626 ﬂamina
1630 4572 1920 4631 adversum

353 4659 464 4704 tres
515 4666 710 4718 pueros
759 4667 970 4724 parata,
1010 4663 1460 4716 commonstravit
1507 4661 1654 4732 quod
1705 4661 1922 4717 ﬂamma

349 4751 491 4806 erat,
543 4758 666 4796 cum
718 4744 1040 4817 Babylonios
1085 4749 1359 4807 devorarit
1397 4772 1412 4804 :
1463 4755 1650 4810 itidem
1687 4753 1921 4810 Dmielis

354 4833 562 4896 leones,
593 4836 685 4903 qui
717 4835 988 4892 delatores
1031 4840 1151 4908 ejus
1181 4841 1538 4897 dilaniarunt.

426 4926 592 4980 Vens.
619 4928 704 4982 50.
729 4927 864 4984 Fide
911 4934 1050 4984 muri
1081 4931 1294 4987 Iericho
1325 4948 1656 5000 corruerunt,
1685 4941 1915 4994 circum-

351 5019 466 5071 dati
489 5022 556 5072 ad
577 5031 765 5089 septem
785 5021 918 5075 dies.
939 5020 1070 5078 Fide
1097 5041 1110 5075 :
1147 5022 1255 5079 Deo
1278 5026 1422 5080 enim
1447 5027 1588 5080 istud
1610 5032 1919 5095 mandante,

358 5127 534 5180 neque
561 5111 732 5166 Josue
764 5129 940 5183 neque
993 5115 1227 5184 populus
1270 5116 1615 5183 haesitabant,
1645 5134 1744 5173 nec
1773 5121 1922 5177 dixe-

352 5212 500 5268 runt,
528 5203 735 5274 Ecquid
763 5206 863 5261 hoc
902 5209 1032 5262 est?
1065 5207 1203 5261 Num
1235 5209 1486 5262 tubarum
1523 5211 1734 5265 sonitus
1765 5222 1924 5265 natu-

353 5309 467 5347 ram
508 5296 670 5351 habet
720 5297 1014 5366 dejiciendi
1061 5299 1267 5369 lapides
1315 5305 1370 5354 et
1398 5299 1730 5356 munitiones
1760 5301 1783 5355 ἲ
1815 5301 1921 5357 Sed

352 5403 497 5440 enim
522 5390 872 5444 crediderunt
898 5393 978 5447 sic
1009 5392 1143 5460 fore,
1181 5401 1235 5447 et
1263 5390 1344 5448 sic
1375 5390 1577 5446 factum
1612 5402 1714 5450 est.

427 5571 470 5599 ⁸³
505 5568 644 5623 l’sal.
677 5588 766 5636 xv,
801 5572 856 5627 8.

2030 4562 2220 4634 ὥσπερ
2252 4563 2344 4616 καὶ
2372 4561 2598 4633 ὕστερον
2628 4562 2662 4632 ἡ
2693 4561 2834 4614 κατὰ
2853 4563 2980 4626 τοὺς
3028 4566 3180 4633 τρεῖς
3219 4565 3418 4628 παῖδας
3441 4565 3587 4634 φλὸξ,

2034 4655 2200 4720 ἔδειξε
2233 4653 2364 4724 φλὸξ
2399 4650 2661 4720 οῦσα,ὃτε
2689 4655 2815 4718 τοὺς
2845 4655 3217 4721 Βαϐυλωνίους
3246 4658 3589 4729 διεσοσκήθη·

2029 4751 2122 4803 καὶ
2148 4751 2197 4802 οἱ
2228 4749 2368 4803 κατὰ
2426 4747 2518 4800 τὸν
2571 4746 2770 4818 Δανιὴλ
2816 4745 3029 4810 λέοντες
3083 4749 3209 4811 τοὺς
3257 4750 3593 4820 κατηγόρους

2029 4841 2191 4895 αὑτοῦ
2215 4841 2574 4910 λαφύξαντες.

2102 4934 2307 4986 Πίστει
2346 4931 2419 4986 τὰ
2477 4933 2646 5000 τείχη
2697 4931 2912 5002 ἰεριχὼ
2960 4932 3164 5001 ἔπεσε,
3212 4936 3594 4992 κυκλωθέντα

2023 5028 2123 5081 ἐπὶ
2155 5027 2304 5080 ἑπτὰ
2333 5027 2578 5095 ἡμέρας.
2607 5023 2816 5077 Πίστει·
2847 5024 2939 5077 τοῦ
2963 5025 3070 5092 γὰρ
3097 5025 3230 5078 Θεοῦ
3263 5031 3597 5096 προστάξαν-

2023 5136 2135 5183 τος,
2190 5118 2252 5171 οῦ
2295 5115 2652 5187 διεκρίθησαν
2683 5116 2711 5167 ὃ
2744 5132 2803 5168 τε
2847 5114 3054 5182 Ἰησοῦς
3111 5118 3205 5168 καὶ
3241 5117 3445 5182 ὀλαὲς,
3501 5120 3594 5173 καὶ

2021 5206 2198 5276 εἷπον,
2227 5209 2294 5260 Τί
2337 5207 2532 5275 τοῦτο;
2565 5207 2887 5275 Σαλπίγγων
2921 5201 3051 5278 ἦχος
3079 5205 3240 5278 φύσιν
3284 5207 3399 5279 ἔχει
3432 5229 3593 5264 κατα-

2032 5301 2250 5355 ϐάλλειν
2290 5299 2471 5362 λίθους
2520 5299 2616 5353 καὶ
2670 5297 2960 5367 ἐπάλξεις
2991 5298 3104 5353 ἀλλ’
3154 5299 3484 5356 ἐπίστευσαν
3512 5302 3588 5356 ὅτι

2029 5393 2203 5461 ἔσται,
2238 5392 2332 5447 καὶ
2365 5392 2600 5462 ἐγένετο.

1707 5673 1906 5736 Varia)
1955 5673 2284 5736 lectiones.

429 5771 470 5801 ⁸⁵
514 5769 776 5840 πολλαχεῦ
817 5771 908 5824 καὶ
948 5774 972 5824 ὀ
1005 5790 1056 5826 0.
1133 5773 1176 5805 ⁶⁶
1208 5776 1297 5827 ἐπὶ
1329 5791 1381 5830 ο.
