3860 6582
195 458 280 523 36]
900 455 1300 518 EXPOSlTlO
1338 456 1420 517 IN
1458 453 1676 516 EPIST
1715 453 1815 514 AD
1852 453 2247 514 HEBR/EOS.
2282 475 2348 490 -
2380 453 2539 514 CAP.
2580 453 2690 512 XI.

3311 456 3416 519 362

254 573 445 622 Πιστει
507 568 688 621 Ῥαὰό
728 567 766 635 ἡ
793 569 987 636 πόρνη
1028 570 1099 623 οὐ
1149 566 1547 622 συναπώλετο
1618 562 1743 629 τοῖς

1921 561 2083 619 Vens.
2104 565 2194 619 5i.
2224 563 2355 619 Fide
2382 563 2560 618 Ralm!)
2586 563 2836 616 meretrix
2859 577 2962 617 non
2981 562 3136 632 periit
3163 578 3281 618 cum
3331 566 3416 618 iu-

190 659 560 725 ἂπειθήσασι,
609 658 908 727 δεξαμένη
962 660 1105 725 τοὺς
1153 660 1585 726 κατασκόπους
1613 659 1742 728 μετ’

189 749 414 820 εἰρήνης
433 751 500 804 ⁸⁷.
554 749 708 816 Ἰδοὺ,
736 750 876 820 ὅπερ
919 750 1015 804 καὶ
1043 751 1305 823 ἀνωτέρω
1334 748 1513 813 εἷπον,
1546 751 1743 821 ἀτιμό-

187 859 337 897 τατον
364 843 656 913 πρόσωπον
696 842 958 913 παράγει,
987 842 1076 896 ἵνα
1109 843 1351 916 ὲντρέψῃ
1383 846 1480 897 καὶ⁵
1503 844 1591 897 διὰ
1619 841 1745 895 τού-

188 953 278 988 του
327 936 439 1000 εῐγε
488 935 744 1005 τοιαύτης
791 936 1047 1004 γυναικὸς
1077 936 1274 1007 ἥττους
1315 937 1611 1006 φαίνοιντο,
1651 935 1746 989 καὶ⁸

185 1028 292 1093 ἅμα
333 1026 482 1096 δείξῃ
540 1028 631 1080 καὶ
681 1027 781 1097 τὴν
839 1026 1071 1098 δύναμιν
1099 1028 1198 1097 τῆς
1223 1027 1463 1091 πίστεως
1497 1025 1744 1097 μεγάλην

182 1111 361 1180 οὖσαν,
427 1114 543 1182 εἴγε
600 1116 694 1169 xal.
723 1116 781 1169 ὲν
822 1117 939 1179 τοῖς
994 1116 1464 1187 κατεγνωσμένοις
1522 1115 1747 1169 τοιαῦτα

182 1207 455 1276 κατορθοῖ.
489 1209 681 1260 Πίστιν
724 1207 817 1261 οὖν
849 1206 1150 1272 ἐνεδείξατο
1178 1207 1273 1261 καὶ
1302 1206 1464 1277 αῦτη,
1490 1205 1746 1276 κρύψασα

177 1299 293 1358 τοὺς
331 1296 529 1367 ἄνδρας
578 1296 943 1367 ζητουμένους
981 1297 1056 1359 ὼς
1104 1296 1505 1361 κατασκόπους.
1533 1298 1647 1350 Οὐκ
1679 1295 1746 1350 ἂν

177 1390 228 1441 δὲ
261 1388 523 1459 ἔκρυψεν,
550 1392 598 1442 5i
630 1388 708 1458 μὴ
741 1389 1063 1443 ἐπίστευσεν
1094 1391 1175 1443 ὃτι
1210 1389 1478 1443 ἁλώσεται
1503 1392 1538 1461 ἡ
1568 1388 1743 1462 ¹ιιεὸλις.

178 1480 333 1535 Οὕτω
371 1481 482 1550 γὰρ
507 1480 614 1549 ἔφη
647 1496 662 1511 ο
704 1481 1048 1547 Ἐπίσταμαι
1069 1480 1157 1535 ὅτι
1187 1480 1464 1549 λήψεσθε
1490 1478 1605 1547 τὴν
1631 1478 1747 1548 xm—

175 1588 281 1638 fur
315 1572 546 1637 ταύτην
567 1585 581 1598 '
612 1571 963 1639 ἠκούσαμεν
986 1572 1098 1641 γὰρ
1123 1572 1196 1624 τὰ
1219 1571 1364 1641 ἔργα
1407 1568 1592 1639 ὑμῶν.
1637 1568 1747 1625 Καὶ

177 1662 312 1731 αὑτὴ
374 1663 477 1732 μὲν
527 1665 641 1726 τοῖς
692 1663 1051 1717 ἀκουσθεῖσιν
1100 1665 1453 1717 ἐπίστευσεν·
1503 1663 1632 1717 οίδὲ
1668 1663 1745 1734 μὴ

179 1755 570 1817 πιστεύσαντες
601 1757 712 1818 τοῖς
748 1756 841 1809 τοῦ
892 1753 1028 1809 Θεοῦ
1072 1755 1416 1826 θαυμασίοις,
1445 1754 1745 1809 ἀπώλοντο.

242 1849 358 1902 Kal
383 1848 442 1902 τι
470 1847 559 1901 ἔτι
611 1847 807 1918 λέγω;
842 1847 1169 1912 Καταλύσας
1202 1848 1294 1900 τὸν
1324 1847 1483 1915 λόγον
1510 1849 1590 1910 είς
1648 1846 1748 1917 τὴν

1846 654 2224 718 obedientibus.
2255 656 2517 725 excipiens
2569 654 2930 725 exploratores
2972 655 3026 709 in
3077 669 3221 722 pace.
3256 653 3415 717 Ecce,
3447 692 3453 701 ς

1846 744 1991 814 quod
2025 754 2079 799 et
2110 761 2279 815 supra
2310 745 2443 810 dixi,
2477 732 3090 801 contumeliosissimam
3125 760 3412 817 personam
3440 764 3447 820 ς

1847 834 2121 904 producit,
2159 845 2217 889 ut
2264 834 2578 906 pudeiaciat
2615 850 2711 891 eos
2736 876 2752 901 ,
2787 850 2911 890 cum
2965 837 3056 891 tali
3097 834 3445 892 mulierculaf

1849 926 2141 982 inferiores
2167 942 2289 982 esse
2315 927 2626 993 videantur,
2656 942 2721 982 ac
2756 928 2919 984 simul
2953 936 3011 982 ut
3063 928 3189 984 ﬁdei
3232 907 3451 998 poten-I

1847 1019 1980 1071 tiam
2032 1032 2283 1088 magnam
2315 1032 2441 1073 esse
2470 1019 2742 1083 ostendat,
2779 1034 2904 1073 cum
2951 1018 3034 1073 vel
3070 1018 3125 1073 in
3172 1019 3420 1088 reprobis

1849 1108 1976 1161 talia
2007 1107 2227 1162 eiliciat.
2247 1106 2435 1162 Fidem
2474 1108 2642 1178 igitur
2669 1110 2786 1178 ipsa
2816 1109 3268 1175 subtnonstravit,
3291 1125 3416 1165 cum

1848 1198 2076 1254 abderet
2124 1198 2272 1255 viros
2309 1199 2402 1270 qui
2454 1201 2840 1270 quaerebantur
2885 1215 2983 1256 ceu
3023 1202 3418 1271 exploratores.

1847 1291 1965 1346 Non
1994 1292 2328 1348 occuluisset
2347 1303 2553 1359 autem,
2591 1294 2695 1349 nisi
2735 1294 3054 1349 credidisset
3083 1296 3270 1351 urbem
3298 1311 3422 1357 esse

1849 1384 2326 1455 intercipiendam.
2360 1386 2453 1439 Sic
2477 1385 2623 1440 enim
2655 1385 2793 1439 dixit
2822 1402 2836 1439 :
2888 1385 3227 1456 Compertum
3255 1387 3421 1442 habeo

1847 1476 1988 1547 quod
2040 1476 2263 1545 capietis
2308 1477 2444 1530 hunc
2487 1476 2704 1532 locum:
2729 1476 3029 1533 audivimus
3068 1479 3208 1533 enim
3262 1494 3423 1548 opera

1848 1580 2041 1624 uestra.
2078 1569 2142 1621 Et
2177 1568 2296 1638 ipsa
2338 1568 2562 1638 quidem
2590 1568 2796 1626 auditis
2846 1569 3080 1624 credidit
3115 1587 3131 1625 :
3161 1571 3256 1640 qui
3291 1586 3423 1625 vero

1849 1661 1947 1717 Dei
1979 1660 2247 1717 mirandis
2278 1662 2444 1717 rebus
2485 1664 2657 1732 gestis
2693 1676 2802 1717 non
2838 1663 3210 1718 adhibuerunt
3237 1662 3422 1727 ﬁdem,

1850 1754 2151 1826 perierunt.
3228 1804 3229 1807 η

1922 1842 2089 1900 Vens.
2141 1845 2231 1901 52.
2280 1843 2487 1915 Ecquid
2520 1843 2692 1898 adhuc
2734 1844 2955 1901 dicant?
2982 1844 3281 1917 Postquam
3304 1862 3426 1903 ser-

180 1937 408 2007 πόρνην,
443 1940 537 1991 καὶ⁵
584 1938 782 2003 ἱκανῶς
807 1940 1137 2011 δυσωπήσας
1162 1939 1361 1999 αὖτοὺς
1389 1939 1498 1993 ἀπὸ
1526 1939 1626 2008 τῆς
1652 1937 1747 1992 τοῦ

1870 1952 2070 1993 nonem
2096 1937 2151 1993 in
2178 1937 2521 1993 meretricem
2556 1936 2810 2002 liniisset,
2851 1952 2916 1992 ac
2944 1937 3160 1995 abunde
3183 1938 3321 1995 satis
3342 1939 3427 1995 eis

177 2030 476 2101 προσώπου
532 2032 838 2101 ποιότητος,
875 2032 1066 2087 λοιπὸν
1107 2032 1406 2103 συντομίας
1426 2032 1587 2104 χάριν
1607 2032 1751 2085 κατά

180 2121 347 2192 μέρος
366 2121 468 2193 μὲν
495 2124 663 2176 πᾶσιν
681 2121 782 2178 οὔκ
808 2123 1187 2195 ἐπεξέρχεται,
1221 2123 1309 2177 ἶνα
1340 2121 1419 2196 μὴ
1445 2121 1750 2192 ἀπειρόκα-

175 2215 261 2278 ὶος
297 2213 437 2288 δόξῃ
462 2230 476 2245 '
506 2215 647 2286 πλὴν
673 2213 795 2268 οὔτε
827 2216 1004 2284 πάντη
1046 2214 1359 2286 άποσιωπᾷ,
1411 2213 1548 2267 ἀλλὰ
1576 2211 1751 2266 δοκῶν

178 2308 569 2378 παραλείπειν,
615 2311 675 2360 οὐ
706 2307 1076 2377 παραλείπει·
1126 2306 1221 2363 καὶ
1273 2304 1447 2368 οὕτως
1498 2303 1622 2357 οὔτε
1657 2302 1751 2357 τδν

176 2402 461 2470 ἀκροατὴν
508 2400 815 2462 ἀποκναίει,
846 2401 941 2454 καὶ
967 2398 1120 2453 οὐδὲν
1146 2394 1309 2471 ¹ἧττον
1349 2395 1751 2460 κατασκευάζει

176 2492 263 2546 διὰ
291 2491 564 2546 πλειόνων
609 2491 638 2546 δ
669 2491 939 2563 βούλεται.

254 2584 598 2653 Ἐπιλείψει
677 2583 788 2654 γάρ
852 2600 927 2652 re
986 2582 1382 2651 διηγούμενον
1431 2585 1465 2637 ό
1513 2583 1751 2651 χρόνος.

180 2678 376 2741 1]οῖο;;
417 2676 448 2744 ἦ
481 2678 509 2727 ὁ
544 2679 651 2730 πᾶς
683 2692 696 2706 ⁸
736 2674 945 2745 εἴρηται
965 2675 1018 2727 δὲ
1051 2692 1227 2735 τουτο,
1259 2676 1333 2738 ὡς
1358 2673 1587 2745 σύνηθες
1623 2675 1754 2744 ἡμῖν

175 2768 384 2839 λέγειν,
409 2754 785 2838 ὑπερϐολικῶς
813 2786 827 2801 ο
864 2766 897 2838 ἢ
931 2769 959 2821 ὁ
987 2769 1054 2838 τῇ
1099 2767 1385 2838 Ἐπιστολῇ
1419 2766 1752 2838 σύμμετρος.

245 2949 399 3020 Περὶ
452 2948 709 3014 Γεδεὼν,
764 2948 966 3018 Βαράκ
1017 2965 1104 3015 τε,
1165 2948 1268 3004 καὶ
1325 2948 1610 3018 Σαμψὼν,
1658 2945 1758 3001 καί

191 3042 450 3114 Ἰεφθάε,
484 3041 661 3097 Διιόιδ
677 3058 761 3109 τε,
785 3041 884 3096 καὶ
905 3039 1212 3111 Σαμουὴλ,
1239 3042 1337 3096 καὶ
1374 3040 1492 3094 τῶν
1522 3055 1756 3110 προφη-

106 3193 118 3207 ,
178 3135 323 3190 τῶν.
363 3134 594 3202 Ζητοῦσί
635 3151 804 3199 τινες,
844 3133 987 3197 τίνος
1015 3133 1202 3186 ἕνεκεν
1242 3132 1451 3202 Ἰεφθάε
1480 3134 1576 3187 καὶ
1602 3134 1755 3202 Σαμ-

179 3227 301 3297 ψὼν
336 3229 435 3281 καὶ
480 3227 672 3299 Βαράκ
717 3226 930 3295 τίθησιν
981 3224 1240 3282 ἐνταῦθα.
1271 3225 1337 3278 Τί
1378 3225 1599 3294 λέγειςς
1638 3224 1753 3295 Τὴν

182 3291 400 3391 πόρνην
456 3291 589 3383 θεὶς,
641 3291 863 3380 τούτους
892 3315 955 3369 οὐ
986 3314 1179 3386 θήσεις
1238 3315 1330 3386 Μὴ
1387 3291 1495 3386 γάρ
1528 3331 1620 3385 μοι
1663 3291 1757 3367 τδν
1782 3291 1826 3351 c

177 3409 345 3463 ἄλλον
371 3406 549 3461 αὐτῶν
586 3403 761 3470 εἴποις
791 3405 926 3477 βίον,
959 3406 1076 3459 ἀλλ’
1104 3407 1153 3459 εἰ
1188 3406 1263 3476 μὴ
1326 3404 1574 3476 ἔλαμψαν
1597 3407 1656 3461 ὲν
1686 3409 1756 3480 τῇ

182 3498 390 3562 πίστει,
442 3499 599 3550 τοῦτο
643 3497 856 3550 σκόπει.
890 3496 964 3549 Οὐ
993 3495 1103 3569 γὰρ
1150 3495 1284 3567 βίων
1317 3496 1566 3563 ἐξέτασιν
1591 3499 1760 3551 ποιεῖ-

178 3607 293 3658 ται,
333 3588 474 3643 ἀλλὰ
495 3587 729 3652 πίστεως
751 3587 999 3653 ἔνδειξιν.

249 3681 325 3737 οι
352 3680 452 3734 διὰ
493 3681 752 3747 πίστεως
770 3679 1260 3750 κατηγωνίσαντο
1301 3681 1651 3748 βασιλείας.
1693 3682 1760 3738 0i

181 3776 315 3845 περὶ
348 3773 442 3826 τὸν
472 3771 698 3826 Γεδεών.

251 3862 631 3933 Εἰρτάσαντο
684 3861 1100 3931 δικαιοσύνην.
1155 3862 1353 3930 Τίνες;
1407 3862 1567 3917 αὐτοὶ
1612 3854 1761 3916 οὗτοι

183 3958 280 4010 καὶ
307 3958 338 4010 ὁ
368 3953 629 4025 Σαμψών.
658 3955 771 4008 Καὶ
802 3954 913 4024 γὰρ
933 3955 1060 4017 τοὺς
1092 3953 1323 4024 ἐχθροὺς
1345 3952 1453 4007 τῶν
1477 3952 1760 4023 συγγενῶν

182 4051 281 4101 καὶ
335 4046 627 4116 ὁμοφύλων
681 4045 982 4117 ἠμύναντο,
1009 4049 1123 4109 τοῖς
1187 4047 1285 4116 μὲν
1323 4044 1547 4109 οίκείοις
1574 4045 1764 4115 φιλάν-

183 4138 404 4209 θρωποι
466 4140 749 4206 φανέντες,
782 4139 897 4200 τοῖς
921 4137 980 4190 δὲ
1002 4136 1281 4190 ἀδικοῦσιν
1303 4137 1521 4206 ἐχθροῖς
1541 4136 1762 4204 ἐπεξελ-

183 4227 396 4290 θόντες.
437 4223 607 4280 Τοῦτο
632 4225 689 4280 δὲ
722 4224 1091 4297 δικαιοσύνης,
1117 4226 1178 4281 τὸ
1211 4227 1429 4302 ἑκάστῳ
1466 4227 1762 4297 ἀπονέμειν

179 4318 245 4372 τὸ
267 4318 394 4371 κατ’
423 4317 603 4384 ἀξίαν.

271 4409 612 4478 Ἐπέτυχον
673 4408 1065 4479 ἐπαγγελιῶν.
1101 4403 1226 4462 υἷον
1248 4410 1278 4461 ὀ
1301 4409 1485 4463 Δαϐίδ.
1542 4411 1763 4478 Ὠμοσε

182 4503 319 4571 γάρ,
345 4500 502 4572 φησὶ,
533 4501 750 4569 Κύριος
777 4499 859 4566 τῷ
886 4500 1062 4556 Δαϐιδ
1085 4515 1100 4531 ο
1140 4501 1235 4555 Ἐκ
1256 4501 1489 4571 καρποῦ
1510 4500 1617 4569 τῆς
1637 4520 1759 4556 κοι-

182 4591 325 4655 λίας
373 4597 493 4643 σου
545 4589 803 4659 θήσομαι
855 4588 955 4643 ἐπὶ
1000 4589 1107 4644 τοῦ
1167 4592 1387 4659 θρόνου
1413 4606 1553 4647 σου.
1581 4592 1758 4664 Ὅπερ

183 4680 465 4751 αἰσθητῶς
517 4682 619 4752 μὲν
646 4682 724 4745 εἰς
749 4680 1070 4752 Σολομῶντα
1093 4681 1300 4753 ἀπέϐη,
1337 4683 1542 4753 νοητῶς
1568 4683 1647 4752 δὲ,
1679 4685 1759 4749 εἰς

185 4774 280 4828 τὸν
308 4776 514 4845 Κύριον
565 4774 773 4842 Ἰησοῦν
794 4775 887 4829 τὸν
913 4776 1083 4839 ὅντως
1117 4776 1466 4845 Σολομῶντα,
1492 4779 1581 4830 τὸν
1611 4779 1762 4849 εἰρη-

186 4863 362 4929 νικὸν,
390 4864 482 4919 τὸν
503 4866 729 4936 εἰρήνην
752 4865 1095 4937 αὐτόχρημα.
1125 4865 1297 4921 Τοῦτο
1323 4865 1431 4937 γὰρ
1462 4867 1761 4938 ἑρμηνεύε-

184 4975 279 5012 ται
316 4957 593 5029 Σολομῶν,
620 4958 915 5029 εἰρηνικός.

266 5049 585 5119 Ἕφραξαν
631 5050 905 5120 στόματα
948 5051 1229 5108 λεόντων.
1291 5052 1352 5106 '0
1386 5051 1587 5125 Δανιὴλ
1620 5054 1713 5107 καὶ
1731 5053 1761 5106 ὁ

187 5140 448 5212 Σαμιινὼν.
1088 5154 1097 5190 ι
1364 5128 1369 5129 ί

267 5235 573 5289 Ἔσϐεσαν
601 5233 858 5305 δύναμιν
883 5234 1094 5303 πυρός.
1127 5236 1190 5287 οι
1216 5236 1366 5306 τρεῖς
1404 5235 1613 5300 παῖδες.
1647 5237 1762 5292 Ούκ

190 5325 313 5387 εἷπε
340 5331 417 5392 δὲ,
452 5330 725 5384 Ἐσδεσαν
746 5327 877 5400 πῦρ,
897 5329 1053 5394 ἀλλὰ,
1080 5330 1343 5398 Δύναμιν
1369 5329 1582 5399 πυρὸς,
1611 5332 1641 5384 ὅ
1664 5333 1759 5386 καὶ

190 5422 378 5491 μεῖζον
403 5438 418 5451 ·
449 5421 818 5489 ὶξαπτόμενον
860 5421 990 5492 γὰρ,
1028 5420 1169 5484 ὅλως
1207 5418 1435 5492 δύναμιν
1462 5421 1557 5476 τοῦ
1586 5420 1760 5477 καίειν

188 5514 292 5568 οὐκ
318 5509 437 5585 εἶχε
468 5513 602 5568 κατ’
631 5512 831 5568 αὐτῶν.

267 5692 479 5748 “Psal.
514 5707 698 5758 eam,
734 5692 821 5746 li.

1852 2042 1883 2082 a
1922 2043 2170 2098 personae
2215 2029 2479 2100 qualitate
2507 2028 2768 2098 pudorem
2805 2028 3132 2095 induxisset,
3169 2015 3475 2101 deinceps.‘

1852 2119 2157 2190 compendii
2190 2119 2365 2190 gratia
2391 2118 2669 2190 sigillatim
2699 2134 2893 2177 omnes
2940 2120 3077 2176 alios
3108 2136 3217 2176 non
3250 2124 3426 2193 expli-

1854 2217 2072 2280 catkne
2103 2211 2324 2280 ineptus
2351 2224 2475 2266 esse
2505 2209 2759 2266 videatur
2794 2228 2808 2266 :
2848 2226 3039 2267 verum
3070 2227 3174 2268 nec
3199 2214 3426 2269 omnino

1856 2310 2032 2356 tamen
2064 2301 2275 2366 reticet,
2307 2301 2403 2356 sed
2438 2301 2585 2357 visus
2618 2303 3053 2372 praetermittere,
3068 2319 3177 2359 non
3204 2313 3429 2375 prater-

1853 2391 2040 2447 mittit.
2064 2392 2157 2448 Sic
2186 2408 2362 2463 neque
2391 2394 2696 2448 auditorem
2732 2394 2894 2452 ιωωο
2919 2393 3103 2461 allicit,
3131 2409 3197 2452 ac
3220 2397 3428 2453 nihilo-

1853 2483 2039 2539 minus
2066 2498 2186 2553 quae
2218 2484 2334 2539 vult
2368 2485 2618 2554 pluribus
2641 2485 2882 2542 coniicit.

1924 2576 2143 2646 Deﬁciet
2166 2577 2307 2631 enim
2333 2592 2413 2630 me
2441 2585 2644 2646 tempus
2660 2587 3041 2634 renarrantem.
3093 2580 3263 2646 Quale
3293 2591 3431 2638 tetu-

1855 2670 2008 2741 pus?
2058 2668 2155 2724 Vel
2190 2670 2506 2725 universum
2543 2687 2558 2724 :
2609 2670 2817 2725 dictum
2856 2680 3037 2726 autem
3080 2683 3169 2729 est
3189 2675 3334 2730 istud
3368 2684 3430 2731 ut

1857 2756 2232 2822 solemus'nos
2262 2764 2435 2835 loqui,
2467 2764 2820 2836 hyperbolice
2847 2781 2863 2819 :
2906 2764 2994 2821 vel
3035 2772 3251 2837 tempus
3279 2766 3428 2837 quod

1860 2858 2116 2930 Epistolre
2143 2859 2424 2915 convenit.

1933 2950 2006 3005 De
2039 2949 2267 3015 Gedeon,
2304 2949 2501 3016 Barac,
2558 2949 2821 3021 Sampson
2861 2960 2913 3007 et
2947 2950 3188 3021 Jcphtlre,
3232 2951 3426 3017 David,
3504 2950 3512 2963 ‘

1859 3039 2100 3106 Samuel,
2132 3050 2182 3095 et
2213 3042 2500 3112 prapltetis.
2531 3041 2693 3114 742
2725 3040 2991 3109 Quaerunt
3022 3042 3293 3109 nonnulli,
3322 3059 3429 3113 qua

1858 3135 1927 3190 de
1972 3149 2138 3190 causa
2179 3133 2373 3204 Jeptbe
2413 3143 2470 3189 et
2517 3133 2787 3205 Sampson
2827 3142 2883 3189 et
2914 3132 3083 3190 Barac
3120 3134 3210 3191 hic
3244 3145 3428 3205 ponat.

1859 3226 2002 3292 Quid
2033 3229 2114 3282 ais
2138 3227 2162 3281 ?
2186 3226 2289 3293 Qui
2321 3236 2562 3282 scortum
2590 3228 2796 3297 posuit,
2824 3226 2924 3283 hos
2951 3227 3434 3297 prmtermitteret?

1859 3320 1975 3375 Nec
2006 3319 2152 3374 enim
2172 3325 2258 3374 est
2287 3318 2436 3389 quod
2459 3318 2725 3388 reliquam
2755 3332 2946 3373 eorum
2983 3319 3150 3374 vitam
3177 3317 3309 3373 milii
3343 3333 3435 3374 reo

1859 3411 2229 3477 censeas;sed
2257 3427 2387 3465 num
2410 3410 2463 3465 in
2494 3410 2599 3466 ﬁde
2620 3410 3082 3480 resplenduerlnt,
3116 3409 3217 3465 hoc
3251 3419 3430 3466 tecum

1858 3511 2075 3573 reputa.
2094 3501 2212 3557 Non
2246 3504 2392 3558 enim
2423 3503 2659 3557 vita‘rum
2690 3501 3125 3572 explorationem
3154 3499 3311 3568 facit,
3338 3502 3433 3557 sed

1859 3594 1984 3651 ﬁdei
2011 3594 2420 3650 indicationem.

1932 3685 2101 3744 Vsus.
2135 3686 2226 3741 55.
2263 3684 2368 3751 Qui
2395 3701 2488 3756 per
2506 3686 2664 3756 ﬁdem
2696 3686 2930 3741 vicerunt
2964 3699 3143 3757 regna.
3178 3682 3246 3740 Hi
3280 3684 3435 3745 scili-

1860 3785 1948 3835 cet
1986 3777 2078 3849 qui
2117 3793 2240 3833 cum
2263 3776 2517 3834 Gedeone
2552 3778 2877 3833 tnilitarunt.

1932 3865 2154 3938 Operati
2209 3875 2332 3921 sunt
2378 3867 2674 3937 justitiam.
2724 3867 2956 3933 Quinam
3000 3866 3136 3922 lllli
3187 3867 3314 3939 ipsi,
3375 3877 3433 3924 et

1865 3953 2160 4026 Sampson.
2189 3954 2403 4011 Etenim
2441 3955 2629 4011 hostes
2661 3970 3030 4026 congenerum
3067 3966 3124 4013 et
3150 3958 3434 4015 contribu-

1865 4048 1999 4104 lium
2035 4063 2263 4107 suorum
2308 4048 2403 4103 ulti
2437 4059 2585 4116 sunt,
2621 4049 2941 4105 domesticis
2989 4058 3045 4105 et
3091 4050 3286 4107 amicis
3314 4051 3436 4108 suis

1864 4140 2168 4195 clementes
2222 4138 2375 4194 visi:
2429 4139 2695 4196 adversus
2754 4148 2937 4195 autem
2982 4140 3092 4196 vim
3136 4141 3436 4200 inferentes

1866 4233 2076 4298 hostes,
2121 4233 2489 4303 insurgentes.
2540 4231 2775 4291 Iustitia:
2821 4249 2985 4306 porro
3034 4235 3180 4292 istud
3231 4250 3434 4294 munus

1861 4332 1966 4389 est,
1995 4322 2291 4392 unicuique
2319 4337 2418 4393 pro
2445 4323 2643 4398 merito
2680 4324 2940 4381 tribuere.

1936 4416 2127 4484 Adepti
2153 4424 2274 4468 sunt
2300 4414 2693 4481 promissiones.
2727 4413 2998 4470 UtDavid.
3023 4418 3235 4471 Iuravit
3261 4418 3432 4485 enim,

1868 4506 2065 4577 inquit,
2101 4506 2361 4560 Dominus
2395 4505 2588 4561 ι)αυίᾱὶ
2613 4520 2634 4558 :
2670 4506 2747 4561 De
2784 4506 2960 4576 fructu
3005 4511 3201 4565 ventris
3230 4512 3309 4565 tui
3336 4527 3434 4581 po—

1794 4628 1837 4683 D
1869 4616 1991 4653 nam
2023 4612 2180 4669 super
2208 4596 2384 4651 sedem
2408 4606 2554 4650 tuam
2572 4596 2639 4650 ⁸³.
2668 4596 2823 4664 Quod
2851 4599 3189 4657 sensibiliter
3212 4600 3435 4670 quidem

1871 4693 1926 4746 in
1956 4690 2253 4746 Salomone
2281 4690 2481 4751 evenit,
2518 4688 2879 4758 spiritualiter
2905 4697 3085 4745 autem
3110 4692 3166 4746 in
3205 4690 3437 4746 Domino

1866 4781 1998 4839 Jesu
2055 4780 2147 4851 qui
2200 4792 2331 4836 vere
2370 4776 2656 4844 Salomon,
2690 4778 2972 4849 paciﬁcus,
3013 4795 3078 4835 ac
3122 4780 3301 4852 reipsa
3332 4796 3439 4852 pax

1866 4880 1972 4931 est.
2012 4873 2072 4929 ld
2114 4872 2258 4927 enim
2294 4871 2555 4927 Salomon
2586 4871 2750 4938 valet,
2774 4871 2822 4928 si
2856 4872 3256 4943 interpreteris,
3288 4874 3439 4946 paci-

1865 4965 2006 5021 licus
2036 4965 2309 5021 videlicet.

1940 5053 2333 5111 Obturaverunt
2363 5070 2459 5109 ora
2488 5054 2717 5111 leonum.
2763 5056 2947 5112 Daniel
2972 5063 3026 5111 et
3059 5055 3348 5127 Sampson.

1939 5236 2110 5293 Vens.
2165 5237 2255 5292 54.
2326 5234 2716 5291 Exstinxerunt
2774 5237 3025 5306 impetum
3077 5235 3232 5305 ignis.
3299 5232 3435 5291 Tres

1865 5326 2043 5396 pueri.
2087 5324 2206 5380 Non
2236 5326 2376 5381 dixit
2417 5334 2617 5392 autem,
2651 5325 3039 5381 Exstinxerunt
3061 5324 3264 5392 ignem,
3313 5325 3436 5389 sed,

1874 5416 1999 5472 Vim
2022 5416 2184 5488 ignis,
2233 5415 2378 5487 quod
2413 5416 2591 5486 majus
2634 5422 2744 5472 est.
2783 5413 3008 5471 Etiamsi
3046 5415 3191 5470 enim
3240 5427 3438 5471 accen-

1871 5506 2116 5574 deretur,
2160 5505 2418 5563 virtutem
2452 5515 2635 5562 tamen
2692 5504 2886 5561 urendi
2942 5502 3234 5562 adversum
3285 5504 3440 5577 ipsos
3540 5494 3553 5497 ’

1874 5612 1984 5653 non
2016 5596 2272 5691 babebat.

1534 5789 1736 5851 Varia:
1764 5790 2091 5852 lectiones.

264 5886 304 5920 ⁸⁷
336 5885 392 5937 ἐν
416 5885 609 5957 ετρήνῃ
636 5898 691 5939 0.

549 5976 819 6034 ΡΑτιιοῐ..
870 5975 984 6036 GR.
1037 5975 1271 6036 CXXV.

2984 5980 3076 6040 '12
