3860 6594
471 430 590 494 367

1408 437 1506 497 ΤΠ
1517 436 1984 498 EOPHYLACTI
2011 439 2426 504 BULGARUE
2455 445 2809 509 ARClllEP.
3588 459 3665 522 3ίὸ

490 555 598 598 tem
637 553 688 598 ct
723 545 1248 602 consummationem
1285 557 1396 600 tum
1429 548 1718 618 accipient.
1743 548 1931 603 Nonne
1958 549 2024 619 igi

2161 554 2366 608 τέλειον
2419 557 2542 610 τότε
2589 558 2981 628 ἀπολήψονται.
3015 554 3163 631 Ἀρι
3212 553 3305 614 οὖν
3347 561 3439 615 οὒκ
3473 563 3665 623 ἀδικεϊὸ

487 641 578 685 tur
631 632 866 702 injustus
919 641 998 688 est
1052 634 1156 689 illis
1218 635 1382 701 Deus,
1429 635 1472 690 si
1519 651 1619 690 nos
1669 639 2031 693 anteverterin

2162 645 2292 700 Θεὸς
2311 647 2574 715 ἐκείνους,
2605 649 2720 716 εἴτε
2746 650 3047 720 προέλαϐον
3080 652 3178 720 μὲν
3206 652 3265 705 ἐν
3290 654 3398 715 τοῖς
3430 657 3664 725 καμάτοις.

489 723 788 788 laboribus,
819 726 869 778 in
906 727 1125 780 coronis
1152 736 1330 782 autem
1358 745 1458 784 nos
1491 730 1863 800 exspectent?
1903 730 2058 786 Mini-

487 830 571 867 me
608 832 619 866 :
647 831 770 867 nam
799 826 850 868 et
880 816 985 870 illis
1020 817 1120 872 hoc
1151 828 1364 888 gratutn
1395 830 1496 885 est,
1526 832 1582 874 ut
1633 837 1756 874 cum
1795 820 2056 877 fratribus

483 915 948 959 consummentur.
978 905 1190 977 Corpus
1217 925 1383 962 unum
1418 925 1606 964 omnes
1636 927 1847 966 sumus.
1882 911 2053 982 Majo-

483 1010 592 1047 rcm
635 995 803 1064 igitur
844 997 1060 1066 corpori
1097 999 1426 1068 voluptatem
1461 1002 1685 1069 przebct,
1719 1002 1766 1057 si
1805 1017 2053 1055 commu~

482 1087 622 1138 niter
677 1087 978 1141 secundum
1041 1090 1223 1143 omnia
1273 1091 1516 1146 membra
1577 1107 1674 1146 sua
1734 1100 2047 1147 coronetur.

479 1174 620 1232 Deus
659 1186 743 1233 est
769 1175 932 1232 Pater
955 1179 1701 1248 liberorumamantissimus,
1737 1185 1832 1252 qui
1875 1185 2051 1238 varios

479 1269 638 1323 habet
663 1271 804 1326 ﬁlios
843 1290 856 1338 ;
902 1273 992 1326 alii
1023 1275 1265 1341 quidem,
1314 1275 1570 1344 perfectis
1608 1277 1867 1346 operibus
1907 1277 2045 1340 suis,

475 1376 538 1414 ex
574 1363 720 1429 agris
757 1365 994 1420 celerius
1022 1366 1271 1428 redeunt,
1315 1366 1405 1420 alii
1439 1382 1564 1421 vero
1601 1368 1916 1424 laborantes
1948 1370 2043 1424 ad-

477 1453 671 1506 hucibi
691 1458 1014 1524 persistunt.
1036 1456 1194 1511 Dedit
1229 1457 1296 1512 iis
1324 1460 1413 1528 qui
1450 1459 1680 1528 primum
1703 1461 2044 1526 laborarunt,

475 1548 952 1617 praegustatiouem
989 1544 1301 1620 quamdam,
1339 1551 1524 1605 dicens
1552 1566 1614 1604 ac
1645 1553 1910 1607 mandans
1942 1554 2043 1620 eis,

475 1647 536 1691 ut
586 1638 651 1692 ad
712 1639 1014 1708 perlectum
1054 1656 1223 1710 usque
1266 1641 1575 1696 convivium
1634 1642 1830 1699 fratres
1851 1658 2047 1714 exspe-

471 1739 620 1784 ttent
658 1750 669 1784 :
721 1734 835 1801 qui,
891 1733 1258 1787 humanicutn
1291 1733 1423 1799 sint,
1473 1733 1580 1789 laeti
1611 1746 1953 1806 exspectant,
1987 1745 2044 1790 ut

472 1826 525 1878 in
562 1839 851 1880 commune
883 1825 1276 1880 cxhilarcntur.

1065 1916 1294 1972 CAPUT
1338 1918 1454 1973 XII.

539 2008 884 2080 745νειιε.
907 2010 957 2076 l,
994 2009 1222 2081 Ideoque
1241 2023 1289 2066 et
1329 2030 1426 2068 nos
1454 2019 1656 2065 tantam
1675 2012 1921 2068 [tabentes
1939 2013 2043 2067 cir-

468 2107 813 2175 cumpositum
832 2105 1014 2159 nubem
1030 2107 1258 2160 testium.
1278 2106 1394 2160 Non
1409 2108 1844 2170 dixit,elevatant
1876 2124 2043 2178 super

466 2213 589 2261 nos,
627 2197 740 2262 sed,
767 2198 1215 2266 circumpositum,
1245 2198 1348 2253 hoc
1366 2206 1470 2266 est,
1503 2201 1744 2270 undique
1777 2214 1880 2254 nos
1931 2214 2040 2252 am-

470 2286 728 2342 bientem.
753 2287 943 2342 Testes
965 2297 1146 2342 autem
1177 2305 1283 2343 non
1301 2305 1394 2344 eos
1409 2299 1618 2345 tantum
1637 2289 2039 2361 vocatiquisunt

468 2377 524 2430 in
554 2375 702 2431 Novo
740 2376 1112 2444 Testamento,
1151 2378 1243 2433 sed
1274 2380 1362 2448 qui
1389 2380 1441 2434 in
1471 2378 1652 2434 Veteri
1684 2381 1867 2435 etiam.
1899 2380 2035 2434 Nam

464 2474 519 2519 et
547 2466 650 2536 ipsi
681 2466 1054 2522 testimonium
1085 2468 1434 2537 praebuerunt
1469 2467 1565 2524 Dei
1597 2469 2036 2540 magniﬁcentiae,

468 2557 547 2610 uti
603 2566 712 2614 tres
765 2559 942 2629 pueri,
995 2559 1182 2614 Daniel
1231 2572 1284 2614 et
1331 2576 1524 2617 omnes
1567 2561 1864 2632 prophetae.
1912 2561 2034 2616 Non

462 2647 596 2702 dixit
656 2655 862 2714 autem,
923 2647 1346 2717 Multitudinem,
1392 2650 1488 2707 sed
1543 2651 1767 2716 Nubem,
1815 2651 2034 2721 proprio

462 2744 699 2798 maxime
743 2759 876 2800 usus
913 2745 1182 2800 vocabulo
1228 2744 1295 2799 ad
1344 2761 1584 2816 praesens
1627 2756 2032 2817 argumentum.

460 2838 724 2904 Quoniam
755 2840 900 2893 enim
934 2838 1037 2908 ipsi
1066 2837 1423 2893 amictionum
1454 2847 1592 2894 aestu
1624 2838 2029 2908 premebantur,

457 2929 722 2995 Testium,
745 2931 942 2999 inquit,
961 2931 1219 2984 memoria
1245 2931 1417 2984 instar
1447 2930 1729 2986 nubecula:
1745 2929 2029 3000 cujusdam

459 3022 697 3092 undique
736 3022 1026 3076 ambientis
1062 3036 1156 3076 vos
1187 3020 1536 3076 refocillahit.

523 3113 852 3183 .Deponentes
901 3129 1050 3168 omne
1087 3112 1311 3181 pondus.
1363 3115 1478 3169 Hoc
1529 3123 1632 3180 est,
1687 3116 2027 3169 terrestrium

459 3206 806 3274 negotiorum
848 3205 1140 3270 sarcinam,
1172 3214 1226 3260 et
1249 3220 1410 3260 curas
1443 3205 1551 3260 illis
1570 3205 1852 3262 admistas.
1884 3207 2026 3262 Nihil

455 3295 601 3351 enim
635 3295 783 3351 aliud
827 3308 1154 3367 suntquam
1208 3312 1345 3351 vana
1394 3299 1636 3354 sarcina.
1686 3284 2052 3371 Quidjgitur'

455 3406 606 3460 aegre.
622 3388 773 3444 fertis
806 3389 872 3444 ab
900 3390 1020 3445 istis
1061 3389 1280 3444 liberari
1307 3391 1330 3442 ?

526 3558 594 3612 Et
632 3559 791 3628 facile
831 3561 1182 3615 circumstans
1221 3573 1510 3630 peccatum.
1554 3559 1648 3615 Vel
1686 3561 1832 3632 quod
1868 3561 2030 3617 facile

453 3669 553 3707 nos
584 3654 924 3720 circumstet,
980 3653 1062 3706 vel
1114 3654 1256 3723 quod
1291 3653 1447 3708 facile
1504 3651 1865 3708 devictioncm
1921 3653 2030 3722 pati

453 3744 670 3813 possit:
705 3743 865 3798 facile
913 3743 1056 3798 enim
1099 3752 1202 3810 est,
1244 3745 1289 3798 si
1334 3742 1496 3798 modo
1519 3742 1772 3808 velimus,
1810 3743 2030 3801 vincere

449 3847 757 3906 peccatum.
792 3835 886 3890 Vel
910 3846 1132 3907 propter
1157 3836 1301 3905 quod
1340 3836 1496 3897 facile
1525 3835 1812 3905 quisquam
1851 3837 1904 3889 in
1934 3851 2028 3906 pe-

435 3929 622 3982 .ricula
649 3928 878 3983 incidit:
918 3928 1052 3981 nihil
1079 3928 1222 3981 enim
1247 3928 1382 3982 adeo
1411 3927 1779 3997 periculosum
1812 3935 1869 3979 ut
1898 3942 2026 3997 pec-

449 4025 656 4073 catum.

524 4108 630 4161 Per
663 4108 974 4178 patientiam
1005 4123 1282 4160 curramus
1303 4108 1631 4177 propositum
1673 4109 1819 4162 nobis
1853 4120 2021 4164 certa«

447 4216 587 4254 men.
622 4197 740 4253 Non
791 4200 948 4259 dixit,
1004 4197 1313 4269 Pugilatum
1349 4215 1699 4256 exerceamus
1734 4211 1826 4258 aut
1853 4204 2025 4260 lucte-

449 4306 594 4353 mur,
631 4288 727 4346 sed
759 4290 902 4360 quod
937 4291 1184 4345 omnium
1233 4291 1549 4345 facillimum
1599 4301 1737 4357 erat,
1771 4295 1916 4364 quod
1951 4295 2018 4349 ad

2162 737 2218 788 ἐν
2251 737 2316 789 δὲ-
2340 739 2451 800 τοῖς
2511 740 2795 806 στεφάνοις
2817 743 2966 810 ἡμᾶς
3005 742 3424 812 περιμένουσινς
3458 747 3572 800 ἀλλά
3591 754 3658 804 κᾶ-

2162 829 2366 891 κείνοις
2423 831 2582 882 τοῦτο
2638 833 2935 893 ἇσπαστον,
2970 833 3032 885 τὸ
3061 834 3199 902 μετὰ
3239 834 3342 887 τῶν
3367 837 3582 906 ἀδελφῶν
3604 859 3665 893 τε·

2157 916 2468 988 λειωθῆναι.
2527 920 2692 986 Σῶμα
2729 921 2786 974 ἓν
2816 924 2863 974 οἱ
2889 924 3083 985 nives,-
3139 925 3304 994 ἐσμέν
3327 943 3338 956 ·
3395 928 3574 995 μείζων
3609 933 3667 1000 τῷ

2157 1008 2372 1080 σώματι
2401 1011 2564 1082 ἡδονὴ
2592 1014 2719 1066 ὅταν
2755 1015 2908 1083 κοινῇ
2947 1017 3304 1084 στεφανῶ-σαι.
3342 1019 3515 1089 Πατὴρ
3542 1022 3666 1089 φιλό-

2156 1118 2382 1170 στοργος
2420 1104 2448 1155 ὁ
2476 1103 2627 1168 Θεὸς,
2661 1102 2951 1174 διαφόρους
2986 1105 3124 1175 ἔχων
3155 1109 3324 1172 υἱούς·
3350 1109 3397 1160 οἱ
3425 1109 3515 1176 μὲν
3533 1111 3667 1163 ἐπαν-

2152 1191 2316 1259 ῆλθον
2362 1194 2427 1245 ὲκ
2462 1193 2570 1246 τῶν
2611 1194 2798 1263 ἀγρῶν
2825 1194 3032 1264 τάχιον,
3056 1195 3123 1248 τά
3161 1197 3298 1266 ἔργα
3322 1196 3605 1261 ἀνύσαντες,
3631 1205 3668 1252 οἱ

2151 1285 2207 1338 δὲ
2247 1285 2326 1338 ἔτι
2355 1288 2610 1355 μένουσιν
2638 1289 2756 1339 ἐκεῖ
2791 1287 3172 1358 ἐργαζόμενοι.
3199 1289 3407 1342 Δέδοικε
3431 1292 3534 1353 τοῖς
3562 1309 3666 1361 πρε-

2152 1376 2390 1445 καμοῦσι
2438 1378 2727 1448 πρόγευμά
2770 1396 2841 1439 τι,
2889 1377 3058 1432 εἰπὼν
3114 1380 3426 1450 περιμένειν
3476 1382 3548 1443 εἰς
3594 1383 3670 1450 τὴν

2147 1468 2359 1521 τελείαν
2389 1469 2619 1538 εὐωχίαν
2643 1470 2768 1532 τοὺς
2801 1469 3064 1538 ἀδελφούς
3086 1485 3098 1500 ο
3124 1472 3173 1522 οἱ
3195 1470 3251 1521 δὲ
3284 1471 3668 1541 φιλάνθρωποετθ

2147 1557 2297 1621 ὄντες
2331 1558 2608 1630 χαίροντες
2633 1560 3016 1630 ἀναμένουσιν,
3044 1560 3133 1614 ἵνα
3165 1560 3257 1612 καὶ
3286 1562 3436 1631 κοινῇ
3472 1561 3668 1629 εὐφραν-

2150 1648 2303 1702 Θῶσμ

2735 1920 2984 1974 ΚΕΦΑΛ.
3035 1920 3132 1976 ΙΒ’.
3230 1955 3233 1958 -

2226 2011 2545 2082 Τοιγαροῦν
2590 2011 2687 2066 καὶ
2721 2012 2892 2081 ἡμεῖς
2929 2013 3221 2067 τοσοῦτον
3266 2012 3504 2082 ἔχοιτε-ς
3545 2025 3673 2079 περι-

2149 2106 2426 2175 κείμενον
2477 2103 2657 2175 νέφος
2702 2106 3040 2174 μαρτύρων.
3115 2107 3227 2158 Οὐκ
3265 2101 3440 2169 εἶπεν,
3480 2106 3672 2172 ὑπεραι-

2151 2199 2415 2270 ρούμενον
2475 2198 2634 2267 ἡμων
2659 2236 2674 2260 ,
2725 2197 2863 2251 ἀλλά
2888 2239 2902 2264 ,
2945 2199 3395 2266 περικεᾷιενον,
3441 2196 3671 2258 τουτέστι,

2147 2291 2413 2345 πάντοθεν
2447 2291 2594 2361 ἡμᾶς
2623 2290 2897 2361 περιέχον.
2957 2289 3255 2358 Μάρτυρας
3283 2288 3363 2354 δὲ,
3411 2288 3473 2342 οὐ
3497 2286 3606 2350 τούς
3629 2287 3672 2338 ἐν

2145 2383 2208 2450 τῇ
2244 2381 2418 2448 Καινῇ
2449 2378 2604 2431 καλεῖ
2645 2377 2826 2448 μόνον,
2860 2377 2998 2431 ἀλλά
3029 2377 3124 2430 καὶ
3149 2377 3274 2440 τοὺς
3296 2376 3356 2429 ὲν
3385 2379 3448 2447 τῇ
3477 2374 3672 2444 Haloti.

2145 2474 2255 2527 Καὶ
2293 2471 2401 2542 γὰρ
2434 2471 2530 2524 καὶ⁵
2556 2471 2710 2524 αὐτοὶ
2736 2469 3126 2540 ἐμαρτύρησαν
3158 2471 3223 2539 τῇ
3251 2467 3347 2521 τοῦ
3377 2467 3506 2521 Θεοῦ
3538 2481 3671 2536 μετα·

2143 2565 2402 2630 λειότητι,
2431 2564 2505 2627 ὡς
2521 2564 2570 2617 οί
2590 2564 2738 2634 τρεῖς
2769 2561 2978 2625 παῖδες,
3012 2559 3105 2613 καὶ
3134 2560 3352 2629 Δανιὴλ,
3383 2559 3476 2612 καὶ
3509 2555 3674 2616 πάντες

2140 2657 2189 2710 οἱ
2221 2654 2518 2729 προφῆται.
2573 2654 2686 2707 Οὐκ
2738 2647 2858 2705 εἶπε
2901 2651 2978 2715 δὲ,
3035 2650 3261 2720 πλῆθος,
3307 2649 3463 2714 ἀλλά,
3499 2648 3672 2717 νέφος,

2139 2749 2445 2802 οἰκειότατα
2485 2747 2620 2819 πρὸς
2649 2747 2747 2819 τὴν
2774 2745 3053 2816 παροῦσαν
3080 2743 3359 2799 ὑπόθεσιν.
3424 2742 3569 2797 Ἐπεὶ
3586 2740 3672 2810 γὰρ

2140 2839 2395 2893 καύσωνα
2426 2833 2570 2907 εἶχον
2617 2836 2772 2889 αὐτοὶ
2801 2835 2909 2887 τῶν
2949 2834 3201 2903 θλίψεων,
3247 2832 3438 2903 ὥσπερ
3486 2847 3564 2892 τις
3607 2844 3674 2879 νε-

2139 2931 2298 2999 φέλη,
2367 2929 2555 2998 φησὶν,
2615 2929 2649 2998 ἡ
2695 2927 2886 2998 μνήμη
2937 2925 3044 2978 τῶν
3099 2924 3395 2996 μαρτύρων
3444 2919 3671 2989 ἀναψύξει

2139 3021 2282 3091 ὑμᾶς
2314 3019 2576 3074 πάντοθεν
2616 3035 2681 3070 πε
2691 3018 2870 3088 ριέχου
2879 3034 2964 3070 σα.
3577 3076 3579 3078 _

2213 3114 2435 3181 Ὄγκον
2455 3109 2808 3178 ἀποθέμενοι
2836 3107 3052 3164 πάντα.
3117 3105 3403 3168 Ίόυτέστι,
3445 3104 3504 3158 τδ
3537 3102 3674 3172 βάρος

2136 3203 2246 3256 τῶν
2267 3192 2483 3272 ’γηΐνων
2509 3201 2850 3270 πραγμάτων
2899 3200 2994 3252 καὶ
3023 3197 3130 3250 τῶν
3161 3199 3246 3250 ἐπ’
3280 3199 3466 3262 αὐτοῖς
3486 3192 3673 3268 φροντί-

2135 3291 2260 3345 δων.
2322 3291 2488 3344 Οὐδὲν
2536 3291 2667 3359 γὰρ,
2710 3289 2892 3359 φησὶν,
2955 3286 3083 3341 ἄλλο
3116 3287 3320 3358 εῑσὶνῆ
3383 3287 3539 3356 ὄγκος
3587 3281 3675 3352 μά-

2134 3399 2304 3443 ταιος.
2362 3379 2426 3432 Τί
2482 3375 2576 3433 οὖν
2634 3379 2726 3432 ἐπὶ
2788 3381 2855 3451 τῇ
2912 3377 3203 3448 ἀπαλλαγῇ
3252 3377 3462 3431 τούτων
3514 3377 3674 3442 δυσχε-

2139 3469 2345 3539 ραίνετε
2370 3485 2386 3534 ;

2205 3561 2311 3616 Kal
2350 3562 2465 3628 τὴν
2501 3561 2932 3628 εὐπερίστατον
2961 3560 3271 3630 ἁμαρτίαν.
3312 3561 3389 3614 Ἣ
3422 3559 3518 3631 τὴν
3545 3555 3676 3610 εὐκόο

2132 3653 2238 3716 λω;
2274 3653 2702 3724 περιισταμένην
2727 3655 2894 3724 ἡμᾶς,
2921 3653 2953 3724 ἢ
2983 3652 3081 3724 τὴν
3117 3653 3356 3716 εὐκόλως
3384 3651 3675 3723 περίστασιν

2133 3743 2326 3798 παθεῖν
2357 3744 2683 3814 δυναμένην.
2731 3744 2939 3815 Ῥᾴδιον
2967 3745 3097 3813 γὰρ.
3124 3744 3219 3796 ἐὰν
3251 3743 3522 3814 Θέλωμεν,
3548 3756 3677 3808 περι·

2131 3835 2385 3906 γενέσθαι
2418 3833 2515 3902 τῆς
2554 3834 2849 3904 ἁμαρτίας.
2908 3832 2975 3886 Ἥ
3022 3832 3090 3886 δι’
3124 3833 3191 3904 ἢν
3221 3832 3468 3894 εὐκόλως
3506 3845 3583 3892 τις
3609 3827 3675 3887 είς

2130 3927 2479 4000 περιστάσεις
2511 3926 2797 3997 ἐμπίπτει,
2851 3925 3002 3979 οὐδὲν
3047 3925 3156 3994 γάρ
3188 3923 3334 3978 οὕτω
3381 3920 3677 3979 κινδυνῶδες

2129 4019 2202 4083 ὡς
2238 4015 2501 4088 ἁμαρτία.

2197 4109 2278 4163 Δι’
2342 4107 2659 4176 ὑπομονῆς
2723 4106 3024 4175 τρέχωμεν
3088 4106 3195 4159 τὸν
3259 4103 3679 4172 προσκείμενον

2125 4203 2271 4273 ἡμῖν
2314 4201 2534 4272 ἀγῶνα.
2587 4201 2701 4253 Οὐκ
2747 4195 2891 4263 εἷπε,
2931 4197 3318 4268 Πυκτεύωμεν,
3348 4197 3473 4250 οὐδὲ
3504 4190 3676 4247 παλαί-

2125 4312 2297 4365 ωμεν,
2327 4293 2440 4346 ἀλλ’
2470 4293 2499 4346 ὃ
2546 4293 2767 4346 πάντων
2800 4291 3131 4361 κουφότερον
3161 4285 3228 4361 ἦν
3254 4289 3316 4342 τὸ
3343 4288 3441 4342 τοῦ
3470 4287 3674 4357 δρόμου,

353 4648 356 4650 ’
439 4668 751 4724 'mosynam,
782 4653 871 4706 alii
921 4670 1015 4723 per
1046 4654 1206 4707 aliam
1234 4655 1491 4708 virtutem
1533 4670 1752 4709 currere
1776 4657 1974 4710 debent
2001 4673 2014 4719 ;

445 4395 672 4435 cursum
726 4387 961 4449 spectat,
1003 4379 1150 4434 istud
1188 4380 1242 4434 in
1285 4380 1523 4437 medium
1565 4382 1792 4450 profert.
1834 4382 2021 4453 Neque

2146 4385 2285 4439 ςοῦτο
2336 4387 2415 4449 είς
2473 4384 2636 4454 μέσον
2677 4383 2940 4436 τέθεικεν.
2981 4383 3114 4435 Οὐδὲ
3164 4375 3310 4442 εἷπε,
3360 4377 3674 4450 Προσθῶμεν

444 4470 580 4525 dixit
606 4487 620 4524 :
650 4470 928 4526 Addamus
945 4471 1167 4536 cursui;
1201 4485 1415 4535 verum,
1446 4469 1503 4525 ln
1529 4471 1768 4542 illoipso
1799 4491 2016 4544 perma-

2229 4477 2434 4546 δρόμῳ,
2463 4474 2598 4538 ἀλλ’,
2629 4474 2716 4527 Ἐν
2736 4471 2883 4542 αὐτῷ
2901 4472 3075 4540 τούτῳ
3095 4463 3676 4537 ὑπομείνωμεν.“’Λλλοι

442 4577 692 4617 neamus.
732 4563 834 4616 Alii
862 4565 1005 4617 enim
1042 4578 1136 4631 per
1162 4562 1584 4629 continentiam,
1621 4565 1710 4617 alii
1739 4581 1836 4634 per
1867 4566 2015 4620 elee-

2146 4569 2224 4621 ιὲν
2276 4569 2385 4635 γὰρ
2431 4565 2500 4619 δι’
2552 4565 2879 4634 ἐγκρατείας
2909 4603 2922 4625 ,
2958 4562 3108 4615 ἄλλοι
3164 4561 3235 4614 δι’
3293 4557 3671 4628 ἐλεημοσύνης.

2123 4659 2273 4714 ἄλλοι
2310 4659 2377 4712 δι’
2423 4657 2590 4728 ἄλλης
2647 4655 2852 4726 ἀρετῆς
2899 4653 3172 4722 ὀφείλουσι
3224 4651 3484 4721 τρέχειν·
3539 4646 3675 4714 ὑμεῖς

441 4758 541 4796 vos
577 4757 702 4796 vero
743 4758 838 4810 per
869 4744 1185 4808 patientiam
1222 4760 1236 4796 ε
1285 4743 1441 4798 vobis
1476 4745 1618 4798 enim
1662 4746 1839 4800 iSthac
1877 4762 2014 4816 opus

2146 4752 2176 4804 γὲ
2216 4752 2283 4804 δι’
2331 4750 2631 4819 ὑπομονῆς.
2681 4746 2899 4816 Ταύτης
2946 4746 3056 4818 γὰρ
3087 4745 3218 4814 ὐμτν
3251 4741 3435 4814 χρεία,
3495 4740 3567 4801 ὡς
3596 4736 3674 4789 καὶ

441 4845 546 4894 est.
577 4837 653 4888 uti
679 4851 842 4903 supra
875 4835 1079 4889 dictum
1117 4849 1218 4892 est.

510 4924 679 4980 Vsus.
710 4925 763 4978 2.
801 4928 1123 4994 Aspicientes
1159 4931 1210 4983 in
1258 4942 1522 4985 auctorem
1547 4931 1670 4999 ﬁdei
1691 4941 1740 4984 et
1772 4947 2012 4984 consum-

433 5028 694 5072 matorem
721 5016 924 5073 Iesum.
963 5019 1074 5074 Hoc
1107 5031 1211 5082 est,
1263 5023 1308 5077 si
1357 5025 1591 5077 velimus
1630 5022 1842 5078 discere
1872 5037 2008 5092 quo-

439 5112 602 5166 modo
625 5127 719 5178 per
754 5114 1070 5181 patientiam
1113 5115 1184 5168 sit
1223 5116 1583 5180 currendum,
1620 5113 1686 5168 ad
1721 5114 2002 5170 Christum

439 5204 845 5272 respiciamus,
899 5207 1358 5274 quemadmodum
1409 5207 1502 5276 qui
1555 5217 1699 5261 artes
1760 5206 2002 5270 discunt,

2119 4841 2377 4911 ἀνωτέρω
2404 4829 2748 4910 προείρηται.

2200 4931 2556 5002 Ἄφορῶντες
2602 4934 2688 4997 εις
2719 4928 2828 4982 τὸν
2857 4925 2966 4993 τῆς
2989 4927 3248 4988 πίστεως
3288 4919 3563 4992 ἀρχηγὸν
3588 4914 3671 4970 καὶ

2117 5020 2437 5088 τελειωτὴν
2466 5019 2728 5085 Ἰησοῦν.
2761 5017 3067 5077 Τουτέστιν,
3100 5015 3195 5067 ὲάν
3222 5013 3469 5081 θέλωμεν
3500 5007 3672 5078 μαθεῖν

2114 5117 2173 5168 τὸ
2202 5113 2412 5184 τρέχειν
2435 5112 2479 5143 ⁷⁰
2508 5111 2576 5163 δι’
2597 5109 2896 5180 ὑπομονῆς,
2929 5108 3062 5176 πρὸς
3082 5106 3176 5159 τὸν
3208 5103 3448 5175 Χριστὸν
3475 5098 3675 5169 ἀφορῶ-

2116 5222 2237 5276 μεν,
2268 5204 2459 5273 ὥσπερ
2501 5204 2550 5255 οἱ
2579 5202 2773 5272 τέχνας
2804 5200 3166 5270 μανθάνοντες
3195 5197 3332 5267 πρὸς
3369 5195 3503 5258 τοὺς
3539 5191 3671 5244 διδαυ

2114 5296 2342 5358 σκάλους
2368 5312 2382 5327 ο
2421 5296 2559 5362 ὅπερ
2597 5292 2691 5345 οὐν
2725 5291 2821 5344 καὶ
2863 5290 3024 5352 αὐτὸς
3058 5288 3211 5356 ἔλεγε
3247 5303 3260 5318 ·
3314 5286 3551 5340 Μάθετε
3578 5277 3670 5335 ἀπ’

2108 5388 2253 5457 ἐμοῦ
2293 5405 2306 5418 ο
2358 5387 2452 5439 καὶ
2499 5386 2693 5439 πάλιν⁶
2736 5386 2805 5438 El
2839 5382 2944 5436 τὸν
2971 5377 3414 5443 οἰκοδεσπότην
3445 5369 3670 5431 838.1(5-

2108 5480 2255 5536 ϐοὺλ
2313 5479 2641 5544 ἐκάλεσαν,
2691 5476 2862 5540 πόσῳ
2907 5471 3146 5544 μᾶλλον
3182 5469 3328 5535 τοὺς
3366 5463 3670 5525 οἰκιακοὺς

434 5306 800 5365 przcceptores
843 5313 975 5352 suos
1025 5299 1327 5363 intueantur,
1372 5301 1516 5368 quod
1551 5309 1602 5354 et
1643 5300 1759 5369 ipse
1815 5299 1998 5353 dixit:

435 5388 640 5442 Discite
663 5406 693 5441 a
726 5389 900 5454 me“;
937 5400 990 5443 et
1015 5407 1204 5445 rursus
1235 5409 1249 5444 ε
1285 5391 1437 5458 Quod
1485 5394 1530 5446 si
1558 5392 2001 5460 patremfamilias

439 5475 728 5531 Beelzebub
753 5478 1108 5546 appellarunt,
1141 5489 1340 5550 quanto
1368 5483 1542 5548 potius
1572 5498 1658 5537 vos
1680 5481 1995 5535 domesticos

511 5654 557 5687 ⁵⁸
587 5635 772 5708 Matlh.
807 5668 886 5717 τι,
931 5653 1022 5708 29.

1761 5747 1964 5810 Variae
1991 5747 2320 5810 lectiones.

511 5855 556 5888 τ·
575 5852 888 5924 φιλάδελφοι
929 5867 1000 5904 m.
1077 5851 1120 5882 '"
1146 5849 1329 5922 φέρειν
1368 5866 1440 5903 m-
