3860 6546
176 483 271 553 3ι’9

877 469 1281 534 EXPOSI'IIO
1315 470 1393 533 ΙΝ
1429 468 1666 532 EPIST.
1710 470 1811 531 AD
1850 466 2249 532 HEBBIEOS.
2273 494 2343 508 --
2378 463 2537 528 CAP.
2571 463 2711 526 XII.

3308 458 3425 522 370‘

177 589 379 654 αῠτυῦ;
429 585 544 651 καὶ,
586 584 706 640 Οὐκ
753 584 887 640 ἔστι
926 587 1199 656 μαθητὴς
1235 585 1386 655 ὑπὲρ
1421 584 1529 639 τὸν
1557 582 1759 642 διδά-.

1873 603 1905 640 ts
1919 587 1999 641 ius
2025 585 2114 639 ⁸³⁴ἒ
2143 592 2198 639 et
2218 582 2384 638 :‘NOn
2402 592 2479 637 est
2506 577 2796 650 discipulus
2833 592 2993 647 supra
3019 546 3327 645 magistrum
3345 573 3429 626 '°.'

178 685 415 740 σκαλον.
477 678 544 733 Τί
588 678 645 733 δέ
692 679 863 743 ἐστιν,
909 678 1180 748 ἀρχηγὸν
1224 678 1322 733 καὶ
1374 677 1732 741 releuauit”;

177 775 432 830 τουτέστιν
484 772 652 835 sses;
698 770 791 825 καὶ
820 770 919 842 τὴν
961 771 1145 824 πίστιν
1176 771 1308 840 ἡμῖν
1349 768 1408 835 ἐξ
1441 768 1615 839 ἀρχῆς
1647 767 1734 820 ὲν-

179 868 353 935 ἐθηκεν
373 866 547 919 θ-Οὐ
566 863 676 933 γὰρ
693 863 862 934 ὑμεῖς
869 880 970 930 με,
989 863 1174 933 φησιν,
1194 861 1578 927 ἐξελέξασθε,
1596 858 1737 913 ἀλλ’

178 958 281 1027 ἐγὼ
314 956 682 1025 ἐξελεξάμην
707 953 862 1025 ὑμᾶς
887 971 902 987 ⁸
927 985 999 997 --
1018 955 1111 1009 καὶ
1140 952 1200 1007 τὸ
1236 954 1387 1018 τέλος
1422 953 1585 1017 αὑτὸς
1613 952 1734 1004 ὲπιο

181 1048 339 1119 θήσει,
375 1046 449 1108 ὡς
480 1044 822 1116 τελειοτάτην
850 1043 1022 1116 αὑτὴν
1043 1043 1188 1116 ἔχειν
1218 1044 1381 1112 ὑμᾶς.

246 1140 344 1205 ’ος
395 1136 530 1192 ἀντὶ
571 1133 675 1204 τῆς
725 1134 1121 1206 προκειμένης
1158 1134 1319 1201 αὐτῷ
1345 1130 1554 1204 χαρᾶς,
1618 1134 1737 1188 ὐπ-

179 1230 356 1301 ἐμεινε
383 1227 672 1297 σταυρὸν,
704 1228 1007 1297 αίσχύνης
1052 1224 1543 1296 καταφρονήσας.
1575 1224 1736 1295 Ἐξῆν

180 1322 277 1392 γὰρ
308 1319 454 1393 αὑτῷ
502 1319 577 1391 μὴ
623 1317 835 1385 παθεῖν,
869 1319 945 1392 μὴ
977 1319 1269 1374 ἀποθανεῖν
1297 1336 1314 1351 ο
1345 1319 1739 1388 ἀναμάρτητος

181 1414 276 1483 γὰρ
307 1411 400 1475 ὥν,
428 1412 648 1482 θανάτῳ
688 1412 789 1483 οὑχ
834 1413 1091 1467 ὑπέκειτο
1117 1429 1132 1446 ·
1163 1413 1192 1467 ὃ
1235 1414 1332 1467 καὶ
1353 1412 1514 1475 αὐτὸς
1539 1411 1690 1479 λέγει
1721 1427 1737 1441 ο

186 1505 442 1572 Ἔρχεται
472 1506 506 1557 ὁ
550 1503 657 1558 τοῦ
687 1505 919 1574 κόσμου
967 1503 1189 1574 ἄρχων,
1235 1502 1334 1558 καὶ
1365 1504 1434 1559 ἐν
1460 1504 1589 1573 ἐμοὶ
1627 1504 1739 1559 οὐκ

182 1596 292 1665 ἔχει
324 1593 522 1650 οὐδέν.
561 1596 626 1650 Εί
658 1592 752 1651 οὖν
790 1597 889 1650 οὑκ
920 1597 1135 1666 ἤθελεν,
1169 1597 1268 1651 οὑκ
1298 1595 1365 1650 ἂν
1390 1596 1736 1667 ὲσταυρώθη’

180 1688 205 1741 ὃ
232 1685 319 1740 καὶ
340 1687 499 1750 αὑτὸς
534 1687 720 1756 ἔλεγεν
744 1704 759 1720 ο
777 1690 1099 1754 Ἑξουσίαν
1128 1690 1247 1759 ἔχω
1272 1689 1460 1745 θεῖναι
1491 1690 1607 1759 τὴν
1627 1693 1742 1760 ψυ-

183 1780 290 1849 χήν
308 1797 446 1849 μου.
500 1779 644 1834 Ἀλλ’
675 1781 824 1851 ὅμως
851 1781 1085 1851 σταυρὸν
1117 1781 1402 1852 ὑπέμεινε,
1437 1783 1738 1849 τουτέστιν,

182 1866 267 1936 οὑχ
302 1865 482 1930 ἁπλῶς
537 1866 771 1922 θάνατον
805 1908 821 1931 ,
881 1867 1018 1923 ἀλλὰ
1061 1869 1156 1924 τὸν
1209 1871 1597 1937 ἐπονείδιστον,
1646 1871 1742 1926 καὶ

184 1957 537 2028 κατεφρόνησε
592 1959 693 2029 τῆς
746 1960 840 2013 ἐπὶ
891 1958 1138 2014 τοιούτου
1184 1960 1412 2017 θανάτου
1454 1963 1737 2035 αἰσχύνης.

185 2049 284 2102 Οὐκ
325 2045 444 2102 sine
476 2049 560 2115 δὲ,
594 2049 787 2122 Δύπης
815 2053 1237 2125 καταφρονήσας
1262 2069 1277 2085 ο
1314 2053 1434 2108 οὐδὲ
1465 2054 1574 2127 γὰρ
1605 2054 1746 2127 μετὰ

184 2140 343 2209 λύπης
371 2142 548 2197 ταῦτα
572 2142 788 2215 ἔφερεν.
1410 2134 1424 2148 ’

258 2234 352 2289 Ἐν
382 2232 556 2303 δεξιᾷ
599 2251 662 2289 τε
690 2235 796 2291 τοῦ
825 2237 1044 2305 θρόνου
1075 2236 1184 2294 τοῦ
1220 2239 1370 2295 Θεοῦ
1406 2239 1745 2296 κεκάθικεν.

197 2325 345 2398 Ὁρᾷς
364 2326 424 2381 τὸ
451 2327 613 2392 τέλος
645 2329 743 2397 τῆς
776 2329 1060 2401 ὑπομονῆς
1082 2332 1185 2387 ποῦ
1215 2331 1537 2398 ἀναϐιϐάζει
1562 2348 1578 2398 ;
1605 2332 1633 2386 ὃ
1655 2332 1750 2386 καὶ

190 2420 398 2490 ἀλλαχοῦ
415 2436 556 2491 φησι
588 2436 603 2452 ο
640 2421 738 2474 Διύ
768 2421 867 2476 καί
897 2424 930 2477 ό
966 2423 1113 2490 Θεὸς
1138 2424 1328 2479 αὑτὸν
1358 2426 1748 2496 ὑπερύψωσσ,

191 2509 244 2563 τὸ
292 2508 441 2572 κατὰ,
480 2511 669 2582 σάρκα
724 2511 925 2581 λέγων.
987 2513 1152 2569 ’Ὥστε
1198 2513 1422 2571 δύναται
1474 2518 1569 2572 καὶ
1608 2517 1754 2585 ὑμᾶς

192 2602 513 2672 ἀμείψασθαι
561 2603 704 2675 ὑπὲρ
758 2604 869 2659 τῶν
914 2606 984 2660 δι’
1032 2606 1196 2661 αὑτὸν
1240 2606 1493 2678 θλίψεων.
1548 2610 1615 2664 Ἦ
1643 2610 1755 2682 γὰρ

194 2691 429 2838 ἒνλδζξιᾷ
484 2693 756 2766 καθέδρα,
800 2695 861 2750 τὸ
918 2696 1057 2770 πρὸς
1108 2698 1200 2753 τὸν
1249 2699 1470 2772 Πατέρα
1511 2700 1756 2772 ίσάτιμον

225 2803 251 2838 r.
284 2803 311 2838 ο
336 2821 353 2838 .

225 2803 353 2854 quos.

266 2880 741 2952 Ἀναλοτίσασθε
779 2881 890 2952 γὰρ
916 2882 1027 2938 τόν
1070 2884 1356 2953 τοιαύτην
1384 2887 1763 2957 ὑπομεμενη-

198 2973 329 3027 κότα
352 2972 507 3043 ὑπὲρ
539 2972 659 3028 τῶν
684 2973 1050 3044 ἁμαρτωλῶν
1068 2978 1156 3042 είς
1175 2976 1364 3032 αὐτὸν
1388 2977 1761 3050 ἀντιλογίαν.

200 3065 377 3120 Καίτοι
426 3066 476 3119 εί
523 3066 619 3121 καὶ
676 3066 985 3137 ὁμοδούλων
1038 3066 1187 3139 πάθη
1233 3069 1615 3139 ἀναλογίζεται
1654 3088 1761 3137 τις,

203 3157 384 3221 ἱκανῶς
408 3156 845 3230 παραμυθεῖται,
874 3159 1027 3230 πόσῳ
1060 3160 1260 3231 μᾶλλον
1305 3159 1376 3214 τὰ
1404 3160 1498 3213 τοῦ
1556 3160 1764 3215 Δεσπό-

1835 677 1975 745 Quid
2027 684 2208 731 autem
2246 683 2325 731 est
2365 671 2509 743 quod
2547 672 2642 736 ait,
2679 679 2948 724 auctorem
2987 675 3035 721 et
3079 680 3418 721 consumam-

1838 772 2045 825 torem?
2073 766 2185 822 lloc
2226 774 2331 831 est,
2366 765 2489 836 Ipse
2525 763 2682 818 (idem
2732 760 2891 817 nobis
2927 758 2996 814 ab
3041 757 3198 813 initio
3243 757 3417 825 impoo
3450 808 3465 815 ,

1837 859 2169 924 suit,-Non
2203 859 2338 913 enim
2368 874 2457 912 vos
2478 872 2579 919 me,
2600 854 2800 925 inquit,
2822 851 3072 922 elegistis.
3095 850 3183 904 sed
3212 864 3305 918 ego
3329 863 3416 901 vos

1835 955 1966 1026 elegi
1990 953 2145 1018 ⁵⁷,--
2172 966 2237 1005 ac
2272 949 2429 1004 linem
2464 947 2626 1003 etiam
2658 953 2712 1000 et
2741 941 3268 1000 consummationem
3302 938 3418 1007 ipse

1839 1055 2095 1117 apponet.
2127 1051 2185 1099 ut
2217 1057 2314 1098 vos
2336 1055 2456 1096 eam
2491 1035 2943 1109 perfectissimam
2971 1031 3242 1088 habeatis.

1913 1140 2018 1206 Qui
2061 1154 2155 1208 pro
2197 1134 2470 1207 proposito
2511 1129 2612 1185 sibi
2656 1127 2855 1201 gaudio
2898 1124 3151 1181 sustinuit
3182 1137 3415 1182 crucem,

1842 1231 2133 1304 ignominia
2184 1234 2504 1296 contempta.
2537 1221 2785 1293 iLicebat
2826 1219 2969 1274 enim
3012 1216 3114 1286 ipsi
3143 1231 3250 1269 non
3285 1215 3415 1283 pati,

1843 1342 1950 1382 non
1978 1325 2137 1380 mori.
2169 1322 2305 1379 Cum
2341 1320 2485 1376 enim
2521 1314 2729 1386 peccati
2773 1312 2954 1369 omnis
2991 1323 3186 1379 expers
3235 1317 3416 1370 esset,

1842 1420 2003 1475 morti
2053 1432 2161 1471 non
2206 1411 2650 1484 subjiciebatur:
2693 1404 2841 1476 quod
2874 1410 2929 1460 et
2967 1402 3084 1473 ipse
3112 1400 3189 1455 ait
3218 1398 3428 1470 H755

1845 1512 1990 1568 Venit
2037 1508 2222 1564 mundi
2271 1505 2510 1575 princeps
2541 1543 2556 1568 ,
2600 1511 2650 1556 et
2710 1500 2765 1555 in
2812 1514 2892 1553 me
2943 1512 3045 1551 non
3078 1494 3228 1547 habet
3265 1486 3429 1561 quid-1

1841 1610 2000 1672 qua‘m
2027 1599 2090 1652 ⁸⁸.
2126 1598 2183 1653 Si
2228 1595 2401 1666 igitur
2436 1592 2726 1656 noluisset,
2761 1604 2871 1645 non
2911 1595 3053 1642 esset
3082 1581 3376 1638 cruciﬁxus
3405 1596 3419 1631 :

1841 1670 1988 1765 quod
2028 1699 2082 1745 et
2115 1689 2235 1759 ipse
2261 1686 2400 1741 dixit
2430 1701 2446 1740 :
2478 1683 2807 1738 Potestatem
2853 1678 3017 1734 habeo
3045 1672 3272 1745 ponendi
3305 1670 3425 1725 ιιιιὶ⁴

1844 1799 1984 1838 mam
2015 1795 2182 1835 meam
2220 1777 2288 1830 ⁸⁸.
2325 1775 2578 1829 Attamen
2608 1786 2831 1826 crucem
2864 1767 3152 1832 sustinuit,
3187 1765 3291 1818 hoc
3321 1773 3424 1821 est.

1844 1890 1954 1931 non
1982 1869 2307 1941 simpliciter
2330 1878 2583 1928 mortem,
2607 1863 2704 1921 sed
2731 1860 3213 1920 contumeliosam,
3237 1870 3427 1925 aspere

1847 1975 2123 2036 natusque
2152 1969 2238 2017 cst
2268 1957 2623 2028 ignominiam
2660 1954 2788 2009 inde
2845 1950 3277 2024 provenicntem.
3308 1945 3424 2000 Non
3488 1976 3493 1981 -

1846 2068 2028 2114 autem
2061 2054 2218 2121 dixit,
2249 2049 2491 2107 Tristitia
2514 2053 2827 2116 contempta
2861 2062 2874 2098 :
2917 2055 3096 2121 neque
3125 2038 3270 2095 enim
3298 2052 3422 2101 cum

1848 2150 2072 2208 tristitia
2106 2120 2209 2204 ista
2241 2143 2470 2200 ferebat.
3092 2120 3095 2121 ⁷

1920 2242 2088 2312 Atque
2124 2241 2178 2293 in
2204 2237 2423 2293 dextera
2450 2232 2588 2289 sedis
2616 2231 2715 2286 Dei
2746 2229 2910 2286 sedet.
2942 2225 3111 2282 Vides
3136 2223 3296 2278 linem
3331 2233 3428 2288 pa-

1851 2335 2077 2399 tientiae,
2098 2346 2208 2403 quo
2239 2325 2524 2400 perducit?
2556 2324 2609 2380 id
2633 2321 2777 2394 quod
2809 2320 2937 2375 alibi
2970 2318 3104 2373 dixit
3134 2333 3149 2372 :
3181 2314 3428 2382 Propter

1852 2446 1917 2484 ea
1966 2427 2104 2482 Deus
2157 2424 2319 2478 etiam
2359 2417 2768 2490 superexaltavit
2791 2430 2910 2468 eum
2941 2413 2988 2445 ιο
3025 2410 3134 2467 :de
3164 2422 3326 2463 carne
3352 2405 3430 2458 Io-

1854 2536 2051 2593 quens.
2092 2516 2278 2571 Potest
2327 2513 2511 2580 itaque
2564 2509 2720 2563 vobis
2775 2502 3081 2560 mercedem
3138 2496 3432 2566 rependere

1858 2587 1957 2683 pro
1994 2604 2383 2664 amictionibus
2425 2616 2528 2656 suo
2568 2598 2792 2654 nomine
2837 2594 3105 2650 toleratis.
3166 2587 3439 2645 Cathedra

1858 2677 2004 2761 enim
2032 2711 2086 2756 et
2124 2697 2302 2755 sessio
2337 2692 2406 2749 ad
2429 2692 2703 2756 dextram,
2736 2687 3105 2759 aequalitatem
3134 2696 3253 2737 cum
3278 2677 3440 2733 Patre

1860 2791 2156 2862 signiﬁcat.

1936 2883 2102 2938 Vens.
2139 2881 2193 2936 5.
2221 2875 2528 2948 Recogitate
2555 2870 2694 2927 enim
2725 2883 2843 2924 eum
2872 2865 2960 2938 qui
2990 2862 3151 2919 talem
3187 2860 3443 2917 sustinuit

1865 2998 1898 3035 a
1928 2972 2290 3048 peccatoribus
2338 2969 2615 3025 adversum
2655 2980 2712 3020 se
2751 2958 3246 3017 contradictionem.
3286 2953 3445 3020 Quod

1868 3073 1913 3128 si
1945 3070 2071 3142 quis
2105 3072 2495 3123 conservorum
2530 3071 2759 3115 suorum
2808 3051 3135 3109 alﬂictioncs
3163 3052 3443 3117 reputans,

1869 3137 2086 3219 abunde
2112 3175 2171 3214 se
2202 3155 2540 3218 consolatur,
2573 3157 2782 3221 quanto
2817 3146 2988 3214 magis
3017 3143 3062 3199 si
3094 3140 3309 3195 Dontini
3336 3137 3443 3200 sui,

199 3263 283 3300 του
309 3247 400 3302 τοῦ
437 3247 706 3319 τοιαύτην
739 3248 1049 3319 ἀντιλογίαν
1094 3250 1534 3321 ὑπομείναντοςς
1565 3251 1595 3306 ὅ
1622 3252 1759 3319 ἐστι,

1873 3254 1970 3326 qui
2019 3259 2226 3307 tantam
2280 3243 2775 3302 contradictionem
2818 3235 3060 3307 pertulit,
3124 3231 3447 3288 amictioucs

202 3342 443 3410 γέλωτας,
475 3342 798 3413 χλευασίας,
850 3342 1051 3412 ὀνείδη,
1089 3342 1233 3397 κατὰ
1281 3343 1573 3414 πρόσωπον
1622 3343 1763 3414 πλη-

204 3435 314 3503 γὰξ,
358 3437 456 3490 ὅσα
506 3436 801 3506 ἀντέλεγον
839 3438 961 3499 ταῖς
1007 3434 1383 3500 διδασκαλίαις
1436 3434 1627 3500 αὑτοῦ,
1666 3436 1766 3501 τὰς

204 3527 284 3580 ἐπὶ
306 3528 542 3583 Πιλάτου
568 3527 838 3600 κραυγὰς,
871 3526 1184 3581 τελευταῖον
1219 3528 1477 3599 σταυρόν.
1526 3528 1768 3598 Ἐμφαν-

204 3619 338 3674 τικὺν
368 3621 476 3691 γὰρ
511 3620 593 3685 τὸ,
624 3622 950 3688 τοσαύτην,
1000 3620 1305 3687 τουτέστιν,
1359 3621 1487 3692 άχρι
1535 3621 1768 3676 θανάτου

207 3713 481 3782 φέρουσαν,
516 3713 611 3767 καί⁵
643 3712 836 3775 ταῦτα,
880 3713 971 3767 τοῦ
1007 3713 1148 3785 μετὰ
1178 3714 1418 3788 λῃστῶν,
1467 3731 1562 3767 και
1592 3713 1768 3768 ταῦτα

207 3803 301 3857 ὑπὸ
328 3804 694 3880 ἁμαρτωλῶν,
725 3807 836 3861 τῶν
858 3806 1087 3862 ἐθνικῶν
1114 3807 1338 3880 δηλαδὴ,
1375 3808 1408 3881 ἢ
1451 3807 1546 3864 καὶ
1585 3807 1772 3864 αὑτῶν

205 3896 303 3950 τῶν
337 3898 632 3953 Ἰουδαίων.

268 3988 392 4045 Ἵνα
415 3990 508 4059 μὴ
542 3990 765 4061 κάμητε
794 3990 928 4058 ταῖς
941 3991 1170 4061 ψυχαῖς
1200 3993 1370 4063 ὑμῶν
1389 3993 1769 4063 ἐκλυόμενοι.

209 4078 277 4133 Τὸ
325 4082 431 4153 γὰρ
460 4081 892 4151 ἁναλογίσασθαι
918 4083 1010 4136 τὸν
1062 4085 1323 4156 Χριστὸν,
1356 4083 1580 4139 τονώσει
1619 4085 1776 4153 ὑμῶν

211 4171 299 4237 τὰς
324 4173 502 4244 ψυχὰς
534 4175 629 4227 καὶ
662 4173 948 4246 νευρώσει,
984 4175 1082 4228 καὶ
1111 4176 1213 4230 οὐκ
1261 4175 1414 4230 ἐάσει
1446 4175 1774 4232 ἐκλελύσθαι

211 4265 292 4318 καὶ
319 4266 697 4338 ἀπαγορεῦσαι
731 4266 868 4341 πρὸς
898 4266 998 4330 τὰς
1047 4267 1284 4337 θλίψεις.

281 4360 447 4416 Οὔπω
532 4359 746 4431 μέχρις
805 4361 1056 4429 αἵματος
1114 4361 1600 4432 ἀντικατέστητε.
1672 4362 1777 4417 Δύο

216 4450 321 4523 εἴδη
364 4453 770 4524 παρακλήσεως
816 4453 1066 4522 ἀλλήλοις
1096 4454 1236 4507 εἰσὶν
1262 4455 1478 4509 ἐναντία
1505 4474 1521 4488 ο
1552 4455 1611 4509 ἓν
1643 4456 1764 4525 μὲν,

216 4542 329 4597 ὅταν
382 4543 523 4614 πρός
575 4561 697 4598 τινα
744 4543 876 4615 λέγῃ
916 4562 998 4607 τις
1021 4585 1036 4609 ,
1070 4545 1154 4599 δτι
1203 4545 1425 4613 Μεγάλα
1476 4545 1772 4610 πέπονθας.

1869 3325 2054 3401 secum
2099 3338 2416 3412 expendat?
2464 3335 2571 3391 hoc
2605 3340 2711 3399 est,
2747 3331 2917 3392 risus,
2959 3325 3444 3386 subsannationes,

1867 3436 2137 3497 convicia,
2168 3433 2222 3487 in
2252 3430 2445 3486 faciem
2480 3424 2731 3487 verbera,
2763 3433 3104 3492 quaecunque
3131 3424 3324 3471 contra
3346 3413 3450 3468 do-

1868 3529 2102 3585 ctrinam
2137 3525 2258 3595 ejus
2284 3519 2563 3579 dicebant,
2597 3515 2869 3570 clamores
2894 3509 3037 3580 apud
3064 3506 3323 3570 Pilatum,
3357 3518 3452 3574 po-

1872 3631 2078 3680 stremo
2101 3621 2328 3673 trucem
2382 3612 2583 3683 ipsam.
2637 3604 2957 3674 Empbatica
3011 3601 3156 3657 enim
3203 3606 3289 3654 est
3345 3599 3451 3653 ista

1871 3713 2063 3777 dictio,
2110 3708 2314 3770 Talem,
2359 3706 2463 3760 hoc
2502 3708 2610 3767 est,
2657 3698 2724 3753 ad
2772 3706 3000 3751 mortem
3034 3708 3223 3761 usque
3243 3690 3450 3761 perdu-

1874 3815 2113 3869 centeni,
2138 3801 2303 3869 idque
2343 3810 2449 3849 una
2480 3808 2606 3848 cum
2647 3785 2981 3849 latronibus,
3007 3783 3224 3851 ldque-a
3260 3792 3455 3849 pecca-

1875 3898 2112 3961 toribus,
2153 3890 2392 3949 ethnicls
2417 3885 2693 3947 videlicet,
2732 3880 2849 3936 sive
2883 3877 3016 3945 ipsis
3054 3871 3284 3929 Judaeis.

1964 3987 2048 4045 Ne
2109 3980 2468 4056 defatigemini
2534 3975 2815 4030 animabus
2862 3967 3062 4024 uestris
3119 3963 3445 4034 deﬁcientes.

1876 4083 2159 4139 Christum
2191 4078 2335 4131 enim
2368 4072 2423 4127 in
2460 4069 2645 4125 animo
2675 4076 2918 4127 versare,
2950 4057 3235 4115 animabus
3263 4052 3461 4109 vestris

1877 4187 1933 4234 et
1964 4177 2108 4231 vires
2133 4186 2197 4228 ac
2225 4181 2424 4224 nervos
2454 4163 2637 4226 addet,
2669 4174 2770 4215 nec
2814 4157 2959 4213 sinet
2984 4153 3238 4218 deﬁcere,
3274 4164 3375 4204 nec
3404 4148 3462 4202 in

1879 4266 2269 4326 amictionibus
2297 4262 2615 4328 desperare.
3134 4238 3137 4241 ’

1918 4385 1922 4389 <
1950 4360 2118 4414 Vens.
2148 4356 2203 4410 4.
2247 4349 2502 4406 Nondum
2529 4348 2598 4402 ad
2636 4343 2945 4414 sanguinem
2976 4354 3137 4408 usque
3168 4334 3462 4391 restitistis.

1883 4453 2011 4508 Duae
2041 4456 2172 4505 sunt
2197 4441 2597 4501 adhortationis
2622 4444 2679 4493 et
2713 4431 3105 4489 consolationis
3137 4428 3347 4498 species
3379 4426 3466 4479 in—

1884 4552 1967 4599 ter
2012 4555 2073 4596 se
2109 4533 2405 4612 contrariae
2434 4546 2451 4585 :
2483 4528 2654 4582 altera
2695 4522 2941 4595 quidem,
2980 4534 3103 4575 cum
3147 4517 3267 4587 quis
3299 4515 3467 4570 alicui

220 4609 585 4709 ἀναμνήσθητι
632 4609 902 4691 ἐκείνωνῖ
936 4638 1122 4709 ἕτερον
1173 4638 1230 4693 δὲ
1254 4682 1270 4707 ,
1298 4609 1432 4693 δταν
1465 4638 1601 4711 λέγῃ
1628 4655 1643 4671 ·
1669 4609 1759 4694 0b-

1880 4637 2062 4692 dicat:
2095 4609 2295 4701 Magna.
2328 4622 2548 4697 quidem
2579 4633 2781 4691 passus
2808 4631 2890 4681 es,
2915 4620 3187 4669 memento
3211 4609 3464 4674 illorum;

220 4729 298 4784 δὲν
317 4704 329 4709 ⁷
349 4704 492 4800 μέγα
515 4704 526 4708 “
549 4728 703 4783 οὑπω
762 4704 1060 4793 πέπονθας.
1094 4731 1168 4784 Τὸ
1195 4704 1292 4802 μέν
1324 4732 1434 4805 γὰρ
1463 4704 1759 4802 κάμνουσα·

1878 4733 2047 4786 altera
2085 4739 2235 4789 vero,
2266 4734 2390 4778 cum
2421 4716 2570 4772 dicat
2601 4728 2616 4767 :
2653 4710 2932 4767 Nihildnm
2974 4704 3132 4761 ardui
3161 4717 3358 4775 passus
3379 4716 3465 4756 cs.

222 4824 506 4877 ἀνακτᾶται
543 4823 641 4892 τὴν
680 4821 881 4893 ψυχὴν,
931 4821 1159 4892 ἔχουσαν
1193 4793 1421 4887 πολλοὺς
1457 4793 1759 4893 συνίστορα.

1886 4820 2027 4877 Illud
2076 4816 2222 4872 enim
2286 4810 2525 4866 animam
2588 4804 2935 4860 fatiscentem
2990 4797 3282 4859 relocillat,
3337 4793 3468 4848 dum

224 4913 322 4967 τῶν
351 4884 706 4987 παθημάτων-
729 4884 904 4985 αὑτῆς
928 4929 943 4946 ⁶
960 4884 1050 4968 ’.τὸ
1078 4915 1136 4969 δὲ
1171 4884 1442 4985 φυσᾶσθαι
1485 4884 1759 4987 μέλλουσα·

1886 4910 2087 4964 multos
2110 4902 2470 4959 afﬂictionqu
2498 4909 2722 4951 suarum
2757 4899 2921 4947 testes
2949 4888 3130 4944 habet.
3160 4884 3310 4941 Istud
3341 4899 3471 4938 vero

227 5011 491 5080 κατασπᾷ.
549 5011 642 5063 καὶ
674 5006 1026 5082 ῥᾳθυμοῦσαν
1066 4976 1345 5079 διεγείρει.
1405 4976 1632 5070 Τούτοις
1671 5010 1759 5062 τοί

1887 5002 2344 5057 intumescentem
2410 4990 2652 5053 deducit,
2711 4994 2767 5043 et
2834 4984 3184 5053 languentem
3241 4976 3468 5032 excitat.

227 5100 336 5153 δυσὶ
365 5104 565 5172 χρῆται
595 5101 807 5165 Παῦλος
832 5101 927 5155 νῦν
957 5100 1095 5172 πρὸς
1130 5099 1435 5171 Ἐὅραίους.
1461 5097 1645 5152 Εἰπὼν
1679 5098 1788 5168 γὰρ

229 5193 474 5262 ἀνωτέρω
495 5231 511 5256 ,
541 5193 627 5247 ὅτι
657 5192 864 5263 Πολλὴν
890 5193 1114 5265 ἄθλησιν
1159 5191 1493 5264 ὑπεμείνατε
1528 5188 1791 5259 παθημά-

230 5298 349 5344 των,
398 5284 494 5337 καὶ
520 5283 975 5354 προτρεψάμενος
1032 5285 1377 5354 μιμήσασθαι
1421 5280 1667 5345 ἑαυτοὺς,
1691 5278 1789 5332 νῦν

234 5371 287 5424 τὸ
313 5374 571 5437 ἐναντίον,
597 5373 869 5426 δείκνυσιν
906 5372 1104 5435 αὐτοὺς
1133 5372 1300 5440 μήπω
1324 5373 1489 5440 μηδὲν
1511 5370 1794 5438 ἀξιόλογον

235 5465 583 5532 ὑποστάντας,
615 5466 691 5530 ὼς
736 5465 803 5520 ἂν
834 5465 908 5536 μὴ
953 5465 1258 5535 ὲπαρθῶσν..
1290 5465 1400 5518 Καὶ
1439 5466 1541 5535 ὅρα
1576 5463 1790 5532 σοφίαν.

235 5556 361 5609 Μεθ’
389 5556 418 5610 δ
454 5556 699 5628 ἐμνήσθη
742 5557 850 5611 τῶν
880 5554 1125 5629 ἀρχαίων
1184 5554 1356 5623 ἁγίων
1412 5555 1522 5608 τῶν
1579 5556 1793 5624 μεγάλα

239 5644 600 5711 ὑποστάντων,
653 5648 747 5701 καὶ
796 5646 958 5701 αὑτοῦ
1002 5643 1098 5698 τοῦ
1149 5643 1381 5716 Κυρίου,
1407 5644 1530 5697 τότε
1556 5643 1797 5699 δείκνυσι

237 5733 302 5787 τὰ
324 5736 498 5791 αὑτῶν
526 5738 677 5792 οὐδὲν
692 5738 841 5794 ὄντα.
868 5736 1034 5792 Οὔπω
1056 5736 1185 5809 γὰρ,
1210 5738 1397 5807 φησιν,
1422 5735 1549 5806 ἄχρι
1567 5734 1795 5790 θανάτου

247 5848 570 5952 "."nbi'atth;
602 5852 776 5952 x5235.
852 5853 900 5887 ³⁵
923 5852 1057 5910 ibid.
1088 5849 1177 5906 24.
1255 5851 1301 5884 ⁸⁷
1330 5849 1488 5906 Joan.
1527 5867 1612 5918 xv,
1654 5849 1738 5904 l6.

347 5920 503 5976 llcbr.
541 5940 596 5990 ι,
629 5922 719 5978 52.

1898 5092 2059 5148 Hisce
2090 5089 2304 5145 duabus
2330 5098 2477 5140 nunc
2509 5082 2680 5136 utitur
2704 5076 2910 5133 Paulus
2935 5072 3002 5127 ad
3036 5071 3309 5126 llebra’os.
3333 5067 3471 5122 Cum

1896 5184 2040 5240 enim
2079 5195 2244 5251 supra
2279 5177 2547 5232 dixisset:
2578 5170 2829 5238 Magnum
2875 5172 3152 5220 certamen
3205 5156 3473 5214 sustinui-

1898 5273 2000 5329 stis
2043 5247 2363 5341 passionum
2388 5264 2482 5330 “‘,
2515 5262 2947 5325 adhortatusque
2977 5261 3123 5307 esset
3153 5256 3211 5304 ut
3262 5247 3472 5316 seipsos

1898 5340 2265 5425 imitarentur,
2303 5372 2447 5411 nunc
2511 5371 2542 5410 e
2584 5361 2771 5408 contra
2803 5345 3043 5404 ostendit
3102 5356 3197 5397 eos
3231 5340 3474 5394 nondum

1900 5457 2198 5528 quidquam
2226 5446 2588 5506 estimatione
2608 5443 2828 5510 dignum
2860 5432 3210 5497 sustinuisse,
3240 5444 3308 5485 ne
3340 5427 3477 5485 eﬂ‘e-

1903 5517 2117 5606 rentur.
2145 5544 2221 5599 Ac
2258 5539 2382 5593 vide
2417 5535 2537 5606 ejus
2581 5528 2931 5600 sapientiam.
2968 5522 3327 5591 Posteaquam
3362 5517 3478 5587 pri-

1905 5651 2125 5696 scorum
2155 5637 2493 5689 sanctorum,
2517 5622 2611 5694 qui
2642 5632 2840 5689 magna
2869 5614 3285 5691 sustinuerant,
3313 5616 3479 5677 atque

1908 5730 2044 5785 adeo
2083 5723 2296 5779 Domini
2330 5718 2504 5790 ipsius
2545 5710 2914 5776 meminisset,
2954 5716 3082 5764 tunc
3103 5701 3340 5761 ostendit
3381 5712 3481 5754 eo-

1838 5850 1883 5882 "
1921 5845 2081 5901 Joan.
2125 5856 2238 5905 xiv,
2271 5836 2364 5892 '50.
2440 5832 2485 5866 "
2523 5828 2681 5888 Joan.
2713 5843 2771 5894 ι,
2804 5826 2892 5884 i8.
2971 5823 3018 5857 “
3052 5819 3299 5893 Pbilipp._
3327 5829 3389 5884 tt,
3416 5807 3488 5872 9.
