3860 6552
137 439 228 499 351

768 423 1172 487 EXPOSiTIO
1201 419 1285 483 IN
1323 416 1570 481 EPIST.
1618 412 1708 473 AD

1818 408 2152 472 EBREOS.
2198 428 2270 440 --
2311 401 2472 465 CAP.
2512 398 2623 460 XI.

3256 389 3364 455 35$

136 550 253 612 ,ιίας
296 540 619 610 δεξάμενος
657 538 734 605 ⁸⁸,
784 539 936 608 πρὸς
981 538 1055 592 ὃν
1101 535 1372 604 ἐλαλήθη
1401 552 1414 565 ·
1443 532 1569 585 Ὅτι
1613 529 1682 584 ἐν

1819 524 2159 580 romissiones
2192 525 2489 587 acceperat,
2531 514 2600 569 ad
2651 527 2805 585 quem
2855 510 3059 564 dictum
3110 515 3262 570 erat;
3302 507 3370 563 In

145 634 338 693 Ἰσαὰκ
381 629 753 700 κληθήσεταί
799 646 899 682 σοι
949 627 1189 697 σπέρμα
1212 644 1227 658 ·
1281 620 1695 693 Λογισάμενος

134 732 211 784 ὅτι
238 726 327 780 καί
353 725 421 778 ἐκ
446 721 676 792 νεκρῶν
697 721 952 791 ἐγείρειν
975 718 1237 784 δυνατὸς
1263 720 1296 772 ό
1328 716 1493 780 Θεός.
1522 710 1695 765 Τοῦτο

132 820 183 873 τὸ
206 815 531 885 θαυμαστδν,
558 814 639 867 ὃτι
665 811 853 881 ἕτερον
878 809 954 881 μὴ
980 809 1121 880 ἔχων
1146 808 1331 869 παῖδα,
1353 805 1421 859 δι’
1436 795 1498 858 οὗ
1527 819 1696 874 προσ-

135 910 279 963 εδόκα
308 905 404 974 τὴν
439 901 773 971 ἐπαγγελίαν
805 899 1159 968 ὲκϐἡσεσθαι,
1196 897 1334 951 ἀλλά
1368 894 1558 949 τοῦτον
1595 892 1696 963 μό-

134 1019 228 1062 νον,
252 1000 397 1067 ὅμως
428 995 802 1067 προσήνεγκεν
825 992 1010 1045 αὐτόν.
1040 989 1212 1044 ῐιὸθεν
1234 987 1400 1057 γοῦνς
1426 985 1535 1041 ἀπὸ
1564 983 1697 1038 πολ-

132 1092 214 1160 λῆς
236 1090 493 1149 πίστεως.
525 1085 844 1139 Ἐπίστευσε
871 1084 980 1154 γὰρ
1014 1082 1095 1135 ὅτι
1130 1080 1401 1135 δύναταιὸ
1433 1077 1564 1140 Θεὸς
1599 1075 1696 1129 καὶ

135 1181 256 1253 μετὰ
293 1178 352 1233 τὸ
394 1177 696 1247 σφαγῆναι,
743 1177 807 1228 ὲκ
850 1171 1061 1244 νεκρῶν
1105 1171 1327 1241 ἐγείρας
1371 1167 1553 1233 αὐτὸν,
1597 1164 1698 1236 τὴν

148 1266 459 1337 ἐπαγγελίαν
490 1265 815 1337 πληρῶσαι,
851 1262 945 1317 καὶ⁸
974 1260 1042 1316 δι’
1065 1259 1232 1316 αὐτοῦ
1265 1256 1700 1319 ἀναϐεϐιωκότος

148 1359 396 1433 πληθύναι
425 1357 490 1413 τὸ
525 1359 768 1429 σπέρμα.
804 1357 927 1419 Πῶς
959 1355 1017 1408 δὲ
1055 1351 1348 1425 μονογενὴς
1378 1347 1447 1423 ἦν
1479 1349 1663 1403 Ἰσαὰκ
1683 1386 1699 1413 ,

138 1457 314 1523 ’ὁπουγε
357 1450 454 1505 καὶ
494 1449 588 1504 τὸν
619 1446 845 1520 Ἱσμαὴλ
889 1441 1040 1518 εἶχες
1080 1444 1219 1499 Ἀλλ’
1242 1445 1366 1499 ὅσον
1408 1441 1552 1497 κατὰ
1597 1439 1688 1493 τὸν

138 1545 441 1616 ἐπαγγελίας
471 1543 633 1610 λόγον
670 1541 988 1613 μονογενής
1027 1531 1180 1601 οὗτος
1214 1538 1323 1608 γὰρ
1359 1536 1453 1589 καὶ
1487 1533 1692 1605 κυρίως

141 1642 355 1710 σπέρμα.
385 1638 485 1690 Ἐν
510 1636 719 1690 Ἰσαὰκ
751 1631 861 1704 γὰρ
895 1629 1269 1700 κληθήσεται
1302 1642 1403 1682 σοι
1435 1625 1697 1695 σπέρμα.

200 1823 364 1876 Ὅθεν
399 1816 587 1872 αὐτὸν
631 1814 730 1871 καί
775 1812 846 1868 ἐν
885 1809 1203 1883 παραϐολῇ
1243 1810 1586 1880 ἐκομίσατο.
1633 1807 1699 1860 Τί

1800 616 1959 672 Isaac
1988 614 2261 669 vocabitur
2283 612 2378 665 tibi
2401 624 2598 664 semen.
2628 605 2914 661 Arbitrum
2933 601 3072 675 quod
3102 612 3149 656 et
3167 617 3202 655 α
3229 616 3372 655 mor-

1802 710 1907 763 tuis
1924 706 2184 760 suscitare
2205 715 2390 773 potens
2426 702 2495 755 sit
2529 699 2691 753 Deus.
2757 695 2875 752 lloc
2899 710 3032 750 sane
3080 694 3238 747 valde
3286 699 3374 746 est
3436 681 3443 688 ’

1801 796 2209 859 admirandum,
2240 792 2385 863 quod
2412 805 2538 845 cum
2572 789 2739 843 alium
2773 801 2884 841 non
2921 785 3147 839 haberet
3181 782 3373 847 ﬁlium,

1805 905 1903 960 per
1936 902 2098 958 quem
2142 884 2567 956 promissionem
2603 878 2825 935 evvnire
2855 883 3123 945 speraret,
3181 882 3379 943 praeter

1803 981 1951 1036 hunc
2005 977 2206 1041 solum,
2264 990 2387 1028 eum
2433 980 2612 1027 tamen
2630 969 2907 1026 obtulerit.
2944 966 3095 1022 Unde
3130 964 3379 1020 scilicet?

1805 1090 1869 1131 ex
1903 1072 2072 1126 multa
2113 1080 2169 1124 et.
2199 1066 2407 1138 ingenti
2440 1065 2566 1121 ﬁde.
2597 1063 2840 1119 Credidit
2863 1063 3006 1119 enim
3036 1060 3179 1131 quod
3202 1058 3379 1130 possit

1805 1166 1948 1220 Deus
1979 1171 2100 1231 post
2132 1162 2356 1224 caedem,
2398 1173 2427 1213 a
2459 1157 2690 1212 mortuis
2722 1157 2840 1226 ipso
2876 1153 3166 1217 suscitato,
3221 1165 3378 1206 com-

1804 1259 1951 1330 plere
1984 1254 2429 1327 promissionem,
2460 1264 2525 1305 ac
2565 1264 2662 1321 per
2692 1249 2870 1319 ipsum
2901 1246 3200 1301 redivivum
3231 1244 3377 1297 mul-

1804 1348 2051 1419 tiplicare
2083 1360 2291 1402 semen.
2323 1341 2614 1409 Quomodo
2679 1348 2861 1403 autem
2913 1336 3227 1408 unigenitus
3259 1341 3379 1389 erat

1803 1439 1977 1505 Isaac,
2014 1454 2137 1493 cum
2169 1447 2222 1491 et
2250 1434 2526 1488 lsmaclem
2586 1430 2846 1485 haberet?
2871 1429 2941 1482 At
2987 1437 3260 1498 quatenus
3309 1425 3378 1480 ad

1805 1531 2223 1603 promissionem
2247 1528 2503 1598 pertinet,
2529 1523 2842 1593 unigenitns
2859 1527 2976 1576 erat
3003 1518 3124 1572 :ille
3145 1530 3380 1587 namque

1806 1623 2023 1694 proprie
2053 1636 2240 1676 semen
2275 1624 2413 1674 erat.
2460 1615 2526 1670 In
2570 1614 2730 1669 Isaac
2791 1613 2931 1668 enim
2974 1610 3248 1667 vocabitur
3285 1608 3380 1662 tibi

1807 1731 2007 1769 semen.

1882 1805 2030 1862 Unde
2063 1815 2111 1859 et
2139 1806 2309 1872 ipsum
2338 1804 2391 1858 in
2415 1798 2672 1875 parabola
2695 1796 2915 1867 accepit.
2944 1794 3085 1861 Quid
3119 1801 3203 1849 est
3231 1792 3379 1862 quod

142 1918 239 1969 ὲττι
273 1913 351 1975 τὸ,
375 1870 823 1978 ἐν-παραϐολῶ
862 1870 984 1960 ἀντί
1021 1904 1137 1970 τοῦ,
1171 1870 1239 1958 ’ἐν
1277 1870 1454 1973 τύπῳ,
1495 1902 1574 1963 είς
1613 1900 1689 1953 ιν.

1818 1898 1897 1965 tit,
1924 1897 1986 1952 lu
2009 1870 2265 1966 parabota
2290 1894 2389 1950 7id
2415 1870 2520 1958 est,
2551 1893 2607 1947 in
2656 1890 2848 1961 ﬁgura,
2918 1887 2988 1941 ad
3041 1885 3384 1941 demonstra-

142 2004 287 2070 δειξιν
314 1998 615 2072 μυστηρίου
641 1996 733 2052 τοῦ
760 1993 904 2049 κατά
926 1994 1183 2066 Χριστόν.
1205 1991 1418 2061 Ὠσπερ
1443 1989 1551 2059 γὰρ
1575 1986 1696 2040 τότε

143 2098 167 2149 ὁ
194 2094 281 2165 μὲν
307 2092 491 2146 Ἰσαὰκ
516 2089 742 2161 ἀφείθη,
764 2090 793 2142 0
820 2087 877 2141 δὲ
906 2084 1058 2158 κριὸς
1086 2084 1300 2152 ὲσεράγη
1319 2100 1333 2114 σ
1363 2081 1535 2143 οὕτως
1563 2081 1591 2133 0
1619 2072 1697 2140 εἷς

1800 1990 2007 2045 tionem
2079 1984 2325 2058 mystcrii
2355 1981 2500 2055 quod
2542 1985 2595 2037 in
2653 1979 2876 2034 Christo
2922 1987 3061 2032 erat.
3104 1973 3173 2029 Ut
3230 1974 3380 2030 enim

1800 2090 1913 2135 tum
1946 2077 2097 2133 lsaac
2125 2075 2390 2132 dimissus
2443 2082 2548 2139 est,
2582 2072 2725 2126 aries
2771 2077 2951 2123 autem
3000 2082 3177 2122 casus
3232 2083 3247 2121 :
3297 2067 3381 2120 sic

146 2155 381 2258 Χριστὸς,
415 2182 553 2245 Θεὸς
572 2155 657 2235 *ὢν
687 2155 783 2233 καὶ
815 2155 1102 2250 amplum;
1134 2176 1163 2229 ὁ
1196 2174 1389 2238 αὐτὸς,
1426 2172 1565 2226 κατά
1600 2171 1699 2241 μὲν

1818 2188 1943 2228 mus
1969 2169 2241 2234 Christus,
2266 2167 2434 2239 quiet
2464 2164 2613 2220 Deus
2656 2173 2739 2217 est
2778 2172 2830 2216 et
2861 2162 3047 2223 homo,
3072 2155 3379 2214 secundum

146 2278 198 2330 τὸ
225 2275 561 2345 ἀνθρώπινον
590 2270 731 2342 ὑπὲρ
761 2268 922 2341 ἡμῶν
951 2266 1142 2337 ἐτύθη,
1174 2268 1206 2336 ἡ
1239 2264 1297 2318 δὲ
1331 2264 1519 2331 θεότης
1553 2264 1698 2315 ἀπα-

149 2367 232 2437 θὴς
253 2365 507 2434 διέμεινε.
542 2362 652 2415 Καὶ
680 2361 854 2423 ἄλλως
880 2358 960 2423 δὲ,
984 2357 1013 2410 0
1040 2356 1293 2428 Ἀϐραὰμ
1318 2355 1485 2418 τύπος
1512 2349 1579 2424 ἦν
1604 2349 1698 2405 τοῦ

150 2453 267 2510 θεοῦ
313 2456 403 2510 καὶ
452 2453 704 2525 Πατρδς,
753 2453 782 2506 0
813 2448 1001 2505 Ἰσαὰκ
1046 2448 1142 2501 τοῦ
1194 2447 1328 2501 Υίοῦ
1378 2445 1470 2500 τοῦ
1517 2445 1652 2499 Θεοῦ
1680 2460 1694 2474 ·

151 2546 317 2613 ἐπειδὴ
348 2543 579 2616 ἔμελλεν
607 2545 635 2596 0
666 2540 798 2604 Θεὸς
827 2539 887 2593 τὸ
923 2536 1066 2608 μέγα
1093 2535 1254 2591 τοῦτο
1282 2536 1377 2589 καὶ
1408 2533 1548 2603 ὑπὲρ
1575 2530 1701 2583 νοῦν

156 2638 429 2709 μυστήριον
452 2630 852 2704 οἰκονομῆσαι,
894 2629 989 2683 καὶ
1024 2626 1211 2683 δοῦναι
1240 2625 1336 2679 τὸν
1365 2624 1493 2677 Υίδν
1534 2620 1700 2676 αὑτοῦ

156 2729 277 2799 ὑπὲρ
315 2728 493 2801 ἡμῶν,
551 2724 756 2798 σφόδρα
801 2720 1179 2792 φιλάνθρωπος
1228 2717 1341 2771 ὢν*
1382 2716 1504 2770 οὐδὲ
1546 2714 1703 2768 τοῦτο

153 2820 400 2893 ἠϐουλήθη
444 2818 528 2882 ὡς
552 2816 713 2888 χάριν
739 2812 904 2870 αὑτοῦ
933 2812 1070 2867 ἰδίαν
1091 2810 1299 2877 δοῦναι,
1321 2809 1435 2863 ἀλλ’
1455 2809 1532 2873 ὡς
1556 2809 1705 2877 ὀφει-

155 2909 239 2981 λὴν
265 2908 576 2963 ἀποδοῦναι.
617 2906 829 2962 Ὢσανεὶ
861 2903 1086 2959 τοιαῦτα
1122 2903 1297 2972 λέγων
1326 2916 1340 2931 ’
1378 2901 1544 2955 Οὐδὲν
1578 2917 1703 2952 κοι-

155 3002 232 3057 νὸν
250 3000 432 3072 δίδωμι
456 3001 530 3067 τῇ
558 2998 876 3070 ἀνθρωπίνῃ
905 2994 1067 3066 φύσει
1097 2994 1239 3060 ὑπὲρ
1263 2992 1434 3061 αὐτῆς
1457 2990 1549 3044 τδν
1576 2988 1705 3043 Υίόν

159 3110 244 3163 μου
265 3092 421 3148 θύων.
445 3091 510 3145 '0
541 3092 648 3160 γὰρ
671 3086 922 3159 Ἀϐραὰμ
945 3084 1035 3139 τὸν
1059 3082 1189 3137 Υἱδν
1215 3080 1382 3136 αὑτοῦ
1406 3081 1708 3152 ἀνήνεγκεν

1801 2271 2093 2323 humanam
2126 2274 2408 2329 naturam,
2439 2277 2536 2332 pro
2558 2257 3044 2315 nobisimmolatus
3066 2262 3169 2318 est,
3200 2251 3381 2308 Deitas

1800 2373 1932 2414 vero
1980 2368 2178 2428 expers
2236 2353 2510 2427 passionis
2581 2349 2957 2421 permanebat.
3008 2346 3177 2412 Quin
3218 2344 3381 2399 etiam

1802 2449 2079 2505 Abraham
2108 2446 2215 2501 fuit
2249 2457 2415 2516 typus
2470 2442 2564 2496 Dei
2615 2439 2815 2503 Patris,
2871 2438 3027 2492 lsaac
3080 2451 3209 2490 vero
3260 2431 3384 2488 Filii

1804 2539 1896 2594 Dei
1936 2555 1952 2592 :
1986 2535 2431 2608 quandoquidem
2461 2533 2605 2588 Deus
2649 2548 2747 2587 ceu
2777 2546 2942 2601 supra
2994 2528 3214 2584 modum
3271 2526 3386 2582 cle-

1803 2647 1956 2686 mens
1981 2641 2033 2686 et
2058 2626 2355 2701 benignus,
2395 2641 2653 2697 magnum
2684 2624 2787 2679 hoc
2826 2635 2879 2677 et
2911 2622 3135 2676 humani
3176 2614 3384 2691 ingenii

1802 2733 2021 2794 captum
2057 2735 2403 2791 exsuperans
2434 2721 2752 2789 mysterium
2782 2715 3192 2784 dispensaturns
3216 2719 3384 2776 esset,

1805 2830 1870 2869 ac
1906 2812 2108 2869 Filium
2146 2825 2305 2866 suum
2339 2824 2439 2880 pro
2466 2808 2624 2863 nobis
2659 2807 2919 2871 daturus;
2950 2818 3128 2872 neque
3163 2803 3265 2856 hoc
3286 2817 3388 2855 vo-

1807 2907 1912 2960 luit
1956 2920 2055 2960 ceu
2086 2905 2289 2959 donum
2327 2915 2487 2956 suum
2540 2898 2821 2970 proprium
2891 2912 2958 2950 ex
2992 2894 3164 2965 gratia
3229 2893 3384 2957 dare,

1809 2997 1906 3054 Sed
1955 2995 2121 3051 veluti
2156 2994 2401 3049 debitum
2427 2990 2678 3046 reddere.
2724 2986 2958 3042 Perinde
2996 2986 3154 3056 quasi
3187 2984 3335 3038 dicat
3367 2999 3384 3038 :

1806 3092 1951 3148 Nihil
1986 3092 2108 3145 novi
2136 3090 2388 3143 humanae
2418 3092 2626 3139 natura:
2678 3081 2950 3152 impertio,
2978 3079 3171 3133 Filium
3209 3090 3389 3131 meum

157 3182 417 3254 ὑπὲρὲμοῦ
440 3178 767 3251 σφαγιάσαι.
795 3178 956 3230 ’Ὥστε
986 3174 1086 3246 τὴν
1116 3173 1339 3244 ὀφειλὴν
1368 3170 1705 3240 ἀποδίδωμι,

1818 3200 1909 3254 pro
1936 3183 2052 3253 ipsa
2083 3178 2395 3234 immolans.
2437 3176 2710 3229 Abraham
2765 3172 2909 3226 enim
2972 3185 3068 3241 pro
3103 3182 3189 3222 me
3240 3177 3295 3221 ct
3334 3167 3390 3221 in

157 3274 207 3328 οὐ
237 3276 386 3345 χάριν
416 3272 638 3342 δίδωμι.
663 3271 735 3323 Ἦ
763 3268 846 3334 τὸ,
881 3268 954 3323 ἐν
980 3263 1315 3336 παραϐολῇ,
1349 3263 1470 3318 ἀντὶ
1498 3261 1614 3327 τοῦ,
1652 3264 1712 3315 ὲν

159 3366 223 3438 τῷ
251 3366 379 3436 κριῷ
412 3364 720 3435 ἐκομίσατο
751 3362 914 3415 αὑτὸν
942 3361 972 3413 0
999 3357 1282 3430 Ἀϐραὰμ,
1311 3356 1621 3421 τουτέστιν,
1655 3355 1714 3408 ὲν

158 3461 215 3529 τῇ
236 3457 486 3512 ἁντιδόσει
508 3454 606 3511 τοῦ
630 3453 786 3525 κριοῦ
803 3469 819 3485 ο
842 3451 903 3516 ὃς
925 3451 1080 3523 κριὸς
1100 3450 1270 3514 τύπος
1293 3444 1362 3520 ἦν
1383 3448 1478 3503 τοῦ
1504 3448 1712 3512 Ἰσαὰκ,

159 3551 430 3615 τουτέστιν,
466 3546 767 3610 ἀντίτυπος
794 3542 889 3598 τοῦ
924 3542 1110 3598 Ἰσαὰκ
1138 3542 1377 3612 ὶσφάγη.

221 3730 410 3784 Πίστει
442 3725 583 3796 περὶ
611 3727 963 3797 μελλόντων
993 3724 1335 3793 εὐλόγησεν
1369 3719 1579 3777 Ἰσαὰκ
1608 3723 1717 3775 τιῖν

173 3821 357 3879 Ἰακὼϐ
382 3821 484 3876 καὶ
518 3820 627 3875 τὸν
654 3817 860 3874 Ἠσαῦ.
891 3817 1063 3872 Πόθεν
1091 3817 1201 3889 γὰρ
1234 3815 1573 3885 ἐπηγγέλετο
1603 3817 1715 3877 τοῖς

165 3914 281 3977 υἱοῖς
312 3914 474 3969 αὐτοῦ
511 3911 750 3967 τοσαῦτα
788 3908 969 3980 ἀγαθά
1010 3908 1172 3973 αὐτὸς
1210 3911 1270 3963 ὲν
1306 3908 1445 3981 ξένῳ
1465 3908 1513 3943 ⁵⁸
1545 3907 1719 3981 καθή-

168 4020 335 4076 μενος,
363 4007 411 4059 εί
443 4004 526 4077 μὴ
557 4002 908 4067 ἐπίστευσεν,
937 4001 1020 4055 ὅτι
1046 4002 1076 4054 0
1102 3998 1235 4063 Θεδς
1261 3997 1421 4052 δώσει
1447 3999 1517 4053 τὰ
1545 3999 1719 4069 ἐπηγ-

165 4095 243 4164 νῒ
255 4096 413 4168 μένας
435 4095 507 4149 Τί
534 4095 591 4149 δέ
618 4095 755 4161 ἐστι,
780 4090 1306 4163 περίμελλόντων;
1330 4090 1401 4143 Ἦ
1420 4089 1503 4143 ὃτι
1528 4089 1636 4144 τῶν
1662 4092 1719 4143 ἐν

167 4185 233 4258 τῷ
261 4186 503 4258 μέλλοντι
536 4184 726 4248 αἰῶνι,
757 4184 857 4256 τὴν
890 4183 999 4254 γὰρ
1031 4181 1328 4237 ἀνάστασιν
1360 4180 1587 4253 ᾔδεσαν,
1622 4180 1719 4234 καὶ

167 4277 335 4349 νοηταὶ
358 4273 501 4350 ἦσαν
531 4276 587 4332 αί
620 4273 888 4344 εὐλογίαι,
919 4272 953 4345 ἢ
986 4272 1116 4344 περὶ
1143 4271 1251 4325 τῶν
1283 4270 1343 4325 ὲν
1372 4274 1438 4342 τῇ
1471 4272 1543 4342 γῇ
1577 4271 1717 4339 ἀγα-

171 4367 285 4435 θῶν,
325 4364 398 4424 ὦν
437 4367 669 4440 ἔμελλον
706 4364 863 4420 αὐτοὶ
900 4363 1223 4434 λαμϐάνειν,
1269 4362 1303 4433 ἦ
1347 4361 1397 4414 οἱ
1436 4358 1498 4426 ἐξ
1539 4359 1720 4414 αὐτῶν

170 4462 559 4533 τεχθησόμενοι.
596 4458 896 4529 Προτάττει
938 4456 994 4511 δὲ
1034 4454 1125 4509 τὸν
1155 4451 1352 4508 Ἰακὼϐ
1396 4452 1491 4506 τοῦ
1524 4449 1717 4515 Ἠσαῦ,

1817 3277 1920 3332 mei
1951 3274 2180 3346 gratiam
2212 3271 2381 3325 lilium
2412 3283 2573 3323 suum
2593 3264 2880 3320 immolare
2900 3261 3178 3317 sustinuit.
3201 3260 3393 3325 Itaque

1816 3345 2060 3417 debitum
2097 3358 2287 3423 reddo,
2311 3371 2421 3411 non
2446 3353 2678 3425 gratiam
2705 3352 2795 3406 do.
2821 3347 2936 3413 Vel,
2962 3348 3017 3401 iu
3046 3345 3395 3400 similitudine

1819 3455 1922 3508 hoc
1955 3458 2063 3518 est,
2101 3450 2156 3504 in
2182 3448 2352 3503 ariete
2387 3444 2586 3500 obtulit
2615 3443 2795 3514 ipsum
2839 3438 3138 3501 Abraham,
3167 3436 3273 3491 hoc
3308 3441 3394 3489 est

1814 3546 1869 3600 in
1908 3543 2314 3616 permutatione
2334 3536 2523 3592 arietis
2546 3553 2559 3590 :
2591 3534 2683 3605 qui
2702 3532 2846 3588 aries
2873 3538 3035 3602 typus
3059 3538 3177 3584 erat
3198 3526 3391 3594 lsaaci,

1819 3638 1920 3692 hoc
1949 3643 2055 3700 est,
2098 3632 2270 3703 ﬁgura
2305 3629 2478 3685 lsaaci
2524 3642 2664 3683 caesa
2692 3633 2833 3679 erat.

1886 3724 2054 3781 Vens.
2086 3723 2176 3779 20.
2207 3721 2342 3777 Fide
2380 3720 2444 3776 de
2497 3719 2695 3789 futuris
2735 3714 3000 3771 benedixit
3032 3714 3193 3770 Isaac
3222 3709 3392 3767 Iacob

1816 3827 1866 3873 et
1889 3817 2054 3871 Esau.
2091 3812 2243 3869 Unde
2295 3812 2441 3867 enim
2496 3808 2847 3880 promisisset
2884 3805 3014 3860 ﬁliis
3069 3804 3188 3862 suis
3243 3808 3393 3856 tanta

1819 3909 1985 3972 bona,
2033 3903 2228 3976 ipsein
2258 3899 2547 3973 peregrina
2581 3906 2723 3954 terra
2753 3894 3072 3958 considens,
3092 3894 3194 3950 nisi
3221 3890 3393 3948 Deum

1819 3998 2091 4071 promissa
2125 3996 2378 4049 daturum
2402 3988 2567 4060 738
2592 3985 2921 4043 credidisset
2947 3984 2971 4038 ?
2996 3981 3140 4050 Quid
3157 3995 3288 4037 vero
3310 3986 3397 4034 est

1818 4092 1965 4158 quod
1994 4088 2089 4153 ait,
2117 4087 2181 4140 de
2211 4082 2450 4154 futuris?
2481 4079 2578 4136 Vel
2609 4078 2678 4135 de
2712 4079 2780 4134 iis
2810 4091 2932 4147 quae
2987 4075 3308 4143 contingent
3338 4071 3397 4126 in

1819 4178 2006 4234 futuro
2055 4175 2280 4241 saeculo,
2351 4171 2808 4228 resurrectionem
2855 4167 3001 4223 enim
3057 4171 3278 4230 norant,
3343 4169 3400 4217 et

1825 4269 2139 4338 spirituales
2170 4265 2390 4321 fuerunt
2411 4263 2820 4334 promissiones,
2839 4259 2923 4314 vel
2952 4257 3020 4313 de
3043 4266 3204 4313 terra:
3233 4254 3395 4311 bonis

1822 4378 1945 4434 qua:
1984 4361 2086 4431 ipsi
2125 4358 2404 4429 accopturi
2461 4363 2642 4420 erant,
2702 4355 2787 4408 vel
2846 4367 2913 4407 ex
2969 4351 3107 4422 ipsis
3155 4346 3397 4404 oriundi.

1822 4452 2053 4509 ιιι-κίονι
2072 4459 2252 4506 autem
2280 4447 2448 4503 Jacob
2478 4446 2584 4518 ipsi
2606 4436 2773 4510 Esau,
2796 4458 2897 4498 ceu
2912 4457 3036 4498 eum
3073 4440 3167 4511 qui
3202 4439 3402 4494 virtute

171 4529 529 4624 dis'tudpsrov,
555 4551 653 4605 καὶ
677 4550 753 4615 ὼς
777 4549 845 4602 τὰ
873 4547 1216 4620 πρωτοτόκια
1239 4544 1519 4617 εἰληφότα,
1545 4542 1641 4597 καὶ
1665 4543 1708 4595 ἐι

1826 4543 2105 4607 claruerit,
2136 4551 2193 4596 et
2214 4541 2307 4611 qui
2338 4539 2428 4609 jus
2456 4535 2903 4609 primogenitum:
2929 4531 3227 4602 acceperit,
3255 4543 3320 4583 ac
3342 4529 3400 4583 in

175 4646 317 4699 πᾶσιν
346 4646 494 4713 ἄξιον
527 4640 948 4712 προτάττεσθαι.

233 4740 426 4793 Πίστει
466 4735 683 4793 Ἰακὼϐ
707 4730 1115 4801 ἀποθνήσκων
1137 4732 1401 4786 ἕκαστον
1422 4728 1544 4785 τῶν
1578 4726 1726 4783 Υιῶν

185 4828 384 4899 Ἰωσὴφ
438 4828 776 4898 εὐλόγησε,
830 4824 930 4880 καί
988 4824 1452 4894 προσεκύνησεν
1503 4818 1603 4875 ἐπὶ
1657 4818 1727 4873 τὸ

176 4918 339 4986 ἄκρον
365 4919 474 4989 τῆς
510 4918 737 4988 ῥάϐδου
770 4914 977 4971 αὐτοῦ.
1014 4915 1133 4969 Υἱοὶ
1169 4914 1368 4985 Ἰωσὴφ
1389 4953 1404 4977 ,
1439 4914 1468 4967 0
1500 4912 1725 4966 Μανασ-

179 5010 263 5080 σῆς
285 5014 373 5065 καὶ
400 5014 428 5065 δ
453 5009 697 5083 Ἐφριτμ
715 5024 730 5041 ⁸
763 5007 859 5063 καὶ
888 5009 917 5061 0
950 5008 1049 5077 μὲν
1076 5008 1378 5078 Μανασσῆς
1408 5002 1622 5076 πρῶτος
1640 5001 1687 5034 ⁸⁸
1706 5017 1721 5033 ·

176 5101 201 5153 0
232 5104 284 5156 δὲ
312 5102 552 5176 Ἐφραίμ
571 5143 587 5167 ,
620 5100 848 5170 ὕστερος
871 5115 886 5132 ·
922 5100 1072 5170 ὅμως
1103 5096 1297 5153 Ἰακὼϐ
1339 5095 1602 5164 εὐλόγησε
1634 5092 1726 5146 τίον

188 5193 410 5266 Ἐοραῒμ
441 5195 687 5267 μείζοσιν
716 5192 1022 5261 εὐλογίαις,
1055 5191 1151 5245 καὶ
1177 5192 1245 5261 τῇ
1274 5188 1374 5260 τῆς
1400 5186 1580 5254 δεξιᾶς
1609 5202 1726 5256 χει-

182 5287 260 5353 ρὸς
300 5287 623 5355 ὲναλλάγδην
662 5283 941 5349 ἑπιθέσει,
982 5285 1076 5335 καὶ
1114 5279 1368 5335 τοσοῦτον
1407 5277 1727 5331 ἐπίστευσεν

181 5375 251 5428 ὅτι
296 5377 613 5449 ὲκϐήσονται
659 5376 716 5430 ai
759 5374 1024 5444 εὐλογίαι,
1064 5374 1158 5426 καὶ
1210 5371 1519 5443 βασιλεύσει
1564 5373 1598 5443 ἠ
1635 5372 1729 5427 τοῦ

190 5468 417 5542 Ἐφρατμ
450 5470 621 5544 φυλὴ,
658 5469 799 5524 ὥστε
833 5471 931 5524 καὶ
963 5471 1076 5532 τοῖς
1108 5467 1292 5538 ἔργοις
1325 5467 1508 5531 αὐτοῖς
1538 5466 1730 5532 ἔδειξε.

1824 4638 2084 4693 omnibus
2105 4635 2302 4702 dignus
2337 4640 2456 4687 erat
2490 4629 2581 4703 qui
2607 4626 2992 4699 praeferrem”

1911 4750 2078 4805 Vens.
2115 4748 2206 4802 21.
2253 4745 2386 4801 Fide
2437 4743 2605 4800 Iacob
2630 4742 2857 4798 moriens
2893 4739 3127 4811 singulos
3168 4738 3405 4809 ﬁliorum

1830 4843 2026 4907 Ioseph
2057 4839 2342 4902 benedixit,
2362 4849 2409 4893 et
2438 4836 2680 4891 adoravit
2707 4835 2775 4888 ad
2795 4833 3071 4903 fastigium
3091 4831 3247 4901 virga:
3263 4829 3401 4900 ejus.

1831 4929 1957 4990 Filii
1988 4933 2212 5004 Ioseph,
2237 4932 2517 4987 Manasses
2541 4937 2596 4985 et
2626 4928 2884 4999 Ephraim
2918 4944 2931 4980 ε
2968 4923 3245 4979 Manasses
3278 4923 3406 4992 qui—

1832 5027 1955 5081 dem
1989 5025 2139 5094 prior
2175 5033 2314 5088 erat,
2346 5021 2605 5092 Ephraim
2638 5034 2770 5075 vero
2799 5018 3071 5088 posterior
3111 5028 3133 5072 '.
3161 5023 3405 5069 attamen

1831 5116 2097 5188 Ephraim
2125 5114 2296 5171 Jacob
2339 5112 2645 5183 majoribus
2677 5106 3154 5166 benedictionibus
3185 5103 3410 5158 benedi-

1831 5209 1933 5273 xit,
1952 5208 2265 5276 dextraeque
2296 5219 2490 5259 manus
2514 5194 2612 5273 per
2636 5208 3009 5255 transversum
3036 5193 3405 5266 impositione,

1835 5313 1900 5352 ac
1927 5297 1983 5351 in
2012 5306 2221 5350 tantum
2257 5292 2493 5349 credidit
2542 5298 2835 5347 eventuras
2884 5284 3316 5347 benedictioiies,
3354 5292 3409 5337 et

1839 5389 1985 5461 quod
2017 5387 2193 5444 tribus
2212 5385 2469 5458 Ephraim
2494 5393 2780 5455 regnatura
2809 5385 2961 5445 erat;
2987 5385 3047 5430 ut
3071 5385 3126 5432 et
3150 5373 3411 5444 operibus

1841 5478 1977 5551 ipsis
2006 5475 2545 5534 commonstraverit.
2592 5469 2855 5526 Adoravit
2902 5467 3046 5522 enim
3084 5463 3411 5534 Josephum,

182 5562 544 5637 Προσεκύνησε
585 5565 696 5638 γὰρ
726 5564 806 5637 τῷ
841 5563 1037 5636 Ἰωσὴφ
1058 5604 1075 5633 ,
1108 5563 1208 5635 τὴν
1241 5562 1442 5626 παντὸς
1475 5562 1568 5616 τοῦ
1602 5562 1708 5615 λαοέ

1843 5572 2013 5625 totius
2063 5568 2249 5640 populi
2294 5567 2670 5622 adorationem
2719 5560 3067 5618 denuntians.
3127 5556 3415 5628 Quomodo

1512 5744 1719 5808 Variae
1747 5746 2078 5810 lectiones.

251 5842 291 5876 ⁵³
315 5845 519 5916 ἀναδεξ.
548 5866 601 5906 ο.
681 5852 725 5885 ³³
748 5852 807 5906 ἐν
829 5848 954 5922 ξένῃ
985 5865 1058 5904 ιιι.
1136 5848 1180 5880 ⁸⁸
1207 5847 1472 5919 πρότερος
1503 5864 1576 5902 tu.
