3860 6580
446 395 554 459 355

1325 389 1910 450 THEOPIIYLACTI
1953 387 2366 448 BULGARUE
2415 388 2774 450 ARCHIEP.

3583 394 3675 455 356

448 514 630 563 autem
663 501 958 558 adoravit?
1013 501 1078 557 ad
1110 501 1480 556 summitatem
1521 502 1686 572 virgm
1715 502 1858 571 ejus,
1911 501 2017 554 hoc
2046 519 2061 560 Α

2150 500 2495 570 προσκύνησιν
2529 501 2724 570 δηλῶν.
2766 500 2888 563 Πῶς
2929 499 2986 552 δὲ
3031 501 3477 572 προσεκύνησενς
3517 503 3604 556 ἐπὶ
3635 503 3685 556 τὸ

450 607 558 663 est,
635 596 860 651 innixus
939 596 1105 664 virgae
1189 595 1260 648 ob
1326 601 1685 648 senectutem.
1762 591 2020 647 Nonnulli

451 709 581 746 vero
635 691 910 759 inquiunt,
941 687 1009 741 ad
1054 687 1411 741 summitatem
1472 687 1630 754 virgae
1677 683 2028 752 Josephado-

2127 593 2297 660 ἄκρον
2338 593 2436 661 τῆς
2480 592 2680 662 ράὅδου
2726 590 2891 645 αὑτοῦ
2911 592 2980 656 θί,
3020 594 3320 659 τουτέστιν,
3361 595 3685 672 ἐπερεισθεὶς

2127 685 2193 753 τῇ
2227 683 2408 752 ῥάϐδῳ
2436 684 2522 736 διὰ
2549 683 2610 736 τὸ
2641 683 2839 753 γῆρας.
2868 683 3024 747 Τινὲς
3053 684 3129 748 δέ,
3159 684 3258 737 ἐπὶ
3291 684 3353 737 τὸ
3385 685 3576 752 ἄκρον
3596 686 3689 752 τῆς

453 785 629 847 ravit,
680 782 832 852 regni
899 790 1175 850 sceptrum
1246 794 1341 849 per
1413 779 1621 847 virgam
1686 775 2024 828 adorandum

2150 773 2348 827 5(i6’60v
2377 773 2484 826 τοῦ
2513 771 2760 840 Ἰωσὴφ,
2795 774 2947 841 φασὶ,
2983 774 3384 845 προσεκύνησε,
3420 775 3686 845 σημαίνων

453 877 792 946 signiﬁcans.

457 1096 461 1100 .
525 1047 688 1102 Vens.
716 1047 807 1101 2'2.
843 1046 974 1100 Fide
1037 1043 1231 1114 Joseph
1263 1044 1490 1099 moriens
1529 1044 1592 1096 de
1618 1042 1762 1096 exitu
1794 1041 2027 1110 ﬁliorum

454 1143 629 1197 Israel
663 1150 984 1194 memoratus
1005 1148 1105 1202 est,
1147 1155 1208 1191 ac
1251 1138 1314 1191 de
1338 1136 1547 1190 ossibus
1579 1136 1690 1188 suis
1731 1135 2025 1187 mandarit.

452 1235 624 1297 Adeo,
674 1233 876 1301 inquit,
913 1230 1148 1286 credidit
1203 1227 1479 1284 lsraelitas
1519 1241 1584 1280 ex
1631 1225 2020 1295 Aigyptolibe-

457 1324 683 1388 randos,
719 1333 778 1375 ut
807 1329 860 1375 et
925 1320 1193 1391 adjurarit
1245 1319 1394 1388 ipsos
1445 1327 1506 1371 ut
1536 1331 1664 1373 ossa
1707 1332 1805 1371 sua
1840 1331 2028 1370 secum

458 1422 828 1484 asportarent.
863 1414 978 1467 Hoc
1010 1422 1188 1466 autem
1218 1411 1369 1474 fecit,
1423 1425 1529 1464 non
1577 1411 1723 1478 quod
1785 1409 2020 1479 sepulcri

457 1522 592 1561 cura
617 1507 930 1566 duceretur,
963 1505 1054 1572 qui
1091 1504 1235 1556 enim
1267 1501 1402 1555 adeo
1454 1502 1672 1572 sapiens
1727 1501 2033 1570 ignorasset

459 1597 681 1651 Domini
715 1610 837 1649 esse
867 1602 1068 1648 terram
1100 1593 1124 1646 ?
1154 1608 1341 1647 verum
1377 1600 1436 1646 ut
1472 1592 1766 1660 perfectam
1800 1592 2031 1646 ccrtitu-

459 1687 645 1740 dinem
698 1687 900 1755 populo
947 1686 1124 1749 daret,
1153 1683 1295 1754 quod
1329 1684 1622 1754 promissio
1662 1683 1754 1737 Dci
1810 1685 2032 1738 omnino

460 1777 699 1842 eveniet,
730 1784 894 1846 atque
926 1775 1276 1847 egredientnr
1317 1792 1331 1828 :
1357 1783 1410 1830 et
1441 1774 1584 1845 quod
1614 1783 1897 1844 tantopere
1923 1773 2031 1828 Deo

460 1871 693 1938 placeat,
725 1868 870 1939 quod
932 1869 987 1922 in
1037 1867 1273 1938 IEgypto
1330 1867 1432 1936 ipsi
1495 1883 1605 1922 non
1677 1877 2031 1937 permaneant
2064 1852 2106 1908 Β

461 1970 686 2029 propter
737 1960 844 2014 loci
905 1960 1271 2030 impietatem,
1349 1969 1408 2013 ut
1485 1975 1552 2013 ne
1620 1959 1723 2029 ipsi
1812 1959 2033 2023 quidem

469 2051 742 2120 placuerit
789 2058 848 2105 ut
896 2051 978 2106 vel
1033 2065 1162 2106 ossa
1221 2052 1341 2121 ejus
1387 2052 1442 2106 in
1473 2050 1707 2123 Egypto
1768 2051 2034 2108 reconde—-

462 2152 674 2196 rentur.

536 2231 702 2288 Vens.
734 2232 828 2288 25.
865 2231 1001 2286 Fide
1044 2232 1220 2287 Moses
1259 2243 1438 2298 natus,
1470 2233 1762 2288 occultatus
1781 2244 1857 2289 est
1887 2251 2034 2289 men-

464 2323 609 2378 sibus
676 2326 846 2378 tribus
905 2341 937 2378 a
979 2325 1286 2392 parentibus
1319 2326 1452 2390 suis,
1492 2342 1552 2379 eo
1601 2328 1737 2394 quod
1787 2327 2035 2382 vidissent

465 2415 751 2485 elegantem
782 2415 1063 2485 infantem,
1107 2426 1157 2470 et
1180 2433 1282 2470 non
1306 2417 1590 2471 timuerunt
1613 2420 1747 2489 regis
1787 2420 2036 2475 edictum.

470 2507 838 2562 Enumeratis‘
874 2510 1085 2578 magnis
1117 2509 1252 2564 viris
1285 2509 1377 2578 qui
1417 2509 1523 2564 iide
1556 2512 1926 2582 transegerint
1973 2525 2038 2566 ea

475 2611 600 2665 qua:
634 2596 884 2661 fecerint,
919 2595 984 2649 de
1008 2596 1327 2665 parentibus
1353 2597 1518 2650 etiam
1567 2595 1734 2653 Musis
1785 2599 2040 2656 obscuris

468 2688 796 2756 quibusdam
851 2689 1114 2757 loquitur,
1183 2688 1435 2743 ruborem
1522 2689 1748 2743 eiiciens
1807 2690 2040 2746 inﬁrmis

468 2779 598 2845 illis,
642 2788 696 2834 et
737 2780 934 2849 pusillo
968 2781 1152 2834 animo
1200 2780 1902 2852 imbutis,quandoquidem
1945 2783 2044 2836 hu-

2129 865 2190 916 τὸ
2220 866 2318 933 τῆς
2355 864 2630 935 βασιλείας
2666 865 2944 935 σκῆπτρον
2976 865 3063 918 διὰ
3095 865 3194 934 τῆς
3229 865 3427 935 ῥάϐδου
3467 883 3691 934 προσκυ-

2128 956 2463 1025 νηθήσεσθαι
2499 956 2713 1024 μέλλον.

2198 1051 2400 1102 Πίστει
2433 1047 2654 1116 Ἰωσὴφ
2689 1046 2983 1102 τελευτῶν
3014 1045 3146 1115 περὶ
3177 1044 3287 1113 τῆς
3343 1047 3565 1112 ἐξόδου
3590 1049 3694 1102 τῶν

2130 1138 2276 1193 υἱῶν
2305 1137 2551 1205 Ἰσραὴλ
2579 1139 3013 1207 ἐμνημόνευσε,
3040 1137 3139 1190 καί
3165 1137 3299 1205 περὶ
3337 1135 3460 1189 τῶν
3487 1137 3696 1192 ὀστέων

2134 1229 2324 1284 αὐτοῦ
2353 1229 2710 1282 ἐνετείλατο.
2739 1226 3027 1290 Τοσοῦτον,
3061 1227 3246 1296 φησὶν,
3277 1226 3599 1278 ἐπίστευσεν
3623 1228 3694 1279 ὅτι

2134 1321 2662 1392 ἐλευθερωθήσονται
2688 1321 2739 1372 οἱ
2769 1319 3098 1389 Ἰσραηλῖται
3123 1318 3220 1387 τῆς
3244 1317 3548 1384 Αἰγύπτου,
3573 1316 3695 1371 ὥστε

2133 1417 2228 1467 καὶ
2271 1413 2530 1482 ὥρκωσεν
2575 1412 2808 1474 αὐτοὺς,
2859 1412 2948 1466 ἵνα
2985 1411 3057 1464 τὰ
3124 1411 3258 1464 ὀστᾶ
3303 1409 3473 1464 αὑτοῦ
3520 1427 3696 1462 συναν-

2133 1503 2418 1570 ενέγκωσι.
2444 1503 2612 1554 Τοῦτο
2634 1503 2687 1555 δὲ
2708 1503 2984 1571 ἐποίησεν,
3007 1501 3106 1571 οὐχ
3123 1501 3205 1554 ὅτι
3229 1501 3514 1571 μνημείων
3529 1501 3699 1570 ἐφρόνι

2133 1593 2266 1658 τιξεσ
2296 1593 2410 1655 πῶς
2437 1595 2546 1664 γὰρ
2572 1596 2599 1647 ὁ
2625 1593 2767 1646 οὕτω
2797 1593 2957 1662 σοφὸς
2985 1592 3084 1646 οὐκ
3113 1593 3226 1662 ᾔδει
3256 1593 3338 1644 ὅτι
3377 1591 3478 1644 τοῦ
3510 1593 3696 1662 Κυρίου

2135 1686 2168 1754 ὴ
2203 1686 2306 1754 γῆξ
2339 1685 2452 1738 ἀλλ’
2479 1685 2563 1738 ἵνα
2595 1685 2806 1738 τελείαν
2841 1683 3213 1755 πληροφορίαν
3245 1681 3322 1752 τῷ
3355 1681 3474 1751 λαῷ
3508 1682 3599 1752 δῷ,
3629 1683 3698 1734 ὅτι

2137 1775 2355 1839 πάντως
2392 1777 2426 1845 ἡ
2466 1775 2770 1843 ἐπαγγελία
2799 1774 2894 1828 τοῦ
2957 1773 3094 1827 Θεοῦ
3137 1773 3458 1844 ἐκϐήσεται,
3495 1774 3587 1826 καὶ
3623 1775 3698 1838 ἐξ·

2135 1869 2463 1923 ελεύσονται.
2494 1868 2604 1921 Καὶ
2633 1870 2717 1922 ὅτι
2757 1866 3014 1921 τοσοῦτόν
3050 1868 3166 1920 ἐστι
3210 1867 3505 1938 θεάρεστον
3542 1865 3599 1919 τδ
3636 1865 3698 1936 μὴ

2136 1961 2486 2030 ἐναπομείναι
2525 1959 2724 2022 αὐτοὺς
2759 1960 2826 2029 τῇ
2864 1958 3127 2030 Αἰγύπτῳ
3163 1958 3252 2012 διὸ.
3284 1957 3388 2027 τὴν
3429 1958 3547 2010 ἐκεῖ
3581 1957 3696 2010 ἀσέ-

2136 2050 2309 2115 ϐειαν,
2354 2049 2495 2104 ὥστε
2539 2049 2659 2102 οὐδὲ
2699 2048 2850 2120 αὒτῷ
2891 2047 3097 2120 ἀρεστὴ
3139 2051 3172 2119 ἡ
3218 2049 3276 2101 ἐν
3314 2045 3579 2116 Αἰγύπτῳ
3604 2045 3698 2099 τῶν

2135 2142 2308 2195 ὀστῶν
2339 2142 2649 2203 κατάθεσις.
3319 2183 3326 2185 .

2207 2236 2412 2288 Πίστει
2463 2233 2684 2302 Μωσῆς
2713 2233 3021 2303 γεννηθεὶς
3047 2232 3264 2298 ἐκρύϐη
3288 2231 3578 2299 τρίμηνον
3596 2231 3695 2286 ὑπὸ

2138 2327 2254 2379 τῶν
2283 2328 2552 2395 πατέρων
2578 2325 2764 2379 αὑτοῦ
2781 2366 2796 2389 ,
2825 2323 2974 2377 διότι
3007 2321 3171 2378 εἶδον
3198 2323 3450 2386 ἀστεῖον
3477 2321 3542 2375 τὸ
3570 2337 3688 2376 παι-

2137 2418 2289 2481 δίον,
2317 2418 2416 2471 καὶ
2441 2421 2552 2471 οὐκ
2579 2419 2967 2486 ἐφοϐήθησαν
2991 2415 3056 2469 τὸ
3085 2416 3374 2484 διάταγμα
3403 2414 3512 2468 τοῦ
3531 2415 3688 2479 ,ϐασι-

2137 2511 2306 2574 λὲως.
2347 2510 2662 2574 Καταλέξας
2692 2509 2892 2578 ἀνδρας
2928 2508 3214 2578 μεγάλους,
3251 2509 3435 2561 πίστει
3471 2508 3692 2576 ἐργασα-

2145 2603 2340 2672 μένους
2379 2601 2414 2655 ὃ.
2452 2603 2736 2670 ἐποίησαν,
2772 2600 2920 2669 λέγει
2958 2601 3051 2653 καὶ
3094 2600 3224 2671 περὶ
3255 2598 3363 2652 τῶν
3398 2599 3597 2668 γονέων
3621 2596 3698 2649 τοῦ

2140 2694 2436 2754 Μωῦσὲως,
2482 2693 2711 2763 ἀσήμων
2753 2691 2937 2754 τινῶν,
2981 2690 3256 2761 ἐντρέπων
3300 2691 3431 2754 τοὺς
3473 2689 3698 2758 ὀλιγοψύ-

2140 2783 2368 2856 χοῦντας
2405 2784 2677 2848 ἐκείνους,
2712 2783 2829 2850 εἴγε
2861 2782 3119 2836 τοιούτων
3155 2783 3362 2853 ἀνδρῶν
3396 2783 3470 2834 τὰ
3499 2781 3700 2848 δεύτερα

464 2870 703 2950 jusmodi
752 2873 889 2926 viris
932 2870 1221 2928 inferiores
1249 2873 1380 2928 sint.
1431 2872 1490 2928 In
1539 2889 1832 2943 progressu
1889 2890 2043 2932 scor-

2150 2873 2419 2943 φέρονται.
2457 2873 2668 2943 Προϊὼν
2701 2873 2793 2940 δὲ,
2831 2872 2927 2926 καὶ
2971 2873 3174 2943 πόρνας
3216 2874 3295 2935 είς
3343 2870 3513 2942 μέσον
3546 2869 3699 2939 παρὰ·

474 2951 653 3017 torum
695 2961 860 3016 etiam
907 2962 1241 3016 mentionem
1296 2961 1448 3027 facit,
1484 2969 1543 3015 ut
1585 2962 1846 3032 pudorem
1872 2964 2046 3034 majo-

2150 2980 2228 3033 γει
2251 2966 2317 3028 ⁸⁸,
2361 2965 2448 3016 ἴνα
2489 2964 2652 3018 πλέον
2691 2965 2951 3036 ἐντρίψει.
2985 2964 3154 3035 Φησὶν
3195 2963 3309 3023 οὖν,
3355 2965 3504 3026 τίνος
3540 2963 3699 3016 ἐνεκεν

473 3051 857 3108 reminducat.
894 3051 1210 3122 Aitigitur:
1250 3051 1424 3118 Quam
1469 3052 1538 3107 ob
1563 3067 1785 3108 causam
1824 3055 2046 3110 abdide-

2150 3058 2386 3129 ἐκρυψαν
2409 3058 2693 3129 τρίμηνον,
2715 3059 2808 3111 καὶ
2830 3057 3022 3123 ταῦτα,
3044 3058 3466 3127 προστάγματος
3486 3055 3628 3119 ὄντος
3646 3053 3698 3107 τὰ

474 3151 605 3196 runt
627 3157 752 3203 eum
783 3141 850 3195 ad
892 3142 1167 3196 trimestre
1228 3143 1494 3211 Spatium,
1556 3157 1679 3196 cum
1733 3144 2044 3198 mandatum

2150 3149 2352 3220 ἄρρενα
2381 3147 2732 3218 φονεύεσθαι;
2763 3148 2885 3211 Πῶς
2911 3149 3012 3201 οὐκ
3039 3148 3386 3218 ἐφοϐήθησαν
3403 3165 3424 3216 ;
3444 3143 3520 3219 Ἶλι
3546 3148 3698 3216 δῆλον,

476 3236 624 3305 regis
653 3235 992 3305 publicatum
1023 3244 1188 3302 esset,
1216 3236 1490 3291 masculos
1533 3235 1788 3292 Hebraeos
1817 3253 1847 3292 e
1869 3238 2045 3294 medio

2150 3239 2222 3304 ὡς
2253 3240 2584 3293 ἐπίστευσαν
2613 3240 2696 3293 ὃτι
2733 3239 3066 3310 σωθήσεται.
3102 3239 3272 3292 Πόθεν
3303 3240 3358 3291 δὲ
3393 3239 3699 3292 ἐπίστευσαν

480 3326 793 3385 tollendos?
821 3329 1002 3395 Quare
1050 3343 1158 3383 non
1234 3328 1594 3382 metuerunt?
1649 3325 1878 3381 Planum
1916 3344 2046 3384 sane

2150 3333 2226 3387 ὅτι
2261 3331 2594 3402 σωθήσεται;
2628 3333 2710 3384 ὅτι
2743 3327 2881 3384 εἶδον
2912 3331 2973 3384 τὸ
3007 3331 3218 3384 παιδίον
3275 3332 3527 3395 ἀστεῖον,
3559 3345 3694 3380 τουτο

488 3431 574 3476 est
621 3421 922 3478 credidisse
950 3435 1096 3476 eosa
1137 3418 1368 3476 Domino
1420 3434 1649 3490 puerum
1710 3433 2037 3476 conservari.

2150 3425 2292 3478 ἐστιν
2324 3423 2542 3494 ὡραῖον,
2577 3426 2642 3494 τῇ
2664 3423 2786 3492 ὄψει
2849 3423 3062 3494 χαρίεν,
3095 3423 3190 3475 καὶ
3221 3421 3548 3476 ἐπίστευσαν
3579 3421 3648 3472 ὅτι
3678 3421 3700 3471 ὁ

476 3511 629 3586 dum.
668 3512 827 3567 Unde
878 3527 1008 3567 vero
1029 3511 1376 3565 crediderunt
1396 3508 1541 3580 quod
1571 3511 1872 3567 servandus
1888 3513 2049 3567 erat?

2150 3514 2280 3577 Θεὸς
2324 3514 2657 3585 ἐχαρίτωσεν
2698 3514 2829 3566 αὐτὸ
2873 3513 3038 3576 εὐθὺς
3087 3514 3144 3566 ἐν
3190 3513 3548 3582 σπαργάνοις.
3588 3509 3701 3562 Φασὶ

477 3601 746 3668 Quoniam
798 3597 1207 3672 conspexerunt
1263 3615 1492 3670 puerum
1551 3602 1877 3671 elegantem,
1948 3605 2049 3658 hoc

2150 3606 2260 3675 γάρ
2289 3623 2394 3668 τοι,
2425 3607 2506 3659 ὅτι
2539 3605 2633 3658 καὶ
2665 3605 2888 3675 ἔμελλον
2925 3605 3075 3676 ῥίψαι
3105 3604 3259 3669 αὐτὸ,
3289 3604 3431 3656 ἀλλὰ
3467 3617 3702 3672 προσμει-

475 3694 640 3767 739
665 3703 748 3750 est
794 3694 1107 3764 pulchrum,
1137 3702 1360 3763 aspectu
1417 3692 1742 3761 gratiosum,
1803 3695 2049 3750 credide-

2150 3697 2342 3752 διάσαν
2370 3698 2509 3768 μετὰ
2538 3697 2760 3768 χάριτος
2791 3697 3033 3767 ἀφῆκαν·
3063 3695 3235 3761 οὕτως
3264 3691 3404 3766 ἦσαν
3435 3695 3578 3765 αύτῷ
3603 3693 3702 3746 θεῖα

476 3790 716 3851 runtque
768 3797 891 3836 eum
934 3780 1040 3835 ista
1062 3779 1398 3834 amabilitate
1434 3778 1502 3830 ab
1546 3777 1678 3847 ipsis
1730 3777 1914 3832 statim
1955 3781 2043 3834 in-
2148 3789 2347 3843 πάντα,
3149 3831 3153 3834 .

476 3875 747 3932 cunabilis
778 3873 939 3928 εἰ)εο
969 3868 1432 3932 όοηθιυωςΝδηι.
1467 3876 1527 3922 ιιι
1556 3869 1732 3932 aiunt,
1770 3869 2034 3938 abjecturi
2073 3891 2197 3932 eum
2238 3886 2394 3934 erant
2427 3895 2443 3942 ;
2482 3887 2738 3934 caeterum
2797 3891 2922 3932 cum
2966 3877 3164 3934 blande
3207 3877 3509 3942 arrisisset,
3567 3874 3703 3930 dimi-

480 3975 672 4024 serunt
705 3985 718 4021 :
755 3966 890 4022 adeo
919 3966 1103 4020 omnia
1125 3964 1228 4036 ipsi
1256 3964 1440 4019 divina
1471 3971 1649 4018 erant.

551 4057 840 4114 \"£ns.?.5.
884 4055 1022 4110 Fide
1076 4055 1252 4110 Moses
1302 4054 1522 4124 grandis
1580 4055 1776 4125 factus,
1837 4059 2039 4127 negavit

476 4165 533 4204 se
562 4165 673 4203 esse
712 4147 886 4218 ﬁlium
940 4147 1066 4214 ﬁliae
1101 4145 1428 4205 Pharaonis.
1461 4146 1834 4216 magiseligens
1878 4149 2051 4216 potius

481 4241 640 4312 amigi
669 4257 786 4295 cuin
828 4240 1019 4308 populo
1073 4238 1193 4301 Dei,
1226 4255 1385 4305 quam
1438 4243 1813 4307 temporariam
1852 4241 2054 4310 peccati

2225 4056 2434 4110 Πίστει
2489 4052 2715 4119 Μωσῆς
2789 4053 2977 4123 μέγας
3026 4055 3375 4124 γενόμενος,
3424 4055 3704 4123 ἠρνήσατο

2158 4147 2444 4217 λέγεσθαι
2485 4147 2616 4211 Υἱὸς
2650 4147 2940 4214 θυγατρὸς
2976 4145 3212 4214 Φαραὼ,
3245 4143 3493 4214 mittier
3522 4145 3704 4212 ἑλόμε-

2161 4259 2269 4307 νος
2298 4236 2844 4308 συγκακουχεῖσθαι
2874 4234 2952 4301 τῷ
2981 4234 3108 4300 ,1αῷ
3133 4235 3238 4290 τοῦ
3270 4235 3455 4299 Θεοῦ,
3481 4235 3517 4304 ἢ
3548 4236 3704 4303 πρόσ-

479 4334 672 4387 habere
708 4333 1122 4400 jucunditatem.
1157 4328 1416 4384 Pervenit
1452 4329 1520 4384 ad
1563 4332 1872 4402 exemplum
1921 4332 2057 4400 ipsis

2162 4348 2376 4401 καιρον
2407 4331 2562 4398 ἔχειν
2605 4328 2894 4398 ἁμαρτίας
2927 4327 3294 4382 ἀπόλαυσιν.
3316 4321 3520 4380 Ἦλθεν
3553 4327 3632 4378 ἐπὶ
3658 4323 3704 4374 τὸ

476 4425 1000 4486 familiarissimum,
1053 4421 1241 4477 Mosen
1278 4421 1563 4476 videlicet:
1619 4431 1909 4492 propterea
1953 4423 2057 4475 iui-

485 4531 752 4585 moratur,
793 4518 972 4573 fusius
1004 4516 1136 4570 illud
1169 4523 1432 4570 tractans.
1476 4514 1830 4568 Constructio
1875 4522 2054 4568 autem

2169 4426 2402 4495 μάλιστα
2443 4422 2775 4475 οἰκειότατον
2808 4421 2988 4482 αὐτοῖς
3031 4420 3339 4488 ὑπόδειγμα
3373 4421 3465 4472 τὸν
3499 4419 3700 4484 Μωςῆν,

2163 4514 2243 4566 διὸ
2266 4513 2361 4566 καὶ
2389 4511 2639 4580 ἐπιμένει
2670 4506 2953 4561 πλατύνων
2977 4507 3048 4560 τὰ
3067 4508 3284 4562 τούτου.
3311 4510 3374 4562 Ἢ
3401 4510 3457 4562 δὲ
3486 4509 3702 4571 σύνταξις

481 4610 942 4680 esthujusmodi:
979 4607 1112 4663 Fide
1152 4607 1332 4662 Moses
1370 4607 1551 4660 renuit
1597 4606 1705 4660 dici
1741 4607 1884 4660 lilius
1932 4606 2056 4659 (illa:

2159 4605 2321 4659 οὕτω⁸
2358 4604 2544 4656 Πίστει
2575 4599 2780 4669 Μωσῆς
2812 4600 3090 4670 ἠρνήσατο
3121 4600 3376 4669 λέγεσθαι
3409 4601 3529 4664 Υἱὸς
3559 4600 3701 4675 θυγα-

483 4703 804 4758 Pliaraonis.
850 4699 1128 4765 Quando?
1166 4699 1615 4769 magnusiactus,
1670 4696 1771 4752 hoc
1795 4705 1898 4762 est,
1929 4710 2054 4752 cum

486 4793 540 4844 in
573 4791 747 4843 virum
783 4788 894 4857 jam
925 4789 1204 4842 crevisset.
1242 4786 1598 4857 Perspicuum
1625 4787 1769 4841 enim
1801 4798 1887 4843 est
1930 4801 2055 4841 eum

485 4880 692 4949 majora
713 4890 1028 4948 expectasse
1055 4888 1405 4948 accepturum
1431 4892 1573 4932 sese.
1594 4873 1830 4931 Verbum
1851 4885 2054 4942 autem,

486 4972 726 5042 negavit,
788 4971 1064 5025 intensum
1127 4970 1308 5023 odium
1365 4969 1657 5039 signiﬁcat,
1712 4983 1774 5022 ac
1821 4983 2055 5038 propen-

489 5079 603 5118 sam
630 5062 749 5132 ejus
778 5077 809 5116 a
859 5062 1006 5132 regia
1048 5059 1354 5114 Pharaonis
1399 5060 1877 5115 abalienatiunem.
1923 5059 2055 5112 Ani-

486 5153 765 5208 madverte
793 5169 942 5217 vero,
977 5153 1252 5222 quomodo
1283 5163 1564 5221 peccatum
1604 5151 1916 5215 nominarit,
1953 5165 2055 5203 non

485 5246 646 5317 afﬂigi
683 5262 787 5298 una
810 5261 927 5298 cum
954 5243 1238 5312 fratribus.
1267 5244 1379 5298 Hoc
1401 5259 1498 5312 per
1529 5242 1823 5312 prophetas
1867 5241 2058 5310 objicit

485 5337 674 5392 Deus:
731 5335 886 5390 Nihil
934 5337 1274 5406 patiebantur
1313 5349 1468 5402 super
1528 5334 1843 5387 contritione
1894 5329 2052 5386 Jose-

483 5431 570 5499 phi
595 5430 664 5491 '°,
685 5439 737 5483 et
757 5444 950 5484 rursus
979 5445 993 5481 :
1049 5427 1172 5482 Non
1235 5436 1310 5481 est
1343 5443 1550 5496 egressa
1582 5425 1650 5479 ad
1706 5425 2058 5494 plangendum

556 5605 602 5637 ⁸³
637 5606 803 5660 Amos
835 5620 906 5668 vr,
934 5603 987 5657 6.

2162 4699 2289 4769 τρὸς
2331 4693 2551 4766 Φαραώ.
2600 4693 2768 4758 Πότε;
2817 4693 3010 4762 Μέγας
3073 4693 3400 4764 γενόμενος,
3448 4692 3694 4746 τουτέστιν

2161 4787 2455 4857 ἀνδρωθεὶς
2477 4787 2598 4856 ἤδη.
2627 4784 2898 4855 Πρόδηλον
2929 4783 3038 4855 γὰρ
3067 4785 3148 4838 ὅτι
3169 4783 3395 4854 μείζονά
3413 4802 3528 4838 τινα
3558 4797 3699 4853 προσ-

2161 4881 2321 4933 εδόκα
2345 4876 2679 4931 ἀντιλαϐεῖν.
2703 4875 2776 4927 Τὸ
2817 4877 2894 4940 δὲ,
2919 4877 3218 4947 ἠρνήσατο,
3259 4877 3320 4929 τὸ
3346 4875 3701 4944 ἐπιτεταμένον

2165 4973 2319 5040 μῖσος
2359 4969 2529 5038 δηλοῖ,
2573 4969 2668 5020 καὶ
2712 4967 2810 5037 τὴν
2855 4966 3161 5021 ἐνδιάθετον
3204 4968 3342 5039 πρὸς
3381 4969 3450 5021 τὰ
3492 4963 3700 5037 βασίλεια

2161 5060 2534 5130 ἀλλοτρίωσιν.
2556 5058 2699 5128 Ὅρα
2725 5057 2780 5110 δὲ
2809 5059 2926 5121 πῶς
2957 5058 3231 5128 ἁμαρτίαν
3287 5057 3537 5128 ὀνομάζει
3559 5057 3613 5107 τὸ
3630 5050 3698 5120 μὴ

2162 5148 2715 5220 συγκακουχεῐσθαι
2761 5147 2886 5214 τοῖς
2937 5147 3244 5216 ἀδελφοῖς.
3291 5149 3460 5200 Τοῦτο
3505 5145 3592 5200 καὶ
3630 5143 3698 5194 διὰ

2161 5243 2271 5297 τῶν
2302 5241 2597 5311 προφητῶν
2628 5239 2876 5304 ὀνειδίζει
2909 5240 2936 5292 ὁ
2969 5239 3102 5302 Θεός
3124 5257 3137 5270 ·
3177 5241 3298 5293 Οὐκ
3329 5240 3593 5307 ἔπασχον
3617 5233 3698 5285 οὐ·

2161 5331 2268 5384 δὲν
2293 5329 2392 5383 ἐπὶ
2417 5327 2490 5397 τῇ
2521 5327 2813 5397 συντριϐῇ
2839 5329 2945 5383 τοῦ
2977 5327 3210 5397 Ἰωσήφ.
3243 5329 3350 5381 Καὶ
3380 5329 3535 5382 πάλιν
3557 5338 3572 5353 ’
3601 5322 3698 5374 Οὐκ

2163 5421 2420 5492 ἐξῆλθεν
2443 5419 2866 5488 ἀνακόψασθαι
2892 5416 3058 5476 οἷκον
3080 5419 3372 5491 ἐχόμενον
3392 5415 3590 5486 αὐτῆς.
3613 5409 3698 5465 Καὶ

1830 5693 2033 5758 Varia
2067 5692 2398 5756 lectiones.

556 5799 600 5832 ⁶¹
624 5795 721 5852 τοῦ
766 5795 963 5868 Ἰωσήφ
995 5810 1047 5851 o.
1124 5795 1166 5828 “
1190 5793 1422 5867 παράξει
1457 5810 1509 5848 o.
