3860 6552
281 409 398 473 351

933 403 1338 466 EXPOSITIO
1362 402 1442 464 ΙΝ
1465 403 1704 464 EPIST.
1736 404 1836 463 AD
1866 400 2258 462 HEBR/EOS.
2297 424 2366 435 -
2398 399 2555 459 CAP.
2598 397 2706 457 XI.

3447 389 3559 458 353

283 518 389 572 ἐπὶ
425 517 526 589 μὲν
556 516 680 584 τοὺς
715 515 1219 579 καταστενάζοντας
1253 515 1310 566 ἐν
1340 514 1416 584 τῷ
1451 512 1713 582 Ἰεζεκιὴλ
1745 511 1883 565 δίδο-

2010 511 2211 564 ιὶεἱηαηι
2237 509 2474 563 domum.
2505 507 2582 563 Ac
2621 520 2788 586 super
2846 503 3276 576 ingemiscentcs
3327 500 3383 556 in
3426 501 3564 558 Eze-

283 627 389 665 ται
415 611 478 663 τὸ
513 611 736 679 σημεῖον
761 625 774 638 ·
810 608 937 671 τοὺς
970 607 1026 660 δὲ
1066 607 1232 677 μηδὲν
1277 606 1514 659 τοιοῦτον
1570 605 1881 675 πάσχοντας

285 702 522 754 κόπτειν
555 699 868 754 κελεύονται
909 699 959 751 oi
1008 697 1248 766 ἄγγελοι.
1288 698 1429 750 Εἰδὲ
1468 698 1517 750 oi
1562 697 1637 767 μὴ
1675 711 1882 762 συγκα-

285 791 656 862 κουχούμενοι
710 790 927 852 ἑκόντες
974 791 1088 852 τοῖς
1139 787 1571 854 κακοπαθοῦσιν,
1625 785 1882 858 ἁμαρτά-

286 902 486 949 νουσι,
538 883 591 936 τί
644 882 925 952 λογιστέον
977 881 1106 950 περὶ
1159 881 1268 934 τῶν
1322 879 1737 951 κακουχούντων
1791 877 1884 931 καὶ

287 975 775 1041 κακοποιούντων;
823 974 1206 1042 Πρόσκαιρον
1251 969 1365 1027 οὖν
1413 973 1702 1042 ἁμαρτίας
1745 970 1884 1024 ἀπὸ·

287 1073 491 1123 λαυσιν
516 1070 614 1140 τὴν
644 1068 742 1138 τῆς
775 1066 1052 1138 βασιλείας
1080 1067 1291 1137 τρυφῆς
1327 1065 1623 1137 μετουσίαν
1653 1064 1804 1118 δτλοῖ
1817 1065 1881 1117 ⁸³.

373 1330 628 1388 Με’ζυνα
682 1326 953 1380 πλοῦτον
1003 1323 1392 1394 ἡγησάμενος
1437 1319 1558 1374 τῶν
1580 1319 1884 1390 Αἰγύπτου

292 1422 627 1491 θησαυρῶν
651 1421 767 1488 τὴν
791 1417 1138 1486 ὀνειδισμὸν
1162 1417 1267 1472 τοῦ
1294 1414 1576 1484 Χριστοῦ.
1603 1413 1715 1467 Ούκ
1741 1410 1882 1478 εἷπε,

291 1517 375 1569 τὰ
400 1519 459 1568 ὲν
482 1514 730 1585 οὐρανοῖς
756 1511 1098 1581 ἀποκείμενα
1123 1508 1324 1577 ἀγαθὰ,
1350 1507 1486 1561 ἀλλὰ
1513 1505 1608 1560 καὶ
1629 1504 1726 1575 τὴν
1758 1506 1888 1575 ἀρε-

293 1608 405 1676 τὴν
438 1604 648 1658 ἐκείνου
680 1601 926 1667 δεικνὺς,
961 1600 1056 1653 καὶ⁵
1091 1600 1290 1662 αὐτοὺς
1325 1597 1743 1668 ἀνακτώμενος,
1780 1596 1888 1650 τὸν

296 1695 654 1765 ὀνειδισμὸν
687 1693 793 1748 τοῦ
830 1691 1088 1761 Χριστοῦ
1123 1687 1297 1743 εἶπεν.
1333 1690 1544 1759 Ὠσπερ
1579 1687 1688 1758 γὰρ
1723 1686 1887 1746 ὕστεα

304 1810 405 1862 ρον
435 1792 525 1842 τὸν
552 1786 786 1859 Χριστὸν
815 1783 1090 1847 ὠνείδιζον
1121 1783 1170 1836 οἱ
1203 1782 1334 1852 παρ’
1358 1781 1522 1836 αὑτοῦ
1557 1778 1883 1851 εὖεργετού·

1985 603 2160 658 chiele
2204 603 2392 657 datum
2441 609 2522 656 est
2564 601 2823 672 signum:
2852 615 2948 654 eos
2999 613 3132 652 vero
3159 598 3250 666 qui
3301 596 3434 650 nihil
3465 597 3564 649 hu-

1979 693 2220 764 jusmodi
2289 701 2629 762 paterentur,
2679 690 2856 761 angeli
2901 689 3164 760 jubentur
3219 685 3562 742 exscindere.

1988 784 2144 850 Quod
2188 785 2234 839 si
2287 785 2322 838 ii
2367 785 2462 854 qui
2508 784 2816 838 voluntarie
2875 797 2984 836 una
3035 795 3158 835 cum
3209 780 3421 833 alllictis
3458 795 3564 832 nou

1985 875 2322 946 allliguntur,
2354 884 2621 946 peccant;
2654 875 2816 944 quid,
2851 887 3059 944 qua‘so,
3098 873 3166 926 de
3196 872 3265 926 iis
3318 872 3568 940 cogitan-

1986 967 2114 1021 dtttn
2181 974 2284 1030 est,
2317 965 2407 1035 qui
2454 965 2594 1018 male
2645 973 2884 1017 tractant
2939 961 3099 1024 alios,
3146 969 3199 1014 et
3256 960 3358 1030 ipsi
3427 959 3568 1012 male

1987 1056 2242 1111 faciunt?
2275 1057 2418 1126 Ergo
2487 1071 2583 1126 per
2613 1055 2985 1121 temporariam
3024 1053 3222 1120 peccati
3260 1051 3571 1121 jucundita~

1989 1160 2088 1202 tem
2149 1148 2419 1217 regiarum
2474 1146 2792 1201 deliciarum
2877 1142 3350 1213 participationem
3398 1143 3569 1213 signi-

1988 1238 2136 1296 ﬁent.

2063 1331 2224 1384 Vens.
2280 1329 2371 1384 26.
2431 1328 2666 1398 Majores
2734 1328 2952 1382 divitias
2997 1329 3305 1382 existimans
3344 1324 3566 1396 Αἶρε]ρή

1988 1421 2254 1475 thesauris
2295 1421 2669 1490 improperium
2722 1419 2942 1476 Christi.
2977 1419 3092 1474 Non
3159 1419 3316 1482 dixit,
3363 1435 3484 1488 qua:
3515 1419 3566 1470 iu

1995 1513 2156 1570 caalis
2202 1513 2443 1583 reposita
2511 1521 2640 1568 sunt
2686 1513 2849 1577 bona,
2917 1529 3102 1566 rerum
3149 1513 3401 1565 virtutem
3451 1510 3570 1579 ejus
3625 1547 3628 1552 -

1989 1605 2406 1668 demonstrans,
2443 1612 2497 1659 et
2537 1604 2658 1658 illos
2708 1603 2962 1659 refovens
2990 1615 3152 1673 atque
3201 1603 3438 1672 erigens,
3471 1603 3570 1655 im-

1988 1698 2296 1767 properium
2335 1695 2558 1762 Christi,
2589 1697 2746 1750 dixit.
2779 1694 3250 1762 Quemadmodum
3278 1694 3422 1749 enim
3443 1707 3571 1763 pos-

1993 1801 2080 1845 tea
2113 1790 2390 1844 Christum
2427 1789 2761 1844 contumelia
2803 1787 3131 1852 aliiciebant,
3174 1787 3265 1856 qui
3299 1787 3367 1840 ab
3393 1800 3456 1840 eo
3477 1787 3572 1840 be-

303 1895 490 1950 μενοι,
519 1880 612 1932 καὶ
633 1876 939 1929 τελευταῖον
965 1873 1314 1943 ἐσταύρωσαν
1339 1888 1353 1901 ο
1384 1869 1527 1923 οῦτω
1558 1870 1653 1922 καὶ
1683 1869 1882 1941 πρότε-

2010 1881 2182 1938 ιοίῑείτι
2214 1890 2560 1950 acceperant,
2585 1896 2648 1934 ac
2680 1878 2899 1934 tandem
2925 1879 3080 1934 cruci
3117 1877 3444 1933 aliixcrunt:
3489 1878 3570 1931 sic

301 1990 403 2045 ρον
431 1971 640 2041 Μωσῆν
663 1970 712 2022 oi
740 1967 869 2039 παρ’
893 1966 1057 2020 αὐτοῦ
1087 1964 1555 2037 εὐεργετούμενοι.
1589 1961 1649 2016 ὐ
1678 1963 1788 2032 γὰρ
1818 1963 1882 2016 ὲκ

299 2063 401 2117 τοῦ
433 2061 729 2131 Αἰγυπτίου
763 2058 980 2130 ρυσθεὶς
1016 2058 1120 2112 ὑπὸ
1151 2057 1395 2120 Μωσέως
1427 2055 1700 2126 Ἐϐραῖος,
1723 2052 1883 2114 αὐτὸς

302 2157 518 2216 ἐκεῖνος
547 2151 733 2222 αὔριον
759 2146 912 2204 εἶπεν
940 2151 1122 2222 αὐτῷ’
1160 2150 1254 2215 Τίς
1282 2165 1355 2203 σε
1383 2147 1760 2213 κατέστησεν
1783 2145 1886 2213 ἄρα·

304 2264 498 2317 κοντα
529 2245 625 2300 καί
659 2243 956 2311 δικαστὴν
983 2243 1074 2312 ἐφ’
1101 2240 1296 2312 maio;
1321 2239 1408 2310 μὴ
1436 2238 1679 2295 ἀνελεῖν
1700 2255 1776 2306 με
1803 2235 1887 2290 σὺ

306 2338 530 2403 θέλεις,
565 2335 638 2389 ὃν
680 2335 905 2403 τρόπον
933 2333 1170 2398 ἀνεῖλες
1201 2331 1309 2386 τὸν
1330 2329 1686 2400 Αίγύπτιον;
1731 2327 1884 2380 Καθ-

305 2427 438 2482 όλου
478 2426 586 2498 γὰρ
617 2425 677 2478 τδ
703 2423 855 2495 παρὰ
886 2423 996 2476 τῶν
1034 2421 1251 2475 οἰκείων
1274 2419 1370 2474 καὶ
1411 2418 1888 2488 εὐεργετουμένων

307 2518 673 2583 ὀνειδίζεσθαι
720 2517 752 2587 ἦ
804 2514 1218 2584 κακουχεῑσθαι,
1267 2511 1575 2580 ὀνειδισμὸς
1621 2512 1740 2562 ἐστι
1791 2509 1888 2562 τοῦ

307 2607 574 2678 Χριστοῦ.
606 2605 715 2659 Καὶ
741 2606 848 2668 πᾶς
876 2604 906 2656 6
931 2603 1018 2656 διὰ
1044 2602 1104 2655 τὸ
1133 2601 1298 2656 καλὸν
1329 2600 1472 2654 κατὰ
1496 2599 1589 2652 τοῦ
1620 2599 1889 2670 πράττον-

310 2716 409 2762 τος
447 2697 577 2752 αὐτὸ
607 2695 894 2765 γινόμενος
927 2693 1228 2764 ὀνειδισμὸς
1249 2733 1263 2754 ,
1299 2692 1394 2745 καὶ⁸
1425 2690 1612 2753 ἁπλῶς
1644 2692 1676 2761 ἡ
1715 2689 1892 2758 μάτην

312 2790 586 2852 ἐπίθεσις,
608 2786 908 2856 ὀνειδισμὸς
933 2787 1049 2839 ἐστι
1073 2783 1166 2837 τοῦ
1195 2781 1456 2852 Χριστοῦ.
1482 2780 1640 2834 Οῦτω
1662 2781 1770 2850 γὰρ
1798 2780 1894 2835 καὶ

311 2882 346 2932 6
387 2879 591 2949 Κύριος
631 2876 1012 2946 ὲδυσφημεῖτο,
1055 2873 1207 2942 φίλος
1247 2870 1492 2926 τελὼνων
1530 2871 1766 2935 ἀκούων,
1807 2871 1895 2924 διὰ

315 2971 382 3023 τὸ
423 2968 724 3022 συνεσθίειν
763 2966 992 3030 ἐκείνοις
1032 2966 1124 3018 ἐπὶ
1166 2963 1412 3034 σωτηρίᾳ
1455 2961 1654 3016 αὐτῶν.
1683 2962 1894 3032 Ὥσπερ

316 3058 414 3116 οὖν
445 3063 478 3131 ἠ
514 3061 728 3127 ἄνεσις,
763 3060 860 3128 τῆς
894 3057 1170 3130 ἁμαρτίας
1203 3058 1382 3122 ἐστὶν,
1447 3053 1620 3117 οὕτως
1649 3056 1677 3108 6
1707 3054 1897 3107 ὀνειδι-

1988 1983 2042 2027 et
2089 1980 2249 2026 antea
2296 1970 2480 2026 Mosen
2552 1970 2848 2042 ignominia
2917 1971 3186 2024 notabant
3237 1970 3271 2022 ii
3317 1969 3372 2023 in
3432 1983 3572 2037 quos

1991 2062 2255 2117 beneficia
2288 2061 2611 2116 contulerat.
2641 2062 2742 2127 Qui
2786 2062 2929 2116 enim
2962 2063 3030 2114 ab
3055 2060 3312 2132 Egyptio
3347 2059 3572 2130 perMo-

1993 2170 2090 2210 seu
2124 2153 2391 2208 liberatus
2441 2161 2559 2208 erat
2593 2150 2876 2216 Hebrtrus,
2938 2151 3026 2205 ille
3068 2151 3182 2220 ipse
3222 2159 3441 2220 postero
3483 2151 3571 2204 die
3665 2156 3672 2166 '

1994 2245 2131 2300 dixit
2167 2245 2215 2300 ei
2249 2241 2279 2294 τ’
2305 2244 2436 2308 Quis
2466 2253 2514 2297 te
2537 2244 2810 2297 constituit
2837 2242 3122 2312 principem
3150 2251 3199 2295 et
3219 2241 3452 2310 judicent
3479 2258 3573 2294 sn-

1993 2353 2086 2406 per
2117 2336 2256 2389 nos?
2286 2334 2540 2405 numquid
2582 2349 2661 2387 me
2691 2333 2924 2386 occidere
2961 2333 3058 2397 vis,
3112 2332 3324 2400 perinde
3365 2346 3427 2383 ac
3489 2331 3575 2382 in-

1999 2427 2252 2498 terfecisti
2298 2426 2610 2498 Egyptium
2636 2426 2719 2480 "‘i
2749 2425 2984 2480 Omnino
3012 2425 3155 2478 enim
3182 2439 3211 2476 a
3262 2422 3577 2477 domesticis

1998 2532 2051 2575 et
2081 2521 2346 2576 beneﬁcio
2399 2519 2609 2575 affectis
2658 2519 2988 2574 contumelia
3050 2517 3188 2570 allici
3252 2515 3334 2571 vel
3390 2514 3575 2584 aﬂligi,

1998 2613 2198 2668 Christi
2239 2619 2322 2666 est
2351 2612 2731 2680 opprobrium.
2767 2609 3078 2676 Quinetiam
3141 2610 3323 2662 omnis
3376 2615 3575 2662 contu-

2000 2705 2162 2759 melia
2218 2703 2482 2758 adversus
2512 2718 2636 2758 eum
2669 2702 2762 2772 qui
2794 2702 2994 2755 bonum
3022 2699 3176 2764 facit,
3221 2712 3284 2752 ac
3313 2697 3580 2767 simplici-

2002 2807 2087 2850 ter
2121 2795 2329 2850 molitio
2348 2795 2550 2849 frustra
2581 2805 2857 2864 suscepta,
2872 2791 3076 2848 Christi
3097 2801 3180 2846 est
3197 2788 3576 2859 opprobrium.

2004 2884 2097 2940 Sic
2141 2885 2286 2940 enim
2329 2895 2383 2938 et
2434 2883 2698 2938 Dominus
2737 2880 3141 2944 tliﬂ‘muabatur,
3189 2878 3582 2945 dicebaturqttc

2003 2975 2418 3046 publicanorum
2445 2973 2676 3038 amicus,
2713 2973 2857 3042 quod
2896 2987 3020 3024 cum
3059 2971 3163 3025 illis
3192 2969 3372 3023 cibum
3401 2981 3564 3036 cape-

2004 3075 2088 3122 ret
2132 3076 2354 3138 pr0pter
2416 3079 2608 3120 eorum
2686 3066 2938 3120 salutent.
3025 3061 3095 3117 Ut
3149 3061 3330 3130 igitur
3375 3058 3586 3112 delicia:

320 3153 462 3224 σμὸς
481 3153 573 3206 τοῦ
599 3153 856 3222 Χριστοῦ.
878 3154 971 3220 Μὴ
992 3153 1169 3205 τοίνυν
1187 3152 1543 3219 ἀγανακτεῖτε
1567 3151 1725 3219 ὑμεῖς
1747 3147 1898 3218 παρὰ

2010 3164 2135 3212 sunt
2177 3154 2407 3226 peccati,
2438 3154 2518 3208 sic
2554 3153 2942 3223 improperium
2986 3158 3070 3206 est
3111 3149 3336 3204 Christi.
3369 3147 3448 3204 Ne
3479 3148 3582 3218 igi-

318 3247 435 3299 τῶν
481 3246 840 3316 συμφυλετῶν
881 3244 1208 3314 θλιϐόμενοι,
1247 3243 1389 3314 πρὸς
1428 3243 1521 3296 τὸν
1561 3242 1768 3310 Μωσῆν
1807 3240 1900 3293 τὸν

321 3337 500 3399 οῦτως
552 3335 760 3399 ἔνδοξον
808 3334 1246 3400 ἀποϐλέποντες,
1293 3332 1389 3386 καὶ
1433 3332 1496 3384 τὸ
1548 3331 1768 3402 μεῖζον,
1812 3329 1905 3382 τὸν

321 3426 580 3496 Χριστόν.
613 3424 945 3493 Ὀνειδισμὸς
978 3422 1072 3475 τοῦ
1108 3421 1344 3494 Χριστοῦ
1379 3423 1474 3474 καὶ
1511 3421 1538 3472 ὁ
1575 3421 1668 3472 ἐπὶ
1702 3421 1767 3489 τῇ
1807 3419 1905 3471 πέ-

321 3533 433 3587 τρᾳ
472 3516 610 3567 κατὰ
649 3515 890 3577 Μωσέως
930 3513 1262 3583 γογγυσμός.
1295 3510 1530 3582 Χριστὸς
1567 3510 1678 3581 γὰρ
1696 3509 1744 3540 ⁸⁸
1772 3505 1838 3580 ἦν
1870 3509 1905 3580 ή

331 3609 532 3678 πέτρα.

414 3789 742 3843 Ἀπέϐλεπε
785 3787 894 3855 γὰρ
939 3787 1027 3851 εις
1072 3782 1191 3853 τὴν
1225 3781 1736 3854 μισθαποδοσίαν.
1783 3781 1910 3843 Τοῖς

332 3883 432 3952 τῆς
466 3883 700 3944 πίστεως
728 3882 928 3950 δηλαδὴ
957 3879 1280 3949 ὀφθαλμοῖς,

405 3975 610 4026 Πίστει
651 3972 976 4025 κατέλιπεν
1005 3971 1332 4038 Αἴγυπτον,
1363 3965 1450 4038 μὴ
1489 3963 1770 4036 φοϐηθείς
1803 3965 1910 4017 τὸν

336 4065 528 4134 θυμὸν
566 4062 672 4116 τοῦ
712 4061 1038 4127 βασιλέως.
1081 4060 1148 4114 Τί
1191 4061 1409 4128 λέγειςς
1454 4059 1547 4124 καὶ
1597 4057 1707 4128 μὴν
1747 4057 1805 4107 ὲν
1843 4057 1910 4126 τῇ

346 4153 545 4220 Ἐξὸδῳ
570 4152 907 4222 γέγραπται·
935 4149 1225 4219 Ἐφοόήθη
1253 4148 1321 4201 δὲ
1344 4144 1585 4214 Μωσῆς,
1615 4147 1702 4198 ὅτι
1729 4145 1915 4214 ἐμφα-

335 4243 444 4308 νὲς
476 4241 712 4310 ἐγένετο
744 4242 806 4293 τὸ
833 4239 1017 4309 ῥῆμα.
1055 4240 1215 4293 Ἀλλὰ
1244 4239 1333 4302 τὸ,
1360 4237 1446 4307 μὴ
1483 4237 1794 4304 φοϐηθεὶς,
1830 4237 1916 4286 ὲν·

336 4334 515 4388 ταῦθα
555 4334 725 4399 δέξαι,
755 4332 830 4395 ὡς
867 4332 1003 4402 πρὸς
1031 4331 1093 4384 τὸ
1135 4329 1299 4384 πάλιν
1332 4327 1623 4397 ἐπιστῆναι
1653 4327 1718 4395 τῇ
1751 4323 1917 4391 Αίγύ-

341 4445 483 4498 πτῳ,
519 4429 610 4480 καὶ
641 4424 1003 4491 ἀναδέξασθαι
1033 4424 1129 4493 τὴν
1158 4420 1455 4493 ἡγεμονίαν
1485 4418 1595 4471 τῶν
1620 4416 1912 4486 Ἑϐραίων.

2007 3261 2096 3306 tur
2117 3263 2259 3320 aegre
2299 3246 2488 3302 feratis
2512 3261 2631 3310 vos,
2663 3247 2709 3300 si
2766 3259 2795 3297 a
2830 3243 3229 3298 contribulibus
3248 3241 3585 3311 amigamini,

2005 3342 2072 3395 ad
2097 3339 2282 3394 Mosen
2319 3338 2501 3393 virum
2560 3345 2671 3390 tam
2702 3335 2972 3389 celebrem
3001 3337 3054 3386 e't
3113 3334 3378 3402 inclytum
3419 3331 3586 3399 respi-

2005 3431 2234 3493 cientes,
2269 3435 2324 3482 et
2353 3426 2498 3496 quod
2551 3425 2730 3495 majus
2761 3432 2865 3488 est,
2924 3424 2981 3478 in
3013 3425 3192 3493 ipsum
3239 3421 3402 3493 740
3426 3421 3587 3476 Chri-

2004 3527 2170 3574 stum.
2235 3517 2330 3571 Sic
2369 3517 2698 3571 contumelia
2743 3522 2863 3569 erat
2919 3513 3121 3568 Christi
3157 3526 3409 3566 murmur
3437 3511 3584 3581 apud

2007 3618 2214 3681 petram
2247 3617 2439 3664 contra
2461 3607 2651 3662 Mosen
2683 3606 2912 3660 factum.
2945 3601 3080 3657 Nam
3104 3612 3257 3673 petra
3280 3611 3399 3657 erat
3427 3602 3587 3656 Clui-

2007 3711 2147 3758 stus.

2084 3792 2378 3862 Aspidebat
2393 3791 2530 3846 enim
2557 3791 2626 3844 ad
2647 3782 3308 3845 remunerationem.Fidei
3329 3784 3585 3840 nimirum

2009 3883 2207 3937 oculis.

2085 3972 2252 4026 Vsus.
2284 3971 2375 4026 27.
2408 3971 2543 4026 Fide
2572 3971 2785 4041 reliquit
2807 3969 3122 4042 Egyptnm,
3151 3988 3254 4027 non
3277 3973 3473 4027 veritus
3511 3971 3593 4024 in-

2017 4063 2376 4134 dignationem
2414 4063 2573 4132 regis.
2618 4062 2826 4132 Ecquid
2882 4063 3001 4118 ais?
3059 4061 3116 4117 In
3172 4063 3362 4117 Exodo
3409 4072 3592 4116 tamen

2015 4155 2278 4224 scriptum
2309 4162 2394 4208 est
2422 4172 2435 4208 :
2476 4153 2900 4222 Perterrefactus
2926 4163 3004 4207 est
3040 4163 3214 4207 autem
3242 4152 3438 4218 Moses,
3469 4154 3595 4222 quia

2017 4261 2096 4299 res
2125 4247 2305 4298 istha'c
2333 4245 2606 4314 patefacta
2629 4253 2766 4298 erat.
2792 4245 3081 4308 Creterum,
3115 4262 3219 4298 non
3259 4247 3478 4310 veritus,
3505 4245 3596 4298 hic

2019 4341 2227 4409 accipe,
2265 4341 2424 4408 quasi
2485 4340 2738 4404 dixisset,
2789 4337 3026 4408 [Egypto
3079 4353 3275 4393 rursus
3337 4353 3594 4408 praeesse,

2020 4439 2184 4497 atque
2246 4427 2595 4482 Hebraeorum
2649 4425 3036 4495 praefecturam
3097 4429 3400 4498 suscipere.
3459 4427 3598 4481 Nam

338 4517 676 4588 Φοϐουμένου
728 4516 826 4586 μὲν
875 4515 984 4584 γὰρ
1032 4510 1101 4584 ἦν
1145 4515 1207 4566 τὸ
1262 4511 1504 4583 μηδόλως
1556 4508 1891 4579 ὑποστρέψαι

2024 4537 2128 4574 non
2161 4519 2389 4572 omnino
2439 4521 2636 4573 reverti
2685 4537 2860 4590 neque
2889 4537 2952 4576 ea
2985 4537 3105 4592 quae
3140 4523 3293 4591 prius
3351 4521 3596 4590 aggredi,

345 4609 480 4680 μηδὲ
509 4608 810 4679 ἐγχειρίσαι
840 4603 920 4670 οἷς
952 4608 1049 4658 καὶ
1080 4604 1291 4675 πρώην.
1350 4603 1504 4656 Ἐπεὶ
1530 4603 1587 4656 δὲ
1619 4602 1783 4655 πάλιν
1815 4601 1918 4654 ὑπο

345 4700 636 4770 έστρεψεν,
669 4698 868 4764 ἔδειξεν
896 4698 977 4750 ὅτι
1012 4695 1258 4748 πιστεύει
1286 4694 1366 4764 τῷ
1383 4693 1522 4763 Θεῷ.
1555 4694 1679 4756 Πῶς
1695 4689 1788 4747 οὖν
1817 4693 1917 4746 οὐκ

344 4792 561 4860 ἔμεινεν
592 4792 651 4841 ὲν
683 4788 977 4858 Αἰγύπτῳ,
1012 4787 1149 4839 ἀλλὰ
1188 4786 1448 4839 κατέλιπε
1482 4785 1579 4856 τὴν
1611 4785 1918 4853 Αἴγυπτον,

345 4881 464 4946 εἴγε
513 4879 612 4932 οὐκ
658 4877 1087 4947 ὲφοόεἰτο;”οτι
1129 4875 1192 4930 τὸ
1235 4877 1316 4940 είς
1362 4876 1636 4947 πρόοπτον
1679 4875 1924 4928 κίνδυνον

347 4972 698 5041 ἑπιρρίπτειν
734 4971 946 5036 ἑαυτὸν,
983 4969 1080 5022 καὶ
1117 4968 1328 5035 λέγειν,
1367 4970 1415 5021 εί
1449 4969 1557 5038 ἄρα
1593 4967 1757 5019 σώσει
1797 4984 1863 5037 με
1898 4969 1928 5020 6

347 5064 484 5124 Θεὸς
505 5103 520 5128 ,
552 5061 971 5132 ὲκπειρὰζοντός
1001 5063 1116 5113 ἐστι
1144 5060 1236 5113 τὸν
1266 5059 1426 5124 Θεὸν,
1459 5059 1554 5111 καὶ
1582 5057 1887 5111 διαϐολικὸν
1911 5075 1926 5091 ο

349 5156 566 5224 Ὥσπερ
592 5156 686 5208 καὶ
711 5157 739 5207 6
764 5153 1006 5218 διάϐολος
1029 5153 1107 5223 τῷ
1139 5153 1327 5223 Κυρίῳ
1354 5152 1505 5218 ἔλεγε
1523 5166 1539 5183 ⁸
1564 5151 1648 5204 Bri
1662 5153 1722 5204 ιε
1745 5165 1929 5204 σεαυ-

347 5247 459 5299 τὸν
485 5246 662 5303 κάτω.
686 5247 756 5298 Ἦ
785 5246 867 5312 τὸ,
901 5248 983 5300 Οὐ
1013 5246 1292 5314 φοϐηθεὶς
1320 5245 1428 5297 τὸν
1469 5245 1658 5314 θυμὸν
1685 5243 1791 5297 τοῦ
1813 5245 1928 5307 ,βα-

347 5336 597 5402 σιλέως,
627 5335 772 5388 οὕτω
798 5336 1010 5406 νόησον,
1042 5337 1123 5388 ὃτι
1151 5335 1319 5404 ἔφυγε
1351 5336 1668 5400 πιστεύσας,
1698 5334 1778 5386 ὅτι
1809 5333 1925 5386 δια-

349 5425 566 5496 δράσει,
606 5427 702 5480 καὶ
739 5427 840 5480 οὐκ
883 5425 1225 5490 ὲπιδιώξεται
1265 5424 1428 5477 αὐτὸν
1466 5426 1494 5479 6
1540 5423 1810 5494 βασιλεὺς,
1849 5424 1925 5488 ὡς

353 5517 700 5588 θυμούμενος
725 5519 846 5572 κατ’
869 5518 1057 5584 αὑτοῦ,
1084 5517 1204 5572 οὐδὲ
1231 5518 1282 5570 εἰ
1313 5517 1408 5571 καὶ
1437 5516 1732 5585 ὲπιδιώξει,
1761 5535 1928 5571 κατα-

469 5637 516 5668 ⁵¹
559 5636 728 5693 Exod.
755 5652 816 5706 tt,
851 5639 940 5694 H.
1014 5637 1062 5672 ”
1101 5637 1292 5695 Matth.
1319 5655 1394 5706 tv,
1427 5637 1480 5694 6.

2025 4612 2319 4668 metuentis
2355 4619 2493 4666 erat.
2537 4611 2674 4676 Quia
2698 4627 2826 4667 vero
2857 4629 3114 4669 reversus
3173 4623 3280 4680 est,
3336 4611 3600 4666 indicavit

2026 4721 2086 4761 se
2119 4704 2276 4759 ﬁdem
2312 4705 2570 4759 adhibere
2601 4702 2731 4760 Deo.
2773 4704 2953 4772 Quare
2980 4706 3150 4777 igitur
3181 4721 3291 4761 non
3325 4705 3600 4760 mansitin

2027 4795 2283 4866 Egypto,
2320 4793 2418 4851 sed
2461 4794 2685 4866 reliquit
2715 4811 2834 4852 eam
2884 4797 2929 4853 si
2980 4813 3088 4852 non
3123 4797 3603 4862 metuebat?Quo-

2027 4888 2174 4942 niam
2239 4887 2294 4940 in
2326 4884 2673 4941 manifestum
2699 4888 3000 4958 periculum
3035 4888 3276 4957 seipsum
3304 4887 3601 4956 conjicere,

2031 4994 2094 5033 ac
2121 4977 2330 5044 dicere,
2368 4976 2633 5032 Fortasse
2697 4994 2784 5033 tne
2827 4981 3066 5034 servabit
3128 4981 3295 5044 Deus,
3341 4979 3603 5032 tentantis

2029 5075 2111 5122 est
2149 5065 2344 5132 Deum,
2397 5082 2460 5120 ac
2485 5066 2641 5137 plane
2685 5067 3015 5124 diabolicum
3047 5089 3061 5124 :
3096 5070 3238 5124 sicut
3279 5078 3332 5123 et
3367 5067 3602 5122 Satanas

2035 5159 2264 5215 Domino
2318 5161 2535 5217 dicebat
2581 5160 2782 5217 :Mitte
2834 5172 2882 5217 te
2945 5164 3188 5217 deorsum
3223 5163 3292 5215 “.
3345 5160 3462 5224 Vel,
3501 5179 3605 5215 non

2028 5253 2222 5306 ueritus
2255 5253 2673 5323 indignationem
2729 5255 2890 5323 regis,
2935 5254 3082 5309 hunc
3131 5253 3199 5306 ad
3244 5253 3466 5306 modum
3520 5254 3606 5306 in-

2026 5344 2227 5414 tellige,
2285 5359 2478 5415 nempe
2563 5345 2707 5416 quod
2780 5345 2977 5415 fugerit
3037 5345 3270 5400 credens
3323 5344 3470 5413 quod
3529 5347 3603 5400 sit

2030 5449 2312 5500 evasurus,
2362 5451 2536 5506 neque
2593 5449 3006 5506 persecuturum
3090 5451 3294 5506 regem,
3345 5444 3604 5507 tanquam

2035 5539 2446 5584 sueccnsentem
2479 5527 2606 5599 ipsi.
2654 5544 2750 5584 nec
2774 5529 2988 5584 etiamsi
3041 5537 3482 5601 persequeretur,
3504 5545 3606 5600 ap-

1719 5743 1922 5806 Variae
1950 5743 2278 5807 lectiones.

433 5834 481 5866 “
500 5832 651 5903 λέγει
675 5849 729 5890 ο.
805 5834 851 5866 ⁸⁵
875 5834 928 5888 δέ
955 5851 1008 5890 0.
