3860 6552
410 365 522 426 359

1283 369 1856 429 TIIEOPHYLACTI
1895 366 2140 428 BULGA
2152 368 2303 428 RLE
2334 370 2690 433 ARClllEP.
3537 380 3628 442 36)

410 469 834 538 preliensurum.
873 466 1045 537 llujus
1084 478 1264 523 autem
1297 473 1370 525 rei
1397 473 1610 542 signum
1663 480 1769 534 est,
1835 471 1977 541 quod

2086 472 2334 540 λήψεται,
2360 477 2562 530 Τούτου
2589 478 2642 529 δὲ
2673 481 2916 548 σημεῖον,
2943 480 3025 534 ὅτι
3054 483 3149 535 καὶ
3176 485 3238 536 ὲκ
3265 485 3513 551 γειτόνων
3534 489 3632 543 δια-

409 559 463 610 in
525 557 721 609 vicinia
788 560 988 611 morari
1041 558 1310 628 selegt'rit,
1375 570 1540 632 atque
1615 563 1689 617 ibi
1744 563 1981 617 latuerit.

408 650 650 702 Proinde
704 648 824 702 tidri
867 657 919 702 et
949 649 1051 702 hoc
1083 659 1187 704 est.

484 738 805 792 lurisibilem
831 741 969 794 enim
1021 752 1273 811 tanquam
1309 744 1509 808 videns,
1547 745 1822 798 sustinuit.
1858 743 1985 799 Per-

408 831 535 885 inde
585 831 728 884 enim
777 834 932 900 quasi
988 832 1195 886 videret
1226 835 1392 888 Deum
1441 851 1626 890 secum
1655 852 1984 890 conversan-

411 929 544 984 tmn,
605 923 686 975 sic
734 923 916 975 omuia
970 935 1289 980 constanter
1349 928 1634 982 tolerabat.
1679 927 1980 982 Plurimum

405 1013 548 1067 enim
605 1016 670 1066 ad
730 1014 1044 1082 patientiam
1092 1017 1326 1082 confert,
1387 1019 1587 1074 habere
1653 1035 1868 1090 semper
1925 1021 1980 1074 in

405 1113 585 1158 mente
651 1103 855 1170 Deum,
911 1108 1135 1177 perinde
1177 1123 1242 1163 ac
1320 1109 1485 1164 David
1551 1111 1780 1181 inquit:
1841 1110 1980 1164 Pro-

401 1193 640 1247 videbam
705 1194 992 1250 Dominum
1066 1198 1120 1251 in
1170 1209 1449 1267 conspectu
1506 1216 1618 1254 meo
1646 1201 1715 1264 ⁸³,
1769 1209 1824 1255 et
1857 1215 1980 1270 qute

400 1295 726 1354 sequuntur.

477 1377 756 1434 VERS.28.
816 1378 953 1432 Fide
1008 1380 1285 1434 celebravit
1329 1381 1539 1434 Pascha
1571 1391 1621 1436 et
1670 1382 1978 1450 effusionem

399 1469 698 1538 sanguinis,
722 1485 783 1522 ne
812 1469 908 1538 qui
934 1471 1175 1524 vastabat
1206 1472 1576 1540 primogenita,
1609 1482 1839 1541 tangeret
1865 1486 1976 1524 eos.

404 1559 604 1614 Paulus
641 1562 842 1630 ubique
885 1562 1065 1616 obiter
1091 1565 1405 1634 mysterium
1458 1566 1979 1634 interponit,quem-

401 1651 696 1705 admodum
725 1653 827 1708 huc
855 1655 907 1708 in
942 1655 1060 1708 loco
1093 1656 1234 1709 inter
1261 1657 1650 1710 consolandum
1693 1655 1976 1711 Paschalis

409 1746 741 1799 sacramenti
779 1747 1046 1802 meminit.
1076 1747 1280 1803 Ell‘usio
1309 1751 1452 1803 enim
1486 1750 1773 1819 sanguinis
1804 1750 1974 1814 illius,

2086 563 2292 633 τρίϐειν
2325 565 2498 618 εἵλετο
2527 569 2619 621 καὶ
2650 567 2859 622 ἔλαθεν.
2885 570 3048 623 Ὥστε
3077 574 3175 641 τῆς
3213 572 3444 637 πίστεως
3473 574 3628 632 τοῦτο.

2159 747 2275 801 Τὸν
2308 746 2416 817 γὰρ
2451 748 2708 816 ἀόρατον
2727 749 2806 815 ὠς
2832 750 2986 817 ὁρῶν
3018 751 3438 820 ἐκαρτέρησεν.
3469 753 3632 810 Ὡσαν-

2085 840 2135 892 el.
2162 840 2270 909 γὰρ
2299 840 2440 910 ὁρῶν
2475 844 2566 894 τόν
2593 842 2725 894 Θεὸν
2757 844 2984 896 συνόντα
3034 844 3204 914 αὑτῷ,
3232 846 3402 908 οὕτως
3430 850 3633 919 ἐκαρτέ-

2086 947 2166 1000 ρει
2193 933 2389 986 πάντα.
2417 933 2675 1003 Μεγάλης
2695 934 2802 1002 γὰρ
2825 935 3098 1005 ὑπομονῆς
3123 939 3403 1008 ποιητικὸν
3425 940 3484 992 τὸ
3507 941 3631 1010 ἔχειν

2081 1024 2168 1076 ἀεὶ
2204 1025 2260 1076 ὲν
2289 1025 2364 1095 νῷ
2392 1025 2482 1076 τὸν
2511 1024 2644 1078 Θεόν
2671 1042 2683 1056 ’
2717 1026 2792 1088 ὡς
2827 1028 2918 1080 καὶ
2945 1029 2973 1080 ό
3001 1028 3164 1082 Δαῗίδ
3197 1047 3350 1099 φησι.
3381 1032 3633 1102 Προωρὼ-

2076 1132 2201 1184 μην
2217 1115 2322 1168 τὸν
2339 1118 2560 1184 Κύριον
2575 1119 2833 1172 ἐνώπιόν
2848 1139 2962 1189 μου
2985 1136 2998 1153 ⁸
3031 1123 3126 1176 καὶ
3154 1122 3222 1174 τὰ
3250 1121 3399 1192 ἑξῆς.

2151 1383 2357 1435 Πίστει
2384 1382 2675 1449 πεποίηκε
2700 1383 2765 1436 τὸ
2791 1381 3025 1450 Πάσχα,
3055 1383 3151 1436 καί
3176 1383 3290 1452 τὴν
3310 1384 3633 1453 πρόσχυσιν

2080 1473 2187 1536 τοῦ
2214 1475 2488 1542 αἵματος,
2517 1475 2618 1528 ἵνα
2639 1475 2726 1544 μὴ
2755 1477 2787 1528 ό
2816 1476 3151 1543 ὀλοθρεύων
3178 1474 3248 1529 τὰ
3277 1479 3631 1544 πρωτότοκα,

2081 1569 2214 1636 θίγῃ
2247 1569 2463 1622 αὐτῶν.
2489 1566 2772 1639 Πανταχοῦ
2805 1570 2833 1620 ό
2856 1567 2900 1600 ⁸⁸
2924 1567 3135 1632 Παῦλος
3169 1571 3225 1622 ὲν
3247 1570 3468 1641 παρόδῳ
3503 1587 3628 1641 παρ-

2080 1660 2342 1728 εμϐάλλει
2391 1662 2712 1731 μυστήριον,
2741 1659 2928 1729 ὥσπερ
2957 1655 3051 1713 οὖν
3096 1660 3192 1712 καὶ
3220 1659 3452 1714 ἐνταῦθα
3478 1663 3531 1713 ἐν
3553 1663 3634 1715 τά·

2084 1749 2164 1814 ξει
2202 1751 2600 1822 παρακλήσεως
2633 1750 2690 1804 τὸ
2719 1747 2814 1803 τοῦ
2855 1750 3048 1820 Πάσχα
3091 1753 3393 1821 μυστήριον
3424 1752 3633 1805 καταλέο

407 1838 511 1890 hoc
567 1844 698 1901 est,
767 1839 1010 1894 iuunctio
1063 1841 1320 1908 postium,
1370 1840 1636 1896 Dominici
1693 1841 1976 1912 sanguinis

2086 1811 2186 1911 γει,
2220 1811 2293 1894 Ἢ.
2313 1843 2422 1912 γὰρ
2443 1811 2748 1913 ἰτιερόσχυσις
2776 1811 3011 1912 αἵματος
3036 1811 3287 1902 ἐέεὶνουῗ
3314 1842 3579 1894 τουτέστιν
3603 1842 3632 1911 ἡ

405 1929 724 1984 elfusionem
783 1931 1168 1999 signiﬁcabat,
1224 1948 1332 2002 quo
1394 1935 1682 2004 peruncti,
1738 1935 1978 2004 fugimus

402 2021 457 2073 in
495 2030 652 2076 nocte
713 2023 835 2076 vitae
895 2024 1058 2092 hujus
1121 2025 1576 2080 exterminantem
1611 2040 1718 2080 non
1774 2042 1981 2097 perun-

405 2121 619 2166 ctorum
668 2113 1052 2184 primogenita.
1081 2114 1259 2171 Moses
1297 2116 1462 2188 igitur
1486 2132 1612 2171 cum
1651 2128 1764 2172 tum
1799 2117 1980 2172 credi-

405 2201 572 2256 disset
622 2204 906 2272 sanguinis
952 2205 1324 2262 inunctiouem
1378 2217 1821 2262 conservaturam
1865 2210 1980 2279 pri-

409 2295 703 2362 mogenita,
752 2295 1118 2350 demandabat
1165 2299 1370 2368 populo
1422 2299 1526 2354 lioc
1573 2300 1773 2355 facere.
1815 2301 1978 2370 Atqui

407 2383 500 2438 ille
553 2387 678 2456 agni
727 2388 951 2454 sanguis
998 2396 1138 2444 erat.
1168 2391 1416 2444 Attamen
1449 2399 1722 2460 quatenus
1754 2393 1980 2462 sangui-

407 2474 494 2527 nis
520 2475 724 2528 (Ilir'sti
770 2476 937 2545 ﬁgura
963 2487 1103 2542 erat,
1143 2487 1346 2534 tantam
1384 2483 1491 2534 vim
1523 2491 1577 2537 et
1599 2483 1854 2536 virtutem
1881 2483 1981 2539 de-

405 2567 757 2619 ttionswabat.
813 2567 924 2622 Vos
964 2579 1145 2624 autem
1212 2587 1339 2626 vero
1401 2574 1665 2641 sanguine
1707 2576 1977 2643 peruncti,

409 2677 511 2710 nnu
562 2660 846 2714 confiditis
889 2661 991 2714 isto
1019 2664 1352 2717 communiri
1383 2663 1406 2716 ?
1445 2664 1554 2718 lino
1582 2675 1751 2720 certe.
1785 2664 1978 2732 Porro,

401 2746 608 2801 Pascha
653 2749 966 2816 celebravit,
1005 2751 1106 2806 hoc
1158 2762 1263 2817 est,
1299 2770 1452 2809 esum
1495 2757 1642 2825 agni,
1676 2765 1728 2811 et
1764 2773 1982 2828 azymo-

405 2854 546 2898 rum,
588 2851 632 2890 Cl
666 2839 1003 2893 laeturarum
1033 2847 1353 2911 agrestium,
1385 2852 1438 2897 et
1457 2844 1690 2898 credidit
1716 2847 1977 2917 populum

402 2946 467 2982 ex
525 2930 762 3000 A'lgypto
825 2949 1104 3000 egressztm
1159 2948 1542 2990 conservatum
1584 2936 1670 2991 iri.
1707 2938 1834 2991 Erat
1886 2955 1982 2992 au-

403 3029 510 3073 tem
556 3023 694 3076 ratio
755 3037 925 3078 tamin
976 3025 1124 3080 illius
1151 3029 1396 3097 egressui
1455 3029 1696 3099 ipsorum
1759 3047 1980 3087 accom-

408 3112 591 3166 iuoda.
1382 3128 1386 3132 ‘

477 3202 637 3258 Vens.
665 3203 754 3257 29.
814 3203 952 3261 Fide
1013 3211 1340 3264 transierant
1366 3212 1531 3266 "mare
1573 3186 1826 3278 Rubrum;
1857 3223 1980 3268 tan-

397 3308 558 3360 quam
590 3295 746 3366 741
778 3313 870 3366 per
898 3299 1128 3353 aridam.
1159 3299 1237 3356 Ne
1264 3302 1469 3366 dicant,
1510 3303 1578 3359 Ut
1614 3306 1742 3374 quid
1767 3305 1978 3376 profers

404 3383 461 3438 in
521 3388 758 3442 medium
785 3391 934 3444 viros
962 3392 1315 3449 inimitabiles
1343 3395 1364 3449 ?
1389 3396 1684 3465 protulitet
1722 3399 1975 3467 populum

403 3476 459 3531 in
477 3482 810 3550 exemplum.
846 3483 1139 3538 lmitamini
1169 3486 1337 3552 enim,
1363 3487 1563 3557 inquit,
1614 3489 1750 3544 istos
1782 3491 1975 3546 saltent

399 3582 432 3621 e
469 3569 648 3639 vulgo,
685 3571 774 3638 qui
805 3574 1158 3630 crediderunt
1187 3591 1309 3631 sese
1360 3577 1503 3632 haud
1547 3578 1977 3651 submergendos

401 3673 568 3727 aqua,
618 3661 808 3734 sicque
857 3665 976 3720 ausi
1007 3666 1264 3733 luerunt,
1295 3669 1638 3726 conﬁdentes
1673 3673 1779 3726 Deo
1832 3671 1976 3742 quod

399 3749 565 3804 veluti
591 3754 895 3822 pet-aridam
945 3757 1056 3812 sint
1084 3760 1464 3828 pertransituri
1491 3776 1507 3813 :
1540 3763 1674 3816 adeo
1705 3764 1978 3833 quaelsunt

399 3838 787 3909 impossibilia,
818 3843 951 3899 lides
979 3848 1265 3917 possibilia
1315 3849 1508 3904 etlicit.
1561 3850 1742 3916 Quare
1794 3852 1977 3924 itaque

400 3944 498 3983 vos
521 3931 805 3988 dil'llditis?

473 4019 626 4084 Quod
662 4025 867 4092 experti
904 4024 1168 4096 zEgyptii,
1199 4029 1436 4084 devorati
1474 4041 1620 4087 sunt.
1673 4031 1752 4088 Ac
1791 4048 1972 4099 nemo,

407 4110 606 4180 inquit,
640 4111 822 4169 dicere
845 4124 1041 4184 potest,
1075 4121 1216 4189 quod
1249 4121 1627 4190 imaginarium
1663 4133 1799 4188 erat,
1836 4139 1975 4195 aqua

405 4216 514 4254 non
545 4211 682 4256 erat.
714 4202 846 4258 Nam
881 4209 1025 4276 quod
1066 4225 1216 4265 mare
1245 4220 1386 4276 erat,
1407 4210 1649 4283 Egyptii
1687 4224 1816 4270 sunt
1842 4215 1976 4270 indi-

399 4291 510 4356 cio,
545 4303 732 4362 utpote
759 4297 849 4364 qui
879 4297 1091 4368 ingredi
1128 4301 1348 4370 quidem
1383 4304 1699 4370 tentabant,
1733 4305 1973 4376 absorpti

403 4397 532 4437 vero
567 4395 690 4438 sunt
718 4386 788 4440 ab
824 4402 911 4454 eo,
962 4397 1078 4444 toto
1125 4393 1286 4446 simul
1327 4399 1518 4447 contra
1568 4409 1662 4449 eos
1705 4407 1970 4465 permoto,

2078 1933 2260 2002 χρίσις
2287 1932 2400 1985 τῶν
2434 1932 2628 2000 φλιῶν,
2657 1931 2756 1984 τὸν
2785 1931 2878 1985 τοῦ
2912 1930 3232 1985 δεσποτικοῦ
3265 1931 3498 2000 αἵματος
3528 1930 3634 2000 ὲδή-

2078 2023 2203 2090 λου,
2235 2024 2304 2076 δι’
2320 2017 2380 2078 οὑ
2410 2023 2722 2095 χριόμενοι,
2755 2022 3030 2094 φεύγομεν
3060 2024 3158 2093 τὴν
3187 2025 3244 2077 ὲν
3274 2025 3340 2093 τῇ
3372 2023 3524 2076 νυκτὶ
3550 2020 3632 2074 τοῦ

2081 2114 2196 2184 βίου
2234 2114 2427 2168 τούτου
2460 2114 2818 2184 όλοθρεύοντα
2852 2115 2922 2168 τὰ
2955 2116 3275 2186 πρωτότοκα
3311 2113 3424 2166 τῶν
3457 2110 3528 2182 μὴ
3558 2127 3635 2164 κε-

2079 2209 2406 2280 χρισμένων.
2437 2207 2499 2262 Ὀ
2524 2207 2731 2277 Μωσῆς
2755 2207 2935 2260 τοίνυν
2955 2207 3075 2260 τότε
3107 2204 3429 2268 πιστεύσας,
3454 2205 3531 2256 ὃτι
3553 2201 3632 2255 τοῦ

2081 2301 2312 2369 αἵματος
2337 2302 2370 2370 ἡ
2401 2299 2579 2369 χρίσις
2606 2296 2831 2367 φυλάξει
2854 2298 2921 2350 τὰ
2949 2297 3290 2367 πρωτότοκα,
3316 2292 3632 2364 παρήγγειλε

2079 2392 2159 2464 τῷ
2201 2390 2314 2462 λαῷ
2354 2391 2512 2445 τοῦτο
2557 2390 2803 2459 ποιῆσαι.
2849 2389 3037 2443 Καίτοι
3081 2389 3258 2442 ἐκεῖνο
3301 2385 3473 2456 ἀμνοῦ
3514 2380 3635 2453 αἷμα

2077 2479 2181 2554 ἦν·
2211 2483 2514 2552 ἀλλ’ὄμως,
2545 2481 2681 2535 καθὸ
2723 2480 2922 2532 ὲτύπου
2967 2479 3027 2532 τδ
3070 2478 3164 2532 τοῦ
3202 2475 3442 2547 Χριστοῦ
3483 2471 3631 2544 αἷμα,

2080 2573 2347 2644 τοσαύτην
2391 2574 2542 2641 ἰσχὺν
2588 2571 2810 2635 ἔδειξεν.
2844 2569 3034 2640 Ὑμεῖς
3075 2570 3132 2623 δὲ
3169 2568 3248 2638 τῷ
3288 2566 3529 2638 ἀληθινῷ
3564 2568 3631 2619 αἴ-

2085 2683 2214 2736 ματι
2261 2663 2609 2734 χρισθέντες,
2657 2663 2716 2715 οὑ
2765 2661 3018 2733 θαρῤεἰτε
3064 2660 3237 2730 τούτῳ
3281 2658 3629 2728 τειχίζεσθαι;

2079 2755 2189 2808 Ναὶ
2221 2755 2350 2824 μήν.
2381 2753 2490 2805 Καὶ
2515 2752 2576 2804 τὸ
2604 2753 2793 2822 Πάσχα
2821 2751 3057 2816 ἐτέλεσε,
3081 2751 3331 2803 τουτέστι
3383 2751 3480 2820 τὴν
3505 2748 3629 2818 βρῶ-

2083 2863 2167 2898 σιν
2196 2844 2287 2898 τοῦ
2323 2843 2496 2914 ἀμνοῦ
2515 2888 2528 2905 ,
2561 2845 2653 2896 καὶ
2683 2843 2790 2894 τῶν
2818 2841 3064 2912 ἀζύμων,
3097 2844 3194 2895 καὶ
3223 2842 3332 2894 τῶν
3363 2841 3626 2910 πικρίδων,

2082 2939 2175 2991 καὶ
2201 2938 2516 2990 ἐπίστευσεν
2540 2935 2622 2987 ὅτι
2651 2936 2678 2987 ό
2706 2933 2831 2996 λαὸς
2861 2932 3090 3000 ἐξελθὼν
3114 2934 3211 2999 τῆς
3239 2932 3510 3000 Αἰγύπτου
3534 2932 3631 2983 δια-

2085 3029 2412 3100 σωοήσεται.
2449 3027 2679 3092 Ἐξόδιος
2721 3026 2830 3097 γὰρ
2873 3021 2941 3097 ἦν
2983 3026 3011 3078 ό
3056 3026 3253 3095 τρόπος
3297 3024 3396 3078 τοῦ
3437 3023 3631 3076 δείπνου

2005 3140 2052 3204 C
2085 3121 2315 3176 ἐκείνου.

2153 3213 2354 3268 Πίστει
2387 3211 2679 3279 διέϐησαν
2718 3209 2832 3280 τὴν
2874 3206 3164 3278 Ἐρυθρὰν
3200 3206 3539 3270 θάλασσαν,
3565 3205 3632 3270 ὡς

2079 3298 2176 3353 διὰ
2193 3300 2238 3331 ⁸⁸
2279 3297 2488 3368 ξηρᾶς.
2511 3300 2626 3351 Ἵνα
2673 3299 2748 3370 μὴ
2788 3299 3010 3369 λέγωσι,
3049 3299 3100 3352 τί
3144 3298 3332 3374 φέρεις
3371 3299 3450 3360 είς
3489 3296 3633 3368 μέσον

2080 3391 2392 3461 ἀμιμήτους
2424 3390 2654 3461 ᾶνδρας;
2689 3392 2888 3462 ἦνεγκε
2921 3391 3018 3445 καὶ
3047 3389 3175 3443 λαὸν
3204 3391 3284 3453 εἰς
3322 3390 3630 3459 ὑπόδειγμα.

2078 3482 2406 3554 Μιμήσασθε
2442 3483 2585 3552 γὰρ,
2618 3483 2750 3553 φησὶ
2772 3521 2787 3545 ,
2818 3481 3043 3546 τούτους
3072 3481 3202 3552 γοῦν
3231 3482 3360 3546 τοὺς
3389 3480 3482 3535 τοῦ
3511 3481 3632 3549 πλη·

2080 3574 2240 3641 θους,
2281 3573 2360 3644 οἳ⁴
2377 3573 2706 3627 ἐπίστευσαν
2748 3574 2825 3636 ὼς
2867 3574 2968 3627 οὐκ
3013 3573 3301 3627 ἐπικλύσει
3353 3575 3544 3635 αὐτοὺς
3581 3569 3632 3624 τὸ

2080 3663 2259 3734 ὕδωρ,
2310 3666 2404 3718 καὶ
2449 3663 2595 3718 οῦτω
2642 3663 3096 3735 κατετόλμησαν,
3143 3663 3519 3736 θαρρήσαντες
3561 3659 3630 3732 τῷ

2077 3755 2216 3826 Θεῷ,
2246 3757 2326 3810 ὅτι
2356 3757 2430 3820 ὡς
2457 3757 2546 3812 διὰ
2571 3756 2743 3828 ξηρᾶς
2769 3755 3076 3810 ἐλεύσονται
3098 3772 3114 3787 ο
3146 3755 3289 3810 οὑτω
3314 3757 3386 3811 τὰ
3415 3755 3630 3812 ἀδύνατα

2075 3845 2278 3900 δυνατὰ
2304 3849 2450 3900 ποιεῖ
2477 3847 2512 3919 ἡ
2543 3846 2726 3912 πίστις
2748 3864 2762 3880 ο
2798 3849 2894 3904 καὶ
2924 3847 3042 3912 πῶς
3073 3847 3231 3918 ὑμεῖς
3257 3849 3567 3913 ἀπιστεῖτες

2146 4012 2258 4084 *Ης
2289 4015 2504 4086 πεῖραν
2527 4016 2816 4084 λαϐόντες
2843 4019 3172 4086 Αἰγύπτιοι,
3200 4019 3625 4086 κατεπόθησαν.

2074 4111 2187 4165 Καὶ
2219 4112 2318 4164 οὑκ
2354 4110 2468 4181 ἔχει
2498 4127 2581 4172 τις
2611 4110 2810 4174 είπεϊν,
2852 4111 3041 4181 φησὶν,
3063 4111 3145 4164 ὃτι
3170 4112 3310 4165 κατὰ
3339 4112 3625 4182 φαντασίαν

2073 4199 2177 4276 ἦν;
2205 4204 2390 4274 ’Υδωρ
2422 4204 2523 4255 οὑκ
2567 4199 2632 4273 ἦν
2653 4219 2666 4234 ·
2698 4203 2782 4256 δτι
2805 4203 2916 4275 γὰρ
2955 4203 3199 4258 θάλασσα
3220 4200 3308 4276 ἦν,
3367 4205 3564 4270 ἔδειξαν
3585 4203 3626 4257 oi

2073 4296 2383 4364 Αίγύπτιοι,
2413 4293 2774 4364 πειράσαντες
2802 4295 2899 4364 μὲν
2931 4294 3213 4360 εἰσελθεῖν,
3242 4297 3628 4359 καταποθέντες

2074 4385 2128 4439 δὲ
2167 4385 2258 4438 ὑπ’
2311 4385 2501 4455 αὐτῆς,
2549 4382 2752 4454 ἀθρόας
2807 4383 3117 4454 κινηθείσης
3156 4385 3278 4438 κατ’
3313 4387 3514 4450 αὐτῶν,
3541 4388 3625 4454 τῆς

399 4473 544 4540 quod
583 4473 635 4527 in
662 4477 897 4533 transitu
949 4477 1296 4536 Hebraeorum
1344 4483 1518 4536 instar
1561 4485 1700 4538 muri
1729 4495 1968 4540 erectum

2086 4478 2137 4529 iv
2160 4479 2223 4546 τῇ
2255 4475 2500 4528 διαϐάσει
2532 4473 2641 4527 τῶν
2686 4473 2955 4544 Ἐϐραίων
2977 4474 3052 4538 ὡς
3101 4478 3276 4545 τεῖχος
3306 4477 3590 4546 ἱσταμένης
3610 4491 3623 4506 ·

399 4567 762 4621 constiterat:
810 4571 1034 4637 perinde
1080 4589 1143 4627 ac
1186 4585 1370 4645 postea
1417 4574 1633 4629 ﬂamma
1677 4576 1966 4634 adversum

2086 4566 2265 4637 ὥσπερ
2297 4567 2389 4619 καὶ
2417 4564 2643 4636 ὕστερον
2673 4565 2706 4634 ἡ
2738 4565 2879 4618 κατά
2899 4566 3025 4628 τοὺς
3073 4569 3225 4636 τρεῖς
3264 4569 3462 4630 παῖδας
3483 4566 3619 4635 φλὸξ,

398 4663 509 4707 tres
561 4669 756 4722 pueros
805 4671 1016 4730 parata,
1056 4666 1507 4719 commonstravit
1553 4664 1700 4733 quod
1752 4664 1969 4720 ﬂamma

2086 4658 2246 4722 ἔδειξε
2279 4657 2410 4726 φλὸξ
2444 4654 2706 4722 οῦσα,ὃτε
2734 4658 2860 4721 τοὺς
2890 4658 3262 4723 Βαϐυλωνίους
3291 4660 3621 4730 διεόοσκήθτγ

395 4755 536 4810 erat,
588 4762 714 4802 cum
764 4750 1087 4821 Babylonios
1131 4753 1405 4810 devorarit
1443 4775 1457 4806 :
1509 4757 1697 4811 itidem
1733 4755 1967 4814 Dmielis

2086 4755 2168 4806 mi.
2193 4753 2242 4805 οί
2273 4752 2412 4806 κατά
2471 4751 2563 4804 τὸν
2615 4749 2814 4821 Δανιὴλ
2861 4748 3074 4813 λέοντες
3129 4751 3254 4814 τοὺς
3302 4751 3624 4822 κατηγόρους

399 4836 608 4900 leones,
639 4841 732 4907 qui
763 4839 1033 4896 delatores
1077 4843 1196 4911 ejus
1227 4843 1583 4898 dilaniaruut.

2086 4844 2236 4898 αὑτοῦ
2260 4843 2619 4913 λαφύξαντες.

472 4929 639 4984 Vens.
666 4932 750 4984 50.
775 4929 909 4986 Fide
957 4937 1096 4987 muri
1127 4933 1340 4988 Iericho
1370 4949 1703 5001 corruerunt,
1731 4942 1961 4994 circum-

2148 4937 2352 4989 Πίστει
2392 4934 2465 4988 τὰ
2522 4936 2691 5004 τείχη
2743 4935 2957 5006 Ἰεριχὼ
3005 4935 3209 5004 ἔπεσε,
3257 4937 3622 4993 κυκλωθέντα

396 5023 512 5076 dati
534 5025 602 5075 ad
623 5033 810 5092 septem
831 5024 962 5078 dies.
984 5023 1115 5080 Fide
1141 5043 1154 5078 :
1191 5025 1300 5081 Deo
1323 5028 1467 5082 enim
1493 5029 1634 5083 istud
1657 5033 1966 5096 mandante,

403 5131 579 5185 neque
607 5115 778 5169 Josue
809 5131 986 5186 neque
1037 5118 1272 5188 populus
1315 5118 1661 5186 litesitabaut,
1691 5137 1790 5176 nec
1818 5123 1970 5179 dixe—

396 5217 545 5271 runt,
573 5207 780 5278 Ecquid
808 5209 909 5266 hoc
947 5213 1077 5266 est?
1110 5211 1247 5265 Num
1281 5211 1532 5266 tubarum
1569 5214 1780 5268 sonitus
1810 5224 1970 5268 natu-

397 5313 511 5351 ram
553 5299 715 5355 lialzet
767 5301 1059 5370 dejiciendi
1106 5304 1312 5374 lapides
1361 5308 1415 5357 et
1444 5302 1776 5358 munitiones
1805 5305 1828 5358 ?
1859 5304 1966 5360 Sed

396 5409 542 5444 cnim
568 5395 918 5449 crediderunt
944 5397 1024 5452 sic
1055 5397 1186 5462 fore,
1225 5405 1278 5452 et
1307 5393 1389 5451 sic
1419 5394 1623 5449 factum
1658 5404 1760 5452 est.

472 5575 516 5602 ⁸³
552 5572 690 5627 l‘sal.
723 5591 811 5640 xv,
846 5576 901 5630 8.

2071 5028 2170 5081 ἐπί
2201 5029 2348 5082 ἑπτὰ
2378 5029 2624 5098 ἡμέρας.
2651 5026 2862 5080 Πίστειο
2893 5027 2984 5080 τοῦ
3008 5028 3116 5095 γὰρ
3142 5027 3275 5082 Θεοῦ
3308 5031 3624 5099 προστάξαν-

2069 5137 2182 5185 τος,
2236 5120 2298 5172 οὑ
2340 5118 2698 5190 διεκρίθησαν
2729 5119 2756 5170 ὃ
2789 5135 2848 5170 τε
2891 5117 3099 5186 Ἰησοῦς
3155 5121 3251 5172 καὶ
3287 5120 3484 5184 ὑλαὲς,
3537 5118 3622 5172 καὶ

2069 5207 2245 5278 εἷπον,
2274 5211 2340 5263 Τί
2383 5210 2577 5277 τοῦτο;
2610 5209 2932 5277 Σαλπίγγων
2966 5205 3096 5280 ἦχος
3125 5209 3285 5280 φύσιν
3330 5211 3442 5282 ἔχει
3472 5227 3620 5264 κατα-

2079 5303 2296 5357 ϐάλλειν
2337 5301 2517 5364 λίθους
2565 5301 2661 5354 καὶ
2715 5299 3005 5370 inﬂecte;
3036 5301 3149 5355 ἀλλ’
3199 5302 3520 5356 ἐπίστευσαν
3546 5301 3616 5354 ὅτι

2075 5396 2250 5462 ἔσται,
2285 5394 2378 5448 καὶ
2411 5394 2646 5462 ἐγένετο.

1753 5677 1952 5739 Varia)
2000 5676 2330 5739 lectiones.

475 5773 516 5802 ⁸⁵
561 5771 822 5842 πολλαχοῦ
864 5773 954 5824 καὶ
993 5775 1018 5826 ὁ
1051 5792 1102 5828 0.
1178 5776 1221 5808 ⁸⁸
1253 5778 1342 5828 ἐπὶ
1373 5793 1426 5831 0.
