3860 6604
213 472 290 537 361
878 463 1278 526 EXPOSlTlO
1317 464 1398 525 IN
1436 461 1654 523 EPIST
1693 461 1792 521 AD

265 586 440 635 Πιστει
495 576 664 630 Ῥαὰϐ
705 575 742 643 ἠ
771 577 965 644 πόρνη
1006 578 1078 631 οὐ
1128 573 1526 630 συναπώλετο
1596 570 1721 637 τοῖς
1750 576 1795 630 Α

208 671 544 737 ἀπειθήσασι,
589 666 885 736 δεξαμένη
940 667 1083 733 τοὺς
1131 668 1563 734 κατασκόπους
1591 667 1721 736 μετ’

207 762 409 833 εἰρήνης
425 761 487 814 ⁸⁷.
537 759 686 823 Ἰδοὺ,
714 758 854 828 ὅπερ
896 758 993 812 καὶ
1021 759 1282 830 ἀνωτέρω
1312 756 1491 822 εἷπον,
1525 758 1721 828 ἀτιμό-

205 871 340 910 τατον
363 853 634 923 πρόσωπον
673 850 936 922 παράγει,
965 850 1054 904 ἵνα
1087 851 1327 924 ὲντρέψῃ
1362 854 1458 905 καὶ⁴
1481 851 1569 905 διὰ
1597 849 1723 903 τού-

206 964 287 1000 του
328 948 429 1011 εῐγε
474 943 721 1013 τοιαύτης
769 944 1025 1012 γυναικὸς
1055 944 1252 1015 ἥττους
1294 945 1590 1013 φαίνοιντο,
1629 942 1723 996 καὶ

202 1041 298 1106 ἅμα
333 1035 467 1106 δείξῃ
523 1036 610 1087 καὶ
659 1035 758 1105 τὴν
817 1035 1048 1105 δύναμιν
1077 1036 1176 1104 τῆς
1201 1035 1442 1098 πίστεως
1475 1033 1722 1105 μεγάλην

199 1123 356 1190 ιῦσαν,
415 1123 525 1191 εἴγε
579 1124 671 1177 καὶ
700 1124 759 1177 ὲν
800 1125 917 1187 τοῖς
971 1123 1442 1195 κατεγνωσμένοις
1501 1122 1725 1176 τοιαῦτα

200 1217 441 1286 κατορθοῖ.
473 1217 658 1268 Πίστιν
701 1214 794 1269 οὖν
826 1214 1128 1280 ἐνεδείξατο
1156 1215 1251 1269 καὶ
1281 1213 1442 1284 αὕτη,
1468 1212 1724 1283 κρύψασα

196 1309 300 1369 τοὺς
328 1306 511 1377 ἄνδρας
556 1305 920 1375 ζητουμένους
958 1305 1035 1367 ὡς
1083 1304 1484 1368 κατασκόπους.
1511 1305 1626 1357 Οὐκ
1657 1303 1724 1357 ἂν

196 1401 242 1452 δὲ
271 1398 503 1468 ἔκρυψεν,
529 1399 576 1450 εἰ
608 1396 686 1467 μὴ
718 1397 1041 1451 ἐπίστευσεν
1072 1398 1153 1451 ὅτι
1188 1397 1456 1450 ἁλώσεται
1481 1399 1516 1467 η
1546 1396 1721 1470 πόλις.

196 1491 328 1544 Οὕτω
363 1489 464 1559 γὰρ
488 1488 590 1558 ἔφη
624 1505 639 1519 ’
681 1489 1026 1554 Ἐπίσταμαι
1046 1487 1135 1542 ὅτι
1165 1487 1443 1556 λήψεσθε
1468 1485 1583 1554 τὴν
1610 1485 1725 1555 χώ-

194 1597 289 1648 ριιν
314 1581 524 1646 ταύτην
545 1593 559 1606 ’
589 1579 940 1646 ἠκούσαμεν
964 1580 1076 1648 τὰρ
1100 1580 1173 1632 τὰ
1198 1579 1341 1648 ἔργα
1386 1575 1571 1646 ὑμῶν.
1615 1575 1726 1631 Καὶ

195 1671 312 1741 αὑτὴ
362 1672 457 1740 μὲν
505 1673 619 1735 τοῖς
669 1671 1028 1724 ἀκουσθεῖσιν
1077 1673 1430 1725 ἐπίστευσεν·
1481 1670 1610 1724 οἱδὶ
1647 1671 1724 1741 μὴ

197 1763 548 1825 πιστεύσαντες
577 1766 689 1826 τοῖς
726 1765 818 1816 τοῦ
869 1760 1005 1816 Θεοῦ
1049 1762 1394 1834 θαυμασίοις,
1424 1761 1723 1816 ἀπώλοντο.

252 1858 347 1910 Kal
370 1857 423 1910 τί
449 1855 535 1909 ἐτι
587 1855 785 1926 λέγω;
820 1855 1147 1919 Καταλύσας
1179 1855 1272 1908 τὸν
1301 1854 1461 1923 λόγον
1488 1857 1568 1918 είς
1626 1853 1727 1924 τὴν

197 1946 391 2015 πόρνην,
422 1949 513 1999 καὶ
559 1947 759 2011 ἱκανῶς
784 1949 1115 2018 δυσωπήσας
1140 1947 1339 2006 αὐτοὺς
1367 1947 1476 2001 ἀπὸ
1505 1947 1603 2016 τῆς
1631 1945 1726 1998 τοῦ
1765 1958 1801 2011 Β

194 2038 454 2109 προσώπου
508 2040 815 2109 ποιότητος,
852 2041 1043 2094 λοιπὸν
1084 2040 1384 2110 συντομίας
1405 2040 1566 2112 χάριν
1586 2040 1730 2093 κατὰ

197 2129 336 2199 μέρος
353 2130 445 2200 μὲν
472 2132 641 2185 πᾶσιν
659 2130 760 2186 οὔκ
785 2131 1165 2203 ἐπεξέρχεται,
1199 2130 1287 2184 ἶνα
1318 2129 1397 2204 μὴ
1423 2129 1729 2200 ἀπειρόκα-

193 2222 268 2286 io;
297 2222 415 2296 δόξῃ
439 2239 452 2254 ·
481 2223 624 2294 πλὴν
650 2222 772 2276 οὔτε
805 2223 981 2292 πάντη
1023 2222 1337 2294 ἀωσιωπᾷ,
1389 2220 1527 2275 ἀλλὰ
1555 2218 1729 2274 δοκῶν

195 2316 543 2385 παραλείπειν,
590 2318 653 2368 ού
683 2315 1012 2386 παραλείπει
1039 2330 1053 2346 ο
1104 2314 1199 2371 καὶ
1250 2312 1425 2376 οὕτως
1476 2310 1601 2365 οὗτε
1636 2310 1729 2365 τδν

192 2409 437 2478 ἀκροατὴν
482 2409 792 2470 ἀποκναίει,
824 2409 917 2462 καί
945 2407 1097 2461 οὐδὲν
1124 2403 1287 2478 ἦττον
1327 2403 1729 2467 κατασκευάζει

193 2499 269 2553 διὰ
292 2499 537 2554 πλειόνων
583 2500 615 2554 ὃ
647 2499 916 2571 βούλεται.

260 2592 570 2661 Ἐπιλείψει
654 2590 765 2661 γάρ
829 2607 904 2659 με
964 2590 1360 2659 διηγούμενον
1409 2592 1442 2646 ό
1491 2590 1730 2659 χρόνος.

195 2685 358 2749 Ποῖοςς
395 2684 423 2751 ῆ
455 2686 480 2735 ὁ
516 2686 628 2738 πᾶς
660 2699 674 2712 ·
713 2681 922 2753 εἴρηται
942 2683 995 2735 δὲ
1028 2700 1205 2743 τουτο.
1236 2684 1311 2746 ὡς
1337 2681 1565 2753 σύνηθες
1601 2683 1732 2752 ἡμῖν

191 2774 362 2845 λέγειν,
387 2773 762 2845 ὑπερϐολικῶς
790 2794 804 2808 ο
841 2774 874 2845 ἢ
908 2776 937 2828 ὁ
965 2776 1032 2845 τῇ
1076 2774 1363 2845 Ἐπιστολῇ
1397 2773 1730 2845 σύμμετρος.

250 2956 375 3026 Περὶ
425 2956 687 3021 Γεδεὼν,
740 2956 944 3026 Βαράκ
994 2973 1082 3023 τε,
1143 2955 1245 3011 καὶ
1303 2954 1588 3026 Σαμψὼν,
1635 2952 1735 3008 καὶ

203 3049 422 3119 Ἰεφθάε,
455 3049 638 3105 Δαὸίδ
654 3066 738 3116 τε,
763 3049 862 3104 καί
884 3047 1189 3118 Σαμουὴλ,
1216 3048 1315 3103 καί
1352 3047 1470 3102 τῶν
1500 3062 1734 3117 προφη-

129 3197 139 3211 ,
192 3139 310 3196 τῶν.
341 3142 565 3210 Ζητοῦσί
612 3158 782 3207 τινες,
821 3140 965 3205 τίνος
993 3141 1179 3194 ἕνεκεν
1220 3140 1429 3209 Ἰεφθάε
1458 3142 1553 3194 καὶ
1581 3141 1733 3209 Σαμ-

192 3233 293 3301 ψὼν
320 3235 408 3288 καὶ
450 3235 649 3307 Βαρὰκ
694 3233 908 3302 τίθησιν
959 3232 1217 3290 ἐνταῦθα.
1248 3233 1315 3286 Τί
1356 3232 1578 3302 λέγεις;
1615 3231 1731 3302 Τὴν

193 3298 376 3396 πόρνην
426 3298 560 3392 θεὶς,
618 3298 841 3388 τούτους
870 3323 932 3376 ού
964 3322 1158 3393 θήσει;
1215 3323 1308 3393 Μὴ
1364 3298 1473 3393 γάρ
1506 3338 1597 3392 μοι
1641 3298 1735 3375 τδν
1761 3298 1805 3358 C

189 3413 326 3468 ἄλλον
347 3415 519 3469 αὐτῶν
557 3411 738 3478 εἴποις
769 3413 905 3485 βίον,
938 3413 1054 3467 ἀλλ’
1082 3415 1131 3467 εί
1166 3413 1240 3484 μὴ
1304 3413 1552 3485 ἔλαμψαν
1575 3415 1634 3468 ὲν
1664 3416 1734 3488 τῇ

192 3502 364 3570 πίστει,
414 3507 570 3559 τοῦτο
621 3505 835 3559 σκόπει.
869 3504 943 3558 Ού
970 3503 1081 3577 γὰρ
1127 3503 1261 3575 βίων
1296 3504 1543 3571 ὶξέτασιν
1568 3507 1738 3559 ποιεί-

188 3612 283 3663 ται,
315 3596 443 3650 ἀλλὰ
464 3595 707 3660 πίστεως
730 3595 978 3661 ἔνδειξιν.

248 3686 308 3742 Oi
330 3688 422 3742 διὰ
463 3689 730 3755 πίστεως
748 3687 1236 3757 κατηγωνίσαντο
1279 3689 1629 3758 βασιλείας.
1671 3690 1738 3746 Ol

190 3782 299 3850 περὶ
326 3781 412 3834 τὸν
441 3780 677 3835 Γεδεών.

248 3870 608 3941 Ειρτάσαντο
662 3869 1078 3940 δικαιοσύνην.
1133 3870 1331 3938 Τίνες;
1385 3870 1546 3924 αὐτοὶ
1590 3862 1739 3925 οὗτοι

189 3963 269 4015 καὶ
291 3965 316 4017 δ
342 3963 605 4034 Σαμψὼν.
636 3964 749 4017 Καὶ
781 3963 891 4033 γὰρ
911 3964 1039 4026 τοὺς
1070 3962 1301 4033 ἐχθροὺς
1323 3960 1431 4015 τῶν
1455 3960 1738 4031 συγγενῶν

189 4055 271 4106 καὶ
316 4056 602 4125 ὁμοφύλων
659 4054 960 4126 ἠμύναντο,
987 4058 1100 4118 τοῖς
1164 4056 1263 4124 μὲν
1301 4053 1525 4116 οἰκείοις
1552 4053 1742 4123 φιλάν-

189 4142 375 4213 θρωποι
436 4151 727 4215 φανέντες,
760 4148 876 4209 τοῖς
900 4145 958 4199 δὲ
980 4144 1258 4199 ἀδικοῦσιν
1281 4145 1499 4215 ἐχθροῖς
1519 4144 1740 4212 ἐπεξελ-

189 4231 368 4297 θόντες.
407 4233 581 4289 Τοῦτο
608 4234 667 4289 δὲ
700 4233 1068 4305 δικαιοσύνης,
1095 4234 1156 4289 τὸ
1188 4235 1407 4310 ἑκάστῳ
1444 4235 1740 4305 ἀπονέμειν

184 4322 364 4377 τὸκατ’
393 4326 576 4394 ἀξίαν.

259 4416 587 4487 Ἐπέτυχον
651 4416 1043 4487 ἐπαγγελιῶν.
1079 4411 1204 4471 υἷον
1226 4419 1255 4471 ὁ
1279 4416 1463 4471 Δαϐίδ.
1520 4419 1742 4486 "Opaca

185 4507 299 4576 γὰρ,
321 4510 472 4580 φησι,
504 4510 727 4578 Κύριος
755 4508 837 4575 τῷ
863 4510 1041 4564 Δαόιδ
1063 4525 1078 4540 ο
1119 4510 1212 4563 Ἐκ
1234 4510 1467 4579 καρποῦ
1488 4508 1596 4578 τῆς
1617 4528 1738 4564 κοι-

1830 461 2223 522 IlEBR/EOS.
2259 483 2325 497 ·-·
2357 460 2517 521 CAP.
2557 461 2668 520 XI.
3287 464 3394 526 362

1898 569 2060 626 Vens.
2082 572 2171 626 3i.
2201 571 2332 627 Fide
2359 571 2537 626 Ila/tab
2563 570 2814 625 meretrix
2836 585 2939 625 non
2958 570 3113 640 periit
3140 587 3259 625 runt
3309 574 3393 624 in—

1824 662 2202 725 obedienlibus,
2232 664 2494 733 excipiens
2547 662 2907 733 exploratores
2948 663 3004 716 in
3054 677 3198 731 pace.
3234 661 3392 726 Ecce,
3426 701 3430 705 -

1824 752 1969 821 quod
2003 762 2057 807 et
2088 768 2257 823 supra
2287 753 2420 818 dixi,
2455 734 3066 810 cotututneliosissimant
3102 768 3390 824 personam
3418 770 3423 827 ς

1824 842 2098 912 producit,
2136 853 2194 898 ut
2240 842 2555 913 pudctaciat
2593 858 2688 899 eos
2713 884 2729 909 ,
2764 858 2888 898 cum
2942 845 3033 899 tali
3075 841 3420 900 muliercula:

1827 933 2119 990 inferiores
2145 949 2266 990 esse
2293 934 2603 1002 videantur,
2634 950 2698 990 ac
2733 936 2897 992 simul
2930 944 2989 990 nt
3041 936 3165 991 ﬁdei
3210 914 3429 1007 potem,

1826 1026 1958 1079 tiam
2010 1040 2259 1095 magnam
2293 1040 2418 1081 esse
2448 1026 2720 1091 ostendat,
2756 1042 2882 1081 cum
2928 1026 3012 1081 vel
3048 1027 3102 1081 in
3150 1026 3397 1095 reprobis

1827 1116 1954 1168 talia
1986 1115 2204 1170 etliciat.
2225 1114 2413 1170 Fidem
2452 1116 2620 1186 igitur
2647 1118 2763 1186 ipsa
2793 1117 3245 1183 submonstravit,
3268 1132 3393 1173 cum

1827 1206 2054 1262 abderet
2102 1206 2250 1263 viros
2287 1207 2380 1277 qui
2431 1208 2817 1278 quaerebantur
2862 1223 2961 1264 ceu
3001 1209 3396 1279 exploratores.

1825 1298 1943 1354 Non
1973 1300 2306 1356 occuluisset
2326 1311 2531 1367 autem,
2570 1301 2673 1356 nisi
2712 1301 3031 1357 credidisset
3060 1304 3247 1359 urbem
3276 1319 3400 1365 esse

1828 1391 2304 1462 iutercipieudam.
2339 1393 2430 1447 Sic
2455 1393 2600 1448 enim
2632 1392 2771 1447 dixit
2800 1410 2814 1446 :
2865 1392 3203 1463 Compertum
3233 1394 3398 1450 habeo

1826 1483 1966 1554 quod
2018 1484 2240 1553 capietis
2287 1485 2422 1538 hunc
2465 1484 2638 1538 locum
2663 1502 2681 1539 :
2707 1484 3007 1540 audivimus
3046 1486 3186 1540 enim
3240 1501 3401 1555 opera

1827 1587 2020 1631 vestra.
2056 1576 2121 1629 Et
2156 1575 2274 1645 ipsa
2316 1575 2539 1646 quidem
2568 1577 2773 1632 auditis
2823 1577 3058 1632 credidit
3093 1595 3109 1632 :
3139 1579 3234 1647 qui
3269 1593 3400 1633 vero

1827 1668 1925 1724 Dei
1958 1668 2226 1725 mirandis
2256 1670 2421 1725 rebus
2462 1671 2635 1740 gestis
2670 1683 2779 1725 non
2815 1670 3187 1725 adhibuerunt
3215 1668 3400 1734 tidem,

1828 1761 2130 1833 perierunt.
3205 1813 3208 1816 .

1902 1850 2068 1908 Vens.
2120 1843 2210 1908 3‘2.
2258 1850 2464 1923 Ecquid
2498 1851 2669 1906 adhuc
2712 1852 2932 1908 dicant?
2960 1851 3259 1924 Postquam
3282 1869 3404 1910 ser-

1832 1960 2048 2001 monem
2075 1945 2129 2000 in
2156 1944 2499 2000 meretricem
2534 1944 2788 2009 tiniisset,
2829 1960 2894 2000 ac
2922 1944 3138 2002 abunde
3161 1946 3298 2003 satis
3320 1946 3405 2003 eis

1832 2049 1862 2089 a
1900 2051 2148 2105 personae
2193 2037 2457 2107 qualitate
2485 2036 2746 2105 pudorem
2783 2036 3110 2102 induxisset,
3147 2038 3413 2109 deinceps
3444 2022 3451 2033 ’

1831 2127 2136 2197 compendii
2169 2126 2343 2197 gratia
2369 2126 2647 2198 sigillatim
2677 2141 2870 2185 omnes
2917 2128 3054 2184 alios
3085 2143 3196 2184 non
3228 2131 3404 2201 expli-

1834 2225 2051 2287 catkne
2082 2217 2302 2288 ineptus
2330 2231 2454 2273 esse
2483 2217 2737 2274 videatur
2772 2236 2786 2274 :
2826 2234 3016 2275 verum
3047 2235 3152 2276 nec
3177 2221 3403 2277 omnino

1834 2318 2011 2363 tamen
2043 2309 2254 2373 reticet,
2286 2308 2381 2363 sed
2416 2308 2563 2364 visus
2596 2310 3030 2379 praetermittere,
3046 2326 3154 2367 non
3183 2321 3406 2383 prater-

1832 2399 2019 2454 mittit.
2044 2399 2137 2455 Sic
2166 2416 2341 2470 neque
2369 2401 2675 2456 auditorem
2710 2402 2871 2460 taedio
2897 2401 3080 2469 allicit,
3109 2417 3175 2459 ac
3198 2403 3405 2460 nihilo-

1832 2490 2018 2546 minus
2045 2506 2165 2560 quae
2197 2491 2313 2546 vult
2346 2493 2596 2561 pluribus
2620 2493 2860 2550 coniicit.

1903 2583 2122 2653 Deﬁciet
2145 2584 2286 2638 enim
2312 2600 2392 2638 me
2420 2593 2622 2653 tempus
2639 2594 3019 2642 renarrantem.
3070 2588 3241 2654 Quale
3271 2599 3409 2646 tem-

1834 2677 1987 2748 pus?
2038 2675 2134 2731 Vel
2169 2677 2484 2732 universum
2522 2694 2536 2732 :
2588 2677 2794 2732 dictum
2835 2688 3015 2733 autem
3058 2690 3147 2736 est
3168 2682 3311 2738 istud
3347 2692 3407 2738 ut

1836 2772 2078 2829 solemus
2096 2763 2212 2828 'nos
2241 2771 2414 2843 loqui,
2447 2771 2841 2844 hyperbolice:
2885 2772 2971 2828 vel
3014 2780 3229 2845 tempus
3257 2774 3406 2845 quod

1839 2864 2097 2937 Epistolre
2123 2867 2403 2923 convenit.

1912 2957 1986 3012 De
2018 2956 2247 3023 Gedeon,
2283 2956 2480 3024 Barac,
2537 2957 2799 3029 Sampson
2841 2968 2891 3015 et
2926 2957 3166 3028 Jephthe,
3209 2958 3404 3024 David,
3482 2960 3490 2970 ‘

1838 3046 2079 3113 Samuel,
2112 3057 2161 3103 et
2193 3049 2479 3120 praphetis.
2510 3048 2672 3121 742
2704 3048 2970 3116 Quaerunt
3000 3050 3271 3117 nonnulli,
3300 3066 3406 3121 qua

1836 3143 1906 3198 de
1950 3156 2117 3197 causa
2159 3140 2352 3211 Jeptbe
2393 3150 2448 3196 et
2496 3141 2766 3212 Sampson
2806 3149 2863 3197 et.
2893 3140 3062 3197 Barac
3099 3142 3187 3199 hic
3221 3152 3406 3212 ponat.

1838 3233 1981 3300 Quid
2012 3236 2094 3290 ais
2117 3235 2142 3289 ?
2166 3233 2269 3300 Qui
2300 3243 2540 3289 scortum
2569 3235 2775 3305 posuit,
2802 3234 2902 3290 bos
2929 3234 3411 3305 prartermitteret?

1838 3327 1954 3383 Nec
1985 3327 2131 3382 enim
2152 3333 2238 3382 est
2267 3325 2415 3396 quod
2438 3325 2704 3395 reliquam
2734 3340 2924 3380 eorum
2961 3327 3128 3381 vitam
3155 3325 3287 3381 mihi
3321 3341 3413 3381 re.

1839 3418 2208 3485 ccnseas;sed
2237 3434 2366 3472 num
2390 3417 2442 3472 in
2474 3417 2578 3473 ﬁde
2600 3417 3060 3487 resplenduertnt,
3094 3416 3195 3472 hoc
3229 3426 3409 3472 tecum

1838 3508 2191 3580 reputa.Non
2225 3511 2371 3565 enim
2403 3510 2638 3563 vita‘rum
2669 3507 3104 3579 explorationem
3132 3506 3289 3575 facit,
3316 3509 3412 3564 sed

1839 3601 1963 3659 ﬁdei
1990 3601 2399 3658 iudicationem.

1911 3692 2080 3752 Vens.
2113 3694 2205 3749 35.
2242 3691 2348 3759 Qui
2374 3708 2467 3763 per
2484 3692 2643 3762 ﬁdem
2675 3692 2908 3747 vicerunt
2942 3706 3121 3764 regna.
3158 3689 3224 3748 Hi
3259 3691 3413 3751 scili-

1839 3793 1927 3843 cet
1965 3785 2057 3857 qui
2096 3801 2220 3841 cum
2243 3784 2496 3841 Gedeone
2530 3785 2856 3840 militaruut.

1912 3873 2132 3946 Operati
2188 3882 2311 3928 sunt
2357 3874 2652 3944 justitiam.
2703 3874 2936 3940 Quinam
2979 3872 3115 3929 ΠΙιὶ
3166 3874 3293 3945 ipsi,
3353 3884 3412 3931 et

1844 3961 2139 4034 Sampson.
2167 3961 2382 4017 Etenim
2420 3962 2608 4018 hostes
2641 3977 3009 4033 congenerum
3046 3973 3102 4020 et
3129 3964 3412 4021 contribu-

1843 4056 1977 4111 lium
2014 4070 2242 4116 snornm
2287 4055 2382 4110 ulti
2416 4066 2564 4122 sunt,
2601 4055 2920 4111 domesticis
2967 4064 3023 4111 et
3070 4056 3264 4113 amicis
3292 4057 3414 4115 suis

1843 4148 2147 4203 clementes
2201 4146 2354 4202 visi:
2408 4146 2674 4203 adversus
2733 4155 2917 4201 autem
2961 4147 3071 4202 vim
3115 4147 3415 4207 inferentes

1845 4241 2055 4307 hostes,
2100 4241 2468 4311 insurgentes.
2519 4238 2754 4297 Iustitiae
2799 4255 2964 4312 porro
3012 4241 3159 4298 istud
3210 4256 3414 4300 munus

1840 4339 1944 4396 est,
1974 4330 2270 4399 unicuique
2298 4344 2396 4400 pro
2424 4331 2622 4405 merito
2659 4330 2920 4386 tribuere.

1914 4423 2106 4491 Adepti
2131 4431 2253 4476 sunt
2280 4421 2671 4489 promissionet.
2705 4420 2977 4477 UtDavid.
3003 4423 3214 4477 Juravit
3241 4424 3412 4491 enim,

1847 4514 2044 4585 inquit,
2080 4513 2339 4568 Dominus
2374 4512 2567 4568 ι)αυὶάὶ
2592 4529 2613 4566 :
2648 4513 2725 4568 De
2763 4514 2939 4583 fructu
2984 4516 3180 4570 ventris
3209 4517 3288 4571 tui
3315 4533 3413 4587 pos-

184 4595 304 4660 λίας
346 4605 463 4651 σου
517 4598 782 4668 θήσομαι
833 4598 934 4652 ἐπὶ
978 4599 1086 4653 τοῦ
1145 4600 1365 4668 θρόνου
1391 4614 1531 4655 σου.
1559 4601 1734 4672 Ὅπερ

1849 4624 1970 4662 nam
2002 4620 2160 4676 super
2188 4604 2362 4659 sedem
2387 4614 2533 4657 tuam
2551 4604 2617 4658 ⁸³.
2646 4603 2801 4672 Quod
2829 4606 3168 4663 seusibiliter
3191 4606 3414 4677 quidem

183 4685 435 4758 αἰσθητῶς
488 4690 596 4761 μὲν
625 4690 703 4752 εἰς
728 4688 1049 4761 Σολομῶντα
1071 4690 1278 4761 ἀπέϐη,
1315 4692 1520 4762 νοητῶς
1546 4691 1626 4759 δὲ,
1657 4693 1734 4757 εἰς

1849 4701 1904 4754 ἰη
1935 4699 2232 4754 Salomone
2261 4698 2460 4759 evenit,
2497 4696 2857 4766 spiritualiter
2883 4705 3063 4753 autem
3088 4699 3145 4753 iu
3184 4696 3416 4753 Domino

184 4778 263 4833 τὸν
287 4782 486 4853 Κύριον
538 4781 752 4851 ἰησοῦν
773 4783 865 4836 τὸν
891 4784 1061 4847 ὅντως
1096 4785 1443 4854 Σολομῶντα,
1469 4787 1559 4838 τὸν
1589 4787 1741 4856 είρη-

183 4868 334 4937 νικδν,
361 4873 453 4928 τὸν
474 4874 707 4945 εἰρήνην
730 4872 1073 4945 αὐτόχρημα.
1104 4873 1275 4928 Τοῦτο
1300 4874 1409 4947 γὰρ
1440 4875 1740 4947 ἑρμηνεύε-

182 4978 261 5016 ται
293 4965 569 5038 Σολομῶν,
598 4966 892 5037 εἰρηνικός.

247 5057 561 5126 Ἕφραεαν
609 5059 883 5128 στόματα
925 5058 1208 5115 λεόντων.
1265 5059 1331 5125 ,⁸0
1366 5059 1564 5132 Δανιὴλ
1597 5062 1691 5115 καὶ
1710 5061 1740 5115 ὁ

183 5143 420 5218 Σαμψῶνι
1066 5162 1076 5197 ι

246 5240 550 5296 Ἔσσεσαν
579 5241 836 5312 δύναμιν
861 5242 1072 5311 πυρός.
1106 5243 1168 5295 οἱ
1194 5243 1345 5313 τρεῖς
1383 5243 1592 5308 παῖδες.
1625 5246 1740 5300 Οὐκ

184 5329 290 5390 εἷπε
316 5336 390 5399 δὲ,
424 5337 703 5391 Ἐσὸεσαν
723 5334 855 5407 πῦρ,
876 5336 1031 5401 ἀλλὰ,
1057 5338 1322 5406 Δύναμιν
1348 5338 1561 5407 πυρὸς,
1590 5341 1619 5391 ὅ
1642 5341 1739 5394 καὶ

182 5426 352 5493 μεῖζον
376 5444 390 5458 θ
421 5428 796 5497 ἔξαπτόμενον
838 5428 970 5500 γὰρ,
1007 5427 1147 5492 ὅλως
1185 5427 1414 5499 δύναμιν
1442 5430 1536 5485 τοῦ
1565 5428 1739 5485 καίειν

179 5519 270 5570 οὐκ
294 5514 409 5591 εἷχε
441 5519 581 5574 κατ’
611 5519 810 5574 αὐτῶν.

241 5698 285 5729 ⁸³
308 5697 454 5753 Psal.
491 5713 676 5765 cxxxt,
712 5699 800 5752 il.

1845 4789 1977 4846 Jesu
2033 4787 2127 4858 qui
2180 4800 2311 4843 vere
2349 4784 2634 4852 Salomon,
2668 4785 2950 4856 pacificus,
2992 4802 3056 4842 ac
3101 4787 3279 4859 reipsa
3310 4803 3419 4859 pax

1845 4888 1951 4938 est.
1991 4880 2050 4936 ld
2092 4879 2237 4935 enim
2274 4877 2534 4934 Salomon
2564 4878 2729 4945 valet,
2753 4878 2799 4935 si
2835 4879 3235 4950 interpreteris,
3267 4881 3419 4952 paci-

1844 4973 1985 5029 licus
2015 4972 2288 5029 videlicet.

1919 5061 2312 5119 Obturaverunt
2343 5077 2438 5116 ora
2467 5060 2696 5117 leonum.
2742 5063 2925 5119 Daniel
2950 5071 3004 5119 et
3038 5063 3326 5135 Sampson.

1917 5245 2089 5301 Vens.
2143 5245 2233 5300 54.
2305 5242 2696 5298 Exatinaerunt
2753 5244 3004 5312 impetum
3056 5242 3211 5312 ignis.
3278 5239 3414 5299 Tres

1844 5335 2021 5405 pueri.
2066 5332 2184 5388 Non
2214 5334 2355 5388 dixit
2396 5340 2596 5399 autem,
2631 5332 3018 5388 Exstinxerunt
3040 5331 3243 5398 ignem,
3292 5332 3414 5396 sed,

1852 5424 1977 5479 Vim
2001 5424 2162 5495 ignis,
2210 5423 2356 5494 quod
2391 5423 2571 5493 majus
2614 5429 2723 5479 est.
2762 5419 2987 5477 Etiamsi
3025 5421 3170 5476 enim
3220 5433 3417 5478 accen-

1850 5513 2094 5581 deretur,
2138 5512 2397 5571 virtutem
2432 5523 2615 5570 tamen
2671 5510 2865 5568 utendi
2920 5508 3214 5568 adversum
3264 5511 3419 5583 ipsos
3518 5500 3531 5505 “

1853 5619 1962 5660 non
1994 5603 2250 5701 liabebat.

1514 5797 1715 5859 Variae
1744 5798 2069 5859 lectiones.

236 5891 276 5925 "
309 5890 366 5942 ἐν
391 5890 590 5963 ετρήνη
617 5906 670 5947 0.

531 5982 797 6041 Parnm"
848 5982 963 6044 Gn.
1016 5983 1251 6043 CXXV.

2978 5986 3055 6048 12
