3860 6604
460 432 579 497 -367

1397 440 1974 502 THEOPHYLACTI
2000 443 2415 508 BULGARUE
2444 449 2798 514 ARCl-IIEP.
3595 457 3678 519 3f8

479 557 586 599 tem
627 554 678 599 et
712 547 1236 604 consummationem
1274 559 1384 602 tum
1418 551 1708 620 accipient.
1733 551 1921 606 Nonne
1947 553 2014 622 igi

2150 558 2355 612 τέλειον
2408 562 2530 614 τότε
2578 562 2970 632 ἀπολήψονται.
3003 558 3150 634 Ἀρα
3200 556 3294 617 οὖν
3338 563 3435 617 οὐκ
3472 563 3678 620 ἀδικεϊό

476 643 567 687 tur
620 634 856 703 injuslus
908 643 988 690 est
1040 637 1144 691 illis
1207 637 1370 702 Deus,
1419 639 1462 692 si
1507 655 1608 694 nos
1658 643 2019 696 anteverterin

2151 649 2281 705 Θεὸς
2299 652 2563 719 ἐκείνους,
2595 654 2710 720 εἴτε
2735 654 3035 724 προέλαϐον
3068 656 3166 724 μὲν
3194 655 3252 708 ἐν
3278 656 3390 717 τοῖς
3425 656 3677 725 καμάτοις.

477 725 776 790 laboribus,
807 727 858 780 in
895 728 1113 782 coronis
1141 739 1319 784 autem
1347 747 1447 786 nos
1479 743 1803 804 exspectent
1829 733 1852 787 ?
1892 733 2048 789 Mini-

476 831 560 869 me
596 832 758 869 :naut
788 829 838 870 et
868 818 974 873 illis
1007 819 1109 874 hoc
1139 830 1485 890 gratum-est,
1513 835 1572 877 ut
1622 840 1745 878 cum
1784 824 2046 881 fratribus

472 917 936 961 consummentur.
967 907 1179 979 Corpus
1206 927 1371 965 unum
1407 928 1595 968 omnes
1625 929 1836 969 sumus.
1871 914 2042 985 Majo-

471 1012 580 1050 rem
623 996 791 1066 igitur
832 1000 1049 1068 corpori
1086 1001 1415 1071 voluptatem
1451 1005 1674 1072 prmbct,
1708 1006 1754 1060 si
1794 1020 2042 1058 commu-

470 1088 611 1141 niter
665 1090 966 1143 secundum
1029 1092 1211 1146 omnia
1262 1095 1504 1149 membra
1565 1111 1663 1149 sua
1723 1103 2036 1151 coronetur.

467 1176 607 1233 Deus
647 1187 731 1234 est
757 1178 920 1235 Pater
944 1181 1239 1236 liberorum
1259 1185 1690 1251 amantissimus,
1726 1189 1822 1256 qui
1863 1189 2040 1242 varios

467 1271 625 1325 habet
650 1273 792 1328 filios
831 1292 845 1340 ;
891 1275 980 1328 alii
1011 1277 1253 1343 quidem,
1303 1277 1558 1347 perfectis
1596 1280 1856 1349 operibus
1896 1282 2034 1344 suis,

463 1378 526 1416 es
562 1365 709 1430 agt-is
745 1367 982 1422 celerius
1010 1368 1260 1429 redeunt,
1303 1369 1393 1423 alii
1428 1385 1552 1424 vero
1591 1371 1905 1428 laborantes
1937 1374 2031 1428 ad-

465 1455 659 1508 hucihi
680 1460 1003 1526 persistunt.
1024 1459 1182 1513 Dedit
1218 1460 1284 1515 iis
1313 1463 1402 1530 qui
1438 1462 1668 1531 primum
1693 1464 2033 1530 laborarunt,

463 1550 941 1619 prmgustationem
977 1546 1290 1622 quamdam,
1327 1554 1513 1608 dicens
1541 1569 1603 1608 ac
1634 1557 1898 1611 mandans
1931 1557 2032 1624 eis,

463 1649 524 1692 ut
575 1639 640 1693 ad
701 1641 1002 1711 perfectum
1042 1659 1211 1712 usque
1253 1644 1564 1699 convivium
1622 1645 1819 1702 fratres
1840 1662 2035 1718 exspe-

459 1741 608 1786 ctent
645 1751 658 1786 :
709 1736 824 1803 qui,
880 1735 1100 1788 humani
1124 1750 1246 1790 eum
1279 1735 1412 1801 sint,
1461 1737 1568 1792 laeti
1599 1749 1942 1810 exspectant,
1976 1748 2033 1792 ut

460 1828 512 1880 in
549 1841 839 1882 commune
871 1828 1264 1883 cxhilarentur.

1047 1918 1282 1975 CAPUT
1326 1920 1442 1975 ΧΗ.

527 2010 871 2082 745νειιε.
896 2013 944 2079 l,
982 2011 1210 2084 Ideoque
1230 2025 1277 2068 et
1318 2032 1414 2070 uos
1443 2022 1645 2068 tantam
1664 2015 1909 2070 habentes
1928 2017 2032 2070 cir-

455 2109 800 2177 cumpositum
821 2108 1002 2161 nubem
1018 2109 1246 2163 testium.
1265 2109 1382 2163 Non
1397 2111 1554 2172 dixit,
1569 2112 1832 2166 elevatam
1865 2127 2031 2181 super

454 2214 576 2263 nos,
615 2199 728 2265 sed,
755 2200 1202 2269 circumpositum,
1233 2200 1336 2256 hoc
1353 2209 1458 2269 est,
1491 2203 1732 2272 undique
1766 2217 1868 2258 nos
1920 2217 2028 2255 am-

457 2287 716 2344 bientem.
740 2289 931 2344 Testes
952 2299 1134 2344 autctu
1165 2307 1272 2345 non
1289 2307 1382 2346 eos
1397 2302 1606 2347 tantunt
1626 2293 2028 2364 vocathuisunt

455 2378 511 2431 in
541 2376 690 2432 Novo
728 2378 1100 2445 Testamento,
1139 2381 1231 2435 sed
1262 2383 1350 2450 qui
1377 2383 1429 2436 in
1460 2380 1641 2437 Veteri
1672 2384 1856 2438 etiam.
1889 2369 2024 2437 Nam

451 2475 506 2520 et
535 2467 637 2538 ipsi
669 2468 1042 2523 testimonium
1072 2470 1422 2539 prmbuerunt
1456 2470 1553 2526 Dei
1585 2473 2024 2544 magnificentiae,

454 2559 534 2612 uti
590 2568 700 2616 tres
753 2561 930 2631 pueri,
982 2561 1170 2616 Daniel
1219 2574 1272 2616 et
1319 2579 1513 2619 omnes
1555 2565 1852 2635 prophetae.
1901 2565 2022 2620 Non

449 2649 584 2703 dixit
643 2657 850 2716 autem,
910 2649 1334 2719 Multitudinem,
1381 2651 1476 2709 sed
1532 2654 1756 2719 Nubem,
1803 2655 2023 2724 proprio

449 2745 686 2800 maxime
731 2761 864 2802 usus
901 2747 1169 2802 vocabulo
1216 2747 1283 2802 ad
1333 2764 1572 2818 praesens
1615 2759 2021 2820 argumentum.

447 2839 712 2905 Quoniam
743 2841 888 2894 enim
922 2839 1024 2909 ipsi
1054 2840 1410 2895 atilictionum
1442 2849 1580 2896 aestu
1612 2841 2018 2910 premebantur,

444 2929 710 2997 Testium,
734 2933 930 3001 inquit,
948 2933 1207 2986 memoria
1233 2933 1405 2987 instar
1435 2933 1717 2988 nubecula:
1734 2932 2017 3002 cujusdam

445 3024 685 3093 undique
724 3023 1014 3077 ambientis
1049 3038 1144 3077 vos
1175 3022 1524 3078 refocillabit.

511 3114 840 3184 Depouentes
888 3131 1038 3170 omne
1075 3114 1299 3183 pondus.
1351 3116 1467 3170 Hoc
1519 3125 1620 3181 est,
1676 3119 2016 3171 terrestrium

445 3207 794 3276 negotiorum
836 3206 1128 3271 sarcinam,
1160 3216 1214 3262 et
1238 3221 1398 3261 curas
1432 3207 1539 3262 illis
1559 3207 1840 3263 admistas.
1873 3209 2014 3264 Nihil

442 3297 588 3353 enim
623 3297 769 3353 aliud
814 3309 944 3353 sunt
981 3313 1142 3368 quant
1196 3313 1333 3352 vana
1382 3301 1624 3356 sarcina.
1675 3299 2023 3373 Quidﬂigitur

441 3407 584 3461 εῖδει-ο
609 3389 760 3445 fertis
793 3390 860 3445 ab
887 3391 1008 3446 istis
1049 3391 1268 3446 liberari
1295 3392 1318 3443 ?

513 3559 580 3612 Et
618 3560 778 3628 facile
819 3562 1170 3616 circumstans
1209 3573 1498 3630 peccatum.
1543 3560 1636 3616 Vel
1675 3563 1820 3632 quod
1857 3562 2018 3618 facile

438 3670 539 3708 n05
571 3655 911 3720 circumstet,
967 3654 1050 3708 vel
1102 3655 1244 3724 quod
1279 3654 1436 3708 facile
1492 3653 1854 3709 devictionem
1910 3655 2018 3724 pati

438 3745 612 3814 possit
645 3761 657 3796 :
693 3744 852 3799 facile
899 3744 1044 3799 enim
1087 3753 1191 3811 est,
1232 3746 1277 3799 si
1323 3743 1484 3799 modo
1509 3744 1760 3810 velimus,
1800 3744 2018 3803 vincere

434 3847 744 3907 peccatum.
779 3836 873 3891 Vel
897 3846 1120 3908 propter
1146 3838 1290 3906 quod
1329 3837 1484 3898 facile
1513 3837 1802 3906 quisquam
1840 3838 1894 3890 in
1923 3853 2017 3907 pe-

420 3929 608 3983 .ricula
636 3929 865 3984 incidit:
906 3929 1040 3982 nihil
1067 3929 1210 3982 enim
1236 3928 1371 3982 adeo
1399 3928 1768 3997 periculosum
1801 3935 1858 3979 ut
1887 3942 2016 3996 pec-

435 4026 642 4073 catum.

511 4108 616 4161 Per
649 4108 962 4177 patientiam
994 4123 1271 4160 curramus
1292 4108 1620 4177 propositum
1662 4110 1808 4163 nobis
1843 4120 2010 4164 certa-

433 4216 574 4253 men.
609 4197 726 4252 Non
779 4200 936 4259 dixit.
991 4197 1302 4269 Pugnatum
1338 4215 1688 4256 exerceamus
1723 4212 1816 4257 aut
1844 4204 2014 4260 lucte-

434 4305 581 4354 mur,
618 4288 714 4345 sed
747 4290 890 4360 quod
925 4291 1171 4344 onmium
1220 4291 1538 4345 facillimum
1588 4300 1727 4356 erat,
1761 4295 1906 4363 quod
1941 4295 2007 4348 ad

431 4395 659 4434 cursum
713 4387 949 4449 spectat,
990 4379 1138 4434 istud
1176 4379 1230 4434 in
1273 4380 1511 4437 medium
1555 4381 1782 4450 profert.
1824 4381 2011 4452 Neque

430 4470 607 4525 dixit:
637 4469 915 4524 Addamus
933 4471 1155 4535 cursui;
1189 4485 1404 4534 verum,
1435 4468 1492 4525 In
1519 4471 1611 4524 illo
1626 4472 1758 4541 ipso
1789 4490 2006 4543 perma-

2151 741 2208 792 ὲν
2240 741 2306 793 δὲ-
2329 744 2440 804 τοῖς
2500 744 2784 811 στεφάνοις
2806 747 2954 814 ἡμᾶς
2993 745 3417 816 περιμένουσινς
3455 747 3577 800 ἀλλὰ
3598 752 3670 802 xi-

2152 832 2354 896 κείνοις
2413 835 2571 886 τοῦτο
2627 837 2923 897 ἀσπαστον.
2959 837 3020 889 τὸ
3050 837 3187 906 μετὰ
3227 837 3332 890 τῶν
3358 838 3588 907 ἀδελφῶν
3611 857 3677 892 τεο

2147 920 2458 991 λειωθῆναι.
2517 924 2680 990 Σῶμα
2718 925 2775 978 ἓν
2805 928 2852 978 οἱ
2877 928 3072 988 nivea;
3127 929 3328 997 ἐσμένο
3387 928 3580 997 μείζων
3617 931 3678 997 τῷ

2147 1013 2360 1084 σώματι
2390 1014 2552 1086 ἡδονὴ
2581 1017 2708 1070 ὅταν
2744 1019 2896 1087 κοινῇ
2935 1019 3292 1088 στεφανῶται.
3332 1019 3515 1090 Πατὴρ
3545 1021 3678 1089 φιλὸ-

2145 1122 2372 1174 στοργος
2409 1108 2437 1158 ὁ
2465 1106 2616 1171 Θεὸς,
2651 1106 2940 1178 διαφόρους
2974 1109 3112 1179 ἔχων
3144 1111 3313 1174 υίούςο
3340 1111 3389 1162 of
3419 1110 3516 1178 μὲν
3535 1111 3678 1163 ἐπαν-

2141 1195 2304 1263 ῆλθον
2351 1198 2416 1249 ἐκ
2451 1197 2559 1250 τῶν
2599 1198 2787 1267 ἀγρῶν
2814 1198 3020 1268 τάχιον,
3044 1199 3112 1252 τὰ
3149 1200 3287 1270 ἔργα
3311 1198 3612 1262 ἀνύσαντες,
3640 1204 3679 1252 οἱ

2139 1289 2196 1342 δὲ
2236 1288 2315 1342 ἔτι
2345 1292 2599 1359 μένουσιν
2627 1292 2744 1343 ἐκεῖ
2780 1291 3161 1360 ἐργαζόμενοι.
3187 1291 3399 1345 Δέδοικε
3425 1292 3536 1354 τοῖς
3565 1309 3677 1360 πρυ-

2140 1381 2379 1450 καμοῦσι
2427 1382 2715 1452 προγευμά
2759 1400 2829 1443 τι,
2877 1381 3046 1435 εἰπὼν
3103 1382 3419 1452 περιμένειν
3474 1383 3551 1444 εἰς
3600 1383 3680 1450 τὴν

2136 1472 2348 1525 τελείαν
2377 1473 2608 1542 εὐωχίαν
2631 1474 2756 1536 τοὺς
2790 1472 3052 1542 ἀδελφούς
3074 1489 3087 1503 ο
3113 1475 3162 1525 oi
3184 1473 3240 1524 δὲ
3273 1472 3627 1542 φιλάνθρωποί
3645 1472 3678 1502 "°

2137 1561 2286 1624 ὄντες
2320 1563 2597 1634 χαίροντες
2621 1564 3004 1634 ἀναμένουσιν,
3033 1563 3121 1618 ἴνα
3153 1563 3246 1616 καὶ
3274 1564 3430 1633 κοινῇ
3469 1562 3679 1630 εὐφραν-

2139 1651 2292 1706 θῶσι.

2724 1924 2972 1978 ΚΕΦΑΛ.
3023 1923 3121 1980 ΙΒ’.

2215 2014 2534 2086 Τοιγαροῦν
2579 2014 2675 2068 καὶ
2710 2015 2881 2084 ἡμεῖς
2918 2016 3209 2070 τοσοῦτον
3255 2015 3502 2085 ἔχοντες
3545 2027 3680 2081 περι-

2138 2110 2415 2178 κείμενον
2465 2106 2645 2178 νέφος
2691 2109 3029 2178 μαρτύρων.
3104 2110 3216 2161 Οὐκ
3255 2103 3434 2172 εἶπεν,
3477 2108 3680 2174 ὑπεραι-

2139 2203 2404 2273 ρούμενον
2463 2201 2622 2271 ἡμων
2648 2240 2663 2263 ,
2713 2200 2891 2268 ἀλλά,
2934 2201 3386 2268 περικείμενον,
3434 2198 3679 2259 τουτέστι,

2135 2294 2402 2348 πάντοθεν
2435 2295 2583 2364 ἡμᾶς
2611 2293 2886 2364 περιέχον.
2945 2293 3244 2362 Μάρτυρας
3272 2291 3351 2356 δὲ,
3403 2290 3469 2344 οὐ
3494 2288 3610 2352 τούς
3633 2289 3680 2340 ἐν

2133 2387 2198 2454 τῇ
2233 2385 2406 2452 Καινῇ
2438 2381 2592 2435 καλεῖ
2634 2380 2815 2451 μόνον,
2849 2380 2985 2434 ἀλλὰ
3017 2380 3114 2433 καὶ
3138 2379 3263 2442 τοὺς
3286 2379 3344 2431 ὲν
3373 2381 3442 2448 τῇ
3473 2377 3678 2446 Παλαιᾷ.

2133 2477 2244 2530 Καὶ
2281 2475 2390 2545 γὰρ
2423 2475 2518 2528 καὶ
2545 2474 2698 2528 αὐτοὶ
2725 2471 3115 2543 ἐμαρτύρησαν
3147 2474 3212 2541 τῇ
3241 2469 3335 2522 τοῦ
3366 2468 3503 2522 Θεοῦ
3536 2483 3678 2538 μεγαν

2131 2568 2392 2634 λειότητι,
2419 2567 2494 2630 ὼς
2509 2568 2558 2620 οἱ
2579 2567 2726 2638 τρεῖς
2757 2564 2966 2628 παῖδες,
3001 2562 3094 2616 καλ⁵
3123 2561 3340 2632 Δανιὴλ,
3371 2561 3471 2613 καὶ
3505 2557 3680 2618 πάντες

2129 2661 2178 2712 oi
2211 2657 2507 2732 προφῆται.
2561 2657 2674 2710 Οὐκ
2726 2650 2846 2708 εἷπε
2890 2654 2967 2718 δὲ,
3024 2653 3250 2723 πλῆθος,
3295 2650 3458 2716 ἀλλὰ,
3495 2650 3678 2718 νέφος,

2128 2753 2434 2806 οἰκειότατοι
2474 2751 2608 2822 πρὸς
2637 2750 2736 2822 τὴν
2762 2748 3042 2819 παροῦσαν
3069 2746 3347 2801 ὑπόθεσιν.
3417 2743 3569 2798 Ἐπεὶ
3587 2742 3678 2812 γὰρ

2129 2841 2384 2896 καύσωνα
2415 2835 2558 2910 εῖχον
2606 2839 2760 2891 αὐτοὶ
2789 2837 2898 2890 τῶν
2937 2836 3191 2906 θλίψεων,
3237 2834 3431 2904 ὥσπερ
3483 2849 3563 2894 τις
3609 2845 3679 2881 νε-

2129 2933 2287 3002 φέλη,
2357 2932 2544 3001 φησὶν,
2604 2931 2637 3000 ἡ
2684 2930 2874 3000 μνήμη
2926 2927 3033 2980 τῶν
3088 2925 3386 2998 μαρτύρων
3438 2920 3675 2990 ἀναψύξει

2128 3024 2271 3094 ὑμᾶς
2303 3021 2565 3076 πάντοθεν
2604 3021 2953 3091 περιέχουσα.

2202 3117 2424 3183 Ὀγκον
2444 3112 2796 3181 ἀποθέμενοι
2824 3109 3041 3167 πάντα.
3107 3107 3395 3169 Τουτέστι,
3440 3105 3502 3159 τδ
3535 3103 3678 3173 βάρος

2125 3205 2234 3259 τῶν
2256 3193 2472 3273 ’γηΐνων
2498 3203 2838 3272 πραγμάτων
2887 3202 2984 3254 καὶ
3011 3199 3119 3252 τῶν
3149 3201 3236 3252 ἐπ’
3270 3201 3461 3262 αὐτοῖς
3481 3193 3678 3268 φροντί-

2124 3293 2249 3347 δων.
2311 3293 2477 3346 Οὐδὲν
2525 3292 2656 3361 γὰρ,
2699 3291 2881 3360 φησὶν,
2944 3289 3072 3343 ἄλλο
3105 3288 3310 3360 εἰσινῆ
3373 3288 3536 3357 ὄγκος
3588 3282 3678 3353 μά-

2123 3399 2294 3445 ταιος.
2351 3381 2416 3434 Τί
2471 3376 2564 3435 οὖν
2623 3381 2715 3434 ἐπὶ
2777 3383 2844 3452 τῇ
2901 3379 3192 3450 ἀπαλλαγῇ
3241 3378 3458 3432 τούτων
3511 3378 3678 3444 δυσχε-

2127 3471 2334 3541 ραίνετε
2359 3487 2375 3536 ;

2195 3563 2301 3618 Kal
2339 3564 2455 3630 τὴν
2490 3563 2921 3630 εὐπερίστατον
2949 3561 3262 3632 ἁμαρτίαν.
3301 3561 3379 3613 Ἦ
3415 3560 3516 3631 τὴν
3543 3556 3679 3612 εὐκό-

2121 3654 2228 3717 λως
2264 3655 2690 3724 περιισταμένην
2715 3657 2882 3724 ἡμᾶς,
2910 3654 2942 3724 ἢ
2971 3653 3070 3724 τὴν
3105 3653 3346 3716 εὐκόλως
3375 3651 3678 3723 περίστασιν

2122 3745 2315 3799 παθεῖν
2346 3745 2671 3815 δυναμένην.
2720 3745 2928 3816 Ῥᾴδιον
2956 3746 3086 3814 γὰρ,
3113 3744 3209 3797 ἐὰν
3241 3744 3520 3814 θέλωμεν,
3547 3756 3680 3809 περι-

2120 3835 2374 3908 γενέσθαι
2407 3834 2504 3904 τῆς
2543 3835 2838 3904 ἁμαρτίας.
2897 3833 2965 3887 "ll
3011 3833 3080 3886 δι’
3114 3835 3181 3904 ἢν
3212 3831 3464 3894 εὐκόλως
3503 3845 3583 3892 τις
3610 3827 3678 3888 είς

2119 3928 2467 4000 περιστάσεις
2499 3926 2786 3997 ἐμπίπτει,
2840 3925 2991 3979 οὐδὲν
3037 3925 3145 3994 γὰρ
3178 3923 3324 3977 οὕτω
3374 3920 3678 3980 κινδυνῶδες

2119 4019 2192 4082 ὡς
2228 4015 2490 4088 ἁμαρτία.

2186 4109 2268 4163 Δι’
2331 4107 2649 4176 ὑπομονῆς
2711 4106 3012 4174 τρέχωμεν
3077 4105 3185 4158 τὸν
3249 4102 3681 4171 προσκείμενον

2115 4203 2260 4273 ἡμῖν
2303 4200 2524 4270 ἀγῶνα.
2576 4201 2690 4253 Οὐκ
2735 4195 2880 4262 εἶπε,
2920 4197 3309 4266 Πυκτεύωμεν,
3341 4196 3469 4249 οὐδὲ
3501 4190 3677 4246 παλαί-

2114 4311 2287 4364 ωμεν,
2317 4291 2430 4345 ἀλλ’
2460 4292 2489 4344 ὃ
2535 4292 2756 4345 πάντων
2789 4290 3120 4360 κουφότερον
3151 4284 3220 4360 ἦν
3245 4287 3308 4341 τὸ
3336 4287 3436 4341 τοῦ
3465 4286 3673 4356 δρόμου.

2111 4385 2274 4439 τοῦτο
2325 4386 2405 4448 εἰς
2463 4383 2626 4452 μέσον
2667 4382 2928 4435 τέθεικεν.
2969 4381 3103 4434 Οὐδὲ
3154 4374 3302 4440 εἷπε,
3353 4377 3673 4449 Προσθῶμεν

2110 4475 2189 4547 τῷ
2219 4475 2424 4545 δρόμῳ,
2453 4473 2588 4537 ἀλλ’,
2619 4472 2704 4526 Ἐν
2725 4471 2872 4541 αὐτῷ
2889 4471 3064 4539 τούτῳ
3084 4463 3675 4536 ὑπομείνωμεν.⁶’Δλλοι

428 4577 678 4616 neamus.
719 4563 822 4615 Alii
849 4563 992 4616 enim
1028 4577 1124 4630 per
1150 4561 1574 4627 continentiam,
1610 4564 1700 4616 alii
1729 4580 1826 4632 per
1858 4565 2005 4619 elec-

2134 4567 2214 4620 ιὲν
2266 4567 2375 4634 γὰρ
2421 4564 2488 4618 δι’
2542 4563 2911 4632 ἐγκρατείας,
2947 4561 3098 4613 ἄλλοι
3154 4560 3225 4612 δι’
3284 4555 3671 4627 ὲλεημοσύνης.

329 4650 332 4651 ⁷
424 4667 738 4723 'mosyuam,
769 4653 858 4705 alii
908 4669 1002 4722 per
1033 4653 1195 4706 aliam
1222 4653 1481 4706 virtutem
1522 4667 1743 4706 currere
1766 4655 1964 4708 debent
1991 4672 2004 4717 ;

427 4757 527 4795 vos
563 4756 690 4796 vero
730 4756 825 4809 per
857 4742 1174 4806 patientiam
1211 4757 1226 4794 :
1275 4741 1432 4796 vobis
1467 4742 1609 4795 enim
1653 4744 1830 4798 iSthac
1867 4760 2004 4813 opus

410 4843 532 4893 est,
564 4835 640 4886 uti
667 4849 830 4901 supra
863 4833 1068 4887 dictum
1106 4846 1208 4888 est.

497 4922 666 4977 Vsus.
697 4922 751 4976 2.
789 4925 1113 4992 Aspicieutes
1150 4927 1201 4979 in
1249 4937 1513 4980 auctorem
1538 4927 1660 4995 ﬁdei
1682 4936 1731 4981 et
1763 4943 2003 4981 consum-

417 5026 681 5070 matorem
709 5013 913 5070 Iesum.
952 5015 1064 5070 lloc
1097 5026 1202 5076 est.
1255 5018 1299 5072 si
1349 5020 1582 5073 velimus
1620 5018 1833 5074 discere
1863 5033 1999 5088 quo-

426 5109 588 5164 modo
612 5124 707 5176 per
742 5110 1060 5178 patientiam
1103 5111 1176 5163 sit
1214 5111 1574 5176 currendum,
1611 5109 1676 5163 ad
1712 5110 1993 5166 Christum

413 5201 835 5270 respiciamus,
889 5201 1350 5269 quemadmodum
1400 5203 1492 5271 qui
1545 5212 1689 5256 artes
1751 5202 1993 5265 discunt,

420 5303 790 5363 przeceptores
832 5309 964 5349 suos
1014 5294 1317 5358 intuentur,
1363 5296 1505 5363 quod
1541 5304 1591 5350 et
1633 5295 1750 5364 ipse
1806 5294 1989 5348 dixit:

421 5385 627 5439 Discite
650 5403 681 5438 a
714 5403 794 5439 me
809 5386 889 5450 ἰς
926 5396 980 5438 et
1004 5401 1194 5440 rursus
1225 5403 1239 5439 :
1275 5386 1426 5452 Quod
1473 5389 1520 5442 si
1547 5386 1992 5456 patremfamilias

425 5472 717 5528 Beelzebub
743 5474 1098 5542 appellarunt,
1131 5484 1329 5543 quanto
1356 5478 1530 5544 potius
1561 5493 1648 5532 vos
1670 5476 1988 5530 domesticos

497 5649 544 5682 ⁵⁸
576 5630 762 5703 Matib.
797 5663 875 5712 st,
919 5648 1010 5703 29.

2113 4657 2262 4712 ἄλλοι
2299 4657 2366 4709 δι’
2414 4655 2580 4724 ἄλλης
2637 4653 2840 4722 ἀρετῆς
2887 4651 3162 4720 ὀφείλουσι
3215 4649 3480 4719 τρέχεινο
3535 4645 3673 4713 ὑμεῖς

2111 4749 2167 4801 δὲ
2206 4749 2273 4801 δι’
2321 4746 2621 4816 ὑπομονῆς.
2670 4744 2888 4812 Ταύτης
2936 4743 3046 4814 γὰρ
3077 4742 3208 4812 ὑμῖν
3242 4739 3430 4811 χρεία,
3492 4739 3564 4800 ὡς
3594 4734 3673 4787 καὶ

2109 4838 2367 4908 ἀνωτέρω
2394 4825 2737 4906 προείρηται.

2191 4928 2546 4997 Ἄςρορώντες
2592 4929 2678 4992 είς
2708 4925 2817 4978 τὸν
2847 4921 2956 4989 τῆς
2979 4924 3240 4985 πίστεως
3281 4917 3560 4988 ἀρχηγὸν
3586 4912 3669 4967 καὶ

2107 5016 2426 5083 τελειωτὴν
2455 5014 2718 5081 Ἰησοῦν.
2751 5013 3057 5073 Τουτέστιν,
3090 5012 3185 5064 ὲάν
3213 5009 3466 5078 θέλωμεν
3498 5004 3670 5075 μαθεῖν

2104 5113 2164 5164 τὸ
2193 5109 2402 5179 τρέχειν
2425 5107 2469 5138 ⁷ο
2498 5107 2566 5158 δι’
2587 5105 2885 5175 ὑπομονῆς,
2919 5104 3052 5171 πρὸς
3073 5103 3167 5155 τὸν
3199 5101 3445 5172 Χριστὸν
3473 5095 3672 5165 ἀφορῶ-

2107 5217 2228 5271 μεν,
2259 5199 2449 5268 ὥσπερ
2491 5199 2540 5249 οἱ
2569 5198 2762 5266 τέχνας
2793 5196 3158 5265 μανθάνοντες
3187 5193 3327 5264 πρὸς
3366 5193 3501 5255 τοὺς
3537 5189 3668 5241 διδα-

2105 5291 2333 5353 σκάλους
2358 5307 2372 5321 ·
2411 5291 2548 5356 ὅπερ
2587 5286 2680 5340 οὐν
2714 5286 2810 5338 καὶ
2852 5285 3015 5346 αὐτὸς
3048 5284 3203 5352 ἔλεγε
3240 5299 3254 5313 ·
3309 5283 3548 5337 Μάθετε
3575 5274 3668 5332 ἀπ’

2099 5381 2244 5450 ἐμοῦ
2284 5398 2296 5412 ·
2348 5382 2442 5434 καὶ
2488 5380 2647 5433 πάλιν
2669 5394 2682 5408 °
2725 5381 2795 5432 El
2827 5376 2934 5431 τὸν
2962 5373 3412 5440 οἰκοδεσπότην
3443 5367 3666 5428 Βεελᾶ-

2099 5473 2246 5529 6οὺλ
2304 5472 2630 5537 ἐκάλεσαν,
2679 5471 2850 5535 πόσῳ
2896 5465 3138 5539 μᾶλλον
3173 5465 3323 5531 τοὺς
3365 5459 3666 5522 οἰκιακοὺς

1753 5739 1957 5802 Variae
1983 5737 2312 5800 lectiones.

496 5851 542 5884 το
561 5847 875 5920 φιλάδελφοι
917 5862 987 5900 m.
1065 5845 1107 5876 "
1133 5844 1316 5916 φέρειν
1357 5861 1429 5897 m'
