3860 6546
175 486 266 555 θῑθ

866 472 1177 536 EXPOSI'I
1196 475 1269 533 10
1302 471 1381 534 IN
1418 470 1654 534 EPIST.
1698 472 1799 533 AD
1839 468 2237 533 HEBRIEOS.
2261 496 2331 509 ·-
2366 464 2526 529 CAP.
2560 464 2700 527 XII.

3297 459 3414 523 370‘

175 591 372 656 αὐτυῦ;
420 587 532 653 καὶ,
577 585 694 642 Οὐκ
741 585 876 641 ἐστι
915 588 1188 658 μαθητὴς
1224 587 1375 656 ὑπὲρ
1409 586 1517 641 τὸν
1546 584 1744 644 διδάοε

1858 604 1894 642 is
1907 589 1988 642 ius
2013 587 2103 641 "?
2131 594 2186 641 et
2207 584 2371 639 :‘Nou
2390 593 2467 639 est
2494 578 2785 651 discipulus
2821 592 2983 648 supra
3008 576 3316 646 magistrum
3333 574 3417 627 ⁸⁶.·

175 687 406 743 σκαλον.
466 680 532 735 Ti
579 680 635 735 δέ
681 681 850 745 ἐστιν,
897 680 1169 750 ἀρχηγὸν
1213 680 1311 735 καί
1362 678 1720 743 releuetur;

174 777 422 833 τουτέστιν
472 773 642 837 mare;
686 772 779 827 καὶ
808 772 908 844 τὴν
950 772 1134 825 πίστιν
1164 774 1296 842 ἡμῖν
1338 769 1396 836 ἐξ
1430 770 1603 841 ἀρχῆς
1635 770 1721 822 ὲνο

176 870 346 938 έθηκεν
365 868 535 920 σ-Οὐ
556 865 665 936 γὰρ
681 865 850 936 ὑμεῖς
858 882 959 931 με,
977 864 1163 935 φησὶν,
1183 863 1566 928 ἐξελέξασθε,
1584 860 1726 915 δαίνυ

176 960 274 1030 ἐγὼ
308 958 670 1028 ἐξελεξάμην
695 955 849 1027 ὑμᾶς
876 972 890 988 ·
915 987 988 999 ——
1006 957 1100 1010 καὶ
1128 954 1188 1009 τὸ
1225 956 1377 1019 τέλος
1411 955 1573 1019 αὐτὸς
1602 954 1722 1006 ἐπι-

177 1051 332 1122 θήσει,
366 1049 439 1110 ὡς
469 1047 811 1118 τελειοτάτην
839 1045 1010 1117 αὑτὴν
1032 1046 1176 1118 ἔχειν
1207 1045 1370 1114 ὑμᾶς.

241 1143 338 1207 ’ος
386 1139 519 1194 ἀντὶ
561 1135 664 1206 τῆς
713 1136 1110 1208 προκειμένης
1146 1136 1307 1202 αὐτῷ
1334 1132 1543 1206 χαρᾶς,
1608 1136 1725 1191 ὐπ-

176 1233 348 1303 ἐμεινε
376 1229 661 1299 σταυρὸν,
692 1230 995 1299 αἰσχύνης
1040 1226 1532 1298 καταφρονήσας.
1564 1226 1725 1296 Ἐξῆν

177 1324 271 1394 γάρ
301 1321 444 1395 αὑτῷ
490 1322 566 1394 μὴ
611 1320 824 1387 παθεῖν,
858 1321 934 1394 μὴ
965 1321 1258 1376 ἀποθανεῖν
1286 1338 1302 1353 ’
1333 1320 1727 1390 ἀναμάρτητος

178 1417 270 1486 γὰρ
300 1414 391 1477 ῶν,
418 1414 636 1485 θανάτῳ
676 1415 777 1486 οὑχ
822 1416 1080 1470 ὑπέκειτο
1105 1431 1121 1448 ο
1151 1415 1180 1470 ὃ
1224 1416 1321 1470 καὶ
1342 1415 1503 1477 αὐτὸς
1528 1413 1679 1481 λέγει
1710 1429 1725 1443 ·

182 1508 432 1575 Ἔρχεται
461 1508 495 1560 d
539 1505 645 1560 τοῦ
675 1506 908 1576 κόσμου
955 1506 1177 1576 ἅρχων,
1224 1505 1323 1561 καὶ
1353 1507 1423 1561 ἐν
1449 1506 1578 1576 ἐμοὶ
1616 1507 1728 1561 οὐκ

179 1597 286 1667 ἔχει
317 1596 511 1652 οὐδέν.
550 1598 614 1652 Εἰ
646 1594 740 1653 οὖν
778 1599 878 1653 οὑκ
909 1598 1124 1668 ἢθελεν,
1157 1600 1257 1653 οὑκ
1288 1598 1355 1652 ἂν
1379 1598 1725 1669 ἐσταυρώθηο

178 1690 202 1742 ὅ
229 1687 312 1741 καὶ
334 1689 488 1751 αὐτὸς
521 1689 708 1758 ἔλεγεν
733 1706 748 1722 ⁸
765 1691 1087 1756 Ἐξουσίαν
1116 1692 1236 1761 ἔχω
1261 1692 1449 1747 θεῖναι
1480 1692 1596 1761 τὴν
1616 1695 1731 1763 ψυ-

181 1781 285 1851 χήν
303 1798 437 1850 μου.
489 1780 632 1835 Ἀλλ’
663 1783 813 1852 ὅμως
840 1783 1074 1853 σταυρὸν
1106 1783 1390 1854 ὑπέμεινε,
1426 1785 1727 1850 τουτέστιν,

179 1868 263 1937 οὑχ
297 1866 473 1930 ἁπλῶς
524 1867 759 1923 θάνατον
793 1910 810 1933 ,
870 1869 1008 1925 ἀλλὰ
1050 1871 1144 1926 τὸν
1198 1873 1586 1938 ἐπονείδιστον,
1635 1873 1730 1927 καὶ

181 1958 524 2029 κατεφρόνησε
580 1961 681 2030 τῆς
736 1962 830 2015 ἐπὶ
880 1961 1126 2016 τοιούτου
1172 1962 1401 2019 θανάτου
1442 1964 1727 2036 αἰσχύνης.

182 2050 280 2104 Οὐκ
320 2046 435 2104 εἷπε
468 2050 547 2117 δὲ,
582 2050 776 2123 Δύπης
805 2055 1226 2127 καταφρονήσας
1250 2070 1266 2086 ο
1302 2055 1423 2109 οὑδὲ
1453 2056 1564 2129 γὰρ
1594 2055 1735 2129 μετὰ

182 2142 336 2210 λύπης
365 2142 535 2198 ταῦτα
560 2143 777 2217 ἔφερεν.
1398 2136 1413 2151 ⁸

254 2236 347 2290 Ἕν
376 2234 542 2305 δεξιᾷ
587 2253 651 2291 τε
679 2237 786 2293 τοῦ
814 2238 1033 2306 θρόνου
1064 2237 1173 2294 τοῦ
1210 2241 1359 2296 Θεοῦ
1396 2241 1734 2298 κεκάθικεν.

196 2326 339 2399 Ὁρᾷς
358 2328 417 2382 τὸ
443 2329 602 2393 τέλος
634 2331 731 2398 τῆς
766 2331 1049 2402 ὑπομονῆς
1071 2332 1174 2388 ποῦ
1204 2333 1526 2399 ἀναϐιϐάζει
1551 2351 1566 2399 ;
1593 2334 1622 2387 ὃ
1644 2334 1739 2388 καὶ

188 2421 391 2491 ἀλλαχοῦ
409 2438 540 2493 φησι
574 2437 591 2454 ο
629 2422 727 2475 Διὸ
758 2422 857 2478 καὶ
886 2426 920 2478 ὁ
956 2424 1102 2491 Θεὸς
1127 2424 1318 2481 αὐτὸν
1346 2427 1737 2496 ὺπερύψωσε,

190 2510 241 2564 τὸ
288 2510 423 2566 κατὰ
472 2513 658 2583 σάρκα
713 2512 914 2583 λέγων.
976 2515 1141 2570 ’Ὥστε
1187 2514 1412 2572 δύναται
1464 2518 1559 2572 καὶ
1597 2518 1743 2586 ὑμᾶς

190 2602 500 2673 ἀμείψασθαι
546 2605 693 2676 ὑπὲρ
747 2606 858 2661 τῶν
903 2607 974 2662 δι’
1022 2607 1186 2663 αὑτὸν
1229 2608 1482 2679 θλίψεων.
1538 2611 1604 2665 Ἦ
1633 2611 1744 2683 γὰρ

193 2693 422 2838 ἒνλὲξιᾷ
475 2695 745 2768 καθέδρα,
789 2697 849 2752 τὸ
908 2698 1046 2771 πρὸς
1097 2699 1188 2754 τὸν
1238 2700 1460 2773 Πατέρα
1501 2701 1745 2774 ἰσότιμον

222 2804 247 2838 η
330 2823 346 2838 .

222 2788 346 2856 ηλοί.

262 2881 730 2953 Ἀναιιοτίσασθε
769 2882 879 2954 γὰρ
905 2883 1016 2939 τὸν
1060 2886 1345 2955 τοιαύτην
1374 2888 1752 2957 ὑπομεμενη-

196 2974 323 3029 κότα
346 2973 493 3045 ὑπὲρ
521 2974 649 3030 τῶν
674 2975 1039 3045 ἁμαρτωλῶν
1057 2979 1145 3043 εις
1164 2977 1353 3033 αὑτὸν
1378 2978 1750 3050 ἀντιλογίαν.

197 3067 370 3121 Καίτοι
418 3067 468 3120 εί
505 3068 609 3122 καὶ
665 3068 974 3138 ὁμοδούλων
1028 3067 1176 3141 πάθη
1222 3070 1604 3140 ἀναλογίζεται
1643 3088 1750 3138 τις,

199 3158 376 3223 ίκανῶς
399 3157 834 3231 παραμυθεῖται,
863 3160 1017 3232 πόσῳ
1050 3162 1249 3233 μᾶλλον
1294 3161 1366 3216 τὰ
1393 3162 1488 3215 τοῦ
1545 3161 1753 3216 Δεσπό-

1824 679 1964 746 Quid
2014 686 2196 733 autem
2234 671 2317 732 est
2353 673 2498 744 quod
2537 674 2631 738 ait,
2667 680 2937 726 auctorem
2976 676 3024 723 et
3069 681 3406 722 consumam-

1826 773 2033 826 torem?
2061 768 2172 823 lloe
2215 776 2319 832 est,
2354 767 2473 838 Ipse
2513 765 2671 820 ﬁdem
2721 762 2880 819 nobis
2916 759 2985 815 ab
3030 758 3187 814 initio
3232 758 3406 826 impo-
3440 808 3455 817 ,

1825 861 2158 926 suit,—-Non
2191 861 2327 915 enim
2356 876 2445 914 vos
2467 873 2567 921 me,
2589 856 2788 926 inquit,
2811 853 3061 923 elegistis.
3084 851 3172 905 sed
3201 865 3294 919 ego
3318 864 3405 902 vos

1824 957 1954 1027 elegi
1977 955 2134 1020 ⁹⁷,--
2161 967 2225 1007 ac
2260 951 2417 1006 linem
2452 950 2614 1004 etiam
2647 955 2701 1003 et
2729 942 3256 1002 consummationem
3291 939 3407 1008 ipse

1827 1058 2083 1120 apponet.
2114 1054 2174 1101 ut
2206 1059 2302 1099 vos
2324 1057 2445 1098 eam
2480 1037 2931 1111 perfectissimam
2960 1033 3230 1090 habeatis.

1901 1142 2006 1208 Qui
2049 1156 2144 1210 pro
2186 1135 2459 1209 proposito
2500 1131 2601 1187 sibi
2645 1130 2843 1202 gaudio
2886 1126 3140 1183 sustinuit
3171 1139 3404 1183 crucem,

1831 1233 2121 1306 ignominia
2173 1236 2493 1297 contempta.
2525 1223 2773 1293 iLicebat
2815 1220 2958 1276 enim
3000 1218 3103 1287 ipsi
3132 1232 3238 1271 non
3274 1216 3404 1285 pati,

1831 1344 1939 1384 non
1967 1327 2125 1382 mori.
2157 1324 2293 1380 Cum
2330 1321 2474 1377 enim
2510 1315 2718 1388 peccati
2761 1313 2942 1371 omnis
2980 1325 3175 1381 expers
3223 1319 3405 1371 esset,

1831 1423 1993 1477 morti
2041 1434 2150 1473 non
2195 1413 2640 1485 subjiciebatur:
2682 1406 2831 1478 quod
2863 1412 2918 1462 et
2956 1404 3072 1474 ipse
3101 1401 3177 1456 ait
3206 1419 3219 1455 ε
3244 1400 3409 1471 746

1834 1514 1980 1570 Venit
2026 1509 2210 1566 mundi
2259 1507 2499 1576 princeps
2530 1545 2545 1569 ,
2589 1513 2639 1558 et
2698 1502 2753 1556 in
2801 1515 2882 1555 me
2932 1513 3033 1552 non
3066 1495 3216 1548 habet
3253 1492 3413 1562 quid-4

1829 1612 1989 1674 qua‘m
2016 1602 2078 1654 ⁸⁸.
2115 1600 2171 1655 Si
2216 1597 2390 1668 igitur
2425 1593 2715 1658 uoluisset,
2751 1606 2860 1646 non
2900 1597 3042 1643 esset
3070 1582 3407 1639 cruciﬁxus:

1830 1672 1977 1766 quod
2017 1701 2071 1747 et
2103 1691 2223 1761 ipse
2249 1688 2388 1743 dixit
2419 1704 2435 1742 :
2468 1685 2795 1740 Potestatem
2842 1679 3006 1735 habeo
3034 1674 3261 1746 ponendi
3294 1672 3414 1726 ani‘

1834 1800 1972 1839 mam
2004 1797 2170 1836 nteant
2209 1778 2277 1832 ³⁸.
2313 1777 2567 1831 Attamen
2596 1787 2820 1828 crucem
2853 1767 3141 1833 sustinuit,
3175 1766 3279 1819 hoc
3310 1774 3413 1823 est.

1833 1892 1943 1933 non
1970 1871 2296 1943 simpliciter
2318 1879 2572 1931 mortem,
2597 1865 2692 1922 sed
2720 1861 3202 1921 contumeliosam,
3226 1872 3416 1927 asper--

1836 1976 2112 2037 natusque
2140 1971 2226 2019 est
2257 1959 2612 2031 ignominiam
2649 1956 2777 2011 inde
2833 1951 3266 2025 provenicntem.
3296 1946 3413 2001 Non
3478 1977 3482 1982 -

1835 2070 2017 2116 autem
2050 2056 2206 2123 dixit,
2238 2051 2480 2109 Tristitia
2502 2055 2815 2118 contempta
2850 2063 2863 2100 :
2906 2057 3085 2113 neque
3115 2039 3259 2097 enim
3287 2054 3411 2094 cum

1836 2151 2060 2210 tristitia
2095 2149 2198 2205 ista
2230 2145 2459 2201 ferebat.

1908 2244 2076 2314 Atque
2112 2242 2167 2295 in
2193 2239 2412 2295 dextera
2439 2234 2576 2290 sedis
2606 2232 2703 2288 Dei
2735 2230 2898 2288 sedet.
2930 2226 3100 2283 Vides
3126 2225 3285 2280 linem
3321 2234 3417 2290 pa-

1841 2336 2065 2400 tientiae,
2088 2347 2196 2405 quo
2228 2327 2513 2402 perducit?
2545 2326 2598 2381 id
2621 2322 2766 2395 quod
2798 2320 2926 2376 alibi
2959 2319 3093 2374 dixit
3124 2334 3138 2374 :
3171 2315 3418 2384 Propter-

1841 2446 1905 2485 ea
1954 2428 2093 2483 Deus
2146 2425 2307 2480 etiam
2348 2418 2757 2491 superexaltavit
2780 2431 2899 2469 eum
2930 2414 2977 2445 ιθ
3014 2432 3028 2468 :
3058 2411 3124 2466 de
3154 2423 3316 2465 carne
3341 2407 3419 2459 lo-

1843 2536 2040 2594 quens.
2081 2517 2267 2572 Potest
2315 2514 2500 2582 itaque
2553 2510 2709 2565 vobis
2764 2503 3071 2560 mercedem
3127 2496 3421 2567 rependere

1847 2588 1945 2685 pro
1983 2605 2372 2665 afflictionibus
2414 2617 2516 2658 suo
2556 2599 2781 2655 nomine
2825 2595 3094 2650 toleratis.
3156 2588 3427 2646 Cathedra

1847 2678 1992 2762 enim
2020 2712 2075 2757 et
2114 2698 2291 2756 sessio
2326 2694 2396 2750 ad
2418 2693 2692 2758 dextram,
2725 2688 3095 2760 aequalitatem
3123 2697 3242 2738 cum
3268 2678 3429 2734 Patre

1849 2792 2146 2852 signiﬁcat.

1938 2812 2146 2847 tllllcat.

1902 2812 2091 2939 gVens.
2128 2882 2183 2936 5.
2212 2876 2517 2948 Recogitate
2544 2872 2683 2928 enim
2714 2884 2832 2925 eunt
2860 2866 2949 2939 qui
2979 2864 3140 2920 talem
3176 2862 3432 2918 sustinuit

1854 2998 1887 3035 a
1917 2973 2280 3048 peccatoribus
2328 2969 2605 3025 adversum
2645 2981 2701 3020 se
2740 2960 3235 3017 contradictionem.
3275 2954 3435 3022 Quod

1857 3073 1902 3128 si
1934 3070 2060 3142 quis
2094 3072 2485 3123 conservorum
2520 3071 2748 3115 suorum
2798 3053 3125 3110 aillictiones
3152 3054 3432 3119 reputans,

1857 3139 2076 3220 abunde
2102 3175 2161 3214 se
2191 3156 2530 3219 consolatur,
2562 3156 2772 3221 quanto
2807 3147 2979 3215 magis
3007 3144 3052 3200 si
3085 3142 3299 3197 [lumini
3326 3139 3433 3201 sui.

196 3264 277 3302 του
303 3248 393 3303 τοῦ
429 3248 695 3320 τοιαύτην
728 3232 1059 3320 ἀντιλογίαν
1084 3252 1523 3322 ὑπομείναντοςς
1554 3253 1584 3307 ὂ
1611 3254 1744 3320 ἐστι,

1860 3255 1952 3327 qui
2008 3260 2215 3308 tantam
2269 3244 2765 3302 contradictionem
2809 3236 3051 3308 pertulit,
3114 3232 3436 3288 amictiones

198 3342 435 3411 γέλωτας,
465 3343 788 3415 χλευασίας,
840 3343 1041 3414 ὀνείδη,
1079 3344 1223 3398 κατὰ
1271 3344 1562 3415 πρόσωπον
1611 3345 1751 3414 πλη-

202 3435 308 3504 τάξ,
351 3438 447 3491 ὅσα
490 3438 790 3507 ἀντέλεγον
829 3440 951 3501 ταῖς
997 3436 1373 3501 διδασκαλίαις
1425 3435 1615 3501 αὑτοῦ,
1655 3437 1755 3502 τὰς

201 3528 278 3580 ἐπὶ
301 3529 523 3584 Πιλάτου
551 3528 828 3601 κραυγὰς,
861 3528 1174 3582 τελευταῖον
1208 3529 1466 3600 σταυρόν.
1516 3529 1757 3599 Ἐμφαν-

201 3620 332 3675 τικὺν
361 3622 465 3692 γὰρ
493 3622 581 3687 τὸ,
614 3623 941 3690 τοσαύτην,
991 3622 1295 3687 τουτέστιν,
1348 3622 1476 3693 ἄχρι
1525 3622 1757 3677 θανάτου

203 3713 469 3782 φέρουσαν,
498 3715 600 3770 καὶ
632 3714 826 3776 ταῦτα,
871 3714 961 3768 τοῦ
998 3714 1138 3786 μετὰ
1168 3715 1407 3788 λῃστῶν,
1456 3731 1552 3768 και
1582 3714 1758 3769 ταῦτα

203 3803 295 3858 ὑπδ
321 3807 683 3881 ἁμαρτωλῶν,
714 3809 825 3862 τῶν
848 3808 1077 3863 ἐθνικῶν
1103 3808 1328 3881 δηλαδὴ,
1364 3809 1398 3881 ἢ
1440 3808 1536 3865 καὶ
1575 3808 1761 3865 αὑτῶν

201 3897 297 3951 τῶν
330 3900 621 3955 Ἰουδαίων.
1024 3960 1031 3969 ί

262 3989 384 4045 Ἵνα
407 3992 492 4060 μὴ
524 3992 754 4061 κάμητε
783 3992 1159 4063 ταῒςψυχαῒς
1190 3993 1360 4064 ὑμῶν
1379 3994 1758 4064 ἐκλυόμενοι.

205 4079 271 4134 re
318 4083 422 4154 γάρ
451 4083 882 4153 ἁναλογίσασθαι
907 4084 999 4138 τὸν
1052 4086 1312 4158 Χριστὸν,
1346 4084 1570 4140 τονώσει
1609 4087 1765 4154 ὑμῶν

207 4172 292 4238 τὰς
317 4173 486 4246 ψυχὰς
517 4176 619 4230 καὶ
651 4175 937 4248 νευρώσει,
973 4177 1072 4230 καὶ
1101 4178 1202 4231 οὐκ
1250 4176 1404 4231 ἐάσει
1436 4176 1764 4232 ἐκλελύσθαι

206 4266 287 4319 καὶ
312 4267 686 4341 ἀπαγορεῦσαι
721 4268 858 4342 πρὸς
888 4268 988 4332 τὰς
1037 4269 1274 4339 θλίψεις.

275 4360 437 4417 Οὔπω
515 4361 735 4433 μέχρις
794 4363 1045 4431 αἵματος
1104 4363 1590 4433 ἀντικατέστητε.
1663 4362 1768 4419 Δύο

211 4451 313 4525 εἴδη
355 4455 760 4526 παρακλήσεως
805 4455 1055 4525 ἀλλήλοις
1085 4456 1225 4510 εἰσὶν
1251 4457 1469 4512 ἐναντία
1494 4477 1510 4491 ·
1542 4457 1601 4512 ἓν
1634 4458 1755 4527 μὲν,

211 4544 321 4598 ὅταν
372 4546 507 4616 πρός
563 4563 686 4600 τινα
733 4545 866 4618 λέγῃ
906 4564 987 4609 τις
1011 4588 1026 4612 ,
1059 4547 1142 4601 ὅτι
1192 4547 1415 4616 Μεγάλα
1466 4546 1762 4612 πέπονθας.

1858 3326 2044 3402 secum
2088 3339 2405 3413 expendat?
2453 3337 2560 3392 hoc
2595 3340 2702 3400 est,
2737 3332 2906 3393 risus,
2949 3326 3433 3387 subsannationes,

1856 3437 2126 3498 convicia,
2157 3433 2211 3488 in
2241 3431 2434 3486 faciem
2469 3425 2720 3487 verbera,
2753 3433 3094 3492 qua:cnnque
3123 3424 3313 3471 contra
3336 3413 3439 3469 do»

1857 3530 2090 3586 ctrinam
2126 3526 2247 3597 ejus
2275 3520 2553 3581 dicebant,
2587 3516 2859 3593 clamores
2883 3509 3027 3580 apud
3054 3507 3313 3569 Pilatum,
3346 3519 3441 3574 po-

1861 3632 2067 3681 stremo
2090 3622 2318 3675 'erueem
2372 3612 2573 3683 ipsam.
2627 3604 2947 3675 Empbatica
3001 3602 3147 3657 enim
3193 3606 3279 3654 est
3335 3598 3440 3652 ista

1861 3715 2052 3779 dictio,
2099 3710 2302 3771 Talem,
2349 3706 2453 3760 hoc
2492 3709 2599 3769 est,
2647 3699 2714 3754 ad
2761 3706 2991 3752 mortem
3025 3709 3213 3762 usque
3233 3690 3440 3762 perdu-

1863 3817 2102 3871 centem,
2127 3802 2292 3870 idque
2332 3810 2440 3850 una
2471 3808 2597 3849 cum
2638 3787 2969 3851 latronibus,
2997 3784 3215 3853 idquea
3250 3793 3445 3850 pecca-

1863 3899 2100 3963 toribus,
2141 3893 2381 3950 ethnicis
2406 3885 2683 3948 videlicet,
2722 3882 2839 3937 sive
2872 3879 3006 3946 ipsis
3045 3872 3274 3930 Judzeis.

1954 3989 2037 4046 Ne
2097 3982 2458 4057 defatigemini
2524 3975 2805 4031 animabus
2865 3968 3052 4025 uestris
3110 3964 3436 4034 deﬁcientes.

1866 4084 2148 4140 Christum
2180 4079 2324 4132 enim
2356 4074 2411 4128 in
2449 4070 2635 4126 animo
2666 4078 2907 4128 versare,
2939 4058 3225 4116 animabus
3252 4053 3450 4110 vestris
3545 4121 3549 4124 _

1866 4189 1922 4236 et
1953 4177 2097 4232 vires
2122 4188 2186 4228 ac
2213 4182 2413 4225 nervos
2443 4165 2627 4227 addet,
2659 4174 2760 4216 nec
2804 4158 2948 4214 sinet
2975 4154 3228 4218 deiicere,
3265 4164 3365 4204 nec
3393 4148 3452 4202 in

1869 4266 2258 4327 afﬂictionibus
2286 4263 2604 4331 desperare.
3122 4238 3127 4241 ’

1908 4388 1911 4391 -
1940 4361 2108 4416 Vens.
2138 4357 2192 4412 4.
2237 4351 2492 4408 Nondum
2518 4350 2588 4405 ad
2626 4345 2935 4416 sanguinem
2965 4355 3126 4410 usque
3158 4335 3451 4392 restitistis.

1873 4455 2000 4509 Duae
2030 4459 2161 4507 sunt
2187 4442 2587 4503 adhortationis
2612 4446 2669 4494 et
2703 4432 3094 4491 consolationis
3127 4429 3337 4499 species
3369 4428 3456 4480 in-

1874 4554 1957 4600 ter
2002 4557 2062 4598 se
2099 4535 2395 4613 contrariae
2423 4547 2441 4586 :
2473 4530 2644 4584 altera
2685 4524 2930 4595 quidem,
2969 4536 3093 4576 cum
3136 4518 3257 4588 quis
3289 4516 3456 4571 alicui

213 4610 573 4710 ἀναμνήσθητι
622 4610 891 4693 ἐκείνωνό
925 4610 1111 4711 ἕτερον
1162 4640 1219 4694 δὲ
1244 4684 1260 4709 ,
1287 4610 1422 4695 -ὄταν
1456 4641 1590 4713 λέγῃ
1617 4657 1633 4673 ο

1871 4638 2052 4693 dicat;
2085 4610 2285 4702 Magna.
2317 4624 2537 4698 quidem
2569 4634 2770 4692 passus
2798 4632 2879 4680 es,
2905 4620 3178 4669 memento
3201 4610 3454 4674 illorum;

214 4728 290 4783 ὁὲν
309 4704 320 4709 ἰ
341 4704 477 4799 μέγα
499 4704 511 4710 Ι
535 4730 692 4785 οὔπω
752 4704 1050 4795 πέπονθας.
1083 4733 1157 4787 Τὸ
1184 4704 1282 4805 μέν
1314 4734 1423 4807 γὰρ
1453 4704 1744 4804 κάμνουσαε

1868 4733 2037 4787 altera
2075 4740 2225 4790 vero,
2255 4735 2379 4778 cum
2410 4717 2560 4773 dicat
2591 4729 2606 4768 :
2643 4710 2921 4768 Nihildum
2964 4704 3123 4761 ardui
3152 4718 3349 4775 passus
3370 4717 3455 4756 es.

215 4824 493 4878 ἀνακτᾶται
530 4825 631 4894 τὴν
670 4823 870 4895 ψυχὴν,
921 4823 1149 4894 ἔχουσαν
1181 4794 1410 4889 πολλοὺς
1447 4794 1739 4895 συνίστορα

1876 4820 2017 4878 Illud
2067 4817 2211 4873 enim
2276 4811 2515 4866 animam
2577 4805 2924 4860 fatiscentem
2979 4798 3272 4860 relocillat,
3327 4794 3458 4848 dum

216 4914 312 4968 τῶν
341 4885 696 4990 παθημάτων,
917 4885 1039 4971 ἠτδ
1067 4917 1125 4972 et
1160 4885 1431 4989 φυσᾶσθαι
1474 4885 1744 4989 μέλλουσα

1875 4911 2078 4966 multos
2100 4902 2460 4960 alliictionum
2489 4911 2712 4951 suarum
2746 4900 2910 4949 testes
2938 4889 3120 4945 habet.
3150 4885 3301 4941 lstnd
3332 4899 3461 4938 vero

219 4977 480 5082 numq:
536 5012 632 5065 καὶ
664 4977 1016 5082 ῥᾳθυμούσαν
1056 4977 1334 5082 διεγείρει.
1394 4977 1622 5071 Τούτοις
1661 4982 1744 5064 τοί

1876 5004 2335 5059 intumescentem
2400 4990 2643 5054 deducit,
2702 4995 2757 5043 et
2822 4985 3173 5054 languentem
3231 4977 3457 5033 excitat.

1887 5094 2048 5151 Hisce
2080 5090 2294 5147 duabus
2320 5099 2467 5141 nunc
2499 5083 2671 5137 utitur
2695 5077 2899 5133 Paulus
2925 5074 2992 5129 ad
3024 5072 3299 5128 Hebraeos.
3323 5067 3461 5122 Cum

1885 5186 2029 5242 enim
2068 5196 2234 5252 supra
2269 5178 2537 5233 dixisset:
2568 5171 2819 5239 Magnum
2865 5172 3143 5221 certamen
3196 5157 3463 5215 sustinui-

1887 5275 1989 5331 stis
2033 5249 2353 5343 passionum
2378 5264 2472 5331 η’,
2505 5263 2938 5327 adhortatusque
2967 5262 3113 5308 esset
3143 5258 3202 5305 ut
3252 5249 3462 5317 seipsos

220 5098 327 5152 δυσὶ
355 5105 553 5174 χρῆται
584 5103 798 5166 Παῦλος
823 5101 918 5155 νῦν
948 5101 1085 5171 πρὸς
1120 5101 1424 5173 Ἐϐραίους.
1451 5099 1635 5155 Εἰπὼν
1668 5100 1777 5170 γὰρ

223 5192 463 5262 ἀνωτέρω
484 5233 501 5257 ,
529 5195 615 5248 ὅτι
644 5193 853 5263 Πολλὴν
880 5193 1105 5264 ἄθλησιν
1150 5193 1483 5263 ὑπεμείνατε
1518 5191 1780 5262 παθημά-

224 5298 341 5345 των,
389 5284 484 5337 καὶ
510 5284 966 5356 προτρεψάμενος
1022 5284 1368 5354 μιμήσασθαι
1412 5282 1657 5346 ἑαυτοὺς,
1680 5280 1778 5334 νῦν

228 5371 280 5424 το
304 5340 857 5439 ἐναντίον,“δείκνυσιν
894 5340 1099 5436 αὸτὲυέ
1123 5340 1290 5442 μήπω
1315 5372 1480 5441 μηδὲν
1503 5340 1744 5437 ἀξιόλογο

1888 5367 2255 5426 imitarentur,
2292 5372 2438 5413 nunc
2501 5372 2532 5410 e
2574 5362 2762 5410 contra
2793 5346 3033 5405 ostendit
3091 5357 3187 5399 eos
3221 5340 3464 5396 nondum

230 5465 572 5534 ὑποστάντας,
604 5467 680 5531 ὡς
726 5467 792 5521 ἂν
823 5468 897 5537 μὴ
940 5428 1248 5538 ἐπαρθῶσι.
1281 5428 1390 5519 Kal.
1429 5428 1744 5536 ὅραοοφίαι

1890 5458 2187 5529 quidquam
2216 5448 2579 5508 aestimatione
2598 5444 2818 5511 dignum
2850 5433 3200 5498 sustinuisse,
3229 5445 3298 5486 ne
3330 5428 3467 5486 εσθ-

230 5555 352 5609 Μεθ’
380 5557 408 5610 δ
445 5517 687 5630 inviae;
731 5517 839 5613 τε»)
870 5517 1529 5629 ἀρέέέῷῷιὶιωιτξᾲ
1570 5517 1744 5625 asks).

1893 5517 2107 5606 rantur.
2134 5544 2211 5599 Ac
2248 5540 2371 5595 vide
2407 5536 2527 5607 ejus
2571 5529 2921 5602 sapientiam.
2958 5523 3317 5593 Posteaquam
3352 5517 3468 5588 pri-

234 5643 589 5712 ὑποστάντων,
642 5649 736 5702 καὶ
785 5647 947 5702 αὑτοῦ
992 5645 1088 5700 τοῦ
1139 5646 1370 5717 Κυρίου,
1396 5645 1519 5699 τότε
1546 5643 1744 5698 δείκνυε

1896 5652 2115 5696 scorum
2145 5638 2483 5689 sanctorum,
2507 5623 2601 5695 qui
2631 5633 2829 5690 magna
2858 5615 3276 5693 sustinuerant,
3303 5618 3470 5679 atque

232 5732 295 5787 τὰ
316 5736 492 5790 αὐτῶν
519 5703 666 5793 οὐδὲν
681 5739 830 5795 ὄντα.
857 5738 1025 5793 Οὑπω
1046 5737 1176 5810 γὰρ,
1201 5703 1387 5809 (μησὶν,
1412 5737 1538 5807 ἄχρι
1556 5735 1744 5791 θανάτο

1899 5730 2034 5785 adeo
2073 5724 2287 5779 Domini
2320 5719 2494 5792 ipsius
2536 5711 2903 5777 meminisset,
2944 5718 3072 5766 tunc
3094 5703 3331 5763 ostendit
3372 5715 3472 5757 eo-

240 5851 342 5951 ...”
374 5848 558 5908 nam“
592 5868 648 5908 ι·
674 5853 765 5910 25-
841 5855 889 5888 ”
913 5854 1047 5912 ibid.
1078 5850 1168 5908 24.
1246 5853 1291 5885 ⁵⁷
1320 5850 1477 5907 Joau.
1515 5868 1602 5919 xv,
1643 5850 1728 5905 l6.

340 5919 497 5976 llcbr.
534 5940 586 5991 ι,
618 5924 708 5979 52,

1858 5850 1875 5881 ³
1912 5845 2072 5901 Joan.
2116 5858 2229 5907 xw,
2262 5837 2354 5894 50.
2430 5834 2476 5868 ⁸⁹
2513 5829 2671 5888 Joan.
2703 5844 2761 5895 ι,
2792 5827 2881 5885 18.
2961 5825 3008 5860 ⁸⁸
3042 5822 3278 5894 Philipp.
3318 5830 3380 5888 tt,
3407 5809 3479 5875 9ι
