3860 6572
192 433 288 498 3τ3

967 430 1373 494 EXPOSITIO
1428 432 1509 491 IN
1551 434 1793 495 EPIST.
1827 433 1927 493 AD
1956 432 2350 495 HEBR/EOS.
2377 455 2446 466 —
2472 431 2630 491 CAP.
2657 430 2795 491 XII;

3213 444 3223 455 ’
3324 432 3431 497 374

193 538 557 611 ἐχρημάσισαν
583 552 597 566 ·
637 539 900 611 πρόδηλον
941 542 1039 597 καὶ
1091 542 1511 615 ἀναντίρρητον,
1544 542 1628 598 ὅτι
1668 543 1746 607 ὡς

1885 550 2008 600 unt:
2046 544 2267 615 planum
2301 552 2461 600 estet
2490 539 2870 609 irrel‘ragabile
2895 538 3045 612 quod
3079 538 3238 598 vobis
3270 551 3329 597 ut
3363 543 3430 597 ti-

197 634 319 695 υίοῖς
383 630 516 701 ὑμῖν
553 631 926 702 προσφέρεται
968 634 998 686 δ
1026 632 1181 697 Θεὸς,
1212 635 1308 689 καὶ
1334 633 1422 688 διὰ
1467 634 1750 707 φροντίδος

194 722 331 791 ὑμᾶς
365 721 499 790 ἔχει,
534 722 629 775 ἵνα
657 722 728 793 μὴ
763 722 1084 778 ἀπαίδευτοι
1112 723 1375 795 ἀποϐῆτε,
1417 726 1511 781 καὶ
1537 728 1600 781 ὲκ
1626 725 1750 781 τούο

195 831 278 865 του
311 812 664 881 ἀποκλήρους
689 813 830 883 ὑμᾶς
860 814 1133 887 ὲξωθήσῃ.
1308 856 1319 862 -

258 899 395 955 Εἶτα
448 902 601 969 τοὺς
642 903 756 974 μὲν
817 906 928 974 τῆς
986 908 1217 976 σαρκὸς
1271 909 1443 979 ἡμῶν
1494 910 1755 980 πατέρας

190 994 418 1062 εἴχομεν
448 995 801 1063 παιδευτὰς,
831 996 928 1051 καί
955 997 1409 1070 ἐνετρεπόμεθα.
1443 1002 1526 1055 οὐ
1545 999 1755 1066 πολλῷ

190 1084 421 1154 μῶμον
453 1088 963 1158 ὑποταγησόμεθα
1006 1087 1086 1154 τῷ
1121 1093 1299 1160 πατρὶ
1338 1090 1459 1146 τῶν
1495 1092 1756 1162 πνευμά-

195 1193 319 1242 των,
373 1178 471 1231 καί
521 1177 805 1249 (ἥσομεν.
869 1180 969 1239 Ἐκ
1002 1182 1112 1237 τῶν
1161 1183 1285 1238 κατ’
1337 1184 1534 1248 αὐτοὺς
1593 1184 1758 1241 πάλιν

191 1269 565 1323 ἀποδείκνυσιν
604 1271 685 1325 ὃτι
740 1272 825 1331 δεῖ
890 1272 1206 1343 ὑπομένειν.
1268 1275 1333 1329 Εί
1377 1274 1488 1346 γὰρ
1537 1277 1668 1330 ὅταν
1705 1275 1757 1331 οί

194 1359 436 1431 σιιρκικοι⁷
476 1363 715 1432 πατέρες
771 1364 1062 1421 ἐπαίδευον
1094 1367 1261 1436 ἡμᾶς,
1307 1368 1407 1422 οὐκ
1438 1368 1758 1440 ἐτολμῶμεν

193 1451 557 1520 ἁποπηδῆσαι,
608 1455 726 1508 ἀλλ’
782 1457 1190 1528 ἐνετρεπόμεθα
1242 1460 1339 1514 καὶ⁸
1390 1459 1758 1532 ὑπεμένομεν,

194 1543 285 1596 ὅσα
310 1543 375 1597 ἂν
420 1543 695 1616 ἐπέφερον
725 1565 738 1578 ·
775 1549 928 1620 πόσῳ
970 1551 1172 1621 μᾶλλον
1203 1550 1299 1607 νῦν
1337 1550 1433 1606 τοῦ
1465 1553 1601 1606 Θεοῦ
1632 1570 1762 1608 παισ

1853 636 1942 692 Iiis
1990 651 2114 693 sese
2154 634 2347 692 oderat
2387 634 2552 700 Deus,
2590 643 2771 704 atque
2805 631 2973 688 vestri
3018 646 3208 688 curam
3253 643 3426 703 gerat,

1854 727 2020 800 748
2049 742 2116 783 ne
2156 726 2464 798 disciplinae
2509 732 2762 797 expertes
2806 722 3074 791 evadatis,
3105 731 3271 794 atque
3298 724 3430 780 hinc

1856 836 1952 876 vos
1978 818 2294 877 haereditate
2321 818 2558 875 abdicet.

1924 915 2092 970 Vens.
2124 911 2179 969 9.
2226 914 2420 969 Deinde
2448 923 2626 983 patres
2651 911 2859 983 quidem
2897 912 3078 967 carnis
3104 917 3300 966 nostra
3335 911 3430 964 Ita-

1858 1008 2066 1063 buimus
2103 1005 2418 1069 eruditores,
2452 1014 2501 1059 et
2532 1005 2898 1063 reverebantur
2930 1018 3018 1058 eos
3056 1017 3076 1058 :
3125 1018 3231 1057 non
3263 1002 3430 1056 multo

1859 1099 2028 1170 magis
2060 1097 2530 1168 obtemperabimus
2561 1097 2708 1167 patri
2742 1096 3049 1165 spirituum,
3083 1103 3134 1150 et
3167 1093 3434 1149 vivemus?

1860 1190 1937 1245 Ex
1972 1191 2138 1246 rebus
2165 1204 2356 1246 eorum
2386 1188 2728 1245 demonstrat
2755 1200 2955 1245 rursus
3005 1186 3151 1257 quod
3181 1194 3436 1257 oporteat

1860 1298 1956 1341 eos
1986 1283 2261 1354 patientes
2316 1296 2457 1339 esse.
2509 1280 2567 1336 Si
2600 1282 2746 1339 enim
2784 1296 2910 1336 cum
2964 1281 3214 1338 carnales
3250 1292 3435 1351 patres

1860 1392 1964 1434 nos
1987 1375 2357 1445 castigabant,
2402 1390 2513 1430 non
2556 1373 2898 1430 studebamus
2939 1372 3173 1437 resilire,
3209 1373 3308 1428 sed
3338 1387 3440 1441 pu-

1861 1454 1997 1523 dore
2065 1464 2558 1531 suﬂ'undebamur,
2600 1472 2657 1518 et
2706 1463 2978 1533 patienter
3025 1461 3438 1519 sustinebamus

1862 1571 2203 1629 quaecunque
2239 1554 2397 1611 nobis
2428 1554 2780 1620 inferebant,
2811 1561 3021 1623 quanto
3062 1552 3247 1623 potius
3292 1566 3440 1607 nunc

192 1634 466 1701 δεύοντοςς
506 1636 656 1707 Ὅρα
708 1636 786 1702 δὲ,
828 1639 930 1694 οὐκ
962 1637 1086 1696 εἷπε
1130 1643 1288 1713 Πόσῳ
1318 1644 1519 1714 μᾶλλον
1550 1644 1762 1710 ὑπομε-

1885 1651 1976 1704 )εο
2029 1663 2131 1704 nos
2184 1646 2532 1715 castigante?
2598 1644 2987 1701 Animadverte
3041 1653 3280 1699 autem:
3332 1657 3440 1697 non

196 1723 400 1793 νοῦμεν,
456 1727 601 1793 ἀλλ’,
659 1730 1164 1802 ὑποταγησόμεθα
1191 1749 1205 1765 ο
1243 1735 1459 1799 δεικνὺς
1485 1735 1569 1790 ὅτι
1603 1736 1760 1790 ἀντι-

1885 1739 2023 1805 lixit,
2055 1740 2276 1805 Quanto
2301 1737 2474 1808 magis
2515 1735 2859 1799 sederemus,
2906 1735 3023 1801 sed,
3062 1731 3442 1799 obtemperabi—

199 1815 380 1867 στάτου
415 1814 533 1869 ἔστι
574 1819 671 1870 καὶ
703 1818 973 1884 ἀντιθέου,
999 1822 1060 1875 τὸ
1099 1823 1174 1894 μὴ
1213 1823 1510 1894 ὑπομένειν
1559 1825 1761 1895 θλίψιν.

1885 1840 2005 1890 nus,
2048 1822 2345 1879 ostendens
2372 1822 2515 1889 quod
2576 1824 2649 1877 sit
2680 1820 3112 1877 contranitentis
3151 1830 3206 1874 et
3240 1820 3441 1875 adver-

198 1904 417 1973 Πατέρα
450 1907 508 1960 δὲ
541 1908 926 1979 πνευμάτων,
961 1914 994 1983 ἢ
1026 1913 1136 1968 τῶν
1172 1915 1553 1984 χαρισμάτων,
1591 1916 1624 1988 ἣ
1654 1916 1762 1970 τῶν

1885 1914 2039 1969 tantis
2066 1912 2195 1977 Deo,
2224 1928 2333 1968 non
2367 1911 2639 1969 sustinere
2667 1909 3042 1966 aﬂiictionem.
3091 1909 3312 1964 Patrem
3344 1924 3444 1965 au-

196 1997 496 2064 ἁσωμάτων
533 1999 845 2071 δυνάμεων,
877 2004 937 2073 ἢ,
965 2005 1105 2077 ὅπερ
1134 2005 1230 2060 καὶ
1264 2006 1613 2077 οἰκειότερον,
1652 2005 1765 2061 τῶν

1885 2021 1980 2060 .em
2019 2004 2322 2074 spirituum,
2372 2004 2458 2059 vel
2512 2002 2806 2066 donorum,
2860 2002 2945 2058 vei
2989 2002 3442 2072 incorporearum

198 2087 393 2157 ψυχῶν.
462 2090 616 2161 Πρὸς
665 2093 775 2162 γὰρ
840 2095 1249 2167 ἀντιδιαστολὴν
1315 2095 1426 2150 τῶν
1486 2095 1767 2167 σαρκικῶν

1885 2097 2130 2153 virtutum
2156 2097 2327 2163 dixit,
2359 2096 2467 2163 vel,
2497 2095 2641 2166 quod
2676 2094 2852 2167 magis
2886 2094 3162 2165 proprium
3194 2102 3297 2157 est,
3326 2093 3445 2147 ani-

203 2180 459 2249 πατέρων,
514 2177 643 2236 εἷπε
696 2183 757 2237 τὸ
821 2186 1215 2255 πνευματικόν.
1267 2186 1377 2243 Καὶ
1421 2185 1682 2256 ζήσομεν
1709 2186 1765 2242 δὲ

1885 2204 2103 2245 narum.
2136 2187 2218 2243 Ad
2266 2187 2562 2242 discrimen
2602 2189 2747 2243 enim
2799 2186 3099 2241 carnalium
3135 2191 3441 2256 parentum,

204 2271 552 2343 προσέθηκεν,
587 2274 677 2327 ἵνα
720 2274 891 2347 δείξῃ,
938 2278 1020 2331 ὅτι
1046 2278 1075 2331 δ
1102 2276 1480 2342 ἀνυπότακτος
1513 2278 1636 2332 οὐδὲ
1674 2278 1765 2351 ζῇ.

206 2361 334 2427 Ἐξιο
359 2362 467 2435 γάρ
504 2365 627 2418 ἐστι
652 2363 746 2417 τοῦ
783 2364 942 2431 Θεοῦ,
968 2366 1026 2430 ὃς
1053 2366 1169 2420 ἐστι
1202 2365 1340 2437 ζωή.

268 2541 329 2592 01
370 2542 490 2608 μὲν
548 2539 664 2610 γὰρ
703 2541 852 2609 πρὸς
900 2542 1111 2613 ὀλίγας
1162 2543 1407 2613 ἡμέρας.
1471 2543 1612 2598 Οὔτε
1660 2545 1767 2617 γὰρ

208 2632 433 2700 ίοχύουσι
498 2631 570 2684 δι’
635 2632 755 2685 ὃ).ου
798 2633 1074 2688 παιδεύειν
1125 2636 1315 2705 ἡμᾶς,
1376 2635 1462 2690 ἵνα
1534 2636 1770 2701 τελείους

205 2722 552 2790 ἐργάσωνται.
591 2724 665 2776 ’Ἠ
691 2725 799 2794 γὰρ
827 2723 1054 2789 Θάνατος
1074 2725 1169 2780 τοῦ
1201 2725 1427 2797 πατρὸς,
1455 2727 1488 2799 ἢ
1518 2726 1767 2798 αὔξησις,

208 2811 235 2879 ἢ
272 2811 572 2883 σκληρότης
615 2813 710 2866 τοῦ
762 2816 976 2880 παιδὸς,
1024 2815 1204 2887 ἵστησι
1267 2818 1367 2889 τὴν
1422 2818 1669 2872 παιδείαν
1696 2834 1709 2848 ·
1742 2819 1770 2872 ὁ

202 2904 254 2957 δὲ
284 2904 409 2968 Θεὸς
435 2906 525 2958 ἀεὶ
558 2906 855 2971 παιδεύων,
883 2907 1113 2963 δύναται
1141 2908 1382 2973 τελείους
1409 2912 1603 2965 ποιεῖν.

271 3094 418 3149 Κατὰ
442 3095 508 3148 τὸ
538 3095 770 3150 δοκοῦν
796 3095 1023 3165 αὐτοῖς,
1053 3097 1395 3153 ἐπαίδευον.
1442 3097 1517 3151 Οὐ
1556 3099 1773 3162 πάντως

1870 2278 2154 2349 Spirituaie
2184 2276 2390 2348 posuit.
2419 2275 2593 2331 Porro
2621 2275 2850 2342 addidit,
2878 2284 2927 2330 et
2961 2278 3209 2340 vivemus,
3231 2283 3289 2333 ut
3316 2275 3444 2329 sub-

1869 2376 2138 2426 monstret
2171 2368 2578 2425 inobedientem
2617 2383 2727 2423 non
2771 2369 2956 2424 vivere
2990 2384 3004 2420 :
3044 2367 3261 2422 alienus
3295 2366 3439 2419 enim

1868 2470 1951 2518 est
1986 2477 2016 2517 a
2053 2462 2183 2529 Deo,
2214 2462 2308 2532 qui
2339 2468 2423 2518 est
2451 2461 2582 2517 vita.

1942 2552 2110 2608 Vens.
2146 2552 2234 2608 10.
2273 2551 2341 2606 Ει
2384 2551 2467 2607 illi
2495 2552 2704 2623 quidem
2745 2562 2970 2620 tempore
3005 2567 3293 2620 paucorum
3337 2549 3447 2602 die-

1872 2659 2008 2698 rum.
2038 2640 2226 2713 Neque
2270 2641 2412 2696 enim
2443 2650 2673 2711 possunt
2711 2641 2939 2697 omnino
2970 2656 3072 2696 nos
3095 2641 3336 2705 erudire,
3372 2640 3443 2690 ita

1872 2742 1931 2786 ut
1978 2731 2251 2800 perfectos
2302 2730 2554 2785 reddant.
2585 2729 2692 2784 Aut
2729 2730 2877 2785 enim
2927 2730 3109 2785 obitus
3142 2730 3332 2799 patris,
3361 2729 3447 2783 vel

1870 2831 2002 2879 tetas
2044 2822 2370 2893 provectior,
2415 2821 2501 2874 vel
2535 2807 2764 2876 durities
2797 2820 2892 2875 (iiii
2935 2819 3338 2875 institutionem
3370 2819 3446 2874 ει-
3518 2872 3523 2893 ι

1872 2916 1969 2972 stit
2003 2933 2016 2969 :
2050 2924 2106 2969 at
2138 2929 2265 2969 vero
2304 2912 2469 2978 Dcus,
2501 2919 2689 2982 utpote
2716 2911 2810 2982 qui
2838 2926 3052 2982 semper
3075 2908 3278 2975 erudit,
3321 2923 3444 2980 per--

1874 3007 2050 3063 fcctos
2079 3006 2291 3062 edicere
2317 3013 2518 3076 potest.

1946 3099 2243 3156 Secundum
2284 3098 2603 3154 voluntatem
2639 3115 2793 3153 suam
2829 3095 3139 3153 erudiebant
3179 3111 3289 3150 nos.
3325 3092 3445 3149 Non

209 3184 259 3238 δὲ
288 3186 342 3238 τὸ
376 3187 571 3241 δοκοῦν
622 3187 703 3257 τῷ
741 3188 911 3259 πατρὶ
965 3187 1236 3242 λυσιτελεῖ
1298 3187 1375 3258 τῷ
1418 3188 1548 3259 υίῷ’
1589 3187 1770 3243 πολλοὶ

1885 3201 2057 3247 autem
2108 3191 2333 3246 omnino
2383 3190 2527 3261 quod
2586 3190 2726 3261 patri
2781 3191 2959 3245 visum
3004 3195 3129 3255 est,
3181 3187 3311 3243 utile
3366 3198 3449 3241 est

213 3276 308 3345 γὰρ
336 3276 427 3329 καὶ
457 3277 698 3349 αἰσχρὰς
726 3275 1038 3331 διδάσκουσι
1068 3279 1284 3349 τέχνας.

283 3463 340 3517 ’0
362 3463 429 3516 δὲ
460 3466 563 3519 ἐπὶ
598 3466 665 3518 τὸ
713 3464 1048 3535 συμφέρον,
1083 3465 1235 3536 πρὸς
1292 3466 1359 3518 τὸ
1406 3465 1769 3534 μεταλαμϐἁο

217 3558 390 3609 retr"
422 3556 529 3625 τῆς
562 3557 880 3628 ἁγιότητος
915 3557 1125 3613 αὑτοῦ.
1180 3558 1238 3611 '0
1270 3558 1326 3612 δὲ
1356 3558 1486 3621 Θεὸς
1532 3560 1668 3630 πρὸς
1714 3556 1775 3612 τδ

219 3648 474 3718 συμφέρον
503 3651 644 3720 ἡμῖν
678 3648 877 3716 ἐπάγει
903 3648 1003 3719 τὴν
1039 3648 1287 3703 παιδείαν
1315 3665 1329 3679 ·
1381 3648 1481 3719 οὐχ
1511 3649 1597 3702 ἵνα
1628 3650 1770 3724 λάϐῃ

219 3756 263 3793 τι
289 3740 405 3811 παρ’
438 3741 621 3811 ἡμῶν,
653 3741 768 3794 ἀλλ’
799 3741 887 3794 ἵνα
924 3742 1145 3813 μεταδῷ
1172 3741 1378 3811 μᾶλλον
1413 3742 1511 3810 τῆς
1551 3742 1775 3814 ἁγιότηο

219 3848 320 3898 τος,
349 3834 616 3897 τουτέστι,
645 3832 749 3901 τῆς
775 3832 1147 3904 καθαρότητος
1171 3834 1337 3888 αὐτοῦ
1368 3852 1382 3865 ο
1420 3834 1582 3898 ὥστε,
1619 3835 1771 3901 φησι,

221 3922 449 3986 γενέσθαι
482 3926 637 3994 ἡμᾶς
684 3924 966 3988 δεκτικοὺς
994 3925 1101 3977 τῶν
1135 3924 1300 3979 αὐτοῦ
1328 3925 1570 3997 ἀγαθῶν.
1631 3926 1775 3997 Ἀρα

221 4011 358 4085 οὖνὴ
391 4016 611 4069 παιδεία
640 4013 946 4086 μετάληψις
990 4015 1278 4085 ἁγιότητός
1312 4019 1429 4071 ἐστι
1458 4032 1471 4045 ·
1506 4017 1601 4072 καὶ
1639 4017 1777 4071 εἰκό-

222 4121 348 4165 τως·
391 4107 690 4177 συστρέφει
740 4106 850 4175 γὰρ
905 4104 1004 4178 τὴν
1056 4107 1235 4178 ψυχὴν
1284 4108 1422 4178 πρὸς
1477 4107 1568 4161 τὸν
1619 4108 1775 4176 ἆγνιον

223 4195 371 4259 Θεὸν,
426 4199 502 4269 μὴ
540 4198 693 4253 ἐῶσα
716 4198 891 4269 αὐτὴν
928 4198 1066 4269 πρὸς
1105 4197 1444 4269 ἀνθρώπινόν
1475 4215 1529 4252 τι
1577 4199 1775 4270 ῥέμϐε-

225 4284 357 4337 σθαι.

282 4375 443 4431 Πᾶσα
479 4376 549 4431 δὲ
579 4377 817 4432 παιδεία
844 4379 994 4447 πρὸς
1019 4376 1137 4447 μὲν
1162 4375 1229 4430 τὸ
1257 4379 1452 4447 παρὸν
1505 4381 1577 4433 οὐ
1612 4379 1780 4434 δοκεῖ

227 4467 394 4536 χαρᾶς
427 4465 604 4537 εἶναι,
635 4468 799 4524 ἀλλὰ
840 4468 1065 4536 λύπης.
1114 4468 1286 4524 Πάλιν
1318 4470 1429 4523 ἀπὸ
1458 4471 1557 4540 τῆς
1588 4472 1771 4543 κοινῆς

1877 3285 2040 3340 etiam
2096 3283 2257 3338 tilio:
2310 3284 2557 3355 plerique
2609 3281 2754 3337 enim
2808 3291 2991 3352 turpes
3037 3280 3200 3336 etiam
3252 3279 3455 3334 docent

1876 3386 2043 3431 artes.

1949 3464 2052 3519 llic
2074 3482 2191 3520 vero
2221 3464 2290 3518 ad
2316 3465 2371 3519 id
2397 3464 2535 3535 quod
2563 3462 2695 3518 utile
2723 3472 2801 3519 est
2824 3463 2877 3516 in
2919 3461 3214 3531 recipiendo
3248 3460 3449 3512 sancti-
3498 3489 3505 3496 ο

1878 3559 2177 3628 ﬁcationem
2206 3558 2339 3626 ejus.
2393 3556 2535 3612 Deus
2573 3567 2755 3610 autem
2781 3554 2848 3609 ad
2886 3552 3332 3608 commoditatem
3358 3567 3451 3603 ιιυ-

1878 3659 2048 3707 stram
2073 3649 2501 3723 fcastigationem
2550 3647 2783 3711 inducit,
2834 3659 2940 3700 non
2987 3654 3046 3700 ttt
3084 3643 3381 3716 quidquam
3419 3658 3449 3714 a

1878 3744 2036 3797 nobis
2090 3742 2346 3814 accipiat,
2404 3756 2595 3796 verum
2641 3747 2700 3793 ut
2752 3737 3031 3808 impertiat
3082 3734 3239 3791 nobis
3270 3733 3450 3804 potius

1878 3835 2248 3900 sanctitatem,
2302 3834 2406 3888 hoc
2455 3840 2558 3896 est,
2601 3831 2891 3902 puritatem
2936 3842 3116 3892 suam,
3154 3833 3212 3878 ttt
3254 3824 3450 3879 simus.

1880 3924 2075 3993 inquit,
2110 3937 2211 3978 nos
2241 3904 2768 3992 capacesvbonorutn
2795 3920 2933 3989 ejus.
2965 3914 3255 3985 Disciplina
3288 3912 3454 3983 igitur

1877 4025 1961 4071 est
1993 4013 2337 4087 participatio
2363 4010 2672 4073 sanctitatis
2708 4028 2722 4065 :
2758 4025 2861 4065 nec
2883 4007 3188 4069 immerito:
3222 4020 3452 4059 convcr-

1880 4108 2106 4163 titenim
2132 4107 2368 4160 animam
2396 4094 2466 4159 ad
2492 4104 2657 4160 Deum
2683 4111 2959 4162 sanctum,
2989 4114 3097 4154 non
3123 4099 3310 4155 sinens
3333 4109 3459 4149 eam

1880 4199 1947 4253 ad
1982 4197 2283 4253 humanum
2321 4195 2581 4273 quiddam
2613 4192 2850 4250 devolvi.

1952 4382 2119 4437 Vens.
2174 4383 2257 4436 Η.
2313 4382 2497 4436 Omnis
2554 4389 2729 4433 autem
2779 4378 3056 4442 disciplina
3103 4378 3157 4430 in
3202 4378 3451 4444 pra’senti

1879 4473 2087 4544 quidem
2126 4490 2231 4527 non
2260 4471 2467 4526 videtur
2496 4487 2608 4525 esse
2646 4470 2852 4539 gaudii,
2894 4468 2983 4521 sed
3020 4468 3277 4521 ma'roris.
3316 4466 3455 4519 Rur-

225 4557 412 4622 ἑννοίας
437 4559 536 4623 τὰς
579 4560 833 4631 ἀφορμὰς
886 4560 1044 4613 ἔλαϐε
1094 4562 1194 4632 τῆς
1246 4562 1643 4631 παραινέσεως,
1682 4562 1770 4617 καί

1885 4582 1978 4622 sus
2010 4583 2038 4618 a
2078 4564 2286 4636 vulgari
2326 4562 2609 4633 opinione,
2658 4557 3067 4614 adhortationis.
3106 4558 3454 4612 occasionem

229 4662 344 4716 φησι
371 4667 386 4681 ·
442 4650 619 4707 Πᾶσα
648 4650 717 4704 δὲ
747 4649 1005 4716 παιδεία,
1030 4651 1126 4702 καὶ
1158 4650 1279 4703 θεία
1309 4652 1403 4703 καὶ
1435 4651 1774 4723 ἀνθρωπίνη,

229 4740 290 4789 οὺ
332 4738 492 4797 δοκεῖ
517 4739 709 4811 χαρᾶς
741 4738 926 4805 εἶναι,
973 4741 1132 4797 ἀλλὰ
1176 4743 1403 4810 λύπης.
1453 4743 1651 4806 Καλῶς
1696 4743 1779 4808 τὸ,

232 4831 408 4885 Δοκεῖο
439 4834 499 4887 οὐ
551 4833 660 4904 γὰρ
682 4833 896 4905 ἀληθῶς
925 4835 1041 4888 ἐστι
1063 4833 1260 4905 λύπης.
1306 4836 1429 4898 Πῶς
1464 4836 1569 4906 γὰρ
1602 4836 1665 4890 ἂν
1694 4839 1779 4907 εἴη

233 4922 412 4989 κυρίως
436 4924 636 4995 λύπης,
679 4925 1019 4997 εὐφροσύνης
1064 4922 1200 4982 οὖσα
1258 4929 1480 5000 μήτηρ;
1526 4929 1665 4983 Ἀλλ’
1705 4930 1780 4994 ὡς

237 5012 356 5081 πρὸς
382 5018 526 5085 ἡμᾶς
577 5018 705 5083 τοὺς
747 5017 1196 5089 δυσχεραίνοντας
1229 5019 1364 5089 πρὸς
1401 5020 1499 5084 τὰς
1534 5021 1782 5086 παιδείας

235 5103 304 5167 τὸ,
324 5104 501 5177 Δοκεῖ,
530 5111 768 5183 εἴρηται.

299 5196 571 5269 Ὕστερον
610 5201 680 5254 δὲ
725 5202 959 5271 καρπὸν
1016 5202 1317 5271 εἰρηνικὸν
1372 5206 1494 5272 τοῖς
1545 5204 1618 5259 δι’
1674 5209 1782 5262 αὐ-

239 5284 334 5354 τῆς
365 5292 870 5363 γεγυμνασμένοις
888 5292 1217 5349 ἀποδίδωσι
1259 5295 1669 5367 δικαιοσύνης.
1716 5300 1781 5353 Τί

241 5375 389 5448 ἔστιν,
423 5386 766 5453 είρηνικόνς
827 5385 973 5440 τοῦτ’
1018 5384 1200 5453 ἐστιν,
1250 5387 1562 5460 ἀτάραχον,
1615 5390 1775 5457 λεῖον,

242 5468 376 5538 ἡδύν.
440 5472 500 5529 '0
540 5476 639 5546 μὲν
675 5476 785 5549 γὰρ
832 5475 1170 5547 λυπούμενος
1219 5478 1589 5548 ταράττεται·
1636 5480 1666 5533 δ
1724 5481 1783 5536 δὲ

239 5560 427 5631 χαίρων
455 5564 706 5637 λειότητα
731 5583 851 5621 τινα
873 5565 987 5638 ἔχει
1022 5571 1116 5621 καὶ
1136 5567 1404 5639 γαλήνην.
1446 5570 1503 5624 '0
1542 5571 1599 5623 δὲ
1641 5589 1779 5643 καρ-

245 5650 336 5717 πὸς
381 5650 528 5723 οὗτος
565 5657 912 5731 δικαιοσύνης
955 5659 1092 5726 ἐστὶ,
1146 5660 1279 5715 διότι
1327 5660 1536 5729 δίκαιος
1567 5662 1641 5717 ὢν
1677 5665 1724 5697 ⁷³
1752 5665 1782 5717 ὁ

1882 4657 2111 4728 accepit,
2144 4665 2200 4711 et
2229 4655 2307 4710 ait
2344 4672 2358 4709 :
2395 4651 2579 4708 Omnis
2608 4649 2915 4719 disciplina,
2947 4657 3056 4703 tam
3081 4649 3262 4703 divina
3292 4665 3454 4721 quam

1885 4749 2146 4813 humana,
2174 4762 2275 4800 non
2310 4745 2513 4801 videtur
2541 4759 2651 4797 esse
2688 4739 2896 4812 gaudii,
2928 4741 3017 4795 sed
3047 4739 3457 4795 mteroris.Pui-

1884 4840 2015 4895 chre
2067 4846 2249 4892 autem
2298 4836 2480 4891 dicit:
2538 4833 2757 4888 Videtur
2787 4850 2805 4887 :
2851 4848 2960 4889 non
3004 4832 3152 4887 enim
3206 4847 3332 4887 vere
3374 4839 3459 4889 est

1887 4932 2141 4986 maeroris
2175 4948 2189 4995 ;
2221 4929 2493 4998 quomodo
2529 4927 2675 4980 enim
2721 4924 2941 4996 proprie
2981 4924 3143 4979 fuerit
3177 4925 3455 4987 mceroris,

1886 5040 2010 5079 cum
2054 5025 2126 5080 sit
2170 5022 2372 5077 laetitia:
2411 5019 2619 5076 mater?
2657 5017 2762 5074 Sed
2804 5017 2979 5072 nostri
3038 5023 3313 5087 respectu,
3365 5016 3457 5086 qui

1886 5131 2030 5186 mgre
2069 5115 2299 5171 ferimus
2328 5111 2699 5181 disciplinam,
2737 5108 2976 5169 Videtur,
3015 5107 3216 5161 dictum
3250 5114 3357 5160 est.

1958 5209 2147 5263 Postea
2179 5224 2296 5261 vero
2327 5205 2560 5275 fructum
2602 5212 2852 5273 pacatum
2896 5197 3196 5253 exercitatis
3226 5213 3318 5265 per
3341 5212 3457 5249 eam

1885 5299 2057 5354 reddit
2094 5297 2330 5360 iustitiae.
2367 5295 2507 5361 Quid
2540 5303 2645 5358 est,
2678 5288 2976 5361 pacatum?
3005 5286 3119 5340 Hoc
3154 5293 3261 5351 est,
3299 5285 3457 5339 turba

1884 5398 2194 5456 vacantem,
2242 5389 2452 5454 laevem,
2494 5398 2739 5442 suavem.
2764 5379 2868 5448 Qui
2903 5378 3048 5433 enim
3078 5375 3458 5442 contristatur,

1889 5481 2293 5538 conturbatur:
2324 5480 2417 5550 qui
2452 5492 2584 5534 vero
2618 5476 2853 5539 laetatur,
2890 5470 3140 5525 laevorem
3166 5468 3459 5539 quemdam

1892 5575 2079 5637 habet,
2112 5588 2176 5630 ac
2201 5570 2668 5641 tranquillitatem.
2693 5562 2856 5636 749
2888 5559 3124 5616 Fructus
3154 5568 3337 5616 autem
3367 5560 3459 5615 ille

1889 5665 2117 5735 jusdtiaz
2164 5670 2269 5729 est,
2301 5674 2497 5731 nempe
2534 5656 2679 5730 quod
2715 5655 2880 5722 Deus,
2915 5667 3039 5711 cum
3069 5652 3138 5711 sit
3164 5652 3373 5724 justus,
3404 5651 3471 5706 in

1558 5781 1755 5845 Varia;
1781 5780 2113 5847 lectiones.

313 5873 350 5904 ⁷³
380 5878 688 5944 μεταλαϐεῖν
712 5894 766 5934 o.
842 5879 885 5910 ⁷³
909 5878 1053 5931 ἐστιν
1092 5896 1145 5934 o.

3282 5866 3313 5874 μθ
