3860 6552
421 385 527 449 375

1331 402 1906 469 THEOPHYLACTI
1945 411 2354 473 BULGARHS
2388 412 2745 474 ARCIIIEP-

3518 468 3525 475 .
3563 408 3656 476 3τῖ

419 495 525 553 hoc
555 501 758 557 saeculo
787 506 1034 566 turbatos
1065 508 1177 571 illic
1202 511 1493 571 relocillat.
1519 515 1761 573 Observa
1790 528 1970 575 autem

2105 523 2258 588 Θεὸς,
2292 524 2417 589 τοὺς
2447 526 2506 577 ἐν
2536 524 2614 597 τῷ
2657 525 2815 580 αίῶνι
2861 524 3038 598 τούτῳ
3076 526 3415 599 λυπηθέντας
3455 527 3502 559 ⁷⁵
3550 528 3658 581 ἐκεῖ

416 588 565 656 quod
589 594 1035 654 exercitationem
1069 608 1224 657 vocet
1251 602 1618 676 disciplinam,
1646 612 1849 681 quippe
1877 628 1970 684 qua

2101 588 2405 671 Manabat.
2449 588 2597 688 ’0ρᾴ
2622 616 2680 670 δὲ
2721 617 2804 671 ὅτι
2851 588 3163 689 γυμνασίαν
3209 588 3370 673 καλεῖ
3396 588 3498 689 τὴν
3544 635 3657 672 παιο-

418 682 692 740 confortet
738 686 942 757 ﬁdeles,
984 704 1047 746 ac
1091 695 1242 751 velut
1268 699 1536 768 quosdam
1568 702 1802 760 athletas
1824 682 1997 761 etre-

2096 704 2246 759 δείαν
2267 744 2284 770 ,
2334 707 2676 776 ρωννύουσαν
2722 709 2851 772 τοὺς
2898 711 3125 775 πιστοὺς
3147 753 3163 777 ,
3213 709 3310 764 καὶ
3366 706 3479 763 οἷόν
3518 727 3654 773 τινας

418 769 697 832 bustiores
732 777 914 836 faciat.
963 783 1103 850 Quid
1142 787 1310 857 igitur
1341 806 1462 846 eam
1506 796 1834 852 averSamini
1876 814 1970 869 qua

2096 769 2355 869 ἀθλητάς,
2396 800 2489 853 καὶ
2521 769 2914 871 εὐτονωτέρους
2952 769 3232 858 ποιοῦ-σαν.
3297 800 3369 855 Τί
3406 801 3502 855 οὖν
3532 803 3657 856 ἀπο·

416 867 631 923 auimas
660 880 871 929 vestras
900 876 1230 935 confirmat?

493 952 661 1013 Vens.
694 960 778 1017 12.
812 962 1105 1033 Propterea
1139 973 1390 1028 remissas
1421 991 1609 1032 manus
1640 995 1703 1033 ac
1732 980 1996 1037 dissoluta

421 1063 593 1119 genua
630 1053 839 1124 erigite.
878 1054 1059 1115 Veluti
1095 1062 1164 1118 ad
1195 1066 1408 1137 pugiles
1443 1070 1710 1139 quosdam
1739 1083 1792 1129 et
1815 1084 1993 1130 certa-

415 1148 567 1196 tores
606 1142 854 1202 disserit.
896 1148 970 1204 Ex
1007 1150 1151 1209 Isaia
1186 1164 1369 1212 autem
1424 1160 1569 1216 hunc
1618 1163 1725 1218 sibi
1774 1163 1994 1220 desum-

298 1236 303 1241 ’
410 1232 523 1300 psit
546 1234 748 1301 locum.
778 1239 1030 1300 iudicans
1058 1260 1153 1313 per
1192 1250 1563 1321 metaphoram
1594 1255 1990 1326 praecipuarum

410 1326 675 1396 partium,
716 1332 864 1401 quod
906 1336 1006 1391 toti
1039 1337 1151 1393 sint
1189 1341 1354 1396 soluti
1387 1344 1589 1400 animo.
1620 1345 1813 1404 Manus
1843 1350 1989 1406 enim

414 1421 778 1488 operationis,
804 1425 973 1497 pedes
999 1445 1129 1486 vero
1170 1435 1431 1491 motionis
1481 1446 1612 1493 sunt
1654 1441 1987 1511 symbolum.

410 1508 692 1569 Mareotis
754 1517 959 1589 Igitur,
1011 1521 1284 1594 imprimis
1340 1528 1557 1595 animae,
1598 1508 1984 1605 instrumenta,

411 1602 611 1661 deinde
633 1613 687 1661 et
718 1612 973 1682 corporis
1002 1628 1068 1672 es
1101 1621 1460 1690 consequenti
1495 1633 1627 1679 sunt
1661 1628 1914 1683 remissa.

483 1783 650 1844 Vens.
681 1790 769 1846 l5.
806 1790 876 1846 Et
894 1810 1105 1865 gressus
1148 1806 1317 1856 rectos
1341 1802 1501 1871 facite
1530 1806 1751 1874 pedibus
1780 1810 1983 1876 vestris,

2097 886 2328 957 φεύγετε
2357 888 2453 961 τὴν
2482 890 2836 962 ἐνισχύουσαν
2862 893 2959 956 τὰς
2987 891 3166 963 ψυχάς
3191 894 3343 963 ὑμῶν
3367 908 3382 957 ;

2167 982 2263 1037 Διό
2296 982 2403 1049 τὰς
2447 983 2809 1053 παρειμένας
2844 984 3047 1054 χεῖρας
3087 986 3184 1039 καί
3217 987 3288 1041 τὰ
3335 988 3658 1054 παραλελυ-

2088 1072 2244 1142 μένα
2285 1074 2510 1142 γόνατα
2554 1075 2956 1144 ἀνορθώσατε.
2989 1076 3079 1140 Ὠς
3106 1077 3242 1147 πρὸς
3279 1076 3489 1139 πύκτας
3520 1075 3656 1139 τινάς

2094 1164 2190 1218 καὶ
2220 1164 2532 1232 ἀγωνιστὰς
2561 1165 2890 1237 διαλέγεται.
2940 1168 3074 1223 Ἀπὸ
3106 1169 3209 1237 τῆς
3239 1169 3465 1239 Γμφῆς
3493 1167 3545 1222 δὲ
3572 1166 3655 1221 τοῦ

2107 1254 2334 1309 Ἡσαΐου
2367 1256 2525 1311 τοῦτο
2567 1256 2750 1325 ἔλασε,
2792 1259 3056 1315 δεικνύων
3085 1261 3193 1315 ἀπὸ
3223 1260 3534 1331 μεταφορᾶς
3559 1259 3656 1312 τῶν

2094 1347 2445 1421 κυριωτέρων
2502 1352 2709 1422 μερῶν,
2760 1353 2843 1406 ὅτι
2902 1353 3015 1407 ὅλοι
3073 1352 3399 1424 παρειμένοι
3446 1352 3552 1405 cici
3596 1353 3654 1423 τῇ

2090 1439 2256 1511 ψυχῇ.
2286 1442 2352 1494 Δί
2384 1442 2483 1513 μὲν
2528 1446 2635 1515 γάρ
2673 1447 2875 1515 χεῖρες,
2911 1445 3191 1516 ὲνεργεέας
3221 1460 3238 1478 ⁸
3269 1446 3320 1499 οἱ
3371 1445 3429 1498 δὲ
3490 1444 3654 1512 πόδες,

2091 1534 2359 1602 κινήσεως
2409 1535 2696 1605 σύμϐολον.
2729 1536 2835 1591 Τοῦ
2882 1534 2976 1592 οὖν
3027 1538 3390 1609 ἀθυμοῦντος,
3452 1538 3544 1590 καὶ
3594 1536 3656 1590 τὰ

2088 1626 2295 1698 ψυχικὰ
2353 1627 2452 1698 μὲν
2496 1628 2706 1699 όργανα
2758 1632 3213 1704 προηγουμένως,
3260 1632 3355 1684 καὶ
3389 1631 3459 1683 τὰ
3490 1647 3656 1700 σωμαο

2087 1718 2216 1772 τικᾶι
2253 1718 2563 1782 ἀκολούθως
2614 1725 2897 1793 παρεῖναι.
3395 1811 3408 1819 Δ
3500 1814 3513 1819 _
3572 1810 3595 1819 _

2159 1809 2265 1863 Kal
2304 1809 2546 1879 τροχιὰς
2569 1812 2745 1881 ὀρθὰς
2780 1813 3077 1881 ποιήσατε
3107 1814 3231 1881 τοῖς
3264 1811 3452 1867 ποσὶν
3484 1810 3652 1881 ὑμῶν,

411 1885 554 1935 utne
588 1883 728 1951 quod
775 1885 1026 1942 claudum
1074 1900 1153 1945 est
1202 1893 1430 1960 aberret,
1480 1899 1650 1969 magis
1690 1912 1864 1955 autem
1891 1919 1970 1957 sa-

2087 1901 2187 1954 ἵνα
2220 1902 2307 1971 μὴ
2340 1902 2407 1955 τὸ
2432 1903 2633 1971 χωλόν
2655 1904 2944 1974 ἐκτραπῇ,
2976 1904 3112 1974 ἰαθῇ
3142 1904 3213 1958 δὲ
3244 1904 3511 1973 μᾶλλον.
3554 1901 3657 1953 Ἐν-

408 1979 581 2025 natur.
635 1973 735 2031 llic
767 1977 929 2034 veluti
971 1980 1037 2034 ad
1068 1997 1326 2040 cursores
1364 1987 1608 2054 disserit,
1650 1992 1876 2061 perinde
1918 2009 1983 2050 ac
2029 2055 2032 2058 ,

408 2060 464 2113 in
517 2066 893 2132 superioribus
944 2071 1153 2126 dictum
1194 2083 1275 2129 est
1308 2094 1323 2131 :
1361 2079 1464 2133 Per
1493 2060 1809 2149 patientiam
1862 2102 1984 2139 cur-

407 2166 611 2209 ramus.
645 2156 733 2211 Ait
755 2174 908 2230 ergo,
937 2159 1159 2219 Cressus
1182 2176 1350 2223 rectos
1382 2169 1562 2239 facile.
1595 2173 1802 2244 Τροχια
1831 2190 1978 2241 vero,

407 2250 491 2294 est
531 2244 616 2299 vel
669 2249 963 2320 vestigium
1011 2267 1143 2310 rota:
1172 2271 1391 2324 currus,
1426 2263 1573 2333 quod
1599 2272 1761 2319 teme
1794 2266 1983 2335 impri-

408 2332 598 2396 mitur.
659 2338 743 2392 νει
796 2340 949 2397 locus
996 2349 1334 2404 currentium
1386 2332 1620 2420 pedibus
1678 2354 1978 2426 subjectus.

405 2420 531 2476 Sint
574 2424 762 2497 igitur,
797 2430 997 2501 inquit,
1045 2436 1258 2502 orbitae,
1307 2441 1387 2496 vel
1429 2443 1527 2497 viae
1562 2454 1756 2501 vestra:
1798 2447 1977 2514 laeves,

402 2511 582 2584 plana:
603 2525 655 2572 et
681 2524 940 2591 aequales,
969 2525 1071 2583 hoc
1092 2540 1197 2598 cst,
1220 2531 1358 2587 nihil
1389 2548 1667 2605 asperum,
1689 2537 1774 2593 vel
1801 2539 1976 2607 triste,

401 2622 488 2661 vn
517 2614 786 2681 tnzeqnale
815 2616 886 2671 sit
909 2617 962 2672 in
998 2620 1289 2681 animabus
1314 2627 1547 2683 vestris:
1574 2645 1761 2686 verum
1794 2647 1980 2703 aequa--

402 2697 529 2755 liter
557 2712 609 2757 et
643 2707 807 2774 plane
853 2720 907 2764 et
944 2712 1082 2768 citra
1142 2731 1434 2773 maerorem
1482 2721 1708 2788 currite,
1757 2733 1818 2778 ut
1868 2740 1977 2781 non

398 2789 794 2862 claudicantes,
830 2799 931 2855 hoc
958 2812 1063 2870 est,
1100 2814 1295 2861 natura
1328 2811 1725 2879 pusillanimes.
1759 2813 1979 2872 Judteo-

401 2896 523 2937 rum
555 2885 609 2940 in
647 2903 854 2945 morem
887 2912 900 2947 :
930 2895 1096 2966 hujus
1121 2930 1131 2950 ι
1157 2900 1245 2954 odi
1281 2904 1426 2956 enim
1452 2920 1586 2975 gens
1619 2914 1701 2961 est
1723 2906 1974 2978 llebrma,

398 2973 486 3028 vel
537 2977 701 3033 etiam
764 2983 1138 3063 claudicantes
1204 2993 1352 3048 circa
1424 2995 1582 3052 ﬁdem
1644 2999 1974 3069 futurorum,

398 3062 581 3122 adhuc
603 3058 918 3141 ollendatis,
947 3078 1311 3154 aberrentque
1345 3087 1509 3155 pedes
1531 3091 1722 3157 vestri,
1746 3091 1849 3147 hoc
1869 3058 1974 3159 est;

401 3159 631 3217 omnino
661 3168 904 3235 perversi
942 3170 1091 3227 flant.
1129 3173 1230 3241 Qui
1273 3179 1417 3232 enim
1456 3183 1715 3247 naturali,
1757 3198 1823 3240 ac
1854 3201 1975 3256 qua:

399 3250 673 3325 principio
704 3257 752 3312 ci
779 3261 1002 3330 accidit,
1033 3265 1484 3333 puslllanimitate
1518 3273 1835 3343 impellitur,
1866 3292 1974 3333 non

395 3343 663 3403 cohibens
694 3350 960 3422 seipsum,
1006 3357 1102 3412 sed
1149 3359 1354 3416 dedens
1384 3363 1586 3432 potius,
1615 3365 1750 3420 clam
1791 3368 1846 3421 in
1879 3368 1966 3423 de.

396 3438 729 3505 sperationis
762 3444 1125 3517 praecipitium
1179 3451 1406 3506 omnino
1462 3455 1675 3522 incidit,
1734 3460 1869 3515 adeo
1915 3469 1973 3517 ut

390 3524 525 3582 inde
546 3528 633 3584 vix
660 3536 906 3590 revocari
931 3539 1124 3608 possit.
1156 3540 1288 3597 Date
1312 3553 1494 3601 autem
1521 3550 1701 3617 potius
1726 3565 1968 3621 Operam,

393 3626 457 3673 ut
485 3621 630 3690 quod
672 3623 727 3679 in
778 3626 937 3684 vobis
967 3630 1223 3688 claudum
1258 3648 1362 3703 εει,
1393 3647 1619 3695 curetur
1651 3657 1666 3695 :
1703 3642 1808 3698 hoc
1864 3654 1970 3713 est,

393 3710 613 3769 etiamsi
645 3714 914 3775 hactenus
946 3721 1358 3783 incredulitatis
1391 3732 1642 3787 nonnihil
1676 3710 1967 3803 habuistis,

394 3805 656 3876 corrigite
712 3810 895 3878 potius
931 3830 945 3867 :
998 3815 1219 3871 ubinam
1259 3820 1403 3875 enim
1438 3830 1587 3878 esset
1624 3824 1676 3878 in
1730 3826 1971 3895 patiente

390 3897 751 3956 incredulitas
779 3902 803 3956 ?
829 3903 1220 3970 Animadverte
1251 3921 1434 3967 autem
1479 3918 1753 3984 quomodo
1793 3921 1970 3975 mani—

391 3981 534 4041 feste
591 3988 815 4046 inducat
869 3997 1277 4067 paenitentiam,
1338 3981 1510 4076 atque
1558 4007 1702 4064 istud
1738 4010 1967 4067 observa

388 4086 615 4147 prOpter
665 4080 1021 4144 Novatiauos.

461 4166 629 4224 Vsus.
660 4172 748 4227 M.
774 4173 967 4233 Parem
983 4184 1359 4253 persequimini
1375 4203 1491 4241 cum
1516 4191 1778 4249 omnibus.
1811 4194 1964 4261 Quod

387 4272 557 4329 supra
604 4260 745 4318 dixit
777 4282 792 4321 :
832 4264 958 4323 Non
987 4270 1284 4329 deserentes
1311 4276 1647 4335 collationem
1704 4260 1963 4353 nostram,

386 4348 443 4403 id
506 4367 656 4409 nunc
707 4356 874 4412 etiam
907 4361 1039 4433 agit,
1085 4363 1152 4419 ad
1184 4365 1529 4423 dilectionem
1585 4348 1962 4446 congregans;

384 4456 491 4498 nec
528 4445 705 4501 solum
736 4463 868 4521 erga
899 4454 1108 4511 amicos
1134 4469 1198 4512 ac
1229 4458 1548 4528 familiares,
1582 4479 1766 4519 verum
1796 4445 1962 4523 etiam

2083 1992 2260 2047 ταῦοα
2285 1993 2359 2057 ώς
2388 1994 2525 2064 πρὸς
2551 1993 2777 2064 δρομεῖς
2818 1995 3150 2065 διαλέγεται,
3192 1994 3379 2056 καθώς
3407 1994 3504 2045 καὶ
3531 1994 3656 2044 ἀνιυ-

2083 2083 2227 2154 τέρω
2267 2083 2460 2154 είρηκε
2485 2098 2501 2113 ο
2551 2085 2629 2136 Δι’
2656 2085 2971 2155 ὑπομονῆς
3006 2085 3325 2154 τρέχωμεν.
3362 2084 3530 2152 Φησὶν
3553 2078 3653 2145 οὖν,

2083 2174 2382 2242 Ποιήσατε
2432 2175 2674 2245 τροχιὰς
2710 2177 2910 2247 ὀρθάς.
2956 2176 3162 2247 Τροχιά
3207 2176 3265 2230 δέ
3320 2177 3472 2230 ἔστιν
3523 2174 3556 2243 ἢ
3604 2173 3655 2226 τὸ

2086 2267 2229 2337 ἴχνος
2265 2267 2358 2321 τοῦ
2386 2268 2692 2339 ἁρματείου
2722 2268 2940 2340 τροχοῦ,
2969 2269 2999 2323 δ
3028 2270 3170 2323 κατά
3199 2270 3299 2337 τῆς
3328 2271 3437 2339 γῆς
3466 2266 3654 2337 χαράτ-

2082 2376 2257 2425 τεται,
2308 2358 2342 2428 ἢ
2373 2362 2406 2429 ἡ
2459 2360 2800 2432 ὑποκειμένη
2850 2363 3004 2433 χώρα
3052 2363 3164 2424 τοῖς
3197 2361 3306 2413 τῶν
3362 2358 3653 2429 τρεχόντων

2082 2450 2261 2505 ποσίν.
2314 2450 2595 2505 Ἔστωσαν
2656 2448 2785 2517 οὖν,
2838 2453 3036 2525 φησὶν.
3100 2454 3157 2507 αί
3210 2454 3434 2523 τροχιαὶ
3489 2449 3650 2521 ὑμῶν,

2081 2544 2249 2615 ἤγουν
2297 2536 2352 2596 ἀί
2397 2543 2508 2597 ὁδοὶ
2557 2544 2709 2614 ὑμῶν
2766 2545 2906 2598 λεῖαι
2966 2544 3061 2599 καὶ
3112 2544 3338 2613 ὁμαὶαὶ,
3396 2543 3648 2607 τουτέστι,

2084 2637 2253 2708 μηδὲν
2296 2637 2469 2709 τραχὺ
2523 2640 2618 2691 καὶ
2668 2637 2914 2711 λυπηρὸν
2964 2640 3058 2692 καὶ
3096 2638 3387 2710 ἀνώμαλον
3435 2638 3494 2688 ὲν
3542 2637 3650 2697 ταῖς

2081 2727 2378 2800 ὑμετέραις
2425 2728 2627 2799 ψυχαῖς
2673 2730 2810 2801 ἧτω,
2865 2730 2983 2783 ἀλλ’
3035 2730 3253 2801 ὁμαλῶς
3299 2732 3401 2783 καὶ
3446 2727 3648 2787 ἀλύπως

2080 2819 2176 2873 καὶ
2221 2819 2382 2882 λείως
2431 2819 2680 2891 τρέχετε,
2721 2820 2811 2874 ἵνα
2852 2822 2925 2890 μὴ
2971 2820 3139 2891 χωλοὶ
3168 2820 3321 2883 ὄντες
3348 2860 3365 2886 ,
3417 2817 3649 2871 τουτέστι

2079 2908 2241 2978 φύσει
2287 2908 2755 2981 μικροψυχότερον
2805 2911 3159 2982 διακείμενοι,
3216 2909 3312 2964 ἅτε
3372 2907 3646 2962 Ἰουδαῖοι⁸

2077 3000 2317 3055 τοιοῦτον
2368 3002 2479 3073 γὰρ
2529 3002 2591 3056 τὸ
2621 3002 2774 3067 ἔθνος
2806 3017 2822 3034 ⁸
2855 3004 2888 3074 ἢ
2919 3006 3012 3057 καὶ
3042 3003 3376 3074 χωλεύοντες
3427 3001 3553 3071 περὶ
3594 2999 3647 3052 τὸ

2077 3095 2354 3146 πιστεύειν
2406 3095 2520 3157 τοῖς
2578 3095 2887 3164 μέλλουσιν,
2931 3095 3011 3149 ἔτι
3047 3096 3438 3168 προσπλαγῆτε
3467 3094 3534 3159 ⁷⁸,
3563 3091 3645 3145 καὶ

2079 3186 2427 3258 ἐκτραπῶσιν
2478 3187 2528 3240 οῖ
2586 3187 2745 3251 πόδες
2824 3188 2978 3257 ὑμῶν
3004 3227 3019 3251 ,
3065 3189 3312 3242 τουτέστι
3381 3184 3647 3246 παντελῶς

2079 3278 2329 3351 στρεϐλοὶ
2368 3278 2655 3346 γένωνται.
2696 3278 2755 3333 '0
2779 3279 2890 3350 γὰρ
2916 3282 2983 3352 τῇ
3018 3283 3245 3352 φυσικῇ,
3287 3281 3320 3350 ἦ
3363 3283 3434 3351 τῇ
3469 3280 3526 3347 ἐξ
3557 3280 3646 3349 ἀρ-

2075 3373 2177 3442 χῆς
2221 3371 2609 3444 προσπεσούσῃ
2666 3373 3004 3446 μικροψυχία
3059 3374 3524 3442 συνεπαγόμενος,
3564 3372 3646 3424 καὶ

2078 3463 2154 3535 μὴ
2198 3464 2407 3534 ἀνέχων
2443 3464 2656 3530 ἑαυτὸν,
2695 3465 2813 3519 ἀλλ’
2855 3465 3110 3531 ἐνδιδοὺς,
3148 3465 3405 3520 λανθάνει
3454 3463 3645 3518 παντάσ

2074 3572 2242 3611 πασιν
2298 3556 2580 3612 ἐκπίπτων
2627 3559 2710 3622 είς
2776 3558 2868 3613 τὸν
2948 3557 3051 3629 τῆς
3104 3557 3477 3627 ἀπογνώσεως
3527 3574 3646 3627 κρη-

2076 3648 2207 3722 μνὸν
2231 3651 2282 3684 ⁷⁹
2300 3651 2392 3704 καὶ
2436 3650 2825 3716 δυσανάκλιτος
2867 3651 3076 3706 ἐκεῖθεν
3108 3650 3206 3707 ὥν.
3250 3652 3418 3706 Ἀλλὰ
3462 3651 3644 3721 μᾶλλον

2073 3741 2434 3807 σπουδάσατε,
2478 3742 2567 3796 ἵνα
2592 3742 2714 3814 ἰαθῇ
2748 3742 2810 3797 τὸ
2845 3744 2902 3796 ὲν
2934 3742 3064 3813 ὑμῖν
3116 3742 3376 3814 χωλεῦον,
3414 3742 3645 3796 τουτέστι

2072 3835 2173 3890 κάν
2210 3854 2332 3891 τινα
2371 3836 2633 3891 ἀπιστίαν
2668 3834 2829 3906 ἔχητε
2872 3835 3036 3906 μέχρι
3062 3834 3155 3888 τοῦ
3178 3833 3294 3900 νῦν,
3324 3833 3643 3905 διορθὼθητε

2074 3927 2297 3999 μᾶλλον.
2345 3926 2459 3983 Ποῦ
2502 3927 2612 3999 γὰρ
2640 3928 2698 3979 ὲν
2722 3925 2798 3998 τῷ
2831 3926 3161 3998 ὑπομένοντι
3196 3927 3430 3980 ἀπιστία
3461 3945 3475 3993 ;
3515 3927 3642 3995 Ὅρα

2069 4022 2127 4076 δὲ
2153 4021 2269 4085 πῶς
2296 4020 2510 4089 εἰσάγει
2536 4019 2785 4090 φανερῶς
2814 4010 2924 4091 τὴν
2944 4018 3252 4089 μετάνοιαν,
3284 4020 3384 4072 καὶ
3420 4017 3642 4090 σημείω-

2073 4127 2161 4166 σαι
2191 4110 2349 4164 τοῦτο
2366 4109 2463 4164 διὰ
2476 4110 2601 4174 τοὺς
2620 4109 3017 4172 Ναυάτιανούς.

2137 4202 2400 4271 Εἰρήνην
2428 4201 2668 4255 διώκετε
2689 4200 2841 4271 μετὰ
2867 4201 3132 4256 πάντων.
3182 4201 3362 4270 Ὅπερ
3394 4199 3641 4269 ἀνωτέρω

2069 4290 2187 4348 εἷπε
2215 4312 2229 4326 ·
2290 4293 2386 4361 Μὴ
2440 4294 2979 4361 ἐγκαταλείποντες
3031 4292 3148 4363 τὴν
3185 4291 3640 4361 ἐπισυναγωγὴν

2070 4384 2318 4453 ἑαυτῶν,
2348 4385 2504 4439 τοῦτο
2531 4385 2628 4439 καὶ
2665 4385 2760 4438 νῦν
2795 4387 2959 4452 ποιεῖ,
3011 4388 3091 4449 εἰς
3120 4385 3342 4456 ἀγάπην
3375 4388 3633 4453 συνάγων.

2070 4479 2181 4532 Καὶ
2224 4478 2283 4531 ού
2335 4478 2495 4548 μόνον
2538 4467 2844 4550 πρὸςτοὺς
2885 4477 3144 4542 οίκείους,
3174 4476 3315 4532 ἀλλὰ
3360 4477 3462 4530 καὶ
3516 4474 3637 4546 πρὸς

385 4549 513 4605 erga
564 4537 752 4596 hostes
799 4557 989 4612 pacem
1057 4546 1264 4606 habere
1311 4566 1376 4606 ac
1432 4555 1634 4610 sectari
1681 4550 1959 4614 admonet.

2084 4569 2192 4633 τοὺς
2240 4537 2468 4642 ἔχθροὺς
2515 4537 2836 4640 εἰρηνεύειν⁷
2873 4537 3147 4640 παραινεῖ,
3199 4566 3362 4624 Μετὰ
3408 4566 3637 4622 πάντων

382 4624 517 4680 Cum
560 4631 803 4687 omnibus
855 4635 1023 4703 enim,
1063 4639 1260 4711 inquit,
1293 4653 1345 4698 et
1376 4643 1600 4714 Grzecis,
1633 4653 1687 4703 et
1736 4647 1962 4720 .lutlreis,

380 4726 439 4772 et
486 4718 759 4778 hostibus.
813 4724 1085 4792 Quantum
1111 4732 1281 4803 enim,
1315 4736 1515 4807 inquit,
1573 4740 1628 4795 in
1667 4742 1812 4798 vobis
1860 4718 1958 4813 est,

380 4825 500 4864 cum
532 4814 772 4869 omnibus
798 4816 1096 4876 hominibus
1123 4840 1304 4892 pacem
1353 4829 1535 4887 habete
1564 4832 1629 4888 “.
1665 4831 1722 4889 Si
1766 4836 1959 4906 hujus-

379 4903 529 4958 modi
556 4907 895 4976 propositum
922 4911 1244 4983 habueritis,
1273 4936 1384 4976 non
1409 4924 1562 4979 eritis
1586 4903 1958 4996 pusillanimes

378 4993 438 5048 in
489 4995 803 5056 alllictione.
860 4999 1070 5070 Reputa
1129 5009 1294 5065 etiam
1354 5016 1499 5083 quod
1549 4993 1712 5088 ’150
1769 5019 1957 5074 dixit:

379 5083 786 5160 Persequimini,
816 5092 916 5151 hoc
950 5106 1053 5165 est,
1077 5114 1288 5169 pacem,
1307 5105 1468 5160 etiam
1494 5123 1615 5177 quae
1637 5112 1824 5177 procul
1848 5121 1953 5181 est,

379 5179 598 5236 studete
630 5186 1117 5259 comprehendere,
1168 5207 1289 5248 eam
1350 5195 1418 5252 ad
1455 5212 1549 5255 vos
1590 5200 1742 5271 ipsos
1782 5179 1955 5259 aura;

376 5268 592 5330 hentcs.

447 5363 517 5417 Et
549 5371 983 5428 sanctimoniam.
1009 5373 1124 5430 Hoc
1150 5382 1257 5441 est,
1288 5378 1580 5448 puritatem
1609 5400 1624 5439 :
1658 5383 1703 5438 si
1730 5384 1947 5454 quidem

372 5454 639 5527 lnnuptus
701 5460 971 5534 quispiam
1032 5478 1137 5536 est,
1206 5470 1614 5543 virginitatem;
1666 5479 1709 5531 si
1766 5488 1947 5533 autem

443 5638 486 5667 "
519 5636 678 5696 Rom.
714 5658 811 5710 ιιι,
844 5645 897 5701 8.

2064 4660 2193 4729 γὰρ,
2248 4662 2403 4731 φησὶ,
2449 4661 2544 4715 καὶ
2595 4661 2886 4732 Ἑλλήνων,
2919 4663 3014 4715 καὶ
3059 4661 3354 4723 Ἰουδαίων,
3396 4660 3496 4715 καὶ
3539 4658 3635 4711 τῶν

2063 4750 2294 4821 ἐχθρῶν.
2320 4751 2511 4804 Ὅσον
2548 4750 2678 4822 γὰρ,
2722 4752 2876 4822 φησὶ,
2908 4751 3001 4821 ἐφ’
3039 4750 3201 4821 ὑμῖν,
3225 4749 3375 4819 μετὰ
3407 4748 3635 4803 πάντων

2060 4840 2387 4910 ἀνθρώπων
2419 4844 2775 4911 εἰρηνεύετε.
2822 4842 2949 4896 Ἐάν
2978 4842 3034 4896 δὲ
3083 4841 3340 4912 τοιαύτην
3384 4840 3631 4911 πρόθεσιν

2060 4931 2244 5004 ἔχητε,
2292 4934 2444 4988 οὐδὲν
2505 4934 2950 5005 μικροψυχήσετε
2988 4932 3447 5003 ἐπηρεαζόμενοι.
3504 4930 3633 4997 Ὅρα

2062 5024 2119 5079 δὲ
2147 5027 2239 5080 καὶ⁵
2274 5026 2352 5093 τὸ,
2384 5025 2650 5093 Διώκετε,
2676 5027 2921 5081 τουτέστι
2956 5027 3050 5082 καὶ
3088 5024 3277 5098 πόρῤω
3327 5022 3497 5078 οὖσαν
3541 5020 3630 5091 τὴν

2063 5116 2290 5190 εἰρήνην
2316 5114 2649 5183 σπουδάζετε
2672 5116 3024 5185 καταλαϐεῖν,
3055 5116 3193 5190 πρὸς
3213 5115 3445 5180 ἑαυτοὺς
3478 5110 3626 5184 ἐφέλ-

2061 5226 2272 5273 κοντες.

2129 5393 2235 5447 Καὶ
2284 5395 2391 5447 τὸν
2425 5396 2745 5464 ἁγιασμόν.
2786 5393 3069 5460 Τουτέστι,
3105 5393 3204 5465 τὴν
3238 5392 3620 5464 καθαρότητα*

2058 5482 2107 5537 εἰ
2144 5481 2243 5552 μὲν
2274 5481 2487 5554 ἄγαμός
2519 5483 2634 5538 ἐστί
2676 5500 2781 5551 τις,
2829 5484 3115 5556 φυλάττων
3150 5483 3251 5557 τὴν
3290 5482 3618 5555 παρθενίαν·

1712 5747 1909 5809 Variae
1950 5747 2278 5812 lectiones.

439 5831 487 5867 ”
511 5833 834 5904 ἁνιαθέντας
866 5843 985 5897 ἐκεῖ
1008 5843 1307 5901 ἀναπαύων
1338 5861 1391 5902 0.
1469 5848 1511 5882 ⁷⁸
1551 5849 1938 5922 προσπληγῆτε
1975 5865 2048 5904 tn.
2124 5850 2171 5883 ⁷⁸
2209 5850 2371 5924 βυθὸν
2399 5870 2454 5911 0.
