3860 6546
184 436 276 502 377

869 438 1273 502 EXPOSI'I‘IO
1308 441 1389 504 ΙΝ
1412 438 1650 503 El‘lS’l‘.
1684 443 1727 500 Α

1840 443 2205 507 lEBRAiOS.
2234 469 2304 480 -
2336 444 2495 506 CAP.
2520 444 2662 504 XII.

3306 443 3410 507 378

185 552 229 604 εί
251 549 304 604 δὲ
330 550 386 603 ιν
409 550 592 621 γάμῳ,
631 550 728 622 τὴν
764 551 1121 625 σωφροσύνην
1147 570 1161 587 ’
1200 553 1300 624 οὐχ
1337 555 1418 608 ὅτι
1461 553 1732 623 ἁγιασμὸς

1838 556 2185 611 matrimonio
2235 556 2459 626 junctus
2497 564 2603 620 est,
2633 551 2984 609 sobrietatem
3047 550 3359 606 custodiens
3391 563 3407 602 :

185 646 318 697 ἐστιν
343 642 371 695 ό
407 641 606 710 γάμος,
644 641 759 694 ἀλλ’
802 643 885 697 ὅτι
930 646 1090 715 τηρεῖ
1135 644 1229 697 τὸν
1268 643 1376 698 ἀπὸ
1406 644 1500 697 τοῦ
1535 645 1733 715 βαπτί-

185 752 373 806 σματος
411 733 684 804 ἁγιασμὺν
732 734 1108 804 ἀναπόϐλητον
1144 734 1231 789 διὰ
1260 736 1361 803 τῆς
1390 736 1515 804 νομτ
1523 752 1622 805 μου
1650 734 1738 801 μί-

183 829 322 892 ξεως.
351 826 543 896 Τίμιος
591 825 688 896 μὲν
713 825 823 896 γὰρ
865 827 895 879 ὁ
936 825 1139 895 γάμος,
1177 826 1277 896 οὐχ
1305 826 1458 895 ἅγιος
1489 826 1565 889 δὲ,
1599 823 1735 878 ἀλλὰ

180 918 265 972 τοῦ
292 915 564 987 ἁγιασμοῦ
598 916 793 987 φύλαξ.

234 1102 312 1163 οὗ
342 1105 521 1175 χωρίς
561 1103 758 1171 οὐδεὶς
795 1103 1007 1172 ὄψεται
1037 1103 1146 1157 τὸν
1186 1102 1424 1170 Κύριον.
1457 1100 1594 1155 Οὔτε
1624 1100 1733 1171 γὰρ
1774 1128 1796 1151 ι

178 1202 365 1270 πόρνοι,
405 1198 532 1251 οὔτε
580 1198 778 1267 μοιχοὶ,
809 1195 935 1251 οὔτε
969 1194 1227 1265 μαλακοὶ,
1265 1193 1388 1248 οὔτε
1426 1195 1737 1263 ἀρσενοκοῖ-

178 1309 273 1349 ται,
307 1288 582 1358 βασιλείαν
608 1287 745 1341 Θεοῦ
790 1287 1285 1356 κληρονομήσουσι.
1324 1284 1434 1338 Καὶ
1472 1284 1500 1335 ὁ
1532 1284 1734 1356 Κύριος

174 1380 224 1434 δὲ
247 1382 300 1433 ἐν
319 1378 393 1449 τῷ
417 1378 738 1448 Εὐαγγελίῳ
762 1393 777 1409 ο
807 1378 1097 1444 Μακάριοι
1131 1379 1185 1430 oi
1213 1375 1457 1443 καθαροί
1489 1372 1563 1443 τῇ
1590 1391 1733 1442 uap-

174 1470 280 1538 δίᾳ,
307 1468 393 1522 ὅτι
421 1470 593 1522 αὐτοὶ
633 1467 885 1536 ὄψονται
910 1464 1017 1519 τὸν
1044 1465 1212 1520 Θεόν.

245 1560 748 1627 Ἐπισιιοποῦντες
773 1561 853 1629 μή
882 1577 972 1625 τις
996 1556 1267 1626 ὑστερῶν
1287 1556 1405 1613 ἀπὸ
1436 1556 1542 1625 τῆς
1567 1554 1733 1625 χάρι·

173 1671 263 1720 τος
296 1653 400 1708 τοῦ
440 1654 615 1708 Θεοῦ.
651 1653 919 1723 Καθάπερ
946 1652 1065 1706 ὁδόν
1093 1669 1216 1705 τινα
1266 1652 1483 1721 μακρὰν
1522 1650 1734 1704 ὁδευόν-

173 1762 267 1801 των
291 1746 467 1799 αὐτῶν
481 1747 542 1800 ὲν
566 1745 784 1816 συνοδίᾳ
804 1744 999 1815 πολλῇ,
1028 1745 1162 1813 φησί
1186 1758 1200 1775 ο
1222 1743 1486 1797 Βλέπετε
1521 1743 1603 1812 μή
1645 1760 1733 1808 τις

174 1836 488 1906 ἀπέμεινεν.
536 1836 611 1890 Oti
659 1836 769 1906 γὰρ
815 1834 976 1888 τοῦτο
1008 1833 1157 1905 ζητῶ
1197 1835 1376 1904 μόνον,
1440 1833 1525 1886 ἵνα
1573 1834 1732 1901 ὑμεῖς

173 1905 557 2000 παραγένησθε,
596 1927 711 1981 ἀλλ’
740 1905 831 1979 θῖνα
859 1927 956 1980 καὶ
985 1926 1113 1988 τοὺς
1139 1925 1335 1988 ἄλλους
1369 1925 1727 1994 ὲπισκοπῆτε,
1768 1905 1809 1959 Β

172 2024 390 2075 τουτέστι
425 2019 838 2087 ὲπισκὲπτησθε
871 2058 889 2081 ,
925 2016 1408 2087 καταλαμϐάνητε,
1451 2032 1731 2084 καταμαν-

173 2113 367 2184 θὰνητε,
402 2113 541 2180 ὅπερ
595 2112 741 2165 ἐστὶν
784 2111 876 2165 ἐπὶ
905 2110 1014 2164 τῶν
1058 2110 1302 2164 ἀσθενῶν
1333 2124 1349 2140 ⁸
1380 2108 1481 2163 κᾶν
1525 2104 1604 2168 εἷς
1703 2109 1732 2161 ό

173 2202 412 2274 ὑστερῶν,
440 2202 579 2273 μηδὲ
609 2201 803 2256 τούτου
834 2200 1281 2272 καταμελὴσητε.
1311 2201 1486 2271 Χάριν
1514 2199 1572 2252 δὲ
1594 2194 1728 2251 Θεοῦ

173 2291 258 2361 τὴν
307 2292 483 2344 πίστιν
522 2292 686 2359 φησὶ,
727 2293 821 2344 καὶ
854 2290 955 2362 τὴν
991 2291 1222 2363 ἀρίστην
1277 2290 1574 2354 πολιτείαν,
1635 2287 1733 2341 καὶ

173 2384 232 2437 τὰ
263 2385 512 2456 μέλλοντα
535 2383 742 2452 ἀγαθά.
770 2383 957 2438 Πάντα
976 2384 1088 2453 γὰρ
1116 2382 1310 2450 ταῦτα,
1344 2383 1443 2453 τῆς
1473 2380 1568 2435 τοῦ
1593 2378 1729 2433 Θεοῦ

174 2477 273 2530 ἐστι
303 2475 537 2545 χάριτος.

232 2569 320 2637 Μή
335 2587 421 2635 τις
436 2566 573 2637 ῥίζα
598 2568 841 2637 πικρίας
875 2564 998 2619 ἅνω
1021 2566 1264 2636 φύουσα
1285 2562 1536 2632 ἐνοχλῇ.
1562 2562 1734 2617 Τοῦτο

175 2663 224 2715 ἐν
247 2661 318 2731 τῷ
347 2661 760 2731 Δευτερονομίῳ
807 2662 1007 2714 κεῖται.
1072 2657 1273 2713 Ἔλαὸε
1321 2657 1380 2710 δὲ
1440 2657 1573 2710 αὐτὸ
1621 2656 1730 2711 ἀπὸ

177 2756 461 2825 μεταφορᾶς
513 2754 629 2807 τῶν
690 2752 894 2823 φυτῶν.
958 2753 1025 2806 '0
1078 2751 1138 2804 δὲ
1188 2748 1423 2820 ἀλλαχοῦ
1479 2750 1727 2820 γράφει,

173 2845 340 2915 Μαιρὰ
378 2844 522 2917 ζύμη
585 2846 735 2900 ὅλον
791 2845 861 2900 τὸ
908 2845 1148 2915 φύραμα
1190 2841 1375 2911 ζυμοῖ,
1429 2841 1589 2895 τοῦτο
1637 2841 1732 2894 καὶ

175 2939 381 2994 ἔνταῦθά
412 2956 570 3010 φησι,
606 2939 697 3009 Μή
728 2955 811 3002 τις
851 2936 1090 3007 πονηρὸς
1132 2937 1213 2998 είς
1239 2934 1422 3004 λύμην
1465 2933 1729 2989 πλειόνων

175 3024 295 3084 εἶναι
327 3028 717 3103 συγχωρείοθω
748 3047 763 3059 ·
817 3028 1053 3082 ἐκκοπτε
1093 3027 1192 3096 τὴν
1238 3024 1339 3093 τῆς
1380 3025 1608 3095 πικρίας
1643 3024 1727 3095 ῥί-

176 3123 278 3189 ζαν,
296 3123 550 3186 τουτέστι,
576 3122 678 3192 τῆς
702 3122 994 3193 ἁμαρτίας.
1013 3120 1100 3173 ἵνα
1128 3120 1201 3190 μὴ
1230 3118 1489 3189 βλαστοὺς
1506 3118 1726 3191 ἐνέγκῃ,

174 3217 388 3270 τουτέστι
427 3216 503 3287 μὴ
547 3214 745 3277 ἄλλους
773 3196 1293 3281 τοιούτουςποιήση.
1320 3211 1443 3264 Ὀτι
1467 3210 1523 3263 δὲ
1553 3208 1723 3280 πικρὰ
1753 3250 1794 3287 ⁸,

175 3308 204 3377 ή
250 3308 498 3380 ἁμαρτία,
567 3306 773 3373 μᾶλλον
810 3304 867 3359 δί
915 3304 1069 3357 οὐδὲν
1143 3303 1466 3373 πικρότερον
1533 3300 1725 3369 αὐτῆς,

178 3398 331 3452 ίσασιν
354 3401 400 3452 οἱ
429 3398 570 3470 μετὰ
613 3398 676 3452 τὺ
711 3398 915 3467 πρᾶξαι
968 3395 1074 3449 ὑπὸ
1102 3392 1197 3448 τοῦ
1238 3393 1541 3455 συνειδότος
1569 3389 1732 3460 τηκό-

178 3509 328 3560 μενοι.
368 3493 509 3563 Ὅρα
560 3491 644 3553 δὲ,
697 3492 799 3544 οὐκ
847 3485 1002 3542 εἶπεν
1047 3490 1130 3542 ὅτι
1193 3486 1369 3555 πικρὰ
1415 3486 1560 3557 ῥίζα.
1594 3484 1730 3538 ἀλλὰ

177 3586 372 3653 πικρίας
405 3584 529 3654 ῥίζα
558 3599 576 3614 ο
615 3582 714 3654 τὴν
753 3581 851 3652 μὲν
873 3581 980 3651 γὰρ
1008 3579 1211 3651 πικρὰν
1246 3579 1402 3650 ῥίζαν
1440 3578 1555 3630 ἐστι
1590 3592 1729 3646 καρ-

177 3674 292 3737 ποὺς
309 3675 522 3744 γλυκεῖς
542 3674 595 3707 τ’
623 3672 1014 3742 προσενεγκεῖν
1039 3686 1056 3700 ·
1081 3670 1182 3741 τὴν
1202 3669 1260 3721 δὲ
1290 3668 1516 3739 πιγρῖας
1549 3666 1725 3736 ῥίζαν,

175 3767 389 3819 τουτέστι
440 3767 544 3836 τὴν
612 3764 796 3836 πηγὴν
844 3764 942 3817 καὶ
993 3760 1271 3827 ὑπόθεσιν,
1321 3760 1421 3813 οὐκ
1478 3758 1560 3812 ενι
1595 3756 1726 3811 ποτὲ

176 3853 355 3922 γλυκὺν
391 3857 640 3926 ἐνεγκεῖν
682 3853 915 3926 καρπόν.

232 4040 329 4096 Καί
354 4039 451 4096 διὰ
475 4041 703 4109 ταύτης
720 4037 1018 4110 μιανθῶσι
1041 4040 1279 4093 πολλοί.
1307 4038 1446 4102 τοὺς
1467 4038 1573 4109 γὰρ
1602 4037 1730 4091 ἀσε-

176 4132 274 4198 ϐεῖς
300 4134 555 4207 ὁρῶντες,
599 4136 679 4198 εἰς
719 4133 879 4204 ζῆλον
923 4132 1104 4186 αὐτῶν
1159 4132 1410 4203 ἐρχονται
1458 4133 1508 4185 ot
1563 4130 1729 4202 ῥᾴθυ-

177 4242 254 4291 μοι
285 4227 345 4291 ’⁸,
378 4229 470 4281 καὶ
503 4226 815 4297 μιαίνονται
859 4225 957 4289 τὰς
994 4224 1195 4296 ψυχάς.
1239 4223 1726 4278 Ἑκκοπτέσθωσαν

176 4313 255 4369 οὖν
284 4319 335 4371 αί
359 4319 609 4373 τοιαῦται
640 4319 811 4390 ῥίζαι.

233 4409 319 4478 Μή
349 4427 434 4478 τις
467 4412 718 4480 πόρνος,
755 4409 795 4478 ἢ
820 4409 1108 4476 βέϐηλος,
1130 4407 1212 4471 ὡς
1254 4406 1466 4470 Ἠσαῦ,
1496 4405 1563 4470 ὃς
1591 4403 1727 4459 ἀντὶ

169 4498 423 4570 ,ϐρώσεως
467 4502 616 4574 μιᾶς
674 4502 932 4558 ἀπέδοτο
978 4500 1051 4555 τὰ
1089 4501 1458 4570 πρωτοτόκια
1514 4499 1721 4555 αὐτοῦ.

176 4591 238 4642 Ui:
279 4593 425 4648 τοῦτό
460 4611 651 4666 φησιν,
684 4595 767 4648 ὅτι
805 4594 1005 4663 πόρνος
1052 4589 1121 4664 ἦν
1177 4590 1374 4653 Ἡσαῦ,
1410 4589 1527 4642 ἀλλ’
1568 4591 1728 4660 ἄχρις

175 4679 316 4735 αὑτοῦ
344 4686 562 4755 στῆσον,
600 4681 694 4750 Μή
730 4701 819 4750 τις
862 4685 1087 4752 πόρνος
1153 4682 1224 4735 ἐν
1268 4679 1413 4749 ὑμῖν
1453 4679 1593 4748 ἤτω.
1639 4681 1734 4733 Ai-

174 4772 381 4828 νέττεται
441 4781 552 4847 γάρ
594 4792 745 4840 τινας
782 4776 912 4847 παρ’
947 4775 1125 4831 αὐτοῖς
1169 4775 1463 4838 τοιούτους,
1509 4775 1568 4828 ού
1611 4775 1737 4843 μέν·

173 4879 241 4917 τοι
296 4865 536 4936 βούλεται
601 4870 847 4941 ἐλέγχειν
898 4870 1113 4934 αὐτοὺς,
1164 4868 1302 4922 ἀλλὰ
1355 4872 1734 4940 προσποιεῖται
1776 4934 1783 4942 ⁴

174 4954 392 5024 ἄγνοιαν,
419 4961 493 5025 ὠς
526 4962 595 5016 ἂν
623 4962 1047 5034 διορθὼσωνται.
1088 4959 1219 5017 Εἶτα
1235 4961 1331 5015 ἀπ’
1359 4962 1524 5032 ἄλλης
1556 4963 1732 5033 ἀρχῆς

174 5046 294 5110 εἰπὲ,
323 5050 483 5119 Μηδὲ
515 5051 781 5120 ,ϐέϐηλος
814 5054 894 5120 ὡς
939 5053 1151 5118 Ἠσαῦ,
1186 5054 1430 5107 τουτέστι
1495 5058 1725 5124 γαστρί-

179 5152 384 5209 μαργος,
446 5145 735 5213 κοσμικὸς,
796 5146 868 5199 τὰ
916 5145 1265 5214 πνευματικὰ
1328 5145 1572 5217 βεδηλών
1632 5148 1725 5199 καὶ

175 5235 499 5289 καταπατιῖη.
526 5236 639 5306 Τὴν
668 5238 777 5307 γὰρ
806 5239 960 5308 παρὰ
981 5236 1120 5319 Θεού
1143 5237 1391 5292 δοθεῖσαν
1420 5239 1586 5309 τιμὴν
1614 5240 1724 5292 τῶν

175 5327 529 5390 πρωτοτοκίων
581 5330 831 5395 ἀπέδοτο,
891 5331 987 5385 καὶ
1031 5329 1206 5385 ταῦτα
1259 5330 1517 5403 βρώσεως
1569 5333 1719 5402 μιᾶς.

176 5408 327 5466 Τοῦτο
343 5416 398 5469 δέ
421 5419 536 5472 ἐστι
560 5420 883 5492 βιϐήλωσις,
915 5421 948 5492 ἡ
974 5422 1378 5493 καταφρόνησις
1405 5423 1516 5476 τῶν
1536 5423 1718 5479 θείων.

183 5498 425 5560 Ἐνταῦθα
456 5510 726 5567 δείκνυσιν
758 5514 946 5577 αὐτοῖς
984 5514 1151 5568 πόσον
1180 5515 1350 5568 κακὸν
1381 5517 1415 5588 ὴ
1452 5516 1719 5589 ῥᾳθυμία,

238 5683 298 5715 σν
338 5685 501 5745 lCor.
542 5707 616 5757 ιν,
656 5692 712 5759 9,
744 5694 830 5748 to.
915 5694 961 5728 οι
992 5694 1184 5752 Matth.
1212 5713 1265 5761 ν.
1289 5696 1345 5751 8.
1422 5696 1469 5727 ιι
1496 5696 1615 5751 Gal.
1647 5710 1698 5756 v.
1736 5694 1790 5750 9.

1837 663 1945 702 non
1978 649 2120 718 quod
2149 650 2353 718 nuptiae
2388 649 2496 703 sint
2553 644 2941 707 sanctiﬁcatio,
2990 642 3083 698 sed
3126 643 3253 713 quia
3284 659 3410 698 εςιη-

1833 741 2223 797 ctiﬁcationem
2259 758 2290 796 a
2334 742 2662 810 baptismate
2696 747 2932 807 partam,
2965 749 3062 804 per
3109 735 3425 807 legitimunt‘

1834 828 2077 891 coitum,
2137 824 2451 882 inviolatam
2508 834 2750 881 servant.
2820 826 3153 879 llonorabile
3208 827 3412 897 quippe

1834 920 2195 983 connubinm,
2243 935 2351 974 non
2401 931 2582 974 autem
2618 925 2895 978 sanctum.
2949 915 3047 971 sed
3096 917 3411 972 sanctiﬁca-

1834 1011 1999 1065 tionis
2027 1021 2237 1066 custos.

1905 1101 2033 1156 Sine
2048 1119 2151 1172 qua
2173 1118 2323 1156 nemo
2358 1100 2550 1155 ridebit
2570 1101 2873 1155 Dominum.
2898 1100 3086 1172 Neque
3123 1100 3267 1154 enim
3300 1098 3413 1153 l'or-

1834 1195 2128 1258 nicatores,
2163 1210 2339 1265 neque
2368 1195 2591 1257 moechi,
2617 1209 2797 1263 neque
2837 1195 3049 1255 molles,
3082 1208 3259 1261 neque
3297 1207 3414 1246 ma-

1833 1291 2111 1345 sculorum
2134 1288 2519 1342 coucubitures
2537 1302 2763 1355 regnum
2788 1285 2878 1340 Dei
2901 1286 3298 1339 hmreditabunt
3316 1285 3406 1337 “°.

1833 1383 1909 1436 Ac
1950 1380 2211 1435 Dominus
2267 1380 2319 1433 in
2374 1380 2713 1449 Evangelio:
2756 1377 2927 1442 Beati,
2974 1377 3174 1446 inquit,
3230 1375 3411 1429 mundi

1832 1473 2004 1539 corde,
2042 1474 2290 1543 quoniam
2318 1471 2414 1539 ipsi
2454 1471 2614 1524 Deum
2648 1469 2894 1525 videbunt
2924 1468 2991 1523 ⁸³.

1905 1565 2068 1619 Vens.
2097 1563 2182 1618 15.
2221 1562 2627 1617 Consideranles
2664 1578 2727 1616 ne
2757 1562 2872 1631 quis
2906 1560 3041 1614 desit
3066 1559 3255 1629 gratia:
3294 1559 3405 1613 Dei.

1833 1658 2063 1713 Perinde
2114 1657 2272 1726 quasi
2327 1657 2548 1725 longum
2586 1656 2689 1709 iter
2735 1670 2859 1708 cum
2920 1652 3095 1707 multo
3148 1652 3409 1708 comitatu

1832 1747 2039 1803 emensi
2103 1748 2236 1814 sint,
2290 1747 2476 1804 dicit;
2554 1745 2735 1800 Videte
2794 1763 2858 1799 ne
2908 1746 3027 1816 quis
3079 1743 3409 1798 remanserit.

1835 1838 1951 1892 Non
2003 1838 2149 1892 enim
2186 1837 2290 1893 hoc
2340 1852 2527 1905 quaero
2559 1837 2760 1900 solum,
2819 1846 2880 1891 ut
2937 1851 3034 1891 vos
3090 1835 3409 1890 accrdatis:

1833 1930 1930 1985 sed
1976 1942 2032 1983 ut
2062 1929 2201 1983 alios
2242 1929 2406 1984 etiam
2444 1928 2831 1993 consideratis,
2862 1929 2965 1983 hoc
3004 1939 3111 1993 est,
3155 1927 3412 1990 visitetis,

1833 2021 2204 2090 cognoscatis,
2254 2018 2622 2090 perdiscatis;
2685 2020 2828 2089 quod
2875 2028 2959 2074 est
3003 2019 3070 2074 de
3130 2020 3410 2073 inlirmis:

1832 2121 1887 2170 et
1910 2114 1956 2169 si
1989 2114 2069 2168 vel
2103 2130 2242 2168 unus
2265 2114 2642 2169 tantummodo
2672 2113 2941 2184 posterior
2964 2113 3148 2180 fuerit,
3179 2128 3245 2167 ne
3269 2113 3415 2167 hunc

1832 2204 2053 2274 quidem
2115 2205 2494 2275 neglexeritis.
2532 2203 2776 2261 Gratiam
2835 2216 3018 2259 autem
3083 2204 3197 2269 Dei,
3254 2204 3412 2258 [idem

1833 2299 1988 2359 dicit.
2020 2309 2073 2353 et
2115 2301 2377 2369 optimam
2423 2298 2549 2353 vitae
2598 2300 2888 2362 rationem,
2929 2298 3178 2367 adeoque
3229 2296 3416 2351 futura

1832 2392 1998 2448 b0na.
2033 2392 2159 2447 Haec
2190 2393 2336 2448 enim
2366 2392 2551 2447 omnia
2579 2401 2708 2446 sunt
2732 2390 2824 2447 Dei
2856 2392 3069 2462 gratias.

1905 2577 1989 2633 Ne
2036 2595 2141 2648 qua
2197 2577 2359 2632 radix
2412 2576 2793 2631 amaritudinis
2853 2593 3065 2632 sursum
3116 2576 3415 2645 germinans

1831 2670 2089 2724 inturbet.
2120 2669 2237 2724 Hoc
2264 2672 2316 2723 in
2360 2670 2782 2725 Deuteronomio
2819 2668 3070 2722 habetur.
3107 2667 3203 2721 Est
3233 2677 3412 2722 autem

1834 2760 2155 2830 metaphora
2193 2775 2221 2814 a
2278 2759 2484 2830 plantis
2536 2767 2777 2827 sumpta.
2814 2756 2969 2823 Quod
3021 2771 3150 2810 vero
3207 2756 3313 2808 alio
3359 2756 3413 2809 ia

1829 2851 1952 2906 loco
1984 2851 2175 2907 scribit
2205 2870 2217 2905 :
2249 2850 2519 2905 Modicum
2553 2850 2797 2919 [enitenti
2831 2860 2994 2902 tatam
3036 2864 3268 2901 massam
3307 2845 3416 2916 fer-

1829 2954 2028 3000 mental
2074 2942 2160 2999 “:
2211 2944 2355 2999 istud
2390 2951 2445 2997 et
2480 2943 2569 2996 hic
2614 2942 2769 3007 dicit,
2805 2940 2887 2993 Ne
2924 2941 3049 3009 quis
3092 2952 3290 3010 pravus
3346 2937 3415 2991 ad

1828 3037 2122 3107 plurimum
2152 3036 2445 3107 perniciem
2468 3035 2840 3105 permittatur,
2873 3032 3131 3087 exscinde
3154 3030 3417 3084 amaritu-

1830 3128 1976 3182 dinis
2005 3127 2267 3191 radicem,
2300 3127 2403 3181 hoc
2443 3133 2525 3181 est
2580 3125 2816 3196 peccati,
2861 3141 2927 3179 ne
2981 3122 3230 3193 germina
3283 3136 3414 3193 pro-

1832 3219 1994 3284 l‘erat,
2045 3220 2147 3273 hoc
2190 3227 2296 3285 est,
2349 3233 2417 3273 ne
2451 3218 2588 3273 alios
2624 3217 2760 3272 tales
2793 3215 2976 3270 faciat.
3035 3213 3189 3281 Quod
3232 3222 3415 3269 autem

1833 3326 2078 3365 amarum
2122 3309 2194 3363 sit
2229 3319 2539 3380 peceatum,
2573 3308 2685 3363 imo
2719 3324 2850 3383 vero
2883 3306 3015 3361 nihil
3051 3306 3168 3377 ipso
3191 3321 3416 3361 amaruo

1831 3403 2053 3467 lentius,
2090 3403 2127 3457 ii
2171 3410 2445 3456 noverunt
2474 3401 2567 3470 qui
2601 3410 2723 3471 post
2755 3400 3113 3454 commissum
3150 3397 3414 3467 ﬂagitium

1829 3493 2164 3550 conscientia
2219 3502 2589 3547 macerantur.
2635 3492 2879 3547 Observa
2909 3499 3088 3545 autem
3122 3488 3267 3559 quod
3305 3504 3415 3544 non

1830 3586 2032 3641 dixerit
2087 3585 2327 3641 radicem
2385 3599 2506 3638 esse
2562 3598 2830 3648 alituram,
2884 3584 2977 3639 sed
3031 3580 3417 3638 amaritudinis

1831 3678 2069 3733 radicem
2110 3683 2334 3747 :potest
2363 3676 2508 3730 enim
2534 3690 2720 3730 amara
2762 3675 2917 3731 radix
2967 3674 3182 3731 fructus
3225 3674 3418 3732 dulces

1830 3772 2096 3840 proferre.
2150 3768 2544 3825 Amarulentiaa
2600 3778 2783 3825 autem
2843 3770 3106 3836 radicem,
3166 3769 3267 3825 hoc
3305 3777 3411 3835 est,

1830 3862 2055 3926 fontem,
2091 3870 2145 3916 et
2169 3876 2421 3929 causam,
2457 3875 2566 3915 non
2594 3869 2678 3916 est
2730 3863 2992 3931 possibile
3035 3862 3250 3917 dulcem
3286 3876 3417 3933 pro-

1828 3951 1973 4007 ferre
1998 3951 2261 4007 fraetum.

1900 4042 1969 4098 Et
1997 4060 2090 4113 per
2128 4045 2279 4098 illam
2318 4045 2659 4116 inquinentur
2690 4044 2867 4099 multi.
2916 4044 3211 4113 Segniores
3241 4044 3413 4115 enim,

1828 4154 1953 4194 cum
1981 4137 2177 4206 impios
2213 4137 2421 4203 vident,
2457 4137 2523 4191 ad
2579 4151 2769 4191 eorum
2814 4136 3217 4190 inmutationem
3250 4133 3413 4189 deve-

1827 4232 2008 4294 niunt,
2050 4229 2407 4300 ipsorumque
2441 4228 2607 4281 animi
2645 4228 3027 4297 inquinantur.
3080 4228 3269 4297 Itaque
3312 4225 3414 4282 hu-

1823 4324 2065 4394 jusmodi
2100 4323 2315 4377 radices
2347 4321 2762 4376 exscindantur.

1900 4415 2066 4469 Vens.
2106 4415 2193 4468 16.
2229 4413 2314 4468 Ne
2370 4415 2486 4483 quis
2530 4413 2846 4483 fornicator,
2890 4418 2983 4465 aut
3046 4412 3301 4481 profanus
3356 4422 3411 4466 ut

1832 4505 2000 4569 Esau,
2041 4506 2133 4577 qui
2180 4516 2394 4573 propter
2443 4521 2607 4558 unam
2653 4519 2829 4557 escam
2860 4503 3088 4557 vendidit
3142 4504 3411 4571 primitira

1831 4617 1951 4655 sua.
1994 4597 2113 4673 Non
2150 4599 2255 4653 hoc
2284 4596 2439 4663 dit-it,
2490 4596 2637 4666 quod
2672 4595 2812 4649 Esau
2874 4594 3175 4650 fornicator
3223 4596 3406 4661 fuerit,

1831 4679 1926 4745 sed
1964 4691 2053 4745 hic
2080 4690 2214 4745 siste
2242 4688 2333 4751 ad,
2371 4686 2450 4742 Ne
2498 4690 2616 4754 quis
2674 4686 2969 4755 fornicator
3020 4689 3073 4741 in
3131 4687 3272 4742 t'obis
3318 4691 3408 4741 sit.

1832 4779 2013 4833 lnnuit
2044 4778 2190 4834 enim
2249 4777 2387 4832 tales
2424 4778 2567 4847 apud
2600 4795 2696 4833 eos
2754 4778 3016 4847 quosdam
3071 4778 3257 4843 luisse,
3298 4794 3408 4833 non

1832 4880 2011 4923 Lnnen
2058 4884 2151 4923 eos
2211 4869 2325 4923 vult
2378 4872 2553 4939 palam
2606 4884 2857 4939 arguere,
2907 4869 3000 4923 sed
3044 4868 3201 4939 751
3259 4870 3411 4940 igno-

1832 4964 2067 5017 rantiam
2102 4962 2347 5028 simulat,
2396 4971 2455 5015 nt
2511 4963 2896 5017 emendentur.
2927 4961 3129 5016 Deinde
3185 4965 3254 5015 ab
3303 4963 3410 5018 alio

1824 5053 2257 5127 principiudic:
2312 5051 2491 5123 Neque
2545 5053 2805 5122 profanus
2854 5062 2909 5106 ut
2965 5052 3132 5119 Esau,
3165 5053 3265 5107 hoc
3302 5061 3405 5113 est.

1822 5147 2241 5217 gastrimargus,
2275 5145 2480 5209 helluo,
2508 5160 2699 5209 vorax,
2741 5145 3071 5207 mundanus,
3104 5143 3409 5211 spiritualia

1821 5240 2122 5310 profanatis
2177 5246 2231 5291 et
2302 5237 2657 5291 conculcans.
2724 5236 2921 5289 Datum
2976 5236 3123 5290 enim
3201 5249 3230 5288 a
3294 5233 3408 5288 Deo

1821 5331 2085 5386 honorem
2140 5328 2588 5401 primogenitum
2637 5327 2903 5393 vendidit,
2960 5327 3122 5397 idque
3162 5339 3261 5395 pro
3297 5339 3405 5378 una

1827 5438 1978 5479 esca.
2057 5421 2181 5478 Ilaec
2256 5436 2385 5477 vero
2470 5434 2556 5477 est
2638 5419 2989 5491 prol‘anatio,
3058 5426 3406 5487 contemptus

1832 5516 2089 5571 nimirum
2149 5515 2460 5571 divinarum
2527 5527 2739 5567 rerum.
2798 5511 2900 5567 Hic
2963 5510 3099 5581 ipsis
3165 5508 3406 5565 ostendit

1512 5812 1714 5874 Varia)
1753 5810 2088 5876 lectiones.

247 5897 285 5929 ’⁷
313 5899 504 5970 καλοὺς
539 5922 591 5962 ο,
667 5908 713 5941 ’δ
737 5906 1117 5986 ρᾳθυμώτεροι
1148 5928 1204 5969 υ.
