3860 6548
186 430 295 496 385

947 428 1350 493 EXPOSITJO
1376 426 1458 489 IN
1492 423 1732 487 EPIST.
1777 421 1877 481 AD
1908 413 2568 480 HEBREOS.-CAP.
2603 409 2745 475 XII.

3345 409 3456 477 386

186 547 409 618 γνῶναι.
440 544 535 610 Τίς
558 545 664 600 διὸ
689 545 888 612 λαλῶν,
921 547 953 617 ἢ
987 547 1015 599 ὁ
1037 545 1301 618 Χριστός;
1339 543 1402 599 Εἰ
1429 545 1538 613 γὰρ
1577 542 1639 596 τὸ
1670 534 1761 595 αἴ·
1791 566 1803 601 λ

1915 534 2022 590 itis.
2063 532 2198 599 Quis
2248 517 2427 587 autem
2467 528 2669 599 estqui
2709 523 2975 598 loquitur,
3007 523 3116 582 nisi
3162 521 3461 581 Christus?

192 654 271 710 μα
294 635 458 692 αὑτοῦ
487 636 661 704 λαλεῖ,
697 638 878 709 πολλῷ
914 639 1115 708 μᾶλλον
1139 637 1301 700 αὐτὸς
1331 637 1420 709 ζῇ.

256 827 330 879 El
365 824 475 893 γὰρ
504 824 721 879 ἐκεῖνοι
758 827 870 880 οὐκ
895 825 1144 895 ἔφυγον,
1201 823 1312 877 τὸν
1350 822 1448 876 ἐπὶ
1486 819 1598 891 γῆς
1631 833 1780 887 παρα

191 915 581 985 (κτησάμενοι
612 916 1064 986 χρηματίζοντα.
1096 915 1162 968 Τί
1187 917 1289 969 οὐκ
1311 915 1544 984 ἐφυγον;
1569 913 1679 984 Τὴν
1702 929 1780 964 τι·

193 1006 428 1076 μωρίαν,
464 1007 563 1077 τὴν
610 1008 907 1061 ἀπώλειαν.
945 1009 1070 1061 Ἐπὶ
1118 1007 1221 1077 γῆς
1264 1006 1321 1060 δὲ
1345 1004 1775 1077 χρηματίζοντα,

186 1100 280 1152 τὸν
324 1100 534 1168 Μωσῆν
563 1098 730 1168 λέγει,
767 1101 800 1173 ἢ
839 1102 935 1154 καὶ
965 1102 1057 1155 τὸν
1086 1100 1242 1165 Θεὸν,
1277 1099 1368 1151 τὸν
1413 1100 1507 1152 ἀπ’
1547 1096 1780 1167 οὐρανοῦ

191 1191 289 1259 μὲν
319 1190 659 1256 καταὸάντα,
695 1193 788 1246 ἐπὶ
814 1192 918 1263 γῆς
957 1192 1016 1245 δὲ
1060 1193 1211 1262 ὅμως
1258 1189 1669 1261 χρηματίζοντα
1693 1186 1782 1240 διὰ

187 1284 460 1345 Μωσέως.
529 1284 617 1336 Ἐν
671 1284 781 1356 γὰρ
833 1284 912 1356 τῷ
955 1284 1072 1356 ὄρει
1116 1284 1194 1354 τῷ
1240 1284 1369 1354 Σινᾲ
1419 1281 1781 1353 ἐχρημάτισε,

186 1375 472 1426 τουτέστιν
504 1373 771 1445 ὡμίλησε,
825 1373 1096 1446 διελέχθη,
1159 1374 1463 1441 διετάξατο.

255 1544 483 1612 Πολ.ιῷ
507 1546 753 1616 uilior
781 1548 974 1618 ἡμεῖς,
1002 1551 1057 1604 cl
1082 1547 1189 1602 τὸν
1213 1549 1316 1604 ἀπ’
1338 1548 1615 1617 οὐρανῶν
1637 1564 1788 1603 απο-

188 1639 616 1706 στρεεςόμενοι.
648 1640 908 1692 Τουτέστι
976 1641 1067 1693 τὸν
1098 1641 1335 1711 Χριστὸν
1361 1642 1452 1694 τὸν
1488 1642 1581 1694 ἀπ’
1628 1642 1791 1711 οὖρα-

189 1729 295 1781 νῶν
361 1730 796 1801 χρηματίζονταο
852 1732 1101 1787 τουτέστι
1160 1733 1251 1786 τὸν
1309 1734 1447 1803 μετὰ
1488 1734 1548 1786 τὸ
1593 1732 1792 1802 ἀναλη-

190 1821 402 1890 φόἧναι
423 1820 515 1872 τὸν
535 1823 702 1891 νόμον
734 1824 866 1891 ἡμῖν
896 1821 1055 1877 δόντα
1082 1823 1171 1877 διὰ
1191 1822 1286 1877 τοῦ
1315 1824 1649 1895 Πνεῦματος.
1682 1826 1795 1897 Οὐχ

1877 625 2034 693 Quod
2076 625 2122 680 si
2163 622 2388 694 sanguis
2433 620 2554 692 ejus
2583 620 2854 691 loquitur,
2888 616 3064 672 multo
3099 615 3284 687 potius
3338 614 3462 685 ipse

1878 719 2036 772 vivit.

1952 809 2013 866 Si
2040 812 2177 865 enim
2203 809 2290 862 illi
2320 823 2424 862 non
2454 807 2764 877 effugerunt,
2797 811 3098 858 recusantes
3118 817 3239 856 eum
3265 800 3355 871 qui
3368 815 3461 853 su-

1879 920 1971 974 per
2001 915 2199 958 terram
2236 902 2570 971 loquebatur.
2606 899 2747 965 Quid
2780 912 2888 952 non
2922 896 3279 967 cﬂ‘ugeruut?
3318 894 3463 964 Sup-

1883 995 2122 1069 plicium,
2148 994 2471 1064 perniciem.
2510 992 2612 1047 Per
2645 1006 2771 1047 eum
2803 1000 2983 1046 autem
3013 991 3105 1060 qui
3143 1003 3309 1059 super
3345 997 3462 1042 ter-

1883 1105 1999 1143 ram
2032 1083 2314 1142 oraculum
2340 1084 2626 1149 reddebat,
2655 1083 2838 1139 Mosen
2864 1083 3140 1153 intelligit,
3161 1083 3246 1135 vel
3267 1080 3459 1142 Deum,

1884 1183 1977 1253 qui
2010 1198 2041 1237 e
2072 1180 2227 1236 cmlis
2258 1178 2479 1249 quidem
2511 1175 2897 1238 descendebat,
2931 1190 3095 1243 super
3123 1185 3325 1228 terram
3385 1183 3466 1226 ta-

1884 1288 2011 1328 men
2041 1270 2328 1326 oraculum
2353 1268 2549 1324 edebat
2576 1282 2673 1339 per
2700 1266 2906 1321 Mosen.
2929 1264 2984 1319 In
3016 1273 3200 1319 monte
3231 1277 3469 1331 namque

1891 1362 2026 1418 Sina
2066 1360 2434 1433 ἐχρημάτισε,
2472 1359 2577 1413 hoc
2607 1366 2714 1425 est,
2748 1356 2965 1412 locutus
3015 1365 3120 1422 est,
3178 1352 3466 1417 disseruit,

1886 1452 2186 1509 ordinavit.

1964 1539 2135 1594 Multo
2160 1538 2337 1607 potius
2368 1554 2488 1601 nos,
2527 1537 2619 1608 qui
2654 1536 2720 1591 de
2768 1536 2911 1590 ralis
2966 1534 3259 1603 loquentem
3314 1531 3466 1586 nobis

1894 1635 2208 1687 avertimus.
2243 1630 2359 1688 Hoc
2407 1640 2515 1697 cal,
2552 1631 2832 1685 Christum
2879 1644 2909 1684 e
2942 1629 3098 1683 etnlis
3132 1626 3467 1696 loquentem,

1894 1727 1947 1782 id
1981 1737 2084 1789 est,
2111 1727 2203 1797 qui
2241 1735 2362 1798 post
2389 1726 2829 1795 assumptionem
2859 1738 3038 1788 suam,
3096 1721 3269 1791 legem
3307 1717 3467 1771 nobis

1896 1816 2045 1873 dedit
2073 1833 2167 1890 per
2193 1818 2480 1888 Spiritum.
2512 1817 2631 1871 Non
2657 1826 2838 1869 autem
2861 1814 3027 1871 veluti
3047 1813 3186 1867 alius
3210 1812 3468 1874 sitnunc,

190 1912 266 1973 ὡς
310 1911 483 1967 ἄλλον
509 1912 567 1966 δὲ
593 1913 745 1976 ὄντος
788 1912 910 1965 τότε
944 1915 1038 1967 καὶ
1065 1915 1228 1969 ἄλλου
1263 1913 1379 1981 νῦν,
1421 1915 1581 1968 τοῦτο
1607 1911 1785 1982 εἶπεν,

1915 1914 2032 1968 dius
2078 1926 2209 1966 vero
2251 1921 2379 1965 tunc
2402 1950 2417 1976 ,
2467 1910 2572 1964 hoc
2604 1910 2777 1973 dixit,
2826 1907 2918 1962 sed
2952 1906 3146 1960 modus
3178 1902 3473 1973 legislatio-

192 2003 307 2057 ἀλλ’
366 2004 395 2056 ὀ
438 2004 638 2074 τρόπος
665 2006 765 2075 τῆς
805 2005 1127 2075 νομοθεσίας
1196 2007 1461 2078 διαφέρει.
1514 2004 1650 2060 Τότε
1691 2007 1791 2077 μὲν

192 2098 302 2165 γὰρ
338 2098 435 2150 ἐπὶ
467 2097 568 2168 τῆς
595 2098 699 2169 γῆς
730 2097 1115 2169 χρηματίζων,
1157 2097 1325 2153 ἔδωκε
1355 2100 1448 2153 τὸν
1479 2099 1665 2169 νόμον·
1696 2097 1791 2152 νῦν

195 2189 252 2242 δὲ
291 2190 656 2260 ἀναληφθεὶς,
708 2193 784 2256 ὡς
830 2193 1071 2264 εἴρηται.
1109 2193 1271 2246 Ὥστε
1313 2192 1688 2263 φοϐερώτερος
1726 2191 1793 2246 ἃν

198 2279 311 2351 εἴη.
364 2281 485 2335 Ὀτι
530 2282 640 2354 γὰρ
675 2283 776 2337 οὐκ
821 2284 976 2348 ἄλλος
1016 2280 1085 2355 ἦν
1128 2285 1273 2353 τότε,
1324 2286 1418 2339 καὶ
1464 2285 1622 2351 ἄλλος
1671 2284 1792 2352 νῦν,

198 2373 373 2427 ἄκουε
412 2373 577 2427 αὐτοῦ
613 2375 660 2408 ⁸³
695 2375 888 2429 τούτου
936 2377 1154 2449 ἑφεξῆς.

273 2462 369 2520 Οὔ
423 2465 464 2533 ἡ
519 2466 691 2535 φωνὴ
730 2468 846 2535 τὴν
897 2468 1015 2537 γῆν
1049 2467 1356 2523 ἐσάλευσε
1409 2468 1562 2522 τότε.
1630 2468 1797 2538 Ὁρᾷς

201 2558 283 2612 ὅτι
322 2558 424 2612 καὶ
453 2558 623 2612 τότεό
672 2558 848 2613 λαλῶν
874 2560 1033 2624 αὐτὸς
1062 2556 1151 2632 ἦν,
1186 2562 1216 2614 ὁ
1269 2559 1365 2613 νῦν
1414 2561 1510 2617 ἀπ’
1561 2560 1793 2630 οὐρανοῦ

205 2648 573 2717 χρηματίζων
619 2651 766 2720 ἡμῖν.
830 2651 893 2703 ’11
922 2652 1030 2722 γὰρ
1073 2650 1224 2721 φωνὴ
1276 2650 1443 2703 αὑτοῦ
1473 2650 1592 2704 τότε
1634 2653 1693 2705 ὲν
1721 2651 1798 2722 τῷ

206 2740 305 2810 τῆς
332 2741 650 2811 νομοδοσίας
680 2743 874 2815 καιρῷ,
913 2741 1009 2814 τὴν
1039 2744 1144 2813 γῆν
1177 2743 1372 2796 ἔσεισε.

279 2916 420 2970 Νῦν
472 2916 540 2970 δὲ
589 2918 950 2988 ἐπήγγελται
1007 2922 1224 2989 λέγων·
1283 2922 1411 2974 Ἔτι
1476 2919 1637 2983 ᾶοέτξ
1686 2919 1801 2990 ἐγὼ

211 3010 385 3071 σεῐω.
419 3011 491 3063 οὐ
516 3010 710 3079 μόνον
734 3008 850 3076 τὴν
881 3009 1019 3081 γῆν.
1049 3011 1213 3065 ἀλλὰ
1243 3011 1341 3064 καὶ
1380 3011 1487 3064 τὸν
1517 3013 1798 3078 οὐρανόν.

212 3101 322 3154 Δύο
360 3102 617 3171 σεισμοὺς
657 3099 851 3173 ἔχομεν
899 3102 1007 3156 ἀπὸ
1040 3101 1140 3170 τῆς
1184 3101 1404 3175 Γραφῆς
1431 3118 1500 3171 γε’
1517 3104 1755 3175 ημένους
1784 3118 1800 3135 ο

217 3190 494 3263 πρότερον
531 3192 627 3262 μὲν
667 3192 759 3247 τὸν
794 3194 887 3247 ἐπὶ
931 3193 1031 3263 τῆς
1062 3193 1110 3227 ⁸⁸
1154 3194 1287 3248 Σινᾶ
1312 3194 1629 3264 νομοθεσίας
1653 3211 1668 3227 ο
1710 3192 1803 3264 Γῆ

1895 2006 1983 2061 nis
2024 2004 2228 2059 dill‘ert.
2276 2002 2417 2058 Tum
2457 2003 2602 2057 enim
2637 2015 2802 2070 super
2845 2008 3047 2053 terram
3077 2011 3264 2066 agens,
3298 2004 3353 2050 et
3382 2008 3472 2048 res

1893 2097 2177 2163 ordinans,
2214 2097 2385 2166 legem
2412 2095 2646 2150 sancivit
2677 2110 2692 2147 :
2724 2105 2871 2147 nunc
2896 2106 3027 2146 vero
3061 2091 3115 2143 in
3148 2089 3359 2143 ctelum
3384 2102 3473 2141 as-

1895 2197 2170 2259 sumptus,
2198 2187 2502 2241 utidictum
2543 2196 2650 2241 est.
2682 2183 2917 2238 Proinde
2956 2181 3253 2237 terribilior
3302 2186 3469 2234 esset.

1894 2282 2051 2350 Quod
2083 2282 2228 2337 enim
2262 2280 2405 2335 haud
2434 2279 2578 2334 alius
2604 2278 2765 2333 t‘iierit
2793 2289 2945 2342 tunc,
2979 2275 3120 2331 alius
3144 2289 3272 2330 vero
3303 2286 3472 2337 nunc,
3550 2261 3564 2274 ’

1895 2376 2023 2430 audi
2052 2376 2198 2429 hunc
2234 2377 2408 2442 ipsum
2435 2375 2486 2427 in
2525 2371 2903 2441 sequentibus.

1969 2466 2135 2522 Vens.
2171 2467 2259 2521 26.
2287 2465 2456 2539 Cujus
2490 2480 2589 2519 uox
2621 2475 2818 2518 terram
2860 2474 2985 2515 tunc
3016 2461 3192 2514 mouit.
3222 2456 3478 2512 Animad-

1898 2561 2067 2615 vertis
2093 2574 2217 2613 eum
2253 2571 2363 2613 tum
2390 2572 2609 2628 quoque
2655 2557 2826 2611 fuisse
2848 2556 2942 2626 qui
2985 2555 3325 2623 loqueretur,
3381 2550 3474 2620 qui

1898 2651 2061 2705 hodie
2126 2664 2157 2704 e
2217 2649 2374 2703 curiis
2434 2642 2590 2704 nobis
2656 2662 2918 2718 responsa
2983 2645 3113 2700 edit.
3168 2643 3280 2698 Vox
3328 2645 3473 2698 enim

1900 2741 2024 2811 ejus
2084 2748 2199 2795 tum
2255 2739 2615 2810 legislalionis
2678 2747 2925 2808 tempore
2983 2744 3184 2789 terram
3240 2748 3479 2787 cuneus-

1901 2833 1993 2889 sit.

1978 2921 2138 2977 Nunc
2202 2931 2375 2977 autem
2422 2922 2661 2991 promisit
2719 2921 2936 2976 dicens:
2975 2918 3158 2975 Adhuc
3194 2916 3354 2973 semel
3387 2933 3481 2987 ego

1903 3017 2146 3070 concutio
2175 3030 2278 3067 non
2308 3012 2482 3067 solum
2547 3022 2766 3075 terram.
2833 3011 2923 3065 sed
2962 3019 3013 3064 et
3084 3008 3292 3063 calum.
3334 3007 3481 3061 Duos

1906 3116 2089 3162 motus
2121 3105 2291 3160 fuisse
2313 3122 2377 3158 ex
2405 3103 2686 3174 Scriptura
2714 3112 2985 3157 tenemus.
3011 3102 3167 3157 Prior
3190 3110 3328 3164 erat,
3357 3113 3480 3153 cum

1907 3201 1963 3256 in
1987 3208 2172 3254 monte
2201 3197 2330 3253 Sina
2365 3199 2445 3252 lex
2473 3199 2803 3252 sanciretur.
2861 3199 3021 3250 Terra
3065 3193 3236 3260 enim,
3309 3192 3485 3260 inquit

215 3290 357 3356 γὰρ,
386 3286 551 3358 φησὶν
575 3288 603 3340 ὀ
632 3286 815 3353 Δαὸὶδ,
857 3288 1106 3355 ἐσείσθη
1140 3303 1153 3317 ·
1187 3287 1436 3359 δεύτερον
1479 3287 1538 3341 δὲ
1582 3288 1673 3341 τὸν
1710 3287 1803 3341 ἐπὶ

1915 3290 2105 3354 David,
2136 3298 2277 3345 mota
2302 3298 2382 3343 est
2409 3290 2474 3342 ⁷⁸.
2510 3290 2685 3351 Alter,
2720 3303 2843 3342 cum
2878 3291 2931 3340 in
2962 3275 3183 3340 carnem
3229 3283 3484 3339 Christus

214 3380 319 3448 τῆς
354 3382 406 3432 ὲν
440 3380 602 3449 σαρκὶ
628 3380 940 3451 ἐπιδημίας.
983 3381 1260 3449 Ἐσείσθη
1310 3380 1441 3450 γὰρ,
1482 3384 1638 3450 φησι,
1692 3378 1802 3437 πᾶ·

217 3487 301 3525 σα
361 3469 758 3540 Ἰερουσαλήμ
801 3486 816 3501 ·
861 3472 974 3535 καὶ,
1028 3470 1422 3536 Σεισθήσεται
1481 3469 1554 3523 τὰ
1611 3487 1805 3540 χειρο-

220 3559 450 3625 ποίητα
486 3557 597 3626 τῆς
625 3560 948 3629 Αἰγύπτου.
998 3559 1350 3631 Ἐσείσθησαν
1397 3560 1528 3631 γὰρ,
1559 3562 1806 3613 τουτέστι

219 3650 323 3716 τῆς
376 3645 472 3700 τοῦ
529 3648 737 3720 πλανᾷν
786 3651 909 3712 τοὺς
965 3650 1137 3703 ταῦτα
1182 3650 1506 3721 σεϐομένους
1566 3651 1809 3715 στάσεως

221 3738 664 3810 ἀπεκινήθησαν,
711 3742 805 3794 καὶ
846 3740 1154 3811 κατεϐλήθη
1196 3742 1228 3812 ἡ
1280 3743 1431 3811 ἰσχὺς
1483 3742 1682 3795 αὐτῶν.
1737 3741 1809 3793 Τὸ

221 3829 342 3893 οὖν,
381 3832 505 3886 Ἔτι
541 3830 723 3898 ἅπαξ,
748 3833 931 3903 τρίτον
976 3832 1199 3903 σεισμὸν
1230 3832 1400 3902 δηλοῖ,
1422 3833 1513 3885 τὸν
1545 3834 1684 3904 μετὰ
1719 3832 1809 3885 τὸν

223 3923 488 3994 δεύτερον
540 3924 977 3995 συμϐησόμενον,
1016 3926 1182 3994 ἦγουν
1216 3927 1316 3995 τὴν
1363 3924 1457 3979 ἐπὶ
1494 3928 1560 3995 τῇ
1619 3942 1809 3978 συντε-

225 4013 354 4085 λείᾳ.
380 4013 473 4067 τοῦ
504 4015 712 4087 κόσμου
739 4016 1109 4095 καινοτομίαν,
1157 4016 1245 4069 ὅτε
1283 4019 1713 4089 μεταστήσονται
1743 4016 1812 4070 τὰ

228 4106 436 4170 πάντα,
474 4104 585 4161 ἀπὸ
618 4108 716 4178 τῆς
762 4107 970 4180 φθορᾶς
1015 4108 1097 4172 είς
1146 4106 1454 4179 ἀφθαρσίαν
1498 4106 1814 4161 ἐναλλαττο-

232 4216 396 4269 μενα.
451 4199 707 4269 Ἀγγαίου
736 4199 781 4231 ⁸⁸
806 4199 864 4253 δὲ
901 4200 962 4252 τὸ
1028 4199 1212 4271 ῥητόν.

314 4382 385 4436 Τὸ
415 4381 641 4448 δὲ,Ἕτι
669 4380 852 4448 ἅπαξ,
888 4381 1069 4447 δηλοῖ
1103 4381 1221 4436 τῶν
1238 4378 1663 4449 σαλευομένων
1701 4377 1816 4447 τὴν

231 4470 582 4541 μετάθεσιν,
611 4471 691 4537 ὠς
720 4471 1158 4540 πεποιημένων.
1191 4470 1472 4533 Τουτέστι,
1516 4469 1615 4539 τῆς
1645 4469 1816 4539 φθαρ-

237 4563 335 4632 τῆς
367 4562 596 4625 κτίσεως
619 4563 714 4633 τὴν
755 4561 1065 4632 μετάθεσιν,
1100 4561 1195 4632 τῆς
1240 4560 1469 4633 ἐχούσης
1515 4560 1676 4631 φύσιν
1721 4577 1815 4613 σα-

1908 3384 2170 3439 venisset.
2203 3380 2352 3435 Mota
2392 3390 2469 3434 est
2498 3382 2667 3443 enim,
2711 3379 2906 3449 inquit,
2952 3378 3197 3431 universa
3255 3375 3484 3429 Jerusa-

1908 3476 2006 3530 lem
2033 3477 2079 3509 ⁷³
2112 3494 2127 3529 :
2159 3484 2232 3539 et,
2257 3472 2640 3529 Concutientur
2663 3458 2810 3525 idola
2833 3469 3145 3538 manufocta
3170 3466 3391 3538 Αἰαίη)ιὶ
3414 3467 3483 3519 ⁷³.

1905 3563 2187 3620 Concussa
2216 3573 2345 3619 sunt
2376 3563 2544 3627 enim,
2572 3562 2671 3616 hoc
2693 3568 2799 3626 est,
2820 3576 2849 3614 a
2874 3561 3109 3616 statione
3139 3574 3236 3614 sua
3267 3557 3487 3613 sublata

1909 3668 2063 3721 sunt,
2097 3671 2164 3711 ne
2186 3670 2322 3711 suos
2355 3654 2544 3709 fallant
2581 3654 2845 3719 cultores,
2875 3668 2939 3708 ac
2970 3651 3238 3724 dejeetum
3270 3658 3353 3705 est
3392 3664 3486 3703 ro-

1912 3750 2015 3803 hnr
2050 3749 2317 3817 ipsorum.
2347 3744 2506 3813 Quod
2533 3759 2667 3814 ergo
2696 3744 2793 3806 ait,
2834 3743 3020 3797 Adhuc
3049 3741 3231 3804 semel,
3271 3741 3483 3796 tertiam

1911 3839 2332 3894 concessionem
2392 3837 2686 3907 signiﬁcat,
2742 3851 2863 3906 qua:
2903 3843 3025 3905 post
3066 3832 3361 3888 secundam
3403 3841 3488 3884 est

1910 3939 2172 3986 eventura
2211 3947 2225 3984 :
2260 3930 2342 3983 vel
2374 3942 2516 3991 eam,
2550 3944 2672 3997 quae
2707 3929 2760 3982 in
2796 3925 2988 3981 mundi
3014 3924 3489 3981 consummatione

1911 4023 2094 4078 futura
2134 4031 2240 4088 est,
2270 4021 2702 4084 innovationem,
2745 4019 2967 4089 quando
3031 4025 3228 4072 cuncta
3290 4015 3492 4070 immu-

1920 4117 2208 4177 tabuntur,
2273 4128 2302 4167 a
2354 4112 2820 4183 corruptibilitate
2878 4110 2945 4165 ad
3014 4108 3491 4179 incorruptionem

1914 4204 2217 4261 alteranda.
2285 4202 2464 4274 Aggazi
2524 4211 2703 4258 autem
2782 4201 3060 4273 propheta:
3117 4201 3222 4254 hoc
3279 4198 3488 4254 dictum

1912 4304 2020 4352 est.
3446 4348 3447 4351 η

1992 4388 2160 4443 Vens.
2184 4387 2274 4441 27.
2312 4387 2464 4451 Quod
2490 4395 2689 4451 autem,
2711 4383 2899 4438 Adhuc
2931 4383 3110 4447 semel,
3133 4382 3285 4445 dicit,
3314 4381 3495 4435 decla-

1919 4490 2003 4535 rat
2030 4479 2304 4533 mobilium
2335 4477 2759 4542 translationem,
2788 4490 3038 4546 tanquam
3061 4474 3349 4543 factorum.
3380 4470 3497 4526 Hoc

1920 4582 2024 4635 est,
2058 4568 2437 4638 corruptibilis
2492 4576 2758 4622 creatura:
2814 4565 3350 4629 trausmutatiunem,
3406 4563 3496 4617 cui

236 4653 512 4716 λεύεσθαι,
545 4654 640 4708 ἆτε
670 4654 735 4724 δὴ
762 4658 1156 4724 πεποιημένης,
1188 4632 1488 4717 τουτέστιν,
1517 4651 1692 4725 ἀρχὴν
1720 4652 1803 4706 λα

1930 4675 2126 4719 natura
2169 4669 2250 4717 est
2285 4671 2344 4716 ut
2373 4664 2680 4725 moveatur,
2716 4667 2775 4713 ut
2801 4673 2921 4729 quae
2964 4656 3108 4712 facta
3141 4658 3234 4721 sit,
3287 4658 3342 4712 id
3389 4666 3495 4723 est,

241 4744 444 4815 ὖοᾶσης
484 4745 577 4799 τοῦ
618 4741 779 4812 εἶναι,
821 4748 915 4800 καὶ
941 4746 1254 4814 ἀναγκαίως
1303 4745 1503 4817 δηλαδὴ
1545 4747 1641 4799 καὶ
1670 4746 1821 4810 τέλος

243 4841 494 4912 ἐχούσης.
540 4841 656 4893 Πᾶν
688 4840 872 4910 γὰρτὸ
912 4842 1155 4913 ποιηθὲν,
1184 4841 1405 4913 ἠρξατο,
1452 4841 1547 4895 καὶ
1570 4840 1658 4894 διὰ
1698 4840 1823 4896 τοῦ-

244 4950 324 4998 το,
356 4934 481 4987 ὅσον
503 4950 569 5004 γε
598 4936 664 5006 τῇ
700 4933 877 5005 οἰκείᾳ
906 4933 1067 5004 φύσει
1110 4937 1204 4989 καὶ
1243 4934 1496 5006 τελευτὴν
1547 4935 1680 5004 ἔχει.
1710 4935 1823 4989 Καὶ

248 5025 353 5095 γὰρ
390 5028 484 5079 καὶ
512 5027 561 5079 οἱ
592 5025 813 5096 ἄγγελοι
837 5026 980 5080 κατὰ
1008 5026 1169 5096 φύσιν
1198 5026 1298 5098 μὲν
1319 5027 1420 5080 οὐκ
1451 5025 1821 5096 ἁτελεύτητοι,

253 5115 435 5185 ἐπειδὴ
458 5116 581 5170 οὐδὲ
610 5118 857 5188 ἄναρχον
889 5117 1069 5187 χάριτι
1111 5117 1168 5170 δὲ
1201 5118 1322 5190 θεία
1364 5118 1425 5172 τὸ
1468 5117 1824 5189 ἀτελεύτητον

256 5202 459 5259 ἔλαϐον.

329 5482 461 5536 Ἵνα
508 5479 664 5550 μένῃ
726 5478 798 5533 τὰ
838 5479 923 5549 μὴ
978 5477 1379 5547 σαλευόμενα.
1432 5478 1691 5532 Τουτέστι
1753 5478 1822 5533 τὰ

331 5655 374 5686 ⁷⁸
411 5654 556 5712 Psal.
581 5670 745 5725 Lxxv,
774 5660 828 5716 9.
905 5658 948 5690 ⁷¹
978 5656 1172 5713 Matth.
1212 5674 1274 5725 ιι,
1298 5656 1351 5711 5.
1428 5660 1481 5694 ⁷³
1506 5660 1611 5715 lsa.
1645 5675 1756 5726 xu,
1784 5660 1841 5713 1.

1931 4757 2257 4827 principium
2286 4752 2563 4825 acceperit
2589 4752 2866 4817 essentize,
2896 4767 2960 4807 ac
2992 4749 3310 4807 necessario
3333 4751 3497 4807 etiam

1929 4841 2095 4896 tinem
2136 4840 2357 4896 habeat.
2396 4843 2568 4896 Omne
2605 4841 2757 4896 enim
2782 4839 2942 4912 755
2976 4840 3124 4911 quod
3159 4840 3363 4896 laetum
3392 4850 3499 4905 est,

1931 4933 2219 4987 exordium
2252 4931 2445 4986 habuit
2481 4949 2495 4986 :
2524 4932 2669 4989 unde
2686 4943 2961 5003 quatenus
2990 4933 3055 4989 ad
3092 4941 3343 4988 naturam
3369 4932 3492 5003 ejus

1932 5024 2150 5088 attinet,
2176 5022 2336 5077 linem
2361 5022 2528 5078 etiam
2555 5024 2867 5081 habiturum
2902 5037 3005 5082 est.
3037 5023 3173 5080 Nam
3200 5025 3376 5095 angeli
3416 5038 3505 5079 se—

1932 5113 2174 5171 cundum
2201 5126 2453 5169 naturam
2480 5115 2703 5185 quidem
2726 5131 2835 5172 non
2866 5124 3055 5172 carent
3090 5117 3217 5180 tlne,
3254 5115 3505 5186 quando-

1937 5204 2158 5275 qu’dem
2198 5222 2266 5260 ne
2304 5205 2577 5277 principio
2609 5208 2829 5278 quidem
2861 5215 3051 5263 carent
3080 5207 3292 5280 :gratia
3318 5217 3501 5261 autem

1934 5298 2140 5362 divina,
2180 5298 2323 5368 quod
2364 5299 2472 5354 line
2524 5309 2767 5365 careant,
2793 5300 3010 5372 sintque
3034 5300 3391 5363 immortales,
3418 5315 3511 5353 ac-

1935 5398 2219 5445 ceocrunt.

2017 5482 2085 5536 Ut
2125 5494 2370 5539 maneant
2396 5502 2457 5542 ea
2484 5502 2601 5557 qua:
2627 5495 2749 5542 sunt
2782 5485 3097 5544 immobilia.
3132 5485 3247 5544 Hoc
3278 5494 3384 5556 est,
3424 5486 3509 5542 lu-

1612 5774 1814 5834 Variae
1842 5773 2175 5838 lectiones.

340 5868 388 5904 ⁸³
412 5872 521 5927 τῶν
550 5872 701 5944 ἑφεξ.
731 5888 787 5928 0.
860 5873 904 5907 "
928 5870 1029 5945 γῆς
1054 5875 1110 5929 ἐν
1147 5875 1206 5930 Σ.
1231 5892 1280 5929 ν.
1323 5889 1376 5932 o.
1455 5874 1500 5908 ⁸⁸
1529 5874 1687 5928 αὐτοὶ
1717 5890 1770 5931 o.
