3860 6544
401 399 502 465 391

1320 391 1906 455 THEOPHYLAC'I‘I
1938 388 2354 451 BULGARl/E
2390 392 2744 454 ARCI—IIEP.

3551 400 3648 462 391

399 519 645 587 linquam
678 516 748 570 ".
777 513 918 582 Quia
954 510 1252 568 verisimile
1308 521 1425 564 erat
1458 507 1756 563 nonnullos
1802 506 1961 560 dictu-

2082 504 2166 572 μή
2199 523 2272 559 σε
2297 507 2701 576 ἐγκαταλίπω.
2749 509 2968 581 Ἐπειδὴ
3003 511 3149 575 εἰκὸς
3173 507 3241 584 ἦν
3269 528 3423 576 τινας
3455 513 3648 566 εἰπεῖν·

410 624 500 662 ros
537 627 548 662 :
580 609 647 660 Αι
675 606 804 676 quid
863 604 1147 661 faciemus.
1201 600 1245 655 si
1296 599 1603 654 necessaria
1653 598 1815 652 nobis
1875 611 1961 650 nor

2090 595 2152 648 Τί
2183 593 2276 650 οὖν
2327 599 2394 652 ἂν
2448 601 2567 653 οὐδὲ
2607 602 2676 654 τὰ
2729 603 3001 669 ἀναγκαῖα
3036 604 3288 674 ἔχωμεν;
3321 604 3519 674 φησίν·
3549 606 3652 658 Οὑκ

417 699 749 769 suppetant?
798 698 933 762 lloc,
989 697 1189 763 inquit,
1219 694 1368 746 nullo
1401 691 1563 746 modo
1611 690 1725 743 fieri
1783 696 1981 758 potest.

408 793 551 848 Detts
603 791 747 847 enim
813 805 907 858 per
960 787 1156 843 isaiam
1217 787 1384 840 dicit:
1441 784 1563 837 Non
1621 793 1668 838 te
1716 783 1980 845 deseram,

406 901 583 954 neque
637 882 936 954 quidquam
1003 881 1287 935 mentitur.
1359 877 1465 933 Sed
1542 887 1598 932 ct
1653 878 1776 931 illos
1831 877 1980 946 ipsos

398 978 613 1032 Judzeos
641 976 937 1032 verisimile
956 985 1075 1029 erat
1106 974 1291 1028 dicere
1326 991 1339 1028 :
1373 973 1438 1026 Et
1467 975 1666 1043 quibus
1700 971 1979 1042 praesenti-

401 1073 504 1125 bus
550 1069 796 1124 contenti
854 1068 1104 1123 erimus?
1161 1066 1272 1122 Nos
1332 1065 1692 1121 facultatibus
1772 1064 1976 1119 nostris

397 1162 618 1231 spoliati
647 1176 861 1224 sumus,
895 1171 948 1213 et
968 1161 1102 1214 nihil
1127 1160 1284 1214 nobis
1312 1169 1585 1228 superest.
1620 1157 1759 1212 Dicit
1787 1158 1972 1226 igitur,

396 1254 636 1310 Potestis
678 1255 744 1308 iis
795 1268 918 1322 quae
987 1261 1310 1323 supersunt,
1371 1251 1726 1320 quantumvis
1801 1265 1970 1318 pauca

394 1344 621 1408 fuerint,
673 1344 914 1398 contenti
951 1359 1113 1398 esse:
1158 1342 1302 1398 Deus
1353 1344 1497 1396 enim
1546 1341 1714 1396 dixit:
1773 1340 1894 1394 Non
1926 1353 1974 1394 te

393 1439 656 1500 deserant,
718 1437 820 1490 hoc
878 1448 984 1498 est,
1025 1452 1130 1488 non
1171 1446 1222 1488 te
1282 1436 1556 1488 omittam.
1617 1434 1693 1488 Ac
1752 1433 1967 1489 etiamsi

391 1529 686 1599 Apostolus
721 1529 956 1583 fortasse
988 1531 1055 1582 de
1096 1528 1258 1584 rebus
1284 1529 1618 1582 necessariis
1677 1527 1966 1596 acceperit,

394 1632 452 1675 tu
494 1637 622 1677 vero
656 1621 722 1677 de
759 1622 908 1675 omni
964 1622 1184 1690 negotio
1252 1621 1492 1690 accipies
1540 1620 1642 1674 hoc
1697 1621 1786 1675 Dei
1849 1621 1968 1675 dic-

394 1724 532 1768 tum.

465 1806 630 1862 Vens.
667 1807 720 1861 (ἶ.
764 1805 828 1860 Ut
863 1805 1184 1874 conﬁdentes
1213 1807 1496 1860 dicamus:
1543 1805 1797 1860 Dominus
1835 1805 1962 1858 mihi

393 1898 631 1968 adjutor,
673 1914 773 1952 non
807 1899 996 1951 timebo
1030 1899 1155 1967 quid
1179 1897 1346 1965 faciat
1388 1897 1522 1950 mihi
1552 1899 1727 1951 homo.
1777 1896 1966 1964 Quatt-

392 1991 684 2059 doquidem
740 1991 852 2044 haec
911 1989 1053 2046 Deus
1097 1991 1260 2053 dixit,
1323 2003 1471 2045 certa
1527 1991 1755 2044 omnino
1813 1997 1962 2044 sunt.

391 2084 655 2152 Deinceps
678 2084 846 2153 igitur
875 2084 1214 2138 conﬁdenter
1237 2084 1507 2147 dicamus,
1531 2085 1674 2152 quod
1698 2081 1966 2150 diripien-

393 2187 476 2230 tes
520 2177 660 2230 bona
711 2183 921 2240 nostra,
983 2190 1083 2230 nos
1131 2175 1186 2229 in
1234 2175 1521 2246 angustias
1583 2190 1692 2230 non
1742 2185 1967 2244 protru-

389 2264 540 2320 dent.

465 2355 632 2412 Vens.
665 2358 716 2412 7.
758 2357 1070 2411 Mementote
1107 2359 1511 2426 prmpositorum
1539 2369 1850 2424 vestrorum,
1875 2361 1964 2430 qui

393 2449 558 2501 locuti
591 2460 713 2502 sunt
746 2450 888 2504 t-obis
935 2449 1146 2503 verbum
1178 2451 1290 2505 Dei.
1333 2451 1414 2505 Ad
1465 2452 1566 2505 hoc
1607 2451 1963 2507 Thessaloni-

391 2556 584 2594 censes
611 2555 830 2610 quoque
860 2541 1277 2604 adhortabatur,
1328 2551 1386 2595 ut
1443 2558 1536 2598 eos
1589 2545 1964 2600 abundantius

390 2630 601 2684 honore
633 2631 936 2685 adicerent.
969 2637 1052 2685 Ac
1087 2632 1554 2697 quemadmodum
1596 2633 1672 2687 illi
1732 2635 1960 2689 verbum

389 2720 730 2790 impertiunt,
765 2723 970 2788 sicilli,
1012 2724 1056 2777 si
1111 2723 1226 2777 fieri
1275 2726 1466 2793 possit,
1523 2736 1852 2779 succurrant
1880 2729 1963 2782 eis

391 2809 446 2863 in
507 2813 753 2866 externis
803 2815 1055 2881 corporis
1134 2813 1585 2868 necessitatibus.
1651 2815 1766 2870 lloc
1813 2817 1960 2870 enim

388 2905 566 2957 imiuit
597 2919 712 2972 per,
748 2903 1082 2959 Mementote.
1113 2903 1210 2959 Vel
1246 2907 1312 2960 ad
1361 2906 1720 2961 imitationem
1772 2923 1962 2963 eorum

390 2996 524 3050 istos
561 2997 783 3050 excitat.
1519 3065 1525 3072 1

460 3089 695 3155 Quorum
748 3092 1010 3145 intuentes
1051 3093 1252 3144 exitum
1289 3093 1724 3161 conversationis,
1777 3095 1962 3148 imita-

2085 689 2201 742 ἔστι
2235 690 2414 752 τοῦτο,
2453 694 2552 745 οὐκ
2585 693 2754 748 ἔστιν.
2795 694 2852 747 ’0
2885 696 2991 766 γὰρ
3023 695 3154 758 Θεὸς
3176 695 3266 749 διὰ
3296 695 3392 748 τοῦ
3437 694 3650 749 Ἡσαΐου

2083 780 2252 849 λέγει,
2279 785 2358 836 ὅτι
2387 787 2468 838 Οὐ
2491 784 2576 853 μή
2605 801 2679 840 σε
2703 785 2827 842 ἀνῶ
2852 805 2865 818 ·
2898 789 2991 841 καὶ
3030 789 3090 842 οὐ
3134 788 3390 856 ψεύδεται
3422 789 3653 849 πάντως.

2095 873 2253 926 Ἀλλὰ
2311 877 2402 928 καὶ
2459 877 2658 940 αὐτοὺς
2715 879 2772 931 δὲ
2839 879 3060 942 τούτους
3115 881 3239 943 τοὺς
3294 881 3354 946 ἐξ
3395 882 3654 934 Ἰουδαίων

2079 965 2223 1028 εἰκὸς
2252 961 2317 1036 ἦν
2348 967 2542 1033 εἰπεῖν,
2565 969 2646 1021 ὅτι
2669 969 2844 1033 Ποίοις
2873 970 3135 1041 παροῦσιν
3167 971 3652 1042 ἀρκεσθησόμεθας

2092 1056 2283 1125 Ἥμεῖς
2331 1059 2738 1133 διηρπαγημεν,
2771 1062 2928 1115 οὐδὲν
2984 1063 3180 1132 ἔχομεν
3234 1062 3441 1116 λοιπον.
3492 1064 3654 1131 Φηοὶν

2075 1145 2169 1201 οὖν
2196 1149 2278 1202 ὅτι
2321 1151 2560 1205 Δύνασθε
2605 1156 2716 1216 τοῖς
2743 1154 3135 1223 ιζπελειφθείσι,
3166 1154 3266 1208 κᾶν
3293 1154 3500 1225 βραχέα
3529 1153 3652 1216 εἷεν,

2074 1245 2380 1314 ἀρκεῖσθαι.
2417 1248 2474 1300 '0
2490 1249 2597 1319 γὰρ
2623 1249 2753 1312 Θεὸς
2781 1247 3018 1320 εἴρηκεν
3043 1252 3124 1304 Οὐ
3140 1251 3226 1320 μή
3245 1267 3319 1303 σε
3334 1249 3476 1313 ἀνῶ,
3501 1268 3655 1303 τουτ-

2074 1339 2222 1392 έστιν
2285 1341 2358 1394 Οὐ
2409 1342 2480 1411 μή
2534 1359 2590 1394 σε
2622 1343 2786 1395 ἐάσω.
2848 1341 2910 1394 Et
2941 1343 3081 1413 τάχα
3109 1343 3166 1396 δὲ
3190 1345 3283 1397 καὶ
3329 1347 3358 1397 ὁ
3396 1343 3649 1396 ’Δπὸστο-

2073 1433 2164 1495 λος
2201 1434 2330 1503 περὶ
2359 1435 2469 1487 τῶν
2500 1435 2776 1506 χρειωδῶν
2823 1437 3104 1503 ἐξεδέξατο
3130 1437 3310 1499 τοῦτο,
3343 1437 3476 1491 ἀλλὰ
3505 1437 3570 1490 σύ
3597 1455 3654 1504 γε

2071 1528 2165 1578 καὶ
2198 1527 2292 1580 ἐπὶ
2353 1529 2555 1592 παντὸς
2608 1530 2936 1602 πράγματος
2993 1531 3141 1598 δέξαι
3170 1531 3328 1586 τοῦτο
3353 1531 3523 1602 ῥηθὲν
3555 1531 3655 1584 ὑπὸ

2069 1620 2225 1674 Θεοῦ.

2146 1817 2328 1871 Ὥστε
2381 1819 2751 1887 θιιρῤοῧντας
2799 1820 2957 1888 ἡμᾶς
3006 1819 3205 1889 λέγειν
3236 1834 3250 1850 °
3284 1816 3504 1885 Κύριός
3556 1833 3650 1884 μοι

2062 1913 2315 1980 βοηθὸς,
2357 1915 2455 1966 καὶ
2497 1917 2568 1968 οὐ
2612 1915 3028 1985 φοϐηθήσομαι
3055 1915 3113 1968 τί
3157 1912 3397 1979 ποιήσει
3422 1928 3526 1981 μοι
3555 1909 3653 1963 ἆν-

2070 2009 2319 2072 θρωπος.
2363 2007 2517 2058 Ἐπεὶ
2548 2006 2719 2060 ταῦτα
2754 2003 2908 2060 εἶπεν
2957 2009 2986 2060 ὁ
3033 2005 3188 2067 Θεὸς,
3236 2003 3406 2057 πιστὰ
3435 2000 3650 2062 πάντως

2067 2099 2195 2150 εἰσί.
2222 2099 2423 2151 Λοιπὸν
2443 2097 2536 2152 οὖν
2567 2097 2899 2169 Θαρροῦντες
2921 2097 3191 2166 λέγωμεν,
3217 2095 3298 2148 ὅτι
3332 2096 3380 2147 οἱ
3416 2092 3650 2162 διαρπά-

2067 2183 2261 2252 ζοντεξ
2297 2188 2366 2241 τὰ
2411 2189 2730 2258 ὑπάρχοντα
2770 2187 2954 2259 ἡμῶν,
2990 2187 3052 2240 οὑ
3091 2186 3456 2240 πενώσουσιν
3483 2185 3647 2253 ἡμᾶς.

2139 2374 2560 2441 Μνημονεύετε
2620 2369 2740 2425 τῶν
2793 2368 3146 2440 ἡγουμένων
3187 2366 3379 2436 ὑμῶν,
3436 2366 3645 2430 οἵτινες

2065 2464 2382 2530 ἐλάλησαν
2432 2463 2575 2533 ὑμῖν
2625 2464 2735 2517 τὸν
2779 2464 2968 2530 λόγον
3001 2460 3109 2515 τοῦ
3142 2459 3314 2516 Θεοῦ.
3346 2456 3521 2511 Τοῦτο
3561 2459 3648 2509 καὶ

2068 2555 2528 2609 Θεσσα).ονικεῦσι
2555 2553 2812 2625 παρῄνει,
2856 2553 3001 2606 ὥστε
3034 2552 3180 2622 ἔχειν
3201 2551 3404 2612 αὐτοὺς
3434 2551 3492 2601 ὲν
3519 2549 3644 2618 τιμῇ

2067 2647 2564 2720 ὑπερεκπερισσοῦ.
2600 2649 2712 2702 Καὶ
2749 2647 2942 2718 ὥσπερ
2973 2648 3175 2699 ἐκεῖνοι
3225 2643 3323 2697 τοῦ
3362 2643 3524 2711 λόγου
3557 2659 3649 2710 με·

2064 2739 2391 2803 ταδιδόασιν,
2415 2739 2610 2802 οὕτως,
2647 2741 2695 2792 εί
2733 2738 2910 2791 ἔνεστι
2971 2736 3186 2808 βοηθεῖν
3225 2735 3414 2796 αὐτοῖς
3444 2734 3502 2785 ὲν
3531 2732 3646 2793 ταῖς

2067 2835 2412 2899 σωματικαῖς
2456 2831 2690 2902 χρείαις.
2714 2830 2886 2883 Τοῦτο
2928 2829 3038 2900 γὰρ
3068 2826 3368 2881 αἰνίττεται
3413 2824 3504 2877 διὰ
3534 2822 3644 2886 τοῦ,

2065 2922 2503 2988 Μνημονεύετε.
2541 2921 2614 2974 Ἢ
2645 2920 2741 2974 καὶ
2793 2919 2930 2991 πρὸς
2963 2919 3200 2991 μίμησιν
3225 2915 3410 2971 αὐτῶν
3433 2913 3646 2968 ἐπαλεί-

2066 3029 2157 3079 φει
2192 3012 2435 3074 τούτους.

2135 3099 2247 3157 Ὧν
2269 3102 2745 3171 ἀναθεωροῦντες
2780 3100 2895 3170 τὴν
2930 3102 3184 3156 εκΰασιν
3214 3099 3328 3168 τῆς
3355 3099 3646 3166 ἀναστροο

388 3186 518 3237 mini
549 3185 728 3252 ﬁdem.
792 3182 906 3238 Hoc
950 3194 1054 3246 est,
1104 3186 1351 3240 exactius
1397 3186 1834 3242 considerantes.
1883 3187 1960 3242 Ac

2076 3192 2207 3264 φῆς,
2235 3195 2513 3264 μιμεῖσθε
2548 3197 2663 3262 τὴν
2696 3195 2926 3248 πίστιν.
2975 3193 3294 3256 Τουτέστιν,
3322 3190 3647 3261 ἀκριϐέστε-

387 3275 852 3346 quemadmodum
921 3276 1184 3346 discipuli
1258 3279 1487 3348 pictoris
1570 3280 1636 3334 ad
1719 3281 1955 3350 primum

385 3371 696 3440 exemplar,
754 3373 836 3426 sic
892 3381 947 3428 et
1003 3389 1100 3428 vos
1145 3389 1426 3443 nunquam
1481 3390 1590 3429 non
1658 3375 1956 3446 defigentes

385 3463 580 3518 oculos
602 3461 669 3517 ad
701 3464 931 3530 exitum,
965 3464 1068 3518 hoc
1094 3476 1200 3530 est,
1233 3466 1301 3520 ad
1353 3466 1516 3521 [intem
1551 3469 1794 3538 ipsorum
1826 3483 1957 3523 con-

384 3556 741 3620 versationis,
789 3555 843 3609 id
887 3564 993 3624 est,
1022 3573 1238 3612 morum
1268 3567 1322 3614 et
1375 3562 1690 3630 vitae.quod
1751 3563 1954 3616 bonum

383 3647 542 3700 finem
579 3656 741 3701 nacta
775 3651 870 3713 sit,
908 3649 1195 3706 imitamini
1233 3652 1481 3721 ipsorum
1514 3655 1698 3708 fidem.
1734 3653 1810 3708 Ex
1853 3654 1956 3708 fide

379 3738 524 3790 enim
557 3737 662 3790 vita
715 3752 850 3806 pura
909 3741 1176 3794 nascitur.
1238 3741 1294 3794 Si
1341 3742 1484 3795 enim
1553 3741 1753 3796 futuris
1796 3744 1954 3797 fidem

381 3827 547 3898 758
581 3845 686 3882 non
729 3828 1078 3893 adhiberent,
1132 3829 1226 3886 sed
1275 3831 1610 3898 dubitarent,
1659 3847 1956 3887 conversa-

381 3920 583 3973 tionem
616 3920 1150 3987 irreprebensibilem
1180 3937 1283 3976 non
1315 3923 1702 3978 ostendissent.
1742 3922 1954 3982 Rursus

381 4020 564 4064 autem
593 4011 1106 4077 pusillanimitatem
1166 4029 1356 4068 eorum
1411 4025 1604 4084 curat;
1660 4019 1743 4072 vel
1795 4018 1951 4074 fidem

383 4104 701 4171 (iugulatum
729 4102 883 4157 dicit.
924 4103 1092 4158 Infert
1131 4105 1334 4175 igitur:

459 4191 624 4247 Vens.
658 4197 712 4246 8.
749 4191 906 4248 Iesus
943 4194 1186 4251 Christus
1218 4198 1333 4252 heri
1367 4209 1416 4253 et
1456 4200 1612 4256 hodie
1641 4203 1799 4270 idem,
1823 4213 1874 4258 et
1898 4205 1952 4260 in

383 4287 604 4344 smnia.
662 4286 919 4340 Nonnulli
981 4290 1124 4342 enim
1187 4293 1264 4344 uti
1323 4293 1578 4360 videtur,
1623 4298 1952 4355 exstiterunt

384 4381 545 4433 fidem
612 4379 1009 4444 adulterantes,
1067 4387 1122 4435 et
1175 4381 1477 4439 dicentes:
1533 4387 1687 4442 Alius
1741 4390 1949 4457 veniet,

381 4488 542 4540 quem
585 4472 749 4525 hodie
805 4487 978 4540 usque
1005 4482 1329 4542 exsnectant
1378 4474 1569 4530 Judaei.
1623 4480 1712 4532 Ait
1748 4480 1947 4550 igitur:

2071 3305 2162 3360 ρον
2209 3285 2672 3346 ἁνασκοποῦντες.
2704 3286 2811 3338 Καὶ
2839 3282 3027 3353 ὥσπερ
3064 3281 3309 3354 μαθηταὶ⁵
3357 3280 3646 3352 ζωγράφου

2066 3379 2203 3448 πρὸς
2236 3380 2297 3431 τὸ
2323 3378 2658 3449 ἀρχέτυπον,
2716 3375 2891 3440 οὕτως
2952 3375 3114 3446 ὑμεῖς
3165 3373 3256 3428 ἀεὶ
3291 3371 3586 3444 βλέποντες
3603 3370 3643 3401 "

2066 3472 2205 3542 πρὸς
2236 3469 2335 3542 τὴν
2368 3470 2614 3536 ἔκϐασιν,
2659 3469 2908 3524 τουτέστι
2984 3468 3046 3522 τὸ
3095 3467 3254 3530 τέλος
3309 3467 3413 3537 τῆς
3472 3463 3646 3518 αὐτῶν

2065 3563 2439 3632 ἀναστροφῆς,
2487 3563 2516 3615 ὃ
2564 3564 2682 3614 ἐστι
2735 3560 3037 3626 πολιτείας,
3070 3560 3157 3613 ὅτι
3210 3557 3454 3629 χρηστὸν
3498 3557 3647 3619 τέλος

2067 3654 2214 3724 ἔσχε,
2258 3653 2518 3723 μιμεῖσθε
2565 3652 2745 3706 αὐτῷν
2789 3652 2890 3723 τὴν
2937 3651 3143 3706 πίστιν.
3208 3650 3344 3706 ’Δπδ
3389 3649 3502 3720 γὰρ
3551 3649 3647 3718 τῆς

2065 3746 2304 3808 πίστεως
2325 3747 2354 3798 δ
2378 3745 2491 3815 βίος
2519 3747 2547 3798 ὀ
2579 3745 2839 3816 καθαρός.
2875 3743 2936 3798 Et
2966 3745 3041 3815 μὴ
3071 3745 3180 3814 γὰρ
3226 3743 3519 3797 ἐπίστευον
3539 3743 3647 3805 τοῖς

2065 3838 2376 3908 μέλλουσιν,
2423 3839 2558 3907 ἀλλὰ
2597 3836 2902 3902 ιδίσταζον,
2928 3838 3030 3890 οὐκ
3061 3837 3129 3889 ἂν
3154 3835 3504 3900 ἐπεδείξαντο
3553 3851 3646 3888 πο·

2063 3929 2271 3982 λιτείαν
2313 3930 2624 4000 ἄμεμπτον.
2683 3929 2855 3982 Πάλιν
2909 3929 2966 3982 δὲ
3012 3931 3076 3981 τὸ
3101 3928 3448 3998 μικρόψυχον
3472 3926 3645 3980 αὐτῶν

2067 4024 2392 4095 θεραπεύει·
2423 4024 2456 4095 ἢ
2495 4026 2679 4080 πίστιν
2698 4026 2800 4084 τὴν
2827 4025 2936 4078 τῶν
2955 4024 3243 4095 δογμάτων
3266 4023 3442 4092 λέγει.
3481 4021 3642 4077 Ἐπά·

2059 4135 2148 4188 γει
2175 4113 2268 4172 οὖν
2289 4134 2304 4149 ·

2147 4211 2387 4278 Ἰησοῦς
2427 4211 2682 4278 Χριστὸς
2722 4211 2864 4280 χθὲς
2916 4211 3018 4264 καὶ
3065 4211 3337 4280 σήμερον
3382 4212 3416 4264 ὁ
3446 4207 3642 4274 αὐτὸς,

2061 4305 2159 4358 καὶ
2206 4307 2294 4369 εἰς
2347 4303 2492 4369 τοὺς
2545 4302 2786 4370 αἰῶνας.
2837 4303 2929 4367 Ὠς
2982 4303 3127 4358 ἔοικε
3157 4299 3467 4374 γὰρ,ἦσάν
3505 4317 3646 4362 τινες

2063 4399 2586 4468 παραχαράττοντες
2640 4396 2738 4466 τὴν
2805 4397 3024 4460 πίστιν,
3071 4398 3171 4451 καὶ
3219 4397 3516 4464 λέγοντες,
3566 4394 3643 4447 ὅτι

2062 4489 2291 4558 Ἕτερος
2336 4488 2478 4558 ἥξει,
2513 4487 2574 4541 ὃν
2610 4490 2704 4542 καὶ
2758 4488 2920 4558 μέχρι
2962 4487 3057 4542 τοῦ
3113 4487 3211 4541 νῦν
3274 4485 3644 4556 προσδοκῶσιν

387 4563 532 4617 idem
595 4573 678 4617 est
739 4562 995 4618 Christus
1048 4567 1181 4630 heri,
1251 4565 1304 4619 id
1333 4577 1436 4633 est,
1485 4569 1633 4623 omni
1683 4574 1956 4640 przeterito

2080 4578 2344 4646 Ἑϐραῖοι.
2377 4579 2551 4647 Φησὶν
2603 4577 2699 4630 οὖν
2729 4578 2811 4630 ὅτι
2843 4577 3015 4640 Αὐτός
3049 4579 3163 4629 ἐστι
3202 4577 3444 4645 Χριστὸς
3486 4575 3641 4645 χθὲς.

385 4667 650 4726 tempore,
684 4666 732 4710 et
763 4657 936 4720 hodie,
981 4659 1084 4710 hoc
1109 4667 1212 4721 est,
1245 4661 1500 4727 pra-senti
1535 4670 1800 4731 tempore,
1831 4675 1877 4717 et
1905 4665 1959 4717 in
2001 4701 2008 4706 ι

383 4747 604 4808 διιντιιίιι,
685 4748 865 4801 futura
930 4748 1161 4815 scilicet,
1234 4749 1482 4820 adeoque
1544 4753 1789 4820 infinita,
1858 4771 1960 4810 nec

382 4839 562 4890 \‘eniet
597 4839 754 4892 alius.
785 4837 859 4893 Ne
886 4841 1084 4894 erretis
1117 4840 1303 4910 igitur.
1332 4838 1463 4895 Vel:
1487 4842 1959 4907 Quemadmodum

380 4933 708 5001 pra-positos
745 4939 960 4986 vestros
988 4947 1098 4986 non
1142 4931 1410 4999 deseruit,
1464 4934 1557 4987 sed
1598 4935 1651 4989 in
1703 4937 1961 4992 omnibus

383 5023 590 5088 adjuvit
619 5039 738 5086 eos,
793 5023 938 5077 hunc
964 5023 1030 5077 ad
1067 5024 1292 5079 modum
1341 5034 1396 5080 ct
1458 5026 1612 5081 vobis
1673 5030 1962 5085 auxiliabi-

379 5124 487 5170 tur.
531 5115 676 5171 idem
711 5116 854 5170 enim
879 5125 982 5172 est.

452 5303 620 5360 Vens.
659 5306 713 5360 9.
765 5307 1033 5363 Doctrinis
1086 5311 1250 5363 variis
1295 5319 1345 5364 et
1399 5313 1686 5378 peregrinis
1739 5328 1802 5365 ne
1858 5314 1962 5366 cir-

378 5396 771 5462 cumfer-nmini.
846 5397 1046 5462 Variis,
1080 5399 1130 5453 id
1163 5409 1270 5468 est,
1301 5415 1446 5454 nunc
1495 5402 1600 5465 Itis,
1650 5419 1794 5457 nunc
1820 5403 1947 5468 illis,

372 5495 429 5538 et
454 5485 746 5554 aliquando
778 5487 848 5542 ab
881 5488 1026 5556 istis,
1058 5489 1352 5560 aliquando
1385 5490 1453 5544 ab
1490 5490 1616 5546 illis.
1654 5492 1946 5557 Przeterea,

442 5665 488 5695 "
515 5661 633 5719 Jos.
669 5681 706 5730 ι,
745 5666 800 5721 5.

2059 4688 2153 4722 του
2167 4671 2328 4731 τέστι,
2354 4669 2444 4722 τὸν
2479 4669 2816 4738 παρελθόντα
2851 4669 3034 4722 πάντα
3074 4669 3290 4738 χρόνον,
3317 4667 3422 4720 καὶ
3455 4667 3640 4736 σήμε-

2055 4781 2188 4832 ρον,
2243 4763 2510 4827 τουτέστι,
2547 4761 2690 4813 κατὰ
2737 4761 2832 4813 τὸν
2877 4760 3170 4825 ἐνεστῶτα,
3207 4761 3310 4814 καὶ
3375 4763 3468 4827 είς
3509 4758 3640 4824 τοὺς

2060 4855 2302 4920 αἰῶνας,
2351 4855 2479 4916 τοὺς
2519 4853 2815 4924 μέλλοντας
2854 4856 2950 4906 καὶ
3001 4853 3366 4924 ἀπεράντους.
3404 4855 3504 4907 καὶ
3553 4852 3638 4921 οὐχ

2059 4949 2179 5018 ἥξει
2209 4948 2416 5017 ἔτερος.
2472 4947 2563 5016 Μὴ
2623 4947 2802 4999 τοίνυν
2854 4945 3156 5000 πλανᾶσθε.
3192 4948 3265 4999 Ἦ
3315 4948 3400 4999 ὅτι
3459 4945 3640 5014 ὥσπερ

2060 5042 2185 5101 τοὺς
2216 5038 2556 5108 ἡγουμένους
2596 5037 2750 5106 ὑμῶν
2797 5039 2859 5091 οὐ
2891 5039 3206 5101 κατέλιπεν,
3238 5037 3355 5091 ἀλλ’
3389 5040 3450 5090 ἐν
3485 5039 3636 5092 πᾶσιν

2061 5130 2504 5200 ἀντελαμϐάνετο
2545 5130 2746 5193 αὐτῶν,
2774 5130 2919 5183 οὔτω
2945 5131 3038 5184 καὶ
3073 5130 3230 5200 ὑμῶν
3264 5130 3634 5201 ἀντιλήψεται.

2073 5222 2133 5274 '0
2163 5224 2327 5285 αὐτὸς
2355 5223 2464 5292 γάρ
2490 5224 2628 5274 ἐστι.

2133 5313 2412 5380 Διδαχαῖς
2442 5314 2744 5376 ποικίλαις
2764 5313 2860 5366 καὶ
2886 5311 3091 5378 ξέναις
3113 5311 3200 5381 μὴ
3225 5310 3630 5381 περιφέρει-σθεν,

2064 5407 2399 5470 Ποικιλαις,
2428 5408 2548 5468 ταῖς
2576 5404 2763 5459 ἄλλοτε
2794 5403 3006 5467 ἄλλαις,
3040 5404 3136 5456 καὶ
3167 5404 3303 5474 παρ’
3338 5401 3515 5456 ἄλλων
3543 5397 3632 5451 καὶ

2061 5496 2259 5561 ἄλλων,
2291 5495 2428 5550 ἀλλὰ
2452 5497 2546 5549 καὶ
2577 5495 2756 5560 ξέναις
2809 5494 2904 5548 τοῦ
2950 5494 3115 5566 ὀρθοῦ
3145 5494 3446 5564 δόγματος.
3483 5491 3629 5545 Ἐστι

1718 5763 1921 5824 Varia:
1949 5762 2281 5826 lectiones.
