  <div class='ocr_page' id='page_1' title='image "/cluster/home/n/w/nwhite01/storage/ocr_20150623/125/hvd.32044019208214/228.png"; bbox 0 0 3860 6552; ppageno 0'>
   <div class='ocr_carea' id='block_1_1' title="bbox 204 457 1603 493">
    <p class='ocr_par' dir='ltr' id='par_1_1' title="bbox 204 457 1603 493">
     <span class='ocr_line' id='line_1_1' title="bbox 204 457 1603 493; baseline 0.003 -4"><span class='ocrx_word' id='word_1_1' title='bbox 204 457 1603 493; x_wconf 56' lang='lat' dir='ltr'><strong>Mm</strong></span> 
     </span>
    </p>
   </div>
   <div class='ocr_carea' id='block_1_2' title="bbox 1598 469 2471 494">
    <p class='ocr_par' dir='ltr' id='par_1_2' title="bbox 1598 469 2471 494">
     <span class='ocr_line' id='line_1_2' title="bbox 1598 469 2471 494; baseline 0.002 -2"><span class='ocrx_word' id='word_1_2' title='bbox 1598 473 1605 492; x_wconf 94' lang='lat'><em>:</em></span> <span class='ocrx_word' id='word_1_3' title='bbox 1612 469 2471 494; x_wconf 56' lang='lat' dir='ltr'><strong>m:::mzr_m</strong></span> 
     </span>
    </p>
   </div>
   <div class='ocr_carea' id='block_1_3' title="bbox 1889 486 2153 496">
    <p class='ocr_par' dir='ltr' id='par_1_3' title="bbox 1889 486 2153 496">
     <span class='ocr_line' id='line_1_3' title="bbox 1889 486 2153 496; baseline 0.008 -3"><span class='ocrx_word' id='word_1_4' title='bbox 1889 486 2025 495; x_wconf 55' lang='grc' dir='ltr'><strong>...σι-ς-</strong></span> <span class='ocrx_word' id='word_1_5' title='bbox 2032 488 2153 496; x_wconf 64' lang='grc' dir='ltr'><strong>’.οη-.-</strong></span> 
     </span>
    </p>
   </div>
   <div class='ocr_carea' id='block_1_4' title="bbox 735 676 2902 868">
    <p class='ocr_par' dir='ltr' id='par_1_4' title="bbox 735 676 2902 868">
     <span class='ocr_line' id='line_1_4' title="bbox 735 676 2902 868; baseline 0.007 -15"><span class='ocrx_word' id='word_1_6' title='bbox 735 676 1838 863; x_wconf 85' lang='lat' dir='ltr'><strong>BONIFACII</strong></span> <span class='ocrx_word' id='word_1_7' title='bbox 2028 691 2148 857; x_wconf 87' lang='lat' dir='ltr'><strong>F</strong></span> <span class='ocrx_word' id='word_1_8' title='bbox 2166 690 2381 863; x_wconf 86' lang='lat' dir='ltr'><strong>IN</strong></span> <span class='ocrx_word' id='word_1_9' title='bbox 2393 690 2902 868; x_wconf 87' lang='lat' dir='ltr'><strong>ETTI</strong></span> 
     </span>
    </p>
   </div>
   <div class='ocr_carea' id='block_1_5' title="bbox 1372 1044 2287 1106">
    <p class='ocr_par' dir='ltr' id='par_1_5' title="bbox 1372 1044 2287 1106">
     <span class='ocr_line' id='line_1_5' title="bbox 1372 1044 2287 1106; baseline -0.001 -2"><span class='ocrx_word' id='word_1_10' title='bbox 1372 1044 1667 1104; x_wconf 68' lang='lat' dir='ltr'><strong>ORDINIS</strong></span> <span class='ocrx_word' id='word_1_11' title='bbox 1711 1045 2287 1106; x_wconf 64' lang='lat' dir='ltr'><strong>PRIEDICA-TORUH:</strong></span> 
     </span>
    </p>
   </div>
   <div class='ocr_carea' id='block_1_6' title="bbox 363 1229 3288 1381">
    <p class='ocr_par' dir='ltr' id='par_1_6' title="bbox 363 1229 3288 1381">
     <span class='ocr_line' id='line_1_6' title="bbox 363 1229 3288 1381; baseline 0.01 -29"><span class='ocrx_word' id='word_1_12' title='bbox 363 1240 513 1357; x_wconf 79' lang='grc' dir='ltr'>ΙΝ</span> <span class='ocrx_word' id='word_1_13' title='bbox 650 1243 1301 1364; x_wconf 82' lang='lat' dir='ltr'>TERTIUM</span> <span class='ocrx_word' id='word_1_14' title='bbox 1445 1229 2047 1367; x_wconf 27' lang='lat' dir='ltr'><strong>TOMUM‘</strong></span> <span class='ocrx_word' id='word_1_15' title='bbox 2168 1255 3288 1381; x_wconf 87' lang='lat' dir='ltr'><strong>THEOPHYLACTI</strong></span> 
     </span>
    </p>
   </div>
   <div class='ocr_carea' id='block_1_7' title="bbox 1479 1511 2170 1606">
    <p class='ocr_par' dir='ltr' id='par_1_7' title="bbox 1479 1511 2170 1606">
     <span class='ocr_line' id='line_1_7' title="bbox 1479 1511 2170 1606; baseline 0.012 -7"><span class='ocrx_word' id='word_1_16' title='bbox 1479 1511 2170 1606; x_wconf 68' lang='lat' dir='ltr'><strong>PBIEFATIO.</strong></span> 
     </span>
    </p>
   </div>
   <div class='ocr_carea' id='block_1_8' title="bbox 190 1730 1847 1763">
    <p class='ocr_par' dir='ltr' id='par_1_8' title="bbox 190 1730 1847 1763">
     <span class='ocr_line' id='line_1_8' title="bbox 190 1730 1847 1763; baseline 0 -9"><span class='ocrx_word' id='word_1_17' title='bbox 190 1730 197 1763; x_wconf 65' lang='grc' dir='ltr'><strong>λ</strong></span> <span class='ocrx_word' id='word_1_18' title='bbox 1776 1741 1847 1754; x_wconf 58' lang='lat'><strong>‘-</strong></span> 
     </span>
    </p>
   </div>
   <div class='ocr_carea' id='block_1_9' title="bbox 2158 474 3277 508">
    <p class='ocr_par' dir='ltr' id='par_1_9' title="bbox 2158 474 3277 507">
     <span class='ocr_line' id='line_1_9' title="bbox 2158 474 3277 507; baseline 0.009 -23"><span class='ocrx_word' id='word_1_19' title='bbox 2158 474 3277 507; x_wconf 55' lang='lat' dir='ltr'><strong>mmm.—_—_—</strong></span> 
     </span>
    </p>
   </div>
   <div class='ocr_carea' id='block_1_10' title="bbox 3033 482 3450 498">
    <p class='ocr_par' dir='ltr' id='par_1_10' title="bbox 3033 482 3450 498">
     <span class='ocr_line' id='line_1_10' title="bbox 3033 482 3450 498; baseline -0.005 -2"><span class='ocrx_word' id='word_1_20' title='bbox 3033 482 3450 498; x_wconf 59' lang='grc' dir='ltr'><strong>ο--ρ-α--ι--ε</strong></span> 
     </span>
    </p>
   </div>
   <div class='ocr_carea' id='block_1_11' title="bbox 3282 502 3447 510">
    <p class='ocr_par' dir='ltr' id='par_1_11' title="bbox 3282 502 3447 510">
     <span class='ocr_line' id='line_1_11' title="bbox 3282 502 3447 510; baseline 0.018 -3"><span class='ocrx_word' id='word_1_21' title='bbox 3282 502 3447 510; x_wconf 53' lang='grc' dir='ltr'>Ἤ</span> 
     </span>
    </p>
   </div>
   <div class='ocr_carea' id='block_1_12' title="bbox 275 1860 3453 1965">
    <p class='ocr_par' dir='ltr' id='par_1_12' title="bbox 275 1860 3453 1965">
     <span class='ocr_line' id='line_1_12' title="bbox 275 1860 3453 1965; baseline 0.008 -45"><span class='ocrx_word' id='word_1_22' title='bbox 275 1860 330 1920; x_wconf 77' lang='lat' dir='ltr'><strong>f.</strong></span> <span class='ocrx_word' id='word_1_23' title='bbox 368 1862 532 1924; x_wconf 88' lang='lat' dir='ltr'><strong>Cum</strong></span> <span class='ocrx_word' id='word_1_24' title='bbox 576 1863 692 1927; x_wconf 78' lang='lat' dir='ltr'><strong>viri</strong></span> <span class='ocrx_word' id='word_1_25' title='bbox 728 1870 1119 1944; x_wconf 74' lang='lat' dir='ltr'><strong>gravissimi;</strong></span> <span class='ocrx_word' id='word_1_26' title='bbox 1152 1887 1432 1950; x_wconf 90' lang='lat' dir='ltr'><strong>quorum</strong></span> <span class='ocrx_word' id='word_1_27' title='bbox 1465 1870 1845 1933; x_wconf 83' lang='lat' dir='ltr'><strong>auctoritate</strong></span> <span class='ocrx_word' id='word_1_28' title='bbox 1896 1875 2285 1936; x_wconf 82' lang='lat' dir='ltr'><strong>commoveri</strong></span> <span class='ocrx_word' id='word_1_29' title='bbox 2328 1882 2907 1959; x_wconf 71' lang='lat' dir='ltr'><strong>memqnissimum</strong></span> <span class='ocrx_word' id='word_1_30' title='bbox 2952 1894 3109 1959; x_wconf 89' lang='lat' dir='ltr'><strong>erat,</strong></span> <span class='ocrx_word' id='word_1_31' title='bbox 3159 1886 3453 1965; x_wconf 83' lang='lat' dir='ltr'><strong>impense</strong></span> 
     </span>
    </p>
   </div>
   <div class='ocr_carea' id='block_1_13' title="bbox 196 1966 3459 2060">
    <p class='ocr_par' dir='ltr' id='par_1_13' title="bbox 196 1966 3459 2060">
     <span class='ocr_line' id='line_1_13' title="bbox 196 1966 3459 2060; baseline 0.01 -41"><span class='ocrx_word' id='word_1_32' title='bbox 196 1969 430 2038; x_wconf 82' lang='lat' dir='ltr'><strong>aptare</strong></span> <span class='ocrx_word' id='word_1_33' title='bbox 458 1981 530 2025; x_wconf 91' lang='lat' dir='ltr'><strong>se</strong></span> <span class='ocrx_word' id='word_1_34' title='bbox 568 1966 724 2028; x_wconf 82' lang='lat' dir='ltr'><strong>mihi</strong></span> <span class='ocrx_word' id='word_1_35' title='bbox 757 1969 1253 2047; x_wconf 82' lang='lat' dir='ltr'><strong>signiﬁcassent,</strong></span> <span class='ocrx_word' id='word_1_36' title='bbox 1296 1980 1362 2031; x_wconf 92' lang='lat' dir='ltr'><strong>ut</strong></span> <span class='ocrx_word' id='word_1_37' title='bbox 1396 1969 1572 2032; x_wconf 79' lang='lat' dir='ltr'><strong>tertii</strong></span> <span class='ocrx_word' id='word_1_38' title='bbox 1607 1970 1800 2049; x_wconf 80' lang='lat' dir='ltr'><strong>hujus</strong></span> <span class='ocrx_word' id='word_1_39' title='bbox 1825 1970 2063 2032; x_wconf 86' lang='lat' dir='ltr'><strong>edendi</strong></span> <span class='ocrx_word' id='word_1_40' title='bbox 2097 1977 2247 2035; x_wconf 82' lang='lat' dir='ltr'><strong>torni</strong></span> <span class='ocrx_word' id='word_1_41' title='bbox 2275 1976 2340 2038; x_wconf 80' lang='lat' dir='ltr'><strong>in</strong></span> <span class='ocrx_word' id='word_1_42' title='bbox 2378 1996 2478 2041; x_wconf 92' lang='lat' dir='ltr'><strong>me</strong></span> <span class='ocrx_word' id='word_1_43' title='bbox 2516 1999 2730 2042; x_wconf 87' lang='lat' dir='ltr'><strong>curam</strong></span> <span class='ocrx_word' id='word_1_44' title='bbox 2767 1984 3144 2060; x_wconf 83' lang='lat' dir='ltr'><strong>reciperem,</strong></span> <span class='ocrx_word' id='word_1_45' title='bbox 3176 1987 3459 2053; x_wconf 83' lang='lat' dir='ltr'><strong>laborem</strong></span> 
     </span>
    </p>
   </div>
   <div class='ocr_carea' id='block_1_14' title="bbox 197 2062 3458 2166">
    <p class='ocr_par' dir='ltr' id='par_1_14' title="bbox 197 2062 3458 2166">
     <span class='ocr_line' id='line_1_14' title="bbox 197 2062 3458 2166; baseline 0.009 -45"><span class='ocrx_word' id='word_1_46' title='bbox 197 2062 383 2153; x_wconf 82' lang='lat' dir='ltr'><strong>hunc</strong></span> <span class='ocrx_word' id='word_1_47' title='bbox 440 2066 931 2166; x_wconf 84' lang='lat' dir='ltr'><strong>detrectandam</strong></span> <span class='ocrx_word' id='word_1_48' title='bbox 982 2071 1139 2133; x_wconf 85' lang='lat' dir='ltr'><strong>mihi</strong></span> <span class='ocrx_word' id='word_1_49' title='bbox 1187 2071 1468 2133; x_wconf 85' lang='lat' dir='ltr'><strong>minime</strong></span> <span class='ocrx_word' id='word_1_50' title='bbox 1503 2071 1757 2144; x_wconf 81' lang='lat' dir='ltr'><strong>censui,</strong></span> <span class='ocrx_word' id='word_1_51' title='bbox 1802 2074 2151 2149; x_wconf 66' lang='lat' dir='ltr'><strong>pressertim</strong></span> <span class='ocrx_word' id='word_1_52' title='bbox 2203 2093 2349 2137; x_wconf 82' lang='lat' dir='ltr'><strong>cum</strong></span> <span class='ocrx_word' id='word_1_53' title='bbox 2378 2078 2451 2153; x_wconf 91' lang='lat' dir='ltr'><strong>ii,</strong></span> <span class='ocrx_word' id='word_1_54' title='bbox 2492 2081 2603 2158; x_wconf 90' lang='lat' dir='ltr'><strong>qui</strong></span> <span class='ocrx_word' id='word_1_55' title='bbox 2647 2098 2769 2143; x_wconf 90' lang='lat' dir='ltr'><strong>suo</strong></span> <span class='ocrx_word' id='word_1_56' title='bbox 2820 2099 2923 2145; x_wconf 91' lang='lat' dir='ltr'><strong>me</strong></span> <span class='ocrx_word' id='word_1_57' title='bbox 2963 2102 3126 2162; x_wconf 85' lang='lat' dir='ltr'><strong>pene</strong></span> <span class='ocrx_word' id='word_1_58' title='bbox 3178 2087 3458 2166; x_wconf 89' lang='lat' dir='ltr'><strong>imperio</strong></span> 
     </span>
    </p>
   </div>
   <div class='ocr_carea' id='block_1_15' title="bbox 192 2162 3459 2264">
    <p class='ocr_par' dir='ltr' id='par_1_15' title="bbox 192 2162 3459 2264">
     <span class='ocr_line' id='line_1_15' title="bbox 192 2162 3459 2264; baseline 0.008 -41"><span class='ocrx_word' id='word_1_59' title='bbox 192 2162 595 2264; x_wconf 79' lang='lat' dir='ltr'><strong>compellere</strong></span> <span class='ocrx_word' id='word_1_60' title='bbox 625 2170 1016 2243; x_wconf 88' lang='lat' dir='ltr'><strong>potuissent,</strong></span> <span class='ocrx_word' id='word_1_61' title='bbox 1038 2188 1170 2250; x_wconf 83' lang='lat' dir='ltr'><strong>.pro</strong></span> <span class='ocrx_word' id='word_1_62' title='bbox 1195 2171 1441 2233; x_wconf 81' lang='lat' dir='ltr'><strong>eximia</strong></span> <span class='ocrx_word' id='word_1_63' title='bbox 1485 2171 1880 2235; x_wconf 70' lang='lat' dir='ltr'><strong>humanitate</strong></span> <span class='ocrx_word' id='word_1_64' title='bbox 1911 2190 2028 2235; x_wconf 80' lang='lat' dir='ltr'><strong>sua</strong></span> <span class='ocrx_word' id='word_1_65' title='bbox 2057 2174 2137 2236; x_wconf 92' lang='lat' dir='ltr'><strong>ad</strong></span> <span class='ocrx_word' id='word_1_66' title='bbox 2169 2176 2232 2236; x_wconf 85' lang='lat' dir='ltr'><strong>id</strong></span> <span class='ocrx_word' id='word_1_67' title='bbox 2282 2179 2575 2241; x_wconf 65' lang='lat' dir='ltr'><strong>muneris</strong></span> <span class='ocrx_word' id='word_1_68' title='bbox 2619 2181 3033 2245; x_wconf 89' lang='lat' dir='ltr'><strong>subeundum</strong></span> <span class='ocrx_word' id='word_1_69' title='bbox 3070 2162 3459 2264; x_wconf 83' lang='lat' dir='ltr'><strong>persuadere</strong></span> 
     </span>
    </p>
   </div>
   <div class='ocr_carea' id='block_1_16' title="bbox 198 2262 3460 2367">
    <p class='ocr_par' dir='ltr' id='par_1_16' title="bbox 198 2262 3460 2367">
     <span class='ocr_line' id='line_1_16' title="bbox 198 2262 3460 2367; baseline 0.009 -45"><span class='ocrx_word' id='word_1_70' title='bbox 198 2262 451 2367; x_wconf 74' lang='lat' dir='ltr'><strong>ratione</strong></span> <span class='ocrx_word' id='word_1_71' title='bbox 477 2266 857 2344; x_wconf 82' lang='lat' dir='ltr'><strong>maluerint;</strong></span> <span class='ocrx_word' id='word_1_72' title='bbox 893 2271 1513 2334; x_wconf 30' lang='lat' dir='ltr'><strong>neminem-reiculos</strong></span> <span class='ocrx_word' id='word_1_73' title='bbox 1548 2271 1611 2333; x_wconf 89' lang='lat' dir='ltr'><strong>id</strong></span> <span class='ocrx_word' id='word_1_74' title='bbox 1644 2274 1849 2350; x_wconf 80' lang='lat' dir='ltr'><strong>magis</strong></span> <span class='ocrx_word' id='word_1_75' title='bbox 1880 2272 2132 2346; x_wconf 72' lang='lat' dir='ltr'><strong>decere;</strong></span> <span class='ocrx_word' id='word_1_76' title='bbox 2193 2293 2384 2355; x_wconf 89' lang='lat' dir='ltr'><strong>quam</strong></span> <span class='ocrx_word' id='word_1_77' title='bbox 2414 2295 2537 2352; x_wconf 90' lang='lat' dir='ltr'><strong>me,</strong></span> <span class='ocrx_word' id='word_1_78' title='bbox 2578 2282 2696 2360; x_wconf 90' lang='lat' dir='ltr'><strong>qui</strong></span> <span class='ocrx_word' id='word_1_79' title='bbox 2737 2282 2977 2346; x_wconf 81' lang='lat' dir='ltr'><strong>inedita</strong></span> <span class='ocrx_word' id='word_1_80' title='bbox 3001 2262 3460 2367; x_wconf 76' lang='lat' dir='ltr'><strong>&#39;l‘heOphylacti</strong></span> 
     </span>
    </p>
   </div>
   <div class='ocr_carea' id='block_1_17' title="bbox 199 2364 3461 2466">
    <p class='ocr_par' dir='ltr' id='par_1_17' title="bbox 199 2364 3461 2466">
     <span class='ocr_line' id='line_1_17' title="bbox 199 2364 3461 2466; baseline 0.008 -43"><span class='ocrx_word' id='word_1_81' title='bbox 199 2364 445 2466; x_wconf 75' lang='lat' dir='ltr'><strong>Opera,</strong></span> <span class='ocrx_word' id='word_1_82' title='bbox 478 2368 719 2447; x_wconf 81' lang='lat' dir='ltr'><strong>quibus</strong></span> <span class='ocrx_word' id='word_1_83' title='bbox 754 2370 1134 2432; x_wconf 80' lang='lat' dir='ltr'><strong>tomiistius</strong></span> <span class='ocrx_word' id='word_1_84' title='bbox 1170 2388 1311 2448; x_wconf 87' lang='lat' dir='ltr'><strong>pars</strong></span> <span class='ocrx_word' id='word_1_85' title='bbox 1351 2372 1627 2433; x_wconf 83' lang='lat' dir='ltr'><strong>maxima</strong></span> <span class='ocrx_word' id='word_1_86' title='bbox 1655 2379 1926 2445; x_wconf 86' lang='lat' dir='ltr'><strong>constat,</strong></span> <span class='ocrx_word' id='word_1_87' title='bbox 1957 2374 2178 2437; x_wconf 87' lang='lat' dir='ltr'><strong>Latine</strong></span> <span class='ocrx_word' id='word_1_88' title='bbox 2212 2379 2515 2440; x_wconf 90' lang='lat' dir='ltr'><strong>vertenda</strong></span> <span class='ocrx_word' id='word_1_89' title='bbox 2555 2381 3020 2458; x_wconf 84' lang='lat' dir='ltr'><strong>suscepissem.</strong></span> <span class='ocrx_word' id='word_1_90' title='bbox 3069 2364 3224 2447; x_wconf 89' lang='lat' dir='ltr'><strong>Cum</strong></span> <span class='ocrx_word' id='word_1_91' title='bbox 3263 2364 3461 2466; x_wconf 76' lang='lat' dir='ltr'><strong>igitur</strong></span> 
     </span>
    </p>
   </div>
   <div class='ocr_carea' id='block_1_18' title="bbox 198 2463 3462 2563">
    <p class='ocr_par' dir='ltr' id='par_1_18' title="bbox 198 2463 3462 2563">
     <span class='ocr_line' id='line_1_18' title="bbox 198 2463 3462 2563; baseline 0.008 -41"><span class='ocrx_word' id='word_1_92' title='bbox 198 2463 272 2523; x_wconf 86' lang='lat' dir='ltr'><strong>ad</strong></span> <span class='ocrx_word' id='word_1_93' title='bbox 315 2463 417 2539; x_wconf 90' lang='lat' dir='ltr'><strong>id,</strong></span> <span class='ocrx_word' id='word_1_94' title='bbox 450 2468 626 2543; x_wconf 91' lang='lat' dir='ltr'><strong>quod</strong></span> <span class='ocrx_word' id='word_1_95' title='bbox 659 2468 803 2532; x_wconf 88' lang='lat' dir='ltr'><strong>sine</strong></span> <span class='ocrx_word' id='word_1_96' title='bbox 835 2469 1089 2546; x_wconf 81' lang='lat' dir='ltr'><strong>piaculo</strong></span> <span class='ocrx_word' id='word_1_97' title='bbox 1129 2488 1429 2533; x_wconf 88' lang='lat' dir='ltr'><strong>recusare</strong></span> <span class='ocrx_word' id='word_1_98' title='bbox 1467 2471 1567 2532; x_wconf 85' lang='lat' dir='ltr'><strong>vix</strong></span> <span class='ocrx_word' id='word_1_99' title='bbox 1605 2481 1910 2549; x_wconf 86' lang='lat' dir='ltr'><strong>poteram,</strong></span> <span class='ocrx_word' id='word_1_100' title='bbox 1947 2474 2456 2552; x_wconf 82' lang='lat' dir='ltr'><strong>aggrediendum</strong></span> <span class='ocrx_word' id='word_1_101' title='bbox 2496 2480 2783 2563; x_wconf 65' lang='lat' dir='ltr'><strong>animum</strong></span> <span class='ocrx_word' id='word_1_102' title='bbox 2814 2482 3239 2562; x_wconf 87' lang='lat' dir='ltr'><strong>appulissem,</strong></span> <span class='ocrx_word' id='word_1_103' title='bbox 3273 2463 3462 2549; x_wconf 77' lang='lat' dir='ltr'><strong>facile</strong></span> 
     </span>
    </p>
   </div>
   <div class='ocr_carea' id='block_1_19' title="bbox 201 2562 3460 2664">
    <p class='ocr_par' dir='ltr' id='par_1_19' title="bbox 201 2562 3460 2664">
     <span class='ocr_line' id='line_1_19' title="bbox 201 2562 3460 2664; baseline 0.007 -40"><span class='ocrx_word' id='word_1_104' title='bbox 201 2562 534 2639; x_wconf 77' lang='lat' dir='ltr'><strong>intellexi,</strong></span> <span class='ocrx_word' id='word_1_105' title='bbox 567 2569 886 2648; x_wconf 80' lang='lat' dir='ltr'><strong>assumpti</strong></span> <span class='ocrx_word' id='word_1_106' title='bbox 915 2579 1154 2649; x_wconf 84' lang='lat' dir='ltr'><strong>partem</strong></span> <span class='ocrx_word' id='word_1_107' title='bbox 1182 2573 1403 2652; x_wconf 87' lang='lat' dir='ltr'><strong>operis</strong></span> <span class='ocrx_word' id='word_1_108' title='bbox 1434 2589 1580 2634; x_wconf 90' lang='lat' dir='ltr'><strong>esse</strong></span> <span class='ocrx_word' id='word_1_109' title='bbox 1606 2572 1917 2635; x_wconf 85' lang='lat' dir='ltr'><strong>nonnulla</strong></span> <span class='ocrx_word' id='word_1_110' title='bbox 1951 2574 2016 2635; x_wconf 90' lang='lat' dir='ltr'><strong>in</strong></span> <span class='ocrx_word' id='word_1_111' title='bbox 2050 2582 2294 2637; x_wconf 88' lang='lat' dir='ltr'><strong>tomum</strong></span> <span class='ocrx_word' id='word_1_112' title='bbox 2348 2580 2647 2664; x_wconf 88' lang='lat' dir='ltr'><strong>eumdem</strong></span> <span class='ocrx_word' id='word_1_113' title='bbox 2689 2582 2965 2659; x_wconf 64' lang='lat' dir='ltr'><strong>praefari,</strong></span> <span class='ocrx_word' id='word_1_114' title='bbox 3014 2585 3258 2662; x_wconf 85' lang='lat' dir='ltr'><strong>quibus</strong></span> <span class='ocrx_word' id='word_1_115' title='bbox 3307 2603 3460 2664; x_wconf 76' lang='lat' dir='ltr'><strong>cpe-</strong></span> 
     </span>
    </p>
   </div>
   <div class='ocr_carea' id='block_1_20' title="bbox 202 2662 3460 2766">
    <p class='ocr_par' dir='ltr' id='par_1_20' title="bbox 202 2662 3460 2766">
     <span class='ocr_line' id='line_1_20' title="bbox 202 2662 3460 2766; baseline 0.007 -38"><span class='ocrx_word' id='word_1_116' title='bbox 202 2686 372 2740; x_wconf 89' lang='lat' dir='ltr'><strong>rum,</strong></span> <span class='ocrx_word' id='word_1_117' title='bbox 411 2688 577 2748; x_wconf 70' lang='lat' dir='ltr'><strong>quaa-</strong></span> <span class='ocrx_word' id='word_1_118' title='bbox 610 2674 921 2746; x_wconf 86' lang='lat' dir='ltr'><strong>continet,</strong></span> <span class='ocrx_word' id='word_1_119' title='bbox 967 2676 1364 2756; x_wconf 82' lang='lat' dir='ltr'><strong>laborisque,</strong></span> <span class='ocrx_word' id='word_1_120' title='bbox 1406 2694 1601 2757; x_wconf 87' lang='lat' dir='ltr'><strong>quem</strong></span> <span class='ocrx_word' id='word_1_121' title='bbox 1631 2676 1697 2738; x_wconf 92' lang='lat' dir='ltr'><strong>in</strong></span> <span class='ocrx_word' id='word_1_122' title='bbox 1743 2678 1972 2740; x_wconf 90' lang='lat' dir='ltr'><strong>eodem</strong></span> <span class='ocrx_word' id='word_1_123' title='bbox 2020 2679 2370 2759; x_wconf 88' lang='lat' dir='ltr'><strong>insumpsi,</strong></span> <span class='ocrx_word' id='word_1_124' title='bbox 2413 2662 2728 2745; x_wconf 82' lang='lat' dir='ltr'><strong>rationem</strong></span> <span class='ocrx_word' id='word_1_125' title='bbox 2773 2685 3056 2766; x_wconf 87' lang='lat' dir='ltr'><strong>aliquam</strong></span> <span class='ocrx_word' id='word_1_126' title='bbox 3112 2662 3460 2753; x_wconf 80' lang='lat' dir='ltr'><strong>lectoribus</strong></span> 
     </span>
    </p>
   </div>
   <div class='ocr_carea' id='block_1_21' title="bbox 204 2768 3456 2866">
    <p class='ocr_par' dir='ltr' id='par_1_21' title="bbox 204 2768 3456 2866">
     <span class='ocr_line' id='line_1_21' title="bbox 204 2768 3456 2866; baseline 0.007 -39"><span class='ocrx_word' id='word_1_127' title='bbox 204 2768 572 2831; x_wconf 80' lang='lat' dir='ltr'><strong>redderem.</strong></span> <span class='ocrx_word' id='word_1_128' title='bbox 605 2772 743 2847; x_wconf 80' lang='lat' dir='ltr'><strong>Qua</strong></span> <span class='ocrx_word' id='word_1_129' title='bbox 772 2774 832 2835; x_wconf 92' lang='lat' dir='ltr'><strong>in</strong></span> <span class='ocrx_word' id='word_1_130' title='bbox 870 2793 936 2835; x_wconf 89' lang='lat' dir='ltr'><strong>re</strong></span> <span class='ocrx_word' id='word_1_131' title='bbox 964 2774 1123 2837; x_wconf 86' lang='lat' dir='ltr'><strong>illud</strong></span> <span class='ocrx_word' id='word_1_132' title='bbox 1157 2776 1449 2838; x_wconf 88' lang='lat' dir='ltr'><strong>omnium</strong></span> <span class='ocrx_word' id='word_1_133' title='bbox 1482 2777 1688 2854; x_wconf 89' lang='lat' dir='ltr'><strong>primo</strong></span> <span class='ocrx_word' id='word_1_134' title='bbox 1713 2777 2116 2856; x_wconf 85' lang='lat' dir='ltr'><strong>purgandum</strong></span> <span class='ocrx_word' id='word_1_135' title='bbox 2141 2778 2495 2854; x_wconf 83' lang='lat' dir='ltr'><strong>videretur,</strong></span> <span class='ocrx_word' id='word_1_136' title='bbox 2520 2783 2691 2860; x_wconf 90' lang='lat' dir='ltr'><strong>quod</strong></span> <span class='ocrx_word' id='word_1_137' title='bbox 2718 2782 2947 2846; x_wconf 88' lang='lat' dir='ltr'><strong>tertius</strong></span> <span class='ocrx_word' id='word_1_138' title='bbox 2971 2784 3093 2847; x_wconf 90' lang='lat' dir='ltr'><strong>iste</strong></span> <span class='ocrx_word' id='word_1_139' title='bbox 3122 2786 3456 2866; x_wconf 70' lang='lat' dir='ltr'><strong>TheOphy—</strong></span> 
     </span>
    </p>
   </div>
   <div class='ocr_carea' id='block_1_22' title="bbox 205 2869 3459 2966">
    <p class='ocr_par' dir='ltr' id='par_1_22' title="bbox 205 2869 3459 2966">
     <span class='ocr_line' id='line_1_22' title="bbox 205 2869 3459 2966; baseline 0.006 -37"><span class='ocrx_word' id='word_1_140' title='bbox 205 2869 350 2932; x_wconf 87' lang='lat' dir='ltr'><strong>lacti</strong></span> <span class='ocrx_word' id='word_1_141' title='bbox 387 2878 601 2936; x_wconf 89' lang='lat' dir='ltr'><strong>tomus</strong></span> <span class='ocrx_word' id='word_1_142' title='bbox 634 2878 835 2939; x_wconf 86' lang='lat' dir='ltr'><strong>multo</strong></span> <span class='ocrx_word' id='word_1_143' title='bbox 864 2877 1137 2940; x_wconf 82' lang='lat' dir='ltr'><strong>fortasse</strong></span> <span class='ocrx_word' id='word_1_144' title='bbox 1169 2879 1407 2952; x_wconf 86' lang='lat' dir='ltr'><strong>serius,</strong></span> <span class='ocrx_word' id='word_1_145' title='bbox 1446 2895 1639 2957; x_wconf 89' lang='lat' dir='ltr'><strong>quam</strong></span> <span class='ocrx_word' id='word_1_146' title='bbox 1671 2895 1821 2956; x_wconf 84' lang='lat' dir='ltr'><strong>spes</strong></span> <span class='ocrx_word' id='word_1_147' title='bbox 1849 2879 2012 2942; x_wconf 85' lang='lat' dir='ltr'><strong>facta</strong></span> <span class='ocrx_word' id='word_1_148' title='bbox 2039 2879 2301 2955; x_wconf 79' lang='lat' dir='ltr'><strong>fuisset,</strong></span> <span class='ocrx_word' id='word_1_149' title='bbox 2341 2882 2407 2943; x_wconf 89' lang='lat' dir='ltr'><strong>in</strong></span> <span class='ocrx_word' id='word_1_150' title='bbox 2443 2881 2652 2944; x_wconf 88' lang='lat' dir='ltr'><strong>lucem</strong></span> <span class='ocrx_word' id='word_1_151' title='bbox 2693 2902 2867 2948; x_wconf 87' lang='lat' dir='ltr'><strong>nunc</strong></span> <span class='ocrx_word' id='word_1_152' title='bbox 2890 2886 3151 2948; x_wconf 90' lang='lat' dir='ltr'><strong>demum</strong></span> <span class='ocrx_word' id='word_1_153' title='bbox 3186 2887 3459 2966; x_wconf 83' lang='lat' dir='ltr'><strong>profera-</strong></span> 
     </span>
    </p>
   </div>
   <div class='ocr_carea' id='block_1_23' title="bbox 208 2973 3460 3067">
    <p class='ocr_par' dir='ltr' id='par_1_23' title="bbox 208 2973 3460 3067">
     <span class='ocr_line' id='line_1_23' title="bbox 208 2973 3460 3067; baseline 0.006 -37"><span class='ocrx_word' id='word_1_154' title='bbox 208 2978 351 3046; x_wconf 87' lang='lat' dir='ltr'><strong>tur;</strong></span> <span class='ocrx_word' id='word_1_155' title='bbox 409 2973 534 3034; x_wconf 89' lang='lat' dir='ltr'><strong>nisi</strong></span> <span class='ocrx_word' id='word_1_156' title='bbox 575 2993 722 3052; x_wconf 72' lang='lat' dir='ltr'><strong>quae</strong></span> <span class='ocrx_word' id='word_1_157' title='bbox 762 2975 1036 3039; x_wconf 85' lang='lat' dir='ltr'><strong>dicenda</strong></span> <span class='ocrx_word' id='word_1_158' title='bbox 1068 2977 1344 3040; x_wconf 82' lang='lat' dir='ltr'><strong>inferius</strong></span> <span class='ocrx_word' id='word_1_159' title='bbox 1378 2979 1536 3040; x_wconf 90' lang='lat' dir='ltr'><strong>mihi</strong></span> <span class='ocrx_word' id='word_1_160' title='bbox 1569 2988 1746 3053; x_wconf 80' lang='lat' dir='ltr'><strong>sunt,</strong></span> <span class='ocrx_word' id='word_1_161' title='bbox 1797 2980 2014 3042; x_wconf 80' lang='lat' dir='ltr'><strong>labore</strong></span> <span class='ocrx_word' id='word_1_162' title='bbox 2065 2997 2169 3043; x_wconf 85' lang='lat' dir='ltr'><strong>me</strong></span> <span class='ocrx_word' id='word_1_163' title='bbox 2205 2980 2329 3043; x_wconf 92' lang='lat' dir='ltr'><strong>isto</strong></span> <span class='ocrx_word' id='word_1_164' title='bbox 2380 2983 2688 3045; x_wconf 82' lang='lat' dir='ltr'><strong>levarent.</strong></span> <span class='ocrx_word' id='word_1_165' title='bbox 2723 2987 2811 3046; x_wconf 82' lang='lat' dir='ltr'><strong>Ex</strong></span> <span class='ocrx_word' id='word_1_166' title='bbox 2852 2985 2935 3047; x_wconf 90' lang='lat' dir='ltr'><strong>iis</strong></span> <span class='ocrx_word' id='word_1_167' title='bbox 2969 2987 3145 3048; x_wconf 88' lang='lat' dir='ltr'><strong>enim</strong></span> <span class='ocrx_word' id='word_1_168' title='bbox 3201 2987 3460 3067; x_wconf 86' lang='lat' dir='ltr'><strong>planum</strong></span> 
     </span>
    </p>
   </div>
   <div class='ocr_carea' id='block_1_24' title="bbox 204 3073 3463 3168">
    <p class='ocr_par' dir='ltr' id='par_1_24' title="bbox 204 3073 3463 3168">
     <span class='ocr_line' id='line_1_24' title="bbox 204 3073 3463 3168; baseline 0.007 -38"><span class='ocrx_word' id='word_1_169' title='bbox 204 3082 743 3151; x_wconf 83' lang='lat' dir='ltr'><strong>compertumque</strong></span> <span class='ocrx_word' id='word_1_170' title='bbox 776 3073 906 3145; x_wconf 82' lang='lat' dir='ltr'><strong>ﬁet,</strong></span> <span class='ocrx_word' id='word_1_171' title='bbox 928 3075 1179 3137; x_wconf 89' lang='lat' dir='ltr'><strong>nullius</strong></span> <span class='ocrx_word' id='word_1_172' title='bbox 1201 3076 1482 3150; x_wconf 88' lang='lat' dir='ltr'><strong>incuria,</strong></span> <span class='ocrx_word' id='word_1_173' title='bbox 1507 3077 1619 3139; x_wconf 88' lang='lat' dir='ltr'><strong>sed</strong></span> <span class='ocrx_word' id='word_1_174' title='bbox 1652 3077 2011 3141; x_wconf 49' lang='lat' dir='ltr'><strong>rei‘melius</strong></span> <span class='ocrx_word' id='word_1_175' title='bbox 2035 3080 2334 3157; x_wconf 76' lang='lat' dir='ltr'><strong>gerendm</strong></span> <span class='ocrx_word' id='word_1_176' title='bbox 2365 3082 2585 3144; x_wconf 88' lang='lat' dir='ltr'><strong>studio</strong></span> <span class='ocrx_word' id='word_1_177' title='bbox 2619 3099 2859 3145; x_wconf 84' lang='lat' dir='ltr'><strong>moram</strong></span> <span class='ocrx_word' id='word_1_178' title='bbox 2891 3090 3126 3148; x_wconf 84' lang='lat' dir='ltr'><strong>tantam</strong></span> <span class='ocrx_word' id='word_1_179' title='bbox 3165 3087 3463 3168; x_wconf 89' lang='lat' dir='ltr'><strong>injectam</strong></span> 
     </span>
    </p>
   </div>
   <div class='ocr_carea' id='block_1_25' title="bbox 205 3174 3462 3264">
    <p class='ocr_par' dir='ltr' id='par_1_25' title="bbox 205 3174 3462 3264">
     <span class='ocr_line' id='line_1_25' title="bbox 205 3174 3462 3264; baseline 0.005 -28"><span class='ocrx_word' id='word_1_180' title='bbox 205 3174 442 3236; x_wconf 83' lang='lat' dir='ltr'><strong>fuisse.</strong></span> <span class='ocrx_word' id='word_1_181' title='bbox 483 3177 641 3236; x_wconf 89' lang='lat' dir='ltr'><strong>Cum</strong></span> <span class='ocrx_word' id='word_1_182' title='bbox 679 3192 957 3256; x_wconf 85' lang='lat' dir='ltr'><strong>namque</strong></span> <span class='ocrx_word' id='word_1_183' title='bbox 990 3179 1521 3258; x_wconf 72' lang='lat' dir='ltr'><strong>pleraque-Opera</strong></span> <span class='ocrx_word' id='word_1_184' title='bbox 1550 3199 1697 3260; x_wconf 84' lang='lat' dir='ltr'><strong>quae</strong></span> <span class='ocrx_word' id='word_1_185' title='bbox 1725 3182 2030 3245; x_wconf 87' lang='lat' dir='ltr'><strong>volumen</strong></span> <span class='ocrx_word' id='word_1_186' title='bbox 2063 3181 2239 3244; x_wconf 88' lang='lat' dir='ltr'><strong>istud</strong></span> <span class='ocrx_word' id='word_1_187' title='bbox 2272 3182 2747 3262; x_wconf 83' lang='lat' dir='ltr'><strong>complectitur,</strong></span> <span class='ocrx_word' id='word_1_188' title='bbox 2781 3194 2891 3246; x_wconf 84' lang='lat' dir='ltr'><strong>aut</strong></span> <span class='ocrx_word' id='word_1_189' title='bbox 2920 3186 3268 3249; x_wconf 87' lang='lat' dir='ltr'><strong>admodum</strong></span> <span class='ocrx_word' id='word_1_190' title='bbox 3301 3207 3462 3264; x_wconf 85' lang='lat' dir='ltr'><strong>rara,</strong></span> 
     </span>
    </p>
   </div>
   <div class='ocr_carea' id='block_1_26' title="bbox 213 3273 3460 3371">
    <p class='ocr_par' dir='ltr' id='par_1_26' title="bbox 213 3273 3460 3371">
     <span class='ocr_line' id='line_1_26' title="bbox 213 3273 3460 3371; baseline 0.006 -37"><span class='ocrx_word' id='word_1_191' title='bbox 213 3285 327 3335; x_wconf 87' lang='lat' dir='ltr'><strong>aut</strong></span> <span class='ocrx_word' id='word_1_192' title='bbox 362 3273 552 3352; x_wconf 84' lang='lat' dir='ltr'><strong>plane</strong></span> <span class='ocrx_word' id='word_1_193' title='bbox 593 3279 833 3339; x_wconf 83' lang='lat' dir='ltr'><strong>inedita</strong></span> <span class='ocrx_word' id='word_1_194' title='bbox 873 3277 1108 3355; x_wconf 88' lang='lat' dir='ltr'><strong>forent,</strong></span> <span class='ocrx_word' id='word_1_195' title='bbox 1140 3296 1213 3343; x_wconf 88' lang='lat' dir='ltr'><strong>ac</strong></span> <span class='ocrx_word' id='word_1_196' title='bbox 1245 3283 1535 3362; x_wconf 68' lang='lat' dir='ltr'><strong>qumdam</strong></span> <span class='ocrx_word' id='word_1_197' title='bbox 1573 3283 1767 3346; x_wconf 75' lang='lat' dir='ltr'><strong>etiam</strong></span> <span class='ocrx_word' id='word_1_198' title='bbox 1795 3283 2043 3348; x_wconf 81' lang='lat' dir='ltr'><strong>detecta</strong></span> <span class='ocrx_word' id='word_1_199' title='bbox 2098 3287 2569 3361; x_wconf 73' lang='lat' dir='ltr'><strong>recentissima,</strong></span> <span class='ocrx_word' id='word_1_200' title='bbox 2621 3285 2683 3346; x_wconf 81' lang='lat' dir='ltr'><strong>in</strong></span> <span class='ocrx_word' id='word_1_201' title='bbox 2716 3284 2803 3347; x_wconf 92' lang='lat' dir='ltr'><strong>iis</strong></span> <span class='ocrx_word' id='word_1_202' title='bbox 2833 3286 3225 3368; x_wconf 81' lang='lat' dir='ltr'><strong>colligendis</strong></span> <span class='ocrx_word' id='word_1_203' title='bbox 3263 3287 3460 3371; x_wconf 88' lang='lat' dir='ltr'><strong>(quod</strong></span> 
     </span>
    </p>
   </div>
   <div class='ocr_carea' id='block_1_27' title="bbox 210 3379 3461 3471">
    <p class='ocr_par' dir='ltr' id='par_1_27' title="bbox 210 3379 3461 3471">
     <span class='ocr_line' id='line_1_27' title="bbox 210 3379 3461 3471; baseline 0.004 -30"><span class='ocrx_word' id='word_1_204' title='bbox 210 3379 475 3442; x_wconf 84' lang='lat' dir='ltr'><strong>nonnisi</strong></span> <span class='ocrx_word' id='word_1_205' title='bbox 521 3381 729 3443; x_wconf 89' lang='lat' dir='ltr'><strong>aliena</strong></span> <span class='ocrx_word' id='word_1_206' title='bbox 766 3398 958 3461; x_wconf 86' lang='lat' dir='ltr'><strong>epera</strong></span> <span class='ocrx_word' id='word_1_207' title='bbox 996 3385 1283 3463; x_wconf 83' lang='lat' dir='ltr'><strong>praestari</strong></span> <span class='ocrx_word' id='word_1_208' title='bbox 1316 3386 1610 3464; x_wconf 88' lang='lat' dir='ltr'><strong>poterat),</strong></span> <span class='ocrx_word' id='word_1_209' title='bbox 1649 3388 1712 3449; x_wconf 89' lang='lat' dir='ltr'><strong>in</strong></span> <span class='ocrx_word' id='word_1_210' title='bbox 1762 3388 2147 3469; x_wconf 90' lang='lat' dir='ltr'><strong>eisdemque</strong></span> <span class='ocrx_word' id='word_1_211' title='bbox 2176 3389 2253 3451; x_wconf 88' lang='lat' dir='ltr'><strong>ad</strong></span> <span class='ocrx_word' id='word_1_212' title='bbox 2309 3389 2559 3468; x_wconf 84' lang='lat' dir='ltr'><strong>prelum</strong></span> <span class='ocrx_word' id='word_1_213' title='bbox 2612 3391 2915 3468; x_wconf 90' lang='lat' dir='ltr'><strong>parandis</strong></span> <span class='ocrx_word' id='word_1_214' title='bbox 2956 3392 3105 3471; x_wconf 83' lang='lat' dir='ltr'><strong>plus</strong></span> <span class='ocrx_word' id='word_1_215' title='bbox 3150 3395 3461 3471; x_wconf 87' lang='lat' dir='ltr'><strong>temporis</strong></span> 
     </span>
    </p>
   </div>
   <div class='ocr_carea' id='block_1_28' title="bbox 211 3472 3460 3575">
    <p class='ocr_par' dir='ltr' id='par_1_28' title="bbox 211 3472 3460 3575">
     <span class='ocr_line' id='line_1_28' title="bbox 211 3472 3460 3575; baseline 0.003 -32"><span class='ocrx_word' id='word_1_216' title='bbox 211 3483 455 3545; x_wconf 87' lang='lat' dir='ltr'><strong>insumi</strong></span> <span class='ocrx_word' id='word_1_217' title='bbox 493 3486 1001 3575; x_wconf 75' lang='lat' dir='ltr'><strong>Oportuitquam</strong></span> <span class='ocrx_word' id='word_1_218' title='bbox 1052 3488 1416 3566; x_wconf 86' lang='lat' dir='ltr'><strong>putabatur.</strong></span> <span class='ocrx_word' id='word_1_219' title='bbox 1462 3490 1734 3553; x_wconf 84' lang='lat' dir='ltr'><strong>Necesse</strong></span> <span class='ocrx_word' id='word_1_220' title='bbox 1770 3490 1987 3570; x_wconf 81' lang='lat' dir='ltr'><strong>itaque</strong></span> <span class='ocrx_word' id='word_1_221' title='bbox 2025 3489 2150 3553; x_wconf 83' lang='lat' dir='ltr'><strong>fuit</strong></span> <span class='ocrx_word' id='word_1_222' title='bbox 2201 3500 2470 3568; x_wconf 75' lang='lat' dir='ltr'><strong>coeptam</strong></span> <span class='ocrx_word' id='word_1_223' title='bbox 2518 3490 2670 3552; x_wconf 86' lang='lat' dir='ltr'><strong>temi</strong></span> <span class='ocrx_word' id='word_1_224' title='bbox 2718 3490 2913 3568; x_wconf 84' lang='lat' dir='ltr'><strong>hujus</strong></span> <span class='ocrx_word' id='word_1_225' title='bbox 2964 3492 3460 3572; x_wconf 79' lang='lat' dir='ltr'><strong>impressionem</strong></span> 
     </span>
    </p>
   </div>
   <div class='ocr_carea' id='block_1_29' title="bbox 211 3584 3458 3670">
    <p class='ocr_par' dir='ltr' id='par_1_29' title="bbox 211 3584 3458 3670">
     <span class='ocr_line' id='line_1_29' title="bbox 211 3584 3458 3670; baseline 0.002 -27"><span class='ocrx_word' id='word_1_226' title='bbox 211 3584 603 3664; x_wconf 86' lang='lat' dir='ltr'><strong>aliquandiu</strong></span> <span class='ocrx_word' id='word_1_227' title='bbox 635 3586 1087 3650; x_wconf 81' lang='lat' dir='ltr'><strong>intermittere.</strong></span> <span class='ocrx_word' id='word_1_228' title='bbox 1128 3592 1366 3650; x_wconf 82' lang='lat' dir='ltr'><strong>Verum</strong></span> <span class='ocrx_word' id='word_1_229' title='bbox 1406 3607 1484 3651; x_wconf 90' lang='lat' dir='ltr'><strong>ne</strong></span> <span class='ocrx_word' id='word_1_230' title='bbox 1526 3590 1786 3651; x_wconf 81' lang='lat' dir='ltr'><strong>interim</strong></span> <span class='ocrx_word' id='word_1_231' title='bbox 1814 3608 1919 3653; x_wconf 85' lang='lat' dir='ltr'><strong>res</strong></span> <span class='ocrx_word' id='word_1_232' title='bbox 1947 3590 2216 3653; x_wconf 73' lang='lat' dir='ltr'><strong>eninino</strong></span> <span class='ocrx_word' id='word_1_233' title='bbox 2251 3590 2780 3670; x_wconf 82' lang='lat' dir='ltr'><strong>et-undequaque</strong></span> <span class='ocrx_word' id='word_1_234' title='bbox 2806 3609 3125 3670; x_wconf 84' lang='lat' dir='ltr'><strong>suspensa</strong></span> <span class='ocrx_word' id='word_1_235' title='bbox 3152 3602 3458 3665; x_wconf 80' lang='lat' dir='ltr'><strong>maneret,</strong></span> 
     </span>
    </p>
   </div>
   <div class='ocr_carea' id='block_1_30' title="bbox 211 3684 3459 3771">
    <p class='ocr_par' dir='ltr' id='par_1_30' title="bbox 211 3684 3459 3771">
     <span class='ocr_line' id='line_1_30' title="bbox 211 3684 3459 3771; baseline 0.001 -24"><span class='ocrx_word' id='word_1_236' title='bbox 211 3693 273 3747; x_wconf 84' lang='lat' dir='ltr'><strong>et</strong></span> <span class='ocrx_word' id='word_1_237' title='bbox 316 3698 397 3747; x_wconf 85' lang='lat' dir='ltr'><strong>ne</strong></span> <span class='ocrx_word' id='word_1_238' title='bbox 437 3684 583 3763; x_wconf 85' lang='lat' dir='ltr'><strong>plus</strong></span> <span class='ocrx_word' id='word_1_239' title='bbox 611 3703 800 3765; x_wconf 61' lang='lat' dir='ltr'><strong>asque</strong></span> <span class='ocrx_word' id='word_1_240' title='bbox 831 3688 1275 3750; x_wconf 84' lang='lat' dir='ltr'><strong>studiosorum</strong></span> <span class='ocrx_word' id='word_1_241' title='bbox 1309 3689 1643 3751; x_wconf 83' lang='lat' dir='ltr'><strong>hominum</strong></span> <span class='ocrx_word' id='word_1_242' title='bbox 1677 3690 2093 3769; x_wconf 78' lang='lat' dir='ltr'><strong>exspectatio</strong></span> <span class='ocrx_word' id='word_1_243' title='bbox 2107 3689 2600 3768; x_wconf 69' lang='lat' dir='ltr'><strong>produceretur,</strong></span> <span class='ocrx_word' id='word_1_244' title='bbox 2632 3691 2903 3752; x_wconf 81' lang='lat' dir='ltr'><strong>solertes</strong></span> <span class='ocrx_word' id='word_1_245' title='bbox 2932 3692 3237 3753; x_wconf 79' lang='lat' dir='ltr'><strong>editionis</strong></span> <span class='ocrx_word' id='word_1_246' title='bbox 3268 3691 3459 3771; x_wconf 81' lang='lat' dir='ltr'><strong>hujus</strong></span> 
     </span>
    </p>
   </div>
   <div class='ocr_carea' id='block_1_31' title="bbox 214 3792 3459 3876">
    <p class='ocr_par' dir='ltr' id='par_1_31' title="bbox 214 3792 3459 3876">
     <span class='ocr_line' id='line_1_31' title="bbox 214 3792 3459 3876; baseline 0.001 -27"><span class='ocrx_word' id='word_1_247' title='bbox 214 3794 550 3849; x_wconf 85' lang='lat' dir='ltr'><strong>curatores</strong></span> <span class='ocrx_word' id='word_1_248' title='bbox 589 3794 832 3849; x_wconf 90' lang='lat' dir='ltr'><strong>tomum</strong></span> <span class='ocrx_word' id='word_1_249' title='bbox 865 3798 1195 3869; x_wconf 86' lang='lat' dir='ltr'><strong>quartum,</strong></span> <span class='ocrx_word' id='word_1_250' title='bbox 1222 3792 1338 3872; x_wconf 88' lang='lat' dir='ltr'><strong>qui</strong></span> <span class='ocrx_word' id='word_1_251' title='bbox 1370 3800 1432 3855; x_wconf 89' lang='lat' dir='ltr'><strong>et</strong></span> <span class='ocrx_word' id='word_1_252' title='bbox 1473 3794 1743 3856; x_wconf 89' lang='lat' dir='ltr'><strong>ultimus</strong></span> <span class='ocrx_word' id='word_1_253' title='bbox 1780 3794 1945 3867; x_wconf 61' lang='lat' dir='ltr'><strong>erit,</strong></span> <span class='ocrx_word' id='word_1_254' title='bbox 1982 3794 2160 3873; x_wconf 81' lang='lat' dir='ltr'><strong>prelo</strong></span> <span class='ocrx_word' id='word_1_255' title='bbox 2185 3795 2669 3876; x_wconf 80' lang='lat' dir='ltr'><strong>subjiciendum</strong></span> <span class='ocrx_word' id='word_1_256' title='bbox 2698 3801 3027 3869; x_wconf 64' lang='lat' dir='ltr'><strong>curarunt;</strong></span> <span class='ocrx_word' id='word_1_257' title='bbox 3085 3802 3173 3855; x_wconf 54' lang='lat' dir='ltr'><strong>ut»</strong></span> <span class='ocrx_word' id='word_1_258' title='bbox 3191 3810 3325 3872; x_wconf 81' lang='lat' dir='ltr'><strong>quo</strong></span> <span class='ocrx_word' id='word_1_259' title='bbox 3353 3812 3459 3854; x_wconf 85' lang='lat' dir='ltr'><strong>se—</strong></span> 
     </span>
    </p>
   </div>
   <div class='ocr_carea' id='block_1_32' title="bbox 217 3897 3461 3979">
    <p class='ocr_par' dir='ltr' id='par_1_32' title="bbox 217 3897 3461 3979">
     <span class='ocr_line' id='line_1_32' title="bbox 217 3897 3461 3979; baseline -0 -20"><span class='ocrx_word' id='word_1_260' title='bbox 217 3900 355 3961; x_wconf 87' lang='lat' dir='ltr'><strong>rius</strong></span> <span class='ocrx_word' id='word_1_261' title='bbox 385 3897 666 3959; x_wconf 83' lang='lat' dir='ltr'><strong>studiosi</strong></span> <span class='ocrx_word' id='word_1_262' title='bbox 695 3898 959 3961; x_wconf 86' lang='lat' dir='ltr'><strong>tertium</strong></span> <span class='ocrx_word' id='word_1_263' title='bbox 987 3901 1185 3961; x_wconf 90' lang='lat' dir='ltr'><strong>istum</strong></span> <span class='ocrx_word' id='word_1_264' title='bbox 1216 3899 1571 3979; x_wconf 88' lang='lat' dir='ltr'><strong>accipiunt,</strong></span> <span class='ocrx_word' id='word_1_265' title='bbox 1596 3917 1677 3963; x_wconf 86' lang='lat' dir='ltr'><strong>eo</strong></span> <span class='ocrx_word' id='word_1_266' title='bbox 1704 3899 2189 3963; x_wconf 67' lang='lat' dir='ltr'><strong>maturiussint</strong></span> <span class='ocrx_word' id='word_1_267' title='bbox 2222 3908 2462 3962; x_wconf 85' lang='lat' dir='ltr'><strong>tomum</strong></span> <span class='ocrx_word' id='word_1_268' title='bbox 2500 3900 2801 3962; x_wconf 66' lang='lat' dir='ltr'><strong>ultimum</strong></span> <span class='ocrx_word' id='word_1_269' title='bbox 2824 3898 3221 3975; x_wconf 81' lang='lat' dir='ltr'><strong>.accepturi:</strong></span> <span class='ocrx_word' id='word_1_270' title='bbox 3271 3898 3461 3976; x_wconf 84' lang='lat' dir='ltr'><strong>cujus</strong></span> 
     </span>
    </p>
   </div>
   <div class='ocr_carea' id='block_1_33' title="bbox 217 3997 3461 4083">
    <p class='ocr_par' dir='ltr' id='par_1_33' title="bbox 217 3997 3461 4083">
     <span class='ocr_line' id='line_1_33' title="bbox 217 3997 3461 4083; baseline -0.001 -19"><span class='ocrx_word' id='word_1_271' title='bbox 217 4019 363 4064; x_wconf 88' lang='lat' dir='ltr'><strong>cum</strong></span> <span class='ocrx_word' id='word_1_272' title='bbox 394 3999 743 4078; x_wconf 87' lang='lat' dir='ltr'><strong>impressio</strong></span> <span class='ocrx_word' id='word_1_273' title='bbox 775 4004 1049 4065; x_wconf 88' lang='lat' dir='ltr'><strong>multum</strong></span> <span class='ocrx_word' id='word_1_274' title='bbox 1079 4002 1709 4083; x_wconf 68' lang='lat' dir='ltr'><strong>progressajamsit,</strong></span> <span class='ocrx_word' id='word_1_275' title='bbox 1738 4000 2029 4080; x_wconf 87' lang='lat' dir='ltr'><strong>polliceri</strong></span> <span class='ocrx_word' id='word_1_276' title='bbox 2068 4009 2646 4080; x_wconf 59' lang='lat' dir='ltr'><strong>cet&#39;tdpossumus,</strong></span> <span class='ocrx_word' id='word_1_277' title='bbox 2698 4018 2846 4063; x_wconf 82' lang='lat' dir='ltr'><strong>eum</strong></span> <span class='ocrx_word' id='word_1_278' title='bbox 2916 3997 3142 4079; x_wconf 80' lang='lat' dir='ltr'><strong>paucis</strong></span> <span class='ocrx_word' id='word_1_279' title='bbox 3192 3998 3461 4075; x_wconf 86' lang='lat' dir='ltr'><strong>posthac</strong></span> 
     </span>
    </p>
   </div>
   <div class='ocr_carea' id='block_1_34' title="bbox 221 4098 3458 4180">
    <p class='ocr_par' dir='ltr' id='par_1_34' title="bbox 221 4098 3458 4180">
     <span class='ocr_line' id='line_1_34' title="bbox 221 4098 3458 4180; baseline 0 -20"><span class='ocrx_word' id='word_1_280' title='bbox 221 4103 559 4176; x_wconf 77' lang='lat' dir='ltr'><strong>mensist</strong></span> <span class='ocrx_word' id='word_1_281' title='bbox 592 4101 1000 4180; x_wconf 83' lang='lat' dir='ltr'><strong>proditurum</strong></span> <span class='ocrx_word' id='word_1_282' title='bbox 1045 4102 1113 4164; x_wconf 90' lang='lat' dir='ltr'><strong>in</strong></span> <span class='ocrx_word' id='word_1_283' title='bbox 1147 4104 1380 4166; x_wconf 78' lang='lat' dir='ltr'><strong>lucem.</strong></span> <span class='ocrx_word' id='word_1_284' title='bbox 1420 4105 1625 4179; x_wconf 89' lang='lat' dir='ltr'><strong>Quam</strong></span> <span class='ocrx_word' id='word_1_285' title='bbox 1656 4119 1812 4165; x_wconf 89' lang='lat' dir='ltr'><strong>sane</strong></span> <span class='ocrx_word' id='word_1_286' title='bbox 1841 4102 2103 4165; x_wconf 86' lang='lat' dir='ltr'><strong>brevem</strong></span> <span class='ocrx_word' id='word_1_287' title='bbox 2140 4102 2517 4165; x_wconf 86' lang='lat' dir='ltr'><strong>dilationem</strong></span> <span class='ocrx_word' id='word_1_288' title='bbox 2555 4120 2632 4164; x_wconf 89' lang='lat' dir='ltr'><strong>eo</strong></span> <span class='ocrx_word' id='word_1_289' title='bbox 2667 4101 2952 4180; x_wconf 74' lang='lat' dir='ltr'><strong>mquiore</strong></span> <span class='ocrx_word' id='word_1_290' title='bbox 2983 4098 3458 4161; x_wconf 83' lang='lat' dir='ltr'><strong>animotolera-</strong></span> 
     </span>
    </p>
   </div>
   <div class='ocr_carea' id='block_1_35' title="bbox 220 4200 3461 4282">
    <p class='ocr_par' dir='ltr' id='par_1_35' title="bbox 220 4200 3461 4282">
     <span class='ocr_line' id='line_1_35' title="bbox 220 4200 3461 4282; baseline -0 -21"><span class='ocrx_word' id='word_1_291' title='bbox 220 4202 312 4262; x_wconf 85' lang='lat' dir='ltr'><strong>bit</strong></span> <span class='ocrx_word' id='word_1_292' title='bbox 341 4200 699 4264; x_wconf 85' lang='lat' dir='ltr'><strong>benevolus</strong></span> <span class='ocrx_word' id='word_1_293' title='bbox 728 4201 954 4276; x_wconf 87' lang='lat' dir='ltr'><strong>lector,</strong></span> <span class='ocrx_word' id='word_1_294' title='bbox 999 4219 1131 4276; x_wconf 89' lang='lat' dir='ltr'><strong>quo</strong></span> <span class='ocrx_word' id='word_1_295' title='bbox 1175 4203 1479 4282; x_wconf 80' lang='lat' dir='ltr'><strong>majorem</strong></span> <span class='ocrx_word' id='word_1_296' title='bbox 1507 4210 1604 4266; x_wconf 90' lang='lat' dir='ltr'><strong>est</strong></span> <span class='ocrx_word' id='word_1_297' title='bbox 1641 4220 1719 4265; x_wconf 77' lang='lat' dir='ltr'><strong>ex</strong></span> <span class='ocrx_word' id='word_1_298' title='bbox 1750 4202 1945 4282; x_wconf 87' lang='lat' dir='ltr'><strong>hujus</strong></span> <span class='ocrx_word' id='word_1_299' title='bbox 1977 4202 2336 4266; x_wconf 75' lang='lat' dir='ltr'><strong>voluminis</strong></span> <span class='ocrx_word' id='word_1_300' title='bbox 2367 4201 2649 4264; x_wconf 86' lang='lat' dir='ltr'><strong>lectione</strong></span> <span class='ocrx_word' id='word_1_301' title='bbox 2689 4202 3086 4281; x_wconf 80' lang='lat' dir='ltr'><strong>voluptatem</strong></span> <span class='ocrx_word' id='word_1_302' title='bbox 3122 4205 3461 4277; x_wconf 88' lang='lat' dir='ltr'><strong>pereeptu-</strong></span> 
     </span>
    </p>
   </div>
   <div class='ocr_carea' id='block_1_36' title="bbox 220 4301 3460 4382">
    <p class='ocr_par' dir='ltr' id='par_1_36' title="bbox 220 4301 3460 4382">
     <span class='ocr_line' id='line_1_36' title="bbox 220 4301 3460 4382; baseline -0.001 -18"><span class='ocrx_word' id='word_1_303' title='bbox 220 4321 331 4365; x_wconf 91' lang='lat' dir='ltr'><strong>rus</strong></span> <span class='ocrx_word' id='word_1_304' title='bbox 387 4322 534 4368; x_wconf 90' lang='lat' dir='ltr'><strong>cum</strong></span> <span class='ocrx_word' id='word_1_305' title='bbox 586 4313 669 4368; x_wconf 93' lang='lat' dir='ltr'><strong>ob</strong></span> <span class='ocrx_word' id='word_1_306' title='bbox 714 4304 1037 4369; x_wconf 78' lang='lat' dir='ltr'><strong>eximiam&#39;</strong></span> <span class='ocrx_word' id='word_1_307' title='bbox 1071 4321 1341 4382; x_wconf 82' lang='lat' dir='ltr'><strong>cperam</strong></span> <span class='ocrx_word' id='word_1_308' title='bbox 1390 4304 1456 4366; x_wconf 91' lang='lat' dir='ltr'><strong>in</strong></span> <span class='ocrx_word' id='word_1_309' title='bbox 1508 4322 1587 4367; x_wconf 90' lang='lat' dir='ltr'><strong>eo</strong></span> <span class='ocrx_word' id='word_1_310' title='bbox 1639 4308 2091 4369; x_wconf 78' lang='lat' dir='ltr'><strong>contentorum</strong></span> <span class='ocrx_word' id='word_1_311' title='bbox 2150 4302 2606 4379; x_wconf 64' lang='lat' dir='ltr'><strong>praestantiam,</strong></span> <span class='ocrx_word' id='word_1_312' title='bbox 2652 4308 2789 4364; x_wconf 82' lang='lat' dir='ltr'><strong>tum</strong></span> <span class='ocrx_word' id='word_1_313' title='bbox 2842 4310 3098 4381; x_wconf 78' lang='lat' dir='ltr'><strong>propter</strong></span> <span class='ocrx_word' id='word_1_314' title='bbox 3137 4301 3460 4381; x_wconf 82' lang='lat' dir='ltr'><strong>insignem</strong></span> 
     </span>
    </p>
   </div>
   <div class='ocr_carea' id='block_1_37' title="bbox 220 4402 3460 4483">
    <p class='ocr_par' dir='ltr' id='par_1_37' title="bbox 220 4402 3460 4483">
     <span class='ocr_line' id='line_1_37' title="bbox 220 4402 3460 4483; baseline -0.001 -19"><span class='ocrx_word' id='word_1_315' title='bbox 220 4405 600 4467; x_wconf 85' lang='lat' dir='ltr'><strong>earumdem</strong></span> <span class='ocrx_word' id='word_1_316' title='bbox 633 4405 1185 4483; x_wconf 60' lang='lat' dir='ltr'><strong>varietatem,qua</strong></span> <span class='ocrx_word' id='word_1_317' title='bbox 1222 4404 1569 4481; x_wconf 74' lang='lat' dir='ltr'><strong>prmsertim</strong></span> <span class='ocrx_word' id='word_1_318' title='bbox 1603 4404 1713 4477; x_wconf 86' lang='lat' dir='ltr'><strong>iis,</strong></span> <span class='ocrx_word' id='word_1_319' title='bbox 1753 4402 1865 4482; x_wconf 86' lang='lat' dir='ltr'><strong>qui</strong></span> <span class='ocrx_word' id='word_1_320' title='bbox 1898 4402 2028 4479; x_wconf 88' lang='lat' dir='ltr'><strong>jam</strong></span> <span class='ocrx_word' id='word_1_321' title='bbox 2061 4403 2219 4463; x_wconf 83' lang='lat' dir='ltr'><strong>editi</strong></span> <span class='ocrx_word' id='word_1_322' title='bbox 2267 4410 2443 4473; x_wconf 75' lang='lat' dir='ltr'><strong>sunt,</strong></span> <span class='ocrx_word' id='word_1_323' title='bbox 2498 4410 2708 4463; x_wconf 84' lang='lat' dir='ltr'><strong>tomus</strong></span> <span class='ocrx_word' id='word_1_324' title='bbox 2743 4403 2867 4463; x_wconf 88' lang='lat' dir='ltr'><strong>iste</strong></span> <span class='ocrx_word' id='word_1_325' title='bbox 2918 4402 3247 4480; x_wconf 69' lang='lat' dir='ltr'><strong>praecellit.</strong></span> <span class='ocrx_word' id='word_1_326' title='bbox 3300 4404 3460 4464; x_wconf 87' lang='lat' dir='ltr'><strong>Cum</strong></span> 
     </span>
    </p>
   </div>
   <div class='ocr_carea' id='block_1_38' title="bbox 220 4502 3460 4588">
    <p class='ocr_par' dir='ltr' id='par_1_38' title="bbox 220 4502 3460 4588">
     <span class='ocr_line' id='line_1_38' title="bbox 220 4502 3460 4588; baseline -0.001 -24"><span class='ocrx_word' id='word_1_327' title='bbox 220 4504 392 4568; x_wconf 85' lang='lat' dir='ltr'><strong>enim</strong></span> <span class='ocrx_word' id='word_1_328' title='bbox 424 4507 744 4588; x_wconf 74' lang='lat' dir='ltr'><strong>cxcgctica</strong></span> <span class='ocrx_word' id='word_1_329' title='bbox 774 4505 872 4568; x_wconf 91' lang='lat' dir='ltr'><strong>illi</strong></span> <span class='ocrx_word' id='word_1_330' title='bbox 904 4514 1153 4567; x_wconf 87' lang='lat' dir='ltr'><strong>tantum</strong></span> <span class='ocrx_word' id='word_1_331' title='bbox 1186 4521 1379 4582; x_wconf 85' lang='lat' dir='ltr'><strong>Opera</strong></span> <span class='ocrx_word' id='word_1_332' title='bbox 1409 4507 1776 4578; x_wconf 73' lang='lat' dir='ltr'><strong>exhibeant,</strong></span> <span class='ocrx_word' id='word_1_333' title='bbox 1839 4502 1945 4564; x_wconf 92' lang='lat' dir='ltr'><strong>hic</strong></span> <span class='ocrx_word' id='word_1_334' title='bbox 1971 4511 2032 4564; x_wconf 89' lang='lat' dir='ltr'><strong>et</strong></span> <span class='ocrx_word' id='word_1_335' title='bbox 2069 4503 2412 4581; x_wconf 70' lang='lat' dir='ltr'><strong>cxcgctica,</strong></span> <span class='ocrx_word' id='word_1_336' title='bbox 2447 4510 2507 4563; x_wconf 89' lang='lat' dir='ltr'><strong>et</strong></span> <span class='ocrx_word' id='word_1_337' title='bbox 2539 4502 2845 4570; x_wconf 55' lang='lat' dir='ltr'><strong>oratoria,</strong></span> <span class='ocrx_word' id='word_1_338' title='bbox 2886 4509 2948 4563; x_wconf 92' lang='lat' dir='ltr'><strong>et</strong></span> <span class='ocrx_word' id='word_1_339' title='bbox 2974 4518 3180 4572; x_wconf 84' lang='lat' dir='ltr'><strong>sacra,</strong></span> <span class='ocrx_word' id='word_1_340' title='bbox 3208 4506 3270 4562; x_wconf 93' lang='lat' dir='ltr'><strong>et</strong></span> <span class='ocrx_word' id='word_1_341' title='bbox 3302 4519 3460 4579; x_wconf 87' lang='lat' dir='ltr'><strong>pro-</strong></span> 
     </span>
    </p>
   </div>
   <div class='ocr_carea' id='block_1_39' title="bbox 223 4600 3461 4691">
    <p class='ocr_par' dir='ltr' id='par_1_39' title="bbox 223 4600 3461 4691">
     <span class='ocr_line' id='line_1_39' title="bbox 223 4600 3461 4691; baseline -0.001 -23"><span class='ocrx_word' id='word_1_342' title='bbox 223 4613 395 4689; x_wconf 81' lang='lat' dir='ltr'><strong>fana,</strong></span> <span class='ocrx_word' id='word_1_343' title='bbox 430 4620 492 4674; x_wconf 89' lang='lat' dir='ltr'><strong>et</strong></span> <span class='ocrx_word' id='word_1_344' title='bbox 521 4612 852 4683; x_wconf 81' lang='lat' dir='ltr'><strong>historica,</strong></span> <span class='ocrx_word' id='word_1_345' title='bbox 879 4615 940 4671; x_wconf 90' lang='lat' dir='ltr'><strong>et</strong></span> <span class='ocrx_word' id='word_1_346' title='bbox 958 4607 1269 4691; x_wconf 70' lang='lat' dir='ltr'><strong>politico,</strong></span> <span class='ocrx_word' id='word_1_347' title='bbox 1293 4612 1355 4666; x_wconf 86' lang='lat' dir='ltr'><strong>et</strong></span> <span class='ocrx_word' id='word_1_348' title='bbox 1383 4605 1936 4685; x_wconf 73' lang='lat' dir='ltr'><strong>dogmatica-haud</strong></span> <span class='ocrx_word' id='word_1_349' title='bbox 1968 4603 2328 4685; x_wconf 80' lang='lat' dir='ltr'><strong>injucunda</strong></span> <span class='ocrx_word' id='word_1_350' title='bbox 2359 4618 2513 4664; x_wconf 88' lang='lat' dir='ltr'><strong>sane</strong></span> <span class='ocrx_word' id='word_1_351' title='bbox 2542 4600 2960 4680; x_wconf 85' lang='lat' dir='ltr'><strong>permistione</strong></span> <span class='ocrx_word' id='word_1_352' title='bbox 2989 4601 3461 4679; x_wconf 86' lang='lat' dir='ltr'><strong>complectitur,</strong></span> 
     </span>
    </p>
   </div>
   <div class='ocr_carea' id='block_1_40' title="bbox 226 4698 3462 4785">
    <p class='ocr_par' dir='ltr' id='par_1_40' title="bbox 226 4698 3462 4785">
     <span class='ocr_line' id='line_1_40' title="bbox 226 4698 3462 4785; baseline -0.002 -16"><span class='ocrx_word' id='word_1_353' title='bbox 226 4715 292 4769; x_wconf 89' lang='lat' dir='ltr'><strong>ut</strong></span> <span class='ocrx_word' id='word_1_354' title='bbox 326 4717 496 4785; x_wconf 88' lang='lat' dir='ltr'><strong>patet</strong></span> <span class='ocrx_word' id='word_1_355' title='bbox 535 4725 615 4768; x_wconf 76' lang='lat' dir='ltr'><strong>ex</strong></span> <span class='ocrx_word' id='word_1_356' title='bbox 645 4708 935 4783; x_wconf 88' lang='lat' dir='ltr'><strong>ipsorum</strong></span> <span class='ocrx_word' id='word_1_357' title='bbox 969 4724 1240 4783; x_wconf 74' lang='lat' dir='ltr'><strong>operum</strong></span> <span class='ocrx_word' id='word_1_358' title='bbox 1275 4702 1587 4784; x_wconf 80' lang='lat' dir='ltr'><strong>catalogo.</strong></span> <span class='ocrx_word' id='word_1_359' title='bbox 1621 4705 1737 4783; x_wconf 89' lang='lat' dir='ltr'><strong>qui</strong></span> <span class='ocrx_word' id='word_1_360' title='bbox 1768 4721 2053 4785; x_wconf 88' lang='lat' dir='ltr'><strong>sequens</strong></span> <span class='ocrx_word' id='word_1_361' title='bbox 2091 4709 2214 4766; x_wconf 88' lang='lat' dir='ltr'><strong>est.</strong></span> <span class='ocrx_word' id='word_1_362' title='bbox 2245 4703 2291 4762; x_wconf 94' lang='lat' dir='ltr'><strong>I.</strong></span> <span class='ocrx_word' id='word_1_363' title='bbox 2326 4700 2835 4764; x_wconf 81' lang='lat' dir='ltr'><strong>Commentarius-</strong></span> <span class='ocrx_word' id='word_1_364' title='bbox 2857 4700 2926 4761; x_wconf 89' lang='lat' dir='ltr'><strong>in</strong></span> <span class='ocrx_word' id='word_1_365' title='bbox 2952 4698 3112 4761; x_wconf 77' lang='lat' dir='ltr'><strong>Acta</strong></span> <span class='ocrx_word' id='word_1_366' title='bbox 3137 4699 3462 4780; x_wconf 84' lang='lat' dir='ltr'><strong>apostolo-</strong></span> 
     </span>
    </p>
   </div>
   <div class='ocr_carea' id='block_1_41' title="bbox 223 4801 3463 4878">
    <p class='ocr_par' dir='ltr' id='par_1_41' title="bbox 223 4801 3463 4878">
     <span class='ocr_line' id='line_1_41' title="bbox 223 4801 3463 4878; baseline -0 -11"><span class='ocrx_word' id='word_1_367' title='bbox 223 4826 385 4878; x_wconf 81' lang='lat' dir='ltr'><strong>rum,</strong></span> <span class='ocrx_word' id='word_1_368' title='bbox 417 4807 631 4867; x_wconf 88' lang='lat' dir='ltr'><strong>editus</strong></span> <span class='ocrx_word' id='word_1_369' title='bbox 667 4806 826 4866; x_wconf 88' lang='lat' dir='ltr'><strong>olim</strong></span> <span class='ocrx_word' id='word_1_370' title='bbox 861 4823 895 4866; x_wconf 93' lang='lat' dir='ltr'><strong>a</strong></span> <span class='ocrx_word' id='word_1_371' title='bbox 928 4805 1171 4867; x_wconf 74' lang='lat' dir='ltr'><strong>Sifano.</strong></span> <span class='ocrx_word' id='word_1_372' title='bbox 1202 4807 1278 4866; x_wconf 89' lang='lat' dir='ltr'><strong>Il.</strong></span> <span class='ocrx_word' id='word_1_373' title='bbox 1308 4805 1489 4866; x_wconf 81' lang='lat' dir='ltr'><strong>Alter</strong></span> <span class='ocrx_word' id='word_1_374' title='bbox 1520 4804 1586 4866; x_wconf 84' lang='lat' dir='ltr'><strong>in</strong></span> <span class='ocrx_word' id='word_1_375' title='bbox 1620 4805 1844 4867; x_wconf 87' lang='lat' dir='ltr'><strong>eadem</strong></span> <span class='ocrx_word' id='word_1_376' title='bbox 1881 4806 2033 4867; x_wconf 86' lang='lat' dir='ltr'><strong>Acta</strong></span> <span class='ocrx_word' id='word_1_377' title='bbox 2063 4803 2820 4867; x_wconf 70' lang='lat' dir='ltr'><strong>Commentariusrecens</strong></span> <span class='ocrx_word' id='word_1_378' title='bbox 2851 4810 3075 4866; x_wconf 87' lang='lat' dir='ltr'><strong>erutus</strong></span> <span class='ocrx_word' id='word_1_379' title='bbox 3112 4820 3192 4864; x_wconf 81' lang='lat' dir='ltr'><strong>ex</strong></span> <span class='ocrx_word' id='word_1_380' title='bbox 3223 4801 3463 4866; x_wconf 88' lang='lat' dir='ltr'><strong>biblio-</strong></span> 
     </span>
    </p>
   </div>
   <div class='ocr_carea' id='block_1_42' title="bbox 229 4894 3464 4984">
    <p class='ocr_par' dir='ltr' id='par_1_42' title="bbox 229 4894 3464 4984">
     <span class='ocr_line' id='line_1_42' title="bbox 229 4894 3464 4984; baseline -0.001 -17"><span class='ocrx_word' id='word_1_381' title='bbox 229 4907 405 4971; x_wconf 86' lang='lat' dir='ltr'><strong>theca</strong></span> <span class='ocrx_word' id='word_1_382' title='bbox 437 4909 759 4969; x_wconf 77' lang='lat' dir='ltr'><strong>Vaucaua.</strong></span> <span class='ocrx_word' id='word_1_383' title='bbox 794 4906 907 4967; x_wconf 91' lang='lat' dir='ltr'><strong>IlI.</strong></span> <span class='ocrx_word' id='word_1_384' title='bbox 930 4905 1443 4968; x_wconf 78' lang='lat' dir='ltr'><strong>Commentarius</strong></span> <span class='ocrx_word' id='word_1_385' title='bbox 1459 4907 1529 4966; x_wconf 87' lang='lat' dir='ltr'><strong>in</strong></span> <span class='ocrx_word' id='word_1_386' title='bbox 1553 4905 1880 4984; x_wconf 74' lang='lat' dir='ltr'><strong>Epistolas</strong></span> <span class='ocrx_word' id='word_1_387' title='bbox 1920 4905 2301 4969; x_wconf 76' lang='lat' dir='ltr'><strong>Catholicas.</strong></span> <span class='ocrx_word' id='word_1_388' title='bbox 2336 4905 2444 4966; x_wconf 91' lang='lat' dir='ltr'><strong>IV.</strong></span> <span class='ocrx_word' id='word_1_389' title='bbox 2475 4902 2698 4966; x_wconf 73' lang='lat' dir='ltr'><strong>Omtio</strong></span> <span class='ocrx_word' id='word_1_390' title='bbox 2734 4905 2806 4966; x_wconf 78' lang='lat' dir='ltr'><strong>in</strong></span> <span class='ocrx_word' id='word_1_391' title='bbox 2853 4894 3293 4967; x_wconf 80' lang='lat' dir='ltr'><strong>adorationcm</strong></span> <span class='ocrx_word' id='word_1_392' title='bbox 3314 4922 3464 4966; x_wconf 81' lang='lat' dir='ltr'><strong>cru-</strong></span> 
     </span>
    </p>
   </div>
   <div class='ocr_carea' id='block_1_43' title="bbox 225 5002 3464 5086">
    <p class='ocr_par' dir='ltr' id='par_1_43' title="bbox 225 5002 3464 5086">
     <span class='ocr_line' id='line_1_43' title="bbox 225 5002 3464 5086; baseline -0.002 -17"><span class='ocrx_word' id='word_1_393' title='bbox 225 5010 339 5085; x_wconf 72' lang='lat' dir='ltr'><strong>cis.</strong></span> <span class='ocrx_word' id='word_1_394' title='bbox 371 5010 449 5071; x_wconf 83' lang='lat' dir='ltr'><strong>V.</strong></span> <span class='ocrx_word' id='word_1_395' title='bbox 489 5008 711 5070; x_wconf 77' lang='lat' dir='ltr'><strong>Oratio</strong></span> <span class='ocrx_word' id='word_1_396' title='bbox 748 5008 817 5068; x_wconf 90' lang='lat' dir='ltr'><strong>in</strong></span> <span class='ocrx_word' id='word_1_397' title='bbox 847 5006 1395 5086; x_wconf 70' lang='lat' dir='ltr'><strong>prmsentationcm</strong></span> <span class='ocrx_word' id='word_1_398' title='bbox 1421 5007 1496 5068; x_wconf 85' lang='grc' dir='ltr'><strong>Β.</strong></span> <span class='ocrx_word' id='word_1_399' title='bbox 1535 5006 1763 5069; x_wconf 69' lang='lat' dir='ltr'><strong>Maria:</strong></span> <span class='ocrx_word' id='word_1_400' title='bbox 1794 5006 2104 5085; x_wconf 79' lang='lat' dir='ltr'><strong>Virginis.</strong></span> <span class='ocrx_word' id='word_1_401' title='bbox 2140 5008 2249 5069; x_wconf 90' lang='lat' dir='ltr'><strong>Vl.</strong></span> <span class='ocrx_word' id='word_1_402' title='bbox 2281 5006 2672 5084; x_wconf 78' lang='lat' dir='ltr'><strong>Martyrium</strong></span> <span class='ocrx_word' id='word_1_403' title='bbox 2701 5002 3058 5084; x_wconf 76' lang='lat' dir='ltr'><strong>quindecim</strong></span> <span class='ocrx_word' id='word_1_404' title='bbox 3090 5014 3464 5083; x_wconf 83' lang='lat' dir='ltr'><strong>martyrum,</strong></span> 
     </span>
    </p>
   </div>
   <div class='ocr_carea' id='block_1_44' title="bbox 227 5105 3463 5188">
    <p class='ocr_par' dir='ltr' id='par_1_44' title="bbox 227 5105 3463 5188">
     <span class='ocr_line' id='line_1_44' title="bbox 227 5105 3463 5188; baseline -0.001 -20"><span class='ocrx_word' id='word_1_405' title='bbox 227 5110 335 5188; x_wconf 80' lang='lat' dir='ltr'><strong>qui</strong></span> <span class='ocrx_word' id='word_1_406' title='bbox 372 5109 545 5187; x_wconf 87' lang='lat' dir='ltr'><strong>passi</strong></span> <span class='ocrx_word' id='word_1_407' title='bbox 579 5114 727 5170; x_wconf 89' lang='lat' dir='ltr'><strong>sunt</strong></span> <span class='ocrx_word' id='word_1_408' title='bbox 760 5106 1114 5185; x_wconf 79' lang='lat' dir='ltr'><strong>imperante</strong></span> <span class='ocrx_word' id='word_1_409' title='bbox 1142 5105 1406 5170; x_wconf 69' lang='lat' dir='ltr'><strong>Iuliano</strong></span> <span class='ocrx_word' id='word_1_410' title='bbox 1443 5108 1768 5185; x_wconf 83' lang='lat' dir='ltr'><strong>Apostata.</strong></span> <span class='ocrx_word' id='word_1_411' title='bbox 1796 5109 1936 5172; x_wconf 72' lang='grc' dir='ltr'><strong>νη.</strong></span> <span class='ocrx_word' id='word_1_412' title='bbox 1967 5108 2290 5172; x_wconf 81' lang='lat' dir='ltr'><strong>Allocutio</strong></span> <span class='ocrx_word' id='word_1_413' title='bbox 2321 5108 2395 5169; x_wconf 85' lang='lat' dir='ltr'><strong>dc</strong></span> <span class='ocrx_word' id='word_1_414' title='bbox 2426 5110 2506 5172; x_wconf 89' lang='lat' dir='ltr'><strong>iis</strong></span> <span class='ocrx_word' id='word_1_415' title='bbox 2528 5109 2601 5170; x_wconf 90' lang='lat' dir='ltr'><strong>in</strong></span> <span class='ocrx_word' id='word_1_416' title='bbox 2632 5106 2856 5186; x_wconf 78' lang='lat' dir='ltr'><strong>quibus</strong></span> <span class='ocrx_word' id='word_1_417' title='bbox 2887 5106 3105 5168; x_wconf 83' lang='lat' dir='ltr'><strong>Latini</strong></span> <span class='ocrx_word' id='word_1_418' title='bbox 3130 5107 3463 5184; x_wconf 76' lang='lat' dir='ltr'><strong>reprehen-</strong></span> 
     </span>
    </p>
   </div>
   <div class='ocr_carea' id='block_1_45' title="bbox 228 5204 3466 5289">
    <p class='ocr_par' dir='ltr' id='par_1_45' title="bbox 228 5204 3466 5289">
     <span class='ocr_line' id='line_1_45' title="bbox 228 5204 3466 5289; baseline -0.004 -18"><span class='ocrx_word' id='word_1_419' title='bbox 228 5212 467 5272; x_wconf 84' lang='lat' dir='ltr'><strong>duntur</strong></span> <span class='ocrx_word' id='word_1_420' title='bbox 499 5229 538 5269; x_wconf 89' lang='lat' dir='ltr'><strong>a</strong></span> <span class='ocrx_word' id='word_1_421' title='bbox 566 5207 828 5270; x_wconf 68' lang='lat' dir='ltr'><strong>Graecis.</strong></span> <span class='ocrx_word' id='word_1_422' title='bbox 862 5207 1032 5267; x_wconf 86' lang='lat' dir='ltr'><strong>VIII.</strong></span> <span class='ocrx_word' id='word_1_423' title='bbox 1064 5205 1398 5267; x_wconf 84' lang='lat' dir='ltr'><strong>Institutio</strong></span> <span class='ocrx_word' id='word_1_424' title='bbox 1430 5206 1607 5285; x_wconf 67' lang='lat' dir='ltr'><strong>regia</strong></span> <span class='ocrx_word' id='word_1_425' title='bbox 1658 5206 1742 5264; x_wconf 79' lang='lat' dir='ltr'><strong>art</strong></span> <span class='ocrx_word' id='word_1_426' title='bbox 1770 5209 2256 5272; x_wconf 81' lang='lat' dir='ltr'><strong>Constantinum</strong></span> <span class='ocrx_word' id='word_1_427' title='bbox 2284 5207 2931 5289; x_wconf 80' lang='lat' dir='ltr'><strong>Porphyrogcnitum.</strong></span> <span class='ocrx_word' id='word_1_428' title='bbox 2961 5206 3072 5266; x_wconf 85' lang='lat' dir='ltr'><strong>IX.</strong></span> <span class='ocrx_word' id='word_1_429' title='bbox 3095 5204 3466 5264; x_wconf 84' lang='lat' dir='ltr'><strong>Encomium</strong></span> 
     </span>
    </p>
   </div>
   <div class='ocr_carea' id='block_1_46' title="bbox 228 5306 3465 5392">
    <p class='ocr_par' dir='ltr' id='par_1_46' title="bbox 228 5306 3465 5392">
     <span class='ocr_line' id='line_1_46' title="bbox 228 5306 3465 5392; baseline -0.002 -18"><span class='ocrx_word' id='word_1_430' title='bbox 228 5316 291 5375; x_wconf 78' lang='lat' dir='ltr'><strong>in</strong></span> <span class='ocrx_word' id='word_1_431' title='bbox 333 5313 777 5391; x_wconf 75' lang='lat' dir='ltr'><strong>imperatorem</strong></span> <span class='ocrx_word' id='word_1_432' title='bbox 806 5308 1103 5371; x_wconf 70' lang='lat' dir='ltr'><strong>Alexium</strong></span> <span class='ocrx_word' id='word_1_433' title='bbox 1130 5308 1532 5371; x_wconf 81' lang='lat' dir='ltr'><strong>Comnenum.</strong></span> <span class='ocrx_word' id='word_1_434' title='bbox 1565 5311 1651 5372; x_wconf 82' lang='grc' dir='ltr'><strong>Χ.</strong></span> <span class='ocrx_word' id='word_1_435' title='bbox 1684 5309 1994 5386; x_wconf 75' lang='lat' dir='ltr'><strong>Epistula:</strong></span> <span class='ocrx_word' id='word_1_436' title='bbox 2016 5314 2246 5392; x_wconf 80' lang='lat' dir='ltr'><strong>viginti</strong></span> <span class='ocrx_word' id='word_1_437' title='bbox 2271 5331 2501 5379; x_wconf 86' lang='lat' dir='ltr'><strong>recens</strong></span> <span class='ocrx_word' id='word_1_438' title='bbox 2528 5319 2731 5376; x_wconf 65' lang='lat' dir='ltr'><strong>erutae</strong></span> <span class='ocrx_word' id='word_1_439' title='bbox 2768 5327 2846 5374; x_wconf 81' lang='lat' dir='ltr'><strong>ex</strong></span> <span class='ocrx_word' id='word_1_440' title='bbox 2878 5306 3266 5370; x_wconf 84' lang='lat' dir='ltr'><strong>bibliotheca</strong></span> <span class='ocrx_word' id='word_1_441' title='bbox 3304 5309 3465 5370; x_wconf 76' lang='lat' dir='ltr'><strong>Vati-</strong></span> 
     </span>
    </p>
   </div>
   <div class='ocr_carea' id='block_1_47' title="bbox 232 5409 3466 5490">
    <p class='ocr_par' dir='ltr' id='par_1_47' title="bbox 232 5409 3466 5490">
     <span class='ocr_line' id='line_1_47' title="bbox 232 5409 3466 5490; baseline -0.001 -11"><span class='ocrx_word' id='word_1_442' title='bbox 232 5437 407 5479; x_wconf 82' lang='lat' dir='ltr'><strong>cana.</strong></span> <span class='ocrx_word' id='word_1_443' title='bbox 440 5418 552 5477; x_wconf 71' lang='lat' dir='ltr'><strong>XI.</strong></span> <span class='ocrx_word' id='word_1_444' title='bbox 590 5417 890 5476; x_wconf 82' lang='lat' dir='ltr'><strong>Extrema</strong></span> <span class='ocrx_word' id='word_1_445' title='bbox 932 5430 1074 5490; x_wconf 83' lang='lat' dir='ltr'><strong>pars</strong></span> <span class='ocrx_word' id='word_1_446' title='bbox 1102 5412 1377 5475; x_wconf 71' lang='lat' dir='ltr'><strong>homiliw</strong></span> <span class='ocrx_word' id='word_1_447' title='bbox 1401 5414 1766 5475; x_wconf 62' lang='lat' dir='ltr'><strong>undecima;</strong></span> <span class='ocrx_word' id='word_1_448' title='bbox 1798 5411 1867 5474; x_wconf 90' lang='lat' dir='ltr'><strong>in</strong></span> <span class='ocrx_word' id='word_1_449' title='bbox 1899 5414 2461 5479; x_wconf 79' lang='lat' dir='ltr'><strong>Resurrectionem.</strong></span> <span class='ocrx_word' id='word_1_450' title='bbox 2494 5418 2641 5481; x_wconf 84' lang='lat' dir='ltr'><strong>XII.</strong></span> <span class='ocrx_word' id='word_1_451' title='bbox 2674 5412 3171 5478; x_wconf 78' lang='lat' dir='ltr'><strong>Commentarius</strong></span> <span class='ocrx_word' id='word_1_452' title='bbox 3211 5410 3278 5471; x_wconf 80' lang='lat' dir='ltr'><strong>in</strong></span> <span class='ocrx_word' id='word_1_453' title='bbox 3313 5409 3466 5470; x_wconf 79' lang='lat' dir='ltr'><strong>Acta</strong></span> 
     </span>
    </p>
   </div>
   <div class='ocr_carea' id='block_1_48' title="bbox 228 5508 3466 5596">
    <p class='ocr_par' dir='ltr' id='par_1_48' title="bbox 228 5508 3466 5596">
     <span class='ocr_line' id='line_1_48' title="bbox 228 5508 3466 5596; baseline -0.003 -21"><span class='ocrx_word' id='word_1_454' title='bbox 228 5515 660 5594; x_wconf 81' lang='lat' dir='ltr'><strong>apostolorum</strong></span> <span class='ocrx_word' id='word_1_455' title='bbox 686 5530 766 5575; x_wconf 79' lang='lat' dir='ltr'><strong>ex</strong></span> <span class='ocrx_word' id='word_1_456' title='bbox 801 5513 1186 5576; x_wconf 79' lang='lat' dir='ltr'><strong>bibtiotheca</strong></span> <span class='ocrx_word' id='word_1_457' title='bbox 1230 5511 1599 5574; x_wconf 80' lang='lat' dir='ltr'><strong>Florentino</strong></span> <span class='ocrx_word' id='word_1_458' title='bbox 1633 5512 1942 5576; x_wconf 79' lang='lat' dir='ltr'><strong>Mcdicea.</strong></span> <span class='ocrx_word' id='word_1_459' title='bbox 1974 5516 2151 5578; x_wconf 78' lang='lat' dir='ltr'><strong>XIII.</strong></span> <span class='ocrx_word' id='word_1_460' title='bbox 2192 5517 2497 5596; x_wconf 66' lang='lat' dir='ltr'><strong>Epistolas</strong></span> <span class='ocrx_word' id='word_1_461' title='bbox 2524 5537 2562 5575; x_wconf 91' lang='lat' dir='ltr'><strong>a</strong></span> <span class='ocrx_word' id='word_1_462' title='bbox 2595 5514 2878 5580; x_wconf 79' lang='lat' dir='ltr'><strong>Mcursio</strong></span> <span class='ocrx_word' id='word_1_463' title='bbox 2915 5519 2973 5572; x_wconf 83' lang='lat' dir='ltr'><strong>ct</strong></span> <span class='ocrx_word' id='word_1_464' title='bbox 3001 5510 3218 5573; x_wconf 88' lang='lat' dir='ltr'><strong>Lamio</strong></span> <span class='ocrx_word' id='word_1_465' title='bbox 3267 5508 3466 5569; x_wconf 68' lang='lat' dir='ltr'><strong>editae.</strong></span> 
     </span>
    </p>
   </div>
   <div class='ocr_carea' id='block_1_49' title="bbox 228 5607 3466 5694">
    <p class='ocr_par' dir='ltr' id='par_1_49' title="bbox 228 5607 3466 5694">
     <span class='ocr_line' id='line_1_49' title="bbox 228 5607 3466 5694; baseline -0.002 -23"><span class='ocrx_word' id='word_1_466' title='bbox 228 5617 547 5690; x_wconf 78' lang='lat' dir='ltr'><strong>Quoniam</strong></span> <span class='ocrx_word' id='word_1_467' title='bbox 580 5630 735 5676; x_wconf 78' lang='lat' dir='ltr'><strong>vero</strong></span> <span class='ocrx_word' id='word_1_468' title='bbox 768 5615 848 5676; x_wconf 88' lang='lat' dir='ltr'><strong>de</strong></span> <span class='ocrx_word' id='word_1_469' title='bbox 879 5614 1187 5676; x_wconf 86' lang='lat' dir='ltr'><strong>omnibus</strong></span> <span class='ocrx_word' id='word_1_470' title='bbox 1221 5614 1321 5676; x_wconf 90' lang='lat' dir='ltr'><strong>his</strong></span> <span class='ocrx_word' id='word_1_471' title='bbox 1349 5614 1567 5692; x_wconf 89' lang='lat' dir='ltr'><strong>aliqua</strong></span> <span class='ocrx_word' id='word_1_472' title='bbox 1596 5614 2050 5691; x_wconf 72' lang='lat' dir='ltr'><strong>prmmonenda</strong></span> <span class='ocrx_word' id='word_1_473' title='bbox 2078 5623 2251 5689; x_wconf 90' lang='lat' dir='ltr'><strong>sunt,</strong></span> <span class='ocrx_word' id='word_1_474' title='bbox 2284 5631 2416 5694; x_wconf 88' lang='lat' dir='ltr'><strong>quo</strong></span> <span class='ocrx_word' id='word_1_475' title='bbox 2439 5613 2720 5694; x_wconf 87' lang='lat' dir='ltr'><strong>quisque</strong></span> <span class='ocrx_word' id='word_1_476' title='bbox 2749 5615 2824 5676; x_wconf 87' lang='lat' dir='ltr'><strong>ad</strong></span> <span class='ocrx_word' id='word_1_477' title='bbox 2859 5627 3089 5676; x_wconf 87' lang='lat' dir='ltr'><strong>eorum</strong></span> <span class='ocrx_word' id='word_1_478' title='bbox 3122 5607 3466 5671; x_wconf 81' lang='lat' dir='ltr'><strong>lectionem</strong></span> 
     </span>
    </p>
   </div>
   <div class='ocr_carea' id='block_1_50' title="bbox 229 5708 3463 5791">
    <p class='ocr_par' dir='ltr' id='par_1_50' title="bbox 229 5708 3463 5791">
     <span class='ocr_line' id='line_1_50' title="bbox 229 5708 3463 5791; baseline -0.003 -14"><span class='ocrx_word' id='word_1_479' title='bbox 229 5717 478 5777; x_wconf 84' lang='lat' dir='ltr'><strong>accedat</strong></span> <span class='ocrx_word' id='word_1_480' title='bbox 512 5714 809 5791; x_wconf 84' lang='lat' dir='ltr'><strong>paratior,</strong></span> <span class='ocrx_word' id='word_1_481' title='bbox 843 5711 1285 5775; x_wconf 72' lang='lat' dir='ltr'><strong>Prmfatiouem</strong></span> <span class='ocrx_word' id='word_1_482' title='bbox 1325 5713 1483 5775; x_wconf 88' lang='lat' dir='ltr'><strong>hanc</strong></span> <span class='ocrx_word' id='word_1_483' title='bbox 1515 5712 1581 5775; x_wconf 88' lang='lat' dir='ltr'><strong>in</strong></span> <span class='ocrx_word' id='word_1_484' title='bbox 1619 5711 1885 5776; x_wconf 83' lang='lat' dir='ltr'><strong>totidem</strong></span> <span class='ocrx_word' id='word_1_485' title='bbox 1918 5722 2077 5791; x_wconf 88' lang='lat' dir='ltr'><strong>quot</strong></span> <span class='ocrx_word' id='word_1_486' title='bbox 2121 5721 2326 5791; x_wconf 82' lang='lat' dir='ltr'><strong>partes</strong></span> <span class='ocrx_word' id='word_1_487' title='bbox 2358 5712 2510 5775; x_wconf 76' lang='lat' dir='ltr'><strong>torui</strong></span> <span class='ocrx_word' id='word_1_488' title='bbox 2549 5710 2741 5790; x_wconf 90' lang='lat' dir='ltr'><strong>hujus</strong></span> <span class='ocrx_word' id='word_1_489' title='bbox 2777 5721 2950 5786; x_wconf 89' lang='lat' dir='ltr'><strong>sunt,</strong></span> <span class='ocrx_word' id='word_1_490' title='bbox 2998 5708 3281 5774; x_wconf 85' lang='lat' dir='ltr'><strong>dividam</strong></span> <span class='ocrx_word' id='word_1_491' title='bbox 3322 5725 3463 5767; x_wconf 87' lang='lat' dir='ltr'><strong>scc-</strong></span> 
     </span>
    </p>
   </div>
   <div class='ocr_carea' id='block_1_51' title="bbox 287 5855 1258 5928">
    <p class='ocr_par' dir='ltr' id='par_1_51' title="bbox 287 5855 1258 5928">
     <span class='ocr_line' id='line_1_51' title="bbox 287 5855 1258 5928; baseline -0.004 -17"><span class='ocrx_word' id='word_1_492' title='bbox 287 5861 307 5880; x_wconf 79' lang='lat'><strong><em>‘</em></strong></span> <span class='ocrx_word' id='word_1_493' title='bbox 330 5860 572 5912; x_wconf 76' lang='lat' dir='ltr'><strong>Editiouis</strong></span> <span class='ocrx_word' id='word_1_494' title='bbox 596 5861 799 5912; x_wconf 70' lang='lat' dir='ltr'><strong>Veneta:</strong></span> <span class='ocrx_word' id='word_1_495' title='bbox 820 5873 964 5928; x_wconf 84' lang='lat' dir='ltr'><strong>quam</strong></span> <span class='ocrx_word' id='word_1_496' title='bbox 988 5855 1258 5918; x_wconf 73' lang='lat' dir='ltr'><strong>semiimur.</strong></span> 
     </span>
    </p>
   </div>
  </div>
