3860 6590
166 448 260 513 409
941 459 1021 520 ΙΝ
1077 461 1506 532 SEQUENTIA
1562 466 2144 530 TIIEOP‘IIYLACTI
2199 472 2538 534 StIRlPTA.
3283 472 3390 536 410

165 561 250 619 Sin
281 559 548 621 omnino
567 563 826 635 sustuli,
859 565 1078 626 saltem
1107 579 1436 649 utcunque
1476 573 1712 650 sopivi.
1746 575 1913 647 Quid
1949 594 2093 638 eum
2129 577 2504 639 excitaverit
2535 579 2774 652 denuo,
2809 595 2890 640 ex-
2918 597 3062 643 mox
3093 578 3388 642 dicendis

164 659 568 735 perSpitfuum
601 662 725 724 ﬁet.

1565 793 1842 858 SECTIO
1890 799 1967 858 ll'.

417 939 511 999 De
545 935 1003 1006 Commentario
1038 945 1104 1007 in
1133 943 1286 1008 Acta
1311 950 1739 1025 apostolorum
1783 961 1998 1013 recens
2033 965 2210 1016 eruta
2263 965 2341 1016 ea:
2373 948 2759 1018 bibliotheca"
2787 949 3103 1021 Vaticana.

226 1073 330 1147 IV.
376 1087 802 1153 Pt‘tecedeuti‘s
845 1094 1298 1158 Commentarii
1352 1099 1702 1178 impressio
1748 1103 1823 1163 ad
1877 1097 2251 1164 umbilicum
2299 1102 2498 1166 ferme
2558 1111 2962 1184 pervenerat,
2997 1121 3142 1167 cum
3187 1105 3386 1165 Roma

157 1183 325 1248 allata
349 1194 505 1248 sunt
540 1183 660 1252 tria
687 1190 841 1254 folia
878 1193 1148 1256 alterius
1184 1198 1642 1260 Commentarii
1687 1201 1753 1262 in
1799 1203 2022 1263 eadem
2071 1205 2512 1281 apostolorum
2543 1205 2718 1276 Acta,
2749 1204 2863 1281 qui
2907 1203 2974 1264 in
3010 1204 3236 1266 codice
3284 1203 3384 1262 bi-

159 1283 487 1346 bliothecae
530 1289 854 1353 Vaticana;
900 1286 1453 1374 TheOph-ylactum
1502 1297 1764 1375 praéfert'
1788 1310 2138 1364 auctorem.
2186 1304 2386 1364 Facta‘
2417 1301 2761 1364 collatione
2809 1302 3382 1378 deprehendimus,

161 1387 500 1450 Romanum
529 1401 564 1451 a
595 1390 921 1458 Sifanian‘o
952 1404 1099 1458 ctim
1133 1396 1197 1459 in
1223 1397 1394 1472 aliis,
1431 1406 1564 1460 tum
1597 1403 1947 1478 praesertim
1980 1403 2288 1466 brevitate
2338 1404 2740 1483 discrepare.
2790 1405 2926 1464 Hoc
2958 1419 3110 1464 vero
3149 1404 3384 1466 nedum

161 1485 424 1563 priorem
463 1489 936 1556 dubitationem
964 1497 1129 1561 circa
1163 1501 1526 1578 genuinum
1560 1501 1748 1564 illius
1781 1505 2240 1565 Commentarii
2278 1513 2604 1567 auctorem
2654 1497 2866 1565 denuo
2914 1504 3238 1575 excitavit,
3270 1505 3384 1566 sed

163 1588 334 1649 etiam
381 1590 673 1654 animum
727 1605 804 1657 eo
848 1597 1211 1674 inclinavit,
1265 1609 1334 1663 ut
1370 1604 1722 1677 crederem,
1771 1605 1944 1667 hunc
1994 1606 2213 1684 potius
2267 1623 2492 1667 recens
2545 1607 2891 1675 detectum,
2945 1621 3135 1683 quam
3192 1603 3376 1664 illum

162 1686 633 1768 TheOphylacto
661 1698 901 1759 auctori
931 1700 1384 1762 ascribendum
1418 1720 1607 1764 esse:
1652 1706 2001 1780 praesertim
2056 1707 2228 1784 quod
2282 1706 2538 1767 brevior
2579 1705 2780 1766 multo
2829 1703 2935 1776 sit,
2983 1703 3276 1780 adeoque
3308 1703 3383 1763 ad

164 1786 728 1870 'l‘lteophylacteam
761 1800 1236 1861 commentandi
1280 1801 1592 1864 rationem
1629 1805 1894 1882 propius
1918 1807 2222 1867 accedere
2253 1807 2568 1868 videatur.
2600 1803 2922 1866 Nonnulla
2951 1801 3076 1864 alia
3107 1801 3388 1864 subinde

164 1890 337 1952 Roma
367 1903 631 1990 accepta
655 1898 806 1961 folia
839 1916 965 1962 non
1000 1901 1208 1964 solum
1253 1902 1413 1965 hanc
1439 1905 1594 1966 mihi
1629 1907 2070 1984 suspicionem
2097 1909 2450 1980 firmarunt,
2489 1907 2598 1969 sed
2633 1907 2824 1968 etiam
2857 1903 3165 1968 editionis
3191 1905 3388 1983 hujus

163 1995 556 2059 curatoribus
590 2000 938 2062 consilium
972 2001 1361 2081 injecernnt,
1404 2003 1575 2065 hunc
1620 2019 1884 2087 quoque
1931 2009 2470 2070 Commentarium
2522 2009 2585 2069 in
2635 2006 2844 2069 lucem
2895 2004 3276 2076 emittendi;
3320 2011 3389 2066 ut

163 2114 336 2177 quem
367 2101 670 2176 ωτιιιδιίε,
706 2105 902 2166 unius
936 2123 1168 2185 nempe
1200 2109 1470 2180 codicis,
1503 2112 1846 2173 auctoritas
1894 2112 2074 2174 velut
2108 2110 2571 2190 Theotihylacti
2611 2109 2832 2174 foetum
2882 2108 3385 2174 commendaret,

168 2203 213 2264 is
237 2203 416 2264 etiam
451 2206 688 2283 aequali
727 2210 1001 2284 publicae
1035 2210 1197 2272 lucis
1233 2213 1475 2274 honore
1503 2214 1851 2276 frueretur.
1894 2213 2183 2277 Consilio
2213 2214 2391 2281 huic.
2425 2224 2795 2291 quanquam
2833 2211 2968 2287 ipse
2998 2216 3216 2270 auctor
3241 2225 3385 2269 esse

168 2302 488 2374 noluerim,
524 2310 1018 2386 repugnandum
1061 2317 1271 2372 tamen
1314 2310 1468 2370 mihi
1527 2330 1668 2374 esse
1703 2331 1828 2376 non
1879 2306 2136 2386 censui,
2167 2312 2415 2389 quippe
2459 2312 2571 2389 qui
2613 2317 3014 2390 perspectum
3061 2307 3385 2379 haberem,

169 2403 435 2462 eruditos
463 2403 766 2468 homines
803 2407 1039 2468 nedum
1091 2415 1288 2481 certa,
1328 2409 1438 2470 sed
1480 2417 1542 2470 et
1575 2412 1768 2473 dubia
1817 2429 2007 2489 Opera
2043 2415 2266 2474 eodem
2317 2410 2652 2474 volumine
2698 2411 2888 2471 edere
2937 2407 3382 2468 consuevisse.

172 2499 300 2562 Haec
330 2503 601 2580 quidem
633 2523 823 2584 opera
847 2507 926 2569 ad
961 2509 1196 2572 calcem
1234 2511 1580 2574 voluminis
1619 2514 1994 2592 plerumque
2031 2514 2416 2591 rejieiuntur
2447 2535 2462 2574 :
2489 2521 2554 2574 at
2584 2511 2756 2590 quod
2790 2498 2908 2572 hoc
2948 2508 3143 2570 istum
3180 2508 3386 2568 locum

173 2607 416 2682 teneret,
443 2610 512 2671 in
545 2629 737 2674 causa
769 2612 894 2674 fuit
929 2613 1059 2692 jam
1092 2613 1386 2676 absoluta
1419 2617 1876 2679 Commentarii
1912 2619 2334 2697 prmcedentis
2373 2616 2742 2695 impressio.
2770 2615 3178 2676 Censuerunt
3210 2609 3385 2671 enim

173 2709 454 2784 editores,
492 2715 1034 2788 Commentarios,
1069 2718 1180 2796 qui
1213 2716 1378 2780 circa
1413 2719 1702 2782 eamdem
1729 2730 2138 2784 versarentur
2171 2722 2529 2796 materiem,
2566 2722 2922 2794 eodemque
2950 2713 3148 2777 ferme
3191 2711 3389 2774 dubio

178 2811 530 2889 laborarent,
572 2817 710 2880 loco
736 2819 1172 2898 sejungendos
1205 2829 1332 2882 non
1367 2833 1538 2885 esse.
1570 2813 1758 2895 Hinc,
1791 2825 2039 2888 cm‘teris
2065 2826 2329 2888 interim
2361 2820 2998 2904 prmtermissis,qum
3025 2835 3149 2896 prae
3181 2816 3388 2876 mani-

178 2910 280 2973 bus
313 2913 646 2989 habebam,
697 2917 895 2996 hujus
942 2919 1170 2982 Latine
1218 2919 1512 2983 vertendi
1568 2920 1847 2986 laborem
1896 2942 2242 3004 aggressus
2282 2942 2449 2986 sum.
2499 2922 2686 2996 Quod
2739 2922 2894 2984 dum
2932 2934 3277 2996 exsequor,
3326 2927 3390 2980 et

178 3013 701 3080 Commentarium
735 3019 951 3097 ipsum
987 3023 1254 3100 prepius
1280 3023 1723 3102 attentiusque
1753 3025 2105 3104 perspicio,
2143 3027 2209 3087 in
2243 3025 2564 3105 prioribus
2601 3023 2870 3104 quidem
2907 3038 3021 3084 sex
3071 3017 3390 3096 capitibus

176 3122 231 3174 ει
257 3119 490 3192 δέδι’ῐὶιηὶ
527 3123 802 3186 dimidia
825 3124 1032 3188 ferme
1060 3135 1237 3206 parte
1274 3141 1593 3209 perpauca
1625 3142 1770 3194 esse
1801 3131 2239 3211 deprehendo,
2268 3147 2413 3211 qua;
2439 3130 2500 3190 in
2542 3126 3015 3193 Commentario
3061 3123 3389 3187 Sifaniano

183 3225 288 3279 non
320 3221 630 3298 inessent,
676 3241 747 3286 ac
775 3225 979 3289 ferme
1012 3229 1221 3290 solum
1269 3231 1337 3291 in
1378 3247 1456 3293 eo
1501 3233 1893 3312 discrepare,
1927 3236 2100 3312 quod
2143 3231 2251 3293 ille
2284 3231 2500 3306 multo
2550 3231 2863 3309 prolixior
2895 3228 3004 3302 sit,
3031 3241 3151 3290 seu
3185 3226 3388 3290 multo

185 3317 336 3393 plura
369 3322 720 3385 contineat.
752 3325 1026 3404 Insuper
1054 3325 1190 3389 fere
1221 3330 1436 3391 omnia
1471 3347 1619 3406 quae
1645 3332 1910 3411 utrique
1942 3330 2310 3394 communia
2339 3313 2516 3408 sunt,
2546 3331 2706 3394 adeo
2735 3347 2881 3393 cum
2918 3329 3136 3391 verbis
3181 3328 3390 3406 Chry-

185 3422 414 3482 sostomi
447 3439 834 3502 congruere,
866 3432 934 3487 ut
963 3426 1220 3489 definiri
1257 3429 1358 3489 vix
1391 3439 1499 3492 aut
1528 3434 1798 3494 omnino
1830 3449 1958 3495 non
1996 3441 2211 3512 queat,
2246 3443 2464 3496 utrum
2497 3451 2642 3511 quae
2669 3433 3011 3493 Vaticanus
3044 3431 3388 3493 Commen-

187 3520 355 3581 tarius
387 3523 448 3585 in
486 3524 813 3604 praedictis
845 3525 1165 3605 capitibus
1213 3530 1426 3607 habet,
1468 3551 1544 3594 ex
1591 3534 1945 3608 Sifaniano,
1985 3535 2083 3598 vel
2135 3536 2339 3597 simili
2371 3535 2594 3614 aliquo
2623 3531 2999 3610 exemplari,
3034 3550 3112 3593 an
3159 3532 3390 3592 imme-

187 3619 420 3685 diatee'x
453 3625 600 3701 ipso
642 3613 1092 3704 (thrysostomo
1115 3631 1457 3712 desumpta
1481 3629 1750 3698 fuerint.
1788 3636 1951 3698 Illud
1985 3646 2231 3699 certum
2255 3613 2533 3707 videtur,
2560 3650 2632 3697 ea
2665 3635 2732 3695 in
2773 3642 2942 3708 parte
2965 3632 3124 3693 adt-o
3157 3647 3388 3706 purum

192 3732 382 3796 putum
415 3730 716 3792 exhiberi
771 3721 1330 3813 Chrysbstomum,
1383 3746 1453 3800 ut
1492 3737 1596 3802 hic
1624 3739 1722 3800 illi
1764 3739 1994 3802 titulus
2041 3740 2272 3803 merito
2307 3739 2508 3818 aptari
2544 3743 2759 3817 posset
2789 3756 2806 3800 :
2835 3735 3088 3798 Scholia
3132 3737 3201 3796 in
3229 3733 3392 3794 Acta

187 3830 581 3905 apostolorum
605 3853 684 3895 ex
715 3833 1174 3914 Chrysostomo.
1210 3842 1282 3900 At
1295 3840 1351 3901 ia
1383 3857 1720 3921 perpauca,
1749 3859 1892 3922 quae
1916 3843 1974 3906 ei
2011 3844 2232 3907 insunt
2271 3851 2353 3905 ex
2393 3840 2523 3904 alio
2553 3855 2725 3920 penu
2750 3841 3150 3917 deprompta,
3187 3838 3376 3898 Com-

190 3935 464 3997 amatorio
484 3935 622 4014 jam
651 3929 938 3998 confecto
964 3941 1318 4019 superaddi
1349 3942 1557 4006 aliena
1592 3955 1785 4007 manu
1810 3953 2100 4022 potuere.

187 4113 191 4116 4
231 4029 317 4123 ιν.
349 4034 464 4097 Sed
519 4035 688 4099 illud
723 4037 842 4100 hoc
892 4038 1031 4101 loco
1062 4041 1702 4106 animadvertendum
1747 4050 1865 4116 est,
1909 4045 2108 4123 quod,
2149 4055 2296 4107 cum
2345 4032 2847 4122 Chrysostomus
2887 4038 2952 4099 in
2985 4035 3274 4116 qualibet
3313 4050 3389 4094 ex

186 4115 298 4192 Uis
323 4133 606 4202 homiliis
651 4142 1054 4220 prapositum
1097 4143 1284 4206 Luem
1326 4152 1572 4209 textum
1608 4148 1705 4210 bis
1747 4115 2118 4226 percurrat;
2149 4163 2267 4208 seu
2294 4151 2440 4225 post
2472 4115 2766 4222 primam,
2811 4156 3082 4219 eamque
3131 4137 3391 4199 brevem

188 4239 491 4304 verborum
529 4242 1075 4322 explanationem,
1103 4243 1293 4306 aliam
1317 4265 1500 4326 teque
1529 4247 1789 4312 brevem
1826 4256 1892 4311 et
1930 4248 2323 4330 quandoque
2355 4241 2750 4313 breviorem,
2786 4240 2887 4302 his
2913 4249 3022 4300 aut
3062 4235 3394 4298 similibus

188 4335 367 4400 verbis
399 4343 770 4422 praemissis,
817 4344 1154 4406 subuectat
1203 4357 1218 4403 :
1262 4347 1400 4401 Ἀλλ’
1431 4341 1630 4416 ἴδωμεν
1659 4345 1712 4400 ἄη.

1897 4347 1967 4400 τὰ
1995 4346 2284 4417 εἰρημένα,
2306 4341 2418 4402 sed
2455 4342 2749 4420 superius
2791 4337 2961 4400 dicta
3005 4342 3389 4413 repetamus!

189 4446 377 4504 auctor
406 4445 622 4520 istius,
661 4445 966 4526 quisquis
1013 4445 1272 4508 demum
1326 4441 1438 4504 ille
1472 4434 1709 4515 'i‘ueril,
1749 4442 2205 4503 Commentarii
2242 4442 2434 4504 modo
2467 4459 2546 4503 ex
2593 4441 2818 4519 prima,
2865 4437 3054 4499 modo
3090 4451 3167 4496 ex
3198 4435 3395 4497 altera

191 4536 620 4616 Explanatione
675 4547 869 4609 verba
923 4547 1278 4626 depromit;
1331 4550 1393 4606 et
1432 4543 1696 4620 quidem
1747 4540 2132 4618 plerumque
2184 4549 2252 4602 ut
2302 4540 2372 4602 in
2427 4547 2604 4601 textu
2653 4534 3090 4617 Chrysostomi
3138 4533 3394 4611 jaceat:

187 4637 370 4703 solum
416 4646 704 4720 mutatis,
751 4646 1014 4721 additis,
1053 4644 1154 4708 “vel
1196 4645 1501 4724 demptis,
1549 4640 1810 4721 majoris
1857 4641 2164 4703 claritatis
2213 4642 2309 4704 vel
2361 4640 2694 4703 brevitatis
2726 4639 2952 4717 gratia,
3005 4634 3398 4716 quibusdam

191 4745 550 4827 Quandoque
585 4748 821 4822 verbis,
856 4747 1060 4826 utqui
1097 4763 1224 4809 non
1257 4753 1380 4808 tam
1415 4747 1496 4806 de
1528 4742 1766 4812 verbis,
1805 4756 1996 4821 quam
2042 4742 2122 4803 de
2153 4758 2349 4804 sensu
2397 4740 2836 4819 Chrysostomi
2891 4737 3227 4800 laboraret.
3257 4735 3396 4808 Qua

190 4831 370 4901 tamen
405 4846 467 4905 iu
507 4862 601 4918 re,
635 4846 716 4918 si,
750 4845 926 4924 quod
958 4844 1116 4906 mihi
1142 4843 1370 4907 videor
1397 4841 1816 4920 comperisse,
1849 4839 2124 4901 candide
2156 4840 2341 4902 fateri
2364 4839 2575 4914 liceat,
2609 4855 2737 4901 non
2778 4855 3033 4918 semper
3065 4837 3223 4898 satis
3255 4835 3398 4897 fctio

187 4933 321 4999 citer
343 4959 456 5008 suo
498 4947 608 5009 ille
643 4938 989 5009 defunctus
1018 4955 1117 5011 "est
1151 4963 1420 5008 munere
1454 4967 1470 5007 :
1504 4943 1830 5006 interdum
1866 4941 2039 5003 enim
2071 4949 2181 5005 aut
2211 4943 2559 5023 supprimit
2589 4943 2806 5015 verba,
2837 4959 2984 5023 qua)
3012 4941 3398 5020 perficiendo

197 5043 388 5104 sensui
416 5048 777 5110 necessaria
809 5058 991 5112 erant
1035 5071 1050 5110 :
1089 5053 1197 5111 aut
1235 5047 1588 5126 superﬂua,
1627 5053 1774 5125 quin
1801 5061 2067 5108 sensum
2115 5046 2548 5109 interturbent
2586 5047 2802 5125 potius
2825 5061 3016 5126 quam
3057 5041 3395 5106 clariorem

192 5136 448 5214 reddant,
481 5147 808 5227 adjungit;
841 5147 941 5208 vel
982 5146 1049 5208 in
1085 5145 1488 5207 scholiorum
1522 5144 1775 5204 delectu
1813 5144 2090 5219 praeterit
2121 5142 2410 5205 meliora.
2441 5145 2644 5218 Quam
2677 5143 2760 5204 ob
2810 5159 2942 5204 rem
2984 5142 3392 5203 Commenta-

197 5234 312 5298 rius
337 5239 450 5306 iste
488 5245 994 5323 TheOpltylacto.
1031 5244 1172 5305 viro
1197 5241 1489 5304 doctrina
1519 5250 1580 5302 et
1604 5240 1837 5320 judicii
1884 5239 2247 5303 maturitate
2281 5241 2630 5319 praistanti,
2681 5238 3152 5319 abjudicandus
3187 5237 3389 5302 videri

184 5331 308 5406 iure
341 5354 572 5419 posset,
613 5336 738 5406 nisi
774 5345 903 5406 haec
938 5346 1160 5406 omnia
1205 5343 1274 5404 in
1313 5341 1853 5421 subsequentium
1904 5340 2318 5402 librariorum
2353 5342 2779 5412 oscitantiam,
2830 5341 2926 5402 vel
2977 5340 3391 5418 imperitiam,

193 5451 250 5498 ac
272 5448 486 5523 smpius
519 5451 943 5511 temeritatem
980 5448 1323 5509 retundere
1360 5453 1702 5525 praestaret.
1734 5445 1894 5507 Illud
1935 5445 2093 5508 mihi
2127 5446 2550 5523 exploratum,
2581 5445 2932 5521 exemplar,
2966 5442 3139 5521 quod
3178 5443 3392 5504 Latine

191 5543 530 5608 vertendum
565 5547 807 5624 accepi,
842 5537 1093 5607 mendis
1126 5545 1402 5622 aliisque
1434 5544 1791 5606 defectibus
1831 5562 1974 5607 esse
2007 5561 2374 5622 respersum
2411 5567 2426 5606 :
2459 5545 2647 5623 cujus
2678 5543 2765 5604 rei
2805 5544 2992 5622 culpa
3023 5558 3148 5605 non
3181 5545 3239 5604 ei
3278 5535 3388 5621 qui

195 5631 376 5708 insum
429 5648 730 5715 exaravit.
780 5647 890 5726 qui
939 5647 1092 5707 satis
1129 5646 1482 5723 diligentia)
1515 5665 1640 5726 prae
1668 5663 1736 5708 se
1763 5647 1908 5716 fert,
1957 5647 2067 5707 sed
2101 5646 2404 5707 Vaticano
2451 5647 2654 5708 codici
2714 5646 3051 5708 tribuenda
3104 5645 3389 5707 videtur.

193 5735 492 5821 Quidquid
529 5765 680 5810 vero
715 5748 827 5809 hac
860 5748 938 5810 de
973 5766 1037 5808 re
1068 5747 1174 5820 sit,
1211 5763 1288 5808 eo
1319 5758 1488 5807 certe
1525 5748 1724 5826 major
1757 5747 1912 5807 mihi
1950 5747 2013 5807 in
2051 5745 2265 5805 Latina
2309 5747 2752 5809 concinnanda
2794 5747 3091 5810 versione
3131 5747 3390 5822 impen-

199 5833 416 5903 dendus
450 5848 560 5909 fuit
595 5847 790 5920 labor,
828 5863 959 5924 quo
991 5845 1400 5925 frequentius
1427 5864 1687 5908 necesse
1724 5844 1917 5906 habui
1953 5862 2098 5905 cum
2141 5845 2580 5924 Chrysostomi
2637 5847 2815 5909 fonte
2859 5846 3024 5908 illud
3053 5843 3381 5914 conferre;
