3860 6550
489 414 587 482 HI
1495 459 1503 466 -
1535 417 1920 479 BONIFACII
1963 419 2275 481 FlNETTl‘
2303 421 2706 481 PRtEF‘AT-IO'
3618 423 3723 486 ιη’

491 550 561 598 ut
595 543 656 598 et
695 536 833 616 ejus
865 535 1096 598 menda
1123 533 1534 612 corrigercm,
1571 539 1656 606 et,
1691 534 1799 615 ubi
1831 535 2084 597 deesset
2113 537 2384 616 aliquid,
2420 539 2814 618 supplerem.
2859 540 2926 602 In
2976 541 3057 602 iis
3099 555 3268 611 vero,
3301 557 3446 618 quae
3490 556 3566 600 ex
3597 539 3710 600 alio

488 634 668 697 fonte
709 636 928 698 hausta
975 641 1152 708 sunt,
1184 651 1327 695 cum
1359 633 1688 696 Sifaniano
1716 637 2214 712 Commentario,
2246 646 2306 700 et
2329 639 2694 718 apographo
2725 639 3124 714 Florentino,
3149 643 3226 700 de
3260 657 3390 718 quo
3418 638 3708 705 inferius,

491 741 788 804 eumdem
822 741 888 800 in
930 739 1118 800 ﬁnem
1145 739 1389 801 contuli
1429 760 1443 797 :
1492 739 1674 816 plura
1705 741 1881 801 enim
1913 741 2194 822 singulis
2231 741 2407 804 hisce
2437 743 2915 804 commentariis
2943 743 3310 804 communia
3357 747 3533 813 sunt,
3564 742 3710 802 adeo

491 857 560 906 ut
585 843 751 905 alius
788 860 865 904 ex
898 844 1023 907 alio
1055 843 1380 904 emendari
1414 847 1804 924 quandoque
1839 849 2065 924 possit,
2099 854 2291 926 atque
2323 847 2638 926 suppleri.
2671 847 2995 921 Quantum
3031 844 3395 924 hujusmodi
3433 843 3710 905 collatio-

491 944 685 1006 nibus
719 944 1200 1018 Commentarii,
1235 962 1366 1024 quo
1403 947 1482 1006 de
1533 945 1787 1024 loquor,
1843 953 2092 1008 textum
2131 964 2252 1026 ego
2302 947 2704 1026 perfecerim,
2736 955 3158 1026 compertum,
3190 944 3710 1022 exploratumque

497 1047 694 1108 lector
749 1047 1034 1119 habebit,
1071 1047 1126 1107 si
1166 1047 1478 1120 advertat,
1514 1049 1705 1110 verba
1743 1066 1784 1110 a
1811 1067 1909 1111 me
1943 1067 2022 1110 ex
2058 1049 2248 1112 dictis
2290 1049 2586 1112 fontibus
2615 1051 2827 1112 addita
2860 1050 3036 1111 hisce
3073 1047 3282 1126 signis
3319 1049 3356 1123 [-
3422 1049 3440 1120 ]
3479 1043 3708 1105 inclusa

489 1161 657 1206 esse.
706 1148 798 1206 Ad
831 1147 1186 1224 marginem
1226 1165 1376 1210 vero
1408 1149 1732 1210 lateralem
1764 1151 2073 1228 ascriptus
2102 1151 2382 1230 reperiet
2411 1153 2734 1214 variantes
2787 1151 3122 1224 lectiones,
3172 1164 3299 1209 non
3331 1154 3542 1208 tamen
3584 1161 3715 1205 om-

489 1265 645 1314 nes;
679 1266 824 1309 cum
858 1250 1266 1327 superﬂuum
1295 1258 1355 1311 et
1385 1251 1616 1313 inutile
1639 1251 1850 1313 visum
1886 1252 2058 1314 mihi-
2093 1253 2320 1327 fuerit,
2359 1253 2619 1332 quoties
2649 1252 3056 1316 manifestum
3098 1249 3363 1328 aliquod
3410 1247 3705 1308 mendum

492 1351 1002 1427 expungendum
1043 1351 1187 1420 fuit,
1221 1351 1407 1411 toties
1440 1360 1584 1412 nota
1622 1352 1837 1433 aliqua
1873 1355 2204 1433 marginali
2246 1357 2571 1416 Lectorem
2605 1371 2886 1425 mouere,
2925 1361 2991 1413 ut
3021 1351 3176 1412 alias
3209 1350 3354 1411 fecit
3401 1347 3654 1408 Sifanus
3687 1367 3701 1404 :

487 1451 570 1510 ob
607 1468 798 1528 quam
835 1469 965 1512 rem
1001 1461 1209 1514 tamen
1241 1470 1387 1514 eum
1423 1452 2030 1530 reprehendendum
2061 1473 2187 1518 non
2219 1465 2398 1534 puto,
2432 1475 2575 1517 cum
2609 1471 2734 1516 non
2759 1457 2834 1516 ad
2863 1453 3264 1530 diligentiam
3293 1452 3390 1511 vel
3427 1448 3709 1527 peritiam

488 1565 670 1610 suam
723 1553 1190 1627 ostentandam,
1240 1553 1350 1615 sed
1398 1554 1473 1615 ad
1510 1570 1770 1617 omnem
1820 1555 2217 1617 inﬁdelitatis
2268 1556 2684 1619 amovendum
2717 1553 3154 1633 suspicionem
3201 1551 3266 1613 id
3287 1549 3508 1628 egisse
3540 1545 3712 1608 facile

487 1652 764 1714 credam.

576 1780 682 1840 Vl.
716 1778 902 1841 Hunc
933 1779 1304 1844 conferendi
1347 1781 1655 1859 laborem,
1693 1783 2087 1863 exemplaris
2121 1784 2976 1864 emendandi-supplt-ndive
3005 1798 3218 1854 causa,
3251 1795 3383 1841 non
3413 1776 3622 1837 solum
3653 1773 3708 1832 in

490 1881 845 1958 prioribus,
887 1891 951 1944 ut
979 1882 1110 1962 jam
1146 1885 1361 1958 innui,
1403 1885 1750 1964 capitibus,
1782 1891 1893 1949 sed
1921 1889 1985 1950 in
2021 1889 2306 1970 qualibet
2337 1890 2544 1968 ipsius
2594 1898 2767 1968 parte
2802 1887 3042 1951 subivi.
3095 1886 3591 1963 Chrysostomus
3627 1888 3711 1937 ta-

495 1999 637 2041 men
673 1997 801 2042 non
828 1981 914 2042 ita
945 1981 1318 2061 frequenter
1348 1984 1524 2046 adire
1557 2000 1722 2062 Opus
1757 1987 1914 2048 mihi
1947 1988 2093 2063 fuit,
2129 2007 2272 2052 cum
2298 2006 2331 2050 a
2365 1991 2577 2052 medio
2613 1989 2870 2051 circiter
2901 1987 3176 2066 septimo
3207 1983 3413 2061 capite
3451 1999 3484 2042 a
3527 1981 3715 2056 Chry-

492 2087 776 2141 sostomo
810 2081 1009 2160 magis
1050 2081 1411 2154 discedere,
1444 2091 1506 2145 et
1544 2083 2030 2150 Commentario
2071 2089 2135 2150 in
2172 2093 2322 2152 Acta
2356 2090 2794 2168 apostolorum
2843 2088 2965 2148 sub
3011 2086 3272 2148 nomine
3341 2077 3712 2145 Oﬁcumenii

481 2196 613 2277 jam
649 2181 891 2243 dudum
930 2185 1185 2261 vulgato
1219 2185 1294 2244 ad
1329 2187 1638 2247 amussim
1676 2189 1809 2248 fere
1843 2191 2192 2252 convenire
2215 2191 2776 2268 deprehenderim.
2827 2190 2918 2249 Eo
2946 2199 3152 2249 tamen
3197 2183 3398 2245 multo
3433 2189 3532 2243 est
3579 2181 3710 2240 bre-

488 2279 654 2355 vior,
689 2281 839 2357 quia
891 2281 1106 2360 plures
1142 2282 1598 2361 longioresque
1630 2285 1695 2346 in
1733 2285 1842 2346 ilio
1880 2295 2210 2349 contentas
2247 2288 2712 2366 expositiones,
2756 2303 2900 2364 quin
2946 2283 3215 2344 fortasse
3261 2297 3433 2342 mera
3477 2278 3710 2339 addita-

490 2387 702 2441 menta
736 2388 908 2455 sunt,
949 2384 1390 2459 prtetermittit.
1427 2385 1547 2446 Sed
1583 2403 1680 2446 me
1711 2387 1982 2448 fortasse
2015 2387 2117 2449 hic
2147 2387 2492 2466 quisquam
2531 2385 2965 2461 iuterpellabit
2999 2399 3226 2459 rogans
3262 2402 3276 2440 :
3311 2382 3497 2441 Tune
3535 2378 3711 2456 igitur

487 2478 868 2540 OEcument’i
928 2481 1468 2542 Commentarium
1517 2482 1584 2542 in
1627 2482 2091 2562 TheOphylacti
2142 2484 2432 2548 editione
2483 2483 2670 2544 nobis
2719 2479 3344 2544 cxhibes‘iMinime
3390 2494 3564 2538 vero.-
3605 2478 3708 2536 Sed

487 2579 1030 2640 Commentarium
1065 2580 1546 2659 'l‘heOphylacto
1571 2591 1888 2661 ereptum,
1928 2584 2230 2646 Vaticano
2257 2584 2482 2646 codice
2509 2583 2891 2645 sententiam
2925 2598 3036 2660 pro
3072 2579 3185 2641 illo
3216 2577 3489 2650 ferente,
3518 2578 3708 2639 eidem

489 2679 970 2757 TheOphylacto
1001 2681 1306 2748 restituo;
1338 2683 1510 2760 quod
1565 2681 1630 2742 in
1663 2683 1793 2745 alio
1824 2683 2114 2762 ejusdem
2146 2683 2610 2745 commentario
2657 2680 2924 2759 contigit
2963 2677 3072 2756 (a).
3121 2681 3342 2753 Neque
3382 2677 3708 2754 quisquam

490 2779 597 2842 hic
624 2779 780 2840 milii
814 2783 1240 2844 ducentorum
1273 2783 1526 2844 circiter
1552 2801 1867 2846 annorum
1901 2786 2379 2864 possessionem
2412 2802 2528 2864 pro
2558 2783 2958 2846 OEcumenio
2990 2783 3303 2844 obtrudat.
3337 2785 3492 2844 Nam
3523 2798 3709 2856 prom-

491 2889 667 2958 ptum
702 2890 1155 2963 est-regerere,
1191 2901 1330 2945 eam
1363 2885 1628 2962 quidem
1668 2887 1743 2947 ad
1772 2887 1917 2947 lites
1946 2889 2025 2947 de
2061 2886 2442 2964 praediorum
2475 2871 2906 2963 possessione,
2943 2902 3069 2945 non
3103 2900 3250 2945 vero
3275 2884 3352 2945 de
3397 2892 3707 2944 auctorum

487 2980 908 3057 germanitate
938 2982 1338 3044 dirimendas
1371 2983 1609 3044 valere.
1645 2984 1708 3044 Si
1767 2984 1940 3045 enim
1991 2982 2322 3062 legitimus
2365 2985 2642 3064 alicujus
2672 2984 2887 3064 Operis
2938 2990 3161 3045 auctor
3200 2983 3437 3044 vet-usti
3487 2980 3708 3043 codicis

487 3079 866 3140 auctoritate
897 3079 1254 3156 delegatur,
1292 3080 1386 3140 illi
1426 3080 1712 3159 profecto
1743 3082 2216 3144 restituendum
2247 3081 2420 3161 quod
2457 3083 2786 3160 pr0prium
2839 3081 3051 3158 ipsius
3098 3097 3238 3142 esse
3289 3078 3705 3158 cognoscitur,

490 3178 664 3241 nulla
700 3177 910 3239 habita
952 3180 1198 3242 ratione
1230 3181 1536 3259 temporis
1569 3180 1668 3241 vel
1710 3180 2185 3258 possessionis;
2224 3179 2578 3258 prresertim
2610 3181 2662 3242 si
2706 3179 2838 3241 hinc
2867 3177 3007 3238 sine
3044 3177 3256 3256 justo,
3285 3185 3362 3239 ut
3385 3178 3512 3238 dici
3539 3176 3704 3249 solet,

488 3277 680 3339 titulo
725 3276 1048 3364 acquisita
1098 3278 1208 3348 sit.
1247 3289 1319 3341 ut
1376 3279 1439 3341 in
1485 3279 1822 3357 praisentia
1863 3278 2134 3340 arbitror
2190 3276 2564 3355 contigisse.
2616 3279 2769 3338 Nam
2813 3278 3096 3337 Donatus
3134 3273 3562 3344 Veronensis,
3611 3270 3702 3350 qui

489 3375 1033 3438 Commentarium
1078 3376 1261 3438 illum
1303 3377 1706 3438 OEcumenio
1753 3376 2162 3455 inscriptum,
2216 3379 2431 3439 Graece
2485 3383 2760 3449 tantum,
2804 3374 3088 3456 vulgavit
3119 3375 3407 3436 omnium
3458 3373 3700 3451 primus,

487 3473 771 3545 nullum,
823 3491 937 3536 cur
973 3474 1044 3558 ei
1091 3473 1473 3538 tribuendus
1521 3476 1624 3548 sit,
1670 3474 2166 3538 fundamentum
2218 3483 2327 3537 aut
2378 3474 2637 3537 titulum
2691 3477 2908 3544 affert;
2963 3475 3326 3537 Hentenius
3377 3492 3553 3546 vero,
3607 3472 3700 3552 qui

487 3576 788 3638 eumdem
830 3577 1051 3639 Latine
1089 3577 1158 3639 in
1192 3577 1402 3640 lucem
1455 3579 1695 3653 emisit,
1730 3579 1798 3641 in
1830 3579 2218 3641 OEcumenii
2257 3576 2540 3640 favorem
2571 3577 2770 3640 solam
2800 3578 2983 3639 atl‘ert
3030 3577 3180 3656 styli
3225 3574 3695 3637 similitudinem

485 3696 631 3740 cum
660 3678 792 3741 alio
824 3681 1302 3744 Commentario
1334 3700 1529 3761 quem
1562 3682 1952 3744 OEcumenii
1987 3699 2130 3743 esse
2155 3680 2305 3760 jure
2329 3679 2610 3742 dubitari
2645 3695 2773 3742 non
2801 3687 3032 3758 potest.
3067 3679 3187 3740 Sed
3222 3677 3340 3738 hoc
3387 3691 3700 3754 argumen-

483 3783 651 3850 tum,
686 3795 831 3840 cum
870 3781 1251 3860 plerumque
1285 3781 1710 3858 imbecillum,
1753 3789 1888 3842 tum
1916 3781 1983 3842 in
2018 3781 2139 3842 hoc
2181 3799 2450 3860 Operum
2501 3799 2738 3861 genere
2778 3781 3026 3844 nullius
3075 3782 3259 3860 plane
3293 3781 3546 3842 roboris
3574 3790 3695 3839 ert:

487 3876 621 3938 haec
648 3879 850 3953 enim,
881 3897 1026 3944 cum
1052 3881 1286 3943 alienis
1332 3882 1718 3961 plerumque
1751 3889 2045 3944 contexta
2081 3883 2211 3943 sint
2263 3883 2495 3956 verbis,
2538 3900 2742 3944 unum
2777 3883 3211 3962 eumdeinque
3243 3882 3484 3960 stylum
3515 3881 3693 3941 conti-

487 3987 718 4043 nenter
751 4001 878 4061 prin
899 4001 968 4046 se
991 3983 1158 4046 ferre
1180 4001 1306 4047 non
1344 3995 1637 4064 possunt.
1659 3987 1736 4048 Et
1764 4003 1918 4047 sane
1944 3986 2008 4047 in
2041 3986 2162 4049 hoc
2189 3987 2657 4050 Commentario
2697 3987 2997 4066 pleraque
3029 4005 3102 4048 ex
3139 3985 3610 4064 Chrysostomo,
3643 3984 3699 4042 il-

487 4080 618 4141 iius
655 4098 918 4162 quoque
953 4085 1168 4146 verbis
1201 4085 1584 4164 plerumque
1625 4086 1913 4160 retentis,
1971 4095 2254 4150 mutuata
2292 4095 2474 4156 sunt;
2505 4087 2628 4148 alia
2675 4103 2750 4148 ex
2783 4087 2930 4149 aliis
2967 4086 3258 4147 Patribus
3304 4133 3319 4148 .
3359 4087 3532 4166 quod
3570 4085 3693 4164 qui-

484 4183 632 4245 dem
669 4193 914 4246 constat
944 4205 1021 4247 ει
1054 4203 1132 4249 eo
1163 4188 1336 4267 quod
1377 4190 1559 4266 plura
1594 4189 1655 4250 in
1701 4191 2068 4251 Graecorum
2105 4190 2379 4262 Catenis,
2418 4196 2488 4249 ut
2515 4190 2717 4262 aiunt,
2759 4190 3000 4252 eisdem
3034 4188 3246 4250 verbis
3289 4204 3588 4264 expressa
3628 4185 3698 4244 lc-

485 4291 740 4362 gantur.
769 4286 1036 4348 Ubinam
1066 4305 1221 4367 ergo
1251 4288 1632 4350 OEcumenii
1663 4290 1914 4368 stylus?
1952 4292 2105 4353 Cum
2135 4290 2240 4350 hic
2269 4305 2398 4350 non
2431 4289 2510 4351 de
2542 4297 2822 4358 auctore,
2856 4289 2966 4350 sed
3003 4289 3081 4349 de
3113 4288 3452 4350 collectore
3482 4293 3679 4363 agatur

483 4385 561 4446 ad
591 4385 738 4461 alia,
777 4385 832 4447 si
878 4404 1024 4466 quas
1070 4387 1224 4460 sint,
1263 4398 1638 4468 argumenta
1679 4389 2029 4470 confugere
2061 4398 2336 4470 oportet.
2387 4392 2466 4451 At
2507 4389 2684 4452 nulla
2738 4398 3089 4467 suppetunt
3132 4405 3243 4468 pro
3288 4386 3673 4450 OEcumcnio

480 4493 769 4553 Donatus
796 4493 1060 4571 quidem
1103 4495 1500 4556 Veronensis
1540 4512 1736 4573 supra
1786 4494 2086 4557 laudatus
2121 4494 2190 4555 in
2238 4495 2454 4556 Grieca
2487 4494 2565 4555 ad
2604 4493 2906 4556 lectorem
2956 4493 3240 4572 Epistola
3287 4491 3557 4554 editioni
3588 4506 3684 4550 sua

482 4595 738 4673 praefixa
776 4595 976 4656 multa
1026 4595 1091 4656 in
1144 4595 1204 4656 id
1237 4606 1628 4674 argumenta,
1665 4604 1839 4658 πολλὰ
1867 4607 2144 4676 τεκμήρια
2174 4597 2239 4658 in
2279 4604 2576 4675 promptu
2616 4613 2685 4658 se
2721 4595 2953 4656 habere
2991 4595 3256 4656 afﬁrmat
3289 4612 3304 4656 :
3336 4615 3470 4676 qua:
3501 4607 3696 4656 tamen.

485 4693 736 4770 subdit,
768 4713 898 4756 non
917 4694 1142 4775 aﬂ'cro,
1173 4715 1249 4755 ne
1271 4697 1339 4756 in
1360 4698 1562 4774 specie
1589 4697 1918 4776 Epistulae,
1953 4697 2098 4776 plus
2117 4717 2298 4778 quam
2317 4696 2585 4768 deceret,
2615 4695 2913 4774 prolixus
2940 4713 3153 4769 essem,
3186 4704 3268 4756 ἴνα
3301 4703 3379 4774 μὴ
3410 4706 3468 4756 ὲν
3491 4705 3698 4773 σχήματι

491 4806 815 4876 Ἐπιστολῆς
845 4805 1130 4877 πέραντοῦ
1155 4806 1364 4870 δέοντος
1385 4807 1801 4878 μακρολογήσω.
1845 4803 1925 4859 At
1959 4817 2015 4878 et

2177 4799 2377 4860 iidem
2411 4797 2708 4858 lubenter
2755 4795 2934 4856 illius
2967 4796 3400 4874 prolixitatem
3441 4795 3701 4871 epistolis

480 4899 806 4972 tulissem,
852 4907 920 4960 ut
948 4898 1321 4976 hujnsmodi
1355 4908 1749 4974 argumenta,
1798 4916 1916 4959 seu
1967 4901 2371 4977 conjecturas
2413 4898 2480 4958 in
2522 4903 2742 4974 aperto
2791 4903 3060 4974 poneret
3095 4914 3108 4958 :
3153 4896 3311 4972 quin
3347 4907 3407 4958 et
3442 4897 3694 4976 simplici

483 5003 626 5079 ejus
666 4999 1038 5061 testimonio
1071 4999 1256 5061 fidem
1282 5015 1409 5060 non
1437 5000 1875 5074 detrectarem,
1918 4999 2043 5061 nisi
2078 4998 2368 5060 Vaticani
2400 4998 2642 5059 codicis
2672 4997 3017 5059 auctoritas
3047 4997 3126 5058 ab
3154 4997 3293 5075 ejus
3327 5016 3426 5059 me
3460 5008 3702 5060 senten-

480 5104 570 5166 tia
599 5108 912 5164 avocaret.
947 5100 1354 5179 Quanquam,
1385 5115 1466 5160 ne
1496 5099 1653 5178 quid
1685 5100 2125 5170 dissimulem,
2149 5097 2544 5159 diminutum
2571 5097 2863 5158 nonnihil
2898 5097 2982 5158 sit
3018 5097 3303 5159 Vaticani
3339 5099 3579 5160 codicis
3611 5098 3706 5158 hac

482 5213 562 5271 de
595 5225 660 5270 re
686 5205 1160 5268 testimonium.
1196 5207 1334 5266 Non
1364 5205 1536 5266 enim
1570 5203 1957 5283 simpliciter
1985 5203 2107 5263 hoc
2135 5218 2324 5281 Opus,
2352 5207 2422 5262 ut
2451 5199 2571 5262 fert
2602 5200 3032 5274 consuetudo,
3057 5200 3438 5264 inscribitur
3473 5224 3488 5263 :
3518 5213 3706 5280 Θεοφυο

479 5315 1019 5387 λάκτουἙρμηνεια,
1057 5303 1507 5382 Theophylactt'
1536 5304 2003 5366 Commentariu

2191 5303 2207 5362 1
2235 5304 2724 5383 lntcrpretatio;
2754 5307 2863 5365 sed
2902 5325 2918 5363 :
2957 5312 3260 5382 Ἐρμηνεῐα
3283 5312 3393 5366 ἀπὸ
3421 5314 3515 5383 τῆς
3546 5311 3707 5382 φωνῆς

483 5414 894 5484 θεοφυὶάκτου.
915 5431 970 5472 κ.
995 5431 1047 5466 τ.
1078 5413 1153 5476 )..,
1188 5404 1693 5467 Commentarius
1727 5405 1824 5464 vel
1859 5404 2007 5464 Iule:

2187 5405 2316 5465 alio
2349 5423 2428 5465 ex
2454 5423 2601 5465 voce
2654 5403 3129 5481 Theophylacli,
3181 5413 3302 5464 etc.
3347 5405 3426 5463 At
3462 5404 3610 5482 quid
3643 5417 3705 5462 ex

497 5502 872 5582 hujusmodi
913 5501 1364 5581 inscriptionis
1397 5501 1772 5564 diversitate
1799 5500 2018 5580 colligi
2049 5509 2265 5582 queat,
2300 5503 2466 5565 haud
2499 5502 2820 5581 intelligo,
2857 5503 3008 5575 nisi,
3049 5501 3147 5562 vel
3179 5503 3349 5564 hunc
3388 5504 3704 5564 Commea-

560 5718 637 5800 (ᾳ)
691 5718 1134 5774 Commentarius
1219 5718 1610 5790 'l'hcophylacti
1673 5720 1725 5774 in
1781 5718 2053 5789 Epistolas
2092 5719 2242 5774 Pauli
2276 5721 2454 5790 primo
2479 5720 2659 5774 editus
2681 5727 2764 5774 cst
2797 5735 2824 5773 ιι
2851 5717 3088 5774 Porsena
3119 5716 3223 5773 sub
3286 5718 3508 5772 nomine
3571 5711 3705 5766 Atim-

483 5804 646 5843 παθη.
