3860 6594
144 481 249 555 Ηῖξ
936 490 1022 552 I-N
1063 488 1505 565 SEQUENTIA
1534 492 1668 553 ΤΗΙ

1841 495 2120 559 nam
2153 461 2493 564 scalpra.
3265 499 3365 565 tit.

146 598 358 663 tarium
388 615 469 662 ex
502 598 860 675 oreiipsius
889 599 1387 680 'I‘heOphylacti,
1411 604 1565 666 dum
1593 607 1744 669 Acta
1773 610 2212 687 apostolorum
2256 616 2495 693 populo
2525 633 2644 677 suo
2673 617 3062 695 explanaret‘,
3098 629 3129 678 a
3160 614 3371 693 tachy-

150 700 370 779 grapho
397 701 626 782 aliquo
657 711 995 781 exceptum
1028 719 1205 777 esse;
1247 704 1355 767 vel
1378 722 1455 766 ex
1485 706 1616 770 alio
1639 707 1884 774 fusiore
1917 713 2206 792 ejusdem
2247 717 2716 780 Commentario
2740 720 3212 798 depromptum.
3246 717 3366 778 Srd

153 810 436 865 neutrum
476 819 557 863 ex
607 800 707 863 bis
744 802 1121 880 contigisse,
1164 819 1531 883 quanquam
1591 807 1971 871 alterutrum
2026 812 2101 871 ad
2142 831 2290 873 eum
2329 813 2809 894 Theophylacto
2864 817 3368 898 adjudicandum

142 900 479 973 sufﬁceret,
515 909 895 980 argumento
937 909 1034 963 est
1083 902 1318 963 similis
1363 904 1713 979 inscriptio
1754 909 1923 986 praui
1943 926 2015 970 xa
2099 913 2412 975 Prommio
2459 916 2908 978 Commentarii
2957 918 3248 998 ejusdem
3301 917 3366 978 in

146 1006 404 1078 quatuor
435 1000 827 1077 Evangelia,
848 1001 1022 1079 quod
1057 1009 1261 1063 exstat
1293 1003 1359 1063 in
1393 1003 1780 1069 bibliotheca
1817 1009 2629 1076 Ctesareo-Vindobonensi
2657 1016 2875 1079 codice
2904 1018 3044 1092 271,
3076 1036 3219 1098 qum
3249 1017 3369 1081 hoc

94 1118 101 1123 ‘
144 1102 317 1162 modo
367 1119 438 1164 se
508 1101 703 1165 habet
764 1120 780 1163 τ
854 1112 1155 1182 Ἐρμηνεία
1211 1112 1321 1166 τῶν
1378 1118 1660 1188 τεσσάρων
1696 1119 2047 1187 Εὐαγγεὶιῶν
2105 1122 2214 1176 ἀπὸ
2274 1126 2459 1195 φωνῆς
2503 1125 2884 1193 Θεοφυλὰκτου
2937 1131 3368 1203 ἀρχιεπισκόπου

143 1208 481 1279 Βουλγαρίις,
515 1200 972 1280 Interpretatio
995 1214 1268 1280 quatuor
1285 1204 1776 1283 Evangeliomm
1794 1218 1874 1270 ex
1899 1228 2044 1272 voca
2071 1213 2518 1294 Theophylacti
2533 1200 2995 1300 archiepiscopi
3010 1224 3367 1302 Bulgaria:

144 1311 195 1362 et
222 1312 422 1361 tamen
457 1300 640 1379 quod
677 1301 919 1363 ibidem
955 1303 1256 1379 sequitur
1284 1304 1666 1367 Praemium
1693 1309 1761 1369 in
1789 1321 2065 1387 quatuor
2091 1314 2438 1394 Evangelia
2469 1325 2566 1380 est
2595 1319 2762 1382 illud
2788 1321 2955 1382 idem
2976 1300 3153 1401 quod
3186 1323 3366 1384 codi-

145 1417 235 1463 ces
266 1399 307 1459 ii
357 1397 739 1476 prefer-unt,
775 1401 888 1479 qui
921 1412 1234 1466 consueta
1266 1413 1664 1483 praenotantu

1848 1413 2109 1490 graphe,
2135 1416 2441 1479 nimirum
2478 1439 2494 1479 :
2524 1426 2902 1496 Θεοφυλάκτου
2941 1397 3235 1499 Ἐξομηνείσι
3291 1432 3372 1492 εἰς

140 1511 359 1581 τέσπαρα
382 1509 718 1578 liburnam,
760 1503 1214 1582 Theophylacti
1243 1507 1700 1585 lnterprelatio
1724 1508 1804 1569 in
1821 1521 2098 1589 quatuor
2126 1515 2506 1594 Evangelia;
2540 1520 2836 1600 quamvis
2874 1520 3014 1599 ipse
3039 1504 3375 1585 Commen;

145 1604 321 1665 terius
348 1604 414 1664 in
440 1602 639 1666 citato
669 1605 923 1680 codice,
962 1609 1182 1671 nescio
1214 1626 1340 1688 qua
1392 1614 1472 1671 de
1505 1628 1719 1687 causa,
1764 1629 1893 1674 non
1929 1625 2131 1678 exstet
2159 1633 2191 1679 ε·
2215 1624 2310 1680 est
2339 1621 2582 1701 quippe
2628 1624 3012 1688 Prommium
3052 1627 3130 1688 ab
3162 1625 3371 1704 ipsius

143 1704 580 1766 Commentarii
610 1720 878 1785 corpore
907 1706 1230 1768 avulsum.
1263 1711 1562 1771 Fortasse
1595 1710 1711 1786 iis,
1738 1712 1848 1792 qui
1884 1715 1969 1774 ita
2020 1715 2432 1797 inscripsere,
2469 1732 2642 1801 φωνὴ,
2673 1742 2824 1798 vox,
2861 1726 3130 1804 perinde
3170 1735 3263 1786 est
3303 1743 3375 1788 ac

144 1798 466 1880 Expositio
493 1826 517 1873 ,-
564 1821 700 1884 quo
730 1806 922 1868 etiam
955 1806 1021 1869 in
1060 1824 1256 1870 sensu
1281 1816 1525 1886 γλῶσσα,
1560 1810 1781 1891 lingua
1824 1811 2149 1877 interdum
2200 1798 2579 1897 usurpatur.
2608 1798 2754 1884 llaec
2790 1798 3124 1905 aliquanto
3161 1827 3374 1890 fusius

144 1909 494 1979 persecutus
523 1922 697 1978 sum,
724 1923 866 1980 Anon
904 1914 969 1970 ut
1004 1907 1175 1970 hunc
1205 1908 1749 1974 Commentarium
1780 1921 1957 1978 certo
1997 1915 2316 1980 vindicem
2359 1916 2869 2002 TheOpb-ylact‘o,
2894 1925 3066 2003 quod
3094 1944 3211 1988 nec
3238 1927 3370 1989 fieri

150 2017 317 2080 posse
346 2018 700 2082 cognosco,
731 2024 877 2069 cum
908 2007 1083 2070 alius
1109 2010 1308 2071 codex
1339 2025 1549 2089 teque,
1579 2012 1681 2074 sin
1721 2013 1951 2092 magis,
1983 2023 2275 2080 vetustus
2317 2017 2513 2081 alium
2546 2021 3009 2102 diversumque
3031 2026 3372 2088 Commen-

92 2144 95 2149 η
148 2102 351 2165 larium
386 2105 459 2167 in
489 2107 720 2171 eadem
758 2110 1197 2190 apostolorum
1235 2115 1383 2174 Acta
1427 2113 1916 2196 TheOphylacto
1960 2118 2202 2181 diserte
2236 2119 2499 2197 tribuat,
2548 2122 2603 2184 is
2656 2140 2915 2201 nempe,
2943 2124 3052 2204 qui
3085 2141 3117 2184 a
3158 2124 3374 2187 Silano

148 2210 226 2265 est
253 2204 504 2280 editus;
572 2208 688 2271 sed
717 2217 787 2273 ut
814 2226 1039 2274 eorum
1074 2213 1458 2275 sententiam
1496 2214 1761 2278 minime
1800 2216 2286 2296 improbandam
2319 2222 2755 2295 ostenderem,
2789 2222 2899 2302 qui
2942 2239 3090 2284 eum
3139 2223 3202 2284 in
3239 2231 3372 2284 ter-

151 2305 226 2368 tio
251 2304 437 2385 hujus
469 2308 790 2373 editionis
825 2313 1160 2375 volumine
1184 2313 1395 2376 locum
1430 2313 1666 2377 habere
1698 2316 2072 2392 voluerunt,
2110 2320 2354 2382 tametsi
2383 2321 2652 2384 maxima
2686 2340 2764 2384 ex
2791 2334 2963 2401 parte
2991 2324 3373 2403 jampridem

150 2407 252 2469 sub
293 2410 680 2473 ()Ecumenii
726 2402 987 2476 nomine
1044 2415 1418 2494 prodiisset.
1470 2416 1590 2478 Sed
1638 2425 1701 2479 et
1740 2434 1815 2481 eo
1853 2420 2055 2498 magis
2105 2420 2262 2481 mihi
2302 2420 2436 2485 haec
2475 2422 2852 2484 disserenda
2907 2424 3150 2502 putavi,
3198 2426 3371 2500 quod

150 2509 526 2573 OEcumenio
559 2512 759 2575 etiam
787 2514 1305 2578 Commentarius
1352 2517 1711 2596 insequens
1748 2519 2082 2597 eripiatur.
2111 2521 2254 2595 Quo
2274 2521 2423 2602 jure
2471 2522 2661 2599 paulo
2697 2530 2838 2602 post
2896 2514 3373 2597 demonstrabo,

153 2608 243 2669 ubi
278 2609 546 2687 primum
580 2613 925 2680 absolvero
953 2632 1029 2680 ea
1056 2635 1202 2696 quae
1231 2619 1310 2681 de
1346 2619 1542 2682 hocce
1575 2620 2052 2685 Commentario
2088 2623 2243 2685 mihi
2277 2623 2486 2686 adhuc
2516 2624 2797 2686 dicenda
2825 2633 3205 2704 supersunt.

213 2713 340 2777 νη.
375 2714 494 2777 Ubi
527 2717 1083 2784 Commentarium
1127 2720 1298 2784 hunc
1330 2739 1476 2786 cum
1512 2723 2031 2799 Olicumeniano,
2064 2727 2149 2787 ita
2173 2742 2321 2788 eum
2351 2726 2628 2803 appello,
2668 2725 2791 2806 qui
2812 2725 2956 2806 ejus
2985 2724 3375 2787 nominein-

155 2813 396 2892 scriptus
420 2817 690 2894 prodiit,
721 2822 911 2884 modo
935 2839 1132 2901 supra
1171 2823 1344 2885 dicto
1372 2839 1731 2903 congruere
1787 2826 2235 2901 animadverti,
2270 2826 2528 2906 quoties
2559 2842 2776 2888 meum
2836 2826 3181 2905 exemplari
3206 2840 3389 2885 mene

158 2914 353 2978 desum
398 2926 507 2982 aut
536 2921 844 2986 mutilum
899 2942 1064 3001 esse,
1096 2928 1269 3007 quod
1329 2921 1708 3006 frequenter
1740 2930 2033 3009 contigit,
2112 2929 2513 3008 suspicabar,
2561 2931 2773 3009 ipsum
2803 2930 2961 3005 adii,
2988 2938 3061 2992 ut
3109 2929 3377 2991 detectis

158 3014 498 3078 medicinam
557 3021 945 3086 vulneribus
988 3024 1376 3102 reperirem;
1423 3028 1597 3107 quod
1656 3026 2042 3108 plerumque
2072 3027 2353 3093 feliciter
2408 3030 2834 3093 succedebat:
2872 3029 3197 3110 siquidem
3268 3029 3383 3089 ille

160 3126 224 3174 ex
256 3115 543 3180 nitidiore
615 3121 950 3201 magisque
1009 3121 1262 3201 integro
1316 3125 1537 3189 codice
1571 3125 1957 3202 desumptus
1998 3141 2142 3188 esse
2198 3124 2479 3190 videtur.
2521 3127 2851 3187 Interdum
2896 3133 3106 3188 tamen
3140 3131 3380 3185 textus

162 3220 398 3292 aterque
423 3228 771 3298 corruptus
792 3222 951 3286 mihi
987 3225 1166 3288 visus
1198 3234 1316 3301 est,
1348 3229 1520 3308 quod
1559 3234 1787 3291 neuter
1817 3245 2179 3308 congruum
2209 3246 2471 3292 sensum
2498 3228 2655 3290 mihi
2679 3227 2998 3291 funderet.
3036 3231 3197 3290 Tum
3232 3244 3385 3289 vero

166 3315 242 3378 vel
274 3319 340 3380 ad
369 3320 772 3386 Sifanianum
828 3326 1399 3402 Commentarium,
1433 3328 1528 3391 vel
1592 3332 1673 3391 ad
1713 3327 2152 3410 apographum
2199 3331 2676 3404 Florentinum,
2717 3329 2814 3391 vel
2871 3329 2949 3392 ad
2992 3330 3383 3408 pracipuum

164 3422 408 3485 omnium
442 3422 692 3488 fontem
730 3424 1278 3508 Cbrysostomum,
1315 3438 1374 3492 et
1406 3431 1795 3511 quandoque
1824 3431 1901 3495 ad
1958 3445 2185 3493 omnes
2208 3430 2358 3493 illos
2394 3428 2867 3509 confugiebam.
2900 3428 3225 3492 Nonnulla
3260 3429 3383 3489 hu-

167 3514 246 3587 ius
274 3522 352 3583 rei
398 3526 789 3604 exemplain
821 3527 1133 3594 inferiore
1178 3531 1465 3613 margine
1522 3532 1892 3612 paginarum
1936 3533 2237 3594 adnotata
2276 3531 2474 3594 lector
2529 3531 2874 3594 observare
2912 3530 3167 3608 poterit.
3227 3531 3384 3592 Cum

168 3639 288 3687 vero
306 3635 472 3694 recte
501 3648 583 3694 se
607 3629 874 3695 habebat
904 3649 1164 3708 sensus,
1195 3635 1314 3699 etsi
1346 3635 1631 3698 viderem
1654 3633 2204 3715 Chrysostomum,
2238 3641 2347 3697 aut
2378 3631 2663 3714 aliquem
2699 3651 2774 3696 ex
2811 3635 3176 3696 memoratis
3206 3635 3388 3694 Coun-

171 3733 452 3797 mentariis
487 3736 594 3798 vel
623 3736 863 3811 verbis,
908 3737 1010 3801 vel
1042 3738 1269 3802 ordine
1309 3739 1705 3819 discrepare,
1738 3737 1900 3802 nihil
1931 3739 1999 3801 in
2036 3738 2389 3819 exemplari
2429 3752 2574 3801 meo
2607 3735 3078 3799 immutandum
3102 3737 3330 3798 censui
3369 3757 3384 3796 :

172 3842 270 3895 non
306 3837 464 3899 enim
511 3839 684 3903 alios
722 3854 1150 3922 quoscunque
1208 3838 1761 3916 Commentarios,
1813 3840 2232 3924 quantumvis
2297 3839 2622 3901 interdum
2674 3838 2772 3901 vel
2815 3837 3023 3916 cupia,
3085 3836 3185 3900 vel
3227 3854 3384 3900 ροη-

172 3931 430 4002 cinnitate
461 3939 923 4019 prmferendos,
953 3942 1067 4005 sed
1112 3942 1284 4005 hunc
1315 3943 1621 4007 duntaxat
1658 3941 2042 4007 Vaticanum
2069 3941 2262 4005 edere
2314 3938 2470 4039 mihi
2505 3939 2929 4001 constitutum
2965 3945 3137 4001 erat:
3164 3955 3401 4039 quam-g

172 4032 352 4098 obrem
409 4041 485 4103 de
541 4041 666 4104 illo
705 4042 1149 4106 tantummodo
1183 4043 1569 4124 corrigendo
1600 4052 1662 4108 et
1702 4062 1735 4106 a
1798 4044 2216 4107 librariorum
2266 4037 2529 4121 injuriis
2560 4039 2951 4102 vindicando
3005 4039 3162 4101 mihi
3212 4040 3390 4101 labo-

173 4142 400 4208 randum
432 4146 828 4211 existimavi.
858 4148 1028 4211 Hinc
1057 4149 1249 4213 etiam
1281 4151 1365 4213 ita
1404 4150 1593 4213 illum
1627 4147 2085 4214 excudendum
2131 4149 2379 4224 curavi,
2410 4155 2480 4211 ut
2507 4161 2639 4226 quo
2679 4145 2946 4224 propius
2981 4145 3113 4207 ﬁeri
3147 4153 3388 4226 posset,

174 4238 501 4313 Yaticanum
537 4251 757 4330 ipsum
791 4251 1080 4314 codicem
1114 4260 1623 4331 reprmsentaret.
1672 4255 1875 4329 Quam
1909 4252 1992 4315 ob
2019 4267 2301 4327 causam,
2335 4265 2481 4315 cum
2515 4250 2580 4312 in
2614 4245 2924 4310 Vaticano
2948 4246 3171 4309 codice
3203 4263 3393 4309 sacra:

173 4340 466 4423 Scriptura
502 4359 723 4418 textus
754 4352 818 4414 in
848 4352 1075 4428 varias,
1125 4372 1273 4435 qua;
1300 4371 1332 4415 a
1370 4353 1608 4416 Graacis
1637 4353 1703 4416 in
1731 4371 1904 4417 sacra
1942 4352 2224 4432 liturgia,
2269 4351 2554 4415 Pasrhali
2589 4358 2900 4429 tempore,
2947 4350 3389 4427 perleguntur,

178 4443 439 4516 lectiones
467 4454 851 4535 dispertitus
878 4456 1085 4536 primo
1125 4444 1527 4525 exhibeatur.
1564 4463 1625 4520 et
1667 4472 1798 4536 quo
1831 4468 2106 4536 qumque
2141 4454 2247 4516 die
2295 4453 2374 4514 ab
2409 4452 2654 4514 eisdem
2682 4447 3007 4512 recitanda
3041 4448 3148 4519 sit,
3200 4449 3393 4507 adno.

176 4538 314 4611 te‘tur
340 4574 355 4625 ;
381 4572 450 4617 ac
481 4564 785 4634 prmterea
817 4556 1068 4636 integer
1098 4558 1372 4621 Actuum
1407 4557 1844 4637 apostolorum
1877 4556 2039 4618 liber
2086 4571 2214 4618 non
2246 4554 2311 4616 in
2357 4561 2499 4616 octo
2531 4564 2726 4631 supra
2778 4547 3055 4658 Vigi'lliv_
3095 4553 3165 4608 υί
3221 4547 3391 4658 θννξί

178 4658 272 4710 nos
301 4655 673 4739 Graecosque
729 4653 1185 4734 communiter,
1228 4661 1344 4723 sed
1386 4659 1452 4722 in
1497 4659 1915 4739 quadraginta
1952 4660 2159 4739 capita
2213 4652 2582 4729 dividatur;
2633 4653 2754 4717 hoc
2788 4660 2989 4716 totum
3036 4651 3176 4727 ipse
3240 4651 3395 4708 reti-

180 4754 420 4818 nendum
451 4758 695 4837 putavi.
736 4759 1026 4824 Attamen
1062 4768 1128 4824 ut
1158 4756 1600 4824 studiosorum
1632 4764 1970 4825 commodo
2016 4767 2077 4823 et
2110 4758 2376 4824 utilitati
2406 4755 2841 4830 consulerem,
2878 4769 3023 4816 cum
3049 4751 3126 4814 ad
3171 4747 3395 4810 latera-

184 4852 284 4917 lem
311 4863 672 4943 marginem,
711 4871 843 4928 tum
873 4866 939 4927 in
970 4858 1181 4927 fronte
1231 4863 1609 4944 paginarum
1666 4865 2042 4926 earumdem
2075 4863 2355 4944 capitum
2389 4875 2729 4925 numerum
2755 4857 2942 4939 juxta
2979 4853 3167 4967 nobis
3217 4850 3394 4967 Grie-

180 4954 370 5036 eisque
397 4974 759 5028 consuetam
796 4965 1206 5045 partitionem
1233 4965 1525 5046 adjunxi.
1558 4960 1726 5038 Quia
1759 4982 1910 5027 vero
1940 4965 2254 5044 prmdictce
2281 4962 2594 5026 lectiones
2627 4975 2753 5021 non
2811 4973 2957 5019 sese
2988 4956 3130 5016 sine
3184 4950 3398 5013 medio

181 5059 500 5139 excipiunt,
525 5065 640 5128 sed
670 5062 861 5127 modo
899 5065 1103 5145 plura,
1142 5066 1331 5129 modo
1370 5065 1694 5145 pauciora,
1740 5082 1884 5144 quae
1923 5065 1989 5128 in
2048 5082 2226 5127 sacra
2258 5062 2521 5141 liturgia
2561 5057 2807 5140 perlegi
2841 5069 3241 5165 nequaquam
3277 5067 3396 5165 .59-

186 5159 315 5238 lent,
344 5165 669 5250 interjecta
696 5168 1055 5233 identidem
1087 5177 1266 5245 sunt,
1312 5170 1461 5232 ideo
1491 5169 1604 5250 qui
1642 5169 2023 5232 Vaticanum
2053 5169 2343 5233 codicem
2389 5164 2702 5236 exaravit,
2754 5161 2827 5223 ad
2862 5156 3232 5267 earumdem
3271 5156 3390 5267 ini-

186 5266 320 5330 tium
343 5274 811 5355 terminumque
839 5274 1291 5350 indicandum,
1316 5275 1384 5337 in
1440 5272 1751 5352 margine.
1788 5272 1888 5336 vel
1913 5274 2105 5336 etiam
2160 5273 2332 5334 intra
2366 5268 2614 5350 paginw
2640 5279 2877 5376 corpus:
2917 5256 3219 5376 appesuil
3280 5253 3395 5376 lhas

188 5386 347 5436 voces
376 5398 392 5438 :
428 5378 591 5453 ἀρχὴ,
617 5356 896 5455 initium,
927 5380 1101 5453 τέλος,
1132 5379 1302 5459 ﬁnis.
1347 5381 1423 5440 Et
1451 5378 1604 5459 quia
1631 5394 1855 5442 omnes
1885 5378 2028 5441 ista;
2078 5377 2416 5450 lectiones,
2447 5366 2991 5481 quemadmpdum
3154 5367 3395 5430 nostra.

189 5471 261 5547 ita
293 5475 352 5540 in
376 5468 734 5547 Gratiarum
759 5483 1022 5563 liturgia
1056 5483 1385 5562 incipiunt
1442 5483 1545 5545 his
1578 5474 1713 5548 veri

1905 5487 1995 5542 Ἐν
2022 5486 2261 5567 ἐκείναις
2297 5467 2556 5554 ἡμέραις,
2628 5476 2707 5536 In
2742 5469 2955 5532 diebus
3016 5467 3189 5535 illis;
3231 5481 3396 5567 smpe

190 5576 349 5640 etiam
372 5581 575 5665 aliqua
604 5585 793 5648 verba
820 5587 898 5648 ad
923 5584 1257 5649 clariorem
1313 5602 1548 5649 sensus
1581 5585 2064 5649 inchoationem
2107 5580 2433 5644 adduntur
2485 5577 2578 5641 vel
2603 5581 3021 5652 repetuntur:
3070 5569 3202 5684 haec
3230 5585 3398 5684 quo-

191 5691 297 5755 que
324 5681 605 5751 librarius
652 5707 687 5752 e
739 5690 1004 5769 regione
1045 5689 1347 5770 ascripsit
1402 5689 1468 5753 in
1512 5689 1824 5769 margine.
1868 5691 2109 5751 Verum
2159 5701 2306 5746 cum
2356 5683 2489 5743 haec
2521 5680 2736 5742 minus
2778 5673 3135 5791 necessaria
3168 5672 3399 5791 forent,

193 5778 302 5844 imo
329 5786 587 5870 aliquam
612 5810 832 5872 parere
865 5793 1311 5857 confusionem
1372 5793 1722 5858 lectoribus
1763 5797 2044 5873 possent,
2073 5807 2151 5852 ex
2178 5787 2304 5851 alia
2337 5800 2486 5848 vero
2521 5793 2694 5863 parte
2738 5797 2867 5843 non
2892 5780 3048 5842 satis
3077 5784 3401 5895 Iactilll'lllu

191 5884 449 5953 adnotata
501 5896 908 5976 reperissem,
961 5898 1161 5962 satius
1201 5900 1357 5964 duxi
1398 5917 1472 5963 ea
1526 5916 1789 5978 prorsus
1825 5896 2165 5961 omittere:
2234 5890 2606 5972 praesertim,
2641 5905 2789 5953 cum
2820 5904 2900 5951 ex
2960 5883 3402 5949 ecclesiastico
