3860 6618
505 464 618 530 4τὸ
1557 473 1943 535 BONlF-ACII
1999 477 2303 538 FlNE’l‘TI
2342 479 2739 539 PREFATIO
3662 486 3742 551 416

507 578 871 639 Graecorum
915 576 1101 650 libro,
1135 577 1247 655 qui
1280 578 1621 659 Apostolus
1660 585 1851 663 vulgo
1889 586 2151 661 dicitur,
2185 590 2469 669 quisque
2511 589 2702 652 facile
2750 592 2987 654 rescire
3019 593 3244 669 possit,
3275 594 3445 674 quid
3482 612 3513 654 a
3550 599 3742 661 Gi‘ﬂ’t‘ls

508 696 585 740 ex
619 680 881 741 Actibus
903 681 1271 757 apostolicis
1306 685 1545 763 perlegi
1584 685 1650 747 in
1683 704 1859 750 sacra
1883 688 2144 769 liturgia
2180 691 2408 759 soleat,
2444 709 2515 752 ac
2539 710 2670 770 quo
2694 694 2900 770 capite
2932 709 3138 770 quove
3168 695 3404 772 ιτδι-ιὶιίδ
3441 713 3617 756 versu
3643 704 3745 762 sin-
3824 712 3825 775 ἦ

504 783 675 866 gulae
711 783 836 845 illa:
869 783 1176 847 lectiones
1209 792 1318 848 aut
1348 787 1655 866 incipiant
1684 799 1795 854 aut
1825 792 2144 855 desinant.
2181 795 2302 857 Sed
2337 794 2439 855 hic
2459 803 2801 873 antequam
2843 797 3004 858 ultra
3039 801 3458 875 progredior,
3493 801 3744 863 animat-

507 891 756 947 vertere
802 892 1056 962 prmstat
1100 903 1240 965 pag.
1291 889 1411 950 216
1443 892 1745 955 mendum
1780 891 2149 971 irrepsisse
2182 895 2250 956 in
2282 895 2685 972 designanda
2736 896 3092 971 Dominica,
3126 900 3200 960 ad
3255 916 3456 976 quam
3512 903 3745 976 pertinet

513 980 722 1052 lectio,
756 998 901 1058 quas
927 981 1012 1043 ibi
1052 985 1395 1064 sequitur:
1434 1005 1581 1050 nam
1622 1007 1736 1068 pro
1778 991 2112 1054 Dominica
2150 993 2423 1054 secunda
2450 1003 2596 1072 post
2633 995 2899 1067 Pascha,
2938 996 3281 1074 legendum
3308 1006 3437 1071 est,
3465 999 3749 1062 Dominico

467 1093 474 1100 ·
507 1077 777 1139 secunda
806 1080 1062 1143 Pascha:
1094 1083 1205 1164 (a).
1239 1086 1583 1162 Cmterum,
1614 1089 1845 1166 posito,
1891 1098 1959 1152 ut
1991 1091 2304 1164 diximus,
2347 1092 2693 1171 Scriptura)
2733 1102 2942 1168 textu,
2974 1096 3273 1174 sequitur
3308 1093 3381 1156 iu
3408 1096 3624 1157 codice
3655 1115 3750 1158 no-

508 1193 638 1243 stro
669 1186 1210 1262 Commentarius,
1241 1188 1431 1268 isque
1467 1194 1562 1254 vel
1604 1198 1873 1257 omnino
1901 1194 2108 1269 solus,
2143 1196 2263 1259 hoc
2285 1205 2404 1269 est,
2470 1214 2739 1275 prorsus
2786 1199 3050 1260 omissis
3091 1207 3305 1262 textus
3370 1200 3615 1272 verbis,
3673 1204 3747 1262 vel

511 1279 592 1340 iis
626 1286 1068 1347 tantummodo
1099 1289 1526 1366 compellatis,
1559 1311 1705 1371 quas
1733 1295 2230 1373 respondentem
2273 1296 2573 1358 inchoant
2620 1314 2900 1359 versum.
2941 1298 3077 1360 Hoc
3120 1315 3266 1359 cum
3298 1299 3747 1361 incommodum

512 1378 737 1441 lectori
768 1381 1061 1446 futurqu
1100 1389 1705 1468 animadverteram,
1730 1397 1904 1475 quod
1934 1392 2084 1456 hinc
2109 1397 2566 1459 Commentarii
2597 1414 2830 1461 sensus
2872 1399 3214 1461 obscurior
3252 1399 3585 1461 interdum
3626 1403 3746 1461 recl-

512 1488 796 1559 deretur,
833 1506 953 1568 ego
978 1492 1077 1552 sin
1117 1509 1395 1572 semper,
1431 1495 1806 1577 frequenter
1834 1507 2070 1572 tamen,
2105 1500 2340 1562 intacto
2410 1502 2671 1582 quidem
2724 1505 2940 1565 Graeco
2986 1512 3187 1574 textu,
3221 1503 3285 1565 in
3324 1503 3623 1566 versione
3665 1506 3750 1567 La-

516 1585 647 1647 tina
681 1588 1003 1664 paucailla
1027 1591 1376 1670 Scriptura;
1404 1596 1593 1657 verba
1640 1597 1889 1671 addidi,
1937 1614 2084 1676 qum
2146 1602 2220 1659 ad
2248 1600 2602 1662 faciliorem
2644 1601 3096 1664 Commentarii
3128 1601 3625 1678 intelligentiam
3658 1622 3746 1662 ne-

516 1692 793 1753 cessaria
824 1692 1229 1757 videbantur.
1266 1698 1743 1779 Nonnunquam
1786 1699 1981 1762 etiam
2012 1717 2205 1762 unam
2234 1701 2330 1762 vel
2365 1701 2628 1764 alteram
2664 1703 3066 1783 particulam,
3104 1704 3202 1766 vel
3244 1703 3566 1775 voculam,
3593 1720 3745 1783 quam

523 1802 733 1858 textus
766 1798 1021 1859 Graecus
1061 1815 1189 1860 non
1235 1799 1517 1871 haberet,
1570 1803 1846 1879 inserui,
1902 1820 2035 1885 quo
2077 1804 2475 1866 commodior
2510 1806 2590 1867 de
2635 1822 2761 1868 una
2799 1807 2875 1867 ad
2902 1806 3162 1869 alteram
3211 1806 3747 1868 commentationis

521 1907 762 1980 partem
801 1902 1102 1964 transitus
1132 1904 1329 1968 ﬁeret.
1368 1908 1440 1967 Et
1483 1906 1620 1970 haec
1648 1908 1914 1988 quidem
1945 1908 2025 1970 de
2061 1908 2254 1971 hocce
2329 1911 2833 1979 Commentario.
2898 1927 3174 1991 meoque
3211 1910 3277 1971 in
3331 1908 3523 1969 illum
3549 1908 3745 1969 labore.

600 2007 770 2069 VIII.
809 2009 1132 2087 Perpauca
1162 2027 1335 2073 nunc
1384 2013 1461 2073 de
1515 2013 1827 2075 Vaticano
1851 2014 2099 2083 codice.
2134 2014 2201 2073 in
2240 2031 2371 2091 quo
2437 2014 2546 2074 ille
2591 2014 2985 2087 continetur,
3013 2013 3283 2077 dicenda
3343 2016 3621 2072 manent.
3664 2008 3749 2068 Co-

522 2106 645 2166 dex
680 2106 816 2183 ille,
874 2118 940 2171 ut
970 2111 1163 2189 iipse,
1206 2113 1317 2193 qui
1349 2113 1895 2176 Commentarium
1946 2115 2311 2192 descripsit.
2349 2115 2686 2177 certiorem
2721 2133 2822 2177 me
2850 2116 3023 2189 fecit,
3056 2116 3227 2176 inter
3285 2112 3627 2173 Vaticanus
3676 2115 3748 2167 est

520 2210 749 2274 ordine
787 2216 1305 2278 scxcentesimns
1337 2217 1925 2296 quinquagesimus
1961 2219 2317 2289 secundus,
2356 2217 2423 2279 in
2448 2217 2605 2281 folio
2637 2221 2913 2294 minore,
2959 2218 3322 2282 initialibus
3362 2214 3593 2276 litteris
3621 2209 3750 2289 epti-

521 2329 627 2374 me
664 2312 950 2390 ﬁguratis
987 2319 1048 2374 et
1091 2312 1278 2390 pictis
1311 2321 1599 2375 ornatus.
1649 2319 1805 2377 Nota
1865 2317 2194 2394 temporis,
2228 2335 2358 2396 quo
2396 2318 2676 2397 scriptus
2697 2317 2843 2392 fuit,
2871 2331 3085 2396 caret;
3119 2318 3228 2379 sed
3260 2317 3522 2379 decimo
3565 2318 3745 2391 quarlo

522 2412 777 2475 circiter
838 2413 1077 2477 sacculo
1113 2423 1407 2478 exaratus
1455 2432 1536 2477 ex
1597 2416 1980 2479 characteris
2036 2416 2286 2478 ratione
2335 2417 2702 2496 conjicitur.
2752 2421 2986 2480 Praeter
3040 2416 3202 2489 alia,‘
3226 2415 3522 2479 continet
3583 2410 3749 2489 primo

522 2517 1093 2592 Commentarium,
1137 2535 1332 2598 quem
1358 2519 1642 2592 edimus,
1666 2520 1733 2582 in
1774 2524 1918 2583 Acta
1947 2521 2395 2600 apostolorum
2425 2542 2440 2583 :
2475 2522 2589 2584 cui
2613 2521 3020 2602 praemittitur
3050 2520 3249 2582 Index
3288 2518 3569 2596 capitum
3602 2515 3745 2575 istius

526 2617 697 2692 libri,
723 2620 997 2700 ejusque
1031 2623 1525 2701 Argumentum,
1557 2623 1922 2703 cujusmodi
1976 2633 2248 2700 exstant,
2309 2626 2418 2689 ille
2452 2624 2720 2704 quidem
2770 2631 2918 2684 ante
2988 2621 3423 2691 Sit‘anianum,
3488 2617 3599 2677 hoc
3639 2622 3747 2676 ante

520 2719 1086 2784 OEcumenianum
1122 2723 1692 2786 Commentarium.
1752 2723 2027 2785 Exhibet
2061 2731 2365 2802 praetcrea
2396 2725 2950 2802 Peregrinationes
2986 2721 3195 2793 Pauli,
3239 2727 3437 2797 prout
3468 2718 3529 2779 in
3561 2715 3746 2777 Miltia-

522 2834 605 2881 na
634 2818 792 2882 Novi
843 2820 1232 2883 Testamenti
1268 2822 1581 2895 editione,
1615 2830 1680 2885 et
1704 2825 1874 2899 apud
1909 2825 2387 2887 OEcumenium
2431 2823 2788 2894 habentur;
2853 2820 2974 2883 hoc
3023 2826 3116 2882 est
3153 2822 3346 2898 paulo
3380 2818 3564 2879 aliter
3609 2831 3667 2875 ac
3697 2813 3744 2872 iu

526 2921 721 2984 Silani
763 2921 1051 2985 editione
1092 2922 1421 3002 leguntur,
1463 2932 1525 2986 et
1572 2941 1608 2986 a
1644 2926 1831 2986 nobis
1874 2924 1980 2987 hic
2022 2934 2163 3001 post
2217 2926 2422 3004 ipsius
2462 2925 2660 2987 Silani
2716 2923 3038 3001 Epistolas
3093 2929 3154 2983 et
3202 2918 3592 3000 hypothesin
3632 2914 3743 2976 libri

530 3015 808 3082 Actuum
839 3019 1254 3098 proferuntur
1282 3019 1391 3101 (ὁ).

1931 3169 2215 3235 SECTIO
2246 3170 2365 3235 ιιι.

1441 3314 1526 3379 Dc
1556 3316 2015 3380 Commentario
2047 3319 2116 3379 in
2152 3317 2476 3397 Epistolas
2504 3317 2885 3381 Catholicae.

611 3458 726 3528 IX.
764 3464 885 3528 Diu
920 3465 1325 3546 multumque
1355 3467 1433 3529 ab
1480 3467 1675 3549 hujus
1720 3465 2025 3529 editionis
2062 3467 2465 3530 curatoribus
2512 3466 2866 3529 laboratum
2919 3471 3044 3539 est,
3080 3461 3467 3543 priusquam
3496 3458 3569 3518 tle
3597 3453 3743 3513 Ιιοαθ

534 3568 1005 3640 Commentario
1037 3569 1386 3632 emittendo
1421 3571 1488 3633 in
1528 3572 1732 3635 lucem
1781 3573 2229 3649 decernerent,
2282 3578 2395 3635 aut
2424 3571 2771 3635 decernere
2804 3589 2873 3633 se
2911 3570 3060 3650 jure
3096 3585 3282 3648 posse
3307 3566 3741 3629 arbitrarentur.

537 3669 810 3733 Polliciti
869 3672 1133 3752 quidem
1183 3671 1280 3735 illi
1347 3682 1550 3753 erant,
1594 3693 1740 3738 sese
1786 3675 1952 3738 inter
1982 3683 2210 3739 cmtera
2268 3674 2462 3740 etiam
2510 3675 2830 3738 ineditum
2881 3672 3428 3753 Theophylactiin
3472 3662 3741 3750 Epistolas

535 3776 892 3839 Catholica:
926 3779 1467 3842 Commentarium
1528 3797 1673 3843 esse
1717 3781 1981 3843 daturos
2026 3801 2042 3842 ε
2098 3780 2299 3862 idque
2332 3781 2484 3861 jure
2511 3779 2759 3859 Optimo
2796 3778 3091 3859 polliceri
3141 3785 3460 3857 poterant.
3493 3790 3622 3837 cum
3641 3769 3738 3849 jam

540 3879 943 3959 possiderent
977 3883 1265 3943 Grmcum
1300 3882 1840 3944 Commentarium
1874 3900 1952 3944 ex
1986 3882 2205 3947 codice
2248 3881 2688 3946 celeberrimm
2715 3879 3120 3944 bibliothecae
3152 3869 3745 3943 Caesareo-Vindelic-

537 3980 765 4042 nensis
801 3979 1219 4059 descriptum,
1252 3998 1445 4061 quem
1484 3980 1578 4045 Cl.
1613 3980 1991 4045 Lambecius
2021 3978 2088 4045 in
2123 3981 2611 4047 Commentariis
2635 3965 2928 4060 ejusdem
2961 3979 3373 4042 bibliothccm
3406 3978 3482 4041 ad
3512 3973 3740 4038 codicem

537 4082 682 4154 220,
721 4082 1264 4160 quemadmodum
1318 4082 1506 4145 etiam
1543 4083 1875 4146 Nesselius
1911 4084 2205 4164 ejusdem
2255 4082 2660 4146 abbreviator
2711 4081 2799 4144 ita
2851 4080 3330 4161 TheOphylacto
3370 4079 3663 4149 tribuunt,
3694 4080 3741 4131 ut

544 4185 789 4248 nullam
832 4185 911 4248 de
957 4188 1242 4266 genuino
1286 4186 1427 4267 ejus
1474 4194 1732 4251 auctore
1766 4182 2060 4269 ingeram
2088 4187 2555 4268 suspicionem,
2599 4185 2971 4265 nullamque
3013 4181 3740 4248 cuilibetdubitandian-

544 4304 678 4350 sam
709 4288 1147 4368 suppeditent.
1188 4290 1452 4361 Verum,
1488 4306 1632 4351 cum
1661 4288 1819 4351 illud
1846 4288 2286 4370 apographum
2316 4287 2656 4351 Latinitate
2685 4286 3053 4349 donandum
3079 4285 3233 4348 mihi
3266 4284 3566 4347 traditum
3594 4286 3740 4345 esset.

548 4391 847 4454 versione
886 4391 991 4453 vix
1022 4390 1339 4464 inchoata,
1372 4390 1451 4454 de
1486 4390 1688 4470 ipsius
1707 4398 1966 4453 auctore
2003 4389 2171 4453 haud
2201 4389 2438 4471 exigua
2475 4387 2633 4450 mihi
2670 4395 2765 4449 est
2796 4386 3016 4450 oborta
3040 4386 3329 4466 suspicio
3365 4407 3382 4448 :
3428 4392 3739 4459 tantumque

546 4510 619 4558 ea
657 4510 998 4575 prOgressu
1054 4492 1379 4556 versionis
1411 4491 1716 4568 excrevit,
1754 4501 1823 4554 ut
1862 4493 2084 4573 paucis
2121 4493 2298 4556 foliis
2331 4492 2552 4556 [satine
2584 4489 2872 4566 redditis,
2906 4490 2971 4552 i‘n
3009 4507 3147 4552 eam
3180 4490 3561 4552 sententiam
3590 4489 3738 4549 dere.

548 4597 780 4672 nerim,
837 4595 1376 4660 Commentariun]
1429 4594 1609 4658 illum
1670 4595 1774 4656 vix
1813 4611 1881 4657 ac
1934 4612 2013 4656 ne
2061 4594 2169 4656 vix
2222 4594 2489 4675 quidem
2532 4611 2678 4656 esse
2723 4589 3204 4671 Theophylacto
3257 4589 3737 4672 adjudicandum;

485 4749 489 4753 .
550 4704 712 4761 adeo
742 4696 821 4758 ab
865 4695 1009 4776 ejus
1040 4695 1233 4776 genio
1265 4703 1454 4773 atque
1490 4713 1522 4757 a
1559 4712 1700 4757 vera
1740 4701 2179 4773 consuetaque
2227 4692 2700 4756 commentandi
2740 4694 2990 4755 ratione
3028 4691 3188 4753 mihi
3223 4692 3407 4755 visus
3441 4698 3530 4755 est
3567 4687 3742 4750 abhor—

555 4817 718 4862 rere.
753 4798 1210 4860 Verumtamen
1242 4815 1318 4859 ne
1364 4796 1620 4875 penitus
1654 4792 1947 4873 Opinioni
1985 4792 2137 4856 huic
2166 4793 2581 4868 adhmrerem,
2612 4795 2682 4855 in
2713 4809 2901 4855 causa
2935 4798 3072 4855 erat
3103 4792 3439 4856 inaudisse
3474 4809 3582 4863 me,
3609 4786 3740 4848 cndi—

553 4916 715 4970 cem,
770 4915 850 4959 ex
903 4910 1034 4976 quo
1091 4895 1540 4976 depromptum
1596 4892 1803 4955 fuerat
1854 4890 2316 4974 apograpbum,
2361 4899 2679 4955 vetustate
2712 4910 2973 4971 usuque
3008 4894 3170 4955 adeo
3201 4894 3489 4955 attritum
3530 4904 3669 4957 esse,
3691 4900 3740 4942 ac

555 5000 918 5083 perdiﬂicili
968 4999 1159 5062 etiam
1218 4998 1576 5062 charactere
1608 5009 1961 5072 exaratum,
2010 5007 2079 5060 ut
2125 5013 2161 5061 a
2210 4996 2609 5077 peritissimo
2641 5012 2905 5077 quoque
2959 4995 3064 5058 vix
3098 4995 3239 5077 legi.
3275 4995 3519 5075 integre
3554 4991 3737 5070 posset-

554 5100 984 5177 Quamobrem
1005 5098 1324 5181 quidquid
1355 5099 1418 5161 in
1450 5114 1528 5161 eo
1552 5098 1890 5160 dissonum
1925 5095 2273 5177 minusque
2304 5104 2807 5160 consentaneum
2840 5104 3224 5172 occurreret,
3249 5095 3314 5158 id
3348 5098 3413 5159 in
3448 5102 3738 5158 amanuen-

554 5203 648 5266 sis
678 5199 1067 5278 imperitiam
1100 5199 1196 5262 vel
1228 5199 1666 5262 infidelitatem
1708 5196 1964 5260 ret‘uudi
1999 5213 2186 5276 posse
2214 5195 2589 5259 arbitrabar.
2623 5194 2699 5256 Ut
2736 5194 2912 5257 hunc
2942 5195 3105 5257 mihi
3145 5196 3521 5274 scrupulum
3548 5186 3737 5253 exime-

561 5319 725 5377 rem,
754 5301 834 5363 ab
863 5300 971 5375 iis,
999 5318 1275 5381 quorum
1305 5300 1635 5374 intererat,
1668 5299 2024 5376 impetravi,
2060 5306 2129 5362 ut
2150 5297 2372 5360 saltem
2400 5313 2596 5377 pauca
2623 5295 2777 5358 folia
2806 5297 2887 5359 ab
2904 5296 3123 5376 aliquo
3149 5297 3531 5375 peritissimo
3547 5290 3658 5351 viro
3682 5296 3737 5343 ex

560 5399 788 5462 eodem
818 5380 1037 5463 codice
1070 5400 1289 5462 denuo
1309 5398 1732 5461 exscribenda
1767 5407 2088 5462 curarent.
2125 5398 2313 5488 Quod
2366 5414 2479 5477 pro
2516 5399 2759 5462 eximio
2807 5414 2927 5461 suo
2956 5399 3022 5460 in
3070 5414 3282 5461 sacras
3315 5397 3545 5459 litteras
3573 5380 3736 5488 studio
3824 5412 3825 5423 ι

559 5514 858 5580 praestare
891 5499 1096 5566 vol’uit
1127 5503 1226 5565 vir
1257 5501 1655 5565 clarissimus
1687 5510 1749 5562 et
1782 5501 2152 5580 linguarum
2197 5486 2608 5565 orientalium
2636 5499 3072 5577 peritissimus
3112 5499 3393 5561 Adamus
3424 5486 3735 5559 Franciscus

634 5689 711 5761 (a)
744 5691 819 5743 Ea
852 5689 1061 5744 scilicet
1114 5705 1235 5760 qum
1283 5705 1312 5744 a
1370 5687 1531 5745 nobis
1587 5688 1861 5761 Dominica
1890 5690 1946 5761 in
1983 5690 2125 5745 Albis
2236 5690 2571 5761 hebdomade
2609 5687 2856 5745 Paschali
2895 5689 3184 5761 mediante.
3227 5685 3554 5761 respondeat.

562 5759 887 5829 appellatur,
925 5760 1097 5816 (ιι-ειξοί
1121 5759 1241 5815 eam
1277 5769 1471 5813 vocant.
1514 5759 1796 5828 Κυριακὴν
1818 5760 1910 5813 τοῦ
1949 5763 2126 5813 Ἀντιο

563 5832 768 5898 πάσχα,
804 5830 1131 5885 Domiuicum
1171 5830 1652 5901 Antipasrhmrseu
1694 5830 2127 5901 Contrapasrlm;

563 5903 734 5971 quod,
796 5909 854 5955 ut
907 5910 1057 5971 puto,
1123 5914 1311 5957 sancto
1368 5902 1470 5955 dici
1528 5900 1747 5956 Pascha:
1802 5920 1831 5957 c
1886 5900 2122 5968 ΐειςὶηιιυ,

2241 5833 2290 5884 iu
2309 5808 2554 5884 ivi-tamn
2566 5808 2914 5898 tt
2941 5808 3089 5883 (sit;
3407 5808 3734 5881 McdiccU-FIO'

2235 5919 2277 5957 lt
2297 5911 2443 5956 Itlintt
2477 5913 2655 5957 etate.

2309 5738 3357 5833 (arva;r.‘.r;:.“;.‘;;;..;“xavgur“at;
3396 5738 3732 5833 (antu-Ille“???
3824 5768 3825 5773 η
