3860 6548
130 337 211 397 il?
910 331 994 393 ΙΝ
1027 277 1462 403 εΕόυΕΝΤιΑ
1488 330 1654 392 THEl

1807 333 2070 397 YLACTI
2096 335 2458 397 'SCRIPTA.
3224 340 3329 401 418

129 474 192 535 de
217 469 442 544 Kollar,
491 467 751 530 laudatm
796 466 1199 531 bibliotheca:
1228 476 1444 532 custos
1477 469 1953 533 meritissimus.
1991 472 2166 533 idem
2216 488 2366 535 vero
2409 471 2471 535 ei
2504 470 2922 547 describenti,
2956 472 3136 553 «quod
3174 471 3328 534 milii

127 566 559 647 interpretanti,
593 566 1132 631 inciditdubium.
1167 570 1286 630 Sed
1329 567 1465 642 ille,
1513 570 1688 647 quod
1724 569 1884 631 mihi
1919 587 2330 649 summotiere
2372 571 2659 652 cupienti
2685 569 2893 634 facere
2910 588 3045 633 non
3074 570 3333 646 iicebat,

128 669 492 739 exsccutioni
540 668 880 729 mandavit.
941 668 1288 732 Consuluit
1341 667 1591 731 scilicet
1643 668 1931 731 codicem
1978 670 2120 743 22-2,
2185 670 2253 733 in
2295 688 2426 750 quo
2470 672 2704 750 pariter
2754 669 3220 751 Theopbylacti
3258 669 3326 731 itt

74 856 78 860 Δ
130 768 413 849 Epistolas
464 768 815 831 Catlioticas
868 769 1411 830 Commentarium
1461 768 1778 832 contineri
1843 770 2221 833 Lambecius
2267 778 2328 833 et
2359 772 2692 834 Nesselius
2732 770 3063 844 aﬂirmant,
3115 779 3183 833 ut
3220 770 3335 834 bac

127 876 435 949 utriusque
468 872 708 934 codicis
755 871 1171 937 contentione
1205 874 1557 953 detegeret,
1589 890 1667 935 an
1700 874 1870 937 idem
1904 873 2003 937 vel
2038 874 2339 937 diversus
2388 874 2458 939 in
2517 884 2791 955 utroque
2822 873 3335 939 Commentarins

126 984 286 1038 esset.
319 974 574 1053 Reperit
607 982 821 1036 autem
858 990 983 1037 non
1015 974 1158 1036 sine
1190 972 1617 1038 admiratione
1659 974 2029 1051 diversum;
2062 985 2124 1039 et
2158 983 2463 1055 praeterea
2492 979 2711 1054 talem,
2759 978 2870 1058 qui
2909 986 3085 1041 tanto
3129 977 3333 1056 magis

124 1071 544 1149 TheOphylacti
580 1070 870 1149 genium,
923 1070 1231 1141 indolem,
1272 1072 1605 1145 ordinem,
1653 1072 1919 1153 stylum,
1946 1090 2072 1137 suo
2095 1072 2372 1155 judicio,
2409 1093 2535 1153 pra;
2558 1094 2625 1138 se
2652 1076 2869 1151 ferret,
2903 1088 3143 1155 quanto
3173 1075 3336 1138 alter

123 1175 186 1237 ab
214 1173 302 1234 his
339 1170 640 1231 omnibus
674 1169 1009 1230 videbatur
1039 1170 1165 1230 sibi
1223 1169 1424 1248 magis
1474 1171 1753 1235 alienus.
1795 1175 2017 1252 Neque
2073 1190 2224 1237 vero
2269 1173 2373 1235 hic
2416 1174 2700 1237 substitit
2746 1175 2845 1237 vir
2891 1175 3131 1256 publici
3175 1176 3331 1239 boni

119 1274 606 1338 amantissimus:
636 1271 747 1332 sed
795 1270 910 1332 tria
943 1272 1321 1351 posterioris
1355 1272 2044 1352 hujusCommentarii
2079 1273 2257 1349 folia,
2305 1292 2448 1355 quas
2502 1276 2879 1354 speciminis
2912 1276 3053 1339 loco
3085 1291 3331 1349 essent,

118 1373 493 1442 exscribendi
534 1372 810 1433 laborem
836 1373 1005 1434 ultro
1036 1373 1361 1451 suscepit;
1392 1374 1766 1456 eisdemque
1794 1374 1974 1443 foliis
1996 1392 2141 1438 cum
2173 1373 2319 1437 aliis
2351 1375 2605 1436 duobus
2640 1392 2718 1437 ex
2753 1375 2962 1454 priore
2991 1379 3333 1439 Commen-

118 1480 259 1539 tario
282 1476 353 1538 ad
388 1473 669 1535 editores
716 1472 1131 1546 transmissis,
1167 1472 1247 1535 de
1290 1489 1407 1536 sua
1437 1474 1842 1539 dubitatione
1874 1474 2182 1538 certiores
2225 1490 2337 1536 eos
2375 1475 2552 1550 fecit,
2601 1490 2994 1556 cperamque
3034 1493 3215 1537 suam
3259 1475 3325 1537 in

127 1599 237 1646 rem
267 1578 580 1659 publicam
616 1579 1083 1643 humanissime
1114 1580 1371 1645 obtulit.
1405 1580 1534 1655 Illi,
1570 1597 1638 1643 re
1678 1579 2030 1659 diligenter
2069 1593 2404 1657 perpensa,
2456 1579 2740 1658 priorem
2786 1579 3330 1643 Commentarium

120 1684 188 1744 ab
211 1681 314 1743 hac
342 1680 630 1743 editione
676 1679 1105 1761 rejiciendum
1152 1698 1322 1754 esse,
1402 1677 1737 1742 confestim
1772 1680 2199 1741 decreverunt
2234 1695 2250 1735 :
2287 1678 2633 1755 praesertim
2665 1694 2815 1741 cum
2854 1678 3098 1739 interea
3155 1679 3335 1740 dete-

126 1794 319 1846 ctuuta
350 1800 447 1844 me
473 1790 670 1854 esset,
696 1799 842 1843 eum
880 1781 1239 1843 nihilaliud
1272 1798 1440 1855 esse,
1478 1798 1671 1862 quam
1703 1796 1943 1842 meram
1966 1780 2332 1842 Graecorum
2365 1778 2789 1857 quorumdam
2824 1783 3076 1842 Patrum
3108 1779 3176 1841 in
3224 1797 3332 1843 eas

132 1883 409 1961 Epistolas
447 1882 766 1956 Catenam,
808 1883 992 1961 plane
1023 1882 1300 1944 similem
1332 1880 1426 1941 illi
1461 1896 1605 1960 quin
1650 1888 1851 1941 exstat
1901 1878 2139 1943 Oxonii
2186 1878 2251 1940 in
2287 1878 2679 1943 bibliotheca
2714 1879 2985 1960 Collegii
3018 1880 3175 1942 Novi
3220 1899 3330 1942 co-

124 1987 240 2047 :lice
265 1985 361 2055 58,
398 2001 473 2045 ex
528 2001 655 2065 qua
710 1982 1021 2045 nonnulla
1077 1982 1310 2062 selegit
1346 1988 1407 2044 et
1440 1980 1705 2060 protulit
1750 1979 2155 2044 Christianus
2187 1979 2466 2047 Wolﬁus
2504 1990 2655 2042 tom.
2723 1981 2811 2043 ill
2867 1980 3336 2043 Anecdotorum

128 2088 446 2148 Grecorum
485 2104 520 2149 a
558 2105 699 2167 pag.
732 2088 834 2150 92.
877 2094 938 2148 et
972 2093 1127 2148 tom.
1155 2087 1264 2158 IV,
1292 2101 1323 2146 a
1362 2102 1501 2169 pag.
1540 2089 1595 2145 1.
1641 2086 1829 2147 Facta
1861 2100 2134 2162 namque
2163 2082 2533 2159 collatione,
2565 2101 2636 2147 ea
2668 2084 2883 2146 omnia
2927 2086 2993 2147 in
3032 2084 3336 2163 praedicto

126 2189 453 2267 apographo
486 2187 880 2251 verbotenus
929 2196 1183 2249 exstare
1223 2203 1682 2263 compererant,
1718 2202 1797 2248 eo
1827 2185 1969 2248 solo
1993 2184 2397 2260 discrimine,
2430 2188 2600 2268 quod
2630 2187 2692 2247 in
2723 2187 3079 2248 Oxoniensi
3111 2186 3334 2250 codice

130 2288 351 2351 nemina
411 2289 698 2358 Patrum,
749 2302 1025 2364 quorum
1088 2286 1280 2346 verba
1330 2283 1726 2357 referuntur,
1777 2293 2068 2345 accurate
2105 2291 2324 2349 essent
2359 2287 2698 2360 adnotata;
2747 2285 2807 2347 in
2841 2285 3331 2348 Vindobonensi

130 2407 272 2463 vero,
318 2405 443 2450 uno
487 2393 759 2460 tantum,
801 2384 900 2448 vel
935 2384 1136 2447 altero
1164 2391 1459 2463 excepto,
1505 2383 1633 2448 sint
1672 2385 1935 2463 penitus
1984 2385 2409 2464 preatermissa
2441 2403 2457 2447 :
2488 2403 2634 2465 qum
2671 2404 2772 2448 res
2803 2375 3337 2465 interpretantem

130 2509 208 2553 tne
227 2490 391 2552 valde
422 2488 796 2566 torquebat;
822 2487 970 2567 quia
992 2484 1263 2547 sublatis
1287 2485 1661 2547 nominibus
1687 2486 1840 2557 illis,
1876 2503 2087 2566 neque
2116 2488 2247 2550 ullo
2272 2488 2437 2552 inter
2469 2506 2538 2549 ea
2573 2500 2719 2567 qum
2748 2488 3122 2551 dicerentur
3150 2504 3318 2549 nexu

128 2598 452 2667 apparente,
487 2605 623 2650 non
656 2586 1167 2650 Commentarius
1199 2584 1457 2667 aliquis,
1484 2585 1596 2647 sed
1626 2603 1835 2660 secure
1858 2584 2142 2657 dissuta),
2177 2595 2237 2649 et
2274 2604 2467 2653 arena
2489 2586 2632 2649 sine
2657 2588 2848 2660 calce,
2876 2594 2946 2649 ut
2989 2587 3119 2650 dici
3144 2585 3332 2660 solet,

130 2691 484 2755 riderentur.
527 2691 795 2763 Verum,
829 2687 882 2748 si
938 2688 1023 2748 ita
1069 2696 1189 2758 est,
1223 2686 1506 2764 inquies,
1540 2689 1867 2763 quomodo
1901 2687 1979 2749 cl.
2006 2687 2387 2751 Lambecius
2430 2688 2973 2752 Commentarium
3009 2687 3335 2769 ejusmodi

130 2789 574 2870 Tlteophylacto
604 2786 1048 2850 indubitanter
1083 2780 1421 2863 ascripsit?
1474 2785 1705 2847 Eadem
1754 2803 1984 2865 nempe
2039 2788 2309 2862 ratione,
2347 2787 2728 2864 respondeo,
2779 2805 2906 2869 qua
2956 2797 3017 2851 et
3058 2789 3223 2851 duos
3267 2790 3336 2855 in

131 2894 348 2955 easdem
384 2888 706 2969 Epistolas
740 2886 1272 2958 Commentarios,
1320 2884 1569 2946 tametsi
1613 2884 1931 2957 diversos,
1967 2887 2081 2948 uni
2112 2885 2456 2967 eidemque
2494 2888 2720 2952 tribuit
2767 2888 3035 2951 auctori.
3079 2888 3338 2959 Scilicet

130 3010 222 3055 eos
255 2987 753 3053 Commentarios
792 2987 935 3067 ipse
964 3005 1092 3051 non
1128 2991 1304 3069 legit,
1340 3008 1552 3068 neque
1582 2991 1660 3053 de
1695 3007 1920 3057 eorum
1948 2992 2309 3056 statuendis
2357 2993 2728 3055 auctoribus
2761 2992 3189 3068 adlaboravit;
3221 2995 3336 3056 sed

128 3096 268 3155 notis
290 3093 347 3155 in
378 3092 594 3155 fronte
622 3089 910 3155 codicum
937 3092 1230 3170 repertis,
1251 3093 1437 3157 fidem
1468 3093 1609 3154 sine
1633 3092 1769 3154 ullo
1798 3090 2093 3153 examine
2124 3091 2436 3169 prmstitit.
2474 3092 2631 3155 Cum
2659 3089 2860 3170 igitur
2886 3090 2984 3153 illi
3006 3094 3340 3155 Commen‘

134 3200 263 3258 tario
312 3214 492 3259 manu
546 3194 996 3274 Tegnagnelii,
1047 3194 1148 3255 sui
1199 3194 1267 3255 in
1329 3192 1618 3255 custodia
1657 3192 1959 3252 Caesareae
1993 3189 2399 3253 bibliotheca:
2431 3191 2862 3269 pt'tecessoris,
2918 3199 3337 3271 prtenotatum

136 3294 355 3374 legisset
387 3311 402 3350 :
436 3291 944 3356 Commentarius
980 3290 1454 3371 Thcophylactt',
1497 3297 1562 3350 ut
1607 3297 1669 3351 et
1700 3289 1837 3367 ipse
1868 3306 2016 3350 cum
2063 3305 2141 3353 ea
2175 3290 2239 3353 in
2275 3290 2431 3353 urbe
2473 3301 2785 3365 versarer,
2818 3291 2972 3366 vidi,
3028 3291 3148 3354 hoc
3184 3292 3339 3355 satis

134 3415 250 3458 esse
275 3398 475 3471 duxit,
508 3402 585 3459 ut
616 3409 764 3456 eum
808 3391 979 3455 inter
1026 3389 1491 3469 'i‘heOphylacti
1539 3390 1752 3467 Opera
1800 3396 2232 3466 percenseret.
2276 3391 2352 3453 Et
2397 3398 2604 3453 tamen
2639 3390 2890 3470 liquido
2919 3399 3187 3461 constat,
3218 3394 3342 3452 Te?

134 3498 501 3578 gnagnelium
539 3510 673 3557 non
710 3492 833 3555 alia
882 3492 1154 3565 ratione,
1197 3506 1270 3553 ea
1301 3507 1454 3556 sane
1484 3488 1945 3562 inﬁrmissima,
1997 3489 2547 3557 Commentarium
2583 3488 2958 3569 huiusmodi
2993 3491 3338 3567 TlteOphy-

136 3601 264 3661 iacto
293 3600 719 3679 adjudicasse.
756 3612 947 3673 quam
993 3596 1164 3673 quod
1212 3594 1440 3659 eodem
1467 3593 1533 3657 in
1566 3592 1787 3654 codice
1815 3592 2004 3654 certis
2068 3591 2453 3670 quibusdam
2499 3589 2962 3670 'l‘beOphylacti
3004 3594 3340 3659 Commenz

137 3706 280 3767 tariis
307 3712 471 3768 esset
505 3703 888 3782 adjunctus,
914 3700 1273 3777 eademque
1312 3714 1506 3762 manu
1534 3709 1835 3760 exaratus
1863 3697 2219 3759 videretur.
2465 3774 2479 3784 .

197 3812 265 3873 Χ.
298 3808 607 3870 Ρνλιιάὶοιο
640 3806 855 3884 itaque
886 3802 1363 3866 Commentario
1387 3820 1417 3862 a
1450 3800 1776 3880 germanis
1808 3798 2270 3881 'l‘beophylacti
2295 3798 2616 3876 Operibtts
2648 3798 2912 3861 omnino
2943 3797 3197 3877 rejecto,
3231 3812 3339 3855 cu-

134 3923 335 3974 ratores
369 3912 569 3991 hujus
601 3906 916 3971 editionis
950 3914 1383 3984 Opportnnum
1414 3923 1558 3968 esse
1593 3907 1942 3974 duxerunt,
1976 3904 2203 3973 alium,
2250 3903 2395 3983 qui,
2425 3900 2507 3963 cl.
2533 3898 3089 3979 Kollariojudiee,
3131 3896 3339 3963 Theo-

134 4013 370 4094 phj’lacti
393 4012 665 4092 genium
686 4026 757 4070 ac
776 4007 1019 4087 stylum
1050 4024 1177 4085 prte
1200 4025 1269 4068 se
1292 4006 1438 4078 fert,
1471 4006 1537 4069 in
1562 4006 1744 4070 illius
1776 4006 1986 4071 locum
2016 4008 2401 4081 subrogare;
2427 4003 2493 4065 in
2524 4018 2804 4079 eumque
2825 4001 3010 4062 tinem
3031 3994 3182 4057 mihi
3220 3997 3341 4054 La-

131 4118 238 4178 tiue
267 4115 666 4178 reddendum
705 4109 1050 4171 tradidere.
1088 4112 1449 4188 Antequam
1487 4127 1639 4173 vero
1685 4109 1824 4187 ipse
1870 4107 2246 4187 huiusmodi
2282 4106 2563 4171 versioni
2614 4120 2877 4166 manum
2906 4104 3338 4167 admoverent.

133 4234 296 4293 pauca
323 4217 421 4277 illa
455 4215 640 4285 toria,
692 4228 837 4292 quae
880 4208 1257 4288 speciminis
1298 4209 1499 4287 gratia
1541 4208 1668 4273 huc
1699 4208 2079 4270 Viudobona
2132 4207 2503 4271 transmissa
2541 4206 2705 4280 dixi,
2750 4220 2898 4267 cum
2954 4197 3339 4267 OEcumen.i

134 4315 576 4378 Cotmucntario
628 4310 922 4374 conferre
972 4308 1131 4370 mihi
1172 4306 1433 4388 placuit,
1498 4306 1875 4385 ptaasertim,
1918 4322 2064 4368 cum
2117 4306 2397 4383 primum
2438 4304 2782 4383 perlegens
2828 4302 3084 4368 folium.
3122 4296 3339 4361 simile

133 4415 582 4497 quidpiamjam
616 4413 681 4497 in
714 4411 844 4472 alio
873 4417 1160 4483 auctore,
1199 4407 1309 4487 qui
1347 4406 1572 4471 tumin
1599 4413 1875 4467 mentem
1902 4422 2031 4470 non
2064 4406 2405 4479 incidebat,
2431 4404 2663 4483 legisse
2697 4403 2850 4467 mihi
2890 4403 3161 4465 viderer.
3195 4398 3341 4459 Col-

137 4490 485 4596 latis‘itaqu'e
526 4490 850 4583 iisioliis,
877 4508 1164 4586 comperi
1194 4507 1468 4571 alterum
1503 4507 2044 4583 Commentarium
2085 4506 2167 4566 ita
2190 4522 2332 4567 cum
2368 4504 2567 4566 altero
2587 4503 2960 4576 convenire,
2999 4509 3065 4564 ut
3102 4499 3345 4560 Vindo-

135 4620 447 4683 bonensem
481 4627 548 4682 et
584 4611 1145 4680 OEcumenianum
1192 4625 1391 4673 unum
1442 4610 1877 4686 eumdemque
1920 4623 2065 4670 esse
2124 4606 2556 4683 perspicerem
2604 4624 2620 4664 :
2658 4622 2785 4668 non
2828 4605 3115 4685 quidem,
3160 4608 3339 4686 quod

138 4720 291 4796 plane
312 4731 365 4781 et
399 4721 839 4796 undequaque
873 4716 1340 4790 congruerent;
1365 4708 1477 4769 sed
1505 4705 1657 4786 quia
1678 4705 2152 4785 qualiscunque
2173 4704 2415 4766 inesset
2443 4703 2813 4777 diversitas,
2836 4721 2906 4765 ea
2928 4701 3113 4771 facile
3128 4715 3347 4784 posset

139 4823 188 4882 in
215 4825 492 4886 cod.cum
529 4822 900 4883 varietatem
943 4812 1224 4876 t'eiundi.
1261 4813 1397 4873 Hoc
1427 4828 1574 4873 cum
1617 4806 2298 4873 rescissentcditionis
2342 4817 2694 4881 curatores,
2740 4808 2955 4870 omnia
2995 4809 3201 4887 primo
3234 4826 3344 4873 co-

139 4929 310 4990 nanda
338 4929 459 4990 sibi
492 4926 995 4990 constituerunt,
1033 4928 1099 4981 ut
1129 4921 1519 4996 [germanum
1549 4915 1828 4995 aliquem
1862 4923 1923 4973 et
1949 4913 2027 4974 ab
2055 4913 2542 4978 OEcutneniano
2571 4912 2900 4975 diversum
2931 4912 2998 4973 in
3031 4912 3347 4989 Epistolas

140 5021 1029 5091 Catholicae-Commentarium
1071 5019 1492 5099 detegerem;
1550 5015 1651 5077 sin
1699 5031 1847 5079 vero
1887 5014 1951 5075 id
1999 5013 2222 5075 minus
2257 5030 2335 5073 ex
2380 5021 2529 5073 voto
2569 5014 2966 5086 succederet,
3011 5011 3349 5090 inquiren-

140 5132 292 5209 dum,
324 5150 473 5197 num
506 5130 666 5192 satis
702 5128 911 5190 valida
939 5132 1313 5205 argumenta
1365 5131 1592 5200 praesto
1631 5128 1873 5195 essent,
1921 5118 2161 5197 quibus
2196 5114 2725 5182 0Ecumenianus
2763 5115 2903 5193 ipse
2940 5116 3346 5177 Commenta-

144 5234 256 5294 rius
302 5235 359 5296 in
390 5235 553 5295 hanc
598 5230 949 5291 editionem
982 5242 1169 5309 aequo
1201 5224 1350 5305 jure
1381 5224 1831 5292 ascisceretur,
1865 5239 1936 5282 ac
1982 5216 2443 5297 TlteOphylacti
2482 5217 2744 5277 nomine
2794 5214 3143 5291 inscriptus
3191 5216 3348 5276 cde-

142 5343 291 5397 retur
318 5338 381 5397 in
408 5335 639 5398 lucem.
679 5334 801 5410 Spe
835 5330 1035 5407 prima
1077 5325 1269 5403 paulo
1305 5332 1444 5402 post
1484 5322 1718 5401 dejecti
1755 5341 1833 5384 ex
1883 5319 2506 5399 inexspectatissima
2536 5326 2739 5379 morte
2768 5316 3001 5393 lgnatii
3037 5315 3196 5377 lnici
3229 5316 3347 5378 Ca-

143 5420 392 5516 .accioli,
418 5440 725 5520 pontiﬁcii
752 5439 827 5498 ad
858 5432 1311 5514 Hispaniarum
1344 5446 1556 5505 regem
1593 5429 1805 5507 legati,
1841 5427 2026 5507 cujus
2058 5440 2178 5504 Ope
2202 5426 2507 5485 duntaxat
2538 5439 2607 5482 se
2639 5419 2948 5520 consequi
2976 5434 3351 5520 posse-spc-

142 5542 334 5604 tabant
391 5516 824 5621 a-pographum
876 5534 1057 5597 illius
1114 5530 1567 5592 Commentarii
1610 5526 2093 5606 ThUOpbylilClO
2150 5522 2446 5601 inscripti
2491 5521 2558 5583 in
2603 5518 2922 5597 Epistolas
2968 5516 3350 5587 Catholicas,

141 5642 316 5716 quiin
354 5642 761 5703 celeberrima
804 5631 1226 5702 Escorialensi
1275 5630 1659 5692 bibliotheca
1697 5627 2012 5691 asservari
2046 5625 2311 5698 dicitur,
2350 5626 2598 5704 quique
2637 5636 2808 5684 unus
2838 5626 3172 5698 supererat
3201 5635 3354 5680 con-

144 5743 455 5817 sulendus,
502 5745 575 5806 ad
625 5742 886 5805 alteram
922 5737 1206 5800 animum
1244 5727 1633 5812 operamque
1668 5748 1847 5793 suam
1898 5737 2356 5793 converterunt
2396 5746 2410 5784 :
2460 5726 2647 5804 cujus
2682 5732 3013 5802 compotes
3065 5721 3348 5785 evasisse

2742 5960 2769 5975 Ι
