3860 6604
479 342 587 409 419
1486 332 1881 397 ΒΟΝΙΕΜΣΙΙ
1937 327 2254 395 ΕΙΝΕΤΤΙ
2308 324 2703 396 ΡΒΕῈΑΤΙΟ
3617 317 3712 380 420

480 470 652 526 sese,
678 451 828 532 jure
869 448 1230 526 meritoque
1264 442 1549 511 arbitrati
1585 447 1761 511 sunt.
1814 440 1973 504 Cum
2010 438 2187 499 enim
2230 436 2424 518 juxta
2476 435 2739 501 eﬂ‘atum
2802 431 3247 512 evangelicum
3286 429 3412 492 ειη
3443 445 3547 489 ore
3575 427 3712 490 duo.

483 571 663 626 rum,
689 531 795 612 cel
834 549 1029 611 trium
1062 555 1181 608 stet
1207 562 1379 605 omne
1410 543 1686 617 verbum,
1726 558 1839 603 seu
1880 539 2164 612 duobus,
2199 535 2296 599 vel
2337 535 2542 599 tribus
2573 533 2845 604 testibus
2878 534 3033 596 satis
3065 532 3301 594 veritas
3334 547 3606 611 qumque
3632 531 3717 593 ﬁr.

488 657 722 721 metur,
756 663 871 709 nos
902 645 976 708 ad
1030 641 1350 724 ejusmodi
1384 637 1935 709 Commentarium
1966 631 2443 714 Theophylacto
2485 632 2945 695 vindicandum
2977 631 3241 702 totidem
3299 629 3468 692 nacti
3508 647 3716 693 sumus

489 747 916 811 testimonia:
970 747 1178 823 primo
1250 741 1497 807 scilicet
1556 737 1886 801 laudatum
1930 734 2222 798 codicem
2282 730 3188 795 Cmsareo-Vindobonensem
3253 730 3718 811 TheOphylacto

490 846 1029 911 Commentariunt
1093 843 1281 911 illum
1350 840 1591 907 diserte
1646 836 2116 905 ascribentem:
2185 834 2384 906 alium
2469 840 2773 912 praeterea
2836 832 3122 905 codicem
3168 832 3461 913 ejusdem
3503 834 3721 902 biblio~

484 949 680 1009 thecae
740 947 1068 1024 signatum
1141 958 1207 1004 n.
1283 941 1424 1013 223,
1508 936 1624 1018 qui
1663 938 1879 998 solum
1938 933 2210 1016 quidem
2290 933 2580 996 continet
2661 932 3171 1001 Commentarios
3247 935 3719 1016 Theopbylacto

486 1051 830 1128 inscriptos
887 1048 955 1111 in
1015 1055 1293 1128 quatuor
1329 1054 1698 1125 postremas
1750 1038 2076 1118 Epistolas
2124 1037 2513 1115 Catholicas;
2569 1038 2681 1103 sed
2740 1055 2888 1109 cum
2926 1038 3027 1100 illi
3087 1038 3275 1118 plane
3333 1040 3724 1106 consentiant

485 1174 628 1217 eum
656 1150 1149 1217 Commentariis
1182 1150 1248 1211 in
1284 1148 1541 1211 easdem
1568 1146 1887 1226 Epistolas
1921 1144 2251 1208 memorati
2281 1143 3104 1223 codicis,quemadmodum
3125 1142 3278 1222 .ipse
3307 1160 3452 1205 cum
3468 1142 3725 1205 Vienna?

494 1264 829 1336 degerem,
896 1256 1058 1318 inita
1113 1234 1454 1317 collatione
1487 1262 1659 1314 certo
1708 1247 2132 1334 deprehendi,
2181 1247 2341 1309 illud
2394 1264 2547 1309 sane
2584 1246 3058 1320 testimonium,
3092 1246 3283 1308 etiam
3319 1262 3435 1326 pro
3468 1246 3724 1327 reliquis

487 1362 1006 1434 Commentariis,
1066 1377 1297 1438 nempe
1350 1360 1419 1421 in
1466 1356 1794 1431 Jacobum,
1834 1364 1889 1415 et
1938 1355 2217 1429 Petrum,
2271 1351 2752 1432 'l‘heOphylacto
2784 1351 3231 1433 adjudicandis
3260 1349 3566 1423 inservit;
3596 1367 3724 1415 cum

490 1487 603 1547 par
638 1468 904 1531 omnino
941 1463 1099 1526 ratio
1128 1464 1207 1523 sit
1252 1459 1546 1522 omnium
1579 1466 1641 1519 et
1674 1455 2116 1536 singulorum.
2152 1452 2451 1533 Denique
2477 1452 2631 1521 huic
2660 1454 2848 1532 plane
2881 1451 3094 1518 simile
3127 1459 3245 1525 est,
3273 1452 3451 1533 quod
3491 1467 3573 1512 ex
3627 1469 3725 1513 cor

472 1574 631 1633 dice
662 1571 970 1631 Vaticano
996 1583 1175 1629 num.
1207 1566 1327 1628 227
1349 1560 1774 1641 depromitur.
1798 1562 1966 1627 .Nam
1995 1560 2196 1623 etiste
2228 1560 2517 1625 continet
2541 1558 3051 1623 Commentarios
3086 1557 3161 1620 in
3187 1564 3467 1637 quatuor
3500 1571 3727 1636 postre-

479 1688 629 1734 tmas
661 1668 1017 1732 Catholicas
1054 1663 1394 1743 Epistolas,
1414 1661 1544 1729 hac
1569 1658 1896 1738 prmmissa
1926 1675 2003 1734 ep

2201 1656 2312 1719 he:
2337 1660 2718 1729 Θεοφυλὰκτου
2749 1660 3010 1731 ἐξήγησις
3042 1655 3273 1729 ἀκριϐὴς
3286 1657 3725 1712 τῶνἙπιστολὼ

481 1771 973 1843 τοῦιὴγαπημένου
1016 1768 1263 1823 Ἰωάννου
1288 1765 1384 1821 ποῦ
1406 1764 1690 1833 Θεολόγρυ,
1723 1761 1894 1825 Ἱρύδα
1921 1761 2015 1815 τοῦ
2040 1761 2365 1825 ἀποστόλου,
2399 1759 2494 1813 καὶ
2522 1757 2615 1811 τσῦ
2645 1756 2935 1819 θεσπεσίου
2964 1756 3060 1811 καὶ
3089 1757 3477 1828 οὐρανοφοιτου
3503 1757 3725 1824 Παύλοι,

495 1864 549 1925 Τ
548 1860 945 1941 hcophylactt'
985 1857 1328 1939 Expositio
1370 1863 1671 1922 accurata
1709 1853 2147 1932 Epistolarum
2186 1850 2407 1923 dilecti
2444 1850 2713 1915 Joannis
2746 1848 3050 1932 theologi,
3095 1848 3276 1910 Iuda:
3318 1849 3620 1929 apostoli,
3675 1862 3724 1912 et

492 1960 694 2022 divini
728 1959 1059 2040 caelumque
1086 1959 1354 2041 petentis
1376 1955 1612 2025 Pauli;
1641 1957 1751 2019 sed
1784 1954 1881 2021 hae
1910 1962 2245 2033 postremae
2275 1969 2352 2017 eo
2383 1951 2450 2019 in
2480 1951 2701 2015 codice
2740 1952 2976 2024 desunt
3010 1973 3025 2012 :
3070 1960 3129 2014 at
3165 1970 3317 2014 vero
3349 1953 3600 2030 priores
3619 1954 3726 2015 ali-

492 2070 651 2141 quot
683 2064 873 2125 lineaa
903 2081 982 2129 ex
1009 2060 1289 2142 singulis
1322 2058 1455 2129 illis
1493 2056 1984 2121 Commentariis
2022 2058 2245 2127 Roma,
2294 2073 2393 2116 me
2422 2062 2696 2133 petente,
2731 2051 3147 2128 transmissae,
3179 2054 3334 2114 satis
3366 2054 3723 2127 ostendunt,

492 2178 604 2222 eos
626 2170 661 2224 a
696 2163 931 2225 nostris
966 2161 1237 2233 minime
1268 2161 1656 2237 discrepare.
1693 2160 1887 2226 Porro
1919 2156 2038 2224 tria
2070 2156 2202 2221 haec
2234 2156 2600 2219 testimonia
2634 2157 2718 2235 (α)
2738 2155 2892 2219 satis
2927 2155 3111 2217 nobis
3135 2153 3549 2219 fundamenti
3578 2173 3721 2236 prte-

494 2263 643 2324 bere
679 2264 1223 2338 existimavimus,
1258 2279 1387 2341 quo
1416 2262 1665 2340 integer
1713 2258 1834 2322 iste
1867 2261 1933 2322 in
1977 2267 2223 2339 septem
2252 2257 2575 2338 Epistolas
2636 2254 2986 2319 Catholicas
3019 2255 3535 2319 Commentarios
3563 2265 3726 2318 raste-

495 2365 583 2424 ris
617 2382 839 2426 recens
872 2364 1136 2427 detectis
1173 2362 1634 2443 TheOphylacti
1662 2360 1971 2443 operibus
2006 2361 2274 2447 adjungi
2312 2361 2538 2427 merito
2568 2367 2817 2441 posset.
2856 2362 2936 2423 Et
2978 2376 3097 2440 ego
3127 2359 3393 2440 quidem
3424 2361 3724 2422 neminem

493 2460 784 2532 futurum
849 2462 1142 2540 arbitror,
1211 2462 1459 2524 libratis
1509 2461 1863 2542 prmsertim
1899 2461 1979 2529 iis
2028 2477 2174 2542 qum
2195 2460 2531 2540 superiore
2574 2476 2843 2523 numero
2875 2459 3041 2523 dicta
3069 2476 3101 2522 a
3143 2477 3241 2530 me
3275 2467 3453 2536 sunt,
3484 2460 3597 2540 qui
3626 2459 3727 2521 hoc

495 2566 840 2631 consilium
878 2565 1303 2645 reprehendat
1344 2564 1427 2627 ob
1459 2581 1597 2633 eam
1640 2564 1981 2640 rationem,
2015 2565 2190 2643 quod
2222 2562 2607 2647 hujusmodi
2650 2564 3161 2630 Commentarios
3207 2564 3594 2642 jamdudum
3622 2565 3729 2631 sub

494 2667 878 2736 Olicumenii
915 2666 1174 2737 nomine
1198 2664 1463 2749 publica
1511 2664 1653 2731 luce
1697 2663 1969 2739 fruatur,
2014 2681 2357 2743 quousque
2387 2664 2612 2726 saltem
2667 2663 2772 2730 vel
2818 2662 3058 2731 unicus
3094 2663 3297 2727 codex
3330 2663 3415 2742 ,in
3460 2662 3725 2727 medium

499 2767 773 2848 proferri
843 2768 1066 2848 possit,
1100 2767 1215 2848 qui
1257 2767 1331 2832 in
1368 2765 1581 2833 fronte
1621 2765 1816 2846 hujus
1879 2763 2332 2827 Commentarii
2394 2780 2628 2827 nomen
2684 2761 3068 2831 OEcumenii
3124 2774 3427 2846 tanquam
3468 2763 3725 2827 auctoris

496 2872 829 2950 prastixum
862 2878 1062 2951 gerat.
1118 2870 1493 2951 Cujusmodi
1528 2868 1788 2935 nullum
1827 2885 1996 2943 esse,
2029 2866 2214 2930 facile
2247 2867 2529 2948 quisque
2560 2867 2682 2928 sibi
2718 2867 3134 2946 persuaserit,
3176 2884 3321 2931 cum
3367 2885 3581 2947 neque
3615 2870 3726 2930 Do-

499 2983 686 3042 natus
742 2971 1165 3046 Veronensis,
1208 2970 1321 3051 qui
1359 2989 1507 3033 eum
1550 2972 1758 3050 primo
1788 2972 2003 3039 Graece
2024 2969 2252 3043 edidit,
2290 2988 2505 3050 neque
2557 2971 2952 3046 Hentenius,
2987 2973 3102 3051 qui
3146 2973 3366 3036 Latine
3398 2975 3725 3050 transtulit,

501 3092 713 3153 neque
768 3072 1172 3137 Parisienses
1232 3069 1542 3144 editores,
1588 3069 1705 3149 qui
1763 3072 1977 3131 Graace
2009 3068 2370 3151 Latineque
2404 3070 2848 3138 recudendum
2880 3079 3209 3149 curarunt,
3243 3071 3450 3145 ullum
3478 3076 3726 3149 omnino

504 3171 905 3253 protulerint,
939 3178 1048 3233 aut
1090 3170 1328 3237 alicubi
1360 3178 1607 3235 exstare
1636 3169 2001 3239 iudicarint.

580 3321 695 3382 XI.
736 3321 1120 3397 Quanquam
1151 3316 1859 3380 veroCommentar-ius
1908 3316 2152 3380 codicis
2189 3318 2837 3382 Vindo‘bonensisita
2883 3336 3025 3381 cum
3076 3322 3561 3387 OEcumentano
3596 3344 3727 3390 con.

509 3418 746 3493 veniat,
782 3427 849 3480 ut
885 3419 1054 3479 idem
1103 3417 1313 3496 quoad
1342 3418 1766 3480 substantiam
1802 3416 2019 3479 haberi
2071 3417 2274 3498 possit
2305 3434 2377 3479 ac
2422 3417 2685 3493 debeat;
2711 3420 2865 3499 quia
2897 3429 3106 3483 tamen
3135 3430 3207 3483 et
3238 3422 3497 3489 brevior
3534 3436 3647 3502 est,
3675 3438 3726 3493 et

507 3524 572 3585 in
610 3521 901 3599 pluribus
932 3522 1175 3594 ditl‘ert,
1206 3528 1398 3600 atque
1431 3521 1622 3583 etiam
1660 3535 1786 3582 non
1821 3536 2044 3599 pauca,
2085 3521 2327 3600 quibus
2374 3530 2550 3584 caret
2582 3521 2717 3597 ille,
2742 3522 3214 3601 complectitur,
3240 3524 3394 3589 ideo
3423 3540 3725 3594 curatores

501 3623 693 3684 istius
725 3622 1034 3684 editionis
1066 3637 1194 3685 non
1229 3630 1298 3683 ut
1328 3630 1531 3683 exstat
1565 3622 1631 3683 in
1660 3620 2052 3685 GEcumenii
2103 3622 2626 3704 editione,-qnod
2674 3624 2876 3686 multo
2902 3623 3164 3688 facilius
3208 3628 3350 3690 fieri
3410 3632 3724 3711 potuisset,

502 3726 614 3787 sed
662 3724 929 3786 omnino
958 3730 1028 3785 ut
1079 3730 1176 3785 est
1220 3722 1286 3783 in
1319 3722 1540 3806 codice
1591 3723 2083 3786 Vindeboncnsi
2144 3725 2467 3787 edendum
2523 3726 2975 3791 existimarunt
3010 3751 3026 3791 :
3060 3732 3233 3810 quod
3272 3733 3394 3796 iste
3447 3736 3727 3799 duntaxat

502 3824 965 3903 'l'heOphylacti
1003 3823 1290 3901 prmferat
1325 3839 1701 3930 nomen;ac
1734 3823 2004 3901 proinde
2036 3825 2268 3903 quaain
2296 3827 2778 3894 GErumeniano
2812 3830 3195 3908 redundant,
3220 3843 3331 3897 aut
3360 3836 3725 3930 discrepant,

502 3929 713 3990 aliena
749 3944 941 3989 manu
976 3926 1217 3990 inserta
1256 3925 1460 3989 fuisse
1494 3927 1746 3989 censeri
1783 3926 2056 4006 possint.
2101 3929 2530 4003 Quamobrem
2566 3948 2665 3993 me
2701 3932 3152 3997 Vindobonam
3192 3954 3308 4018 per
3344 3938 3406 3999 id
3441 3925 3726 4019 temporis

502 4028 996 4091 contendentem
1054 4035 1382 4105 regarunt,
1440 4034 1510 4089 ut
1561 4031 1863 4092 eumdem
1921 4030 2471 4092 Commentarium
2519 4048 2554 4093 a
2609 4034 2818 4111 perito
2857 4035 3082 4116 aliquo
3128 4043 3510 4104 amanuensi
3555 4061 3722 4124 quam

502 4130 987 4195 accuratissime
1050 4130 1331 4193 exscribi
1380 4148 1705 4206 curarent,
1760 4149 1906 4195 cum
1963 4132 2105 4211 ipse
2158 4134 2226 4196 in
2283 4150 2387 4195 me
2422 4142 2668 4197 tantum
2718 4136 2955 4201 laboris
3006 4143 3339 4222 suscipere
3383 4146 3725 4210 nullatenus

506 4255 787 4316 possem.
823 4240 912 4299 Eo
940 4235 1161 4314 itaque
1191 4234 1507 4314 appulsus
1536 4233 1699 4296 nihil
1740 4236 2075 4314 antiquius
2119 4235 2343 4310 habui,
2376 4253 2569 4317 quam
2615 4245 2688 4301 ut
2732 4242 3063 4317 negotium
3106 4246 3280 4306 istud
3320 4248 3721 4317 absolverem.

510 4341 743 4401 Verum
776 4346 919 4419 post
958 4339 1166 4403 varios
1216 4338 1736 4418 multiplicesque
1770 4347 2039 4401 conatus
2071 4341 2359 4418 reperire
2408 4353 2699 4421 pateram
2745 4346 3094 4421 neminem,
3142 4349 3255 4429 qui
3287 4358 3347 4412 et
3376 4361 3549 4416 esset
3573 4356 3641 4415 ad
3675 4355 3724 4414 id

503 4443 808 4517 idoneus,
838 4452 902 4504 et
932 4443 1045 4523 qui
1077 4458 1261 4522 aequa
1292 4442 1565 4519 pecunia
1598 4442 1956 4504 conductus
1997 4442 2118 4506 hoc
2141 4461 2309 4507 onus
2337 4445 2406 4507 in
2435 4462 2504 4508 se
2534 4463 2866 4512 assumere
2900 4451 3115 4514 vellet.
3147 4453 3305 4525 Cum
3333 4474 3485 4519 vero
3513 4458 3623 4527 hac
3656 4461 3722 4519 de

503 4559 693 4603 causa
745 4542 914 4604 haud
969 4561 1194 4622 parum
1225 4543 1459 4607 anxius
1517 4542 1856 4619 haererem,
1906 4555 1968 4607 et
2014 4545 2217 4609 ferme
2249 4549 2655 4612 conciderem
2715 4552 2957 4628 animo,
3024 4556 3331 4619 dominus
3387 4561 3466 4623 de
3509 4563 3723 4631 Koltar.

502 4660 697 4720 quem
728 4642 995 4705 honoris
1033 4660 1221 4705 causa
1259 4643 1550 4717 nomino,
1588 4643 1664 4704 ad
1695 4641 2031 4705 litterariae
2066 4646 2463 4724 reipublicae,
2499 4648 2655 4725 imo,
2693 4653 2866 4733 quod
2902 4666 2963 4716 et
3019 4658 3156 4733 ipse
3185 4659 3420 4736 aiebat,
3454 4663 3724 4725 Ecclesia:

507 4747 915 4818 beneﬁcium,
958 4747 1239 4811 laborem
1270 4748 1495 4823 istum,
1529 4748 1767 4809 studiis
1799 4748 1945 4810 aliis
1970 4750 2392 4829 gravissimis,
2419 4753 2659 4833 quibus
2691 4757 3124 4836 detinebatur,
3154 4764 3566 4839 intermissis,
3598 4767 3724 4828 sub-

504 4846 601 4907 ire
637 4856 866 4925 sponte
900 4847 1122 4915 voluit.
1185 4849 1390 4922 Quam
1433 4849 1517 4911 ob
1550 4866 1804 4911 causam
1838 4868 1984 4912 cum
2019 4850 2234 4915 cmteri
2266 4867 2493 4915 omnes
2523 4871 2845 4921 sacrarum
2879 4857 3237 4924 litterarum
3281 4864 3558 4929 cuitores
3604 4867 3723 4944 plu-

508 4948 739 5010 rimum
774 4948 868 5010 illi
903 4948 1162 5018 debent,
1193 4956 1326 5011 tum
1360 4966 1510 5013 vero
1548 4952 1686 5028 ipse
1718 4968 1818 5012 me
1853 4951 1950 5013 illi
1982 4970 2238 5017 summe
2270 4955 2649 5019 obstrictum
2682 4962 3006 5037 proﬁteor,
3038 4980 3184 5027 cum
3225 4966 3292 5028 in
3338 4970 3463 5030 mei
3489 4984 3721 5049 quoque

506 5052 774 5128 gratiam
810 5059 935 5113 tam
964 5064 1221 5128 gravem
1249 5051 1608 5113 molestiam
1644 5052 1772 5114 sibi
1823 5054 2083 5116 duxerit
2131 5054 2599 5134 perferendam.
2633 5062 2939 5125 Venetias
2973 5066 3177 5145 igitur
3206 5067 3719 5150 cum'apographo

502 5156 732 5229 redux,
766 5170 910 5217 cum
932 5154 1063 5234 jam
1098 5162 1352 5233 tempus
1390 5154 1654 5217 instaret
1678 5155 1861 5217 illius
1890 5156 2333 5235 imprimendi,
2355 5158 2563 5236 primo
2596 5161 2858 5238 quidem
2884 5166 3355 5233 Hentenianam
3389 5173 3718 5234 versionem

578 5357 655 5425 (al
690 5356 959 5434 Quartum
987 5355 1075 5410 his
1106 5353 1288 5434 simile
1320 5351 1701 5434 testimonium
1727 5367 1813 5407 me
1866 5352 2081 5434 haliitu-
2189 5369 2364 5434 tuum,
2411 5365 2481 5434 u_t_
2524 5359 2810 5434 certiorem
2855 5360 3034 5418 facere
3089 5378 3177 5419 me
3230 5364 3414 5430 vellet,
3463 5376 3717 5434 quemnam

506 5420 957 5502 runnsperaham
993 5420 1586 5502 expulilicaﬁugdnui
1613 5420 1936 5502 Batavorum
1996 5423 2080 5502 b_i-
2188 5423 2484 5502 itliusmodi
2517 5427 2929 5502 Acoutmentarii
2976 5434 3294 5502 prmierrent
3344 5420 3631 5490 auctorem.
3665 5432 3720 5485 At

508 5491 958 5575 lilltilht:(‘_5i‘.n9ﬂl‘l3
993 5491 1137 5550 eniin
1175 5494 1228 5575 in
1273 5491 1395 5574 ejus
1422 5491 1682 5575 patalogo
1710 5492 1984 5571 legissem,
2022 5494 2076 5546 in
2188 5494 2281 5575 ille
2309 5495 2703 5575 litinianissime
2727 5515 2790 5555 ac
2830 5491 3234 5575 promptissime
3259 5507 3557 5575 respondit,
3588 5502 3718 5575 equi:

510 5569 700 5644 codice
731 5560 1704 5644 1227,βοωπηςξῃφπίοε,,ἀολᾳιιψιιε
1731 5562 1946 5644 agimtns
1980 5578 2071 5617 re-
2183 5564 2307 5644 dem
2340 5567 2393 5637 in
2420 5568 2594 5644 prima
2628 5569 2775 5626 illius
2806 5560 3012 5644 t'odicis
3032 5573 3228 5643 pagina
3252 5560 3459 5643 jac-fari
3486 5560 3718 5644 ejusmbdi

508 5637 704 5712 periri;
739 5636 918 5714 φετιγὶ
971 5633 1325 5714 pet-“litteras
1356 5631 1428 5685 cl.
1460 5631 1827 5714 Abrahmnum
1859 5630 2072 5714 Grono-
2177 5630 2651 5705 Commentarios;
2686 5655 2747 5696 re
2780 5655 2959 5698 tamen
2995 5630 3131 5714 ipsa”
3146 5646 3201 5701 in
3223 5630 3289 5702 et)
3318 5630 3717 5714 codice'nequa-

506 5701 675 5769 viain,
731 5701 990 5775 o-ju'sdcm'
1038 5704 1380 5760 bibliothecae
1439 5701 1720 5757 custodem
1773 5702 2064 5758 nteritissi-
2170 5719 2332 5774 quam
2359 5718 2592 5762 exstare.
