3860 6546
176 342 281 407 421
1054 339 1130 398 ΙΝ
1176 336 1616 408 SEQUENTIA
1647 335 2231 398 THEUPIIYLACTI
2273 337 2612 397 SCRIPTA.
3343 342 3450 399 ηε

176 460 244 522 iu
280 457 523 532 quibus
567 470 713 517 cum
752 450 1245 516 OEcumeniano
1283 448 1792 512 Commentaries
1832 445 1948 509 is'te
1969 449 2290 511 consentit
2327 447 2900 527 (consentitautem
2929 452 2997 510 ut
3029 447 3436 530 plurimum),

179 561 350 624 milii
381 559 780 621 retinendam
815 553 1282 618 existimabam.
1324 553 1444 614 Sed
1485 553 1650 614 facto
1696 552 1790 614 rei
1849 553 2158 630 periculo,
2218 571 2362 614 cum
2427 552 2509 614 ob
2542 551 2962 632 ofrequentem
3021 571 3242 616 rerum
3277 555 3453 616 ordi-

176 661 422 739 nisque
459 662 857 730 varietatem,
895 665 1088 734 atque
1114 656 1304 717 etiam
1339 654 1422 716 ob
1452 671 1524 715 ea
1555 672 1699 732 quae
1735 653 1800 714 in
1833 653 2141 716 alterutro
2179 657 2271 714 vel
2307 655 2738 732 praetermissa
2765 663 3005 730 essent,
3056 655 3156 717 vel
3208 654 3448 727 addita,

177 763 542 841 plurimum
573 761 728 822 mihi
767 757 1005 821 laboris
1047 774 1118 820 ac
1143 757 1319 818 tmdii
1359 755 1780 818 subeundum
1816 755 2128 828 viderem,
2179 772 2250 815 ac
2281 765 2580 832 prmterea
2612 755 2825 816 versio
2859 757 2995 832 ipsa
3046 757 3452 817 Henteniana

179 879 312 922 nou
373 862 533 922 mihi
591 860 836 939 ubique
873 858 1288 937 probaretur,
1333 863 1576 917 mutato
1622 854 1926 928 consilio,
1979 872 2206 915 novam
2256 853 2705 934 integramque
2750 855 2951 932 hujus
2986 855 3455 918 Commentarii

177 961 557 1023 versionem
606 960 934 1022 -adornare
978 956 1313 1029 constitui,
1349 963 1419 1018 ut
1468 955 1691 1019 saltem
1744 963 1914 1016 esset
1960 953 2083 1014 rilla
2117 954 2361 1032 ubique
2395 954 2517 1014 sibi
2577 953 3016 1026 consentiens,
3051 971 3125 1014 ac
3174 969 3301 1015 non
3339 969 3454 1032 pro

181 1065 501 1127 varietate
564 1063 840 1142 partium
903 1063 1075 1123 varia
1137 1069 1198 1122 et
1263 1059 1452 1140 quasi
1522 1057 1880 1120 versicolor
1950 1065 2307 1134 appareret.
2358 1056 3166 1135 ‘Versionemaggressus
3243 1057 3455 1119 statim

182 1167 648 1240 animadverti,
702 1165 874 1227 mihi
947 1182 1094 1227 cum
1147 1164 1368 1226 codice
1427 1164 1744 1226 mendoso
1797 1178 1868 1223 ac
1898 1161 2281 1240 frequenter
2336 1161 2563 1223 mutilo
2601 1161 2990 1223 luctandum
3051 1164 3451 1240 essezquod

177 1279 404 1329 tamen
428 1286 667 1330 novum
699 1268 966 1330 minime
987 1270 1238 1342 accidit,
1271 1269 1513 1348 quippe
1546 1268 1659 1347 qui
1687 1267 1817 1347 jam
1844 1267 2422 1339 scirem,eumdem
2450 1266 2733 1328 codicem
2757 1282 2922 1338 esse,
2947 1281 3174 1344 exque
3200 1264 3454 1326 Sifanus

175 1385 388 1431 suum
421 1370 673 1448 inﬂActa
722 1371 1161 1448 apostolorum
1199 1370 1740 1432 Commentariun)
1771 1369 2170 1449 deprompsit
2193 1385 2209 1442 ;
2231 1378 2587 1447 utrumque
2619 1369 2885 1446 proinde
2916 1367 3160 1429 eisdem
3188 1369 3456 1428 subesse

177 1467 552 1531 defectibus
578 1479 900 1548 oportere.
928 1470 1114 1531 Illius
1143 1469 1652 1548 corruptionem,
1691 1473 1947 1542 menda,
1983 1468 2594 1546 defectusagnov'rt,
2645 1466 3107 1545 adnotavitque
3154 1465 3220 1526 in
3287 1481 3456 1526 mar-

177 1571 338 1648 gine
378 1571 524 1648 ipse
559 1571 1000 1636 Sifanus..Sed
1042 1574 1204 1636 illud
1241 1575 1394 1636 mihi
1433 1594 1563 1656 prae
1592 1575 1812 1637 Sifano
1843 1574 2278 1649 commodius,
2313 1572 2654 1652 magisque
2701 1579 3152 1649 Opportunum
3186 1567 3454 1646 obtigit.

177 1671 366 1748 quod
398 1669 914 1734 Commentaries
947 1662 1069 1735 iste
1095 1675 1218 1734 sub
1249 1675 1444 1748 alius,
1498 1691 1730 1754 nempe
1786 1669 2198 1746 OEcumenii,
2255 1671 2538 1742 nomine,
2568 1671 2844 1732 maxima
2892 1667 3115 1730 saltem
3151 1684 3229 1728 ex
3283 1677 3459 1744 parte

178 1771 410 1834 editus
471 1781 644 1836 esset
673 1793 751 1837 ex
783 1776 1003 1838 codice
1027 1777 1239 1856 magis
1275 1777 1529 1854 integro
1562 1778 2028 1849 et'emendato;
2061 1792 2144 1836 ex
2190 1789 2320 1854 quo
2363 1773 2634 1852 proinde
2677 1772 3060 1853 quamplura
3106 1769 3350 1832 sarcire
3399 1777 3461 1827 et

179 1876 524 1970 corrigere
558 1878 712 1940 mihi
752 1879 959 1954 licuit,
989 1881 1239 1960 ingenti
1270 1889 1481 1944 tamen
1518 1891 1578 1944 et
1603 1882 1896 1962 apprime
1941 1880 2214 1943 molesto
2245 1879 2471 1941 labore
2507 1901 2522 1940 :
2559 1895 2702 1940 nam
2745 1895 2881 1940 eam
2916 1877 2998 1938 ob
3040 1891 3295 1938 causam
3325 1873 3462 1935 fre-
3554 1903 3558 1908 ι

169 1981 633 2070 queritissime
663 1999 734 2046 ac
763 1983 965 2048 ferme
991 1993 1308 2066 perpetuo
1339 1985 1614 2048 alterum
1647 2003 1792 2048 cum
1825 1986 2030 2048 altero
2073 1977 2367 2046 conferre
2404 1999 2668 2044 necesse
2693 1981 2838 2042 fuit.
2872 1981 3254 2058 Quanquam
3302 1994 3460 2040 vero

173 2087 398 2148 multa
440 2087 502 2146 in
543 2089 1034 2152 OEcumeniano
1090 2093 1244 2165 sint,
1278 2110 1422 2171 quas
1454 2093 1519 2153 in
1555 2089 2046 2152 Vindobonensi
2075 2087 2553 2150 Commentario
2585 2087 3056 2156 desiderantur,
3074 2099 3205 2161 ego
3243 2093 3463 2143 tamen

183 2188 460 2249 nonnisi
496 2206 568 2250 ea
617 2207 763 2268 quae
835 2192 1227 2269 perﬁciendo
1257 2193 1381 2253 mei
1410 2193 1766 2273 apograpbi
1802 2191 2024 2253 sensui
2061 2191 2190 2250 visa
2221 2197 2372 2250 sunt
2404 2188 2789 2260 necessaria,
2830 2185 3016 2246 verba
3074 2185 3458 2262 plerumque

182 2286 572 2365 desumpsit
611 2305 836 2368 eaque,
875 2296 943 2350 ut
980 2290 1046 2350 in
1083 2291 1560 2353 Commentario
1593 2292 2018 2368 praecedente,
2063 2289 2292 2368 signis,
2340 2289 2529 2367 queis
2573 2288 3163 2367 distinguerentur,
3199 2285 3457 2346 inclusi.

175 2388 649 2449 .Correctiones
691 2388 970 2468 majoris
1007 2391 1338 2464 momenti,
1373 2407 1444 2452 ac
1474 2390 1803 2452 variantes
1838 2391 2146 2451 lectiones
2177 2407 2358 2467 aeque
2390 2389 2455 2448 in
2499 2387 2641 2462 hoc,
2669 2397 2868 2468 atque
2909 2387 2973 2448 in
3013 2387 3126 2448 illo
3159 2388 3232 2446 ad
3289 2403 3456 2447 uar-

175 2485 416 2562 giuem
481 2487 804 2548 adnotavi.
870 2488 984 2548 Ubi
1031 2505 1182 2550 vero
1239 2492 1652 2568 praepositum
1698 2490 1938 2552 videris
1987 2490 2105 2552 hoc
2162 2490 2624 2568 compendium
2678 2499 2776 2563 ἴση
2812 2508 2930 2552 seu
2971 2499 3122 2565 ἴσως,
3169 2494 3464 2570 fortasse,

176 2587 369 2648 scias
407 2589 623 2659 velim,
682 2606 753 2650 ea
788 2607 886 2650 me
919 2607 994 2650 ex
1048 2591 1182 2651 sola
1216 2591 1576 2669 conjectura
1624 2592 2031 2670 apposuisse.
2073 2591 2303 2652 Menda
2347 2590 2596 2652 notiora
2633 2597 2693 2650 et
2734 2590 2934 2670 magis
2964 2591 3152 2653 obvia
3203 2589 3466 2660 sustuli,

177 2688 384 2750 nulla
418 2689 632 2752 addita
687 2689 1160 2754 admonitione.
1214 2695 1406 2754 Notas
1455 2693 1732 2773 aliquas,
1774 2695 1852 2755 de
1880 2692 2121 2771 quibus
2175 2691 2296 2752 sub
2328 2692 2518 2756 ﬁnem
2562 2691 2757 2770 hujus
2802 2689 3204 2755 Praafationis
3270 2707 3469 2770 pauca

185 2789 439 2864 dicam,
471 2793 546 2852 ad
581 2791 813 2854 calcem
848 2793 1226 2874 paginarum
1260 2795 1554 2875 adjunxi.
1609 2795 1822 2856 Codex
1862 2793 2732 2868 Ctesareo-Viudobonensis,
2778 2794 2888 2873 qui
2945 2791 3117 2855 hunc
3183 2791 3470 2855 continet

191 2893 775 2971 Commentarium,
827 2900 1202 2962 cbartaceus
1252 2908 1346 2963 est
1405 2900 1472 2961 in
1527 2897 1689 2960 folio
1735 2898 2012 2972 minore,
2050 2905 2110 2959 et
2145 2897 2424 2977 eleganti
2456 2898 2746 2978 quidem,
2774 2899 2883 2959 sed
2929 2897 3276 2962 minutiore
3322 2894 3473 2957 clla.

185 3008 451 3062 1actere
487 3010 805 3065 exat-atus.
843 3006 892 3064 Α
929 3004 1274 3066 Lambecio
1304 3003 1788 3066 vetustissimus
1825 3019 1894 3064 ac
1935 3003 2507 3080 praestantissimus
2562 3003 2799 3065 dicitur
2833 3023 2848 3064 :
2882 3001 2996 3064 sed
3030 3001 3189 3064 mihi
3220 3002 3285 3066 in
3319 3019 3472 3066 eum

177 3104 446 3158 attente
481 3097 752 3160 intuenti
786 3117 904 3162 nec
939 3111 1377 3178 pervetustus,
1419 3118 1635 3180 neque
1679 3100 1840 3162 adeo
1894 3109 2197 3177 praestans
2248 3119 2394 3164 esse
2426 3102 2692 3164 videtur
2721 3101 2802 3163 ob
2834 3100 3124 3164 defectus
3169 3103 3474 3182 superius

198 3200 545 3261 indicatos.
593 3203 667 3262 Et
715 3220 893 3278 sane,
927 3206 1205 3280 tametsi,
1247 3215 1392 3267 nota
1447 3205 1753 3283 temporis
1807 3205 2166 3280 deﬁciente,
2210 3217 2383 3269 certo
2433 3208 2699 3270 deﬁnire
2741 3222 2868 3269 non
2897 3205 3087 3268 liceat
3131 3225 3257 3288 qua
3293 3215 3475 3271 aetate

183 3299 409 3362 .Iuerit
445 3313 765 3379 exaratus,
802 3305 1232 3372 nihilominus
1265 3315 1409 3369 ante
1447 3305 1759 3379 saeculum
1793 3325 1906 3369 xw
1941 3307 2044 3367 vix
2085 3308 2466 3370 crediderim
2493 3294 2640 3370 eum
2668 3306 2872 3368 fuisse
2899 3308 3361 3384 conscriptum.
3403 3310 3476 3370 Id

204 3409 426 3463 tamen
473 3405 627 3465 satis
689 3405 846 3466 mihi
912 3408 1170 3470 videtur
1213 3408 1291 3471 ad
1345 3409 1812 3471 conciliandam
1856 3409 2231 3470 testimonio
2269 3409 2460 3470 istius
2496 3408 2738 3470 codicis
2789 3407 3229 3470 auctoritatem
3287 3409 3356 3469 in
3396 3425 3476 3469 eo

192 3500 391 3576 quod
424 3499 940 3581 TheOphylactus
985 3505 1359 3570 istiusmodi
1413 3505 1872 3570 Commentarii
1915 3515 2143 3570 auctor
2173 3508 2445 3574 dicetur.
2491 3508 2624 3570 Sed
2649 3523 2782 3586 jam
2829 3507 2908 3570 de
2948 3508 3091 3588 ipso
3121 3508 3480 3570 Commen-

191 3597 375 3660 tario
405 3601 718 3663 nonnulla
749 3603 986 3666 addere
1019 3613 1292 3684 prastat.

294 3705 441 3766 XII.
502 3707 587 3779 Is,
632 3724 769 3770 mea
821 3709 1089 3788 quidem
1141 3711 1482 3783 sententia,
1547 3713 1706 3774 satis
1769 3713 2111 3792 prteclarus
2167 3721 2288 3774 est.
2345 3713 2712 3778 Litteralem
2769 3713 3151 3794 plerumque
3209 3728 3475 3774 sensum

199 3805 460 3882 .Optime
499 3805 800 3883 explicat,
833 3809 1265 3872 etoceasione
1293 3809 1458 3884 data,
1485 3811 1688 3890 siqua
1707 3811 1987 3873 occurrit
2017 3809 2357 3883 dubitatio,
2386 3819 2748 3889 opportuno
2771 3811 3038 3874 discutit
3069 3811 3480 3887 breviterque

206 3909 511 3971 resolvit.
576 3912 897 3974 Nonnulla
951 3921 1173 3976 tamen
1231 3914 1430 3976 veluti
1483 3923 1812 3987 extranea,
1865 3923 1975 3978 aut
2037 3932 2164 3977 non
2211 3915 2492 3978 omnino
2552 3933 2835 3979 consona
2885 3917 3158 3989 veritati,
3206 3933 3482 3996 quaeque

213 4011 554 4074 eruditum
595 4019 1157 4076 commentatorem
1209 4013 1547 4085 dedecent,
1607 4016 2052 4092 reperiuntur.
2107 4017 2226 4078 Sed
2267 4017 2407 4078 haec
2449 4015 2632 4078 scioli
2680 4016 2958 4095 alicujus
3007 4017 3249 4097 adjecta
3291 4032 3486 4077 manu

216 4111 456 4184 fuisse,
502 4112 606 4172 vix
654 4112 902 4175 dubito.
950 4113 1425 4175 Commentario
1480 4113 1604 4174 sub
1645 4115 2036 4176 OEcumenii
2091 4115 2354 4177 nomine
2389 4114 2566 4176 edito
2620 4114 2877 4176 brevior
2927 4114 3309 4194 plerumque
3359 4131 3483 4182 est,

219 4233 356 4298 quo
386 4218 464 4278 ad
499 4217 956 4298 'l‘beOphylacti
992 4217 1278 4279 indolem
1310 4217 1573 4296 prepius
1603 4219 1870 4291 accedit,
1904 4219 2144 4298 quippe
2209 4220 2323 4298 qui
2375 4218 2686 4281 nonnulla
2733 4233 2996 4294 prorsus
3039 4216 3309 4286 omittit;
3361 4212 3486 4275 alia

223 4337 381 4382 vero
443 4321 640 4399 magis
699 4317 1016 4381 contrahit
1069 4326 1262 4397 atque
1320 4316 1677 4396 restringit.
1723 4319 1927 4392 Quam
1985 4334 2136 4380 vero
2193 4324 2276 4381 ob
2324 4335 2580 4380 causam
2617 4319 2811 4380 verba
2850 4316 3073 4378 sensui
3126 4314 3488 4378 necessaria

223 4435 671 4497 saepenumero
704 4419 1101 4491 omittantur,
1139 4417 1392 4494 ignoro.
1433 4415 1604 4478 Illud
1635 4426 1880 4479 certum
1915 4417 2187 4491 videtur,
2235 4436 2362 4480 non
2398 4421 2583 4497 primi
2618 4419 2920 4486 auctoris,
2961 4420 3070 4479 sed
3124 4417 3486 4496 cujuspiam

228 4521 480 4583 librarii
516 4519 702 4598 culpa
733 4520 792 4581 id
822 4519 1134 4581 accidisse
1166 4535 1180 4579 :
1213 4518 1758 4596 quemadmodum
1788 4518 2084 4597 longiora
2116 4522 2409 4598 quasdam
2449 4537 2520 4582 ac
2552 4521 2743 4599 genio
2777 4518 3237 4600 TheOpbylacti
3272 4521 3486 4582 minus

231 4633 685 4694 consentanea,
716 4623 794 4682 ab
827 4621 1047 4698 aliquo
1082 4619 1381 4681 videntur
1412 4619 1686 4682 intrusa.
1720 4621 1989 4682 Nomina
2018 4629 2375 4692 auctorum,
2427 4621 2483 4681 si
2517 4621 3046 4700 Chrysostomum
3076 4633 3136 4682 et
3177 4624 3491 4702 Cyrillum

236 4725 546 4802 excipias,
607 4723 781 4786 nulla
837 4723 1195 4803 alIeruntur
1231 4741 1246 4782 :
1279 4729 1555 4783 attamen
1609 4721 1795 4783 dictis
1842 4731 2132 4788 veterum
2172 4726 2425 4784 Patrum
2487 4720 2867 4801 plerumque
2916 4723 2980 4785 in
3035 4725 3490 4803 compendium

242 4827 511 4890 redactis
551 4827 647 4888 sin
677 4801 916 4897 omnia:
946 4823 1218 4901 plurima
1252 4823 1476 4884 saltem
1503 4823 1570 4884 in
1597 4840 1680 4884 eo
1715 4824 1994 4897 contexi,
2027 4832 2478 4902 argumentum
2515 4833 2633 4898 est,
2666 4826 2836 4904 quod
2874 4825 3032 4886 mihi
3063 4842 3228 4902 saepe
3269 4827 3489 4888 eadem

243 4946 507 5009 prorsus
539 4927 960 4998 occurrerint,
987 4943 1134 5004 quea
1171 4923 1236 4987 in
1263 4926 1495 4985 Catena
1516 4922 2026 4997 Vindobonensi,
2049 4925 2128 4985 de
2162 4942 2288 5003 qua
2315 4943 2531 5001 supra,
2566 4927 2996 5004 perlegeram;
3031 4927 3320 5006 adeoque
3355 4927 3495 5006 ejus

240 5048 359 5107 Ope
390 5029 844 5092 Commentarii
892 5028 1087 5106 hujus
1116 5034 1356 5087 textum
1396 5027 1737 5088 emendare
1769 5043 2234 5105 nonnunquam
2275 5029 2447 5104 potui
2494 5050 2511 5088 ε
2551 5045 2748 5107 quare
2786 5044 2914 5089 non
2947 5028 3209 5090 omnino
3243 5029 3496 5090 inutilis

244 5149 309 5193 ea
353 5133 585 5191 Catena
621 5127 803 5189 nobis
836 5127 976 5192 fuit.
1017 5127 1138 5190 Hic
1189 5140 1361 5195 vero,
1413 5136 1757 5205 antequam
1792 5127 1870 5186 de
1906 5125 2025 5186 lioc
2077 5128 2549 5188 Commentario
2607 5127 2852 5208 pralfari
2899 5129 3149 5201 desino,
3203 5131 3496 5194 animad-

248 5241 491 5294 vertere
546 5236 818 5308 praestat,
879 5229 1083 5306 primo
1147 5223 1383 5290 textum
1449 5243 1644 5288 sacrae
1698 5226 2040 5304 Scripturm
2091 5229 2154 5288 in
2198 5228 2314 5289 hoc
2356 5231 2576 5291 codice
2628 5248 2752 5291 non
2805 5248 3061 5307 semper
3101 5232 3183 5292 ita
3217 5233 3497 5293 divisum

247 5331 704 5407 digestumque
739 5343 905 5397 esse,
942 5335 1007 5386 ut
1039 5327 1382 5406 Scripturaa
1415 5324 1603 5385 verba
1637 5325 2002 5386 immediate
2035 5326 2301 5403 excipiat
2339 5329 2657 5404 expositio
2689 5327 3147 5405 'I‘beopbylaeti
3175 5346 3190 5402 ;
3223 5331 3331 5390 sed
3368 5330 3498 5392 base

246 5431 600 5508 aliquando
637 5425 955 5506 praecedit,
985 5425 1334 5504 aliquando
1359 5425 1552 5489 simul
1590 5425 1885 5503 praecedit
1921 5425 2497 5504 subsequiturque.
2528 5425 2956 5499 Quamobrem
2981 5427 3092 5504 qui
3138 5427 3498 5506 rujusliiam

254 5543 466 5595 textus
497 5528 1013 5607 exiilanationem
1058 5526 1365 5606 exquirit.
1401 5529 1637 5586 nedum
1686 5527 2177 5604 subsequentia,
2225 5527 2338 5588 sed
2381 5535 2440 5586 et
2492 5526 2777 5601 proxime
2818 5527 3261 5588 antecedentia
3312 5527 3499 5608 legat,

254 5651 518 5696 necesse
551 5641 667 5694 est.
700 5631 862 5704 Quia
885 5630 1127 5692 vero-in
1166 5628 1532 5708 apographo
1575 5645 1718 5694 meo
1745 5631 2137 5707 quandoque
2175 5629 2380 5707 reperi
2417 5628 2890 5706 expositionem
2923 5629 3001 5690 ab
3033 5629 3171 5708 ipso
3207 5638 3379 5691 textu
3421 5632 3499 5691 ita

257 5737 626 5808 distantem,
661 5742 727 5794 ut
767 5733 866 5795 vix
902 5731 1191 5813 dignosci
1231 5740 1449 5810 posset
1502 5731 1891 5811 qu’ibusnam
1927 5732 2137 5795 verbis
2171 5727 2612 5808 resyonderet,
2652 5730 2798 5793 ideo
2829 5733 2907 5795 ad
2955 5732 3391 5796 difﬁcultatem
3425 5735 3501 5794 de
