3860 6640
416 363 522 425 423
1430 359 1569 419 lli’lN
1582 360 1597 418 l
1612 359 1809 419 FACII
1859 360 1902 418 F
1915 358 2169 419 INETTI
2228 356 2623 419 PRIEFATIO
3578 357 3668 426 ω

419 471 635 533 medio
670 467 1017 531 tollentem
1041 470 1313 529 alterum
1339 484 1417 528 ex
1461 469 1561 526 his
1594 465 1855 544 praesnti
1893 489 1908 526 :
1951 464 2048 529 vel
2091 465 2305 546 aliqua
2337 465 2683 543 Scripturte
2717 463 2932 539 verba,
2960 464 3177 528 Graeco
3201 471 3391 528 textu
3430 482 3669 543 prorsus

419 566 682 647 intacto,
724 573 792 636 in
836 573 1133 634 versione
1178 573 1403 633 iterato
1436 570 1660 648 posui;
1698 568 1825 644 vol,
1859 569 1916 630 si
1956 567 2019 630 id
2065 568 2433 633 confusioni
2486 567 2791 631 tollendas
2818 567 3035 631 minus
3078 566 3441 640 sufficeret,
3477 567 3670 651 ipsum

417 676 763 755 Scriptura;
792 671 1200 736 textum‘alio
1248 670 1572 743 transtuli,
1615 677 1679 733 et
1725 667 2180 737 Commentarii
2231 671 2453 735 sedem
2506 667 2698 748 paulo
2731 667 2993 738 inverti.
3027 668 3386 732 Confusam
3434 669 3672 735 hancet

418 777 638 838 minus
688 783 894 855 aptam
956 774 1116 834 sacri
1169 778 1383 834 textus
1431 770 1923 835 collocationem
1976 771 2204 833 nonin
2260 770 2380 833 huc
2428 771 2666 842 solum,
2707 767 2820 832 sed
2872 767 3062 830 etiam
3112 768 3177 830 in
3217 767 3379 831 aliis
3416 767 3671 832 aliorum

416 883 823 959 scriptorum,
857 878 989 939 imo
1049 884 1111 937 et
1142 873 1604 956 TheOphylaeti
1660 874 2153 941 Commentariis
2200 872 2553 939 identidem
2597 871 3045 942 animadverti.
3093 872 3253 958 Quae
3300 882 3676 951 prmpostera

417 980 764 1060 dispositio
812 996 890 1041 ex
922 994 1001 1042 eo
1061 984 1198 1041 orta
1247 976 1526 1050 videtur,
1552 975 1730 1055 quod
1780 988 1910 1036 non
1969 988 2094 1034 suo
2150 988 2428 1053 quasque
2487 972 2690 1035 textui
2747 971 3041 1051 subjecta
3105 971 3445 1053 principio
3497 969 3676 1035 fuerit

418 1081 776 1159 expositio;
832 1080 948 1143 sed
1014 1080 1081 1141 in
1141 1078 1432 1159 margine
1491 1075 1736 1147 laterali
1791 1074 1872 1141 ab
1927 1074 2303 1139 auctoribus
2359 1076 2461 1140 vel
2519 1074 2981 1146 collectoribus
3024 1074 3244 1154 posita
3283 1073 3674 1143 interdume

422 1181 706 1261 regione,
742 1183 1291 1247 interdnmetiam
1334 1180 1641 1254 inferius,
1709 1179 1899 1259 cujus
1948 1180 2042 1243 rei
2095 1178 2296 1243 multa
2342 1187 2699 1263 supersunt
2748 1185 3097 1258 exempta;
3141 1178 3395 1242 deinde
3448 1193 3596 1241 vero
3645 1197 3672 1241 a

423 1285 703 1347 librariis
745 1285 952 1349 textui
978 1284 1266 1354 sacread
1304 1282 1690 1348 libitumzvel
1725 1300 1800 1345 ex
1831 1280 2156 1361 imperitia
2198 1278 2480 1344 dissecto
2512 1280 2849 1360 supposita
2901 1280 3119 1344 fuerit.
3163 1282 3438 1349 Certum
3470 1282 3676 1345 saltem

422 1386 704 1461 videtur,
751 1404 917 1461 eam,
949 1404 1096 1465 quas
1137 1386 1203 1450 in
1236 1384 1515 1449 diversis
1573 1383 1912 1448 codicibus
1950 1383 2144 1458 inest,
2185 1382 2581 1458 varietatem,
2607 1382 2714 1445 vel
2752 1382 2820 1447 in
2856 1398 3003 1446 uno
3049 1382 3426 1463 eodemque
3474 1386 3673 1447 codice

421 1489 901 1559 confusionem.
934 1494 1226 1567 potuisse
1258 1503 1338 1548 ex
1370 1484 1494 1547 hoc
1524 1483 1728 1562 capite
1773 1481 1973 1556 oriri;
2010 1489 2079 1544 ut
2131 1480 2353 1545 mirari
2401 1481 2677 1560 proinde
2714 1479 3204 1557 .nemodebeat,
3259 1482 3324 1544 si
3373 1480 3563 1545 aliter
3585 1482 3676 1547 hic

403 1605 615 1675 atque
669 1594 740 1656 in
788 1593 1273 1657 OEcumeniano
1322 1588 1802 1655 Commentario
1841 1585 2207 1668 dispositus
2252 1587 2602 1665 Scriptura
2649 1591 2864 1656 textus
2906 1584 3303 1666 divisusque
3338 1593 3673 1649 cernatur:

408 1697 724 1780 quamvis
755 1696 945 1759 etiam
968 1693 1654 1775 Henteniusaliquam
1688 1692 1777 1755 ibi
1814 1692 2239 1755 mutationem
2272 1691 2620 1767 invexerit,
2656 1689 3276 1769 .utilpsetmtballata
3316 1691 3676 1755 mutationis

409 1800 696 1873 .ratione,
724 1796 977 1861 fatetur.
1010 1795 1327 1869 Alterum,
1360 1795 1441 1858 de
1466 1810 1606 1879 quo
1624 1794 1964 1861 Lectorem
1996 1793 2443 1869 pramonitum
2462 1791 2692 1866 velim,
2710 1799 2845 1866 .est,
2866 1793 2931 1854 in
2955 1791 3675 1857 codioe‘Vindobonensi

416 1899 706 1980 singulis
748 1897 1013 1977 quidem
1070 1894 1379 1974 Epistolis
1416 1894 1944 1974 uniuscujusque
1989 1900 2444 1973 argumentum
2480 1891 2814 1972 prmmitti,‘
2861 1894 2975 1958 sed
3034 1891 3365 1971 Epistolas
3409 1894 3574 1970 ipsas
3621 1904 3674 1957 et

427 1995 934 2061 Commentarios
963 1995 1220 2060 illarum
1244 2010 1375 2058 non
1406 1994 1772 2074 interrupto
1827 1993 1939 2056 ﬁlo
1978 1993 2236 2072 absque
2268 1992 2738 2058 versiculorum
2781 2002 2891 2057 aut
2935 1993 3221 2074 capitum
3266 1992 3674 2057 distinctione

425 2112 568 2158 esse
597 2096 867 2175 digesta.
925 2097 1069 2163 Haec
1120 2094 1414 2157 addenda
1468 2094 1695 2164 censui
1750 2093 2015 2182 majoris
2068 2095 2389 2165 commodi
2442 2092 2646 2174 gratia
2691 2094 2876 2175 juxta
2905 2102 3287 2159 consuetam
3320 2093 3673 2155 Latinorum

423 2196 922 2274 Graecorumque
959 2193 1347 2258 numerandi
1381 2194 1719 2257 rationem.
1748 2194 2144 2273 Argumenta
2164 2208 2325 2256 arere
2356 2191 2786 2270 Epistolarum
2810 2191 3038 2263 eodem
3070 2191 3264 2257 modo
3294 2190 3539 2268 reliqui
3559 2204 3673 2270 quo

425 2300 493 2360 in
527 2297 746 2361 codice
800 2304 975 2371 sunt,
1024 2314 1106 2363 ne
1162 2313 1262 2360 me
1288 2294 1526 2377 aliquis
1562 2303 1786 2372 arguat
1818 2294 2244 2370 infidelitatis,
2292 2311 2552 2375 unaque
2595 2294 2797 2359 lector
2826 2302 3153 2374 agnoscat,
3192 2300 3362 2374 quot
3389 2293 3455 2356 in
3493 2294 3671 2371 capita

426 2407 646 2464 auctor
670 2400 1158 2477 .Commentarii,
1185 2398 1287 2463 vel
1321 2398 1491 2466 alius
1521 2399 1899 2480 quicunque
1920 2397 2151 2475 fuerit,
2184 2399 2504 2478 Epistolas
2554 2398 2847 2478 singulas
2907 2399 3115 2462 secari
3162 2397 3459 2462 voluerit
3494 2414 3510 2458 :
3548 2413 3670 2461 nam

429 2502 610 2581 plura
640 2504 703 2565 in
736 2518 1122 2587 unaquaque
1156 2507 1491 2567 enumerat
1543 2501 1774 2579 capita,
1804 2516 1997 2580 quam
2054 2499 2418 2571 enumerari
2472 2500 2910 2569 communiter
2968 2499 3236 2563 soleant.
3272 2501 3365 2562 Ea
3415 2499 3669 2581 capitum
3782 2508 3821 2583 ρ

427 2603 854 2678 enumeratio,
897 2620 1043 2682 qum
1078 2602 1143 2667 in
1171 2602 1455 2671 editione
1486 2602 1995 2678 OEcumeniana,
2029 2603 2376 2668 exhibetur
2408 2603 2602 2667 etiam
2646 2602 2713 2665 in
2743 2602 3269 2666 Commentariis.
3310 2602 3587 2679 Insuper
3604 2600 3670 2669 ad

422 2704 659 2769 calcem
694 2704 1044 2784 cujuslibet
1081 2704 1520 2771 commentarii
1554 2711 1811 2775 notatur
1841 2722 2152 2769 numerus
2177 2703 2670 2779 versiculorum,
2697 2720 2864 2783 quos
2902 2703 3189 2783 Epistola
3209 2702 3279 2766 in
3299 2709 3381 2765 e’o
3400 2704 3668 2782 exposita

423 2804 894 2867 commentario
922 2804 1373 2884 complectitur
1409 2825 1425 2867 :
1464 2806 1574 2884 qui
1635 2823 1946 2867 numerus
1983 2805 2189 2875 multo
2241 2806 2442 2885 major
2490 2811 2611 2878 est,
2662 2804 3011 2881 praesertim
3071 2804 3141 2866 in
3189 2803 3665 2881 posterioribus:

428 2919 699 2965 numero
731 2909 1066 2965 consueto.
1097 2904 1354 2978 Menda,
1394 2921 1538 2984 quas
1571 2904 1638 2966 in
1671 2903 1995 2982 ejusmodi
2029 2921 2335 2969 numeros
2357 2905 2629 2970 fortasse
2659 2894 3089 2985 irrepserunt,
3112 2904 3446 2983 corrigere
3481 2902 3661 2965 nolui.

426 3013 605 3075 ratus
640 3005 776 3071 fieri
811 3006 1120 3085 potuisse,
1152 3016 1221 3068 ut
1257 3016 1503 3082 auctor,
1534 3007 1731 3069 sicuti
1765 3007 1951 3087 plura
1982 3009 2213 3088 capita,
2247 3009 2329 3072 ita
2369 3018 2431 3072 et
2455 3011 2675 3091 plures
2697 3007 3090 3073 enumerarit
3128 3004 3515 3090 versiculos,
3546 3004 3662 3074 licet

425 3106 523 3177 rei
557 3105 835 3197 hujusce
866 3124 1122 3171 causam
1156 3124 1418 3179 prorsus
1450 3109 1765 3199 ignorem.
1803 3110 1927 3183 Sed
1957 3111 2035 3175 de
2067 3109 2196 3183 hoc
2218 3128 2420 3201 Opere
2453 3113 2632 3183 satis.

1843 3273 2130 3337 SECTIO
2192 3277 2301 3340 μ’.

1372 3416 1458 3479 De
1500 3415 1784 3481 oratione
1821 3415 1891 3481 in
1930 3414 2380 3487 Aderationcm
2409 3420 2477 3483 S.
2514 3424 2755 3491 crucis,

515 3537 685 3607 Xlll.
719 3532 1213 3614 Exegeticorum
1247 3531 1711 3613 Theophylacti
1742 3549 2019 3613 Operum
2056 3534 2127 3605 in
2162 3536 2317 3597 Novi
2370 3538 2767 3606 'l‘estamenti
2802 3539 3222 3620 Scriptumm,
3268 3538 3485 3622 quoad
3528 3534 3661 3600 mihi

431 3649 699 3712 constat,
741 3652 1080 3700 numerum
1123 3635 1364 3696 claudit
1398 3636 1915 3697 Commentarius
1964 3636 2033 3700 in
2080 3637 2405 3713 Epistolas
2450 3638 2831 3705 Catholicas.
2881 3642 2954 3703 ln
3004 3642 3310 3722 sequenti
3370 3638 3662 3706 volumine

431 3747 661 3819 quarto
692 3736 854 3798 alios
885 3736 1173 3815 ejusdem
1206 3735 1715 3803 Commentarios
1753 3736 1816 3799 in
1854 3737 2054 3799 Vetus
2103 3739 2584 3801 Testamentum
2634 3740 2953 3805 invenies.
3011 3743 3080 3805 In
3124 3742 3251 3805 hoc
3315 3757 3470 3805 vero
3518 3737 3664 3799 varia

433 3836 896 3915 'i'beOpbylacti
924 3834 1242 3914 opuscula
1277 3834 1742 3913 subjiciuntur,
1777 3836 1969 3913 queis
2009 3851 2233 3914 magna
2268 3854 2346 3903 ex
2397 3844 2567 3915 parte
2600 3846 2811 3901 tomus
2858 3841 2981 3902 iste
3030 3841 3371 3904 conﬂatur.
3415 3840 3663 3907 Primum

433 3945 528 3997 est
560 3935 781 3996 Oratio
815 3936 883 3995 in
924 3936 1358 3997 adorationcm
1391 3935 1457 4001 S.
1512 3936 1761 4004 crucis;
1791 3952 1936 4015 Quae
1964 3935 2229 4014 quidem
2276 3938 2482 4000 oratio
2519 3940 2734 4002 Grmce
2787 3943 3143 4023 Latineque
3184 3944 3358 4006 edita
3398 3940 3521 4005 fuit
3549 3938 3658 4017 jam

434 4038 684 4116 pridem
718 4055 746 4097 a
783 4035 1160 4097 doctissimo
1189 4034 1525 4099 Societatis
1561 4038 1713 4097 Jesu
1748 4036 2053 4117 theologo
2080 4038 2317 4101 Jacobo
2350 4040 2676 4116 Gretsero,
2713 4050 2886 4106 torno
2910 4047 3199 4107 secundo
3238 4046 3330 4107 De
3365 4047 3431 4108 S.
3480 4057 3657 4109 cruos-

433 4140 563 4201 Nos
584 4148 802 4200 tamen
835 4143 1079 4198 textum
1114 4137 1402 4199 Grmcum
1430 4152 1566 4205 non
1600 4153 1677 4204 ex
1711 4137 1940 4207 eodem
1976 4138 2302 4214 Gretsero,
2346 4140 2460 4205 sed
2497 4159 2576 4202 ex
2612 4142 2830 4205 codice
2871 4137 3662 4212 Caesareo-Vindobonensi

435 4238 825 4316 descriptum
862 4234 1269 4301 exhibemus.
1306 4234 1506 4297 Suum
1544 4234 1654 4297 ille
1698 4235 2095 4314 deprompsit
2124 4254 2210 4301 ex
2238 4237 2459 4302 codice
2483 4241 3288 4308 Bavarico-Monachiensi.
3329 4246 3447 4308 Sed
3479 4237 3661 4321 quoad

437 4336 746 4414 colligere
785 4335 971 4398 licuit
1006 4351 1083 4397 ex
1115 4342 1408 4397 accurata
1438 4334 1777 4415 utriusque
1808 4344 2021 4401 textus
2057 4337 2426 4411 collatione,
2459 4339 2857 4419 deprehendi
2909 4344 3009 4407 vel
3046 4347 3322 4409 alterum
3370 4363 3445 4408 ex
3493 4342 3661 4405 altero

435 4438 537 4503 vel
572 4448 921 4518 utrumque
955 4455 1033 4507 ex
1069 4453 1198 4500 uno
1229 4437 1590 4519 eodemque
1623 4439 1845 4503 codice
1868 4438 2079 4505 fuisse
2111 4440 2530 4520 descriptum.
2566 4446 2656 4507 Ita
2688 4446 2862 4509 enim
2898 4448 3292 4517 conveniunt
3328 4448 3490 4510 inter
3516 4457 3657 4514 sese,

436 4554 505 4605 ut
543 4560 620 4604 ne
656 4544 972 4603 variantes
1008 4541 1273 4621 quidem
1306 4540 1645 4617 lectiones,
1679 4543 1737 4611 si
1769 4559 1986 4617 unam,
2018 4542 2117 4606 vel
2149 4543 2414 4607 alteram
2445 4546 2755 4625 excipias,
2808 4550 3233 4627 suppeditarit
3260 4550 3384 4611 ista
3415 4543 3656 4609 collatio.

434 4649 752 4731 Quodque
790 4648 999 4727 majus
1034 4654 1152 4717 est,
1183 4643 1519 4707 lacunulas
1560 4646 1751 4715 duas,
1791 4663 2068 4724 quarum
2111 4647 2373 4710 alteram
2407 4666 2485 4712 ex
2528 4652 2893 4731 conjectura
2923 4652 3060 4731 ipse
3092 4652 3415 4731 suppleri,
3464 4644 3656 4710 eodem

434 4752 500 4809 in
553 4749 689 4810 loco
740 4748 1099 4824 eodemque
1145 4747 1340 4809 modo
1393 4747 1584 4810 habet
1641 4757 1943 4827 uterque.
2006 4750 2388 4813 Versionem
2454 4755 2767 4823 Latinam,
2823 4771 3015 4839 quam
3070 4758 3410 4819 Gretserus
3462 4752 3659 4812 Graeca:

438 4856 676 4930 linguae
711 4850 1147 4928 peritissimus
1185 4849 1550 4917 adornavit,
1582 4851 1889 4929 sulijicio.
1927 4853 2240 4915 Pauculas
2269 4854 2339 4915 in
2390 4856 2515 4918 ﬁne
2557 4857 2873 4918 orationis
2904 4866 3086 4920 notas
3144 4861 3376 4938 adjecit
3424 4856 3552 4927 ille;
3590 4864 3656 4908 cx

436 4954 681 5035 quibus
712 4954 900 5026 duas,
934 4969 1077 5030 quas
1103 4951 1381 5032 alicujus
1425 4954 1734 5021 momenti
1771 4954 1924 5018 visae
1963 4965 2140 5032 sunt,
2185 4957 2563 5037 selegimus,
2613 4977 2864 5039 suoque
2904 4961 2973 5033 in
3027 4962 3165 5025 loco
3212 4960 3652 5027 collocavimus

438 5072 668 5131 nempe
717 5054 943 5132 pagina
974 5052 1112 5114 1.58.
1148 5054 1275 5115 Nos
1315 5070 1532 5126 unam,
1587 5054 1682 5117 vel
1738 5057 2025 5132 alteram,
2073 5059 2177 5119 cui
2220 5060 2434 5138 aliqua
2486 5062 2779 5123 codicum
2834 5065 3099 5127 varietas
3142 5081 3359 5128 ansam
3401 5057 3651 5143 prmbuilt

435 5161 830 5224 addidimus.
867 5159 1178 5225 Caeterum
1213 5158 1471 5237 egregia
1505 5167 1602 5220 est
1648 5160 1869 5222 istlitec
1918 5163 2148 5235 oratio,
2204 5171 2267 5224 et
2315 5164 2793 5244 lenpliylacto
2832 5170 3107 5231 maxime
3160 5171 3370 5248 digna,
3420 5166 3653 5243 ejuquB

435 5264 697 5343 genium
726 5279 799 5325 ac
827 5260 1100 5341 stylum,
1132 5277 1277 5323 meo
1307 5262 1570 5340 quidem
1601 5264 1877 5340 judicio,
1914 5281 2044 5341 prie
2070 5281 2139 5325 se
2172 5264 2325 5326 fert:
2366 5268 2781 5343 quamobrem
2814 5270 2987 5332 nulla
3020 5288 3162 5333 esse
3192 5272 3379 5333 debet
3408 5268 3482 5329 de
3507 5262 3651 5328 illius

433 5377 693 5427 auctore
724 5364 1041 5442 suspicio.
1075 5362 1291 5424 Medio
1320 5363 1729 5443 Jejuniorum
1764 5375 2073 5444 tempore,
2134 5374 2203 5428 ut
2254 5385 2333 5430 ex
2363 5369 2505 5447 ejus
2567 5371 2754 5432 titulo
2809 5383 3082 5443 constat,
3145 5373 3351 5435 habita
3399 5378 3508 5438 est,
3565 5361 3648 5422 die

434 5462 683 5524 scilicet
712 5461 933 5540 aliquo
969 5458 1382 5524 hebdomadas
1413 5475 1660 5540 quartas
1688 5465 1958 5541 Quadi-ag

2124 5483 2235 5539 nm,
2267 5485 2412 5545 qum
2446 5484 2479 5529 ἃ
2514 5469 2752 5531 Grmcis
2787 5477 3205 5548 μεσονήστιμος,
3242 5470 3426 5534 medii
3452 5458 3648 5549 jejuntt

439 5575 725 5636 vocatur,
756 5562 910 5642 quia
938 5579 1172 5641 nempe
1200 5579 1279 5624 ex
1307 5571 1551 5639 septem
1584 5562 2033 5638 hebdomadis,
2072 5566 2574 5644 quasjejunium
2609 5569 3175 5649 Quadragesimale
3225 5569 3391 5651 apud
3436 5566 3644 5627 Graecos

435 5668 879 5747 complectitur
926 5668 1233 5746 integras,
1272 5674 1495 5746 quarta
1521 5666 1833 5748 [medium
1886 5668 2008 5730 sibi
2066 5671 2342 5732 vindicat
2404 5673 2638 5733 locum.
2692 5674 2878 5759 Tota.
2912 5673 3025 5737 hac
3058 5668 3464 5737 hebdomade
3518 5668 3643 5722 crux

440 5770 679 5851 populo
699 5770 1021 5837 adoranda
1045 5786 1080 5833 a
1108 5771 1434 5835 sacerdote
1457 5772 1836 5835 solemniter
1861 5773 2229 5838 exhibetur.
2257 5774 2572 5849 Quocirca
2601 5774 2933 5838 Dominiea
2961 5777 3164 5852 tertia,
3192 5768 3636 5859 quainsequens
