  <div class='ocr_page' id='page_1' title='image "/cluster/home/n/w/nwhite01/storage/ocr_20150623/125/hvd.32044019208214/238.png"; bbox 0 0 3860 6542; ppageno 0'>
   <div class='ocr_carea' id='block_1_1' title="bbox 143 368 3370 444">
    <p class='ocr_par' dir='ltr' id='par_1_1' title="bbox 143 368 3370 444">
     <span class='ocr_line' id='line_1_1' title="bbox 143 368 3370 444; baseline -0.001 -4"><span class='ocrx_word' id='word_1_1' title='bbox 143 375 230 442; x_wconf 74' lang='grc'><strong>425</strong></span> <span class='ocrx_word' id='word_1_2' title='bbox 952 370 1032 431; x_wconf 83' lang='grc' dir='ltr'>ΙΝ</span> <span class='ocrx_word' id='word_1_3' title='bbox 1079 370 1514 444; x_wconf 84' lang='lat' dir='ltr'><strong>SEQUENTIA</strong></span> <span class='ocrx_word' id='word_1_4' title='bbox 1555 369 2133 436; x_wconf 83' lang='lat' dir='ltr'><strong>THEOPHYLACTI</strong></span> <span class='ocrx_word' id='word_1_5' title='bbox 2167 372 2502 435; x_wconf 77' lang='lat' dir='ltr'><strong>SCRIPTA.</strong></span> <span class='ocrx_word' id='word_1_6' title='bbox 3268 368 3370 438; x_wconf 69' lang='lat' dir='ltr'><strong>42b</strong></span> 
     </span>
    </p>
   </div>
   <div class='ocr_carea' id='block_1_2' title="bbox 143 468 1667 564">
    <p class='ocr_par' dir='ltr' id='par_1_2' title="bbox 143 468 1667 564">
     <span class='ocr_line' id='line_1_2' title="bbox 143 468 1667 564; baseline -0.005 -13"><span class='ocrx_word' id='word_1_7' title='bbox 143 468 453 553; x_wconf 76' lang='lat' dir='ltr'><strong>iachOatur</strong></span> <span class='ocrx_word' id='word_1_8' title='bbox 493 483 906 562; x_wconf 80' lang='lat' dir='ltr'><strong>hebdomade,</strong></span> <span class='ocrx_word' id='word_1_9' title='bbox 947 491 1204 564; x_wconf 75' lang='grc' dir='ltr'><strong>Κυριακὴ</strong></span> <span class='ocrx_word' id='word_1_10' title='bbox 1245 506 1667 562; x_wconf 76' lang='grc' dir='ltr'><strong>σταυροπροσκυ</strong></span> 
     </span>
    </p>
   </div>
   <div class='ocr_carea' id='block_1_3' title="bbox 1846 468 3370 564">
    <p class='ocr_par' dir='ltr' id='par_1_3' title="bbox 1846 486 3370 562">
     <span class='ocr_line' id='line_1_3' title="bbox 1846 486 3370 562; baseline -0.002 -11"><span class='ocrx_word' id='word_1_11' title='bbox 1846 503 1908 562; x_wconf 73' lang='grc' dir='ltr'><strong>ις,</strong></span> <span class='ocrx_word' id='word_1_12' title='bbox 1952 487 2277 549; x_wconf 84' lang='lat' dir='ltr'><strong>Dominica</strong></span> <span class='ocrx_word' id='word_1_13' title='bbox 2320 486 2716 551; x_wconf 84' lang='lat' dir='ltr'><strong>adorationis</strong></span> <span class='ocrx_word' id='word_1_14' title='bbox 2773 487 2984 550; x_wconf 75' lang='lat' dir='ltr'><strong>crucis</strong></span> <span class='ocrx_word' id='word_1_15' title='bbox 3042 504 3077 550; x_wconf 86' lang='lat' dir='ltr'><strong>a</strong></span> <span class='ocrx_word' id='word_1_16' title='bbox 3134 487 3370 549; x_wconf 76' lang='lat' dir='ltr'><strong>Grmcis</strong></span> 
     </span>
    </p>
   </div>
   <div class='ocr_carea' id='block_1_4' title="bbox 142 583 3376 674">
    <p class='ocr_par' dir='ltr' id='par_1_4' title="bbox 142 583 3376 674">
     <span class='ocr_line' id='line_1_4' title="bbox 142 583 3376 674; baseline -0.002 -17"><span class='ocrx_word' id='word_1_17' title='bbox 142 591 371 657; x_wconf 88' lang='lat' dir='ltr'><strong>dicitur.</strong></span> <span class='ocrx_word' id='word_1_18' title='bbox 405 589 630 652; x_wconf 67' lang='lat' dir='ltr'><strong>Praeter</strong></span> <span class='ocrx_word' id='word_1_19' title='bbox 657 587 822 652; x_wconf 85' lang='lat' dir='ltr'><strong>hanc</strong></span> <span class='ocrx_word' id='word_1_20' title='bbox 861 587 1328 668; x_wconf 80' lang='lat' dir='ltr'><strong>&#39;l‘heOphylacti</strong></span> <span class='ocrx_word' id='word_1_21' title='bbox 1373 583 1709 648; x_wconf 89' lang='lat' dir='ltr'><strong>homiliam</strong></span> <span class='ocrx_word' id='word_1_22' title='bbox 1741 599 1994 653; x_wconf 86' lang='lat' dir='ltr'><strong>exstant</strong></span> <span class='ocrx_word' id='word_1_23' title='bbox 2033 589 2178 654; x_wconf 83' lang='lat' dir='ltr'><strong>aliae</strong></span> <span class='ocrx_word' id='word_1_24' title='bbox 2219 593 2435 670; x_wconf 87' lang='lat' dir='ltr'><strong>plures</strong></span> <span class='ocrx_word' id='word_1_25' title='bbox 2467 593 2547 654; x_wconf 87' lang='lat' dir='ltr'><strong>ab</strong></span> <span class='ocrx_word' id='word_1_26' title='bbox 2587 591 3070 674; x_wconf 83' lang='lat' dir='ltr'><strong>antiquioribus</strong></span> <span class='ocrx_word' id='word_1_27' title='bbox 3115 590 3376 655; x_wconf 68' lang='lat' dir='ltr'><strong>Graeciaa</strong></span> 
     </span>
    </p>
   </div>
   <div class='ocr_carea' id='block_1_5' title="bbox 140 687 3378 781">
    <p class='ocr_par' dir='ltr' id='par_1_5' title="bbox 140 687 3378 781">
     <span class='ocr_line' id='line_1_5' title="bbox 140 687 3378 781; baseline -0.001 -23"><span class='ocrx_word' id='word_1_28' title='bbox 140 691 400 758; x_wconf 84' lang='lat' dir='ltr'><strong>Patribus</strong></span> <span class='ocrx_word' id='word_1_29' title='bbox 429 689 658 753; x_wconf 71' lang='lat' dir='ltr'><strong>habitae</strong></span> <span class='ocrx_word' id='word_1_30' title='bbox 687 690 749 751; x_wconf 89' lang='lat' dir='ltr'><strong>in</strong></span> <span class='ocrx_word' id='word_1_31' title='bbox 785 689 900 752; x_wconf 89' lang='lat' dir='ltr'><strong>hac</strong></span> <span class='ocrx_word' id='word_1_32' title='bbox 929 689 1066 769; x_wconf 89' lang='lat' dir='ltr'><strong>ipsa</strong></span> <span class='ocrx_word' id='word_1_33' title='bbox 1105 687 1542 765; x_wconf 76' lang='lat' dir='ltr'><strong>solemnitate,</strong></span> <span class='ocrx_word' id='word_1_34' title='bbox 1568 703 1731 767; x_wconf 87' lang='lat' dir='ltr'><strong>quas</strong></span> <span class='ocrx_word' id='word_1_35' title='bbox 1755 689 2557 781; x_wconf 68' lang='lat' dir='ltr'><strong>prmlaudatusGretserus</strong></span> <span class='ocrx_word' id='word_1_36' title='bbox 2595 695 3078 758; x_wconf 80' lang='lat' dir='ltr'><strong>accuratissime</strong></span> <span class='ocrx_word' id='word_1_37' title='bbox 3117 693 3378 774; x_wconf 75' lang='lat' dir='ltr'><strong>collegit</strong></span> 
     </span>
    </p>
   </div>
   <div class='ocr_carea' id='block_1_6' title="bbox 141 790 3379 877">
    <p class='ocr_par' dir='ltr' id='par_1_6' title="bbox 141 790 3379 877">
     <span class='ocr_line' id='line_1_6' title="bbox 141 790 3379 877; baseline -0 -16"><span class='ocrx_word' id='word_1_38' title='bbox 141 797 441 877; x_wconf 85' lang='lat' dir='ltr'><strong>ediditque</strong></span> <span class='ocrx_word' id='word_1_39' title='bbox 474 795 539 856; x_wconf 90' lang='lat' dir='ltr'><strong>in</strong></span> <span class='ocrx_word' id='word_1_40' title='bbox 568 791 872 872; x_wconf 79' lang='lat' dir='ltr'><strong>praedicto</strong></span> <span class='ocrx_word' id='word_1_41' title='bbox 904 809 1100 872; x_wconf 83' lang='lat' dir='ltr'><strong>Opere</strong></span> <span class='ocrx_word' id='word_1_42' title='bbox 1123 794 1211 855; x_wconf 84' lang='lat' dir='ltr'><strong>De</strong></span> <span class='ocrx_word' id='word_1_43' title='bbox 1239 809 1450 856; x_wconf 83' lang='lat' dir='ltr'><strong>cruce.</strong></span> <span class='ocrx_word' id='word_1_44' title='bbox 1477 793 1571 853; x_wconf 86' lang='lat' dir='ltr'><strong>Ex</strong></span> <span class='ocrx_word' id='word_1_45' title='bbox 1601 790 1842 872; x_wconf 84' lang='lat' dir='ltr'><strong>quibus</strong></span> <span class='ocrx_word' id='word_1_46' title='bbox 1871 792 2036 856; x_wconf 91' lang='lat' dir='ltr'><strong>illud</strong></span> <span class='ocrx_word' id='word_1_47' title='bbox 2071 796 2296 858; x_wconf 78' lang='lat' dir='ltr'><strong>saltem</strong></span> <span class='ocrx_word' id='word_1_48' title='bbox 2325 796 2622 872; x_wconf 81' lang='lat' dir='ltr'><strong>efﬁcitur,</strong></span> <span class='ocrx_word' id='word_1_49' title='bbox 2655 799 2940 862; x_wconf 69' lang='lat' dir='ltr'><strong>Graecam</strong></span> <span class='ocrx_word' id='word_1_50' title='bbox 2965 813 3114 861; x_wconf 91' lang='lat' dir='ltr'><strong>cum</strong></span> <span class='ocrx_word' id='word_1_51' title='bbox 3154 797 3379 860; x_wconf 89' lang='lat' dir='ltr'><strong>Latina</strong></span> 
     </span>
    </p>
   </div>
   <div class='ocr_carea' id='block_1_7' title="bbox 138 893 3382 980">
    <p class='ocr_par' dir='ltr' id='par_1_7' title="bbox 138 893 3382 980">
     <span class='ocr_line' id='line_1_7' title="bbox 138 893 3382 980; baseline 0.001 -17"><span class='ocrx_word' id='word_1_52' title='bbox 138 898 452 963; x_wconf 81' lang='lat' dir='ltr'><strong>Ecclesiam</strong></span> <span class='ocrx_word' id='word_1_53' title='bbox 485 896 548 959; x_wconf 87' lang='lat' dir='ltr'><strong>in</strong></span> <span class='ocrx_word' id='word_1_54' title='bbox 584 893 706 959; x_wconf 88' lang='lat' dir='ltr'><strong>hoc</strong></span> <span class='ocrx_word' id='word_1_55' title='bbox 735 895 1031 976; x_wconf 85' lang='lat' dir='ltr'><strong>dogmate</strong></span> <span class='ocrx_word' id='word_1_56' title='bbox 1065 895 1145 958; x_wconf 93' lang='lat' dir='ltr'><strong>de</strong></span> <span class='ocrx_word' id='word_1_57' title='bbox 1181 893 1393 958; x_wconf 90' lang='lat' dir='ltr'><strong>crucis</strong></span> <span class='ocrx_word' id='word_1_58' title='bbox 1431 894 1811 958; x_wconf 89' lang='lat' dir='ltr'><strong>adoratione</strong></span> <span class='ocrx_word' id='word_1_59' title='bbox 1844 915 1962 960; x_wconf 91' lang='lat' dir='ltr'><strong>seu</strong></span> <span class='ocrx_word' id='word_1_60' title='bbox 1997 897 2413 962; x_wconf 77' lang='lat' dir='ltr'><strong>veneratione</strong></span> <span class='ocrx_word' id='word_1_61' title='bbox 2451 899 2829 980; x_wconf 84' lang='lat' dir='ltr'><strong>planissime</strong></span> <span class='ocrx_word' id='word_1_62' title='bbox 2871 902 3274 975; x_wconf 85' lang='lat' dir='ltr'><strong>consentire;</strong></span> <span class='ocrx_word' id='word_1_63' title='bbox 3315 911 3382 966; x_wconf 86' lang='lat' dir='ltr'><strong>et</strong></span> 
     </span>
    </p>
   </div>
   <div class='ocr_carea' id='block_1_8' title="bbox 138 997 2180 1082">
    <p class='ocr_par' dir='ltr' id='par_1_8' title="bbox 138 997 2180 1082">
     <span class='ocr_line' id='line_1_8' title="bbox 138 997 2180 1082; baseline -0 -18"><span class='ocrx_word' id='word_1_64' title='bbox 138 1003 237 1066; x_wconf 86' lang='lat' dir='ltr'><strong>hoc</strong></span> <span class='ocrx_word' id='word_1_65' title='bbox 264 1000 663 1082; x_wconf 86' lang='lat' dir='ltr'><strong>potissimum</strong></span> <span class='ocrx_word' id='word_1_66' title='bbox 697 1006 820 1076; x_wconf 91' lang='lat' dir='ltr'><strong>est,</strong></span> <span class='ocrx_word' id='word_1_67' title='bbox 855 999 1028 1079; x_wconf 88' lang='lat' dir='ltr'><strong>quod</strong></span> <span class='ocrx_word' id='word_1_68' title='bbox 1063 997 1303 1060; x_wconf 83' lang='lat' dir='ltr'><strong>exinde</strong></span> <span class='ocrx_word' id='word_1_69' title='bbox 1340 997 1602 1077; x_wconf 87' lang='lat' dir='ltr'><strong>petitur,</strong></span> <span class='ocrx_word' id='word_1_70' title='bbox 1638 1000 2180 1064; x_wconf 87' lang='lat' dir='ltr'><strong>emolumentum.</strong></span> 
     </span>
    </p>
   </div>
   <div class='ocr_carea' id='block_1_9' title="bbox 1528 1175 1932 1237">
    <p class='ocr_par' dir='ltr' id='par_1_9' title="bbox 1528 1175 1932 1237">
     <span class='ocr_line' id='line_1_9' title="bbox 1528 1175 1932 1237; baseline 0 -1"><span class='ocrx_word' id='word_1_71' title='bbox 1528 1175 1813 1236; x_wconf 78' lang='lat' dir='ltr'><strong>SECTIO</strong></span> <span class='ocrx_word' id='word_1_72' title='bbox 1859 1178 1932 1237; x_wconf 79' lang='grc' dir='ltr'><strong>ν.</strong></span> 
     </span>
    </p>
   </div>
   <div class='ocr_carea' id='block_1_10' title="bbox 644 1319 2832 1407">
    <p class='ocr_par' dir='ltr' id='par_1_10' title="bbox 644 1319 2832 1407">
     <span class='ocr_line' id='line_1_10' title="bbox 644 1319 2832 1407; baseline 0.001 -21"><span class='ocrx_word' id='word_1_73' title='bbox 644 1326 730 1386; x_wconf 81' lang='lat' dir='ltr'><strong>De</strong></span> <span class='ocrx_word' id='word_1_74' title='bbox 761 1323 1048 1387; x_wconf 85' lang='lat' dir='ltr'><strong>oratione</strong></span> <span class='ocrx_word' id='word_1_75' title='bbox 1079 1324 1146 1385; x_wconf 90' lang='lat' dir='ltr'><strong>in</strong></span> <span class='ocrx_word' id='word_1_76' title='bbox 1173 1323 1731 1384; x_wconf 70' lang='lat' dir='ltr'><strong>Prwsentatt‘onem</strong></span> <span class='ocrx_word' id='word_1_77' title='bbox 1763 1322 1838 1385; x_wconf 89' lang='lat' dir='ltr'><strong>B.</strong></span> <span class='ocrx_word' id='word_1_78' title='bbox 1870 1323 2095 1385; x_wconf 70' lang='lat' dir='ltr'><strong>Marica</strong></span> <span class='ocrx_word' id='word_1_79' title='bbox 2152 1323 2428 1403; x_wconf 73' lang='lat' dir='ltr'><strong>Virginis</strong></span> <span class='ocrx_word' id='word_1_80' title='bbox 2470 1326 2538 1389; x_wconf 84' lang='lat' dir='ltr'><strong>in</strong></span> <span class='ocrx_word' id='word_1_81' title='bbox 2577 1319 2832 1407; x_wconf 65' lang='lat' dir='ltr'><strong>tempto.</strong></span> 
     </span>
    </p>
   </div>
   <div class='ocr_carea' id='block_1_11' title="bbox 194 1475 3376 1556">
    <p class='ocr_par' dir='ltr' id='par_1_11' title="bbox 194 1475 3376 1556">
     <span class='ocr_line' id='line_1_11' title="bbox 194 1475 3376 1556; baseline -0 -13"><span class='ocrx_word' id='word_1_82' title='bbox 194 1480 344 1543; x_wconf 81' lang='lat' dir='ltr'><strong>XIV.</strong></span> <span class='ocrx_word' id='word_1_83' title='bbox 429 1479 793 1542; x_wconf 84' lang='lat' dir='ltr'><strong>Orationem</strong></span> <span class='ocrx_word' id='word_1_84' title='bbox 877 1478 1043 1540; x_wconf 90' lang='lat' dir='ltr'><strong>hanc</strong></span> <span class='ocrx_word' id='word_1_85' title='bbox 1125 1476 1348 1538; x_wconf 90' lang='lat' dir='ltr'><strong>Latine</strong></span> <span class='ocrx_word' id='word_1_86' title='bbox 1425 1475 1708 1538; x_wconf 83' lang='lat' dir='ltr'><strong>reddidit</strong></span> <span class='ocrx_word' id='word_1_87' title='bbox 1779 1475 2116 1556; x_wconf 84' lang='lat' dir='ltr'><strong>ediditque</strong></span> <span class='ocrx_word' id='word_1_88' title='bbox 2191 1477 2573 1541; x_wconf 89' lang='lat' dir='ltr'><strong>Franciscus</strong></span> <span class='ocrx_word' id='word_1_89' title='bbox 2643 1477 3065 1542; x_wconf 85' lang='lat' dir='ltr'><strong>Combeﬁsius</strong></span> <span class='ocrx_word' id='word_1_90' title='bbox 3128 1480 3376 1544; x_wconf 87' lang='lat' dir='ltr'><strong>ordinis</strong></span> 
     </span>
    </p>
   </div>
   <div class='ocr_carea' id='block_1_12' title="bbox 135 1576 3375 1664">
    <p class='ocr_par' dir='ltr' id='par_1_12' title="bbox 135 1576 3375 1664">
     <span class='ocr_line' id='line_1_12' title="bbox 135 1576 3375 1664; baseline 0 -21"><span class='ocrx_word' id='word_1_91' title='bbox 135 1579 616 1654; x_wconf 80' lang='lat' dir='ltr'><strong>Przedicatorum,</strong></span> <span class='ocrx_word' id='word_1_92' title='bbox 651 1593 844 1657; x_wconf 89' lang='lat' dir='ltr'><strong>quam</strong></span> <span class='ocrx_word' id='word_1_93' title='bbox 877 1576 1157 1639; x_wconf 89' lang='lat' dir='ltr'><strong>inseruit</strong></span> <span class='ocrx_word' id='word_1_94' title='bbox 1187 1576 1594 1640; x_wconf 76' lang='lat' dir='ltr'><strong>Bibliothccw</strong></span> <span class='ocrx_word' id='word_1_95' title='bbox 1621 1593 1754 1640; x_wconf 71' lang='lat' dir='ltr'><strong>sum</strong></span> <span class='ocrx_word' id='word_1_96' title='bbox 1786 1578 2278 1642; x_wconf 76' lang='lat' dir='ltr'><strong>concionatoria:</strong></span> <span class='ocrx_word' id='word_1_97' title='bbox 2305 1585 2458 1642; x_wconf 91' lang='lat' dir='ltr'><strong>tom.</strong></span> <span class='ocrx_word' id='word_1_98' title='bbox 2493 1581 2662 1644; x_wconf 82' lang='lat' dir='ltr'><strong>VIII.</strong></span> <span class='ocrx_word' id='word_1_99' title='bbox 2698 1582 2856 1644; x_wconf 90' lang='lat' dir='ltr'><strong>Cum</strong></span> <span class='ocrx_word' id='word_1_100' title='bbox 2906 1583 3164 1645; x_wconf 75' lang='lat' dir='ltr'><strong>Grmcus</strong></span> <span class='ocrx_word' id='word_1_101' title='bbox 3194 1583 3375 1664; x_wconf 87' lang='lat' dir='ltr'><strong>ejus-</strong></span> 
     </span>
    </p>
   </div>
   <div class='ocr_carea' id='block_1_13' title="bbox 135 1680 3376 1760">
    <p class='ocr_par' dir='ltr' id='par_1_13' title="bbox 135 1680 3376 1760">
     <span class='ocr_line' id='line_1_13' title="bbox 135 1680 3376 1760; baseline -0 -15"><span class='ocrx_word' id='word_1_102' title='bbox 135 1685 253 1746; x_wconf 89' lang='lat' dir='ltr'><strong>dem</strong></span> <span class='ocrx_word' id='word_1_103' title='bbox 279 1691 485 1746; x_wconf 91' lang='lat' dir='ltr'><strong>textus</strong></span> <span class='ocrx_word' id='word_1_104' title='bbox 516 1701 598 1746; x_wconf 87' lang='lat' dir='ltr'><strong>ex</strong></span> <span class='ocrx_word' id='word_1_105' title='bbox 630 1681 851 1745; x_wconf 89' lang='lat' dir='ltr'><strong>codice</strong></span> <span class='ocrx_word' id='word_1_106' title='bbox 885 1680 1300 1744; x_wconf 74' lang='lat' dir='ltr'><strong>bibliothecae</strong></span> <span class='ocrx_word' id='word_1_107' title='bbox 1322 1680 1541 1760; x_wconf 65' lang='lat' dir='ltr'><strong>Regia)</strong></span> <span class='ocrx_word' id='word_1_108' title='bbox 1575 1680 1959 1744; x_wconf 90' lang='lat' dir='ltr'><strong>Parisiensis</strong></span> <span class='ocrx_word' id='word_1_109' title='bbox 1989 1681 2356 1760; x_wconf 83' lang='lat' dir='ltr'><strong>exscriptus</strong></span> <span class='ocrx_word' id='word_1_110' title='bbox 2401 1682 2468 1744; x_wconf 89' lang='lat' dir='ltr'><strong>in</strong></span> <span class='ocrx_word' id='word_1_111' title='bbox 2506 1699 2736 1746; x_wconf 91' lang='lat' dir='ltr'><strong>manus</strong></span> <span class='ocrx_word' id='word_1_112' title='bbox 2791 1700 2964 1746; x_wconf 89' lang='lat' dir='ltr'><strong>meas</strong></span> <span class='ocrx_word' id='word_1_113' title='bbox 3014 1683 3376 1757; x_wconf 86' lang='lat' dir='ltr'><strong>incidisset,</strong></span> 
     </span>
    </p>
   </div>
   <div class='ocr_carea' id='block_1_14' title="bbox 135 1780 3380 1865">
    <p class='ocr_par' dir='ltr' id='par_1_14' title="bbox 135 1780 3380 1865">
     <span class='ocr_line' id='line_1_14' title="bbox 135 1780 3380 1865; baseline 0 -18"><span class='ocrx_word' id='word_1_114' title='bbox 135 1803 252 1848; x_wconf 90' lang='lat' dir='ltr'><strong>cum</strong></span> <span class='ocrx_word' id='word_1_115' title='bbox 277 1785 486 1849; x_wconf 85' lang='lat' dir='ltr'><strong>Latina</strong></span> <span class='ocrx_word' id='word_1_116' title='bbox 529 1780 892 1848; x_wconf 85' lang='lat' dir='ltr'><strong>Combeﬁsii</strong></span> <span class='ocrx_word' id='word_1_117' title='bbox 931 1783 1232 1848; x_wconf 88' lang='lat' dir='ltr'><strong>versione</strong></span> <span class='ocrx_word' id='word_1_118' title='bbox 1283 1783 1526 1846; x_wconf 85' lang='lat' dir='ltr'><strong>contuli</strong></span> <span class='ocrx_word' id='word_1_119' title='bbox 1567 1805 1582 1841; x_wconf 89' lang='lat'><strong>:</strong></span> <span class='ocrx_word' id='word_1_120' title='bbox 1623 1799 1769 1863; x_wconf 69' lang='lat' dir='ltr'><strong>qua:</strong></span> <span class='ocrx_word' id='word_1_121' title='bbox 1817 1784 1965 1845; x_wconf 90' lang='lat' dir='ltr'><strong>licet</strong></span> <span class='ocrx_word' id='word_1_122' title='bbox 2025 1782 2183 1846; x_wconf 91' lang='lat' dir='ltr'><strong>satis</strong></span> <span class='ocrx_word' id='word_1_123' title='bbox 2242 1792 2560 1861; x_wconf 90' lang='lat' dir='ltr'><strong>accurata,</strong></span> <span class='ocrx_word' id='word_1_124' title='bbox 2617 1785 2774 1848; x_wconf 91' lang='lat' dir='ltr'><strong>mihi</strong></span> <span class='ocrx_word' id='word_1_125' title='bbox 2835 1786 3027 1865; x_wconf 88' lang='lat' dir='ltr'><strong>paulo</strong></span> <span class='ocrx_word' id='word_1_126' title='bbox 3086 1786 3222 1849; x_wconf 88' lang='lat' dir='ltr'><strong>visa</strong></span> <span class='ocrx_word' id='word_1_127' title='bbox 3283 1796 3380 1848; x_wconf 85' lang='lat' dir='ltr'><strong>est</strong></span> 
     </span>
    </p>
   </div>
   <div class='ocr_carea' id='block_1_15' title="bbox 136 1889 3372 1972">
    <p class='ocr_par' dir='ltr' id='par_1_15' title="bbox 136 1889 3372 1972">
     <span class='ocr_line' id='line_1_15' title="bbox 136 1889 3372 1972; baseline 0 -19"><span class='ocrx_word' id='word_1_128' title='bbox 136 1889 468 1967; x_wconf 83' lang='lat' dir='ltr'><strong>obscurior;</strong></span> <span class='ocrx_word' id='word_1_129' title='bbox 509 1891 807 1972; x_wconf 86' lang='lat' dir='ltr'><strong>adeoque</strong></span> <span class='ocrx_word' id='word_1_130' title='bbox 838 1890 1180 1955; x_wconf 86' lang='lat' dir='ltr'><strong>clariorem</strong></span> <span class='ocrx_word' id='word_1_131' title='bbox 1205 1891 1396 1954; x_wconf 89' lang='lat' dir='ltr'><strong>aliam</strong></span> <span class='ocrx_word' id='word_1_132' title='bbox 1430 1907 1502 1954; x_wconf 93' lang='lat' dir='ltr'><strong>ac</strong></span> <span class='ocrx_word' id='word_1_133' title='bbox 1534 1889 1912 1954; x_wconf 90' lang='lat' dir='ltr'><strong>nitidiorem</strong></span> <span class='ocrx_word' id='word_1_134' title='bbox 1950 1889 2200 1954; x_wconf 68' lang='lat' dir='ltr'><strong>edicere</strong></span> <span class='ocrx_word' id='word_1_135' title='bbox 2232 1898 2500 1954; x_wconf 88' lang='lat' dir='ltr'><strong>conatus</strong></span> <span class='ocrx_word' id='word_1_136' title='bbox 2545 1908 2716 1953; x_wconf 91' lang='lat' dir='ltr'><strong>sum.</strong></span> <span class='ocrx_word' id='word_1_137' title='bbox 2749 1892 2936 1967; x_wconf 92' lang='lat' dir='ltr'><strong>Quod</strong></span> <span class='ocrx_word' id='word_1_138' title='bbox 2989 1898 3202 1955; x_wconf 92' lang='lat' dir='ltr'><strong>utrum</strong></span> <span class='ocrx_word' id='word_1_139' title='bbox 3249 1890 3372 1954; x_wconf 87' lang='lat' dir='ltr'><strong>sim</strong></span> 
     </span>
    </p>
   </div>
   <div class='ocr_carea' id='block_1_16' title="bbox 138 1979 3379 2079">
    <p class='ocr_par' dir='ltr' id='par_1_16' title="bbox 138 1979 3379 2079">
     <span class='ocr_line' id='line_1_16' title="bbox 138 1979 3379 2079; baseline 0.001 -22"><span class='ocrx_word' id='word_1_140' title='bbox 138 2003 454 2071; x_wconf 85' lang='lat' dir='ltr'><strong>assecutus,</strong></span> <span class='ocrx_word' id='word_1_141' title='bbox 487 1996 753 2060; x_wconf 90' lang='lat' dir='ltr'><strong>illorum</strong></span> <span class='ocrx_word' id='word_1_142' title='bbox 781 1995 1107 2076; x_wconf 89' lang='lat' dir='ltr'><strong>judicium</strong></span> <span class='ocrx_word' id='word_1_143' title='bbox 1146 2005 1310 2075; x_wconf 83' lang='lat' dir='ltr'><strong>esto,</strong></span> <span class='ocrx_word' id='word_1_144' title='bbox 1345 1999 1455 2078; x_wconf 93' lang='lat' dir='ltr'><strong>qui</strong></span> <span class='ocrx_word' id='word_1_145' title='bbox 1480 1979 2146 2079; x_wconf 38' lang='lat' dir='ltr'><strong>conferre&#39;utramque</strong></span> <span class='ocrx_word' id='word_1_146' title='bbox 2177 1999 2520 2062; x_wconf 90' lang='lat' dir='ltr'><strong>voluerint.</strong></span> <span class='ocrx_word' id='word_1_147' title='bbox 2543 1998 2806 2061; x_wconf 84' lang='lat' dir='ltr'><strong>Interim</strong></span> <span class='ocrx_word' id='word_1_148' title='bbox 2831 2016 2974 2062; x_wconf 87' lang='lat' dir='ltr'><strong>cum</strong></span> <span class='ocrx_word' id='word_1_149' title='bbox 3010 1998 3090 2061; x_wconf 94' lang='lat' dir='ltr'><strong>cl.</strong></span> <span class='ocrx_word' id='word_1_150' title='bbox 3130 1999 3379 2061; x_wconf 77' lang='lat' dir='ltr'><strong>Prcevice</strong></span> 
     </span>
    </p>
   </div>
   <div class='ocr_carea' id='block_1_17' title="bbox 144 2101 3374 2185">
    <p class='ocr_par' dir='ltr' id='par_1_17' title="bbox 144 2101 3374 2185">
     <span class='ocr_line' id='line_1_17' title="bbox 144 2101 3374 2185; baseline 0.001 -23"><span class='ocrx_word' id='word_1_151' title='bbox 144 2101 581 2164; x_wconf 77' lang='lat' dir='ltr'><strong>Dissertationis</strong></span> <span class='ocrx_word' id='word_1_152' title='bbox 616 2109 838 2164; x_wconf 88' lang='lat' dir='ltr'><strong>auctor</strong></span> <span class='ocrx_word' id='word_1_153' title='bbox 876 2103 1232 2166; x_wconf 91' lang='lat' dir='ltr'><strong>orationem</strong></span> <span class='ocrx_word' id='word_1_154' title='bbox 1279 2103 1442 2166; x_wconf 90' lang='lat' dir='ltr'><strong>hanc</strong></span> <span class='ocrx_word' id='word_1_155' title='bbox 1473 2121 1619 2166; x_wconf 89' lang='lat' dir='ltr'><strong>cum</strong></span> <span class='ocrx_word' id='word_1_156' title='bbox 1657 2120 1819 2166; x_wconf 87' lang='lat' dir='ltr'><strong>nova</strong></span> <span class='ocrx_word' id='word_1_157' title='bbox 1870 2104 2080 2184; x_wconf 86' lang='lat' dir='ltr'><strong>ipsius</strong></span> <span class='ocrx_word' id='word_1_158' title='bbox 2112 2104 2414 2168; x_wconf 85' lang='lat' dir='ltr'><strong>versione</strong></span> <span class='ocrx_word' id='word_1_159' title='bbox 2467 2105 2903 2167; x_wconf 90' lang='lat' dir='ltr'><strong>enuntiaverit</strong></span> <span class='ocrx_word' id='word_1_160' title='bbox 2956 2105 3374 2185; x_wconf 88' lang='lat' dir='ltr'><strong>prodituram,</strong></span> 
     </span>
    </p>
   </div>
   <div class='ocr_carea' id='block_1_18' title="bbox 141 2203 3378 2287">
    <p class='ocr_par' dir='ltr' id='par_1_18' title="bbox 141 2203 3378 2287">
     <span class='ocr_line' id='line_1_18' title="bbox 141 2203 3378 2287; baseline 0.001 -25"><span class='ocrx_word' id='word_1_161' title='bbox 141 2218 268 2276; x_wconf 87' lang='lat' dir='ltr'><strong>eam,</strong></span> <span class='ocrx_word' id='word_1_162' title='bbox 298 2203 503 2283; x_wconf 87' lang='lat' dir='ltr'><strong>qualis</strong></span> <span class='ocrx_word' id='word_1_163' title='bbox 539 2205 803 2268; x_wconf 91' lang='lat' dir='ltr'><strong>demum</strong></span> <span class='ocrx_word' id='word_1_164' title='bbox 832 2221 1091 2285; x_wconf 89' lang='lat' dir='ltr'><strong>cunque</strong></span> <span class='ocrx_word' id='word_1_165' title='bbox 1125 2205 1232 2278; x_wconf 89' lang='lat' dir='ltr'><strong>sit,</strong></span> <span class='ocrx_word' id='word_1_166' title='bbox 1260 2205 1328 2266; x_wconf 90' lang='lat' dir='ltr'><strong>in</strong></span> <span class='ocrx_word' id='word_1_167' title='bbox 1371 2204 1582 2268; x_wconf 83' lang='lat' dir='ltr'><strong>lucem</strong></span> <span class='ocrx_word' id='word_1_168' title='bbox 1617 2205 1868 2270; x_wconf 87' lang='lat' dir='ltr'><strong>emitto.</strong></span> <span class='ocrx_word' id='word_1_169' title='bbox 1902 2206 1962 2268; x_wconf 92' lang='lat' dir='ltr'><strong>Si</strong></span> <span class='ocrx_word' id='word_1_170' title='bbox 2005 2207 2154 2286; x_wconf 86' lang='lat' dir='ltr'><strong>quis</strong></span> <span class='ocrx_word' id='word_1_171' title='bbox 2185 2207 2447 2270; x_wconf 83' lang='lat' dir='ltr'><strong>alteram</strong></span> <span class='ocrx_word' id='word_1_172' title='bbox 2501 2205 2701 2281; x_wconf 90' lang='lat' dir='ltr'><strong>malit,</strong></span> <span class='ocrx_word' id='word_1_173' title='bbox 2758 2207 3121 2287; x_wconf 67' lang='lat' dir='ltr'><strong>praedictam</strong></span> <span class='ocrx_word' id='word_1_174' title='bbox 3190 2205 3378 2268; x_wconf 84' lang='lat' dir='ltr'><strong>adeat</strong></span> 
     </span>
    </p>
   </div>
   <div class='ocr_carea' id='block_1_19' title="bbox 141 2303 3378 2390">
    <p class='ocr_par' dir='ltr' id='par_1_19' title="bbox 141 2303 3378 2390">
     <span class='ocr_line' id='line_1_19' title="bbox 141 2303 3378 2390; baseline 0.001 -24"><span class='ocrx_word' id='word_1_175' title='bbox 141 2303 570 2370; x_wconf 81' lang='lat' dir='ltr'><strong>Bibliothecam.</strong></span> <span class='ocrx_word' id='word_1_176' title='bbox 609 2307 925 2371; x_wconf 86' lang='lat' dir='ltr'><strong>Versione</strong></span> <span class='ocrx_word' id='word_1_177' title='bbox 967 2307 1083 2370; x_wconf 91' lang='lat' dir='ltr'><strong>hac</strong></span> <span class='ocrx_word' id='word_1_178' title='bbox 1120 2324 1151 2370; x_wconf 93' lang='lat' dir='ltr'><strong>a</strong></span> <span class='ocrx_word' id='word_1_179' title='bbox 1185 2325 1286 2370; x_wconf 91' lang='lat' dir='ltr'><strong>me</strong></span> <span class='ocrx_word' id='word_1_180' title='bbox 1317 2308 1565 2388; x_wconf 89' lang='lat' dir='ltr'><strong>jamdiu</strong></span> <span class='ocrx_word' id='word_1_181' title='bbox 1597 2309 1913 2385; x_wconf 87' lang='lat' dir='ltr'><strong>absoluta,</strong></span> <span class='ocrx_word' id='word_1_182' title='bbox 1965 2308 2140 2372; x_wconf 89' lang='lat' dir='ltr'><strong>aliud</strong></span> <span class='ocrx_word' id='word_1_183' title='bbox 2199 2309 2490 2390; x_wconf 80' lang='lat' dir='ltr'><strong>ejusdem</strong></span> <span class='ocrx_word' id='word_1_184' title='bbox 2545 2308 2858 2372; x_wconf 89' lang='lat' dir='ltr'><strong>orationis</strong></span> <span class='ocrx_word' id='word_1_185' title='bbox 2916 2307 3246 2387; x_wconf 80' lang='lat' dir='ltr'><strong>exemplar</strong></span> <span class='ocrx_word' id='word_1_186' title='bbox 3297 2324 3378 2370; x_wconf 84' lang='lat' dir='ltr'><strong>ex</strong></span> 
     </span>
    </p>
   </div>
   <div class='ocr_carea' id='block_1_20' title="bbox 140 2408 3376 2492">
    <p class='ocr_par' dir='ltr' id='par_1_20' title="bbox 140 2408 3376 2492">
     <span class='ocr_line' id='line_1_20' title="bbox 140 2408 3376 2492; baseline -0.001 -18"><span class='ocrx_word' id='word_1_187' title='bbox 140 2408 320 2474; x_wconf 88' lang='lat' dir='ltr'><strong>codice</strong></span> <span class='ocrx_word' id='word_1_188' title='bbox 351 2411 421 2473; x_wconf 79' lang='grc'><strong>15</strong></span> <span class='ocrx_word' id='word_1_189' title='bbox 453 2411 849 2474; x_wconf 90' lang='lat' dir='ltr'><strong>Seldeniano</strong></span> <span class='ocrx_word' id='word_1_190' title='bbox 882 2411 1323 2475; x_wconf 70' lang='lat' dir='ltr'><strong>celeberrimae</strong></span> <span class='ocrx_word' id='word_1_191' title='bbox 1355 2412 1763 2476; x_wconf 64' lang='lat' dir='ltr'><strong>bibliotheca;</strong></span> <span class='ocrx_word' id='word_1_192' title='bbox 1794 2413 2164 2475; x_wconf 71' lang='lat' dir='ltr'><strong>Bodleianze</strong></span> <span class='ocrx_word' id='word_1_193' title='bbox 2189 2413 2610 2492; x_wconf 87' lang='lat' dir='ltr'><strong>descriptum,</strong></span> <span class='ocrx_word' id='word_1_194' title='bbox 2632 2411 2791 2474; x_wconf 91' lang='lat' dir='ltr'><strong>mihi</strong></span> <span class='ocrx_word' id='word_1_195' title='bbox 2824 2411 3088 2474; x_wconf 89' lang='lat' dir='ltr'><strong>allatum</strong></span> <span class='ocrx_word' id='word_1_196' title='bbox 3123 2411 3376 2474; x_wconf 83' lang='lat' dir='ltr'><strong>Oxonio</strong></span> 
     </span>
    </p>
   </div>
   <div class='ocr_carea' id='block_1_21' title="bbox 141 2511 3375 2594">
    <p class='ocr_par' dir='ltr' id='par_1_21' title="bbox 141 2511 3375 2594">
     <span class='ocr_line' id='line_1_21' title="bbox 141 2511 3375 2594; baseline -0 -20"><span class='ocrx_word' id='word_1_197' title='bbox 141 2519 234 2574; x_wconf 87' lang='lat' dir='ltr'><strong>est.</strong></span> <span class='ocrx_word' id='word_1_198' title='bbox 269 2511 608 2594; x_wconf 86' lang='lat' dir='ltr'><strong>Utramque</strong></span> <span class='ocrx_word' id='word_1_199' title='bbox 645 2512 986 2577; x_wconf 83' lang='lat' dir='ltr'><strong>conferens</strong></span> <span class='ocrx_word' id='word_1_200' title='bbox 1031 2531 1147 2576; x_wconf 90' lang='lat' dir='ltr'><strong>sua</strong></span> <span class='ocrx_word' id='word_1_201' title='bbox 1183 2513 1246 2575; x_wconf 92' lang='lat' dir='ltr'><strong>in</strong></span> <span class='ocrx_word' id='word_1_202' title='bbox 1280 2522 1560 2594; x_wconf 87' lang='lat' dir='ltr'><strong>utroque</strong></span> <span class='ocrx_word' id='word_1_203' title='bbox 1596 2514 1826 2577; x_wconf 89' lang='lat' dir='ltr'><strong>menda</strong></span> <span class='ocrx_word' id='word_1_204' title='bbox 1858 2514 2100 2588; x_wconf 81' lang='lat' dir='ltr'><strong>detexi,</strong></span> <span class='ocrx_word' id='word_1_205' title='bbox 2141 2521 2332 2594; x_wconf 86' lang='lat' dir='ltr'><strong>atque</strong></span> <span class='ocrx_word' id='word_1_206' title='bbox 2375 2513 2649 2577; x_wconf 91' lang='lat' dir='ltr'><strong>alterum</strong></span> <span class='ocrx_word' id='word_1_207' title='bbox 2681 2513 2865 2575; x_wconf 88' lang='lat' dir='ltr'><strong>alteri</strong></span> <span class='ocrx_word' id='word_1_208' title='bbox 2920 2528 3036 2592; x_wconf 88' lang='lat' dir='ltr'><strong>pro</strong></span> <span class='ocrx_word' id='word_1_209' title='bbox 3088 2511 3375 2574; x_wconf 88' lang='lat' dir='ltr'><strong>locorum</strong></span> 
     </span>
    </p>
   </div>
   <div class='ocr_carea' id='block_1_22' title="bbox 141 2613 3377 2696">
    <p class='ocr_par' dir='ltr' id='par_1_22' title="bbox 141 2613 3377 2696">
     <span class='ocr_line' id='line_1_22' title="bbox 141 2613 3377 2696; baseline -0 -20"><span class='ocrx_word' id='word_1_210' title='bbox 141 2614 462 2678; x_wconf 84' lang='lat' dir='ltr'><strong>diversitate</strong></span> <span class='ocrx_word' id='word_1_211' title='bbox 486 2621 814 2696; x_wconf 67' lang='lat' dir='ltr'><strong>praestare.</strong></span> <span class='ocrx_word' id='word_1_212' title='bbox 837 2616 1148 2691; x_wconf 90' lang='lat' dir='ltr'><strong>Quamvis</strong></span> <span class='ocrx_word' id='word_1_213' title='bbox 1174 2633 1327 2681; x_wconf 91' lang='lat' dir='ltr'><strong>vero</strong></span> <span class='ocrx_word' id='word_1_214' title='bbox 1349 2617 1714 2680; x_wconf 84' lang='lat' dir='ltr'><strong>Oxoniensi</strong></span> <span class='ocrx_word' id='word_1_215' title='bbox 1739 2616 2107 2680; x_wconf 87' lang='lat' dir='ltr'><strong>Parisiense</strong></span> <span class='ocrx_word' id='word_1_216' title='bbox 2134 2617 2429 2681; x_wconf 87' lang='lat' dir='ltr'><strong>nonnihil</strong></span> <span class='ocrx_word' id='word_1_217' title='bbox 2453 2616 2802 2680; x_wconf 88' lang='lat' dir='ltr'><strong>concedere</strong></span> <span class='ocrx_word' id='word_1_218' title='bbox 2827 2613 3182 2691; x_wconf 88' lang='lat' dir='ltr'><strong>videretur,</strong></span> <span class='ocrx_word' id='word_1_219' title='bbox 3205 2613 3377 2676; x_wconf 88' lang='lat' dir='ltr'><strong>nihi-</strong></span> 
     </span>
    </p>
   </div>
   <div class='ocr_carea' id='block_1_23' title="bbox 145 2715 3377 2798">
    <p class='ocr_par' dir='ltr' id='par_1_23' title="bbox 145 2715 3377 2798">
     <span class='ocr_line' id='line_1_23' title="bbox 145 2715 3377 2798; baseline 0.002 -26"><span class='ocrx_word' id='word_1_220' title='bbox 145 2715 379 2779; x_wconf 86' lang='lat' dir='ltr'><strong>lominus</strong></span> <span class='ocrx_word' id='word_1_221' title='bbox 412 2717 486 2779; x_wconf 86' lang='lat' dir='ltr'><strong>ad</strong></span> <span class='ocrx_word' id='word_1_222' title='bbox 524 2717 893 2779; x_wconf 77' lang='lat' dir='ltr'><strong>i‘arisiense</strong></span> <span class='ocrx_word' id='word_1_223' title='bbox 936 2717 1266 2796; x_wconf 59' lang='lat' dir='ltr'><strong>exemplar</strong></span> <span class='ocrx_word' id='word_1_224' title='bbox 1307 2716 1471 2780; x_wconf 90' lang='lat' dir='ltr'><strong>hanc</strong></span> <span class='ocrx_word' id='word_1_225' title='bbox 1523 2718 1879 2781; x_wconf 88' lang='lat' dir='ltr'><strong>editionem</strong></span> <span class='ocrx_word' id='word_1_226' title='bbox 1938 2719 2198 2798; x_wconf 81' lang='lat' dir='ltr'><strong>exigere</strong></span> <span class='ocrx_word' id='word_1_227' title='bbox 2259 2718 2482 2793; x_wconf 88' lang='lat' dir='ltr'><strong>malui,</strong></span> <span class='ocrx_word' id='word_1_228' title='bbox 2516 2723 2650 2780; x_wconf 93' lang='lat' dir='ltr'><strong>tum</strong></span> <span class='ocrx_word' id='word_1_229' title='bbox 2705 2717 2874 2796; x_wconf 89' lang='lat' dir='ltr'><strong>quod</strong></span> <span class='ocrx_word' id='word_1_230' title='bbox 2935 2716 3143 2794; x_wconf 88' lang='lat' dir='ltr'><strong>primo</strong></span> <span class='ocrx_word' id='word_1_231' title='bbox 3207 2715 3377 2778; x_wconf 87' lang='lat' dir='ltr'><strong>illud</strong></span> 
     </span>
    </p>
   </div>
   <div class='ocr_carea' id='block_1_24' title="bbox 146 2815 3376 2902">
    <p class='ocr_par' dir='ltr' id='par_1_24' title="bbox 146 2815 3376 2902">
     <span class='ocr_line' id='line_1_24' title="bbox 146 2815 3376 2902; baseline 0 -24"><span class='ocrx_word' id='word_1_232' title='bbox 146 2819 322 2881; x_wconf 85' lang='lat' dir='ltr'><strong>Latine</strong></span> <span class='ocrx_word' id='word_1_233' title='bbox 346 2818 722 2883; x_wconf 89' lang='lat' dir='ltr'><strong>translatum</strong></span> <span class='ocrx_word' id='word_1_234' title='bbox 747 2835 780 2882; x_wconf 91' lang='lat' dir='ltr'><strong>a</strong></span> <span class='ocrx_word' id='word_1_235' title='bbox 806 2821 1192 2884; x_wconf 82' lang='lat' dir='ltr'><strong>Combeﬁsio</strong></span> <span class='ocrx_word' id='word_1_236' title='bbox 1216 2821 1462 2883; x_wconf 87' lang='lat' dir='ltr'><strong>editum</strong></span> <span class='ocrx_word' id='word_1_237' title='bbox 1491 2828 1685 2896; x_wconf 91' lang='lat' dir='ltr'><strong>esset,</strong></span> <span class='ocrx_word' id='word_1_238' title='bbox 1712 2828 1845 2882; x_wconf 90' lang='lat' dir='ltr'><strong>tum</strong></span> <span class='ocrx_word' id='word_1_239' title='bbox 1871 2821 2045 2902; x_wconf 91' lang='lat' dir='ltr'><strong>quod</strong></span> <span class='ocrx_word' id='word_1_240' title='bbox 2077 2838 2156 2883; x_wconf 89' lang='lat' dir='ltr'><strong>ex</strong></span> <span class='ocrx_word' id='word_1_241' title='bbox 2184 2819 2324 2899; x_wconf 91' lang='lat' dir='ltr'><strong>ipso</strong></span> <span class='ocrx_word' id='word_1_242' title='bbox 2359 2818 2594 2899; x_wconf 88' lang='lat' dir='ltr'><strong>pariter</strong></span> <span class='ocrx_word' id='word_1_243' title='bbox 2623 2835 2826 2882; x_wconf 87' lang='lat' dir='ltr'><strong>meam</strong></span> <span class='ocrx_word' id='word_1_244' title='bbox 2861 2833 2981 2898; x_wconf 90' lang='lat' dir='ltr'><strong>ego</strong></span> <span class='ocrx_word' id='word_1_245' title='bbox 3014 2815 3376 2880; x_wconf 88' lang='lat' dir='ltr'><strong>versionem</strong></span> 
     </span>
    </p>
   </div>
   <div class='ocr_carea' id='block_1_25' title="bbox 142 2918 3377 3003">
    <p class='ocr_par' dir='ltr' id='par_1_25' title="bbox 142 2918 3377 3003">
     <span class='ocr_line' id='line_1_25' title="bbox 142 2918 3377 3003; baseline 0 -25"><span class='ocrx_word' id='word_1_246' title='bbox 142 2918 489 2984; x_wconf 87' lang='lat' dir='ltr'><strong>elicuissem.</strong></span> <span class='ocrx_word' id='word_1_247' title='bbox 529 2923 1000 2986; x_wconf 84' lang='lat' dir='ltr'><strong>Verumtamen</strong></span> <span class='ocrx_word' id='word_1_248' title='bbox 1039 2923 1360 2985; x_wconf 89' lang='lat' dir='ltr'><strong>variantes</strong></span> <span class='ocrx_word' id='word_1_249' title='bbox 1392 2921 1637 2986; x_wconf 89' lang='lat' dir='ltr'><strong>codicis</strong></span> <span class='ocrx_word' id='word_1_250' title='bbox 1684 2923 2052 2985; x_wconf 88' lang='lat' dir='ltr'><strong>Barocciani</strong></span> <span class='ocrx_word' id='word_1_251' title='bbox 2102 2921 2418 2986; x_wconf 88' lang='lat' dir='ltr'><strong>lectiones</strong></span> <span class='ocrx_word' id='word_1_252' title='bbox 2452 2921 2751 3003; x_wconf 85' lang='lat' dir='ltr'><strong>(quarum</strong></span> <span class='ocrx_word' id='word_1_253' title='bbox 2794 2919 3030 3001; x_wconf 73' lang='lat' dir='ltr'><strong>aliqum</strong></span> <span class='ocrx_word' id='word_1_254' title='bbox 3080 2919 3377 2982; x_wconf 72' lang='lat' dir='ltr'><strong>dicendas</strong></span> 
     </span>
    </p>
   </div>
   <div class='ocr_carea' id='block_1_26' title="bbox 144 3017 3376 3105">
    <p class='ocr_par' dir='ltr' id='par_1_26' title="bbox 144 3017 3376 3105">
     <span class='ocr_line' id='line_1_26' title="bbox 144 3017 3376 3105; baseline -0.001 -24"><span class='ocrx_word' id='word_1_255' title='bbox 144 3020 317 3099; x_wconf 84' lang='lat' dir='ltr'><strong>potius</strong></span> <span class='ocrx_word' id='word_1_256' title='bbox 339 3031 482 3086; x_wconf 91' lang='lat' dir='ltr'><strong>sunt</strong></span> <span class='ocrx_word' id='word_1_257' title='bbox 520 3024 984 3104; x_wconf 87' lang='lat' dir='ltr'><strong>correctiones)</strong></span> <span class='ocrx_word' id='word_1_258' title='bbox 1015 3027 1092 3087; x_wconf 91' lang='lat' dir='ltr'><strong>ad</strong></span> <span class='ocrx_word' id='word_1_259' title='bbox 1128 3024 1504 3087; x_wconf 86' lang='lat' dir='ltr'><strong>inferiorem</strong></span> <span class='ocrx_word' id='word_1_260' title='bbox 1535 3025 1890 3105; x_wconf 72' lang='lat' dir='ltr'><strong>marginem</strong></span> <span class='ocrx_word' id='word_1_261' title='bbox 1923 3024 2429 3105; x_wconf 81' lang='lat' dir='ltr'><strong>diligentissime</strong></span> <span class='ocrx_word' id='word_1_262' title='bbox 2463 3023 2796 3097; x_wconf 88' lang='lat' dir='ltr'><strong>adnotavi;</strong></span> <span class='ocrx_word' id='word_1_263' title='bbox 2827 3039 2972 3103; x_wconf 69' lang='lat' dir='ltr'><strong>qua)</strong></span> <span class='ocrx_word' id='word_1_264' title='bbox 3001 3021 3142 3084; x_wconf 89' lang='lat' dir='ltr'><strong>loco</strong></span> <span class='ocrx_word' id='word_1_265' title='bbox 3166 3017 3376 3098; x_wconf 82' lang='lat' dir='ltr'><strong>ipsius</strong></span> 
     </span>
    </p>
   </div>
   <div class='ocr_carea' id='block_1_27' title="bbox 142 3121 3376 3207">
    <p class='ocr_par' dir='ltr' id='par_1_27' title="bbox 142 3121 3376 3207">
     <span class='ocr_line' id='line_1_27' title="bbox 142 3121 3376 3207; baseline -0.001 -23"><span class='ocrx_word' id='word_1_266' title='bbox 142 3125 342 3189; x_wconf 84' lang='lat' dir='ltr'><strong>codicis</strong></span> <span class='ocrx_word' id='word_1_267' title='bbox 387 3126 613 3192; x_wconf 90' lang='lat' dir='ltr'><strong>haberi</strong></span> <span class='ocrx_word' id='word_1_268' title='bbox 653 3129 881 3192; x_wconf 90' lang='lat' dir='ltr'><strong>merito</strong></span> <span class='ocrx_word' id='word_1_269' title='bbox 929 3136 1223 3206; x_wconf 89' lang='lat' dir='ltr'><strong>possunt.</strong></span> <span class='ocrx_word' id='word_1_270' title='bbox 1281 3127 1504 3202; x_wconf 89' lang='lat' dir='ltr'><strong>Quoad</strong></span> <span class='ocrx_word' id='word_1_271' title='bbox 1542 3128 1746 3207; x_wconf 92' lang='lat' dir='ltr'><strong>ipsam</strong></span> <span class='ocrx_word' id='word_1_272' title='bbox 1780 3125 2008 3190; x_wconf 88' lang='lat' dir='ltr'><strong>attinet</strong></span> <span class='ocrx_word' id='word_1_273' title='bbox 2059 3126 2444 3202; x_wconf 90' lang='lat' dir='ltr'><strong>orationem,</strong></span> <span class='ocrx_word' id='word_1_274' title='bbox 2503 3124 2665 3188; x_wconf 88' lang='lat' dir='ltr'><strong>adeo</strong></span> <span class='ocrx_word' id='word_1_275' title='bbox 2730 3132 3032 3203; x_wconf 67' lang='lat' dir='ltr'><strong>praestans</strong></span> <span class='ocrx_word' id='word_1_276' title='bbox 3088 3121 3222 3183; x_wconf 90' lang='lat' dir='ltr'><strong>visa</strong></span> <span class='ocrx_word' id='word_1_277' title='bbox 3279 3135 3376 3189; x_wconf 80' lang='lat' dir='ltr'><strong>est</strong></span> 
     </span>
    </p>
   </div>
   <div class='ocr_carea' id='block_1_28' title="bbox 143 3223 3377 3311">
    <p class='ocr_par' dir='ltr' id='par_1_28' title="bbox 143 3223 3377 3311">
     <span class='ocr_line' id='line_1_28' title="bbox 143 3223 3377 3311; baseline -0.002 -24"><span class='ocrx_word' id='word_1_278' title='bbox 143 3225 497 3303; x_wconf 82' lang='lat' dir='ltr'><strong>Combetisio,</strong></span> <span class='ocrx_word' id='word_1_279' title='bbox 542 3236 615 3291; x_wconf 91' lang='lat' dir='ltr'><strong>ut</strong></span> <span class='ocrx_word' id='word_1_280' title='bbox 648 3245 938 3293; x_wconf 83' lang='lat' dir='ltr'><strong>asserere</strong></span> <span class='ocrx_word' id='word_1_281' title='bbox 969 3247 1097 3293; x_wconf 91' lang='lat' dir='ltr'><strong>non</strong></span> <span class='ocrx_word' id='word_1_282' title='bbox 1137 3228 1471 3304; x_wconf 88' lang='lat' dir='ltr'><strong>dubitarit,</strong></span> <span class='ocrx_word' id='word_1_283' title='bbox 1527 3231 2080 3311; x_wconf 76' lang='lat' dir='ltr'><strong>TheOphylaetum</strong></span> <span class='ocrx_word' id='word_1_284' title='bbox 2115 3236 2177 3293; x_wconf 91' lang='lat' dir='ltr'><strong>et</strong></span> <span class='ocrx_word' id='word_1_285' title='bbox 2232 3229 2298 3292; x_wconf 90' lang='lat' dir='ltr'><strong>in</strong></span> <span class='ocrx_word' id='word_1_286' title='bbox 2337 3229 2452 3290; x_wconf 89' lang='lat' dir='ltr'><strong>hac</strong></span> <span class='ocrx_word' id='word_1_287' title='bbox 2502 3227 2790 3290; x_wconf 89' lang='lat' dir='ltr'><strong>oratione</strong></span> <span class='ocrx_word' id='word_1_288' title='bbox 2845 3223 3377 3305; x_wconf 79' lang='lat' dir='ltr'><strong>sapientissimum</strong></span> 
     </span>
    </p>
   </div>
   <div class='ocr_carea' id='block_1_29' title="bbox 145 3324 3377 3410">
    <p class='ocr_par' dir='ltr' id='par_1_29' title="bbox 145 3324 3377 3410">
     <span class='ocr_line' id='line_1_29' title="bbox 145 3324 3377 3410; baseline 0.001 -27"><span class='ocrx_word' id='word_1_289' title='bbox 145 3326 378 3390; x_wconf 78' lang='lat' dir='ltr'><strong>ostendi:</strong></span> <span class='ocrx_word' id='word_1_290' title='bbox 415 3345 535 3392; x_wconf 91' lang='lat' dir='ltr'><strong>nec</strong></span> <span class='ocrx_word' id='word_1_291' title='bbox 571 3328 896 3393; x_wconf 89' lang='lat' dir='ltr'><strong>immerito</strong></span> <span class='ocrx_word' id='word_1_292' title='bbox 935 3329 1226 3410; x_wconf 88' lang='lat' dir='ltr'><strong>quidem,</strong></span> <span class='ocrx_word' id='word_1_293' title='bbox 1264 3344 1409 3390; x_wconf 86' lang='lat' dir='ltr'><strong>cum</strong></span> <span class='ocrx_word' id='word_1_294' title='bbox 1447 3329 1789 3408; x_wconf 87' lang='lat' dir='ltr'><strong>multiplex</strong></span> <span class='ocrx_word' id='word_1_295' title='bbox 1828 3328 2241 3407; x_wconf 72' lang='lat' dir='ltr'><strong>eloquentiae,</strong></span> <span class='ocrx_word' id='word_1_296' title='bbox 2283 3327 2675 3392; x_wconf 83' lang='lat' dir='ltr'><strong>eruditionis</strong></span> <span class='ocrx_word' id='word_1_297' title='bbox 2710 3334 2769 3389; x_wconf 90' lang='lat' dir='ltr'><strong>et</strong></span> <span class='ocrx_word' id='word_1_298' title='bbox 2808 3325 3147 3390; x_wconf 89' lang='lat' dir='ltr'><strong>vividioris</strong></span> <span class='ocrx_word' id='word_1_299' title='bbox 3194 3324 3377 3403; x_wconf 86' lang='lat' dir='ltr'><strong>inge-</strong></span> 
     </span>
    </p>
   </div>
   <div class='ocr_carea' id='block_1_30' title="bbox 147 3426 3369 3510">
    <p class='ocr_par' dir='ltr' id='par_1_30' title="bbox 147 3426 3369 3510">
     <span class='ocr_line' id='line_1_30' title="bbox 147 3426 3369 3510; baseline -0 -23"><span class='ocrx_word' id='word_1_300' title='bbox 147 3426 216 3489; x_wconf 86' lang='lat' dir='ltr'><strong>nii</strong></span> <span class='ocrx_word' id='word_1_301' title='bbox 243 3428 297 3489; x_wconf 92' lang='lat' dir='ltr'><strong>in</strong></span> <span class='ocrx_word' id='word_1_302' title='bbox 327 3446 392 3492; x_wconf 90' lang='lat' dir='ltr'><strong>ea</strong></span> <span class='ocrx_word' id='word_1_303' title='bbox 431 3430 657 3494; x_wconf 86' lang='lat' dir='ltr'><strong>lumen</strong></span> <span class='ocrx_word' id='word_1_304' title='bbox 698 3430 1026 3510; x_wconf 74' lang='lat' dir='ltr'><strong>effulgent.</strong></span> <span class='ocrx_word' id='word_1_305' title='bbox 1068 3429 1440 3494; x_wconf 90' lang='lat' dir='ltr'><strong>Severiores</strong></span> <span class='ocrx_word' id='word_1_306' title='bbox 1489 3438 1697 3493; x_wconf 91' lang='lat' dir='ltr'><strong>tamen</strong></span> <span class='ocrx_word' id='word_1_307' title='bbox 1745 3431 1951 3494; x_wconf 93' lang='lat' dir='ltr'><strong>critici</strong></span> <span class='ocrx_word' id='word_1_308' title='bbox 2010 3430 2281 3493; x_wconf 85' lang='lat' dir='ltr'><strong>fortasse</strong></span> <span class='ocrx_word' id='word_1_309' title='bbox 2333 3445 2458 3492; x_wconf 90' lang='lat' dir='ltr'><strong>non</strong></span> <span class='ocrx_word' id='word_1_310' title='bbox 2520 3427 2879 3507; x_wconf 88' lang='lat' dir='ltr'><strong>probabunt</strong></span> <span class='ocrx_word' id='word_1_311' title='bbox 2929 3426 2996 3488; x_wconf 88' lang='lat' dir='ltr'><strong>in</strong></span> <span class='ocrx_word' id='word_1_312' title='bbox 3044 3439 3146 3501; x_wconf 91' lang='lat' dir='ltr'><strong>eo,</strong></span> <span class='ocrx_word' id='word_1_313' title='bbox 3197 3427 3369 3504; x_wconf 87' lang='lat' dir='ltr'><strong>quod</strong></span> 
     </span>
    </p>
   </div>
   <div class='ocr_carea' id='block_1_31' title="bbox 145 3529 3370 3619">
    <p class='ocr_par' dir='ltr' id='par_1_31' title="bbox 145 3529 3370 3619">
     <span class='ocr_line' id='line_1_31' title="bbox 145 3529 3370 3619; baseline -0.001 -25"><span class='ocrx_word' id='word_1_314' title='bbox 145 3534 317 3598; x_wconf 59' lang='lat' dir='ltr'><strong>Maria</strong></span> <span class='ocrx_word' id='word_1_315' title='bbox 343 3537 627 3619; x_wconf 80' lang='lat' dir='ltr'><strong>Virginis</strong></span> <span class='ocrx_word' id='word_1_316' title='bbox 659 3537 1114 3601; x_wconf 89' lang='lat' dir='ltr'><strong>deductionem</strong></span> <span class='ocrx_word' id='word_1_317' title='bbox 1148 3537 1215 3600; x_wconf 87' lang='lat' dir='ltr'><strong>in</strong></span> <span class='ocrx_word' id='word_1_318' title='bbox 1253 3536 1588 3615; x_wconf 91' lang='lat' dir='ltr'><strong>templum,</strong></span> <span class='ocrx_word' id='word_1_319' title='bbox 1622 3536 1878 3617; x_wconf 83' lang='lat' dir='ltr'><strong>aliaque</strong></span> <span class='ocrx_word' id='word_1_320' title='bbox 1908 3535 2013 3597; x_wconf 90' lang='lat' dir='ltr'><strong>his</strong></span> <span class='ocrx_word' id='word_1_321' title='bbox 2044 3535 2254 3597; x_wconf 75' lang='lat' dir='ltr'><strong>aliinia</strong></span> <span class='ocrx_word' id='word_1_322' title='bbox 2285 3533 2584 3595; x_wconf 88' lang='lat' dir='ltr'><strong>minutim</strong></span> <span class='ocrx_word' id='word_1_323' title='bbox 2617 3532 2779 3595; x_wconf 91' lang='lat' dir='ltr'><strong>adeo</strong></span> <span class='ocrx_word' id='word_1_324' title='bbox 2811 3529 3151 3603; x_wconf 84' lang='lat' dir='ltr'><strong>describat,</strong></span> <span class='ocrx_word' id='word_1_325' title='bbox 3183 3545 3255 3592; x_wconf 89' lang='lat' dir='ltr'><strong>ac</strong></span> <span class='ocrx_word' id='word_1_326' title='bbox 3312 3529 3370 3590; x_wconf 92' lang='lat' dir='ltr'><strong>si</strong></span> 
     </span>
    </p>
   </div>
   <div class='ocr_carea' id='block_1_32' title="bbox 145 3633 3370 3728">
    <p class='ocr_par' dir='ltr' id='par_1_32' title="bbox 145 3633 3370 3728">
     <span class='ocr_line' id='line_1_32' title="bbox 145 3633 3370 3728; baseline -0.002 -29"><span class='ocrx_word' id='word_1_327' title='bbox 145 3637 368 3702; x_wconf 86' lang='lat' dir='ltr'><strong>suismet</strong></span> <span class='ocrx_word' id='word_1_328' title='bbox 396 3641 611 3705; x_wconf 90' lang='lat' dir='ltr'><strong>oculis</strong></span> <span class='ocrx_word' id='word_1_329' title='bbox 653 3641 988 3703; x_wconf 82' lang='lat' dir='ltr'><strong>lustrasset</strong></span> <span class='ocrx_word' id='word_1_330' title='bbox 1017 3639 1258 3702; x_wconf 92' lang='lat' dir='ltr'><strong>omnia.</strong></span> <span class='ocrx_word' id='word_1_331' title='bbox 1306 3639 1428 3702; x_wconf 89' lang='lat' dir='ltr'><strong>Sed</strong></span> <span class='ocrx_word' id='word_1_332' title='bbox 1464 3637 1650 3701; x_wconf 85' lang='lat' dir='ltr'><strong>facile</strong></span> <span class='ocrx_word' id='word_1_333' title='bbox 1687 3637 1982 3728; x_wconf 87' lang='lat' dir='ltr'><strong>scriptori</strong></span> <span class='ocrx_word' id='word_1_334' title='bbox 2016 3639 2235 3699; x_wconf 69' lang='lat' dir='ltr'><strong>Graeco</strong></span> <span class='ocrx_word' id='word_1_335' title='bbox 2275 3635 2483 3698; x_wconf 86' lang='lat' dir='ltr'><strong>danda</strong></span> <span class='ocrx_word' id='word_1_336' title='bbox 2544 3633 2730 3696; x_wconf 89' lang='lat' dir='ltr'><strong>venia</strong></span> <span class='ocrx_word' id='word_1_337' title='bbox 2787 3643 2910 3708; x_wconf 88' lang='lat' dir='ltr'><strong>est,</strong></span> <span class='ocrx_word' id='word_1_338' title='bbox 2947 3639 3169 3712; x_wconf 88' lang='lat' dir='ltr'><strong>utpote</strong></span> <span class='ocrx_word' id='word_1_339' title='bbox 3227 3634 3370 3714; x_wconf 89' lang='lat' dir='ltr'><strong>qui,</strong></span> 
     </span>
    </p>
   </div>
   <div class='ocr_carea' id='block_1_33' title="bbox 145 3734 3370 3823">
    <p class='ocr_par' dir='ltr' id='par_1_33' title="bbox 145 3734 3370 3823">
     <span class='ocr_line' id='line_1_33' title="bbox 145 3734 3370 3823; baseline -0.001 -19"><span class='ocrx_word' id='word_1_340' title='bbox 145 3742 502 3806; x_wconf 86' lang='lat' dir='ltr'><strong>traditionem</strong></span> <span class='ocrx_word' id='word_1_341' title='bbox 540 3743 684 3806; x_wconf 91' lang='lat' dir='ltr'><strong>suis</strong></span> <span class='ocrx_word' id='word_1_342' title='bbox 716 3743 782 3806; x_wconf 93' lang='lat' dir='ltr'><strong>in</strong></span> <span class='ocrx_word' id='word_1_343' title='bbox 827 3742 1203 3822; x_wconf 88' lang='lat' dir='ltr'><strong>regionibus</strong></span> <span class='ocrx_word' id='word_1_344' title='bbox 1231 3742 1360 3823; x_wconf 91' lang='lat' dir='ltr'><strong>jam</strong></span> <span class='ocrx_word' id='word_1_345' title='bbox 1401 3751 1718 3820; x_wconf 90' lang='lat' dir='ltr'><strong>receptam</strong></span> <span class='ocrx_word' id='word_1_346' title='bbox 1763 3749 2050 3816; x_wconf 89' lang='lat' dir='ltr'><strong>secutus,</strong></span> <span class='ocrx_word' id='word_1_347' title='bbox 2115 3755 2185 3802; x_wconf 91' lang='lat' dir='ltr'><strong>ea</strong></span> <span class='ocrx_word' id='word_1_348' title='bbox 2249 3739 2372 3800; x_wconf 87' lang='lat' dir='ltr'><strong>sibi</strong></span> <span class='ocrx_word' id='word_1_349' title='bbox 2435 3737 2651 3802; x_wconf 88' lang='lat' dir='ltr'><strong>omnia</strong></span> <span class='ocrx_word' id='word_1_350' title='bbox 2709 3735 2950 3800; x_wconf 87' lang='lat' dir='ltr'><strong>nedum</strong></span> <span class='ocrx_word' id='word_1_351' title='bbox 3009 3734 3370 3812; x_wconf 87' lang='lat' dir='ltr'><strong>referenda,</strong></span> 
     </span>
    </p>
   </div>
   <div class='ocr_carea' id='block_1_34' title="bbox 146 3837 3368 3926">
    <p class='ocr_par' dir='ltr' id='par_1_34' title="bbox 146 3837 3368 3926">
     <span class='ocr_line' id='line_1_34' title="bbox 146 3837 3368 3926; baseline -0.001 -24"><span class='ocrx_word' id='word_1_352' title='bbox 146 3843 231 3905; x_wconf 88' lang='lat' dir='ltr'><strong>sed</strong></span> <span class='ocrx_word' id='word_1_353' title='bbox 261 3845 429 3908; x_wconf 89' lang='lat' dir='ltr'><strong>etiam</strong></span> <span class='ocrx_word' id='word_1_354' title='bbox 464 3844 752 3908; x_wconf 89' lang='lat' dir='ltr'><strong>oratorio</strong></span> <span class='ocrx_word' id='word_1_355' title='bbox 794 3843 966 3921; x_wconf 81' lang='lat' dir='ltr'><strong>style</strong></span> <span class='ocrx_word' id='word_1_356' title='bbox 997 3844 1362 3907; x_wconf 84' lang='lat' dir='ltr'><strong>exornanda</strong></span> <span class='ocrx_word' id='word_1_357' title='bbox 1415 3843 1684 3924; x_wconf 87' lang='lat' dir='ltr'><strong>putavit.</strong></span> <span class='ocrx_word' id='word_1_358' title='bbox 1743 3842 1909 3906; x_wconf 87' lang='lat' dir='ltr'><strong>Illud</strong></span> <span class='ocrx_word' id='word_1_359' title='bbox 1939 3851 2110 3905; x_wconf 89' lang='lat' dir='ltr'><strong>certe</strong></span> <span class='ocrx_word' id='word_1_360' title='bbox 2181 3841 2248 3904; x_wconf 92' lang='lat' dir='ltr'><strong>in</strong></span> <span class='ocrx_word' id='word_1_361' title='bbox 2305 3838 2784 3920; x_wconf 85' lang='lat' dir='ltr'><strong>Theophylacto</strong></span> <span class='ocrx_word' id='word_1_362' title='bbox 2852 3837 3368 3926; x_wconf 49' lang='lat' dir='ltr'><strong>suscipiendum.</strong></span> 
     </span>
    </p>
   </div>
   <div class='ocr_carea' id='block_1_35' title="bbox 144 3941 3370 4028">
    <p class='ocr_par' dir='ltr' id='par_1_35' title="bbox 144 3941 3370 4028">
     <span class='ocr_line' id='line_1_35' title="bbox 144 3941 3370 4028; baseline -0.001 -20"><span class='ocrx_word' id='word_1_363' title='bbox 144 3949 281 4025; x_wconf 80' lang='lat' dir='ltr'><strong>quod</strong></span> <span class='ocrx_word' id='word_1_364' title='bbox 318 3967 450 4012; x_wconf 91' lang='lat' dir='ltr'><strong>cum</strong></span> <span class='ocrx_word' id='word_1_365' title='bbox 486 3949 688 4028; x_wconf 89' lang='lat' dir='ltr'><strong>probe</strong></span> <span class='ocrx_word' id='word_1_366' title='bbox 719 3955 1157 4028; x_wconf 86' lang='lat' dir='ltr'><strong>cognosceret,</strong></span> <span class='ocrx_word' id='word_1_367' title='bbox 1212 3949 1364 4028; x_wconf 89' lang='lat' dir='ltr'><strong>quid</strong></span> <span class='ocrx_word' id='word_1_368' title='bbox 1425 3949 1836 4028; x_wconf 88' lang='lat' dir='ltr'><strong>potissimum</strong></span> <span class='ocrx_word' id='word_1_369' title='bbox 1893 3948 2340 4011; x_wconf 90' lang='lat' dir='ltr'><strong>adversaretur</strong></span> <span class='ocrx_word' id='word_1_370' title='bbox 2399 3950 2661 4010; x_wconf 76' lang='lat' dir='ltr'><strong>summet</strong></span> <span class='ocrx_word' id='word_1_371' title='bbox 2715 3943 3060 4008; x_wconf 90' lang='lat' dir='ltr'><strong>narrationi</strong></span> <span class='ocrx_word' id='word_1_372' title='bbox 3117 3941 3370 4024; x_wconf 87' lang='lat' dir='ltr'><strong>(estque</strong></span> 
     </span>
    </p>
   </div>
   <div class='ocr_carea' id='block_1_36' title="bbox 145 4048 3372 4134">
    <p class='ocr_par' dir='ltr' id='par_1_36' title="bbox 145 4048 3372 4134">
     <span class='ocr_line' id='line_1_36' title="bbox 145 4048 3372 4134; baseline 0 -24"><span class='ocrx_word' id='word_1_373' title='bbox 145 4048 275 4113; x_wconf 87' lang='lat' dir='ltr'><strong>illud</strong></span> <span class='ocrx_word' id='word_1_374' title='bbox 306 4053 488 4128; x_wconf 89' lang='lat' dir='ltr'><strong>idem,</strong></span> <span class='ocrx_word' id='word_1_375' title='bbox 522 4053 706 4134; x_wconf 89' lang='lat' dir='ltr'><strong>quod</strong></span> <span class='ocrx_word' id='word_1_376' title='bbox 737 4051 992 4132; x_wconf 89' lang='lat' dir='ltr'><strong>aliquos</strong></span> <span class='ocrx_word' id='word_1_377' title='bbox 1025 4053 1377 4115; x_wconf 90' lang='lat' dir='ltr'><strong>recentium</strong></span> <span class='ocrx_word' id='word_1_378' title='bbox 1409 4054 1781 4118; x_wconf 88' lang='lat' dir='ltr'><strong>criticorum</strong></span> <span class='ocrx_word' id='word_1_379' title='bbox 1811 4053 1881 4117; x_wconf 92' lang='lat' dir='ltr'><strong>in</strong></span> <span class='ocrx_word' id='word_1_380' title='bbox 1919 4053 2299 4117; x_wconf 83' lang='lat' dir='ltr'><strong>contrariam</strong></span> <span class='ocrx_word' id='word_1_381' title='bbox 2342 4051 2729 4116; x_wconf 88' lang='lat' dir='ltr'><strong>sententiam</strong></span> <span class='ocrx_word' id='word_1_382' title='bbox 2773 4049 3085 4132; x_wconf 89' lang='lat' dir='ltr'><strong>impulit),</strong></span> <span class='ocrx_word' id='word_1_383' title='bbox 3110 4056 3372 4112; x_wconf 90' lang='lat' dir='ltr'><strong>strenue</strong></span> 
     </span>
    </p>
   </div>
   <div class='ocr_carea' id='block_1_37' title="bbox 145 4147 3372 4236">
    <p class='ocr_par' dir='ltr' id='par_1_37' title="bbox 145 4147 3372 4236">
     <span class='ocr_line' id='line_1_37' title="bbox 145 4147 3372 4236; baseline 0.001 -27"><span class='ocrx_word' id='word_1_384' title='bbox 145 4151 470 4219; x_wconf 86' lang='lat' dir='ltr'><strong>allaboravit</strong></span> <span class='ocrx_word' id='word_1_385' title='bbox 498 4156 572 4219; x_wconf 89' lang='lat' dir='ltr'><strong>in</strong></span> <span class='ocrx_word' id='word_1_386' title='bbox 608 4171 685 4219; x_wconf 93' lang='lat' dir='ltr'><strong>eo</strong></span> <span class='ocrx_word' id='word_1_387' title='bbox 724 4155 806 4218; x_wconf 88' lang='lat' dir='ltr'><strong>de</strong></span> <span class='ocrx_word' id='word_1_388' title='bbox 851 4155 1066 4217; x_wconf 84' lang='lat' dir='ltr'><strong>medio</strong></span> <span class='ocrx_word' id='word_1_389' title='bbox 1110 4147 1422 4231; x_wconf 77' lang='lat' dir='ltr'><strong>tollendo,</strong></span> <span class='ocrx_word' id='word_1_390' title='bbox 1482 4155 1710 4236; x_wconf 90' lang='lat' dir='ltr'><strong>reique</strong></span> <span class='ocrx_word' id='word_1_391' title='bbox 1770 4157 2092 4219; x_wconf 63' lang='lat' dir='ltr'><strong>universa;</strong></span> <span class='ocrx_word' id='word_1_392' title='bbox 2149 4155 2552 4219; x_wconf 88' lang='lat' dir='ltr'><strong>concilianda</strong></span> <span class='ocrx_word' id='word_1_393' title='bbox 2611 4154 3061 4236; x_wconf 90' lang='lat' dir='ltr'><strong>probabilitate</strong></span> <span class='ocrx_word' id='word_1_394' title='bbox 3105 4171 3234 4216; x_wconf 89' lang='lat' dir='ltr'><strong>:ne</strong></span> <span class='ocrx_word' id='word_1_395' title='bbox 3291 4152 3372 4212; x_wconf 78' lang='lat' dir='ltr'><strong>de</strong></span> 
     </span>
    </p>
   </div>
   <div class='ocr_carea' id='block_1_38' title="bbox 145 4256 2492 4337">
    <p class='ocr_par' dir='ltr' id='par_1_38' title="bbox 145 4256 2492 4337">
     <span class='ocr_line' id='line_1_38' title="bbox 145 4256 2492 4337; baseline 0.002 -22"><span class='ocrx_word' id='word_1_396' title='bbox 145 4256 450 4324; x_wconf 86' lang='lat' dir='ltr'><strong>moralibus</strong></span> <span class='ocrx_word' id='word_1_397' title='bbox 486 4258 932 4333; x_wconf 89' lang='lat' dir='ltr'><strong>documentis,</strong></span> <span class='ocrx_word' id='word_1_398' title='bbox 973 4275 1117 4337; x_wconf 86' lang='lat' dir='ltr'><strong>quae</strong></span> <span class='ocrx_word' id='word_1_399' title='bbox 1153 4258 1386 4319; x_wconf 84' lang='lat' dir='ltr'><strong>exinde</strong></span> <span class='ocrx_word' id='word_1_400' title='bbox 1421 4257 1746 4336; x_wconf 85' lang='lat' dir='ltr'><strong>sapienter</strong></span> <span class='ocrx_word' id='word_1_401' title='bbox 1779 4257 1978 4332; x_wconf 90' lang='lat' dir='ltr'><strong>elicit,</strong></span> <span class='ocrx_word' id='word_1_402' title='bbox 2015 4257 2205 4322; x_wconf 90' lang='lat' dir='ltr'><strong>verba</strong></span> <span class='ocrx_word' id='word_1_403' title='bbox 2241 4256 2492 4321; x_wconf 82' lang='lat' dir='ltr'><strong>faciam.</strong></span> 
     </span>
    </p>
   </div>
   <div class='ocr_carea' id='block_1_39' title="bbox 1520 4425 1958 4490">
    <p class='ocr_par' dir='ltr' id='par_1_39' title="bbox 1520 4425 1958 4490">
     <span class='ocr_line' id='line_1_39' title="bbox 1520 4425 1958 4490; baseline 0.002 -1"><span class='ocrx_word' id='word_1_404' title='bbox 1520 4425 1806 4490; x_wconf 85' lang='lat' dir='ltr'><strong>SECTIO</strong></span> <span class='ocrx_word' id='word_1_405' title='bbox 1849 4428 1958 4490; x_wconf 87' lang='lat' dir='ltr'><strong>Vl.</strong></span> 
     </span>
    </p>
   </div>
   <div class='ocr_carea' id='block_1_40' title="bbox 379 4574 3090 4665">
    <p class='ocr_par' dir='ltr' id='par_1_40' title="bbox 379 4574 3090 4665">
     <span class='ocr_line' id='line_1_40' title="bbox 379 4574 3090 4665; baseline -0.003 -20"><span class='ocrx_word' id='word_1_406' title='bbox 379 4583 466 4645; x_wconf 83' lang='lat' dir='ltr'><strong>De</strong></span> <span class='ocrx_word' id='word_1_407' title='bbox 515 4589 828 4664; x_wconf 72' lang='lat' dir='ltr'><strong>martyrio</strong></span> <span class='ocrx_word' id='word_1_408' title='bbox 860 4581 1216 4665; x_wconf 83' lang='lat' dir='ltr'><strong>quindecim</strong></span> <span class='ocrx_word' id='word_1_409' title='bbox 1245 4589 1597 4660; x_wconf 80' lang='lat' dir='ltr'><strong>martyrum</strong></span> <span class='ocrx_word' id='word_1_410' title='bbox 1631 4576 2046 4660; x_wconf 82' lang='lat' dir='ltr'><strong>Tiberiopoli,</strong></span> <span class='ocrx_word' id='word_1_411' title='bbox 2081 4577 2430 4658; x_wconf 71' lang='lat' dir='ltr'><strong>imperante</strong></span> <span class='ocrx_word' id='word_1_412' title='bbox 2460 4575 2720 4638; x_wconf 77' lang='lat' dir='ltr'><strong>Iuliano</strong></span> <span class='ocrx_word' id='word_1_413' title='bbox 2758 4574 3090 4654; x_wconf 82' lang='lat' dir='ltr'><strong>Apostata.</strong></span> 
     </span>
    </p>
   </div>
   <div class='ocr_carea' id='block_1_41' title="bbox 204 4721 3370 4808">
    <p class='ocr_par' dir='ltr' id='par_1_41' title="bbox 204 4721 3370 4808">
     <span class='ocr_line' id='line_1_41' title="bbox 204 4721 3370 4808; baseline -0 -22"><span class='ocrx_word' id='word_1_414' title='bbox 204 4724 325 4788; x_wconf 75' lang='lat' dir='ltr'><strong>XV.</strong></span> <span class='ocrx_word' id='word_1_415' title='bbox 356 4729 500 4793; x_wconf 74' lang='lat' dir='ltr'><strong>Haec</strong></span> <span class='ocrx_word' id='word_1_416' title='bbox 541 4727 1006 4808; x_wconf 83' lang='lat' dir='ltr'><strong>TheOphylacti</strong></span> <span class='ocrx_word' id='word_1_417' title='bbox 1043 4727 1266 4791; x_wconf 87' lang='lat' dir='ltr'><strong>Oratio</strong></span> <span class='ocrx_word' id='word_1_418' title='bbox 1309 4726 1428 4808; x_wconf 93' lang='lat' dir='ltr'><strong>(sic</strong></span> <span class='ocrx_word' id='word_1_419' title='bbox 1457 4727 1632 4790; x_wconf 88' lang='lat' dir='ltr'><strong>enim</strong></span> <span class='ocrx_word' id='word_1_420' title='bbox 1688 4725 1828 4807; x_wconf 88' lang='lat' dir='ltr'><strong>ipse</strong></span> <span class='ocrx_word' id='word_1_421' title='bbox 1861 4723 2373 4789; x_wconf 89' lang='lat' dir='ltr'><strong>lucubrationem</strong></span> <span class='ocrx_word' id='word_1_422' title='bbox 2411 4721 2592 4784; x_wconf 86' lang='lat' dir='ltr'><strong>istam</strong></span> <span class='ocrx_word' id='word_1_423' title='bbox 2639 4721 2942 4802; x_wconf 89' lang='lat' dir='ltr'><strong>appellat)</strong></span> <span class='ocrx_word' id='word_1_424' title='bbox 2991 4736 3121 4784; x_wconf 91' lang='lat' dir='ltr'><strong>non</strong></span> <span class='ocrx_word' id='word_1_425' title='bbox 3179 4721 3370 4786; x_wconf 87' lang='lat' dir='ltr'><strong>modo</strong></span> 
     </span>
    </p>
   </div>
   <div class='ocr_carea' id='block_1_42' title="bbox 147 4820 3372 4909">
    <p class='ocr_par' dir='ltr' id='par_1_42' title="bbox 147 4820 3372 4909">
     <span class='ocr_line' id='line_1_42' title="bbox 147 4820 3372 4909; baseline -0.001 -22"><span class='ocrx_word' id='word_1_426' title='bbox 147 4827 286 4904; x_wconf 74' lang='lat' dir='ltr'><strong>typis</strong></span> <span class='ocrx_word' id='word_1_427' title='bbox 311 4845 544 4894; x_wconf 80' lang='lat' dir='ltr'><strong>excusa</strong></span> <span class='ocrx_word' id='word_1_428' title='bbox 581 4829 922 4909; x_wconf 84' lang='lat' dir='ltr'><strong>hucusque</strong></span> <span class='ocrx_word' id='word_1_429' title='bbox 975 4845 1309 4908; x_wconf 90' lang='lat' dir='ltr'><strong>nunquam</strong></span> <span class='ocrx_word' id='word_1_430' title='bbox 1355 4827 1502 4902; x_wconf 90' lang='lat' dir='ltr'><strong>fuit,</strong></span> <span class='ocrx_word' id='word_1_431' title='bbox 1562 4827 1812 4890; x_wconf 87' lang='lat' dir='ltr'><strong>sed-ita</strong></span> <span class='ocrx_word' id='word_1_432' title='bbox 1870 4826 2061 4891; x_wconf 90' lang='lat' dir='ltr'><strong>etiam</strong></span> <span class='ocrx_word' id='word_1_433' title='bbox 2107 4823 2272 4903; x_wconf 83' lang='lat' dir='ltr'><strong>fugit</strong></span> <span class='ocrx_word' id='word_1_434' title='bbox 2327 4820 2728 4884; x_wconf 88' lang='lat' dir='ltr'><strong>eruditorum</strong></span> <span class='ocrx_word' id='word_1_435' title='bbox 2791 4820 3109 4896; x_wconf 90' lang='lat' dir='ltr'><strong>notitiam,</strong></span> <span class='ocrx_word' id='word_1_436' title='bbox 3175 4827 3245 4884; x_wconf 90' lang='lat' dir='ltr'><strong>ut</strong></span> <span class='ocrx_word' id='word_1_437' title='bbox 3290 4838 3372 4885; x_wconf 90' lang='lat' dir='ltr'><strong>ex</strong></span> 
     </span>
    </p>
   </div>
   <div class='ocr_carea' id='block_1_43' title="bbox 147 4923 3371 5016">
    <p class='ocr_par' dir='ltr' id='par_1_43' title="bbox 147 4923 3371 5016">
     <span class='ocr_line' id='line_1_43' title="bbox 147 4923 3371 5016; baseline -0.001 -26"><span class='ocrx_word' id='word_1_438' title='bbox 147 4933 411 4998; x_wconf 89' lang='lat' dir='ltr'><strong>omnibus</strong></span> <span class='ocrx_word' id='word_1_439' title='bbox 439 4937 528 4999; x_wconf 91' lang='lat' dir='ltr'><strong>iis</strong></span> <span class='ocrx_word' id='word_1_440' title='bbox 557 4934 670 5016; x_wconf 89' lang='lat' dir='ltr'><strong>qui</strong></span> <span class='ocrx_word' id='word_1_441' title='bbox 707 4935 802 4998; x_wconf 90' lang='lat' dir='ltr'><strong>vel</strong></span> <span class='ocrx_word' id='word_1_442' title='bbox 847 4935 988 4998; x_wconf 88' lang='lat' dir='ltr'><strong>data</strong></span> <span class='ocrx_word' id='word_1_443' title='bbox 1026 4949 1220 5012; x_wconf 91' lang='lat' dir='ltr'><strong>opera</strong></span> <span class='ocrx_word' id='word_1_444' title='bbox 1258 4934 1337 4995; x_wconf 92' lang='lat' dir='ltr'><strong>de</strong></span> <span class='ocrx_word' id='word_1_445' title='bbox 1373 4929 1854 5011; x_wconf 82' lang='lat' dir='ltr'><strong>TheOphylacto</strong></span> <span class='ocrx_word' id='word_1_446' title='bbox 1891 4930 2162 5010; x_wconf 87' lang='lat' dir='ltr'><strong>ejusque</strong></span> <span class='ocrx_word' id='word_1_447' title='bbox 2195 4924 2502 5006; x_wconf 84' lang='lat' dir='ltr'><strong>Operibus</strong></span> <span class='ocrx_word' id='word_1_448' title='bbox 2549 4923 2888 5003; x_wconf 89' lang='lat' dir='ltr'><strong>scripsere,</strong></span> <span class='ocrx_word' id='word_1_449' title='bbox 2938 4924 3132 5005; x_wconf 82' lang='lat' dir='ltr'><strong>hujus</strong></span> <span class='ocrx_word' id='word_1_450' title='bbox 3187 4941 3371 4987; x_wconf 80' lang='lat' dir='ltr'><strong>men-</strong></span> 
     </span>
    </p>
   </div>
   <div class='ocr_carea' id='block_1_44' title="bbox 146 5025 3367 5104">
    <p class='ocr_par' dir='ltr' id='par_1_44' title="bbox 146 5025 3367 5104">
     <span class='ocr_line' id='line_1_44' title="bbox 146 5025 3367 5104; baseline -0 -13"><span class='ocrx_word' id='word_1_451' title='bbox 146 5033 352 5100; x_wconf 86' lang='lat' dir='ltr'><strong>tionem</strong></span> <span class='ocrx_word' id='word_1_452' title='bbox 377 5037 604 5102; x_wconf 83' lang='lat' dir='ltr'><strong>fecerit</strong></span> <span class='ocrx_word' id='word_1_453' title='bbox 636 5037 904 5104; x_wconf 89' lang='lat' dir='ltr'><strong>omnino</strong></span> <span class='ocrx_word' id='word_1_454' title='bbox 937 5036 1180 5098; x_wconf 88' lang='lat' dir='ltr'><strong>nullus.</strong></span> <span class='ocrx_word' id='word_1_455' title='bbox 1222 5037 1304 5096; x_wconf 85' lang='lat' dir='ltr'><strong>Ea</strong></span> <span class='ocrx_word' id='word_1_456' title='bbox 1351 5033 1589 5097; x_wconf 83' lang='lat' dir='ltr'><strong>Oxonii</strong></span> <span class='ocrx_word' id='word_1_457' title='bbox 1627 5033 1691 5096; x_wconf 90' lang='lat' dir='ltr'><strong>in</strong></span> <span class='ocrx_word' id='word_1_458' title='bbox 1727 5029 2144 5095; x_wconf 86' lang='lat' dir='ltr'><strong>celeberrima</strong></span> <span class='ocrx_word' id='word_1_459' title='bbox 2181 5026 2568 5090; x_wconf 88' lang='lat' dir='ltr'><strong>bibliotheca</strong></span> <span class='ocrx_word' id='word_1_460' title='bbox 2608 5025 2952 5088; x_wconf 88' lang='lat' dir='ltr'><strong>Bodleiana</strong></span> <span class='ocrx_word' id='word_1_461' title='bbox 3005 5026 3172 5089; x_wconf 90' lang='lat' dir='ltr'><strong>inter</strong></span> <span class='ocrx_word' id='word_1_462' title='bbox 3212 5043 3367 5091; x_wconf 91' lang='lat' dir='ltr'><strong>mss.</strong></span> 
     </span>
    </p>
   </div>
   <div class='ocr_carea' id='block_1_45' title="bbox 147 5128 3371 5219">
    <p class='ocr_par' dir='ltr' id='par_1_45' title="bbox 147 5128 3371 5219">
     <span class='ocr_line' id='line_1_45' title="bbox 147 5128 3371 5219; baseline -0.005 -20"><span class='ocrx_word' id='word_1_463' title='bbox 147 5138 522 5206; x_wconf 88' lang='lat' dir='ltr'><strong>Baroccianos</strong></span> <span class='ocrx_word' id='word_1_464' title='bbox 559 5143 791 5205; x_wconf 89' lang='lat' dir='ltr'><strong>latebat</strong></span> <span class='ocrx_word' id='word_1_465' title='bbox 820 5140 888 5202; x_wconf 92' lang='lat' dir='ltr'><strong>in</strong></span> <span class='ocrx_word' id='word_1_466' title='bbox 921 5140 1143 5206; x_wconf 87' lang='lat' dir='ltr'><strong>codice</strong></span> <span class='ocrx_word' id='word_1_467' title='bbox 1175 5138 1290 5219; x_wconf 90' lang='lat' dir='ltr'><strong>qui</strong></span> <span class='ocrx_word' id='word_1_468' title='bbox 1321 5137 1491 5201; x_wconf 87' lang='lat' dir='ltr'><strong>varia</strong></span> <span class='ocrx_word' id='word_1_469' title='bbox 1525 5137 1651 5200; x_wconf 84' lang='lat' dir='ltr'><strong>alia</strong></span> <span class='ocrx_word' id='word_1_470' title='bbox 1691 5141 2024 5198; x_wconf 88' lang='lat' dir='ltr'><strong>auctorum</strong></span> <span class='ocrx_word' id='word_1_471' title='bbox 2067 5131 2380 5209; x_wconf 88' lang='lat' dir='ltr'><strong>opuscula</strong></span> <span class='ocrx_word' id='word_1_472' title='bbox 2419 5129 2890 5210; x_wconf 87' lang='lat' dir='ltr'><strong>complectitur.</strong></span> <span class='ocrx_word' id='word_1_473' title='bbox 2939 5128 3164 5208; x_wconf 90' lang='lat' dir='ltr'><strong>Neque</strong></span> <span class='ocrx_word' id='word_1_474' title='bbox 3219 5145 3371 5187; x_wconf 76' lang='lat' dir='ltr'><strong>vero</strong></span> 
     </span>
    </p>
   </div>
   <div class='ocr_carea' id='block_1_46' title="bbox 145 5227 3370 5319">
    <p class='ocr_par' dir='ltr' id='par_1_46' title="bbox 145 5227 3370 5319">
     <span class='ocr_line' id='line_1_46' title="bbox 145 5227 3370 5319; baseline -0.003 -23"><span class='ocrx_word' id='word_1_475' title='bbox 145 5236 298 5302; x_wconf 89' lang='lat' dir='ltr'><strong>illius</strong></span> <span class='ocrx_word' id='word_1_476' title='bbox 324 5240 481 5306; x_wconf 87' lang='lat' dir='ltr'><strong>forte</strong></span> <span class='ocrx_word' id='word_1_477' title='bbox 514 5240 740 5305; x_wconf 87' lang='lat' dir='ltr'><strong>notitia</strong></span> <span class='ocrx_word' id='word_1_478' title='bbox 767 5240 846 5302; x_wconf 87' lang='lat' dir='ltr'><strong>ad</strong></span> <span class='ocrx_word' id='word_1_479' title='bbox 879 5254 997 5302; x_wconf 87' lang='lat' dir='ltr'><strong>nos</strong></span> <span class='ocrx_word' id='word_1_480' title='bbox 1037 5238 1441 5319; x_wconf 80' lang='lat' dir='ltr'><strong>pervenisset</strong></span> <span class='ocrx_word' id='word_1_481' title='bbox 1476 5246 1785 5316; x_wconf 86' lang='lat' dir='ltr'><strong>unquam,</strong></span> <span class='ocrx_word' id='word_1_482' title='bbox 1817 5234 1948 5296; x_wconf 89' lang='lat' dir='ltr'><strong>nisi</strong></span> <span class='ocrx_word' id='word_1_483' title='bbox 1985 5233 2334 5296; x_wconf 89' lang='lat' dir='ltr'><strong>vehemens</strong></span> <span class='ocrx_word' id='word_1_484' title='bbox 2380 5231 2778 5293; x_wconf 86' lang='lat' dir='ltr'><strong>desiderium</strong></span> <span class='ocrx_word' id='word_1_485' title='bbox 2824 5229 3018 5309; x_wconf 88' lang='lat' dir='ltr'><strong>hujus</strong></span> <span class='ocrx_word' id='word_1_486' title='bbox 3061 5227 3370 5292; x_wconf 89' lang='lat' dir='ltr'><strong>editionis</strong></span> 
     </span>
    </p>
   </div>
   <div class='ocr_carea' id='block_1_47' title="bbox 146 5330 3371 5418">
    <p class='ocr_par' dir='ltr' id='par_1_47' title="bbox 146 5330 3371 5418">
     <span class='ocr_line' id='line_1_47' title="bbox 146 5330 3371 5418; baseline -0.001 -20"><span class='ocrx_word' id='word_1_487' title='bbox 146 5345 476 5404; x_wconf 86' lang='lat' dir='ltr'><strong>curatorum</strong></span> <span class='ocrx_word' id='word_1_488' title='bbox 514 5339 678 5405; x_wconf 90' lang='lat' dir='ltr'><strong>nihil</strong></span> <span class='ocrx_word' id='word_1_489' title='bbox 706 5343 971 5402; x_wconf 88' lang='lat' dir='ltr'><strong>omnino</strong></span> <span class='ocrx_word' id='word_1_490' title='bbox 997 5337 1521 5418; x_wconf 74' lang='lat' dir='ltr'><strong>prmtermittendi</strong></span> <span class='ocrx_word' id='word_1_491' title='bbox 1571 5337 1745 5416; x_wconf 85' lang='lat' dir='ltr'><strong>quod</strong></span> <span class='ocrx_word' id='word_1_492' title='bbox 1775 5334 2324 5416; x_wconf 85' lang='lat' dir='ltr'><strong>TheOphylactum</strong></span> <span class='ocrx_word' id='word_1_493' title='bbox 2351 5333 2615 5396; x_wconf 91' lang='lat' dir='ltr'><strong>haberet</strong></span> <span class='ocrx_word' id='word_1_494' title='bbox 2645 5339 2993 5403; x_wconf 89' lang='lat' dir='ltr'><strong>auctorem,</strong></span> <span class='ocrx_word' id='word_1_495' title='bbox 3027 5330 3214 5394; x_wconf 89' lang='lat' dir='ltr'><strong>nobis</strong></span> <span class='ocrx_word' id='word_1_496' title='bbox 3248 5331 3371 5394; x_wconf 89' lang='lat' dir='ltr'><strong>sti-</strong></span> 
     </span>
    </p>
   </div>
   <div class='ocr_carea' id='block_1_48' title="bbox 149 5433 3389 5521">
    <p class='ocr_par' dir='ltr' id='par_1_48' title="bbox 149 5433 3389 5521">
     <span class='ocr_line' id='line_1_48' title="bbox 149 5433 3389 5521; baseline -0.001 -20"><span class='ocrx_word' id='word_1_497' title='bbox 149 5440 332 5514; x_wconf 81' lang='lat' dir='ltr'><strong>mulos</strong></span> <span class='ocrx_word' id='word_1_498' title='bbox 364 5444 741 5521; x_wconf 90' lang='lat' dir='ltr'><strong>addidisset,</strong></span> <span class='ocrx_word' id='word_1_499' title='bbox 774 5451 843 5508; x_wconf 88' lang='lat' dir='ltr'><strong>ut</strong></span> <span class='ocrx_word' id='word_1_500' title='bbox 875 5443 1048 5507; x_wconf 89' lang='lat' dir='ltr'><strong>inter</strong></span> <span class='ocrx_word' id='word_1_501' title='bbox 1076 5442 1236 5506; x_wconf 91' lang='lat' dir='ltr'><strong>alios</strong></span> <span class='ocrx_word' id='word_1_502' title='bbox 1259 5441 1450 5505; x_wconf 90' lang='lat' dir='ltr'><strong>etiam</strong></span> <span class='ocrx_word' id='word_1_503' title='bbox 1483 5441 1857 5520; x_wconf 82' lang='lat' dir='ltr'><strong>Catalogum</strong></span> <span class='ocrx_word' id='word_1_504' title='bbox 1879 5437 2190 5500; x_wconf 86' lang='lat' dir='ltr'><strong>librorum</strong></span> <span class='ocrx_word' id='word_1_505' title='bbox 2215 5455 2360 5501; x_wconf 74' lang='lat' dir='ltr'><strong>mss.</strong></span> <span class='ocrx_word' id='word_1_506' title='bbox 2394 5435 2636 5516; x_wconf 70' lang='lat' dir='ltr'><strong>Angliae</strong></span> <span class='ocrx_word' id='word_1_507' title='bbox 2668 5443 2724 5496; x_wconf 83' lang='lat' dir='ltr'><strong>et</strong></span> <span class='ocrx_word' id='word_1_508' title='bbox 2754 5433 3097 5511; x_wconf 69' lang='lat' dir='ltr'><strong>Hiberniae,</strong></span> <span class='ocrx_word' id='word_1_509' title='bbox 3131 5435 3389 5504; x_wconf 80' lang='lat' dir='ltr'><strong>Oxonii,</strong></span> 
     </span>
    </p>
   </div>
   <div class='ocr_carea' id='block_1_49' title="bbox 145 5535 3366 5620">
    <p class='ocr_par' dir='ltr' id='par_1_49' title="bbox 145 5535 3366 5620">
     <span class='ocr_line' id='line_1_49' title="bbox 145 5535 3366 5620; baseline -0.001 -16"><span class='ocrx_word' id='word_1_510' title='bbox 145 5543 362 5610; x_wconf 85' lang='lat' dir='ltr'><strong>editum</strong></span> <span class='ocrx_word' id='word_1_511' title='bbox 396 5563 500 5609; x_wconf 89' lang='lat' dir='ltr'><strong>an.</strong></span> <span class='ocrx_word' id='word_1_512' title='bbox 534 5546 688 5610; x_wconf 82' lang='lat'><strong>1697</strong></span> <span class='ocrx_word' id='word_1_513' title='bbox 725 5547 793 5610; x_wconf 92' lang='lat' dir='ltr'><strong>in</strong></span> <span class='ocrx_word' id='word_1_514' title='bbox 820 5546 995 5609; x_wconf 86' lang='lat' dir='ltr'><strong>hunc</strong></span> <span class='ocrx_word' id='word_1_515' title='bbox 1024 5545 1216 5610; x_wconf 83' lang='lat' dir='ltr'><strong>ﬁnem</strong></span> <span class='ocrx_word' id='word_1_516' title='bbox 1261 5543 1738 5608; x_wconf 91' lang='lat' dir='ltr'><strong>evolveremus.</strong></span> <span class='ocrx_word' id='word_1_517' title='bbox 1773 5542 1843 5604; x_wconf 87' lang='lat' dir='ltr'><strong>In</strong></span> <span class='ocrx_word' id='word_1_518' title='bbox 1877 5541 1998 5604; x_wconf 89' lang='lat' dir='ltr'><strong>hoc</strong></span> <span class='ocrx_word' id='word_1_519' title='bbox 2031 5541 2249 5620; x_wconf 89' lang='lat' dir='ltr'><strong>itaque</strong></span> <span class='ocrx_word' id='word_1_520' title='bbox 2304 5540 2750 5601; x_wconf 84' lang='lat' dir='ltr'><strong>incumbentes</strong></span> <span class='ocrx_word' id='word_1_521' title='bbox 2808 5535 3162 5598; x_wconf 87' lang='lat' dir='ltr'><strong>incidimus</strong></span> <span class='ocrx_word' id='word_1_522' title='bbox 3223 5554 3366 5618; x_wconf 79' lang='lat' dir='ltr'><strong>pag.</strong></span> 
     </span>
    </p>
   </div>
   <div class='ocr_carea' id='block_1_50' title="bbox 141 5634 3372 5729">
    <p class='ocr_par' dir='ltr' id='par_1_50' title="bbox 141 5634 3372 5729">
     <span class='ocr_line' id='line_1_50' title="bbox 141 5634 3372 5729; baseline -0.003 -20"><span class='ocrx_word' id='word_1_523' title='bbox 141 5643 227 5718; x_wconf 71' lang='lat'><strong>28,</strong></span> <span class='ocrx_word' id='word_1_524' title='bbox 255 5654 397 5712; x_wconf 89' lang='lat' dir='ltr'><strong>tom.</strong></span> <span class='ocrx_word' id='word_1_525' title='bbox 430 5651 478 5724; x_wconf 84' lang='grc' dir='ltr'><strong>Ι,</strong></span> <span class='ocrx_word' id='word_1_526' title='bbox 515 5666 691 5713; x_wconf 90' lang='lat' dir='ltr'><strong>num.</strong></span> <span class='ocrx_word' id='word_1_527' title='bbox 726 5650 864 5722; x_wconf 78' lang='lat'><strong>197,</strong></span> <span class='ocrx_word' id='word_1_528' title='bbox 897 5649 963 5710; x_wconf 90' lang='lat' dir='ltr'><strong>in</strong></span> <span class='ocrx_word' id='word_1_529' title='bbox 1010 5647 1382 5729; x_wconf 89' lang='lat' dir='ltr'><strong>hujusmodi</strong></span> <span class='ocrx_word' id='word_1_530' title='bbox 1421 5645 1716 5708; x_wconf 87' lang='lat' dir='ltr'><strong>titulum:</strong></span> <span class='ocrx_word' id='word_1_531' title='bbox 1760 5643 2148 5723; x_wconf 83' lang='lat' dir='ltr'><strong>Martyrium</strong></span> <span class='ocrx_word' id='word_1_532' title='bbox 2176 5642 2286 5703; x_wconf 77' lang='lat' dir='ltr'><strong>XV</strong></span> <span class='ocrx_word' id='word_1_533' title='bbox 2325 5646 2676 5718; x_wconf 79' lang='lat' dir='ltr'><strong>martyrum</strong></span> <span class='ocrx_word' id='word_1_534' title='bbox 2711 5635 2823 5698; x_wconf 86' lang='lat' dir='ltr'><strong>sub</strong></span> <span class='ocrx_word' id='word_1_535' title='bbox 2855 5634 3116 5698; x_wconf 75' lang='lat' dir='ltr'><strong>Juliano</strong></span> <span class='ocrx_word' id='word_1_536' title='bbox 3170 5639 3372 5718; x_wconf 80' lang='lat' dir='ltr'><strong>impe-</strong></span> 
     </span>
    </p>
   </div>
   <div class='ocr_carea' id='block_1_51' title="bbox 146 5739 3372 5834">
    <p class='ocr_par' dir='ltr' id='par_1_51' title="bbox 146 5739 3372 5834">
     <span class='ocr_line' id='line_1_51' title="bbox 146 5739 3372 5834; baseline -0.002 -24"><span class='ocrx_word' id='word_1_537' title='bbox 146 5759 352 5827; x_wconf 83' lang='lat' dir='ltr'><strong>ratore,</strong></span> <span class='ocrx_word' id='word_1_538' title='bbox 381 5763 633 5817; x_wconf 80' lang='lat' dir='ltr'><strong>auctore</strong></span> <span class='ocrx_word' id='word_1_539' title='bbox 668 5752 1152 5834; x_wconf 81' lang='lat' dir='ltr'><strong>Theophylacto.</strong></span> <span class='ocrx_word' id='word_1_540' title='bbox 1188 5754 1319 5815; x_wconf 80' lang='lat' dir='ltr'><strong>Hac</strong></span> <span class='ocrx_word' id='word_1_541' title='bbox 1355 5751 1434 5816; x_wconf 90' lang='lat' dir='ltr'><strong>de</strong></span> <span class='ocrx_word' id='word_1_542' title='bbox 1468 5769 1534 5814; x_wconf 85' lang='lat' dir='ltr'><strong>re</strong></span> <span class='ocrx_word' id='word_1_543' title='bbox 1566 5751 1799 5815; x_wconf 89' lang='lat' dir='ltr'><strong>certior</strong></span> <span class='ocrx_word' id='word_1_544' title='bbox 1831 5751 2033 5811; x_wconf 84' lang='lat' dir='ltr'><strong>factus</strong></span> <span class='ocrx_word' id='word_1_545' title='bbox 2070 5747 2266 5823; x_wconf 81' lang='lat' dir='ltr'><strong>hujus</strong></span> <span class='ocrx_word' id='word_1_546' title='bbox 2312 5741 2620 5806; x_wconf 90' lang='lat' dir='ltr'><strong>editionis</strong></span> <span class='ocrx_word' id='word_1_547' title='bbox 2663 5739 2876 5822; x_wconf 81' lang='lat' dir='ltr'><strong>fautor</strong></span> <span class='ocrx_word' id='word_1_548' title='bbox 2923 5759 3214 5802; x_wconf 89' lang='lat' dir='ltr'><strong>summus</strong></span> <span class='ocrx_word' id='word_1_549' title='bbox 3270 5739 3372 5820; x_wconf 90' lang='lat' dir='ltr'><strong>(de</strong></span> 
     </span>
    </p>
   </div>
   <div class='ocr_carea' id='block_1_52' title="bbox 149 5845 3370 5933">
    <p class='ocr_par' dir='ltr' id='par_1_52' title="bbox 149 5845 3370 5933">
     <span class='ocr_line' id='line_1_52' title="bbox 149 5845 3370 5933; baseline -0.003 -16"><span class='ocrx_word' id='word_1_550' title='bbox 149 5871 258 5933; x_wconf 89' lang='lat' dir='ltr'><strong>quo</strong></span> <span class='ocrx_word' id='word_1_551' title='bbox 287 5857 590 5922; x_wconf 88' lang='lat' dir='ltr'><strong>nonnulla</strong></span> <span class='ocrx_word' id='word_1_552' title='bbox 645 5859 842 5922; x_wconf 87' lang='lat' dir='ltr'><strong>habes</strong></span> <span class='ocrx_word' id='word_1_553' title='bbox 882 5859 947 5920; x_wconf 92' lang='lat' dir='ltr'><strong>in</strong></span> <span class='ocrx_word' id='word_1_554' title='bbox 997 5857 1235 5921; x_wconf 68' lang='lat' dir='ltr'><strong>Praevia</strong></span> <span class='ocrx_word' id='word_1_555' title='bbox 1278 5857 1634 5931; x_wconf 88' lang='lat' dir='ltr'><strong>Dissertat.,</strong></span> <span class='ocrx_word' id='word_1_556' title='bbox 1688 5873 1867 5918; x_wconf 87' lang='lat' dir='ltr'><strong>num.</strong></span> <span class='ocrx_word' id='word_1_557' title='bbox 1915 5855 2047 5923; x_wconf 61' lang='lat'><strong>104;</strong></span> <span class='ocrx_word' id='word_1_558' title='bbox 2105 5866 2215 5928; x_wconf 85' lang='lat' dir='ltr'><strong>pro</strong></span> <span class='ocrx_word' id='word_1_559' title='bbox 2275 5848 2517 5910; x_wconf 87' lang='lat' dir='ltr'><strong>eximio</strong></span> <span class='ocrx_word' id='word_1_560' title='bbox 2555 5863 2674 5909; x_wconf 93' lang='lat' dir='ltr'><strong>suo</strong></span> <span class='ocrx_word' id='word_1_561' title='bbox 2735 5846 2798 5908; x_wconf 94' lang='lat' dir='ltr'><strong>in</strong></span> <span class='ocrx_word' id='word_1_562' title='bbox 2859 5862 3067 5905; x_wconf 86' lang='lat' dir='ltr'><strong>sacras</strong></span> <span class='ocrx_word' id='word_1_563' title='bbox 3129 5845 3370 5907; x_wconf 85' lang='lat' dir='ltr'><strong>litteras</strong></span> 
     </span>
    </p>
   </div>
   <div class='ocr_carea' id='block_1_53' title="bbox 441 5946 3010 6023">
    <p class='ocr_par' dir='ltr' id='par_1_53' title="bbox 441 5946 3010 6023">
     <span class='ocr_line' id='line_1_53' title="bbox 441 5946 3010 6023; baseline -0.006 -4"><span class='ocrx_word' id='word_1_564' title='bbox 441 5960 710 6023; x_wconf 68' lang='lat' dir='ltr'><strong>Parma.</strong></span> <span class='ocrx_word' id='word_1_565' title='bbox 757 5961 877 6023; x_wconf 77' lang='lat' dir='ltr'><strong>Gn.</strong></span> <span class='ocrx_word' id='word_1_566' title='bbox 921 5959 1156 6021; x_wconf 76' lang='lat' dir='ltr'><strong>CXXV.</strong></span> <span class='ocrx_word' id='word_1_567' title='bbox 2943 5946 3010 6004; x_wconf 69' lang='lat' dir='ltr'><strong>tt</strong></span> 
     </span>
    </p>
   </div>
  </div>
