3860 6566
474 400 578 458 42Ἱ
1539 395 1928 459 BONIFACII
1970 395 2280 456 FINETTI
2319 395 2718 458 PR.EFATIO
3624 402 3707 467 423

477 511 721 588 studio,
758 513 919 576 nihil
954 515 1384 578 cunctandum
1419 522 1513 577 est
1543 521 1743 586 ratus,
1780 512 1944 593 quin
1978 530 2088 592 per
2123 514 2440 575 Venetum
2471 515 2838 593 ablegatum
2878 511 2956 575 ad
3013 529 3232 593 regem
3282 515 3527 595 Anglia:
3575 518 3704 583 illati

477 613 976 678 exscribendum
1009 625 1282 679 curaret.
1321 616 1800 677 Transmissum
1841 613 2099 676 Oxonio
2137 617 2576 694 apographum
2615 614 2778 676 mihi
2831 613 3136 677 traditum
3195 622 3291 677 est
3335 618 3551 680 Latine
3600 639 3710 684 rer-

473 716 980 795 tendum;quod
1016 718 1280 800 quidem
1337 716 1634 796 pluribus
1663 716 1744 780 de
1798 715 2014 778 causis
2078 724 2329 794 gratum
2399 714 2746 796 fuit:quia
2803 716 3055 780 scilicet
3111 725 3172 779 et
3228 720 3709 797 prmstantissinn

465 820 753 883 senatori
787 837 918 884 rem
944 827 1183 902 gratam
1217 837 1320 883 me
1347 837 1492 883 esse
1527 819 1849 882 iacturum
1886 816 2357 897 intelligerem;
2387 825 2445 881 et
2491 817 2912 882 benemeritis
2966 818 3277 882 editionis
3328 819 3518 901 hujus
3563 841 3713 886 cura-

473 921 721 984 toribus
754 919 1037 984 ofﬁcium
1062 921 1182 984 hoc
1205 921 1616 996 exhiberem;
1645 937 1716 982 ac
1745 919 2032 1000 denique
2062 918 2609 1000 qualemcumque
2645 917 2928 982 laborem
2947 935 3342 1000 operamque
3375 937 3569 984 meam
3597 931 3711 986 stu-

471 1023 674 1086 diosis
703 1039 1024 1085 sacrarum
1059 1022 1416 1086 litterarum
1443 1021 2017 1085 accommodarem.
2043 1021 2118 1082 Ut
2141 1035 2294 1083 vero
2326 1019 2612 1100 primum
2643 1019 2868 1083 oculos
2892 1022 2962 1084 in
2993 1021 3435 1101 apographum
3468 1027 3710 1105 conjeci,

455 1128 590 1190 ,fuit
621 1127 929 1207 equidem
964 1127 1139 1208 quod
1176 1127 1405 1207 majori
1443 1143 1547 1189 me
1585 1123 1862 1188 aﬂiceret
1900 1122 2254 1204 voluptate,
2301 1123 2612 1186 nimirum
2658 1122 2854 1204 hujus
2904 1123 3206 1203 opusculi
3272 1125 3514 1187 utilitas
3554 1134 3712 1208 atque

468 1236 864 1314 praestantia;
900 1238 1011 1298 sed
1047 1235 1175 1300 fuit
1215 1235 1432 1311 etiam,
1465 1235 1640 1316 quod
1672 1234 1834 1297 mihi
1868 1234 2226 1313 plurimum
2259 1235 2656 1316 displiceret,
2697 1253 2931 1318 nempe
2976 1254 3229 1302 summa
3276 1233 3611 1318 apographi
3659 1246 3714 1298 ac

467 1353 632 1414 pene
660 1336 1065 1400 incredibilis
1093 1337 1428 1400 vitiositas.
1463 1337 1587 1401 Sed
1619 1337 1698 1401 de
1744 1337 1860 1400 hac
1891 1338 2250 1416 posteriore
2289 1338 2484 1412 alias;
2520 1355 2693 1401 nunc
2727 1340 2828 1417 [de
2879 1339 3114 1418 priore.
3167 1340 3492 1403 Orationis
3550 1337 3713 1420 hujus

451 1443 898 1519 praestantiam
933 1442 1405 1522 utilitatemque
1440 1457 1654 1518 nemo,
1693 1449 1764 1506 ut
1807 1441 2107 1518 arbitror,
2145 1442 2564 1518 inﬁciabitur,
2617 1445 2729 1524 qui
2767 1454 3182 1525 perspectum
3214 1445 3712 1526 exploratumque

456 1545 696 1608 habeat
725 1543 908 1607 illius
945 1554 1399 1624 argumentum
1425 1555 1493 1606 et
1529 1560 1660 1606 rem
1701 1543 1766 1604 in
1800 1545 1943 1621 ipso
1981 1551 2369 1614 contentam.
2404 1547 2646 1624 Nempe
2679 1545 2967 1607 continet
2994 1545 3331 1608 historiam
3364 1543 3519 1606 satis
3558 1542 3712 1621 igrio-

455 1659 593 1712 4am
629 1649 915 1730 martyrii
949 1649 1322 1730 quindecim
1359 1656 1733 1729 martyrum,
1767 1650 1879 1728 qui
1919 1649 2039 1710 sub
2077 1649 2337 1712 Juliano
2376 1649 2770 1729 imperatore
2807 1658 3093 1730 apostata
3143 1649 3542 1728 TiberiOpoli
3588 1668 3710 1713 san-

469 1752 734 1832 guinem
764 1751 1070 1815 fuderunt
1111 1768 1224 1831 pro
1257 1751 1542 1812 Christo:
1578 1757 1714 1810 tum
1747 1749 2011 1813 illorum
2051 1766 2399 1830 corporum
2437 1751 2923 1816 translationem
2946 1754 3140 1834 jussu
3174 1753 3532 1824 Michaelis,
3557 1751 3713 1832 priui

459 1852 890 1933 .Bulgarorum
927 1852 1097 1932 regis
1132 1850 1508 1926 Christiani,
1545 1858 1894 1930 peractam;
1929 1850 2169 1914 deinde
2207 1852 2382 1915 varia
2414 1869 2486 1915 ac
2521 1871 2784 1934 prorsus
2836 1855 3116 1936 insignia
3171 1873 3316 1918 cum
3370 1867 3540 1931 ante,
3603 1867 3713 1919 tum

467 1966 610 2035 post
641 1954 1126 2018 translationem
1157 1954 1332 2017 illam
1363 1971 1400 2017 a
1431 1957 1565 2018 Deo
1600 1962 1838 2034 patrata
1869 1957 2249 2020 eorumdem
2281 1966 2637 2038 martyrum
2673 1959 3171 2035 intercessione,
3213 1962 3546 2025 miracula.
3577 1963 3712 2024 Buic

466 2078 620 2125 vero
648 2061 1000 2124 narrationi
1037 2061 1520 2141 prmmittuntur
1548 2061 1766 2141 aliqua
1801 2062 1881 2124 de
1916 2061 2298 2126 Christianae
2328 2063 2476 2125 ﬁdei
2521 2063 2851 2144 triumpho
2899 2064 3023 2126 sub
3060 2065 3487 2128 Constantino
3538 2067 3614 2128 Μ.
3665 2074 3713 2128 et

465 2164 614 2229 ﬁliis
651 2165 833 2228 illius
867 2163 1108 2227 tribus:
1144 2165 1258 2226 sed
1287 2161 1489 2226 multo
1515 2163 1698 2242 plura
1735 2174 2073 2228 narrantur
2108 2165 2187 2227 de
2224 2164 2307 2226 iis
2357 2183 2502 2246 quas
2533 2165 2796 2229 Juliano
2839 2169 3144 2244 Apostata
3191 2169 3546 2246 imperante
3600 2188 3713 2249 per-

467 2257 641 2346 pes'si
671 2275 822 2330 sunt
854 2267 1092 2331 Christi
1123 2265 1368 2330 ﬁdeles.
1406 2267 1564 2341 Qum
1595 2266 1861 2346 quidem
1893 2267 2110 2330 omnia
2169 2284 2247 2330 ex
2299 2267 2585 2332 historiae
2639 2269 3094 2333 ecclesiastica;
3149 2289 3321 2351 penu
3375 2272 3711 2352 deprompta

467 2371 640 2435 haud
666 2373 1078 2449 inconcinne,
1112 2374 1447 2455 cujusdam
1483 2374 1774 2454 prommii
1814 2374 1979 2448 loco,
2019 2372 2126 2436 hic
2154 2374 2570 2450 exhibentur,
2606 2382 2668 2437 et
2699 2375 3244 2455 quemadmodum
3285 2377 3431 2454 ipse
3465 2375 3712 2457 loquitur

467 2473 1015 2553 TheOphylactus,
1049 2481 1120 2536 ut
1156 2473 1291 2536 haec
1323 2471 1548 2534 Oratio
1588 2481 1779 2554 caput
1807 2471 2086 2547 haberet,
2127 2481 2371 2534 etesset
2402 2472 2691 2536 membris
2741 2475 3026 2536 omnibus
3077 2478 3388 2554 per/ecta.
3445 2478 3710 2539 Praeterea

467 2578 711 2639 texitur
742 2578 928 2657 longa
964 2576 1238 2639 narratio
1266 2574 1346 2638 de
1375 2575 1750 2638 Cinamonis
1797 2573 2137 2654 cujusdam
2184 2572 2741 2653 AdrianOpolitani
2781 2591 2816 2636 a
2847 2574 3142 2654 Bulgaris
3194 2576 3262 2638 in
3315 2578 3710 2657 captivitatem

463 2679 724 2743 abducti
755 2679 992 2742 invicta
1023 2679 1092 2742 in
1129 2677 1250 2740 ﬁde
1283 2675 1680 2750 constantia;
1713 2675 1926 2754 deque
1969 2675 2312 2750 Enrabota,
2347 2674 2667 2754 Bulgarici
2724 2673 2895 2754 regis
2951 2672 3171 2750 fratre,
3220 2693 3418 2754 Opera
3459 2676 3710 2757 ejusdem

464 2783 834 2846 Cinamonis
866 2781 941 2845 ad
985 2781 1176 2845 ﬁdem
1211 2795 1550 2854 converso,
1585 2778 1896 2858 obitoque
1932 2795 2048 2856 pro
2082 2779 2305 2842 eadem
2340 2779 2462 2841 ﬁde
2517 2777 2850 2858 martyrio.
2907 2781 2974 2841 In
3031 2779 3147 2843 hac
3202 2782 3407 2861 igitur
3462 2785 3710 2845 oratione

461 2889 879 2952 continentur
913 2903 1112 2966 pauca
1143 2883 1435 2966 quidem,
1477 2882 1592 2945 sed
1637 2881 1903 2961 plurimi
1960 2881 2253 2946 facienda
2307 2883 2756 2946 ecclesiasticae
2809 2881 3099 2947 historim
3165 2896 3601 2963 monumenta,
3650 2886 3709 2949 ad

463 3008 654 3072 quam
691 2989 960 3052 maxime
997 2989 1295 3067 pertinet,
1329 2998 1460 3052 acta
1485 2993 1591 3053 SS.
1627 2999 2000 3070 martyrum,
2035 2987 2291 3069 aliaque
2323 3007 2469 3053 cum
2503 2987 2588 3050 iis
2621 3007 2938 3066 connexa,
2974 2995 3384 3069 posterorum
3423 2991 3712 3054 memoria:

348 3107 359 3120 ‘
462 3095 936 3158 commendare.
983 3095 1154 3170 Quid
1191 3111 1369 3169 vero,
1404 3095 1458 3156 si
1514 3095 1797 3175 profana)
1845 3095 2036 3157 etiam
2095 3094 2388 3158 historiae
2439 3096 2774 3176 quidpiam
2833 3095 2944 3159 illa
3002 3095 3223 3157 afferat
3280 3094 3712 3158 emolumenti?

463 3203 656 3281 Atqui
694 3199 1006 3262 nonnulla
1049 3199 1338 3278 reperies
1371 3198 1437 3260 in
1469 3214 1542 3260 ea
1573 3197 1651 3260 de
1681 3197 2000 3277 Bulgarim
2029 3196 2320 3279 regibus,
2356 3215 2501 3278 qum
2534 3198 2688 3260 alibi
2720 3198 2958 3261 frustra
2989 3198 3354 3278 perquiras.
3396 3198 3532 3262 Alia
3564 3214 3710 3264 vero.

461 3305 651 3384 queis
683 3301 1042 3365 conﬁrmari
1074 3300 1485 3364 emendarive
1520 3307 1795 3379 possunt
1827 3300 1920 3382 (ut
1952 3317 2030 3362 ex
2074 3298 2386 3378 subjectis
2420 3301 2592 3362 notis
2645 3300 2988 3381 constabit)
3049 3318 3194 3380 quae
3247 3299 3326 3362 ab
3378 3301 3524 3363 aliis
3575 3300 3708 3362 dicta

458 3413 678 3474 fuere:
715 3408 1151 3488 proindejure
1179 3424 1250 3470 ac
1283 3405 1513 3470 merito
1546 3405 1788 3469 dictum
1820 3422 1854 3468 a
1892 3404 2215 3486 principio
2246 3405 2354 3478 sit,
2390 3404 2765 3485 hujusmodi
2806 3404 3200 3485 opusculum
3245 3405 3410 3467 satis
3465 3405 3610 3467 utile
3654 3418 3710 3465 ac

461 3520 766 3590 praestans
796 3527 967 3582 esse,
999 3509 1406 3589 dignumque
1441 3515 1512 3571 ut
1544 3507 1801 3571 tandem
1846 3507 2201 3586 aliquando
2232 3505 2566 3569 emittatur
2606 3505 2677 3567 in
2712 3507 2946 3568 lucem.

541 3618 713 3678 XVI.
748 3613 1331 3678 Verumenimvero
1377 3612 1547 3675 haud
1599 3611 2016 3675 mediocriter
2057 3609 2242 3673 illius
2303 3609 2713 3672 decresceret
2757 3607 3060 3687 pretium,
3095 3610 3148 3670 si
3183 3608 3280 3671 vel
3316 3609 3400 3672 de
3455 3611 3708 3689 genuino

458 3698 752 3800 ejusdem
785 3726 1068 3790 auctore,
1102 3716 1198 3778 vel
1233 3717 1312 3778 de
1360 3715 1648 3779 historiae
1679 3732 1872 3796 quam
1904 3715 2194 3779 continet
2249 3715 2514 3778 veritate
2537 3714 2686 3794 jure
2712 3711 2946 3790 ambigi
2984 3721 3224 3791 posset.
3261 3715 3340 3774 At
3412 3724 3706 3786 neutrum,

461 3827 530 3881 ut
570 3820 726 3881 mihi
757 3819 1020 3899 quidem
1082 3816 1365 3892 videtur,
1430 3817 1496 3878 in
1545 3815 1820 3878 dubium
1877 3816 2026 3896 quis
2060 3815 2481 3879 revocaverit.
2519 3816 2658 3876 Non
2712 3814 3033 3894 primum;
3073 3813 3224 3894 quia
3261 3814 3495 3888 codex,
3549 3831 3708 3896 quem

459 3939 650 4001 supra
679 3920 1110 3991 laudavimus,
1134 3917 1638 3998 'l‘heOphylaeto,
1673 3918 1988 3999 Bulgariaa
2019 3917 2531 3999 archiepiscOpo,
2560 3918 2803 3978 diserte
2827 3915 2986 3978 illud
3023 3916 3285 3978 ascribit
3317 3937 3332 3977 :
3371 3936 3578 3997 neque
3605 3918 3710 3976 haec

461 4027 811 4107 epigraphe
851 4026 997 4088 aliis
1031 4023 1368 4087 codicibus
1413 4023 1866 4102 redarguitur;
1925 4025 2056 4088 imo
2088 4023 2310 4088 nullus
2366 4023 2638 4088 omnino
2673 4029 2768 4085 est
2797 4023 2996 4104 (quod
3045 4023 3233 4086 nobis
3267 4022 3586 4102 innotuit)
3615 4021 3707 4102 qui

461 4133 756 4198 eamdem
803 4130 1163 4193 orationem
1229 4127 1552 4190 exhibeat.
1607 4130 1830 4209 Neque
1864 4143 2016 4191 vero
2066 4127 2242 4208 quod
2276 4127 2342 4189 in
2400 4126 2597 4188 unico
2628 4135 2879 4188 exstare
2911 4126 3129 4189 codice
3193 4129 3704 4208 deprehendatur,

465 4233 757 4315 prudens
802 4231 880 4292 de
943 4228 1122 4289 illius
1153 4234 1416 4289 auctore
1453 4226 1724 4288 dubium
1778 4226 2078 4306 ingerere
2109 4225 2415 4306 cuiquam
2448 4225 2675 4298 debet;
2718 4241 2862 4287 cum
2909 4225 3097 4304 plane
3151 4237 3426 4304 constet,
3455 4229 3706 4309 plurium

456 4344 793 4402 auctorum
825 4349 1019 4414 Opera
1058 4349 1188 4394 uno
1216 4333 1438 4395 codice
1476 4327 1685 4394 fuisse
1715 4338 1999 4401 servata;
2027 4330 2186 4410 quin
2237 4338 2448 4391 tamen
2480 4329 2545 4390 in
2581 4329 2854 4390 dubium
2888 4336 3191 4392 revocent
3231 4332 3477 4393 eruditi
3506 4349 3578 4393 an
3607 4347 3704 4391 au-

455 4438 652 4504 ctoris
680 4437 856 4499 illius
882 4436 967 4498 sit
990 4453 1181 4516 quem
1205 4435 1408 4497 codex
1438 4437 1574 4512 ipse
1597 4451 1726 4514 prae
1742 4449 1810 4495 se
1833 4430 1974 4495 fert.
1993 4435 2069 4494 Et
2093 4448 2173 4494 ne
2193 4430 2492 4509 abipsius
2512 4429 2975 4512 'l‘heOphylacti
3008 4431 3318 4510 operibus
3335 4435 3702 4496 recedamus.

451 4540 723 4604 unicum
783 4536 958 4617 quod
1020 4534 1238 4608 sciam,
1309 4534 1372 4595 in
1412 4532 1803 4595 bibliotheca
1864 4529 2656 4594 Bavarico-Monachiensi
2709 4529 3281 4611 exstatexemplar
3338 4533 3705 4595 Encomit‘in

451 4647 749 4710 Alexium
787 4642 1180 4706 Commmum
1235 4641 1688 4714 imperatorem
1725 4661 1741 4702 :
1786 4639 2193 4718 unicumque
2234 4635 2508 4701 fortasse
2539 4637 2602 4699 in
2639 4634 3029 4700 bibliotheca
3060 4639 3703 4704 Cassareo-Vindoho-

457 4750 646 4813 nensi
680 4749 852 4829 (nam
892 4745 1066 4825 quod
1114 4742 1292 4806 aliud
1324 4743 1391 4804 in
1423 4741 1817 4806 Scorialensi
1843 4740 2305 4822 Hispaniarum
2334 4741 2505 4822 regis
2530 4739 2922 4803 bibliotheca
2953 4749 3249 4804 servetur
3278 4746 3622 4821 exemplar,
3652 4751 3703 4804 ut

445 4850 666 4931 aliqui
698 4851 936 4920 ferunt,
962 4843 1150 4907 nobis
1198 4841 1543 4924 incertum)
1579 4843 1874 4922 ejusdem
1912 4842 1977 4904 in
2023 4840 2348 4920 Epistolas
2383 4839 2746 4905 Catholica:
2785 4841 3273 4905 Commentarii.
3308 4844 3394 4904 Ex
3425 4845 3544 4907 alia
3578 4857 3704 4904 vero

459 4962 638 5036 parte
671 4955 832 5017 nihil
893 4958 1012 5017 hoc
1045 4951 1110 5014 in
1149 4965 1454 5012 sermone
1489 4947 1753 5026 legitur,
1807 4949 1981 5029 quod
2041 4951 2288 5010 auctori
2322 4948 2808 5029 TheOphylacto
2843 4964 2971 5010 non
3025 4957 3358 5030 congruat.
3398 4947 3700 5030 Quidquid

455 5063 520 5126 in
548 5079 626 5124 eo
655 5068 968 5133 narratur,
1007 5056 1330 5140 praecessit
1364 5071 1517 5118 sane
1558 5060 1806 5116 mtatem
1837 5052 2070 5131 ipsius.
2107 5053 2356 5131 Stylum
2389 5053 2626 5131 pariter
2663 5071 2697 5116 a
2722 5053 3188 5135 TheOphylacti
3247 5058 3442 5136 genio
3481 5072 3698 5136 nequa-

457 5179 653 5244 quam
688 5158 1025 5233 abludere,
1063 5173 1276 5229 nemo,
1311 5168 1380 5218 ut
1412 5154 1709 5226 arbitror,
1745 5150 1994 5214 inﬁcias
2021 5149 2237 5226 iverit,
2269 5150 2383 5228 qui
2440 5150 2504 5211 in
2540 5149 2833 5229 legendis
2873 5153 3153 5214 auctoris
3187 5153 3386 5244 hujus
3419 5156 3700 5236 operibus

458 5242 774 5350 tantisper
827 5269 1119 5328 versatus
1174 5262 1277 5324 sit.
1343 5261 1593 5340 Duplex
1644 5261 1820 5322 enim
1869 5255 2108 5340 (quoad
2167 5255 2563 5335 comperisse
2620 5256 2776 5318 mihi
2839 5257 3089 5338 videor)
3122 5259 3186 5321 in
3220 5242 3298 5323 eo
3339 5262 3488 5340 styli
3519 5275 3698 5342 genus

455 5370 736 5434 occurrit
798 5385 812 5430 :
881 5364 1206 5436 alterum,
1289 5378 1419 5440 quo
1506 5376 1665 5423 usus
1741 5365 1838 5422 est
1931 5359 1998 5418 in
2079 5356 2550 5434 Scripturarum
2629 5356 3122 5420 Commentariis
3200 5359 3698 5430 conscribendis;

382 5448 385 5451 I
455 5474 758 5548 alterum,
849 5484 982 5550 quo
1070 5463 1419 5544 epistolas,
1512 5471 1573 5527 et
1656 5459 2005 5542 peculiaria
2080 5459 2368 5538 quaedam
2435 5460 2800 5538 opuscula,
2859 5460 2997 5525 sive
3063 5481 3400 5529 sermones
3488 5464 3700 5528 oratio-

455 5590 706 5652 nesque
797 5566 1093 5650 digessit.
1195 5565 1266 5627 ln
1350 5565 1430 5629 iis
1512 5565 1844 5645 prioribus
1936 5561 2351 5640 perﬁciendis
2432 5563 2759 5642 pellucido
2835 5565 3347 5648 planissimoque
3409 5586 3560 5631 usus
3619 5573 3697 5629 est

452 5676 662 5760 stylo;
745 5690 865 5736 seu
929 5669 1104 5750 quod
1184 5668 1254 5730 in
1327 5685 1405 5732 eo
1471 5665 1798 5731 scribendi
1873 5681 2109 5744 genere
2193 5663 2365 5726 hunc
2431 5666 2675 5727 caeteris
2737 5666 3233 5731 anteferendum
3297 5671 3696 5740 existimaret;

451 5797 570 5844 seu
632 5774 807 5857 quod
883 5771 1188 5846 aliorum,
1236 5787 1513 5851 quorum
1578 5767 2086 5832 Commentarios
2158 5765 2224 5829 in
2275 5767 2731 5844 compendium
2790 5769 3155 5850 redigeret,
3248 5789 3320 5835 ac
3375 5770 3696 5853 prmsertim

449 5880 954 5965 Chrysostomi,
1031 5874 1419 5962 plerumque
1530 5870 1723 5936 verba
1817 5871 2165 5949 usurparit.
2247 5868 2560 5944 Quocirca
2633 5886 2713 5933 ex
2793 5871 3162 5938 istiusmodi
3239 5868 3691 5940 Commentariis
