3860 6548
205 393 344 480 429'
1076 409 1156 470 IN
1184 405 1616 478 SEQUENTIA
1653 404 2235 468 THEOPHYLACTI
2277 405 2616 468 SCRIPTA.
3342 399 3446 462 430

207 526 528 608 praprium
583 523 1045 605 TheOphylacti
1093 524 1334 604 stylum
1391 522 1787 603 deprehendi
1839 540 1966 586 non
2021 540 2236 604 posse,
2289 539 2453 586 reor.
2515 523 2592 583 At
2647 520 2713 582 in
2767 519 2912 584 aliis
2973 520 3300 602 Operibus,
3335 522 3443 585 ubi

211 643 285 688 ex
304 641 424 688 suo
457 624 649 688 veluti
682 642 855 703 penu
885 631 952 686 et
979 639 1171 686 sensa
1207 631 1272 686 et
1296 623 1488 684 verba
1505 623 1850 702 depromit,
1879 621 2091 685 altiori
2139 620 2624 700 diﬂiciliorique
2655 628 2716 683 et
2750 620 2966 684 minus
2989 623 3212 700 pervio
3243 626 3446 686 utitur

206 725 411 806 stylo;
445 726 560 806 qui
615 723 826 805 stylus
874 737 1184 802 perquam
1215 721 1592 784 simillimus
1631 720 1725 781 illi
1761 727 1858 782 est
1900 736 2031 800 quo
2086 719 2380 800 plerique
2412 722 2760 802 scriptores
2816 721 3019 783 Graeci
3047 721 3224 784 illius
3267 724 3384 786 aevi
3412 741 3445 788 a

203 809 943 913 majorum'simplicitate
977 835 1040 890 et
1081 827 1358 906 puritate
1399 824 1658 888 dicendi
1699 825 2098 898 recedentes,
2134 826 2227 886 uti
2275 826 2593 889 solebant.
2623 829 2692 888 In
2729 825 3072 907 hisitaque
3106 826 3448 906 Theophy-

203 935 397 998 lactus
420 947 589 1011 smpe
621 932 855 1010 smpius
882 930 1297 1009 metaphoris,
1334 928 1666 1008 allegoriis
1721 926 2001 1004 aliisque
2028 927 2455 991 vividioribus
2485 927 2686 1005 tr0pis
2717 929 2856 989 sive
2886 929 3214 1009 ﬁguris,et
3245 926 3447 1007 proli-

201 1040 370 1102 xiore
398 1035 688 1114 periodo,
718 1048 790 1095 ac
820 1032 1079 1094 demum
1112 1031 1453 1106 solutiore,
1485 1046 1601 1092 seu
1635 1029 1840 1110 magis
1871 1025 2192 1108 implicata
2229 1029 2430 1090 utitur
2465 1028 2703 1107 phrasi.
2741 1029 2984 1092 Passim
3016 1031 3205 1092 etiam
3237 1029 3448 1092 inter-

199 1142 347 1209 serit
405 1138 747 1218 Scriptura;
797 1136 987 1200 verba
1045 1148 1173 1198 non
1207 1152 1279 1198 ea
1311 1141 1556 1198 tantum
1587 1134 1666 1196 de
1714 1145 1927 1207 causa,
1960 1141 2031 1195 ut
2060 1130 2244 1193 illius
2273 1133 2649 1194 auctoritate
2684 1149 2800 1194 sua
2836 1147 3023 1196 sensa
3074 1117 3446 1206 eontlrmet;

201 1247 304 1310 sed
329 1242 522 1306 etiam
563 1247 631 1305 ut
654 1257 726 1302 ea
753 1239 965 1302 verbis
997 1239 1310 1318 exprimat
1337 1236 1828 1316 Scripturarum.
1862 1235 1998 1298 Hoc
2030 1233 2290 1298 dicendi
2324 1250 2561 1314 genere
2590 1239 2835 1297 constat
2880 1250 3158 1314 prmsens
3195 1234 3399 1296 oratio
3427 1254 3444 1297 :

202 1348 306 1412 sed
339 1345 491 1426 quia
527 1344 913 1423 plerumque
953 1349 1242 1404 versatur
1265 1340 1332 1403 in
1372 1340 1565 1403 rebus
1598 1337 1950 1411 historicis,
1979 1338 2132 1400 ideo
2165 1335 2355 1415 paulo
2380 1335 2570 1398 etiam
2602 1334 2834 1398 clarior
2861 1336 3239 1416 pleniorque
3273 1337 3444 1400 vide-

203 1461 296 1514 tur
327 1466 470 1511 esse
504 1449 606 1512 hic
631 1465 823 1529 quam
858 1446 1038 1510 alibi.
1075 1447 1389 1510 Craterum
1446 1442 1778 1508 nonnullae
1813 1442 2072 1505 dicendi
2108 1441 2372 1520 phrases
2404 1438 2884 1519 Theophylacto
2927 1440 3022 1519 (ut
3050 1439 3208 1502 alias
3233 1440 3447 1510 obser-

206 1552 511 1630 vavimus)
540 1549 888 1612 familiares
909 1548 1266 1611 identidem
1301 1547 1401 1611 hic
1437 1564 1696 1628 quoque
1728 1547 2347 1610 recurrunt.Pra3ter
2368 1542 2519 1624 styli
2552 1543 2865 1606 rationem
2900 1543 3232 1607 nonnullae
3256 1547 3447 1609 etiam

203 1655 673 1734 TheOphylacto
703 1653 918 1716 favent
950 1653 1310 1727 sententiae,
1375 1670 1493 1716 seu
1524 1653 1714 1726 dicta,
1740 1668 1884 1732 qua)
1912 1658 2240 1712 auctorem
2293 1649 2362 1711 in
2393 1649 2686 1729 Bulgaria
2716 1648 3103 1710 scribentem
3157 1649 3449 1725 praise-fe-

203 1767 338 1822 runt
397 1772 416 1814 t
474 1762 546 1818 ut
604 1771 750 1819 curn
802 1754 1174 1834 quindecim
1243 1761 1562 1833 martyres
1618 1752 1932 1832 Bulgaria;
2012 1751 2500 1830 thaumaturgos
2559 1749 2839 1830 appellat
2895 1751 3088 1821 ἁγίους
3139 1755 3266 1816 τοὺς
3328 1754 3449 1808 καθ’

205 1865 358 1937 ἡμᾶς,
391 1866 648 1922 sanctos
671 1863 946 1933 nostros,
975 1860 1075 1922 vel
1107 1860 1219 1939 qui
1246 1859 1418 1940 apud
1443 1877 1558 1920 nos
1581 1865 1752 1920 sunt.
1794 1856 2141 1936 Bulgarum
2191 1870 2478 1934 quoque,
2512 1869 2627 1915 seu
2659 1853 2972 1934 Bulgarim
3032 1852 3351 1926 incolam,_
3381 1855 3446 1914 ni

204 1961 400 2040 fallor,
430 1979 505 2025 se
535 1979 685 2024 esse
714 1960 1102 2038 subindicat,
1137 1962 1294 2024 dum
1337 1960 1646 2041 singulari
1687 1960 1962 2039 quadam
2005 1953 2509 2033 incredibilique
2545 1953 2761 2017 lmtitia
2794 1954 2876 2016 ob
2911 1952 3336 2032 Bulgarornm
3369 1955 3446 2016 ad

203 2062 375 2125 ﬁdem
417 2063 797 2127 catholicam
851 2064 1347 2126 conversionem
1417 2061 1718 2135 exsultat,
1776 2065 2172 2137 eosdemque
2229 2057 2361 2138 jam
2417 2055 2716 2120 fidelibus
2768 2063 3140 2136 aggregatos
3172 2059 3447 2117 summis

204 2168 489 2232 laudibus
547 2168 780 2246 effert;
815 2178 1006 2250 atque
1036 2169 1226 2233 etiam
1281 2169 1434 2231 dum
1469 2166 1830 2246 peculiares
1871 2163 2293 2245 Bulgarorum
2354 2161 2867 2224 consuetudines
2913 2159 3040 2222 sibi
3085 2167 3446 2238 perspectas

205 2287 333 2333 esse
365 2274 666 2350 patefacit
698 2295 715 2348 ;
773 2279 842 2338 ut
873 2260 1018 2336 cum
1053 2291 1157 2336 ex.
1188 2291 1247 2354 g.
1286 2270 1499 2348 refert,
1531 2270 1842 2350 Bulgaros
1875 2269 2084 2332 facere
2117 2283 2472 2331 consuesse
2495 2271 2677 2327 tanta;
2716 2264 3182 2344 magnitudinis
3219 2279 3444 2344 panes,

206 2378 268 2434 ut
299 2389 517 2435 eorum
551 2361 831 2455 quilibet
864 2375 1082 2438 decem
1119 2374 1487 2438 saturandis
1527 2372 1902 2436 hominibus
1933 2373 2086 2436 satis
2121 2377 2313 2434 esset.
2344 2370 2726 2450 Quanquam
2773 2367 2946 2431 enim
2995 2367 3128 2430 haec
3168 2366 3276 2429 alii
3303 2369 3449 2429 'cui-

209 2490 320 2552 que
344 2476 407 2536 in
435 2475 740 2557 Bulgaria
775 2477 1084 2543 scribenti
1118 2494 1247 2542 non
1280 2477 1628 2542 convenire
1653 2493 1780 2540 non
1833 2476 2079 2556 possint
2109 2498 2126 2550 ;
2156 2476 2306 2557 quia
2339 2481 2548 2538 tamen
2584 2491 2772 2536 nemo
2803 2473 2968 2536 alius
3004 2473 3194 2534 istius
3224 2478 3448 2534 auctor

209 2581 490 2656 Opusculi
515 2581 808 2659 effertur,
845 2584 997 2648 ideo
1020 2583 1568 2664 Theophylactum
1599 2582 1779 2646 illius
1812 2597 1955 2645 esse
1988 2591 2339 2662 parentem,
2367 2581 2555 2662 haud
2592 2581 2840 2653 leviter,
2879 2593 3022 2642 meo
3058 2579 3446 2659 quidemju-

210 2683 385 2756 dicio,
417 2682 823 2748 conﬁrmant.

277 2786 470 2848 XVII.
509 2788 652 2849 Jam
693 2802 844 2850 vero
894 2786 948 2848 si
1005 2784 1518 2866 TheOphylactus
1550 2785 1744 2865 hujus
1791 2783 2111 2847 sermonis
2171 2791 2393 2846 auctor
2425 2783 2757 2856 habeatur,
2795 2790 2864 2843 ut
2904 2780 3268 2845 habendum
3304 2798 3448 2846 esse

209 2904 457 2963 censeo,
515 2889 802 2968 prudens
851 2907 1005 2952 sane
1035 2887 1306 2952 dubium
1340 2889 1584 2952 nemini
1632 2889 1900 2952 subesse
1951 2890 2204 2968 poterit,
2240 2888 2400 2969 quin
2446 2887 2752 2950 historica
2783 2886 2958 2950 illius
2990 2888 3267 2949 narratio
3299 2901 3448 2948 cum

214 2987 450 3050 veritate
475 2987 674 3068 plane
718 2988 1077 3050 consentiat
1113 3005 1128 3046 :
1183 3003 1399 3068 neque
1444 2987 1616 3050 enim
1641 2987 1860 3050 simile
1891 3005 2040 3051 vero
2077 2995 2198 3063 est,
2233 3003 2490 3068 gravem
2525 2986 2712 3050 illum
2742 2987 3198 3066 eruditumque
3241 2988 3449 3049 virum

215 3088 477 3168 putidam
539 3090 880 3170 adeptasse
941 3088 1259 3164 fabellam,
1305 3103 1576 3170 eamque
1635 3089 1961 3152 venditare
2018 3089 2165 3151 aliis
2197 3088 2511 3151 voluisse.
2551 3089 2674 3151 Sed
2735 3085 3152 3170 quidquidin
3185 3089 3302 3152 hac
3330 3105 3450 3152 sua

216 3192 484 3256 oratione
519 3200 760 3266 narrat,
792 3192 958 3256 illud
992 3191 1181 3256 facile
1220 3200 1466 3274 poterat
1499 3191 1596 3254 vel
1625 3209 1709 3254 ex
1736 3191 1958 3272 aliquo
1998 3200 2422 3255 monumento
2457 3191 2526 3253 in
2557 3189 2874 3272 Bulgaria;
2901 3190 3239 3254 tabulariis
3279 3191 3451 3253 exsi-

214 3299 420 3368 stente,
455 3296 560 3357 vel
605 3311 683 3358 ex
741 3303 910 3359 certa
940 3297 1344 3379 perennique
1379 3299 1734 3361 incolarum
1768 3297 2111 3360 traditione
2155 3303 2556 3376 perspectum
2589 3296 2844 3359 habere.
2882 3297 2960 3358 Et
2989 3311 3170 3367 sane,
3197 3294 3449 3357 tametsi

215 3392 419 3458 horum
504 3405 862 3480 martyrum
951 3402 1164 3479 passio
1221 3401 1424 3465 multo
1477 3409 1622 3464 ante
1674 3401 2052 3482 contigerit,
2104 3401 2224 3464 hoc
2280 3407 2374 3462 est
2430 3408 2660 3480 quarto
2731 3396 3094 3461 declinante
3145 3393 3451 3458 Ecclesiae

214 3497 447 3574 seculo,
480 3498 749 3564 Juliano
786 3504 1092 3580 Apostata
1117 3503 1498 3583 imperante,
1535 3505 1869 3567 translatio
1926 3513 2138 3568 tamen
2166 3504 2430 3566 illorum
2463 3518 2802 3582 corporum
2850 3516 2976 3562 non
3009 3500 3167 3561 adeo
3201 3507 3447 3561 remota

213 3597 402 3661 fuerat
429 3616 463 3662 a
492 3599 964 3681 Theophylacti
991 3609 1192 3679 aetate,
1219 3611 1288 3667 ut
1323 3612 1492 3666 certa
1519 3603 1578 3666 ei
1611 3612 1953 3683 suppetere
1984 3609 2401 3666 monumenta
2426 3616 2554 3664 non
2588 3610 2851 3680 possent
2887 3615 2902 3660 :
2933 3596 3146 3660 solum
3196 3597 3444 3680 quippe
3495 3651 3497 3654 .

215 3702 520 3778 princessit
569 3702 823 3766 duobus
850 3703 1105 3767 circiter
1135 3704 1388 3767 saeculis
1421 3707 1514 3786 (ut
1540 3723 1618 3766 ex
1655 3704 1950 3766 dicendis
1979 3703 2143 3767 infra
2175 3701 2510 3777 constabit)
2544 3700 2727 3762 illius
2759 3697 3154 3777 inBulgaria
3193 3700 3449 3779 episco-

219 3809 435 3880 patum.
487 3803 588 3865 Ex
644 3819 776 3885 quo
830 3819 1019 3869 nemo
1049 3823 1177 3869 non
1235 3806 1428 3880 videt,
1465 3822 1657 3886 quam
1706 3804 1896 3869 facile
1925 3803 2046 3869 hoc
2089 3803 2404 3883 temporis
2458 3799 2794 3864 intervallo
2827 3797 3069 3862 servari
3111 3802 3341 3880 possit,
3375 3816 3448 3866 ac

216 3906 396 3968 soleat
427 3905 522 3970 rei
552 3905 854 3988 alicujus,
896 3925 1042 3989 quas
1072 3909 1278 3988 magni
1310 3908 1615 3971 momenti
1648 3907 1754 3981 sit,
1782 3907 2166 3978 recordatio,
2202 3904 2451 3967 tametsi
2487 3901 2738 3966 nullum
2772 3901 3032 3964 visibile
3061 3916 3450 3967 monumen-

216 4011 332 4068 tum
361 4008 671 4086 supersit.
693 4009 881 4085 Quod
901 4027 1052 4072 vero
1092 4009 1164 4072 ad
1189 4009 1524 4088 praedictos
1549 4007 1776 4071 attinet
1807 4017 2140 4089 martyres,
2176 4007 2384 4070 adhuc
2412 4001 2878 4085 Theophylacti
2927 4010 3212 4084 tempore
3247 4003 3447 4067 stabat

215 4106 297 4188 (ut
326 4129 399 4173 ex
423 4128 730 4175 sermone
760 4111 903 4190 ipso
930 4109 1150 4191 colligi
1188 4125 1382 4186 posse
1408 4109 1688 4190 videtur)
1719 4107 2034 4188 templum
2067 4109 2132 4171 in
2175 4105 2552 4170 eorumdem
2586 4111 2938 4185 martyrum
2978 4103 3290 4167 honorem
3334 4123 3450 4166 ex-

215 4216 542 4289 structum;
575 4213 911 4275 exstabant
934 4221 995 4274 et
1023 4230 1183 4276 arcae
1203 4211 1442 4292 quibus
1465 4210 1712 4275 occlusi
1741 4209 1992 4273 cineres
2020 4216 2223 4282 erant,
2242 4227 2314 4272 ac
2342 4209 2605 4270 demum
2639 4222 3012 4268 marmoreas
3041 4204 3275 4268 tabulas
3306 4224 3450 4286 quas

212 4305 452 4374 illorum
485 4330 690 4389 urnas
752 4312 1080 4392 principio
1120 4317 1558 4374 contexerant.
1592 4312 1685 4372 Ex
1721 4308 1819 4371 his
1850 4326 2026 4384 vero,
2097 4316 2316 4387 utpote
2385 4309 2624 4389 quibus
2648 4308 3064 4388 singulorum
3095 4317 3446 4388 martyrum

211 4411 454 4476 nomina
484 4413 801 4490 inscripta
823 4419 1031 4486 erant,
1057 4420 1118 4474 et
1152 4414 1296 4475 vi-ttn
1323 4427 1551 4492 genus,
1585 4419 1648 4473 et
1679 4410 1978 4489 dignitas,
2005 4408 2386 4484 etotﬁcium,
2427 4416 2498 4470 ut
2530 4408 3051 4488 TheOphylactus
3086 4408 3226 4487 ipse
3257 4416 3449 4471 testa-

212 4517 325 4589 tur,
362 4514 626 4578 haurire
657 4515 845 4578 facile
874 4515 1110 4594 potuit,
1144 4529 1293 4594 qum
1318 4513 1526 4576 multo
1541 4519 1710 4583 ante,
1737 4511 2044 4574 nimirum
2079 4509 2203 4572 sub
2236 4510 2496 4571 Iuliano
2520 4508 3166 4590 contigerant,eaque
3198 4527 3445 4572 memo~

211 4615 315 4678 rite
347 4619 690 4682 hominum
727 4619 1138 4697 sempiterna)
1174 4629 1473 4676 sermone
1508 4613 1628 4676 hoc
1657 4613 2129 4675 commendare.
2153 4610 2466 4684 Quocirca
2498 4624 2624 4670 non
2669 4608 2862 4670 video
2909 4626 3025 4671 cur
3068 4610 3224 4673 huic
3249 4611 3448 4676 histo-

213 4719 312 4783 rice
333 4722 602 4801 (tametsi
633 4717 714 4784 ab
742 4719 867 4782 alio
898 4718 1202 4800 quopiam
1223 4716 1490 4780 minoris
1511 4712 1991 4797 TheOphylacto
2014 4711 2409 4804 auctoritatis
2439 4709 2801 4788 conscripta
2817 4709 3008 4791 esset)
3029 4711 3443 4791 ﬁdesintegra

212 4824 483 4890 habenda
518 4843 650 4889 non
699 4824 816 4898 sit;
852 4823 976 4886 nisi
1007 4820 1170 4885 forte
1222 4820 1512 4883 videatur
1536 4821 1769 4883 obesse
1810 4819 2018 4882 altum
2036 4818 2114 4880 de
2166 4833 2238 4878 re
2266 4816 2382 4878 hac
2411 4821 2783 4878 cmterorum
2822 4815 3205 4893 scriptorum
3235 4817 3440 4880 silen-

211 4925 396 5000 tium;
427 4945 499 4992 ac
534 4926 711 5007 quod
745 4941 958 5007 neque
988 4925 1056 4986 in
1080 4926 1451 4988 Grascorum
1481 4923 1776 4997 Nemnis,
1803 4937 2019 4999 neque
2050 4920 2116 4982 in
2162 4919 2608 4982 Ruthenorum
2640 4925 2749 4980 aut
2771 4919 3181 4982 Moschorum
3223 4923 3445 4984 Monac-

210 5025 385 5105 logiis
406 5029 687 5108 praedicti
714 5035 1027 5108 martyres
1058 5027 1914 5090 commemorentur.Verum
1953 5023 2162 5103 quoad
2199 5021 2503 5101 primum,
2523 5021 2672 5102 quis
2693 5028 2873 5084 certo
2901 5038 3190 5084 asserere
3223 5030 3440 5101 queat,

211 5129 391 5204 hunc,
423 5135 506 5195 de
533 5147 665 5211 quo
695 5130 976 5209 agimus,
1014 5127 1356 5193 duntaxat
1383 5134 1712 5190 auctorem
1771 5127 2184 5206 consignasse
2210 5123 2443 5186 litteris
2495 5121 2724 5185 horum
2757 5123 2874 5185 XV
2907 5128 3260 5202 martyrum
3295 5139 3442 5183 cum

214 5236 545 5313 passionis,
575 5243 718 5298 tum
745 5247 978 5296 eorum
1007 5233 1446 5296 translationis
1475 5231 1832 5294 historiam.
1889 5248 2034 5293 cum
2096 5236 2320 5290 notum
2376 5225 2912 5305 exploratumque
2961 5222 3066 5294 sit,
3129 5220 3442 5300 permulta

215 5344 490 5400 veterum
515 5337 906 5417 scriptorum
937 5353 1132 5416 Opera
1167 5335 1899 5415 penitusintercidisse?
1949 5332 2198 5395 Deinde
2230 5339 2384 5410 quot
2409 5328 2726 5390 habentur
2756 5331 2826 5386 ut
2863 5331 3035 5385 certa
3065 5328 3198 5382 tum
3231 5321 3296 5383 in
3339 5341 3443 5385 ec-

210 5433 576 5514 clesiastica,
621 5447 755 5500 tum
789 5438 982 5500 etiam
1016 5438 1086 5499 in
1126 5435 1387 5516 profana
1449 5434 1742 5506 historia,
1796 5451 1942 5514 qua)
1993 5432 2190 5495 unius
2248 5437 2494 5492 tantum
2541 5422 2882 5504 scriptoris
2938 5422 3316 5488 auctoritate
3373 5444 3446 5489 ac

212 5540 561 5602 testimonio
610 5535 954 5602 nituntur?
1003 5537 1359 5600 Praesertim
1399 5537 1545 5597 vitae
1580 5552 1653 5598 ac
1683 5543 1858 5614 gesta
1890 5542 2254 5596 sanctorum
2291 5527 2638 5610 aliquando
2663 5524 2859 5586 unius
2911 5522 3102 5586 etiam
3135 5542 3444 5607 anonymi

213 5643 558 5704 narratione
589 5642 1029 5704 innotescunt.
1091 5642 1173 5701 At
1202 5637 1547 5717 peculiaris
1598 5641 1667 5700 in
1701 5653 1857 5698 casn
1889 5645 2106 5697 nostro
2135 5632 2342 5713 potuit
2371 5631 2638 5694 subesse
2667 5626 2855 5701 ratio,
2885 5643 2998 5689 cur
3027 5644 3156 5690 non
3191 5629 3271 5691 ab
3291 5631 3444 5694 aliis

212 5745 522 5806 memorias
547 5743 867 5822 proditum
902 5743 988 5804 sit
1019 5741 1402 5804 eorumdem
1441 5738 1843 5820 martyrium.
1880 5739 1941 5800 Si
1977 5736 2149 5799 enim
2188 5743 2252 5796 et
2283 5733 2428 5807 loci,
2453 5739 2516 5795 et
2555 5729 2893 5810 temporis,
2930 5748 3060 5811 quo
3090 5731 3154 5792 id
3189 5734 3442 5803 accidit,

215 5844 360 5908 ratio
408 5845 732 5920 habeatur,
770 5847 1054 5928 quisque
1111 5845 1330 5910 statim
1391 5845 1734 5925 intelliget,
1771 5862 1902 5908 rem
1959 5844 2115 5906 hanc
2140 5839 2442 5904 facillime
2475 5839 2657 5902 illius
2692 5837 3186 5917 mviscriptores
3217 5835 3440 5918 fugere
