3860 6556
400 380 523 448 1431
1028 459 1033 462 _
1476 382 1856 454 BONIFACll
1890 390 2193 454 FINETTI
2231 391 2621 455 PR/EFATIO
3562 396 3653 462 432

425 497 740 578 potuisse.
778 497 1030 564 Etenim
1066 514 1142 562 eo
1176 506 1456 581 tempore
1473 502 1768 582 martyrii
1807 500 2076 579 palmam
2109 510 2258 565 sunt
2288 502 2526 582 adepti,
2559 517 2690 582 quo
2708 499 3008 564 Julianus
3029 502 3327 582 Apostata
3359 501 3651 570 labentem

426 604 809 668 idololatriae
836 606 1081 668 cultum
1105 607 1351 686 erigere
1379 615 1570 688 atque
1605 607 1670 669 in
1704 607 2053 688 pristinum
2084 607 2396 670 honorem
2428 607 2773 671 restituere
2802 607 3541 689 adnitebatur;adeoque
3567 631 3654 678 res

423 705 939 768 Christianorum
971 706 1390 786 iniquissimo
1425 707 1564 770 loco
1614 715 1793 771 erant
1829 726 1846 766 :
1881 716 1941 771 et
1973 707 2272 789 plerique
2312 708 2573 771 illorum
2611 707 2708 771 vel
2742 711 3043 771 miseram
3105 706 3176 772 in
3224 709 3456 772 exsilio
3487 712 3654 774 vitam

425 808 783 886 degebant,
840 806 936 869 vel
980 825 1096 886 per
1153 807 1546 871 solitudines
1589 816 1973 889 montesque
2019 817 2250 888 Sponte
2282 825 2400 870 sua
2433 809 2752 872 errabant.
2797 811 3004 873 Locus
3041 826 3195 871 vero
3220 810 3326 872 ubi
3370 821 3655 890 martyres

404 908 822 981 occubuere,
859 908 1060 988 magis
1094 908 1446 986 impervius
1502 910 1889 990 abditusque
1926 926 2071 972 esse
2106 911 2211 973 vix
2271 919 2538 989 poterat,
2571 912 2881 975 nimirum
2925 912 3080 974 urbs
3129 913 3504 992 perexigua,
3535 917 3655 978 sive

423 1007 803 1087 oppidulum
841 1009 1164 1087 quoddam
1190 1007 1255 1070 in
1293 1008 1610 1074 altissimo
1637 1012 1871 1074 montis
1903 1011 2100 1074 Haemi
2153 1011 2488 1074 cacumine
2521 1012 2806 1092 positum
2841 1033 2855 1072 :
2887 1013 3030 1075 talis
3063 1015 3237 1075 enim
3270 1032 3347 1077 eo
3389 1025 3654 1096 tempore

425 1111 856 1190 Tiberiopolis
888 1119 1044 1187 erat,
1077 1121 1143 1174 ut
1170 1111 1332 1176 infra
1365 1114 1806 1179 ostendemus.
1831 1117 1997 1189 Quid
2049 1116 2268 1195 itaque
2308 1115 2571 1189 mirum,
2604 1116 2850 1178 si-intra
2900 1116 3082 1178 illius
3118 1117 3358 1178 limites
3400 1119 3509 1179 diu
3543 1138 3658 1197 per-

406 1214 580 1275 stitit
631 1215 1146 1294 praestantissimi
1211 1218 1403 1295 hujus
1441 1217 1750 1299 triumphi
1812 1220 2075 1282 notitia?
2101 1221 2287 1295 Quod
2330 1221 2386 1282 si
2430 1239 2531 1282 res
2569 1221 2653 1282 ita
2685 1238 2754 1282 se
2805 1220 3052 1295 habuit,
3091 1239 3171 1282 ne
3219 1221 3380 1283 illud
3413 1223 3652 1302 quidem

407 1317 655 1378 mirum
683 1318 1041 1390 videbitur,
1076 1321 1251 1398 quod
1289 1321 1354 1382 in
1385 1322 1749 1384 Grmcorum
1816 1324 2079 1386 Memeis
2119 1323 2496 1386 eorumdem
2551 1321 2794 1385 mentio
2827 1323 3260 1397 desideretur,
3293 1331 3484 1402 atque
3515 1325 3655 1384 adeo

423 1423 486 1481 in
523 1419 912 1499 Menologiis
968 1421 1416 1484 R-nthenomm
1445 1425 2086 1504 atqneMoschorum,
2139 1435 2358 1505 utpote
2383 1441 2530 1506 qum
2588 1443 2665 1487 ex
2704 1425 2940 1486 Grmcis
2970 1424 3309 1501 desumpta
3344 1427 3656 1486 translata-

418 1545 547 1606 que
604 1537 779 1590 sunt.
805 1527 992 1603 Quod
1035 1527 1088 1587 si
1146 1525 1211 1587 in
1272 1526 1370 1588 bis
1415 1527 1885 1606 posterioribus
1925 1532 2354 1606 quorumdam
2406 1529 2510 1589 ﬁat
2557 1527 3088 1589 commemoratio
3148 1540 3538 1602 sanctorum,
3588 1532 3654 1590 de

417 1630 661 1710 quibus
691 1629 867 1693 nulla
899 1628 1068 1708 apud
1109 1627 1366 1691 Graecos
1398 1638 1493 1692 est
1524 1632 1794 1704 mentio,
1824 1648 1900 1692 ex
1932 1631 2014 1693 iis
2064 1630 2158 1690 illi
2213 1639 2364 1692 sunt
2398 1646 2676 1709 quorum
2713 1628 3019 1690 memoria
3049 1630 3411 1693 celebratur
3443 1633 3504 1692 in
3532 1632 3656 1692 uni-

418 1751 602 1796 versa
651 1735 1095 1797 Ruthenorum
1160 1734 1472 1808 Ecclesia,
1509 1749 1637 1795 non
1698 1749 1777 1794 ex
1809 1748 2034 1795 eorum
2074 1750 2391 1809 numero,
2441 1749 2720 1814 quorum
2745 1729 3061 1794 festivitas
3095 1731 3376 1812 alicujus
3424 1732 3540 1794 loci
3571 1733 3652 1795 vel

417 1838 702 1918 regionis
733 1839 814 1901 sit
849 1839 1144 1918 propria;
1181 1835 1550 1916 cujusmodi
1582 1835 1842 1898 videtur
1873 1850 2016 1896 esse
2053 1833 2285 1896 horum
2313 1836 2430 1897 XV
2452 1833 2929 1912 martyrum,de
2965 1835 3204 1914 quibus
3241 1836 3306 1896 in
3339 1836 3653 1914 praesentia

417 1951 514 2005 est
546 1957 784 2004 sermo.
819 1940 1031 2020 Hujus
1086 1940 1260 2002 enim
1293 1937 1551 2017 generis
1585 1943 1952 1999 sanctorum
1987 1935 2294 1998 memoria
2345 1952 2477 1998 non
2536 1936 2604 1998 in
2645 1935 3100 2000 communibus
3137 1937 3430 2009 Menaeis,
3465 1937 3565 1998 sed
3595 1937 3652 1997 in

415 2044 852 2126 peculia-ribus
887 2043 1034 2115 loci,
1059 2043 1168 2105 ubi
1216 2042 1430 2105 cultus
1460 2057 1686 2104 eorum
1709 2041 1901 2118 viget,
1937 2039 2177 2102 tabulis
2201 2039 2577 2118 consignata
2611 2057 2755 2103 esse
2792 2039 2954 2103 solet
2979 2039 3270 2119 :qualem
3296 2040 3650 2102 memoriam

413 2165 494 2210 ne
525 2147 700 2210 hisce
733 2137 1009 2228 quidem
1039 2144 1429 2225 martyribus
1469 2145 1722 2217 deesse,
1755 2141 2034 2204 inferius
2066 2142 2505 2203 ostendemus.
2541 2142 2780 2205 Verum
2821 2139 2942 2203 etsi
2999 2139 3175 2202 nulla
3209 2140 3481 2201 omnino
3519 2131 3651 2201 alibi

415 2251 660 2314 mentio
715 2251 794 2312 de
845 2249 1092 2312 eisdem
1155 2252 1548 2320 occurreret,
1583 2244 1748 2307 nihil
1812 2244 1963 2306 inde
2013 2242 2413 2306 auctoritatis
2463 2252 2526 2306 et
2562 2243 2750 2323 pretii
2801 2243 2954 2305 huic
3001 2243 3278 2304 orationi
3319 2243 3650 2304 detractum

411 2361 585 2416 esset
624 2353 796 2416 :imo
833 2350 1234 2429 prmstantius
1261 2349 1356 2410 vel
1394 2366 1473 2411 ex
1503 2348 1621 2410 hoc
1652 2347 1794 2427 ipso
1819 2346 2248 2426 judicandum
2300 2345 2648 2417 videretur,
2690 2343 3402 2425 nobisqueimpensius
3453 2352 3650 2424 gratu-

412 2451 703 2526 landum,
747 2451 922 2533 quod
962 2451 1214 2512 tandem
1264 2448 1614 2530 aliquando
1652 2448 1916 2528 prodeat
1967 2448 2033 2510 in
2075 2447 2326 2522 lucem;
2359 2453 2421 2508 et
2470 2445 2756 2525 plurium
2815 2452 3164 2526 martyrum
3196 2444 3654 2523 tliaumaturgc-

408 2576 690 2639 rumque
725 2556 1034 2620 memoria
1071 2556 1148 2618 ab
1174 2554 1546 2618 omnimoda
1571 2553 1905 2616 oblivione
1942 2559 2007 2614 et
2039 2551 2327 2615 tenebris
2358 2550 2746 2613 vindicetur.

489 2665 723 2726 XVIII.
760 2661 933 2724 Talis
963 2678 1035 2724 ac
1067 2669 1235 2724 tanta
1266 2661 1576 2724 orationis
1610 2658 1806 2740 hujus
1841 2658 2086 2721 utilitas
2131 2665 2325 2738 atque
2361 2656 2727 2736 praestantia
2762 2653 2967 2717 levem
3010 2654 3166 2717 mihi
3198 2655 3325 2714 imo
3347 2659 3412 2714 et
3436 2652 3651 2730 jucun-

409 2766 564 2827 dum
600 2765 1060 2843 interpretandi
1111 2763 1502 2828 reddidisset
1534 2762 1844 2835 laborem,
1899 2760 2023 2823 nisi
2071 2758 2420 2841 apographi
2475 2759 3070 2832 summa,utinitio
3123 2756 3285 2828 dixi,
3361 2753 3651 2816 vitiositas

410 2868 575 2931 haud
609 2868 940 2948 exiguam,
966 2867 1101 2930 imo
1134 2866 1318 2928 valde
1351 2881 1644 2946 magnam
1677 2863 1833 2926 mihi
1876 2863 2236 2925 molestiam
2292 2867 2592 2924 creasset.
2621 2860 2770 2923 Erat
2803 2859 3047 2940 quippe
3083 2857 3227 2919 talis
3256 2873 3330 2918 ac
3383 2864 3565 2926 tanta,
3598 2859 3652 2913 ut

411 2969 788 3032 mendosius
843 2967 1198 3048 quidquam
1239 2967 1434 3030 scribi
1485 2965 1776 3046 potuisse
1830 2964 1935 3026 vix
1973 2971 2216 3043 putem.
2258 2966 2412 3026 Nam
2473 2961 2711 3040 passim
2756 2968 2821 3023 et
2875 2960 3232 3022 litterarum
3284 2956 3652 3030 variatio,et

411 3069 697 3148 pl-urium
727 3069 1055 3148 copulatio
1102 3069 1482 3138 dictionum,
1511 3073 1574 3128 et
1611 3085 1646 3130 e
1677 3064 2002 3129 contrario
2049 3064 2246 3126 unius
2302 3064 2729 3144 ejusdemque
2787 3062 3035 3124 divisio
3077 3063 3140 3124 in
3199 3076 3278 3124 eo
3315 3059 3649 3122 identidem

406 3169 810 3236 occurrebat.
853 3170 1212 3231 Praesertim
1278 3182 1426 3230 vero
1488 3166 1553 3228 in
1609 3164 1932 3228 vocalibus
1961 3171 2290 3244 peccatum
2325 3163 2601 3226 maxime
2637 3170 2734 3226 est
2783 3180 2798 3224 :
2841 3180 2983 3225 nam
3030 3162 3286 3227 vocales
3327 3170 3520 3242 atque
3555 3160 3643 3220 di-

411 3273 720 3356 phthongi
755 3318 772 3347 ,
831 3287 977 3351 qua:
1013 3271 1239 3334 eodem
1290 3286 1460 3332 nunc
1517 3283 1678 3331 sono
1749 3283 1935 3348 proni

2122 3273 2249 3328 itur
2309 3281 2345 3328 a
2413 3263 2696 3338 Graecis,
2773 3281 3003 3344 nempe
3059 3264 3130 3344 ἦ,
3169 3293 3215 3339 ι,
3252 3291 3317 3334 υ.
3356 3290 3547 3340 ει,οι,
3596 3287 3646 3336 ε,

405 3397 506 3448 αι,
545 3397 598 3449 ο,
624 3396 690 3450 ω,
720 3371 1284 3438 indiscriminatim
1315 3371 1846 3452 positaasunt.Ex
1864 3385 1992 3448 quo
2021 3366 2208 3431 facile
2235 3366 3030 3446 colligas,amanuensem,
3051 3367 3468 3447 quicodicem
3503 3365 3647 3427 unde

403 3476 818 3554 desumptum
848 3467 1286 3554 apographum
1337 3480 1455 3543 est,
1492 3471 1778 3535 exaravit
1809 3471 1898 3544 (in
1932 3469 2315 3549 scriptorem
2358 3470 2559 3532 nostri
2623 3465 2974 3548 apographi
3035 3467 3196 3530 hanc
3237 3467 3496 3548 culpam
3541 3483 3646 3528 non

403 3573 633 3636 cadere
668 3575 934 3639 aliunde
967 3574 1154 3656 scio),
1211 3575 1544 3655 ignorasse
1584 3573 1846 3652 penitus
1882 3575 2118 3637 Grmcaa
2173 3573 2599 3652 grammaticas
2634 3572 2844 3654 leges;
2888 3581 3330 3653 praetereaque
3407 3587 3528 3632 non
3585 3585 3649 3629 ex

401 3680 551 3759 ipso
583 3680 931 3761 exemplari
985 3680 1192 3745 oculis
1233 3678 1575 3759 supposito
1612 3679 1732 3759 (sic
1761 3679 1934 3742 enim
1987 3681 2258 3753 litteras,
2314 3695 2458 3757 qum
2480 3686 2659 3740 erant
2691 3677 3218 3751 transcribendm,
3265 3674 3648 3754 perspiciens

407 3780 616 3842 rarius
648 3780 1062 3860 aberrasset),
1097 3781 1210 3844 sed
1257 3780 1539 3842 dictante
1569 3779 1818 3859 aliquo,
1852 3786 1914 3841 et
1936 3778 2121 3859 juxta
2153 3776 2542 3839 hodiernum
2575 3777 2938 3840 Graecorum
2974 3793 3212 3838 morem
3243 3773 3487 3835 litteras
3520 3787 3649 3852 pro-

394 3883 774 3957 nuntiante,
808 3896 1042 3944 senum
1076 3881 1345 3944 auribus
1379 3889 1752 3961 perceptum
1789 3880 2028 3943 Graecis
2062 3887 2396 3958 utcunque
2433 3878 2663 3941 litteris
2687 3880 3131 3960 consignasse.
3159 3879 3248 3939 Ex
3273 3893 3408 3956 quo
3438 3873 3645 3936 factum

404 3988 530 4056 est,
579 3991 646 4045 ut
678 3981 747 4045 in
779 3982 1066 4046 dictione
1100 3982 1480 4063 dissyllaba,
1508 3981 1605 4044 vel
1640 3980 2012 4061 trissyllaba
2043 3989 2324 4059 quatuor
2357 3979 2452 4042 vel
2487 3980 2783 4061 quinque
2840 3979 3064 4043 menda
3113 3979 3489 4059 (praesertim
3520 3975 3567 4038 si
3599 3978 3648 4034 tt

401 4085 759 4166 spirituum
793 4092 853 4147 et
883 4093 1260 4149 accentuum
1294 4084 1602 4148 habeatur
1637 4084 1821 4167 ratio)
1858 4099 1985 4146 non
2028 4082 2480 4163 infrequenter
2513 4089 2951 4146 occurrerent.
2987 4082 3302 4156 Quantam
3360 4095 3508 4143 vero
3538 4077 3648 4136 hac

405 4189 558 4251 vitia
595 4187 842 4267 pariant
871 4188 1900 4270 perturbationem,quantamque
1933 4187 2379 4269 interpretanti
2417 4187 2804 4262 molestiam,
2837 4203 2984 4250 cum
3029 4201 3256 4248 omnes
3301 4183 3644 4260 intelligere

400 4289 684 4369 possint,
735 4296 870 4351 tum
924 4289 970 4352 ii
1005 4294 1356 4368 praesertim
1392 4291 1506 4372 qui
1566 4289 1768 4354 Graeci
1811 4289 2142 4360 idiomatis
2171 4290 2316 4368 {non
2350 4296 2501 4352 sunt
2539 4288 2770 4368 ignari.
2806 4287 2990 4350 Prius
3033 4287 3236 4367 igitur
3270 4302 3466 4367 quam
3498 4287 3643 4347 Lati-

399 4413 550 4459 nam
610 4396 975 4459 versionem
1017 4395 1442 4476 aggrederer,
1499 4401 1562 4458 et
1593 4397 1820 4458 menda
1867 4395 1947 4457 de
2019 4394 2234 4457 medio
2268 4392 2535 4468 tollere,
2573 4400 2636 4454 et
2688 4398 2938 4454 textum
2999 4408 3134 4453 sum
3183 4407 3354 4453 verae
3405 4387 3644 4453 lectioni

397 4501 753 4563 restituere
787 4497 1123 4579 cpuslfuit.
1159 4498 1341 4560 Ratio
1370 4504 1625 4568 autem,
1659 4513 1853 4576 quam
1882 4496 1948 4558 in
1989 4495 2110 4559 hoc
2148 4511 2418 4557 munere
2449 4493 2753 4556 obeundo
2777 4492 3061 4566 institui,
3108 4491 3242 4553 haec
3283 4499 3386 4555 est
3416 4511 3433 4552 :
3468 4495 3646 4553 errata

393 4616 548 4679 qua)
577 4608 751 4663 certo
794 4608 856 4662 et
898 4600 1142 4678 absque
1172 4599 1300 4662 ulla
1339 4598 1744 4661 dubitatione
1775 4597 2023 4671 detexi,
2055 4595 2124 4659 in
2154 4596 2302 4675 ipso
2338 4602 2518 4657 textu
2551 4593 2922 4668 emendavi,
2974 4591 3149 4655 nulla
3183 4593 3262 4654 ad
3294 4592 3642 4672 jmarginem

396 4704 816 4767 adnotatione
851 4703 1089 4783 posita;
1121 4702 1413 4783 alioquin
1452 4709 1658 4766 totum
1691 4701 1826 4764 fere
1862 4701 2220 4781 marginem
2249 4699 2334 4763 iis
2363 4697 2872 4779 cpplerifuisset
2896 4713 3086 4776 opus.
3127 4699 3206 4760 At
3240 4697 3348 4760 ubi
3383 4697 3641 4761 incertus

401 4825 601 4882 eram,
633 4823 712 4870 an
747 4807 965 4886 aliqua
998 4821 1118 4868 vox
1166 4805 1235 4868 in
1266 4807 1506 4869 mendo
1534 4806 1833 4880 cubaret;
1868 4803 1964 4868 vel
1999 4803 2252 4868 etiamsi
2283 4803 2350 4866 id
2386 4809 2561 4866 certo
2597 4791 3182 4880 deprehenderem,
3231 4799 3640 4863 nihilominus

398 4925 651 4984 vocem,
684 4924 830 4988 quae
859 4905 1312 4970 substituenda
1341 4913 1539 4982 esset,
1585 4914 1752 4970 certa
1781 4907 1998 4988 aliqua
2046 4906 2410 4987 conjectura
2445 4903 2703 4983 assequi
2739 4917 2866 4965 non
2889 4907 3210 4980 poteram;
3243 4917 3385 4963 eam
3441 4900 3642 4978 cujus—

401 5010 577 5074 modi
619 5011 708 5072 in‘
743 5006 1113 5089 apographo
1145 5015 1307 5086 erat,
1359 5007 1428 5070 in
1461 5015 1638 5070 textu
1691 5008 1956 5090 reliqui,
1992 5024 2347 5088 vocemque
2379 5023 2526 5085 qua)
2561 5003 2946 5084 conjectanti
2985 5003 3146 5065 mihi
3179 5002 3446 5081 legenda
3493 5000 3645 5065 vide-

396 5110 711 5188 batur,.in
747 5109 1042 5174 inferiori
1074 5109 1360 5189 margine
1395 5110 1696 5189 apposui,
1733 5109 2066 5191 prmmisso
2099 5118 2169 5172 ῐσ.
2196 5126 2314 5172 seu
2345 5119 2499 5182 ῐσως,
2527 5109 2833 5190 fortasse;
2858 5113 2926 5170 ut
2949 5102 3356 5169 felicioribus
3385 5105 3637 5168 aliorum

398 5211 787 5294 conjecturis
820 5211 1033 5276 locum
1077 5228 1427 5292 ansamque
1471 5211 1846 5290 praeberem.
1881 5209 2207 5272 Nonnulla
2261 5216 2471 5272 tamen
2502 5208 2753 5272 eisdem
2781 5208 3014 5288 adjeci,
3050 5208 3131 5271 de
3187 5224 3464 5288 quorum
3477 5220 3638 5302 ‘vera

396 5331 833 5396 germanaque
865 5313 1264 5378 coarectione
1289 5313 1698 5377 levissimum
1743 5311 1842 5375 vel
1880 5310 2066 5390 plane
2089 5310 2342 5373 nullum
2381 5310 2542 5372 mihi
2573 5310 2782 5374 inerat
2810 5309 3116 5382 dubium,
3142 5316 3213 5371 ut
3243 5309 3424 5370 exiis
3448 5305 3638 5386 speci-

393 5418 592 5480 minis
631 5419 769 5482 loco
807 5419 1051 5496 peritus
1079 5419 1287 5481 lector
1332 5419 1588 5498 colligat
1621 5416 1912 5496 ingentia
1953 5423 2154 5478 errata
2213 5415 2454 5494 quibus
2485 5414 2699 5494 ipsum
2732 5415 3063 5494 exemplar
3117 5413 3184 5476 in
3217 5412 3498 5494 qualibet
3522 5409 3636 5472 fere

396 5531 574 5604 parte
601 5523 903 5588 scatebat.
941 5525 1271 5589 Cum-vero
1301 5526 1463 5588 adeo
1497 5523 1919 5603 indiligenter
1943 5522 2306 5601 exscriptus
2333 5520 2537 5583 codex
2565 5519 2677 5583 ille
2709 5519 3249 5595 sit,utdiximus,
3275 5517 3435 5580 illud
3468 5515 3636 5579 etiam

394 5624 716 5703 tuspicari
761 5625 1230 5705 licet,integras
1287 5625 1683 5706 quandoque
1715 5623 2031 5687 dictiones
2056 5641 2184 5702 prae
2212 5621 2548 5685 oscitantia
2575 5622 3034 5701 praetermissas
3057 5619 3262 5682 fuisse
3296 5636 3311 5681 :
3344 5635 3486 5698 quae
3511 5613 3635 5694 qui-

387 5729 543 5790 dem
595 5725 884 5804 suspicio
948 5726 1395 5805 interpretanti
1438 5726 1592 5790 mihi
1628 5725 1803 5788 haud
1862 5722 2062 5786 semel
2097 5724 2321 5788 oberta
2351 5732 2472 5789 est.
2536 5726 2721 5798 Loca,
2777 5723 2887 5786 ubi
2930 5721 3366 5801 apographum
3415 5720 3632 5781 nedum

386 5829 808 5906 mendosum,
837 5832 950 5895 sed
975 5840 1038 5895 et
1069 5831 1370 5896 mutilum
1421 5830 1631 5893 visum
1680 5828 1836 5891 mihi
1887 5835 2006 5909 est,
2042 5829 2108 5892 in
2142 5830 2312 5892 notis
2336 5828 2560 5908 aliqua
2600 5825 2933 5902 indicabo;
2965 5825 3089 5892 alia
3121 5843 3234 5904 per
3281 5843 3424 5890 sese
3459 5829 3632 5885 lector

1181 6099 1196 6126 β
1239 6091 1249 6101 .
