3860 6546
194 453 289 510 ιιῑὶῖ)
1016 451 1096 510 1N
1148 453 1576 523 SEQUENTIA
1611 454 2189 517 Til‘EUPllYLx‘iCTI
2229 457 2562 519 SCRIPTA.
3319 459 3426 522 434

193 553 450 614 fortasse
483 549 938 629 deprehendet.
981 554 1218 617 Verum
1273 558 1351 619 de
1408 560 1758 638 apographi
1822 562 2130 642 qualitate
2155 563 2286 645 jam
2329 566 2509 630 satis.
2543 569 2725 632 Nunc
2755 567 2834 632 d-e
2865 569 3012 633 loco
3034 588 3105 636 ac
3141 577 3428 651 tempore

192 670 310 733 quo
338 662 398 715 et
426 652 589 730 passi
638 662 945 732 martyres
977 665 1152 734 sunt,
1178 669 1237 721 et
1272 677 1496 724 eorum
1532 662 1835 726 translata
1884 681 2177 744 corpora,
2211 667 2563 750 adjungere
2589 687 2789 751 pauca
2814 670 3015 749 lubet,
3049 691 3195 754 qua;
3227 693 3328 738 res
3361 677 3428 738 in

192 755 294 816 hac
325 755 610 817 oratione
633 762 913 820 narratas
948 758 1170 838 aliquo
1194 762 1382 823 modo
1415 760 1834 826 illustrabunt
1859 766 2485 849 confirmabuntque.

261 883 432 944 XIX.
467 884 556 944 De
591 882 733 946 loco
772 885 1051 964 primum
1084 895 1144 948 et
1169 896 1456 967 tempore
1497 907 1628 969 quo
1665 892 1770 952 SS.
1812 897 2122 968 martyres
2175 894 2503 971 pertulere
2553 897 2956 976 martyrium,
2986 897 3090 960 vix
3125 899 3255 963 ulla
3285 920 3428 965 esse

189 988 380 1063 potest
416 981 778 1057 difﬁcultas,
811 1002 954 1047 cum
1018 994 1366 1068 utrumque
1421 991 1574 1052 satis
1617 991 1858 1054 diserte
1889 995 2450 1074 exprimatauctor
2478 995 2811 1077 inquiens,
2837 1000 3304 1080 Tiberiopolim
3339 1009 3434 1068 lo-

187 1100 344 1158 cum,
371 1091 624 1161 tempus
648 1102 802 1147 vero
833 1085 994 1148 illud
1019 1085 1222 1149 fuisse
1255 1107 1386 1168 quo
1416 1089 1658 1168 impius
1691 1092 1984 1155 Julianus
2017 1110 2337 1156 summam
2373 1094 2630 1174 imperii
2659 1097 2940 1161 tenebat.
2973 1101 3194 1179 Neque
3214 1101 3431 1165 solum

187 1187 464 1262 urbis,in
493 1205 620 1269 qua
654 1189 819 1268 passi
861 1199 1036 1264 sunt,
1082 1209 1312 1254 nomen
1342 1193 1670 1273 patefacit;
1708 1197 1824 1259 sed
1847 1195 2044 1260 situm
2078 1195 2270 1259 etiam
2303 1195 2596 1278 designat
2620 1198 2955 1278 inquiens,
2991 1219 3131 1264 eam
3161 1203 3435 1282 positam

187 1307 303 1348 esse
339 1287 422 1350 ad
454 1291 1014 1370 septentrionalem
1045 1291 1296 1372 plagam
1356 1295 1711 1357 Thessalont

1910 1307 2025 1362 κατ’
2048 1308 2225 1379 ἀρχὰς
2261 1309 2362 1380 τῆς
2412 1308 2600 1381 χώρας
2639 1309 2948 1381 Ἰλλυρίδος,
3008 1305 3077 1364 in
3111 1307 3434 1386 principio

191 1392 443 1472 Illyrici.
496 1395 566 1457 in
600 1397 913 1459 orationis
971 1399 1321 1478 epigraphe
1371 1400 1770 1481 adjungitur,
1814 1403 2028 1465 vocari
2086 1421 2223 1466 eam
2279 1403 2616 1484 Bulgarice
2663 1405 3073 1467 Strumitzam
3103 1425 3125 1465 :
3153 1408 3265 1468 sed
3308 1409 3438 1472 hinc

190 1507 489 1577 postrema
539 1501 732 1563 verba
784 1504 861 1563 ab
915 1504 1138 1583 aliquo
1167 1504 1402 1568 deinde
1436 1504 1698 1568 librario
1756 1495 1997 1586 adjecta
2031 1506 2261 1581 fuisse,
2297 1525 2411 1588 pro
2463 1515 2636 1571 certo
2688 1507 2895 1570 habeo
2931 1518 3106 1570 :tnm
3133 1509 3304 1589 quod
3369 1509 3436 1572 in

188 1599 458 1663 oratione
491 1607 617 1663 tota
651 1603 876 1664 civitas
924 1604 1030 1666 illa
1060 1615 1370 1686 perpetuo
1406 1607 1853 1686 Tiberiopolis,
1888 1626 2217 1688 nunquam
2241 1610 2586 1671 Strumitza
2620 1619 3072 1688 nuncupatur;
3106 1617 3240 1672 tum
3260 1612 3437 1691 quod

188 1721 250 1765 ea
273 1704 454 1766 verba
478 1703 698 1767 alieno
729 1705 850 1768 sita
882 1705 1023 1769 loco
1062 1716 1409 1771 cernantur
1443 1732 1457 1770 :
1489 1727 1702 1788 neque
1740 1710 1910 1771 enim
1935 1719 2184 1774 vetusto
2210 1711 2631 1791 Tiberiopolis
2665 1711 2940 1787 nomini,
2976 1723 3044 1776 ut
3077 1729 3437 1802 congruum

189 1815 325 1882 crat,
368 1807 855 1884 adhaerescunt;
889 1812 1001 1872 sed
1038 1821 1180 1890 post
1211 1830 1286 1876 ea
1323 1815 1536 1890 verba,
1587 1815 1767 1896 passi
1793 1824 1966 1891 sunt,
1989 1817 2206 1878 minus
2233 1825 2378 1894 apte
2412 1815 2710 1878 translata
2745 1824 2918 1879 sunt.
2945 1815 3440 1882 A‘cceditfuiSse

191 1914 244 1974 in
295 1913 513 1975 codice
577 1913 868 1976 vitiosam
920 1919 1470 1982 constructionem
1533 1920 1753 2002 (quam
1807 1937 1928 1999 ego
1984 1920 2052 1983 in
2135 1921 2308 1983 edito
2358 1921 2766 1998 emendavi);
2829 1937 2975 1983 cum
3052 1921 3227 1983 enim
3280 1925 3445 1979 Τισὶ-

191 2021 446 2091 ριουπὸὶει
501 2019 569 2080 in
612 2037 762 2082 casu
798 2029 994 2100 esset,
1024 2031 1094 2086 ut
1152 2023 1488 2106 inquiunt,
1542 2026 1713 2092 dativ

1913 2028 2228 2108 luebatur,
2257 2025 2587 2107 interjecla
2641 2043 2791 2088 voce
2827 2035 3319 2107 μαρτυρησάντων,
3368 2021 3437 2083 ίη

190 2115 456 2190 genitivo
498 2120 994 2198 ἐπονομαζομένης
1020 2126 1420 2199 Στρουμιτζης·
1451 2129 1704 2210 Ουίείίυ

1917 2147 2042 2195 non
2089 2147 2162 2191 ea
2193 2129 2518 2193 addiderit
2581 2129 2793 2203 verba,
2829 2145 2906 2192 eo
2945 2129 3130 2192 illam
3163 2127 3441 2192 consilio

191 2216 493 2284 addidisse
527 2223 919 2300 arbitror,ut
944 2229 1259 2292 Lectoriu
1282 2231 1424 2308 ipso
1449 2231 1659 2292 statim
1686 2232 1956 2294 exordio
1988 2229 2462 2310 Tiberiopolim,
2517 2231 2582 2292 in
2610 2247 2734 2310 qua
2770 2230 2867 2291 illi
2905 2229 3167 2292 subiere
3204 2235 3442 2306 marty-

193 2320 364 2398 rium,
400 2343 435 2388 a
494 2329 746 2392 caeteris
778 2330 1071 2412 ejusdem
1110 2335 1396 2396 nominis
1428 2335 1798 2398 civitatibus
1853 2336 2380 2416 distinguendam
2418 2352 2562 2398 esse
2603 2335 3019 2414 intelligeret.
3047 2335 3204 2396 Nam
3234 2332 3444 2395 etalia

195 2428 611 2510 'l‘iberiOpolis
643 2434 763 2497 fuit
795 2438 860 2498 in
886 2454 960 2500 ea
990 2439 1286 2518 Phrygia
1311 2441 1568 2522 majoris
1595 2449 1792 2520 parte,
1820 2459 1964 2522 quae
1997 2441 2232 2506 dicitur
2273 2441 2640 2516 Pacatiana;
2677 2439 2799 2502 alia
2841 2439 2905 2500 in
2954 2435 3168 2498 insula
3200 2435 3436 2516 Cypro,

194 2532 299 2592 alia
328 2535 615 2616 denique
647 2539 712 2601 in
765 2542 1011 2619 Europa
1038 2541 1114 2603 ad
1146 2543 1418 2604 Pontum
1448 2542 1806 2615 Euxinum;
1841 2544 1895 2605 si
1930 2543 2196 2622 quidem
2229 2559 2303 2605 ea
2335 2559 2482 2623 qua)
2510 2559 2680 2606 nunc
2707 2540 2921 2601 Barna
2956 2536 3049 2598 vel
3093 2537 3298 2597 l’arna
3333 2551 3444 2594 vov-

195 2643 351 2696 calur
384 2637 643 2718 (estque
689 2639 856 2703 haud
887 2642 1194 2722 ignobilis
1258 2643 1433 2719 urbs,
1499 2651 1717 2724 utpote
1749 2646 2484 2726 archiepiscOpaliaucta
2535 2639 3120 2724 dignitate),fuerit
3155 2639 3337 2712 olim,
3373 2644 3442 2700 ut

201 2739 359 2800 ιιιιιιιὶ
387 2743 709 2816 sentiunt,
753 2746 1182 2828 Tiberiopolis
1213 2748 1558 2828 appellata.
1619 2750 1748 2812 Alii
1776 2759 1985 2812 tamen
2029 2751 2096 2812 in
2131 2769 2200 2812 ea
2236 2758 2390 2812 sunt
2430 2748 2769 2828 Opinione,
2811 2743 2987 2828 quod
3031 2742 3236 2805 l'arna
3263 2741 3434 2801 idem

199 2853 260 2896 ac
289 2840 483 2917 prisca
518 2843 996 2925 Dionysiopolis
1055 2847 1170 2920 sit;
1218 2847 1329 2909 alii
1395 2863 1544 2910 vero
1573 2847 1880 2928 Odyssus,
1923 2849 2020 2911 vel
2071 2848 2357 2911 Odessus.
2406 2849 2501 2911 Ab
2555 2846 2861 2911 omnibus
2908 2844 3010 2906 his
3048 2860 3121 2907 ea
3169 2842 3442 2905 fortasse

202 2941 430 3004 diversa
475 2953 604 3018 est,
652 2946 997 3026 solumque
1046 2947 1128 3010 ob
1180 2948 1300 3011 loci
1334 2949 1887 3030 propinquitatem
1921 2952 2112 3014 modo
2147 2968 2260 3032 pro
2300 2967 2450 3026 una,
2509 2949 2698 3013 modo
2731 2964 2850 3043 pro
2889 2946 3014 3010 alia
3047 2950 3446 3008 vetustarum

203 3047 434 3110 urbium
457 3058 740 3128 sumpta.
770 3052 1209 3114 Certumillud
1245 3054 1524 3128 videtur,
1558 3055 1825 3118 omnino
1852 3055 2062 3135 decipi
2105 3073 2216 3118 eos
2269 3055 2385 3136 qui
2412 3051 2906 3134 TiberiOpolim.
2950 3065 3121 3114 nunc
3146 3045 3446 3112 Strumit-

205 3168 318 3212 2am
350 3153 445 3232 (de
468 3171 600 3232 qua
645 3151 747 3215 hic
776 3153 1166 3234 loquimur),
1201 3173 1348 3217 cum
1391 3157 1596 3221 Varna
1626 3175 1741 3220 seu
1774 3158 1972 3220 Barna
2003 3153 2444 3220 contundunt:
2477 3173 2620 3218 nam
2664 3159 2978 3235 quantum
3012 3151 3444 3231 Tiberiopolis

206 3253 632 3317 Strumitziana
696 3254 771 3332 (si
808 3253 1112 3316 claritatis
1145 3256 1352 3334 gratia
1391 3256 1478 3318 ita
1544 3255 1729 3337 loqui
1758 3255 1930 3336 licet)
1963 3275 1998 3320 a
2050 3261 2250 3320 Ponto
2271 3257 2464 3321 distet
2514 3257 2792 3332 Euxino,
2825 3261 3071 3319 constat
3111 3272 3192 3318 ex
3223 3254 3441 3316 dictis.

205 3354 345 3426 Quis
381 3357 583 3429 enim,
618 3357 747 3419 nisi
778 3359 1189 3438 geographia:
1223 3376 1488 3438 prorsus
1524 3359 1815 3440 ignarus,
1853 3360 2113 3435 dixerit,
2148 3361 2414 3421 l’arnam
2452 3376 2582 3421 esse
2604 3361 2686 3421 ad
2704 3359 3264 3439 septentrionalem
3290 3356 3441 3436 pla--

206 3473 324 3530 gam
355 3459 821 3522 Thessalonices
844 3462 912 3524 in
939 3463 1265 3542 principio
1291 3462 1607 3542 Illyridis,
1629 3463 2175 3542 quemadmodum
2203 3465 2251 3524 Τ
2261 3461 2468 3540 thph
2475 3461 2727 3543 ylactus
2755 3461 3031 3524 asseruit
3055 3459 3135 3522 de
3153 3457 3447 3520 Tiberio-

212 3559 359 3633 poli?
393 3564 479 3622 Ex
513 3561 634 3623 hac
659 3579 850 3642 porro
881 3566 1318 3648 descriptione
1354 3565 1766 3629 manifestum
1796 3564 2076 3638 videtur,
2098 3564 2742 3644 hujus'l‘iberiopolis
2776 3563 2988 3626 locum
3020 3559 3443 3626 intralimites

183 3649 581 3726 Macedonia:
610 3665 814 3728 fuisse
856 3684 930 3729 ea
981 3668 1047 3729 in
1084 3676 1259 3747 parte
1290 3685 1436 3749 quas
1461 3669 1752 3748 proxime
1781 3673 2025 3746 spectat
2047 3669 2330 3728 Moesiam
2364 3667 2768 3748 Superiorem
2792 3670 2987 3744 (nunc
3028 3663 3306 3726 Servium
3337 3678 3452 3723 vo-

210 3764 374 3845 cant),
397 3784 548 3846 qum
578 3770 972 3833 Macedonico
1005 3789 1147 3850 pars
1179 3771 1561 3852 aliquandiu
1594 3770 1802 3848 paruit
1837 3771 2258 3850 Bulgarorum
2285 3771 2560 3852 imperio
2595 3790 2610 3830 :
2646 3770 2886 3850 quippe
2919 3766 3446 3848 quod,regnante

213 3866 968 3940 Crubo,Thessalonicam
997 3889 1204 3952 usque
1247 3871 1776 3950 protendebatur,
1827 3879 1898 3935 ut
1926 3871 2448 3952 'l‘heOphylactus
2495 3871 2558 3932 in
2599 3870 2712 3931 hac
2744 3869 2880 3946 ipsa
2910 3867 3199 3929 oratione
3257 3869 3448 3925 testa-

212 3973 318 4027 tur.
355 3971 526 4033 Situs
571 3987 722 4034 vero
780 3971 902 4034 iste
964 3972 1460 4052 TiberiOpoleos
1495 3975 1737 4053 optime
1774 3973 2078 4053 congruit
2113 3991 2258 4035 cum
2311 3971 2670 4034 Strumitzce
2703 3970 2856 4040 situ,
2884 3976 2952 4028 ut
2982 3965 3307 4044 colligitur
3368 3978 3448 4021 ex

213 4071 549 4151 Nicephoro
579 4077 883 4153 Gregora,
909 4074 1024 4155 qui
1049 4092 1186 4137 eam
1219 4076 1551 4155 ingressus
1587 4083 1704 4151 est,
1748 4076 1902 4138 dum
1962 4075 2270 4154 Byzantio
2301 4091 2423 4136 una
2480 4090 2624 4136 cum
2659 4071 2884 4151 legatis
2913 4071 2986 4131 ad
3021 4068 3296 4140 Cralem,
3330 4083 3446 4126 scu

217 4194 404 4254 regem
469 4179 714 4241 Servim
756 4179 904 4242 illac
963 4181 1286 4242 transiens
1328 4181 1599 4255 Scupios
1651 4180 2192 4256 proﬁcisceretur.
2264 4177 2590 4240 Nonnulla
2621 4175 2836 4249 verba,
2874 4172 3118 4252 quibus
3183 4172 3303 4231 iter
3335 4167 3449 4230 ille

214 4296 378 4341 suum
411 4283 747 4358 describit,
779 4260 961 4364 juvat
995 4285 1099 4347 hic
1130 4284 1196 4346 in
1234 4283 1519 4346 medium
1557 4282 1882 4362 proferre;
1935 4282 2179 4360 quippe
2205 4298 2350 4358 quas
2382 4287 2862 4358 per0pportuna
2889 4275 3190 4336 videntur
3214 4270 3448 4332 conﬁr-

215 4387 438 4449 mandis
470 4389 731 4468 iisquae
759 4393 836 4451 de
871 4389 1300 4467 'l‘ibcriopolis
1333 4408 1445 4450 seu
1473 4388 1834 4451 Strumitzas
1887 4387 2016 4448 situ
2053 4385 2541 4465 exiguitaleque
2573 4400 2764 4461 supra
2783 4381 3092 4442 diximus.
3122 4379 3452 4439 Posterum

216 4488 426 4566 (inquit
457 4491 571 4552 ille
605 4492 852 4554 Histor.
892 4493 1129 4571 Byzant
1185 4492 1293 4554 lib.
1336 4510 1470 4559 vm,
1502 4509 1638 4570 cap.
1697 4490 1792 4564 11s,
1831 4508 2011 4553 num.
2042 4488 2102 4567 6)
2148 4505 2182 4550 a
2217 4488 2488 4550 transitu
2547 4483 2904 4564 Strymonis
2938 4480 3118 4542 ﬂuvii
3174 4480 3338 4541 diem
3383 4482 3450 4541 in

216 4586 412 4649 itinere
471 4599 669 4651 totam
723 4593 1234 4670 consumpsimus,
1297 4603 1351 4652 et
1383 4590 1464 4651 ad
1514 4587 1886 4669 oppidulum
1917 4588 2238 4668 (πολίχνιον,
2290 4586 2620 4668 parvulam
2675 4581 3007 4662 civitatem)
3063 4579 3451 4688 devenimusr

214 4688 355 4763 quod
377 4710 534 4770 pene
571 4711 768 4771 supra
790 4693 983 4755 nubes
1009 4695 1228 4755 eminet
1255 4694 1626 4772 (Strumitza
1652 4691 1726 4752 ab
1753 4692 1978 4754 incolis
2001 4691 2312 4772 vocatur),
2348 4688 2500 4750 adeo
2524 4697 2856 4768 prwrupto
2888 4694 2943 4746 et
2976 4683 3222 4746 excelso
3251 4683 3449 4741 monti

217 4787 574 4869 impositum,
617 4803 687 4856 ut
744 4795 1019 4855 homines
1065 4796 1132 4856 in
1156 4793 1658 4874 propugnaculis
1689 4793 1968 4855 sedentes
2007 4812 2035 4854 e
2062 4793 2222 4855 valle
2271 4790 2760 4872 suspicientibus
2791 4786 3185 4849 avicularum
3215 4780 3449 4845 similes

213 4890 659 4958 viderentur....
714 4898 924 4957 Tertio
979 4895 1121 4956 inde
1169 4896 1270 4958 die
1332 4896 1414 4957 ad
1451 4896 1846 4976 oppidulum,
1880 4895 2191 4969 πολίχνιον,
2240 4895 2617 4974 Scopiorum
2672 4891 3062 4961 divertim‘us,
3101 4891 3271 4968 ipsos
3311 4887 3450 4965 jam

219 4990 620 5055 Triballorum
645 4997 796 5074 fines
833 4996 1124 5074 ingressi,
1149 5015 1220 5057 ac
1247 4995 1790 5076 praeterlabentem
1809 4994 2079 5058 vidimus
2101 4993 2336 5056 Axium
2361 4992 2648 5074 ﬂuvium,
2683 4998 2802 5054 etc.
2842 4989 3094 5064 Quibus
3126 5005 3202 5051 ex
3234 4985 3448 5047 verbis

221 5096 607 5173 perspicuum
647 5097 948 5160 eﬂicitur:
990 5096 1043 5160 1.
1081 5099 1484 5163 Strumitzam
1527 5100 1694 5162 inter
1724 5099 1956 5162 ﬂuvios
1988 5102 2393 5180 Strymonem
2427 5104 2489 5160 et
2518 5095 2754 5160 Axium
2791 5094 2995 5157 fuisse
3029 5092 3447 5170 interjectam,

219 5200 270 5264 ει
315 5212 345 5256 a
401 5197 610 5276 priore
639 5201 838 5262 unius
895 5199 1148 5264 circiter
1182 5202 1312 5263 diei
1347 5201 1580 5265 itinere
1613 5201 1938 5276 dissitam,
1989 5199 2070 5263 ab
2117 5199 2254 5263 alio
2284 5216 2462 5274 vero,
2502 5197 2610 5259 ubi
2666 5197 2936 5275 Scupios
2983 5191 3452 5272 praeterlabitur

221 5298 502 5377 (proinde
533 5305 687 5366 etab
714 5306 870 5385 ipsis
893 5307 1194 5384 Scupiis).
1231 5305 1424 5368 trium
1446 5306 1698 5368 dierum
1731 5304 2066 5368 intervallo
2085 5299 2790 5374 distantem.2.Eam,si
2825 5299 2904 5360 ad
2940 5294 3451 5359 Thessalonicam

223 5403 531 5479 referatur,
558 5407 1124 5484 septentrionalem
1161 5406 1392 5482 fuisse,
1436 5407 1803 5488 cujusmodi
1834 5413 1898 5469 et
1954 5402 2394 5482 Tiberiopolis
2451 5409 2583 5464 erat
2627 5397 3106 5478 'l‘thphylacto
3154 5402 3338 5458 teste.
3389 5399 3449 5460 3.

221 5505 532 5570 Civitatem
564 5510 763 5571 fuisse
801 5511 1150 5587 parvulam,
1179 5509 1315 5571 sive
1349 5510 1538 5571 etiam
1571 5508 1954 5586 Oppidulum
1990 5507 2108 5569 uni
2154 5525 2239 5567 ex
2288 5503 2560 5582 prmaltis
2595 5503 2797 5563 limini
2829 5499 3068 5562 montis
3102 5498 3454 5562 verticibus

223 5608 530 5689 insidens;
591 5616 834 5694 quippe
891 5632 1075 5676 mons
1110 5613 1232 5676 iste
1291 5611 1738 5676 Macedoniam
1783 5611 2018 5673 dividit
2050 5611 2126 5673 ab
2160 5618 2427 5686 utraque
2463 5605 2680 5668 ltimsia
2712 5604 2822 5685 (α).
2872 5605 3019 5667 Haec
3056 5603 3274 5669 omnia
3307 5622 3455 5683 pcr-

288 5867 358 5933 (a)
395 5868 524 5924 Cum
549 5872 636 5926 his
672 5871 929 5923 ontnibus
954 5868 1238 5946 conscntit_
1274 5867 1568 5945 descriptio
1608 5864 1770 5946 hujus
1879 5862 2084 5917 niensis
2125 5859 2178 5914 in
2212 5856 2682 5946 suav-Geograpliia
2710 5853 3188 5946 flet:
3215 5863 3457 5946 ceter-eg

229 5928 385 6005 urbis,
420 5957 572 6012 quam
609 5941 826 5999 exhibet
855 5939 1097 5996 Mclclius
1129 5928 1576 6010 archiepiscopus
1607 5928 1773 5992 Atiic-
1883 5950 2036 6001 nova,
2082 5948 2200 6002 «μω
2253 5930 2401 5986 edita
2457 5939 2538 5986 cst
2582 5930 2668 5983 hic
2710 5928 2951 5983 Venetiis
3002 5928 3191 5979 Graece
3243 5933 3458 5998 tantum
