3860 6574
420 438 526 500 435
1477 443 1865 508 BONIFACH
1900 442 2208 506 FINETTI
2255 445 2648 507 PRIEFATIO
3575 440 3658 506 416

420 550 642 630 Spicua
668 559 842 629 sunt,
895 554 1018 616 nisi
1057 572 1192 618 mea
1223 572 1326 618 me
1380 555 1544 620 fallit
1574 555 1824 634 Opinio.
1868 557 2112 619 Verum
2153 554 2310 620 illud
2348 556 2719 633 obscurius,
2754 571 2879 635 qua
2913 571 3146 635 nempe
3183 553 3435 619 ratione
3485 553 3661 620 Theo-

424 651 758 738 phylactus
793 655 955 719 hanc
987 656 1431 737 TiberiOpolis
1464 657 1717 732 urbem,
1755 674 1876 721 seu
1909 658 2342 732 Strumitzam,
2375 657 2687 721 afﬁrmare
2718 659 3000 737 potuerit
3031 675 3173 720 esse
3202 667 3326 720 κατ’
3365 665 3535 738 ἀρχὰς
3577 668 3658 740 τῆς

421 765 606 837 χώρας
643 764 957 838 Ἰλλυρίδθς,
998 759 1291 837 proxime
1319 761 1388 826 in
1410 761 1740 840 principio
1773 761 2056 839 regionis
2085 758 2376 838 lllyridis
2405 779 2513 822 seu
2545 761 2818 840 Illyrici,
2853 778 2999 824 cum
3029 761 3107 822 ab
3125 760 3400 841 lllyride
3437 763 3662 842 praprie

423 869 702 942 sumpta,
764 877 954 940 quam
999 860 1240 922 Drinus
1297 861 1537 926 ﬂuvius
1568 878 1603 924 a
1642 861 2018 924 Macedonia
2064 861 2498 936 disterminat,
2540 863 2763 942 procul
2794 871 2966 927 esset
3010 863 3442 945 quorumdam
3487 866 3663 930 inter-

424 962 591 1023 vallo
621 962 873 1026 dierum
905 962 1260 1046 :etlllyrici
1297 961 1490 1024 latius
1523 961 1766 1041 accepti
1800 959 2086 1025 medium
2115 959 2248 1030 fere
2281 970 2559 1038 teneret,
2593 963 2782 1044 cujus
2816 981 2957 1042 pars
3006 963 3374 1039 orientalis,
3398 983 3512 1029 seu
3539 968 3664 1049 Illy-

425 1067 656 1140 ricum,
696 1075 764 1131 ut
799 1068 1128 1142 vocabant,
1187 1065 1546 1141 Orientale,
1584 1065 2030 1130 Macedoniam
2078 1083 2210 1129 una
2234 1083 2376 1129 cum
2435 1066 2650 1129 Daciis
2693 1083 2764 1130 ac
2794 1065 3043 1129 Mmsiis
3093 1082 3216 1130 suo
3248 1065 3490 1131 ambitu
3521 1087 3666 1132 com-

426 1168 840 1250 plectebatur.
937 1172 1178 1234 Verum
1250 1169 1594 1235 diIIicultas
1673 1171 2000 1235 evanescit
2059 1173 2320 1247 omnis,
2404 1171 2458 1234 si
2543 1170 2629 1235 ita
2693 1171 3143 1252 intelligantur
3228 1172 3663 1254 Theophylacti

425 1275 671 1352 verba,
737 1275 1287 1354 quemadmodum
1345 1273 1766 1355 intelligenda
1813 1291 1956 1338 esse
2006 1275 2580 1355 persuasissimum
2642 1273 2800 1339 mihi
2861 1282 2980 1351 est,
3039 1273 3350 1339 videlicet
3412 1279 3667 1349 Ἰλλύριδος

421 1380 629 1454 χώρας,
678 1377 971 1460 Illyridis
1001 1380 1261 1442 nomine
1296 1378 1399 1443 hic
1424 1379 1772 1460 significari
1798 1377 2066 1443 tractum
2091 1395 2348 1444 omnem
2384 1387 2725 1456 terrarum,
2751 1395 2947 1459 quem
2982 1377 3239 1459 Bulgari
3266 1377 3537 1458 Illyrica,
3569 1392 3665 1436 seu

423 1479 914 1564 Slavicalingua
953 1490 1208 1548 utentes
1232 1484 1324 1566 (ut
1354 1490 1415 1547 et
1447 1484 1639 1548 modo
1666 1482 1963 1566 utuntur)
1989 1485 2408 1566 occupabant,
2435 1492 2630 1566 atque
2662 1484 2730 1548 in
2766 1502 2948 1548 suam
2989 1484 3375 1564 redegerunt
3418 1489 3664 1559 potesta-

427 1591 589 1658 tem;
649 1592 710 1647 et
745 1603 939 1666 quem
995 1594 1126 1648 tum
1160 1586 1350 1649 etiam
1409 1585 1802 1662 incolebant,
1859 1587 2404 1668 cumimperatori
2466 1587 3182 1666 Constantinoiiolitano
3249 1584 3351 1667 (ut
3407 1593 3666 1660 tempore

426 1683 917 1766 TheOphylacti)
950 1687 1272 1765 parebant.
1307 1689 1445 1749 tam
1477 1702 1631 1750 vero
1669 1686 1958 1768 Illyridis
1984 1687 2080 1749 sic
2099 1695 2376 1768 acceptio
2417 1687 2617 1767 prima
2669 1705 2810 1768 quae
2837 1689 3117 1750 occurrit
3161 1687 3392 1751 civitas
3415 1703 3489 1748 ex
3516 1684 3664 1785 (ine:

426 1787 546 1860 cia,
582 1805 652 1850 ac
687 1788 1095 1870 potissimum
1133 1791 1621 1866 Thessalonica,
1657 1790 2072 1856 venientibus
2097 1791 2234 1855 hinc
2265 1800 2387 1869 est,
2424 1793 2505 1855 de
2530 1808 2658 1873 qua
2692 1790 3050 1874 loquimur,
3083 1790 3466 1863 Strumitza;
3497 1787 3666 1867 idque

428 1901 680 1958 constat
713 1912 790 1958 ex
826 1912 929 1972 eo,
965 1895 1139 1975 quod
1190 1903 1250 1958 et
1288 1894 1442 1958 alibi
1473 1894 2082 1973 animadvertimus,
2134 1896 2448 1959 nimirum
2499 1894 2812 1976 Bulgaros
2849 1910 3062 1972 usque
3097 1894 3175 1956 ad
3225 1889 3668 1956 Thessalonica

425 1999 587 2060 fines
626 2014 816 2064 suum
850 1998 1205 2078 protulisse
1237 1999 1631 2082 imperium;
1661 2006 1854 2081 atque
1879 1999 2074 2064 etiam
2113 2017 2192 2064 ex
2229 2016 2306 2064 eo
2332 2001 2502 2084 quod
2525 1997 3326 2076 subindicatNicephorus
3361 1997 3666 2073 Gregoras,

426 2117 600 2164 sacra
645 2101 986 2181 paschalia,
1014 2104 1257 2184 quibus
1292 2103 1404 2166 ille
1441 2105 1758 2182 interfuit,
1792 2104 2125 2185 Bulgarica
2182 2124 2300 2170 seu
2343 2105 2682 2170 Slavonica
2714 2104 2936 2182 lingua
2966 2101 3174 2165 fuisse
3206 2099 3564 2164 Strumitzaa
3587 2117 3667 2162 ce-

426 2205 690 2275 lebrata.
724 2211 816 2275 Ex
848 2226 980 2292 quo
1026 2210 1210 2291 plane
1237 2227 1648 2292 consequens
1681 2220 1801 2290 est,
1832 2218 1969 2274 tum
2009 2228 2148 2276 eam
2181 2211 2506 2276 habitasse
2543 2209 2878 2290 Bulgaros,
2913 2225 3030 2274 seu
3054 2213 3320 2288 gentem
3353 2204 3662 2284 Illyricam.

425 2310 548 2371 Sed
583 2312 798 2389 ipsum
834 2313 1074 2376 referre
1111 2316 1462 2394 Gregoram
1495 2322 1771 2396 praestat,
1804 2315 1917 2395 qui
1949 2314 2106 2378 satis
2157 2314 2377 2395 lepide
2423 2313 2734 2380 describit
2762 2321 3018 2378 cantum
3051 2326 3182 2392 quo
3235 2306 3493 2389 Bulgari
3525 2307 3666 2368 Stru-

427 2410 710 2476 mitziani
737 2417 1100 2496 paschalem
1148 2419 1621 2482 solemnitatem
1655 2419 2087 2484 celebrabant.
2149 2419 2248 2482 Ibi
2274 2418 2519 2482 Pascha
2549 2418 2659 2497 (ait
2692 2417 2834 2482 loco
2865 2431 3055 2494 supra
3105 2411 3330 2493 citato)
3364 2410 3595 2473 moleste
3620 2415 3666 2471 rt

421 2522 664 2590 pra'ter
704 2525 966 2579 veterem
1011 2529 1294 2581 nostram
1343 2521 1878 2597 consuetudinem,
1914 2518 2022 2581 sed
2077 2530 2283 2583 tamen
2320 2521 2794 2584 celebravimus.
2829 2517 2928 2583 Ibi
2959 2519 3118 2582 enim
3149 2517 3355 2578 omnis
3386 2513 3659 2586 doctrina,

424 2613 704 2692 rhythmi
733 2623 792 2676 et
811 2634 1007 2678 sacrae
1034 2618 1382 2698 hymnodicc
1412 2623 1652 2682 musica
1678 2637 1798 2700 pro
1818 2621 2016 2700 nugis
2049 2619 2404 2684 habentur:
2437 2621 2669 2700 quippe
2686 2619 2993 2700 oppidani
3023 2617 3305 2682 barbara
3333 2617 3462 2695 fere
3482 2615 3662 2693 lingua

423 2726 716 2793 utantur,
749 2729 806 2782 et
837 2721 918 2782 iis
949 2722 1077 2783 sint
1099 2722 1378 2784 moribus
1400 2724 1506 2803 qui
1526 2733 1813 2786 aratrum
1836 2736 1894 2786 et
1926 2723 2194 2803 ligonem
2223 2725 2292 2786 in
2315 2724 2547 2804 primis
2581 2722 2856 2786 deceant.
2885 2721 3095 2800 Neque
3118 2720 3282 2781 enim
3320 2737 3452 2785 eum
3480 2734 3662 2777 sonum

425 2817 707 2893 edebant,
732 2822 864 2900 qui,
894 2823 1012 2886 etsi
1036 2823 1527 2899 scmibarbarus,
1556 2834 1760 2887 tamen
1789 2825 2146 2887 modulatus
2173 2829 2366 2902 foret,
2395 2826 2697 2905 etaliquis
2723 2825 2859 2904 ipse
2889 2840 3130 2902 quoque
3154 2839 3286 2884 esse
3315 2827 3659 2890 censeretur,

420 2925 490 2976 ut
520 2915 909 2998 scmilydius,
945 2929 1004 2981 et
1055 2923 1112 2984 si
1143 2924 1240 3002 {as
1274 2922 1506 3000 dicere,
1535 2925 2034 3005 semiphrygius:
2077 2925 2186 2987 sed
2229 2924 2572 2990 belluinum
2597 2925 2789 3005 plane
2834 2933 2890 2987 et
2919 2931 3288 2984 montanum
3335 2917 3661 2980 sonabant:

423 3030 542 3088 quo
581 3015 717 3076 ritu
753 3016 1048 3079 nomadas
1097 3020 1226 3100 ipsi
1259 3021 1550 3083 canerent
1574 3022 1869 3102 gregibus
1903 3025 2035 3086 suis
2054 3033 2406 3103 praeeuntes
2463 3024 2547 3086 ad
2573 3026 2737 3106 juga
2787 3032 2844 3086 et
2872 3020 3082 3104 sylvas
3105 3039 3248 3082 vere
3313 3037 3490 3095 novo,
3550 3034 3662 3080 cum

425 3111 666 3190 cymbia
696 3115 855 3179 lacte
894 3119 1242 3186 exundant.
1286 3124 1433 3187 Haec
1465 3123 1880 3206 hyperbolica
1907 3126 2229 3190 scribendi
2261 3128 2425 3190 ratio
2455 3129 2674 3191 Grreco
2723 3126 2973 3192 homini
3004 3174 3019 3200 ,
3054 3123 3498 3204 principisque
3530 3117 3662 3182 civi-

426 3215 574 3277 tatis
600 3218 807 3285 cultui
843 3232 1103 3286 assueto
1141 3225 1492 3289 condonari
1528 3235 1760 3307 potest.
1805 3227 2070 3293 Interim
2098 3247 2248 3294 vero
2281 3248 2359 3295 ex
2415 3229 2528 3294 illa
2560 3229 2775 3309 colligi
2818 3229 3102 3303 videtur,
3157 3227 3401 3290 incolas
3432 3221 3660 3288 Strumi-

429 3314 676 3385 leianos
709 3340 918 3404 neque
945 3325 1205 3390 natione
1237 3328 1513 3405 Graecos,
1543 3347 1752 3411 neque
1789 3331 2000 3394 Greece
2026 3331 2092 3394 in
2124 3331 2322 3395 sacris
2352 3331 2575 3414 lingua
2617 3349 2773 3396 usos
2826 3331 3030 3396 fuisse
3058 3353 3075 3406 ;
3101 3331 3398 3412 adeoque
3420 3327 3511 3389 vel
3541 3321 3658 3385 Bul-

425 3443 641 3507 garos,
690 3428 788 3492 vel
819 3430 1101 3512 Servios,
1132 3433 1228 3495 vel
1285 3441 1457 3498 certe
1489 3435 1777 3516 aliquem
1807 3453 1884 3499 ex
1916 3435 2180 3518 Illyrico
2217 3436 2554 3518 pOpulum.
2591 3440 2816 3518 Neque
2847 3436 3021 3500 enim
3059 3434 3306 3516 lingua,
3349 3449 3470 3513 qua
3515 3430 3658 3492 Stru-

430 3530 719 3596 mitziani
751 3551 927 3598 saera
963 3537 1516 3617 peragebant,alia
1538 3538 1746 3604 fuisse
1771 3543 2024 3604 videtur
2058 3549 2288 3623 praeter
2325 3541 2804 3606 Schlavonicam
2834 3541 2942 3621 (α).
2969 3540 3140 3616 Quid
3175 3537 3354 3619 quod
3387 3538 3657 3612 Gregoras

425 3635 568 3708 ipse
609 3638 991 3716 praecedenti
1057 3657 1234 3704 num.
1285 3649 1525 3717 monet,
1563 3642 1688 3706 loci
1734 3644 1911 3707 illius
1957 3647 2112 3723 (tum
2145 3661 2298 3709 vero
2321 3645 2526 3710 adhuc
2553 3645 2769 3708 aberat
2806 3644 3151 3708 Strumitza
3190 3642 3327 3706 t'ere
3373 3642 3657 3716 integrum

426 3737 682 3800 itineris
707 3738 906 3821 diem)
938 3739 1178 3802 incolas
1207 3742 1545 3823 plerosque
1579 3745 1908 3822 Mysorum
1953 3744 2106 3825 (seu
2143 3746 2517 3824 Musarum)
2567 3743 2825 3806 colonos
2863 3743 3084 3822 fuisse.
3123 3742 3505 3804 Persuasum
3534 3747 3656 3795 vero

425 3838 654 3914 habeo,
691 3841 1040 3921 Mysorum,
1069 3859 1186 3905 seu
1219 3844 1562 3908 Moesorum
1611 3844 1875 3908 nomine
1908 3844 2014 3908 hic
2053 3845 2363 3925 Bulguros
2394 3842 2773 3925 signiﬁcari,
2809 3842 2906 3905 vel
2941 3841 3199 3906 Servios
3263 3840 3552 3919 (uterque
3581 3835 3656 3894 est

427 3943 890 4009 Schlavonicus
951 3947 1264 4027 p0pulus)
1316 3947 1432 4029 qui
1486 3955 1828 4029 utramque
1889 3950 2169 4014 Moesiam
2214 3949 2467 4030 jamdiu
2509 3948 2901 4014 incolebant.
2939 3948 3038 4008 Ex
3073 3944 3343 4026 quibus,
3378 3941 3442 4004 ni
3477 3935 3654 4007 fallor,

425 4051 583 4112 satis
615 4057 714 4115 est
751 4051 1184 4131 asploratum,
1239 4069 1371 4115 non
1403 4054 1730 4117 immerito
1783 4053 2338 4136 TheOphylactum
2396 4071 2687 4117 asserere
2732 4049 3053 4133 potuisse,
3091 4047 3519 4125 Strumitzam,
3559 4055 3655 4101 seu

427 4154 895 4234 'l'iberiopolim
926 4153 1131 4218 fuisse
1162 4156 1461 4236 proxime
1494 4157 1562 4220 in
1595 4157 1922 4238 principio
1939 4158 2220 4237 regionis
2251 4157 2556 4236 Illyricae.

506 4258 652 4320 XX.
707 4255 828 4320 Sed
863 4255 1059 4320 alicui
1091 4256 1362 4321 fortasse
1394 4256 1773 4337 scrupulum
1815 4257 2089 4336 ingeret,
2123 4256 2298 4337 quod
2342 4271 2530 4318 nemo
2556 4260 2847 4318 veterum
2879 4251 3266 4331 scriptorum
3293 4258 3653 4313 memorave-

427 4363 506 4425 rit
569 4360 765 4424 ullam
830 4361 1252 4441 Tiberiopolis
1297 4362 1520 4425 urbem
1555 4377 1631 4423 eo
1673 4361 1816 4436 loci,
1870 4360 1980 4423 ubi
2012 4359 2421 4439 postmodum
2469 4357 2810 4420 Strumitza
2843 4355 2984 4429 fuit,
3033 4354 3468 4418 exsistentem.
3521 4347 3653 4407 Sane

425 4461 764 4536 Cellarius,
797 4461 1082 4544 antiquae
1099 4461 1506 4543 geographiae
1537 4462 2009 4525 solertissimus
2049 4461 2495 4542 investigator,
2525 4455 3018 4538 lTiberiopolim
3051 4456 3146 4518 ibi
3183 4453 3427 4518 nullam
3482 4458 3665 4544 δεῦρ-Ι

421 4569 564 4630 scit.
594 4571 816 4651 Neque
845 4542 1036 4631 etiam
1069 4542 1133 4632 i
1159 4589 1277 4634 sex
1299 4572 1565 4636 Notitiis
1596 4569 1836 4634 Griecis
1870 4567 2433 4631 Patriarchatuum
2475 4572 2531 4628 et
2567 4563 2807 4626 sedtum
2838 4559 3312 4642 episcopalium,
3349 4568 3488 4636 qua!
3521 4542 3665 4651 refl?"z

425 4678 654 4739 runtur
702 4645 779 4734 ad
839 4673 1078 4737 calcem
1128 4674 1360 4737 Codini
1409 4675 1498 4736 De
1552 4675 1780 4755 ofﬁciis
1826 4674 1895 4737 in
1929 4673 2209 4751 Corpore
2249 4670 2536 4736 historias
2582 4667 2976 4750 Byzantinus,
3038 4664 3169 4729 ulla
3211 4664 3276 4727 ﬁt
3319 4655 3557 4762 mentio-

421 4775 792 4853 apiscOpatu
827 4777 1382 4855 TiberiOpolitano
1410 4779 1508 4842 vel
1569 4777 2046 4843 Strumitziano.
2077 4778 2150 4840 In
2189 4777 2613 4856 Expositione
2644 4773 2909 4856 quidem
2943 4767 3296 4834 Andronici
3349 4757 3668 4866 Ρειωίξξτζξξῖ

421 4850 705 4936 senioris
749 4850 1220 4955 metrOpolibus
1269 4885 1734 4941 annumeratur
1765 4879 1904 4958 ipsa
1963 4878 2157 4942 etiam
2232 4850 2870 4957 Tiberiopolis-urbs,
2917 4872 3291 4951 diciturque
3331 4885 3409 4931 ex
3481 4850 3672 4937 LXIII“i

419 4976 581 5039 facta
611 4978 866 5042 LXXV.
894 4979 1015 5040 Sed
1052 4978 1423 5057 hujusmodi
1456 4978 1921 5060 Tiberiopolim
1959 4981 2181 5044 urbem
2232 4979 2400 5042 haud
2443 4994 2585 5041 esse
2619 4977 3030 5042 Strumitzam
3069 4975 3133 5036 in
3169 4968 3485 5053 principio
3515 4960 3644 5038 Illy-

420 5252 509 5294 an.
557 5233 706 5290 "28.
751 5231 885 5302 Ejus
917 5230 1088 5302 verba,
1113 5240 1282 5287 sunt:
1314 5228 1864 5302 Στροὺμιτζαῄπόλις
1897 5233 1944 5284 τε

2114 5229 2258 5302 passi
2288 5231 2418 5283 sunt
2445 5224 2539 5279 XV
2556 5231 2924 5302 _ma_rtyres,et
2952 5239 3075 5295 qua:
3092 5239 3218 5302 vere
3245 5223 3298 5278 in
3325 5228 3499 5302 monte
3525 5222 3638 5302 erat.

419 5291 740 5381 Τέιὸελλῷν
793 5291 874 5366 Et;
913 5302 984 5381 τᾲ
1023 5291 1758 5381 πέρεξτεαειτῆίΜάκξὸονςας
1799 5291 1936 5381 pera

2116 5291 2426 5381 lﬁoquuntur.
2457 5304 2527 5352 At
2554 5291 2900 5381 hodiernam.
2936 5291 3058 5381 uiue
3083 5306 3136 5351 et
3159 5294 3314 5378 Nora
3345 5292 3446 5381 dici
3475 5291 3640 5381 pelei"

417 5365 513 5430 τόῦ
546 5365 863 5454 Στρύμρνλοςί
890 5375 1004 5454 κςιιὶ⁶
1025 5365 1119 5454 eo?)
1151 5365 1612 5454 ςΛξίουέξ-οταμῷν
1636 5365 1941 5454 ξύριεξᾶαξμέι

2113 5365 2464 5452 Strumitzam
2502 5367 2568 5422 ad
2609 5366 2799 5454 pedlem
2829 5365 3075 5449 ejusdem
3103 5367 3637 5454 montisesstaregle;

548 5429 870 5514 δέρῆμῖνῶδεξ
919 5443 1016 5497 καὶ
1058 5429 1334 5510 ἀπότομον
1373 5429 1519 5514 ὃροέ,
1544 5429 1746 5509 ἀπέχὸν
1772 5429 1880 5514 ἀπὸ
1908 5461 1945 5496 τι

2117 5442 2350 5514 terisque
2373 5429 2761 5514 tantummodo
2792 5429 2977 5514 ruinas
3026 5452 3337 5508 superesse,
3375 5429 3591 5489 inaudivi
3617 5437 3641 5477 a

420 5508 836 5585 Σιέιοῦὴίῖιριῶν
865 5515 1090 5586 ἡμερῶηέ
1118 5508 1393 5586 δρόμῳ..ξ
1409 5508 1568 5586 Ἀῦτῃ
1591 5514 1624 5583 ἠ
1655 5508 1944 5586 Στρούμιτζ

2102 5513 2220 5586 viro
2238 5511 2492 5586 locorum
2525 5508 2742 5563 illorum
2781 5508 2978 5586 perito.
3528 5567 3583 5586 ne

419 5589 670 5643 ἐκαλεῖτο
699 5567 759 5640 :rb
791 5567 1010 5656 πράίτοῖ)
1045 5567 1486 5656 ῨΤιεέρίοὑποὶάς.
1524 5567 1846 5656 S'tr'umitza'
1873 5600 1943 5638 ur.

2113 5653 2118 5656 _
2174 5580 2500 5656 (a)__lloc__u_t
2550 5592 2754 5632 meram
2781 5567 3168 5656 conjecturam
3217 5589 3500 5656 propono;
3519 5567 3637 5656 Alias

421 5641 784 5714 Triballornm
834 5641 975 5710 inter
1021 5641 1210 5724 fluvio;
1259 5641 1578 5724 Slrymbnen
1607 5664 1657 5708 et
1684 5654 1873 5708 Axium
1928 5655 1997 5708 ad
2107 5641 2370 5724 Lnau'divi,
2411 5651 2524 5724 illic
2556 5663 2703 5724 nunc
2763 5641 2920 5724 supra
2967 5641 3438 5724 celebrari'lingua
3466 5641 3638 5724 (ξηθῇ

416 5732 548 5801 {inca
582 5725 914 5801 Macedonia:
939 5716 1218 5801 reperitur,
1265 5727 1318 5801 in
1354 5716 1720 5801 "prscripitict
1769 5725 1995 5801 abrupto
2106 5722 2363 5776 Fortasse
2393 5722 2576 5801 etianL
2592 5720 2770 5774 solum
2812 5716 3017 5774 Graeca:
3054 5719 3252 5801 linguas
3277 5716 3636 5801 corruptioqﬂ

416 5776 630 5853 Sisini?
645 5776 1389 5874 faciams‘siirpinjyiig.’
1407 5776 1994 5874 dierb'mitiner—ele—c
2105 5802 2298 5874 notare
2327 5792 2499 5845 voluit
2537 5791 2832 5864 Gregoras,
2865 5804 2989 5846 cum
3030 5776 3285 5859 ait,villos
3318 5776 3530 5844 barb'ara
3552 5776 3639 5848 [ττι

415 5871 542 5925 urbs
572 5870 803 5938 primum
843 5864 1127 5924 bocabalur
1153 5864 1514 5938 Tiberibpolig.
1547 5867 1820 5938 Caeterum
1867 5881 1994 5920 cum
2105 5864 2286 5936 lingua
2311 5877 2443 5920 usos
2471 5875 2612 5919 esse.

413 5936 706 6016 Gregoras,
749 5948 866 5998 tum
899 5939 1152 6000 Meletius
1177 5939 1245 5995 de
1267 5938 1436 5994 veteri
1462 5936 1780 6004 Strumitza,
1811 5937 1865 5992 in
1888 5951 2000 6007 qua
