3860 6566
253 417 372 476 ιιιὶΠ
1103 417 1179 480 L‘l
1233 417 1668 490 SEQUENTIA
1705 419 1777 480 Τ]

2017 419 2296 481 ζΥΙΑΟΤΙ
2339 420 2684 482 SCRIPTA.
2894 416 2900 421 ’
3439 419 3541 479 433

257 520 391 587 rici
431 529 642 604 sitam,
697 531 810 592 sed
869 531 1083 607 potius
1130 531 1406 592 Varnam
1431 531 1509 593 ad
1559 533 1827 594 Pontum
1858 533 2212 605 Euxinum,
2253 549 2330 594 eo
2374 532 2492 594 loci
2526 531 2763 593 diserte
2791 531 3162 594 allirmatur.
3197 531 3318 591 Sed
3383 529 3538 596 lucc,

257 631 574 704 quamvis
612 647 780 703 vera,
816 648 1069 692 movere
1099 639 1304 692 tamen
1337 631 1663 693 neminem
1688 631 1944 694 debent.
1985 633 2208 710 Neque
2240 631 2411 692 enim
2437 627 2656 692 omnia
2685 634 2954 692 omnino
2990 631 3122 692 loca
3152 628 3247 690 vel
3285 627 3543 706 mgnita

255 742 302 788 a
335 731 668 792 veteribus
698 730 1085 810 geographis
1137 738 1310 803 sunt,
1347 733 1447 795 vel
1507 735 1834 796 memorias
1866 733 2098 796 tradita
2149 741 2604 812 posterorum;
2649 733 2761 795 sed
2805 733 2899 796 vel
2947 732 3163 812 aliqua
3227 732 3539 810 ignorata,

259 831 372 890 vel
436 847 563 909 prae
613 847 728 893 sua
761 832 1108 911 exiguitate
1144 831 1600 914 prtetermissa.
1637 835 1993 912 Scriptores
2052 849 2202 896 vero
2236 833 2472 911 reliqui
2513 834 2772 896 nonnisi
2833 833 3317 913 (inportunitate
3375 834 3541 896 data.

260 932 674 994 mentionem
705 931 912 995 facere
955 943 1437 996 consueverunt
1494 934 1827 998 civitatum
1866 935 2281 1016 aliorumque
2313 934 2628 997 locorum.
2689 936 3124 1008 Quamobrem
3192 933 3542 1009 Cellarius,

255 1032 532 1095 tametsi
571 1032 1136 1113 diligentissimus,
1199 1035 1372 1098 locus
1403 1035 1658 1115 aliquos
1703 1039 2156 1116 prmtermisit;
2218 1037 2574 1114 praasertim
2630 1053 2784 1098 vero
2835 1035 3036 1117 (quod
3076 1037 3244 1111 ,faci-t
3275 1035 3343 1098 in
3406 1051 3543 1098 rem

255 1141 588 1220 nostram)
616 1139 851 1202 nullam
889 1139 968 1202 ad
1000 1143 1268 1202 Pontum
1302 1141 1630 1204 Euxinum
1662 1140 2128 1222 Tiberioiiolim
2162 1147 2495 1212 memorat,
2529 1157 2720 1222 quam
2747 1148 2956 1204 tamen
2989 1141 3321 1204 exstitisse
3345 1141 3544 1204 dubi-

245 1241 396 1311 tari
435 1244 536 1304 vix
581 1251 812 1322 potest.
849 1245 922 1307 In
955 1245 1191 1308 Grtecis
1216 1262 1480 1326 quoque
1511 1247 1770 1311 Notitiis
1802 1263 1946 1327 quae
1971 1247 2182 1311 adhuc
2223 1253 2599 1328 supersunt,
2643 1247 3051 1326 episc0patus
3082 1245 3264 1309 fuere
3298 1245 3545 1326 aliquot

254 1347 717 1426 prastermissi,
746 1357 815 1417 ut
843 1351 1076 1414 eruditi
1105 1350 1498 1431 jampridem
1553 1355 1966 1419 adnotavere.
1991 1356 2303 1419 Cmterum
2331 1371 2412 1416 ex
2443 1369 2521 1416 eo
2551 1353 2742 1415 etiam
2775 1351 2930 1414 oriri
2968 1352 3175 1429 potuit
3211 1350 3544 1413 silentium

251 1449 688 1528 episc0patus
735 1450 1294 1532 TiberiOpolitani,
1340 1453 1517 1535 quod
1577 1453 1712 1517 haec
1741 1454 1988 1530 civitas,
2017 1455 2307 1536 quandiu
2355 1471 2590 1516 nomen
2642 1452 2814 1514 istud
2850 1451 3148 1525 retinuit,
3178 1468 3380 1513 unum
3415 1450 3545 1511 for-

252 1559 471 1626 tasse,
507 1554 607 1619 vel
639 1555 916 1620 alterum
939 1557 1236 1621 habuerit
1265 1561 1644 1640 episcopum
1678 1577 1694 1636 ;
1727 1578 1872 1624 cum
1906 1560 2078 1623 haud
2107 1560 2308 1623 multo
2343 1567 2483 1636 post
2527 1556 2907 1637 martyrium
2965 1555 3321 1625 Theodori,
3353 1550 3542 1630 primi

252 1655 569 1736 ejusdem
601 1659 879 1723 civitatis
911 1662 1226 1740 episcOpi,
1259 1672 1496 1727 vastata
1528 1664 1726 1728 fuerit
1759 1665 1970 1746 primo
2012 1665 2278 1744 quidem
2311 1664 2390 1725 ab
2434 1662 2719 1734 Ombris,
2753 1659 3050 1722 deindea
3091 1655 3417 1734 Bulgaris,
3467 1661 3541 1715 ut

249 1757 431 1817 satis
457 1755 696 1821 indicat
714 1761 806 1822 vel
831 1760 1020 1822 istius
1043 1769 1268 1824 auctor
1292 1764 1612 1839 epusculi.
1631 1766 1815 1840 Quod
1839 1781 1988 1827 vero
2005 1781 2214 1845 neque
2231 1764 2359 1826 alio
2389 1760 2808 1832 subnomine,
2840 1759 3150 1821 nimirum
3165 1756 3544 1821 Strumitzw.

253 1861 696 1927 annumerala
719 1865 984 1928 sedibus
1025 1867 1510 1946 episc0palibus
1554 1870 1944 1943 inveniatur,
2001 1869 2164 1931 illud
2201 1869 2547 1930 videturin
2593 1881 2784 1927 causa
2838 1862 3046 1925 fuisse
3095 1862 3267 1940 quod
3330 1858 3544 1920 archi-

259 1963 588 2045 episcOpo
612 1972 991 2044 αὐτοκεφάλῳ.
1022 1970 1126 2030 sui
1139 1971 1344 2052 juris,
1387 1989 1506 2034 seu
1540 1973 1790 2036 nullius
1821 1971 1948 2034 sub
1969 1969 2605 2052 patriarehaaditione
2638 1965 3010 2036 constituto,
3045 1964 3346 2024 subesset
3375 1959 3548 2040 (nam

256 2064 338 2126 in
396 2065 720 2143 prtedictis
775 2067 1032 2132 Notitiis
1069 2071 1484 2136 solummodo
1534 2083 1955 2138 recensentur
2011 2075 2204 2138 sedes
2233 2070 2637 2153 episcopales
2682 2087 2830 2149 quas
2877 2067 3170 2146 quinque
3239 2062 3547 2124 suberant

261 2164 701 2246 patriarcbis)
751 2191 765 2231 :
803 2168 932 2231 nisi
979 2171 1194 2234 dicere
1229 2172 1439 2249 malis,
1474 2173 1700 2236 urbem
1731 2173 1894 2236 hanc
1931 2189 2057 2236 non
2087 2173 2447 2236 Strumilza:
2477 2167 2740 2231 nomine
2766 2166 3053 2245 (quippe
3087 2162 3261 2242 quod
3322 2159 3550 2238 Bulga‘

263 2263 481 2326 ricum
511 2267 631 2347 est)
662 2269 773 2332 sed
808 2272 1023 2334 Graaco
1044 2273 1172 2336 alio
1203 2273 1513 2338 vocabulo
1544 2274 1610 2336 in
1643 2274 1888 2338 eisdem
1917 2273 2171 2339 Notitiis
2226 2271 2552 2352 designari
2582 2286 2596 2330 :
2626 2275 2733 2330 aut
2764 2267 3026 2329 demum
3057 2265 3206 2326 ideo
3271 2259 3547 2323 Strumi-

261 2379 442 2436 tzam
499 2390 627 2436 non
691 2381 1041 2453 recenseri,
1096 2383 1248 2462 quia
1284 2382 1460 2446 sedis
1497 2385 1888 2465 episcOpalis
1917 2384 2228 2447 honorem
2265 2390 2370 2446 aut
2415 2379 2610 2445 nimis
2647 2395 2792 2443 sero
2840 2377 2923 2439 sit
2951 2377 3204 2454 adepta,
3255 2381 3365 2435 aut
3421 2370 3550 2433 cito

270 2475 481 2540 nimis
512 2477 826 2558 amiserit,
859 2493 966 2547 aut
997 2486 1208 2549 solum
1249 2488 1440 2550 certis
1473 2496 1831 2567 temporum
1863 2486 2225 2551 intervallis
2271 2501 2344 2547 ea
2376 2485 2690 2563 dignitate
2722 2481 2919 2544 fuerit
2951 2477 3256 2558 insignita
3291 2474 3546 2557 (quem-

268 2582 628 2647 admodum
680 2593 741 2648 et
770 2587 918 2649 aliis
983 2588 1253 2668 contigit
1304 2588 1590 2666 parvulis
1634 2586 2054 2669 civitatibus),
2089 2588 2382 2665 adeoque
2418 2591 2550 2646 tum
2590 2583 2796 2661 potuit
2831 2581 2944 2643 hac
2981 2575 3397 2659 praerogativa
3447 2588 3551 2635 ca-

272 2702 451 2760 rere,
480 2702 626 2747 cum
683 2687 1148 2766 episcOpaIium
1207 2690 1466 2753 sedium
1510 2689 1775 2770 calaIOgi
1817 2691 1931 2770 qui
1961 2691 2036 2752 ad
2068 2705 2186 2751 nos
2222 2705 2428 2767 usque
2465 2690 2901 2765 pervenerunt
2959 2678 3547 2742 conscriberentur.

273 2786 598 2850 Ceterum
633 2789 795 2852 illud
831 2791 1054 2854 saltem
1085 2793 1342 2857 videtur
1372 2794 1440 2858 in
1480 2795 1750 2858 dubium
1784 2796 2061 2859 revocari
2097 2809 2224 2856 non
2262 2807 2473 2871 posse,
2509 2791 2884 2868 episc0pum
2921 2785 3121 2848 fuisse
3149 2780 3546 2850 Slrumitzee,

273 2889 440 2950 dum
473 2891 539 2952 in
577 2890 742 2954 vivis
770 2900 988 2971 ageret
1018 2893 1587 2976 TheOphylactus:
1627 2877 1870 2978 quippe
1899 2899 2010 2978 qui
2047 2895 2321 2977 epistola
2356 2893 2631 2972 32juxta
2657 2889 2928 2954 Meursii
2962 2886 3314 2948 editionem
3350 2887 3552 2943 testa-

273 2997 414 3063 tur,
444 3008 515 3052 se
544 2990 884 3069 Pelagonia
927 2995 1067 3073 (seu
1123 2996 1504 3079 Pelagoniw)
1539 3001 1633 3056 καὶ
1662 2999 1797 3073 πρὸς

2023 3001 2346 3071 ρομϐίτζης,
2381 3004 2437 3056 et
2459 2993 2874 3065 Strombitzw,
2911 3000 2964 3052 et
3030 2985 3363 3051 Malesobaz
3415 2983 3547 3063 epi-

273 3091 496 3170 scopis
537 3095 890 3173 scripsisse.
943 3095 1387 3159 Strombitzam
1450 3099 1624 3159 enim
1681 3095 1852 3156 idem
1904 3111 1976 3156 ac
2024 3095 2432 3159 Strumitzam
2464 3115 2627 3172 esse,
2661 3098 2795 3178 ipsa
2841 3094 3125 3158 nominis
3184 3088 3548 3152 similitudo

271 3194 688 3280 alﬁnitasque
721 3199 1015 3262 dubitare
1049 3215 1176 3264 non
1211 3202 1366 3265 sinit
1399 3226 1414 3265 :
1454 3203 1803 3281 praesertim
1853 3218 1998 3264 cum
2033 3219 2226 3282 supra
2285 3203 2968 3276 demonstraverimus,
2992 3181 3398 3263 Strumitzam
3446 3193 3550 3274 (de

277 3317 415 3380 qua
474 3300 579 3364 hic
607 3304 845 3382 sermo)
903 3322 1130 3384 parum
1181 3322 1218 3369 a
1250 3307 1588 3389 Pelagonia
1619 3309 1930 3380 distasse;
1973 3315 2164 3387 atque
2197 3307 2416 3383 etiam,
2449 3316 2520 3371 ut
2547 3308 2682 3386 ipse
2744 3307 3045 3379 arbitror,
3102 3321 3137 3366 a
3177 3299 3499 3364 Malesoba
3533 3314 3550 3360 :

281 3407 810 3488 TbeOphylactus
839 3431 992 3477 vero
1019 3415 1101 3480 ad
1140 3415 1481 3496 episcOpos
1522 3415 1667 3477 illos
1711 3422 1862 3486 tres,
1893 3421 2116 3492 utpote
2149 3414 2478 3488 ﬁnitimos,
2512 3430 2664 3475 suas
2717 3412 2972 3474 misisse
3005 3409 3312 3489 epistolas
3338 3407 3552 3467 videa-

281 3519 416 3574 tur.
451 3514 672 3593 Neque
715 3532 866 3578 vero
897 3516 1412 3598 Tbeophylactus
1447 3520 1754 3582 duntaxat
1811 3518 2024 3598 ipsum
2067 3513 2424 3580 Strumitzre
2455 3533 2692 3579 nomen
2747 3515 3081 3592 paululum
3133 3508 3496 3574 immutavit
3530 3528 3548 3582 ;

279 3616 399 3677 sed
433 3627 494 3680 et
525 3621 855 3686 Cedrenus
917 3640 1054 3687 eam
1084 3625 1468 3701 Στρούμπιξαν
1501 3632 1558 3688 et
1613 3631 1803 3706 Στρούπ

2058 3624 2494 3702 Strumpitzan
2526 3631 2588 3685 et
2616 3623 2992 3701 Strupitzan
3055 3617 3210 3704 (nisi
3249 3617 3313 3679 in
3350 3615 3549 3676 alter-

278 3732 508 3784 utrum
561 3723 771 3788 locum
817 3727 1147 3806 irrepserit
1199 3728 1504 3789 mendum
1540 3725 2097 3808 typographicum)
2137 3732 2342 3787 vocat.
2377 3728 2448 3788 Et
2481 3725 2746 3805 quidem
2788 3739 2866 3786 eo
2908 3721 3025 3784 loci
3052 3721 3410 3783 Cedrenum
3471 3719 3551 3777 de

280 3825 656 3901 Strumitza,
695 3827 774 3890 de
811 3845 938 3909 qua
981 3845 1101 3892 nos
1164 3829 1517 3908 loquimur,
1563 3847 1928 3893 sermonem
1966 3827 2230 3902 habere,
2290 3835 2686 3907 compertum
2716 3844 2792 3888 ex
2825 3844 2901 3886 co
2940 3832 3034 3886 est
3092 3825 3266 3904 quod
3325 3819 3552 3882 Basilii

282 3929 696 4007 imperatoris
731 3931 855 3995 iter
881 3932 1090 3996 Serris
1118 3934 1353 4014 Scopia
1397 3934 1535 3997 sive
1565 3935 1805 4014 Scupos
1839 3935 2244 4010 describens,
2277 3932 2578 3994 eumdem
2614 3927 2844 3993 referat
2882 3927 3286 4005 Strumpitza}
3316 3943 3552 4003 appro-

281 4031 648 4113 pinquasse
675 4055 692 4094 :
719 4051 850 4114 quo
887 4037 1070 4099 illum
1102 4038 1505 4117 Strumpitzaz
1533 4040 1727 4101 situm
1765 4037 2083 4116 designat,
2123 4054 2316 4116 quem
2345 4052 2464 4098 nos
2493 4034 2849 4097 Strumitzze
2880 4028 3344 4097 constituimus
3376 4029 3553 4092 Nice-

284 4137 477 4216 phori
535 4138 833 4218 Gregoraa
870 4141 1077 4201 verbis
1115 4140 1351 4204 innixi.
1402 4142 1525 4203 Alii
1562 4140 1808 4203 minore
1839 4141 2049 4204 adhuc
2088 4140 2459 4212 diversitate
2487 4139 2779 4200 eamdem
2805 4135 3256 4199 Strumnitzam
3294 4149 3554 4218 nuncu-

281 4245 468 4318 pant,
531 4247 600 4301 ut
651 4240 926 4302 Ananias
995 4243 1284 4320 ejusdem
1344 4242 1714 4321 episcopus,
1750 4241 1862 4321 qui
1910 4256 2079 4303 anno
2122 4240 2276 4302 1565
2313 4239 2570 4318 synodo
2601 4235 3157 4314 ConstantinOpOIi
3218 4235 3555 4296 celebratae

282 4343 446 4420 (qua
478 4343 729 4421 synodo
766 4343 1055 4424 dejectus
1087 4346 1170 4406 ob
1197 4344 1494 4408 simonite
1523 4343 1766 4406 crimen
1802 4361 1835 4404 e
1875 4343 2108 4404 throno
2160 4339 2582 4421 patriarchico
2617 4346 2712 4400 est
2743 4339 3102 4415 Joasaphus
3157 4335 3339 4397 illius
3376 4334 3553 4397 urbis

282 4443 842 4523 archiepiscupus)
872 4446 1258 4525 subscripsit
1304 4447 1404 4508 his
1440 4447 1652 4508 verbis
1685 4463 1700 4507 :
1741 4446 1876 4525 Ego
1916 4444 2176 4509 humilis
2203 4443 2538 4522 episcopus
2564 4440 2968 4502 Strumnitzce
3003 4437 3285 4498 Ananias
3341 4437 3555 4498 volens

279 4560 424 4603 meo
467 4545 730 4607 consilio
761 4530 1136 4626 subscripsi,
1179 4553 1246 4610 ut
1277 4546 1703 4610 ecclesiastica
1730 4565 1848 4610 seu
1872 4545 2285 4626 patriarchica
2321 4543 2512 4606 refert
2533 4541 2798 4604 historia
2830 4539 3268 4602 Emmanuelis
3293 4538 3550 4611 Malaxi,

288 4643 791 4723 Peloponnesii;
826 4666 1017 4726 quam
1051 4649 1365 4710 Martinus
1417 4647 1711 4724 Crusius,
1743 4651 2108 4712 Academias
2138 4646 2572 4728 Tubingensis
2609 4641 2952 4726 professor,
2989 4643 3208 4704 Latine
3245 4641 3549 4714 reddidit,

285 4746 630 4826 ediditque
689 4749 797 4811 lib.
851 4769 896 4810 ll
943 4749 1468 4812 Tarso-Graeciae.
1530 4750 1623 4811 Ex
1655 4765 1788 4830 quo
1845 4749 2294 4828 consequitur,
2360 4751 2768 4810 Strumttzam
2824 4745 3062 4806 nedum
3095 4742 3356 4815 saeculo,
3419 4758 3552 4820 ιιιιυ

285 4846 548 4908 vivebat
578 4848 1078 4928 TbOphylactus,
1116 4849 1480 4923 undecimo,
1516 4850 1627 4910 sed
1658 4849 1849 4910 etiam
1883 4848 2140 4911 decimo
2169 4856 2352 4912 sexto
2383 4847 2732 4927 episcopali
2761 4849 2913 4911 sede
2973 4853 3261 4910 ornatam
3314 4847 3547 4910 fuisse.

285 4952 522 5012 Sedem
553 4950 712 5014 hanc
743 4951 1136 5013 etiamnunc
1181 4951 1490 5031 temporis
1521 4969 1892 5031 superesse,
1920 4951 2051 5014 imo
2075 4960 2136 5014 et
2177 4947 2642 5028 metropolitica
2673 4949 2982 5028 dignitate
3028 4947 3237 5013 fuisse
3275 4958 3549 5022 auctam,

286 5063 566 5119 testatus
626 5057 786 5118 mihi
835 5065 930 5120 est
959 5058 1232 5119 Jacobus
1281 5057 2118 5134 Nicolai,hieromonaclius
2155 5055 2536 5134 Olympiota,
2596 5071 2716 5116 seu
2755 5072 2830 5115 ex
2865 5055 3257 5118 monasterio
3313 5056 3552 5118 montis

286 5162 585 5241 Olympi,
625 5179 820 5241 quem
866 5160 1086 5240 paucis
1118 5168 1265 5223 ante
1294 5162 1548 5238 diebus,
1588 5181 1779 5243 quam
1813 5163 1947 5225 haec
1998 5161 2168 5243 typis
2221 5159 2701 5231 mandarentur,
2738 5156 2814 5220 ad
2848 5157 3006 5220 hanc
3040 5161 3259 5222 urbem
3312 5164 3549 5241 appul-

285 5280 470 5334 sum,
501 5270 569 5324 ut
599 5261 836 5325 deinde
871 5261 939 5325 in
970 5262 1502 5342 Transylvaniam
1567 5270 1880 5342 pergeret,
1909 5261 2262 5326 sacerdotis
2321 5277 2587 5322 munere
2625 5259 2793 5339 apud
2827 5274 2960 5319 suae
2990 5260 3198 5338 gentis
3251 5260 3551 5324 homines

283 5363 540 5427 ibidem
567 5363 934 5438 iuncturus,
967 5366 1166 5426 semet
1199 5371 1260 5426 et
1285 5363 1528 5426 iterum
1560 5364 1882 5428 allocutus
1930 5381 2101 5429 sum.
2164 5363 2287 5424 Hic
2320 5379 2420 5424 me
2453 5362 2518 5424 in
2573 5359 2798 5440 primis
2828 5358 3168 5421 certiorem
3199 5358 3376 5433 fecit,
3417 5361 3550 5424 fere

286 5469 620 5544 integrum
667 5483 952 5529 mensem
1002 5483 1070 5529 se
1097 5466 1454 5529 Strumitzie
1484 5473 1794 5528 moratum
1822 5486 1987 5532 esse.
2021 5471 2184 5530 Tum
2213 5465 2367 5529 mihi
2403 5465 2482 5528 de
2519 5463 2888 5546 quindecim
2932 5463 3105 5524 hisce
3162 5465 3552 5543 martyribus

284 5566 650 5631 sciscitanti
685 5569 1044 5646 respondit,
1081 5585 1206 5630 non
1236 5569 1425 5630 modo
1459 5567 1721 5630 illorum
1780 5570 2150 5632 memoriam
2183 5587 2255 5632 ea
2291 5569 2356 5631 in
2396 5563 2550 5631 urbe
2585 5566 2801 5645 vigere
2837 5563 2993 5638 ;sed
3033 5563 3224 5625 etiam
3269 5582 3300 5626 a
3344 5583 3554 5628 sacer-

281 5669 558 5732 dotibus
589 5685 666 5732 eo
700 5668 821 5731 loci
869 5668 1344 5732 celebrantibus
1377 5668 2052 5730 commemorationem
2084 5670 2377 5750 quotidie
2405 5666 2540 5730 ﬁeri
2577 5688 2592 5727 :
2621 5663 2967 5745 quotannis
2999 5678 3155 5725 vero
3193 5664 3551 5728 solemnem

281 5769 604 5836 celebrari
639 5771 1014 5833 eorumdem
1069 5777 1416 5850 martyrum
1479 5768 1890 5832 festivitatem
1939 5792 1954 5828 :
2001 5771 2159 5849 quin
2205 5777 2266 5833 et
2319 5769 2643 5849 peculiare
2675 5765 2952 5831 ofﬁcium
2999 5776 3061 5831 et
3101 5767 3414 5832 lectiones
3471 5768 3550 5827 de

283 5876 589 5953 ipsorum
628 5875 931 5957 martyrio
976 5874 1194 5938 haberi
1231 5898 1243 5937 :
1286 5893 1488 5955 caque
1513 5874 1725 5936 omnia
1760 5873 2074 5936 contineri
2110 5873 2416 5954 peculiari
2451 5874 2732 5955 quodam
2773 5871 2992 5934 libello
3049 5872 3368 5953 impresso
3426 5873 3552 5932 Bo—
