3860 6630
441 443 550 506 439
1489 443 1877 505 BONIFACII
1909 445 1965 504 Fi

2147 445 2222 505 TI
2267 444 2661 506 PREFATIO
2755 483 2780 502 ο
3589 449 3671 514 440

444 550 714 629 scopoli,
753 551 874 627 vel,
897 558 963 614 ut
993 551 1421 616 communiter
1455 555 1872 632 pronuntiant
1899 550 2513 634 Grreci,Vosc0poli,
2542 553 3112 634 inmacedoniadn
3146 568 3282 634 qua
3312 551 3468 616 urbe
3489 557 3672 633 paucis

443 653 676 717 abhinc
701 655 890 718 annis
925 655 1212 718 instituta
1236 644 1789 737 est'typOgraphia.
1822 655 2056 720 Notitia
2087 655 2241 732 hinc,
2272 673 2463 737 quam
2491 657 2649 718 mihi
2678 656 2794 718 diu
2823 655 3673 736 multumqueinquirentiex

449 757 567 817 hoc
593 775 724 819 uno
755 773 937 821 sacro
964 757 1272 820 monacho
1303 757 1561 820 haurire
1595 758 1802 833 licuit,
1835 757 2095 838 egregie
2129 757 2459 821 conﬁrmat
2483 756 2790 828 historiae,
2824 774 2970 837 qum
2996 757 3058 819 in
3093 756 3221 819 hac
3252 755 3675 836 Theophylacti

445 858 735 920 oratione
780 859 1194 936 describitur,
1258 860 1586 923 veritatem
1626 882 1642 923 :
1705 861 2056 939 praesertim
2101 876 2247 923 cum
2282 859 2522 932 omnia,
2569 875 2717 940 quae
2756 860 2894 936 ipse
2926 858 3241 922 referrem
3279 874 3362 921 ex
3421 860 3676 936 prmdicta

447 961 761 1031 oratione,
789 959 901 1023 ille
930 978 1000 1024 se
1037 961 1278 1042 legisse
1302 962 1629 1026 aﬂirmarit
1663 966 1731 1026 in
1768 968 2118 1027 memorato
2167 962 2411 1025 libello.
2454 962 2674 1024 Solum
2701 960 2822 1023 hoc
2854 977 2980 1024 non
3007 960 3174 1023 satis
3222 960 3529 1023 memoria
3589 962 3676 1027 ille

449 1060 722 1136 tenebat,
750 1079 830 1126 an
860 1070 1171 1144 martyres
1208 1064 1306 1126 illi
1354 1057 1478 1127 sub
1503 1066 1765 1128 Juliano
1815 1067 2113 1144 Apostata
2162 1063 2537 1143 martyrium
2571 1062 2852 1125 subiisse
2885 1063 3069 1127 eoin
3105 1059 3342 1124 libello
3397 1062 3676 1127 dicantur.

444 1167 520 1225 Et
567 1164 698 1228 hmo
728 1167 807 1229 de
841 1167 1003 1243 loco,
1046 1167 1155 1231 ubi
1195 1169 1364 1246 passi
1411 1178 1561 1233 sunt
1595 1177 1929 1250 martyres,
1961 1170 2235 1250 ejusque
2266 1169 2604 1231 occasione
2635 1168 2766 1230 sint
2801 1168 2970 1230 dicta

525 1266 703 1330 XXI.
764 1269 1049 1347 Tempus
1110 1285 1261 1332 vero
1312 1287 1442 1350 quo
1475 1271 1534 1333 id
1587 1270 1853 1350 contigit
1886 1271 2141 1334 deﬁniri
2178 1269 2364 1333 facile
2397 1275 2628 1350 potest.
2678 1271 2832 1331 Nam
2892 1285 2970 1331 ex
3017 1266 3386 1348 epigraphe
3448 1267 3678 1349 ipsaque

445 1367 738 1431 oratione
773 1369 1139 1446 innotescit,
1179 1387 1290 1434 eos
1321 1372 1674 1453 imperante
1703 1374 1965 1436 Juliano
2014 1376 2315 1454 Apostata
2368 1373 2752 1452 sanguinem
2812 1385 2926 1451 pro
2959 1369 3220 1434 Christo
3251 1367 3522 1432 fudisse.
3553 1371 3679 1431 Cum

445 1475 664 1530 autem
690 1468 983 1547 perbrevi
1010 1478 1298 1551 tempore
1351 1474 1718 1536 moderatus
1752 1473 1864 1536 ille
1894 1473 2239 1555 imperium
2291 1474 2376 1536 sit
2406 1473 2739 1556 (nimirum
2797 1488 2833 1535 a
2877 1487 3100 1534 mense
3153 1469 3505 1533 Novembri
3555 1471 3680 1532 anni

444 1572 558 1633 361
599 1571 675 1633 ad
707 1573 881 1636 diem
930 1592 1140 1656 usque
1169 1578 1248 1640 26
1281 1579 1458 1641 Junii
1492 1580 1643 1642 anui
1675 1579 1844 1659 363),
1910 1579 2325 1658 perspicuum
2357 1585 2476 1653 est,
2523 1594 2641 1640 nos
2681 1576 2750 1640 in
2784 1576 3159 1639 deﬁniendo
3217 1571 3505 1653 martyrii
3547 1581 3678 1634 tem-

453 1689 605 1752 pore
644 1675 748 1737 vix
781 1692 971 1756 posse
1008 1694 1178 1741 anno
1220 1679 1472 1759 integro
1511 1700 1545 1742 ει
1577 1697 1728 1744 vero
1767 1681 2088 1743 aberrare.
2117 1681 2211 1742 Ex
2239 1679 2511 1744 historia
2555 1679 2885 1759 siquidem
2935 1674 3387 1741 ecclesiastica
3445 1683 3676 1737 constat,

449 1791 598 1836 eum
631 1776 961 1857 aliquanto
991 1789 1130 1857 post
1165 1781 1397 1845 initum
1431 1783 1778 1863 imperium
1810 1780 2328 1862 persecutionem
2371 1782 2711 1845 inchoasse
2750 1786 2968 1844 contra
3012 1775 3424 1839 Christianos
3455 1795 3471 1847 ;
3526 1781 3704 1855 atque

451 1878 512 1937 in
548 1875 667 1939 hoc
697 1880 841 1958 ipso
875 1885 1188 1960 opusculo
1217 1885 1516 1966 legimus,
1546 1894 1877 1967 martyres,
1943 1887 2022 1949 de
2062 1885 2302 1966 quibus
2347 1886 2450 1948 hic
2492 1901 2731 1959 sermo,
2806 1891 2945 1963 post
2973 1881 3198 1960 fugam
3238 1879 3511 1958 primum
3563 1878 3708 1957 quid

447 1978 593 2040 dem
651 1999 730 2043 ex
760 1983 932 2056 urbe
955 1987 1220 2062 pNicaea,
1255 1989 1490 2051 deinde
1546 2008 1623 2052 ex
1671 1986 2155 2063 Thessalonica,
2189 1987 2572 2070 aliquandiu
2612 1993 3040 2051 commoratos
3076 1999 3230 2048 esse
3296 1978 3676 2057 Tiberiopoli,

448 2077 720 2161 ejusque
747 2083 941 2158 cives,
980 2094 1040 2148 et
1069 2087 1486 2151 ﬁnitimorum
1539 2088 1827 2152 locorum
1879 2088 2124 2153 incolas
2157 2105 2283 2169 qua
2319 2089 2793 2168 prasdiratione,
2820 2104 2948 2169 qua
2974 2084 3320 2148 miraculis
3361 2082 3438 2145 ad
3482 2080 3673 2144 Christi

447 2176 635 2242 fidem
690 2184 1074 2260 perduxisse
1115 2205 1128 2248 :
1193 2188 1260 2249 in
1300 2204 1432 2268 quo
1482 2190 1790 2270 temporis
1839 2190 2120 2268 spatium
2156 2189 2419 2270 aliquod
2457 2188 2752 2269 illudque
2777 2204 2906 2251 non
2931 2188 3093 2250 adeo
3127 2185 3449 2265 exiguum
3479 2183 3678 2244 insum-

449 2287 627 2358 ptum
659 2300 804 2348 esse
832 2295 1108 2365 oportet.
1145 2289 1311 2351 Hinc
1348 2307 1500 2353 vero
1553 2308 1779 2372 magna
1813 2291 2258 2371 probabilitate
2308 2291 2674 2366 deducitur,
2728 2291 2951 2371 paucis
2995 2298 3146 2353 ante
3177 2286 3430 2352 Juliani
3469 2284 3672 2348 obitum

449 2382 808 2460 mensibus,
842 2386 1136 2468 adeoque
1168 2390 1333 2452 circa
1364 2393 1515 2454 anni
1542 2394 1660 2455 363
1714 2391 2000 2469 initium,
2046 2401 2156 2456 aut
2187 2403 2356 2458 certe
2397 2394 2521 2458 sub
2563 2393 2753 2456 ﬁnem
2784 2392 2940 2456 anni
2999 2392 3140 2467 362,
3171 2407 3290 2454 eos
3345 2387 3672 2466 martyrium

448 2488 758 2555 subiisse.
798 2494 1021 2573 Neque
1049 2494 1164 2558 hac
1213 2497 1292 2560 de
1325 2515 1393 2561 re
1430 2499 1630 2579 plura.
1663 2521 1680 2562 :
1739 2501 2183 2564 tantummodo
2233 2501 2876 2564 animadvertendum
2917 2496 3214 2578 martyrii
3248 2496 3422 2558 diem
3471 2493 3532 2554 in
3585 2489 3674 2552 hoc

449 2591 592 2667 ipso
625 2594 941 2671 epusculo
974 2597 1124 2676 poni
1158 2600 1282 2662 sub
1313 2600 1418 2663 die
1451 2601 1532 2664 28
1561 2604 1966 2669 Novembris.

529 2697 738 2760 XXII.
777 2701 1170 2780 Diligentius
1211 2704 1670 2785 inquirendum
1727 2710 1980 2774 videtur
2014 2717 2266 2790 tempus
2300 2709 2564 2772 etlocus
2595 2724 2726 2788 quo
2762 2706 2994 2769 horum
3027 2710 3392 2784 martyrum
3455 2713 3672 2778 corpora

446 2798 720 2860 solemni
756 2817 987 2882 pompa
1013 2803 1307 2867 translata
1342 2805 1550 2870 fuere.
1578 2810 1656 2870 At
1688 2827 1879 2873 nemo
1920 2818 2129 2876 tamen
2169 2810 2275 2872 hic
2306 2827 2548 2872 annum
2583 2809 2779 2890 hujus
2826 2801 3272 2868 translationis
3307 2799 3609 2879 proprium
3648 2812 3672 2856 a

447 2897 636 2961 nobis
676 2903 956 2980 postulet
1000 2904 1369 2985 designari:
1407 2909 1469 2970 id
1506 2909 1680 2971 enim
1713 2911 1843 2972 fieri
1894 2913 2266 2976 nullatenus
2293 2919 2523 2990 potest,
2561 2929 2708 2974 cum
2741 2907 2971 2972 nullibi
3018 2906 3372 2967 adnotatus
3402 2905 3668 2964 occurrat.

448 3001 660 3074 Quare
686 3007 975 3080 tempora
1001 3004 1396 3082 proximiora
1440 3015 1768 3088 utcunque
1804 3009 2086 3074 iudicare
2119 3009 2416 3073 sufﬁciet.
2441 3010 2505 3070 Id
2541 3025 2693 3073 vero
2721 3009 2956 3087 pendet
2986 3019 3022 3065 a
3061 3010 3360 3081 tempore
3414 3015 3534 3080 quo
3556 2993 3672 3058 Bul-

453 3099 661 3176 garica
694 3116 853 3178 gens
917 3101 1207 3179 amplexa
1268 3111 1364 3165 est
1421 3105 1654 3167 Christi
1693 3107 1947 3170 Domini
2006 3108 2190 3172 fidem
2229 3131 2242 3170 :
2281 3125 2422 3172 nam
2454 3107 2578 3172 sub
2627 3108 2836 3187 primo
2891 3103 3323 3184 Bulgarorum
3361 3117 3502 3180 rege
3531 3095 3673 3161 Chri-

455 3201 667 3264 stiano
703 3203 1186 3268 translationem
1218 3207 1393 3270 illam
1417 3207 1623 3275 fuisse
1658 3219 1998 3293 peractam,
2033 3212 2287 3278 diserte
2315 3213 2628 3277 asseritur
2683 3211 2752 3275 iu
2796 3210 2916 3272 hoc
2982 3223 3314 3271 sermone.
3363 3206 3494 3282 Qua
3527 3203 3594 3267 de
3618 3220 3671 3266 re

459 3303 773 3366 nonnulla
805 3304 1092 3370 diximus
1130 3308 1195 3371 in
1230 3310 1436 3387 Notis,
1472 3331 1635 3392 quas
1667 3315 1731 3376 in
1767 3313 2073 3380 inferiore
2115 3316 2310 3397 hujus
2343 3315 2656 3379 orationis
2707 3313 3015 3394 margine,
3058 3327 3131 3373 ac
3187 3307 3524 3390 praesertim
3560 3322 3666 3386 pag.

454 3411 566 3472 501
595 3409 1044 3489 apposuimus.
1096 3415 1317 3494 Neque
1360 3433 1527 3497 Opus
1567 3435 1712 3482 esse
1749 3419 2046 3498 arbitror,
2077 3437 2217 3483 eam
2268 3437 2400 3483 rem
2458 3419 2669 3482 fusius
2704 3417 2810 3480 hic
2868 3416 3174 3496 persequi
3206 3420 3320 3479 aut
3365 3409 3670 3475 accuratius

458 3508 847 3589 investigare
883 3529 899 3582 ;
931 3525 1076 3572 cum
1117 3515 1463 3592 scriptores
1490 3531 1716 3580 omnes
1747 3517 1862 3597 qui
1897 3517 2056 3581 hanc
2109 3519 2396 3582 historiae
2437 3517 2896 3581 ecclesiasticae
2937 3529 3182 3596 partem
3219 3514 3503 3594 attigere,
3550 3525 3669 3572 con-

459 3611 824 3673 versionem
862 3613 1289 3692 Bulgarorum
1347 3633 1520 3681 nono
1561 3619 1800 3682 saeculo
1835 3620 2151 3685 accidisse
2196 3620 2605 3684 consentiant
2647 3641 2663 3692 ;
2722 3619 3066 3700 solumque
3101 3617 3342 3698 viginti
3402 3624 3666 3677 annorum

457 3719 666 3796 spatio
691 3719 885 3783 citius
911 3720 1050 3798 alii,
1083 3722 1196 3786 alii
1230 3724 1443 3786 serius
1481 3733 1819 3790 autumant
1850 3728 2179 3792 evenisse.
2211 3728 2367 3790 Nam
2399 3727 2745 3807 scriptores
2774 3723 2976 3788 Graeci
3005 3740 3144 3787 eam
3186 3721 3324 3785 fere
3374 3719 3448 3781 ad
3475 3725 3667 3779 annum

459 3817 1069 3898 octingentesimum
1103 3823 1669 3904 quadragesimum
1701 3835 1955 3890 sextum
1992 3843 2292 3892 revocare
2326 3828 2650 3891 videntur.
2682 3824 3062 3889 Anastasius
3094 3839 3254 3887 vero
3306 3814 3670 3882 Bibliotheca-

463 3922 598 3985 rius
645 3924 712 3988 in
769 3927 915 3988 Vita
972 3927 1212 3990 Nicolai
1267 3930 1293 3990 Ι
1371 3947 1442 3992 ea
1479 3932 1689 4008 tradit,
1743 3951 1820 3995 ex
1847 3934 2089 4014 quibus
2134 3932 2442 4014 colligere
2475 3950 2756 4013 pronum
2785 3937 2907 4008 est,
2940 3930 3272 3994 nationem
3325 3919 3666 4003 Bulgttl'ictlﬂ1

460 4025 840 4091 Christiana;
870 4030 1168 4112 religioni
1199 4049 1433 4097 nomen
1467 4051 1595 4096 non
1635 4036 1889 4099 dedisse
1921 4045 2066 4100 ante
2096 4054 2338 4101 annum
2369 4038 2660 4118 ejusdem
2687 4034 2905 4099 saeculi
2931 4033 3409 4114 sexagesimum
3440 4031 3666 4124 εεξξίξιως

460 4125 532 4187 In
567 4144 644 4190 eo
683 4130 874 4192 etiam
913 4147 1139 4196 omnes
1169 4133 1303 4196 fere
1339 4133 1779 4210 consentiunt,
1844 4137 2019 4217 quod
2077 4155 2186 4200 rex
2239 4136 2658 4217 Bulgarorum
2697 4135 2944 4214 primus
2975 4131 3357 4196 Christianas
3423 4117 3669 4198 religioni

463 4232 758 4298 addictus
789 4243 934 4299 ante
958 4236 1352 4318 baptismum
1413 4240 1682 4319 Bogoris
1735 4240 2284 4322 ('I‘heophylactus
2345 4243 2413 4304 in
2469 4241 2587 4302 hac
2616 4239 2905 4302 oratione
2928 4236 3213 4298 Borisim
3257 4225 3493 4299 scribit,
3551 4227 3666 4322 V990

466 4337 800 4414 paululum
855 4315 1239 4422 immutata),
1275 4315 1683 4422 postmodum
1728 4315 1881 4406 vero
1939 4315 2211 4409 Michael
2258 4343 2458 4407 fuerit
2514 4340 2896 4424 appellatus.
2941 4339 3066 4403 Sed
3128 4350 3388 4402 rursum
3442 4327 3486 4390 ii
3530 4315 3667 4382 valde

460 4437 828 4518 discrepant
859 4441 923 4502 in
964 4442 1352 4523 assignanda
1382 4460 1600 4517 causa,
1633 4461 1758 4526 qua
1808 4447 2116 4510 inductus
2159 4445 2267 4508 ille
2311 4443 2507 4507 fuerit
2534 4443 2608 4506 ad
2640 4441 3062 4506 Christianam
3089 4440 3276 4503 ﬁdem
3335 4425 3668 4526 εωρίθίξξθίῗ

461 4536 628 4598 dam.
664 4537 794 4600 Alii
838 4539 1010 4602 enim
1065 4520 1309 4604 sororis
1359 4560 1494 4604 sum
1543 4520 2122 4620 adhortationibus,
2161 4562 2306 4625 qum
2333 4544 2487 4606 dum
2527 4540 3088 4620 Constantinopoli
3115 4541 3486 4602 moraretur.
3529 4520 3668 4634 aii"

462 4640 692 4703 stianis
724 4651 860 4706 erat
891 4643 1134 4706 imbuta
1167 4646 1521 4726 mysteriis,
1558 4655 1916 4725 permotum
1959 4650 2166 4711 fuisse
2203 4649 2511 4722 tradunt;
2543 4646 2652 4710 alii
2682 4645 3000 4708 bellorum
3031 4643 3352 4722 famisque
3394 4630 3690 4734 calamilaj,

464 4746 638 4812 tibus
677 4748 1033 4827 impulsum
1070 4771 1084 4810 :
1133 4750 1245 4813 alii
1286 4751 1502 4814 vivida
1557 4750 1925 4814 futurorum
1977 4753 2379 4816 cruciatunm
2424 4747 2731 4830 imagine,
2771 4762 2964 4828 quam
3001 4745 3302 4808 hauserat
3344 4753 3420 4802 ex
3473 4733 3665 4800 inslgm

466 4852 738 4930 pictura,
793 4851 1164 4931 perculsum
1240 4852 1557 4915 divinitus
1588 4852 1821 4914 infusae
1879 4851 2008 4914 luci
2053 4853 2275 4915 oculos
2306 4849 2669 4931 aperuisse,
2704 4853 2983 4910 narrant.
3019 4844 3143 4908 Sed
3185 4843 3318 4907 hanc
3356 4829 3660 4900 enucleare

465 4959 682 5015 nostra
741 4969 868 5015 non
911 4953 1202 5016 interest.
1263 4954 1426 5015 Satis
1468 4953 1627 5016 mihi
1661 4961 1779 5028 est,
1818 4937 2141 5033 ﬁogorim,
2181 4954 2318 5016 sive
2351 4951 2627 5013 Borisim
2669 4962 3124 5029 quamcunque
3150 4944 3404 5044 demum

461 5073 624 5130 sam,
671 5062 733 5118 et
779 5055 918 5119 sive
960 5072 1110 5130 una,
1169 5057 1308 5118 sive
1364 5055 1703 5133 multiplex
1749 5054 1970 5130 fuerit,
2013 5055 2270 5119 nonnisi
2308 5053 2474 5117 circa
2511 5051 2858 5116 dimidium
2912 5044 3136 5110 saeculi
3169 5041 3324 5108 noni
3375 5033 3658 5133 religi“):s

460 5157 849 5221 Christianas
878 5155 1206 5235 mysteriis
1233 5153 1438 5217 fuisse
1479 5153 1846 5218 initiatum:
1890 5155 2042 5217 inde
2067 5156 2242 5219 enim
2281 5160 2683 5232 compertum
2711 5150 2988 5214 efﬁcitur
3038 5147 3546 5226 exploratumque
3579 5121 3659 5235 5?-

463 5274 843 5343 martyrum,
881 5262 961 5324 de
998 5260 1239 5342 quibus
1272 5277 1445 5322 nunc
1473 5275 1683 5322 sermo
1722 5269 1842 5333 est,
1888 5259 2371 5324 translationem
2419 5258 2648 5320 eodem
2694 5255 3045 5317 inclinante
3073 5250 3203 5332 jam
3249 5239 3470 5311 saeculo
3498 5238 3659 5343 conti:

464 5337 646 5446 g'sse
699 5383 715 5441 ;
767 5337 1063 5445 adeoque
1111 5361 1580 5442 'I‘heOphylacti
1637 5368 1887 5425 aetatem
1935 5362 2192 5426 duobus
2240 5360 2494 5424 circiter
2540 5356 2796 5422 saeculis
2828 5353 3262 5436 praecessisse,
3296 5353 3363 5412 ut
3412 5337 3657 5415 superius

467 5473 830 5536 innuimus.
937 5460 940 5463 ’
1027 5491 1051 5510 κ

549 5575 782 5637 XXIII.
827 5574 1068 5635 Verum
1099 5588 1229 5653 quo
1261 5569 1499 5634 clarius
1537 5567 1885 5631 innotescit
1912 5575 2166 5647 tempus
2201 5567 2424 5629 saltem
2452 5565 2817 5646 proximum
2848 5559 3220 5624 istiusmodi
3257 5542 3654 5653 translatift-II‘I:3

469 5695 546 5739 eo
581 5675 764 5739 nobis
796 5637 1138 5736 obscurior
1165 5679 1261 5735 est
1293 5671 1475 5734 locus
1506 5669 1586 5732 ad
1627 5685 1820 5750 quem
1851 5637 2063 5731 delata
2090 5682 2268 5728 sacra
2307 5637 2573 5745 pignora
2615 5670 2788 5726 sunt.
2839 5663 3078 5723 Auctor
3108 5658 3366 5739 quidem
3405 5637 3654 5750 orati???

468 5781 643 5841 hunc
707 5793 1155 5855 saepenumero
1221 5784 1398 5840 vocat
1444 5771 1992 5851 Βραγαληνιτζαν,Β

2125 5738 2428 5831 αιίηίιὲαῖι
2477 5766 2599 5849 (vel
2644 5766 2698 5826 si
2762 5765 2792 5838 β
2850 5763 3304 5844 pronuntietur
3359 5738 3649 5855 recenti—tuli“

450 5896 646 5955 more
681 5845 1070 5956 Graecorum,
1103 5875 1600 5958 Vragalinitzan)
1671 5891 1944 5956 eamque
1979 5881 2039 5938 et
2071 5875 2248 5948 πόλιν,
2302 5868 2536 5945 urbem,
2569 5876 2628 5930 et
2669 5868 2961 5940 ἐπαρχίαν,
2993 5859 3536 5944 Ρνου²ἠείαη³ο·⁵θ¹³
3559 5845 3650 5895 ’Μ’
