3860 6556
2009 325 2046 335 _,.

197 451 279 518 4:1
1022 443 1102 504 IN
1137 441 1566 514 SEQUENTIA
1601 439 2178 502 THEOPIIYLACTI
2213 439 2556 502 SCRIPTA.
3076 484 3080 489 .
3307 439 3413 502 με

193 561 467 642 tropalt'm
499 573 843 635 nuncupat.
875 556 996 619 Sed
1031 572 1326 635 quasnam
1358 570 1420 619 et
1444 572 1574 636 quo
1603 573 1741 618 IOCO
1765 557 1969 636 posita
2001 557 2108 629 sit,
2151 556 2248 618 vel
2281 556 2436 640 olim
2460 553 2659 618 fuerit
2680 553 2903 617 civitas
2937 554 3093 629 haec,
3125 556 3411 618 nondum

194 666 336 728 mihi
376 657 721 741 inquirenti
756 658 910 720 satis
934 658 1237 737 detegere
1268 657 1477 732 licuit,
1510 673 1656 720 cum
1697 674 1910 736 neque
1942 656 2008 718 in
2035 656 2477 735 geOgraphicis
2505 656 2752 736 mappis
2787 655 3173 728 adnotatum,
3200 672 3414 735 neque

190 769 259 830 ab
284 764 406 830 alio
451 763 665 842 aliquo
694 769 952 825 auctore
985 771 1396 826 memoratam
1423 761 1801 840 repererim.
1835 762 1991 824 Cum
2019 776 2167 821 vero
2197 779 2269 821 ex
2311 760 2532 824 indole
2565 761 2804 840 linguas
2835 759 3208 833 Slavonicaa,
3245 759 3412 820 haud

192 869 330 931 mihi
366 885 618 948 prorsus
652 867 904 948 ignotae,
923 873 1117 945 atque
1145 884 1222 930 ex
1242 865 1572 928 similibus
1592 882 1738 946 quae
1770 867 2004 944 passim
2028 871 2399 936 occurrunt,
2423 865 2612 926 etiam
2635 865 2801 943 apud
2838 863 3413 944 'l‘heOphylactum,

189 968 486 1048 exemplis
529 974 924 1048 compertum
958 968 1282 1043 haberem,
1312 968 1433 1032 hoc
1468 966 1851 1031 vocabulum
1903 966 2261 1045 Bulgarica,
2287 983 2432 1046 quas
2464 965 2682 1046 lingua
2723 966 2983 1028 Slavicae
3017 984 3134 1028 seu
3187 967 3414 1028 Slavo-

191 1069 335 1131 niete
363 1069 670 1131 dialectus
704 1077 824 1140 est,
871 1070 1328 1132 terminatione
1356 1069 1684 1144 desinere,
1717 1068 1878 1131 illud
1915 1068 2128 1130 statim
2182 1068 2555 1147 perquirere
2593 1069 2774 1146 cmpi,
2842 1076 3079 1139 utrum,
3138 1067 3413 1129 detracta

187 1173 394 1237 saltem
432 1175 886 1237 terminatione
916 1175 1068 1248 ατη,
1097 1173 1199 1238 vel
1232 1175 1430 1250 nitza,
1463 1173 1658 1254 hujus
1687 1173 2006 1236 similisve
2038 1173 2318 1236 nominis
2361 1175 2514 1235 urbs
2545 1173 2609 1234 in
2653 1172 2946 1251 Bulgaria
2976 1179 3172 1248 esset,
3208 1172 3304 1235 vel
3350 1172 3413 1234 in

185 1277 295 1339 alia
340 1276 626 1356 regione,
660 1277 846 1357 cujus
889 1278 1114 1340 incola;
1146 1277 1367 1358 lingua
1417 1286 1754 1340 uterentur
1785 1279 2145 1357 Bulgarica,
2191 1277 2556 1357 cujusmodi
2586 1274 2707 1338 fuit
2738 1276 3200 1355 Bragalinitza,
3234 1283 3304 1340 ut
3335 1294 3416 1338 ex

187 1380 313 1456 ipsa
353 1378 642 1440 oratione
673 1387 940 1442 constat.
989 1382 1222 1442 Verum
1271 1397 1398 1444 non
1432 1380 1620 1443 aliam
1653 1379 1876 1442 urbem
1925 1378 2190 1454 oﬂ‘endi,
2221 1395 2367 1456 qum
2397 1377 2610 1458 aliqua
2651 1379 2899 1440 ratione
2933 1395 3077 1440 cum
3123 1378 3234 1440 illa
3273 1393 3392 1440 con

187 1495 398 1556 gruere
457 1477 810 1552 videretur,
863 1497 1057 1560 quam
1107 1478 1386 1560 Bargala
1417 1479 1747 1560 pertinens
1787 1479 1863 1542 ad
1912 1479 2350 1541 Macedoniam
2391 1481 2739 1542 secundam
2790 1477 3120 1542 orientalis
3172 1477 3415 1560 Illyrici

191 1586 457 1657 partem:
517 1596 662 1644 nam
723 1582 1013 1663 Bargalw
1069 1600 1330 1660 nomen,
1381 1584 1557 1665 quod
1589 1584 1847 1663 dempta
1878 1582 2332 1646 terminatione
2371 1584 2727 1664 Bulgarica,
2759 1591 3064 1658 remanet,
3101 1600 3244 1645 cum
3310 1585 3416 1647 illa

187 1682 304 1745 fere
333 1689 704 1762 consensit;
766 1705 980 1768 neque
1012 1707 1047 1752 a
1075 1689 1472 1770 'I‘iberiopoli
1517 1690 1792 1753 multum
1823 1690 2054 1752 abesse
2084 1689 2364 1752 videtur.
2403 1689 2719 1763 Quocirca
2744 1687 3055 1752 credibile
3099 1697 3219 1764 est,
3251 1688 3416 1750 intra

190 1787 483 1866 Bulgarici
509 1789 670 1852 fines
708 1791 960 1869 imperii
1000 1799 1139 1856 eam
1179 1801 1316 1856 tum
1365 1794 1718 1870 exstitisse,
1753 1795 2048 1874 adeoque
2079 1802 2142 1856 et
2184 1793 2534 1872 Bulgaricaa
2571 1794 2809 1874 linguas
2839 1794 3014 1873 ingea
3049 1809 3238 1856 usum
3268 1801 3420 1858 tunc

187 1891 473 1968 temperie
507 1893 825 1972 viguisse.
1553 1911 1556 1914 ’

255 1991 477 2054 XXIV.
528 1995 670 2058 Huc
702 2014 908 2076 usque
939 1996 1349 2078 scripseram,
1386 2015 1531 2062 cum
1574 2015 1767 2077 supra
1805 1998 2102 2062 laudatus
2134 1999 2486 2061 monachus
2518 1997 2890 2079 Olympiota
2921 1998 3261 2060 certiorem
3320 2016 3420 2060 me
3525 2035 3528 2038 ~

184 2094 337 2171 fecit,
394 2104 650 2163 exstare
704 2103 1054 2168 etiamnum
1091 2106 1158 2168 in
1197 2107 1479 2168 secunda
1535 2106 1908 2169 Macedonia
1949 2105 2170 2168 urbem
2221 2102 2742 2183 Bragatinitzam,
2778 2122 2919 2176 seu,
2964 2112 3031 2166 ut
3087 2105 3227 2182 ipse
3269 2103 3418 2165 effe-

187 2198 362 2273 rebat,
400 2199 914 2280 Bragart'nitzam
962 2227 983 2275 ;
1049 2206 1162 2268 sed
1203 2224 1238 2270 e
1283 2224 1506 2287 magna
1539 2208 1696 2270 urbe
1753 2209 1828 2270 ad
1862 2206 2001 2287 pagi
2037 2205 2474 2268 conditionem
2533 2205 2874 2279 redactam,
2938 2204 3342 2283 habitarique
3386 2216 3418 2262 a

187 2303 412 2378 Turcis,
447 2307 676 2384 paucis
733 2308 1035 2372 immistis
1069 2312 1446 2374 Christianis
1479 2335 1493 2374 :
1551 2311 1793 2374 distare
1857 2327 2006 2374 vero
2049 2326 2084 2371 a
2115 2310 2456 2371 Strumitza
2487 2309 2780 2389 quinque
2810 2309 3063 2370 circiter
3119 2307 3420 2368 horarum

190 2399 394 2466 itinere
428 2425 443 2464 :
476 2419 554 2466 ac
579 2404 647 2466 in
690 2423 762 2467 ea
804 2422 930 2468 non
963 2407 1174 2470 solum
1209 2411 1286 2471 de
1321 2421 1572 2489 peracta
1602 2411 1677 2473 ad
1712 2409 1915 2488 ipsam
1949 2415 2311 2470 sanctorum
2347 2417 2697 2486 martyrum
2738 2407 3150 2470 translatione
3177 2423 3419 2469 memo-

188 2503 324 2564 riam
365 2505 635 2585 vigere;
669 2507 783 2568 sed
820 2507 1008 2569 etiam
1047 2526 1142 2583 se,
1178 2527 1321 2572 cum
1354 2510 1502 2574 illac
1536 2508 1851 2582 transiret,
1889 2508 2166 2587 propriis
2208 2507 2448 2570 vidisse
2494 2508 2701 2570 oculis
2748 2505 3163 2571 fundamenta
3203 2505 3421 2587 templi

189 2611 337 2690 quod
372 2613 434 2673 in
463 2629 696 2676 eorum
726 2611 1038 2676 honorem
1078 2616 1232 2678 olim
1261 2622 1660 2677 exstructum
1712 2613 2067 2674 dicebatur.
2108 2611 2293 2674 Plura
2329 2613 2408 2674 de
2447 2611 2622 2674 hisce
2655 2614 2896 2674 sanctis
2961 2612 3114 2674 mihi
3151 2613 3422 2682 dicenda

190 2733 296 2777 non
353 2723 740 2796 suppetunt.
800 2718 1111 2782 Caeterum
1149 2719 1490 2782 clarissimi
1532 2725 1592 2780 et
1639 2718 1718 2780 de
1777 2717 2133 2779 Christiana
2185 2716 2514 2794 republica
2571 2715 2812 2795 Optime
2867 2716 3074 2778 meriti
3131 2713 3421 2782 Bollandi

190 2820 650 2883 continuatores
699 2837 821 2885 suo
879 2833 1166 2902 tempore
1212 2831 1402 2886 totam
1443 2823 1603 2884 hanc
1628 2820 1965 2884 historiam
2020 2820 2526 2894 accuratissime,
2557 2837 2960 2901 summaque,
3001 2828 3072 2884 ut
3113 2820 3419 2894 assolent,

190 2923 559 2984 eruditionis
597 2923 660 2985 vi
689 2924 1065 3000 discutient,
1097 2927 1543 2998 illustrabunt,
1603 2925 1979 3005 expedient.
2011 2922 2279 2986 Interim
2328 2923 2496 2987 haud
2523 2924 2738 2988 inﬁma
2793 2925 2932 2987 laus
2969 2922 3166 3004 hujus
3197 2922 3423 2985 editio-

191 3020 276 3078 nis
303 3020 436 3091 erit,
473 3035 700 3081 ansam
742 3019 1095 3098 praebuisse
1135 3024 1640 3102 praaclarissimis
1700 3022 1864 3085 viris
1901 3022 2233 3100 negotium
2259 3021 2380 3085 hoc
2405 3024 2786 3102 perﬁciendi
2832 3043 2848 3082 :
2893 3029 2963 3086 ut
3013 3024 3224 3102 reipsa
3263 3041 3422 3102 prie-

191 3120 375 3184 bitura
405 3122 673 3185 videtur
715 3139 734 3197 ;
787 3122 1314 3203 quandoquidem
1347 3141 1426 3187 ex
1480 3123 1617 3185 illis
1655 3142 1852 3198 unus,
1888 3125 1987 3187 vir
2019 3126 2366 3206 omnigena
2419 3128 2792 3196 eruditione
2856 3129 3090 3201 clarus,
3139 3131 3420 3192 Joannes

193 3227 556 3308 Stiltingius,
581 3245 774 3307 quem
807 3227 923 3291 hac
953 3229 1031 3290 de
1053 3247 1119 3290 re
1154 3246 1268 3309 per
1293 3228 1695 3309 litterasipse
1726 3227 2056 3304 consului,
2089 3230 2274 3292 solita
2303 3231 2694 3293 humanitate
2726 3233 3078 3310 respondit,
3113 3250 3176 3292 se
3200 3229 3422 3293 horum

192 3339 512 3410 martyrum
547 3343 690 3392 acta
728 3350 855 3393 non
876 3331 1132 3395 vidisse.

1552 3483 1831 3545 SECTIO
1883 3483 2018 3546 VII.

603 3614 690 3674 De
728 3612 1123 3676 Allocutiono
1153 3609 1234 3673 ad
1266 3609 1669 3674 Familiarem
1707 3611 1879 3674 circa
1922 3629 1990 3673 ea
2029 3626 2293 3692 quorum
2335 3611 2710 3674 incusuntur
2741 3611 2982 3675 Latini.

257 3740 440 3802 XXV.
505 3740 838 3804 Allocutio
868 3741 1022 3814 hinc,
1054 3756 1245 3820 quam
1279 3740 1388 3802 alii
1446 3740 1803 3819 Epistolam
1834 3743 1916 3804 ad
1945 3740 2278 3806 Nicolaum
2308 3741 2637 3804 diaconum
2671 3753 2730 3805 et
2760 3743 3166 3805 canstrisium
3197 3751 3423 3806 vocant

194 3837 264 3918 (α)
301 3849 442 3905 tunc
471 3843 673 3905 etiam
709 3842 983 3905 celebris
1015 3851 1172 3918 erat,
1203 3860 1348 3905 cum
1381 3840 1588 3907 adhuc
1635 3844 1705 3906 in
1739 3847 2127 3925 quibusdam
2167 3846 2643 3927 insignioribus
2713 3847 3122 3908 bibliothecis
3176 3847 3422 3911 inedita

195 3943 461 4010 latitaret.
495 3953 647 4016 Non
680 3949 870 4011 modo
901 3948 1075 4010 enim
1106 3948 1189 4011 de
1215 3965 1288 4010 ea
1319 3949 1710 4012 mentionem
1739 3950 2022 4013 fecerant
2047 3951 2088 4011 ii
2119 3968 2347 4014 omnes
2371 3951 2486 4032 qui
2517 3952 2596 4014 de
2617 3952 3075 4032 TheOphylacti
3115 3953 3422 4032 operibus

191 4044 534 4112 disseruere
573 4070 588 4120 ;
627 4037 743 4111 sed
774 4049 991 4130 aliqua
1025 4050 1216 4113 etiam
1249 4050 1543 4130 ejusdem
1581 4051 1932 4130 fragmenta
1962 4060 2094 4114 tum
2118 4053 2185 4115 in
2217 4056 2377 4116 Jure
2407 4053 2966 4130 Graeco-Romano,
2998 4055 3171 4134 quod
3209 4057 3425 4117 Lenn-

191 4149 408 4214 clavius
441 4154 754 4232 vulgavit,
786 4153 1054 4226 inserta,
1092 4162 1227 4217 tum
1261 4156 1329 4216 in
1359 4156 1604 4218 ercia
1633 4156 2008 4219 Orthodoxa
2039 4157 2118 4219 ab
2148 4159 2382 4222 Allatio
2406 4161 2599 4234 edita,
2633 4160 2822 4222 obvia
2853 4160 3154 4222 omnibus
3188 4169 3428 4239 persta-

190 4246 340 4313 bant.
372 4253 514 4316 Haac
553 4268 706 4315 vero
740 4254 825 4316 ita
855 4261 1170 4316 acuerent
1197 4253 1599 4317 eruditorum
1637 4254 1909 4330 animas,
1933 4263 2001 4318 ut
2047 4274 2460 4336 summopere
2495 4266 2893 4337 exoptarent,
2935 4278 3012 4321 ex
3047 4260 3186 4337 ipso
3239 4260 3418 4324 fonte

191 4356 488 4435 detegere,
556 4373 852 4436 quamam
901 4355 1149 4420 auctori
1203 4357 1358 4419 satis
1413 4365 1692 4431 vetusto,
1727 4359 2234 4438 doctissimoque
2271 4370 2332 4421 et
2381 4362 2616 4424 celebri
2674 4362 3160 4442 arcliiepisc0po
3232 4381 3414 4427 mens

191 4456 513 4522 insedisset
579 4460 791 4538 quoad
838 4477 913 4522 ea
947 4477 1092 4538 qua)
1145 4461 1424 4522 Graecam
1483 4476 1518 4520 a
1557 4458 1775 4521 Latina
1807 4459 2155 4521 Ecclesiam
2201 4460 2469 4522 infando
2500 4461 2840 4525 schismate
2869 4463 3246 4540 diremptam
3289 4465 3421 4543 jam

189 4559 408 4625 dudum
439 4571 685 4628 tenent.
725 4564 975 4626 Primus
1011 4563 1226 4644 (quem
1261 4564 1566 4644 equidem
1600 4563 1914 4642 noverim)
1949 4565 2060 4644 qui
2089 4563 2468 4643 justissimis
2505 4563 2604 4628 his
2628 4565 3048 4628 litteratorum
3087 4567 3418 4629 hominum

189 4667 334 4726 votis
388 4665 733 4746 explendis
767 4666 935 4729 serio
960 4666 1263 4747 adjecerit
1295 4665 1608 4742 animum,
1639 4665 1761 4728 fuit
1814 4666 2126 4729 editionis
2174 4668 2365 4747 hujus
2394 4665 2607 4730 fautor
2635 4667 3099 4744 amplissimus,
3153 4669 3230 4730 de
3289 4686 3421 4748 quo

190 4765 298 4842 jam
325 4770 615 4832 diximus
640 4785 858 4849 supra,
884 4769 1131 4848 quique
1181 4768 1313 4847 jam
1343 4767 1424 4830 ab
1455 4783 1626 4831 anno
1660 4768 1815 4830 1753
1840 4767 2016 4830 dedit
2040 4783 2325 4848 cperam,
2368 4775 2438 4830 ut
2470 4785 2548 4830 ex
2599 4769 2814 4830 codice
2847 4769 3421 4832 Caesareo-Vindo-

193 4866 442 4931 bonensi
474 4869 976 4944 e’xscriberetur,
1013 4877 1082 4930 ut
1123 4869 1276 4930 huic
1307 4869 1496 4930 tertio
1525 4868 1839 4931 volumini
1873 4870 2158 4948 Operum
2211 4868 2699 4948 'l'heophylacti,
2733 4869 2908 4931 velut
2939 4887 3065 4931 non
3094 4871 3420 4933 mediocre

193 4967 377 5048 ipsius
407 4980 885 5044 ornamentum,
919 4973 1338 5035 insereretur.
1371 4973 1746 5053 Insequenti
1779 4989 1949 5036 anno
1983 4991 2120 5036 eam
2157 4974 2294 5053 ipse
2340 4973 2682 5036 Latinitate
2725 4974 2959 5038 donavi
2994 4994 3010 5034 :
3047 4993 3129 5037 ex
3174 4993 3300 5055 qua
3336 4975 3416 5038 cl.

193 5077 420 5150 praevia;
479 5077 964 5139 Dissertationis
1017 5084 1240 5139 auctor
1301 5077 1644 5155 particulas
1672 5077 1921 5158 aliquas
1970 5077 2038 5140 in
2085 5095 2217 5140 rem
2249 5095 2434 5140 suam
2467 5079 2812 5156 excerpsit.
2844 5078 3033 5152 Quod
3060 5095 3132 5140 ea
3168 5079 3234 5141 in
3302 5078 3419 5140 hac

189 5177 458 5242 editione
485 5179 724 5256 publici
752 5178 921 5258 juris
952 5176 1250 5240 facienda
1275 5186 1470 5251 esset,
1505 5181 1815 5242 admoniti
1852 5193 2005 5243 sunt
2037 5181 2275 5244 eruditi
2303 5197 2447 5243 cum
2488 5180 2554 5242 in
2591 5181 3056 5244 Dissertatione
3082 5181 3416 5264 praedicta,

190 5285 311 5342 tum
343 5286 531 5345 etiam
566 5285 630 5346 in
685 5283 1123 5346 Deelaratione
1149 5285 1646 5358 Graeco-Latina,
1679 5303 1824 5365 qua;
1851 5286 2045 5348 simul
2078 5305 2222 5349 cum
2256 5299 2426 5350 tomo
2459 5285 2665 5365 primo
2704 5285 2934 5347 emissa
2965 5284 3028 5346 in
3064 5284 3270 5346 lucem
3324 5292 3419 5346 est

189 5398 343 5446 anno
407 5384 579 5446 175's.
640 5385 762 5446 Sed
820 5401 966 5447 cum
1000 5385 1349 5446 voluminis
1381 5385 1578 5464 hujus
1614 5388 1952 5466 impressio
1987 5387 2068 5449 ob
2123 5405 2286 5457 eam,
2340 5404 2531 5466 quam
2583 5385 3102 5457 memoravimus,
3161 5402 3418 5447 causam

194 5485 434 5564 longius
467 5486 950 5565 produceretur,
1001 5486 1096 5547 vir
1122 5485 1536 5548 doctissimus
1562 5489 1845 5548 Joannes
1877 5488 2184 5567 Aloysius
2210 5484 2677 5564 Mingarellius,
2721 5483 3069 5546 canonicos
3105 5485 3420 5562 regularis

190 5589 245 5651 S.
279 5589 623 5670 Augustini
656 5587 1172 5670 congregationis
1201 5589 1528 5652 Ithenanaa
1553 5637 1568 5666 ,
1605 5593 1872 5654 fortasse
1907 5600 1974 5656 ut
2003 5591 2334 5673 aliquanto
2392 5587 2702 5651 maturius
2735 5589 3138 5652 eruditorum
3195 5593 3418 5670 eXple-

257 5874 328 5945 (ιι)
366 5874 497 5933 Vide
550 5876 996 5938 Dissertationcm
1037 5884 1187 5936 tomo
1221 5876 1566 5952 lprreﬁxam,
1599 5895 1752 5939 num.
1797 5881 1931 5939 LIV.
2027 5932 2030 5934 ν
