3860 6580
457 436 567 501 443
1489 450 1880 512 ΒΟΝΙΕΑΟΙΙ
1933 455 1976 512 F

2160 456 2212 514 ’Τ
2222 454 2242 514 I
2307 457 2649 518 ΡιὶίΕΕΑΤΙ
2657 461 2702 517 0
3267 502 3275 510 -
3599 460 3684 524 iii

458 564 556 617 ret
604 563 769 634 vota,
827 575 948 624 suo
1017 559 1479 626 Anecdotorum
1516 569 1870 640 Fasciculo,
1928 587 2121 648 quem
2181 571 2383 632 edidit
2419 589 2523 632 an.
2591 573 2766 645 i756,
2835 571 3243 634 inserendam
3301 571 3682 638 existimavit.

452 657 640 741 Quod
684 659 948 739 quidem
998 663 1244 726 tametsi
1295 665 1606 730 editionis
1661 668 1855 749 hujus
1917 670 2283 732 fautoribus
2335 674 2524 752 paulo
2557 673 2986 753 injucundius
3041 673 3371 746 acciderit,
3404 689 3480 736 eo
3533 677 3686 754 quoi

455 758 691 821 exinde
738 769 1118 841 praereptum
1162 767 1218 826 ei
1269 767 1519 847 aliquid
1571 769 1779 831 laudis
1833 771 2350 850 suspicarentur,
2417 773 2574 836 mihi
2627 783 2839 835 tamen
2894 773 3419 853 percommodum
3467 773 3686 836 cessit:

449 857 545 919 sic
575 861 746 921 enim
780 861 1216 937 collationem,
1247 885 1440 946 quam
1473 886 1619 930 cum
1649 871 2046 933 Bononiensi
2087 881 2265 934 textu
2302 873 2515 936 facere
2553 874 2932 949 meditabar,
2977 891 3054 936 eo
3077 873 3207 952 jam
3253 873 3452 944 edito,
3511 871 3688 934 multo

447 957 702 1023 facilius
735 967 1004 1044 exsequi
1065 971 1273 1046 potui.
1306 971 1616 1033 Castorum
1655 973 2105 1052 Mingarellius
2149 977 2367 1036 Grmco
2414 976 2617 1039 textui
2657 977 2940 1039 Latinam
2998 975 3364 1038 versionem
3422 972 3687 1054 adjunxit

446 1080 600 1125 sane
631 1076 987 1131 accuratam
1022 1080 1083 1133 et
1111 1073 1376 1137 nitidam
1423 1098 1438 1137 :
1474 1093 1665 1157 quam
1697 1086 2054 1156 prOpterea,
2104 1088 2171 1140 ut
2203 1081 2269 1141 in
2301 1080 2463 1142 hanc
2498 1082 2854 1144 editionem
2884 1082 3294 1151 asciscerem.
3325 1081 3540 1143 animo
3591 1081 3686 1145 diu

445 1169 856 1252 multumque
916 1179 1262 1254 propendi.
1319 1181 1438 1242 Sed
1475 1184 1729 1243 tandem
1767 1182 1855 1243 nil
1892 1201 2034 1244 esse
2059 1194 2259 1258 ratus,
2296 1201 2412 1247 cur
2460 1185 2823 1248 versionem
2859 1202 3061 1248 meam
3088 1200 3165 1246 eo
3190 1183 3340 1262 jure
3369 1183 3686 1261 privarant:

443 1274 619 1353 quod
652 1277 900 1339 ratione
937 1280 1247 1356 temporis
1281 1283 1699 1362 acquisierat,
1735 1293 1795 1346 et
1827 1293 2168 1365 postquam
2207 1287 2376 1348 haud
2406 1286 2715 1351 mediocri
2760 1287 2910 1348 nisu
2940 1289 3211 1349 eluctata
3250 1301 3331 1346 ex
3361 1277 3688 1362 exemplati

443 1382 614 1435 esset
655 1377 955 1455 pluribus
993 1381 1073 1442 de
1110 1383 1324 1444 causis
1391 1385 1733 1460 perarduo,
1793 1403 1930 1447 eam
1976 1387 2319 1449 innoxiam
2354 1388 2643 1451 tenebris
2688 1392 3053 1452 damnarem
3091 1384 3453 1463 perpetuis,
3511 1384 3689 1461 ἱμεειω

440 1473 544 1536 hic
567 1480 1018 1556 apponendam
1053 1485 1305 1546 censui.
1345 1487 1655 1548 Caeterum
1694 1505 1839 1549 cum
1875 1488 2310 1550 Bononiensis
2350 1489 2554 1551 codex
2586 1489 2809 1551 codice
2872 1485 3686 1557 Cassareo-Vindobonensi,

441 1580 553 1658 qui
582 1581 748 1644 haud
778 1583 861 1646 ita
898 1601 1188 1664 magnam
1249 1588 1497 1650 redolet
1546 1589 2022 1670 antiquitatem,
2054 1591 2209 1653 mihi
2241 1591 2595 1671 aliquando
2625 1591 2895 1654 nitidior
2935 1591 3112 1653 visus
3141 1591 3249 1664 sit,
3274 1588 3688 1652 emendatior-

441 1699 596 1760 (1118,
661 1684 838 1746 illius
872 1702 994 1762 ope
1025 1688 1340 1751 nonnulla
1401 1691 1523 1752 mei
1578 1690 1963 1769 exemplaris
2008 1694 2333 1772 corrigere
2383 1697 2608 1756 menda
2635 1693 2845 1774 (prius
2875 1695 3146 1774 quidem
3178 1692 3313 1754 sola
3345 1689 3688 1768 conjectura

443 1783 623 1874 plura
656 1785 1098 1865 sustuleram),
1137 1788 1418 1868 indeque
1441 1795 1502 1851 et
1531 1789 1898 1852 versionem
1932 1809 2140 1854 meam
2163 1793 2641 1874 aliquantulum
2679 1794 2980 1872 perﬁcere
3017 1794 3173 1856 mibi
3203 1792 3390 1855 licuit
3421 1813 3439 1853 :
3476 1798 3540 1852 ut
3565 1807 3691 1868 pro-

438 1884 591 1946 inde
627 1902 750 1946 non
782 1889 1046 1948 omnino
1087 1906 1207 1950 suo
1246 1891 1556 1952 exciderit
1593 1900 1736 1954 voto
1783 1894 2352 1970 praestantissimus
2411 1895 2887 1974 Mingarellius,
2930 1893 3047 1974 qui
3073 1911 3147 1956 ea
3179 1911 3306 1971 prce
3341 1891 3590 1956 caeteris
3624 1892 3686 1950 all

437 1989 862 2065 evulgandam
899 1990 1378 2054 Allocutionem
1445 1995 1606 2057 hanc
1645 1997 1894 2059 ratione
1961 2015 2028 2059 se
2063 1998 2402 2060 inductum
2444 1998 2648 2061 fuisse
2683 2007 2926 2074 monet,
2954 2009 3026 2061 ut
3055 1997 3509 2079 Theophylacti
3552 1999 3691 2076 0pc-

433 2107 576 2150 rum
614 2090 805 2152 editio
831 2094 1028 2170 magis
1065 2095 1386 2174 magisque
1426 2096 1656 2174 perﬁci
1679 2097 1911 2174 possit.
1956 2099 2035 2160 At
2062 2105 2124 2159 et
2151 2099 2440 2160 codicem
2493 2099 3000 2172 Bononiensem,
3041 2098 3292 2162 tametsi
3323 2097 3688 2176 plerumque

434 2194 928 2258 Vindobonensi
983 2198 1380 2274 nitidiorem,
1423 2201 1710 2263 vicissim
1755 2219 1968 2280 posse,
2029 2205 2164 2266 imo
2195 2212 2257 2266 et
2288 2206 2615 2269 deberein
2643 2206 2970 2286 aliquibus
3000 2205 3237 2285 corrigi
3288 2213 3351 2267 et
3403 2203 3547 2281 ipse
3603 2219 3690 2264 co-

431 2294 574 2356 dice
612 2295 1122 2372 \'indobonensi,
1160 2301 1504 2378 perspiciet
1563 2299 1750 2363 facile
1787 2302 1986 2364 lector
2029 2321 2103 2365 ex
2147 2303 2547 2367 variantibus
2581 2306 2995 2374 lectionibus,
3021 2321 3182 2384 quas
3211 2305 3288 2366 ad
3326 2302 3686 2382 paginarum

431 2397 669 2458 calcem
709 2399 997 2463 adtexui.
1036 2403 1112 2462 Et
1146 2417 1300 2463 sane
1324 2401 1665 2464 lectionem
1693 2403 2270 2466 Vindobonensem
2305 2406 2367 2467 in
2396 2406 2790 2486 quibusdam
2822 2404 3305 2468 anteferendam
3334 2421 3487 2465 esse
3510 2404 3690 2464 Bono-

432 2498 675 2575 niensi,
715 2518 927 2576 nemo,
960 2513 1026 2565 ut
1052 2516 1231 2581 puto,
1283 2503 1706 2580 inﬁciabitnr,
1765 2508 1875 2587 qui
1911 2508 2426 2589 pauculas,quas
2455 2510 2837 2588 adjecimus,
2896 2519 3081 2570 notas
3119 2511 3501 2587 eXpendere
3529 2504 3683 2568 velit.

432 2605 762 2668 Variantes
810 2625 1077 2688 quoque
1135 2609 1470 2685 lectiones,
1499 2629 1644 2691 quas
1674 2613 1735 2674 in
1772 2615 2144 2675 Chomateni
2196 2616 2516 2694 excerptis
2548 2622 2916 2689 occurrunt,
2939 2613 3334 2686 addidimus,
3379 2628 3511 2674 non
3556 2610 3688 2690 qui-

430 2711 576 2768 dem
640 2724 890 2781 omnes,
925 2713 1038 2773 sed
1094 2730 1200 2774 eas
1234 2720 1478 2775 tantum
1517 2733 1657 2796 qum
1693 2715 1962 2793 alicujus
1996 2733 2139 2777 esse
2195 2716 2503 2779 momenti
2546 2716 2697 2778 visae
2719 2724 2885 2777 sunt.
2921 2716 3044 2778 Sed
3093 2715 3224 2794 jam
3274 2715 3354 2776 de
3438 2713 3690 2793 ipsamet

427 2806 843 2874 Allocutione
877 2813 1192 2874 nonnulla
1233 2815 1548 2876 dicamus.

511 2935 746 2995 XXV].
797 2937 999 2997 Erunt
1056 2937 1323 2999 fortasse
1374 2939 1484 3019 qui
1538 2939 1700 3000 hanc
1765 2939 2226 3018 Theophylacti
2280 2939 2555 3020 apellam
2616 2939 2876 3000 nonnisi
2927 2935 3138 3000 Photii
3181 2935 3604 2998 sectatoribus
3635 2935 3688 2995 in

428 3050 556 3094 suo
596 3035 937 3098 schismate
975 3039 1387 3100 obﬁrmandis
1423 3040 1575 3101 usui
1627 3056 1768 3100 esse
1811 3056 2000 3118 posse
2031 3041 2437 3111 arbitrantes,
2483 3056 2619 3101 eam
2675 3057 2708 3100 a
2741 3039 2930 3100 nobis
2982 3036 3050 3098 in
3111 3035 3438 3115 publicam
3499 3031 3688 3097 etierzi

428 3134 664 3212 lucem,
703 3155 867 3216 aegre
901 3138 1131 3214 ferant,
1180 3149 1287 3202 aut
1319 3143 1542 3203 saltem
1599 3143 2024 3204 demirentur.
2077 3143 2194 3203 Sed
2247 3159 2364 3204 nos
2416 3143 2494 3204 ab
2543 3157 2766 3203 eorum
2799 3140 2910 3219 qui
2945 3139 3032 3200 ita
3067 3137 3360 3200 sentiunt
3391 3135 3686 3212 Opinione

425 3239 587 3300 adeo
620 3240 836 3315 procul
871 3240 1205 3318 absumus,
1251 3253 1315 3303 ut
1350 3260 1476 3304 non
1515 3244 1702 3306 modo
1745 3244 1996 3306 nullum
2023 3242 2088 3305 in
2133 3259 2202 3306 ea
2239 3245 2483 3306 edenda
2547 3243 2906 3322 periculum
2944 3241 3213 3303 subesse
3265 3238 3682 3317 suspicemur,

423 3342 538 3402 sed
592 3339 869 3402 fructum
936 3344 1125 3404 etiam
1195 3343 1617 3423 multiplicem
1687 3345 1923 3406 exinde
1984 3345 2170 3405 nobis
2231 3343 2660 3405 obventurnm
2712 3343 3106 3404 confidamus
3154 3357 3170 3402 :
3226 3342 3252 3402 1
3299 3339 3582 3411 scilicet,
3631 3345 3686 3398 ut

428 3443 839 3522 integerrima
879 3445 942 3506 in
997 3447 1382 3526 evulgandis
1435 3447 1898 3527 TheOpbylacti
1949 3448 2272 3528 Operibus
2324 3447 2476 3508 fides
2528 3453 2740 3507 nostra
2791 3445 3096 3506 omnibus
3147 3442 3480 3522 explorata
3545 3443 3683 3502 liat:

424 3543 664 3606 deinde
704 3556 774 3608 ut
809 3547 1007 3608 Latini
1046 3550 1328 3611 nominis
1361 3549 1578 3612 hostes
1635 3549 2049 3628 perSpiciant,
2086 3550 2172 3611 ita
2205 3566 2321 3611 nos
2359 3547 2642 3628 mquitati
2693 3563 2902 3608 causa;
2950 3552 3184 3606 nostra)
3235 3543 3582 3615 conlidere,
3631 3548 3688 3601 ut

421 3665 568 3726 quae
617 3659 835 3714 contra
892 3652 1254 3716 aﬁ‘eruntur
1305 3666 1680 3734 argumenta
1737 3655 1802 3716 in
1869 3656 2155 3716 medium
2217 3652 2570 3730 producere
2629 3667 2756 3712 non
2810 3665 3152 3710 vereamur
3209 3663 3222 3707 :
3293 3646 3580 3723 denique
3629 3649 3687 3704 ut

421 3747 720 3813 Photiani
753 3753 861 3833 (ita
893 3769 1004 3814 eos
1045 3753 1370 3833 appellare
1405 3753 1609 3827 lubet,
1658 3753 1772 3833 qui
1801 3771 1882 3813 ex
1914 3755 2148 3815 Graecis
2181 3752 2511 3815 schismati
2550 3751 2905 3823 adluerent,
2950 3759 3018 3810 ut
3071 3747 3151 3808 ab
3181 3747 3431 3825 inclyta
3486 3761 3685 3808 eorum

421 3853 702 3928 natione,
741 3871 932 3932 quam
960 3869 1344 3933 magnOpere
1381 3853 1604 3932 diligo,
1631 3859 1717 3926 et,
1752 3860 1820 3913 ut
1851 3853 2052 3925 decet,
2088 3852 2250 3922 colo,
2282 3851 2634 3932 secernam)
2669 3849 3019 3929 aliquando
3051 3848 3301 3908 discant
3330 3847 3588 3924 aquius
3620 3847 3685 3906 de

425 3952 641 4013 Latina
710 3953 998 4015 Ecclesia
1052 3955 1316 4028 sentire,
1355 3953 1742 4033 animosque
1801 3953 2052 4031 capiant
2105 3953 2584 4014 moderatiores.
2615 3952 2802 4026 Quod
2863 3951 2947 4011 ita
2997 3947 3262 4028 quidem
3315 3955 3687 4009 eventurum

419 4055 698 4130 conﬁdo,
740 4057 794 4118 si
828 4056 1050 4117 sedato
1100 4056 1474 4134 passionum
1531 4063 1717 4130 testu,
1780 4072 1852 4117 ac
1904 4053 2298 4134 prrejudiciis
2351 4053 2677 4132 paulisper
2727 4052 3056 4131 sepositis,
3103 4051 3184 4113 ad
3237 4044 3687 4129 'l‘beophylacti

419 4157 650 4235 placita
707 4165 924 4238 (quem
981 4159 1141 4220 alias
1196 4157 1432 4236 magni,
1489 4175 1604 4219 nec
1657 4157 2006 4230 immerito,
2055 4154 2324 4235 faciunt)
2376 4155 2666 4218 animum
2730 4164 3148 4236 mentemque
3205 4171 3390 4216 suam
3446 4157 3687 4232 exigere

417 4260 645 4322 velint.
672 4262 808 4323 Hoc
844 4259 900 4320 si
944 4248 1384 4340 praestiterint,
1419 4259 1794 4322 fatebuntur
1823 4276 2004 4332 sane,
2032 4276 2227 4337 neque
2259 4256 2339 4338 (α)
2374 4256 2604 4317 multos
2644 4275 2770 4317 esse
2797 4257 3172 4317 Latinorum
3197 4276 3472 4330 errores,
3505 4271 3681 4333 neque

417 4363 597 4436 tales,
645 4365 754 4442 qui
781 4363 865 4424 ad
909 4361 1350 4426 discindendae
1381 4360 1708 4423 Ecclesias
1745 4361 1876 4423 sint
1905 4361 2143 4433 idonei,
2179 4376 2511 4438 eorumque
2554 4356 2799 4420 nullum
2822 4359 2904 4419 ad
2937 4357 3085 4436 ﬁdei
3127 4369 3318 4438 caput
3346 4359 3680 4438 pertinere.

414 4467 812 4530 Fatebuntur
843 4466 1187 4546 ejusmodi,
1213 4473 1277 4527 ut
1307 4465 1432 4544 ipsi
1460 4471 1708 4541 putant,
1734 4479 1984 4525 errores
2014 4460 2177 4522 ultra
2211 4460 2524 4522 rationem
2544 4477 2801 4522 omnem
2824 4467 2882 4520 et
2910 4460 3172 4520 modum
3198 4477 3229 4520 a
3248 4457 3690 4539 fervidioribus

411 4570 804 4649 quibusdam
837 4566 1335 4647 (blorthodoxiw
1364 4565 1748 4628 uiatoribus
1775 4563 2188 4642 ampliﬁcari;
2237 4562 2627 4642 aliquosque
2668 4561 2932 4636 nullius,
2967 4563 3132 4622 alios
3190 4579 3342 4623 vero
3368 4560 3687 4622 mediocris

413 4670 866 4733 emendationis
927 4669 1240 4746 indigere,
1283 4669 1368 4729 ita
1401 4675 1474 4730 ut
1521 4686 1649 4728 non
1696 4668 1906 4745 magni
1951 4666 2207 4727 intersit
2253 4665 2572 4736 Ecclesia’,
2623 4666 2678 4726 si
2729 4684 2798 4725 ea
2836 4665 3252 4745 perﬁciatur.
3303 4665 3690 4728 Fatebuntur

413 4791 673 4838 omnem
707 4773 908 4835 ferme
937 4771 1376 4834 dissensionis
1409 4774 1664 4833 Graacos
1698 4771 1867 4834 inter
1895 4787 1967 4832 ac
2000 4771 2255 4831 Latinos
2290 4786 2544 4831 causam
2581 4770 2999 4831 revocandam
3030 4788 3177 4832 esse
3209 4771 3284 4832 ad
3320 4771 3686 4849 particulam

413 4878 702 4958 Filioque
759 4877 1064 4958 Symbolo
1109 4877 1417 4956 adjectam
1465 4875 1568 4956 (c),
1620 4877 1913 4956 adeoque
1964 4894 2076 4936 nec
2118 4886 2385 4954 propter
2437 4892 2678 4952 azyma,
2730 4892 2927 4953 neque
2978 4884 3254 4954 propter
3295 4876 3548 4956 jejunia
3591 4871 3686 4950 (di,

410 4985 612 5045 multo
645 5001 792 5044 vero
829 4983 1036 5044 minus
1069 4991 1341 5062 propter
1371 4983 1640 5062 reliqua,
1679 4999 1898 5062 pacem
1931 4999 2070 5045 esse
2091 4999 2166 5044 cu
2181 4981 2501 5042 m.Latina
2528 4980 2812 5043 Ecclesia
2838 4980 3244 5042 turbandam.
3301 4981 3689 5043 Fatebuntnr

413 5088 640 5164 multa,
675 5105 823 5170 qum
861 5088 1022 5167 ipsis
1055 5105 1302 5148 errores
1334 5097 1504 5162 sunt,
1545 5105 1750 5149 meras
1821 5088 2305 5150 consuetudines
2337 5087 2413 5168 (e)
2462 5105 2634 5162 esse,
2685 5085 2986 5165 quasdam
3033 5083 3282 5164 quidem
3330 5103 3410 5146 ex
3439 5085 3686 5162 pietate,

410 5196 570 5257 alias
603 5215 683 5258 ea:
711 5193 983 5277 provida
1006 5193 1424 5273 dispositione
1464 5194 1884 5257 introductas.
1929 5195 2328 5257 Fatebuntur
2377 5193 2687 5268 denique,
2741 5209 2819 5253 ex
2866 5191 3007 5252 solo
3038 5193 3376 5253 charitatis
3424 5189 3686 5268 defectu,

409 5298 751 5362 ambitione
775 5315 846 5360 ac
891 5297 1191 5376 superbia
1222 5295 1324 5376 (Γ),
1349 5313 1426 5357 ex
1463 5297 1590 5356 zelo
1620 5316 1748 5357 non
1781 5297 2118 5358 secundum
2149 5296 2498 5370 scientiam,
2533 5314 2610 5356 ea:
2640 5311 2794 5354 caeco
2833 5295 2935 5354 sui
2961 5311 3170 5354 amore
3195 5292 3280 5371 (g)
3297 5300 3386 5354 tot
3442 5290 3689 5368 congeri

510 5569 564 5638 α)
598 5569 776 5624 Verba
809 5566 1203 5641 Theopliylacti
1232 5565 1408 5622 Alloc.
1450 5581 1602 5622 num.
1637 5567 1677 5634 I,
1707 5582 1831 5639 pag.
1861 5565 1988 5623 515.
2094 5563 2233 5619 enim
2288 5561 2524 5632 fraterne
2583 5561 2940 5630 suscipimus,
2981 5566 3128 5623 etc.;
3194 5566 3311 5612 tum
3358 5571 3477 5626 qua:
3533 5552 3684 5606 habet

482 5571 558 5708 ib)
595 5641 759 5696 Num.
793 5641 855 5692 ll.
989 5707 994 5708 ί
2103 5650 2258 5708 num.
2289 5631 2432 5708 xvi.
2463 5632 2556 5708 ubi
2591 5633 2850 5708 graphice
2902 5629 3170 5708 describit
3208 5627 3576 5708 quorumdam
3599 5635 3680 5708 ex

509 5627 560 5706 bi
595 5641 759 5696 Num.
793 5641 855 5692 ll.
965 5627 982 5640 ’
1040 5627 1058 5641 ”
1663 5627 1674 5634 ’
1707 5627 1722 5638 ’
1777 5627 1807 5639 “’
2103 5650 2258 5706 num.
2289 5627 2432 5706 XVi,
2463 5632 2556 5706 ubi
2591 5627 2850 5706 graphice
2902 5629 3170 5706 describit
3208 5627 3576 5706 quorumdam
3621 5635 3680 5706 ex

592 5711 670 5782 Ib.
703 5721 757 5764 et
781 5725 932 5782 Iunii.
957 5707 1045 5766 ill.

2171 5704 2216 5759 is
2242 5703 2586 5774 popularibus
2614 5700 2861 5773 ὑδέρικδν
2901 5700 3066 5772 ὅγκῦν
3091 5737 3108 5767 ,
3135 5700 3482 5771 liydropicum
3518 5704 3688 5748 τυπω-

483 5778 563 5852 (d)
598 5781 761 5852 Num.
795 5778 910 5834 XV.
2106 5791 2238 5852 rem.

489 5841 560 5924 '(eq')
590 5851 737 5924 _l_|iid.
1131 5922 1139 5924 _
1393 5921 1401 5924 Α
1467 5923 1473 5924 7
1773 5919 1792 5924 _
1889 5916 1931 5924 __
2107 5867 2128 5902 ι,
2181 5845 2254 5915 lg‘
2291 5843 2455 5903 Num.
2484 5842 2557 5899 XI
2588 5841 2644 5898 in
2672 5841 2798 5900 line.

486 5916 556 5986 ll)
588 5921 706 5980 Huc
742 5929 996 5982 spectant
1030 5922 1196 5978 verba
1233 5939 1354 5982 (tum
1391 5921 1553 5978 habet
1585 5937 1740 5976 num.
1773 5919 1792 5974 Ι
1827 5937 1838 5973 ;
1878 5916 2004 5972 Νοη
