3860 6548
443 443 544 502 447
1491 439 1874 502 BONIFACII
1916 441 1967 501 FQ

2149 439 2227 502 TI
2268 439 2659 500 ΡΒᾹΞΡΑΤΙΟ
3584 435 3671 499 448

449 552 923 616 verebaturille
959 558 1337 615 eventurum
1373 551 1522 622 sibi,
1563 569 1792 633 nempe
1829 552 2002 632 quod
2036 550 2332 614 nonnulli
2381 568 2458 612 ex
2507 544 2955 625 fervidioribus
3003 545 3355 614 Photianis,
3409 543 3672 624 legentes

446 669 638 731 quam
689 654 918 716 acriter
960 654 1023 714 in
1080 669 1194 714 sua
1256 652 1370 714 hac
1425 651 1633 728 Opella
1691 652 2075 730 perstringat
2135 649 2508 712 eorumdem
2572 645 3112 708 immoderantiam
3171 642 3312 716 zeli,
3361 643 3677 704 rharitalir

443 752 771 834 defectum,
815 752 1205 814 ambitionem
1230 761 1413 830 atque
1458 752 1876 832 hydropicum
1909 762 2237 824 tumorem,
2267 749 2694 811 aestimatione
2734 749 2797 809 in
2831 753 3268 823 contemptum
3301 762 3511 818 versa,
3547 761 3677 805 eun

445 855 868 918 condemnant
900 854 1168 914 inscitiae
1200 854 1659 931 crassiorisque
1688 855 1754 915 in
1787 852 1973 914 rebus
2024 853 2224 913 sacris
2261 851 2519 934 judicii,
2551 850 2647 912 vel
2685 851 2970 922 incuria,
3013 851 3237 910 imo/et
3295 849 3680 908 orientalium

445 957 797 1037 dogmptum
824 956 1231 1036 proditionis.
1266 956 1393 1018 Alii
1431 965 1666 1029 tamen,
1696 973 1952 1035 sperare
1975 956 2180 1035 juvat,
2214 954 2577 1035 gravissimi
2611 953 2802 1033 hujus
2855 952 2973 1014 viri
3019 949 3393 1013 auctoritate
3421 954 3678 1026 permuli

445 1057 568 1118 sibi
611 1057 794 1119 facile
824 1057 1320 1134 persuadebunt,
1352 1073 1462 1116 nec
1503 1057 1730 1116 multos
1757 1075 1882 1115 esse
1906 1055 2276 1116 Latinorum
2309 1071 2576 1126 errores,
2610 1071 2805 1132 neque
2826 1053 2980 1113 tales
3011 1052 3120 1131 qui
3142 1049 3224 1110 ad
3253 1048 3681 1111 discindenda‘

442 1157 761 1218 Ecclesias
787 1156 918 1216 sint
949 1153 1196 1223 idonei;
1228 1173 1341 1216 nec
1387 1154 1586 1215 ullum
1631 1156 1741 1232 qui
1787 1153 1868 1215 ad
1895 1153 2043 1233 ﬁdei
2093 1163 2283 1234 caput
2332 1154 2675 1234 pertineat.
2728 1155 2805 1213 At
2834 1151 2879 1213 ii
2935 1151 3054 1229 ipsi
3095 1149 3362 1213 fortasse
3399 1151 3679 1229 ejusdem

444 1257 822 1319 auctoritate
861 1255 1003 1316 freti
1045 1255 1454 1327 contendent,
1490 1271 1557 1315 se
1589 1255 1737 1333 jure
1769 1271 1801 1315 a
1830 1254 2202 1316 Latinorum
2234 1252 2692 1315 communione
2715 1250 3082 1322 abhorrere,
3115 1247 3359 1327 quippe
3389 1249 3502 1325 qui
3540 1246 3679 1308 illud

444 1358 748 1436 Symbolo
811 1359 1206 1428 addiderint,
1245 1373 1376 1437 quo
1417 1357 1726 1435 Spiritum
1773 1366 2064 1420 sanctum
2099 1364 2160 1420 et
2189 1374 2222 1420 a
2269 1357 2439 1418 Filio
2501 1355 2846 1433 procedere
2895 1353 3292 1416 enuntiatur.
3326 1353 3457 1412 Hos
3497 1351 3684 1430 igitur

443 1459 646 1520 amice
683 1470 744 1520 et
775 1458 1078 1528 fraterne,
1117 1466 1314 1537 utque
1354 1458 1564 1520 verbis
1593 1467 1730 1520 utar
1771 1456 2261 1536 TheOphylacti,
2299 1454 2676 1536 simpliciter
2715 1463 2771 1515 et
2821 1450 3105 1525 candide,
3137 1462 3320 1530 atque
3364 1458 3434 1510 ut
3474 1451 3681 1528 pisca-

445 1572 651 1621 torum
679 1559 1062 1638 discipulum
1091 1559 1341 1620 omnino
1377 1559 1571 1635 decet,
1605 1575 1779 1621 nunc
1813 1557 2034 1636 paucis
2066 1557 2313 1637 alloqui
2351 1557 2548 1618 lubet.

524 1665 792 1726 XXVII.
840 1667 928 1725 Ac
955 1665 1158 1742 primo
1189 1663 1451 1746 quidem
1487 1681 1624 1739 eos,
1655 1664 1865 1744 quoad
1904 1679 2185 1741 prmseus
2214 1661 2469 1734 attinet,
2507 1657 2918 1738 prmmonitos
2965 1657 3180 1730 velim,
3229 1655 3444 1733 potius
3494 1651 3682 1714 animi

447 1765 937 1842 dispositionem
970 1781 1158 1844 quam
1204 1766 1396 1829 verba
1436 1783 1578 1828 esse
1605 1766 1672 1828 in
1703 1764 2186 1845 Theotihylaeto
2217 1765 2606 1844 spectanda;
2639 1761 2874 1824 deinde
2911 1775 3315 1839 quaecunque
3345 1758 3486 1837 ejus
3520 1771 3685 1816 mens

445 1863 664 1937 fuerit,
718 1879 844 1924 non
899 1863 1108 1942 magni
1159 1881 1301 1926 esse
1348 1864 1699 1926 faciendam
1735 1863 1916 1925 illius
1947 1865 2064 1926 hac
2115 1865 2181 1926 in
2234 1881 2300 1925 re
2343 1862 2812 1924 auctoritatem.
2865 1858 3088 1934 Quoad
3123 1859 3400 1937 primum
3446 1858 3686 1920 attinet.

447 1980 562 2042 pro
594 1973 765 2026 certo
799 1963 1026 2037 habeo,
1067 1964 1150 2027 ita
1195 1983 1343 2028 eum
1401 1963 1603 2028 fuisse
1632 1965 1850 2028 animo
1897 1973 2358 2045 comparatum,
2386 1973 2454 2026 ut
2480 1965 2533 2026 si
2570 1979 2700 2044 quo
2737 1971 3020 2042 tempore
3060 1961 3243 2034 vixit,
3282 1977 3395 2039 per
3432 1959 3684 2038 aliquod

447 2066 790 2128 concilium
829 2087 907 2130 ex
950 2067 1190 2130 Graecis
1239 2067 1620 2147 Latinisque
1650 2079 1938 2131 coactum
1990 2070 2065 2131 ad
2101 2085 2368 2131 examen
2413 2079 2626 2128 vocata
2665 2082 2736 2128 ac
2785 2065 3046 2127 deﬁnita
3090 2062 3324 2126 fuisset
3372 2060 3685 2140 processio

447 2167 730 2243 Spiritus
799 2170 1001 2231 sancti
1057 2172 1249 2230 etiam
1309 2185 1342 2230 a
1400 2170 1594 2245 Filio,
1645 2170 1864 2248 procul
1925 2171 2125 2233 dubio
2183 2168 2444 2232 concilii
2517 2169 2772 2249 judicio
2817 2184 2888 2231 ac
2939 2166 3280 2229 sententia
3351 2164 3682 2225 stetisset:

447 2271 991 2344 quemadmodum
1058 2269 1318 2346 plurimi
1387 2273 1720 2334 sanctitate
1779 2289 1850 2334 ac
1926 2272 2218 2334 doctrina
2277 2270 2789 2350 prmstautissimi
2851 2272 3067 2332 Patres
3129 2275 3364 2330 stetere
3420 2266 3682 2346 synodo,

447 2368 858 2440 Florentium,
915 2369 1107 2448 eique
1160 2378 1472 2448 perpetuo
1532 2377 1591 2431 et
1645 2369 2164 2432 constantissime
2217 2370 2649 2431 adhmserunt.
2704 2368 2836 2429 Hac
2875 2365 3078 2429 fuisse
3149 2362 3685 2443 TheOphylactum

447 2471 649 2531 animi
684 2472 1110 2548 dispositione
1155 2472 1477 2546 affectum,
1531 2473 1671 2551 ipse
1723 2472 1960 2548 colligo
1995 2489 2071 2534 ex
2126 2472 2370 2534 eximio
2411 2471 2552 2548 ejus
2604 2469 2777 2550 pacis
2839 2469 3235 2547 unionisque
3281 2483 3524 2537 amore,
3586 2461 3682 2543 qui

449 2593 591 2635 cum
625 2575 688 2635 in
721 2574 866 2635 aliis
902 2575 1234 2650 operibus,
1263 2580 1398 2636 tum
1431 2574 1836 2652 potissimum
1871 2574 1936 2634 in
1959 2571 2074 2634 hac
2104 2572 2244 2650 ipsa
2281 2569 2678 2632 Allocutione
2710 2567 3072 2631 luculenter
3095 2582 3164 2629 se
3194 2569 3429 2644 prodit.
3462 2567 3682 2627 Verum

449 2691 592 2737 Cum
630 2683 772 2736 ante
820 2674 1112 2735 ﬂoruerit
1156 2691 1346 2754 quam
1393 2673 1834 2736 controversia
1889 2672 2022 2735 haec
2081 2672 2342 2734 deﬁnita
2389 2679 2562 2733 esset
2609 2672 2676 2732 in
2742 2669 2959 2748 aliqua
3004 2668 3396 2732 (acumenica
3451 2666 3683 2746 synodo

453 2777 688 2866 (,irimo
723 2778 894 2838 enim
932 2779 1191 2842 deﬁnita
1233 2787 1330 2840 est
1379 2779 1442 2839 in
1475 2778 1750 2841 concilio
1803 2775 2081 2857 generali
2132 2777 2547 2854 Lugdunensi
2597 2795 2667 2843 Il,
2719 2793 2824 2838 an.
2857 2773 3060 2856 ηπ),
3112 2789 3391 2852 cumque
3462 2788 3571 2850 per
3624 2769 3683 2831 id

455 2883 706 2950 tempus
755 2875 1012 2936 dissidii
1055 2886 1114 2938 et
1160 2875 1521 2938 schismatis
1553 2885 1745 2937 aestus
1776 2877 2049 2954 primum
2083 2875 2395 2944 excitatus
2441 2893 2474 2935 a
2507 2874 2756 2948 Photio,
2797 2884 2931 2938 tum
2970 2892 3000 2936 a
3035 2873 3344 2936 Michaele
3372 2870 3684 2934 Cerulario

455 2989 577 3032 non
615 2973 697 3032 ita
755 2975 1000 3050 pridem
1040 2991 1405 3048 renovatus,
1459 2974 1738 3036 ferveret
1800 2992 1992 3053 quam
2029 2974 2622 3047 vehementissime,
2675 2975 2838 3036 haud
2874 2974 3056 3036 valde
3112 2972 3476 3034 mirandum
3527 2971 3580 3032 si
3630 2978 3684 3031 et

455 3076 978 3154 Theophylactus
1011 3097 1080 3140 se
1111 3095 1372 3158 quoque
1405 3079 1608 3156 abripi
1651 3094 1876 3155 passus
1907 3088 2236 3156 utcunque
2275 3078 2379 3140 sit.
2417 3080 2493 3138 At
2530 3079 2681 3157 quia
2713 3087 2920 3140 tamen
2951 3077 3032 3140 ob
3066 3094 3228 3152 eam,
3273 3094 3465 3158 quam
3509 3093 3682 3153 supra

458 3179 972 3248 memoravimus,
1008 3194 1262 3239 causam
1304 3177 1593 3256 ignotum
1630 3177 1815 3238 nobis
1846 3186 1964 3252 est,
2000 3193 2078 3238 an
2111 3175 2286 3237 illius
2321 3175 2533 3238 fervor
2563 3177 2638 3239 ad
2668 3177 3025 3240 hmreticam
3051 3195 3259 3257 usque
3291 3179 3682 3256 pertinaciam

455 3276 835 3349 excreverit,
888 3277 1035 3340 ideo
1086 3295 1296 3357 neque
1345 3277 1530 3338 illum
1588 3277 1931 3353 haereseos,
1982 3295 2194 3357 neque
2246 3277 2556 3356 formulis,
2605 3285 2672 3339 ut
2721 3279 2926 3351 aiunt,
2969 3276 3332 3338 schismatis
3397 3276 3680 3337 condem'

457 3395 679 3440 namus
725 3380 807 3459 (ιι)
841 3381 997 3460 quin
1033 3398 1150 3444 nec
1190 3383 1394 3443 sancti
1437 3381 1552 3445 viri
1584 3383 2106 3462 appellationem,
2149 3397 2274 3460 qua
2332 3381 2522 3460 vulgo
2554 3380 2632 3442 ab
2665 3381 3105 3444 Orientalibus
3153 3381 3525 3460 insignitur,
3583 3394 3679 3440 nos

456 3482 779 3544 ullatenus
815 3485 936 3562 ips-i
972 3483 1366 3547 invidemus.

540 3605 846 3668 XXVIII.
876 3604 1110 3667 Verum
1129 3605 1481 3685 hocipsum
1510 3605 1680 3686 quod
1707 3605 2002 3686 Τὴροιιὶι)
2025 3609 2183 3668 Iacto
2203 3606 2398 3668 abhis
2417 3607 2792 3670 criminibus
2817 3609 3165 3688 purgando,
3193 3609 3329 3671 sive
3344 3609 3682 3671 excusando

459 3704 764 3779 deservit,
801 3705 875 3764 ad
921 3705 1338 3766 minuendam
1372 3719 1634 3784 quoque
1668 3705 1782 3768 hac
1816 3706 1882 3766 in
1909 3715 2081 3782 parte
2121 3706 2302 3768 illius
2333 3709 2774 3770 auctoritatem
2807 3726 2996 3789 quam
3041 3708 3315 3771 maxime
3351 3707 3499 3772 facit
3547 3711 3682 3772 Cum

458 3803 632 3867 enim
685 3805 1113 3867 controversia
1158 3805 1286 3867 hzec
1347 3806 1410 3868 in
1472 3806 1746 3868 concilio
1809 3824 1886 3866 ex
1942 3806 2176 3866 Graecis
2234 3807 2605 3887 Latinisque
2672 3818 2887 3872 coacto
2966 3813 3253 3872 nondum
3310 3813 3451 3872 data
3516 3827 3682 3890 Opera

460 3907 917 3982 communique
963 3921 1282 3966 consensu
1319 3905 1603 3984 subjecta
1635 3912 1803 3966 esset
1830 3905 2137 3982 examini,
2168 3907 2337 3985 quod
2378 3909 2582 3985 primo
2614 3908 2843 3972 factum
2865 3919 2960 3972 est
2994 3912 3056 3974 in
3093 3913 3396 3992 prmdicta
3428 3911 3681 3992 generali

460 4006 733 4086 synodo,
797 4008 1090 4084 ignorare
1119 4005 1174 4066 is
1211 4004 1397 4066 facile
1434 4005 1639 4084 potuit
1688 4005 1926 4084 quibus
1972 4007 2289 4069 niteretur
2334 4008 2771 4072 fundamentis
2806 4012 3178 4075 Latinorum
3225 4015 3556 4088 sententia,
3597 4011 3679 4076 vel

461 4127 591 4190 quo
622 4111 684 4171 in
724 4091 922 4171 sensu
960 4116 1320 4171 assererent
1351 4108 1453 4179 hi,
1480 4108 1787 4188 Spiritum
1823 4119 2108 4172 sanetum
2144 4112 2336 4173 etiam
2375 4129 2406 4174 a
2457 4113 2623 4175 Filio
2672 4115 3046 4193 procedere,
3093 4125 3153 4177 et
3198 4133 3389 4197 quam
3435 4117 3682 4196 legitima

464 4215 626 4276 ratio
661 4231 779 4274 seu
812 4229 1003 4273 causa
1037 4212 1130 4272 eis
1165 4211 1386 4287 fuerit,
1424 4221 1493 4274 ut
1533 4213 1904 4290 particulam
1945 4214 2236 4294 Filioque
2264 4216 2327 4276 in
2369 4225 2633 4278 summet
2663 4235 2848 4280 usum
2883 4219 3188 4282 Ecclesia-‘3
3216 4221 3518 4297 Symbolo
3559 4219 3678 4281 ﬁdei

460 4314 886 4392 adjiciendam
922 4315 1227 4390 putarint.
1277 4316 1422 4376 Haec
1454 4317 1664 4394 reipsa
1697 4316 1774 4377 ab
1805 4317 2292 4396 TheOphylacto
2326 4318 2613 4396 ignorata
2649 4319 2877 4394 fuisse,
2911 4322 3193 4383 dubitari
3242 4324 3347 4384 vix
3391 4329 3607 4400 potest.
3635 4319 3678 4378 si

460 4424 832 4494 argumenta
864 4415 1053 4495 queis
1084 4432 1263 4477 suam
1299 4417 1435 4494 ipse
1465 4433 1718 4478 causam
1757 4427 2140 4496 propugnat,
2189 4418 2379 4495 paulo
2423 4421 2733 4482 attentius
2782 4425 3253 4500 expendautur.
3301 4427 3484 4487 Anne
3535 4422 3676 4485 enim

465 4535 622 4577 usus
659 4533 941 4596 unquam
1001 4517 1213 4580 verbis
1245 4518 1378 4580 illis
1418 4518 1811 4598 evangelicis
1866 4518 2097 4582 fuisset
2137 4541 2147 4559 ι
2182 4521 2445 4582 Ostende
2489 4521 2668 4584 nobis
2717 4525 2965 4585 Patrem
3019 4525 3158 4606 (qui
3220 4545 3451 4606 nempe
3495 4530 3678 4590 doceat

459 4620 765 4698 Spiritum
793 4630 1079 4682 sanctum
1106 4639 1139 4684 a
1175 4621 1336 4684 Filio
1364 4623 1760 4700 procedere),
1784 4631 1841 4684 et
1868 4623 2101 4703 sufﬁcit
2136 4624 2316 4686 nobis
2349 4625 2457 4706 (b),
2497 4627 2553 4686 si
2594 4629 3024 4706 cognovisset,
3060 4638 3149 4692 tot
3185 4649 3330 4692 esse
3381 4633 3602 4702 Patres,
3629 4637 3676 4690 et

459 4721 947 4801 probatissimos
977 4722 1265 4802 quidem,
1292 4731 1352 4784 et
1384 4740 1508 4785 non
1541 4725 1731 4785 modo
1770 4725 2054 4798 Latinos,
2087 4724 2198 4802 qui
2223 4724 2498 4788 ﬂoruere
2519 4738 2665 4790 ante
2691 4729 3121 4792 dissensionis
3155 4731 3415 4792 initium
3451 4730 3676 4812 (quibus

468 4829 736 4908 proinde
765 4827 1175 4906 probatorum
1201 4829 1462 4888 Patrum
1493 4841 1554 4890 et
1581 4845 1814 4891 nomen
1847 4838 1910 4892 et
1945 4829 2208 4908 gradum
2248 4847 2434 4893 nemo
2475 4849 2651 4906 sane,
2676 4835 2784 4912 qui
2815 4843 2980 4896 recte
3015 4835 3266 4909 sentiat,
3293 4830 3678 4915 abjudtcaril).

465 4932 577 4990 sed
614 4931 803 4992 etiam
834 4932 1110 4999 Graecos,
1140 4929 1254 5008 qui
1281 4936 1560 4990 nostram
1594 4931 1918 4992 tradidere
1951 4931 2382 4994 sententiam?
2404 4934 2523 4996 Hic
2552 4951 2727 5008 vero,
2753 4943 3094 5014 antequam
3124 4938 3287 4999 ultra
3321 4935 3676 5017 progredior,

469 5029 769 5092 cohibere
811 5046 909 5089 me
945 5045 1072 5088 non
1115 5046 1402 5106 possum,
1439 5031 1601 5109 quin
1639 5031 2050 5094 vehementer
2074 5049 2309 5113 querar
2339 5038 2884 5116 expostulemquc
2916 5038 2995 5100 de
3027 5039 3432 5114 apertissima
3481 5035 3680 5116 injuria

469 5148 660 5210 quam
711 5130 910 5192 Graeci
964 5139 1198 5192 nostra)
1254 5128 1448 5208 hujus
1503 5134 1700 5194 mtatis
1731 5150 1860 5196 non
1897 5135 2134 5197 Latium
2181 5144 2450 5210 tantum,
2497 5137 2612 5197 sed
2666 5144 2728 5198 et
2769 5139 3092 5201 universm
3143 5139 3448 5202 Ecclesire
3477 5137 3678 5198 inferre

473 5233 639 5294 haud
701 5233 1142 5308 reformidant,
1205 5235 1358 5295 dum
1420 5236 1922 5297 controversiam
1980 5235 2142 5298 hanc
2189 5236 2338 5300 fidei
2407 5237 2480 5299 ad
2539 5240 2791 5300 Graecos
2847 5246 3090 5301 tantum
3136 5239 3512 5318 exigendae:
3563 5248 3679 5295 esse

474 5337 715 5412 I’atrcs,
766 5355 846 5398 ex
904 5353 1260 5415 eorumque
1320 5337 1570 5414 placitis
1624 5337 2056 5400 deﬁuiemlam
2115 5357 2256 5401 esse
2312 5341 2736 5401 contendunt.
2795 5340 2961 5412 Quid
3005 5341 3222 5402 enim?
3267 5344 3360 5402 An
3417 5333 3678 5402 catholica

549 5612 624 5680 (ιι)
666 5610 778 5666 llac
817 5611 1029 5666 ratione
1072 5627 1194 5666 eum
1255 5619 1596 5666 exrttsarunt
1647 5621 1899 5666 auctores
1933 5609 2048 5664 edi-
2154 5613 2370 5666 locutus
2412 5613 2571 5667 fuerit
2605 5611 2940 5680 deSpirilus
2962 5610 3134 5665 sancti
3167 5598 3676 5680 processionelwlifl

473 5675 849 5754 tiuni’tmmnn.
896 5684 1055 5743 1551,
1091 5683 1224 5738 1542
1252 5690 1304 5735 et
1334 5683 1490 5754 1.554,
1533 5697 1673 5751 quas
1698 5681 1879 5754 videre
1915 5682 2046 5754 mihi
2156 5684 2370 5736 minime
2397 5694 2518 5736 tunc
2557 5686 2620 5736 ob
2666 5675 2905 5735 Ecclesia
2943 5675 3231 5737 universali
3281 5682 3541 5754 deﬁnitam
3564 5675 3676 5737 ml,

472 5751 650 5823 licuit.
683 5752 1106 5808 Eum-rationum
1161 5755 1335 5823 ipsius
1378 5753 1430 5805 iu
1468 5762 1701 5819 qttatuor
1737 5752 2045 5823 Evangelia.
2156 5770 2271 5807 eum
2307 5753 2370 5804 ab
2404 5764 2623 5820 utroque
2655 5753 2956 5819 procedere.
3346 5751 3357 5754 ’
3606 5764 3612 5770 “

480 5820 654 5875 Verba
679 5825 896 5876 illorum
926 5820 1207 5895 mlralccm
1229 5821 1768 5895 Joairinisltmc'sunt;
1800 5821 2050 5895 Prqpter-
2231 5824 2304 5895 (b)
2338 5823 2496 5879 Nunt.
2533 5825 2624 5879 Ill.

479 5913 539 5948 ea
572 5893 1020 5951 reprehendendus
1054 5911 1154 5948 nou
1185 5904 1260 5948 est
1305 5892 1718 5958 'I'Itctq.vlir;l:rctus
1753 5892 1919 5960 (quoa
1979 5894 2048 5946 ita
