3860 6548
166 401 256 468 4ί9
694 424 699 428 -
980 395 1062 457 IN
1105 397 1538 468 SEQUENTIA
1576 397 2153 461 THEOPHYLACTI
2185 399 2528 462 SCRIPTA.
3275 403 3383 466 450

167 513 426 578 Ecclesia
470 510 629 574 intra
678 508 882 572 solius
925 511 1188 573 Graecia)
1228 522 1323 572 vel
1371 509 1656 572 Orientis
1699 509 1857 571 fines
1905 509 2094 571 etiam
2142 509 2367 588 primis
2428 509 2731 573 Ecclesiae
2783 515 3037 578 sarculis
3079 511 3381 578 conclusa

160 618 319 681 erat?
368 618 488 677 Aut
546 612 756 674 dicina
800 612 1087 684 traditio,
1139 613 1329 693 cujus
1388 611 1644 691 propria
1697 609 1812 672 dos
1866 618 1984 685 est,
2027 627 2267 689 semper
2297 618 2357 672 et
2401 611 2630 692 ubique
2675 618 2918 694 vigere,
2950 633 3030 678 ex
3063 613 3384 676 Orientali

164 726 386 782 tantum
420 714 698 776 Ecclesia
736 713 1086 776 haurienda
1127 714 1582 791 pensandaque
1614 713 1752 773 est?
1789 712 2026 790 Ecquis
2051 709 2168 772 hac
2217 713 2629 792 prmrogativa
2681 716 3042 783 Orientales
3082 713 3385 778 donavit?

162 826 243 883 An
281 817 592 891 Christus,
637 817 748 894 qui
788 816 1214 894 Evangelium
1263 815 1328 878 in
1373 815 1682 877 universo
1721 814 1961 876 mundo
2013 813 2484 892 praedicandum
2527 817 2770 879 edixit?
2806 820 2902 882 An
2933 817 3234 898 apostoli,
3267 813 3381 894 qui

160 925 302 986 illud
333 922 794 985 annuntiarunt
829 920 1068 1000 ubique
1099 929 1450 993 terrarum;
1497 934 1854 995 eorumque
1898 917 2276 996 coryphmus
2318 920 2543 979 Petrus
2585 920 2850 982 Romam
2883 938 3027 981 cum
3077 918 3386 981 doctrinm

157 1044 295 1097 suae,
325 1031 454 1086 tum
503 1025 691 1087 etiam
749 1023 1082 1102 potestatis
1133 1024 1353 1085 sedem
1410 1021 1788 1084 constituit?
1836 1021 1944 1082 ubi
1999 1021 2189 1082 etiam
2233 1020 2472 1082 Paulus
2512 1021 2791 1084 doctoris
2819 1041 3087 1087 munere
3121 1024 3382 1085 functus

158 1125 400 1188 biennio
436 1131 534 1186 est
568 1145 583 1184 :
621 1131 688 1187 ut
717 1125 797 1186 de
827 1125 1070 1186 cmteris
1093 1123 1313 1185 sileam
1346 1121 1679 1203 apostolis,
1715 1138 1988 1202 quorum
2022 1121 2226 1200 aliqui
2258 1137 2368 1200 per
2406 1121 2683 1204 seipsos,
2717 1123 2826 1184 alii
2867 1142 2978 1202 per
3026 1124 3382 1205 discipulos

157 1233 226 1294 ab
248 1247 312 1292 se
343 1229 675 1290 institutos
707 1229 774 1290 in
808 1229 1010 1292 varias
1045 1228 1417 1290 Occidentis
1455 1227 1818 1303 provincias
1861 1244 1930 1288 ac
1964 1243 2152 1305 regna
2196 1224 2550 1288 doctrinam
2597 1228 3029 1305 evangelicam
3073 1229 3381 1290 dissemi-

167 1339 398 1393 narunt.
453 1330 764 1405 Quamvis
795 1329 994 1411 igitur
1051 1331 1299 1393 nullum
1341 1349 1415 1393 ex
1458 1330 1690 1392 Graecis
1745 1329 2035 1392 Patribus
2092 1328 2302 1391 afferri
2369 1336 2584 1408 posset
2633 1343 2746 1405 pro
2809 1330 3033 1392 Latino
3089 1330 3382 1410 dogmate

160 1433 601 1508 testimonium,
661 1441 874 1496 nonne
929 1434 1085 1496 satis
1141 1441 1314 1496 esset
1364 1434 1691 1496 unanimis
1756 1434 2128 1496 Latinorum
2175 1435 2433 1494 Patrum
2493 1430 2837 1505 sententia,
2898 1439 2965 1492 ut
3019 1432 3258 1494 nedum
3305 1435 3384 1494 ab

161 1534 348 1598 omnis
371 1533 745 1611 suspicione
773 1529 1021 1596 erroris'
1042 1533 1504 1608 absolveretur,
1543 1535 1654 1596 sed
1688 1534 1876 1596 etiam
1911 1542 1978 1594 ut
2009 1533 2316 1612 apostolis
2340 1533 2502 1612 ipsis
2535 1529 2880 1594 referretur
2911 1535 3285 1611 acceptum?
3313 1535 3386 1594 Et

159 1649 292 1696 sane
323 1633 374 1694 si
409 1632 960 1712 TheOpbylactum
989 1651 1115 1695 non
1153 1633 1338 1696 latuit
1370 1634 1590 1696 isthmc
1621 1633 1990 1695 Latinorum
2025 1633 2370 1696 consensio
2399 1635 2684 1707 Patrum,
2725 1650 2849 1714 qua
2886 1635 3132 1695 ratione
3180 1651 3384 1695 ausus

166 1738 248 1796 est
298 1730 630 1808 afﬁrmare,
680 1753 718 1793 a
780 1733 955 1795 nullo
1012 1754 1090 1796 ex
1127 1735 1412 1813 probatis
1470 1735 1771 1797 Patribus
1822 1735 1890 1798 id
1942 1736 2208 1809 edoceri,
2256 1751 2730 1815 provocareque
2815 1753 2932 1798 nos
2991 1736 3384 1816 evangelicis

163 1836 390 1898 verbis:
421 1836 690 1898 Ostende
719 1838 900 1900 nobis
928 1839 1223 1900 Patrem?
1255 1842 1351 1901 An
1396 1856 1520 1902 non
1552 1841 1812 1920 probati
1861 1844 2075 1904 Patres
2123 1842 2482 1921 Cyprianus
2524 1851 2588 1905 et
2635 1841 3049 1917 Ambrosius,
3105 1859 3384 1920 quorum

161 1938 340 1999 utitur
376 1937 770 2000 testimoniis
805 1939 990 2002 tertia
1023 1941 1317 2019 synodus
1348 1943 1765 2017 oecumenica,
1801 1941 1940 2005 sive
1970 1929 2340 2022 .Ephesina?
2387 1944 2610 2004 Nonne
2651 1941 3144 2020 probatissimns
3205 1943 3388 2002 Pater

165 2041 270 2098 Leo
307 2041 596 2116 Magnus,
639 2040 837 2121 'cujus
879 2042 1111 2123 scripta
1145 2053 1368 2121 quarta
1415 2045 1689 2123 synodus

1860 2056 1949 2126 λην
1984 2055 2313 2126 ὀρθοδοξίας,
2355 2047 2704 2108 columnam
2739 2045 3132 2108 orthodoxite
3157 2045 3384 2125 appel-

167 2144 313 2204 lavit.
365 2145 592 2208 Nonne
656 2145 958 2224 probatus
1015 2151 1199 2210 Pater
1247 2150 1686 2230 Augustinus,
1749 2168 1944 2231 quem
2005 2159 2182 2214 sexta
2229 2151 2521 2231 synodus
2586 2148 2858 2212 summis
2903 2157 3234 2226 prosecuta
3291 2157 3388 2210 est

161 2249 425 2311 laudibus
453 2267 644 2328 teque
673 2266 745 2312 ac
779 2249 996 2329 ipsum
1019 2253 1433 2316 Ambrosium
1465 2261 1656 2335 atque
1689 2257 2012 2319 Leonem?
2037 2255 2102 2318 Si
2139 2271 2290 2318 vero
2323 2254 2442 2318 hoc
2465 2252 2576 2317 ille
2604 2253 2952 2332 ignoravit,
2977 2268 3387 2332 consequens

163 2358 260 2424 est,
297 2352 488 2415 multo
531 2352 899 2416 breviorem
951 2355 1408 2421 ecclesiastica)
1443 2359 1836 2422 eruditionis
1887 2360 2358 2440 supellectilem
2396 2358 2493 2420 illi
2533 2356 2764 2433 fuisse,
2813 2374 3004 2438 quam
3060 2357 3387 2420 decuisset

161 2456 290 2518 tanti
325 2454 609 2517 nominis
637 2455 1194 2537 archiepisc0pum
1232 2481 1249 2521 :
1281 2463 1576 2542 adeoque
1614 2462 1797 2524 illius
1819 2464 2286 2538 auctoritatem,
2313 2463 2390 2525 ad
2427 2462 2550 2525 hoc
2580 2461 2752 2542 quod
2786 2463 3036 2534 attinet,
3083 2477 3209 2522 non
3242 2478 3384 2522 esse

163 2577 506 2641 magnopere
573 2563 952 2631 faciendam.
1006 2568 1192 2642 Quod
1256 2582 1410 2630 vero
1475 2565 1674 2645 magis
1737 2566 2058 2646 displicet,
2124 2573 2222 2629 est
2307 2565 2470 2628 illud
2525 2566 2700 2643 quod
2750 2564 2968 2627 subdit
3041 2565 3174 2626 :Si
3225 2564 3387 2622 enim

163 2660 427 2738 probat-us
491 2673 615 2741 est,
671 2683 800 2728 non
846 2665 1051 2735 dixit;
1103 2675 1160 2727 et
1214 2667 1272 2728 si
1323 2664 1520 2740 dixit,
1569 2665 1876 2744 probatus
1914 2684 2044 2726 non
2089 2675 2202 2729 est.
2230 2667 2388 2740 Quae
2435 2667 2628 2728 verba
2676 2664 3046 2727 btereticum
3080 2664 3381 2742 spiritum

166 2767 418 2830 redolere
455 2769 768 2831 videntur
803 2790 820 2830 :
862 2769 1144 2832 haeretici
1186 2767 1362 2832 enim
1393 2787 1472 2831 ex
1511 2767 1820 2846 Opinione
1857 2767 2113 2848 propria
2146 2770 2401 2831 Patrum
2434 2767 2874 2830 auctoritatem
2904 2767 3110 2828 metiri
3147 2766 3381 2842 solent,

163 2865 224 2927 de
251 2883 436 2947 eaque
461 2869 796 2948 judicium
825 2871 992 2933 ferre
1029 2892 1046 2931 :
1077 2870 1366 2950 dumque
1396 2870 1474 2930 ab
1511 2869 1760 2932 eisdem
1793 2870 2214 2946 dissentiunt,
2248 2885 2360 2932 eos
2391 2868 2574 2932 ﬂocci
2615 2885 2684 2930 ac
2717 2868 2904 2930 nihili
2955 2865 3221 2928 faciunt.
3258 2867 3382 2955 Sed

164 2967 349 3032 mitius
377 2973 630 3035 sentire
659 2981 913 3052 praestat
953 2975 1034 3038 de
1065 2973 1570 3055 TheOphylacto,
1601 2983 1792 3054 atque
1827 2992 1898 3038 ea
1933 2975 2122 3038 verba
2154 2975 2436 3054 benigne
2466 2973 2904 3053 interpretari,
2940 2971 3118 3035 velut
3148 2987 3275 3033 non
3304 2986 3384 3030 eo

163 3073 360 3148 spiritu
391 3092 729 3156 sensuque
774 3079 1049 3156 prolata;
1081 3079 1192 3142 sed
1229 3079 1380 3159 quia
1412 3079 1538 3140 sibi
1578 3079 1850 3143 nimium
1884 3079 2309 3153 blandiretur,
2343 3087 2536 3158 atque
2588 3079 2963 3150 confideret,
3024 3093 3100 3140 ex
3145 3074 3383 3138 Graecis

166 3171 596 3241 illustrioribus
661 3182 904 3242 Patrem
961 3179 1230 3259 reperiri
1298 3179 1621 3242 neminem
1681 3195 1900 3255 nosse,
1969 3197 2114 3242 nam
2165 3181 2243 3242 de
2293 3179 2534 3240 Latinis
2586 3177 2741 3240 nihil
2806 3178 3124 3240 sollicitus
3178 3175 3384 3237 fuisse

167 3276 406 3353 videtur,
445 3278 566 3359 qui
601 3279 908 3359 Spiritum
937 3286 1226 3342 sanctum
1260 3278 1446 3343 etiam
1499 3296 1530 3342 a
1589 3279 1760 3341 Filio
1800 3280 2146 3358 procedere
2183 3279 2537 3342 docuisset.
2590 3278 2873 3339 Pretium
2925 3277 3126 3354 igitur
3173 3289 3387 3352 Operae

168 3384 262 3450 est,
286 3381 642 3442 accuratius
696 3381 1116 3461 investigare,
1174 3380 1414 3462 quibus
1461 3380 1576 3442 ille
1633 3388 1694 3441 et
1745 3397 1937 3460 quam
1979 3380 2208 3442 validis
2255 3377 2692 3442 fundamentis
2730 3379 2998 3441 innixus
3049 3382 3381 3452 tantopere

165 3479 260 3542 sibi
299 3484 417 3564 ipsi
463 3487 853 3566 praeﬁderet.
928 3490 1048 3552 Sed
1090 3488 1282 3569 paulo
1335 3496 1478 3569 post
1533 3488 1788 3551 videtur
1822 3494 1884 3548 et
1939 3486 2080 3566 ipse
2126 3485 2248 3548 sibi
2295 3502 2422 3548 non
2451 3486 2605 3548 satis
2651 3493 2854 3556 tutus,
2909 3498 3052 3544 cum
3090 3480 3318 3542 subdat
3358 3497 3380 3540 ι

167 3583 360 3649 Deinde
400 3592 512 3652 etsi
573 3591 689 3653 hoc
727 3590 1038 3663 daremus,
1097 3610 1229 3654 non
1261 3593 1480 3671 utique
1518 3591 1685 3672 quod
1735 3591 1954 3651 rarius
2013 3597 2127 3664 est,
2181 3590 2248 3649 in
2294 3597 2727 3666 argumentum
2775 3583 3165 3646 trahendum.
3207 3580 3382 3654 Quid

168 3705 310 3765 vero,
337 3694 386 3754 si
421 3710 556 3756 non
592 3696 776 3772 pauci
805 3697 1062 3778 rarique
1092 3699 1244 3772 sint,
1276 3698 1514 3760 nedum
1556 3697 1782 3770 Latini,
1819 3697 1931 3758 sed
1963 3695 2165 3759 Graeci
2190 3695 2378 3757 etiam
2409 3697 2644 3765 Patres,
2680 3692 2792 3772 qui
2831 3691 3061 3768 dogma
3093 3694 3382 3749 nostrum

169 3796 503 3860 tradiderint
540 3799 640 3860 vei
675 3798 936 3861 disertis
970 3800 1070 3862 vel
1099 3800 1640 3882 mquivalentibus
1683 3801 1938 3863 verbis?

229 3899 438 3962 XXIX.
470 3902 599 3965 Sed
634 3909 976 3982 antequam
1011 3903 1076 3965 id
1109 3904 1506 3978 demonstro,
1539 3905 1686 3985 jure
1724 3906 1897 3968 omni
1931 3906 2041 3966 abs
2072 3903 2546 3984 'l‘beOphylacto
2591 3913 2652 3965 et
2689 3897 2979 3964 Photiani
3009 3895 3374 3976 schismatis

168 4002 711 4080 prOpugnatoribus
756 4002 1035 4081 postulo,
1069 4012 1136 4067 ut
1176 4021 1250 4066 ex
1284 4022 1506 4069 eorum
1541 4004 1833 4084 probatis
1877 4005 2170 4066 Patribus
2213 4005 2307 4066 vel
2379 4019 2578 4066 unum
2636 3999 2815 4061 nobis
2855 3997 3207 4069 ostendant,
3267 3996 3381 4074 qui

165 4104 281 4158 ante
307 4099 602 4164 Photiana
635 4113 917 4185 tempora
945 4103 1264 4166 inﬁciatus
1295 4103 1514 4178 fuerit,
1558 4105 1866 4180 Spiritum
1911 4114 2196 4167 sanctum
2232 4121 2264 4165 a
2301 4104 2468 4164 Filio
2509 4101 2874 4180 procedere.
2934 4099 3051 4160 Sed
3106 4098 3383 4176 quamvis

166 4195 254 4258 diu
278 4203 646 4286 multumque
683 4208 1064 4288 fatigentur,
1096 4203 1382 4268 indicare
1417 4223 1498 4267 ne
1536 4206 1802 4267 unicum
1839 4206 2101 4285 quidem
2137 4213 2406 4282 possunt
2436 4205 2926 4284 (Damascenum
2961 4200 3160 4274 enim,
3186 4214 3382 4279 quem

165 4303 342 4366 solum
378 4310 598 4387 specie
628 4311 841 4391 aliqua
903 4308 1036 4371 veri
1086 4324 1414 4388 opponere
1453 4309 1687 4386 valent,
1721 4326 1755 4370 a
1805 4309 1993 4370 nobis
2044 4309 2311 4370 minime
2359 4308 2686 4370 dissidere
2723 4314 2941 4384 postea
2981 4305 3384 4367 demonstra-

165 4402 386 4483 bimus).
419 4409 598 4472 Alias
635 4427 782 4473 vero
815 4410 1094 4490 dogmati
1123 4415 1342 4472 nostro
1371 4409 1676 4473 censendi
1706 4408 1967 4490 minjme
1993 4415 2141 4470 sunt
2171 4407 2520 4480 adversari,
2556 4405 2672 4484 qui
2705 4403 2806 4467 vel
2839 4403 2956 4465 hac
2991 4405 3068 4465 de
3100 4421 3166 4465 re
3200 4404 3384 4481 peni-

169 4509 251 4565 tus
284 4508 484 4585 silent,
525 4512 628 4574 vel
662 4513 870 4574 solum
909 4512 1117 4585 aiunt,
1158 4510 1468 4589 Spiritum
1514 4528 1552 4570 a
1612 4510 1800 4571 Patre
1846 4507 2204 4588 procedere.
2255 4507 2417 4581 Quis
2477 4505 2652 4566 enim
2712 4504 2989 4581 ignorat,
3039 4519 3171 4564 rem
3235 4519 3382 4564 esse

172 4608 323 4685 plane
349 4615 665 4676 diversam
697 4627 822 4674 non
853 4627 1165 4686 asserere,
1198 4611 1508 4688 Spiritum
1539 4615 1828 4672 sanctum
1864 4607 2208 4688 procedere
2245 4623 2277 4666 a
2317 4603 2506 4676 Filio,
2539 4612 2731 4682 atque
2761 4603 2828 4664 id
2871 4603 3148 4682 negare?
3203 4602 3382 4664 aliud

171 4712 367 4785 pariter
393 4714 728 4792 afﬁrmare,
763 4735 909 4780 eum
940 4737 978 4778 a
1017 4717 1210 4779 Patre
1240 4717 1613 4796 procedere,
1659 4715 1836 4778 aliud
1872 4734 1910 4774 a
1937 4712 2071 4775 solo
2104 4711 2340 4774 Patre?
2375 4710 2587 4784 Quare
2619 4706 2987 4769 nullatenus
3021 4704 3382 4786 intelligere

171 4811 336 4886 valeo,
363 4817 691 4896 quomodo
735 4817 1253 4898 TheOphylactus
1284 4833 1640 4898 omnesque
1678 4815 1971 4878 Photiani
2005 4831 2123 4877 nos
2165 4810 2364 4874 veluti
2415 4810 2669 4872 Christo
2708 4809 3126 4886 Patribusque
3155 4810 3385 4871 adver-

168 4923 344 4976 santes
369 4918 720 4993 traducant,
751 4936 830 4982 eo
857 4921 1024 5000 quod
1049 4918 1428 4998 simpliciter
1461 4917 1510 4980 ii
1559 4924 1866 4991 asserant,
1894 4915 2198 4994 Spiritum
2223 4920 2512 4974 sanctum
2535 4929 2573 4970 a
2601 4909 2788 4970 Patre
2811 4906 3172 4986 procedere,
3193 4917 3383 4988 atque

168 5029 193 5072 a
218 5014 382 5080 nobis
417 5021 556 5083 ﬁeri
586 5023 958 5095 καινοτομίαν,
987 5036 1107 5082 seu
1127 5019 1592 5081 innovationem
1616 5018 1684 5080 in
1712 5015 1830 5096 ﬁde
1855 5015 2264 5088 contendant,
2293 5013 2446 5074 dum
2476 5012 2771 5075 eumdem
2811 5010 3159 5071 asserimus
3193 5010 3382 5072 etiam

168 5132 195 5177 a
221 5119 365 5184 Filio
401 5125 775 5202 procedere;
812 5139 884 5185 ea
921 5123 1131 5186 solum
1171 5123 1420 5186 ratione
1453 5122 1624 5202 quod
1660 5121 1951 5184 Christus
1986 5119 2430 5181 tantummodo
2461 5115 2649 5185 dixit,
2685 5133 2721 5174 a
2763 5115 2980 5174 Patre.
3032 5113 3276 5174 Verum
3327 5115 3384 5174 si

168 5218 296 5294 quid
325 5223 549 5285 addere
579 5232 675 5285 est
706 5224 1038 5298 innovare,
1078 5241 1192 5286 cur
1222 5229 1283 5284 et
1327 5222 1452 5301 ipsi
1502 5221 1836 5302 quidpiam
1889 5220 2132 5282 addunt
2183 5219 2504 5291 dicentes,
2554 5233 2590 5274 a
2641 5213 2772 5274 solo
2823 5211 3060 5273 Patre?
3115 5212 3380 5273 Ubinam

169 5315 446 5395 Christus,
479 5323 588 5384 ubi
624 5326 836 5384 Patres
883 5322 942 5383 id
985 5321 1234 5404 (saltem
1283 5331 1428 5384 ante
1480 5319 1689 5383 Photii
1741 5319 2048 5401 tempore)
2103 5319 2480 5381 asseruere?
2535 5315 2703 5391 Quid
2763 5313 2978 5375 enim?
3037 5314 3133 5373 An
3195 5311 3382 5374 nobis

169 5419 495 5494 exprimere
531 5423 824 5496 velitum,
856 5421 1027 5500 quod
1068 5419 1360 5483 Christus
1400 5420 1714 5481 Dominus
1763 5437 1889 5482 non
1931 5418 2282 5496 exi‘iressit;
2334 5416 2465 5478 illis
2517 5416 2792 5475 limitare
2855 5413 3064 5484 liceat,
3125 5411 3299 5488 quod
3348 5429 3381 5474 a

168 5512 388 5581 Christo
421 5520 756 5584 limitatum
801 5539 929 5585 non
963 5522 1097 5583 est?
1134 5521 1195 5582 Si
1231 5519 1340 5581 ille
1374 5537 1504 5582 non
1536 5521 1728 5597 dixit,
1759 5521 2070 5600 Spiritum
2103 5525 2392 5581 sanctum
2437 5535 2472 5579 a
2524 5517 2712 5589 Filio,
2757 5513 2876 5575 boc
2928 5521 3026 5576 est
3071 5529 3106 5575 ιι
3163 5513 3381 5592 seipso

171 5619 504 5696 procedere,
546 5640 757 5702 neque
785 5622 850 5685 id
883 5622 1072 5685 etiam
1105 5620 1383 5700 negavit.
1415 5623 1544 5682 Cur
1575 5621 1792 5701 itaque
1821 5619 2112 5683 Photiani
2153 5619 2426 5695 negant?
2453 5619 2529 5679 Et
2557 5615 2612 5678 si
2637 5614 2902 5695 quidem
2936 5614 3381 5677 tantummodo

169 5729 276 5784 n.0n
304 5734 673 5801 assererent,
703 5724 1042 5788 ferendum
1087 5740 1312 5787 eorum
1344 5723 1677 5786 silentium
1725 5729 1936 5795 esset;
1988 5737 2211 5782 verum
2251 5726 2313 5780 et
2354 5726 2609 5798 negant,
2668 5725 2727 5778 et
2760 5731 2870 5778 eos
2926 5715 3038 5796 qui
3085 5723 3382 5778 asserunt

169 5817 556 5888 condemnant
588 5823 878 5905 dirisque
923 5824 1226 5887 omnibus
1273 5825 1626 5897 devovent;
1657 5821 1880 5886 tritum
1931 5819 2092 5883 illud
2156 5819 2247 5900 (in
2287 5818 2462 5898 quod
2514 5818 2706 5880 etiam
2757 5814 3278 5894 'l‘hebphylactus
3299 5813 3382 5878 ab
