3860 6568
495 392 601 458 451
1557 386 1948 448 common
1980 385 2289 448 FINETTI
2324 382 2725 449 rastrum
3638 395 3716 460 452
3818 395 3819 426 ι

494 503 843 584 iniquitate
874 518 1084 566 causa)
1113 519 1248 563 sum
1286 515 1564 579 praeceps
1600 505 1700 561 est
1731 498 1960 579 actus),
1995 514 2066 560 ac
2105 496 2354 573 puerile
2399 503 2855 577 argumentum
2906 506 3340 580 usurpantes:
3391 502 3456 564 Si
3490 507 3720 584 Spiritus

489 616 748 668 sanctus
780 605 967 666 etiam
997 625 1072 666 ea:
1092 601 1262 665 Filio
1297 601 1586 682 procedit
1621 601 1730 680 (a),
1766 601 1921 680 quid
1942 601 2277 681 prohibuit
2314 620 2390 663 ne
2425 603 2516 664 ita
2553 602 2848 666 Christus
2884 602 3280 683 loqueretur:
3317 607 3439 681 Qui
3481 627 3554 670 ea:
3574 611 3720 675 Patre

493 718 550 770 et
583 729 663 770 ex
685 728 775 768 me
801 705 1140 786 procedit?
1165 704 1288 766 Sed
1335 702 1492 766 mihi
1532 701 1813 764 subdere
1847 700 2070 764 liceat;
2108 701 2181 764 Si
2213 720 2252 760 a
2282 701 2416 763 solo
2459 702 2652 765 Patre
2698 705 3010 782 procedit,
3058 703 3219 784 quid
3285 707 3618 785 prohibuit,
3664 728 3721 777 ne

490 809 558 874 id
594 807 885 872 Christus
934 805 1359 884 exprimeret;
1411 803 1768 883 praesertim
1800 819 1947 866 cum
1991 802 2134 882 ipse
2185 804 2318 884 jam
2373 803 2795 882 praenovisset
2851 812 3009 884 quot
3061 813 3122 868 et
3161 815 3397 885 quanta
3459 825 3528 870 ex
3583 810 3722 876 illius

494 917 734 978 voculae
767 911 1206 990 prmteritione
1236 909 1484 974 oritura
1514 910 1868 990 aliquando
1898 908 2460 973 essentdissidia?
2499 910 2665 984 Quid
2699 910 2776 972 ad
2814 909 2946 972 hinc
2975 909 3274 972 Photiani
3321 914 3721 992 respondeant,
3818 945 3819 992 ἦ

493 999 654 1080 nihil
685 1015 952 1087 habent;
984 1022 1045 1075 at
1087 1013 1378 1076 nobisin
1434 1022 1735 1092 promptu
1785 1020 1905 1088 est,
1956 1012 2117 1092 quid
2157 1021 2380 1076 contra
2433 1030 2547 1075 eos
2604 1030 2978 1093 regeramus
3015 1034 3030 1074 :
3070 1013 3402 1090 videlicet,
3453 1015 3724 1082 Christum

493 1121 592 1183 sin
628 1136 729 1191 eo,
763 1119 988 1181 saltem
1021 1117 1168 1182 aliis
1211 1119 1277 1180 in
1312 1119 1525 1194 locis;
1559 1119 1662 1182 sin
1712 1119 2066 1198 expressis,
2119 1118 2345 1182 saltem
2403 1119 2949 1200 tequivalentibus
3007 1119 3249 1194 verbis,
3299 1119 3586 1184 docuisse
3621 1125 3726 1204 Spi.

494 1229 686 1286 ritum
721 1225 912 1288 etiam
943 1240 979 1286 a
1008 1223 1230 1303 seipso
1259 1223 1640 1302 procedere:
1675 1223 1850 1303 quod
1882 1221 2149 1303 quidem
2181 1222 2382 1283 nostri
2417 1221 2718 1285 homines
2749 1223 2986 1285 millies
3008 1221 3552 1297 demonstrarunt,
3580 1234 3634 1286 et
3668 1245 3725 1287 ex

495 1347 574 1392 eo
611 1330 784 1410 quod
820 1327 1112 1390 Christus
1148 1329 1460 1389 Dominus
1491 1327 1577 1387 ait
1614 1329 1798 1388 Joan.
1834 1344 1897 1396 x,
1967 1325 2066 1394 30.
2114 1323 2254 1404 Ego
2296 1335 2354 1387 et
2403 1325 2593 1386 Pater
2641 1345 2839 1387 unum
2891 1345 3144 1395 sumus;
3183 1342 3264 1388 ex
3313 1342 3445 1407 quo
3493 1326 3724 1391 iferunt

493 1451 689 1494 unum
721 1431 914 1494 etiam
945 1446 1087 1492 esse
1135 1427 1372 1490 Filium
1407 1445 1553 1490 cum
1598 1430 1781 1490 Patre
1826 1425 2040 1507 quoad
2092 1426 2408 1489 rationem
2455 1427 2757 1506 principii
2808 1428 3091 1506 Spiritus
3135 1427 3372 1490 sancti.
3424 1430 3498 1488 Et
3537 1446 3610 1490 ex
3661 1447 3719 1490 eo

499 1535 714 1615 (Joan.
762 1553 899 1606 xvr,
938 1533 1061 1608 15),
1104 1531 1327 1594 Omnia
1368 1549 1745 1611 quocunque
1773 1530 1957 1592 habet
1981 1529 2198 1603 Pater,
2230 1549 2365 1590 mea
2400 1539 2548 1590 sunt
2578 1550 2600 1590 :
2631 1527 3141 1609 ergo,inquiuut
3185 1537 3250 1593 et
3294 1529 3495 1591 virtus
3532 1532 3728 1610 produ~

497 1635 686 1698 cendi
729 1633 1038 1710 Spiritum
1090 1640 1384 1694 sanctum
1439 1641 1531 1692 est
1563 1630 1744 1704 Filii,
1800 1649 1918 1694 seu
1976 1631 2284 1694 convenit
2344 1631 2538 1693 Filio.
2611 1633 2688 1694 Et
2740 1648 2818 1693 ex
2879 1630 2998 1693 illo
3055 1630 3311 1712 (ibidem
3349 1630 3446 1711 ιιι)
3478 1634 3618 1694 :llle
3661 1654 3726 1694 me

498 1737 897 1818 clariﬁcabit,
929 1737 1078 1817 quia
1101 1735 1174 1796 de
1205 1755 1334 1796 meo
1358 1737 1652 1815 accipiet.
1685 1735 1856 1810 Quid
1881 1737 2083 1809 enim,
2113 1737 2317 1812 aiunt,
2361 1737 2644 1816 Spiritus
2667 1744 2929 1801 sanctus
2968 1738 3262 1818 accipere
3295 1753 3330 1799 a
3355 1737 3520 1800 Filio
3545 1731 3736 1818 potestf

499 1839 626 1899 nisi
674 1838 888 1916 ipsum
923 1837 1113 1897 esse?
1139 1837 1214 1898 Et
1247 1854 1327 1896 ex
1359 1853 1438 1897 eo
1470 1837 1732 1897 demum
1764 1838 1944 1920 quod
1973 1839 2160 1899 Joan.
2187 1857 2298 1909 xv,
2331 1839 2434 1912 26,
2479 1838 2568 1900 ait
2607 1856 2677 1901 se
2702 1840 3048 1903 missurum
3074 1839 3394 1917 Spiritum
3439 1849 3688 1902 sanctum
3713 1831 3734 1902 τ’

498 1957 647 2002 cum
710 1939 926 2000 missio
965 1938 1027 1999 in
1076 1937 1325 1998 divinis
1368 1937 1460 1999 nil
1519 1936 1700 2000 aliud
1760 1955 1905 2001 esse
1947 1947 2058 2002 aut
2107 1939 2390 2020 intelligi
2439 1941 2666 2020 possit,
2725 1958 2920 2021 quam
2973 1943 3310 2020 processio
3358 1950 3580 2005 aeterna
3619 1961 3722 2005 cum

499 2040 728 2102 ordine
764 2041 840 2101 ad
873 2038 1207 2118 quidpiam
1239 2038 1647 2102 extrinsecus
1675 2040 2387 2118 producendum.Quid
2420 2042 2596 2122 quod
2633 2049 2696 2104 et
2729 2042 2894 2120 ipsis
2915 2042 3424 2124 verbis,quibns
3456 2053 3722 2124 tant0pere
3818 2038 3819 2124 ξ

496 2143 576 2206 ﬁd
590 2151 698 2204 unt
729 2142 1106 2218 adversarii,
1143 2143 1478 2217 videlicet,
1528 2145 1640 2224 qui
1671 2164 1710 2204 a
1745 2145 1938 2208 Patre
1958 2145 2278 2226 procedit,
2309 2147 2496 2209 docet
2518 2146 2854 2226 implicite,
2879 2147 3076 2210 etiam,
3102 2164 3136 2210 a
3168 2147 3392 2230 seipso
3417 2151 3721 2227 procedere.

500 2245 656 2306 Nam
687 2245 1010 2324 quidquid
1044 2246 1113 2308 in
1147 2247 1507 2324 Scripturis
1550 2245 1624 2308 de
1677 2267 1810 2309 una
1853 2265 2130 2328 persona
2171 2249 2441 2326 dicitur,
2488 2251 2678 2312 etiam
2727 2250 2802 2312 de
2844 2250 2974 2313 alia
3023 2260 3277 2330 oportet
3309 2251 3589 2332 intelligi,
3633 2253 3724 2312 nisi

498 2356 809 2428 repugnet
831 2349 1230 2428 proprietati
1252 2351 1588 2427 personati
1629 2353 1856 2430 ipsius,
1890 2360 1962 2416 ut
1997 2352 2414 2415 verissimum
2453 2353 2636 2415 etiert
2671 2353 3123 2435 theologorum
3159 2370 3312 2416 cum
3363 2356 3424 2416 S.
3457 2355 3653 2415 Thom.
3681 2373 3718 2412 η

497 2466 637 2530 cap.
681 2454 872 2525 Gen.,
905 2468 1045 2530 cap.
1076 2453 1182 2525 25,
1220 2451 1503 2526 axioma,
1537 2470 1611 2517 ea
1641 2453 1892 2516 ratione
1933 2454 2179 2530 nixum,
2217 2456 2392 2534 quod
2419 2461 2550 2517 tres
2581 2455 2823 2518 divina:
2879 2472 3181 2536 personas
3214 2471 3424 2518 unum
3480 2453 3722 2532 ideque

501 2561 656 2614 sunt
695 2570 946 2627 omnes,
983 2553 1069 2615 iis
1103 2562 1352 2618 tantum
1399 2555 1687 2634 exceptis
1724 2575 1869 2637 quae
1905 2558 1983 2618 ad
2034 2559 2440 2638 personalem
2495 2559 2820 2636 pertinent
2864 2559 3357 2638 prOprietatem.
3401 2557 3572 2630 Quod
3601 2556 3722 2616 adeo

498 2662 747 2716 certum
782 2662 877 2716 est
910 2662 998 2726 ut,
1031 2657 1285 2718 etiamsi
1323 2656 1617 2719 Christus
1648 2674 1729 2720 eo
1763 2657 1888 2720 loci
1929 2659 2240 2734 dixisset,
2271 2659 2400 2735 Qui
2433 2679 2471 2721 a
2499 2660 2691 2722 Patre
2710 2660 2846 2724 solo
2871 2662 3188 2740 procedit,
3225 2677 3365 2723 non
3396 2660 3540 2722 inde
3565 2665 3722 2722 tamen

497 2757 852 2820 abdicanda
893 2755 954 2817 ei
991 2766 1162 2818 esset
1195 2757 1481 2838 Spiritus
1514 2761 1722 2821 sancti
1769 2762 2137 2840 productio.
2165 2764 2444 2824 Fortene
2494 2763 2808 2826 mirantur
2851 2764 2953 2825 vel
3001 2765 3121 2826 hoc
3165 2770 3406 2843 negant
3463 2758 3720 2829 Photiani,

500 2861 668 2936 Ergo
707 2861 944 2936 pariter
971 2867 1209 2937 negent
1243 2861 1492 2929 Patrem
1543 2877 1576 2922 a
1618 2860 1860 2940 Spiritu
1895 2871 2115 2923 sancto
2151 2864 2468 2940 cognosci,
2516 2864 2616 2926 vel
2649 2864 2840 2926 etiam
2872 2881 3052 2924 nosse
3089 2861 3410 2942 seipsum,
3453 2867 3722 2940 prapterea

503 2965 681 3041 quod
740 2965 977 3025 dixerit
1032 2964 1334 3026 Christus
1379 2966 1602 3028 Matth.
1653 2985 1750 3041 xu,
1798 2967 1904 3041 22,
1938 2967 2128 3030 Nemo
2175 2971 2354 3030 novit
2403 2970 2681 3044 Patrem,
2741 2971 2869 3032 nisi
2918 2971 3160 3039 Filius;
3214 2969 3319 3031 vel
3373 2974 3592 3048 negent
3620 2983 3722 3027 cum

503 3062 900 3136 Socinianis,
933 3061 1172 3126 Filium
1209 3064 1424 3143 ipsum
1457 3083 1602 3128 esse
1631 3084 1852 3128 verum
1885 3069 2288 3149 Deum,quia
2321 3069 2733 3149 ipse_Patrem
2757 3069 3100 3150 alloquens
3129 3071 3216 3133 ait
3274 3069 3487 3146 (Joan.
3515 3066 3721 3145 x1153),

504 3169 581 3229 Ut
628 3177 1011 3248 cognoscant
1045 3179 1102 3228 te
1133 3169 1337 3230 solum
1363 3185 1577 3232 verum
1613 3173 1834 3234 Deum.

585 3274 798 3334 XXX.
850 3275 942 3334 En
987 3289 1120 3351 quo
1162 3274 1419 3336 tandem
1471 3273 1605 3335 abit
1671 3284 2130 3353 argumentum
2175 3291 2212 3336 a
2251 3273 2586 3338 Photianis
2631 3275 2794 3339 adeo
2840 3275 3245 3340 decantatum
3299 3292 3318 3332 :
3364 3291 3401 3338 a
3439 3269 3721 3339 Photianis,

506 3378 798 3457 inquam,
845 3379 961 3459 qui
1003 3389 1067 3442 et
1119 3381 1342 3442 tritum
1370 3379 1533 3442 illud
1576 3386 1639 3442 et
1693 3397 1804 3458 per
1837 3397 1982 3444 sese
2033 3379 2632 3444 luculentissimum
2661 3380 2962 3461 ignorare
3009 3381 3318 3444 videntur
3367 3403 3383 3444 :
3423 3379 3539 3457 Qui
3579 3392 3723 3437 unum

503 3481 759 3553 asserit,
789 3479 968 3542 aliud
1013 3498 1141 3541 non
1187 3487 1399 3560 negat,
1454 3480 1582 3542 nisi
1651 3481 1707 3542 ei
1756 3478 1923 3560 quod
1970 3481 2202 3542 asserit
2250 3490 2584 3561 repugnet.
2633 3485 2789 3545 Nam
2840 3481 3283 3559 probaruntne
3327 3496 3610 3562 unquam,
3651 3480 3724 3538 aut
3818 3561 3819 3566 η

506 3581 862 3660 aliquando
899 3580 1230 3661 probaturi
1267 3588 1444 3654 sunt,
1483 3579 1679 3643 ullam
1712 3580 1781 3644 in
1821 3598 1900 3645 eo
1927 3599 2071 3644 esse
2107 3585 2630 3662 repugnantiam,
2666 3582 2841 3661 quod
2889 3582 3102 3652 Filius
3145 3601 3273 3646 una
3314 3600 3460 3646 cum
3485 3583 3636 3644 Patre
3667 3574 3725 3635 sit
3818 3581 3819 3620 Τ

509 3686 903 3766 principium
949 3686 1230 3765 Spiritus
1271 3685 1517 3748 sancti?
1577 3685 1749 3760 Quid
1802 3683 2020 3748 enim?
2052 3687 2237 3749 Anne
2278 3685 2528 3765 aliquid
2602 3686 2881 3761 virtutis,
2913 3705 3060 3768 quas
3102 3687 3260 3755 insit
3317 3687 3506 3763 Patri,
3552 3688 3723 3748 deesse

506 3789 681 3852 Filio
719 3788 1077 3866 putandum
1112 3786 1280 3849 erit?
1314 3787 1425 3848 Vel
1467 3787 1698 3848 rationi
1737 3787 1886 3848 Filii
1928 3795 2247 3866 repugnat
2279 3791 2640 3867 producere
2703 3787 2894 3852 aliam
2927 3805 2960 3851 a
2995 3789 3213 3868 seipso
3258 3790 3622 3870 personam?
3646 3785 3723 3847 Vel
3818 3785 3819 3870 ξ

510 3897 771 3957 demum
803 3893 980 3973 quod
1027 3891 1215 3954 habet
1251 3890 1674 3970 principium,
1711 3891 1942 3970 nequit
1981 3909 2129 3954 esse
2178 3892 2577 3972 principium
2620 3891 2930 3955 alterius?
2973 3892 3145 3955 Nihil
3197 3893 3434 3955 horum
3480 3890 3723 3970 proiecto.

507 3997 638 4058 Cur
669 3995 872 4071 igitur
902 4002 1165 4054 ovantes
1196 3991 1360 4054 adeo
1411 4000 1864 4071 argumentum
1896 3992 2073 4055 istud
2105 3993 2466 4056 obtrudunt
2504 4015 2520 4056 :
2559 3993 2976 4074 Evangelium
3005 3995 3248 4058 Christi
3283 4013 3394 4056 ore
3416 3993 3570 4056 ctare
3593 3990 3725 4051 docet

506 4094 746 4174 ﬁdeles,
776 4095 1092 4171 Spiritum
1131 4103 1418 4154 sanctum
1450 4111 1489 4152 a
1521 4092 1708 4154 Patre
1735 4093 2112 4174 procedere;
2141 4105 2208 4156 at
2255 4097 2384 4174 ipsi
2414 4095 2627 4176 angeli
2693 4095 3098 4157 tenebrarum
3131 4095 3398 4177 (Latini)
3417 4093 3722 4175 pradicant.

511 4194 698 4254 etiam
725 4211 765 4252 α
795 4191 970 4255 Filio
997 4212 1018 4252 :
1050 4208 1206 4271 ergo
1250 4193 1611 4272 Evangelia
1653 4192 1970 4256 contraria
2019 4194 2275 4257 docent.
2306 4195 2397 4256 lta
2430 4209 2587 4256 sane
2621 4203 2767 4273 post
2809 4194 3192 4257 innumeros
3245 4196 3418 4257 alios
3459 4190 3726 4272 Eugenius
3818 4181 3819 4222 l

510 4295 583 4359 in
614 4296 808 4359 citato
843 4295 1092 4372 libello,
1125 4295 1310 4377 cujus
1341 4296 1556 4360 Graeca
1591 4298 1778 4360 verba
1812 4306 1964 4360 sunt
2000 4297 2034 4358 Ι]

2321 4305 2664 4375 Εὑαγτέλιον
2690 4305 2780 4360 διὰ
2814 4305 3085 4378 στόματος
3119 4306 3216 4361 σι·θῦ
3236 4305 3484 4379 Χριποῦ
3502 4299 3726 4372 εὐαγγελί-

510 4401 666 4468 ζεται
706 4404 787 4466 sic
823 4402 956 4466 τοὺς
1009 4402 1237 4466 πιστοὺς
1283 4405 1496 4474 φανερὰ
1545 4403 1630 4458 ὅτι
1695 4403 1927 4475 Πνεῦμα.
1988 4403 2142 4477 παρὰ
2192 4403 2406 4474 Πατρδς
2445 4401 2836 4473 ἐκπορεύεται,
2870 4405 2968 4458 καὶ
3001 4404 3154 4459 αὐτοὶ
3211 4405 3262 4458 οἱ
3297 4403 3514 4474 ἄγγελοι
3559 4399 3725 4456 σκότους

508 4499 982 4579 εὗαγγελίζονται,
1011 4511 1106 4563 καὶ
1143 4511 1210 4564 ἐκ
1233 4509 1328 4565 τοῦ
1363 4509 1516 4564 Tiso.
1562 4501 1618 4563 Ο
1659 4500 2023 4578 prmclaram

2201 4499 2478 4563 olarchas
2506 4499 2749 4563 Montis
2802 4508 3132 4578 ’Δτιονύμου
3173 4496 3599 4563 ratiocinatioi
3635 4492 3722 4559 Sic,

509 4605 704 4666 cine‘t
753 4601 1054 4664 Procedit
1099 4621 1138 4661 a
1178 4602 1412 4670 Patre;
1461 4621 1596 4664 non
1627 4603 1832 4682 igitur
1887 4621 1926 4660 a
1971 4601 2143 4664 Filio
2191 4621 2211 4661 :
2262 4617 2412 4664 cum
2459 4600 2680 4680 potius
2739 4601 3100 4664 dicendum
3139 4601 3304 4663 foret
3345 4619 3361 4662 :
3408 4593 3667 4662 Procedit
3700 4608 3726 4645 α

512 4704 734 4778 Patre,
765 4722 910 4784 ergo
947 4713 1005 4766 et
1041 4723 1078 4764 a
1107 4704 1305 4780 Filio,
1338 4705 1424 4768 ob
1476 4705 1791 4767 iudicatas
1848 4702 2160 4765 rationes.
2215 4703 2340 4766 Sed
2384 4711 2449 4767 et
2494 4703 2635 4782 ipse
2677 4702 3200 4785 'l‘heOphylactus
3252 4702 3415 4766 male
3443 4701 3604 4762 fama;
3631 4709 3725 4756 sua:

513 4804 825 4877 consulit,
863 4805 1018 4865 dum
1074 4803 1448 4880 prmdictum
1499 4810 1958 4881 argumentum
2003 4801 2352 4880 simplicem
2394 4812 2581 4865 uocat
2621 4802 3092 4884 absolutamque
3124 4805 3432 4866 rationem
3463 4798 3562 4881 (b),
3589 4793 3724 4859 addi-

514 4907 769 4986 ditque,
804 4904 1006 4966 alium
1041 4903 1229 4966 nobis
1268 4920 1413 4966 esse
1445 4905 1867 4984 quaerendum
1899 4905 2233 4969 doctorem
2266 4913 2497 4985 praeter
2516 4925 2713 4969 unum
2741 4908 3116 4986 magistrum
3133 4916 3423 4970 nostrum
3447 4904 3724 4980 Christum,

515 5013 570 5074 si
607 5010 763 5074 huic
803 5008 1086 5089 dOgmati
1131 5006 1457 5070 adhaerere
1507 5007 1812 5072 velimus.
1847 5012 1928 5072 At
1977 5023 2157 5086 vero,
2212 5008 2266 5069 si
2315 5009 2612 5072 Christus
2653 5009 2890 5072 aiendo
2937 5031 2954 5070 :
3003 5011 3116 5090 qui
3165 5029 3205 5070 a
3253 5009 3446 5070 Patre
3470 4998 3724 5087 procedit.

519 5114 710 5178 nobis
743 5112 1119 5175 nullatenus
1156 5109 1558 5185 adversatur,
1592 5112 1798 5174 multo
1831 5112 2049 5174 minus
2079 5113 2391 5176 censendi
2424 5120 2578 5176 sunt
2607 5112 2796 5175 nobis
2829 5113 3130 5175 contrarii
3157 5129 3298 5174 esse
3325 5111 3726 5192 quicunque“

515 5212 755 5279 Graecis
792 5211 1085 5274 Patribus
1144 5211 1381 5275 docent
1441 5211 1878 5289 solummodo,
1927 5212 2374 5294 afﬁrmantque
2417 5214 2730 5292 Spiritum
2773 5222 3065 5276 sanctum
3108 5233 3149 5273 a
3197 5214 3386 5275 Patre
3428 5205 3726 5291 procedere.

518 5316 678 5376 Cum
715 5313 915 5393 igitur
944 5314 1313 5376 Graecorum
1359 5329 1549 5374 nemo
1601 5312 1928 5376 inﬁcietur
1969 5315 2274 5376 eumdem
2321 5323 2384 5377 et
2429 5330 2459 5376 a
2497 5314 2670 5377 Filio
2717 5318 3090 5394 procedere,
3128 5315 3421 5379 nonnulli
3454 5319 3638 5376 autem
3669 5318 3725 5361 ex

518 5417 653 5479 illis
702 5436 828 5480 una
861 5435 1008 5480 cum
1056 5416 1297 5478 Latinis
1336 5417 1645 5502 omnibus
1702 5414 2049 5490 afﬁrmant,
2096 5415 2382 5495 proiecto
2433 5416 2594 5477 illud
2653 5435 2892 5498 negare
2945 5417 3266 5496 prmiracte
3317 5417 3501 5488 veile,
3546 5413 3650 5472 imo
3681 5411 3723 5462 ει

521 5518 843 5581 haereseos
891 5534 1008 5579 nos
1059 5517 1491 5580 condemnare
1539 5519 1696 5598 quia
1741 5520 1806 5579 id
1856 5517 2242 5592 asserimus,
2280 5535 2382 5578 res
2429 5515 2690 5580 illorum
2738 5530 2828 5581 est
2876 5521 3093 5598 [verba
3143 5536 3370 5599 regero
3413 5531 3546 5595 quae
3583 5507 3719 5572 habet

521 5622 1043 5704 Theophylactus
1076 5621 1182 5706 (c)]
1203 5624 1312 5702 qui
1341 5625 1580 5707 spiritu
1613 5625 1853 5688 erroris
1891 5624 2066 5704 pleni
2093 5631 2267 5684 sunt.

710 5834 876 5965 ῆᾳιῗι.
910 5834 998 5892 Ill.
2288 5832 2360 5905 (cl
2394 5830 2618 5888 illidet».

772 5927 784 5965 ι
829 5925 936 5965 θυι.
2501 5963 2507 5967 ,

772 5925 936 5965 luem.
2501 5963 2507 5967 .
