3860 6576
400 444 506 506 435
1456 447 1845 513 BONIFACII
1878 448 2188 512 FINE'I‘TI
2234 450 2628 513 PRIEFATIO
3564 442 3657 508 426

400 555 622 635 Spicua
647 565 821 634 sunt,
875 559 998 622 nisi
1036 578 1171 624 mea
1203 577 1305 624 me
1360 560 1524 626 fallit
1553 560 1804 640 Opinio.
1847 562 2092 624 Verum
2131 560 2291 626 illud
2327 561 2698 638 obscurius,
2733 577 2859 641 qua
2892 576 3126 641 nempe
3165 558 3412 623 ratione
3463 557 3661 621 Theo-

403 657 738 742 phylactus
773 660 934 724 hanc
967 661 1410 742 TiberiOpolis
1444 663 1696 738 urbem,
1735 679 1856 726 seu
1888 663 2322 738 Strumitzam,
2354 663 2666 726 afﬁrmare
2697 664 2979 743 potuerit
3010 679 3154 726 esse
3183 672 3302 726 κατ’
3340 669 3520 744 ἀρχὰς
3566 671 3657 743 τῆς

401 769 585 843 χώρας
622 769 936 844 Ἰλλυρίδος,
977 764 1270 842 proxime
1298 767 1368 830 in
1389 767 1720 845 principio
1752 765 2036 844 regionis
2064 764 2356 844 Illyridis
2383 785 2493 827 seu
2525 765 2797 845 Illyrici,
2832 784 2978 829 cum
3007 765 3375 846 ablllyride
3413 766 3662 845 proprie

403 874 681 946 sumpta,
743 883 934 945 quam
978 865 1220 928 Drinus
1276 867 1517 932 ﬂuvius
1547 883 1582 931 a
1621 866 1998 930 Macedonia
2043 866 2477 942 disterminat,
2520 868 2742 947 procul
2773 877 2945 932 esset
2989 868 3418 950 quorumdam
3463 871 3663 932 inter-

404 967 570 1029 vallo
601 967 853 1032 dierum
884 968 1240 1050 :etlllyrici
1276 967 1470 1030 latius
1503 966 1745 1046 accepti
1780 965 2066 1030 medium
2094 965 2228 1030 fere
2261 975 2538 1045 teneret,
2573 969 2761 1049 cujus
2795 986 2936 1048 pars
2985 969 3349 1044 orientalis,
3372 987 3493 1034 seu
3522 970 3666 1052 Illy-

403 1073 636 1146 ricum,
676 1080 743 1136 ut
777 1073 1108 1147 vocabant,
1167 1070 1525 1147 Orientale,
1562 1071 2009 1135 Macedoniam
2057 1088 2190 1134 una
2213 1089 2355 1135 cum
2414 1071 2629 1134 Daciis
2671 1089 2744 1136 ac
2773 1071 3022 1134 Mmsiis
3072 1087 3195 1135 suo
3226 1071 3466 1136 ambitu
3503 1091 3667 1136 com-

407 1173 820 1256 plectebatur.
917 1178 1156 1240 Verum
1229 1175 1573 1240 diliicultas
1652 1177 1979 1240 evanescit
2039 1178 2300 1252 omnis,
2383 1176 2438 1238 si
2523 1177 2609 1240 ita
2672 1177 3122 1258 intelligantur
3208 1177 3664 1259 Theophylacti

405 1280 651 1358 verba,
716 1280 1266 1360 quemadmodum
1325 1279 1744 1360 intelligenda
1792 1297 1936 1344 esse
1986 1280 2559 1360 persuasissimum
2621 1279 2779 1346 mihi
2841 1287 2959 1356 est,
3018 1279 3324 1344 videlicet
3386 1284 3669 1353 Ἰλλύριδος

401 1385 609 1459 χώρας,
657 1383 950 1466 Illyridis
981 1386 1240 1448 nomine
1275 1384 1379 1449 hic
1404 1384 1752 1465 signiﬁcari
1778 1382 2045 1448 tractum
2070 1401 2328 1449 omnem
2363 1393 2704 1462 terrarum,
2730 1401 2926 1464 quem
2961 1382 3218 1464 Bulgari
3243 1382 3521 1463 Illyrica,
3558 1396 3668 1439 seu

403 1485 892 1568 Slavicalingua
933 1496 1188 1554 utentes
1211 1490 1304 1572 (ut
1333 1496 1394 1553 et
1426 1489 1618 1554 modo
1646 1487 1941 1572 utuntur)
1968 1491 2388 1571 occupabant,
2414 1497 2608 1572 atque
2641 1489 2710 1554 in
2745 1507 2928 1554 suam
2968 1489 3348 1570 redegerunt
3391 1493 3667 1564 potesta-

405 1597 569 1664 tem;
628 1597 690 1653 et
725 1608 918 1672 quem
974 1599 1106 1654 tum
1139 1592 1329 1654 etiam
1389 1590 1781 1667 incolebant,
1839 1609 1987 1656 cum
2015 1593 2382 1674 imperatori
2445 1592 3161 1672 Constantinoiiolitano
3226 1589 3324 1673 (ut
3380 1599 3669 1665 tempore

407 1689 897 1771 TheOphylacti)
931 1693 1252 1770 parebant.
1287 1695 1424 1754 Jam
1457 1707 1610 1756 vero
1648 1691 2059 1776 lllyridissic
2079 1700 2355 1773 acceptae
2397 1692 2596 1773 prima
2649 1711 2789 1773 quae
2817 1694 3097 1756 occurrit
3140 1693 3366 1757 civitas
3389 1709 3464 1754 ex
3497 1689 3668 1789 (irae:

406 1792 527 1866 cia,
562 1811 633 1855 ac
666 1793 1075 1875 potissimum
1113 1796 1600 1871 Thessalonica,
1637 1796 2051 1860 venientibus
2077 1797 2213 1861 hanc
2245 1805 2366 1874 est,
2403 1799 2484 1860 de
2509 1814 2637 1879 qua
2671 1795 3029 1881 loquimur,
3062 1795 3441 1868 Strumitza;
3474 1793 3669 1872 idque

407 1907 660 1964 constat
693 1917 769 1965 ex
806 1918 908 1978 eo,
946 1901 1118 1980 quod
1169 1908 1230 1963 et
1267 1899 1422 1964 alihi
1453 1900 2061 1978 animadvertimus,
2113 1901 2427 1964 nimirum
2478 1899 2791 1982 Bulgaros
2828 1916 3041 1978 usque
3076 1899 3155 1961 ad
3203 1895 3673 1961 Thessalonica

405 2005 567 2066 fines
606 2020 795 2069 suum
829 2004 1184 2083 protulisse
1218 2005 1611 2087 imperium;
1641 2011 1834 2086 atque
1859 2005 2053 2069 etiam
2082 2023 2172 2069 ex
2208 2022 2286 2070 eo
2311 2006 2482 2088 quod
2505 2002 3300 2081 subiudicatNicephorus
3334 2002 3669 2079 Gregoras,

406 2123 580 2170 sacra
625 2107 966 2186 paschalia,
993 2109 1237 2190 quibus
1270 2109 1383 2172 ille
1421 2110 1737 2187 interfuit,
1772 2109 2104 2191 Bulgarica
2161 2129 2279 2176 seu
2323 2111 2660 2176 Slavonica
2693 2109 2915 2188 lingua
2945 2106 3153 2171 fuisse
3185 2105 3554 2170 Strumitza
3580 2121 3672 2168 ce-

407 2211 670 2280 lebrata.
703 2217 796 2280 Ex
827 2232 959 2298 quo
1005 2215 1190 2296 plane
1217 2232 1628 2298 consequens
1661 2225 1780 2297 est,
1812 2223 1948 2281 tum
1988 2234 2128 2281 eam
2160 2216 2485 2282 habitasse
2522 2215 2856 2296 Bulgaros,
2892 2231 3009 2278 seu
3034 2219 3292 2294 gentem
3325 2210 3666 2291 Illyricam.

404 2315 528 2376 Sed
563 2316 777 2394 ipsum
813 2318 1054 2382 referre
1091 2321 1441 2400 Gregoram
1475 2327 1750 2402 praestat,
1783 2320 1896 2400 qui
1929 2320 2085 2383 satis
2136 2320 2356 2401 lepide
2403 2319 2713 2385 describit
2741 2325 2997 2384 cantum
3031 2331 3162 2399 quo
3212 2312 3469 2394 Bulgari
3506 2313 3672 2374 Stru-

407 2416 689 2482 mitziani
718 2423 1079 2502 paschalem
1127 2425 1601 2487 solemnitatem
1635 2425 2066 2489 celebrabant.
2127 2424 2227 2488 Ibi
2253 2424 2498 2488 Pascha
2527 2424 2638 2502 (ait
2671 2423 2813 2486 loco
2844 2437 3035 2499 supra
3085 2416 3302 2499 citato)
3337 2416 3589 2479 moleste
3618 2422 3671 2478 at

401 2527 644 2595 praeter
684 2531 946 2585 veterem
990 2534 1273 2586 nostram
1323 2526 1858 2602 consuetudinem,
1893 2524 2001 2586 sed
2057 2535 2262 2589 tamen
2300 2525 2774 2589 celebravimus.
2807 2523 2908 2588 Ibi
2937 2524 3098 2588 enim
3129 2522 3328 2583 omnis
3359 2519 3665 2592 doctrina,

405 2618 684 2697 rhythmi
712 2628 771 2681 et
792 2639 987 2683 sacrae
1014 2623 1362 2704 hymnodia:
1391 2627 1632 2688 musica
1658 2643 1777 2705 pro
1797 2626 1995 2705 nugis
2029 2625 2383 2690 habentur:
2416 2627 2648 2706 quippe
2665 2625 2972 2705 oppidani
3002 2622 3278 2687 barbara
3305 2622 3437 2700 fere
3458 2620 3668 2699 lingua

403 2731 695 2798 utantur,
729 2735 786 2787 et
817 2725 898 2787 iis
928 2727 1056 2788 sint
1079 2728 1358 2790 moribus
1379 2729 1486 2809 qui
1506 2739 1793 2791 aratrum
1816 2741 1873 2791 et
1906 2728 2174 2808 ligonem
2202 2731 2271 2791 in
2295 2729 2526 2810 primis
2560 2727 2836 2792 deceant.
2865 2727 3074 2805 Neque
3097 2725 3257 2786 enim
3293 2742 3428 2784 eum
3458 2740 3668 2784 sonum

405 2823 687 2897 edebant,
711 2827 844 2906 qui,
873 2829 992 2892 etsi
1017 2828 1506 2905 scmibarbarus,
1536 2839 1739 2892 tamen
1768 2830 2126 2892 modulatus
2153 2835 2345 2908 foret,
2375 2831 2676 2910 etaliquis
2702 2831 2838 2910 ipse
2868 2846 3109 2908 quoque
3133 2844 3261 2888 esse
3288 2834 3665 2897 censeretur,

401 2929 470 2982 ut
499 2921 888 3003 semilydius,
924 2935 983 2986 et
1034 2929 1092 2990 si
1122 2929 1220 3006 [as
1254 2928 1485 3006 dicere,
1514 2931 2014 3010 semiphrygius:
2056 2930 2166 2992 sed
2208 2929 2552 2995 belluinum
2577 2931 2768 3011 plane
2813 2939 2868 2992 et
2897 2937 3262 2989 montanum
3308 2923 3666 2986 sonabant:

402 3035 522 3094 quo
560 3020 696 3081 ritu
732 3021 1027 3084 nomades
1076 3026 1205 3106 ipsi
1238 3026 1528 3089 canerent
1554 3028 1849 3108 gregibus
1882 3031 2013 3093 suis
2033 3039 2386 3109 praeeuntes
2442 3030 2526 3092 ad
2553 3032 2716 3112 juga
2766 3038 2823 3092 et
2851 3026 3061 3110 sylvas
3085 3045 3226 3088 vere
3287 3044 3470 3100 novo,
3537 3042 3669 3088 cum

405 3118 646 3196 cymbia
675 3121 834 3184 lacte
873 3125 1221 3192 exundant.
1266 3129 1413 3193 Haec
1445 3129 1860 3211 hyperbolica
1887 3132 2210 3196 scribendi
2241 3134 2404 3196 ratio
2435 3135 2654 3197 Graeco
2703 3132 2952 3196 homini
2983 3179 2998 3206 ,
3034 3129 3479 3210 principisque
3515 3125 3668 3190 civi-

405 3221 553 3282 tatis
581 3224 785 3290 cultui
823 3237 1083 3292 assueto
1120 3232 1472 3295 condonari
1508 3241 1740 3313 potest.
1783 3233 2048 3300 Interim
2076 3252 2228 3301 vero
2261 3253 2339 3301 ex
2394 3235 2506 3300 illa
2539 3235 2755 3315 colligi
2797 3235 3081 3307 videtur,
3137 3232 3376 3298 incolas
3409 3229 3666 3294 Strumi-

407 3319 656 3390 ‘aianos
689 3346 897 3412 neque
924 3331 1184 3396 natione
1217 3334 1492 3410 Graecos,
1522 3353 1731 3417 neque
1768 3337 1979 3400 Graeca
2005 3337 2072 3400 in
2103 3337 2301 3401 sacris
2331 3337 2554 3420 lingua
2597 3355 2752 3402 usos
2805 3337 3009 3401 fuisse
3037 3359 3054 3411 ;
3079 3337 3374 3416 adeoque
3397 3333 3494 3396 vel
3528 3329 3664 3393 Bul-

405 3448 620 3512 garos,
669 3434 768 3497 vel
798 3436 1081 3518 Servios,
1111 3439 1206 3500 vel
1265 3447 1437 3504 certe
1469 3440 1756 3522 aliquem
1786 3459 1864 3504 ex
1896 3442 2160 3524 Illyrico
2196 3441 2533 3524 populum.
2571 3447 2795 3524 Neque
2827 3441 3000 3508 enim
3038 3441 3280 3520 lingua,
3323 3455 3450 3518 qua
3498 3437 3664 3498 Stru-

409 3535 698 3601 mitziani
731 3557 907 3605 saera
942 3543 1496 3623 peragebant,alia
1519 3544 1725 3610 fuisse
1751 3549 2002 3610 videtur
2037 3555 2268 3629 praeter
2305 3547 2783 3612 Schlavonicam
2813 3547 2922 3627 (α).
2947 3545 3119 3622 Quid
3154 3543 3328 3624 quod
3363 3544 3662 3620 Gregoras

404 3640 548 3714 ipse
588 3644 970 3721 praecedenti
1036 3663 1213 3708 num.
1265 3655 1505 3723 monet,
1543 3647 1668 3713 loci
1713 3650 1891 3712 illius
1937 3653 2092 3728 (tum
2125 3667 2278 3714 vero
2301 3652 2505 3716 adhuc
2533 3650 2748 3714 aberat
2785 3650 3129 3714 Strumitza
3169 3648 3302 3711 fere
3348 3647 3661 3723 integrum

406 3742 660 3806 itineris
686 3743 885 3827 diem)
917 3745 1157 3808 incolas
1187 3748 1524 3828 plerosque
1559 3751 1888 3828 Mysorum
1933 3750 2086 3830 (seu
2122 3751 2497 3830 Marsorum)
2547 3748 2805 3812 colonos
2842 3749 3063 3828 fuisse.
3103 3748 3489 3809 Persuasum
3519 3757 3661 3804 vero

405 3843 633 3919 habeo,
670 3847 1019 3927 Mysorum,
1048 3865 1166 3911 seu
1199 3850 1542 3914 Moesorum
1591 3850 1855 3913 nomine
1888 3849 1994 3914 hic
2032 3850 2342 3930 Bulgaros
2373 3848 2752 3931 signiﬁcari,
2788 3848 2884 3911 vel
2921 3846 3178 3912 Servios
3242 3844 3540 3924 (uterque
3573 3845 3661 3903 est

406 3949 868 4015 Schlavonicus
929 3953 1244 4033 pepulus)
1295 3953 1410 4034 qui
1466 3961 1807 4035 utramque
1868 3956 2149 4020 Mmsiam
2194 3955 2446 4036 jamdiu
2489 3953 2880 4019 incolebant.
2919 3954 3016 4014 Ex
3052 3950 3318 4031 quibus,
3354 3947 3420 4009 ni
3459 3943 3658 4018 fallor.

405 4056 562 4118 satis
595 4063 694 4122 est
731 4057 1164 4137 aspluratum,
1219 4074 1351 4121 non
1383 4059 1709 4122 immerito
1762 4059 2316 4142 TheOphylactum
2375 4077 2666 4122 asserere
2711 4054 3032 4138 potuisse,
3070 4052 3504 4132 Strumitzam,
3549 4065 3660 4110 seu

405 4160 874 4240 'l‘iberiOpolim
905 4159 1111 4224 fuisse
1142 4162 1440 4242 proxime
1474 4163 1542 4225 in
1574 4163 1900 4243 principio
1918 4164 2199 4242 regionis
2231 4162 2535 4242 Illyricae.

485 4264 633 4326 XX.
686 4261 808 4326 Sed
842 4261 1038 4326 alicui
1071 4262 1341 4326 fortasse
1373 4262 1752 4342 scrupulum
1794 4263 2068 4343 ingeret,
2103 4262 2277 4343 quod
2321 4277 2510 4324 nemo
2535 4266 2827 4323 veterum
2858 4257 3244 4337 scriptorum
3271 4269 3657 4318 memorave-

405 4368 487 4430 rit
549 4365 744 4430 ullam
810 4367 1230 4446 Tiberiopolis
1276 4368 1500 4431 urbem
1534 4383 1610 4430 eo
1653 4367 1795 4442 loci,
1850 4366 1960 4429 ubi
1992 4364 2401 4444 postmodum
2449 4363 2790 4426 Strumitza
2822 4361 2964 4435 fuit,
3013 4359 3452 4424 exsistentem.
3508 4355 3657 4416 Sane

406 4467 744 4541 Cellarius,
776 4467 1061 4549 antiquae
1079 4467 1486 4549 geographiae
1516 4469 1988 4532 solertissimus
2027 4467 2474 4547 investigator,
2505 4461 2998 4544 {Tiberiopolim
3031 4461 3124 4524 ibi
3162 4459 3408 4522 nullam
3467 4468 3672 4553 agno:

401 4574 545 4636 scit.
573 4577 795 4657 Neque
825 4573 1016 4637 etiam
1050 4576 1113 4638 in
1138 4594 1257 4639 sex
1278 4578 1545 4642 Notitiis
1575 4575 1816 4641 Grmcis
1851 4573 2412 4637 Patriarchatuum
2454 4577 2511 4633 et
2546 4568 2787 4632 sedium
2817 4565 3292 4648 episcopalium,
3328 4575 3475 4642 quas
3510 4553 3671 4657 refe-2

405 4683 634 4746 runtur
681 4645 758 4740 ad
819 4679 1055 4742 calcem
1107 4679 1340 4742 Codini
1390 4680 1478 4742 De
1532 4680 1760 4761 ofﬁciis
1806 4680 1874 4743 in
1908 4679 2188 4757 Corpore
2227 4676 2516 4742 historiae
2562 4645 2956 4756 Byzantium,
3017 4645 3148 4734 ulla
3189 4669 3256 4732 ﬁt
3298 4663 3535 4729 mentio
3583 4645 3673 4761 de:

401 4781 773 4880 episcopatu
807 4782 1362 4860 TiberiOpolitano
1390 4784 1488 4848 vel
1549 4783 2025 4848 Strumitziano.
2057 4784 2130 4846 lu
2169 4781 2593 4862 Expositione
2623 4779 2888 4862 quidem
2919 4772 3276 4880 Andronici
3328 4762 3674 4880 Palaeolos‘i'i

401 4878 685 4942 senioris
729 4881 1200 4960 metmpolibus
1249 4890 1713 4948 annumeratur
1744 4885 1884 4964 ipsa
1942 4884 2136 4948 etiam
2212 4882 2632 4963 Tiberiopolis
2672 4879 2850 4955 urbs,
2896 4878 3272 4956 diciturque
3311 4891 3391 4936 ex
3468 4863 3678 4949 LXII“,

399 4982 561 5045 facta
592 4984 848 5047 LXXV.
874 4984 994 5046 Sed
1031 4983 1404 5063 hujusmodi
1435 4985 1900 5066 Tiberiopolim
1939 4986 2161 5050 urbem
2212 4985 2381 5048 haud
2423 5000 2564 5047 esse
2598 4983 3010 5047 Slrumitzam
3046 4980 3113 5042 in
3149 4975 3472 5059 principio
3505 4971 3646 5050 Illy-

400 5258 490 5298 tm.
536 5238 689 5294 {728.
732 5235 866 5306 Ejus
898 5236 1063 5290 verba
1093 5245 1262 5292 sunt:
1293 5234 1642 5306 Στροὺμιτζα
1687 5236 1844 5300 πόλις
1877 5239 1924 5290 τε

2113 5234 2238 5290 ηιδεί
2268 5237 2398 5288 sunt
2423 5230 2903 5306 XV_ma_rtyres,et
2931 5244 3055 5300 quae
3072 5245 3198 5306 vere
3225 5229 3278 5284 in
3307 5236 3488 5306 monte
3516 5235 3637 5306 erat,

399 5309 720 5386 'l‘p_t6_nD{b~t
773 5299 854 5371 ἐίς
894 5307 964 5386 τᾲ
1002 5299 1737 5386 πέρσεῖςτῆξΜὰκεδονςας
1779 5299 1917 5386 usta

2117 5313 2405 5386 aquuntur.
2437 5309 2506 5358 At
2534 5299 2880 5386 hodiernam,
2916 5299 3038 5386 qitae
3063 5312 3116 5356 et
3140 5299 3294 5386 Nora
3325 5299 3441 5386 diei
3463 5305 3641 5386 potest,

397 5370 493 5436 τόῦ
526 5370 843 5460 Στρύμενμοςί
871 5380 985 5460 καὶ.
1005 5370 1099 5460 to?)
1132 5370 1592 5460 .‘Aéiou'vgompsiw
1615 5370 1921 5460 ξὺριςὶαξμέ

2114 5370 2444 5458 itrumitzam
2481 5373 2548 5428 ad
2588 5372 2778 5460 pediem
2809 5370 3055 5454 ejusdem
3083 5372 3535 5460 montisesstare,
3559 5381 3638 5460 ve:

401 5456 481 5516 si;
527 5438 851 5520 κρῆμίνῶδές
900 5449 997 5503 καὶ
1037 5438 1315 5520 ἀπότρξλον
1354 5438 1499 5520 δροέ,
1523 5438 1726 5515 ἀπέχόν
1752 5438 1859 5520 dub
1888 5467 1925 5520 ττ

2118 5447 2329 5520 erisque
2353 5438 2741 5520 tantummodo
2772 5443 2958 5520 ruinas
3006 5457 3318 5514 superesse,
3357 5438 3588 5496 inaudivi
3615 5449 3642 5490 a

399 5514 816 5603 Σίιρῦξτίξρέῶν
845 5521 1073 5603 ἡμερῶχ
1098 5514 1604 5603 ξρόμογ...“Ἀῦτ¹ῃ-ή
1635 5514 1923 5603 Στρούμιτέ

2082 5518 2200 5603 Vir’o
2217 5517 2473 5603 locorum
2505 5514 2721 5569 illorum
2760 5514 2986 5603 perito.‘
3519 5578 3579 5603 “-

399 5595 650 5648 ἐκαλεῖτο
679 5578 739 5646 ιὶὸ
770 5578 991 5663 πρῶτοῖ)
1024 5578 1465 5663 ξΓισὶὶρίοῷπολις.
1504 5578 1826 5663 δἐι-ἀωἱὶξί
1853 5606 1923 5643 τινι

2154 5586 2479 5663 (a)__l-loc__u_t
2529 5598 2734 5638 meram
2760 5578 3148 5663 conjecturam
3196 5597 3488 5663 propono;
3510 5578 3638 5633 Alias

402 5663 764 5720 Triballornm
814 5650 956 5716 inter
1003 5650 1190 5730 ﬂuvios
1240 5650 1558 5729 Strymonen
1587 5670 1638 5714 et
1664 5660 1853 5714 Axium
1907 5661 1977 5714 ad
2087 5650 2349 5730 i_nau'divi,
2391 5657 2504 5730 illic
2536 5668 2682 5730 nunc
2743 5650 2900 5730 supra
2946 5650 3423 5730 celebrari—lingua
3453 5650 3637 5730 Graeca.

396 5737 528 5806 ﬁnes
563 5731 894 5789 Macedoniae
921 5721 1198 5806 reperitur,
1244 5733 1298 5806 in
1333 5721 1700 5806 "praecipitia
1749 5731 1975 5794 abrupto
2087 5728 2342 5782 Fortasse
2372 5728 2556 5806 etianL
2571 5725 2749 5780 solum
2791 5721 2997 5779 Graecae
3033 5725 3232 5806 linguae
3256 5721 3635 5806 corruptionem

396 5787 611 5859 Sitne.-
643 5787 909 5875 da’staagne
939 5787 1359 5875 S'caapiis_lriua_o.a'
1391 5787 1594 5875 dierum
1619 5803 1820 5856 itinere.
1844 5787 1974 5856 Haec
2085 5809 2278 5875 notare
2306 5797 2479 5851 voluit
2517 5796 2812 5868 Gregoras,
2845 5809 2968 5851 cum
3009 5787 3264 5864 ait,'illos
3299 5787 3522 5850 barbara
3545 5787 3640 5861 Ῑῑτϐ

395 5877 523 5930 urbs
553 5877 784 5945 primum
823 5864 1106 5931 vocabatur
1132 5864 1494 5945 Tiberibpotig.
1527 5873 1793 5945 (laterum
1845 5888 1972 5927 cum
2084 5870 2265 5941 lingua
2290 5883 2422 5926 usos
2450 5881 2590 5925 esse.

393 5936 688 6022 Gregoras,
729 5955 845 6006 tum
878 5946 1130 6007 Meletius
1157 5944 1224 6002 de
1247 5936 1416 6001 veteri
1443 5936 1760 6011 Strumitza,
1791 5945 1846 6000 in
1868 5959 1978 6014 qua
