3860 6554
206 422 315 481 437
1029 420 1106 484 IN
1159 420 1595 494 SEQUENTIA
1633 422 2222 484 THEOPHYLACTI
2266 423 2612 486 SCRIP’I’A.
2822 420 2827 425 ’
3365 424 3470 484 433

205 524 329 590 rici
362 531 569 606 sitam,
624 533 738 594 sed
797 533 1010 610 potius
1056 534 1332 596 Vnrnam
1357 534 1435 596 ad
1485 537 1754 596 Pontum
1787 536 2139 609 Euxinum,
2180 552 2257 598 eo
2301 535 2419 597 loci
2453 535 2690 596 diserte
2719 535 3090 598 aﬂit‘matur.
3124 536 3244 596 Sed
3309 534 3465 600 haec.

203 632 500 707 quamvis
538 649 707 705 vera,
743 650 996 695 movere
1026 642 1231 695 tamen
1264 635 1590 696 neminem
1615 634 1871 698 debent.
1911 637 2134 714 Neque
2166 635 2337 696 enim
2364 625 2583 695 omnia
2612 638 2882 696 omnino
2918 635 3049 696 loca
3078 633 3174 695 vel
3212 632 3469 712 cognita

198 746 234 791 a
267 733 595 794 veteribus
625 733 1012 812 geograpbis
1064 742 1237 806 sunt,
1274 736 1373 798 vel
1433 738 1761 799 memoria)
1793 737 2025 799 tradita
2076 744 2532 815 posterorum;
2576 736 2688 799 sed
2733 737 2827 799 vel
2874 736 3089 816 aliqua
3152 737 3466 815 ignorata,

202 833 301 894 vel
363 849 490 911 prta
539 850 655 896 sua
688 835 1035 913 exiguitate
1070 834 1526 916 prtetermissa.
1563 839 1920 915 Scriptores
1979 853 2129 900 vero
2163 837 2399 915 reliqui
2439 838 2700 900 nonnisi
2760 837 3244 917 Opportunitate
3301 839 3468 902 data.

198 935 600 996 mentionem
632 933 840 998 facere
882 946 1363 1000 consueverunt
1420 937 1754 1001 civitatum
1793 937 2207 1019 aliorumque
2239 937 2554 1001 locorum.
2616 940 3051 1012 Quamobrem
3119 937 3469 1014 Cellarius,

195 1035 458 1097 tametsi
497 1034 1062 1116 diligentissimus,
1125 1037 1298 1102 locos
1330 1039 1584 1118 aliquos
1629 1042 2082 1119 prmtermisit;
2145 1041 2500 1118 prtesertim
2556 1057 2710 1103 vero
2762 1039 2964 1121 (quod
3003 1040 3171 1115 iacit
3201 1040 3270 1102 in
3333 1055 3470 1102 rem

193 1143 514 1222 nostram)
542 1141 778 1204 nullam
817 1141 895 1204 ad
927 1145 1194 1204 Pontum
1228 1143 1556 1207 Euxinum
1588 1143 2054 1225 Tiberioiiolim
2089 1151 2421 1216 memorat,
2455 1162 2646 1226 quam
2673 1152 2883 1209 tamen
2915 1145 3248 1209 exstitisse
3271 1145 3470 1208 dubi-

185 1243 319 1313 tari
360 1246 461 1306 vix
507 1253 738 1324 potest.
777 1248 848 1310 In
882 1247 1117 1311 Graecis
1142 1265 1406 1329 quoque
1437 1250 1696 1314 Notitiis
1728 1268 1872 1330 quas
1897 1251 2108 1314 adhuc
2150 1257 2526 1332 supersunt,
2569 1251 2977 1330 episcopatus
3009 1249 3190 1314 fuere
3225 1250 3472 1331 aliquot

191 1349 642 1427 praetermissi,
672 1358 741 1420 ut
770 1353 1003 1416 eruditi
1030 1353 1424 1434 jampridem
1479 1358 1892 1422 adnotavere.
1917 1360 2229 1422 Cmterum
2258 1375 2338 1419 ex
2369 1372 2447 1419 eo
2477 1357 2669 1418 etiam
2701 1355 2856 1418 oriri
2895 1358 3101 1434 potuit
3137 1355 3470 1418 silentium

188 1450 613 1530 episc0patus
660 1453 1220 1534 TiberiOpolitani,
1266 1456 1443 1538 quod
1503 1456 1638 1520 base
1667 1457 1914 1533 civitas,
1943 1458 2234 1540 quandiu
2282 1473 2516 1520 nomen
2568 1455 2740 1518 istud
2777 1455 3073 1528 retinuit,
3103 1473 3306 1518 unum
3341 1455 3471 1516 for-

187 1561 396 1628 tasse,
433 1557 532 1621 vel
565 1557 842 1622 alterum
865 1559 1162 1623 habuerit
1191 1563 1570 1643 episcopum
1602 1580 1619 1638 ;
1653 1581 1797 1626 cum
1831 1563 2003 1626 haud
2033 1563 2234 1626 multo
2269 1571 2409 1639 post
2452 1560 2832 1640 martyrium
2893 1559 3246 1629 Theodori,
3278 1555 3466 1635 primi

187 1657 494 1738 ejusdem
527 1661 805 1725 civitatis
838 1665 1151 1742 episcopi,
1185 1675 1422 1730 vastata
1453 1667 1651 1730 fuerit
1685 1668 1895 1748 primo
1937 1667 2204 1748 quidem
2237 1667 2316 1728 ab
2360 1665 2645 1738 Ombris,
2679 1662 2976 1726 deindea
3016 1659 3340 1738 Bulgaris,
3392 1666 3467 1720 ut

183 1759 357 1820 satis
382 1759 620 1824 indicat
639 1763 732 1824 vel
757 1763 946 1825 istius
969 1771 1194 1826 auctor
1217 1766 1538 1842 opusculi.
1556 1769 1741 1843 Quod
1765 1784 1914 1830 vero
1930 1785 2139 1848 neque
2155 1767 2285 1830 alio
2314 1765 2436 1828 sub
2450 1764 2734 1836 nomine,
2766 1762 3075 1825 nimirum
3090 1761 3470 1826 Strumitzw,

185 1863 621 1929 annumerata
645 1867 910 1930 sedibus
951 1869 1435 1948 episcopalibus
1479 1872 1870 1946 inveniatur,
1926 1873 2090 1934 illud
2127 1872 2472 1934 videturin
2519 1885 2710 1932 causa
2764 1865 2972 1930 fuisse
3022 1866 3193 1945 quod
3257 1863 3470 1924 archi-

189 1966 512 2048 episcotio
537 1975 917 2046 αὐτοκεφάλῳ,
947 1973 1051 2034 sui
1065 1973 1269 2054 juris,
1312 1991 1431 2037 seu
1465 1976 1715 2038 nullius
1747 1974 1874 2037 sub
1895 1973 2531 2056 patriarchmditione
2563 1969 2937 2040 constituto,
2971 1968 3272 2028 subesset
3301 1963 3473 2044 (nam

187 2065 253 2128 in
317 2068 645 2146 prredictis
701 2070 956 2134 Notitiis
993 2073 1409 2139 solummodo
1459 2085 1880 2140 recensentur
1937 2078 2128 2142 sedes
2158 2073 2562 2157 episcopales
2608 2090 2755 2152 quae
2802 2070 3096 2150 quinque
3165 2067 3472 2128 suberant

189 2166 626 2248 patriarchis)
675 2193 690 2233 :
728 2170 857 2233 nisi
905 2173 1120 2237 dicere
1153 2175 1364 2252 malis,
1399 2176 1626 2239 urbem
1657 2176 1819 2240 hanc
1857 2193 1982 2238 non
2012 2177 2372 2238 Strumilza:
2402 2171 2665 2235 nomine
2691 2170 2979 2249 .(quippe
3013 2167 3186 2246 quod
3248 2165 3474 2242 Bulga'

189 2264 406 2328 ricum
436 2269 555 2348 est)
587 2271 698 2334 sed
733 2273 948 2336 Graaco
969 2276 1097 2339 alio
1127 2277 1438 2341 vocabulo
1469 2277 1535 2340 in
1567 2277 1812 2341 eisdem
1841 2277 2096 2342 Notitiis
2151 2274 2476 2354 designari
2507 2291 2521 2334 :
2552 2279 2658 2334 aut
2689 2271 2950 2333 demum
2983 2269 3131 2330 ideo
3197 2265 3473 2328 Strumi-

187 2379 367 2437 tzam
424 2392 551 2438 non
615 2384 966 2455 recenseri,
1021 2386 1174 2464 quia
1209 2385 1384 2449 sedis
1422 2388 1812 2467 episcOpalis
1842 2387 2152 2450 honorem
2190 2393 2296 2448 aut
2340 2383 2536 2448 nimis
2572 2399 2717 2447 sero
2765 2381 2848 2442 sit
2877 2381 3129 2458 adepta,
3180 2385 3291 2440 aut
3346 2375 3477 2438 cito

194 2477 406 2542 nimis
438 2479 750 2559 amiserit,
783 2495 891 2548 aut
923 2488 1133 2551 solum
1173 2491 1364 2552 certis
1397 2498 1755 2570 temporum
1788 2489 2150 2554 intervallis
2196 2503 2268 2550 ea
2301 2489 2615 2566 dignitate
2646 2484 2844 2548 fuerit
2877 2482 3181 2562 insignita
3217 2479 3471 2561 (quein-

192 2583 552 2648 admodum
605 2595 664 2650 et
694 2588 842 2650 aliis
908 2590 1176 2670 contigit
1228 2591 1514 2668 parvulis
1558 2589 1979 2672 civitatibus),
2013 2592 2308 2668 adeoque
2343 2595 2475 2650 tum
2515 2587 2722 2665 potuit
2757 2586 2870 2648 hac
2907 2580 3323 2663 praerogativa
3372 2593 3476 2640 ea-

195 2703 376 2760 ΓθΓΘ,
405 2703 550 2748 cum
607 2687 1074 2768 episcOpalium
1132 2692 1390 2754 sedium
1434 2691 1700 2773 calalogi
1741 2693 1855 2774 qui
1886 2693 1961 2754 ad
1993 2708 2110 2754 nos
2146 2707 2352 2771 usque
2389 2695 2827 2769 pervenerunt
2885 2683 3472 2747 conscriberentur.

196 2787 522 2851 Caeterum
557 2789 720 2854 illud
756 2793 979 2856 saltem
1011 2795 1266 2858 videtur
1296 2795 1364 2858 in
1404 2796 1675 2860 dubium
1709 2799 1986 2861 revocari
2022 2813 2150 2858 non
2187 2811 2398 2875 posse,
2435 2795 2809 2873 episc0pum
2845 2789 3047 2852 fuisse
3073 2785 3472 2856 Strumitzre,

197 2889 364 2951 dum
397 2891 464 2952 in
501 2891 666 2956 vivis
695 2903 913 2974 ageret
942 2895 1511 2976 TheOphylactus:
1551 2899 1795 2979 quippe
1825 2901 1934 2980 qui
1971 2899 2245 2980 epistola
2280 2897 2556 2976 32juxta
2583 2894 2853 2958 Meursii
2887 2891 3240 2954 editionem
3275 2892 3476 2948 testa-

196 2998 338 3064 tur,
369 3009 440 3054 se
469 2992 808 3071 Pelagonia
851 2997 992 3074 (seu
1047 2997 1428 3080 Pelagonia)
1463 3002 1558 3057 καὶ
1587 3001 1720 3075 πρὸς

1947 3003 2271 3074 ρομδίτξης,
2305 2998 2799 3070 etStrombitzw,
2837 3005 2889 3057 et
2955 2990 3287 3057 Malesobw
3340 2989 3471 3068 epi-

196 3093 422 3172 scopis
462 3097 814 3174 scripsisse.
867 3097 1310 3161 Strombilzam
1373 3100 1548 3162 enim
1605 3097 1777 3159 idem
1829 3114 1901 3160 ac
1949 3098 2356 3162 Strumitzam
2389 3118 2552 3175 esse,
2585 3102 2721 3180 ipsa
2767 3099 3049 3162 nominis
3109 3092 3473 3157 similitudo

195 3196 612 3281 aiﬁnitasque
645 3201 939 3265 dubitare
973 3217 1100 3267 non
1134 3204 1290 3268 sinit
1323 3229 1338 3268 :
1378 3206 1728 3284 praesertim
1779 3221 1922 3267 cum
1958 3222 2150 3286 supra
2209 3207 2894 3279 demonstraverimus,
2918 3186 3323 3267 Strumitzam
3370 3199 3474 3278 (de

199 3318 338 3380 qua
398 3301 504 3365 hic
531 3306 770 3384 sermo)
829 3324 1055 3386 parum
1105 3325 1142 3371 a
1173 3310 1512 3392 Pelagonia
1543 3311 1855 3384 distasse;
1897 3318 2089 3390 atque
2121 3310 2340 3387 etiam,
2374 3321 2444 3375 ut
2472 3313 2606 3391 ipse
2669 3311 2970 3384 arbitror,
3026 3326 3060 3370 a
3101 3305 3423 3369 Malesoba
3457 3320 3474 3366 :

203 3407 735 3489 TbeOphylactus
763 3432 916 3478 vero
943 3417 1025 3482 ad
1064 3417 1404 3498 episcopos
1446 3418 1591 3480 illos
1635 3425 1787 3490 tres,
1819 3423 2040 3496 utpote
2073 3417 2403 3492 ﬁnitimos,
2437 3434 2589 3479 suas
2641 3417 2898 3478 misisse
2931 3414 3235 3494 epistolas
3263 3412 3476 3473 videa-

204 3520 337 3574 tur.
374 3515 596 3594 Neque
639 3533 789 3580 vero
820 3517 1336 3600 TheOphylactus
1371 3523 1678 3584 duntaxat
1736 3521 1948 3600 ipsum
1991 3517 2349 3584 Strumitzre
2380 3537 2616 3583 nomen
2672 3519 3006 3597 paululum
3058 3514 3420 3578 immutavit
3454 3534 3472 3587 ;

203 3617 320 3679 sed
354 3629 417 3682 et
449 3622 779 3688 Cedrenus
841 3643 978 3688 eam
1007 3627 1392 3703 Στρούμπιζαν
1425 3635 1482 3691 et
1537 3633 1727 3709 Στρούπ

1982 3629 2419 3706 Strumpitzan
2451 3635 2512 3690 et
2541 3627 2918 3706 Strupitzan
2981 3622 3134 3707 (nisi
3173 3623 3237 3684 in
3275 3621 3473 3681 alter-

203 3735 430 3785 utrum
485 3724 696 3788 locum
742 3729 1071 3808 irrepserit
1123 3731 1428 3792 mendum
1463 3729 2022 3812 typographicum)
2063 3737 2265 3792 vocat.
2301 3731 2372 3792 Et
2406 3730 2671 3809 quidem
2713 3744 2790 3790 eo
2833 3726 2949 3788 loci
2977 3725 3334 3787 Cedrenum
3395 3723 3474 3781 de

205 3825 579 3902 Strumitza,
619 3827 699 3890 de
735 3845 862 3909 qua
906 3846 1026 3892 nos
1089 3832 1440 3911 loquimur,
1486 3849 1853 3896 sermonem
1891 3826 2154 3905 habere,
2214 3839 2612 3911 compertum
2641 3849 2716 3892 ex
2749 3849 2825 3890 eo
2864 3837 2958 3890 est
3016 3829 3189 3908 quod
3249 3823 3474 3886 Basilii

207 3930 618 4008 imperatoris
653 3932 778 3996 iter
804 3932 1016 3997 Serris
1043 3936 1276 4016 Scopia
1319 3937 1458 4000 sive
1488 3939 1729 4017 Scupos
1763 3937 2168 4014 describens,
2201 3936 2502 3998 eumdem
2539 3931 2768 3996 referat
2806 3931 3210 4010 Strumpitzm
3239 3948 3476 4008 appro-

208 4033 570 4115 pinquasse
597 4056 614 4095 :
641 4053 773 4115 quo
810 4037 995 4100 illum
1027 4041 1428 4118 Strumpitzze
1456 4043 1651 4104 situm
1689 4041 2006 4120 designat,
2047 4058 2240 4120 quem
2269 4055 2388 4101 nos
2417 4037 2774 4100 Strumitzre
2804 4033 3266 4100 constituimus
3299 4035 3477 4096 Nice-

211 4137 396 4216 phori
456 4139 756 4220 Gregorte
792 4142 1002 4203 verbis
1040 4142 1275 4205 innixi.
1325 4144 1448 4206 Alii
1486 4143 1732 4206 minore
1763 4145 1972 4208 adbuc
2012 4144 2383 4216 diversitate
2410 4142 2704 4204 eamdem
2731 4139 3180 4202 Strumnitzam
3217 4154 3477 4224 nuncu-

209 4247 387 4319 pant,
452 4249 523 4303 ut
573 4242 848 4304 Ananias
917 4244 1210 4322 ejusdem
1268 4245 1638 4324 episc0pus,
1674 4245 1786 4324 qui
1834 4260 2002 4306 anno
2046 4245 2200 4306 1565
2236 4243 2494 4322 synodo
2525 4239 3081 4318 ConstantinOpoli
3142 4240 3477 4301 celebratae

210 4345 363 4422 (qua
397 4345 652 4423 synodo
689 4345 978 4426 dejectus
1011 4347 1094 4408 ob
1121 4345 1419 4408 simoniaa
1447 4346 1690 4409 crimen
1725 4363 1759 4407 e
1799 4347 2032 4407 throno
2083 4343 2506 4425 patriarchico
2541 4350 2636 4404 est
2667 4343 3026 4420 Joasaphus
3081 4339 3262 4402 illius
3298 4340 3475 4402 urbis

209 4445 764 4526 archiepiscopus)
795 4448 1182 4528 subscripsit
1228 4448 1328 4510 bis
1365 4449 1577 4510 verbis
1610 4466 1623 4510 :
1664 4449 1800 4528 Ego
1839 4447 2098 4513 humilis
2127 4447 2461 4526 episcopus
2487 4445 2893 4506 Strumm’tza:
2927 4442 3208 4502 Ananias
3265 4442 3477 4504 volens

207 4563 339 4606 meo
385 4547 653 4609 consilio
683 4532 1059 4629 subscripsi,
1101 4557 1168 4613 ut
1200 4549 1627 4613 ecclesiastica
1654 4567 1773 4612 seu
1796 4548 2208 4628 patriarchica
2243 4547 2435 4610 refert
2458 4545 2723 4608 historia
2755 4543 3191 4607 Emmanuelis
3216 4543 3472 4616 Malaxi,

215 4647 714 4726 Peloponnesii;
749 4669 940 4729 quam
973 4652 1288 4714 Martinus
1341 4651 1634 4726 Crusius,
1667 4652 2033 4714 Academias
2061 4650 2496 4730 Tubingensis
2533 4647 2876 4729 professor,
2913 4647 3132 4708 Latine
3168 4646 3472 4720 reddidit,

213 4751 552 4830 ediditque
610 4752 719 4814 lib.
773 4771 818 4814 ιι
865 4752 1391 4815 Turco-erciw.
1453 4753 1544 4815 Ex
1577 4767 1712 4834 quo
1769 4752 2217 4832 consequitur,
2283 4753 2693 4814 Strumitzam
2749 4749 2986 4810 nedum
3018 4747 3280 4820 smculo,
3342 4764 3474 4826 quo

215 4851 466 4913 vivebat
499 4851 1000 4932 TbOphylactus,
1039 4853 1403 4927 undecimo,
1438 4853 1549 4914 sed
1579 4853 1772 4914 etiam
1807 4852 2063 4915 decimo
2091 4860 2275 4916 sexto
2307 4851 2656 4932 episcopali
2685 4851 2838 4914 sede
2898 4858 3184 4914 ornatam
3239 4852 3469 4914 fuisse.

214 4956 439 5017 Sedem
473 4953 633 5016 hanc
663 4954 1059 5017 etiamnunc
1103 4955 1413 5034 temporis
1443 4973 1814 5034 superesse,
1844 4955 1974 5018 imo
1997 4964 2059 5018 et
2099 4953 2564 5032 metropolitica
2595 4953 2907 5033 dignitate
2953 4951 3160 5017 fuisse
3199 4962 3472 5026 auctam,

215 5069 486 5123 testatus
547 5060 707 5122 mihi
756 5069 851 5124 est
881 5062 1154 5123 Jacobus
1203 5061 1473 5137 Nicolai,
1503 5061 2041 5125 bieromonacbus
2077 5059 2460 5139 Olympiam,
2520 5077 2638 5120 seu
2676 5077 2752 5120 ex
2788 5059 3180 5122 monasterio
3237 5059 3474 5122 montis

217 5165 506 5246 Olympi,
547 5183 741 5245 quem
788 5165 1008 5244 paucis
1040 5172 1186 5228 ante
1215 5165 1470 5241 diebus,
1510 5184 1702 5246 quam
1736 5167 1870 5230 htec
1921 5166 2092 5247 typis
2143 5165 2623 5237 mandarentur,
2659 5162 2736 5225 ad
2770 5163 2930 5226 hanc
2965 5165 3183 5226 urbem
3236 5169 3471 5246 appul-

217 5285 383 5340 sum,
417 5273 490 5328 ut
521 5265 758 5328 deinde
792 5265 860 5328 in
891 5267 1422 5346 Transylvaniam
1488 5273 1804 5346 pergeret,
1833 5266 2184 5329 sacerdotis
2243 5282 2510 5327 munere
2549 5265 2716 5344 apud
2749 5281 2884 5326 suae
2913 5264 3121 5343 gentis
3176 5266 3473 5328 homines

217 5369 459 5432 ibidem
489 5366 856 5442 funt-turns,
888 5370 1086 5431 semel
1120 5376 1180 5431 et
1206 5367 1447 5432 iterum
1480 5369 1806 5432 allocutus
1854 5385 2024 5431 sum.
2087 5367 2209 5429 Hic
2243 5384 2342 5429 me
2376 5368 2442 5429 in
2495 5365 2720 5445 primis
2751 5364 3092 5426 certiorem
3123 5363 3299 5438 fecit,
3338 5366 3472 5429 fere

219 5471 542 5550 integrum
589 5487 873 5533 mensem
924 5487 992 5534 se
1018 5473 1375 5536 Strumitzae
1405 5479 1715 5536 moratum
1745 5489 1910 5535 esse.
1945 5473 2107 5533 Tum
2135 5469 2290 5532 mihi
2325 5471 2404 5532 de
2441 5469 2810 5550 quindecim
2854 5469 3028 5529 hisce
3085 5469 3474 5548 martyribus

221 5571 572 5633 sciscitanti
607 5573 965 5650 respondit,
1003 5590 1127 5634 non
1157 5574 1346 5635 modo
1381 5573 1640 5636 illorum
1701 5573 2074 5635 memoriam
2105 5589 2178 5634 ea
2214 5572 2280 5634 in
2318 5568 2474 5634 urbe
2507 5571 2724 5649 vigere
2761 5569 2916 5642 ;sed
2956 5569 3147 5631 etiam
3192 5587 3223 5632 a
3267 5587 3476 5633 sacer-

220 5673 478 5733 dotibus
509 5689 588 5735 eo
622 5673 743 5734 loci
789 5672 1266 5736 celebrantibus
1299 5674 1974 5736 commemorationem
2006 5672 2300 5754 quotidie
2327 5670 2463 5732 ﬁeri
2499 5692 2514 5731 :
2544 5668 2890 5749 quotannis
2923 5685 3078 5730 vero
3116 5669 3473 5732 solemnem

222 5773 526 5835 celebrari
561 5775 934 5837 eorumdem
990 5781 1339 5854 martyrum
1401 5772 1810 5836 festivitatem
1860 5799 1875 5835 :
1921 5775 2080 5855 quin
2127 5780 2188 5837 et
2241 5773 2566 5852 peculiare
2599 5771 2876 5835 cilicium
2922 5781 2985 5836 et
3026 5772 3335 5836 lectiones
3393 5773 3471 5832 de

227 5874 510 5952 ipsorum
550 5879 852 5960 martyrio
897 5879 1115 5943 haberi
1152 5903 1164 5943 :
1208 5897 1409 5958 caque
1435 5879 1646 5940 omnia
1681 5879 1994 5942 contineri
2030 5877 2338 5959 peculiari
2375 5877 2654 5958 quodam
2696 5875 2914 5938 libello
2973 5877 3289 5956 impresso
3347 5877 3473 5936 θος
