3860 6618
428 446 538 508 439
1296 477 1302 482 ν
1476 445 1865 508 BONIFACII
1897 445 2210 508 FINETTI
2255 447 2648 509 PR/EFA'I'IO
2741 486 2766 505 ο
3584 450 3677 515 ﬁt)

432 553 702 631 scepoli,
741 554 861 630 vel,
885 561 950 617 ut
980 554 1409 619 communiter
1443 558 1859 635 pronuntiant
1886 554 2500 638 Graeci,Vosc0poli,
2528 556 3094 637 in}Macedonia,in
3126 573 3253 638 qua
3281 555 3449 622 urbe
3473 559 3676 636 paucis

431 656 664 720 abhinc
689 658 877 721 annis
913 657 1200 721 instituta
1223 646 1777 740 est'typOgraphia.
1809 657 2043 722 Notitia
2073 659 2228 734 hac,
2259 676 2450 740 quam
2478 659 2636 721 mihi
2665 659 2781 722 diu
2810 658 3676 740 multumqueinquirentiex

436 759 555 820 hoc
580 778 711 822 uno
743 777 924 824 sacro
951 760 1258 823 monacho
1289 760 1548 823 haurire
1583 760 1790 836 licuit,
1822 760 2082 840 egregie
2115 760 2445 824 conﬁrmat
2470 759 2777 831 historiae,
2811 777 2957 840 qum
2984 759 3046 822 in
3079 760 3196 823 hac
3225 758 3678 839 TheOphylacti

433 861 722 923 oratione
767 861 1182 938 describitur,
1245 863 1573 926 veritatem
1613 885 1629 926 :
1693 863 2042 942 praesertim
2088 879 2234 925 cum
2268 861 2508 935 omnia,
2556 878 2704 942 quae
2743 863 2881 940 ipse
2913 861 3216 925 referrem
3251 879 3330 925 ex
3396 862 3679 939 praedicta

435 963 748 1034 oratione,
776 962 888 1026 ille
917 981 986 1027 se
1023 964 1264 1045 legisse
1289 965 1616 1029 allirmarit
1651 968 1717 1028 in
1755 971 2105 1030 memorato
2155 964 2398 1028 libello.
2440 965 2660 1027 Solum
2687 963 2808 1026 hoc
2841 981 2968 1027 non
2995 963 3152 1026 satis
3197 963 3516 1026 memoria
3584 963 3680 1028 ille

437 1063 709 1139 tenebat,
737 1083 816 1128 an
847 1073 1158 1146 martyres
1193 1067 1294 1129 illi
1341 1059 1465 1130 sub
1489 1068 1752 1131 Iuliano
1802 1070 2100 1146 Apostata
2148 1065 2524 1144 martyrium
2557 1065 2839 1128 subiisse
2871 1066 3056 1130 eoin
3089 1063 3312 1128 libello
3369 1064 3681 1129 dicantur.

431 1169 508 1228 Et
553 1167 686 1231 haec
715 1169 794 1232 de
827 1169 990 1245 loco,
1031 1170 1141 1234 ubi
1181 1172 1351 1248 passi
1397 1180 1548 1235 sunt
1581 1181 1916 1252 martyres,
1949 1173 2222 1253 ejusque
2252 1171 2590 1234 occasione
2621 1170 2753 1233 sint
2789 1171 2956 1234 dicta

512 1268 690 1332 XXI.
751 1271 1036 1350 Tempus
1097 1287 1248 1334 vero
1299 1290 1428 1354 quo
1461 1274 1520 1336 id
1573 1273 1839 1353 contigit
1872 1273 2127 1337 deﬁniri
2164 1272 2350 1336 facile
2383 1277 2615 1352 potest.
2663 1274 2819 1333 Nam
2879 1288 2956 1334 ex
3003 1270 3358 1351 epigraphe
3426 1271 3683 1352 ipsaque

432 1369 724 1433 oratione
759 1371 1124 1448 innotescit,
1165 1390 1276 1436 eos
1307 1375 1660 1456 imperante
1689 1376 1951 1438 Juliauo
1999 1379 2301 1456 Apostata
2354 1375 2739 1455 sanguinem
2799 1389 2913 1454 pro
2945 1373 3196 1436 Christo
3225 1371 3509 1436 fudisse.
3544 1373 3684 1434 Cum

432 1476 651 1532 autem
677 1470 969 1549 perbrevi
997 1480 1284 1554 tempore
1338 1477 1703 1539 moderatus
1737 1476 1849 1539 ille
1879 1475 2226 1558 imperium
2277 1477 2362 1538 sit
2392 1476 2726 1559 (nimirum
2784 1491 2820 1538 a
2863 1491 3085 1537 mense
3135 1472 3488 1536 Novembri
3546 1475 3686 1534 anni

431 1573 545 1634 361
587 1574 662 1636 ad
694 1576 868 1639 diem
915 1594 1126 1658 usque
1155 1581 1234 1642 26
1266 1582 1443 1644 Junii
1477 1583 1628 1644 anni
1661 1581 1830 1662 363),
1897 1581 2312 1662 perspicuum
2343 1588 2463 1656 est,
2509 1597 2628 1643 nos
2668 1579 2736 1642 in
2771 1579 3140 1643 deﬁniendo
3195 1574 3491 1656 martyrii
3538 1583 3683 1637 tem-

440 1691 592 1754 pore
631 1678 735 1739 vix
767 1694 957 1758 posse
994 1697 1163 1743 anno
1206 1681 1458 1761 integro
1497 1703 1529 1746 a
1564 1700 1713 1746 vero
1753 1684 2073 1746 aberrare.
2102 1684 2196 1745 Ex
2225 1683 2497 1747 historia
2539 1683 2871 1762 siquidem
2921 1679 3359 1744 ecclesiastica
3423 1687 3681 1740 constat,

436 1793 585 1838 eum
617 1778 947 1859 aliquanto
978 1792 1116 1860 post
1150 1783 1383 1848 initum
1416 1785 1763 1866 imperium
1796 1784 2314 1866 persecutionem
2355 1785 2697 1848 inchoasse
2736 1789 2955 1848 contra
2998 1779 3402 1842 Christianos
3436 1799 3454 1851 ;
3515 1785 3715 1858 atque.

437 1879 500 1939 in
534 1877 654 1941 hoc
684 1883 827 1960 ipso
860 1887 1174 1963 opusculo
1202 1888 1501 1968 legimus,
1532 1897 1863 1970 martyres,
1928 1889 2008 1952 de
2047 1889 2287 1970 quibus
2333 1889 2436 1952 hic
2478 1904 2717 1963 sermo,
2792 1894 2931 1966 post
2959 1883 3176 1964 fugam
3214 1882 3498 1962 primum
3557 1882 3684 1961 qui-

435 1981 580 2042 dem
637 2001 716 2045 ex
746 1985 918 2059 urbe
942 1989 1205 2064 gNicaaa,
1241 1991 1476 2054 deinde
1532 2010 1609 2054 cx
1657 1989 2141 2066 Thessalonica,
2174 1991 2557 2073 aliquandiu
2598 1995 3025 2054 commoratos
3061 2004 3206 2051 esse
3269 1983 3682 2061 TiberiOpoli,

435 2079 706 2163 ejusque
733 2085 927 2161 cives,
966 2096 1026 2150 et
1055 2090 1471 2154 ﬁnitimorum
1525 2091 1812 2154 locorum
1864 2091 2110 2156 incolas
2143 2109 2270 2172 qua
2305 2093 2779 2172 praedicatione,
2805 2107 2933 2172 qua
2959 2087 3292 2153 miraculis
3333 2087 3418 2150 ad
3467 2085 3679 2149 Christi

433 2178 621 2244 ﬁdem
676 2186 1060 2262 perduxisse
1101 2207 1115 2250 :
1179 2191 1246 2251 in
1286 2207 1417 2271 quo
1468 2193 1775 2272 temporis
1825 2193 2106 2271 spatium
2141 2192 2405 2274 aliquod
2443 2191 2737 2272 illudque
2763 2207 2892 2254 non
2916 2191 3078 2254 adeo
3111 2189 3432 2269 exiguum
3464 2187 3684 2249 insum-

435 2289 614 2360 ptum
646 2303 790 2350 esse
817 2297 1094 2367 oportet.
1131 2291 1296 2353 Hinc
1333 2310 1486 2356 vero
1538 2311 1763 2375 magna
1798 2294 2244 2374 probabilitate
2293 2295 2660 2370 deducitur,
2714 2295 2936 2375 paucis
2981 2302 3128 2357 ante
3157 2291 3412 2356 Iuliani
3454 2289 3679 2353 obitum

435 2385 794 2462 mensibus,
828 2387 1120 2470 adeoque
1153 2392 1319 2455 circa
1350 2395 1500 2456 anni
1528 2396 1645 2458 363
1699 2395 1986 2472 initium,
2031 2404 2142 2459 aut
2172 2407 2342 2461 certe
2381 2398 2506 2460 sub
2547 2397 2738 2460 ﬁnem
2770 2396 2926 2459 anni
2985 2396 3122 2471 362,
3151 2411 3264 2458 eos
3319 2391 3678 2472 martyrium

433 2491 744 2557 subiisse.
784 2496 1006 2575 Neque
1035 2496 1149 2560 hac
1198 2499 1276 2562 de
1311 2518 1378 2564 re
1417 2502 1615 2582 plura.
1649 2524 1664 2564 :
1723 2505 2169 2567 tantummodo
2217 2504 2860 2568 animadvertendum
2901 2500 3191 2583 martyrii
3223 2501 3404 2562 diem
3458 2499 3525 2560 in
3583 2495 3681 2558 hoc

435 2593 578 2669 ipso
611 2596 927 2673 Opusculo
959 2600 1109 2678 poni
1143 2602 1268 2665 sub
1299 2602 1403 2666 die
1436 2604 1517 2667 28
1546 2607 1951 2672 Novembris.

514 2700 723 2762 XXII.
763 2703 1154 2782 Diligentius
1196 2706 1655 2788 inquirendum
1711 2712 1964 2776 videtur
1999 2720 2250 2792 tempus
2285 2713 2549 2776 etlocus
2580 2728 2711 2792 quo
2748 2710 2980 2772 horum
3013 2714 3368 2788 martyrum
3441 2720 3679 2785 corpora

432 2800 705 2862 solemni
742 2819 972 2884 pompa
997 2806 1292 2870 translata
1328 2807 1535 2873 fuere.
1563 2813 1641 2873 At
1673 2830 1864 2876 nemo
1905 2821 2114 2879 tamen
2155 2813 2260 2876 hic
2291 2829 2532 2876 annum
2568 2812 2764 2893 hujus
2813 2805 3246 2872 translationis
3280 2806 3610 2896 proprium
3653 2820 3680 2864 a

433 2899 621 2964 nobis
661 2905 941 2982 postulet
985 2907 1354 2987 designari:
1393 2911 1456 2973 id
1491 2912 1666 2974 enim
1698 2913 1828 2976 ﬁeri
1880 2915 2252 2979 nullatenus
2278 2922 2507 2994 potest,
2546 2933 2692 2978 cum
2725 2911 2957 2976 nullibi
3004 2910 3348 2971 adnotatus
3379 2913 3676 2970 occurrat.

433 3004 645 3077 Quare
671 3010 959 3082 tempora
986 3007 1380 3084 proximiora
1425 3018 1753 3091 utcunque
1788 3012 2071 3078 indicare
2104 3011 2401 3076 sufﬁciet.
2425 3013 2490 3073 Id
2525 3028 2678 3076 vero
2706 3013 2942 3091 pendet
2971 3023 3007 3069 a
3046 3014 3336 3085 tempore
3392 3022 3527 3087 quo
3553 3002 3680 3066 Bul-

438 3101 646 3178 garica
678 3119 838 3181 gens
902 3104 1192 3182 amplexa
1253 3114 1349 3168 est
1406 3107 1640 3170 Christi
1679 3110 1932 3173 Domini
1990 3111 2175 3176 ﬁdem
2213 3134 2228 3174 :
2265 3128 2406 3175 nam
2439 3111 2562 3175 sub
2612 3111 2820 3191 primo
2876 3107 3298 3188 Bulgarorum
3339 3123 3494 3187 rege
3527 3103 3681 3170 Chri-

439 3203 651 3266 stiano
688 3205 1170 3271 translationem
1203 3210 1379 3273 illam
1402 3210 1608 3277 fuisse
1643 3222 1982 3296 peractam,
2017 3216 2271 3281 diserte
2300 3217 2613 3281 asseritur
2668 3215 2737 3279 iu
2781 3213 2900 3276 hoc
2967 3227 3290 3275 sermone.
3340 3212 3487 3288 Qua
3521 3212 3594 3276 de
3619 3229 3679 3276 re

444 3305 757 3369 nonnulla
790 3307 1076 3373 diximus
1115 3311 1179 3374 in
1214 3313 1420 3390 Notis,
1457 3333 1620 3396 quas
1652 3318 1715 3380 in
1751 3317 2057 3384 inferiore
2099 3319 2294 3401 hujus
2327 3319 2640 3383 orationis
2691 3317 3000 3398 margine,
3043 3331 3115 3377 ac
3167 3314 3520 3394 praesertim
3559 3331 3675 3394 pag.

439 3413 550 3474 531
581 3411 1029 3491 apposuimus.
1080 3417 1302 3497 Neque
1345 3436 1511 3499 opus
1551 3437 1696 3484 esse
1733 3422 2030 3502 arbitror,
2062 3440 2201 3486 eam
2252 3441 2384 3486 rem
2442 3423 2654 3486 fusius
2689 3421 2794 3484 hic
2852 3420 3155 3500 persequi
3185 3425 3296 3482 aut
3342 3419 3679 3481 accuratius

444 3511 832 3591 investigare
868 3532 884 3585 ;
915 3528 1061 3574 cum
1103 3518 1448 3594 scriptores
1475 3533 1701 3583 omnes
1733 3521 1847 3600 qui
1881 3520 2041 3584 hanc
2093 3523 2380 3586 historiae
2421 3521 2880 3585 ecclesiastica;
2922 3533 3161 3601 partem
3197 3518 3497 3600 attigere,
3548 3535 3678 3581 con-

443 3613 809 3675 versionem
846 3615 1274 3695 Bulgarorum
1332 3637 1505 3684 nono
1547 3622 1785 3686 saaculo
1820 3623 2135 3689 accidisse
2181 3625 2589 3688 consentiant
2631 3645 2648 3696 ;
2707 3623 3051 3704 solumque
3084 3621 3320 3702 viginti
3383 3635 3677 3684 annorum

442 3721 650 3798 spatio
675 3721 870 3786 citius
896 3722 1034 3800 alii,
1069 3725 1181 3788 alii
1215 3727 1428 3789 serius
1465 3736 1804 3793 autumant
1835 3731 2163 3796 evenisse.
2195 3731 2350 3794 Nam
2383 3731 2729 3811 scriptores
2758 3728 2960 3792 Graeci
2989 3744 3128 3791 eam
3166 3725 3301 3790 fere
3353 3727 3437 3789 ad
3468 3737 3676 3788 annum

443 3819 1054 3900 octingentesimum
1088 3826 1654 3907 quadragesimum
1685 3838 1940 3893 sextum
1977 3846 2275 3895 revocare
2310 3831 2633 3895 videntur.
2667 3828 3046 3893 Anastasius
3078 3844 3231 3890 vero
3285 3824 3680 3890 Bibliotheca-

448 3924 582 3988 rius
629 3926 697 3990 in
754 3929 899 3991 Vita
957 3930 1196 3993 Nicolai
1251 3933 1278 3993 Ι
1356 3950 1427 3994 ea
1464 3935 1674 4011 tradit,
1729 3953 1806 3998 ex
1831 3937 2073 4018 quibus
2119 3936 2426 4018 colligere
2458 3953 2740 4018 pronum
2769 3942 2892 4012 est,
2925 3934 3250 3999 nationem
3304 3931 3676 4013 Bulgaricam

444 4028 825 4094 Christianas
855 4033 1153 4116 religioni
1183 4053 1417 4100 nomen
1451 4055 1579 4100 non
1619 4039 1873 4103 dedisse
1905 4049 2050 4104 ante
2079 4058 2321 4105 annum
2352 4041 2644 4122 ejusdem
2671 4039 2888 4104 saeculi
2916 4037 3394 4118 sexagesimum
3428 4042 3676 4098 sextum.

445 4129 516 4190 In
551 4147 628 4193 eo
667 4133 858 4196 etiam
898 4150 1123 4199 omnes
1153 4136 1287 4199 fere
1323 4137 1763 4214 consentiunt,
1828 4141 2002 4221 quod
2060 4158 2170 4204 rex
2223 4140 2643 4222 Bulgarorum
2681 4141 2928 4219 primus
2958 4135 3337 4202 Christiana;
3408 4127 3678 4210 religioni

448 4235 743 4301 addictus
774 4246 918 4302 ante
942 4239 1336 4321 baptismum
1398 4244 1666 4323 Bogoris
1719 4244 2268 4326 ('I‘heophylactus
2329 4247 2396 4308 in
2453 4245 2571 4307 hac
2600 4243 2889 4306 oratione
2912 4241 3194 4303 Borisim
3236 4236 3489 4310 scribit,
3552 4243 3678 4296 voce

451 4339 785 4416 paululum
839 4342 1222 4425 immutata),
1259 4347 1666 4426 postmodum
1713 4365 1864 4410 vero
1922 4347 2195 4413 Michael
2241 4347 2442 4411 fuerit
2497 4345 2880 4428 appellatus.
2925 4344 3050 4408 Sed
3112 4358 3372 4405 rursum
3433 4339 3481 4401 ii
3529 4331 3677 4396 valde

445 4439 812 4520 discrepant
843 4444 906 4506 in
948 4445 1337 4527 assignanda
1366 4464 1584 4521 causa,
1617 4464 1742 4529 qua
1791 4451 2100 4514 inductus
2143 4448 2251 4512 ille
2295 4447 2490 4512 fuerit
2518 4449 2592 4511 ad
2624 4446 3046 4511 Christianam
3073 4445 3257 4507 ﬁdem
3317 4437 3679 4540 amplectﬁtl'

446 4539 613 4600 dam.
648 4539 780 4603 Alii
823 4542 994 4606 enim
1050 4545 1293 4608 sororis
1343 4564 1478 4609 sum
1527 4547 2106 4624 adhortationibus,
2145 4566 2290 4629 qua;
2317 4548 2470 4611 dum
2512 4545 3071 4625 ConstantinOpoli
3098 4549 3481 4614 moraretur,
3528 4535 3679 4601 Chri-

447 4642 676 4706 stianis
709 4653 844 4709 erat
875 4645 1119 4709 imbuta
1152 4650 1505 4729 mysteriis,
1542 4658 1900 4729 permotum
1943 4653 2150 4714 fuisse
2187 4653 2494 4728 tradunt;
2526 4651 2636 4714 alii
2667 4650 2984 4713 bellorum
3015 4648 3336 4727 famisque
3381 4639 3704 4746 calam-itas,

448 4749 622 4814 tibus
662 4751 1017 4831 impulsum
1054 4774 1068 4814 :
1118 4753 1229 4816 alii
1271 4755 1486 4818 vivida
1541 4754 1908 4818 futurorum
1961 4756 2364 4820 cruciatuum
2409 4753 2714 4834 imagine,
2755 4767 2947 4833 quam
2984 4749 3284 4813 hauserat
3328 4763 3411 4811 ex
3468 4739 3701 4818 insigni,

451 4855 722 4932 pictura,
778 4855 1150 4934 perculsum
1225 4855 1541 4918 divinitus
1572 4856 1804 4918 infusa)
1862 4856 1990 4919 luci
2035 4856 2259 4920 oculos
2290 4853 2653 4935 aperuisse,
2688 4859 2966 4915 narrant.
3003 4849 3127 4914 Sed
3168 4849 3302 4912 haec
3341 4845 3672 4911 enucleare

451 4962 667 5018 nostra
726 4973 853 5018 non
895 4956 1186 5020 interest.
1247 4957 1410 5019 Satis
1451 4957 1611 5020 mihi
1645 4965 1764 5032 est,
1801 4941 2123 5038 Bbgorim,
2164 4958 2302 5021 sive
2334 4955 2611 5018 Borisim
2653 4968 3108 5034 quamcunque
3133 4950 3394 5012 demum
3432 4946 3678 5050 obAcalol'

447 5075 609 5133 sam,
656 5065 719 5122 et
765 5059 902 5122 sive
945 5076 1094 5135 una,
1153 5061 1292 5122 sive
1347 5058 1686 5137 multiplex
1733 5059 1954 5134 fuerit,
1996 5060 2254 5124 nonnisi
2291 5059 2458 5122 circa
2494 5055 2842 5120 dimidium
2895 5049 3119 5115 saeculi
3153 5049 3310 5113 noni
3362 5046 3671 5125 religionis

446 5160 834 5225 Christianae
863 5159 1190 5239 mysteriis
1215 5158 1421 5222 fuisse
1461 5157 1829 5222 initiatum:
1874 5159 2026 5222 inde
2050 5161 2224 5224 enim
2265 5165 2667 5236 compertum
2695 5153 2972 5219 efﬁcitur
3022 5152 3550 5232 exploratumque
3587 5141 3674 5204 SS-

448 5277 828 5346 martyrum,
865 5265 945 5328 de
982 5264 1222 5345 quibus
1254 5282 1428 5327 nunc
1456 5280 1666 5328 sermo
1705 5273 1824 5338 est,
1871 5264 2354 5328 translationem
2402 5263 2630 5324 eodem
2678 5259 3030 5323 inclinante
3057 5255 3186 5338 jam
3232 5252 3470 5318 saeculo
3499 5244 3672 5360 conti-

448 5376 624 5450 gisse
683 5385 701 5444 ;
753 5368 1047 5449 adeoque
1096 5365 1563 5446 TheOphylacti
1620 5373 1868 5430 (etatem
1918 5366 2175 5430 duobus
2223 5365 2478 5428 circiter
2523 5362 2780 5434 saeculis
2811 5359 3246 5442 praecessisse,
3281 5363 3352 5420 ut
3407 5360 3672 5433 superius

451 5477 816 5539 innuimus.
922 5463 926 5468 ’
1011 5495 1035 5513 κ
3427 5561 3433 5563 Α
3511 5558 3521 5563 _
3607 5550 3619 5563 θ

532 5578 767 5641 XXIII.
813 5577 1052 5638 Verum
1084 5591 1214 5656 quo
1245 5573 1481 5636 clarius
1519 5573 1867 5636 innotescit
1894 5579 2148 5652 tempus
2184 5572 2408 5635 saltem
2434 5570 2801 5650 proximum
2831 5565 3203 5629 istiusmodi
3241 5558 3669 5666 translationis3

452 5699 530 5743 eo
565 5679 749 5743 nobis
781 5675 1118 5740 obscurior
1149 5683 1245 5738 est
1276 5675 1457 5738 locus
1488 5675 1568 5737 ad
1609 5690 1802 5755 quem
1834 5672 2043 5736 delata
2072 5687 2250 5734 sacra
2290 5671 2556 5751 pignora
2598 5676 2772 5732 sunt.
2822 5669 3062 5729 Auctor
3092 5663 3358 5745 quidem
3399 5661 3668 5767 orationis

453 5785 628 5845 hunc
692 5796 1139 5859 saepenumero
1204 5787 1381 5843 vocat
1427 5777 1977 5855 Βραγαληνίτζαν,Β

2141 5775 2410 5839 linitzan
2459 5772 2582 5856 (vel
2627 5772 2681 5833 si
2745 5773 2776 5844 β
2833 5769 3291 5850 pronuntietur
3350 5763 3664 5827 recentium

435 5899 630 5960 more
665 5882 1053 5960 Graecorum,
1086 5879 1584 5962 I’ragalinitzan)
1654 5895 1927 5962 eamque

2139 5893 2230 5957 tw,
2283 5875 2520 5957 urbem,
2553 5883 2612 5937 et
2653 5875 2944 5946 ἐπαρχίαν,
2977 5869 3544 5950 provinciam-seu
3567 5869 3663 5918 πῖθ’
