3860 6550
2041 320 2070 331 ς-,ε

210 443 300 510 tu
1055 438 1135 500 1N
1170 435 1601 510 SEQUENTIA
1635 434 2212 497 THEOPHYLACTI
2247 435 2590 498 SCRIPTA.
3109 481 3113 484 .
3341 434 3446 498 tta

207 554 492 634 tropoh'm
526 567 877 630 nuncupat.
908 551 1029 614 Sed
1064 568 1360 630 quasnam
1391 565 1453 614 et
1478 567 1608 631 quo
1637 567 1775 613 IOCO
1801 551 2003 630 posita
2035 551 2142 624 sit,
2185 551 2282 613 vel
2315 551 2469 635 olim
2495 548 2936 613 fueritcivitas
2971 550 3125 624 haec,
3158 552 3444 614 nondum

206 659 363 721 mihi
403 652 753 734 inquirenti
790 653 943 715 satis
968 653 1271 732 detegere
1302 653 1510 727 licuit,
1544 669 1690 716 cum
1731 669 1943 731 neque
1976 651 2041 713 in
2067 651 2510 730 geographicis
2538 652 2785 730 mappis
2820 651 3206 722 adnotatum,
3234 668 3447 730 neque

201 761 277 822 ab
304 757 432 822 alio
478 758 698 836 aliquo
727 763 986 820 auctore
1019 766 1429 821 memoratam
1456 756 1835 836 repererim.
1869 757 2024 819 Cum
2052 771 2200 816 vero
2230 774 2302 817 ex
2343 755 2565 820 indole
2598 756 2838 835 lingua)
2868 755 3242 828 Slavonicae,
3278 754 3444 816 haud

202 862 356 923 mihi
391 878 652 941 prorsus
685 863 936 942 ignotae,
957 867 1150 940 atque
1179 878 1255 924 ex
1276 860 1605 923 similibus
1626 877 1772 941 qua)
1803 861 2036 938 passim
2061 866 2432 932 occurrunt,
2457 860 2645 921 etiam
2668 860 2834 938 apud
2871 859 3446 938 'l‘heophylactum,

199 963 516 1042 exemplis
559 969 957 1043 compertum
990 962 1315 1038 haberem,
1346 963 1467 1026 hoc
1503 961 1884 1026 vocabulum
1936 961 2294 1040 Bulgarica,
2321 978 2466 1040 quae
2498 961 2715 1041 lingua
2755 961 3016 1024 Slavicaa
3049 979 3168 1024 seu
3219 961 3448 1022 Slavo-

200 1061 360 1125 nicas
391 1063 703 1126 dialectus
738 1071 858 1134 est,
903 1064 1361 1126 terminatione
1389 1063 1717 1139 desinere,
1751 1063 1911 1125 illud
1949 1063 2161 1126 statim
2216 1063 2589 1141 perquirere
2625 1064 2808 1142 ccepi,
2875 1072 3112 1135 utrum,
3171 1063 3447 1125 detracta

195 1166 425 1230 saltem
462 1169 919 1232 terminatione
949 1170 1101 1243 itza,
1131 1168 1232 1233 vel
1266 1170 1463 1245 πειτα,
1496 1168 1691 1248 hujus
1721 1168 2040 1230 similisve
2071 1168 2352 1231 nominis
2395 1170 2547 1230 urbs
2578 1168 2642 1228 in
2687 1167 2979 1246 Bulgaria
3010 1176 3206 1244 esset,
3240 1167 3337 1231 vel
3383 1169 3447 1230 in

193 1270 315 1332 alia
366 1271 660 1351 regione,
693 1272 878 1352 cujus
922 1273 1147 1336 incolae
1179 1273 1401 1353 lingua
1450 1280 1788 1336 uterentur
1818 1274 2178 1352 Bulgarica,
2225 1272 2589 1352 cujusmodi
2619 1270 2741 1333 fuit
2771 1271 3234 1350 Bragalinitza,
3267 1279 3338 1335 ut
3369 1290 3448 1333 ex

195 1373 334 1450 ipsa
381 1373 676 1436 oratione
706 1382 972 1437 constat.
1022 1377 1254 1438 Verum
1304 1393 1431 1438 non
1465 1375 1654 1438 aliam
1686 1374 1910 1437 urbem
1958 1373 2224 1449 oﬂ‘endi,
2254 1391 2400 1452 qum
2431 1372 2644 1452 aliqua
2685 1374 2932 1436 ratione
2967 1391 3110 1436 cum
3157 1373 3268 1435 illa
3305 1389 3425 1435 con

195 1489 432 1549 gruere
490 1472 842 1547 videretur,
895 1491 1090 1555 quam
1141 1473 1419 1555 Bargate
1450 1474 1780 1554 pertinens
1820 1474 1896 1537 ad
1946 1475 2383 1536 Macedoniam
2424 1475 2772 1537 secundam
2823 1473 3153 1537 orientalis
3206 1473 3448 1554 lllyrici

197 1581 443 1650 partem
478 1592 492 1636 :
549 1591 696 1638 nam
756 1577 1046 1658 Bargalae
1102 1595 1362 1655 nomen,
1414 1579 1590 1660 quod
1623 1579 1880 1658 dempta
1913 1578 2365 1641 terminatione
2403 1579 2760 1659 Bulgarica,
2792 1586 3098 1652 remanet,
3134 1595 3278 1640 cum
3343 1580 3450 1666 illa

193 1676 324 1739 fere
358 1683 737 1757 consensit;
798 1700 1012 1764 neque
1045 1701 1080 1747 a
1109 1685 1506 1765 Tiberiopoli
1550 1685 1825 1748 multum
1857 1685 2087 1746 abesse
2117 1684 2396 1747 videtur.
2437 1684 2752 1758 Quocirca
2776 1683 3088 1747 credibile
3132 1691 3252 1758 est,
3285 1683 3449 1745 intra

195 1781 520 1860 Bulgarici
544 1784 702 1847 ﬁnes
740 1786 993 1864 imperii
1033 1793 1172 1851 eam
1211 1796 1348 1852 tum
1397 1789 1752 1865 exstitisse,
1787 1791 2081 1869 adeoque
2111 1797 2176 1850 et
2217 1788 2567 1867 Bulgaricaa
2604 1789 2842 1870 linguas
2873 1789 2936 1850 in
2960 1791 3048 1869 ;ea
3083 1805 3272 1850 usum
3302 1795 3454 1853 tunc

193 1886 510 1962 temporis
544 1887 858 1967 viguisse.
1586 1906 1589 1908 ’

267 1985 515 2048 XXIV.
563 1989 704 2052 Huc
734 2008 942 2070 usque
973 1991 1382 2072 scripseram,
1419 2011 1564 2056 cum
1607 2010 1800 2072 supra
1838 1992 2135 2056 laudatus
2167 1994 2520 2056 monachus
2551 1993 2922 2074 Olympiota
2954 1993 3294 2055 certiorem
3353 2011 3453 2055 me

189 2087 364 2166 fecit,
433 2099 682 2157 exstare
737 2097 1088 2161 etiamnum
1124 2100 1191 2162 in
1230 2101 1512 2162 secunda
1568 2101 1941 2164 Macedonia
1982 2101 2203 2162 urbem
2255 2097 2774 2178 Bragalinitzam,
2811 2117 2952 2171 seu,
2997 2107 3064 2161 ut
3120 2100 3259 2177 ipse
3302 2099 3451 2160 eil‘e-

191 2191 397 2268 rebat,
439 2193 948 2275 Bragarinitzam
995 2220 1017 2269 ;
1083 2200 1196 2261 sed
1236 2218 1272 2264 e
1316 2218 1538 2281 magna
1572 2203 1728 2264 urbe
1785 2203 1862 2264 ad
1895 2201 2034 2282 pagi
2069 2199 2508 2262 conditionem
2568 2201 2907 2274 redactam,
2971 2199 3374 2278 habitarique
3419 2211 3451 2256 a

192 2297 452 2373 Turcis,
487 2302 709 2378 paucis
765 2303 1068 2367 immistis
1103 2306 1478 2368 Christianis
1512 2330 1526 2368 :
1584 2306 1826 2369 distare
1890 2322 2039 2369 vero
2081 2321 2115 2366 a
2148 2305 2489 2366 Strumitza
2521 2304 2812 2384 quinque
2843 2305 3096 2366 circiter
3151 2303 3452 2364 horarum

195 2393 433 2460 itinere
468 2419 484 2458 :
516 2414 587 2460 ac
612 2398 680 2460 in
722 2417 795 2462 ea
836 2417 962 2463 non
995 2401 1208 2464 solum
1243 2405 1320 2464 de
1355 2416 1605 2483 peracta
1635 2406 1710 2467 ad
1745 2403 1948 2482 ipsam
1981 2411 2344 2464 sanctorum
2381 2413 2730 2481 martyrum
2771 2403 3182 2466 translatione
3209 2418 3451 2464 memo-

193 2498 350 2558 riam
402 2499 669 2579 vigere;
701 2501 815 2562 sed
852 2502 1041 2564 etiam
1080 2521 1174 2578 se,
1211 2521 1355 2566 cum
1388 2504 1536 2568 illac
1570 2502 1884 2576 transiret,
1922 2502 2200 2582 prepriis
2242 2502 2481 2564 vidisse
2527 2503 2734 2564 oculis
2781 2500 3196 2566 fundamenta
3235 2501 3454 2582 templi

194 2607 367 2686 quod
412 2607 476 2667 in
505 2623 728 2670 eorum
758 2606 1071 2671 honorem
1110 2610 1264 2672 olim
1294 2615 1694 2671 exstructum
1745 2607 2101 2668 dicebatur.
2141 2606 2326 2668 Plura
2363 2607 2442 2668 de
2481 2605 2655 2668 hisce
2688 2609 2929 2670 sanctis
2993 2608 3146 2668 mihi
3183 2609 3453 2678 dicenda

176 2728 315 2772 non
387 2717 772 2790 suppetunt.
832 2713 1143 2776 Caeterum
1181 2713 1522 2776 clarissimi
1565 2719 1625 2774 et
1673 2712 1751 2774 de
1811 2711 2167 2773 Christiana
2218 2711 2547 2788 republica
2604 2710 2845 2790 Optime
2899 2711 3108 2773 meriti
3163 2708 3453 2776 Bollandi

195 2815 684 2877 continuatores
732 2832 853 2879 suo
912 2827 1198 2896 tempore
1245 2825 1435 2880 totam
1477 2817 1636 2879 hanc
1661 2815 1998 2878 historiam
2053 2814 2560 2889 accuratissime,
2589 2832 2993 2895 summaque,
3034 2823 3105 2878 ut
3145 2814 3452 2888 assolent,

196 2917 592 2978 eruditionis
630 2917 693 2979 vi
721 2918 1097 2994 discutient,
1129 2921 1576 2994 illustrabunt,
1635 2919 2012 3000 expedient.
2045 2917 2312 2981 Interim
2361 2917 2529 2982 haud
2557 2919 2771 2983 inﬁma
2827 2919 2965 2982 laus
3001 2916 3198 2997 hujus
3229 2916 3456 2980 editio-

197 3015 292 3074 nis
324 3014 478 3085 erit,
517 3029 732 3075 ansam
775 3013 1128 3092 praebuisse
1168 3019 1674 3097 praeclarissimis
1733 3016 1897 3080 viris
1934 3017 2266 3095 negotium
2293 3016 2412 3080 hoc
2439 3018 2818 3097 perficiendi
2865 3037 2880 3076 :
2925 3024 2996 3080 ut
3047 3018 3256 3097 reipsa
3295 3035 3455 3096 prae-

198 3116 416 3179 bitura
447 3115 706 3179 videtur
748 3134 767 3191 ;
819 3116 1347 3197 quandoquidem
1381 3136 1459 3182 ex
1514 3118 1650 3179 illis
1688 3137 1886 3194 unus,
1921 3119 2020 3182 vir
2051 3121 2398 3201 omnigena
2452 3123 2824 3189 eruditione
2889 3123 3123 3195 clarus,
3171 3125 3452 3186 Joannes

199 3222 590 3302 Stiltingius,
615 3239 806 3301 quem
839 3222 955 3285 hac
985 3223 1064 3284 de
1085 3241 1152 3285 re
1187 3241 1301 3303 per
1325 3223 1570 3286 litteras
1591 3223 1728 3304 ipse
1759 3222 2089 3300 consului,
2122 3225 2306 3286 solita
2336 3226 2727 3288 humanitate
2758 3227 3110 3304 respondit,
3145 3245 3208 3286 se
3232 3223 3455 3287 horum

199 3334 554 3405 martyrum
583 3337 724 3386 acta
761 3344 888 3387 non
908 3325 1164 3390 vidisse.

1585 3477 1864 3539 SECTlO
1916 3479 2052 3541 VII.

636 3608 722 3668 Dc
761 3607 1156 3670 Allocutione
1186 3604 1267 3667 ad
1299 3603 1703 3668 Familiarcm
1741 3606 1913 3668 circa
1955 3624 2022 3668 ea
2063 3621 2326 3687 quorum
2368 3606 2742 3668 incusantur
2774 3606 3014 3670 Latini.

273 3734 484 3796 XXV.
549 3734 870 3798 Allocutio
901 3735 1053 3809 hinc,
1086 3751 1278 3814 quam
1312 3734 1420 3796 alii
1479 3734 1836 3814 Epistolam
1867 3736 1950 3797 ad
1978 3735 2311 3800 Nicolaum
2341 3736 2669 3799 diaconum
2703 3747 2761 3800 et
2792 3739 3198 3800 canstrisium
3229 3745 3454 3801 vocant

203 3833 282 3914 (α)
327 3844 486 3898 tunc
515 3836 706 3898 etiam
742 3836 1015 3899 celebris
1047 3845 1205 3913 erat,
1236 3854 1381 3899 cum
1415 3835 1621 3900 adhuc
1669 3838 1738 3900 in
1773 3841 2161 3919 quibusdam
2200 3840 2675 3921 insignioribus
2745 3841 3154 3903 bibliothecis
3207 3843 3454 3906 inedita

205 3940 504 4004 latitaret.
539 3947 680 4009 Non
714 3943 902 4006 modo
933 3942 1107 4006 enim
1139 3943 1220 4005 de
1247 3959 1321 4005 ea
1352 3944 1742 4006 mentionem
1773 3944 2055 4006 fecerant
2080 3944 2122 4005 ii
2151 3962 2380 4008 omnes
2403 3946 2517 4026 qui
2550 3947 2629 4008 de
2649 3947 3107 4027 TheOphylacti
3146 3949 3454 4026 operibus

200 4041 574 4105 disseruere
606 4064 622 4114 ;
661 4043 776 4106 sed
807 4043 1023 4124 aliqua
1058 4044 1248 4108 etiam
1282 4044 1576 4124 ejusdem
1614 4046 1966 4124 fragmenta
1996 4054 2128 4108 tum
2153 4046 2218 4108 in
2251 4049 2410 4109 Jurc
2441 4047 2999 4124 Graeco-Romano,
3031 4051 3202 4128 quod
3241 4052 3456 4112 [.eun-

201 4146 448 4208 clavius
483 4148 788 4227 vulgavit,
819 4147 1086 4221 inserta,
1123 4157 1260 4212 tum
1293 4151 1361 4211 in
1391 4150 1636 4212 Graecia
1665 4150 2041 4214 Orthodoxa
2072 4151 2151 4214 ab
2181 4153 2415 4215 Allatio
2439 4154 2631 4228 edita,
2665 4155 2854 4216 obvia
2885 4155 3186 4217 omnibus
3220 4163 3458 4234 persta-

200 4245 375 4308 bant.
409 4248 555 4309 Hz-ec
587 4262 739 4310 vero
774 4248 857 4310 ita
897 4255 1202 4310 acuerant
1229 4247 1631 4311 eruditorum
1669 4249 1942 4324 animos,
1967 4257 2034 4312 ut
2079 4267 2494 4329 summOpere
2527 4261 2926 4330 excptarent,
2967 4272 3044 4315 ex
3078 4255 3218 4331 ipso
3271 4254 3450 4318 fonte

201 4354 528 4431 detegere,
589 4367 884 4430 quamam
934 4351 1181 4414 auctori
1235 4352 1390 4414 satis
1446 4359 1724 4426 vetusto,
1760 4353 2266 4432 doctissimoque
2303 4364 2364 4415 et
2414 4355 2650 4417 celebri
2707 4357 3192 4436 archiepiscopo
3263 4376 3446 4422 mens

203 4454 552 4517 insedisset
611 4454 824 4532 quoad
871 4471 945 4516 ea
979 4471 1124 4532 quas
1177 4455 1457 4517 Graecam
1515 4470 1550 4514 a
1590 4453 1808 4516 Latina
1840 4453 2188 4516 Ecclesiam
2234 4454 2502 4517 infando
2533 4455 2874 4518 schismate
2902 4457 3276 4535 diremptam
3320 4459 3452 4538 jam

201 4558 444 4621 dudum
477 4564 718 4621 tenent.
757 4558 1008 4620 Primus
1044 4557 1259 4638 (quem
1293 4558 1597 4638 equidem
1632 4557 1947 4636 noverim)
1981 4559 2092 4638 qui
2122 4557 2502 4637 justissimis
2537 4557 2636 4621 his
2661 4559 3080 4622 litteratorum
3119 4561 3450 4624 hominum

199 4663 366 4722 votis
424 4658 766 4740 explendis
800 4660 967 4723 serio
993 4660 1295 4740 adjecerit
1327 4660 1640 4736 animum,
1671 4659 1794 4722 fuit
1847 4660 2158 4723 editionis
2206 4661 2397 4742 hujus
2427 4660 2640 4724 fautor
2668 4661 3131 4738 amplissimus,
3185 4664 3262 4724 de
3320 4681 3452 4742 quo

204 4764 326 4842 iam
355 4764 647 4826 diximus
673 4780 890 4843 supra,
916 4763 1163 4842 quique
1214 4762 1345 4842 jam
1377 4761 1456 4824 ab
1487 4778 1658 4825 anno
1692 4763 1848 4825 1753
1873 4761 2050 4825 dedit
2073 4777 2357 4842 Operam,
2401 4769 2470 4824 ut
2503 4779 2581 4824 ex
2631 4762 2846 4823 codice
2879 4763 3452 4826 Caesareo-Vindo-

207 4864 478 4928 bonensi
512 4863 1009 4938 exscriberetur,
1046 4871 1114 4924 ut
1154 4863 1308 4924 huic
1338 4863 1528 4924 tertio
1557 4862 1872 4925 volumini
1906 4865 2190 4942 Operum
2243 4862 2731 4942 Theophylacti,
2767 4863 2941 4925 velut
2973 4881 3098 4925 non
3127 4865 3452 4928 mediocre

205 4967 408 5046 ipsius
440 4975 917 5038 ornamentum,
952 4967 1370 5029 insereretur.
1403 4967 1778 5047 Insequenti
1811 4983 1982 5030 anno
2016 4985 2152 5030 eam
2189 4969 2326 5048 ipse
2372 4968 2714 5031 Latinitate
2757 4968 2991 5032 donavi
3027 4987 3043 5027 :
3079 4986 3162 5030 ex
3207 4987 3333 5049 qua
3369 4970 3448 5033 cl.

206 5074 454 5150 praevia}
514 5071 997 5134 Dissertationis
1049 5078 1272 5134 auctor
1334 5071 1676 5150 particulas
1704 5071 1954 5152 aliquas
2003 5071 2070 5134 in
2117 5089 2249 5134 rem
2281 5089 2466 5134 suam
2500 5073 2845 5150 excerpsit.
2876 5072 3066 5146 Quod
3092 5089 3165 5134 ea
3201 5072 3268 5135 in
3335 5073 3452 5134 hac

202 5176 492 5237 editione
519 5173 756 5251 publici
784 5173 953 5253 juris
984 5171 1281 5235 facienda
1307 5181 1502 5246 esset,
1537 5175 1848 5236 admoniti
1885 5187 2038 5237 sunt
2070 5175 2307 5237 eruditi
2335 5192 2480 5237 cum
2520 5174 2586 5236 in
2623 5175 3089 5238 Dissertatione
3115 5175 3449 5258 pprmdicta,

206 5285 337 5340 tum
372 5281 562 5342 etiam
599 5279 662 5341 in
717 5278 1154 5340 Dcclaratione
1181 5280 1678 5353 Graeco-Latina,
1710 5297 1855 5360 quas
1883 5280 2078 5342 simul
2110 5298 2254 5344 cum
2287 5293 2459 5343 tomo
2492 5279 2697 5358 primo
2736 5278 2967 5341 emissa
2997 5278 3060 5340 in
3097 5279 3304 5341 lucem
3357 5287 3453 5340 est

207 5398 372 5443 anno
439 5381 610 5442 175’s.
671 5381 793 5442 Sed
851 5395 998 5442 cum
1033 5379 1381 5441 voluminis
1412 5380 1610 5460 hujus
1645 5383 1985 5460 impressio
2019 5381 2100 5444 ob
2155 5398 2318 5451 eam,
2373 5398 2563 5460 quam
2616 5378 3136 5452 memoravimus,
3195 5396 3452 5440 causam

212 5486 466 5562 longius
499 5481 982 5561 produceretur,
1033 5481 1128 5543 vir
1154 5480 1567 5543 doctissimus
1594 5483 1877 5543 Joannes
1909 5483 2216 5561 Aloysius
2242 5478 2710 5559 Mingarellius,
2753 5477 3102 5541 canonicus
3137 5479 3455 5557 regularis

209 5589 272 5651 S.
309 5585 654 5667 Augustini
687 5583 1203 5665 congregationis
1233 5584 1559 5647 Rhenanis
1585 5632 1599 5661 ,
1638 5588 1904 5649 fortasse
1939 5594 2006 5650 ut
2035 5585 2366 5668 aliquanto
2423 5582 2736 5646 maturius
2767 5583 3170 5646 eruditorum
3227 5587 3452 5664 θιριθ-

285 5873 354 5944 (ιι)
393 5872 524 5932 Vide
577 5873 1027 5933 Dissertationcm
1068 5879 1218 5932 tomo
1253 5872 1270 5929 l
1300 5871 1597 5946 praefixam,
1631 5891 1784 5933 num.
1829 5875 1964 5934 LIV.
