3860 6602
457 445 568 510 443
1489 459 1880 522 BDNIFACH
1933 463 2242 524 FlNET'l‘I
2304 466 2701 528 PRzEFATIO
3265 514 3276 522 -
3594 474 3677 537 4N

458 573 556 626 ret
604 573 769 643 vota,
827 585 948 633 suo
1017 569 1479 636 Anecdotorum
1515 578 1868 650 Fasciculo,
1927 597 2120 658 quem
2180 581 2382 642 edidit
2417 599 2522 642 an.
2589 583 2765 655 1756,
2834 581 3242 645 inserendam
3301 583 3675 653 existimavit.

453 666 640 749 Quod
684 669 948 748 quidem
998 673 1245 736 tametsi
1295 675 1605 739 editionis
1661 677 1854 758 hujus
1917 679 2282 742 fautoribus
2333 684 2523 762 paulo
2556 683 2985 764 injucundius
3041 684 3370 758 acciderit,
3403 701 3478 748 eo
3529 690 3678 767 quoi

455 767 691 830 exinde
738 779 1118 850 praereptum
1162 777 1218 836 ei
1268 776 1517 856 aliquid
1571 778 1779 840 laudis
1832 781 2348 860 suspicarentur,
2415 783 2572 845 mihi
2626 793 2838 846 tamen
2893 785 3417 864 percommodum
3465 786 3678 849 cessit:

449 867 545 928 sic
576 870 746 930 enim
781 870 1216 946 collationem,
1247 894 1439 955 quam
1472 895 1618 940 cum
1647 881 2045 942 Bononiensi
2086 890 2263 945 textu
2301 882 2514 946 facere
2553 884 2931 959 meditabar,
2975 902 3052 947 eo
3076 883 3206 962 jam
3252 885 3450 956 edito,
3507 885 3680 948 multo

447 966 702 1032 facilius
735 976 1005 1054 exsequi
1064 979 1272 1055 potui.
1305 981 1615 1042 Caeterum
1654 982 2104 1062 Mingarellius
2147 987 2366 1046 Grieco
2414 986 2616 1048 textui
2655 987 2938 1049 Latinam
2996 986 3362 1050 versionem
3420 985 3679 1067 adjunxit

446 1089 600 1134 sane
630 1085 986 1140 accuratam
1021 1089 1082 1142 et
1110 1083 1375 1146 nitidam
1422 1107 1436 1147 :
1473 1103 1664 1166 quam
1695 1096 2052 1166 prOpterea,
2102 1098 2170 1151 ut
2202 1091 2267 1151 in
2300 1089 2462 1152 hanc
2496 1092 2852 1154 editionem
2883 1093 3292 1163 asciscerem,
3323 1093 3536 1156 animo
3585 1093 3678 1158 diu

446 1178 856 1261 multumque
917 1187 1261 1264 propendi.
1317 1190 1436 1251 Sed
1473 1193 1728 1254 tandem
1766 1192 1853 1253 nil
1890 1210 2032 1254 esse
2057 1203 2257 1268 ratus,
2295 1211 2410 1257 cur
2458 1195 2821 1258 versionem
2858 1213 3059 1258 meam
3086 1211 3164 1257 eo
3189 1194 3338 1274 jure
3367 1195 3678 1273 privaretur

443 1283 619 1362 quod
652 1286 900 1348 ratione
936 1289 1246 1366 temporis
1279 1293 1698 1372 acquisierat,
1734 1303 1793 1356 et
1825 1303 2167 1376 postquam
2207 1297 2374 1358 haud
2404 1296 2714 1361 mediocri
2758 1297 2908 1360 nisu
2937 1300 3209 1360 eluctata
3249 1313 3328 1358 ex
3358 1291 3681 1375 exemplari

443 1391 614 1444 esset
656 1386 954 1464 pluribus
993 1390 1071 1450 de
1109 1393 1323 1454 causis
1389 1395 1731 1470 perarduo,
1791 1413 1928 1456 eam
1973 1397 2317 1458 innoxiam
2352 1398 2642 1461 tenebris
2685 1403 3052 1460 damnarem
3089 1396 3449 1475 perpetuis,
3507 1396 3682 1473 ipsam

441 1482 543 1545 hic
567 1489 1017 1566 appunendam
1052 1494 1304 1556 censui.
1344 1496 1654 1557 Craterum
1693 1515 1836 1559 cum
1874 1498 2309 1560 Bononiensis
2348 1499 2553 1561 codex
2584 1499 2806 1562 codice
2870 1497 3678 1571 Cmsareo-Vindobonensi,

440 1589 552 1666 qui
582 1590 748 1652 haud
778 1592 860 1654 ita
898 1611 1186 1674 magnam
1247 1597 1496 1660 redolet
1545 1599 2020 1679 antiquitatem,
2050 1601 2207 1663 mihi
2239 1601 2592 1681 aliquando
2623 1602 2893 1664 nitidior
2933 1602 3110 1664 visus
3139 1603 3246 1676 sit,
3271 1601 3680 1664 emendatior-

440 1708 594 1769 que,
660 1693 837 1755 illius
871 1711 992 1772 Ope
1024 1697 1338 1760 nonnulla
1399 1700 1521 1762 mei
1577 1699 1960 1779 exemplaris
2005 1704 2331 1782 corrigere
2381 1707 2606 1765 menda
2633 1704 2842 1784 (prius
2873 1706 3143 1785 quidem
3176 1703 3311 1767 sola
3342 1701 3681 1781 conjectura

441 1792 622 1883 plura
655 1795 1097 1874 sustuleram),
1136 1798 1417 1878 indeque
1439 1804 1500 1860 et
1528 1798 1896 1861 versionem
1929 1819 2137 1864 meam
2161 1803 2638 1884 aliquantulum
2676 1805 2978 1882 perﬁcere
3015 1805 3170 1868 mihi
3199 1804 3435 1866 licuit:
3471 1810 3534 1865 ut
3558 1820 3682 1881 pro-

437 1893 590 1955 inde
626 1911 749 1955 non
781 1899 1046 1957 omnino
1085 1915 1205 1959 suo
1245 1901 1555 1962 exciderit
1591 1910 1734 1964 volo
1781 1903 2349 1980 praestantissimus
2409 1906 2884 1984 Mingarellius,
2927 1905 3045 1986 qui
3071 1923 3145 1968 ea
3175 1923 3303 1983 pm
3337 1903 3583 1968 caeteris
3616 1905 3678 1963 a._l

435 1998 860 2074 evulgandam
899 1999 1376 2064 Allocutionem
1442 2005 1604 2067 hanc
1643 2006 1892 2069 ratione
1958 2024 2026 2069 se
2061 2008 2399 2070 inductum
2441 2008 2645 2071 fuisse
2681 2018 2923 2085 monet,
2951 2021 3023 2072 ut
3052 2010 3503 2091 Theophylacti
3545 2012 3682 2089 0pc-

431 2116 575 2159 rum
613 2099 804 2161 editio
829 2104 1026 2179 magis
1063 2105 1384 2183 magisque
1424 2105 1655 2184 perﬁci
1677 2107 1909 2184 possit.
1953 2109 2032 2169 At
2059 2115 2121 2169 et
2149 2109 2437 2171 codicem
2490 2110 2996 2183 Bononiensem,
3038 2110 3288 2174 tametsi
3317 2109 3679 2189 plerumque

433 2203 925 2268 Vindobonensi
981 2208 1377 2284 nitidiorem,
1421 2210 1708 2273 vicissim
1753 2229 1965 2290 posse,
2026 2215 2161 2276 imo
2193 2223 2253 2277 et
2285 2216 2522 2280 debere
2552 2218 2612 2279 in
2639 2217 2967 2297 aliquibus
2997 2217 3234 2297 corrigi
3284 2225 3347 2280 et
3397 2216 3540 2294 ipse
3597 2232 3682 2277 co-

430 2303 573 2366 dice
611 2305 1120 2382 Yindobonensi,
1157 2311 1500 2388 perspiciet
1560 2309 1746 2373 facile
1784 2312 1984 2374 lector
2027 2331 2100 2375 ex
2145 2314 2544 2378 variantibus
2577 2317 2991 2385 lectionibus,
3018 2333 3178 2396 quas
3207 2318 3284 2379 ad
3321 2315 3677 2394 paginarum

429 2405 667 2468 calcem
708 2408 995 2472 adtexui.
1034 2412 1109 2471 Et
1143 2427 1297 2473 sane
1321 2411 1662 2474 lectionem
1689 2414 2266 2477 Vindobonensem
2302 2417 2364 2478 in
2393 2417 2787 2496 quibusdam
2819 2415 3301 2480 anteferendum
3329 2434 3479 2478 esse
3503 2418 3681 2478 Bono-

430 2507 673 2584 niensi,
713 2527 925 2586 nemo,
959 2521 1024 2574 ut
1050 2525 1228 2590 puto,
1280 2514 1703 2590 inliciabitur,
1761 2519 1872 2597 qui
1908 2519 2422 2600 pauculas,quas
2451 2521 2834 2600 adjecimus,
2892 2531 3077 2583 notas
3115 2524 3494 2600 expendere
3521 2517 3674 2581 velit.

430 2615 760 2678 Variantes
808 2634 1074 2698 quoque
1133 2619 1467 2695 lectiones,
1496 2640 1641 2700 qua)
1671 2624 1732 2685 in
1768 2625 2141 2686 Chomateni
2193 2627 2512 2704 excerptis
2544 2634 2912 2700 occurrunt,
2936 2625 3329 2699 addidimus,
3374 2641 3504 2686 non
3548 2623 3678 2704 qui-

428 2720 574 2778 dem
637 2733 888 2790 omnes,
922 2723 1034 2782 sed
1091 2740 1198 2783 eas
1231 2729 1474 2785 tantum
1515 2743 1654 2805 quae
1689 2725 1958 2804 alicujus
1992 2743 2135 2788 esse
2191 2727 2499 2790 momenti
2543 2727 2693 2789 visas
2715 2735 2881 2789 sunt.
2917 2727 3040 2789 Sed
3089 2727 3219 2807 jam
3269 2728 3348 2788 de
3429 2726 3681 2806 ipsemet

426 2815 840 2883 Allocutione
875 2823 1188 2884 nonnulla
1231 2824 1546 2886 dicamus.

509 2944 743 3005 XXVI.
794 2946 995 3007 Erunt
1053 2947 1320 3009 fortasse
1371 2950 1482 3028 qui
1534 2949 1697 3012 hanc
1762 2949 2222 3029 TheOphylacti
2276 2951 2551 3031 epellam
2612 2950 2872 3012 nonnisi
2923 2947 3132 3012 Photii
3175 2948 3596 3012 sectatoribus
3627 2949 3680 3008 in

425 3059 552 3104 suo
593 3045 934 3107 schismate
971 3049 1384 3110 obﬁrmandis
1420 3051 1572 3111 usui
1625 3067 1764 3112 esse
1806 3067 1996 3130 posse
2027 3051 2433 3122 arbitrantes,
2478 3067 2615 3112 eam
2671 3068 2703 3112 a
2736 3051 2925 3112 nobis
2978 3048 3044 3111 in
3107 3047 3430 3128 publicam
3491 3045 3679 3111 efferri

425 3143 660 3221 lucem,
699 3165 864 3226 aegre
897 3147 1127 3223 ferant,
1176 3160 1284 3211 aut
1316 3153 1538 3214 saltem
1595 3154 2020 3216 demirentur.
2072 3154 2190 3214 Sed
2241 3169 2359 3215 nos
2411 3155 2490 3215 ab
2538 3169 2762 3214 eorum
2795 3153 2904 3231 qui
2941 3151 3028 3214 ita
3062 3151 3352 3212 sentiunt
3384 3148 3676 3226 Opinione

422 3249 584 3310 adeo
616 3249 833 3324 procul
867 3249 1201 3328 absumus,
1247 3262 1311 3313 ut
1346 3271 1472 3315 non
1512 3255 1699 3316 modo
1741 3255 1991 3316 nullum
2017 3253 2084 3316 in
2129 3271 2198 3317 ea
2234 3256 2479 3318 edenda
2542 3255 2902 3334 periculum
2939 3253 3206 3316 subesse
3258 3251 3673 3330 suspicemur,

420 3351 535 3412 sed
588 3349 865 3413 fructum
932 3353 1120 3414 etiam
1192 3353 1613 3433 multiplicem
1684 3355 1918 3417 exinde
1979 3356 2164 3416 nobis
2227 3355 2656 3418 obventurnm
2708 3354 3101 3416 confidamus
3149 3370 3164 3415 :
3220 3355 3246 3414 1
3293 3352 3573 3424 scilicet,
3622 3359 3677 3412 ut

425 3452 836 3531 integerrima
875 3456 939 3518 in
993 3458 1378 3538 evulgandis
1431 3457 1893 3538 TheOphylacti
1944 3459 2268 3540 Oper-ibus
2319 3459 2471 3519 ﬁdes
2523 3466 2735 3519 nostra
2787 3458 3090 3518 omnibus
3140 3455 3471 3534 explorata
3536 3456 3673 3515 liat:

421 3552 660 3616 deinde
700 3566 770 3618 ut
806 3558 1003 3618 Latini
1042 3561 1324 3622 nominis
1357 3560 1574 3623 hostes
1629 3559 2044 3639 perSpiciant,
2082 3561 2167 3622 ita
2200 3578 2316 3622 nos
2353 3559 2637 3639 mquitati
2689 3575 2898 3620 causae
2945 3564 3178 3618 nostrae
3228 3556 3573 3629 conlidere,
3621 3562 3679 3615 ut

417 3674 564 3736 quae
614 3668 832 3723 contra
889 3661 1250 3726 afferuntur
1301 3677 1676 3746 argumenta
1731 3665 1798 3726 in
1864 3666 2150 3726 medium
2213 3663 2564 3742 producere
2625 3679 2752 3724 non
2806 3677 3146 3722 vereamur
3202 3676 3215 3720 :
3286 3658 3570 3736 denique
3619 3664 3678 3718 ut

418 3757 716 3823 Photiani
749 3763 857 3843 (ita
889 3779 1000 3824 eos
1040 3763 1366 3843 appellare
1401 3764 1604 3838 lubet,
1653 3764 1766 3844 qui
1795 3783 1878 3824 ex
1910 3766 2144 3826 Graecis
2177 3764 2505 3826 schismati
2544 3763 2900 3836 adhmrent,
2945 3771 3013 3823 ut
3065 3759 3145 3821 ab
3175 3760 3421 3838 inclyta
3476 3775 3675 3822 eorum

417 3863 699 3938 natione,
737 3881 928 3942 quam
955 3879 1339 3944 magnopere
1376 3864 1599 3942 diligo,
1625 3870 1711 3937 et,
1746 3871 1815 3924 ut
1846 3863 2048 3936 decet,
2083 3863 2245 3934 colo,
2277 3863 2629 3944 secernam)
2663 3861 3013 3942 aliquando
3046 3861 3293 3921 discant
3321 3860 3577 3938 aequius
3610 3861 3676 3920 de

421 3963 636 4024 Latina
705 3964 993 4026 Ecclesia
1047 3965 1312 4038 sentire,
1351 3964 1736 4044 animosque
1795 3964 2047 4042 capiant
2099 3964 2579 4026 moderatiores.
2610 3965 2796 4039 Quod
2857 3963 2942 4024 ita
2991 3961 3254 4040 quidem
3306 3970 3677 4024 eventurum

415 4066 693 4140 conﬁdo,
735 4067 789 4128 si
823 4067 1046 4128 sedato
1095 4067 1469 4144 passionum
1526 4073 1711 4141 testu,
1774 4084 1846 4128 ac
1898 4065 2292 4145 prrejudiciis
2345 4065 2671 4145 paulisper
2721 4065 3050 4144 sepositis,
3097 4063 3177 4126 ad
3229 4058 3678 4143 'l‘heuphylacti

415 4167 645 4246 placita
701 4176 918 4248 (quem
975 4169 1136 4231 alias
1191 4167 1426 4248 magni,
1483 4185 1599 4231 nec
1651 4169 2002 4243 immerito,
2049 4166 2317 4248 faciunt)
2370 4168 2660 4231 animum
2724 4177 3142 4249 mentemque
3198 4184 3380 4230 suam
3434 4171 3678 4246 exigere

413 4270 640 4333 velint.
667 4273 803 4334 Hoc
839 4269 894 4331 si
939 4271 1378 4350 praestiterint,
1413 4271 1788 4335 fatebuntur
1817 4289 1999 4345 sane,
2026 4288 2221 4350 neque
2252 4270 2333 4352 (α)
2368 4270 2598 4331 multos
2638 4289 2764 4331 esse
2791 4269 3165 4331 Latinorum
3189 4290 3459 4344 errores,
3495 4285 3671 4348 neque

413 4374 592 4447 tales,
640 4376 750 4453 qui
777 4374 860 4436 ad
903 4372 1345 4437 discindendae
1376 4373 1702 4436 Ecclesiae
1739 4375 1869 4436 sint
1898 4373 2137 4447 idonei,
2173 4389 2504 4452 eorumque
2547 4370 2793 4433 nullum
2816 4373 2898 4433 ad
2930 4371 3078 4450 ﬁdei
3121 4383 3308 4452 caput
3336 4373 3670 4452 pertinere.

410 4479 808 4541 Fatebuntur
837 4478 1182 4557 ejusmodi,
1207 4485 1272 4539 ut
1303 4477 1426 4556 ipsi
1455 4485 1702 4554 putant,
1729 4491 1978 4538 errores
2007 4474 2171 4536 ultra
2204 4474 2517 4536 rationem
2537 4490 2795 4536 omnem
2817 4481 2875 4534 et
2903 4474 3164 4534 modum
3189 4491 3220 4534 a
3238 4471 3680 4553 fervidioribus

407 4581 798 4660 quibusdam
831 4579 1329 4659 (b)orthodoxiw
1357 4577 1742 4640 zelatoribus
1769 4577 2180 4655 ampliﬁcari;
2229 4576 2620 4656 aliquosque
2661 4575 2925 4650 nullius,
2960 4577 3124 4636 alios
3181 4594 3331 4637 vero
3356 4575 3677 4636 mediocris

409 4681 860 4744 emendationis
921 4681 1234 4759 indigere,
1279 4682 1361 4742 ita
1395 4688 1467 4743 ut
1514 4699 1643 4741 non
1690 4681 1900 4758 magni
1944 4679 2200 4741 intersit
2246 4680 2565 4751 Ecclesia,
2616 4680 2672 4740 si
2722 4698 2791 4740 ea
2829 4680 3243 4759 perﬁciatur.
3292 4679 3680 4742 Fatebuntur

408 4803 666 4849 omnem
701 4785 902 4847 ferme
932 4783 1369 4846 dissensionis
1402 4787 1656 4847 Graecos
1690 4784 1860 4847 inter
1888 4800 1960 4846 ac
1993 4785 2248 4845 Latinos
2282 4801 2537 4846 causam
2574 4785 2992 4846 revocandam
3023 4802 3168 4846 esse
3199 4786 3274 4846 ad
3309 4785 3676 4862 particulam

407 4889 696 4970 Filioque
753 4890 1058 4970 Symbolo
1103 4889 1410 4969 adjectam
1459 4889 1561 4970 (c),
1613 4891 1906 4970 adeoque
1957 4908 2068 4950 nec
2110 4901 2377 4968 propter
2428 4907 2670 4967 azyma,
2724 4907 2918 4968 neque
2969 4898 3243 4968 propter
3283 4889 3535 4970 jejunio
3577 4885 3675 4964 (dt,

405 4997 606 5057 multo
639 5014 786 5057 vero
823 4995 1029 5056 minus
1063 5004 1334 5076 propter
1365 4996 1632 5076 reliqua,
1672 5014 1890 5076 pacem
1923 5013 2063 5060 esse
2084 4996 2492 5059 cum.Latina
2520 4995 2804 5059 Ecclesia
2829 4995 3232 5057 turbandam.
3288 4995 3680 5057 Fatebuntur

409 5099 634 5177 multa,
670 5118 818 5182 que
854 5101 1014 5180 ipsis
1049 5119 1295 5162 errores
1326 5111 1496 5175 sunt,
1538 5119 1742 5161 meras
1813 5103 2298 5166 consuetudines
2329 5103 2405 5183 (e)
2453 5121 2626 5177 esse,
2677 5100 2977 5180 quasdam
3025 5098 3270 5180 quidem
3317 5118 3397 5160 ex
3425 5099 3676 5176 pietate,

406 5208 564 5268 alias
597 5227 678 5270 ea:
705 5206 976 5289 provida
999 5205 1416 5286 dispositione
1455 5206 1876 5269 introductus.
1920 5210 2321 5270 Fatebuntur
2369 5209 2679 5284 denique,
2733 5225 2811 5269 ex
2858 5207 2998 5268 solo
3029 5207 3364 5268 charitatis
3410 5203 3676 5283 defectu,

405 5310 745 5373 ambitione
769 5328 840 5373 ac
884 5309 1185 5388 superbia
1215 5307 1316 5390 (f),
1341 5325 1418 5370 ex
1455 5310 1582 5370 zelo
1613 5329 1740 5372 non
1772 5310 2110 5371 secundum
2141 5311 2488 5386 scientiam,
2523 5330 2601 5372 ex
2632 5327 2786 5371 caeco
2825 5311 2926 5370 sui
2951 5327 3158 5369 amore
3184 5307 3268 5387 (g)
3285 5315 3373 5370 tot
3426 5305 3678 5383 congeri

505 5581 558 5650 α)
593 5581 770 5636 Verba
802 5579 1196 5654 Theophylacti
1226 5580 1398 5636 Alloc.
1442 5595 1594 5636 num.
1629 5581 1669 5648 l,
1699 5597 1822 5654 pag.
1853 5580 1980 5640 515.
2086 5579 2224 5635 enim
2279 5576 2515 5646 fraterne
2575 5577 2930 5646 suscipimus,
2972 5583 3118 5640 etc.;
3184 5581 3298 5628 tum
3344 5586 3460 5642 quae
3516 5567 3672 5621 habet

477 5583 553 5720 ibi
590 5654 753 5708 Num.
786 5652 849 5705 ll.
2093 5665 2248 5705 num.
2280 5647 2423 5720 Χνι,
2455 5649 2547 5704 ubi
2582 5649 2842 5720 graphice
2893 5646 3160 5720 describit
3197 5642 3560 5720 quorumdam
3607 5652 3668 5690 ex

590 5654 753 5708 Num.
786 5652 849 5705 ll.
958 5642 976 5653 ’
1034 5642 1052 5654 ”
1656 5642 1666 5648 ’
1699 5642 1713 5652 ’
1768 5642 1798 5654 “’
2093 5665 2248 5705 num.
2280 5642 2423 5710 XVI,
2455 5649 2547 5704 ubi
2582 5642 2842 5718 graphice
2893 5646 3160 5701 describit
3197 5642 3560 5768 auornmdam
3607 5652 3668 5690 ex

590 5724 662 5768 lh-
696 5733 750 5768 et
773 5738 925 5768 num-
951 5720 1038 5768 Ill-
2091 5721 2207 5768 suis
2233 5719 2577 5768 nonularibus
2605 5719 2852 5768 ὑδερικὸν
2893 5717 3056 5768 ὖγκην
3080 5753 3097 5768 .
3124 5717 3192 5768 Im
3235 5716 3464 5768 ronirum
3500 5719 3668 5763 tum)-

478 5717 549 5794 (c)
586 5724 663 5780 Ib.
696 5733 750 5777 et
773 5738 925 5794 num.
951 5720 1039 5778 ΙΙΙ.

2152 5721 2207 5776 is
2233 5719 2577 5792 popularibus
2605 5717 2852 5790 ὑδέρικὸν
2893 5717 3056 5788 ὖγκην
3080 5753 3097 5783 ,
3124 5717 3464 5788 Itydrapirum
3500 5719 3676 5763 tutu)-

476 5791 557 5865 (d)
591 5794 754 5865 Num.
789 5791 903 5847 XV.
2095 5809 2228 5848 rem.

482 5861 554 5938 (e)
584 5864 730 5938 _l_hid.
1123 5935 1132 5938 _
1387 5937 1392 5938 ν
1764 5937 1779 5938 γ
1880 5934 1920 5938 υ
2097 5886 2114 5920 ι
2171 5863 2244 5934 lg‘
2281 5863 2446 5922 Num.
2475 5861 2548 5918 Xl
2579 5861 2635 5918 in
2663 5861 2790 5918 line.

479 5933 549 5999 (ll
582 5933 700 5994 Huc
735 5943 989 5995 succtant
1023 5935 1188 5992 verba
1225 5953 1347 5996 una:
1385 5937 1543 5994 habet
1575 5955 1729 5994 uuln.
1762 5937 1781 5992 ι
1817 5956 1828 5990 :
1868 5934 1994 5990 Non
