3860 6556
475 444 575 502 H7
1523 441 1905 504 BONIFACII
1945 441 2258 504 FINETTI
2299 441 2690 503 PREFATIO
3609 441 3692 506 448

480 553 955 616 verebaturille
990 560 1369 616 eventurum
1404 553 1553 624 sibi,
1595 571 1823 634 nempe
1859 554 2033 634 quod
2066 553 2363 616 nonnulli
2412 571 2489 614 ex
2538 548 2986 628 fervidioribus
3034 549 3386 618 Photianis,
3440 547 3692 628 legentes

477 670 669 732 quam
721 655 948 717 acriter
992 655 1054 715 in
1111 671 1225 716 sua
1287 653 1400 716 hac
1456 653 1664 729 Opella
1721 654 2105 732 perstringat
2166 652 2538 715 eorumdem
2603 648 3142 711 immoderantiam
3202 647 3342 720 zeli,
3393 649 3696 710 charitati:

474 753 802 835 defectum,
847 753 1237 815 ambitionem
1261 763 1444 831 atque
1489 754 1906 834 hydropicum
1939 765 2267 826 tumorem,
2298 752 2724 814 mstiuwtione
2765 751 2828 812 in
2863 757 3298 826 contemptum
3332 766 3541 824 versa,
3573 766 3696 811 eun

476 857 900 918 condemuent
931 855 1199 916 inscitia:
1231 856 1690 933 crassiorisque
1718 857 1786 917 in
1817 855 2003 916 rebus
2054 855 2255 916 sacris
2291 853 2550 936 judicii,
2581 853 2678 914 vel
2716 854 3000 926 incuriw,
3043 855 3267 913 imo/et
3325 854 3698 914 orientalium

476 957 828 1038 dogmptum
854 957 1262 1036 proditionis.
1296 958 1423 1020 Alii
1462 967 1696 1031 tamen,
1726 975 1982 1037 sperare
2005 958 2209 1037 juvat,
2245 957 2607 1038 gravissimi
2642 956 2832 1036 hujus
2886 956 3003 1018 viri
3050 954 3426 1016 auctoritate
3453 960 3698 1031 permoti

476 1057 598 1119 sibi
642 1058 824 1120 facile
854 1057 1350 1134 persuadebunt,
1382 1044 1493 1118 nec
1534 1060 1760 1118 multos
1786 1076 1913 1117 esse
1937 1057 2307 1119 Latinorum
2339 1075 2606 1129 errores,
2641 1074 2836 1136 neque
2856 1057 3011 1116 tales
3041 1056 3150 1134 qui
3171 1054 3254 1114 ad
3283 1053 3699 1116 discindenda‘

473 1157 792 1218 Ecclesia:
817 1157 948 1216 sint
979 1155 1227 1223 idonei;
1259 1175 1372 1218 nec
1418 1155 1616 1217 ullum
1661 1158 1770 1234 qui
1817 1156 1898 1216 ad
1925 1156 2072 1236 ﬁdei
2123 1167 2313 1236 caput
2361 1158 2705 1237 pertineat.
2757 1155 2909 1217 Atii
2965 1155 3085 1233 ipsi
3126 1153 3393 1216 fortasse
3431 1155 3698 1234 ejusdem

475 1258 853 1319 auctoritate
891 1256 1032 1317 freti
1074 1257 1485 1328 contendent,
1520 1273 1587 1317 se
1618 1257 1767 1336 jure
1798 1273 1831 1317 a
1859 1257 2232 1319 Latinorum
2264 1256 2721 1318 communione
2745 1254 3113 1326 abhorrere,
3145 1252 3388 1331 quippe
3421 1254 3533 1330 qui
3565 1251 3699 1314 illud

475 1359 779 1437 Symbolo
841 1359 1236 1430 addiderint,
1275 1375 1406 1439 quo
1447 1358 1756 1437 Spiritum
1802 1368 2093 1422 sanctum
2129 1367 2190 1422 et
2219 1377 2251 1422 a
2299 1359 2468 1421 Filio
2530 1359 2876 1436 procedere
2926 1357 3322 1420 enuntiatur.
3356 1357 3488 1416 Hos
3526 1355 3704 1435 igitur

474 1461 676 1520 amice
713 1470 773 1520 et
804 1459 1107 1528 fraterne,
1147 1467 1344 1539 utque
1385 1459 1594 1521 verbis
1623 1469 1760 1522 utar
1800 1459 2290 1539 TheOphylacti,
2328 1458 2705 1540 simpliciter
2744 1466 2800 1519 et
2850 1454 3134 1529 candide,
3167 1466 3350 1534 atque
3395 1463 3465 1515 ut
3506 1456 3702 1533 pisca-

476 1573 680 1621 tor-um
708 1559 1092 1639 discipulum
1121 1561 1371 1622 omnino
1405 1561 1600 1637 decet,
1633 1578 1808 1623 nunc
1843 1559 2064 1638 paucis
2095 1560 2342 1641 alloqui
2379 1560 2577 1622 lubet.

553 1665 821 1726 XXVII.
869 1668 956 1726 Ac
985 1665 1187 1743 primo
1218 1664 1481 1747 quidem
1516 1683 1653 1741 eos,
1684 1666 1895 1746 quoad
1934 1682 2214 1744 prassens
2243 1665 2498 1737 attinet,
2536 1661 2947 1742 praemonitos
2994 1661 3209 1735 velim,
3259 1659 3475 1738 potius
3522 1656 3701 1720 animi

477 1764 966 1842 dispositionem
999 1783 1188 1844 quam
1233 1767 1426 1831 verba
1465 1785 1607 1830 esse
1633 1768 1702 1830 in
1732 1767 2215 1848 TheOphylacto
2245 1768 2635 1846 spectanda;
2669 1765 2904 1828 deinde
2941 1780 3344 1843 quaecunque
3374 1763 3516 1841 ejus
3545 1776 3704 1821 ens

475 1863 693 1938 fuerit,
748 1880 872 1925 non
928 1864 1138 1943 magni
1189 1881 1330 1928 esse
1377 1865 1728 1928 faciendam
1763 1865 1945 1928 illius
1976 1867 2093 1929 hac
2144 1868 2210 1928 in
2263 1884 2328 1928 re
2372 1865 2842 1928 auctoritatem.
2894 1863 3117 1938 Quoad
3152 1863 3430 1941 primum
3476 1863 3704 1925 attinet.

477 1980 591 2042 pro
623 1973 794 2026 certo
829 1964 1054 2038 habeo,
1096 1965 1180 2028 ita
1224 1984 1372 2029 eum
1429 1965 1632 2030 fuisse
1661 1967 1879 2030 animo
1926 1975 2387 2048 comparatum,
2415 1968 2562 2029 utsi
2598 1983 2729 2048 quo
2765 1974 3049 2046 tempore
3088 1965 3271 2039 vixit,
3309 1981 3426 2044 per
3463 1965 3703 2043 aliquod

475 2066 819 2128 concilium
858 2087 936 2130 ex
979 2067 1218 2130 Graecis
1269 2069 1649 2149 Latinisque
1680 2081 1967 2133 coactum
2019 2073 2094 2134 ad
2130 2088 2396 2134 examen
2442 2083 2655 2132 vocata
2694 2086 2765 2132 ac
2813 2070 3074 2132 deﬁnita
3118 2066 3352 2130 fuisset
3401 2065 3704 2145 processio

476 2167 759 2243 Spiritus
829 2171 1031 2231 sancti
1087 2173 1277 2232 etiam
1337 2187 1371 2231 a
1429 2171 1623 2247 Filio,
1673 2173 1893 2251 procul
1953 2174 2154 2236 dubio
2211 2172 2473 2234 concilii
2545 2173 2800 2253 judicio
2845 2188 2917 2234 ac
2967 2170 3309 2233 sententias
3380 2169 3701 2230 stetisset:

476 2271 1020 2344 quemadmodum
1087 2270 1346 2346 plurimi
1416 2274 1748 2336 sanctitate
1808 2291 1878 2336 ac
1954 2275 2245 2337 doctrina
2306 2273 2817 2352 prmstantissimi
2879 2275 3095 2336 Patres
3156 2280 3393 2334 stetere
3450 2271 3701 2351 synodo,

475 2367 887 2442 Florentium,
943 2369 1136 2448 eique
1188 2379 1500 2448 perpetuo
1560 2378 1620 2432 et
1673 2372 2193 2434 constantissime
2245 2373 2676 2434 adhmserunt.
2733 2371 2863 2432 Hac
2903 2368 3106 2432 fuisse
3177 2367 3703 2448 TheOphylactum

476 2471 676 2531 animi
713 2472 1138 2548 dispositione
1184 2472 1505 2548 affectum,
1560 2475 1700 2553 ipse
1751 2475 1988 2550 colligo
2023 2492 2098 2536 ex
2153 2475 2397 2537 eximio
2439 2474 2580 2551 ejus
2633 2473 2804 2554 pacis
2867 2472 3262 2551 unionisque
3309 2487 3553 2541 amore,
3611 2466 3701 2549 qui

477 2592 620 2635 cum
653 2575 716 2635 in
749 2574 894 2635 aliis
930 2576 1262 2651 operibus,
1291 2581 1426 2637 tum
1459 2575 1864 2653 potissimum
1900 2576 1963 2636 in
1987 2574 2101 2636 hac
2132 2574 2272 2652 ipsa
2309 2573 2704 2636 Allocutione
2738 2571 3099 2635 luculenter
3122 2584 3192 2634 se
3221 2574 3458 2648 prodit.
3491 2572 3701 2632 Verum

477 2691 620 2737 cum
658 2683 800 2736 ante
848 2675 1140 2736 ﬂoruerit
1184 2692 1375 2755 quam
1421 2676 1862 2738 controversia
1918 2675 2050 2737 haec
2109 2675 2369 2737 deﬁnita
2416 2682 2589 2736 esset
2638 2675 2703 2735 in
2769 2673 2986 2752 aliqua
3031 2673 3426 2736 (acumenica
3481 2671 3702 2751 synodo

479 2779 716 2866 (μήωο
751 2779 923 2839 enim
960 2781 1218 2842 deﬁnita
1261 2789 1357 2842 est
1407 2781 1469 2841 in
1503 2780 1778 2843 concilio
1830 2777 2108 2859 generali
2159 2779 2574 2856 Lugdunensi
2624 2798 2694 2846 ll,
2746 2797 2852 2842 an.
2884 2777 3087 2860 1271»),
3139 2794 3421 2856 cumque
3492 2793 3597 2854 per
3646 2774 3701 2836 id

482 2883 734 2951 tempus
783 2877 1040 2938 dissidii
1083 2887 1142 2939 et
1187 2877 1550 2939 schismatis
1581 2887 1773 2939 aestus
1803 2878 2076 2956 primum
2110 2878 2423 2946 excitatus
2468 2895 2501 2937 a
2534 2877 2784 2952 PhOtio,
2824 2887 2958 2941 tum
2997 2896 3028 2940 a
3064 2877 3373 2940 Micliaele
3401 2875 3702 2939 Cerulario

482 2989 604 3032 non
642 2974 724 3033 ita
783 2976 1026 3050 pridem
1067 2991 1432 3050 renovatus,
1488 2976 1766 3037 ferveret
1827 2993 2018 3055 quam
2056 2976 2649 3050 vehementissime,
2701 2978 2865 3040 haud
2901 2977 3082 3040 valde
3139 2977 3504 3039 mirandum
3554 2976 3606 3037 si
3652 2983 3702 3037 et

482 3076 1005 3155 TheOphylactus
1038 3098 1106 3141 se
1139 3096 1400 3158 quoque
1432 3081 1635 3158 abripi
1677 3096 1903 3157 passus
1933 3090 2262 3159 utcunque
2301 3080 2406 3142 sit.
2445 3083 2520 3140 At
2557 3083 2708 3160 quia
2740 3090 2947 3144 tamen
2977 3081 3060 3144 ob
3093 3099 3254 3157 eam,
3301 3098 3494 3162 quam
3537 3098 3701 3158 supra

484 3180 998 3249 memoravimus,
1035 3195 1289 3240 causam
1331 3179 1620 3257 ignotum
1657 3179 1841 3240 nobis
1873 3188 1991 3254 est,
2027 3195 2104 3240 an
2139 3177 2312 3239 illius
2349 3178 2560 3241 fervor
2589 3181 2664 3242 ad
2694 3181 3051 3244 hmreticam
3077 3199 3286 3262 usque
3319 3184 3701 3262 pertinaciam

481 3276 861 3349 exereverit,
915 3279 1061 3340 ideo
1112 3296 1322 3358 neque
1371 3278 1557 3339 illum
1614 3279 1958 3354 haereseos,
2008 3297 2220 3359 neque
2272 3280 2582 3358 formulis,
2631 3289 2698 3343 ut
2747 3282 2953 3355 aiunt,
2996 3279 3360 3342 schismatis
3426 3282 3698 3342 condem'

483 3397 706 3441 namus
752 3380 834 3460 (α)
868 3381 1023 3460 quin
1060 3399 1176 3444 nec
1217 3384 1420 3444 sancti
1463 3382 1579 3445 viri
1611 3383 2132 3462 appellationem,
2175 3399 2300 3462 qua
2358 3384 2548 3463 vulgo
2580 3384 2658 3446 ab
2691 3385 3131 3448 Orientalibus
3179 3385 3552 3465 insignitur,
3609 3399 3698 3446 nos

483 3482 806 3545 ullatenus
840 3485 962 3563 ipsi
999 3485 1392 3548 invidemus.

567 3607 872 3668 XXVIII.
903 3606 1135 3668 Verum
1155 3607 1507 3687 hoeipsum
1536 3607 1707 3687 quod
1732 3607 2028 3687 Theoi'hj
2051 3610 2210 3670 Iacto
2230 3609 2425 3671 abhis
2443 3611 2818 3674 criminibus
2843 3613 3191 3692 purgando,
3219 3613 3356 3676 sive
3371 3615 3702 3676 excusando

485 3705 790 3779 deservit,
828 3706 902 3766 ad
948 3707 1364 3768 minuendam
1398 3720 1661 3785 quoque
1693 3707 1808 3770 hac
1841 3708 1908 3768 in
1935 3716 2108 3785 parte
2147 3709 2328 3771 illius
2359 3712 2800 3774 auctoritatem
2832 3730 3022 3793 quam
3067 3713 3340 3776 maxime
3377 3712 3526 3776 facit
3573 3716 3700 3777 Cum

484 3805 658 3868 enim
710 3807 1139 3868 controversia
1183 3807 1312 3868 haec
1373 3807 1434 3869 in
1497 3807 1772 3870 concilio
1835 3825 1912 3869 ex
1968 3809 2202 3869 Graecis
2259 3810 2630 3890 Latinisque
2697 3822 2913 3876 coacto
2991 3819 3278 3877 nondum
3335 3818 3478 3878 data
3542 3832 3701 3895 opera

485 3908 942 3983 communique
989 3922 1307 3967 consensu
1345 3907 1628 3986 subjecta
1659 3915 1828 3969 esset
1856 3909 2162 3986 examini,
2193 3911 2362 3988 quod
2404 3912 2608 3989 primo
2638 3912 2868 3976 factum
2891 3923 2986 3976 est
3018 3917 3081 3978 in
3119 3918 3421 3997 prmdicta
3454 3915 3698 3997 generali

485 4008 758 4087 synodo,
822 4009 1116 4103 ignorare
1146 4006 1200 4067 is
1236 4005 1422 4068 facile
1458 4008 1664 4086 potuit
1713 4008 1952 4086 quibus
1999 4010 2314 4072 niteretur
2359 4012 2796 4076 fundamentis
2831 4017 3203 4080 Latinorum
3249 4021 3582 4094 sententia,
3621 4015 3698 4081 vel

485 4128 616 4191 quo
647 4112 708 4172 in
749 4128 944 4172 sensu
985 4118 1346 4173 assererent
1376 4111 1477 4182 lii,
1504 4111 1812 4192 Spiritum
1849 4121 2134 4175 sanctum
2169 4115 2361 4176 etiam
2401 4133 2431 4178 a
2481 4117 2648 4179 Filio
2696 4120 3070 4197 procedere,
3117 4129 3178 4182 et
3223 4138 3414 4202 quam
3460 4122 3699 4201 legitima

489 4215 652 4277 ratio
686 4232 803 4275 seu
837 4231 1028 4276 causa
1061 4215 1155 4275 eis
1190 4213 1410 4289 fuerit,
1449 4223 1517 4277 ut
1558 4216 1929 4293 particulam
1970 4217 2261 4298 Filioque
2289 4219 2351 4280 in
2393 4229 2657 4282 suasmet
2687 4239 2873 4284 usum
2908 4223 3212 4286 Ecclesiae
3240 4226 3543 4301 Symbolo
3584 4225 3698 4287 ﬁdei

485 4315 911 4393 adjiciendam
947 4316 1252 4392 putarint.
1303 4318 1446 4378 Hmc
1478 4319 1688 4396 reipsa
1721 4319 1798 4380 ab
1829 4319 2316 4399 TheOphylacto
2351 4321 2638 4400 ignorata
2673 4323 2901 4400 fuisse,
2935 4327 3216 4388 dubitari
3265 4329 3371 4388 vix
3415 4335 3631 4405 potest,
3659 4325 3698 4383 si

407 4457 410 4460 -
486 4426 857 4495 argumenta
889 4417 1078 4497 queis
1109 4433 1287 4479 suam
1323 4418 1460 4495 ipse
1489 4435 1743 4482 causam
1781 4431 2164 4499 propugnat,
2213 4422 2403 4498 paulo
2447 4425 2758 4486 attentius
2807 4429 3276 4504 expentlantur.
3325 4431 3508 4492 Anne
3559 4428 3696 4490 enim

491 4536 648 4579 usus
684 4534 965 4598 unquam
1025 4520 1237 4582 verbis
1270 4520 1402 4582 illis
1442 4521 1836 4601 evangelicis
1890 4521 2121 4585 fuisset
2161 4544 2171 4562 ν
2205 4525 2468 4586 Ostende
2513 4525 2692 4588 nobis
2741 4529 2989 4589 Patrem
3043 4529 3181 4611 (qui
3243 4549 3474 4611 nempe
3518 4535 3699 4595 doceat

483 4622 790 4699 Spiritum
818 4632 1103 4684 sanctum
1131 4640 1164 4686 a
1199 4623 1360 4686 Filio
1389 4626 1784 4703 procedere),
1808 4634 1865 4687 et
1893 4626 2125 4707 sufﬁcit
2160 4628 2339 4690 nobis
2373 4629 2480 4711 (b),
2521 4631 2576 4691 si
2617 4633 3047 4710 cognovisset,
3083 4643 3172 4696 tot
3209 4653 3353 4696 esse
3404 4637 3628 4709 Patres,
3653 4644 3698 4696 et

483 4723 970 4802 probatissimos
1002 4723 1288 4802 quidem,
1316 4734 1376 4786 et
1408 4743 1532 4788 non
1564 4727 1755 4788 modo
1793 4728 2076 4802 Latinos,
2110 4728 2221 4806 qui
2247 4729 2522 4792 ﬂoruere
2542 4743 2689 4794 ante
2715 4733 3144 4796 dissensionis
3179 4735 3439 4798 initium
3475 4735 3698 4817 (quibus

492 4831 759 4910 proinde
789 4829 1199 4907 probatorum
1225 4831 1486 4891 Patrum
1517 4844 1577 4894 et
1605 4848 1838 4894 nomen
1871 4841 1933 4896 et
1968 4833 2232 4912 gradum
2271 4852 2457 4898 nemo
2498 4853 2674 4911 sane,
2699 4839 2808 4917 qui
2838 4848 3002 4901 recte
3037 4840 3289 4915 sentiat,
3316 4836 3701 4921 abjudicaril),

489 4933 600 4992 sed
638 4932 827 4993 etiam
857 4933 1134 5001 Grmcos,
1163 4932 1277 5011 qui
1303 4939 1583 4993 nostram
1618 4933 1941 4996 tradidere
1973 4935 2404 4999 sententiam?
2427 4939 2545 5000 Hic
2574 4956 2750 5014 vero,
2777 4949 3117 5020 antequam
3147 4943 3310 5004 ultra
3344 4942 3701 5023 progredior,

492 5031 792 5092 cohibere
834 5048 932 5091 me
969 5046 1096 5090 non
1139 5047 1424 5108 possum,
1462 5033 1623 5112 quin
1662 5034 2072 5096 vehementer
2097 5053 2331 5116 querar
2361 5043 2906 5121 expostulemque
2939 5043 3017 5105 de
3050 5045 3458 5119 apertissima
3507 5041 3704 5122 injuria

493 5149 683 5212 quam
734 5132 934 5194 Grmci
987 5141 1220 5194 nostrae
1277 5130 1470 5210 hujus
1525 5136 1722 5196 astatis
1753 5153 1882 5198 non
1919 5138 2157 5200 Latium
2203 5147 2472 5214 tantum,
2519 5143 2635 5202 sed
2689 5149 2751 5204 et
2792 5145 3114 5206 universa)
3165 5145 3472 5207 Ecclesiae
3503 5144 3704 5205 inferre

497 5234 663 5296 haud
725 5235 1165 5310 reformidant,
1227 5237 1380 5297 dum
1442 5239 1945 5300 controversiam
2002 5238 2165 5301 hanc
2211 5240 2360 5304 fidei
2428 5242 2502 5303 ad
2561 5245 2812 5305 Graicos
2869 5251 3112 5306 tantum
3158 5245 3539 5322 exigendae:
3592 5255 3704 5302 esse

498 5338 738 5414 I’atres,
789 5355 870 5400 ex
928 5355 1283 5417 eorumque.
1343 5339 1592 5417 placitis
1647 5340 2078 5403 deﬁniendum
2138 5360 2277 5405 esse
2335 5346 2758 5406 contendunt.
2817 5345 2983 5417 Quid
3027 5346 3242 5407 enim?
3287 5348 3383 5407 An
3440 5341 3705 5408 catholica

570 5614 646 5681 (ιι)
689 5611 800 5668 "ac
839 5613 1052 5668 ratione
1095 5629 1216 5668 eum
1278 5621 1619 5668 exrusarunt
1670 5624 1920 5685 auctores
1954 5613 2070 5667 edi-
2175 5617 2390 5672 loeutus
2433 5617 2592 5672 fuerit
2626 5617 2690 5670 de
2721 5615 2960 5685 Spiritus
2983 5615 3155 5670 sancti
3188 5604 3702 5685 processione).qii_0

495 5688 872 5759 timium__ann.
918 5686 1077 5759 fitﬁt,
1112 5685 1246 5740 I542
1273 5693 1326 5759 et
1355 5685 1512 5759 1.554,
1556 5699 1696 5753 quas
1720 5684 1900 5759 videre
1937 5686 2019 5759 mil

2177 5689 2391 5741 minime
2417 5699 2539 5741 tunc
2577 5691 2640 5740 ab
2686 5682 2924 5759 Ecclesia
2965 5682 3252 5743 universali
3301 5687 3565 5759 deﬁnitam
3589 5682 3701 5743 erat:

494 5753 672 5826 I_i_ruit.
705 5753 1128 5826 Eunt-rationum
1183 5758 1356 5826 ipsius
1399 5756 1451 5808 in
1489 5765 1723 5822 quatuor
1759 5755 2066 5826 Evangelia.
2177 5775 2292 5812 eum
2328 5759 2392 5809 ob
2426 5769 2643 5826 utroque
2676 5758 2976 5824 procedere.
3368 5753 3382 5759 ⁷
3633 5771 3639 5776 “

501 5822 676 5877 Verba
701 5827 918 5900 illorum
947 5822 1229 5900 adi-alectn
1250 5824 1789 5900 Joa_tt_nislt:nc'suttt:_
1821 5825 2071 5900 Propter-
2251 5829 2324 5900 (ὸ)
2359 5827 2516 5884 Nunt.
2553 5822 2645 5884 lll.

501 5914 561 5950 ea
593 5894 1041 5953 reprehendendus
1075 5913 1176 5950 non
1207 5907 1281 5950 cst
1325 5895 1739 5964 'I'Itcopbqlacttts
1773 5894 1940 5964 (σμιοΠ
1999 5899 2070 5952 ita
