3860 6558
201 402 316 470 4ἰ9
785 432 790 437 ·
1071 405 1153 466 ΙΝ
1197 405 1628 478 SEQUENTIA
1666 409 1725 470 Ti

1949 407 2243 471 lYLACTI
2275 409 2618 473 SCRIPTA.
3365 414 3473 477 450

201 517 510 582 Ecclesia
555 517 719 582 intra
769 517 973 582 solius
1016 520 1279 582 Graeciaa
1319 531 1414 582 vet
1461 519 1747 582 Orientis
1790 519 1947 580 fines
1995 519 2184 581 etiam
2233 519 2458 598 primis
2519 520 2820 584 Ecclesia.
2872 526 3127 590 ementis
3169 523 3471 589 conclusa

193 623 395 682 erat?
451 625 574 684 Aut
632 620 846 682 dicina
890 621 1177 693 traditio,
1229 622 1420 702 cujus
1479 621 1734 700 prupria
1787 619 1902 682 dos
1956 628 2074 694 est,
2117 638 2357 699 semper
2388 628 2447 682 et
2491 622 2720 702 ubique
2765 629 3008 705 vigere,
3040 643 3119 689 ex
3152 625 3474 688 Orientali

198 728 472 783 tantum
506 722 788 785 Ecclesia
826 721 1176 785 haurienda
1217 723 1672 800 pensandaque
1705 723 1842 783 est?
1879 722 2116 799 Ecquis
2141 719 2258 782 hac
2306 724 2719 802 praerogativa
2771 726 3131 794 Orientales
3171 724 3475 789 donavit?

195 826 301 886 An
353 825 680 900 Christus,
727 826 838 902 qui
878 825 1304 903 Evangelium
1353 825 1418 887 in
1463 825 1772 886 universo
1811 824 2050 886 mundo
2103 821 2574 902 prteriicanduru
2617 827 2859 889 edixit?
2895 830 2992 892 An
3022 829 3324 910 apostoli,
3356 825 3471 906 qui

193 927 378 990 illud
414 931 885 993 annuntiarunt
919 929 1158 1008 ubique
1189 937 1540 1001 terrarum;
1587 943 1944 1005 eorumque
1988 927 2366 1005 coryphmus
2407 929 2633 989 Petrus
2675 931 2940 992 Romam
2973 949 3117 993 cum
3167 929 3476 993 doctrina;

187 1048 371 1102 sum,
404 1038 553 1093 tum.
591 1033 782 1096 etiam
839 1032 1172 1111 potestatis
1223 1033 1443 1094 sedem
1500 1031 1878 1094 constituit?
1926 1031 2034 1092 ubi
2088 1030 2278 1092 etiam
2323 1030 2561 1092 Paulus
2602 1031 2881 1095 doctoris
2908 1051 3176 1098 munere
3211 1035 3472 1097 functus

187 1131 490 1193 biennio
526 1140 623 1195 est
656 1152 672 1192 :
711 1141 778 1196 ut
807 1133 888 1195 de
917 1133 1159 1195 cmteris
1182 1132 1403 1194 sileam
1436 1131 1769 1212 apostolis,
1805 1148 2078 1211 quorum
2111 1131 2315 1210 aliqui
2347 1148 2458 1210 per
2497 1131 2773 1212 seipsos,
2807 1133 2916 1195 alii
2957 1153 3068 1214 per
3115 1135 3472 1217 discipulus

187 1237 278 1297 ab
309 1254 391 1298 se
426 1236 765 1299 institutos
797 1237 864 1299 in
897 1238 1100 1300 varias
1134 1237 1506 1300 Occidentis
1545 1237 1908 1313 provincias
1951 1254 2019 1298 ac
2053 1253 2242 1315 regna
2286 1235 2639 1298 doctrinam
2686 1239 3118 1316 evangelicam
3163 1240 3471 1302 dissemi-

199 1347 489 1402 narunt.
545 1339 853 1414 Quamvis
884 1339 1083 1420 igitur
1140 1341 1389 1402 nullum
1431 1358 1504 1403 ex
1548 1340 1780 1403 Graecis
1834 1339 2124 1402 Patribus
2181 1338 2392 1402 afferri
2458 1347 2674 1418 posset
2722 1355 2835 1416 pro
2899 1341 3122 1403 Latino
3178 1341 3472 1422 dogmate

189 1441 691 1517 testimonium,
752 1450 963 1504 nonne
1018 1443 1174 1505 satis
1231 1451 1404 1506 esset
1453 1443 1780 1505 unanimis
1845 1443 2217 1506 Latinorum
2264 1445 2523 1505 Patrum
2583 1441 2926 1516 sententia,
2988 1451 3054 1504 ut
3109 1443 3346 1506 nedum
3393 1447 3474 1506 ab

190 1542 434 1603 omnis
461 1541 834 1620 suspicione
863 1538 1110 1605 erroris'
1131 1543 1593 1617 absolveretur,
1631 1544 1742 1606 sed
1777 1544 1966 1606 etiam
2000 1551 2066 1604 ut
2098 1544 2405 1622 apostolis
2430 1544 2590 1622 ipsis
2624 1540 2969 1604 referretur
3001 1547 3374 1622 acceptum?
3401 1547 3475 1606 Et

187 1656 369 1702 sane
406 1641 467 1702 si
502 1641 1049 1722 TheOpbylactum
1079 1661 1205 1704 non
1242 1643 1426 1706 latuit
1459 1644 1679 1706 isthmc
1710 1643 2079 1705 Latinorum
2115 1644 2458 1706 consensio
2489 1645 2772 1718 Patrum,
2814 1661 2938 1724 qua
2975 1646 3221 1706 ratione
3269 1662 3474 1707 ausus

195 1745 309 1802 est
377 1739 721 1817 affirmare,
770 1762 808 1802 a
870 1742 1044 1804 nullo
1101 1763 1180 1805 ex
1217 1744 1500 1822 probatis
1558 1745 1860 1807 Patribus
1911 1745 1978 1808 id
2031 1746 2296 1820 edoceri,
2346 1762 2819 1826 provocareque
2904 1764 3022 1810 nos
3080 1747 3473 1826 evangelicis

190 1843 434 1906 verbis
468 1866 484 1904 :
514 1845 781 1907 Ostende
809 1847 989 1909 nobis
1016 1848 1312 1910 Patrem?
1345 1851 1440 1910 An
1484 1865 1608 1910 non
1641 1851 1901 1930 probati
1950 1854 2164 1914 Patres
2212 1852 2571 1931 Cyprianus
2613 1862 2676 1916 et
2724 1852 3138 1928 Ambrosius,
3194 1870 3472 1932 quorum

188 1946 428 2007 utitur
470 1946 860 2010 testimoniis
895 1948 1078 2011 tertia
1112 1950 1406 2028 synodus
1436 1952 1853 2026 mcumenica,
1889 1951 2028 2016 sive
2059 1939 2430 2032 Ephesina?
2475 1955 2699 2015 Nonne
2740 1952 3234 2031 probatissimns
3294 1954 3476 2014 Pater

192 2048 342 2107 Leo
387 2050 686 2125 Magnus,
729 2049 926 2130 'cujus
968 2051 1200 2132 scripta
1234 2062 1457 2130 quarta
1504 2055 1709 2133 synod

1949 2066 2038 2136 λην
2072 2065 2401 2136 ὀρθοδοξίας,
2444 2057 2792 2118 columnam
2827 2056 3220 2119 orthodoxiw
3247 2056 3473 2136 appel-

195 2152 395 2213 lavit.
458 2155 682 2216 Nonne
745 2155 1046 2232 probatus
1104 2159 1288 2220 Pater
1335 2159 1775 2238 Augustinus,
1837 2178 2032 2240 quem
2094 2169 2271 2223 sexta
2317 2161 2609 2241 synodus
2675 2159 2946 2224 summis
2991 2168 3323 2238 prosecuta
3379 2168 3476 2222 est

189 2258 521 2320 laudibus
550 2275 734 2337 teque
762 2275 834 2321 ac
868 2258 1084 2338 ipsum
1107 2262 1520 2326 Ambrosium
1553 2271 1745 2344 atque
1777 2267 2052 2329 Leonem
2072 2269 2100 2327 ?
2125 2265 2190 2328 Si
2227 2281 2378 2329 vero
2411 2265 2530 2328 hoc
2555 2263 2664 2327 ille
2693 2264 3040 2343 ignoravit,
3065 2280 3476 2343 consequens

189 2369 326 2433 est,
376 2361 584 2424 multo
627 2362 987 2425 breviorem
1038 2364 1496 2430 ecclesiastica;
1531 2369 1924 2432 eruditionis
1974 2370 2446 2450 supellectilem
2485 2369 2582 2430 illi
2621 2367 2852 2445 fuisse,
2901 2386 3092 2449 quam
3148 2369 3475 2432 decuisset

186 2465 367 2527 tanti
409 2463 698 2526 nominis
725 2464 1282 2546 archiepiscOpum
1320 2491 1336 2530 :
1370 2472 1664 2552 adeoque
1702 2472 1886 2535 illius
1907 2474 2374 2549 auctoritatem,
2401 2474 2478 2536 ad
2515 2473 2638 2536 hoc
2669 2473 2840 2553 quod
2874 2475 3124 2546 attinet,
3170 2489 3296 2534 non
3331 2490 3473 2534 esse

189 2586 604 2650 magnopere
661 2571 1040 2640 faciendam.
1093 2577 1280 2651 Quod
1344 2591 1498 2640 vero
1563 2575 1763 2655 magis
1825 2576 2146 2656 displicet,
2212 2584 2310 2640 est
2395 2576 2558 2639 illud
2611 2577 2788 2654 quod
2838 2575 3056 2638 subdit
3129 2576 3262 2637 :Si
3313 2576 3474 2634 enim

189 2669 523 2747 probatus
588 2681 704 2748 est,
759 2692 888 2736 non
934 2673 1139 2744 dixit;
1190 2684 1248 2736 et
1301 2677 1360 2737 si
1411 2673 1608 2750 dixit,
1657 2675 1964 2753 probatus
2003 2695 2132 2736 non
2177 2678 2476 2752 est.Qua3
2522 2679 2715 2739 verba
2764 2675 3134 2738 hmreticum
3167 2676 3469 2754 spiritum

193 2775 513 2837 redolere
553 2776 856 2839 videntur
891 2798 908 2839 :
950 2778 1232 2841 hmretici
1274 2777 1450 2841 enim
1481 2796 1560 2841 ex
1599 2778 1908 2856 Opinione
1945 2777 2200 2858 propria
2234 2781 2488 2842 Patrum
2523 2778 2960 2841 auctoritatem
2992 2779 3198 2839 metiri
3234 2777 3468 2854 solent,

189 2875 274 2937 de
312 2892 533 2955 eaque
559 2877 884 2955 judicium
914 2879 1080 2941 ferre
1117 2901 1134 2940 :
1165 2879 1454 2960 dumque
1485 2879 1562 2940 ab
1599 2879 1848 2941 eisdem
1881 2880 2302 2956 dissentiunt,
2337 2896 2448 2943 eos
2479 2879 2661 2943 ﬂocci
2702 2897 2772 2941 ac
2805 2879 2992 2942 nihili
3043 2877 3308 2940 faciunt.
3345 2878 3468 2938 Sed

190 2977 438 3040 mitius
471 2981 717 3043 sentire
753 2989 1002 3060 prastat
1041 2984 1122 3046 de
1153 2982 1658 3064 Theophylacto,
1689 2993 1880 3064 atque
1914 3002 1986 3048 ea
2021 2985 2210 3048 verba
2242 2986 2523 3065 benigne
2555 2984 2991 3063 interpretari,
3027 2983 3205 3047 velut
3235 2998 3362 3044 non
3391 2965 3470 3042 eo

189 3082 451 3159 spiritu
485 3099 816 3164 sensuque
861 3088 1137 3165 prolata;
1169 3088 1280 3151 sed
1317 3088 1468 3169 quia
1500 3088 1624 3150 sibi
1665 3089 1938 3152 nimium
1971 3089 2397 3163 blandiretur,
2431 3097 2623 3168 atque
2675 3089 3051 3161 confideret,
3111 3105 3187 3150 ex
3233 3086 3470 3149 Graecis

192 3183 684 3248 illustrioribus
748 3190 992 3250 Patrem
1048 3187 1318 3268 reperiri
1385 3188 1709 3251 neminem
1769 3204 1987 3264 nosse,
2057 3207 2202 3253 nam
2253 3191 2330 3252 de
2380 3189 2621 3250 Latinis
2673 3187 2828 3250 nihil
2893 3189 3210 3251 sollicitus
3265 3187 3472 3248 fuisse

193 3287 500 3361 videtur,
542 3287 655 3366 qui
688 3288 994 3367 Spiritum
1025 3295 1314 3351 sanctum
1347 3287 1533 3352 etiam
1586 3306 1618 3351 a
1676 3289 1849 3350 Filio
1887 3290 2233 3368 procedere
2271 3289 2624 3352 docuisset.
2677 3289 2960 3350 Pretium
3012 3287 3214 3365 igitur
3260 3300 3474 3363 Operae

195 3395 329 3461 est,
361 3389 730 3450 accuratius
784 3390 1204 3470 investigare,
1261 3389 1502 3470 quibus
1550 3389 1663 3452 ille
1720 3397 1782 3450 et
1832 3407 2025 3469 quam
2066 3389 2296 3452 validis
2342 3387 2780 3452 fundamentis
2818 3389 3085 3452 innixus
3137 3393 3468 3462 tantopere

191 3492 325 3553 sibi
377 3493 513 3573 ipsi
562 3496 940 3574 prteﬁderet.
1015 3499 1135 3561 Sed
1177 3497 1369 3577 paulo
1424 3505 1564 3577 post
1621 3497 1875 3560 videtur
1909 3503 1970 3558 et
2027 3495 2168 3575 ipse
2213 3495 2335 3558 sibi
2383 3512 2510 3558 non
2538 3497 2692 3558 satis
2739 3503 2941 3567 tutus,
2995 3508 3140 3554 cum
3177 3491 3404 3552 subdat
3445 3508 3467 3551 ε

192 3597 451 3659 Deinde
495 3599 611 3660 etsi
661 3599 776 3661 hoc
814 3599 1125 3672 daremus,
1185 3619 1316 3662 non
1349 3602 1566 3680 utique
1605 3601 1772 3681 quod
1823 3600 2041 3660 rarius
2099 3607 2214 3674 est,
2269 3600 2335 3659 in
2381 3607 2814 3676 argumentum
2862 3594 3252 3655 trahendum.
3293 3591 3468 3665 Quid

195 3716 388 3774 vero,
422 3702 477 3761 si
516 3717 643 3764 non
679 3704 862 3781 pauci
892 3706 1148 3787 rarique
1179 3707 1331 3780 sint,
1363 3707 1601 3769 nedum
1643 3707 1868 3779 Latini,
1907 3707 2019 3768 sed
2052 3704 2251 3768 Graeci
2277 3705 2464 3766 etiam
2496 3706 2731 3775 Patres,
2767 3703 2879 3782 qui
2917 3701 3147 3778 dogma
3179 3704 3468 3759 nostrum

196 3803 602 3867 tradiderint
632 3807 727 3868 vei
761 3807 1023 3870 disertis
1057 3809 1157 3871 vel
1187 3809 1727 3891 mquivalentibus
1770 3809 2025 3872 verbis?

281 3910 535 3970 XXIX.
567 3909 686 3971 Sed
721 3916 1064 3989 antequam
1098 3912 1163 3974 id
1196 3913 1593 3987 demonstro,
1626 3913 1772 3994 jure
1810 3915 1983 3977 omni
2018 3915 2127 3975 abs
2158 3913 2632 3994 'l‘heOphylacto
2678 3923 2739 3975 et
2776 3907 3066 3974 Photiani
3096 3905 3460 3985 schismatis

195 4010 798 4088 prapugnatoribus
843 4011 1122 4088 postulo,
1157 4021 1223 4075 ut
1263 4030 1337 4074 ex
1371 4031 1593 4078 eorum
1628 4014 1919 4092 probatis
1963 4015 2256 4076 Patribus
2299 4014 2393 4076 vel
2465 4030 2664 4076 unum
2722 4009 2901 4071 nobis
2941 4007 3293 4078 ostendant,
3353 4007 3467 4084 qui

193 4115 352 4168 ante
383 4107 690 4171 Photiana
723 4121 1003 4192 tempora
1032 4111 1350 4174 inficiatus
1382 4111 1600 4187 fuerit,
1644 4113 1951 4190 Spiritum
1997 4123 2282 4176 sanctum
2317 4131 2349 4174 a
2386 4113 2555 4174 Filio
2595 4112 2959 4189 procedere.
3020 4109 3136 4170 Sed
3192 4108 3469 4187 quamvis

194 4209 316 4272 diu
348 4210 732 4293 multumque
769 4215 1150 4294 [atigentur,
1184 4212 1468 4276 indicare
1504 4231 1584 4276 ne
1621 4215 1888 4275 unicum
1925 4215 2186 4294 quidem
2223 4223 2492 4292 possunt
2522 4214 3012 4294 (Damascenum
3047 4210 3246 4284 enim,
3273 4224 3468 4289 quem

193 4316 424 4377 solum
467 4317 684 4395 Specie
715 4317 928 4398 aliqua
989 4317 1124 4379 veri
1173 4333 1500 4397 opponere
1541 4318 1773 4394 valent,
1807 4335 1841 4379 a
1891 4319 2078 4380 nobis
2129 4319 2396 4380 minime
2445 4317 2772 4380 dissidere
2808 4325 3027 4395 postea
3067 4316 3470 4378 demonstra-

195 4419 475 4492 bimus).
510 4416 684 4479 Alias
720 4435 870 4481 vero
902 4418 1182 4498 dogmati
1209 4424 1428 4480 nostro
1457 4417 1763 4482 censendi
1791 4418 2052 4498 minime
2079 4425 2226 4479 sunt
2257 4418 2606 4490 adversari,
2642 4415 2758 4495 qui
2792 4414 2892 4477 vel
2925 4414 3042 4476 hac
3077 4415 3154 4475 de
3185 4431 3252 4476 re
3285 4414 3470 4492 peni-
3582 4459 3584 4461 .

199 4526 311 4582 tus
353 4517 578 4592 silent,
617 4520 713 4582 vel
748 4521 957 4582 solum
997 4520 1204 4594 aiunt,
1245 4519 1555 4598 Spiritum
1600 4537 1638 4579 a
1698 4519 1886 4580 Patre
1931 4517 2290 4598 procedere.
2341 4517 2502 4592 Quis
2562 4515 2738 4577 enim
2797 4514 3074 4592 ignorat,
3125 4530 3257 4574 rem
3321 4529 3468 4575 esse

203 4624 400 4702 plane
432 4623 752 4684 diversam
783 4636 908 4682 non
939 4635 1252 4695 asserere,
1284 4619 1594 4697 Spiritum
1625 4624 1914 4681 sanctum
1950 4617 2294 4698 procedere
2331 4634 2363 4677 a
2401 4615 2592 4688 Filio,
2624 4622 2816 4693 atque
2847 4613 2914 4674 id
2956 4615 3233 4692 negare?
3288 4613 3468 4676 aliud

201 4724 452 4803 pariter
479 4721 814 4800 afﬁrmare,
849 4743 995 4788 eum
1026 4745 1065 4786 a
1104 4727 1296 4788 Patre
1324 4727 1698 4805 procedere,
1745 4724 1920 4787 aliud
1957 4744 1994 4784 a
2023 4723 2156 4785 solo
2190 4723 2426 4784 Patre?
2461 4722 2672 4795 Quare
2704 4717 3072 4780 nullatenus
3105 4715 3468 4797 intelligere

202 4825 414 4897 valeo,
447 4826 776 4904 quomodo
821 4825 1338 4907 TheOphylactus
1369 4841 1726 4907 omnesque
1764 4824 2057 4888 Photiani
2091 4841 2208 4886 nos
2251 4821 2449 4885 veluti
2500 4821 2752 4882 Christo
2793 4819 3211 4899 Patribusque
3241 4821 3470 4882 adver-

199 4935 423 4992 santes
445 4926 804 5000 .traducant,
837 4944 915 4991 eo
942 4929 1110 5008 quod
1136 4927 1513 5006 simpliciter
1548 4926 1596 4988 ii
1645 4933 1952 4999 asserant,
1979 4925 2283 5003 Spiritum
2309 4930 2596 4984 sanctum
2619 4939 2656 4980 a
2686 4920 2872 4981 Patre
2897 4918 3258 4998 procedere,
3278 4929 3468 4999 atque

200 5047 234 5090 a
267 5027 465 5090 nobis
503 5029 640 5091 ﬁeri
670 5031 1044 5103 καινοτομίαν,
1074 5044 1193 5089 seu
1213 5028 1677 5090 inuocatiauem
1702 5027 1770 5090 in
1798 5024 1916 5105 ﬁde
1940 5025 2349 5098 contendant,
2378 5023 2531 5084 dum
2560 5023 2856 5085 eumdem
2897 5022 3244 5082 asserimus
3278 5021 3466 5083 etiam

201 5151 238 5196 a
273 5132 445 5196 Filio
484 5133 860 5211 procedere;
897 5149 969 5194 ea
1006 5131 1218 5194 solum
1257 5131 1505 5195 ratione
1537 5131 1710 5210 quod
1745 5130 2036 5193 Christus
2071 5128 2514 5190 tantummodo
2545 5125 2734 5195 dixit,
2769 5144 2806 5184 a
2848 5126 3065 5186 Patre.
3118 5125 3360 5185 Verum
3413 5126 3468 5186 si

202 5232 363 5312 quid
399 5232 634 5294 addere
665 5239 760 5292 est
791 5232 1125 5306 innovare,
1164 5249 1278 5294 cur
1307 5238 1368 5292 et
1412 5230 1538 5309 ipsi
1587 5230 1921 5310 quidpiam
1974 5229 2217 5291 addunt
2269 5228 2588 5301 dicentes,
2638 5243 2674 5284 a
2725 5223 2857 5284 solo
2907 5223 3145 5284 Patre?
3200 5223 3465 5284 Ubinam

204 5332 529 5406 Christus,
563 5331 672 5392 ubi
709 5333 920 5392 Patres
968 5331 1027 5391 id
1070 5329 1318 5412 (saltem
1367 5339 1513 5392 ante
1565 5328 1774 5391 Photii
1825 5328 2133 5410 tempora)
2188 5329 2564 5390 asseruere?
2620 5325 2788 5400 Quid
2848 5325 3063 5385 enim?
3122 5326 3218 5384 An
3279 5323 3468 5385 nobis

203 5432 578 5510 exprimere
613 5431 908 5504 vetitum,
940 5429 1112 5508 quod
1153 5427 1445 5491 Christus
1486 5429 1798 5490 Dominus
1847 5446 1973 5490 non
2015 5427 2367 5505 expressit;
2418 5425 2549 5488 illis
2601 5426 2877 5485 limitare
2941 5424 3148 5495 liceat,
3210 5422 3383 5500 quod
3433 5441 3466 5486 a

203 5532 466 5594 Christo
499 5530 840 5593 limitatum
885 5547 1014 5593 non
1049 5531 1182 5591 est?
1219 5529 1279 5591 Si
1316 5528 1425 5590 ille
1459 5545 1588 5591 non
1621 5529 1812 5605 dixit,
1843 5529 2154 5608 Spiritum
2187 5534 2476 5590 sanctum
2522 5545 2556 5589 a
2608 5527 2796 5600 Filio,
2842 5523 2962 5586 hoc
3013 5533 3110 5587 est
3155 5540 3190 5586 a
3247 5524 3466 5604 seipso

208 5631 586 5707 procedere,
629 5648 840 5710 neque
870 5630 933 5692 id
967 5630 1157 5693 etiam
1190 5629 1468 5708 negavit.
1499 5632 1628 5691 Cur
1659 5629 1876 5709 itaque
1906 5628 2197 5692 Photiani
2237 5629 2510 5704 negant?
2537 5629 2614 5690 Et
2641 5625 2697 5688 si
2721 5625 2988 5705 quidem
3023 5626 3466 5688 tantummodo

205 5749 338 5803 non
369 5741 756 5809 assererent,
787 5732 1126 5796 ferendum
1173 5749 1397 5796 eorum
1428 5731 1761 5794 silentium
1808 5738 2020 5804 esset;
2072 5745 2296 5791 verum
2337 5735 2398 5790 et
2439 5736 2694 5808 negant,
2752 5736 2812 5788 et
2846 5743 2955 5789 eos
3012 5726 3124 5807 qui
3170 5735 3466 5790 asserunt

207 5833 639 5896 condemnant
672 5831 962 5913 dirisque
1007 5832 1310 5895 omnibus
1358 5833 1709 5906 devovent;
1741 5830 1964 5894 tritum
2014 5828 2177 5892 illud
2241 5829 2332 5910 (in
2373 5829 2547 5908 quod
2599 5828 2791 5891 etiam
2843 5825 3362 5905 Theophylactus
3383 5826 3466 5890 ab
