3860 6582
474 399 581 465 451
1539 391 1929 454 BONIFACll
1960 391 2269 454 FINETTI
2304 387 2704 454 PREFATIO
3635 397 3720 461 1,52

474 509 824 591 iniquitate
855 524 1064 572 causa)
1093 525 1229 570 sum
1267 521 1544 585 DNBCODS
1581 511 1680 566 est
1711 503 1941 585 actus),
1976 520 2047 566 ac
2085 501 2334 580 puerile
2379 509 2834 583 argumentum
2887 511 3321 585 usurpantes:
3371 506 3440 568 Si
3469 509 3724 587 Spiritus

469 622 728 674 sanctus
759 612 947 674 etiam
977 631 1053 672 ex
1072 607 1243 672 Filio
1277 607 1566 687 procedit
1601 607 1710 687 (a),
1747 607 1901 687 quid
1923 607 2258 686 prohibuit
2294 625 2371 668 ne
2405 609 2496 670 ita
2533 609 2828 672 Christus
2864 607 3261 688 loqueretur:
3297 612 3422 686 Qui
3465 630 3544 673 ea:
3565 613 3724 677 Patre

472 724 530 776 et
562 735 642 777 ea:
665 734 754 775 me
781 711 1120 793 procedit?
1146 710 1269 772 Sed
1317 708 1474 772 mihi
1513 707 1794 770 subdere
1827 706 2050 770 liceat:
2088 707 2162 769 Si
2193 726 2233 767 a
2263 707 2396 769 solo
2441 708 2632 770 Patre
2677 710 2990 787 procedit,
3038 709 3200 790 quid
3265 711 3614 790 prohibuit,
3662 730 3725 779 ne

470 815 537 880 id
573 813 864 878 Christus
914 811 1340 891 exprimeret;
1391 809 1749 889 praesertim
1781 825 1928 872 cum
1973 808 2114 888 ipse
2165 809 2298 890 jam
2353 809 2776 887 prtenovisset
2831 817 2989 890 quot
3041 819 3102 872 et
3141 819 3378 890 quanta
3441 828 3517 874 ex
3576 813 3726 878 illius

474 923 714 986 voculte
747 918 1186 997 praeteritione
1217 916 1465 980 oritura
1494 916 1850 996 aliquando
1879 914 2440 978 essentdissidia?
2480 916 2645 989 Quid
2680 916 2757 978 ad
2794 915 2925 977 huic
2957 914 3255 978 Photiani
3301 917 3724 995 respondeant,

473 1005 634 1087 nihil
665 1021 932 1092 habent;
964 1029 1025 1082 at
1069 1020 1359 1082 nobisin
1415 1027 1717 1100 promptu
1765 1026 1885 1094 est,
1937 1019 2097 1098 quid
2138 1027 2361 1081 contra
2413 1035 2528 1081 eos
2585 1035 3010 1098 regeramus:
3051 1018 3381 1095 videlicet,
3435 1019 3728 1084 Christum

473 1128 573 1190 sin
609 1142 709 1198 eo,
743 1125 970 1188 saltem
1002 1125 1150 1189 aliis
1192 1126 1258 1187 in
1303 1125 1506 1202 locis;
1539 1127 1642 1188 sin
1693 1125 2047 1205 expressis,
2100 1124 2325 1188 saltem
2383 1125 2930 1206 mquivalentibus
2987 1125 3231 1199 verbis,
3279 1125 3579 1189 docuisse
3616 1128 3730 1208 Spi.

475 1235 666 1293 ritum
702 1232 893 1294 etiam
924 1247 959 1293 a
989 1231 1210 1309 seipso
1240 1230 1620 1308 procedere:
1657 1229 1830 1309 quod
1863 1227 2130 1309 quidem
2162 1228 2364 1289 nostri
2398 1227 2698 1290 homines
2729 1228 2967 1290 millies
2988 1227 3542 1301 demonstrarunt,
3572 1237 3632 1290 et
3667 1247 3730 1291 ex

477 1353 555 1399 eo
591 1336 765 1416 quod
801 1334 1093 1397 Christus
1128 1335 1441 1396 Dominus
1471 1333 1560 1394 ait
1595 1335 1779 1394 Joan.
1815 1350 1878 1402 x,
1948 1331 2047 1400 30.
2095 1330 2235 1410 Ego
2277 1341 2334 1393 et
2383 1331 2574 1392 Pater
2621 1350 2819 1393 unum
2871 1351 3124 1400 sumus,-
3165 1348 3244 1394 ex
3292 1348 3425 1412 quo
3476 1330 3729 1395 inierunt

474 1458 670 1500 unum
703 1438 895 1500 etiam
925 1453 1069 1500 esse
1117 1434 1354 1496 Filium
1388 1451 1533 1496 cum
1580 1437 1761 1496 Patre
1807 1432 2020 1513 quoad
2073 1432 2389 1495 rationem
2435 1432 2738 1512 principii
2789 1433 3072 1511 Spiritus
3115 1432 3348 1495 sancti.
3402 1434 3480 1494 Et
3525 1450 3605 1494 ex
3661 1451 3724 1494 eo

480 1542 696 1622 (Joan.
744 1560 880 1613 xvr,
920 1541 1042 1614 15),
1085 1537 1308 1600 Omnia
1350 1555 1726 1618 quaecunque
1754 1536 1938 1598 habet
1961 1535 2179 1609 Pater,
2211 1554 2346 1596 mea
2381 1545 2529 1597 sicut
2559 1555 2580 1596 :
2611 1533 3123 1615 ergo,inquiuut
3165 1543 3230 1598 et
3273 1535 3478 1597 virtus
3521 1537 3734 1615 produ-

478 1641 667 1704 cendi
710 1639 1020 1716 Spiritum
1071 1646 1366 1700 sanctum
1420 1647 1511 1699 est
1544 1636 1724 1710 Filii,
1780 1655 1898 1700 seu
1957 1637 2266 1700 convenit
2325 1637 2519 1699 Filio.
2591 1639 2668 1700 Et
2721 1653 2799 1698 ex
2861 1635 2978 1698 illo
3035 1635 3289 1718 (ibidem
3326 1635 3424 1716 11ι)
3459 1638 3613 1699 :Ille
3659 1658 3731 1699 me

479 1744 878 1824 clariﬁcabit,
911 1744 1059 1824 quia
1082 1742 1156 1802 de
1185 1761 1316 1802 meo
1339 1743 1632 1822 accipiet.
1666 1741 1837 1816 Quid
1863 1743 2064 1815 enim,
2093 1742 2298 1816 aiunt,
2341 1743 2624 1822 Spiritus
2647 1751 2910 1806 sanctus
2949 1744 3242 1823 accipere
3273 1758 3306 1804 a
3331 1743 3508 1806 Filio
3535 1734 3742 1832 potest,f

481 1846 608 1906 nisi
657 1845 870 1922 ipsum
904 1844 1094 1904 esse?
1122 1843 1195 1904 Et
1229 1860 1308 1903 ex
1341 1859 1418 1903 eo
1451 1843 1712 1904 demum
1745 1844 1924 1927 quod
1953 1845 2140 1904 Joan.
2167 1863 2279 1915 xv,
2313 1845 2415 1917 26,
2461 1844 2549 1906 ait
2588 1861 2656 1907 se
2683 1846 3029 1908 missurum
3055 1845 3370 1922 Spiritum
3417 1854 3690 1907 sanctum
3717 1837 3742 1906 τ’

479 1963 628 2008 cum
691 1946 908 2007 missio
945 1945 1008 2005 in
1057 1943 1306 2006 divinis
1349 1943 1441 2005 nil
1500 1943 1681 2006 aliud
1741 1961 1886 2007 esse
1929 1953 2039 2008 aut
2089 1945 2372 2026 intelligi
2419 1947 2647 2025 possit,
2705 1964 2900 2027 quam
2953 1948 3286 2026 processio
3334 1954 3572 2010 aeterna
3614 1965 3728 2010 cum

481 2047 710 2109 ordine
746 2047 822 2107 ad
855 2045 1188 2124 quidpiam
1220 2044 1628 2108 extrinsecus
1657 2045 2368 2124 producendum.0uid
2401 2048 2577 2128 quod
2614 2054 2676 2110 et
2710 2047 2875 2126 ipsis
2896 2048 3401 2129 verbis,quibns
3437 2058 3728 2129 tantOpere

477 2150 680 2212 ﬁdunt
711 2149 1088 2225 adversarii,
1126 2150 1459 2223 videlicet,
1509 2152 1621 2230 qui
1651 2169 1690 2210 a
1726 2151 1919 2214 Patre
1939 2151 2259 2232 procedit,
2290 2153 2477 2214 docet
2499 2151 2834 2232 implicite,
2860 2153 3057 2215 etiam.
3084 2170 3117 2216 a
3149 2154 3367 2235 seipse
3395 2155 3727 2232 procedere.

482 2252 637 2313 Nam
669 2251 992 2330 quidquid
1025 2253 1094 2314 in
1128 2254 1488 2331 Scripturis
1531 2252 1605 2314 de
1658 2273 1790 2315 una
1835 2271 2110 2334 persona
2152 2255 2422 2332 dicitur,
2469 2257 2658 2318 etiam
2709 2255 2782 2318 de
2825 2255 2956 2319 alia
3004 2267 3254 2336 oportet
3285 2256 3581 2338 intelligi,
3631 2258 3729 2318 nisi

479 2363 792 2435 repugnet
813 2355 1212 2434 proprietati
1233 2357 1568 2434 personati
1609 2359 1837 2436 ipsius,
1871 2366 1942 2422 ut
1978 2359 2396 2421 verissimum
2434 2359 2617 2421 cifert
2651 2359 3104 2440 theologorum
3140 2375 3287 2422 cum
3337 2361 3402 2422 S.
3437 2359 3653 2421 Thom.
3683 2378 3724 2418 IV

479 2473 618 2538 cap.
662 2460 853 2531 Gen.,
886 2475 1026 2536 cap.
1058 2459 1163 2533 25,
1201 2458 1484 2534 axioma,
1518 2477 1591 2523 ea
1623 2459 1873 2522 ratione
1914 2461 2161 2536 nixum,
2198 2462 2373 2540 quod
2401 2467 2531 2522 tres
2562 2460 2804 2524 divinas
2859 2478 3160 2540 personas
3195 2476 3399 2523 unum
3460 2459 3729 2537 idemque

483 2567 637 2621 sunt
676 2577 928 2634 omnes,
965 2560 1051 2621 iis
1086 2569 1334 2624 tantum
1381 2561 1668 2641 exceptis
1705 2581 1850 2643 quae
1887 2565 1964 2625 ad
2015 2565 2421 2644 personalem
2475 2565 2801 2642 pertinent
2845 2564 3331 2643 preprietatem.
3377 2563 3564 2636 Quod
3597 2561 3728 2622 adeo

480 2668 728 2722 certum
763 2669 858 2723 est
892 2669 980 2733 ut,
1013 2663 1266 2724 etiamsi
1305 2663 1598 2726 Christus
1629 2681 1710 2726 eo
1745 2664 1868 2726 loci
1910 2665 2221 2740 dixisset,
2252 2665 2382 2741 Qui
2414 2685 2452 2726 a
2480 2666 2672 2727 Patre
2691 2667 2826 2729 solo
2852 2667 3169 2746 procedit,
3206 2683 3340 2728 non
3370 2666 3528 2727 inde
3555 2672 3728 2729 tamen

477 2764 835 2827 abdicanda
875 2761 936 2824 ei
973 2772 1144 2825 esset
1177 2764 1463 2844 Spiritus
1496 2766 1703 2827 sancti
1751 2768 2119 2846 productio.
2147 2770 2425 2830 Fortene
2475 2769 2788 2831 mirantur
2833 2769 2933 2831 vel
2980 2770 3101 2831 hoc
3147 2775 3381 2848 negant
3443 2765 3726 2836 Photiani,

481 2868 650 2943 Ergo
688 2868 927 2942 pariter
953 2873 1190 2944 negent
1224 2867 1473 2928 Patrem
1525 2883 1558 2928 a
1599 2866 1841 2944 Spiritu
1876 2877 2097 2928 sancto
2133 2869 2448 2946 cognosci,
2497 2869 2596 2931 vel
2629 2870 2820 2931 etiam
2853 2887 3033 2929 nosse
3069 2866 3386 2948 seipsum,
3429 2875 3728 2946 prapterea

484 2973 662 3049 quod
722 2971 959 3034 dixerit
1014 2971 1315 3032 Christus
1361 2972 1584 3033 Matth.
1635 2991 1731 3047 XI,
1779 2974 1885 3047 22,
1919 2972 2110 3036 Nemo
2157 2976 2336 3035 novit
2385 2976 2662 3048 Patrem,
2720 2976 2850 3037 nisi
2899 2976 3142 3045 Filius,-
3194 2974 3293 3036 vcl
3348 2981 3585 3054 negent
3617 2989 3728 3035 cum

483 3069 882 3143 Socinianis,
916 3068 1154 3132 Filium
1190 3071 1405 3149 ipsum
1439 3089 1584 3133 esse
1612 3089 1833 3134 verum
1866 3075 2270 3156 Deum,quia
2301 3075 2712 3155 ipse_Patrem
2739 3075 3081 3155 alloquens
3111 3076 3198 3138 ait
3251 3074 3468 3152 (least.
3499 3093 3644 3152 xm,
3661 3073 3728 3152 3).

485 3175 562 3236 Ut
609 3183 994 3256 cognoscant
1026 3185 1084 3236 te
1115 3175 1318 3237 solum
1344 3192 1559 3238 verum
1595 3179 1817 3240 Deum.

567 3281 781 3340 XXX.
833 3282 924 3340 En
968 3295 1101 3358 quo
1144 3281 1400 3342 tandem
1453 3279 1586 3341 abit
1653 3290 2111 3360 argumentum
2157 3297 2193 3343 a
2232 3279 2566 3344 Photianis
2612 3281 2776 3345 adeo
2822 3281 3226 3346 decantatum
3275 3297 3292 3338 :
3339 3296 3377 3343 a
3417 3276 3727 3347 Photiauis,

487 3385 780 3464 inquam,
828 3386 942 3465 qui
985 3394 1049 3449 et
1102 3386 1323 3448 tritum
1353 3385 1516 3449 illud
1558 3393 1621 3448 et
1675 3404 1786 3465 per
1819 3404 1963 3450 sese
2014 3386 2613 3450 luculentissimum
2644 3386 2945 3466 ignorare
2990 3386 3293 3450 videntur
3343 3409 3358 3448 :
3401 3385 3526 3463 Qui
3571 3400 3730 3445 unum

486 3488 740 3560 asserit,
771 3485 950 3548 aliud
995 3504 1123 3546 non
1170 3495 1380 3566 negat,
1436 3487 1564 3548 nisi
1633 3487 1689 3548 ei
1738 3485 1904 3566 quod
1952 3488 2184 3548 asserit
2231 3496 2565 3566 repugnet.
2615 3491 2770 3551 Nam
2822 3486 3260 3565 probaruntne
3302 3503 3605 3568 unquam,
3650 3488 3731 3546 aut

488 3588 844 3667 aliquando
881 3586 1213 3667 probaturi
1249 3594 1427 3661 sunt,
1464 3587 1661 3649 ullam
1694 3586 1764 3650 in
1804 3603 1883 3652 eo
1909 3605 2053 3650 esse
2089 3590 2611 3668 repugnantiam,
2647 3589 2822 3666 quod
2871 3588 3083 3658 Filius
3125 3606 3254 3651 una
3291 3607 3440 3651 cum
3467 3590 3633 3651 Patre
3668 3583 3732 3644 sit

491 3693 884 3772 principium
931 3693 1213 3772 Spiritus
1253 3691 1500 3754 sancti?
1559 3691 1732 3765 Quid
1785 3688 2003 3753 enim?
2034 3693 2219 3755 Anne
2259 3691 2510 3771 aliquid
2583 3692 2863 3767 virtutis,
2894 3711 3042 3773 qua)
3083 3693 3242 3759 insit
3293 3693 3491 3770 Patri,
3541 3695 3729 3756 deesse

487 3796 663 3858 Filio
701 3795 1059 3872 putandum
1095 3793 1262 3856 erit?
1297 3793 1408 3854 Vel
1449 3793 1680 3854 rationi
1720 3793 1869 3853 Filii
1911 3801 2228 3872 repugnat
2260 3797 2621 3873 producere
2684 3792 2875 3858 aliam
2908 3811 2941 3856 a
2976 3794 3194 3873 seipse
3240 3799 3616 3875 personam?
3643 3794 3728 3856 Vel

491 3903 752 3964 demum
785 3901 962 3980 quod
1008 3898 1197 3961 habet
1233 3897 1656 3977 principium,
1693 3897 1924 3977 nequit
1963 3914 2111 3960 esse
2160 3899 2558 3978 principium
2601 3897 2911 3961 alterius?
2955 3897 3127 3960 Nihil
3179 3898 3413 3960 horum
3463 3897 3729 3977 proiecto.

488 4004 620 4065 Cur
651 4002 853 4078 igitur
883 4009 1147 4062 ovantes
1179 3999 1343 4062 adeo
1393 4006 1846 4078 argumentum
1879 3997 2054 4060 istud
2087 3999 2448 4062 obtrudunt
2485 4021 2501 4062 :
2541 4000 2958 4080 anngelium
2987 4000 3230 4064 Christi
3264 4019 3372 4062 ore
3394 3999 3560 4062 clare
3585 3999 3731 4059 docet

487 4101 727 4181 ﬁdeles,
757 4102 1074 4178 Spiritum
1113 4109 1400 4161 sanctum
1431 4098 1690 4160 aPatre
1716 4099 2094 4180 procedere;
2123 4110 2190 4161 at
2236 4102 2365 4180 ipsi
2396 4101 2608 4180 angeli
2674 4101 3080 4164 tenebrarum
3113 4101 3376 4182 (Latini)
3395 4101 3729 4181 pradicant,

493 4201 679 4262 etiam
707 4219 747 4260 α
775 4199 952 4263 Filio
979 4219 1000 4259 :
1032 4215 1188 4278 ergo
1232 4199 1592 4278 Evangelio
1635 4199 1950 4262 contraria
2001 4200 2258 4262 docent.
2289 4200 2380 4260 ita
2411 4215 2568 4262 sane
2602 4208 2748 4279 post
2789 4199 3173 4263 innumeros
3227 4201 3398 4263 alios
3441 4199 3732 4280 Eugenius

493 4303 566 4366 in
597 4303 789 4367 citato
825 4302 1074 4380 libello,
1107 4302 1292 4384 cujus
1323 4301 1536 4366 Graeca
1571 4304 1760 4366 verba
1795 4312 1946 4366 sunt
1982 4303 2017 4364 h

2208 4312 2270 4366 re
2304 4311 2646 4380 Εὗαγγέλιον
2671 4311 2761 4365 διὸ
2795 4311 3067 4384 στόματος
3101 4311 3198 4366 τοῦ
3217 4312 3469 4384 Χριποῦ
3489 4309 3732 4380 edundi-

493 4409 648 4475 ζεται
688 4411 770 4473 εἰς
806 4409 937 4473 τοὺς
991 4408 1220 4472 πιστοὺς
1265 4411 1478 4480 φανερά
1527 4409 1612 4464 ὅτι
1677 4408 1910 4480 Πνεῦμα.
1970 4408 2124 4482 παρὰ
2174 4409 2388 4480 Harpe;
2427 4407 2817 4479 ἐκπορεύεται,
2852 4410 2949 4463 καὶ
2983 4410 3136 4465 αὐτοὶ
3193 4410 3243 4464 οἱ
3277 4410 3503 4480 ἄγγελοι
3551 4409 3732 4466 σκύτους

491 4505 964 4587 εὖαγγελξζονται,
993 4517 1090 4570 καὶ
1125 4517 1192 4570 ἐκ
1215 4514 1310 4570 τοῦ
1345 4515 1498 4570 Υἱοῦ.
1545 4507 1600 4569 Ο
1642 4505 2005 4584 praeclaram

2204 4505 2461 4568 ilarchai
2488 4505 2731 4568 Montis
2783 4513 3113 4584 Ἀγιονύμου
3155 4505 3592 4569 ratiocinatioi
3631 4501 3728 4572 Sic,

493 4611 687 4673 cine‘t
736 4607 1036 4670 Procedit
1080 4627 1119 4668 a
1160 4608 1395 4676 Patre;
1445 4626 1578 4669 non
1610 4608 1815 4688 igitur
1871 4625 1909 4666 a
1954 4605 2126 4668 Filio
2174 4626 2194 4666 :
2245 4623 2396 4670 cum
2442 4606 2662 4685 potius
2721 4607 3080 4670 dicendum
3121 4607 3285 4669 foret
3325 4625 3341 4668 :
3390 4603 3666 4668 Procedit
3704 4619 3734 4657 α

494 4711 716 4786 Patre,
747 4729 892 4791 ergo
929 4721 986 4773 et
1022 4730 1059 4772 a
1088 4710 1287 4786 Filio,
1320 4710 1406 4774 ob
1458 4710 1774 4771 iudicatas
1832 4707 2143 4770 rationes.
2197 4709 2322 4771 Sed
2367 4716 2432 4772 et
2475 4709 2617 4787 ipse
2658 4708 3182 4790 Theoiihylactus
3233 4708 3397 4771 male
3427 4708 3599 4770 fama;
3628 4721 3732 4768 sua:

496 4812 805 4886 consulit,
843 4813 998 4873 dum
1053 4810 1432 4889 praedictum
1482 4814 1942 4885 argumentum
1985 4805 2335 4886 simplicem
2376 4817 2562 4870 uocat
2602 4807 3074 4890 absolutamque
3107 4811 3417 4872 rationem
3449 4807 3555 4889 (li),
3585 4804 3732 4870 addi-

496 4915 749 4994 ditque,
784 4913 985 4976 alium
1020 4911 1210 4974 nobis
1249 4926 1396 4973 esse
1429 4909 1850 4990 quaerendum
1883 4909 2216 4974 doctorem
2249 4918 2480 4990 printer
2499 4931 2694 4974 unum
2722 4913 3098 4992 magistrum
3115 4922 3408 4976 nostrum
3432 4915 3730 4994 Christum,

497 5022 551 5083 si
588 5019 743 5082 huic
781 5017 1068 5099 dOgmati
1111 5014 1441 5078 adhaerere
1490 5012 1795 5077 velimus.
1830 5017 1910 5077 At
1960 5029 2140 5091 vero,
2195 5014 2249 5075 si
2297 5014 2593 5078 Christus
2635 5015 2872 5078 aiendo
2919 5037 2936 5075 :
2986 5017 3098 5096 qui
3148 5034 3188 5076 a
3235 5015 3432 5077 Patre
3458 5009 3730 5096 procedit,

499 5123 690 5186 nobis
724 5122 1101 5183 nullatenus
1138 5117 1542 5190 adversatur,
1575 5117 1780 5180 multo
1814 5118 2032 5180 minus
2061 5119 2374 5182 censendi
2406 5126 2560 5182 sunt
2589 5117 2778 5181 nobis
2810 5119 3111 5181 contrarii
3139 5133 3280 5181 esse
3307 5120 3733 5199 quicunqueex

496 5220 736 5288 Graecis
773 5219 1068 5283 l’atribus
1127 5218 1366 5279 docent
1426 5215 1860 5295 solummodo,
1909 5217 2356 5299 allirmantque
2399 5219 2710 5298 Spiritum
2755 5228 3048 5283 sanctum
3091 5240 3132 5280 α
3180 5220 3371 5282 Patre
3415 5217 3733 5300 procedere.

500 5325 661 5384 Cum
698 5321 897 5400 igitur
926 5322 1297 5383 Graecorum
1343 5333 1533 5378 nemo
1583 5317 1910 5382 inﬁcietur
1951 5320 2256 5382 eumdem
2303 5327 2367 5382 et
2411 5335 2442 5382 a
2479 5320 2652 5384 Filio
2699 5324 3072 5400 mocedere,
3110 5322 3408 5386 nonnulli
3443 5330 3639 5384 autem
3668 5331 3732 5373 ex

500 5425 636 5487 illis
684 5443 812 5488 una
845 5441 992 5486 cum
1041 5421 1281 5482 Latinis
1321 5421 1627 5484 omnibus
1684 5421 2030 5495 afﬁrmant,
2077 5421 2368 5500 profecto
2416 5421 2578 5484 illud
2635 5442 2870 5504 negare
2926 5424 3250 5503 prtei‘racte
3303 5424 3493 5498 velle,
3539 5423 3650 5484 imo
3681 5425 3729 5476 et

503 5527 827 5588 haereseos
875 5539 992 5584 nos
1043 5522 1476 5584 condemnare
1524 5524 1676 5602 quia
1723 5527 1787 5586 id
1837 5522 2226 5597 asserimus,
2263 5540 2366 5583 res
2413 5521 2672 5586 illorum
2721 5537 2811 5588 est
2858 5527 3076 5605 [verba
3125 5543 3356 5607 regem
3400 5543 3540 5604 quae
3580 5520 3725 5585 habet

505 5627 1027 5710 TheOphylactus
1060 5626 1167 5711 (c)]
1188 5629 1297 5707 qui
1325 5630 1564 5712 spiritu
1596 5633 1834 5693 erroris
1872 5630 2048 5712 pleni
2075 5637 2249 5692 sunt.

581 5841 664 5913 (α)
698 5839 860 5897 Num.
894 5840 984 5898 Ill.

576 5915 653 5983 (li)
697 5914 920 5971 Ibidem.

2271 5839 2340 5913 (cl
2375 5837 2600 5895 Ibidem.

757 5930 920 5971 idem.
2484 5971 2488 5975 .
