3860 6546
205 390 299 458 453
1060 390 1147 455 ΙΝ
1186 388 1625 466 SEQUENTIA
1657 390 1729 453 Τ]

1932 393 2241 459 HYLACTI
2292 396 2629 463 SCRIPTA.
3347 398 3456 468 454

276 506 498 570 XXXI.
546 502 670 568 Sed
709 503 842 585 jam
904 520 1022 584 age
1071 506 1475 586 proferamus
1530 504 1598 568 in
1646 505 1941 570 medium
2000 507 2282 588 Graecos,
2338 527 2586 592 eosque
2637 509 2970 594 probatos,
3023 512 3152 577 imo
3197 519 3261 577 et
3299 530 3458 595 pro-

203 610 530 675 batissimos
560 609 800 683 Patres,
833 606 950 689 qui
982 609 1325 672 nobiscum
1362 609 1432 671 in
1467 608 1589 671 hoc
1613 606 1912 688 dogmate
1945 609 2271 687 sentiunt;
2312 619 2385 676 ut
2427 613 2542 694 qui
2566 613 2848 694 sapiunt,
2878 613 3030 678 inde
3065 616 3458 696 perspiciant

202 728 372 794 quam
416 708 778 771 inconsulte
819 709 1352 792 Theophylactus
1404 725 1524 772 nos
1568 709 1935 789 provocarit
1965 711 2050 773 iis
2100 712 2323 775 verbis
2384 735 2400 776 :
2460 713 2727 778 Ostende
2773 717 2959 780 nobis
3006 717 3287 795 Patrem,
3333 727 3455 788 etc.

200 813 443 879 Probati
469 829 623 876 sane
649 813 1181 893 acprobotissimi
1239 818 1455 877 Patres
1509 820 1663 876 sunt
1729 814 2152 892 Athanasius,
2199 816 2635 897 Epiphanius,
2685 820 3038 901 Gregorius
3091 823 3454 902 Nyssenus,

199 918 455 1000 Cyrillus
487 917 999 992 Alexandrinus,
1035 917 1344 993 Basilius,
1381 918 1627 1000 quibus
1656 918 1997 982 addendos
2026 928 2124 983 est
2154 921 2480 1002 Didymus
2513 933 2766 987 summa
2803 926 3029 987 saltem
3065 924 3458 988 venerabilis

197 1019 582 1098 antiquitate.
628 1021 828 1082 Porro
869 1021 1026 1082 satis
1072 1028 1291 1101 aperte
1361 1022 1427 1085 bi
1483 1038 1711 1085 omnes
1767 1023 2006 1088 docent
2059 1023 2373 1104 Spiritum
2425 1035 2718 1089 sanctum
2773 1028 3128 1109 procedere
3174 1044 3209 1091 a
3258 1027 3454 1090 Filio.

198 1125 553 1204 Quanquam
605 1122 804 1197 enim,
858 1130 929 1187 ut
975 1125 1250 1189 candide
1311 1125 1492 1208 quod
1541 1134 1662 1202 est,
1703 1124 1929 1203 fatear,
1994 1128 2365 1191 Graacorum
2406 1146 2600 1193 nemo
2659 1131 2837 1211 prior
2892 1134 3213 1212 Symeone
3251 1135 3458 1195 Meta-

180 1231 432 1312 ‘phraste
481 1245 636 1293 voce
694 1230 833 1308 ipsa
872 1238 1280 1311 ἐκπορεύεσθαι
1320 1232 1399 1295 ad
1448 1232 1514 1295 id
1573 1233 2076 1313 eXprimendum
2123 1240 2364 1309 utatur,
2436 1242 2647 1298 tamen
2707 1237 3014 1300 vocabula
3072 1245 3134 1300 et
3191 1236 3457 1317 phrases

197 1332 464 1414 ejusdem
508 1334 772 1399 omnino
826 1336 1065 1401 valoris
1104 1335 1442 1409 adhibent,
1477 1343 1548 1399 ut
1587 1350 1721 1418 προῖ

1932 1336 2225 1415 progredi
2243 1357 2263 1406 ;
2324 1345 2685 1417 προχεῖσθαι,
2730 1339 3075 1419 profundi,
3135 1357 3456 1407 emanare;

194 1441 337 1514 εἶναι,
367 1456 515 1516 esse,
554 1449 827 1522 ὑπάρχειν
869 1441 1220 1509 exsistere;
1251 1446 1493 1519 ὓπαρξιν
1540 1448 1710 1521 ἔχειν,

1933 1440 2179 1501 tentiam
2208 1439 2457 1514 habere,
2486 1447 2548 1505 et
2575 1440 2842 1517 similia,
2877 1442 3120 1523 quibus
3154 1450 3457 1506 aeternam

192 1542 446 1622 Spiritus
474 1545 680 1607 sancti
741 1542 1235 1623 productionem
1276 1538 1508 1604 aFilio
1565 1539 1943 1619 signiﬁcari,
1992 1555 2186 1603 nemo
2238 1539 2488 1602 inﬁcias
2544 1539 2715 1615 ierit,
2765 1543 2897 1620 qui,
2928 1541 2998 1603 in
3044 1539 3455 1617 defendendo

193 1661 388 1707 errore
446 1646 706 1724 penitus
754 1645 1130 1707 obﬁrmatus
1189 1660 1320 1707 non
1373 1642 1600 1706 fuerit.
1660 1645 1713 1705 Ε

1929 1658 1945 1703 3
2026 1641 2294 1720 phrases
2355 1642 2518 1717 εἶναι,
2572 1659 2726 1718 esse,
2756 1644 3062 1724 ’ὑπάρχειῆ
3111 1643 3453 1732 exsistere;

191 1752 400 1826 ὓπαρξιν
434 1754 600 1826 ἔχειν,
664 1746 1098 1809 exsistentiam
1166 1745 1416 1820 habere,
1471 1762 1588 1824 per
1637 1759 1782 1806 sese
1830 1742 1910 1806 ad
1948 1742 2013 1805 id
2049 1743 2223 1823 quod
2277 1742 2708 1819 intendimus,
2735 1744 3235 1824 significandum
3265 1745 3456 1809 clarae

191 1855 323 1909 sunt
374 1869 391 1908 :
444 1847 644 1910 verbo
711 1855 932 1910 autem
991 1856 1288 1926 προϊέναι,
1345 1845 1655 1927 progredi
1700 1843 1800 1908 vel
1870 1843 2195 1926 proﬂuere
2249 1844 2455 1907 utitur
2521 1842 2711 1907 etiam
2784 1846 3305 1928 TheOphylactus
3373 1847 3453 1912 ad

191 1944 654 2010 substantialem
714 1947 994 2027 Spiritus
1068 1947 1271 2009 sancti
1326 1948 1796 2027 processionem
1854 1944 2303 2022 indicandam,
2370 1945 2525 2008 dum
2593 1945 2657 2008 in
2698 1945 3100 2010 Allocutione
3148 1966 3325 2012 num.
3362 1952 3449 2014 ιν

191 2048 516 2125 οιριίοδηε,
551 2065 671 2110 cur
697 2049 987 2129 Spiritus
1019 2049 1268 2112 Christi
1297 2049 1438 2129 ipse
1468 2049 1715 2111 dicatur

1925 2095 1933 2119 ,
1972 2050 2212 2130 inquit,
2246 2061 2324 2126 ὠς
2358 2059 2420 2127 ἐξ
2453 2061 2665 2115 ἐκείνου
2700 2061 2914 2132 προῖὸν,
2974 2050 3145 2132 quod
3175 2071 3257 2114 ea:
3310 2055 3449 2132 ipso

188 2146 474 2228 proﬂuat:
521 2149 659 2224 sed,
701 2158 821 2212 etc.
867 2150 997 2212 Cur
1024 2150 1243 2229 itaque
1288 2149 1591 2212 hodierni
1623 2150 1828 2215 διωθὶ
1863 2151 2157 2231 legentes
2194 2153 2261 2215 in
2294 2153 2438 2216 suis
2480 2154 2774 2216 Patribus
2818 2153 3129 2233 Spiritum
3158 2161 3452 2216 sanctum

189 2264 432 2334 προιέναι,
464 2256 826 2336 pro/luere,
856 2274 973 2320 seu
998 2256 1312 2338 progredi
1338 2276 1424 2319 ea:
1452 2257 1649 2331 Filio,
1690 2257 1754 2319 id
1787 2260 1866 2320 ad
1904 2265 2387 2337 temporaneam
2423 2257 2723 2338 ejusdem
2760 2258 3043 2337 Spiritus
3092 2259 3453 2321 missionem

190 2374 292 2420 seu
324 2356 746 2424 ditiusionem
801 2357 1215 2423 referendum
1245 2359 1705 2425 contendunt?
1752 2358 2048 2422 Profecto
2086 2360 2224 2440 pari
2281 2361 2532 2423 ratione
2582 2367 2644 2421 et
2694 2358 2855 2424 illud
2891 2359 3133 2423 Christi
3189 2344 3451 2423 homini

188 2473 237 2538 ὃς
261 2475 398 2543 παρὰ
425 2473 649 2547 Harpe;
678 2473 1066 2545 ἐκπορεύεται,
1098 2465 1209 2545 qui
1239 2482 1319 2526 ex
1349 2466 1541 2526 Patre
1571 2482 1712 2546 pret

1928 2472 2128 2528 nosset
2157 2466 2307 2547 quis
2339 2465 2419 2531 de
2448 2473 2858 2546 temporanea
2896 2466 3212 2528 missione
3243 2465 3452 2544 ρινΙὶ-

190 2583 344 2641 care;
379 2567 678 2647 adeoque
704 2577 1006 2630 aeternam
1039 2567 1179 2648 ejus
1212 2567 1402 2629 etiam
1436 2583 1472 2628 a
1522 2569 1704 2629 Patre
1755 2568 2245 2646 productionem
2294 2585 2415 2629 seu
2465 2566 2950 2646 processiouem
2989 2565 3288 2628 inﬁciari.
3325 2567 3450 2628 Sed

186 2674 295 2753 jam
320 2672 450 2750 ipsa
483 2676 743 2734 Patrum
776 2666 1145 2735 Grmcorum
1192 2671 1565 2735 testimonia
1597 2671 1683 2735 ob
1726 2673 1950 2735 oculos
1988 2672 2285 2750 ponenda
2315 2679 2491 2734 sunt.

253 2779 508 2840 XXXII.
554 2777 771 2858 Igitur
809 2779 869 2840 1.
920 2777 981 2839 S.
1040 2774 1471 2856 Epiphanius,
1524 2783 1594 2838 ut
1650 2776 1730 2839 ab
1784 2775 1866 2837 iis
1914 2777 2025 2857 qui
2076 2777 2318 2839 clarius
2366 2794 2512 2839 sese
2554 2777 2954 2857 esprimunt,
3008 2775 3337 2857 incipiam,
3383 2778 3450 2842 in

191 2882 495 2959 Aneorato,
527 2901 595 2947 ῐι.
636 2885 717 2945 6⁵1
747 2901 760 2944 ;
802 2892 1059 2964 Χριστὸς,
1092 2882 1198 2956 ait,
1231 2890 1295 2944 ἐκ
1318 2890 1414 2945 τοῦ
1451 2891 1669 2965 Harpe;
1695 2908 1715 2944 τ

1924 2908 2013 2945 ται
2035 2890 2168 2956 Θεὸς
2198 2891 2262 2946 ὲκ
2291 2890 2450 2960 Θεοῦ,
2479 2893 2573 2946 καὶ
2604 2892 2663 2946 τὸ
2697 2890 2922 2962 Πνεῦμα
2949 2893 3013 2945 ἐκ
3038 2890 3131 2945 τοῦ
3180 2890 3446 2979 Χριστοῦ⁹

190 2989 359 3063 ἢπαρ⁸
405 2992 763 3064 ἀμφοτέρων,
826 2984 1120 3048 Christus
1168 3001 1247 3044 ea:
1295 2982 1487 3045 Patre
1535 2981 1712 3046 credi

1925 3002 2007 3044 sse
2065 2985 2229 3044 Deus
2282 2982 2357 3045 de
2395 2984 2550 3059 Deo,
2608 2994 2667 3046 et
2724 2985 3012 3065 Spiritus
3053 2995 3311 3047 sanctus
3369 3005 3449 3049 ea:

192 3082 436 3161 Christo,
470 3086 605 3148 sive
647 3086 723 3149 ab
754 3085 1056 3148 ambobus
1092 3083 1199 3166 (a).
1237 3087 1314 3148 Et
1357 3102 1422 3149 ιι.
1460 3089 1534 3151 71
1575 3108 1590 3149 :
1626 3093 1716 3149 est

1965 3094 2130 3149 καλεῖ
2152 3092 2245 3149 τὸν
2277 3093 2337 3162 ἐξ
2368 3095 2559 3162 αὐτοῦ,
2592 3094 2655 3150 τὸ
2673 3094 2730 3150 δὲ
2759 3096 2916 3165 ἆγιον
2954 3095 3182 3165 Πνεῦμα
3227 3094 3290 3149 τὸ
3319 3107 3453 3170 παρ’

194 3200 501 3273 ἀμφοτέρων.
545 3192 623 3253 Et
656 3189 926 3270 prmced.
960 3206 1027 3253 n.
1063 3190 1104 3251 8
1134 3188 1222 3251 ait
1255 3188 1566 3269 Spiritum
1596 3206 1708 3252 san

1921 3206 2065 3252 esse
2109 3199 2167 3254 ὲν
2225 3200 2378 3272 μέσῳ
2430 3198 2650 3273 Πατρδς
2710 3200 2805 3254 καὶ
2834 3199 3075 3267 Υἱοῦ,ὲκ
3102 3200 3318 3272 Harpe;
3348 3202 3445 3255 καὶ

190 3303 324 3372 Υῐοῦ,
349 3306 526 3378 τρίτον
555 3306 630 3376 τῇ
671 3302 964 3377 ὀνομασίᾳ,
994 3295 1066 3356 in
1088 3292 1289 3355 medio
1317 3295 1532 3358 Patris
1568 3302 1625 3355 et
1657 3296 1714 3356 F

1924 3296 2177 3358 cPatre
2226 3305 2286 3358 et
2334 3297 2531 3372 Filio,
2569 3298 2833 3359 tertium
2881 3296 3339 3378 appellatione.
3372 3299 3448 3361 Et

192 3417 246 3464 n.
270 3404 683 3480 praecedente,
716 3417 863 3464 esse
904 3411 969 3463 ὲκ
1001 3409 1100 3481 τῆς
1131 3409 1304 3480 αὐτῆς
1337 3409 1528 3472 οὐσίας
1565 3408 1716 3480 παρά

1926 3412 1971 3476 ὃς
1999 3409 2095 3464 καὶ
2142 3410 2274 3464 Υἱοῦ
2322 3406 2552 3482 Πνεῦμα
2590 3408 2768 3481 ἅγιον,
2811 3419 2892 3461 ea:
2920 3400 3067 3479 ipsa
3084 3396 3450 3463 substantia

193 3507 377 3570 Patris
419 3516 477 3570 et
519 3507 690 3570 Filii
716 3507 1034 3586 Spiritum
1070 3515 1382 3568 sanctum.
1416 3507 1491 3568 Et
1522 3506 1717 3571 haeres

1948 3526 2015 3571 n.
2047 3507 2109 3581 8,
2152 3499 2294 3571 εἶναι
2332 3517 2448 3587 φῶς
2483 3516 2668 3589 τριτον
2702 3513 2857 3585 παρὰ
2902 3513 3115 3585 [ἰατρὸς
3162 3515 3258 3569 καὶ
3289 3514 3447 3580 Υἰοῦ,

193 3628 297 3670 esse
322 3610 518 3672 lumen
547 3608 813 3671 tertium
841 3625 880 3669 a
914 3608 1101 3669 Patre
1149 3617 1207 3669 et
1238 3608 1436 3671 Filio.
1473 3608 1630 3671 Esse
1674 3609 1870 3672 etiam
1912 3618 2068 3691 παρὰ
2123 3618 2339 3692 [ἰατρὸς
2388 3620 2485 3673 καὶ
2529 3616 2682 3682 Υῑοῦ,
2727 3626 2766 3667 a
2796 3605 2988 3687 Patre
3021 3614 3076 3667 et
3106 3604 3306 3682 Filio,
3347 3606 3447 3670 bis

194 3716 390 3794 repetit
438 3732 504 3780 n.
552 3716 621 3778 9.
673 3716 748 3776 Et
786 3720 975 3776 antea
1026 3712 1272 3776 ibidem
1319 3731 1385 3777 n.
1433 3716 1472 3777 "l
1515 3714 1718 3776 dixem

1925 3732 1987 3777 se
2039 3722 2103 3778 τὸ
2125 3723 2281 3795 ἇγιον
2313 3722 2542 3795 Πνεῦμα
2569 3723 2703 3795 παρ’
2727 3718 3084 3794 ἀμφοτέρων,
3127 3709 3449 3788 Spiritum

192 3826 436 3878 sanctum
468 3816 543 3880 ab
584 3813 909 3877 ambobus.
945 3815 1195 3877 Similia
1221 3814 1410 3879 habet
1440 3834 1503 3879 n.
1542 3820 1639 3891 10,
1674 3824 1737 3880 et
1773 3813 2004 3878 haeresi
2041 3817 2141 3892 62,
2183 3833 2250 3880 n.
2284 3815 2346 3879 Ιι.
2382 3817 2458 3879 Ut
2495 3814 2766 3895 proinde
2800 3827 2993 3876 nemo
3043 3809 3317 3874 fortasse
3366 3829 3448 3873 ex

193 3918 403 3981 Latinis
438 3917 736 3982 Patribus
784 3924 892 3978 aut
927 3917 1167 3980 clarius
1197 3928 1308 3981 aut
1343 3915 1754 3999 frequentius
1797 3915 1919 3981 hac
1949 3917 2029 3980 de
2062 3935 2129 3980 re
2162 3916 2420 3981 loculus
2450 3914 2675 3979 fuerit.

254 4018 305 4084 2.
346 4023 402 4084 S.
451 4018 809 4101 Gregorius
864 4021 1199 4100 Nyssenus
1242 4022 1368 4088 .Iib.
1420 4040 1441 4082 ι
1504 4021 1746 4084 Contra
1825 4021 2208 4084 Eunomium
2266 4021 2397 4082 duo
2443 4015 2799 4099 prteserlim
2861 4014 2985 4087 ait,
3055 4032 3139 4076 ex
3206 4010 3447 4095 quibus

191 4119 665 4189 ineluctabiliter
697 4126 1018 4209 sequitur,
1054 4127 1368 4205 Spiritum
1404 4122 1699 4189 sanctum
1728 4142 1765 4189 a
1794 4124 1969 4190 Filio
2002 4128 2379 4206 procedere.
2427 4125 2713 4187 Primum
2766 4127 2889 4194 est,
2934 4120 3172 4182 Filium
3214 4117 3447 4178 habere

194 4228 469 4292 rationem
510 4248 724 4292 causa:
770 4248 887 4293 seu
912 4230 1236 4312 principii
1285 4233 1479 4293 relate
1522 4230 1600 4293 ad
1643 4229 1956 4311 Spiritum
2007 4237 2326 4305 sanctum,
2381 4237 2442 4292 et
2496 4228 2614 4292 hac
2644 4226 2780 4291 sola
2814 4226 3065 4289 ratione
3115 4224 3239 4304 ipsi
3277 4239 3445 4303 prm-

192 4325 461 4410 intelligi,
494 4329 1049 4411 quemadmodum
1101 4347 1172 4392 se
1222 4327 1412 4393 habet
1464 4330 1651 4391 Pater
1707 4335 2010 4408 respectu
2049 4326 2223 4391 Filii.
2267 4330 2475 4391 Verba
2529 4327 2670 4407 ejus
2721 4333 2874 4388 sunt
2924 4346 2940 4386 :
2988 4334 3076 4395 Ὠς
3113 4334 3449 4387 συνάπτεται

191 4427 342 4503 “arpi
363 4432 390 4485 ὁ
410 4432 554 4498 Υἱὸς.
590 4432 690 4487 καὶ
714 4429 776 4485 τὸ
820 4431 879 4497 ἐξ
897 4429 1066 4487 αὐτοῦ
1094 4426 1237 4486 εἶναι
1268 4431 1410 4503 ἔχων
1432 4432 1537 4486 οὐκ
1574 4426 1853 4503 ὑστερίζει
1890 4427 2034 4484 κατά
2054 4426 2153 4502 τὴν
2194 4428 2461 4502 ὓπαρξιν·
2489 4427 2633 4482 οὕτω
2667 4426 2832 4482 πάλιν
2854 4427 2949 4480 καὶ
2970 4424 3066 4479 τοῦ
3099 4422 3447 4493 Μονογενοῦς

190 4518 346 4593 ἔχεται
386 4526 443 4578 ea
487 4523 719 4594 Πνεῦμα
747 4522 811 4579 τὸ
855 4523 1034 4594 ἅγιον,
1069 4523 1286 4596 ἐπινοίᾳ
1322 4523 1466 4596 μόνῃ
1510 4522 1653 4578 κατά
1686 4521 1779 4576 τὸν
1806 4520 1912 4594 τῆς
1930 4519 2109 4586 αἰτίας
2141 4519 2302 4590 λόγον
2330 4518 2826 4591 προθεωρουμὲνου
2853 4518 2955 4588 τῆς
2992 4516 3088 4570 τοῦ
3119 4514 3478 4594 Πνεῦμαειιος⁸

191 4627 534 4696 ὔποστάσεως,
563 4620 1098 4699 Quemadmodum
1121 4621 1310 4684 Patri
1340 4621 1680 4701 copulatur
1709 4620 1944 4696 Filius,
1980 4629 2039 4682 et
2098 4634 2179 4679 ea:
2226 4619 2365 4698 ipso
2417 4615 2648 4680 habens
2701 4633 2849 4689 esse,
2880 4612 3205 4694 posterior
3243 4622 3449 4672 tamen

191 4730 529 4790 easietentia
569 4745 701 4789 non
736 4733 860 4794 est;
888 4727 979 4789 sic
1010 4740 1239 4788 rursus
1268 4726 1556 4805 Spiritus
1598 4734 1856 4788 sanctus
1900 4724 2195 4807 proxime
2227 4722 2415 4784 haeret
2453 4717 2811 4798 Unigenito,
2850 4715 2960 4798 qui
2997 4713 3137 4776 sola
3159 4711 3448 4775 conside-

189 4835 408 4895 ratione
436 4831 780 4895 secundum
810 4830 1125 4892 rationem
1155 4849 1358 4894 causa:
1398 4831 1538 4916 (seu
1565 4829 1944 4913 principii),
1971 4824 2501 4911 praintelligitur
2543 4837 2837 4905 persona?
2889 4821 3178 4901 Spiritus
3215 4819 3445 4882 sancti.

200 4939 287 4999 list
313 4939 502 5020 igitur
543 4938 752 5003 Filius
793 4943 974 5006 αῐτεα.
1018 4954 1229 5006 causa,
1265 4952 1382 4999 seu
1434 4926 1828 5017 principium
1853 4932 2135 5013 Spiritus
2167 4925 2646 5008 sancti;‘igitur
2668 4923 2775 4986 hic
2826 4921 2905 4986 ab
2959 4921 3071 4983 illo
3127 4920 3444 4999 procedit.

193 5038 422 5104 Dictum
454 5043 730 5106 alterum
766 5039 1045 5123 Nysseni
1080 5046 1201 5111 est,
1241 5046 1349 5101 Τοῦ
1377 5045 1541 5117 λόγου
1569 5046 1668 5117 τῆς
1694 5064 1717 5099 α

1924 5042 2356 5117 ὃπεξῃρημένου,
2401 5039 2459 5091 ὲν
2491 5035 2686 5109 μηδενὶ
2717 5034 2819 5104 τὴν
2863 5031 3028 5102 ἁγίαν
3059 5029 3263 5102 Τριάδα
3308 5027 3448 5100 πρὸς

192 5145 368 5224 ἑαυτὴν
427 5154 779 5226 ἀσυμφώνως
835 5151 1008 5223 ἔχειν,
1047 5141 1388 5205 Subtracta
1421 5143 1716 5221 ratione;

1925 5139 2039 5220 pii,
2071 5138 2253 5201 nulla
2287 5153 2359 5196 re
2382 5140 2665 5195 sanctam
2705 5127 3080 5189 Trinitatem
3109 5142 3147 5183 a
3193 5142 3258 5183 se
3303 5123 3449 5202 ipsa

191 5241 504 5320 dissidere;
536 5224 661 5313 hoc.
691 5256 789 5312 est
839 5246 1087 5310 nullam
1139 5263 1284 5309 esse
1334 5245 1506 5307 inter
1553 5244 1981 5310 sanctissimm
2040 5239 2383 5307 Trinitatis
2432 5249 2744 5317 personas
2792 5228 3278 5293 distinctionem
3319 5224 3448 5287 ῐιίδί

194 5366 260 5410 ει
285 5327 518 5419 ratione
553 5352 877 5435 principii.
911 5354 1069 5417 Cum
1094 5350 1293 5433 igitur
1318 5352 1526 5415 Filius
1556 5358 1617 5416 et
1659 5346 1942 5433 Spiritus
1972 5357 2235 5415 sanctus
2265 5347 2396 5412 sint
2426 5345 2504 5409 ab
2534 5341 2812 5405 invicem
2851 5336 3113 5402 realiter
3133 5331 3448 5407 distincti,

226 5618 333 5694 ,(a)
351 5621 463 5679 Non
497 5633 704 5680 tantum
730 5621 1071 5694 Epiphanius
1096 5621 1292 5678 asserit
1323 5620 1588 5694 Spiritum
1629 5636 1750 5679 esse

1925 5620 2186 5694 inradiata
2216 5618 2441 5694 subdit:
2485 5615 2573 5694 ᾯς
2627 5613 2795 5694 φησιν
2827 5607 3163 5694 ὀλὶξριστᾴς·
3192 5609 3449 5694 ’θηξαρρ

190 5676 476 5765 ..κοιτίδι
502 5676 807 5765 garritui
833 5676 899 5749 ξεί
916 5676 1147 5765 quam
1164 5676 1380 5748 eodeni
1431 5692 1596 5748 modo
1624 5676 1713 5765 squ

1924 5692 1971 5765 ii)
2000 5676 2232 5765 tiatde
2264 5676 2669 5765 egenopsusrai,
2688 5676 3051 5765 ’θεαιηοῦὲος
3079 5679 3281 5765 exigi)

191 5761 427 5836 Christus
448 5748 532 5822 est
552 5748 612 5821 ex
638 5748 759 5821 beo
783 5748 976 5828 'l’atre',
1014 5763 1121 5818 hoc
1153 5774 1260 5829 est,
1288 5748 1744 5836 substantialit'er;
1855 5748 2143 5836 λήψεταί.
2180 5748 2248 5815 Ut
2280 5748 2531 5836 Christus
2561 5748 2758 5836 asserit
2777 5751 3107 5836 _(.leau_._.xv2
3136 5750 3252 5821 26).
3286 5767 3307 5803 ε

193 5834 275 5886 sed
313 5839 470 5889 etiam
492 5821 697 5906 probat
747 5852 869 5892 che
919 5821 982 5890 ei
1044 5821 1275 5904 utroque
1321 5835 1516 5906 iisdem
1560 5821 1748 5906 verbis
1855 5821 2088 5906 ar'l‘atre
2109 5829 2346 5899 procedit
2375 5844 2395 5895 ;
2424 5846 2443 5881 ι
2482 5835 2534 5884 et
2564 5827 2700 5901 (ινι,
2725 5821 2839 5900 28).
2881 5844 2900 5879 ι
2939 5822 3043 5879 Hic
3068 5821 3135 5879 de
3165 5836 3277 5879 meo
3301 5821 3450 5879 acci-

193 5905 526 5977 evangelicis,
559 5908 755 5980 quibus
797 5923 896 5963 nos
926 5907 1069 5962 idem
1111 5908 1445 5979 probamus;
1480 5905 1554 5961 ita
1592 5905 1740 5962 enim
1847 5905 1976 5974 piel.
2009 5921 2028 5955 ι
