3860 6552
409 369 520 433 455
1477 359 1860 422 BONIFACH
1906 358 2218 420 FlNETTl
2263 357 2660 422 PREFATIO
3570 357 3646 420 ιιι

410 480 662 554 Oportet
696 479 768 539 ut
806 475 975 538 inter
1011 487 1122 536 eos
1151 471 1502 535 intercedat
1530 472 1691 534 ratio
1721 469 2051 550 principii,
2084 471 2401 550 adeoque,
2432 479 2498 533 ut
2529 471 2634 536 hic
2662 470 2742 533 ab
2773 469 2887 534 illo
2927 471 3250 551 procedat.
3275 468 3654 548 Principium

409 576 582 642 idem
619 581 859 647 clarius
895 587 956 642 et
989 587 1435 660 ὲμφατικοτέρως
1477 576 1778 656 proponit
1825 575 1891 637 in
1948 574 2218 654 epistola
2257 576 2335 638 ad
2359 575 2688 639 Ablabium
2729 574 2825 637 his
2875 577 3197 656 praecipue
3239 574 3449 638 verbis
3499 595 3514 634 :
3563 582 3656 652 Ttp

409 694 641 750 κατὰτὸ
673 694 844 750 αῐτιον
877 695 973 750 καὶ
1031 693 1274 748 αἰτιατὸν
1323 689 1589 760 διαφορὰν
1644 689 1746 742 οὐκ
1782 684 2104 759 ἀρνούμεθα
2145 679 2317 760 (esse
2366 679 2432 742 in
2491 679 2670 757 Deo),
2710 682 2756 758 ᾧ
2783 688 2932 760 μόνῳ
2949 685 3330 757 διακρίνεσθαι
3374 685 3437 739 τὸ
3486 683 3658 754 ἕτερον

407 797 503 852 τοῦ
541 796 730 868 ἑτέρου
759 794 1279 866 καταλαμϐάνομεν,
1312 792 1390 864 τῷ
1421 791 1484 845 τὸ
1515 791 1618 862 μὲν
1648 791 1824 844 αίτιον
1853 788 2134 844 πιστεύειν
2163 785 2326 857 εἴναι,
2358 791 2420 845 τὸ
2447 789 2504 845 δὲ
2533 791 2598 846 ἐκ
2657 789 2752 846 τοῦ
2804 790 3004 856 αἰτίου,
3071 780 3514 841 Diversitatem
3579 797 3658 838 se-

413 894 680 956 cundum
710 893 1017 953 rationem
1046 908 1247 952 causa:
1277 900 1334 950 et
1358 889 1604 950 causali
1637 885 1782 968 (seu
1797 885 1978 965 juxla
2022 886 2330 948 rationem
2366 885 2695 965 principii)
2717 896 2774 948 et
2805 887 2934 968 ejus
2958 881 3125 965 quod
3155 891 3242 943 est
3277 901 3316 942 a
3347 881 3663 960 principio

414 995 503 1073 (in
539 993 694 1074 Deo)
754 1011 881 1054 non
911 1008 1208 1071 negamus
1242 1011 1263 1052 :
1287 1007 1408 1070 quo
1437 988 1569 1050 salo
1593 988 1855 1047 altrrum
1879 985 1954 1047 ab
1985 985 2184 1047 altera
2214 988 2456 1047 secerni
2499 984 3072 1066 comprehendimus
3094 1026 3111 1056 ,
3145 991 3449 1060 quatenus
3489 997 3664 1042 unum

411 1097 658 1179 quidem
704 1097 1101 1175 principium
1154 1113 1282 1156 esse
1335 1093 1680 1165 credimus,
1727 1089 1997 1151 alterum
2067 1109 2146 1152 ea:
2185 1091 2552 1171 'principio.
2594 1092 2752 1165 Quae
2797 1106 2943 1153 cum
3002 1088 3089 1151 ait
3124 1089 3487 1166 Nyssenus,
3534 1083 3666 1164 quis

416 1203 604 1276 neget
656 1213 805 1258 eum
849 1194 1208 1258 credidisse
1243 1193 1554 1273 Spiritum
1608 1200 1898 1254 sanctum
1954 1207 2097 1253 esse
2145 1190 2373 1254 aFilio
2404 1199 2701 1274 tanquam
2753 1202 2818 1255 ἑκ
2843 1199 2936 1254 τοῦ
2983 1197 3182 1266 αἰτίου,
3233 1205 3380 1250 cum
3413 1187 3496 1250 ab
3536 1186 3666 1267 ipso

414 1295 732 1375 distingui
768 1313 893 1358 non
927 1295 1358 1358 dubitaverit?

492 1403 553 1465 3.
597 1401 939 1480 Didymus,
972 1401 1140 1463 libro
1172 1419 1217 1461 ιι
1273 1400 1355 1460 De
1407 1398 1661 1478 Spiritu
1709 1405 1926 1454 sancto
1969 1391 2293 1456 Christum
2339 1391 2652 1455 rationem
2696 1392 3073 1455 efferentem
3127 1387 3402 1460 inducit,
3453 1403 3571 1446 cur
3598 1384 3668 1446 de

415 1501 664 1581 Spiritu
695 1507 916 1563 sancto
951 1500 1187 1563 dixerit
1216 1503 1400 1563 Joan.
1445 1516 1549 1561 xv:
1582 1542 1596 1570 ,
1625 1497 1698 1558 1'3
1727 1516 1742 1552 :
1772 1495 1916 1559 Non
1971 1493 2131 1555 enim
2184 1491 2474 1572 loquetur
2499 1493 2899 1572 asemetipso
2920 1491 3021 1553 his
3061 1489 3270 1554 verbis
3303 1511 3317 1550 :
3348 1487 3518 1564 Quia
3558 1503 3670 1546 non

419 1627 498 1668 ea:
531 1627 616 1682 se,
676 1606 784 1667 sed
836 1625 916 1668 ex
959 1605 1148 1668 Patre
1197 1614 1252 1666 et
1285 1625 1373 1666 me
1425 1614 1546 1674 est;
1604 1605 1721 1667 hoc
1774 1601 1935 1662 enim
1999 1597 2400 1678 ipsumquod
2447 1597 2760 1670 subsistit,
2798 1616 2876 1659 ea:
2927 1597 3122 1658 Patre
3168 1605 3226 1657 et
3274 1613 3367 1654 me
3417 1591 3523 1653 illi
3562 1600 3665 1650 est.

419 1710 789 1772 Clarissima
833 1726 983 1772 vero
1020 1717 1170 1770 sunt
1206 1707 1418 1781 verba,
1466 1725 1612 1788 qum
1655 1706 1896 1768 ibidem
1931 1702 2152 1783 paucis
2210 1703 2635 1781 interpositis,
2671 1702 2860 1764 habet
2903 1725 2918 1764 :
2953 1700 3164 1781 Neque
3189 1698 3342 1781 quid
3377 1696 3559 1760 aliud
3592 1706 3671 1758 est

421 1815 631 1876 Filius
665 1813 948 1892 exceptis
986 1812 1066 1874 iis
1116 1829 1249 1892 qua:
1289 1812 1346 1872 ei
1375 1809 1614 1871 dantur
1657 1828 1694 1868 a
1740 1809 1930 1869 Patre
1962 1827 1982 1875 ;
2010 1805 2104 1866 sic
2148 1823 2341 1885 neque
2387 1805 2516 1868 alia
2563 1805 2919 1868 substantia
2959 1814 3047 1866 est
3093 1804 3379 1883 Spiritus
3426 1808 3669 1861 sanctus

417 1924 653 1994 praeter
685 1914 752 1976 id
783 1911 949 1994 quod
979 1912 1170 1973 datur
1201 1911 1260 1972 ei
1295 1930 1332 1970 a
1357 1911 1554 1972 Filio.
1601 1910 1804 1990 Igitur
1837 1905 2113 1988 Spiritus
2144 1913 2402 1969 sanctus
2445 1906 2677 1986 accipit
2710 1905 3134 1969 substantiam
3183 1922 3218 1967 a
3252 1903 3419 1967 Filio
3467 1923 3485 1964 :
3531 1915 3670 1982 ergo

421 2019 502 2080 ab
546 2035 622 2080 eo
675 2017 1193 2080 substantialiter
1247 2015 1561 2095 procedit.

502 2144 562 2205 Is.
598 2141 879 2221 Cyrillus
937 2142 1440 2214 Alexandrinus,
1478 2142 1591 2205 lib.
1624 2160 1668 2216 ι,
1711 2143 1794 2201 De
1821 2139 2026 2202 adora.

2141 2139 2291 2194 Ἐστι
2309 2139 2403 2194 τοῦ
2431 2137 2591 2208 Θεοῦ,
2616 2139 2736 2212 ait,
2778 2139 2874 2194 καὶ
2897 2139 3134 2211 Πατρδς,
3174 2139 3269 2195 καὶ
3306 2138 3415 2210 μὴν
3444 2135 3546 2192 καὶ
3585 2136 3665 2190 τοῦ

423 2247 554 2304 Υἱοῦ
576 2249 636 2301 τὸ
663 2247 938 2308 οὐσιωδῶς
977 2247 1037 2311 ἐξ
1066 2248 1288 2316 ἀμφοῖν,
1319 2247 1496 2301 show
1525 2247 1588 2300 ἐκ
1627 2246 1838 2316 Πατρὸς
1864 2245 1933 2300 δι’

2137 2245 2380 2315 Πνεῦμα,
2417 2251 2510 2304 est
2569 2262 2652 2306 ea:
2699 2245 2854 2320 Deo,
2897 2253 2958 2306 et
2998 2245 3216 2318 Patre,
3253 2254 3312 2304 et
3333 2243 3510 2304 Filia
3543 2239 3661 2313 ille,

423 2349 532 2427 qui
562 2330 1069 2408 substantialiter
1103 2365 1184 2408 ea:
1217 2345 1534 2420 ambobus,
1577 2365 1686 2408 seu
1717 2365 1796 2408 ea:
1825 2346 2015 2408 Patre
2041 2365 2156 2426 per
2185 2346 2423 2408 Filium
2462 2345 2733 2427 proﬂuit
2753 2347 3058 2425 Spiritus.
3085 2348 3269 2408 Anne
3298 2359 3453 2406 vero
3488 2343 3666 2406 istum

423 2448 899 2509 substantialem
961 2446 1236 2533 Spit-itus
1295 2446 1495 2508 sancti
1556 2463 1636 2510 ex
1697 2453 1970 2526 utroque
2005 2446 2316 2526 ef/luamm
2344 2447 2422 2510 de
2469 2450 2784 2510 donorum
2815 2449 2985 2528 ejus,
3014 2461 3206 2530 atque
3238 2445 3669 2509 charismatum

426 2551 744 2614 effusione
783 2549 1374 2626 interpretabuntur
1407 2545 1750 2610 Photiani‘l
1781 2549 1900 2610 Sed
1935 2547 2192 2610 ridendi
2229 2555 2406 2624 sunt,
2443 2564 2569 2612 non
2602 2547 3001 2623 confutandi,
3034 2549 3092 2611 si
3143 2565 3222 2611 eo
3254 2564 3470 2628 usque
3517 2545 3668 2607 insa-

428 2654 603 2716 niant
640 2651 1028 2729 :praasertim
1063 2665 1208 2710 cum
1247 2647 1412 2710 idem
1449 2647 1513 2710 in
1540 2647 1884 2710 Comment.
1964 2649 2031 2708 in
2058 2645 2224 2708 Joel.
2263 2664 2400 2725 cap.
2443 2665 2512 2722 ιι,
2552 2647 2705 2708 satis
2749 2647 2994 2710 indicet
3038 2648 3346 2726 Spiritum
3383 2650 3663 2708 sanctum

426 2756 652 2819 eodem
703 2752 892 2814 modo
921 2768 1065 2812 esse
1097 2767 1179 2811 ex
1215 2749 1381 2810 Filio
1421 2749 1614 2812 sicuti
1668 2758 1761 2810 est
1797 2750 1860 2810 in
1908 2748 2076 2826 ipso,
2119 2747 2238 2810 hoc
2275 2757 2371 2811 est
2398 2747 2958 2811 substantialiter:
2996 2748 3288 2812 absolute
3322 2749 3502 2810 enim
3540 2746 3619 2809 ait
3650 2768 3664 2808 :

431 2856 598 2909 Ἰδιον
620 2852 785 2908 αὑτοῦ
817 2850 991 2923 (Υίοῦ)
1023 2867 1105 2914 τε,
1124 2850 1220 2903 καὶ
1244 2851 1300 2902 ὲν
1323 2848 1492 2919 αὐτῷ,
1529 2851 1623 2904 καὶ
1654 2849 1714 2914 ἐξ
1735 2849 1898 2903 αὐτοῦ
1925 2867 1955 2902 τ

2143 2849 2242 2920 ipa
2271 2851 2408 2915 tm,
2448 2851 2758 2928 proprius
2806 2860 2896 2911 est
2926 2860 2983 2912 et
3011 2851 3215 2930 ipsius
3247 2847 3476 2930 (Filii),
3521 2856 3577 2910 et
3609 2848 3667 2910 in

429 2959 593 3032 ipso,
628 2961 684 3012 et
716 2970 796 3012 ea:
839 2952 976 3029 ipso
1001 2959 1091 3010 est
1119 2951 1426 3027 Spiritus.
1455 2949 1577 3012 Sed
1612 2951 1960 3030 quomodo,
2004 2949 2370 3012 beatissime
2407 2951 2672 3030 Cyrille,
2703 2951 2983 3028 Spiritus
3038 2959 3299 3015 sanctus
3333 2960 3429 3014 est
3468 2951 3534 3013 in
3568 2949 3668 3012 Fi-

431 3049 562 3112 lio?
598 3055 885 3123 Καθάπερ.
924 3050 1298 3128 reSpnndet,
1332 3049 1526 3120 ἀμέλει.
1567 3049 1662 3103 καὶ
1693 3051 1779 3103 ἐπ’
1813 3050 1955 3105 αὑτοὶ

2146 3069 2214 3106 ται
2261 3050 2356 3105 τοῦ
2389 3051 2526 3106 Θεοῦ
2559 3051 2655 3105 καὶ
2690 3053 2927 3125 Πατρός,
2949 3052 3461 3134 quemadmodum
3515 3053 3670 3116 vide-

435 3151 580 3212 licet
621 3153 686 3212 in
737 3151 874 3230 ipso
901 3150 1287 3229 intelligitur
1317 3150 1446 3210 Deo
1476 3167 1548 3211 ac
1603 3150 1820 3213 Patre.
1854 3153 1930 3212 Et
1963 3150 2028 3213 in
2060 3151 2485 3232 responsione
2530 3155 2606 3216 ad
2638 3154 3064 3218 Orientalium
3097 3156 3368 3236 objecta,
3394 3157 3474 3218 ad
3513 3155 3669 3217 Ana-

436 3253 889 3315 thematismum
951 3253 1010 3325 9,
1068 3251 1303 3326 Filius,
1354 3251 1593 3331 inquit,
1639 3252 1771 3305 ῐδιον
1830 3251 1960 3322 ἔχωι

2146 3253 2175 3321 ξ
2212 3253 2401 3318 αὑτοῦ,
2435 3255 2528 3310 καὶ
2572 3255 2850 3320 οὑσιωδῶς
2905 3256 3229 3327 ἐμπεφυκὸς
3277 3257 3428 3329 αὖτῷ
3463 3256 3669 3328 Πνεῦμα

435 3355 612 3424 ἅγιον.
643 3354 983 3434 proprium
1010 3351 1190 3416 habet
1230 3371 1392 3427 eum,
1446 3353 1555 3432 qui
1594 3372 1674 3414 ea:
1721 3354 1858 3433 ipso
1904 3364 2016 3429 est,
2061 3363 2120 3416 et
2175 3355 2684 3418 substantialiter
2705 3359 2758 3419 ei
2794 3338 2989 3432 inest,
3028 3357 3344 3438 Spiritum
3373 3367 3670 3419 sanctum.

436 3456 579 3519 Pari
645 3455 836 3517 modo
908 3454 1022 3516 lib.
1076 3471 1270 3516 xxxiv
1323 3455 1629 3516 Thesauri
1693 3455 1771 3517 de
1831 3456 1960 3516 eode

2150 3457 2368 3535 ipirilu
2423 3466 2644 3519 sancto
2687 3457 2775 3521 ait
2813 3480 2828 3519 :
2867 3458 3086 3528 Πρόεισι
3119 3458 3176 3512 δὲ
3230 3460 3296 3513 ὲκ
3339 3461 3552 3526 [ἰατρὸς
3587 3457 3674 3512 καὶ

432 3557 590 3614 Υίοῦ.
623 3554 1048 3634 Progreditur
1083 3562 1288 3614 autem
1321 3572 1401 3615 ea:
1432 3553 1622 3614 Patre
1659 3563 1717 3614 et
1773 3553 1983 3622 Filio;
2019 3561 2080 3616 et
2115 3572 2196 3616 ne
2228 3554 2374 3634 quis
2407 3555 2485 3616 de
2519 3557 2977 3635 progressione
3025 3556 3367 3635 temporali
3400 3557 3522 3621 hoc
3577 3557 3670 3619 in-

435 3659 701 3738 telligat,
749 3655 968 3718 subdit
997 3670 1145 3717 eum
1171 3653 1272 3724 τῆς
1304 3655 1456 3718 Θείας
1474 3651 1613 3708 εἶναι
1643 3654 1855 3718 οὐσίας,
1886 3656 1959 3707 obl

2151 3674 2160 3717 ;
2188 3657 2244 3708 ὲν
2271 3656 2409 3732 αὐτῇ
2434 3656 2528 3709 καὶ
2550 3656 2611 3722 ἐξ
2639 3656 2809 3728 αὐτῆς
2837 3659 3046 3729 προῖόν,
3080 3658 3322 3719 Divina:
3352 3676 3483 3719 esse
3542 3658 3675 3722 sub-

434 3761 708 3832 stantiw,
746 3765 814 3816 in
839 3756 978 3834 ipsa
1002 3763 1058 3814 et
1084 3772 1160 3814 ea:
1187 3752 1850 3831 ipsaprogredientem
1881 3773 1902 3813 :
1934 3761 2002 3814 ut
2035 3752 2303 3832 perinde
2342 3753 2586 3833 Cyrillo
2617 3756 2700 3816 sit
2728 3773 2871 3818 esse
2933 3759 3223 3818 erPatre
3263 3763 3325 3819 et
3379 3756 3560 3833 Filio,
3612 3774 3678 3820 ac

439 3878 515 3921 ex
555 3857 911 3920 substantia
953 3855 1156 3916 Patris
1195 3862 1256 3915 et
1288 3854 1460 3916 Filii.
1493 3854 1648 3928 Quis
1680 3870 1850 3916 sanm
1886 3854 2120 3917 mentis
2154 3857 2272 3918 hoc
2329 3855 2406 3918 ad
2446 3857 2893 3937 temporariam
2947 3858 3226 3938 Spiritus
3263 3859 3466 3920 sancti
3519 3858 3673 3921 eﬂ'u-

438 3959 689 4022 sionem
746 3958 946 4019 trahat
977 3961 1004 4018 ?
1033 3959 1148 4018 Par
1205 3955 1354 4016 huic
1389 3963 1487 4017 est
1534 3956 1710 4036 quod
1746 3957 1962 4018 eodem

2151 3960 2286 4022 )ait
2327 3978 2341 4018 :
2394 3960 2482 4014 Ἑν
2513 3959 2664 4032 αὐτῷ
2692 3959 2958 4031 (Χρίστῳ)
2994 3961 3088 4012 καὶ
3131 3957 3192 4025 ἐξ
3237 3959 3406 4014 αὐτοῦ
3447 3958 3675 4030 φυσικῶς

438 4060 680 4130 ὑπάρχον
706 4058 766 4112 τὸ
805 4056 1046 4126 Πνεῦμα,
1071 4057 1140 4117 in
1170 4056 1308 4135 ipso
1343 4056 1639 4136 (Christo)
1665 4065 1724 4118 et
1745 4075 1825 4117 ea:
1855 4058 1962 4134 ipsi

2156 4063 2401 4123 traliter
2431 4063 2682 4124 exsistit
2711 4064 2994 4142 Spiritus
3020 4074 3280 4126 sanctus
3301 4087 3320 4134 ;
3345 4077 3407 4128 et
3439 4087 3453 4124 :
3499 4074 3680 4140 Ἀνάγ-

435 4186 506 4238 κη
551 4170 611 4222 τὸ
661 4165 886 4238 Πνεῦμα
919 4165 1018 4235 τῆς
1055 4166 1244 4229 οὐσίας
1278 4166 1565 4236 ὁμολογεῖν
1598 4167 1694 4221 τοῦ
1756 4165 1917 4231 Υίοῦ,
1945 4169 2020 4232 ὡς
2049 4170 2158 4241 γὰρ
2207 4170 2265 4238 ἐξ
2297 4171 2462 4226 αὐτοῦ
2504 4172 2646 4226 κατὰ
2679 4172 2840 4241 φύσιν
2869 4173 3134 4245 ὑπάρχον,
3167 4185 3414 4228 necesse
3468 4176 3551 4227 est
3589 4167 3680 4248 fa-

437 4261 564 4324 teri
604 4261 917 4340 Spiritum
943 4267 1228 4319 sanctum
1258 4277 1383 4319 esse
1422 4259 1691 4340 ejusdem
1719 4280 1858 4322 cum
1881 4263 2050 4324 Filio
2087 4263 2457 4326 substantiae
2482 4286 2502 4326 :
2529 4285 2672 4326 nam
2703 4275 2773 4326 ut
2827 4285 2906 4326 ex
2932 4268 3072 4346 ipso
3103 4269 3492 4330 naturaliter
3525 4267 3682 4329 exsi-

437 4358 631 4438 stens,
665 4371 786 4426 etc.
824 4361 904 4443 (a)
937 4359 1184 4423 Similia
1209 4359 1394 4423 habet
1431 4362 1686 4442 dialogo
1711 4382 1755 4438 ι,
1793 4366 2077 4428 DeTrin.
2114 4367 2189 4426 Et
2220 4364 2287 4426 in
2323 4365 2661 4429 Comment.
2706 4368 2772 4427 in
2797 4367 3107 4428 Joannem
3127 4377 3235 4442 ait,
3272 4386 3428 4432 eum
3461 4388 3497 4434 a
3526 4369 3679 4433 Filio

436 4464 583 4524 κατὰ
608 4463 770 4534 φύσιν
800 4461 1143 4533 προχεῖσθαι,
1173 4463 1515 4523 secundum
1548 4478 1868 4539 naturam,
1907 4482 1960 4527 se

2157 4465 2443 4527 turaliter
2467 4447 2804 4547 profundi.
2859 4467 3154 4547 Denique
3190 4477 3257 4531 ut
3287 4479 3514 4534 caetera
3548 4486 3681 4552 quae

440 4571 639 4637 multa
694 4575 870 4641 sunt,
934 4566 1302 4628 testimonia
1336 4575 1737 4645 praeteream,
1790 4571 2299 4649 peremptorium
2358 4573 2614 4636 videtur
2655 4591 2797 4638 esse
2838 4575 2999 4639 illud
3056 4578 3231 4658 quod
3274 4578 3470 4640 habet
3511 4575 3680 4638 Com-

438 4682 628 4736 ment.
671 4668 782 4730 lib.
811 4685 874 4740 x,
906 4669 979 4737 in.
1003 4670 1331 4744 Joannem,
1369 4670 1481 4732 ubi
1517 4678 1856 4751 postquam
1889 4673 1962 4734 di

2160 4697 2166 4730 ι
2198 4674 2442 4752 Spiritu
2476 4684 2718 4752 sancto,
2757 4679 2914 4734 Ἐστι
2939 4680 3162 4752 πνεῦμα
3184 4679 3431 4752 Χριστοῦ
3453 4678 3543 4734 καὶ
3567 4677 3684 4741 νοῦς

439 4777 632 4844 αὐτοῦ,
675 4781 764 4831 est
791 4773 1063 4850 spiritus
1086 4771 1327 4834 Christi
1350 4781 1406 4833 et
1431 4791 1598 4833 mens
1625 4773 1833 4852 ipsius
1867 4773 2038 4854 (quas
2072 4775 2168 4837 vel
2198 4775 2332 4837 sola
2368 4777 2553 4839 verba
2588 4780 2741 4841 satis
2765 4798 2910 4844 esse
2942 4781 3254 4844 deberent
3282 4784 3366 4844 ad
3398 4789 3682 4845 astruen-

440 4873 585 4934 dam
632 4873 921 4954 ejusdem
954 4891 988 4936 a
1023 4873 1187 4936 Filio
1222 4874 1701 4953 processionem
1744 4898 1758 4938 :
1793 4877 2118 4956 quomodo
2155 4878 2329 4940 enim
2379 4897 2548 4940 mens
2577 4881 2709 4961 ejus
2751 4891 2871 4957 est,
2923 4884 2978 4944 si
3011 4885 3090 4947 ab
3141 4884 3287 4962 ipso
3330 4901 3463 4946 non
3511 4887 3597 4946 est
3615 4881 3684 4957 ?),

444 4973 633 5054 paulo
691 4987 829 5056 post
858 4975 1129 5038 subdit:
1176 4976 1261 5041 Ὠς
1297 4978 1514 5048 πνεῦμα
1571 4976 1760 5044 αὑτοῦ,
1810 4978 1968 5034 mea:

2163 4977 2291 5043 τῑως
2342 4981 2672 5052 εἰρήκαμεν,
2723 4983 2820 5037 καὶ
2873 4984 3030 5050 εἰδὼς
3073 4985 3378 5050 ἀδιδάκτως
3434 4987 3601 5051 πάντα
3627 4982 3686 5035 τὰ

442 5085 656 5160 (αὑτοῦ)
696 5087 756 5154 ἐξ
791 5080 852 5141 οὗ
879 5087 972 5141 καὶ
1010 5089 1068 5140 ὲν
1095 5079 1251 5159 ᾧπέρ
1278 5088 1416 5154 ἐστι,
1440 5086 1510 5140 τὰ
1547 5087 1667 5140 θεῖα
1693 5089 1806 5151 τοῖς
1841 5088 1965 5157 ἁγίο

2159 5089 2440 5144 ικαλύπτει
2469 5093 2764 5163 μυστήρια,
2796 5094 3090 5164 tanquam
3133 5086 3422 5164 Spiritus
3473 5082 3683 5163 ipsius.

439 5183 539 5244 uti
569 5181 745 5244 modo
779 5183 1154 5257 dicebamus,
1186 5195 1244 5246 et
1278 5193 1348 5244 ut
1379 5199 1783 5262 cognoscens,
1813 5187 2052 5246 nemine
2083 5185 2366 5261 docente,
2399 5187 2606 5248 omnia
2637 5206 2770 5268 qua:
2796 5197 2943 5248 sunt
2975 5190 3130 5270 ejus,
3158 5207 3237 5250 ea:
3259 5208 3381 5269 quo
3409 5199 3460 5250 et
3487 5189 3546 5249 in
3572 5197 3685 5264 quo

443 5295 558 5360 est,
587 5285 802 5348 divi-na
837 5287 1072 5348 sanctis
1131 5286 1430 5362 mysteria
1469 5285 1796 5363 patefacit.
1826 5286 1967 5346 Aud

2161 5285 2480 5362 Photiane,
2501 5287 2562 5353 ἐξ
2586 5283 2645 5342 οὗ
2669 5291 2758 5342 καὶ
2789 5291 2847 5342 ἐν
2871 5287 3025 5360 ᾧπέρ
3047 5293 3179 5356 ἐστι,
3207 5310 3290 5352 ex
3335 5275 3470 5372 quo,
3515 5296 3565 5348 el
3626 5285 3685 5345 in

441 5408 560 5470 quo
585 5401 673 5452 est
703 5411 723 5460 ;
751 5399 814 5453 et
854 5390 1062 5453 adhuc
1107 5387 1462 5452 sustinebis
1495 5404 1571 5447 ex
1594 5404 1670 5448 eo
1700 5403 1826 5448 non
1858 5403 2024 5462 esse,
2058 5405 2176 5452 seu
2208 5406 2333 5452 non
2380 5396 2772 5470 procedere?

521 5664 600 5736 (a)
631 5665 804 5749 Quam
861 5665 1264 5749 recta-'Cvrillo‘
1298 5665 1645 5749 adversatur;
1675 5667 2020 5749 Thgpphqu—
2133 5669 2251 5749 τοᾷ,
2303 5672 2563 5749 συγγενὲς
2613 5672 2743 5749 γᾴρ.
2807 5672 3032 5749 οἱεῇιιιινΔ
3069 5670 3306 5749 Spiritus
3336 5669 3555 5749 Christi,
3591 5681 3687 5749 non

444 5735 594 5814 ctus,
626 5737 762 5814 dum.
787 5752 945 5814 nunt.
980 5735 1046 5814 ιν
1081 5735 1157 5792 ait
1192 5756 1206 5792 :
1239 5735 1966 5814 Aéjstatqliyabpaxptaso

2160 5744 2262 5795 ruia
2289 5758 2353 5796 ex
2385 5735 2502 5810 ipso
2529 5735 2744 5812 pro/luit
2771 5760 2787 5807 ;
2822 5747 2912 5799 scd
2943 5744 3068 5814 quia
3099 5735 3350 5814 proprius
3396 5744 3532 5798 illius
3576 5748 3684 5798 est.

444 5806 566 5865 ἀλλ’
597 5807 697 5879 οὐχ
732 5805 808 5873 ὡς
840 5807 900 5875 ἐξ
929 5808 1142 5862 ἐκείνου
1190 5808 1403 5878 προϊὸν,
1453 5808 1570 5861 ἀλλ’
1599 5805 1675 5872 ὡς
1698 5805 1896 5863 οἰκεῖον
1924 5828 1968 5864 αι

1190 5808 1403 5878 προϊὸν,
1453 5808 1570 5861 ἀλλ’
1599 5805 1675 5872 ὡς
1698 5805 1896 5863 οἰκεῖον
1924 5805 2024 5864 ab?
2135 5805 2386 5881 cognatus
2408 5805 2557 5868 enim
2587 5805 2685 5869 e31.
