  <div class='ocr_page' id='page_1' title='image "/cluster/home/n/w/nwhite01/storage/ocr_20150623/125/hvd.32044019208214/264.png"; bbox 0 0 3860 6586; ppageno 0'>
   <div class='ocr_carea' id='block_1_1' title="bbox 213 342 3404 421">
    <p class='ocr_par' dir='ltr' id='par_1_1' title="bbox 213 342 3404 421">
     <span class='ocr_line' id='line_1_1' title="bbox 213 342 3404 421; baseline 0.001 -15"><span class='ocrx_word' id='word_1_1' title='bbox 213 357 296 420; x_wconf 64' lang='lat'><strong><em>(57</em></strong></span> <span class='ocrx_word' id='word_1_2' title='bbox 1007 345 1088 406; x_wconf 77' lang='grc' dir='ltr'><strong><em>ΙΝ</em></strong></span> <span class='ocrx_word' id='word_1_3' title='bbox 1129 348 1564 421; x_wconf 79' lang='lat' dir='ltr'><strong><em>SEQUENTIA</em></strong></span> <span class='ocrx_word' id='word_1_4' title='bbox 1602 342 2182 410; x_wconf 76' lang='lat' dir='ltr'><strong><em>TIIEOPHYLACTI</em></strong></span> <span class='ocrx_word' id='word_1_5' title='bbox 2212 347 2548 410; x_wconf 78' lang='lat' dir='ltr'><strong><em>SCRIPTA.</em></strong></span> <span class='ocrx_word' id='word_1_6' title='bbox 3296 343 3404 411; x_wconf 63' lang='lat' dir='ltr'><strong><em>4L8</em></strong></span> 
     </span>
    </p>
   </div>
   <div class='ocr_carea' id='block_1_2' title="bbox 274 452 1798 542">
    <p class='ocr_par' dir='ltr' id='par_1_2' title="bbox 274 452 1798 542">
     <span class='ocr_line' id='line_1_2' title="bbox 274 452 1798 542; baseline -0.004 -18"><span class='ocrx_word' id='word_1_7' title='bbox 274 464 326 524; x_wconf 84' lang='lat'><strong><em>5.</em></strong></span> <span class='ocrx_word' id='word_1_8' title='bbox 360 459 603 520; x_wconf 84' lang='lat' dir='ltr'><strong><em>Sanctus</em></strong></span> <span class='ocrx_word' id='word_1_9' title='bbox 635 452 1095 542; x_wconf 57' lang='lat' dir='ltr'><strong><em>Basiliusﬁizec</em></strong></span> <span class='ocrx_word' id='word_1_10' title='bbox 1143 456 1328 518; x_wconf 85' lang='lat' dir='ltr'><strong><em>habet</em></strong></span> <span class='ocrx_word' id='word_1_11' title='bbox 1377 457 1482 519; x_wconf 91' lang='lat' dir='ltr'><strong><em>lib.</em></strong></span> <span class='ocrx_word' id='word_1_12' title='bbox 1540 475 1610 518; x_wconf 82' lang='lat' dir='ltr'><strong><em>ni</em></strong></span> <span class='ocrx_word' id='word_1_13' title='bbox 1669 475 1798 518; x_wconf 83' lang='lat' dir='ltr'><strong><em>com</em></strong></span> 
     </span>
    </p>
   </div>
   <div class='ocr_carea' id='block_1_3' title="bbox 1883 452 3407 542">
    <p class='ocr_par' dir='ltr' id='par_1_3' title="bbox 1883 458 3407 540">
     <span class='ocr_line' id='line_1_3' title="bbox 1883 458 3407 540; baseline 0.004 -25"><span class='ocrx_word' id='word_1_14' title='bbox 1883 477 1890 515; x_wconf 74' lang='grc' dir='ltr'>ι</span> <span class='ocrx_word' id='word_1_15' title='bbox 1949 458 2328 520; x_wconf 85' lang='lat' dir='ltr'><strong><em>Eunomium</em></strong></span> <span class='ocrx_word' id='word_1_16' title='bbox 2362 480 2382 519; x_wconf 87' lang='lat'><em>:</em></span> <span class='ocrx_word' id='word_1_17' title='bbox 2452 464 2747 537; x_wconf 76' lang='grc' dir='ltr'><strong><em>Ἀξιώματι</em></strong></span> <span class='ocrx_word' id='word_1_18' title='bbox 2789 465 2892 537; x_wconf 65' lang='grc' dir='ltr'>μιν</span> <span class='ocrx_word' id='word_1_19' title='bbox 2946 465 3288 540; x_wconf 79' lang='grc' dir='ltr'><strong><em>δευτερεύειν</em></strong></span> <span class='ocrx_word' id='word_1_20' title='bbox 3324 467 3407 540; x_wconf 74' lang='grc' dir='ltr'><strong><em>(τὸ</em></strong></span> 
     </span>
    </p>
   </div>
   <div class='ocr_carea' id='block_1_4' title="bbox 212 551 3406 632">
    <p class='ocr_par' dir='ltr' id='par_1_4' title="bbox 212 551 3406 632">
     <span class='ocr_line' id='line_1_4' title="bbox 212 551 3406 632; baseline 0.001 -15"><span class='ocrx_word' id='word_1_21' title='bbox 212 558 423 630; x_wconf 77' lang='grc' dir='ltr'><strong><em>Πνεῦμα)</em></strong></span> <span class='ocrx_word' id='word_1_22' title='bbox 454 555 726 620; x_wconf 77' lang='grc' dir='ltr'><strong><em>τοῦ-Υῑοῦ,</em></strong></span> <span class='ocrx_word' id='word_1_23' title='bbox 761 555 891 626; x_wconf 81' lang='grc' dir='ltr'>παρ’</span> <span class='ocrx_word' id='word_1_24' title='bbox 913 554 1079 609; x_wconf 75' lang='grc' dir='ltr'>αὺτοῦ</span> <span class='ocrx_word' id='word_1_25' title='bbox 1106 557 1166 609; x_wconf 80' lang='grc' dir='ltr'><strong><em>τὸ</em></strong></span> <span class='ocrx_word' id='word_1_26' title='bbox 1196 551 1336 610; x_wconf 77' lang='grc' dir='ltr'>εἶναι</span> <span class='ocrx_word' id='word_1_27' title='bbox 1390 559 1534 628; x_wconf 75' lang='grc' dir='ltr'>ἔχον,</span> <span class='ocrx_word' id='word_1_28' title='bbox 1584 559 1681 613; x_wconf 75' lang='grc' dir='ltr'>καὶ</span> <span class='ocrx_word' id='word_1_29' title='bbox 1734 558 1866 629; x_wconf 84' lang='grc' dir='ltr'>παρ’</span> <span class='ocrx_word' id='word_1_30' title='bbox 1899 559 2062 613; x_wconf 72' lang='grc' dir='ltr'>αὑτοῦ</span> <span class='ocrx_word' id='word_1_31' title='bbox 2102 559 2403 631; x_wconf 81' lang='grc' dir='ltr'>λαμόἀνον,</span> <span class='ocrx_word' id='word_1_32' title='bbox 2438 561 2533 616; x_wconf 75' lang='grc' dir='ltr'><strong><em>καὶ</em></strong></span> <span class='ocrx_word' id='word_1_33' title='bbox 2569 559 2906 630; x_wconf 73' lang='grc' dir='ltr'>ἁναγγέλλον</span> <span class='ocrx_word' id='word_1_34' title='bbox 2933 562 3084 632; x_wconf 80' lang='grc' dir='ltr'>ἡμῖν</span> <span class='ocrx_word' id='word_1_35' title='bbox 3130 562 3226 615; x_wconf 72' lang='grc' dir='ltr'><strong><em>καὶ</em></strong></span> <span class='ocrx_word' id='word_1_36' title='bbox 3272 561 3406 619; x_wconf 75' lang='grc' dir='ltr'><strong><em>ὅλως</em></strong></span> 
     </span>
    </p>
   </div>
   <div class='ocr_carea' id='block_1_5' title="bbox 209 652 1733 734">
    <p class='ocr_par' dir='ltr' id='par_1_5' title="bbox 209 659 1733 734">
     <span class='ocr_line' id='line_1_5' title="bbox 209 659 1733 734; baseline -0.004 -16"><span class='ocrx_word' id='word_1_37' title='bbox 209 667 294 734; x_wconf 79' lang='grc' dir='ltr'><strong><em>τῆς</em></strong></span> <span class='ocrx_word' id='word_1_38' title='bbox 329 660 490 724; x_wconf 73' lang='grc' dir='ltr'>αἰτίας</span> <span class='ocrx_word' id='word_1_39' title='bbox 517 660 729 728; x_wconf 78' lang='grc' dir='ltr'><strong><em>ἐκείνης</em></strong></span> <span class='ocrx_word' id='word_1_40' title='bbox 756 659 1063 730; x_wconf 73' lang='grc' dir='ltr'><strong><em>ἐξημμένον</em></strong></span> <span class='ocrx_word' id='word_1_41' title='bbox 1091 659 1460 729; x_wconf 75' lang='grc' dir='ltr'>παραδίδωσιν</span> <span class='ocrx_word' id='word_1_42' title='bbox 1515 659 1646 721; x_wconf 76' lang='grc' dir='ltr'><strong><em>ἴσως</em></strong></span> <span class='ocrx_word' id='word_1_43' title='bbox 1674 660 1733 712; x_wconf 72' lang='lat' dir='ltr'><strong><em>bi</em></strong></span> 
     </span>
    </p>
   </div>
   <div class='ocr_carea' id='block_1_6' title="bbox 1888 652 3412 734">
    <p class='ocr_par' dir='ltr' id='par_1_6' title="bbox 1894 652 3412 732">
     <span class='ocr_line' id='line_1_6' title="bbox 1894 652 3412 732; baseline 0 -19"><span class='ocrx_word' id='word_1_44' title='bbox 1894 661 2010 724; x_wconf 80' lang='grc' dir='ltr'>είας</span> <span class='ocrx_word' id='word_1_45' title='bbox 2054 661 2234 730; x_wconf 84' lang='grc' dir='ltr'><strong><em>λόγος,</em></strong></span> <span class='ocrx_word' id='word_1_46' title='bbox 2260 654 2574 732; x_wconf 84' lang='lat' dir='ltr'><strong><em>Spiritum</em></strong></span> <span class='ocrx_word' id='word_1_47' title='bbox 2628 664 2912 714; x_wconf 86' lang='lat' dir='ltr'><strong><em>sanctum</em></strong></span> <span class='ocrx_word' id='word_1_48' title='bbox 2963 652 3272 732; x_wconf 83' lang='lat' dir='ltr'><strong><em>dignitate</em></strong></span> <span class='ocrx_word' id='word_1_49' title='bbox 3318 672 3412 713; x_wconf 82' lang='lat' dir='ltr'><strong><em>se-</em></strong></span> 
     </span>
    </p>
   </div>
   <div class='ocr_carea' id='block_1_7' title="bbox 211 751 3412 835">
    <p class='ocr_par' dir='ltr' id='par_1_7' title="bbox 211 751 3412 835">
     <span class='ocr_line' id='line_1_7' title="bbox 211 751 3412 835; baseline -0.003 -12"><span class='ocrx_word' id='word_1_50' title='bbox 211 759 448 824; x_wconf 84' lang='lat' dir='ltr'><strong><em>cundum</em></strong></span> <span class='ocrx_word' id='word_1_51' title='bbox 480 775 604 817; x_wconf 79' lang='lat' dir='ltr'><strong><em>esse</em></strong></span> <span class='ocrx_word' id='word_1_52' title='bbox 630 774 670 814; x_wconf 87' lang='lat' dir='ltr'><strong><em>a</em></strong></span> <span class='ocrx_word' id='word_1_53' title='bbox 692 751 891 830; x_wconf 84' lang='lat' dir='ltr'><strong><em>Filio,</em></strong></span> <span class='ocrx_word' id='word_1_54' title='bbox 927 763 1001 815; x_wconf 89' lang='lat' dir='ltr'><strong><em>ut</em></strong></span> <span class='ocrx_word' id='word_1_55' title='bbox 1037 758 1148 835; x_wconf 91' lang='lat' dir='ltr'><strong><em>qui</em></strong></span> <span class='ocrx_word' id='word_1_56' title='bbox 1178 775 1304 815; x_wconf 88' lang='lat' dir='ltr'><strong><em>esse</em></strong></span> <span class='ocrx_word' id='word_1_57' title='bbox 1335 753 1548 816; x_wconf 90' lang='lat' dir='ltr'><strong><em>abillo</em></strong></span> <span class='ocrx_word' id='word_1_58' title='bbox 1584 753 1832 828; x_wconf 81' lang='lat' dir='ltr'><strong><em>habeat,</em></strong></span> <span class='ocrx_word' id='word_1_59' title='bbox 1869 763 1925 814; x_wconf 91' lang='lat' dir='ltr'><strong><em>et</em></strong></span> <span class='ocrx_word' id='word_1_60' title='bbox 1965 754 2041 817; x_wconf 91' lang='lat' dir='ltr'><strong><em>ab</em></strong></span> <span class='ocrx_word' id='word_1_61' title='bbox 2083 757 2221 834; x_wconf 81' lang='lat' dir='ltr'><strong><em>ipso</em></strong></span> <span class='ocrx_word' id='word_1_62' title='bbox 2250 756 2550 829; x_wconf 83' lang='lat' dir='ltr'><strong><em>accipiat,</em></strong></span> <span class='ocrx_word' id='word_1_63' title='bbox 2581 763 2639 815; x_wconf 90' lang='lat' dir='ltr'><strong><em>et</em></strong></span> <span class='ocrx_word' id='word_1_64' title='bbox 2665 756 2919 816; x_wconf 78' lang='lat' dir='ltr'><strong><em>omnino</em></strong></span> <span class='ocrx_word' id='word_1_65' title='bbox 2953 774 3034 817; x_wconf 78' lang='lat' dir='ltr'><strong><em>ea:</em></strong></span> <span class='ocrx_word' id='word_1_66' title='bbox 3078 753 3194 816; x_wconf 87' lang='lat' dir='ltr'><strong><em>illa</em></strong></span> <span class='ocrx_word' id='word_1_67' title='bbox 3221 774 3412 816; x_wconf 86' lang='lat' dir='ltr'><strong><em>causa</em></strong></span> 
     </span>
    </p>
   </div>
   <div class='ocr_carea' id='block_1_8' title="bbox 207 853 3412 943">
    <p class='ocr_par' dir='ltr' id='par_1_8' title="bbox 207 853 3412 943">
     <span class='ocr_line' id='line_1_8' title="bbox 207 853 3412 943; baseline -0.002 -20"><span class='ocrx_word' id='word_1_68' title='bbox 207 859 459 943; x_wconf 84' lang='lat' dir='ltr'><strong><em>pendeat,</em></strong></span> <span class='ocrx_word' id='word_1_69' title='bbox 471 854 723 935; x_wconf 86' lang='lat' dir='ltr'><strong><em>pietatis</em></strong></span> <span class='ocrx_word' id='word_1_70' title='bbox 751 872 950 915; x_wconf 91' lang='lat' dir='ltr'><strong><em>sermo</em></strong></span> <span class='ocrx_word' id='word_1_71' title='bbox 978 857 1249 934; x_wconf 72' lang='lat' dir='ltr'><strong><em>fortasse</em></strong></span> <span class='ocrx_word' id='word_1_72' title='bbox 1281 853 1501 917; x_wconf 87' lang='lat' dir='ltr'><strong><em>tradit.</em></strong></span> <span class='ocrx_word' id='word_1_73' title='bbox 1522 857 1616 916; x_wconf 88' lang='lat' dir='ltr'><strong><em>En</em></strong></span> <span class='ocrx_word' id='word_1_74' title='bbox 1631 872 1824 934; x_wconf 87' lang='lat' dir='ltr'><strong><em>quam</em></strong></span> <span class='ocrx_word' id='word_1_75' title='bbox 1854 853 2020 938; x_wconf 79' lang='lat' dir='ltr'><strong><em>clare</em></strong></span> <span class='ocrx_word' id='word_1_76' title='bbox 2041 857 2310 934; x_wconf 79' lang='lat' dir='ltr'><strong><em>Magnus</em></strong></span> <span class='ocrx_word' id='word_1_77' title='bbox 2332 854 2608 916; x_wconf 83' lang='lat' dir='ltr'><strong><em>Basilius</em></strong></span> <span class='ocrx_word' id='word_1_78' title='bbox 2625 854 2854 933; x_wconf 87' lang='lat' dir='ltr'><strong><em>dogma</em></strong></span> <span class='ocrx_word' id='word_1_79' title='bbox 2881 855 3251 916; x_wconf 85' lang='lat' dir='ltr'><strong><em>Latinorum</em></strong></span> <span class='ocrx_word' id='word_1_80' title='bbox 3285 860 3412 915; x_wconf 85' lang='lat' dir='ltr'><strong><em>tra-</em></strong></span> 
     </span>
    </p>
   </div>
   <div class='ocr_carea' id='block_1_9' title="bbox 213 955 3411 1040">
    <p class='ocr_par' dir='ltr' id='par_1_9' title="bbox 213 955 3411 1040">
     <span class='ocr_line' id='line_1_9' title="bbox 213 955 3411 1040; baseline -0.003 -13"><span class='ocrx_word' id='word_1_81' title='bbox 213 959 620 1040; x_wconf 87' lang='lat' dir='ltr'><strong><em>dit.Equidem</em></strong></span> <span class='ocrx_word' id='word_1_82' title='bbox 639 961 890 1020; x_wconf 82' lang='lat' dir='ltr'><strong><em>Marcus</em></strong></span> <span class='ocrx_word' id='word_1_83' title='bbox 919 958 1285 1036; x_wconf 87' lang='lat' dir='ltr'><strong><em>Ephesinus</em></strong></span> <span class='ocrx_word' id='word_1_84' title='bbox 1310 959 1376 1019; x_wconf 91' lang='lat' dir='ltr'><strong><em>in</em></strong></span> <span class='ocrx_word' id='word_1_85' title='bbox 1409 958 1685 1021; x_wconf 89' lang='lat' dir='ltr'><strong><em>concilio</em></strong></span> <span class='ocrx_word' id='word_1_86' title='bbox 1709 957 2278 1028; x_wconf 86' lang='lat' dir='ltr'><strong><em>Florentino,cum</em></strong></span> <span class='ocrx_word' id='word_1_87' title='bbox 2310 973 2438 1018; x_wconf 92' lang='lat' dir='ltr'><strong><em>non</em></strong></span> <span class='ocrx_word' id='word_1_88' title='bbox 2468 956 2646 1017; x_wconf 84' lang='lat' dir='ltr'><strong><em>aliud</em></strong></span> <span class='ocrx_word' id='word_1_89' title='bbox 2681 957 2854 1036; x_wconf 91' lang='lat' dir='ltr'><strong><em>quod</em></strong></span> <span class='ocrx_word' id='word_1_90' title='bbox 2886 956 2960 1017; x_wconf 90' lang='lat' dir='ltr'><strong><em>ad</em></strong></span> <span class='ocrx_word' id='word_1_91' title='bbox 2987 955 3258 1018; x_wconf 86' lang='lat' dir='ltr'><strong><em>evidens</em></strong></span> <span class='ocrx_word' id='word_1_92' title='bbox 3289 955 3411 1017; x_wconf 88' lang='lat' dir='ltr'><strong><em>hoc</em></strong></span> 
     </span>
    </p>
   </div>
   <div class='ocr_carea' id='block_1_10' title="bbox 211 1053 3410 1140">
    <p class='ocr_par' dir='ltr' id='par_1_10' title="bbox 211 1053 3410 1140">
     <span class='ocr_line' id='line_1_10' title="bbox 211 1053 3410 1140; baseline -0.003 -15"><span class='ocrx_word' id='word_1_93' title='bbox 211 1060 592 1140; x_wconf 86' lang='lat' dir='ltr'><strong><em>responderet</em></strong></span> <span class='ocrx_word' id='word_1_94' title='bbox 621 1057 1090 1132; x_wconf 83' lang='lat' dir='ltr'><strong><em>testimonium,</em></strong></span> <span class='ocrx_word' id='word_1_95' title='bbox 1128 1058 1220 1118; x_wconf 84' lang='lat' dir='ltr'>illi</span> <span class='ocrx_word' id='word_1_96' title='bbox 1255 1065 1649 1137; x_wconf 88' lang='lat' dir='ltr'><strong><em>suppeteret,</em></strong></span> <span class='ocrx_word' id='word_1_97' title='bbox 1688 1073 1915 1137; x_wconf 86' lang='lat' dir='ltr'><strong><em>magna</em></strong></span> <span class='ocrx_word' id='word_1_98' title='bbox 1967 1055 2382 1118; x_wconf 75' lang='lat' dir='ltr'><strong><em>contentione</em></strong></span> <span class='ocrx_word' id='word_1_99' title='bbox 2421 1053 2753 1128; x_wconf 83' lang='lat' dir='ltr'><strong><em>sustinuit,</em></strong></span> <span class='ocrx_word' id='word_1_100' title='bbox 2789 1063 3029 1116; x_wconf 75' lang='lat' dir='ltr'><strong><em>textum</em></strong></span> <span class='ocrx_word' id='word_1_101' title='bbox 3079 1055 3254 1117; x_wconf 88' lang='lat' dir='ltr'><strong><em>hunc</em></strong></span> <span class='ocrx_word' id='word_1_102' title='bbox 3292 1054 3410 1116; x_wconf 85' lang='lat' dir='ltr'><strong><em>fal-</em></strong></span> 
     </span>
    </p>
   </div>
   <div class='ocr_carea' id='block_1_11' title="bbox 211 1161 3409 1242">
    <p class='ocr_par' dir='ltr' id='par_1_11' title="bbox 211 1161 3409 1242">
     <span class='ocr_line' id='line_1_11' title="bbox 211 1161 3409 1242; baseline -0.002 -14"><span class='ocrx_word' id='word_1_103' title='bbox 211 1172 390 1228; x_wconf 82' lang='lat' dir='ltr'><strong><em>satum</em></strong></span> <span class='ocrx_word' id='word_1_104' title='bbox 421 1171 479 1224; x_wconf 89' lang='lat' dir='ltr'><strong><em>et</em></strong></span> <span class='ocrx_word' id='word_1_105' title='bbox 512 1162 964 1237; x_wconf 87' lang='lat' dir='ltr'><strong><em>interpolatum</em></strong></span> <span class='ocrx_word' id='word_1_106' title='bbox 999 1179 1164 1224; x_wconf 89' lang='lat' dir='ltr'><strong><em>esse.</em></strong></span> <span class='ocrx_word' id='word_1_107' title='bbox 1198 1164 1318 1224; x_wconf 92' lang='lat' dir='ltr'><strong><em>Sed</em></strong></span> <span class='ocrx_word' id='word_1_108' title='bbox 1357 1170 1594 1241; x_wconf 89' lang='lat' dir='ltr'><strong><em>quanta</em></strong></span> <span class='ocrx_word' id='word_1_109' title='bbox 1630 1162 1904 1242; x_wconf 82' lang='lat' dir='ltr'><strong><em>injuria!</em></strong></span> <span class='ocrx_word' id='word_1_110' title='bbox 1940 1164 2122 1236; x_wconf 90' lang='lat' dir='ltr'><strong><em>Nam,</em></strong></span> <span class='ocrx_word' id='word_1_111' title='bbox 2165 1167 2236 1222; x_wconf 87' lang='lat' dir='ltr'><strong><em>ut</em></strong></span> <span class='ocrx_word' id='word_1_112' title='bbox 2268 1163 2552 1222; x_wconf 83' lang='lat' dir='ltr'><strong><em>Joannes</em></strong></span> <span class='ocrx_word' id='word_1_113' title='bbox 2581 1161 2797 1240; x_wconf 84' lang='lat' dir='ltr'><strong><em>Niger,</em></strong></span> <span class='ocrx_word' id='word_1_114' title='bbox 2831 1161 2947 1240; x_wconf 84' lang='lat' dir='ltr'><strong><em>qui</em></strong></span> <span class='ocrx_word' id='word_1_115' title='bbox 2981 1161 3141 1223; x_wconf 91' lang='lat' dir='ltr'><strong><em>illud</em></strong></span> <span class='ocrx_word' id='word_1_116' title='bbox 3173 1162 3409 1224; x_wconf 86' lang='lat' dir='ltr'><strong><em>attule-</em></strong></span> 
     </span>
    </p>
   </div>
   <div class='ocr_carea' id='block_1_12' title="bbox 213 1264 3410 1344">
    <p class='ocr_par' dir='ltr' id='par_1_12' title="bbox 213 1264 3410 1344">
     <span class='ocr_line' id='line_1_12' title="bbox 213 1264 3410 1344; baseline -0.002 -15"><span class='ocrx_word' id='word_1_117' title='bbox 213 1277 310 1340; x_wconf 86' lang='lat' dir='ltr'><strong><em>rat,</em></strong></span> <span class='ocrx_word' id='word_1_118' title='bbox 350 1265 629 1344; x_wconf 78' lang='lat' dir='ltr'><strong><em>regessit,</em></strong></span> <span class='ocrx_word' id='word_1_119' title='bbox 667 1266 868 1327; x_wconf 78' lang='lat' dir='ltr'><strong><em>codex</em></strong></span> <span class='ocrx_word' id='word_1_120' title='bbox 903 1267 1074 1327; x_wconf 87' lang='lat' dir='ltr'><strong><em>unde</em></strong></span> <span class='ocrx_word' id='word_1_121' title='bbox 1105 1267 1524 1344; x_wconf 81' lang='lat' dir='ltr'><strong><em>depromptus</em></strong></span> <span class='ocrx_word' id='word_1_122' title='bbox 1565 1273 1684 1340; x_wconf 91' lang='lat' dir='ltr'><strong><em>est,</em></strong></span> <span class='ocrx_word' id='word_1_123' title='bbox 1745 1268 2006 1343; x_wconf 64' lang='lat' dir='ltr'><strong><em>Optima:</em></strong></span> <span class='ocrx_word' id='word_1_124' title='bbox 2038 1272 2205 1327; x_wconf 64' lang='lat' dir='ltr'><strong><em>notas</em></strong></span> <span class='ocrx_word' id='word_1_125' title='bbox 2238 1271 2397 1337; x_wconf 88' lang='lat' dir='ltr'><strong><em>erat,</em></strong></span> <span class='ocrx_word' id='word_1_126' title='bbox 2451 1264 3013 1343; x_wconf 88' lang='lat' dir='ltr'><strong><em>Constantinopoli</em></strong></span> <span class='ocrx_word' id='word_1_127' title='bbox 3040 1280 3075 1325; x_wconf 89' lang='lat' dir='ltr'><strong><em>a</em></strong></span> <span class='ocrx_word' id='word_1_128' title='bbox 3105 1264 3410 1326; x_wconf 67' lang='lat' dir='ltr'><strong><em>cartlinali</em></strong></span> 
     </span>
    </p>
   </div>
   <div class='ocr_carea' id='block_1_13' title="bbox 209 1361 3416 1440">
    <p class='ocr_par' dir='ltr' id='par_1_13' title="bbox 209 1361 3416 1440">
     <span class='ocr_line' id='line_1_13' title="bbox 209 1361 3416 1440; baseline -0.001 -12"><span class='ocrx_word' id='word_1_129' title='bbox 209 1370 434 1428; x_wconf 80' lang='lat' dir='ltr'><strong><em>Cosano</em></strong></span> <span class='ocrx_word' id='word_1_130' title='bbox 449 1363 773 1437; x_wconf 89' lang='lat' dir='ltr'><strong><em>advectus,</em></strong></span> <span class='ocrx_word' id='word_1_131' title='bbox 805 1363 865 1423; x_wconf 92' lang='lat' dir='ltr'><strong><em>in</em></strong></span> <span class='ocrx_word' id='word_1_132' title='bbox 899 1362 1313 1436; x_wconf 85' lang='lat' dir='ltr'><strong><em>membranis,</em></strong></span> <span class='ocrx_word' id='word_1_133' title='bbox 1343 1363 1665 1424; x_wconf 87' lang='lat' dir='ltr'><strong><em>sexcentis</em></strong></span> <span class='ocrx_word' id='word_1_134' title='bbox 1685 1369 1833 1424; x_wconf 87' lang='lat' dir='ltr'><strong><em>ante</em></strong></span> <span class='ocrx_word' id='word_1_135' title='bbox 1864 1362 2211 1424; x_wconf 87' lang='lat' dir='ltr'><strong><em>concilium</em></strong></span> <span class='ocrx_word' id='word_1_136' title='bbox 2237 1361 2682 1422; x_wconf 86' lang='lat' dir='ltr'><strong><em>Florentinum</em></strong></span> <span class='ocrx_word' id='word_1_137' title='bbox 2701 1361 2918 1435; x_wconf 85' lang='lat' dir='ltr'><strong><em>annis,</em></strong></span> <span class='ocrx_word' id='word_1_138' title='bbox 2948 1361 3242 1440; x_wconf 82' lang='lat' dir='ltr'><strong><em>adeoque</em></strong></span> <span class='ocrx_word' id='word_1_139' title='bbox 3269 1365 3416 1424; x_wconf 80' lang='lat' dir='ltr'><strong><em>ante</em></strong></span> 
     </span>
    </p>
   </div>
   <div class='ocr_carea' id='block_1_14' title="bbox 209 1463 3417 1542">
    <p class='ocr_par' dir='ltr' id='par_1_14' title="bbox 209 1463 3417 1542">
     <span class='ocr_line' id='line_1_14' title="bbox 209 1463 3417 1542; baseline -0.002 -12"><span class='ocrx_word' id='word_1_140' title='bbox 209 1475 469 1530; x_wconf 81' lang='lat' dir='ltr'><strong><em>exortum</em></strong></span> <span class='ocrx_word' id='word_1_141' title='bbox 498 1466 752 1526; x_wconf 66' lang='lat' dir='ltr'><strong><em>Graecos</em></strong></span> <span class='ocrx_word' id='word_1_142' title='bbox 783 1465 952 1525; x_wconf 89' lang='lat' dir='ltr'><strong><em>inter</em></strong></span> <span class='ocrx_word' id='word_1_143' title='bbox 975 1481 1048 1526; x_wconf 88' lang='lat' dir='ltr'><strong><em>ac</em></strong></span> <span class='ocrx_word' id='word_1_144' title='bbox 1088 1465 1345 1526; x_wconf 88' lang='lat' dir='ltr'><strong><em>Latinos</em></strong></span> <span class='ocrx_word' id='word_1_145' title='bbox 1385 1466 1500 1528; x_wconf 89' lang='lat' dir='ltr'><strong><em>hac</em></strong></span> <span class='ocrx_word' id='word_1_146' title='bbox 1534 1468 1614 1526; x_wconf 89' lang='lat' dir='ltr'><strong><em>de</em></strong></span> <span class='ocrx_word' id='word_1_147' title='bbox 1675 1482 1741 1527; x_wconf 86' lang='lat' dir='ltr'><strong><em>re</em></strong></span> <span class='ocrx_word' id='word_1_148' title='bbox 1768 1465 2147 1539; x_wconf 90' lang='lat' dir='ltr'><strong><em>dissidium,</em></strong></span> <span class='ocrx_word' id='word_1_149' title='bbox 2204 1469 2525 1526; x_wconf 79' lang='lat' dir='ltr'><strong><em>exaratos.</em></strong></span> <span class='ocrx_word' id='word_1_150' title='bbox 2561 1463 2739 1524; x_wconf 90' lang='lat' dir='ltr'><strong><em>Unde</em></strong></span> <span class='ocrx_word' id='word_1_151' title='bbox 2779 1478 2933 1542; x_wconf 87' lang='lat' dir='ltr'><strong><em>ergo</em></strong></span> <span class='ocrx_word' id='word_1_152' title='bbox 2979 1465 3417 1542; x_wconf 86' lang='lat' dir='ltr'><strong><em>corruptionis</em></strong></span> 
     </span>
    </p>
   </div>
   <div class='ocr_carea' id='block_1_15' title="bbox 209 1562 3422 1646">
    <p class='ocr_par' dir='ltr' id='par_1_15' title="bbox 209 1562 3422 1646">
     <span class='ocr_line' id='line_1_15' title="bbox 209 1562 3422 1646; baseline -0 -18"><span class='ocrx_word' id='word_1_153' title='bbox 209 1567 466 1646; x_wconf 85' lang='lat' dir='ltr'><strong><em>suspicio</em></strong></span> <span class='ocrx_word' id='word_1_154' title='bbox 489 1569 518 1626; x_wconf 79' lang='lat' dir='ltr'><strong><em>‘t</em></strong></span> <span class='ocrx_word' id='word_1_155' title='bbox 547 1566 666 1627; x_wconf 86' lang='lat' dir='ltr'><strong><em>Sed</em></strong></span> <span class='ocrx_word' id='word_1_156' title='bbox 699 1566 913 1644; x_wconf 84' lang='lat' dir='ltr'><strong><em>plures</em></strong></span> <span class='ocrx_word' id='word_1_157' title='bbox 943 1565 1201 1627; x_wconf 90' lang='lat' dir='ltr'><strong><em>codices</em></strong></span> <span class='ocrx_word' id='word_1_158' title='bbox 1243 1566 1325 1626; x_wconf 85' lang='lat' dir='ltr'><strong><em>ita</em></strong></span> <span class='ocrx_word' id='word_1_159' title='bbox 1350 1583 1477 1627; x_wconf 90' lang='lat' dir='ltr'><strong><em>non</em></strong></span> <span class='ocrx_word' id='word_1_160' title='bbox 1509 1565 1768 1640; x_wconf 88' lang='lat' dir='ltr'><strong><em>habent,</em></strong></span> <span class='ocrx_word' id='word_1_161' title='bbox 1801 1565 2165 1644; x_wconf 88' lang='lat' dir='ltr'><strong><em>opponebat</em></strong></span> <span class='ocrx_word' id='word_1_162' title='bbox 2192 1563 2585 1642; x_wconf 86' lang='lat' dir='ltr'><strong><em>Ephesinus.</em></strong></span> <span class='ocrx_word' id='word_1_163' title='bbox 2617 1562 2788 1638; x_wconf 85' lang='lat' dir='ltr'><strong><em>Quid</em></strong></span> <span class='ocrx_word' id='word_1_164' title='bbox 2814 1564 2992 1635; x_wconf 84' lang='lat' dir='ltr'><strong><em>inde,</em></strong></span> <span class='ocrx_word' id='word_1_165' title='bbox 3025 1564 3080 1626; x_wconf 89' lang='lat' dir='ltr'><strong><em>si</em></strong></span> <span class='ocrx_word' id='word_1_166' title='bbox 3111 1565 3422 1627; x_wconf 82' lang='lat' dir='ltr'><strong><em>vetustio-</em></strong></span> 
     </span>
    </p>
   </div>
   <div class='ocr_carea' id='block_1_16' title="bbox 207 1666 3419 1750">
    <p class='ocr_par' dir='ltr' id='par_1_16' title="bbox 207 1666 3419 1750">
     <span class='ocr_line' id='line_1_16' title="bbox 207 1666 3419 1750; baseline -0 -18"><span class='ocrx_word' id='word_1_167' title='bbox 207 1687 295 1732; x_wconf 88' lang='lat' dir='ltr'><strong><em>res</em></strong></span> <span class='ocrx_word' id='word_1_168' title='bbox 322 1674 378 1730; x_wconf 83' lang='lat' dir='ltr'><strong><em>et</em></strong></span> <span class='ocrx_word' id='word_1_169' title='bbox 409 1675 546 1729; x_wconf 88' lang='lat' dir='ltr'><strong><em>ante</em></strong></span> <span class='ocrx_word' id='word_1_170' title='bbox 568 1666 848 1729; x_wconf 87' lang='lat' dir='ltr'><strong><em>schisma</em></strong></span> <span class='ocrx_word' id='word_1_171' title='bbox 881 1666 1222 1743; x_wconf 81' lang='lat' dir='ltr'><strong><em>conscripti</em></strong></span> <span class='ocrx_word' id='word_1_172' title='bbox 1259 1673 1504 1729; x_wconf 80' lang='lat' dir='ltr'><strong><em>textum</em></strong></span> <span class='ocrx_word' id='word_1_173' title='bbox 1538 1674 1607 1730; x_wconf 90' lang='lat' dir='ltr'><strong><em>ut</em></strong></span> <span class='ocrx_word' id='word_1_174' title='bbox 1657 1666 1994 1730; x_wconf 88' lang='lat' dir='ltr'><strong><em>attulimus</em></strong></span> <span class='ocrx_word' id='word_1_175' title='bbox 2026 1667 2406 1730; x_wconf 81' lang='lat' dir='ltr'><strong><em>exhibeant?</em></strong></span> <span class='ocrx_word' id='word_1_176' title='bbox 2443 1668 2571 1728; x_wconf 83' lang='lat' dir='ltr'><strong><em>Alii</em></strong></span> <span class='ocrx_word' id='word_1_177' title='bbox 2623 1685 2800 1742; x_wconf 82' lang='lat' dir='ltr'><strong><em>vero,</em></strong></span> <span class='ocrx_word' id='word_1_178' title='bbox 2839 1686 3234 1750; x_wconf 81' lang='lat' dir='ltr'><strong><em>quocunque</em></strong></span> <span class='ocrx_word' id='word_1_179' title='bbox 3290 1684 3419 1732; x_wconf 77' lang='lat' dir='ltr'><strong><em>tru-</em></strong></span> 
     </span>
    </p>
   </div>
   <div class='ocr_carea' id='block_1_17' title="bbox 209 1757 3421 1851">
    <p class='ocr_par' dir='ltr' id='par_1_17' title="bbox 209 1757 3421 1851">
     <span class='ocr_line' id='line_1_17' title="bbox 209 1757 3421 1851; baseline 0.002 -23"><span class='ocrx_word' id='word_1_180' title='bbox 209 1783 360 1828; x_wconf 87' lang='lat' dir='ltr'><strong><em>mero</em></strong></span> <span class='ocrx_word' id='word_1_181' title='bbox 387 1766 532 1840; x_wconf 90' lang='lat' dir='ltr'><strong><em>sint,</em></strong></span> <span class='ocrx_word' id='word_1_182' title='bbox 559 1782 592 1826; x_wconf 88' lang='lat' dir='ltr'><strong><em>a</em></strong></span> <span class='ocrx_word' id='word_1_183' title='bbox 619 1765 942 1826; x_wconf 89' lang='lat' dir='ltr'><strong><em>Photianis</em></strong></span> <span class='ocrx_word' id='word_1_184' title='bbox 970 1757 1183 1842; x_wconf 72' lang='lat' dir='ltr'><strong><em>potius</em></strong></span> <span class='ocrx_word' id='word_1_185' title='bbox 1198 1767 1335 1827; x_wconf 85' lang='lat' dir='ltr'><strong><em>data</em></strong></span> <span class='ocrx_word' id='word_1_186' title='bbox 1352 1783 1545 1844; x_wconf 85' lang='lat' dir='ltr'><strong><em>Opera</em></strong></span> <span class='ocrx_word' id='word_1_187' title='bbox 1573 1767 1862 1844; x_wconf 83' lang='lat' dir='ltr'><strong><em>corrupti</em></strong></span> <span class='ocrx_word' id='word_1_188' title='bbox 1883 1766 2144 1828; x_wconf 88' lang='lat' dir='ltr'><strong><em>dicendi</em></strong></span> <span class='ocrx_word' id='word_1_189' title='bbox 2184 1773 2362 1841; x_wconf 89' lang='lat' dir='ltr'><strong><em>sunt,</em></strong></span> <span class='ocrx_word' id='word_1_190' title='bbox 2396 1783 2474 1828; x_wconf 89' lang='lat' dir='ltr'><strong><em>eo</em></strong></span> <span class='ocrx_word' id='word_1_191' title='bbox 2501 1769 2736 1847; x_wconf 85' lang='lat' dir='ltr'><strong><em>majore</em></strong></span> <span class='ocrx_word' id='word_1_192' title='bbox 2772 1767 3216 1844; x_wconf 80' lang='lat' dir='ltr'><strong><em>fundamento,</em></strong></span> <span class='ocrx_word' id='word_1_193' title='bbox 3247 1773 3421 1851; x_wconf 87' lang='lat' dir='ltr'><strong><em>quod</em></strong></span> 
     </span>
    </p>
   </div>
   <div class='ocr_carea' id='block_1_18' title="bbox 207 1867 3427 1946">
    <p class='ocr_par' dir='ltr' id='par_1_18' title="bbox 207 1867 3427 1946">
     <span class='ocr_line' id='line_1_18' title="bbox 207 1867 3427 1946; baseline 0.001 -16"><span class='ocrx_word' id='word_1_194' title='bbox 207 1877 336 1930; x_wconf 87' lang='lat' dir='ltr'><strong><em>sunt</em></strong></span> <span class='ocrx_word' id='word_1_195' title='bbox 361 1883 575 1930; x_wconf 88' lang='lat' dir='ltr'><strong><em>omnes</em></strong></span> <span class='ocrx_word' id='word_1_196' title='bbox 611 1874 753 1946; x_wconf 91' lang='lat' dir='ltr'><strong><em>post</em></strong></span> <span class='ocrx_word' id='word_1_197' title='bbox 785 1873 1078 1930; x_wconf 76' lang='lat' dir='ltr'><strong><em>exortum</em></strong></span> <span class='ocrx_word' id='word_1_198' title='bbox 1107 1867 1384 1930; x_wconf 86' lang='lat' dir='ltr'><strong><em>schisma</em></strong></span> <span class='ocrx_word' id='word_1_199' title='bbox 1407 1868 1708 1939; x_wconf 85' lang='lat' dir='ltr'><strong><em>confecti,</em></strong></span> <span class='ocrx_word' id='word_1_200' title='bbox 1744 1876 1804 1929; x_wconf 87' lang='lat' dir='ltr'><strong><em>et</em></strong></span> <span class='ocrx_word' id='word_1_201' title='bbox 1838 1867 1902 1929; x_wconf 91' lang='lat' dir='ltr'><strong><em>in</em></strong></span> <span class='ocrx_word' id='word_1_202' title='bbox 1954 1868 2288 1931; x_wconf 89' lang='lat' dir='ltr'><strong><em>nonnullis</em></strong></span> <span class='ocrx_word' id='word_1_203' title='bbox 2333 1869 2526 1931; x_wconf 87' lang='lat' dir='ltr'><strong><em>verba</em></strong></span> <span class='ocrx_word' id='word_1_204' title='bbox 2569 1870 2848 1946; x_wconf 82' lang='lat' dir='ltr'><strong><em>dogmati</em></strong></span> <span class='ocrx_word' id='word_1_205' title='bbox 2882 1879 3103 1933; x_wconf 85' lang='lat' dir='ltr'><strong><em>nostro</em></strong></span> <span class='ocrx_word' id='word_1_206' title='bbox 3128 1871 3427 1934; x_wconf 66' lang='lat' dir='ltr'><strong><em>faventia</em></strong></span> 
     </span>
    </p>
   </div>
   <div class='ocr_carea' id='block_1_19' title="bbox 206 1963 3427 2044">
    <p class='ocr_par' dir='ltr' id='par_1_19' title="bbox 206 1963 3427 2044">
     <span class='ocr_line' id='line_1_19' title="bbox 206 1963 3427 2044; baseline 0 -15"><span class='ocrx_word' id='word_1_207' title='bbox 206 1965 387 2029; x_wconf 86' lang='lat' dir='ltr'><strong><em>cultro</em></strong></span> <span class='ocrx_word' id='word_1_208' title='bbox 419 1981 593 2028; x_wconf 82' lang='lat' dir='ltr'><strong><em>erasa</em></strong></span> <span class='ocrx_word' id='word_1_209' title='bbox 619 1964 1020 2044; x_wconf 88' lang='lat' dir='ltr'><strong><em>deprehensa</em></strong></span> <span class='ocrx_word' id='word_1_210' title='bbox 1067 1973 1243 2026; x_wconf 91' lang='lat' dir='ltr'><strong><em>sunt.</em></strong></span> <span class='ocrx_word' id='word_1_211' title='bbox 1277 1965 1480 2038; x_wconf 82' lang='lat' dir='ltr'><strong><em>Adde,</em></strong></span> <span class='ocrx_word' id='word_1_212' title='bbox 1544 1971 1790 2027; x_wconf 75' lang='lat' dir='ltr'><strong><em>textum</em></strong></span> <span class='ocrx_word' id='word_1_213' title='bbox 1828 1963 2024 2039; x_wconf 84' lang='lat' dir='ltr'><strong><em>hunc,</em></strong></span> <span class='ocrx_word' id='word_1_214' title='bbox 2057 1972 2246 2044; x_wconf 85' lang='lat' dir='ltr'><strong><em>prout</em></strong></span> <span class='ocrx_word' id='word_1_215' title='bbox 2287 1981 2324 2026; x_wconf 83' lang='lat' dir='ltr'><strong><em>a</em></strong></span> <span class='ocrx_word' id='word_1_216' title='bbox 2363 1964 2548 2026; x_wconf 89' lang='lat' dir='ltr'><strong><em>nobis</em></strong></span> <span class='ocrx_word' id='word_1_217' title='bbox 2576 1965 2860 2039; x_wconf 72' lang='lat' dir='ltr'><strong><em>aliertur,</em></strong></span> <span class='ocrx_word' id='word_1_218' title='bbox 2897 1964 3058 2026; x_wconf 84' lang='lat' dir='ltr'><strong><em>nihil</em></strong></span> <span class='ocrx_word' id='word_1_219' title='bbox 3090 1968 3427 2030; x_wconf 86' lang='lat' dir='ltr'><strong><em>continere</em></strong></span> 
     </span>
    </p>
   </div>
   <div class='ocr_carea' id='block_1_20' title="bbox 206 2065 3424 2146">
    <p class='ocr_par' dir='ltr' id='par_1_20' title="bbox 206 2065 3424 2146">
     <span class='ocr_line' id='line_1_20' title="bbox 206 2065 3424 2146; baseline 0.002 -20"><span class='ocrx_word' id='word_1_220' title='bbox 206 2067 356 2146; x_wconf 86' lang='lat' dir='ltr'><strong><em>quod</em></strong></span> <span class='ocrx_word' id='word_1_221' title='bbox 393 2083 532 2128; x_wconf 89' lang='lat' dir='ltr'><strong><em>cum</em></strong></span> <span class='ocrx_word' id='word_1_222' title='bbox 569 2065 842 2144; x_wconf 87' lang='lat' dir='ltr'><strong><em>reliquis</em></strong></span> <span class='ocrx_word' id='word_1_223' title='bbox 873 2066 1087 2144; x_wconf 86' lang='lat' dir='ltr'><strong><em>Magni</em></strong></span> <span class='ocrx_word' id='word_1_224' title='bbox 1123 2065 1343 2127; x_wconf 87' lang='lat' dir='ltr'><strong><em>Basilii</em></strong></span> <span class='ocrx_word' id='word_1_225' title='bbox 1379 2066 1570 2128; x_wconf 83' lang='lat' dir='ltr'><strong><em>dictis</em></strong></span> <span class='ocrx_word' id='word_1_226' title='bbox 1598 2072 1838 2144; x_wconf 81' lang='lat' dir='ltr'><strong><em>pugnet</em></strong></span> <span class='ocrx_word' id='word_1_227' title='bbox 1877 2080 1892 2124; x_wconf 92' lang='lat'><strong><em>:</em></strong></span> <span class='ocrx_word' id='word_1_228' title='bbox 1933 2073 2172 2144; x_wconf 88' lang='lat' dir='ltr'><strong><em>pugnat</em></strong></span> <span class='ocrx_word' id='word_1_229' title='bbox 2217 2071 2458 2137; x_wconf 90' lang='lat' dir='ltr'><strong><em>autem,</em></strong></span> <span class='ocrx_word' id='word_1_230' title='bbox 2489 2074 2557 2126; x_wconf 82' lang='lat' dir='ltr'><strong><em>ut</em></strong></span> <span class='ocrx_word' id='word_1_231' title='bbox 2581 2081 2619 2127; x_wconf 87' lang='lat' dir='ltr'><strong><em>a</em></strong></span> <span class='ocrx_word' id='word_1_232' title='bbox 2656 2065 2984 2129; x_wconf 84' lang='lat' dir='ltr'><strong><em>Photianis</em></strong></span> <span class='ocrx_word' id='word_1_233' title='bbox 3036 2067 3298 2144; x_wconf 87' lang='lat' dir='ltr'><strong><em>legitur.</em></strong></span> <span class='ocrx_word' id='word_1_234' title='bbox 3336 2072 3424 2132; x_wconf 86' lang='lat' dir='ltr'><strong><em>Ita</em></strong></span> 
     </span>
    </p>
   </div>
   <div class='ocr_carea' id='block_1_21' title="bbox 208 2166 3426 2248">
    <p class='ocr_par' dir='ltr' id='par_1_21' title="bbox 208 2166 3426 2248">
     <span class='ocr_line' id='line_1_21' title="bbox 208 2166 3426 2248; baseline 0.001 -20"><span class='ocrx_word' id='word_1_235' title='bbox 208 2167 356 2228; x_wconf 89' lang='lat' dir='ltr'><strong><em>enim</em></strong></span> <span class='ocrx_word' id='word_1_236' title='bbox 387 2167 605 2248; x_wconf 87' lang='lat' dir='ltr'><strong><em>legunt</em></strong></span> <span class='ocrx_word' id='word_1_237' title='bbox 635 2166 759 2239; x_wconf 89' lang='lat' dir='ltr'><strong><em>illi,</em></strong></span> <span class='ocrx_word' id='word_1_238' title='bbox 792 2173 862 2228; x_wconf 89' lang='lat' dir='ltr'><strong><em>ut</em></strong></span> <span class='ocrx_word' id='word_1_239' title='bbox 899 2182 1308 2246; x_wconf 87' lang='lat' dir='ltr'><strong><em>consequens</em></strong></span> <span class='ocrx_word' id='word_1_240' title='bbox 1352 2167 1542 2240; x_wconf 84' lang='lat' dir='ltr'><strong><em>foret,</em></strong></span> <span class='ocrx_word' id='word_1_241' title='bbox 1597 2185 1744 2230; x_wconf 90' lang='lat' dir='ltr'><strong><em>eum</em></strong></span> <span class='ocrx_word' id='word_1_242' title='bbox 1780 2167 2051 2230; x_wconf 89' lang='lat' dir='ltr'><strong><em>dubium</em></strong></span> <span class='ocrx_word' id='word_1_243' title='bbox 2083 2167 2375 2240; x_wconf 77' lang='lat' dir='ltr'><strong><em>htesisse,</em></strong></span> <span class='ocrx_word' id='word_1_244' title='bbox 2401 2185 2486 2230; x_wconf 87' lang='lat' dir='ltr'><strong><em>an</em></strong></span> <span class='ocrx_word' id='word_1_245' title='bbox 2507 2168 2786 2244; x_wconf 88' lang='lat' dir='ltr'><strong><em>Spiritus</em></strong></span> <span class='ocrx_word' id='word_1_246' title='bbox 2815 2177 3074 2231; x_wconf 83' lang='lat' dir='ltr'><strong><em>sanctus</em></strong></span> <span class='ocrx_word' id='word_1_247' title='bbox 3109 2172 3426 2234; x_wconf 87' lang='lat' dir='ltr'><strong><em>dicendus</em></strong></span> 
     </span>
    </p>
   </div>
   <div class='ocr_carea' id='block_1_22' title="bbox 209 2264 3427 2347">
    <p class='ocr_par' dir='ltr' id='par_1_22' title="bbox 209 2264 3427 2347">
     <span class='ocr_line' id='line_1_22' title="bbox 209 2264 3427 2347; baseline 0.001 -21"><span class='ocrx_word' id='word_1_248' title='bbox 209 2267 276 2327; x_wconf 90' lang='lat' dir='ltr'><strong><em>sit</em></strong></span> <span class='ocrx_word' id='word_1_249' title='bbox 304 2267 624 2328; x_wconf 88' lang='lat' dir='ltr'><strong><em>secundus</em></strong></span> <span class='ocrx_word' id='word_1_250' title='bbox 656 2266 970 2346; x_wconf 89' lang='lat' dir='ltr'><strong><em>dignitate</em></strong></span> <span class='ocrx_word' id='word_1_251' title='bbox 1001 2285 1036 2328; x_wconf 87' lang='lat' dir='ltr'><strong><em>a</em></strong></span> <span class='ocrx_word' id='word_1_252' title='bbox 1081 2264 1248 2329; x_wconf 87' lang='lat' dir='ltr'><strong><em>Filio</em></strong></span> <span class='ocrx_word' id='word_1_253' title='bbox 1281 2278 1342 2330; x_wconf 90' lang='lat' dir='ltr'><strong><em>et</em></strong></span> <span class='ocrx_word' id='word_1_254' title='bbox 1373 2285 1406 2329; x_wconf 92' lang='lat' dir='ltr'><strong><em>a</em></strong></span> <span class='ocrx_word' id='word_1_255' title='bbox 1439 2269 1617 2328; x_wconf 87' lang='lat' dir='ltr'><strong><em>Patre</em></strong></span> <span class='ocrx_word' id='word_1_256' title='bbox 1650 2267 1880 2329; x_wconf 81' lang='lat' dir='ltr'><strong><em>tertius</em></strong></span> <span class='ocrx_word' id='word_1_257' title='bbox 1909 2289 1924 2328; x_wconf 91' lang='lat'><strong>:</strong></span> <span class='ocrx_word' id='word_1_258' title='bbox 1955 2284 2103 2328; x_wconf 91' lang='lat' dir='ltr'><strong><em>cum</em></strong></span> <span class='ocrx_word' id='word_1_259' title='bbox 2141 2275 2351 2328; x_wconf 83' lang='lat' dir='ltr'><strong><em>tamen</em></strong></span> <span class='ocrx_word' id='word_1_260' title='bbox 2388 2266 2793 2344; x_wconf 80' lang='lat' dir='ltr'><strong><em>exploratum</em></strong></span> <span class='ocrx_word' id='word_1_261' title='bbox 2824 2267 2929 2343; x_wconf 89' lang='lat' dir='ltr'><strong><em>sit,</em></strong></span> <span class='ocrx_word' id='word_1_262' title='bbox 2965 2268 3176 2347; x_wconf 87' lang='lat' dir='ltr'><strong><em>ipsum</em></strong></span> <span class='ocrx_word' id='word_1_263' title='bbox 3197 2269 3314 2332; x_wconf 86' lang='lat' dir='ltr'><strong><em>hac</em></strong></span> <span class='ocrx_word' id='word_1_264' title='bbox 3347 2272 3427 2331; x_wconf 85' lang='lat' dir='ltr'><strong><em>de</em></strong></span> 
     </span>
    </p>
   </div>
   <div class='ocr_carea' id='block_1_23' title="bbox 209 2365 3429 2455">
    <p class='ocr_par' dir='ltr' id='par_1_23' title="bbox 209 2365 3429 2455">
     <span class='ocr_line' id='line_1_23' title="bbox 209 2365 3429 2455; baseline 0.001 -26"><span class='ocrx_word' id='word_1_265' title='bbox 209 2384 263 2430; x_wconf 90' lang='lat' dir='ltr'><strong><em>re</em></strong></span> <span class='ocrx_word' id='word_1_266' title='bbox 291 2365 605 2428; x_wconf 89' lang='lat' dir='ltr'><strong><em>dubitasse</em></strong></span> <span class='ocrx_word' id='word_1_267' title='bbox 643 2383 1012 2447; x_wconf 88' lang='lat' dir='ltr'><strong><em>nunquam;</em></strong></span> <span class='ocrx_word' id='word_1_268' title='bbox 1040 2367 1568 2446; x_wconf 90' lang='lat' dir='ltr'><strong><em>quandoquidem</em></strong></span> <span class='ocrx_word' id='word_1_269' title='bbox 1599 2384 1745 2455; x_wconf 88' lang='lat' dir='ltr'><strong><em>cum</em></strong></span> <span class='ocrx_word' id='word_1_270' title='bbox 1771 2367 1920 2428; x_wconf 86' lang='lat' dir='ltr'><strong><em>aliis</em></strong></span> <span class='ocrx_word' id='word_1_271' title='bbox 1955 2367 2020 2428; x_wconf 89' lang='lat' dir='ltr'><strong><em>in</em></strong></span> <span class='ocrx_word' id='word_1_272' title='bbox 2053 2366 2241 2440; x_wconf 90' lang='lat' dir='ltr'><strong><em>locis,</em></strong></span> <span class='ocrx_word' id='word_1_273' title='bbox 2272 2374 2406 2428; x_wconf 89' lang='lat' dir='ltr'><strong><em>tum</em></strong></span> <span class='ocrx_word' id='word_1_274' title='bbox 2455 2367 2812 2444; x_wconf 77' lang='lat' dir='ltr'><strong><em>praesertim</em></strong></span> <span class='ocrx_word' id='word_1_275' title='bbox 2849 2368 2912 2427; x_wconf 88' lang='lat' dir='ltr'><strong><em>in</em></strong></span> <span class='ocrx_word' id='word_1_276' title='bbox 2949 2368 3073 2430; x_wconf 84' lang='lat' dir='ltr'><strong><em>ﬁne</em></strong></span> <span class='ocrx_word' id='word_1_277' title='bbox 3127 2371 3429 2448; x_wconf 65' lang='lat' dir='ltr'><strong><em>epistolas</em></strong></span> 
     </span>
    </p>
   </div>
   <div class='ocr_carea' id='block_1_24' title="bbox 208 2465 3431 2546">
    <p class='ocr_par' dir='ltr' id='par_1_24' title="bbox 208 2465 3431 2546">
     <span class='ocr_line' id='line_1_24' title="bbox 208 2465 3431 2546; baseline 0.002 -18"><span class='ocrx_word' id='word_1_278' title='bbox 208 2467 669 2539; x_wconf 63' lang='lat' dir='ltr'><strong><em>trecentesimae,</em></strong></span> <span class='ocrx_word' id='word_1_279' title='bbox 698 2468 778 2530; x_wconf 90' lang='lat' dir='ltr'><strong><em>ad</em></strong></span> <span class='ocrx_word' id='word_1_280' title='bbox 795 2471 1151 2542; x_wconf 88' lang='lat' dir='ltr'><strong><em>canonicas,</em></strong></span> <span class='ocrx_word' id='word_1_281' title='bbox 1172 2470 1259 2530; x_wconf 89' lang='lat' dir='ltr'><strong><em>ait</em></strong></span> <span class='ocrx_word' id='word_1_282' title='bbox 1280 2468 1456 2531; x_wconf 83' lang='lat' dir='ltr'><strong><em>nefas</em></strong></span> <span class='ocrx_word' id='word_1_283' title='bbox 1481 2486 1648 2542; x_wconf 87' lang='lat' dir='ltr'><strong><em>esse,</em></strong></span> <span class='ocrx_word' id='word_1_284' title='bbox 1681 2468 2294 2546; x_wconf 87' lang='lat' dir='ltr'><strong><em>Spiritumsanctum</em></strong></span> <span class='ocrx_word' id='word_1_285' title='bbox 2315 2474 2460 2528; x_wconf 91' lang='lat' dir='ltr'><strong><em>ante</em></strong></span> <span class='ocrx_word' id='word_1_286' title='bbox 2479 2465 2719 2529; x_wconf 88' lang='lat' dir='ltr'><strong><em>Filium</em></strong></span> <span class='ocrx_word' id='word_1_287' title='bbox 2739 2466 3080 2541; x_wconf 76' lang='lat' dir='ltr'><strong><em>collocare,</em></strong></span> <span class='ocrx_word' id='word_1_288' title='bbox 3112 2476 3222 2531; x_wconf 89' lang='lat' dir='ltr'><strong><em>aut</em></strong></span> <span class='ocrx_word' id='word_1_289' title='bbox 3243 2469 3431 2533; x_wconf 84' lang='lat' dir='ltr'><strong><em>aliter</em></strong></span> 
     </span>
    </p>
   </div>
   <div class='ocr_carea' id='block_1_25' title="bbox 209 2565 3426 2648">
    <p class='ocr_par' dir='ltr' id='par_1_25' title="bbox 209 2565 3426 2648">
     <span class='ocr_line' id='line_1_25' title="bbox 209 2565 3426 2648; baseline 0 -19"><span class='ocrx_word' id='word_1_290' title='bbox 209 2585 372 2648; x_wconf 88' lang='lat' dir='ltr'><strong><em>quam</em></strong></span> <span class='ocrx_word' id='word_1_291' title='bbox 412 2567 643 2630; x_wconf 91' lang='lat' dir='ltr'><strong><em>ordine</em></strong></span> <span class='ocrx_word' id='word_1_292' title='bbox 684 2571 944 2632; x_wconf 85' lang='lat' dir='ltr'><strong><em>tertium</em></strong></span> <span class='ocrx_word' id='word_1_293' title='bbox 977 2587 1010 2632; x_wconf 90' lang='lat' dir='ltr'><strong><em>a</em></strong></span> <span class='ocrx_word' id='word_1_294' title='bbox 1039 2573 1220 2632; x_wconf 88' lang='lat' dir='ltr'><strong><em>Patre</em></strong></span> <span class='ocrx_word' id='word_1_295' title='bbox 1257 2590 1273 2629; x_wconf 88' lang='lat'><strong>:</strong></span> <span class='ocrx_word' id='word_1_296' title='bbox 1305 2568 1476 2646; x_wconf 89' lang='lat' dir='ltr'><strong><em>quod</em></strong></span> <span class='ocrx_word' id='word_1_297' title='bbox 1531 2574 1592 2629; x_wconf 82' lang='lat' dir='ltr'><strong><em>et</em></strong></span> <span class='ocrx_word' id='word_1_298' title='bbox 1631 2567 1744 2629; x_wconf 84' lang='lat' dir='ltr'><strong><em>alii</em></strong></span> <span class='ocrx_word' id='word_1_299' title='bbox 1787 2570 2000 2629; x_wconf 89' lang='lat' dir='ltr'><strong><em>Patres</em></strong></span> <span class='ocrx_word' id='word_1_300' title='bbox 2038 2565 2423 2627; x_wconf 84' lang='lat' dir='ltr'><strong><em>docuerunt.</em></strong></span> <span class='ocrx_word' id='word_1_301' title='bbox 2471 2565 2827 2627; x_wconf 89' lang='lat' dir='ltr'><strong><em>Insititium</em></strong></span> <span class='ocrx_word' id='word_1_302' title='bbox 2861 2566 3061 2644; x_wconf 89' lang='lat' dir='ltr'><strong><em>igitur</em></strong></span> <span class='ocrx_word' id='word_1_303' title='bbox 3099 2579 3196 2630; x_wconf 89' lang='lat' dir='ltr'><strong><em>est</em></strong></span> <span class='ocrx_word' id='word_1_304' title='bbox 3262 2569 3426 2631; x_wconf 87' lang='lat' dir='ltr'><strong><em>illud</em></strong></span> 
     </span>
    </p>
   </div>
   <div class='ocr_carea' id='block_1_26' title="bbox 205 2665 1729 2751">
    <p class='ocr_par' dir='ltr' id='par_1_26' title="bbox 205 2667 1712 2751">
     <span class='ocr_line' id='line_1_26' title="bbox 205 2667 1712 2751; baseline 0.003 -25"><span class='ocrx_word' id='word_1_305' title='bbox 205 2676 339 2742; x_wconf 77' lang='grc' dir='ltr'><strong><em>ισως,</em></strong></span> <span class='ocrx_word' id='word_1_306' title='bbox 361 2669 654 2748; x_wconf 75' lang='lat' dir='ltr'><strong><em>fortasse,</em></strong></span> <span class='ocrx_word' id='word_1_307' title='bbox 683 2668 854 2749; x_wconf 70' lang='lat' dir='ltr'><strong><em>quod</em></strong></span> <span class='ocrx_word' id='word_1_308' title='bbox 889 2679 1029 2750; x_wconf 88' lang='lat' dir='ltr'><strong><em>post</em></strong></span> <span class='ocrx_word' id='word_1_309' title='bbox 1060 2678 1446 2751; x_wconf 80' lang='grc' dir='ltr'><strong><em>παραδίδωσιν,</em></strong></span> <span class='ocrx_word' id='word_1_310' title='bbox 1491 2667 1712 2742; x_wconf 88' lang='lat' dir='ltr'><strong><em>tradit,</em></strong></span> 
     </span>
    </p>
   </div>
   <div class='ocr_carea' id='block_1_27' title="bbox 1905 2665 3429 2751">
    <p class='ocr_par' dir='ltr' id='par_1_27' title="bbox 1905 2665 3429 2745">
     <span class='ocr_line' id='line_1_27' title="bbox 1905 2665 3429 2745; baseline 0.005 -19"><span class='ocrx_word' id='word_1_311' title='bbox 1905 2666 2137 2745; x_wconf 83' lang='lat' dir='ltr'><strong><em>legunt.</em></strong></span> <span class='ocrx_word' id='word_1_312' title='bbox 2169 2667 2288 2728; x_wconf 89' lang='lat' dir='ltr'><strong><em>Sed</em></strong></span> <span class='ocrx_word' id='word_1_313' title='bbox 2309 2668 2365 2728; x_wconf 90' lang='lat' dir='ltr'><strong><em>si</em></strong></span> <span class='ocrx_word' id='word_1_314' title='bbox 2392 2665 2512 2728; x_wconf 89' lang='lat' dir='ltr'><strong><em>hoc</em></strong></span> <span class='ocrx_word' id='word_1_315' title='bbox 2536 2673 2739 2728; x_wconf 88' lang='lat' dir='ltr'><strong><em>ratum</em></strong></span> <span class='ocrx_word' id='word_1_316' title='bbox 2769 2665 3186 2742; x_wconf 82' lang='lat' dir='ltr'><strong><em>habeatur,ut</em></strong></span> <span class='ocrx_word' id='word_1_317' title='bbox 3211 2667 3429 2736; x_wconf 86' lang='lat' dir='ltr'><strong><em>haberi</em></strong></span> 
     </span>
    </p>
   </div>
   <div class='ocr_carea' id='block_1_28' title="bbox 215 2766 3432 2846">
    <p class='ocr_par' dir='ltr' id='par_1_28' title="bbox 215 2766 3432 2846">
     <span class='ocr_line' id='line_1_28' title="bbox 215 2766 3432 2846; baseline 0.001 -20"><span class='ocrx_word' id='word_1_318' title='bbox 215 2772 403 2842; x_wconf 85' lang='lat' dir='ltr'><strong><em>procul</em></strong></span> <span class='ocrx_word' id='word_1_319' title='bbox 437 2773 638 2834; x_wconf 91' lang='lat' dir='ltr'><strong><em>dubio</em></strong></span> <span class='ocrx_word' id='word_1_320' title='bbox 674 2771 889 2846; x_wconf 87' lang='lat' dir='ltr'><strong><em>debet,</em></strong></span> <span class='ocrx_word' id='word_1_321' title='bbox 919 2769 1017 2831; x_wconf 85' lang='lat' dir='ltr'><strong><em>vel</em></strong></span> <span class='ocrx_word' id='word_1_322' title='bbox 1060 2787 1135 2833; x_wconf 83' lang='lat' dir='ltr'><strong><em>ex</em></strong></span> <span class='ocrx_word' id='word_1_323' title='bbox 1160 2768 1282 2831; x_wconf 91' lang='lat' dir='ltr'><strong><em>hoc</em></strong></span> <span class='ocrx_word' id='word_1_324' title='bbox 1303 2768 1515 2830; x_wconf 87' lang='lat' dir='ltr'><strong><em>solum</em></strong></span> <span class='ocrx_word' id='word_1_325' title='bbox 1558 2767 1996 2831; x_wconf 85' lang='lat' dir='ltr'><strong><em>verosimilius</em></strong></span> <span class='ocrx_word' id='word_1_326' title='bbox 2031 2766 2118 2834; x_wconf 81' lang='lat' dir='ltr'><strong><em>ﬁt.</em></strong></span> <span class='ocrx_word' id='word_1_327' title='bbox 2153 2774 2564 2829; x_wconf 85' lang='lat' dir='ltr'><strong><em>controversa</em></strong></span> <span class='ocrx_word' id='word_1_328' title='bbox 2597 2766 2785 2827; x_wconf 90' lang='lat' dir='ltr'><strong><em>verba</em></strong></span> <span class='ocrx_word' id='word_1_329' title='bbox 2842 2780 2991 2826; x_wconf 87' lang='lat' dir='ltr'><strong><em>eum</em></strong></span> <span class='ocrx_word' id='word_1_330' title='bbox 3051 2766 3382 2828; x_wconf 89' lang='lat' dir='ltr'><strong><em>addidisse</em></strong></span> <span class='ocrx_word' id='word_1_331' title='bbox 3411 2783 3432 2836; x_wconf 86' lang='lat'><strong>;</strong></span> 
     </span>
    </p>
   </div>
   <div class='ocr_carea' id='block_1_29' title="bbox 209 2865 3433 2948">
    <p class='ocr_par' dir='ltr' id='par_1_29' title="bbox 209 2865 3433 2948">
     <span class='ocr_line' id='line_1_29' title="bbox 209 2865 3433 2948; baseline 0.001 -25"><span class='ocrx_word' id='word_1_332' title='bbox 209 2881 331 2927; x_wconf 86' lang='lat' dir='ltr'><strong><em>cum</em></strong></span> <span class='ocrx_word' id='word_1_333' title='bbox 363 2871 452 2931; x_wconf 89' lang='lat' dir='ltr'><strong><em>vel</em></strong></span> <span class='ocrx_word' id='word_1_334' title='bbox 497 2889 575 2933; x_wconf 80' lang='lat' dir='ltr'><strong><em>ex</em></strong></span> <span class='ocrx_word' id='word_1_335' title='bbox 628 2871 749 2933; x_wconf 86' lang='lat' dir='ltr'><strong><em>hoc</em></strong></span> <span class='ocrx_word' id='word_1_336' title='bbox 806 2869 946 2932; x_wconf 89' lang='lat' dir='ltr'><strong><em>solo</em></strong></span> <span class='ocrx_word' id='word_1_337' title='bbox 973 2869 1210 2932; x_wconf 88' lang='lat' dir='ltr'><strong><em>invicte</em></strong></span> <span class='ocrx_word' id='word_1_338' title='bbox 1240 2870 1717 2931; x_wconf 88' lang='lat' dir='ltr'><strong><em>demonstretur</em></strong></span> <span class='ocrx_word' id='word_1_339' title='bbox 1771 2867 1914 2948; x_wconf 86' lang='lat' dir='ltr'><strong><em>ejus</em></strong></span> <span class='ocrx_word' id='word_1_340' title='bbox 1950 2867 2272 2930; x_wconf 89' lang='lat' dir='ltr'><strong><em>sententia</em></strong></span> <span class='ocrx_word' id='word_1_341' title='bbox 2307 2865 2512 2928; x_wconf 78' lang='lat' dir='ltr'><strong><em>fuisse</em></strong></span> <span class='ocrx_word' id='word_1_342' title='bbox 2545 2865 2856 2944; x_wconf 86' lang='lat' dir='ltr'><strong><em>Spiritum</em></strong></span> <span class='ocrx_word' id='word_1_343' title='bbox 2881 2871 3172 2927; x_wconf 86' lang='lat' dir='ltr'><strong><em>sanctum</em></strong></span> <span class='ocrx_word' id='word_1_344' title='bbox 3205 2866 3433 2927; x_wconf 80' lang='lat' dir='ltr'><strong><em>itema</em></strong></span> 
     </span>
    </p>
   </div>
   <div class='ocr_carea' id='block_1_30' title="bbox 212 2965 3431 3049">
    <p class='ocr_par' dir='ltr' id='par_1_30' title="bbox 212 2965 3431 3049">
     <span class='ocr_line' id='line_1_30' title="bbox 212 2965 3431 3049; baseline 0.002 -26"><span class='ocrx_word' id='word_1_345' title='bbox 212 2965 354 3028; x_wconf 81' lang='lat' dir='ltr'><strong><em>Filio</em></strong></span> <span class='ocrx_word' id='word_1_346' title='bbox 392 2973 779 3047; x_wconf 89' lang='lat' dir='ltr'><strong><em>procedere:</em></strong></span> <span class='ocrx_word' id='word_1_347' title='bbox 817 2986 944 3032; x_wconf 88' lang='lat' dir='ltr'><strong><em>non</em></strong></span> <span class='ocrx_word' id='word_1_348' title='bbox 979 2969 1152 3031; x_wconf 89' lang='lat' dir='ltr'><strong><em>enim</em></strong></span> <span class='ocrx_word' id='word_1_349' title='bbox 1187 2967 1319 3031; x_wconf 88' lang='lat' dir='ltr'><strong><em>ulla</em></strong></span> <span class='ocrx_word' id='word_1_350' title='bbox 1346 2968 1563 3031; x_wconf 86' lang='lat' dir='ltr'><strong><em>divina</em></strong></span> <span class='ocrx_word' id='word_1_351' title='bbox 1601 2985 1875 3049; x_wconf 79' lang='lat' dir='ltr'><strong><em>persona</em></strong></span> <span class='ocrx_word' id='word_1_352' title='bbox 1917 2985 2060 3030; x_wconf 86' lang='lat' dir='ltr'><strong><em>esse</em></strong></span> <span class='ocrx_word' id='word_1_353' title='bbox 2119 2974 2328 3046; x_wconf 84' lang='lat' dir='ltr'><strong><em>potest</em></strong></span> <span class='ocrx_word' id='word_1_354' title='bbox 2379 2967 2665 3029; x_wconf 87' lang='lat' dir='ltr'><strong><em>secunda</em></strong></span> <span class='ocrx_word' id='word_1_355' title='bbox 2730 2967 2827 3030; x_wconf 89' lang='lat' dir='ltr'><strong><em>vel</em></strong></span> <span class='ocrx_word' id='word_1_356' title='bbox 2879 2968 3069 3031; x_wconf 88' lang='lat' dir='ltr'><strong><em>tertia</em></strong></span> <span class='ocrx_word' id='word_1_357' title='bbox 3099 2977 3275 3044; x_wconf 77' lang='grc' dir='ltr'><strong><em>τάξει,</em></strong></span> <span class='ocrx_word' id='word_1_358' title='bbox 3321 2985 3431 3030; x_wconf 86' lang='lat' dir='ltr'><strong><em>or-</em></strong></span> 
     </span>
    </p>
   </div>
   <div class='ocr_carea' id='block_1_31' title="bbox 211 3064 3427 3150">
    <p class='ocr_par' dir='ltr' id='par_1_31' title="bbox 211 3064 3427 3150">
     <span class='ocr_line' id='line_1_31' title="bbox 211 3064 3427 3150; baseline 0.003 -26"><span class='ocrx_word' id='word_1_359' title='bbox 211 3064 454 3140; x_wconf 85' lang='lat' dir='ltr'><strong><em>dine,vel</em></strong></span> <span class='ocrx_word' id='word_1_360' title='bbox 487 3073 789 3142; x_wconf 78' lang='grc' dir='ltr'><strong><em>ἀξιώματι,</em></strong></span> <span class='ocrx_word' id='word_1_361' title='bbox 827 3070 1159 3149; x_wconf 81' lang='lat' dir='ltr'><strong><em>dignitate,</em></strong></span> <span class='ocrx_word' id='word_1_362' title='bbox 1191 3071 1269 3134; x_wconf 87' lang='lat' dir='ltr'><strong><em>ab</em></strong></span> <span class='ocrx_word' id='word_1_363' title='bbox 1301 3069 1449 3144; x_wconf 84' lang='lat' dir='ltr'><strong><em>alia,</em></strong></span> <span class='ocrx_word' id='word_1_364' title='bbox 1482 3071 1608 3132; x_wconf 90' lang='lat' dir='ltr'><strong><em>nisi</em></strong></span> <span class='ocrx_word' id='word_1_365' title='bbox 1641 3072 1718 3132; x_wconf 87' lang='lat' dir='ltr'><strong><em>ab</em></strong></span> <span class='ocrx_word' id='word_1_366' title='bbox 1750 3070 1888 3150; x_wconf 88' lang='lat' dir='ltr'><strong><em>ipsa</em></strong></span> <span class='ocrx_word' id='word_1_367' title='bbox 1919 3069 2222 3150; x_wconf 87' lang='lat' dir='ltr'><strong><em>procedat</em></strong></span> <span class='ocrx_word' id='word_1_368' title='bbox 2258 3085 2272 3128; x_wconf 94' lang='lat'><strong>:</strong></span> <span class='ocrx_word' id='word_1_369' title='bbox 2310 3084 2464 3130; x_wconf 87' lang='lat' dir='ltr'><strong><em>sane</em></strong></span> <span class='ocrx_word' id='word_1_370' title='bbox 2498 3083 2625 3131; x_wconf 91' lang='lat' dir='ltr'><strong><em>non</em></strong></span> <span class='ocrx_word' id='word_1_371' title='bbox 2664 3068 2864 3132; x_wconf 89' lang='lat' dir='ltr'><strong><em>alium</em></strong></span> <span class='ocrx_word' id='word_1_372' title='bbox 2893 3070 3189 3133; x_wconf 88' lang='lat' dir='ltr'><strong><em>ordinem</em></strong></span> <span class='ocrx_word' id='word_1_373' title='bbox 3221 3072 3283 3132; x_wconf 92' lang='lat' dir='ltr'><strong><em>in</em></strong></span> <span class='ocrx_word' id='word_1_374' title='bbox 3323 3071 3427 3134; x_wconf 84' lang='lat' dir='ltr'><strong><em>di-</em></strong></span> 
     </span>
    </p>
   </div>
   <div class='ocr_carea' id='block_1_32' title="bbox 213 3169 1751 3249">
    <p class='ocr_par' dir='ltr' id='par_1_32' title="bbox 213 3169 1751 3249">
     <span class='ocr_line' id='line_1_32' title="bbox 213 3169 1751 3249; baseline 0.004 -23"><span class='ocrx_word' id='word_1_375' title='bbox 213 3169 358 3227; x_wconf 68' lang='lat' dir='ltr'><strong><em>vinis</em></strong></span> <span class='ocrx_word' id='word_1_376' title='bbox 389 3180 746 3249; x_wconf 82' lang='lat' dir='ltr'><strong><em>agnoscunt</em></strong></span> <span class='ocrx_word' id='word_1_377' title='bbox 782 3170 1077 3233; x_wconf 89' lang='lat' dir='ltr'><strong><em>catholici</em></strong></span> <span class='ocrx_word' id='word_1_378' title='bbox 1109 3172 1401 3234; x_wconf 85' lang='lat' dir='ltr'><strong><em>doctores</em></strong></span> <span class='ocrx_word' id='word_1_379' title='bbox 1426 3179 1486 3232; x_wconf 91' lang='lat' dir='ltr'><strong><em>et</em></strong></span> <span class='ocrx_word' id='word_1_380' title='bbox 1511 3173 1751 3232; x_wconf 88' lang='lat' dir='ltr'><strong><em>Patres.</em></strong></span> 
     </span>
    </p>
   </div>
   <div class='ocr_carea' id='block_1_33' title="bbox 276 3267 3438 3352">
    <p class='ocr_par' dir='ltr' id='par_1_33' title="bbox 276 3267 3438 3352">
     <span class='ocr_line' id='line_1_33' title="bbox 276 3267 3438 3352; baseline 0.001 -20"><span class='ocrx_word' id='word_1_381' title='bbox 276 3272 332 3332; x_wconf 80' lang='grc'><strong><em>6.</em></strong></span> <span class='ocrx_word' id='word_1_382' title='bbox 364 3274 421 3334; x_wconf 88' lang='lat' dir='ltr'><strong><em>S.</em></strong></span> <span class='ocrx_word' id='word_1_383' title='bbox 456 3272 850 3333; x_wconf 76' lang='lat' dir='ltr'><strong><em>Athanasius</em></strong></span> <span class='ocrx_word' id='word_1_384' title='bbox 889 3273 956 3334; x_wconf 91' lang='lat' dir='ltr'><strong><em>in</em></strong></span> <span class='ocrx_word' id='word_1_385' title='bbox 977 3271 1141 3334; x_wconf 91' lang='lat' dir='ltr'><strong><em>libro</em></strong></span> <span class='ocrx_word' id='word_1_386' title='bbox 1190 3273 1280 3332; x_wconf 85' lang='lat' dir='ltr'><strong><em>De</em></strong></span> <span class='ocrx_word' id='word_1_387' title='bbox 1302 3273 1570 3333; x_wconf 86' lang='lat' dir='ltr'><strong><em>humana</em></strong></span> <span class='ocrx_word' id='word_1_388' title='bbox 1591 3280 1823 3331; x_wconf 85' lang='lat' dir='ltr'><strong><em>natura</em></strong></span> <span class='ocrx_word' id='word_1_389' title='bbox 1851 3279 2140 3350; x_wconf 82' lang='lat' dir='ltr'><strong><em>suscepta</em></strong></span> <span class='ocrx_word' id='word_1_390' title='bbox 2169 3269 2281 3343; x_wconf 87' lang='lat' dir='ltr'><strong><em>ait,</em></strong></span> <span class='ocrx_word' id='word_1_391' title='bbox 2314 3267 2556 3332; x_wconf 88' lang='lat' dir='ltr'><strong><em>Filium</em></strong></span> <span class='ocrx_word' id='word_1_392' title='bbox 2579 3287 2723 3334; x_wconf 90' lang='lat' dir='ltr'><strong><em>esse</em></strong></span> <span class='ocrx_word' id='word_1_393' title='bbox 2756 3281 2938 3352; x_wconf 78' lang='grc' dir='ltr'>πηγὴν</span> <span class='ocrx_word' id='word_1_394' title='bbox 2958 3280 3052 3334; x_wconf 79' lang='grc' dir='ltr'><strong><em>τοῦ</em></strong></span> <span class='ocrx_word' id='word_1_395' title='bbox 3083 3281 3240 3350; x_wconf 78' lang='grc' dir='ltr'><strong><em>ἁγίου</em></strong></span> <span class='ocrx_word' id='word_1_396' title='bbox 3265 3281 3438 3334; x_wconf 79' lang='grc' dir='ltr'><strong><em>[Ινεὺ-</em></strong></span> 
     </span>
    </p>
   </div>
   <div class='ocr_carea' id='block_1_34' title="bbox 217 3369 3434 3453">
    <p class='ocr_par' dir='ltr' id='par_1_34' title="bbox 217 3369 3434 3453">
     <span class='ocr_line' id='line_1_34' title="bbox 217 3369 3434 3453; baseline -0.001 -20"><span class='ocrx_word' id='word_1_397' title='bbox 217 3398 380 3449; x_wconf 82' lang='grc' dir='ltr'><strong><em>ματος,</em></strong></span> <span class='ocrx_word' id='word_1_398' title='bbox 405 3376 644 3453; x_wconf 83' lang='lat' dir='ltr'><strong><em>fontem</em></strong></span> <span class='ocrx_word' id='word_1_399' title='bbox 690 3374 973 3451; x_wconf 76' lang='lat' dir='ltr'><strong><em>Spiritus</em></strong></span> <span class='ocrx_word' id='word_1_400' title='bbox 1028 3374 1253 3434; x_wconf 79' lang='lat' dir='ltr'><strong><em>sancti.</em></strong></span> <span class='ocrx_word' id='word_1_401' title='bbox 1306 3373 1404 3434; x_wconf 84' lang='lat' dir='ltr'><strong><em>Sic</em></strong></span> <span class='ocrx_word' id='word_1_402' title='bbox 1441 3380 1502 3433; x_wconf 92' lang='lat' dir='ltr'><strong><em>et</em></strong></span> <span class='ocrx_word' id='word_1_403' title='bbox 1558 3371 1666 3432; x_wconf 90' lang='lat' dir='ltr'><strong><em>alii</em></strong></span> <span class='ocrx_word' id='word_1_404' title='bbox 1726 3373 1942 3432; x_wconf 89' lang='lat' dir='ltr'><strong><em>Patres</em></strong></span> <span class='ocrx_word' id='word_1_405' title='bbox 1989 3369 2218 3433; x_wconf 65' lang='lat' dir='ltr'><strong><em>Graeci.</em></strong></span> <span class='ocrx_word' id='word_1_406' title='bbox 2280 3371 2536 3432; x_wconf 88' lang='lat' dir='ltr'><strong><em>Certum</em></strong></span> <span class='ocrx_word' id='word_1_407' title='bbox 2587 3379 2803 3433; x_wconf 90' lang='lat' dir='ltr'><strong><em>autem</em></strong></span> <span class='ocrx_word' id='word_1_408' title='bbox 2846 3379 2944 3433; x_wconf 90' lang='lat' dir='ltr'><strong><em>est</em></strong></span> <span class='ocrx_word' id='word_1_409' title='bbox 3005 3371 3177 3448; x_wconf 87' lang='lat' dir='ltr'><strong><em>apud</em></strong></span> <span class='ocrx_word' id='word_1_410' title='bbox 3216 3373 3434 3432; x_wconf 84' lang='lat' dir='ltr'><strong><em>Patres</em></strong></span> 
     </span>
    </p>
   </div>
   <div class='ocr_carea' id='block_1_35' title="bbox 214 3469 1738 3553">
    <p class='ocr_par' dir='ltr' id='par_1_35' title="bbox 214 3471 1738 3553">
     <span class='ocr_line' id='line_1_35' title="bbox 214 3471 1738 3553; baseline -0.003 -21"><span class='ocrx_word' id='word_1_411' title='bbox 214 3482 391 3553; x_wconf 76' lang='grc' dir='ltr'>πηγὴν,</span> <span class='ocrx_word' id='word_1_412' title='bbox 428 3477 692 3553; x_wconf 81' lang='lat' dir='ltr'><strong><em>fontem,</em></strong></span> <span class='ocrx_word' id='word_1_413' title='bbox 731 3471 993 3548; x_wconf 88' lang='lat' dir='ltr'><strong><em>perinde</em></strong></span> <span class='ocrx_word' id='word_1_414' title='bbox 1021 3490 1164 3535; x_wconf 86' lang='lat' dir='ltr'><strong><em>esse</em></strong></span> <span class='ocrx_word' id='word_1_415' title='bbox 1202 3488 1272 3533; x_wconf 91' lang='lat' dir='ltr'><strong><em>ac</em></strong></span> <span class='ocrx_word' id='word_1_416' title='bbox 1304 3481 1499 3543; x_wconf 75' lang='grc' dir='ltr'>αἴτιον,</span> <span class='ocrx_word' id='word_1_417' title='bbox 1541 3471 1738 3548; x_wconf 77' lang='lat' dir='ltr'><strong><em>princ:</em></strong></span> 
     </span>
    </p>
   </div>
   <div class='ocr_carea' id='block_1_36' title="bbox 1914 3469 3438 3553">
    <p class='ocr_par' dir='ltr' id='par_1_36' title="bbox 1914 3469 3438 3546">
     <span class='ocr_line' id='line_1_36' title="bbox 1914 3469 3438 3546; baseline 0 -17"><span class='ocrx_word' id='word_1_418' title='bbox 1914 3488 1954 3530; x_wconf 75' lang='grc' dir='ltr'><strong><em>ι.</em></strong></span> <span class='ocrx_word' id='word_1_419' title='bbox 1989 3471 2204 3542; x_wconf 91' lang='lat' dir='ltr'><strong><em>Quare</em></strong></span> <span class='ocrx_word' id='word_1_420' title='bbox 2237 3477 2298 3530; x_wconf 87' lang='lat' dir='ltr'><strong><em>et</em></strong></span> <span class='ocrx_word' id='word_1_421' title='bbox 2329 3469 2720 3531; x_wconf 77' lang='lat' dir='ltr'><strong><em>Athanasius</em></strong></span> <span class='ocrx_word' id='word_1_422' title='bbox 2743 3469 2884 3546; x_wconf 86' lang='lat' dir='ltr'><strong><em>ipse</em></strong></span> <span class='ocrx_word' id='word_1_423' title='bbox 2914 3477 3074 3531; x_wconf 87' lang='lat' dir='ltr'><strong><em>orat.</em></strong></span> <span class='ocrx_word' id='word_1_424' title='bbox 3119 3489 3186 3543; x_wconf 83' lang='grc' dir='ltr'><strong><em>ιι,</em></strong></span> <span class='ocrx_word' id='word_1_425' title='bbox 3210 3478 3438 3532; x_wconf 87' lang='lat' dir='ltr'><strong><em>contra</em></strong></span> 
     </span>
    </p>
   </div>
   <div class='ocr_carea' id='block_1_37' title="bbox 217 3567 3560 3650">
    <p class='ocr_par' dir='ltr' id='par_1_37' title="bbox 217 3567 3560 3650">
     <span class='ocr_line' id='line_1_37' title="bbox 217 3567 3560 3650; baseline -0 -18"><span class='ocrx_word' id='word_1_426' title='bbox 217 3576 459 3635; x_wconf 79' lang='lat' dir='ltr'><strong><em>Arianos</em></strong></span> <span class='ocrx_word' id='word_1_427' title='bbox 513 3579 768 3635; x_wconf 88' lang='lat' dir='ltr'><strong><em>Patrem</em></strong></span> <span class='ocrx_word' id='word_1_428' title='bbox 823 3580 1000 3634; x_wconf 85' lang='lat' dir='ltr'><strong><em>vocat</em></strong></span> <span class='ocrx_word' id='word_1_429' title='bbox 1034 3571 1239 3642; x_wconf 83' lang='grc' dir='ltr'><strong><em>πηγὴν,</em></strong></span> <span class='ocrx_word' id='word_1_430' title='bbox 1272 3573 1507 3650; x_wconf 78' lang='lat' dir='ltr'><strong><em>fontem</em></strong></span> <span class='ocrx_word' id='word_1_431' title='bbox 1560 3567 1711 3630; x_wconf 88' lang='lat' dir='ltr'><strong><em>Filii</em></strong></span> <span class='ocrx_word' id='word_1_432' title='bbox 1740 3585 1755 3642; x_wconf 88' lang='lat'><strong>;</strong></span> <span class='ocrx_word' id='word_1_433' title='bbox 1790 3575 1854 3629; x_wconf 91' lang='lat' dir='ltr'><strong><em>et</em></strong></span> <span class='ocrx_word' id='word_1_434' title='bbox 1885 3568 2166 3629; x_wconf 88' lang='lat' dir='ltr'><strong><em>Basilius</em></strong></span> <span class='ocrx_word' id='word_1_435' title='bbox 2202 3570 2497 3630; x_wconf 79' lang='lat' dir='ltr'><strong><em>eumdem</em></strong></span> <span class='ocrx_word' id='word_1_436' title='bbox 2531 3570 2777 3630; x_wconf 88' lang='lat' dir='ltr'><strong><em>Patrem</em></strong></span> <span class='ocrx_word' id='word_1_437' title='bbox 2812 3587 2955 3631; x_wconf 87' lang='lat' dir='ltr'><strong><em>esse</em></strong></span> <span class='ocrx_word' id='word_1_438' title='bbox 2975 3571 3130 3632; x_wconf 87' lang='lat' dir='ltr'><strong><em>dicit</em></strong></span> <span class='ocrx_word' id='word_1_439' title='bbox 3162 3581 3320 3650; x_wconf 73' lang='grc' dir='ltr'>ῥίζαν</span> <span class='ocrx_word' id='word_1_440' title='bbox 3343 3580 3440 3633; x_wconf 73' lang='grc' dir='ltr'><strong><em>καὶ</em></strong></span> <span class='ocrx_word' id='word_1_441' title='bbox 3554 3594 3560 3600; x_wconf 60' lang='grc' dir='ltr'><strong><em>ο</em></strong></span> 
     </span>
    </p>
   </div>
   <div class='ocr_carea' id='block_1_38' title="bbox 215 3669 3432 3752">
    <p class='ocr_par' dir='ltr' id='par_1_38' title="bbox 215 3669 3432 3752">
     <span class='ocr_line' id='line_1_38' title="bbox 215 3669 3432 3752; baseline 0.001 -22"><span class='ocrx_word' id='word_1_442' title='bbox 215 3679 394 3750; x_wconf 77' lang='grc' dir='ltr'>πηγὴν,</span> <span class='ocrx_word' id='word_1_443' title='bbox 433 3675 712 3736; x_wconf 82' lang='lat' dir='ltr'><strong><em>radicem</em></strong></span> <span class='ocrx_word' id='word_1_444' title='bbox 749 3683 802 3734; x_wconf 88' lang='lat' dir='ltr'><strong><em>et</em></strong></span> <span class='ocrx_word' id='word_1_445' title='bbox 830 3676 1087 3752; x_wconf 81' lang='lat' dir='ltr'><strong><em>fontem,</em></strong></span> <span class='ocrx_word' id='word_1_446' title='bbox 1119 3673 1395 3750; x_wconf 86' lang='lat' dir='ltr'><strong><em>Spiritus</em></strong></span> <span class='ocrx_word' id='word_1_447' title='bbox 1427 3671 1654 3733; x_wconf 83' lang='lat' dir='ltr'><strong><em>sancti.</em></strong></span> <span class='ocrx_word' id='word_1_448' title='bbox 1685 3669 1859 3730; x_wconf 83' lang='lat' dir='ltr'><strong><em>Idem</em></strong></span> <span class='ocrx_word' id='word_1_449' title='bbox 1893 3671 1955 3731; x_wconf 92' lang='lat' dir='ltr'><strong><em>S.</em></strong></span> <span class='ocrx_word' id='word_1_450' title='bbox 1981 3672 2162 3731; x_wconf 87' lang='lat' dir='ltr'><strong><em>Pater</em></strong></span> <span class='ocrx_word' id='word_1_451' title='bbox 2219 3670 2286 3730; x_wconf 88' lang='lat' dir='ltr'><strong><em>in</em></strong></span> <span class='ocrx_word' id='word_1_452' title='bbox 2320 3669 2510 3748; x_wconf 86' lang='lat' dir='ltr'><strong><em>epist.</em></strong></span> <span class='ocrx_word' id='word_1_453' title='bbox 2543 3669 2627 3730; x_wconf 84' lang='lat' dir='ltr'><strong><em>ad</em></strong></span> <span class='ocrx_word' id='word_1_454' title='bbox 2652 3671 3195 3750; x_wconf 83' lang='lat' dir='ltr'><strong><em>Serapionem,ait</em></strong></span> <span class='ocrx_word' id='word_1_455' title='bbox 3227 3673 3432 3751; x_wconf 86' lang='lat' dir='ltr'><strong><em>Spiri-</em></strong></span> 
     </span>
    </p>
   </div>
   <div class='ocr_carea' id='block_1_39' title="bbox 216 3767 1740 3854">
    <p class='ocr_par' dir='ltr' id='par_1_39' title="bbox 216 3769 1736 3848">
     <span class='ocr_line' id='line_1_39' title="bbox 216 3769 1736 3848; baseline -0.007 -16"><span class='ocrx_word' id='word_1_456' title='bbox 216 3781 333 3834; x_wconf 81' lang='lat' dir='ltr'><strong><em>tum</em></strong></span> <span class='ocrx_word' id='word_1_457' title='bbox 362 3785 650 3838; x_wconf 79' lang='lat' dir='ltr'><strong><em>sanctum</em></strong></span> <span class='ocrx_word' id='word_1_458' title='bbox 683 3775 813 3828; x_wconf 71' lang='grc' dir='ltr'><strong><em>ἴδιον</em></strong></span> <span class='ocrx_word' id='word_1_459' title='bbox 832 3769 973 3828; x_wconf 69' lang='grc' dir='ltr'>εἶναι</span> <span class='ocrx_word' id='word_1_460' title='bbox 995 3775 1116 3827; x_wconf 82' lang='grc' dir='ltr'><strong><em>κατ’</em></strong></span> <span class='ocrx_word' id='word_1_461' title='bbox 1150 3772 1337 3827; x_wconf 80' lang='grc' dir='ltr'>οὐσίαν</span> <span class='ocrx_word' id='word_1_462' title='bbox 1358 3771 1452 3826; x_wconf 77' lang='grc' dir='ltr'><strong><em>τοῦ</em></strong></span> <span class='ocrx_word' id='word_1_463' title='bbox 1470 3769 1626 3836; x_wconf 77' lang='grc' dir='ltr'><strong><em>Υῑοῦ,</em></strong></span> <span class='ocrx_word' id='word_1_464' title='bbox 1651 3787 1736 3848; x_wconf 80' lang='lat' dir='ltr'><strong><em>pr</em></strong></span> 
     </span>
    </p>
   </div>
   <div class='ocr_carea' id='block_1_40' title="bbox 1914 3767 3438 3854">
    <p class='ocr_par' dir='ltr' id='par_1_40' title="bbox 1914 3767 3438 3852">
     <span class='ocr_line' id='line_1_40' title="bbox 1914 3767 3438 3852; baseline 0.005 -24"><span class='ocrx_word' id='word_1_465' title='bbox 1914 3787 1989 3829; x_wconf 82' lang='lat' dir='ltr'><strong><em>tm</em></strong></span> <span class='ocrx_word' id='word_1_466' title='bbox 2017 3787 2146 3831; x_wconf 83' lang='lat' dir='ltr'><strong><em>esse</em></strong></span> <span class='ocrx_word' id='word_1_467' title='bbox 2175 3767 2513 3832; x_wconf 84' lang='lat' dir='ltr'><strong><em>secundum</em></strong></span> <span class='ocrx_word' id='word_1_468' title='bbox 2542 3770 2959 3832; x_wconf 79' lang='lat' dir='ltr'><strong><em>substantiam</em></strong></span> <span class='ocrx_word' id='word_1_469' title='bbox 2988 3773 3179 3841; x_wconf 84' lang='lat' dir='ltr'><strong><em>Filii;</em></strong></span> <span class='ocrx_word' id='word_1_470' title='bbox 3208 3790 3286 3834; x_wconf 82' lang='lat' dir='ltr'><strong><em>ex</em></strong></span> <span class='ocrx_word' id='word_1_471' title='bbox 3307 3791 3438 3852; x_wconf 89' lang='lat' dir='ltr'><strong><em>quo</em></strong></span> 
     </span>
    </p>
   </div>
   <div class='ocr_carea' id='block_1_41' title="bbox 220 3871 3439 3959">
    <p class='ocr_par' dir='ltr' id='par_1_41' title="bbox 220 3871 3439 3959">
     <span class='ocr_line' id='line_1_41' title="bbox 220 3871 3439 3959; baseline 0.001 -26"><span class='ocrx_word' id='word_1_472' title='bbox 220 3874 378 3953; x_wconf 82' lang='lat' dir='ltr'><strong><em>plane</em></strong></span> <span class='ocrx_word' id='word_1_473' title='bbox 408 3881 856 3959; x_wconf 86' lang='lat' dir='ltr'><strong><em>consequitur,</em></strong></span> <span class='ocrx_word' id='word_1_474' title='bbox 897 3896 1047 3942; x_wconf 87' lang='lat' dir='ltr'><strong><em>eum</em></strong></span> <span class='ocrx_word' id='word_1_475' title='bbox 1091 3886 1307 3941; x_wconf 88' lang='lat' dir='ltr'><strong><em>nostro</em></strong></span> <span class='ocrx_word' id='word_1_476' title='bbox 1367 3876 1648 3956; x_wconf 89' lang='lat' dir='ltr'><strong><em>dogmati</em></strong></span> <span class='ocrx_word' id='word_1_477' title='bbox 1684 3871 2057 3946; x_wconf 70' lang='lat' dir='ltr'><strong><em>adhaesisse,</em></strong></span> <span class='ocrx_word' id='word_1_478' title='bbox 2098 3873 2426 3953; x_wconf 84' lang='lat' dir='ltr'><strong><em>siquidem</em></strong></span> <span class='ocrx_word' id='word_1_479' title='bbox 2457 3873 2749 3935; x_wconf 88' lang='lat' dir='ltr'><strong><em>oratione</em></strong></span> <span class='ocrx_word' id='word_1_480' title='bbox 2793 3891 2838 3932; x_wconf 77' lang='grc' dir='ltr'><strong><em>ιι</em></strong></span> <span class='ocrx_word' id='word_1_481' title='bbox 2874 3873 3074 3952; x_wconf 80' lang='lat' dir='ltr'><strong><em>(juxta</em></strong></span> <span class='ocrx_word' id='word_1_482' title='bbox 3097 3873 3354 3953; x_wconf 88' lang='lat' dir='ltr'><strong><em>aliquos</em></strong></span> <span class='ocrx_word' id='word_1_483' title='bbox 3390 3878 3439 3956; x_wconf 81' lang='grc' dir='ltr'><strong><em>ι)</em></strong></span> 
     </span>
    </p>
   </div>
   <div class='ocr_carea' id='block_1_42' title="bbox 218 3961 3436 4057">
    <p class='ocr_par' dir='ltr' id='par_1_42' title="bbox 218 3961 3436 4057">
     <span class='ocr_line' id='line_1_42' title="bbox 218 3961 3436 4057; baseline 0 -22"><span class='ocrx_word' id='word_1_484' title='bbox 218 3987 413 4037; x_wconf 73' lang='lat' dir='ltr'><strong><em>tontra</em></strong></span> <span class='ocrx_word' id='word_1_485' title='bbox 442 3980 720 4041; x_wconf 79' lang='lat' dir='ltr'><strong><em>Arianos</em></strong></span> <span class='ocrx_word' id='word_1_486' title='bbox 743 3980 857 4042; x_wconf 88' lang='lat' dir='ltr'><strong><em>hac</em></strong></span> <span class='ocrx_word' id='word_1_487' title='bbox 889 3981 1138 4041; x_wconf 89' lang='lat' dir='ltr'><strong><em>ratione</em></strong></span> <span class='ocrx_word' id='word_1_488' title='bbox 1173 3978 1396 4057; x_wconf 88' lang='lat' dir='ltr'><strong><em>probat</em></strong></span> <span class='ocrx_word' id='word_1_489' title='bbox 1425 3975 1665 4038; x_wconf 86' lang='lat' dir='ltr'><strong><em>Filium</em></strong></span> <span class='ocrx_word' id='word_1_490' title='bbox 1699 3991 1841 4035; x_wconf 86' lang='lat' dir='ltr'><strong><em>esse</em></strong></span> <span class='ocrx_word' id='word_1_491' title='bbox 1876 3991 1955 4035; x_wconf 82' lang='lat' dir='ltr'><strong><em>ex</em></strong></span> <span class='ocrx_word' id='word_1_492' title='bbox 1985 3977 2119 4036; x_wconf 86' lang='lat' dir='ltr'><strong><em>Deo</em></strong></span> <span class='ocrx_word' id='word_1_493' title='bbox 2153 3961 2413 4055; x_wconf 82' lang='lat' dir='ltr'><strong><em>(Patre),</em></strong></span> <span class='ocrx_word' id='word_1_494' title='bbox 2443 3982 2505 4038; x_wconf 92' lang='lat' dir='ltr'><strong><em>et</em></strong></span> <span class='ocrx_word' id='word_1_495' title='bbox 2539 3976 2600 4035; x_wconf 89' lang='lat' dir='ltr'><strong><em>in</em></strong></span> <span class='ocrx_word' id='word_1_496' title='bbox 2643 3978 2800 4036; x_wconf 90' lang='lat' dir='ltr'><strong><em>Deo.</em></strong></span> <span class='ocrx_word' id='word_1_497' title='bbox 2840 3977 3048 4038; x_wconf 82' lang='lat' dir='ltr'><strong><em>Verba</em></strong></span> <span class='ocrx_word' id='word_1_498' title='bbox 3073 3977 3216 4055; x_wconf 85' lang='lat' dir='ltr'><strong><em>ejus</em></strong></span> <span class='ocrx_word' id='word_1_499' title='bbox 3243 3987 3436 4038; x_wconf 90' lang='lat' dir='ltr'><strong><em>sunt:</em></strong></span> 
     </span>
    </p>
   </div>
   <div class='ocr_carea' id='block_1_43' title="bbox 230 4081 3443 4163">
    <p class='ocr_par' dir='ltr' id='par_1_43' title="bbox 230 4081 3443 4163">
     <span class='ocr_line' id='line_1_43' title="bbox 230 4081 3443 4163; baseline 0.003 -30"><span class='ocrx_word' id='word_1_500' title='bbox 230 4081 424 4154; x_wconf 76' lang='grc' dir='ltr'><strong><em>Ἐπειδὴ</em></strong></span> <span class='ocrx_word' id='word_1_501' title='bbox 467 4091 578 4160; x_wconf 78' lang='grc' dir='ltr'><strong><em>γὰρ</em></strong></span> <span class='ocrx_word' id='word_1_502' title='bbox 607 4091 636 4143; x_wconf 82' lang='grc' dir='ltr'><strong>ὁ</strong></span> <span class='ocrx_word' id='word_1_503' title='bbox 686 4090 855 4157; x_wconf 79' lang='grc' dir='ltr'><strong>Λόγος</strong></span> <span class='ocrx_word' id='word_1_504' title='bbox 922 4092 1070 4144; x_wconf 75' lang='grc' dir='ltr'><strong><em>ἐστὶν</em></strong></span> <span class='ocrx_word' id='word_1_505' title='bbox 1105 4089 1236 4152; x_wconf 69' lang='grc' dir='ltr'><strong>ἴδιος</strong></span> <span class='ocrx_word' id='word_1_506' title='bbox 1280 4092 1441 4159; x_wconf 79' lang='grc' dir='ltr'>φύσει</span> <span class='ocrx_word' id='word_1_507' title='bbox 1473 4090 1573 4158; x_wconf 78' lang='grc' dir='ltr'><strong><em>τῆς</em></strong></span> <span class='ocrx_word' id='word_1_508' title='bbox 1615 4093 1806 4157; x_wconf 70' lang='lat' dir='ltr'><strong><em>obsiet;</em></strong></span> <span class='ocrx_word' id='word_1_509' title='bbox 1869 4089 1958 4143; x_wconf 78' lang='grc' dir='ltr'><strong><em>τοῦ</em></strong></span> <span class='ocrx_word' id='word_1_510' title='bbox 1986 4089 2144 4149; x_wconf 79' lang='grc' dir='ltr'><strong><em>Θεοῦ,</em></strong></span> <span class='ocrx_word' id='word_1_511' title='bbox 2174 4088 2235 4151; x_wconf 79' lang='grc' dir='ltr'>ἐξ</span> <span class='ocrx_word' id='word_1_512' title='bbox 2268 4086 2435 4141; x_wconf 80' lang='grc' dir='ltr'>αὐτοῦ</span> <span class='ocrx_word' id='word_1_513' title='bbox 2456 4089 2513 4140; x_wconf 82' lang='grc' dir='ltr'><em>τέ</em></span> <span class='ocrx_word' id='word_1_514' title='bbox 2539 4091 2678 4155; x_wconf 79' lang='grc' dir='ltr'><strong>ἐστι,</strong></span> <span class='ocrx_word' id='word_1_515' title='bbox 2711 4088 2804 4142; x_wconf 71' lang='grc' dir='ltr'><strong><em>καὶ</em></strong></span> <span class='ocrx_word' id='word_1_516' title='bbox 2831 4092 2890 4143; x_wconf 83' lang='grc' dir='ltr'>ἐν</span> <span class='ocrx_word' id='word_1_517' title='bbox 2917 4091 3090 4163; x_wconf 76' lang='grc' dir='ltr'><strong>αὐτῷ.</strong></span> <span class='ocrx_word' id='word_1_518' title='bbox 3131 4082 3443 4157; x_wconf 86' lang='lat' dir='ltr'><strong><em>Quoniam</em></strong></span> 
     </span>
    </p>
   </div>
   <div class='ocr_carea' id='block_1_44' title="bbox 218 4173 3440 4258">
    <p class='ocr_par' dir='ltr' id='par_1_44' title="bbox 218 4173 3440 4258">
     <span class='ocr_line' id='line_1_44' title="bbox 218 4173 3440 4258; baseline 0.002 -26"><span class='ocrx_word' id='word_1_519' title='bbox 218 4173 397 4250; x_wconf 68' lang='lat' dir='ltr'><strong><em>igitur</em></strong></span> <span class='ocrx_word' id='word_1_520' title='bbox 424 4177 688 4240; x_wconf 76' lang='lat' dir='ltr'><strong><em>Verbum</em></strong></span> <span class='ocrx_word' id='word_1_521' title='bbox 711 4183 1049 4258; x_wconf 85' lang='lat' dir='ltr'><strong><em>proprium</em></strong></span> <span class='ocrx_word' id='word_1_522' title='bbox 1083 4190 1170 4241; x_wconf 85' lang='lat' dir='ltr'><strong><em>est</em></strong></span> <span class='ocrx_word' id='word_1_523' title='bbox 1200 4191 1434 4242; x_wconf 80' lang='lat' dir='ltr'><strong><em>natura</em></strong></span> <span class='ocrx_word' id='word_1_524' title='bbox 1459 4181 1824 4244; x_wconf 72' lang='lat' dir='ltr'><strong><em>substantia:</em></strong></span> <span class='ocrx_word' id='word_1_525' title='bbox 1850 4180 1989 4254; x_wconf 86' lang='lat' dir='ltr'><strong><em>Dei,</em></strong></span> <span class='ocrx_word' id='word_1_526' title='bbox 2033 4190 2087 4239; x_wconf 91' lang='lat' dir='ltr'><strong><em>et</em></strong></span> <span class='ocrx_word' id='word_1_527' title='bbox 2120 4197 2199 4240; x_wconf 82' lang='lat' dir='ltr'><strong><em>ca:</em></strong></span> <span class='ocrx_word' id='word_1_528' title='bbox 2225 4181 2362 4257; x_wconf 78' lang='lat' dir='ltr'><strong><em>ipso</em></strong></span> <span class='ocrx_word' id='word_1_529' title='bbox 2400 4190 2510 4253; x_wconf 87' lang='lat' dir='ltr'><strong><em>est,</em></strong></span> <span class='ocrx_word' id='word_1_530' title='bbox 2546 4181 2688 4240; x_wconf 81' lang='lat' dir='ltr'><strong><em>etin</em></strong></span> <span class='ocrx_word' id='word_1_531' title='bbox 2723 4181 2883 4257; x_wconf 85' lang='lat' dir='ltr'><strong><em>ipso.</em></strong></span> <span class='ocrx_word' id='word_1_532' title='bbox 2925 4183 3044 4243; x_wconf 84' lang='lat' dir='ltr'><strong><em>Sed</em></strong></span> <span class='ocrx_word' id='word_1_533' title='bbox 3109 4181 3440 4244; x_wconf 81' lang='lat' dir='ltr'><strong><em>Athanasii</em></strong></span> 
     </span>
    </p>
   </div>
   <div class='ocr_carea' id='block_1_45' title="bbox 220 4277 3440 4360">
    <p class='ocr_par' dir='ltr' id='par_1_45' title="bbox 220 4277 3440 4360">
     <span class='ocr_line' id='line_1_45' title="bbox 220 4277 3440 4360; baseline 0.003 -27"><span class='ocrx_word' id='word_1_534' title='bbox 220 4291 377 4336; x_wconf 91' lang='lat' dir='ltr'><strong><em>mens</em></strong></span> <span class='ocrx_word' id='word_1_535' title='bbox 404 4277 612 4337; x_wconf 87' lang='lat' dir='ltr'><strong><em>adhuc</em></strong></span> <span class='ocrx_word' id='word_1_536' title='bbox 645 4280 880 4340; x_wconf 86' lang='lat' dir='ltr'><strong><em>clarius</em></strong></span> <span class='ocrx_word' id='word_1_537' title='bbox 923 4281 1305 4358; x_wconf 89' lang='lat' dir='ltr'><strong><em>perspicitur</em></strong></span> <span class='ocrx_word' id='word_1_538' title='bbox 1336 4299 1411 4342; x_wconf 81' lang='lat' dir='ltr'><strong><em>ex</em></strong></span> <span class='ocrx_word' id='word_1_539' title='bbox 1441 4298 1517 4342; x_wconf 86' lang='lat' dir='ltr'><strong><em>eo</em></strong></span> <span class='ocrx_word' id='word_1_540' title='bbox 1550 4284 1718 4360; x_wconf 85' lang='lat' dir='ltr'><strong><em>quod</em></strong></span> <span class='ocrx_word' id='word_1_541' title='bbox 1755 4281 2023 4342; x_wconf 84' lang='lat' dir='ltr'><strong><em>homilia</em></strong></span> <span class='ocrx_word' id='word_1_542' title='bbox 2055 4278 2091 4338; x_wconf 79' lang='grc' dir='ltr'><strong><em>[ι</em></strong></span> <span class='ocrx_word' id='word_1_543' title='bbox 2123 4279 2322 4358; x_wconf 75' lang='lat' dir='ltr'><strong><em>(juxta</em></strong></span> <span class='ocrx_word' id='word_1_544' title='bbox 2346 4283 2596 4341; x_wconf 73' lang='lat' dir='ltr'><strong><em>Grmeos</em></strong></span> <span class='ocrx_word' id='word_1_545' title='bbox 2630 4279 2690 4358; x_wconf 77' lang='lat'><strong><em>3)</em></strong></span> <span class='ocrx_word' id='word_1_546' title='bbox 2725 4291 2950 4340; x_wconf 86' lang='lat' dir='ltr'><strong><em>contra</em></strong></span> <span class='ocrx_word' id='word_1_547' title='bbox 3003 4281 3276 4343; x_wconf 74' lang='lat' dir='ltr'><strong><em>Arianae</em></strong></span> <span class='ocrx_word' id='word_1_548' title='bbox 3298 4284 3386 4345; x_wconf 89' lang='lat' dir='ltr'><strong><em>ait</em></strong></span> <span class='ocrx_word' id='word_1_549' title='bbox 3423 4305 3440 4344; x_wconf 89' lang='lat'><strong>:</strong></span> 
     </span>
    </p>
   </div>
   <div class='ocr_carea' id='block_1_46' title="bbox 217 4378 3433 4452">
    <p class='ocr_par' dir='ltr' id='par_1_46' title="bbox 217 4378 3433 4452">
     <span class='ocr_line' id='line_1_46' title="bbox 217 4378 3433 4452; baseline 0.002 -22"><span class='ocrx_word' id='word_1_550' title='bbox 217 4378 363 4442; x_wconf 72' lang='grc' dir='ltr'><strong><em>Αὐτὸς</em></strong></span> <span class='ocrx_word' id='word_1_551' title='bbox 401 4378 570 4449; x_wconf 78' lang='grc' dir='ltr'><strong><em>(Υἱὸς)</em></strong></span> <span class='ocrx_word' id='word_1_552' title='bbox 624 4378 755 4449; x_wconf 85' lang='grc' dir='ltr'><strong><em>γὰρ,</em></strong></span> <span class='ocrx_word' id='word_1_553' title='bbox 795 4379 980 4450; x_wconf 79' lang='grc' dir='ltr'>ὥσπερ</span> <span class='ocrx_word' id='word_1_554' title='bbox 1011 4383 1249 4452; x_wconf 66' lang='grc' dir='ltr'><strong><em>εἴρηταί,</em></strong></span> <span class='ocrx_word' id='word_1_555' title='bbox 1273 4382 1332 4434; x_wconf 73' lang='grc' dir='ltr'><strong><em>τὸ</em></strong></span> <span class='ocrx_word' id='word_1_556' title='bbox 1369 4383 1590 4451; x_wconf 81' lang='grc' dir='ltr'>Πνεῦμα</span> <span class='ocrx_word' id='word_1_557' title='bbox 1634 4381 1814 4434; x_wconf 74' lang='grc' dir='ltr'>δίδωσι</span> <span class='ocrx_word' id='word_1_558' title='bbox 1847 4396 1860 4411; x_wconf 90' lang='grc'><strong>·</strong></span> <span class='ocrx_word' id='word_1_559' title='bbox 1900 4381 1993 4433; x_wconf 78' lang='grc' dir='ltr'>καὶ</span> <span class='ocrx_word' id='word_1_560' title='bbox 2032 4381 2133 4432; x_wconf 85' lang='grc' dir='ltr'><strong><em>ὅσα</em></strong></span> <span class='ocrx_word' id='word_1_561' title='bbox 2195 4380 2308 4448; x_wconf 78' lang='grc' dir='ltr'>ἔχει</span> <span class='ocrx_word' id='word_1_562' title='bbox 2337 4380 2398 4432; x_wconf 80' lang='grc' dir='ltr'><strong><em>τὸ</em></strong></span> <span class='ocrx_word' id='word_1_563' title='bbox 2445 4380 2690 4449; x_wconf 79' lang='grc' dir='ltr'><strong><em>Πνεῦμα,</em></strong></span> <span class='ocrx_word' id='word_1_564' title='bbox 2731 4381 2906 4451; x_wconf 79' lang='grc' dir='ltr'>ταῦτα</span> <span class='ocrx_word' id='word_1_565' title='bbox 2963 4384 3116 4450; x_wconf 74' lang='grc' dir='ltr'>παρὰ</span> <span class='ocrx_word' id='word_1_566' title='bbox 3135 4384 3227 4437; x_wconf 78' lang='grc' dir='ltr'><strong><em>τοῦ</em></strong></span> <span class='ocrx_word' id='word_1_567' title='bbox 3253 4383 3433 4450; x_wconf 76' lang='grc' dir='ltr'><strong><em>Λόγου</em></strong></span> 
     </span>
    </p>
   </div>
   <div class='ocr_carea' id='block_1_47' title="bbox 215 4471 3441 4555">
    <p class='ocr_par' dir='ltr' id='par_1_47' title="bbox 215 4471 3441 4555">
     <span class='ocr_line' id='line_1_47' title="bbox 215 4471 3441 4555; baseline 0.004 -30"><span class='ocrx_word' id='word_1_568' title='bbox 215 4471 334 4540; x_wconf 72' lang='grc' dir='ltr'><strong>ἔχει,</strong></span> <span class='ocrx_word' id='word_1_569' title='bbox 367 4471 496 4548; x_wconf 86' lang='lat' dir='ltr'><strong><em>ipse</em></strong></span> <span class='ocrx_word' id='word_1_570' title='bbox 529 4473 692 4533; x_wconf 84' lang='lat' dir='ltr'><strong><em>enim</em></strong></span> <span class='ocrx_word' id='word_1_571' title='bbox 721 4471 1000 4550; x_wconf 88' lang='lat' dir='ltr'><strong><em>(Filius),</em></strong></span> <span class='ocrx_word' id='word_1_572' title='bbox 1031 4485 1098 4534; x_wconf 87' lang='lat' dir='ltr'><strong><em>ut</em></strong></span> <span class='ocrx_word' id='word_1_573' title='bbox 1130 4473 1366 4534; x_wconf 88' lang='lat' dir='ltr'><strong><em>dictum</em></strong></span> <span class='ocrx_word' id='word_1_574' title='bbox 1408 4482 1520 4547; x_wconf 89' lang='lat' dir='ltr'><strong><em>est,</em></strong></span> <span class='ocrx_word' id='word_1_575' title='bbox 1560 4473 1669 4533; x_wconf 88' lang='lat' dir='ltr'><strong><em>dat</em></strong></span> <span class='ocrx_word' id='word_1_576' title='bbox 1699 4475 2008 4552; x_wconf 82' lang='lat' dir='ltr'><strong><em>Spiritum</em></strong></span> <span class='ocrx_word' id='word_1_577' title='bbox 2057 4481 2376 4540; x_wconf 86' lang='lat' dir='ltr'><strong><em>sanctum;</em></strong></span> <span class='ocrx_word' id='word_1_578' title='bbox 2437 4482 2492 4533; x_wconf 89' lang='lat' dir='ltr'><strong><em>ct</em></strong></span> <span class='ocrx_word' id='word_1_579' title='bbox 2532 4490 2904 4552; x_wconf 65' lang='lat' dir='ltr'><strong><em>quaecunque</em></strong></span> <span class='ocrx_word' id='word_1_580' title='bbox 2936 4474 3117 4535; x_wconf 86' lang='lat' dir='ltr'><strong><em>habet</em></strong></span> <span class='ocrx_word' id='word_1_581' title='bbox 3156 4477 3441 4555; x_wconf 81' lang='lat' dir='ltr'><strong><em>Spiritus</em></strong></span> 
     </span>
    </p>
   </div>
   <div class='ocr_carea' id='block_1_48' title="bbox 219 4570 3441 4652">
    <p class='ocr_par' dir='ltr' id='par_1_48' title="bbox 219 4570 3441 4652">
     <span class='ocr_line' id='line_1_48' title="bbox 219 4570 3441 4652; baseline 0.006 -29"><span class='ocrx_word' id='word_1_582' title='bbox 219 4579 474 4642; x_wconf 78' lang='lat' dir='ltr'><strong><em>sanctus,</em></strong></span> <span class='ocrx_word' id='word_1_583' title='bbox 531 4590 605 4631; x_wconf 84' lang='lat' dir='ltr'><strong><em>ea</em></strong></span> <span class='ocrx_word' id='word_1_584' title='bbox 654 4590 691 4630; x_wconf 89' lang='lat' dir='ltr'><strong><em>a</em></strong></span> <span class='ocrx_word' id='word_1_585' title='bbox 751 4572 942 4633; x_wconf 80' lang='lat' dir='ltr'><strong><em>Verbo</em></strong></span> <span class='ocrx_word' id='word_1_586' title='bbox 1012 4574 1272 4652; x_wconf 86' lang='lat' dir='ltr'><strong><em>accipit.</em></strong></span> <span class='ocrx_word' id='word_1_587' title='bbox 1308 4573 1463 4634; x_wconf 90' lang='lat' dir='ltr'><strong><em>Cum</em></strong></span> <span class='ocrx_word' id='word_1_588' title='bbox 1519 4590 1668 4634; x_wconf 87' lang='lat' dir='ltr'><strong><em>vero</em></strong></span> <span class='ocrx_word' id='word_1_589' title='bbox 1707 4572 1981 4648; x_wconf 86' lang='lat' dir='ltr'><strong><em>Spiritus</em></strong></span> <span class='ocrx_word' id='word_1_590' title='bbox 2039 4578 2296 4634; x_wconf 87' lang='lat' dir='ltr'><strong><em>sanctus</em></strong></span> <span class='ocrx_word' id='word_1_591' title='bbox 2356 4570 2423 4632; x_wconf 90' lang='lat' dir='ltr'><strong><em>in</em></strong></span> <span class='ocrx_word' id='word_1_592' title='bbox 2489 4572 2717 4648; x_wconf 86' lang='lat' dir='ltr'><strong><em>primis</em></strong></span> <span class='ocrx_word' id='word_1_593' title='bbox 2772 4571 2999 4635; x_wconf 86' lang='lat' dir='ltr'><strong><em>habeat</em></strong></span> <span class='ocrx_word' id='word_1_594' title='bbox 3057 4581 3342 4640; x_wconf 88' lang='lat' dir='ltr'><strong><em>naturam</em></strong></span> <span class='ocrx_word' id='word_1_595' title='bbox 3379 4592 3441 4644; x_wconf 87' lang='lat' dir='ltr'><strong><em>et</em></strong></span> 
     </span>
    </p>
   </div>
   <div class='ocr_carea' id='block_1_49' title="bbox 215 4667 3442 4754">
    <p class='ocr_par' dir='ltr' id='par_1_49' title="bbox 215 4667 3442 4754">
     <span class='ocr_line' id='line_1_49' title="bbox 215 4667 3442 4754; baseline 0.006 -28"><span class='ocrx_word' id='word_1_596' title='bbox 215 4671 568 4744; x_wconf 85' lang='lat' dir='ltr'><strong><em>essentiam,</em></strong></span> <span class='ocrx_word' id='word_1_597' title='bbox 640 4673 788 4751; x_wconf 89' lang='lat' dir='ltr'><strong><em>quis</em></strong></span> <span class='ocrx_word' id='word_1_598' title='bbox 845 4673 1137 4736; x_wconf 89' lang='lat' dir='ltr'><strong><em>dubitare</em></strong></span> <span class='ocrx_word' id='word_1_599' title='bbox 1209 4681 1414 4752; x_wconf 85' lang='lat' dir='ltr'><strong><em>potest</em></strong></span> <span class='ocrx_word' id='word_1_600' title='bbox 1462 4674 1622 4754; x_wconf 89' lang='lat' dir='ltr'><strong><em>quin</em></strong></span> <span class='ocrx_word' id='word_1_601' title='bbox 1684 4672 2072 4735; x_wconf 86' lang='lat' dir='ltr'><strong><em>Athanasius</em></strong></span> <span class='ocrx_word' id='word_1_602' title='bbox 2139 4671 2440 4748; x_wconf 85' lang='lat' dir='ltr'><strong><em>senserit,</em></strong></span> <span class='ocrx_word' id='word_1_603' title='bbox 2509 4667 2674 4735; x_wconf 86' lang='lat' dir='ltr'><strong><em>hanc</em></strong></span> <span class='ocrx_word' id='word_1_604' title='bbox 2727 4689 2876 4736; x_wconf 89' lang='lat' dir='ltr'><strong><em>eum</em></strong></span> <span class='ocrx_word' id='word_1_605' title='bbox 2938 4692 2976 4738; x_wconf 88' lang='lat' dir='ltr'><strong><em>a</em></strong></span> <span class='ocrx_word' id='word_1_606' title='bbox 3034 4677 3205 4742; x_wconf 75' lang='lat' dir='ltr'><strong><em>Filio</em></strong></span> <span class='ocrx_word' id='word_1_607' title='bbox 3258 4699 3442 4746; x_wconf 87' lang='lat' dir='ltr'><strong><em>rece-</em></strong></span> 
     </span>
    </p>
   </div>
   <div class='ocr_carea' id='block_1_50' title="bbox 214 4767 410 4845">
    <p class='ocr_par' dir='ltr' id='par_1_50' title="bbox 214 4767 410 4845">
     <span class='ocr_line' id='line_1_50' title="bbox 214 4767 410 4845; baseline 0.036 -19"><span class='ocrx_word' id='word_1_608' title='bbox 214 4767 410 4845; x_wconf 77' lang='lat' dir='ltr'><strong><em>pisse?</em></strong></span> 
     </span>
    </p>
   </div>
   <div class='ocr_carea' id='block_1_51' title="bbox 283 4873 3440 4962">
    <p class='ocr_par' dir='ltr' id='par_1_51' title="bbox 283 4873 3440 4962">
     <span class='ocr_line' id='line_1_51' title="bbox 283 4873 3440 4962; baseline 0.006 -31"><span class='ocrx_word' id='word_1_609' title='bbox 283 4873 337 4932; x_wconf 84' lang='lat'><strong><em>7.</em></strong></span> <span class='ocrx_word' id='word_1_610' title='bbox 377 4877 437 4936; x_wconf 92' lang='lat' dir='ltr'><strong><em>S.</em></strong></span> <span class='ocrx_word' id='word_1_611' title='bbox 479 4879 764 4937; x_wconf 84' lang='lat' dir='ltr'><strong><em>Joannes</em></strong></span> <span class='ocrx_word' id='word_1_612' title='bbox 797 4876 1319 4954; x_wconf 77' lang='lat' dir='ltr'><strong><em>Chrysostomus,</em></strong></span> <span class='ocrx_word' id='word_1_613' title='bbox 1342 4893 1456 4938; x_wconf 88' lang='lat' dir='ltr'><strong><em>seu</em></strong></span> <span class='ocrx_word' id='word_1_614' title='bbox 1491 4877 1658 4939; x_wconf 90' lang='lat' dir='ltr'><strong><em>alius</em></strong></span> <span class='ocrx_word' id='word_1_615' title='bbox 1682 4884 1977 4941; x_wconf 89' lang='lat' dir='ltr'><strong><em>vetustus</em></strong></span> <span class='ocrx_word' id='word_1_616' title='bbox 2009 4884 2230 4940; x_wconf 85' lang='lat' dir='ltr'><strong><em>auctor</em></strong></span> <span class='ocrx_word' id='word_1_617' title='bbox 2261 4873 2547 4942; x_wconf 68' lang='lat' dir='ltr'><strong><em>homilire</em></strong></span> <span class='ocrx_word' id='word_1_618' title='bbox 2575 4880 2663 4940; x_wconf 88' lang='lat' dir='ltr'><strong><em>De</em></strong></span> <span class='ocrx_word' id='word_1_619' title='bbox 2696 4880 3134 4943; x_wconf 85' lang='lat' dir='ltr'><strong><em>incarnatione</em></strong></span> <span class='ocrx_word' id='word_1_620' title='bbox 3163 4884 3440 4962; x_wconf 84' lang='lat' dir='ltr'><strong><em>Domini,</em></strong></span> 
     </span>
    </p>
   </div>
   <div class='ocr_carea' id='block_1_52' title="bbox 213 4977 1737 5067">
    <p class='ocr_par' dir='ltr' id='par_1_52' title="bbox 213 4977 1695 5056">
     <span class='ocr_line' id='line_1_52' title="bbox 213 4977 1695 5056; baseline 0.007 -25"><span class='ocrx_word' id='word_1_621' title='bbox 213 4989 384 5049; x_wconf 85' lang='lat' dir='ltr'><strong><em>quam</em></strong></span> <span class='ocrx_word' id='word_1_622' title='bbox 441 4977 899 5056; x_wconf 86' lang='lat' dir='ltr'><strong><em>Chrysostomo</em></strong></span> <span class='ocrx_word' id='word_1_623' title='bbox 953 4980 1176 5041; x_wconf 86' lang='lat' dir='ltr'><strong><em>tribuit</em></strong></span> <span class='ocrx_word' id='word_1_624' title='bbox 1231 4981 1495 5044; x_wconf 88' lang='lat' dir='ltr'><strong><em>Photius</em></strong></span> <span class='ocrx_word' id='word_1_625' title='bbox 1553 4983 1695 5043; x_wconf 88' lang='lat' dir='ltr'><strong><em>cod.</em></strong></span> 
     </span>
    </p>
   </div>
   <div class='ocr_carea' id='block_1_53' title="bbox 1915 4977 3439 5067">
    <p class='ocr_par' dir='ltr' id='par_1_53' title="bbox 1940 4983 3439 5067">
     <span class='ocr_line' id='line_1_53' title="bbox 1940 4983 3439 5067; baseline 0.003 -19"><span class='ocrx_word' id='word_1_626' title='bbox 1940 4997 1999 5049; x_wconf 85' lang='grc' dir='ltr'>Ὀ</span> <span class='ocrx_word' id='word_1_627' title='bbox 2031 4995 2291 5063; x_wconf 80' lang='grc' dir='ltr'><strong><em>Χριστὸς,</em></strong></span> <span class='ocrx_word' id='word_1_628' title='bbox 2322 4983 2576 5062; x_wconf 84' lang='lat' dir='ltr'><strong><em>inquit,</em></strong></span> <span class='ocrx_word' id='word_1_629' title='bbox 2643 4992 2846 5048; x_wconf 79' lang='grc' dir='ltr'><strong><em>ἔδωκεν</em></strong></span> <span class='ocrx_word' id='word_1_630' title='bbox 2898 4997 3031 5067; x_wconf 69' lang='grc' dir='ltr'>ἡμῖν</span> <span class='ocrx_word' id='word_1_631' title='bbox 3062 4998 3124 5050; x_wconf 80' lang='grc' dir='ltr'><strong><em>τὸ</em></strong></span> <span class='ocrx_word' id='word_1_632' title='bbox 3185 4998 3242 5064; x_wconf 76' lang='grc' dir='ltr'><strong><em>ἐξ</em></strong></span> <span class='ocrx_word' id='word_1_633' title='bbox 3274 4998 3439 5052; x_wconf 76' lang='grc' dir='ltr'>αὐτοῦ</span> 
     </span>
    </p>
   </div>
   <div class='ocr_carea' id='block_1_54' title="bbox 212 5075 3442 5166">
    <p class='ocr_par' dir='ltr' id='par_1_54' title="bbox 212 5075 3442 5166">
     <span class='ocr_line' id='line_1_54' title="bbox 212 5075 3442 5166; baseline 0.004 -26"><span class='ocrx_word' id='word_1_634' title='bbox 212 5075 438 5148; x_wconf 76' lang='grc' dir='ltr'>Πνεῦμα,</span> <span class='ocrx_word' id='word_1_635' title='bbox 473 5081 766 5142; x_wconf 84' lang='lat' dir='ltr'><strong><em>Christus</em></strong></span> <span class='ocrx_word' id='word_1_636' title='bbox 795 5078 963 5139; x_wconf 85' lang='lat' dir='ltr'><strong><em>dedit</em></strong></span> <span class='ocrx_word' id='word_1_637' title='bbox 994 5081 1173 5141; x_wconf 87' lang='lat' dir='ltr'><strong><em>nobis</em></strong></span> <span class='ocrx_word' id='word_1_638' title='bbox 1202 5081 1517 5158; x_wconf 87' lang='lat' dir='ltr'><strong><em>Spiritum</em></strong></span> <span class='ocrx_word' id='word_1_639' title='bbox 1544 5093 1852 5160; x_wconf 88' lang='lat' dir='ltr'><strong><em>sanctum,</em></strong></span> <span class='ocrx_word' id='word_1_640' title='bbox 1883 5083 1991 5166; x_wconf 90' lang='lat' dir='ltr'><strong><em>qui</em></strong></span> <span class='ocrx_word' id='word_1_641' title='bbox 2023 5105 2102 5148; x_wconf 78' lang='lat' dir='ltr'><strong><em>ex</em></strong></span> <span class='ocrx_word' id='word_1_642' title='bbox 2134 5087 2272 5166; x_wconf 85' lang='lat' dir='ltr'><strong><em>ipso</em></strong></span> <span class='ocrx_word' id='word_1_643' title='bbox 2307 5093 2422 5146; x_wconf 88' lang='lat' dir='ltr'><strong><em>est.</em></strong></span> <span class='ocrx_word' id='word_1_644' title='bbox 2478 5087 2860 5151; x_wconf 81' lang='lat' dir='ltr'><strong><em>Anastasius</em></strong></span> <span class='ocrx_word' id='word_1_645' title='bbox 2909 5089 3175 5163; x_wconf 87' lang='lat' dir='ltr'><strong><em>Sinaita,</em></strong></span> <span class='ocrx_word' id='word_1_646' title='bbox 3208 5091 3442 5152; x_wconf 88' lang='lat' dir='ltr'><strong><em>Antio-</em></strong></span> 
     </span>
    </p>
   </div>
   <div class='ocr_carea' id='block_1_55' title="bbox 212 5176 1736 5268">
    <p class='ocr_par' dir='ltr' id='par_1_55' title="bbox 212 5176 1736 5262">
     <span class='ocr_line' id='line_1_55' title="bbox 212 5176 1736 5262; baseline 0.003 -23"><span class='ocrx_word' id='word_1_647' title='bbox 212 5176 440 5243; x_wconf 81' lang='lat' dir='ltr'><strong><em>chenus</em></strong></span> <span class='ocrx_word' id='word_1_648' title='bbox 477 5181 848 5260; x_wconf 80' lang='lat' dir='ltr'><strong><em>episcopus,</em></strong></span> <span class='ocrx_word' id='word_1_649' title='bbox 873 5180 939 5240; x_wconf 90' lang='lat' dir='ltr'><strong><em>in</em></strong></span> <span class='ocrx_word' id='word_1_650' title='bbox 967 5181 1174 5259; x_wconf 89' lang='lat' dir='ltr'><strong><em>primo</em></strong></span> <span class='ocrx_word' id='word_1_651' title='bbox 1205 5182 1293 5241; x_wconf 87' lang='lat' dir='ltr'><strong><em>De</em></strong></span> <span class='ocrx_word' id='word_1_652' title='bbox 1319 5183 1511 5243; x_wconf 86' lang='lat' dir='ltr'><strong><em>rectis</em></strong></span> <span class='ocrx_word' id='word_1_653' title='bbox 1539 5182 1736 5262; x_wconf 76' lang='lat' dir='ltr'><strong><em>dogmt</em></strong></span> 
     </span>
    </p>
   </div>
   <div class='ocr_carea' id='block_1_56' title="bbox 1917 5176 3441 5268">
    <p class='ocr_par' dir='ltr' id='par_1_56' title="bbox 1917 5194 3441 5268">
     <span class='ocr_line' id='line_1_56' title="bbox 1917 5194 3441 5268; baseline 0.005 -24"><span class='ocrx_word' id='word_1_654' title='bbox 1917 5207 1931 5244; x_wconf 74' lang='grc' dir='ltr'><strong>ς</strong></span> <span class='ocrx_word' id='word_1_655' title='bbox 1968 5209 1986 5247; x_wconf 93' lang='lat'><em>:</em></span> <span class='ocrx_word' id='word_1_656' title='bbox 2019 5197 2130 5249; x_wconf 76' lang='lat' dir='ltr'><strong><em>Kal.</em></strong></span> <span class='ocrx_word' id='word_1_657' title='bbox 2161 5195 2270 5266; x_wconf 84' lang='grc' dir='ltr'>μὴν</span> <span class='ocrx_word' id='word_1_658' title='bbox 2294 5197 2322 5249; x_wconf 87' lang='grc' dir='ltr'>ὁ</span> <span class='ocrx_word' id='word_1_659' title='bbox 2352 5194 2560 5264; x_wconf 81' lang='grc' dir='ltr'><strong><em>Κύριος</em></strong></span> <span class='ocrx_word' id='word_1_660' title='bbox 2589 5195 2804 5257; x_wconf 81' lang='grc' dir='ltr'><strong><em>δεικνὺς</em></strong></span> <span class='ocrx_word' id='word_1_661' title='bbox 2828 5196 2960 5249; x_wconf 74' lang='grc' dir='ltr'><strong><em>αὐτὸ</em></strong></span> <span class='ocrx_word' id='word_1_662' title='bbox 2980 5196 3038 5262; x_wconf 76' lang='grc' dir='ltr'><strong><em>ἐξ</em></strong></span> <span class='ocrx_word' id='word_1_663' title='bbox 3067 5196 3232 5250; x_wconf 82' lang='grc' dir='ltr'>αὐτοῦ</span> <span class='ocrx_word' id='word_1_664' title='bbox 3265 5197 3441 5268; x_wconf 77' lang='grc' dir='ltr'><strong><em>ὑπάρ-</em></strong></span> 
     </span>
    </p>
   </div>
   <div class='ocr_carea' id='block_1_57' title="bbox 212 5289 1736 5373">
    <p class='ocr_par' dir='ltr' id='par_1_57' title="bbox 212 5290 1736 5367">
     <span class='ocr_line' id='line_1_57' title="bbox 212 5290 1736 5367; baseline 0.004 -23"><span class='ocrx_word' id='word_1_665' title='bbox 212 5309 334 5362; x_wconf 76' lang='grc' dir='ltr'>χειν,</span> <span class='ocrx_word' id='word_1_666' title='bbox 361 5294 625 5363; x_wconf 77' lang='grc' dir='ltr'><strong><em>ἐμφυσῶν</em></strong></span> <span class='ocrx_word' id='word_1_667' title='bbox 650 5295 761 5354; x_wconf 79' lang='grc' dir='ltr'>τοῖς</span> <span class='ocrx_word' id='word_1_668' title='bbox 792 5290 1064 5362; x_wconf 79' lang='grc' dir='ltr'>μαθηταῖς</span> <span class='ocrx_word' id='word_1_669' title='bbox 1112 5290 1289 5359; x_wconf 79' lang='grc' dir='ltr'>ἔλεγε,</span> <span class='ocrx_word' id='word_1_670' title='bbox 1318 5294 1538 5348; x_wconf 81' lang='grc' dir='ltr'>Λάϐετε</span> <span class='ocrx_word' id='word_1_671' title='bbox 1570 5298 1736 5367; x_wconf 46' lang='grc' dir='ltr'>Πνεῦλ</span> 
     </span>
    </p>
   </div>
   <div class='ocr_carea' id='block_1_58' title="bbox 1911 5289 3435 5373">
    <p class='ocr_par' dir='ltr' id='par_1_58' title="bbox 1911 5289 3435 5373">
     <span class='ocr_line' id='line_1_58' title="bbox 1911 5289 3435 5373; baseline 0.003 -25"><span class='ocrx_word' id='word_1_672' title='bbox 1911 5314 2026 5352; x_wconf 65' lang='lat' dir='ltr'><strong><em>1.0V.</em></strong></span> <span class='ocrx_word' id='word_1_673' title='bbox 2065 5291 2145 5346; x_wconf 83' lang='lat' dir='ltr'><strong><em>At</em></strong></span> <span class='ocrx_word' id='word_1_674' title='bbox 2183 5306 2328 5348; x_wconf 81' lang='lat' dir='ltr'><strong><em>vero</em></strong></span> <span class='ocrx_word' id='word_1_675' title='bbox 2385 5289 2688 5373; x_wconf 75' lang='lat' dir='ltr'><strong><em>Dominus</em></strong></span> <span class='ocrx_word' id='word_1_676' title='bbox 2739 5289 3068 5348; x_wconf 85' lang='lat' dir='ltr'><strong><em>ostendens</em></strong></span> <span class='ocrx_word' id='word_1_677' title='bbox 3101 5307 3180 5352; x_wconf 63' lang='lat' dir='ltr'><strong><em>ea:</em></strong></span> <span class='ocrx_word' id='word_1_678' title='bbox 3214 5301 3435 5352; x_wconf 84' lang='lat' dir='ltr'><strong><em>semet-</em></strong></span> 
     </span>
    </p>
   </div>
   <div class='ocr_carea' id='block_1_59' title="bbox 213 5383 3440 5466">
    <p class='ocr_par' dir='ltr' id='par_1_59' title="bbox 213 5383 3440 5466">
     <span class='ocr_line' id='line_1_59' title="bbox 213 5383 3440 5466; baseline 0.003 -22"><span class='ocrx_word' id='word_1_679' title='bbox 213 5383 340 5459; x_wconf 69' lang='lat' dir='ltr'><strong><em>ipso</em></strong></span> <span class='ocrx_word' id='word_1_680' title='bbox 375 5387 692 5464; x_wconf 83' lang='lat' dir='ltr'><strong><em>Spiritum</em></strong></span> <span class='ocrx_word' id='word_1_681' title='bbox 721 5384 1045 5455; x_wconf 71' lang='lat' dir='ltr'><strong><em>exsistere,</em></strong></span> <span class='ocrx_word' id='word_1_682' title='bbox 1073 5384 1406 5465; x_wconf 81' lang='lat' dir='ltr'><strong><em>insufﬂans</em></strong></span> <span class='ocrx_word' id='word_1_683' title='bbox 1437 5385 1770 5466; x_wconf 82' lang='lat' dir='ltr'><strong><em>discipulis</em></strong></span> <span class='ocrx_word' id='word_1_684' title='bbox 1793 5385 1962 5450; x_wconf 78' lang='lat' dir='ltr'><strong><em>dixit</em></strong></span> <span class='ocrx_word' id='word_1_685' title='bbox 1993 5407 2011 5449; x_wconf 92' lang='lat'><strong><em>:</em></strong></span> <span class='ocrx_word' id='word_1_686' title='bbox 2044 5412 2072 5443; x_wconf 82' lang='grc' dir='ltr'><strong><em>‹ι</em></strong></span> <span class='ocrx_word' id='word_1_687' title='bbox 2102 5385 2385 5465; x_wconf 86' lang='lat' dir='ltr'><strong><em>Accipite</em></strong></span> <span class='ocrx_word' id='word_1_688' title='bbox 2421 5387 2733 5464; x_wconf 88' lang='lat' dir='ltr'><strong><em>Spiritum</em></strong></span> <span class='ocrx_word' id='word_1_689' title='bbox 2767 5396 3075 5449; x_wconf 90' lang='lat' dir='ltr'><strong><em>sanctum.</em></strong></span> <span class='ocrx_word' id='word_1_690' title='bbox 3111 5411 3140 5444; x_wconf 65' lang='grc' dir='ltr'><strong><em>ιι</em></strong></span> <span class='ocrx_word' id='word_1_691' title='bbox 3167 5391 3440 5454; x_wconf 88' lang='lat' dir='ltr'><strong><em>Demum</em></strong></span> 
     </span>
    </p>
   </div>
   <div class='ocr_carea' id='block_1_60' title="bbox 214 5484 1738 5571">
    <p class='ocr_par' dir='ltr' id='par_1_60' title="bbox 214 5484 1738 5564">
     <span class='ocr_line' id='line_1_60' title="bbox 214 5484 1738 5564; baseline 0.003 -20"><span class='ocrx_word' id='word_1_692' title='bbox 214 5484 271 5544; x_wconf 88' lang='lat' dir='ltr'><strong><em>S.</em></strong></span> <span class='ocrx_word' id='word_1_693' title='bbox 303 5486 578 5562; x_wconf 80' lang='lat' dir='ltr'><strong><em>Symeon</em></strong></span> <span class='ocrx_word' id='word_1_694' title='bbox 605 5487 1060 5564; x_wconf 81' lang='lat' dir='ltr'><strong><em>Metaphrastes</em></strong></span> <span class='ocrx_word' id='word_1_695' title='bbox 1091 5484 1156 5545; x_wconf 91' lang='lat' dir='ltr'><strong><em>in</em></strong></span> <span class='ocrx_word' id='word_1_696' title='bbox 1197 5486 1506 5564; x_wconf 72' lang='lat' dir='ltr'><strong><em>Martyrio</em></strong></span> <span class='ocrx_word' id='word_1_697' title='bbox 1530 5488 1593 5547; x_wconf 90' lang='lat' dir='ltr'><strong><em>S.</em></strong></span> <span class='ocrx_word' id='word_1_698' title='bbox 1629 5488 1738 5548; x_wconf 84' lang='lat' dir='ltr'><strong><em>Dic</em></strong></span> 
     </span>
    </p>
   </div>
   <div class='ocr_carea' id='block_1_61' title="bbox 1917 5484 3441 5571">
    <p class='ocr_par' dir='ltr' id='par_1_61' title="bbox 1917 5490 3441 5571">
     <span class='ocr_line' id='line_1_61' title="bbox 1917 5490 3441 5571; baseline 0.006 -25"><span class='ocrx_word' id='word_1_699' title='bbox 1917 5490 1921 5546; x_wconf 91' lang='lat' dir='ltr'><strong><em>i</em></strong></span> <span class='ocrx_word' id='word_1_700' title='bbox 1955 5510 1970 5548; x_wconf 89' lang='lat'><strong>:</strong></span> <span class='ocrx_word' id='word_1_701' title='bbox 2003 5497 2077 5549; x_wconf 81' lang='grc' dir='ltr'>Τὸ</span> <span class='ocrx_word' id='word_1_702' title='bbox 2110 5496 2548 5567; x_wconf 82' lang='grc' dir='ltr'>ἐκπορευόμενον</span> <span class='ocrx_word' id='word_1_703' title='bbox 2581 5496 2747 5549; x_wconf 82' lang='grc' dir='ltr'><strong><em>αὑτοῦ</em></strong></span> <span class='ocrx_word' id='word_1_704' title='bbox 2781 5495 3006 5566; x_wconf 81' lang='grc' dir='ltr'>[Ινεῦμα</span> <span class='ocrx_word' id='word_1_705' title='bbox 3063 5498 3156 5552; x_wconf 72' lang='grc' dir='ltr'><strong><em>ἐπὶ</em></strong></span> <span class='ocrx_word' id='word_1_706' title='bbox 3211 5501 3278 5571; x_wconf 83' lang='grc' dir='ltr'><strong><em>τῇ</em></strong></span> <span class='ocrx_word' id='word_1_707' title='bbox 3329 5501 3441 5554; x_wconf 78' lang='grc' dir='ltr'>τῶν</span> 
     </span>
    </p>
   </div>
   <div class='ocr_carea' id='block_1_62' title="bbox 212 5585 1736 5666">
    <p class='ocr_par' dir='ltr' id='par_1_62' title="bbox 212 5587 1736 5664">
     <span class='ocr_line' id='line_1_62' title="bbox 212 5587 1736 5664; baseline 0.001 -20"><span class='ocrx_word' id='word_1_708' title='bbox 212 5589 449 5644; x_wconf 79' lang='grc' dir='ltr'><strong><em>ἀπίστων</em></strong></span> <span class='ocrx_word' id='word_1_709' title='bbox 476 5587 648 5640; x_wconf 75' lang='grc' dir='ltr'>ἐθνῶν</span> <span class='ocrx_word' id='word_1_710' title='bbox 671 5589 1022 5660; x_wconf 79' lang='grc' dir='ltr'>καταπέμπει</span> <span class='ocrx_word' id='word_1_711' title='bbox 1086 5593 1198 5653; x_wconf 82' lang='grc' dir='ltr'>τοῖς</span> <span class='ocrx_word' id='word_1_712' title='bbox 1233 5589 1500 5662; x_wconf 84' lang='grc' dir='ltr'>μαθηταῖς</span> <span class='ocrx_word' id='word_1_713' title='bbox 1529 5592 1736 5664; x_wconf 54' lang='grc' dir='ltr'><strong><em>ὁδηγᾷξι,</em></strong></span> 
     </span>
    </p>
   </div>
   <div class='ocr_carea' id='block_1_63' title="bbox 1916 5585 3440 5666">
    <p class='ocr_par' dir='ltr' id='par_1_63' title="bbox 1916 5585 3440 5666">
     <span class='ocr_line' id='line_1_63' title="bbox 1916 5585 3440 5666; baseline 0.004 -18"><span class='ocrx_word' id='word_1_714' title='bbox 1916 5589 2063 5648; x_wconf 73' lang='lat' dir='ltr'><strong><em>Estne</em></strong></span> <span class='ocrx_word' id='word_1_715' title='bbox 2092 5585 2525 5666; x_wconf 78' lang='lat' dir='ltr'><strong><em>procedentem</em></strong></span> <span class='ocrx_word' id='word_1_716' title='bbox 2556 5605 2592 5645; x_wconf 90' lang='lat' dir='ltr'><strong><em>a</em></strong></span> <span class='ocrx_word' id='word_1_717' title='bbox 2617 5605 2680 5646; x_wconf 84' lang='lat' dir='ltr'><strong><em>se</em></strong></span> <span class='ocrx_word' id='word_1_718' title='bbox 2709 5587 3024 5665; x_wconf 83' lang='lat' dir='ltr'><strong><em>Spiritum</em></strong></span> <span class='ocrx_word' id='word_1_719' title='bbox 3049 5589 3131 5651; x_wconf 85' lang='lat' dir='ltr'><strong><em>ad</em></strong></span> <span class='ocrx_word' id='word_1_720' title='bbox 3165 5591 3440 5655; x_wconf 72' lang='lat' dir='ltr'><strong><em>infideles</em></strong></span> 
     </span>
    </p>
   </div>
   <div class='ocr_carea' id='block_1_64' title="bbox 213 5679 1680 5760">
    <p class='ocr_par' dir='ltr' id='par_1_64' title="bbox 213 5679 1680 5760">
     <span class='ocr_line' id='line_1_64' title="bbox 213 5679 1680 5760; baseline 0.002 -18"><span class='ocrx_word' id='word_1_721' title='bbox 213 5679 593 5744; x_wconf 84' lang='lat' dir='ltr'><strong><em>deducendas</em></strong></span> <span class='ocrx_word' id='word_1_722' title='bbox 626 5688 860 5758; x_wconf 84' lang='lat' dir='ltr'><strong><em>gentes,</em></strong></span> <span class='ocrx_word' id='word_1_723' title='bbox 892 5683 960 5741; x_wconf 85' lang='lat' dir='ltr'><strong><em>in</em></strong></span> <span class='ocrx_word' id='word_1_724' title='bbox 989 5680 1334 5760; x_wconf 83' lang='lat' dir='ltr'><strong><em>discipulos</em></strong></span> <span class='ocrx_word' id='word_1_725' title='bbox 1377 5683 1680 5745; x_wconf 86' lang='lat' dir='ltr'><strong><em>immittit.</em></strong></span> 
     </span>
    </p>
   </div>
   <div class='ocr_carea' id='block_1_65' title="bbox 555 5786 2079 5872">
    <p class='ocr_par' dir='ltr' id='par_1_65' title="bbox 555 5786 2064 5872">
     <span class='ocr_line' id='line_1_65' title="bbox 555 5786 2064 5872; baseline 0 -26"><span class='ocrx_word' id='word_1_726' title='bbox 555 5786 826 5848; x_wconf 74' lang='grc' dir='ltr'><strong><em>ΡΑτιιοι.</em></strong></span> <span class='ocrx_word' id='word_1_727' title='bbox 870 5789 987 5848; x_wconf 80' lang='lat' dir='ltr'><strong><em>Gn.</em></strong></span> <span class='ocrx_word' id='word_1_728' title='bbox 1033 5787 1286 5847; x_wconf 75' lang='lat' dir='ltr'><strong><em>CXXV.</em></strong></span> <span class='ocrx_word' id='word_1_729' title='bbox 2024 5869 2064 5872; x_wconf 10' lang='grc' dir='ltr'><strong><em>,ν</em></strong></span> 
     </span>
    </p>
   </div>
   <div class='ocr_carea' id='block_1_66' title="bbox 1542 5786 3066 5872">
    <p class='ocr_par' dir='ltr' id='par_1_66' title="bbox 2024 5788 3066 5872">
     <span class='ocr_line' id='line_1_66' title="bbox 2024 5788 3066 5872; baseline 0.002 -22"><span class='ocrx_word' id='word_1_730' title='bbox 2024 5788 2120 5872; x_wconf 12' lang='grc' dir='ltr'><strong><em>-νξ</em></strong></span> <span class='ocrx_word' id='word_1_731' title='bbox 2996 5790 3066 5852; x_wconf 77' lang='grc'><strong><em>15</em></strong></span> 
     </span>
    </p>
   </div>
  </div>
