3860 6610
441 361 550 429 459
775 400 841 457 υ
1480 368 1859 430 .BONIFACII
1897 367 2200 429 FINETTI
2244 366 2636 427 PREFATIO
3572 367 3660 430 460

529 480 830 542 XXXIII.
853 480 995 542 Alia
1032 483 1213 562 plura
1235 482 1596 544 Graecorum
1633 486 1884 544 Patrum
1918 481 2285 544 testimonia
2329 482 2432 543 hic
2471 499 2621 543 sane
2674 495 3020 559 congerere
3059 493 3337 554 possem,
3369 494 3499 558 quo
3521 497 3658 542 con-

446 586 620 641 stans
651 580 1026 642 eorumdem
1076 581 1327 642 Patrum
1390 580 1469 642 de
1501 581 1744 658 Spiritu
1796 589 2016 642 sancto
2067 597 2100 641 a
2141 572 2306 640 Filio
2342 581 2724 656 procedente
2759 577 3083 640 sententia
3121 577 3322 656 magis
3355 577 3658 657 magisque

447 679 865 742 elucesccret.
889 679 1014 744 Sed
1045 695 1122 740 ex
1152 677 1452 755 superius
1483 677 1693 740 allatis
1736 679 1892 740 satis
1924 695 2256 756 superque
2287 684 2683 755 compertum
2722 693 2866 739 esse
2889 675 3192 750 arbitror,
3225 693 3419 756 quam
3450 685 3660 743 temere

449 783 1024 862 imprudenterque
1058 782 1399 860 protulerit
1427 782 1944 860 Theophylactus
1978 797 2049 844 ea
2077 782 2264 844 verba
2303 805 2316 843 :
2351 781 2616 844 Ostende
2672 780 2852 842 nobis
2883 780 3158 851 Patrem,
3186 785 3305 840 etc.
3331 779 3461 840 Nos
3492 779 3664 841 multo

441 881 685 961 :potiori
713 883 856 960 jure
889 887 948 942 et
977 880 1193 958 ipsum
1227 880 1778 960 TheOphylactum
1804 888 1863 942 et
1895 888 2127 942 nostra:
2165 880 2368 942 astatis
2408 879 2753 942 Photianos
2793 894 3135 955 provocare
3172 893 3542 956 possumus,
3579 887 3660 936 at-

451 1003 576 1063 que
611 984 842 1045 iterum
871 982 1233 1062 iterumque
1265 991 1591 1061 repetere:
1624 983 1946 1046 Ostendite
1974 984 2155 1046 nobis
2190 983 2642 1058 Patres,etiam
2673 999 2750 1043 ex
2783 982 3047 1056 Graecis,
3075 981 3184 1060 qui
3219 987 3366 1042 ante
3391 978 3662 1039 Photiana

442 1091 736 1162 tempore
764 1083 1004 1144 diserte
1039 1083 1414 1162 negaverint
1469 1084 1779 1162 Spiritum
1829 1091 2122 1148 sanctum
2152 1101 2186 1147 a
2222 1085 2393 1146 Filio
2431 1083 2801 1162 procedere.
2835 1084 3075 1144 Verum
3111 1080 3364 1144 etiamsi
3401 1077 3508 1139 diu
3536 1079 3667 1138 mul-

451 1191 698 1260 tumque
715 1183 1087 1262 fatigentur,
1125 1181 1433 1243 nonalios
1456 1181 1761 1260 profecto,
1791 1182 2008 1262 specie
2041 1183 2281 1264 aliqua,
2319 1184 2669 1262 producere
2693 1188 2966 1262 queunt,
2993 1198 3184 1260 quam
3213 1178 3662 1240 Theodoretum

451 1294 511 1345 et
539 1287 1001 1349 Damascenum
1034 1302 1347 1363 :quorum
1385 1285 1544 1347 alter
1575 1288 1686 1348 hac
1713 1287 1937 1348 saltem
1965 1287 2030 1348 in
2063 1305 2130 1350 re
2160 1287 2470 1366 probatus
2507 1285 2726 1362 procul
2762 1285 2962 1347 dubio
2995 1301 3120 1345 non
3155 1290 3289 1356 est;
3330 1299 3473 1346 cum
3508 1279 3665 1346 verba

452 1381 639 1444 nobis
671 1383 914 1462 objecta
941 1383 1004 1444 in
1037 1395 1115 1441 eo
1143 1389 1398 1444 exstent
1435 1382 1656 1444 libello
1681 1400 1874 1462 quem
1913 1399 2024 1462 pro
2054 1385 2352 1446 Nestorio
2379 1383 2584 1445 edidit
2633 1391 2854 1444 contra
2890 1381 3232 1462 Cyrillum,
3265 1379 3510 1458 quique
3540 1396 3665 1458 pm-

454 1490 670 1560 pterea
699 1491 996 1562 tanquam
1033 1483 1370 1547 haereticus
1411 1482 1492 1543 ab
1519 1483 1802 1544 Ecclesia
1850 1483 2250 1561 proscriptus
2281 1483 2344 1544 in
2385 1484 2610 1562 quinta
2634 1483 2886 1564 synodo
2918 1489 3014 1545 est
3048 1482 3497 1564 (prmterquam
3521 1483 3668 1560 quod

451 1603 585 1647 non
619 1583 829 1646 solum
869 1604 946 1645 ex
981 1586 1175 1657 Filio,
1213 1586 1325 1645 sed
1357 1583 1548 1644 etiam
1607 1601 1724 1661 per
1754 1583 1992 1645 Filium
2021 1599 2190 1656 esse,
2245 1583 2593 1661 inliciatur)
2629 1603 2644 1643 :
2677 1583 2837 1645 alter
2872 1601 3044 1656 vero,
3080 1581 3337 1644 tametsi
3381 1582 3591 1643 doctus
3618 1593 3668 1644 et

449 1685 627 1762 .pius,
661 1702 804 1746 cum
837 1685 1125 1748 ﬂoruerit
1157 1685 1391 1747 smculo
1421 1684 1728 1746 duntaxat
1757 1690 2001 1758 octavo,
2038 1683 2409 1746 nullatenus
2465 1691 2559 1745 est
2599 1702 2742 1746 cum
2797 1683 3189 1756 Athanasiis,
3229 1681 3508 1757 Basiliis,
3546 1683 3668 1761 Epi-

451 1787 738 1866 phaniis,
773 1789 1031 1866 Cyrillis
1061 1789 1342 1868 aliisque
1375 1788 1697 1860 Patribus,
1731 1787 1843 1866 qui
1873 1785 2158 1867 dogmati
2183 1794 2400 1849 nostro
2453 1795 2670 1865 aperte
2701 1787 2938 1860 favent,
2994 1786 3376 1848 auctoritate
3440 1799 3665 1863 compa-

459 1890 720 1952 randus.
754 1891 925 1964 Quid
966 1907 1141 1964 vero,
1177 1890 1232 1952 si
1272 1907 1351 1953 ne
1384 1890 1493 1954 ille
1525 1890 1787 1970 quidem
1826 1889 2010 1951 nobis
2049 1890 2261 1968 reipsa
2293 1891 2714 1952 adversetur?
2750 1889 3067 1966 Equidem
3111 1887 3224 1948 lib.
3260 1905 3304 1957 ι,
3336 1888 3418 1946 De
3447 1886 3554 1966 ﬁde
3580 1902 3663 1943 or-

449 1992 761 2064 thodoxa,
794 2011 932 2071 cap.
966 1995 1062 2065 11,
1099 1997 1230 2056 haec
1251 1994 1441 2057 habet
1485 2013 1498 2056 :
1529 2003 1636 2057 Τὸν
1675 2002 1733 2057 δὲ
1769 2003 1897 2058 Υῑδν
1924 2003 1973 2056 αε

2141 2004 2177 2057 ›ὐ
2204 2003 2460 2074 λέγομεν,
2487 1993 2724 2056 Filium
2746 2011 2890 2053 vero
2928 2009 3055 2052 non
3093 1989 3363 2052 dicimus
3387 1996 3665 2048 auctorem

453 2113 576 2158 seu
603 2097 1024 2175 principium.
1067 2099 1134 2158 Et
1158 2096 1348 2176 paulo
1382 2107 1562 2176 post:
1603 2108 1698 2162 Ἕκ
1727 2107 1821 2162 τοῦ
1855 2108 1977 2162 Υἱοῦ

2143 2107 2332 2178 [νεῦμα
2363 2108 2423 2161 οὐ
2455 2109 2712 2180 λέγομεν,
2739 2107 2966 2179 Πνεῦμα
2995 2107 3051 2160 δὲ
3077 2107 3207 2166 Υἱοῦ
3236 2106 3588 2180 ὀνομάζομεν,
3605 2110 3667 2157 ετ

457 2194 626 2256 Filio
657 2206 863 2257 autem
889 2198 1205 2275 Spiritum
1235 2217 1364 2258 non
1421 2198 1688 2261 dicimus
1715 2201 1823 2282 (a),
1855 2197 1962 2260 sed
1990 2219 2123 2261 eum
2163 2200 2319 2262 Filii
2347 2200 2665 2278 Spiritum
2699 2219 2778 2260 no
2797 2201 3126 2263 minamus.
3159 2205 3233 2264 Et
3276 2219 3415 2279 cap.
3451 2201 3518 2260 13
3542 2222 3553 2259 :
3581 2205 3666 2261 ttat

463 2292 590 2345 Υιοῦ
619 2293 675 2347 δὲ
694 2293 755 2346 τὸ
781 2295 1006 2365 Πνεῦμα
1037 2295 1136 2365 οὐχ
1170 2296 1247 2359 ὡς
1268 2297 1327 2363 ἐξ
1350 2298 1538 2365 αὐτοῦ,
1561 2299 1678 2353 ἀλλ’
1714 2300 1788 2363 ὡς
1813 2301 1883 2353 δι’
1913 2299 2080 2354 αὐτοῦ
2126 2300 2192 2352 ἐκ
2242 2297 2339 2352 τοῦ
2373 2300 2587 2371 Πατρδς
2633 2300 3070 2370 ἐκπορευόμενον
3097 2317 3111 2330 ·
3151 2301 3315 2371 μόνος
3341 2303 3449 2370 γὰρ
3481 2297 3666 2360 αἴτιοςό

457 2393 674 2463 Πατήρ.
705 2384 825 2447 Sed
856 2397 914 2447 et
942 2387 1103 2449 Filii
1129 2388 1413 2465 Spiritus
1436 2400 1558 2465 est;
1584 2410 1711 2452 non
1733 2403 2026 2472 tanquam
2056 2411 2136 2455 ex
2157 2392 2320 2470 ipso,
2363 2391 2472 2452 sed
2498 2390 2664 2471 quod
2686 2409 2800 2470 per
2821 2392 3024 2472 ipsum
3046 2411 3124 2454 ea:
3143 2393 3335 2452 Patre
3362 2392 3662 2471 procedat:

447 2480 630 2543 solus
666 2487 828 2548 enim
858 2485 1054 2547 Pater
1081 2496 1306 2550 auctor
1334 2507 1443 2552 seu
1465 2491 1864 2570 principium
1895 2501 2009 2551 est.

539 2611 839 2674 XXXIV.
876 2614 1010 2675 Non
1046 2617 1440 2692 negaverim,
1484 2617 1671 2678 verba
1707 2617 1842 2680 haec
1875 2620 2059 2682 nobis
2102 2621 2166 2682 in
2202 2620 2485 2700 speciem
2528 2636 2670 2682 esse
2707 2623 3018 2685 contraria
3059 2633 3081 2682 ξ
3125 2637 3235 2701 pro
3269 2628 3442 2684 certo
3468 2626 3642 2679 tamen

455 2712 800 2784 habemus,
832 2715 1210 2776 Damasceni
1266 2723 1544 2777 mentem
1579 2733 1614 2778 a
1645 2717 1938 2798 dogmate
1989 2720 2163 2800 quod
2213 2731 2472 2782 tuemur
2503 2717 2766 2781 minime
2796 2738 2938 2782 esse
2976 2721 3276 2784 alienam.
3323 2721 3473 2781 Nam
3509 2717 3656 2795 juxta

461 2817 781 2876 diversam
822 2817 1148 2879 notionem
1181 2825 1240 2879 et
1267 2818 1498 2890 ideam,
1526 2835 1666 2897 quae
1697 2819 2038 2898 subjicitur
2068 2820 2397 2899 particulae
2425 2829 2505 2895 ἐξ,
2539 2838 2636 2884 ex.
2671 2827 2734 2881 et
2783 2820 3034 2882 nomini
3065 2830 3256 2893 αἴτιος,
3285 2817 3660 2897 principium,

463 2915 563 2976 vel
597 2914 892 2977 aﬁirmari
941 2926 1170 2996 potest,
1207 2917 1309 2980 vel
1342 2919 1534 2980 etiam
1598 2921 1836 2999 negari,
1871 2938 2015 2983 cum
2047 2921 2353 3000 Spiritum
2419 2928 2711 2984 sanctum
2770 2938 2913 2983 esse
2950 2941 3026 2983 ex
3078 2921 3274 2994 Filio,
3307 2929 3438 2980 tum
3471 2917 3660 2977 Filium

467 3025 666 3093 αἴτιον,
688 3017 1089 3096 principium
1119 3035 1261 3080 esse
1293 3019 1572 3098 Spiritus
1601 3020 1826 3081 sancti.
1862 3023 2016 3083 Nam
2049 3021 2104 3082 si
2134 3022 2257 3082 vim
2290 3020 2555 3083 istiusce
2592 3021 2765 3083 vocis
2795 3020 3122 3100 inspicias,
3144 3022 3270 3084 duo
3307 3020 3436 3081 haec
3455 3013 3662 3093 signiﬁ-

465 3126 582 3190 cat,
619 3117 862 3179 scilicet
899 3135 1038 3178 esse
1079 3117 1374 3195 primum,
1417 3125 1478 3180 et
1503 3136 1644 3180 esse
1675 3136 1930 3182 causam
1964 3119 2252 3193 alterius,
2285 3121 2728 3198 cujuscunque
2751 3119 2834 3182 sit
2862 3120 3115 3199 generis
3153 3137 3372 3184 causa.
3403 3120 3510 3181 Sed
3545 3128 3594 3181 et
3616 3122 3662 3178 τὸ

459 3219 736 3298 primum
759 3219 1029 3296 spectari
1067 3219 1414 3297 dupliciter
1447 3226 1695 3298 potest;
1723 3220 1823 3282 vel
1856 3221 2162 3295 absolute,
2198 3238 2346 3283 cum
2379 3221 2541 3282 nihil
2575 3222 2642 3283 in
2668 3239 2745 3284 eo
2787 3239 3024 3300 genere
3068 3221 3248 3302 prius
3287 3239 3430 3284 esse
3462 3219 3661 3281 intelli-

462 3319 668 3397 gitur;
702 3319 799 3382 vel
824 3321 1110 3395 relative,
1144 3319 1445 3382 nimirum
1479 3321 1543 3381 in
1577 3321 1806 3384 ordine
1861 3322 1937 3383 ad
1971 3321 2169 3391 aliud,
2215 3321 2386 3400 quod
2423 3338 2501 3382 ex
2533 3320 2652 3384 illo
2701 3329 3052 3400 promanat.
3091 3323 3346 3399 Duplex
3377 3321 3550 3382 etiam
3583 3325 3656 3376 est

415 3461 418 3463 λ
461 3427 637 3491 αἰτία,
673 3437 866 3479 causa
896 3439 916 3478 :
948 3416 1140 3479 altera
1169 3416 1633 3496 primordialis,
1661 3437 1779 3482 seu
1808 3420 2213 3499 primigenia,
2244 3437 2390 3498 qum
2423 3421 2818 3498 producendi
2857 3423 2980 3484 vim
3015 3423 3095 3485 ab
3125 3424 3251 3486 alia
3285 3440 3412 3486 non
3451 3420 3657 3496 recipit,

457 3519 576 3581 sed
626 3519 813 3583 habet
863 3535 897 3580 a
955 3535 1056 3592 se;
1093 3533 1362 3598 eamque
1411 3520 1616 3582 (Ξτωοί
1671 3521 1975 3600 appellite

2135 3531 2604 3603 οοκαταρκτικήνς
2644 3523 2768 3585 alia
2801 3540 2948 3586 vero
2987 3525 3283 3598 secunda,
3322 3540 3461 3604 quae
3497 3537 3659 3584 causa

466 3621 739 3701 principi
776 3621 1063 3701 subjecta
1090 3628 1205 3694 est,
1235 3627 1453 3697 utpote
1491 3640 1569 3685 ex
1601 3639 1726 3702 qua
1749 3622 1982 3701 agendi
2023 3622 2150 3684 vim
2203 3623 2472 3698 obtinet,
2519 3632 2578 3685 et
2611 3641 2888 3703 quacum
2927 3632 3230 3702 cperatur
3259 3632 3325 3687 et
3353 3624 3475 3703 agit
3509 3620 3660 3701 quid-

463 3723 615 3802 quid
647 3723 802 3802 agit.
839 3723 916 3784 Ut
950 3725 1224 3801 priorem
1260 3722 1434 3785 illam
1465 3722 1830 3802 exprimant
1861 3724 2090 3799 Graeci,
2116 3724 2524 3803 frequentius
2552 3731 2824 3787 utuntur
2851 3724 3162 3802 particula
3190 3733 3276 3798 ἐξ,
3305 3741 3421 3792 ex;
3456 3729 3517 3782 ut
3539 3733 3658 3780 vero

462 3823 752 3884 indicent
785 3821 1236 3899 posteriorem,
1273 3819 1657 3900 plerumque
1685 3820 1990 3883 adhibent
2013 3821 2385 3900 particulam
2414 3820 2523 3895 διά,
2546 3839 2684 3900 per.
2719 3823 2796 3884 Et
2832 3822 2928 3882 ha:
2953 3820 3214 3900 quidem
3251 3819 3632 3897 particulteac

462 3921 997 3984 commodatiores
1048 3920 1158 3981 tali
1189 3919 1412 3982 sensui
1455 3919 1787 3980 fundendo
1809 3929 1960 3981 sunt
1995 3944 2009 3982 :
2043 3937 2186 3982 nam
2250 3921 2554 4000 particula
2585 3921 2668 3994 ἐξ,
2722 3940 2823 3994 ex,
2860 3918 3021 3981 nihil
3078 3937 3190 3998 per
3220 3937 3288 3981 se
3322 3917 3541 3981 indicat
3576 3917 3658 3973 aut

465 4025 776 4104 supponit
814 4024 1099 4086 anterius
1141 4041 1154 4083 :
1193 4041 1415 4085 verum
1450 4023 1760 4103 particula
1795 4031 1905 4097 διὰ,
1941 4040 2075 4101 per,
2105 4025 2187 4086 ita
2220 4042 2425 4088 causae
2463 4043 2581 4087 seu
2614 4022 2911 4102 principii
2949 4021 3256 4083 rationem
3290 4017 3580 4098 exprimit.
3609 4015 3657 4067 υί

466 4130 746 4209 priorem
778 4127 970 4190 aliam
1002 4136 1062 4190 et
1094 4126 1354 4206 quidem
1383 4127 1736 4206 principem
1785 4145 2042 4190 causam
2077 4129 2277 4190 menti
2330 4128 2651 4190 exhibeat.
2703 4128 3160 4186 Verumtamen
3222 4123 3482 4185 istarum
3506 4125 3655 4175 υδυω

470 4228 929 4305 particularum
959 4244 1083 4289 non
1119 4229 1198 4289 ita
1231 4228 1430 4291 Graeci
1487 4235 1827 4302 coarctant,
1859 4229 2013 4307 quin
2049 4237 2110 4291 et
2143 4229 2449 4308 particula
2480 4227 2560 4292 ἐξ.
2593 4246 2694 4300 ex,
2728 4242 2935 4288 causa)
2965 4223 3269 4292 secundat,
3305 4227 3367 4281 et
3400 4209 3657 4317 particula

467 4330 580 4404 διὰ,
607 4347 746 4408 per,
783 4328 1252 4408 primordialis,
1285 4345 1402 4390 seu
1431 4330 1914 4399 προκαταρκτὶκῆς
1945 4329 1991 4390 si

2130 4332 2380 4392 Scantiae
2408 4329 2608 4409 gratia
2645 4327 2973 4390 interdum
3006 4329 3302 4390 utantur;
3328 4314 3556 4396 quoties
3582 4314 3654 4368 ni-

467 4435 702 4496 mirum
751 4434 813 4494 in
867 4431 994 4493 illis
1043 4434 1254 4494 solum
1313 4430 1672 4510 inSpiciunt
1704 4432 2238 4510 signiﬁcationem
2272 4433 2474 4505 illam,
2510 4432 2574 4492 in
2601 4446 2726 4508 qua
2775 4429 2974 4490 ambte
3020 4421 3436 4488 conveniunt,
3469 4423 3653 4518 netnlle

451 4549 676 4597 causae
725 4533 1198 4612 qualiscunque
1233 4531 1584 4604 rationem;
1617 4530 1908 4611 adeoque
1940 4532 2018 4593 ad
2050 4549 2382 4594 causarum
2435 4530 2804 4600 discrimen,
2863 4524 2969 4589 cui
3007 4518 3421 4602 signiﬁcando
3472 4511 3556 4573 vel
3583 4511 3654 4567 in-

455 4633 731 4699 nuendo
763 4633 961 4710 magis
984 4632 1278 4694 videntur
1313 4631 1586 4702 idoneae,
1620 4629 1886 4693 minime
1917 4631 2274 4694 attendunt.
2311 4631 2484 4693 Hinc
2528 4645 2681 4692 vero
2717 4624 3135 4706 perspicuum
3174 4619 3652 4697 exploratum“

454 4740 560 4812 ﬁt,
585 4736 772 4814 juxta
797 4735 1116 4797 diversam
1148 4734 1372 4794 harum
1411 4731 1864 4810 particularum
1896 4729 2224 4792 notionem
2245 4729 2538 4793 atiirmari
2567 4745 2781 4809 posse,
2812 4724 3115 4804 Spiritum
3149 4728 3428 4782 sanctum
3464 4727 3572 4816 {ut
3596 4719 3655 4764 επ

468 4837 664 4911 Filio,
691 4845 754 4899 et
778 4855 906 4897 non
929 4855 1056 4897 esse
1087 4854 1166 4896 ex
1195 4835 1389 4908 Filio,
1426 4851 1554 4894 esse
1592 4852 1671 4894 ex
1715 4832 1904 4894 Patre
1931 4850 2047 4911 per
2074 4833 2336 4907 Filium,
2371 4839 2433 4895 et
2465 4849 2592 4892 esse
2632 4846 2750 4909 per
2804 4826 3052 4886 Patrem
3084 4831 3139 4883 et
3189 4820 3435 4881 Filium.
3469 4813 3654 4882 Βθῑρεᾶ

458 4936 870 5017 multiplices
895 4937 1009 4999 has
1043 4935 1351 5014 loquendi
1388 4934 1665 4996 rationes
1692 4935 1758 4995 in
1797 4933 2032 4995 Graecis
2057 4935 2344 4997 Patribus
2376 4931 2670 5013 reperiri,
2715 4948 2794 4993 ex
2825 4943 3048 4992 eorum
3082 4922 3560 5017 textibustquos
3581 4913 3654 4965 ⁸⁸·

467 5016 740 5104 tulimus
768 5055 986 5117 supra,
1015 5035 1412 5115 exploratum
1445 5044 1564 5098 est.
1601 5035 1701 5098 Sic
1732 5035 1949 5116 itaque
2003 5039 2066 5098 et
2107 5033 2484 5096 Damasceni
2517 5031 2711 5094 verba
2752 5029 2940 5092 nobis
2973 5025 3220 5104 objecta
3247 5016 3546 5098 explicare
3574 5016 3655 5117 per

468 5145 588 5213 est,
618 5139 794 5218 quod
832 5113 1064 5214 nempe
1101 5113 1474 5208 rinﬁcietur,
1507 5133 1814 5213 Spiritum
1845 5113 1992 5194 ’ἀίει

2130 5143 2163 5191 .t
2220 5149 2349 5190 esse
2406 5149 2486 5192 ex
2536 5129 2728 5201 Filio,
2763 5135 3065 5206 tanquam
3095 5121 3156 5185 ἐξ
3185 5118 3362 5180 αἰτίας
3388 5113 3654 5218 «noxam?

466 5212 681 5306 κτιέῆξ,
713 5255 746 5299 a
790 5212 999 5298 causa
1010 5235 1386 5314 primigenia
1412 5249 1484 5295 ac
1508 5231 1916 5311 primordiali
1945 5231 2291 5309 principio,
2319 5230 2489 5309 quod
2533 5244 2661 5294 non
2694 5227 2772 5289 ab
2816 5224 2943 5285 alio
2976 5216 3367 5300 producendi
3407 5212 3653 5314 virtuteﬂl

463 5315 821 5418 acceperit;
853 5304 1044 5418 atque
1084 5339 1201 5398 hac
1231 5335 1476 5397 ratione
1505 5333 1714 5394 solum
1758 5338 2000 5396 Patrem
2029 5348 2171 5392 esse
2223 5333 2416 5396 αἴτιον,
2454 5341 2769 5392 auctorem
2801 5327 2940 5388 sive
2984 5323 3374 5404 principium
3419 5304 3583 5418 (quod
3606 5304 3653 5418 si

469 5458 586 5505 nos
621 5414 1072 5506 lubentissime
1105 5437 1464 5501 asserimus
1499 5453 1570 5498 ac
1602 5435 1974 5514 probamus)
2012 5458 2026 5494 :
2062 5450 2186 5495 non
2240 5442 2453 5496 autem
2512 5439 2722 5510 neget,
2751 5429 3063 5508 Spiritum
3093 5442 3240 5490 esse
3271 5440 3350 5488 ex
3370 5415 3517 5482 Filio
3542 5414 3648 5464 tan-

534 5647 618 5716 (a)
649 5644 1030 5714 ﬂirum,quod
1058 5644 1301 5714 proferre
1330 5643 1437 5700 hoc
1465 5641 1703 5711 potuerit
1734 5639 2122 5704 Damasccnus,
2159 5651 2282 5691 cum
2321 5643 2438 5717 tam
2470 5636 2620 5692 multi
2643 5635 2836 5691 Patres
2887 5639 3015 5688 ante
3071 5642 3198 5684 cum
3264 5618 3503 5679 dixerint,
3557 5613 3648 5660 €559

467 5735 532 5776 ex
554 5717 718 5783 Filio,
744 5724 804 5771 ut
823 5717 1080 5771 vidimus.
