3860 6594
179 403 256 469 ἀει
959 394 1040 454 IN
1083 391 1511 463 SEQUENTIA
1539 390 2127 456 ‘THEOPHYLACTI
2183 395 2518 460 SCRIPTA.
3239 395 3346 457 462

179 527 332 593 quam
378 517 444 569 ex
499 519 708 578 causa,
765 518 882 564 seu
930 502 1249 580 principio
1289 499 1687 573 secundario,
1735 504 1905 580 quod
1980 505 2174 566 simul
2232 524 2374 567 cum
2443 508 2619 568 Patre
2684 507 3031 584 Operetur,
3088 513 3148 567 et
3199 511 3345 585 qui-

178 616 292 674 dem
319 608 512 671 eadem
541 605 744 666 Patris
779 605 1013 668 virtute
1045 603 1170 664 sibi
1212 601 1701 676 communicata,
1737 613 1795 665 et
1831 605 1893 664 in
1933 623 2026 679 se,
2066 613 2382 683 quatenus
2419 618 2512 668 est
2568 623 2756 666 unum
2798 627 2934 668 cum
2983 609 3194 686 Patre,
3240 628 3343 672 rc-

175 717 338 789 cepta,
374 706 688 786 producat.

234 805 462 870 XXXV.
493 803 590 864 Ab
627 803 746 864 hoc
775 800 1115 864 inﬁciendo
1148 803 1401 865 alienus
1438 803 1598 864 adeo
1637 804 2000 865 censendus
2044 813 2142 866 est
2191 810 2642 884 Damascenus,
2689 817 2754 871 ut
2794 811 3006 888 potius
3057 809 3132 876 id
3171 815 3346 877 assc-

172 923 283 972 rere
309 903 748 982 intelligendus
779 901 863 963 sit
892 919 972 963 eo
997 903 1140 978 ipso
1171 901 1344 980 quod
1378 901 1628 972 subdat,
1661 902 1973 980 Spiritum
2025 912 2311 966 sanctum
2355 925 2482 967 esse
2520 923 2634 985 per
2660 909 2919 971 Filium.
2955 910 3124 984 Quid
3170 912 3345 975 enim

169 1011 534 1077 Damasceno,
569 1003 726 1080 quid
763 1001 1010 1064 caeteris
1051 1000 1341 1062 Patribus
1371 1000 1481 1079 qui
1514 1001 1629 1062 hac
1664 1001 1968 1080 loquendi
1996 1000 2262 1064 formula
2297 1004 2398 1065 usi
2433 1003 2635 1079 fuere,
2664 1007 2976 1085 signiticet
2999 1007 3206 1082 aliud,
3237 1018 3348 1070 aut

167 1107 476 1187 signiﬁcare
505 1110 698 1183 queat
722 1111 785 1166 τὺ
809 1118 926 1180 per
979 1098 1238 1173 Filium,
1277 1117 1488 1179 neque
1536 1117 1680 1180 ego,
1713 1115 1926 1180 neque
1978 1100 2149 1162 alius
2207 1103 2527 1181 quispiam
2593 1103 2928 1182 intelliget.
2965 1107 3115 1168 Cum
3168 1107 3344 1170 enim

166 1205 424 1288 particula
455 1211 564 1278 διὰ,
595 1220 737 1282 per,
764 1202 886 1264 tria
908 1202 1111 1265 valeat
1139 1202 1449 1275 indicare,
1483 1217 1714 1282 nempe
1742 1221 1993 1264 causam
2024 1205 2410 1282 efﬁcientem,
2449 1206 2799 1282 prmsertim
2831 1197 2976 1286 quae
3026 1218 3183 1286 agat
3212 1209 3342 1269 vir-

163 1316 268 1370 tute
314 1305 384 1366 ab
419 1304 552 1367 alio
596 1312 882 1382 recepta;
918 1303 1190 1381 insuper
1217 1299 1430 1363 solum
1472 1304 1957 1363 instrumentum
2000 1303 2306 1372 inam'me;
2337 1319 2410 1367 ac
2457 1303 2724 1365 demum
2792 1297 3142 1368 vehiculum
3172 1309 3344 1369 iners

162 1407 302 1470 nulla
331 1405 662 1484 praeditum
693 1403 988 1482 energia;
1025 1401 1302 1476 primum
1330 1400 1738 1462 solummodo
1775 1409 1980 1479 potest
2021 1403 2098 1463 ab
2156 1401 2332 1463 omni
2362 1401 2849 1481 im'perfectione
2871 1405 3150 1484 sejungi,
3184 1407 3340 1468 reti-

157 1523 256 1586 qua
282 1505 399 1566 duo
437 1502 836 1568 manifestam
870 1499 1420 1581 imperfectionem
1466 1499 1824 1562 involvunt.
1860 1503 1952 1562 Ex
1983 1517 2113 1580 quo
2152 1517 2560 1580 consequens
2600 1511 2716 1576 est,
2753 1505 3127 1583 particulam
3173 1505 3344 1566 illam

158 1605 368 1672 nonnisi
420 1606 486 1667 in
535 1621 734 1666 sensu
772 1603 985 1681 priore
1033 1617 1221 1680 posse
1254 1601 1322 1663 in
1363 1600 1604 1662 divinis
1644 1602 1722 1662 de
1789 1602 1962 1662 Filio
2021 1602 2372 1665 enuntiari.
2408 1603 2499 1664 Ita
2537 1603 2738 1683 igitur
2779 1606 3212 1666 Damascenus
3245 1605 3344 1666 in-

160 1707 437 1770 tellexerit
472 1712 748 1784 oportet,
785 1703 1099 1781 Spiritum
1131 1708 1421 1764 sanctum
1459 1701 1830 1779 procedere,
1865 1718 1984 1763 seu
2031 1717 2172 1762 esse
2202 1719 2315 1780 per
2370 1700 2623 1773 Filium,
2653 1703 2814 1764 sicut
2844 1717 3074 1765 omnes
3113 1702 3344 1766 Catho-

154 1814 236 1874 lici
263 1809 619 1888 intelligunt
643 1823 718 1870 ea
746 1806 1088 1883 Scriptum
1125 1805 1338 1877 verba,
1373 1803 1597 1865 Omnia
1646 1821 1764 1883 per
1795 1803 1998 1882 ipsum
2027 1805 2198 1881 facta
2252 1813 2449 1864 sunt:
2489 1815 2550 1867 et
2583 1821 2707 1885 qua
2743 1807 2988 1868 ratione
3036 1807 3124 1868 ait
3153 1808 3344 1868 etiam

153 1912 417 1988 Cyrillus,
451 1925 598 1970 eum
632 1906 981 1985 procedere
1009 1922 1127 1984 per
1144 1906 1421 1980 Patrem,
1460 1911 1525 1966 ut
1555 1918 1783 1981 nempe
1812 1903 2026 1964 Filius
2055 1905 2425 1968 nullatenus
2457 1907 2830 1969 excludatUr
2861 1924 2891 1968 a
2921 1908 3346 1986 productione

150 2010 388 2089 Spiritus
432 2009 657 2082 sancti,
709 2008 999 2084 adeoque
1046 2008 1140 2069 sic
1195 2006 1528 2070 statuenda
1562 2021 1664 2068 res
1691 2012 1792 2067 est
1822 2023 1837 2066 :
1878 2005 2060 2066 Pater
2083 2005 2291 2083 primo
2319 2014 2374 2068 et
2401 2006 2871 2086 principaliter,
2903 2025 3018 2071 seu
3053 2011 3338 2088 primor-

149 2107 386 2185 dialiter,
429 2115 926 2187 προκαταρκτικῶς
965 2105 1266 2183 producit
1326 2105 1634 2184 Spiritum
1667 2111 1959 2165 sanctum
2003 2109 2325 2182 quatenus
2373 2111 2601 2185 suapte
2642 2105 2875 2170 virtute
2916 2115 2948 2171 a
2975 2109 3157 2172 nullo
3213 2109 3340 2172 alio

151 2222 362 2291 recepta
398 2211 724 2291 producit;
751 2210 1042 2286 adeoque
1069 2207 1348 2286 primum
1387 2205 1654 2268 omnino
1686 2211 1803 2277 est,
1839 2205 2223 2288 nullumque
2261 2209 2701 2286 praesuppouit
2731 2211 3040 2284 anterius,
3069 2229 3144 2274 ac
3202 2233 3347 2276 vere

150 2322 566 2394 προκαταρκτικὴ
595 2322 744 2376 αἰτία
780 2310 1059 2391 Spiritus
1104 2309 1326 2372 sancti.
1359 2309 1660 2370 PrOducit

1827 2325 1882 2367 m
1923 2325 2040 2386 per
2077 2307 2337 2384 Filium,
2370 2317 2688 2389 quatenus
2720 2313 2926 2377 virtus
2963 2314 3074 2377 illa
3112 2317 3351 2394 produ-

149 2415 274 2475 ctrix
309 2432 439 2477 una
471 2415 826 2492 eademque
881 2423 980 2475 est
1010 2429 1158 2474 cum
1191 2411 1410 2473 divina
1464 2418 1687 2472 natura
1718 2409 1890 2471 Filio
1943 2411 2509 2475 communicata‘et
2559 2413 2624 2476 in
2659 2413 2802 2494 ipso
2827 2421 3104 2495 recepta.
3134 2418 3348 2491 Quare

155 2515 412 2589 producit
455 2518 653 2577 etiam
691 2515 901 2576 Filius
930 2513 995 2577 vi
1029 2520 1090 2575 et
1117 2513 1366 2575 actione
1395 2528 1428 2573 a
1471 2515 1651 2574 Patre
1691 2519 1986 2589 recepta;
2021 2528 2150 2574 non
2188 2511 2482 2590 producit
2532 2531 2685 2577 vero
2718 2517 2953 2578 virtute
2991 2518 3245 2596 prepria
3288 2526 3351 2581 et

149 2615 508 2693 primigenia,
541 2633 660 2677 seu
710 2631 904 2694 quam
929 2629 1058 2676 non
1109 2613 1427 2690 receperit
1472 2612 1550 2672 ab
1594 2611 1872 2689 ipsomet
1902 2615 2106 2684 Patre,
2141 2627 2356 2692 neque
2385 2614 2636 2677 actione
2665 2615 2917 2678 diversa
2953 2623 3015 2678 et
3046 2615 3350 2678 distincta

152 2719 210 2778 ab
228 2723 466 2782 actione
493 2719 715 2783 Patris.
749 2720 917 2781 Hinc
947 2719 1002 2780 si
1035 2717 1239 2780 virtus
1267 2724 1332 2778 et
1363 2716 1526 2778 actio
1549 2713 1685 2790 illa,
1723 2731 1849 2794 qua
1878 2715 2257 2794 producitur
2289 2717 2568 2795 Spiritus
2603 2735 2888 2790 sanatus,
2924 2725 3247 2797 spectetur
3281 2730 3350 2782 ut

151 2819 354 2881 aPatre
390 2825 668 2898 recepta,
706 2817 1158 2896 prOpriissime
1188 2813 1426 2876 dicitur
1467 2812 1748 2890 Spiritus
1783 2815 2134 2890 procedere
2163 2833 2201 2874 a
2234 2811 2428 2875 Patre
2456 2829 2574 2894 per
2603 2815 2878 2886 Filium;
2915 2827 2976 2879 at
3028 2817 3081 2880 si
3123 2815 3348 2883 eadem

153 2919 314 2998 virtus
349 2925 412 2980 et
441 2918 606 2980 actio
649 2917 1097 2979 consideretur
1139 2921 1208 2978 ut
1236 2913 1400 2976 facta
1445 2912 1575 2991 jam
1630 2912 1886 2991 pr0pria
1921 2911 2101 2986 Filii,
2132 2913 2427 2991 adeoque
2455 2911 2697 2978 Filium
2727 2914 3035 2992 alliciens,
3067 2905 3350 2998 eumque

150 2997 514 3081 consumens
545 3025 850 3091 actorem,
886 3017 981 3078 sic
1007 3015 1136 3078 dici
1165 3017 1310 3094 jure
1343 3013 1586 3092 optimo
1608 3019 1838 3091 potest,
1871 3013 2178 3091 Spiritum
2211 3015 2400 3076 etiam
2434 3014 2781 3094 procedere
2811 3029 2914 3087 ex,
2944 3015 3103 3077 vela
3130 2997 3299 3079 Filio
3331 3041 3352 3079 :

149 3122 216 3182 ita
258 3131 469 3184 tamen
503 3130 574 3186 ut
604 3122 663 3184 si
694 3121 1028 3202 particulas
1060 3139 1136 3181 ex
1168 3119 1462 3197 illigetur
1491 3117 1874 3195 signiﬁcatio
1898 3116 2289 3196 primigenii,
2329 3133 2446 3179 seu
2492 3119 2689 3197 primi
2725 3119 2988 3180 omnino
3013 3121 3349 3200 principii,

149 3235 607 3305 πρωιαταρκτικῆς
635 3231 836 3296 αἰτίας,
881 3236 1070 3300 (equo
1100 3220 1246 3299 jure
1279 3218 1497 3298 negari
1534 3234 1673 3296 p055

1827 3217 2098 3296 ηρὶτίῑυω
2158 3219 2509 3296 procedere
2539 3236 2619 3280 ex
2650 3217 2839 3281 Filio.
2887 3219 2962 3282 Ut
3004 3221 3201 3300 igitur
3232 3237 3351 3301 pax

152 3332 198 3384 et
221 3325 557 3387 consensio
591 3339 705 3385 nos
737 3323 905 3384 inter
930 3331 991 3384 et
1023 3325 1299 3393 Grmcos,
1322 3320 1530 3398 quoad
1561 3335 1838 3396 prtesens
1865 3328 2054 3396 caput
2085 3322 2334 3393 attinet,
2369 3321 2869 3399 redintegretur,
2904 3337 3031 3385 non
3067 3325 3248 3386 aliud
3271 3329 3351 3388 ab

152 3429 226 3488 eis
255 3427 650 3507 postulamus
679 3423 870 3507 quam
930 3434 1001 3488 ut
1037 3424 1430 3504 aequissimas
1477 3422 1630 3483 huic
1685 3421 2043 3484 conditioni
2089 3423 2522 3502 acquiescant.
2578 3425 2704 3485 Nos
2758 3439 2903 3486 cum
2960 3427 3353 3496 Damasceno

152 3529 198 3581 ot
220 3529 454 3602 λέξομεν,
479 3529 729 3590 minime
757 3530 1053 3601 dicemus,
1085 3527 1219 3589 imo
1261 3525 1478 3597 etiam,
1512 3524 1563 3584 si
1595 3521 1840 3597 malint,
1867 3523 2250 3600 negabimus,
2276 3525 2586 3603 Spiritum
2618 3529 2906 3587 sanctum
2931 3535 3073 3588 esse
3105 3541 3138 3588 a
3159 3525 3352 3608 Filio,

152 3631 416 3702 tanquam
439 3628 686 3690 scilicet
713 3645 792 3690 ex
808 3623 1218 3708 primordiati
1242 3622 1593 3704 principio,
1626 3631 1676 3683 tu

1827 3629 2202 3700 καταρκτικῆς
2233 3629 2435 3697 αἰτίας,
2467 3621 2769 3702 quodque
2793 3634 3095 3701 Operemr
3123 3626 3351 3686 virtute

153 3729 200 3800 et
223 3724 460 3788 actione
495 3725 751 3790 diversa
781 3744 815 3789 a
846 3726 1085 3788 virtute
1122 3730 1184 3786 et
1235 3722 1488 3784 actione
1519 3718 1745 3794 Patris,
1791 3727 1856 3782 et
1911 3737 2036 3784 non
2069 3719 2148 3782 ab
2190 3722 2418 3783 eodem
2469 3723 2649 3783 Patre
2695 3731 2973 3800 recepta.
3009 3725 3106 3785 Illi
3137 3733 3356 3790 contra

151 3798 457 3902 iateantur,
484 3825 797 3904 Spiritum
851 3843 886 3888 a
945 3825 1117 3887 Filio
1152 3837 1319 3894 esse,
1353 3829 1656 3899 tanquam
1687 3837 1720 3883 a
1753 3820 2128 3883 secundaria
2177 3837 2396 3896 causa,
2435 3822 2574 3884 sive
2623 3798 2939 3902 principio
2971 3827 3136 3888 Patri
3194 3830 3350 3890 sub-

147 3912 308 3996 iecto,
333 3925 695 4006 virtuteque
734 3926 814 3988 ab
841 3925 1117 4004 ipsomet
1159 3923 1339 3984 Patre
1375 3926 1624 3998 recepta
1647 3927 1974 3998 operante,
2007 3920 2138 3982 imo
2171 3931 2234 3982 et
2263 3921 2484 3983 eadem
2516 3922 2716 3983 Patris
2751 3921 3000 3986 actione
3038 3923 3162 3987 sibi
3185 3942 3356 3989 com-

155 4022 432 4084 municata
465 4041 594 4086 una
625 4040 770 4086 cum
805 4030 1030 4084 natura
1059 4019 1304 4082 divina.

220 4122 493 4187 XXXVI.
537 4125 638 4188 Nil
672 4141 866 4204 porro
899 4121 1370 4200 impedimento
1392 4134 1534 4181 esse
1566 4119 1798 4180 merito
1827 4125 2058 4196 potest,
2091 4120 2443 4198 quominus
2471 4119 2593 4193 sic,
2617 4128 2823 4183 amota
2854 4119 3110 4185 dissidii
3139 4142 3355 4190 causa.

154 4221 378 4296 tandem
408 4219 756 4300 aliquando
789 4223 1068 4286 invicem
1120 4221 1460 4283 redeamus
1489 4218 1556 4279 in
1590 4218 1878 4296 gratiam.
1921 4219 2089 4292 Quid
2139 4221 2337 4292 enim,
2370 4226 2479 4280 aut
2529 4236 2718 4298 quam
2751 4219 2836 4283 ob
2878 4238 3010 4283 rem
3060 4224 3354 4290 Photiani

155 4331 410 4400 pugnant
440 4331 662 4386 contra
686 4323 993 4386 Latinos?
1031 4339 1143 4401 pro
1183 4319 1546 4398 simplicius
1577 4333 1732 4378 voce
1771 4322 1851 4387 te,
1891 4338 1994 4391 ex,
2039 4335 2118 4381 an
2155 4336 2268 4397 pro
2306 4336 2372 4382 re
2430 4320 2784 4398 signiﬁcata
2843 4337 2961 4398 per
2989 4339 3206 4385 vocem
3230 4329 3261 4385 ?
3289 4328 3352 4388 Si

156 4421 428 4498 primum,
463 4423 624 4484 nihil
658 4423 1018 4501 indignius,
1045 4423 1352 4502 quodque
1389 4423 1586 4502 magis
1615 4424 1926 4486 dedeceat
1959 4420 2266 4496 inclytam
2311 4421 2640 4482 nationem
2674 4421 3077 4496 Graecorum;
3106 4425 3158 4483 si
3191 4423 3352 4486 alte-

156 4532 293 4590 rum,
323 4534 543 4596 quaeso
581 4518 781 4597 igitur
836 4517 1184 4597 ex‘pliccnt,
1216 4533 1342 4596 qua
1378 4518 1624 4580 ratione
1678 4521 1857 4579 Pater
1891 4531 2006 4594 per
2033 4515 2273 4576 Filium
2330 4516 2636 4592 producat
2674 4517 2981 4594 Spiritum
3038 4527 3352 4596 sanctum,

154 4612 366 4690 absque
390 4632 467 4677 eo
501 4615 674 4694 quod
727 4623 1029 4692 operetur
1059 4623 1122 4677 et
1150 4615 1358 4676 Filius
1389 4615 1465 4688 ad
1499 4615 1992 4693 productionem
2031 4612 2309 4692 Spiritus
2340 4613 2570 4688 sancti,
2599 4615 2897 4696 adeoque
2943 4618 3151 4697 reipsa
3198 4637 3353 4700 pro-

153 4707 310 4772 ducat
341 4735 357 4778 :
386 4713 449 4774 id
476 4713 645 4775 enim
681 4713 861 4774 nullo
888 4713 1116 4775 mentis
1150 4720 1381 4775 conatu
1419 4711 1697 4792 intelligi
1735 4719 1969 4791 potest.
1997 4713 2306 4774 Praeterea
2329 4711 2386 4771 si
2418 4712 2622 4776 Filius
2655 4715 3119 4793 productricem
3151 4720 3356 4782 Patris

154 4809 435 4872 actionem
469 4813 566 4873 vel
606 4811 819 4874 solum
853 4810 1102 4872 deferat
1135 4819 1432 4890 tanquam
1459 4811 1834 4884 vehiculum,
1877 4811 1974 4875 vel
2011 4812 2074 4874 in
2107 4829 2177 4874 se
2211 4817 2510 4891 tanquam
2551 4814 3040 4879 instrumentum
3073 4821 3356 4899 recipiat,

156 4907 445 4985 explicent
490 4909 676 4970 nobis
701 4910 1026 4989 quomodo
1077 4925 1202 4970 non
1243 4927 1558 4974 summam
1614 4912 1680 4974 id
1712 4911 1932 4974 afferat
1980 4909 2530 4990 imperfectionem
2557 4915 2747 4979 Filio.
2777 4918 3119 4992 Quomodo
3163 4923 3356 4984 etiam

155 5007 310 5068 Pater
340 5007 662 5086 propriam
693 5007 858 5070 Filio
905 5016 1218 5083 naturam,
1249 5027 1368 5073 seu
1393 5012 1740 5073 essentiam
1794 5011 2072 5073 indivise
2118 5011 2626 5089 communicans,
2657 5031 2786 5079 non
2820 5018 3030 5080 eidem
3063 5037 3360 5083 commu-

155 5105 296 5166 nicet
317 5105 767 5185 fecunditatem
803 5115 862 5168 et
894 5107 1210 5169 actionem
1241 5109 1555 5187 spirandi,
1590 5127 1736 5191 quae
1771 5110 2038 5172 minime
2067 5119 2312 5189 pugnat
2346 5129 2495 5173 cum
2536 5114 2778 5177 ratione
2819 5116 3214 5195 hypostatica
3243 5121 3355 5181 Fi-

155 5202 230 5264 lii.
265 5207 614 5286 Explicant,
648 5211 975 5286 quomodo
1008 5207 1281 5286 Spiritus
1304 5217 1560 5272 sanctus
1594 5211 1678 5271 sit
1707 5227 1982 5290 persona
2039 5227 2077 5273 a
2130 5210 2298 5273 Filio
2343 5212 2674 5290 distincta,
2706 5216 2790 5289 si,
2824 5218 3120 5296 Nysseno
3151 5216 3356 5297 (cujus

153 5303 316 5367 verba
340 5323 530 5386 supra
555 5302 924 5385 retulimus)
955 5314 1138 5380 teste,
1185 5307 1511 5369 subtracta
1536 5311 1784 5372 ratione
1811 5311 2150 5390 principii,
2176 5297 2376 5375 nulla.
2401 5319 2498 5376 est
2551 5315 2620 5376 in
2671 5316 2976 5378 Trinitate
3002 5317 3354 5382 distinctio.

158 5400 464 5480 Explicent
497 5407 822 5486 quomodo
849 5406 1051 5468 Filius
1071 5409 1280 5470 mittat
1305 5409 1602 5488 Spiritum
1628 5413 2117 5493 sanctum,quin
2146 5413 2408 5476 mittens
2429 5417 2512 5478 sit
2542 5415 2740 5478 misso
2765 5420 3088 5498 superior,
3115 5427 3174 5483 et
3207 5420 3361 5484 mis-

151 5515 248 5561 sus
278 5505 542 5568 mittenti
573 5505 1006 5569 ministerium
1039 5507 1360 5582 exhibeat,
1410 5511 1464 5572 si
1499 5512 1721 5576 missio
1747 5522 2045 5577 aeternam
2079 5515 2570 5594 productionem
2617 5534 2744 5580 non
2773 5521 3084 5596 exprimat
3113 5534 3222 5586 aut
3251 5525 3359 5590 in-

149 5597 384 5676 cludat;
411 5606 951 5686 quemadmodum
983 5610 1165 5669 Pater
1189 5610 1303 5672 hac
1339 5611 1477 5690 ipsa
1514 5615 1760 5677 ratione
1794 5616 2050 5678 misisse
2090 5617 2322 5681 dicitur
2367 5617 2602 5680 Filium
2634 5619 2703 5680 in
2751 5625 3092 5687 mundum.
3126 5628 3358 5708 Expli-

148 5709 275 5807 cent
302 5704 626 5807 quomodo
659 5705 939 5807 Spiritus
974 5706 1072 5769 vel
1099 5707 1317 5772 audiat
1354 5728 1386 5772 a
1416 5713 1608 5788 Filio,
1637 5715 1732 5777 vel
1761 5717 1996 5778 desuo
2027 5719 2328 5796 accipiat,
2357 5737 2585 5797 nempe
2619 5723 2787 5800 quod
2823 5733 2918 5787 est
2950 5725 3158 5807 ipsius
3183 5704 3358 5798 Filii.

151 5797 294 5874 quin
335 5799 429 5864 vel
456 5800 760 5882 discipuli
787 5803 1099 5867 rationem
1132 5809 1381 5885 subeat,
1419 5812 1512 5874 vel
1572 5813 1932 5890 indigentis,
1985 5815 2038 5876 si
2072 5815 2134 5876 id
2183 5832 2308 5905 non
2372 5797 2710 5899 signiticet,
2747 5797 3358 5896 habere-essentiam
