3860 6552
487 330 595 395 463
1555 333 1935 395 BONIFACII
1971 335 2011 394 F

2175 334 2277 394 [ἽῚ
2317 333 2709 396 PRIEFATIO
3611 344 3699 408 ibi

493 450 558 504 οι
608 450 897 507 naturam
937 461 972 507 a
1001 443 1190 506 Filio.
1227 444 1384 508 Cum
1415 445 1614 526 igitur
1637 447 1851 509 omnia
1879 447 2011 508 haec
2041 446 2364 522 espliCare
2397 445 2768 508 nullatenus
2804 445 3078 526 valeant,
3112 449 3368 513 tandem
3413 449 3700 518 fateantur

496 544 861 617 nobiscum,
896 543 1203 623 Spiritum
1234 561 1374 606 esse
1412 554 1474 608 et
1501 550 1850 626 procedere
1893 567 1931 606 a
1959 547 2129 608 Filio
2165 554 2227 608 et
2253 563 2370 624 per
2417 547 2676 607 Filium.
2716 547 2838 610 Sed
2890 548 3018 627 jam
3057 549 3134 611 ad
3183 550 3701 633 TbeOphylactum

498 652 714 708 nostra
749 651 1102 706 revertatur
1122 643 1352 706 oratio.

575 745 910 810 XXXVII.
966 745 1172 819 Quam
1234 742 1585 808 infeliciter
1638 745 1738 808 illi
1797 747 2062 810 cesserit
2100 747 2264 809 illud
2299 769 2315 809 :
2350 746 2618 810 Ostende
2655 748 2836 811 nobis
2895 750 3169 826 Patrem,
3195 752 3324 833 jam
3382 761 3615 818 constat
3640 775 3704 821 ex

497 845 708 906 dictis.
745 846 926 906 Nunc
956 842 1115 905 mihi
1146 843 1715 907 demonstrandum
1747 845 1936 920 foret,
1961 864 2151 925 quam
2187 846 2509 910 imbecilla
2541 848 2696 921 sint,
2723 856 3028 929 tantoque
3062 850 3325 931 indigna
3354 853 3606 918 doctore
3627 873 3708 919 ar-

495 950 820 1024 gumenta,
847 947 1037 1024 queis
1075 946 1370 1008 Latinum
1398 947 1628 1026 dogma
1666 947 1961 1010 refellere
1992 948 2388 1028 aggreditur,
2426 950 2551 1011 nisi
2592 967 2738 1012 cum
2779 951 2999 1029 plures
3029 951 3163 1026 alii,
3197 960 3332 1015 tum
3363 959 3705 1034 nuperrime

496 1048 578 1108 cl.
617 1046 871 1126 prmvim
900 1047 1392 1110 Dissertationis
1421 1056 1643 1110 auctor
1681 1064 1717 1112 a
1748 1065 1926 1112 num.
1963 1049 2040 1110 75
2068 1051 2391 1112 cumulate
2418 1049 2479 1110 id
2515 1050 2942 1127 pra-stitisset.
2976 1055 3296 1133 Perpauca
3328 1061 3535 1118 tamen
3571 1059 3709 1136 adji-

495 1165 641 1210 cere
681 1148 889 1224 lieeat,
918 1158 989 1211 ut
1021 1150 1224 1229 magis
1263 1150 1600 1230 magisque
1626 1149 2017 1229 infringatur
2046 1150 2226 1213 illius
2265 1152 2361 1212 vis
2401 1152 2790 1230 argumenti,
2829 1154 3000 1232 quod
3040 1155 3281 1232 petitur
3334 1173 3414 1217 ex
3476 1157 3707 1222 duobus

499 1243 860 1324 principiis,
893 1262 1040 1326 qum
1069 1245 1135 1308 in
1169 1247 1590 1324 productione
1621 1247 1899 1326 Spiritus
1922 1248 2123 1310 sancti
2157 1265 2193 1311 a
2225 1249 2410 1311 nobis
2445 1250 2694 1313 admitti
2724 1251 3089 1326 arbitratur,
3128 1259 3224 1316 vel
3255 1253 3481 1317 saltem
3522 1274 3712 1320 neces-

495 1349 667 1411 sario
706 1347 1023 1427 consequi
1062 1365 1142 1410 ex
1166 1349 1460 1428 degmate
1499 1350 1672 1427 quod
1707 1365 2218 1428 propugnamus.
2260 1351 2499 1412 Mirum
2529 1368 2711 1427 sane,
2743 1355 2916 1433 quod
2977 1355 3076 1416 vir
3114 1359 3436 1434 prmstanti
3476 1359 3712 1437 ingenio

495 1449 806 1525 praeditus
834 1447 900 1509 in
933 1447 1408 1510 crassissimum
1440 1446 1612 1510 hunc
1649 1464 1934 1511 errorem
1976 1449 2359 1527 impegerit;
2392 1449 2506 1512 sed
2540 1451 2722 1514 nullo
2752 1453 2943 1514 modo
2962 1452 3326 1530 ferendum,
3370 1459 3546 1537 quod
3578 1459 3712 1521 Pho-

497 1547 656 1610 tiani
695 1549 866 1612 hunc
889 1549 1103 1630 ipsum
1128 1567 1412 1612 errorem
1445 1548 1629 1610 nobis
1658 1547 1870 1609 adhuc
1914 1546 2194 1626 objicere
2230 1557 2291 1610 et
2327 1550 2713 1628 exprobrare
2771 1569 2899 1615 non
2942 1553 3262 1629 desinant,
3299 1565 3625 1636 postquam
3662 1566 3713 1620 et

497 1650 771 1724 centies,
813 1660 875 1714 et
905 1652 1169 1726 millies,
1196 1662 1258 1714 et
1280 1650 1798 1715 luculentissima
1828 1650 2094 1730 quidem
2129 1649 2260 1712 hmo
2284 1668 2321 1712 a
2351 1653 2589 1714 nostris
2621 1654 2889 1716 contrita
2929 1655 3204 1734 obiectio
3235 1665 3353 1718 est.
3382 1657 3551 1729 Quid
3583 1673 3710 1718 vero

497 1753 849 1816 dicendum
885 1755 964 1816 de
1007 1752 1354 1834 Ephraimo
1375 1753 1504 1831 jam
1529 1750 1681 1812 alibi
1722 1759 2095 1835 memora-to,
2129 1751 2242 1830 qui
2276 1750 2344 1812 in
2389 1753 2759 1830 praefatione
2794 1756 3110 1832 prmdicta,
3143 1773 3286 1835 non~
3323 1759 3517 1819 modo
3546 1756 3713 1836 jacti-

498 1860 609 1925 tat,
644 1867 763 1914 nos.
793 1860 1056 1931 ἐμπεσεῖν
1077 1859 1156 1922 εἰς
1185 1857 1246 1912 τὸ
1277 1857 1554 1930 βάραθρον
1582 1857 1682 1927 τῆς
1723 1857 2009 1927 δυαρχίας,

2187 1848 2319 1908 dere
2372 1851 2440 1909 in
2491 1849 2862 1912 barathrum
2916 1852 3194 1932 duplicis
3243 1856 3586 1934 principii;
3620 1858 3711 1917 sed

495 1955 719 2026 etiam,
757 1961 828 2015 ut
864 1953 1168 2032 majorem
1205 1951 1393 2013 nobis
1424 1949 1656 2012 conﬂet
1711 1951 2047 2023 invidiam,
2081 1951 2318 2024 etfutit,
2353 1953 2616 2015 Latinos
2653 1971 2968 2030 asserere,
2995 1957 3301 2034 Spiritum
3333 1968 3621 2020 sanctum
3652 1978 3714 2019 ex

495 2047 669 2111 Filio
692 2065 837 2110 esse
855 2057 1104 2128 ὡςδῆθεν
1130 2056 1208 2128 μὴ
1241 2056 1386 2126 ἔχον,
1415 2058 1480 2110 ἐκ
1505 2054 1600 2108 τοῦ
1628 2055 1837 2128 [ἰατρὸς
1866 2057 2019 2127 sum!

2191 2074 2222 2121 ι,
2242 2056 2342 2127 τὴν
2370 2057 2706 2128 τελειότητα,
2741 2054 2890 2130 quia
2920 2055 3165 2116 scilicet
3194 2074 3322 2115 non
3350 2057 3558 2130 habet,
3590 2075 3715 2136 qua-

500 2159 679 2210 tenus
708 2168 748 2208 a
775 2148 968 2210 Patre
991 2148 1308 2227 procedit,
1342 2149 1825 2227 perfectionem;
1857 2148 2150 2226 adeoque
2177 2156 2253 2221 ὡς
2279 2157 2490 2222 ἀτελὲς,
2520 2161 2592 2212 ut
2621 2155 3051 2233 imperfectum
3105 2161 3448 2234 procedere
3479 2157 3658 2220 etiam
3687 2174 3716 2218 a

491 2251 666 2312 Filio
703 2259 793 2312 ἶνα
816 2257 879 2312 τὸ
907 2257 1112 2311 τέλειον
1144 2256 1452 2329 προσλάϐῃ.
1480 2257 1552 2309 ut
1569 2247 2013 2329 perfectionem

2189 2249 2330 2310 aiat.
2360 2249 2620 2326 Verum,
2652 2267 2691 2313 ο
2738 2253 2929 2329 bone,
2958 2255 3008 2316 si
3055 2272 3134 2317 ex
3171 2257 3495 2320 sententia
3535 2264 3713 2320 nostra

499 2353 949 2434 consequitur,
988 2351 1295 2432 Spiritum
1327 2359 1616 2414 sanctum
1651 2369 1686 2413 a
1723 2354 1902 2415 Patre
1942 2353 2301 2432 imperfecte
2323 2352 2687 2431 procedere,
2713 2356 2863 2434 quia
2883 2357 3066 2437 juxta
3100 2375 3216 2421 nos
3246 2362 3535 2437 procedit
3557 2358 3714 2422 etiam

499 2474 532 2519 a
563 2455 754 2530 Filio,
782 2470 998 2517 nonne
1042 2469 1450 2532 consequens
1480 2453 1602 2515 erit
1643 2452 1829 2530 juxta
1858 2467 2000 2528 vos,
2037 2453 2285 2514 Patrem
2350 2455 2709 2534 imperfecte
2742 2458 3098 2534 producere
3154 2459 3556 2535 universum,
3593 2460 3718 2539 quia

502 2574 632 2619 non
646 2557 722 2617 ab
739 2571 889 2630 una,
912 2553 1023 2617 sed
1043 2553 1124 2616 ab
1136 2551 1434 2615 omnibus
1457 2552 1862 2632 singulisque
1877 2552 2172 2632 personis
2199 2552 2611 2631 producitur?
2631 2556 2704 2615 Et
2722 2554 2778 2615 si
2794 2572 2910 2618 nos
2927 2557 3720 2636 Spiritumsanctumadua-

502 2660 624 2722 bus
648 2654 940 2733 personis
963 2671 1105 2717 esse
1140 2654 1468 2728 docentes,
1503 2655 1572 2716 in
1605 2651 2178 2733 buapxia;,du0rum
2198 2654 2667 2734 principiorum
2688 2673 2969 2720 errorem
3008 2657 3423 2737 prolabimur,
3450 2677 3562 2721 vos
3591 2675 3716 2736 ergo

500 2765 571 2825 in
603 2760 968 2824 barathrum
998 2766 1308 2840 τριαρχίας,
1347 2758 1542 2820 trium
1567 2757 2039 2836 principiorum
2068 2756 2382 2833 inciditis,
2415 2775 2558 2820 cum
2594 2775 2784 2820 nemo
2814 2760 3054 2839 aliquis
3084 2769 3367 2823 vestrum
3403 2763 3714 2833 inﬁcietur,

489 2871 613 2926 .aut
643 2861 908 2926 inﬁciari
947 2869 1164 2941 queat,
1197 2858 1403 2929 fuisse
1435 2861 1752 2924 mundum
1790 2875 1826 2920 a
1865 2858 2072 2920 tribus
2107 2860 2400 2937 personis
2435 2877 2515 2921 ex
2559 2859 2766 2920 nihilo
2799 2861 3128 2922 eductum.
3164 2861 3501 2940 Quidquid
3550 2863 3717 2942 igitur

497 2966 584 3029 ad
615 2964 1147 3044 propugnantium
1171 2963 1240 3024 in
1273 2960 1594 3024 creatione
1617 2959 1907 3022 universi
1945 2967 2268 3038 μοναρχίαν,
2299 2960 2602 3020 unitatem
2625 2961 2942 3038 principii
2963 2961 3204 3023 dictum
3238 2977 3272 3022 a
3305 2961 3487 3023 vobis
3520 2961 3714 3033 fuerit,

502 3069 567 3129 id
602 3066 812 3143 ipsum
845 3077 1212 3124 asseremus
1241 3067 1304 3124 et
1331 3075 1450 3122 nos
1479 3059 1556 3122 ad
1586 3058 1934 3122 tollendam
1959 3059 2025 3121 in
2049 3057 2473 3138 productione
2503 3061 2780 3138 Spiritus
2815 3060 3014 3123 sancti
3038 3071 3134 3140 τῆς
3165 3071 3450 3143 δυαρχέας,
3476 3063 3718 3124 duorum

500 3163 974 3244 principiorum
1005 3157 1411 3222 exstantium.
1439 3157 1612 3232 Quid
1649 3158 1822 3218 enim
1859 3157 2042 3220 vobis
2073 3157 2247 3218 aliud
2285 3159 2570 3238 suppetit
2602 3161 2973 3236 dicendum,
3001 3163 3126 3224 nisi
3150 3165 3225 3226 ad
3260 3164 3718 3242 multiplicanda

503 3264 852 3327 creationis
909 3261 1231 3343 principia
1265 3261 1420 3324 satis
1474 3260 1743 3322 minime
1796 3277 1968 3334 esse,
2000 3259 2175 3339 quod
2234 3259 2454 3339 plures
2506 3271 2861 3341 operentur
2911 3281 3232 3342 personui;
3293 3265 3404 3328 sed
3454 3265 3714 3342 insuper.

503 3374 826 3443 Oportere,
859 3363 1032 3444 quod
1067 3372 1128 3426 et
1162 3361 1420 3436 virtute,
1461 3369 1521 3423 et
1545 3361 1796 3424 actione
1835 3361 2113 3436 diversa,
2147 3369 2207 3424 et
2234 3362 2476 3443 absque
2515 3363 2710 3426 unius
2735 3365 2813 3426 ab
2840 3366 3036 3428 altera
3085 3367 3544 3444 dependentia,
3576 3365 3712 3426 sub-

503 3466 913 3529 ordinatione
972 3463 1067 3526 vel
1112 3463 1341 3528 ordine
1365 3473 1715 3541 Operentur
1756 3471 1816 3526 et
1849 3465 2082 3542 agant?
2110 3464 2358 3527 Eodem
2395 3465 2592 3543 igitur
2624 3475 2801 3545 pacto
2845 3477 2907 3530 et
2952 3485 3066 3531 nos
3098 3470 3585 3548 reSpondemus,
3617 3468 3716 3527 Pa-

503 3581 664 3634 trem
700 3576 761 3634 et
807 3566 1047 3630 Filium
1099 3582 1229 3630 non
1287 3567 1556 3645 duplex,
1603 3566 1714 3628 sed
1776 3585 1971 3628 unum
2015 3583 2155 3629 esse
2205 3569 2604 3648 principium
2664 3571 2941 3649 Spiritus
2974 3571 3200 3647 sancti,
3233 3573 3385 3652 quia
3426 3571 3590 3634 sicut
3637 3574 3719 3630 est

503 3673 730 3738 eadem
777 3673 1120 3752 utriusque
1167 3683 1395 3735 natura
1440 3678 1501 3733 et
1559 3671 1870 3743 essentia,
1917 3669 2001 3730 ita
2047 3679 2110 3732 et
2167 3672 2390 3734 eadem
2442 3671 2773 3735 numerica
2809 3673 3031 3744 virtus,
3080 3681 3140 3735 et
3201 3674 3365 3735 actio
3408 3670 3720 3735 individua

504 3775 849 3854 utriusque
886 3791 1047 3836 :seu
1083 3773 1238 3852 quia
1277 3772 1489 3836 Filius
1515 3769 1777 3832 nonnisi
1831 3770 2070 3832 virtute
2125 3770 2510 3850 actioneque
2561 3787 2597 3833 a
2635 3775 2814 3834 Patre
2844 3781 3093 3852 recepta
3139 3774 3438 3852 producit
3471 3793 3486 3832 :
3518 3779 3576 3834 et
3607 3786 3717 3833 non

506 3885 826 3957 quatenus
859 3874 1134 3939 refertur
1176 3874 1254 3936 ad
1288 3876 1532 3936 Patrem
1563 3872 1644 3933 ab
1671 3887 1882 3950 eoque
1913 3870 2374 3951 distinguitur;
2402 3873 2514 3934 sed
2546 3882 2867 3952 quatenus
2898 3893 3088 3934 unum
3119 3875 3424 3952 idemque
3456 3889 3594 3934 cum
3622 3870 3720 3931 illo

506 3984 631 4039 est.
673 3975 1233 4051 Quemadmodum
1265 3973 1462 4052 igitur
1492 3972 1577 4035 ob
1611 3971 1922 4034 rationem
1961 3970 2215 4033 allatam
2247 3989 2473 4034 omnes
2507 3983 2568 4034 et
2591 3973 2866 4051 singula:
2890 3973 3220 4034 Trinitatis
3253 3988 3543 4051 persona;
3588 3972 3718 4028 sunt

503 4095 702 4146 unum
733 4073 1081 4140 creationis
1119 4073 1538 4154 principium,
1565 4088 1868 4151 unusque
1914 4087 2130 4132 rerum
2171 4071 2464 4134 omnium
2505 4080 2752 4152 κτιστὴς,
2791 4083 3072 4142 creator;
3117 4074 3200 4136 ita
3246 4082 3308 4134 et
3344 4069 3622 4134 eamdem
3650 4068 3718 4126 ob

503 4199 760 4248 causam
793 4183 978 4243 Pater
1009 4185 1070 4241 et
1101 4179 1310 4240 Filius
1331 4183 1482 4238 sunt
1510 4176 1766 4238 unicum
1785 4175 2063 4255 Spiritus
2097 4175 2299 4237 sancti
2329 4175 2747 4255 principium,
2785 4182 3146 4256 unicusque
3179 4187 3494 4258 προσαλεὺς,
3530 4177 3716 4256 spira-

505 4297 610 4348 tor
635 4281 1184 4362 simplicissimus.
1216 4283 1336 4342 Res
1369 4297 1525 4342 sane
1562 4278 1900 4358 perspicua
1934 4283 1996 4340 et
2033 4279 2269 4358 cuique
2297 4279 2531 4358 pervia
2587 4287 2706 4342 est.
2752 4282 2964 4354 Quare
3017 4298 3136 4343 nos
3175 4281 3442 4344 minime
3498 4277 3713 4344 asseri-

505 4405 674 4463 mus,
702 4387 849 4450 ideo
879 4385 1189 4464 Spiritum
1211 4390 1500 4447 sanetum
1529 4383 1721 4445 etiam
1748 4399 1781 4444 a
1807 4382 1972 4444 Filio
2004 4384 2376 4460 procedere,
2400 4383 2553 4461 quia
2577 4383 2976 4461 imperfectus
3006 4399 3123 4444 seu
3147 4382 3520 4461 imperfecto
3551 4380 3714 4464 modo

495 4491 803 4571 procedat
833 4509 866 4553 a
895 4495 1079 4555 Patre
1109 4491 1308 4571 (quod
1340 4488 1569 4567 absit);
1608 4488 1719 4549 sed
1754 4487 1907 4567 quia
1945 4487 2066 4549 hoc
2113 4487 2277 4566 ipso,
2314 4488 2485 4566 quod
2541 4503 2574 4548 a
2623 4489 2802 4548 Patre
2865 4487 3176 4565 procedit,
3214 4503 3247 4548 a
3279 4487 3446 4549 Filio
3481 4501 3715 4568 quoque

505 4597 851 4674 procedere
886 4612 1222 4659 necessum
1246 4601 1382 4668 est;
1411 4610 1556 4656 cum
1590 4609 1720 4655 una
1752 4573 2110 4672 eademque
2163 4593 2368 4655 virtus
2431 4601 2494 4654 et
2557 4593 2748 4666 actio,
2781 4610 2910 4672 qua
2951 4594 3134 4654 Pater
3193 4592 3509 4670 producit,
3541 4599 3715 4653 exstet

501 4705 693 4764 etiam
732 4701 796 4760 in
824 4696 998 4757 Filio
1021 4695 1487 4758 conunuiiicata
1537 4696 1616 4757 ab
1648 4695 1924 4774 ipsomet
1981 4697 2162 4757 Patre
2203 4716 2218 4756 :
2257 4693 2800 4774 quemadmodum
2831 4712 2931 4757 res
2982 4700 3234 4764 ereatze,
3271 4709 3348 4755 eo
3377 4693 3520 4772 ipso
3564 4691 3710 4771 quod

507 4803 951 4880 producuntur
979 4814 1014 4859 a
1050 4799 1254 4872 Patre,
1287 4799 1479 4860 etiam
1503 4815 1536 4860 a
1561 4797 1728 4860 Filio
1760 4805 1820 4859 et
1851 4815 1887 4860 a
1915 4798 2161 4875 Spiritu
2191 4804 2412 4859 sancto
2444 4795 2881 4873 producantur
2910 4803 3178 4874 oportet,
3207 4813 3349 4857 cum
3379 4802 3616 4863 neuter,
3644 4791 3711 4850 ad

501 4903 625 4965 hoc
655 4899 830 4979 quod
889 4899 1140 4971 attinet,
1170 4904 1541 4958 secernatur
1581 4914 1615 4958 a
1655 4900 1860 4959 Patre.
1913 4897 2276 4959 Mirandum
2335 4913 2489 4957 sane
2528 4894 2895 4976 iterumque
2954 4895 3341 4965 mirandum,
3380 4895 3548 4974 quod
3597 4908 3709 4952 rem

503 5003 670 5065 adeo
700 4999 1104 5078 perspicuam
1135 4999 1654 5079 Theophylaetus
1689 5016 1814 5062 non
1847 4999 2106 5071 vid-erit,
2141 5000 2364 5079 sicque
2397 4999 3012 5077 argumentationem
3057 4998 3350 5059 instituat
3385 5015 3557 5060 num.
3593 4996 3654 5054 Vl
3691 5009 3702 5050 :

503 5114 568 5167 Ei
605 5111 705 5183 μὲν
731 5108 827 5164 οὖν
852 5111 882 5163 ὁ
911 5109 1037 5173 Υἱὸς
1067 5107 1161 5162 τοῦ
1194 5107 1511 5180 Πνεύματος
1540 5109 1730 5173 αἴτιος,
1763 5110 1856 5163 δύο
1888 5110 2027 5180 ἀρχα

2215 5109 2351 5171 ἑνός.
2383 5100 2454 5160 Si
2480 5101 2689 5178 itaque
2713 5097 2921 5159 Filius
2951 5107 3176 5158 auctor
3204 5108 3294 5158 est
3322 5098 3504 5157 etiam
3531 5095 3714 5173 Spiri-

504 5210 607 5264 τω
637 5199 868 5272 sanati,
892 5197 1025 5258 duo
1083 5207 1232 5259 sunt
1281 5198 1471 5258 unius
1501 5213 1788 5276 persona:
1819 5199 2167 5277 principia.
2205 5199 2278 5257 At
2309 5215 2501 5276 quem
2532 5198 2598 5258 in
2627 5202 3070 5258 transversum
3118 5213 3242 5258 non
3274 5205 3462 5275 agant
3506 5197 3712 5258 ﬁrmata

496 5309 628 5390 jam
666 5305 1151 5387 prmjudiciamt
1181 5317 1414 5374 causae,
1441 5316 1584 5380 qua:
1631 5307 2090 5378 propugnatnr,
2138 5299 2491 5378 iniquitas?
2523 5303 2631 5361 Est
2677 5315 2830 5362 vero
2863 5299 3324 5376 perridiculum
3357 5306 3530 5377 (pace
3577 5292 3704 5358 tanti

504 5389 626 5471 viri
668 5406 972 5482 dixerim)
1001 5403 1176 5482 quod
1208 5401 1426 5462 subdit
1471 5422 1487 5462 :
1517 5400 1698 5474 Quod
1725 5410 1928 5459 autem
1956 5398 2250 5477 pluribus
2281 5399 2618 5478 principiis
2653 5418 2809 5478 opus
2841 5398 3020 5461 habet
3063 5397 3146 5460 ad
3174 5400 3604 5465 exsistendum,
3630 5389 3710 5450 vel

503 5514 706 5593 majus
732 5512 850 5571 erit
869 5528 944 5569 eo
974 5505 1139 5587 quod
1172 5523 1250 5566 ea:
1278 5522 1402 5564 uno
1434 5503 1756 5582 principio
1789 5501 1970 5562 habet
2000 5519 2146 5573 esse,
2180 5503 2272 5562 rel
2302 5503 2556 5581 ecquale,
2592 5502 2686 5564 vel
2722 5504 2948 5564 minus.
2985 5503 3106 5564 Sed
3155 5499 3390 5580 aequale
3421 5503 3570 5560 ’βεδε
3597 5512 3706 5556 non

503 5590 734 5696 potest,
768 5612 1049 5690 alioquin
1077 5617 1230 5671 esset
1261 5608 1327 5671 id
1355 5627 1592 5687 quoque
1637 5625 1717 5666 ex
1743 5624 1870 5664 uno
1897 5606 2238 5683 principio.
2274 5607 2492 5667 Restat
2514 5607 2717 5682 igitur
2738 5614 2807 5666 ut
2843 5605 3042 5684 majus
3072 5605 3154 5665 sit
3196 5613 3314 5662 aut-
3344 5619 3565 5664 minus.
3600 5595 3707 5674 Igi-

502 5731 613 5784 tur
643 5717 827 5780 etiam
853 5713 1134 5795 Spiritus
1167 5720 1422 5774 sanctus
1453 5715 1563 5771 au't
1593 5709 1796 5785 major
1824 5703 1996 5768 Filio
2031 5709 2226 5769 erit...
2253 5714 2362 5768 aut
2395 5707 2619 5766 minor.
2660 5707 2818 5781 Qum
2862 5701 3352 5785 argumentandi
3413 5699 3562 5764 ratio
3601 5707 3706 5757 non
