3860 6550
164 484 282 548 tas
747 565 754 571 _
940 567 945 572 _
1026 489 1112 554 IN
1149 493 1578 567 SEQUENTIA
1608 465 2182 566 TiIEOPHYLACTI
2214 467 2550 572 SCRIPTA.
3313 517 3423 584 tce

167 597 391 659 solum
429 603 642 678 peccat
665 598 733 662 in
770 613 846 663 eo
874 602 1046 681 quod
1073 607 1314 694 Patrem
1346 616 1409 672 et
1442 610 1683 673 Filium
1722 615 1853 676 duo
1885 633 2027 678 esse
2061 617 2381 699 principia
2422 622 2699 702 Spiritus
2728 626 2929 687 sancti
2956 627 3090 708 jam
3118 644 3408 710 prmsup-

167 702 398 772 ponat,
431 696 541 759 sed
574 696 644 760 in
681 714 760 762 eo
793 701 1224 780 potissimum,
1252 710 1426 786 quod
1461 727 1585 772 non
1621 713 1777 774 satis
1810 696 2332 780 animadverterit
2363 696 2905 803 TheOpliylactus,
2941 696 3422 804 processionem

166 795 462 873 Spiritus
500 799 705 861 sancti
743 816 778 862 e
808 800 1058 866 duabus
1083 809 1382 884 personis
1411 828 1539 874 non
1572 831 1651 876 ex
1681 816 1898 897 aliqua
1931 817 2112 881 illius
2146 821 2508 903 indigentia
2545 795 3030 902 proﬁcisci,s‘ed
3056 843 3137 890 ex
3170 828 3415 892 unitate

163 903 371 974 atque
402 896 740 964 identitate
766 903 1021 970 virtutis
1053 914 1115 970 et
1136 909 1405 974 actionis
1437 914 1767 994 spirantis,
1799 935 1940 999 qua)
1968 919 2037 983 in
2095 896 2366 1002 utraque
2399 896 2676 1003 persona
2727 896 3086 1008 est;'quam
3152 932 3234 993 ob
3290 949 3424 994 rem

163 995 336 1056 oriri
378 1013 509 1060 non
542 1007 748 1078 potest
781 1019 816 1065 a
846 1006 1025 1068 Patre
1056 1010 1215 1087 quin
1244 1013 1436 1076 simul
1473 1017 1718 1083 oriatur
1751 1040 1786 1084 a
1823 1024 2013 1096 Filio,
2045 1026 2587 1103 quemadmodum
2626 1031 2826 1092 creari
2864 1033 3143 1096 mundus
3175 1051 3209 1096 a
3245 1037 3424 1096 Patre

167 1116 303 1163 non
342 1106 736 1187 potuitquin
767 1117 828 1172 et
859 1113 998 1176 alim
1027 1132 1323 1194 persona:
1353 1139 1817 1194 concurrerent
1873 1131 1939 1194 in
1988 1131 2404 1194 creationem.
2458 1133 2581 1195 Sed
2630 1133 2804 1213 piget
2861 1134 2928 1197 in
2973 1134 3098 1210 his,
3137 1153 3282 1216 quae
3326 1139 3425 1200 vel

164 1199 342 1280 ipsis
375 1205 720 1287 theologiaa
745 1212 1066 1279 tironibus
1099 1219 1423 1299 eXpIorata
1454 1236 1626 1302 sunt,
1664 1230 1909 1296 diutius
1953 1232 2310 1299 immorari.

249 1302 622 1368 XXXVIII.
673 1311 1227 1385 Quemadmodum
1279 1337 1469 1398 porro
1522 1327 1712 1390 nihili
1780 1331 2073 1397 facienda
2126 1346 2244 1410 est,
2275 1336 2351 1398 ad
2400 1336 2522 1398 hoc
2559 1335 2733 1416 quod
2783 1335 3030 1409 attinet,
3081 1338 3424 1399 auctoritas
3492 1341 3494 1343 ’

165 1397 673 1485 TheOphylacti,
707 1418 925 1487 utpote
957 1397 1420 1484 infirmissimis
1459 1433 1858 1505 argumentis
1901 1433 2134 1510 innixi,
2170 1434 2256 1497 ita
2297 1436 2622 1516 probanda
2672 1437 2855 1500 illius
2889 1436 3093 1499 animi
3128 1437 3424 1499 modera—

165 1502 288 1574 tio,
321 1507 498 1583 quod
535 1524 568 1569 a
607 1527 879 1573 censura
909 1514 1196 1592 qualibet
1233 1502 1620 1600 disputando
1651 1529 2075 1604 abstinuerit;
2117 1502 2419 1598 'cum‘ex
2474 1536 2808 1600 Photianis
2853 1536 3059 1618 aliqui
3118 1543 3422 1617 tanquam

162 1603 554 1682 hmretieam,
580 1609 690 1672 alii
727 1621 795 1673 ut
831 1613 1248 1695 blasphemam
1274 1623 1342 1684 in
1366 1625 1679 1706 Spiritum
1704 1641 1989 1695 sanctum
2028 1603 2361 1698 traducere
2387 1639 2760 1701 Latinorum
2793 1603 3200 1708 sententiam,
3234 1645 3427 1717 atque

166 1707 607 1790 adeodogma
630 1715 1039 1792 catholicum,
1077 1737 1200 1782 non
1244 1737 1606 1803 vereantur.
1641 1739 1710 1793 ut
1755 1733 2152 1798 furibundus
2187 1736 2296 1799 ille
2343 1739 2734 1818 sycophanta
2775 1737 3179 1816 Ephraamus.
3214 1738 3427 1798 Theo-

168 1806 527 1885 phyiactus
551 1821 768 1876 contra
803 1815 1057 1880 videtur
1090 1829 1157 1882 ut
1187 1822 1409 1886 falsam
1445 1833 1886 1894 tantummodo
1912 1835 2292 1912 Opinionem
2329 1806 2520 1915 queis
2553 1843 2756 1914 potest
2806 1806 3203 1911 argumentis
3236 1833 3428 1896 refel-

165 1906 338 1970 lere.
372 1910 539 1973 Hinc
569 1931 745 1976 num.
781 1918 861 1977 ΙΙΙ
894 1927 952 1980 τὸ
981 1929 1237 1998 μέγιστον
1258 1935 1503 1990 Λατίνων
1532 1940 1689 2012 σφάλι

1903 1936 2157 1997 mimum
2211 1937 2575 1999 Latinorum
2605 1956 2879 1999 errorem
2904 1938 3091 1999 docet
3124 1955 3266 1999 esse
3302 1953 3427 1997 non

162 2009 412 2086 ipsam,
447 2030 637 2089 quam
701 2024 978 2095 tuemur,
1030 2028 1436 2103 sententiam,
1486 2031 1598 2092 sed
1661 2009 1686 2095 σέ

1907 2044 1963 2117 ἰῷ
1993 2050 2230 2112 πίστεως
2260 2049 2520 2120 Συμὸὀλῳ
2552 2047 2930 2120 καίνοτομίαν,
2996 2040 3309 2102 invectam
3361 2039 3431 2098 in

165 2117 322 2196 ﬁdei
349 2122 714 2201 Symbolum
746 2128 1234 2210 innovationem,
1263 2152 1379 2199 seu
1411 2119 1807 2203 additionem
1842 2145 2189 2222 particulm,
2221 2117 2553 2227 Filioque;
2581 2155 2642 2209 et
2673 2117 2850 2209 num.
2882 2147 3034 2209 XIII
3070 2145 3135 2206 in
3185 2141 3430 2220 placitis

169 2225 554 2289 Latinorum
588 2231 763 2293 velut
785 2243 882 2314 τὴν
909 2248 1183 2320 τεατρίκην
1215 2251 1396 2306 πίστιν
1422 2255 1669 2320 σαλεῦον,

1939 2254 2302 2312 concutiens
2339 2225 2449 2314 SS.
2482 2253 2780 2325 Patrum,
2803 2250 3014 2312 solum
3067 2249 3252 2309 affert
3283 2255 3345 2308 τὸ
3377 2258 3432 2308 ὲν

169 2336 247 2406 τῷ
270 2340 548 2412 Συμϐόλῳ
580 2346 705 2415 περὶ
741 2347 836 2401 τοῦ
878 2348 1060 2419 ’Λγζου
1091 2355 1405 2427 Πνεῦματος
1439 2362 1693 2431 προστιθέ

1911 2355 1997 2429 id,
2025 2355 2190 2436 quod
2215 2353 2287 2419 de
2301 2357 2551 2436 Spiritu
2578 2366 2792 2418 sancto
2817 2353 3125 2435 adjectum
3152 2359 3235 2410 est
3257 2353 3434 2429 Sym-

169 2427 341 2492 bolo.
385 2434 482 2493 Ad
558 2437 727 2498 hunc
752 2451 964 2503 autem
1023 2463 1297 2508 errorem
1343 2427 1717 2515 Latinorum
1755 2427 2097 2526 maximum
2163 2459 2629 2539 proﬂigandum
2671 2476 2796 2520 non
2825 2456 2952 2518 alio
2985 2453 3186 2517 utitur
3234 2469 3429 2530 argu-

173 2538 426 2605 mento,
476 2553 664 2614 quam
725 2539 844 2605 hoc
885 2566 899 2604 :
941 2554 1036 2608 Δεῖ
1065 2557 1123 2610 δὲ
1153 2557 1405 2616 εἶναιτοῦ
1438 2566 1632 2620 πιστοῦ
1661 2569 1722 2620 τὸ
1753 2570 2023 2638 σύμὸολον
2065 2571 2245 2641 πάσης
2281 2569 2668 2641 ἁπηλαγμένον
2695 2569 3122 2638 περιποιήσεως,
3169 2557 3430 2635 θΡοΤίεί

171 2631 338 2690 enim
366 2634 577 2712 fidelis
601 2644 944 2718 symbolum
975 2648 1245 2712 immune
1279 2672 1408 2714 esse
1451 2656 1526 2716 ab
1560 2660 1728 2723 omni
1754 2631 2215 2723 adulta-ratione
2245 2671 2302 2722 et
2340 2658 2918 2739 corruptione.,Sed
2955 2660 3030 2719 ad
3063 2657 3182 2717 hoc
3215 2653 3431 2716 facilis

176 2734 536 2806 responsio
575 2748 690 2812 est,
726 2759 938 2822 neque
971 2746 1541 2828 TheOphylactum,
1576 2756 1724 2819 licet
1755 2761 1882 2820 acri
1915 2759 2178 2837 ingenio
2206 2734 2566 2839 prmdituui,
2609 2757 2936 2837 probasse,
2980 2775 3193 2836 neque
3226 2756 3427 2818 alium

174 2833 557 2910 quempiam
591 2857 733 2902 esse
763 2861 1043 2922 unquam
1075 2851 1513 2927 probaturum,
1549 2833 2390 2924 falsamessevLatinorum
2444 2859 2797 2922 doctrinam
2853 2861 3066 2934 quoad
3151 2855 3431 2934 Spiritus

174 2930 384 2990 sancti
419 2935 613 2996 etiam
649 2955 683 2999 a
715 2942 881 3005 Filio
915 2950 1416 3024 processionem.
1443 2958 1585 3031 Quo
1610 2957 1807 3037 igitur
1830 2959 1977 3038 jure
2018 2979 2129 3039 per
2156 2960 2562 3023 additionem.
2602 2960 2774 3022 vocis
2824 2958 3112 3037 Filioque
3149 2956 3274 3019 dici
3308 2971 3425 3034 po—

175 3029 329 3091 terit
361 3033 743 3110 Symbolum
791 3044 1214 3112 adulteratam
1244 3054 1382 3118 sive
1439 3029 1856 3138 corruptum}3
1888 3029 2196 3124 Caeterum
2257 3064 2334 3124 de
2371 3062 2710 3140 Ephesium
2770 3061 3004 3140 synodi
3050 3059 3418 3128 interdicto.

177 3130 357 3204 quod
393 3136 559 3196 adeo
593 3138 877 3216 jactitant
909 3147 1226 3227 Photiani,
1256 3163 1317 3216 et
1355 3173 1468 3234 pro
1497 3130 1980 3238 quo-tamalt'os
2006 3162 2328 3223 clamores-
2350 3130 2545 3235 cient,
2579 3177 2710 3240 quo
2742 3130 2976 3239 nempe
3010 3159 3278 3222 vetitum
3306 3173 3432 3234 pu-

175 3235 340 3342 ianl:
388 3249 470 3293 ne
501 3239 850 3319 quidquam
883 3247 1187 3325 Symbol’o
1214 3254 1310 3316 vel
1347 3235 1603 3336 majoris
1629 3266 1875 3322 tantum
1915 3261 2366 3340 explicationis
2389 3235 2960 3342 gratia-adderetur
3006 3260 3217 3342 (quasi
3281 3273 3431 3319 vero

181 3330 278 3388 vel
313 3329 435 3393 hac
467 3335 678 3398 solum
712 3341 788 3402 de
819 3361 1008 3409 causa
1041 3350 1388 3429 rejicienda
1415 3329 1584 3418 esset
1617 3365 1684 3419 ut
1716 3359 1916 3438 impia
1964 3368 2157 3438 atque
2186 3360 2520 3439 illegitima
2553 3366 2919 3421 memoratm
2954 3356 3285 3436 particulm
3317 3357 3432 3417 ad-

179 3428 399 3508 ditio),
439 3434 687 3497 nullum
719 3441 1237 3525 Theophylactus
1271 3452 1530 3515 verbum
1558 3454 1741 3529 facit;
1783 3428 1956 3535 quod
2001 3428 2153 3517 mihi
2187 3428 2564 3535 argumento
2594 3457 3261 3524 luculentissimo'est,
3299 3468 3433 3528 per-

180 3547 459 3593 suasum
485 3535 578 3596 illi
611 3537 838 3617 fuisse,
862 3543 1273 3611 interdictum
1301 3553 1698 3630 Ephesinum
1731 3573 1873 3617 esse
1904 3555 2338 3635 aliter,.atque
2361 3555 2748 3617 a~Pltotianis
2777 3556 3037 3625 assolet,
3068 3552 3435 3630 intelligen-

180 3627 343 3690 dum.
386 3653 402 3690 :
439 3635 729 3716 adeoque
755 3641 1122 3709 nullatenus
1155 3627 1517 3728 improbare
1572 3654 1991 3723 additiouem,
2029 3656 2094 3716 in
2135 3673 2326 3736 quam
2384 3655 2480 3716 illi
2516 3655 2679 3716 adeo
2741 3654 3159 3715 conclamant.
3193 3655 3313 3716 Sed
3352 3655 3432 3716 de

181 3726 302 3792 hac
338 3732 581 3795 celebri
609 3737 1004 3804 Allocutione
1030 3763 1107 3808 ne
1133 3726 1336 3826 plura.
1377 3752 1711 3832 Quidquid
1751 3757 1925 3816 enim
1945 3726 2464 3833 Theophylactus
2503 3755 2796 3833 adjungit
2825 3754 2922 3816 vel
2961 3761 3178 3816 contra
3213 3754 3430 3832 legiti-

185 3846 366 3890 mum
431 3850 800 3913 azymorum
832 3859 1020 3903 usum
1052 3846 1115 3906 in
1153 3847 1563 3912 Eucharisliae
1591 3853 2018 3927 confectione,
2053 3853 2151 3916 vel
2181 3860 2397 3915 contra
2429 3852 2801 3914 Latinorum
2821 3851 3144 3931 jejunium
3177 3852 3243 3914 in
3284 3853 3434 3914 Sab-

184 3928 357 4003 bato,
393 3932 650 3998 abunde
675 3938 940 4002 refuta-ta
966 3943 1090 4018 jam
1116 3945 1310 4009 habes
1352 3951 1418 4010 in
1454 3953 1688 4027 praevia
1719 3953 2219 4015 Dissertatione:
2258 3965 2677 4030 praeterquam
2699 3928 3431 4031 quo—d'TheOphylactus

185 4027 332 4104 ipse
365 4029 624 4107 fatetur,
664 4036 794 4098 duo
819 4039 949 4100 haec
985 4042 1138 4102 tanti
1196 4048 1504 4108 momenti
1567 4065 1696 4109 non
1728 4066 1894 4123 esse,
1921 4057 1990 4110 ut
2022 4027 2284 4111 Latinos
2336 4027 2590 4110 inter-et
2625 4050 2877 4112 Graecos
2909 4049 3181 4112 dissidia
3215 4065 3433 4128 parere

184 4127 496 4205 debeant,
545 4138 875 4219 multoque
917 4143 1130 4205 minus
1156 4147 1352 4208 unius
1389 4148 1687 4211 Ecclesiae
1716 4150 1795 4211 ab
1837 4149 2035 4213 altera
2066 4151 2562 4231 separationem.

1584 4292 1866 4355 SECTIO
1889 4292 2050 4355 VIII.

779 4425 866 4486 De
907 4427 1313 4491 Institutione
1341 4432 1537 4510 regia,
1568 4431 1650 4493 ad
1681 4433 2166 4498 Constantinum
2193 4438 2842 4520 Porphyrogenitum.

266 4547 576 4609 XXXIX.
612 4548 1080 4614 Allocut‘ionem
1107 4555 1184 4618 de
1218 4557 1324 4631 iis,
1355 4574 1518 4636 quos
1549 4561 1748 4623 Grmci
1785 4562 2027 4624 Latinis
2080 4563 2414 4645 aﬂingunt,
2448 4565 2776 4629 erroribus
2817 4565 3054 4643 excipit
3104 4565 3432 4629 Institutio

185 4651 368 4730 regia
400 4651 485 4711 ad
511 4651 985 4717 €onstantinum
1005 4658 1646 4740 Porphyrogenitum,
1685 4665 2089 4745 imperatoris
2124 4671 2314 4732 Ducm
2335 4673 2442 4747 IV,
2463 4669 2770 4733 etMarim
2799 4685 2877 4728 ex
2911 4669 3133 4731 lberim
3173 4670 3434 4746 regibus

188 4761 520 4830 prognatae
550 4752 778 4815 tilium.
813 4758 1156 4834 Egregium
1191 4777 1343 4821 sane
1376 4778 1564 4841 Opus,
1594 4772 1655 4825 et
1679 4765 2140 4844 'l‘heOphylacti
2179 4769 2468 4846 ingenio,
2501 4768 2872 4831 eruditione
2900 4783 2971 4830 ac
3003 4770 3314 4848 sapientia
3337 4771 3437 4831 di-

189 4870 423 4930 gnum.
460 4853 752 4918 Divisum
777 4866 871 4919 est
897 4857 960 4918 in
994 4868 1202 4936 partes
1233 4862 1430 4937 duas;
1463 4882 1735 4944 quarum
1758 4868 1956 4929 altera
1991 4869 2059 4929 in
2091 4871 2306 4930 Mariae
2337 4871 2761 4948 im-peratvricis
2796 4871 3051 4936 eximiis
3070 4871 3267 4932 animi
3315 4873 3434 4933 do-

188 4951 404 5026 tibus,
432 4954 725 5033 regiique
752 4958 940 5035 pueri
965 4975 1108 5020 cum
1141 4962 1361 5037 animi,
1401 4971 1530 5025 tum
1567 4966 1757 5026 etiam
1789 4970 2078 5045 corporis
2107 4970 2512 5047 exponendis
2551 4972 3072 5048 extollendisque
3109 4987 3434 5049 praeroga-

191 5053 350 5113 tivis
381 5063 510 5116 tota
541 5065 664 5117 est.
699 5058 910 5119 Altera
941 5075 1094 5121 vero
1127 5061 1348 5136 multa,
1387 5081 1592 5143 eaque
1627 5067 2111 5144 sapientissime
2143 5077 2451 5147 praecepta
2488 5071 2956 5149 complectitur,
2999 5071 3183 5150 queis
3215 5071 3393 5130 'I‘lieo
3417 5103 3431 5116 -

191 5153 536 5234 phylactus
584 5159 726 5237 ipse
783 5161 1298 5239 Constantinum,
1337 5167 1524 5246 cujus
1580 5178 1931 5249 prmceptor
1971 5179 2128 5240 erat,
2165 5175 2240 5233 ad
2300 5173 2462 5234 bene
2527 5174 2934 5252 feliciterque
2983 5172 3431 5249 imperandum

188 5254 502 5317 instituit.
529 5258 600 5316 Et
631 5274 785 5320 sane
811 5257 874 5320 in
907 5259 1024 5324 hac
1055 5271 1230 5340 parte
1285 5265 1770 5329 absolutissima
1800 5270 2060 5333 functus
2100 5288 2220 5336 suo
2286 5290 2554 5335 munere
2605 5282 2704 5334 est
2737 5296 2754 5334 :
2783 5264 3333 5352 quemadmodum
3369 5272 3432 5333 iu

188 5351 313 5414 alia
348 5356 570 5429 priore
605 5359 826 5420 diserti
859 5364 1154 5435 oratoris,
1183 5365 1449 5428 fortasse
1482 5378 1542 5428 et
1577 5371 1762 5445 periti
1797 5374 1993 5434 aulici
2026 5383 2235 5451 partes
2263 5375 2534 5436 solerter
2571 5376 2871 5453 explevit.
2898 5375 3227 5436 Libellum
3260 5374 3434 5437 hunc

190 5471 276 5515 ex
301 5456 691 5522 bibliotheca
724 5463 1684 5546 Florentino-Medicea-primus
1703 5475 1871 5536 eruit
1894 5476 2310 5537 doctissimus
2346 5478 2707 5556 GI‘tBNBQUC
2735 5475 2970 5553 linguas
2998 5475 3432 5552 peritissimus

188 5554 423 5616 Petrus
456 5557 786 5631 Pessinus,
822 5561 1076 5638 inclytae
1108 5565 1443 5626 Societatis
1501 5571 1656 5628 Jesu
1689 5571 1992 5632 alumnus
2031 5583 2092 5633 et
2124 5583 2612 5640 ornamentum;
2647 5571 3251 5650 eumquelibellum
3285 5577 3431 5651 epiwt

190 5654 359 5714 stola
393 5655 537 5717 data
557 5660 770 5720 Romae
797 5675 966 5721 anno
996 5661 1568 5746 (utvulgodidtur)
1597 5679 1814 5730 sancto
1847 5671 2027 5744 1650,
2064 5672 2392 5734 Ludovico
2429 5672 2592 5744 XIV,
2615 5670 2922 5732 Gallim-et
2953 5673 3428 5746 Navarrmregi,
3462 5717 3468 5722 ς

189 5761 331 5817 tum
362 5759 571 5821 adhuc
605 5763 1023 5838 adolescenti,
1055 5773 1116 5828 et
1146 5767 1267 5829 sub
1300 5768 1516 5830 matris
1552 5771 1756 5833 tutela-
1778 5791 2046 5850 regnum
2095 5773 2590 5847 administranti,
2625 5773 3044 5850 nuncupavit,
3070 5789 3141 5834 ea
3169 5787 3433 5848 praesen

196 5857 313 5920 tim
349 5862 443 5940 (ut
473 5863 612 5943 ipse
642 5868 931 5950 testatur)
965 5870 1208 5934 ratione
1248 5871 1502 5950 ductus,
1537 5877 1710 5954 quod
1743 5876 1812 5939 in
1859 5876 1975 5939 hac
2011 5876 2226 5955 Opella
2260 5875 2537 5941 describi
2571 5877 2646 5940 ad
2680 5877 2990 5942 amussim
3040 5882 3101 5940 et
3127 5873 3433 5955 graphice
