3860 6574
433 449 535 510 m
1476 450 1862 513 BONIFACII
1894 456 2208 518 amem
2246 414 2638 520 ramento
3558 462 3646 526 tu

434 560 766 622 videretur
803 563 1072 640 ipsemet
1109 564 1496 638 Ludovicus,
1534 574 1593 626 et
1623 566 1831 646 qualis
1872 576 2020 630 tunc
2053 572 2452 650 essetquoad
2483 573 2769 651 corporis
2801 573 3131 652 animique
3156 572 3362 645 dotes,
3391 577 3644 651 etqualis

435 663 625 722 etiam
660 661 923 723 futurus
958 679 1301 742 progressu
1340 667 1646 745 temporis
1681 676 1851 729 esset
1881 678 1987 730 aut
2015 687 2157 730 esse
2205 670 2490 734 deberet.
2518 672 2654 736 Etsi
2713 690 2864 736 vero
2906 675 3178 752 epistola
3208 676 3642 752 nuncupatoria

414 763 668 842 ,sc‘ripta
705 765 787 824 sit
820 767 1036 827 Romae
1064 783 1258 840 anno,
1303 775 1368 828 ut
1398 768 1708 841 diximus,
1741 772 1916 845 1650,
1956 771 2155 834 editio
2189 780 2398 836 tamen
2429 775 2691 838 nonnisi
2732 791 2902 837 anno
2933 775 3319 854 insequente
3348 775 3516 849 1651,
3553 794 3642 838 ea-

432 881 557 941 que
590 881 715 924 non
748 867 984 941 Romae,
1023 869 1133 931 sed
1169 869 1436 954 Parisiis
1477 880 1692 933 secuta
1721 879 1814 934 est
1850 872 2018 950 typis
2065 873 2287 951 regiis,
2323 873 2678 946 volumine,
2716 883 2783 936 ut
2816 875 3021 948 aiunt,
3053 875 3406 950 iri-quarto.
3435 874 3646 934 Inserta

398 944 844 1048 {postmodum
874 977 968 1030 est
1002 951 1250 1049 corpori
1287 973 1650 1054 Byzantium
1677 975 1987 1050 historim,
2024 979 2410 1056 tomo,jnxta
2443 973 2741 1040 Venetam
2770 978 3320 1052 editionem,Xx;
3355 980 3498 1040 inde
3523 995 3650 1042 vero

430 1066 495 1127 iu
535 1066 653 1128 hoc
691 1068 988 1131 translata
1023 1071 1324 1134 volumen
1360 1082 1478 1134 est.
1519 1077 1823 1154 Tempus,
1857 1094 1986 1154 quo
2012 1077 2172 1140 hanc
2202 1078 2720 1158 TheOphylactus
2754 1079 3030 1157 opellam
3066 1079 3504 1144 veresimilius
3531 1082 3651 1141 elu-

429 1167 740 1242 rubravit,
775 1169 1016 1231 videsis
1041 1170 1103 1232 in
1136 1173 1389 1250 praevias
1417 1175 1896 1260 Dissertationis
1928 1178 2413 1240 n.VllI.Graeco
2447 1179 2645 1240 textui
2671 1180 3033 1242 versionem
3069 1179 3309 1241 addidit
3335 1180 3650 1257 elegantis-

426 1273 651 1334 simam
678 1272 757 1334 ab
790 1291 859 1335 se
888 1273 1272 1338 elaboratam
1295 1276 1464 1340 idem
1492 1279 1836 1349 Possinus;
1871 1298 2060 1359 quam
2097 1290 2306 1344 tamen
2363 1289 2698 1360 prOpterea
2753 1282 3051 1344 nonnulli
3082 1281 3650 1360 reprehendendam

430 1380 720 1447 censent,
745 1373 896 1452 quia
928 1375 1217 1439 nitidiori
1253 1379 1634 1460 puriorique
1664 1381 1832 1458 style
1862 1381 2150 1444 intentus
2174 1399 2206 1443 a
2236 1381 2692 1462 TheOphylacti
2719 1383 2926 1446 verbis
2958 1381 3149 1460 paulo
3182 1381 3456 1444 liberius
3480 1398 3655 1460 quan-

428 1475 643 1554 doque
679 1463 962 1554 vagatur.
999 1477 1118 1540 Sed
1163 1495 1283 1557 ego
1313 1478 1412 1542 sin
1447 1479 1713 1542 omnino
1779 1482 2202 1559 probandum,
2237 1483 2460 1545 saltem
2523 1483 2960 1546 excusandum
3020 1497 3256 1544 censeo
3313 1479 3651 1554 Possinum,

427 1582 582 1643 dum
616 1583 1008 1664 eloquentia:
1036 1600 1192 1657 sum,
1228 1599 1352 1664 qua
1387 1584 1661 1646 maxime
1695 1585 2048 1662 praestabat,
2081 1584 2351 1648 ﬂumine
2383 1594 2630 1665 raptus,
2675 1585 2842 1648 intra
2873 1583 3206 1663 rigidioris
3236 1583 3552 1645 versionis
3585 1583 3652 1643 li-

427 1683 618 1743 mites
651 1700 796 1746 sese
835 1683 1138 1747 cohibere
1171 1701 1299 1750 non
1332 1685 1583 1764 potuit;
1619 1687 1976 1766 maluitque
2004 1705 2192 1750 sensa
2231 1688 2504 1750 reddere
2552 1687 2835 1750 auctoris
2863 1695 2936 1748 ut
2965 1694 3208 1758 orator,
3241 1700 3436 1764 quam
3466 1692 3532 1744 ut
3573 1687 3656 1747 in-

426 1793 668 1862 terpres
695 1805 717 1844 :
744 1784 916 1861 quod
957 1784 1125 1847 idem
1151 1785 1216 1848 in
1249 1784 1546 1848 versione
1589 1787 2051 1850 Demosthenis
2085 1787 2461 1867 prmstitisse
2491 1806 2561 1851 se
2611 1788 2962 1868 aliquando
2996 1787 3250 1851 Tullius
3286 1786 3430 1864 ipse
3485 1794 3656 1849 testa-

425 1893 552 1944 tur.
590 1885 744 1948 Mihi
775 1887 991 1965 potius
1023 1885 1514 1949 admirationem
1539 1888 1796 1968 ingerit,
1829 1890 2004 1968 quod
2039 1890 2104 1952 in
2140 1889 2493 1971 epigraphe
2522 1891 2714 1953 istius
2754 1890 2969 1970 operis
3002 1889 3554 1969 TheOphylactum
3575 1891 3655 1946 τοῦ

423 1988 481 2038 ἐν
507 1985 684 2054 ἁγίοις
711 1990 923 2058 Harpe;
957 1993 1134 2061 ἡμῶν,
1165 1988 1229 2048 S.
1264 1986 1480 2050 Patris
1510 1992 1720 2052 nostri
1739 1990 1929 2054 titulo

2131 1995 2429 2056 ecorarit.
2464 1993 2660 2055 Valde
2692 1993 2866 2055 enim
2917 1991 3168 2073 dubito,
3207 2000 3429 2054 utrum
3463 1990 3528 2052 in
3568 2006 3651 2058 eo,

427 2094 558 2152 quo
597 2096 752 2142 usus
786 2090 903 2160 est,
933 2087 1153 2150 codice
1198 2087 1482 2168 elegium
1516 2089 1888 2172 hujusmodi
1918 2111 2142 2157 revera
2173 2102 2379 2158 exstet
2407 2115 2422 2156 :
2449 2094 2978 2176 quandoquidem
3023 2092 3088 2156 in
3123 2091 3487 2164 codicibus,
3509 2105 3652 2171 quos

427 2177 589 2240 mihi
621 2181 943 2259 inspicere
977 2186 1184 2261 licuit,
1221 2190 1386 2251 nulli
1438 2191 1648 2269 ipsius
1682 2195 1867 2274 operi
1920 2195 1985 2258 id
2027 2198 2350 2276 praeﬁxum
2405 2196 2788 2277 reperiatur.
2820 2196 3000 2260 Alias
3037 2211 3190 2258 vero
3232 2193 3547 2257 Possinus
3601 2193 3651 2251 in

427 2277 886 2360 TbeOphylacti
926 2283 1150 2349 laudes
1196 2288 1390 2366 paulo
1421 2289 1752 2356 liberalior
1791 2294 2067 2369 videtur,
2119 2303 2342 2375 utpote
2374 2296 2706 2377 quietiam
2764 2296 2835 2359 in
2867 2295 3153 2377 Epistola
3203 2293 3653 2372 nuncupatoria

426 2383 725 2446 eumdem
753 2403 878 2448 non
913 2391 1447 2468 sapientissimum
1474 2395 1666 2458 modo
1696 2413 1765 2459 ac
1793 2399 2208 2461 reiterabt‘lcm
2255 2401 2825 2481 archiepiscopum,
2850 2417 3076 2463 verum
3136 2397 3326 2460 etiam
3380 2397 3656 2459 Ecclesia

424 2479 743 2554 doctorem
759 2493 1074 2572 appellat;
1106 2497 1278 2577 quod
1313 2498 1576 2578 quidem
1605 2502 1898 2565 absolute
1927 2511 1990 2565 et
2033 2505 2174 2567 sine
2205 2503 2423 2584 aliqua
2450 2479 2835 2568 limitatione
2884 2504 2964 2574 de
3011 2519 3089 2566 eo
3121 2509 3288 2563 recte
3322 2500 3456 2564 dici
3490 2517 3653 2578 posse

428 2607 561 2653 non
591 2601 769 2671 puto.

1813 2727 2100 2790 SECTIO
2164 2728 2276 2790 IX.

1154 2869 1242 2930 De
1293 2870 1596 2932 Encomio
1633 2875 1700 2933 in
1737 2876 2181 2954 imperatorem
2217 2876 2504 2938 Alex-ium
2539 2876 2942 2940 Comnenum.

501 3009 628 3075 XL.
649 3012 1115 3093 Theophylacti
1151 3033 1421 3096 operum
1463 3036 1794 3100 nunquam
1829 3021 2142 3086 hactenus
2170 3023 2492 3086 editorum
2527 3041 2730 3087 unum
2763 3031 2862 3086 est
2893 3025 3108 3097 etiam,
3141 3023 3313 3102 quod
3349 3023 3651 3102 sequitur,

421 3113 975 3192 elegantissimum
1003 3118 1372 3181 Encomium
1393 3122 1462 3182 in
1493 3122 1933 3199 imperatorem
1969 3123 2267 3185 Aternium
2295 3125 2696 3187 Campanum.
2721 3123 3040 3186 Dominus
3071 3122 3150 3185 de
3181 3122 3413 3186 OEfeld
3450 3125 3652 3203 (quem

420 3217 690 3288 bono-ris
725 3235 914 3281 causa
956 3222 1273 3302 nomino),
1325 3222 1759 3287 celeberrima;
1808 3227 2212 3290 serenissimi
2262 3227 2448 3290 ducis
2511 3236 2705 3308 atque
2753 3225 3051 3290 electoris
3101 3224 3383 3288 Bavarim
3427 3224 3648 3287 biblio-

425 3316 628 3378 thecae
663 3317 995 3395 praefectus
1031 3321 1710 3412 meritissimus,jllud
1755 3325 2012 3404 prepria
2049 3343 2240 3389 manu
2278 3326 2674 3406 descriptum
2725 3344 2804 3388 ex
2859 3333 3112 3388 vetusto
3163 3325 3384 3387 codice
3435 3323 3653 3387 biblio-

426 3421 624 3484 thecae
659 3423 978 3501 praedictae
1013 3425 1325 3489 editionis
1356 3427 1550 3508 hujus
1579 3427 1945 3492 fautoribus
1978 3427 2451 3491 humanissime
2480 3428 2950 3508 suppeditavit;
2994 3443 3126 3507 quo
3157 3443 3310 3488 sane
3359 3424 3651 3488 beneﬁcio

424 3542 569 3586 sese
611 3523 955 3589 obstrictos
984 3526 1363 3590 fatebuntur
1394 3529 1442 3590 ii
1476 3547 1703 3592 omnes
1738 3530 1854 3614 qui
1882 3530 2105 3591 eximii
2141 3529 2336 3608 hujus
2367 3528 2665 3609 opusculi
2702 3527 3103 3609 perjucunda
3135 3525 3406 3588 lectione
3440 3523 3648 3587 fruen-

421 3639 547 3688 tur.
580 3629 719 3702 Qno
764 3627 924 3690 illud
957 3636 1245 3708 tempore
1280 3630 1804 3710 'l‘heOphylactus
1836 3631 2172 3709 scripserit
2199 3647 2270 3692 ac
2301 3629 2604 3700 recitarit,
2634 3629 2698 3691 in
2739 3627 3201 3691 Dissertatione
3229 3627 3460 3706 praevia
3486 3640 3648 3686 num.

417 3729 550 3788 LVI
575 3728 847 3790 solerter
877 3736 940 3790 et
979 3730 1233 3793 erudite
1253 3730 1631 3809 expeditum
1659 3731 1788 3810 jam
1824 3731 2046 3792 habes.
2083 3731 2204 3793 Sed
2233 3730 2336 3792 hic
2367 3729 2528 3792 forte
2565 3729 3069 3809 percontaberis,
3096 3745 3226 3809 quo
3258 3727 3649 3806 potissimum

412 3827 836 3892 fundamento
860 3831 1243 3895 Encomium
1277 3831 1452 3894 istud
1486 3831 1996 3911 TheOphylacto,
2034 3832 2223 3911 cujus
2255 3847 2449 3910 opera
2473 3831 2539 3894 in
2567 3830 2687 3893 hoc
2718 3830 3003 3893 eduntur
3036 3829 3390 3904 volumine,
3429 3828 3653 3890 tribua-

416 3940 544 3990 tur.
582 3928 946 4007 Responsio
978 3931 1042 3994 in
1071 3938 1369 4010 promptu
1403 3939 1522 4004 est,
1567 3932 1728 3994 illud
1765 3932 2244 4012 'l‘heophylacto
2287 3932 2639 4010 ascriptum
2677 3931 2746 3994 in
2801 3938 3050 3994 vetusto
3095 3931 3318 3994 codice
3367 3927 3648 4006 reperiri,

416 4031 579 4107 quin
613 4029 789 4093 ullus
822 4033 905 4092 sit
935 4032 1138 4094 codex
1167 4033 1282 4111 qui
1319 4042 1658 4112 repugnet.
1706 4034 1825 4096 Per
1857 4033 1921 4095 id
1956 4051 2109 4098 vero
2149 4031 2457 4112 temperis
2510 4033 2710 4095 alium
2756 4031 3038 4111 aliquem
3090 4030 3648 4108 TheOphylactum.

417 4141 843 4212 prmterquam
875 4133 1191 4212 Bulgaria)
1222 4133 1808 4213 archiepiSCOpum,
1845 4133 2148 4196 ﬂoruisse
2183 4150 2311 4195 non
2345 4139 2612 4194 constat.
2647 4131 2862 4212 Stylus
2906 4147 2939 4192 a
2980 4130 3150 4210 stylo
3203 4122 3648 4207 TheOphylacti

414 4233 614 4295 nostri
644 4233 910 4294 minime
937 4234 1256 4307 abhorret,
1291 4234 1538 4296 tametsi
1567 4251 1680 4312 pro
1716 4235 1959 4296 ratione
1998 4232 2465 4296 eucomiasticaa
2497 4231 2808 4294 orationis
2843 4231 3031 4310 paulo
3064 4230 3360 4293 ﬂoridior
3393 4229 3502 4300 sit,
3535 4241 3650 4286 ma-

402 4334 667 4416 jorique
698 4334 954 4412 profana
990 4335 1363 4396 eruditione
1398 4334 1693 4395 refertus.
1728 4336 2003 4396 Demum
2044 4331 2479 4411 bibliographi
2514 4332 2760 4412 quique
2787 4348 3011 4411 magna
3041 4329 3473 4394 consensione
3502 4326 3645 4389 illud

411 4438 787 4518 adjudicant
821 4438 1328 4518 TheOphylacto,
1353 4439 1776 4516 Bulgarorum
1812 4437 2109 4527 antistiti.

494 4542 663 4604 XLI.
695 4541 1016 4611 Attamen,
1050 4548 1119 4602 ut
1149 4540 1424 4602 candide
1454 4539 1654 4601 fatear
1680 4539 1853 4618 quod
1883 4538 2127 4610 sentio,
2165 4536 2297 4599 hmc
2348 4538 2505 4598 mihi
2554 4546 2930 4616 argumenta
2979 4538 3147 4600 haud
3179 4537 3334 4600 satis
3376 4554 3516 4599 esse
3557 4536 3646 4596 vi-

411 4645 650 4705 dentur
674 4643 752 4701 ad
789 4639 1261 4702 dubitationem
1287 4659 1543 4708 omnem
1574 4642 1689 4703 hac
1720 4640 1799 4701 de
1834 4658 1902 4702 re
1932 4640 2372 4720 amovetidam.
2409 4639 2730 4701 Prmdictm
2765 4640 3093 4720 siquidem
3127 4641 3403 4704 orationi
3441 4641 3647 4702 insunt

406 4743 719 4808 nonnulla
762 4760 905 4822 quae
953 4743 1431 4819 TheOphylacto
1476 4752 1695 4806 nostro
1741 4743 1954 4803 minus
1990 4719 2295 4803 videntu'r
2330 4757 2719 4818 congruere.
2775 4743 2848 4802 Et
2885 4741 3090 4818 primo
3131 4741 3400 4817 quidem
3431 4741 3644 4802 mirum

409 4853 532 4918 est,
565 4843 742 4922 quod
773 4859 918 4904 cum
953 4850 1178 4904 caetera
1219 4843 1692 4924 TheOpbylacti
1723 4859 1916 4922 Opera
1953 4841 2187 4922 (quoad
2231 4841 2391 4902 mihi
2431 4841 2647 4903 videre
2681 4839 2889 4919 licuit)
2928 4841 3110 4902 illius
3142 4841 3392 4902 nomini
3433 4841 3644 4919 adjun-

404 4951 567 5003 cta-m
600 4941 742 5020 ejus
782 4941 1161 5018 dignitatem
1187 4942 1550 5022 prmferant,
1588 4945 1880 5005 Encomii
1910 4943 2107 5022 hujus
2159 4942 2508 5022 epigraphe
2555 4943 2767 5005 solum
2803 4951 3162 5023 putumque
3213 4938 3648 5022 Thcophylacti

403 5063 641 5108 nomen
672 5047 997 5130 exhibeat.
1037 5048 1271 5128 Ecquis
1302 5055 1517 5111 autem
1553 5066 1845 5112 asserere
1877 5059 2051 5111 certo
2081 5047 2307 5127 possit,
2350 5065 2476 5110 non
2502 5049 2701 5110 alium
2746 5063 2825 5110 eo
2858 5055 3143 5126 tempore
3167 5047 3247 5108 in
3297 5047 3470 5125 regia
3498 5043 3642 5106 urbe

406 5145 958 5226 Theophylactum
989 5147 1218 5222 fuisse,
1253 5151 1367 5228 qui
1395 5151 1697 5211 Encomio
1732 5150 1882 5212 huic
1920 5150 2372 5213 concinnando
2404 5157 2578 5212 esset
2612 5151 2934 5212 idoneus?
2969 5149 3214 5211 Deinde
3253 5148 3304 5209 si
3347 5147 3531 5224 istius
3556 5145 3644 5202 in-

404 5250 624 5310 timam
669 5249 866 5312 veluti
903 5250 1177 5318 formam
1211 5259 1730 5329 structuramque
1761 5253 1950 5328 paulo
1977 5252 2340 5314 accuratius
2369 5252 2518 5330 quis
2560 5251 2931 5330 expendere
2971 5250 3150 5323 velit,
3177 5250 3538 5328 gravitatem
3572 5239 3641 5300 il-

404 5352 527 5412 lam
563 5359 624 5412 ct
658 5352 896 5426 zelum,
926 5353 1038 5430 qui
1075 5359 1392 5430 provectae
1428 5352 1559 5431 jam
1594 5352 1797 5414 aetatis
1830 5352 2393 5432 archiepiscopum
2427 5352 2673 5426 deceat,
2728 5351 2858 5423 vix,
2899 5368 2972 5412 ac
3005 5369 3085 5414 ne
3139 5349 3242 5410 vix
3285 5348 3535 5429 quidem
3576 5342 3640 5400 in

402 5449 520 5511 illo
545 5451 1012 5528 deprehendet.
1048 5457 1121 5515 Et
1151 5471 1306 5516 sane
1329 5455 1974 5534 archiepiscOpumne
2001 5462 2062 5516 et
2096 5471 2225 5516 non
2257 5455 2470 5531 potius
2493 5453 3016 5532 sophistamillud
3051 5469 3180 5531 prae
3203 5469 3272 5513 se
3291 5451 3456 5540 ferre
3481 5443 3654 5506 vide-

403 5563 528 5624 tur,
563 5557 736 5630 quod
771 5557 840 5617 in
877 5565 1046 5619 tanta
1084 5557 1496 5636 imperatoris
1532 5561 1747 5622 laetitia
1781 5578 1907 5622 non
1943 5560 2456 5624 ecclesiasticum
2494 5558 2854 5638 quidpiam,
2897 5575 3013 5620 seu
3062 5557 3367 5626 Ecclesiae
3416 5551 3633 5616 utilita-

400 5658 530 5709 tem
563 5653 942 5730 respiciens,
971 5655 1087 5715 sed
1119 5656 1509 5733 saphisticcn
1543 5664 1812 5730 tantum,
1860 5658 1979 5720 hoc
2005 5668 2126 5729 est,
2158 5659 2504 5718 oratoriam
2529 5675 2599 5719 ac
2617 5657 3031 5736 philologiam
3061 5657 3259 5720 semel
3295 5659 3634 5729 iterumque

407 5755 816 5816 tommendet
841 5760 868 5815 ?
901 5756 1199 5835 Sophiste
1224 5758 1445 5836 igitur,
1489 5775 1600 5822 seu
1643 5758 1967 5836 professor
2002 5758 2379 5831 rhetorices,
2413 5759 2526 5835 qui
2563 5767 2692 5819 tum
2729 5758 3022 5820 ﬂoruerit
3068 5751 3626 5831 Constantinopoli.

399 5850 594 5931 hujus
617 5864 840 5918 auctor
874 5856 1166 5920 Encomii
1197 5873 1338 5920 esse
1373 5859 1647 5922 videtur.
1683 5859 1998 5936 Equidem
2035 5860 2090 5920 si
2121 5878 2151 5920 ει
2195 5857 2674 5936 Theophylacto
2731 5865 2954 5921 uestro
3006 5858 3216 5920 adhuc
3252 5859 3480 5932 iuvene
3522 5849 3626 5912 ha-
