3860 6546
188 495 303 566 469
1035 499 1115 560 ΙΝ
1142 499 1571 572 SEQUENTIA
1602 501 2183 564 THEOPHYLACTI
2231 504 2573 565 SCRIPTA.
3321 498 3428 561 470

191 614 324 675 bita
354 611 588 676 fuisset
615 609 832 675 isthtec
866 612 1097 688 oratio,
1150 631 1298 693 quas
1335 632 1532 694 supra
1577 617 1940 689 attulimus,
1995 616 2246 678 nullum
2284 615 2614 695 negotium
2659 612 3049 676 facesserent
3080 634 3094 675 :
3128 627 3274 674 nam
3314 611 3434 673 ali-

186 715 450 794 quando
482 729 562 777 eo
595 707 860 778 munere
887 712 1208 787 functum,
1237 731 1381 778 cum
1419 734 1498 778 ex
1532 718 1682 780 aliis
1717 718 2174 790 monumentis,
2209 724 2342 779 tum
2378 719 2727 795 praisertim
2759 731 2838 776 ex
2874 714 3156 778 secunda
3187 731 3262 774 ex
3294 712 3437 791 epi-

189 812 381 875 stolis
419 813 556 874 illis
585 814 847 894 viginti,
879 831 1040 894 quas
1072 831 1246 877 nunc
1271 815 1550 894 primum
1595 820 1660 879 in
1701 817 1912 881 lucem
1942 819 2322 892 emittimus,
2369 818 2523 880 satis
2558 816 2886 896 explorata
2929 831 3032 877 res
3083 823 3181 877 est
3202 814 3310 893 (a).
3354 814 3434 875 At

185 911 676 992 Theciphylacto
701 916 834 995 jam
871 917 1262 993 senescenti,
1295 924 1358 980 et
1386 935 1418 980 a
1457 917 1756 997 pluribus
1787 920 1974 982 annis
2006 919 2427 997 amplissimas
2479 917 2782 980 Ecclesia)
2825 916 3127 996 regimini
3178 915 3434 977 addicto

184 1029 378 1090 quam
415 1033 639 1094 parum
669 1018 790 1080 ista
829 1017 1243 1091 conveniant,
1285 1033 1478 1080 nemo
1518 1033 1646 1080 non
1682 1018 1879 1080 videt.
1918 1018 2090 1080 Alias
2124 1035 2275 1080 vero
2298 1019 2593 1080 Encomii
2630 1017 2824 1096 hujus
2854 1021 3179 1078 auctorem
3211 1015 3431 1094 sophi-

182 1121 297 1172 sta
323 1123 390 1176 et
421 1115 808 1180 scholarchw
837 1134 1074 1180 munus
1105 1118 1335 1183 eodem
1367 1127 1680 1198 tempore,
1722 1135 1855 1199 quo
1905 1119 2066 1180 illud
2104 1119 2360 1198 publica
2402 1120 2712 1195 recitavit,
2763 1120 3160 1186 exercuisse.
3213 1124 3431 1195 aperte

182 1209 524 1292 colligitur
550 1215 703 1294 (nisi
735 1231 876 1276 mea
908 1231 1008 1276 me
1036 1214 1202 1277 fallit
1231 1216 1482 1298 opinio)
1515 1234 1594 1278 ex
1626 1217 1840 1279 verbis
1872 1217 2051 1280 illius
2091 1219 2455 1297 postremis,
2489 1220 2733 1296 quibus
2765 1236 2919 1282 suos
2951 1219 3037 1280 ita
3071 1217 3430 1297 discipulos

181 1309 434 1386 ipsum,
463 1320 531 1374 ut
560 1314 845 1390 videtur,
869 1315 1361 1380 circumstantes
1387 1317 1744 1397 alloquitur
1776 1335 1792 1379 :
1833 1318 1916 1380 At
1945 1338 2092 1381 vero
2127 1338 2236 1400 ego
2268 1319 2538 1400 quidem,
2571 1340 2605 1382 o
2639 1326 2850 1402 pueri,
2895 1319 3114 1382 debita
3155 1320 3429 1398 impera-

180 1416 313 1474 tori
334 1423 562 1476 nostra
592 1419 816 1496 faustas
837 1423 1226 1498 precationis
1255 1441 1328 1483 ac
1359 1421 1567 1484 laudis
1598 1424 1732 1485 tela
1762 1433 2001 1486 stamen
2018 1427 2154 1506 jam
2180 1427 2372 1504 posui
2391 1447 2410 1494 ;
2432 1445 2542 1487 vos
2573 1425 2932 1504 subtegmen
2979 1423 3258 1504 adjicite.
3297 1421 3432 1499 Ego

181 1513 365 1574 vobis
425 1523 621 1574 artem
658 1523 1028 1594 monstravi,
1077 1540 1200 1602 qua
1231 1521 1583 1600 elegantius
1627 1523 1806 1602 picta
1833 1532 2016 1602 atque
2042 1525 2395 1604 perfectior
2436 1523 2560 1585 tela
2602 1524 2734 1602 ﬁat.
2777 1525 3088 1586 Cteterum
3137 1519 3259 1581 etsi
3303 1519 3435 1580 haec

179 1617 405 1678 omnia
455 1619 896 1695 suspicionem
929 1622 1214 1701 aliquam
1267 1623 1566 1702 ingerere
1598 1621 1852 1702 possint
1901 1624 1980 1684 de
2013 1641 2317 1703 germano
2367 1625 2679 1686 orationis
2721 1623 2916 1704 hujus
2947 1629 3242 1693 auctore,
3286 1619 3434 1699 jure

179 1721 400 1778 tamen
436 1718 902 1796 impedimento
961 1721 1148 1783 nobis
1203 1739 1346 1784 esse
1403 1739 1533 1785 non
1569 1723 1827 1798 debent,
1881 1724 2230 1803 quominus
2267 1717 2501 1787 in’hoc
2552 1723 2883 1786 volumine
2940 1739 3065 1785 una
3115 1737 3257 1783 cum
3295 1718 3435 1780 aliis

181 1815 648 1899 TheOphylacti
689 1821 991 1899 Operibus
1040 1823 1260 1885 edatur
1328 1845 1343 1883 :
1384 1823 1704 1885 malumus
1752 1824 1924 1885 enim
1975 1822 2284 1886 incertum
2324 1823 2420 1884 illi
2473 1824 2671 1886 fetum
2699 1824 3002 1903 :tribticre
3041 1836 3232 1900 quam
3273 1817 3434 1880 forte

180 1912 557 1996 legitimum
591 1920 951 1985 detrahere.

1595 2066 1881 2128 SEC'I‘IO
1942 2069 2023 2128 Χ.

706 2241 720 2248 “
804 2232 892 2292 De
915 2231 1224 2312 Epistolis
1252 2235 1482 2314 viginti
1502 2252 1717 2295 recens
1749 2235 1948 2297 eratis
1981 2253 2062 2296 ea:
2091 2234 2466 2297 bibliotheca
2501 2233 2822 2295 Vaticana.

259 2371 468 2434 XLII.
503 2373 921 2438 Solertissimi
950 2377 1254 2440 editionis
1289 2378 1484 2457 hujus
1506 2384 1832 2441 curatores
1883 2394 2026 2440 cum
2063 2377 2366 2456 epistolas
2412 2377 2724 2458 quasdam
2763 2374 3040 2437 ineditas
3091 2373 3437 2452 TheOpby-

187 2466 340 2532 lacti
377 2475 580 2537 nostri
617 2475 682 2537 in
715 2475 1104 2540 bibliotheca
1143 2478 1444 2541 Vaticana
1471 2477 1666 2540 latere
1692 2477 2123 2552 inaudissent,
2155 2493 2264 2539 eas
2295 2476 2422 2539 sibi
2456 2474 2889 2554 procurandas
2935 2475 3203 2536 omnino
3251 2479 3440 2551 puta-

183 2578 368 2645 runt,
403 2589 482 2633 ne
517 2571 647 2634 ulla
677 2590 755 2634 ex
789 2584 963 2650 parte
1012 2575 1349 2638 imminuta
1402 2575 1686 2654 prodiret
1730 2591 2014 2652 praesens
2048 2574 2275 2637 editio.
2314 2574 2462 2637 Voti
2499 2581 2826 2653 compotes
2858 2573 3068 2636 effecti
3100 2571 3284 2635 fuere
3312 2570 3440 2632 hu-

185 2671 494 2734 manitate
538 2661 786 2736 summa
817 2673 1222 2737 celeberrimi
1257 2675 1377 2737 viri
1405 2675 1667 2753 Josephi
1699 2674 1929 2738 Evodii
1955 2673 2319 2748 Assemani,
2350 2673 2640 2754 ejusdem
2675 2671 3085 2737 bibliothecae
3128 2669 3434 2749 prmfecti,

187 2772 311 2848 qui
347 2771 576 2850 viginti
611 2774 912 2852 epistolas
945 2793 1024 2838 ex
1056 2776 1355 2854 pluribus
1387 2775 1686 2839 collectas
1717 2775 2292 2855 codicibus,atque
2321 2774 2567 2854 Optimo
2597 2773 2962 2838 charactere
2987 2780 3282 2836 exaratas
3310 2771 3437 2833 huc

195 2870 407 2945 misit,
443 2881 575 2935 uta
611 2873 798 2935 nobis
850 2875 1356 2952 producerentur
1394 2875 1462 2938 in
1494 2875 1728 2938 lucem.
1779 2876 1900 2936 Eas
1939 2875 2151 2954 reipsa
2195 2872 2399 2937 fuisse
2428 2888 2464 2936 a
2493 2871 2974 2952 Theophylacto
3019 2872 3438 2952 conscriptas,

189 2968 422 3031 nullus
469 2988 612 3036 esse
648 2973 902 3036 videtur
952 2973 1319 3052 ambigendi
1360 2973 1576 3048 locus;
1607 2989 1748 3036 cum
1783 2979 1844 3036 et
1883 2973 2130 3036 diserte
2177 2972 2516 3053 prmferant
2564 2970 3031 3050 TheOpbylacti
3081 2986 3343 3042 nomen,
3377 2977 3440 3030 et

188 3075 497 3136 eumdem
533 3076 773 3155 stylum
813 3076 1200 3155 easdemque
1231 3075 1432 3139 ferme
1464 3092 1589 3151 res,
1624 3091 1787 3157 quas
1817 3075 1961 3138 alite
1991 3080 2121 3155 jam
2146 3075 2361 3150 editae,
2389 3073 2784 3138 contineant.
2815 3073 3028 3148 Quare
3062 3072 3156 3136 nil
3213 3069 3443 3134 dubito

191 3177 554 3256 quominus
609 3178 845 3244 futuras
886 3180 1016 3242 sint
1061 3179 1308 3242 Lectori
1348 3180 1747 3260 gratissimae.
1783 3179 2103 3243 Peculiari
2150 3185 2363 3242 tamen
2403 3177 2730 3256 voluptate
2777 3192 2928 3240 eum
2980 3189 3266 3254 auguror
3302 3170 3443 3235 atii-

190 3283 499 3346 ciendum
537 3301 612 3346 ex
646 3285 942 3364 epistolis
969 3283 1220 3346 decima
1249 3284 1804 3360 septima,decima
1833 3293 2079 3358 octava,
2121 3290 2184 3344 et
2215 3281 2466 3346 decima
2500 3297 2694 3355 nona,
2729 3295 2875 3359 quae
2911 3276 3202 3340 eamdem
3229 3272 3439 3337 conti-

193 3403 400 3448 nuare
433 3387 670 3448 seriem
702 3387 1004 3448 videntur
1033 3402 1178 3449 cum
1208 3375 1529 3448 tricesima
1574 3384 1860 3448 secunda
1891 3401 1968 3446 ex
1997 3383 2194 3445 editis
2225 3399 2262 3444 a
2301 3381 2587 3443 Meursio
2616 3401 2631 3440 :
2664 3380 2774 3442 ubi
2802 3385 2865 3441 et
2887 3375 3441 3455 TheOphylactum

194 3487 554 3564 perspicies
579 3489 1022 3550 auctoritatem
1056 3505 1236 3550 suam
1271 3488 1337 3550 in
1361 3489 1739 3566 episcOpum
1773 3484 2111 3547 Triaditzaa
2138 3488 2570 3555 exercentem,
2604 3495 2749 3543 cum
2782 3475 3174 3541 humanitate
3207 3481 3442 3545 tamen,

197 3603 349 3670 qum
385 3588 691 3651 Ecclesiae
720 3591 1072 3653 antistitem
1101 3591 1309 3666 decet,
1347 3591 1782 3670 coniunctam.
1810 3587 1898 3650 Ex
1931 3585 2215 3648 secunda
2248 3597 2402 3644 vero
2427 3581 2729 3658 inscripta
2756 3576 2994 3640 Joanni
3023 3574 3278 3638 Sebasto
3305 3573 3444 3634 Au-

205 3668 412 3764 °gustaz
453 3692 674 3770 fratri,
725 3690 1188 3769 deprehendet,
1235 3689 1404 3751 haud
1465 3668 1709 3752 certum
1755 3703 1898 3750 esse
1944 3687 2040 3761 (ut
2093 3683 2296 3761 aliqui
2343 3678 2590 3760 putant)
2638 3675 3189 3757 TheOphylactum
3243 3673 3444 3752 patria

204 3787 993 3868 Constantinopolitanum
1023 3786 1258 3852 fuisse.
1292 3791 1364 3851 In
1397 3805 1469 3851 ea
1501 3788 1826 3868 siquidem
1862 3783 2359 3861 consanguineos
2418 3787 2477 3838 et
2507 3779 2726 3858 afﬁnes
2761 3794 2932 3850 suos,
2963 3775 3073 3854 qui
3102 3775 3169 3835 in
3197 3773 3443 3851 Euripo

198 3897 376 3960 sunt,
413 3889 691 3967 principi
729 3890 867 3952 vi'ro
898 3889 1380 3962 commendans,
1419 3903 1546 3950 non
1580 3886 1855 3948 obscure
1878 3883 2218 3962 significat,
2253 3897 2321 3942 se
2352 3893 2617 3958 quoque
2643 3893 2721 3937 ex
2756 3875 2896 3935 loco
2928 3873 3180 3946 eodem,
3221 3872 3444 3949 proin-

199 3988 418 4065 deque
450 4007 529 4050 ex
559 3987 789 4050 Euboea
819 3989 1172 4050 oriundum
1205 4005 1348 4050 esse
1384 4008 1402 4061 ;
1436 3986 1607 4068 quod
1634 3983 1964 4064 colligitur
1992 3981 2182 4043 etiam
2212 3996 2290 4040 ex
2319 3975 2640 4049 versibus,
2675 3990 2842 4054 quos
2871 3971 3210 4036 Patavinus
3240 3973 3300 4033 S.
3329 3973 3447 4032 Ju-

200 4086 392 4147 stina:
422 4087 620 4149 codex
649 4087 1124 4150 vetustissimus
1154 4087 1465 4158 continet;
1492 4101 1790 4164 quosque
1825 4081 2041 4143 Latine
2075 4077 2367 4143 redditos
2398 4090 2591 4153 supra
2623 4072 2804 4154 (tom.
2835 4074 2886 4145 I,
2911 4073 3034 4134 col.
3075 4071 3218 4150 137)
3251 4085 3450 4149 appo~

202 4186 457 4246 n‘endos
497 4186 635 4263 ipse
668 4188 905 4249 curavi.
943 4187 1014 4248 In
1040 4185 1190 4248 aliis
1225 4184 1522 4263 epistolis
1552 4185 1745 4245 rudes
1779 4188 2197 4259 agrestesque
2226 4177 2650 4255 Bulgarorum
2686 4187 2922 4244 mores,
2956 4171 3069 4252 qui
3097 4181 3231 4232 tum
3265 4170 3444 4248 vige-

201 4285 379 4355 bant,
411 4284 710 4363 graphice
745 4285 1089 4363 lepideque
1112 4282 1472 4360 descriptos
1510 4299 1545 4344 a
1576 4278 2060 4358 Theophylacto
2106 4280 2332 4339 Lector
2363 4273 2647 4337 odendet
2680 4291 2698 4332 :
2729 4271 2844 4352 qui
2874 4278 2938 4332 et
2978 4269 3256 4347 querulo
3304 4267 3446 4331 seni

203 4383 651 4463 hyperbolicis
684 4385 1074 4465 quandoque
1109 4381 1455 4463 phrasibus
1485 4397 1629 4444 cum
1671 4380 1790 4442 hac
1835 4379 1903 4440 in
1941 4397 2032 4453 re,
2067 4385 2202 4440 tum
2237 4375 2306 4437 in
2354 4371 2503 4435 aliis
2535 4369 3001 4434 calamitatibus
3033 4367 3447 4445 deplorandis

205 4483 420 4545 utenti
453 4484 734 4559 veniam,
793 4495 861 4548 ut
910 4487 1211 4561 arbitror,
1245 4485 1443 4548 dabit.
1483 4483 1708 4558 Quoad
1766 4482 2033 4562 primam
2077 4478 2230 4542 vero
2260 4477 2486 4540 attinet
2523 4475 2828 4537 adnotare
2879 4470 2986 4531 hic
3033 4469 3236 4542 lubet,
3273 4469 3448 4548 quod

207 4585 506 4664 postejus
541 4585 1029 4664 impressionem
1058 4585 1449 4649 accuratiore
1481 4584 1826 4647 collatione
1861 4579 2288 4659 deprehendi,
2325 4593 2556 4654 nempe
2591 4590 2729 4636 eam
2757 4580 2995 4650 partem
3029 4571 3444 4649 posteriorem

203 4684 416 4749 facere
470 4687 760 4764 epistolas
805 4688 1106 4750 secunda;
1149 4703 1230 4749 ex
1272 4675 1464 4748 editis
1493 4701 1527 4747 a
1557 4687 1803 4747 Joanne
1843 4682 2042 4755 Lami,
2108 4695 2251 4760 quatI
2316 4676 2622 4752 inscripta
2665 4679 2764 4735 est
2803 4672 3031 4750 Magno
3081 4670 3440 4735 domestico.

209 4786 799 4851 Animadvertenda
830 4802 985 4848 vero
1017 4793 1114 4849 est
1146 4785 1397 4849 varians
1437 4786 1624 4848 lectio
1655 4783 1854 4847 unius
1886 4781 2085 4854 vocis,
2117 4794 2263 4861 qum
2293 4781 2498 4838 exstat
2527 4772 2594 4834 in
2615 4769 2924 4864 .Lamiana
2969 4768 3257 4832 editione
3287 4787 3302 4831 :
3333 4769 3442 4832 ubi

211 4907 323 4968 pro
356 4897 530 4963 νῖκος,
561 4889 854 4956 victoria,
887 4885 1060 4967 quod
1093 4887 1330 4967 legitur
1366 4888 1430 4949 in
1467 4885 1762 4966 praedicta
1795 4883 2003 4963 prima
2026 4879 2322 4961 epistola,
2354 4873 2520 4938 inibi
2553 4871 2826 4935 habetur
2853 4870 3052 4943 νεῖκος,
3087 4869 3402 4931 contentio
3427 4889 3447 4929 :

212 5008 403 5069 quam
438 4989 778 5051 lectionem
818 4989 1002 5051 alteri
1055 4987 1536 5066 prieferendam,
1589 4988 1719 5049 imo
1772 4985 1972 5046 solam
2014 4997 2225 5045 veram
2277 4994 2423 5041 esse
2473 4982 2628 5055 puto
2659 4993 2676 5032 :
2705 4971 2950 5052 quippe
2993 4986 3138 5070 quas
3181 4987 3470 5070 sensum.

212 5067 416 5151 multo
463 5086 797 5150 meliorem
829 5088 1273 5169 aptioremque
1305 5088 1540 5151 fundit.
1586 5087 1894 5148 Caeterum
1927 5083 2120 5145 etiam
2154 5079 2456 5143 Lamiana
2491 5071 2698 5138 editio
2726 5069 2944 5134 ex-illa
2972 5067 3095 5129 alia
3120 5067 3352 5145 corrigi
3384 5075 3446 5128 et

213 5189 504 5268 suppleri
537 5188 950 5269 aliquatenus
987 5199 1216 5269 potest,
1254 5198 1318 5254 ut
1353 5191 1708 5254 conferenti
1744 5187 2002 5268 patebit.
2398 5258 2407 5266 .

287 5290 512 5350 XLIII.
565 5290 660 5349 An
698 5287 989 5366 epistolae
1024 5290 1167 5351 alim
1197 5289 1488 5369 ejusdem
1535 5290 1816 5351 auctoris
1848 5287 2113 5350 inedita)
2155 5283 2365 5347 adhuc
2391 5281 2641 5343 latitent
2676 5276 2742 5339 in
2789 5269 3226 5346 bibliothecis,
3259 5272 3445 5336 nobis

214 5385 404 5469 plane
435 5389 932 5465 incompertum.
971 5389 1110 5464 Hoc
1152 5388 1300 5468 jure
1345 5389 1590 5467 optimo
1622 5405 1910 5450 asserere
1943 5399 2312 5466 possumus,
2345 5380 2511 5444 nulli
2545 5375 2850 5458 percitum
2903 5389 3046 5434 esse
3092 5371 3320 5462 labori,
3351 5380 3445 5445 ut,

219 5489 271 5548 si
303 5505 450 5567 quas
475 5495 718 5562 essent,
752 5489 1266 5568 producerentur
1300 5491 1366 5551 in
1394 5479 1625 5551 lucem.
1661 5489 1874 5563 Quare
1899 5503 2044 5549 cum
2077 5486 2142 5547 in
2182 5485 2495 5545 librorum
2534 5495 2686 5540 mss.
2722 5473 3004 5551 catalogo
3050 5471 3451 5536 bibliothecas

178 5585 496 5672 gnublicaa
545 5590 939 5662 Augustanaa
973 5586 1296 5664 legissem,
1350 5587 1440 5648 ibi
1479 5587 1765 5648 codicem
1813 5583 2086 5664 reperiri
2125 5577 2586 5659 Theophylacti
2638 5569 2941 5654 epistolas
2988 5570 3453 5647 continentem,

174 5671 190 5718 ,
2635 5671 2650 5687 .

289 5768 366 5838 (ιι)
395 5768 525 5825 Hac
560 5769 706 5824 enim
740 5783 807 5824 eo
833 5770 935 5824 loci
965 5771 1124 5824 verba
1153 5768 1343 5823 habet:
1376 5767 1470 5830 Τις
1499 5766 1544 5821 δ’
1575 5767 1640 5822 ἄν
1689 5783 1778 5835 μοι

1919 5768 2179 5838 πλήρωσα
2205 5780 2222 5831 ;
2251 5765 2384 5829 Quis
2413 5761 2542 5838 _mihi
2571 5762 2834 5838 rlietorum
2854 5756 3160 5838 aajuuxerit
3211 5760 3443 5821 deorum,

222 5831 467 5910 ρηλτᾷρων
501 5839 660 5909 χορὸν
692 5839 1108 5910 σρνεκρότησεν.
1143 5838 1456 5910 ἵναςορτων
1481 5831 1746 5910 κορυφαῖα)

1925 5851 1940 5891 t
1984 5831 2195 5910 illorunt
2244 5831 2546 5902 coryphtcus
2582 5831 2793 5910 jactus,
2835 5841 2890 5910 ut
2931 5831 3056 5882 olim
3098 5845 3306 5884 eram...
3342 5844 3444 5882 una

221 5901 532 5978 γινόξὶενοςῖ
555 5901 689 5981 ὅπερ
716 5906 782 5979 ἦν
807 5901 993 5964 τό’τε..ί
1020 5910 1170 5979 κοινῇ
1197 5909 1294 5978 τὴν
1319 5901 1745 5978 inrumpet—ista

1503 5901 1775 5977 ίνάορείαν
1885 5923 2001 5963 cum
2026 5907 2099 5959 eis
2125 5901 2362 5957 choreae)
2395 5901 2679 5960 oratoriam
2716 5901 3027 5954 uersoivam.
