3860 6552
435 481 539 551 m
1475 482 1859 544 nomnen
1899 483 2205 544 mnam
2246 462 2642 546 PR/EFATIO
3562 479 3651 546 L12

437 612 794 676 earumque
828 594 1240 674 penultimam
1273 600 1340 656 ut
1374 595 1680 658 ineditam
1717 596 1946 667 notari.
1989 595 2328 657 confestim
2361 595 2591 672 scripsi
2631 592 2707 655 ad
2742 591 2823 655 cl.
2862 590 3070 654 virum
3103 607 3176 653 ac
3204 589 3387 654 dicta
3429 589 3650 655 biblio-

437 697 638 760 theca)
665 697 999 759 custodem
1046 695 1504 774 dignissimum
1538 695 1904 760 Gotfridum
1952 697 2411 776 Heckingium,
2461 712 2692 775 rogans
2726 703 2796 756 ut
2827 695 2906 756 de
2958 711 3030 756 ea
3087 693 3355 771 epistola
3390 695 3652 756 notitiam

438 797 595 858 mihi
630 797 914 875 aliquam
942 794 1373 857 submitteret.
1411 799 1490 857 At
1523 797 1637 859 ille
1669 814 1797 860 non
1834 799 2022 860 modo
2055 798 2298 877 absque
2331 813 2508 859 mora
2541 811 2847 874 perquam
2875 794 3151 857 humane
3189 793 3534 871 rescripsit,
3559 794 3652 855 sed

433 900 641 977 ipsam
675 900 868 962 etiam
900 898 1271 978 epistolam,
1304 899 1383 962 de
1415 917 1541 979 qua
1573 901 1808 962 certior
1840 901 1975 962 ﬁeri
2021 902 2436 979 exOptabam.
2469 907 2759 962 accurate
2807 899 3149 978 nitidaque
3179 893 3555 972 descriptam
3589 895 3652 955 ad

435 1014 550 1059 nos
583 996 958 1058 transmisit.
998 996 1124 1059 Vix
1152 1014 1224 1059 ea
1269 1007 1523 1076 accepta
1553 998 1979 1077 deprehendi,
2011 1015 2141 1060 non
2173 1017 2207 1061 a
2240 999 2726 1077 TheOphylacto
2758 998 3175 1075 Bulgarorum
3207 995 3528 1072 episcoiio,
3561 992 3654 1056 sed

431 1099 510 1160 ab
531 1098 658 1160 alio
685 1098 1169 1178 TheOphylacto
1198 1099 1400 1162 fuisse
1432 1101 1883 1178 conscriptam,
1914 1101 2018 1163 cui
2049 1103 2376 1164 Simoenta:
2405 1117 2760 1181 cegnomen
2784 1107 2951 1170 erat;
2985 1099 3232 1178 quique
3262 1097 3418 1158 alias
3450 1114 3654 1175 quam-

435 1198 654 1276 plures
693 1199 760 1260 in
791 1215 1061 1261 suorum
1100 1200 1264 1262 forte
1297 1199 1766 1276 discipulorum
1801 1219 1989 1263 usum
2025 1201 2182 1281 (erat
2210 1203 2455 1282 quippe
2498 1199 2901 1279 professione
2933 1199 3242 1279 sophista,
3294 1215 3410 1258 seu
3446 1214 3655 1272 prace-

433 1306 574 1374 ptor
606 1297 988 1380 rhetorices)
1022 1299 1446 1363 elucubravit.
1482 1301 1658 1368 Hanc
1692 1309 1910 1379 utpote
1945 1301 2283 1376 ineditam,
2319 1314 2381 1364 et
2405 1302 2655 1382 alioqui
2687 1299 3164 1372 brevissimam,
3205 1298 3455 1360 veniam
3488 1296 3658 1358 lector

431 1396 720 1475 Optimus
751 1398 952 1473 dabit,
990 1400 1047 1462 si
1098 1399 1276 1463 velut
1309 1417 1620 1479 parergon
1668 1401 1788 1463 hoc
1827 1400 1952 1463 loci
1985 1419 2352 1480 apposuero
2381 1421 2507 1466 una
2540 1419 2686 1466 cum
2732 1400 3029 1462 versione
3061 1399 3283 1461 Latina
3316 1399 3380 1459 in
3417 1397 3656 1478 gratiam

432 1509 658 1557 eorum
691 1496 804 1575 qui
843 1495 1164 1575 ejusmodi
1206 1498 1444 1560 studiis
1476 1498 1900 1562 delectantur.
1935 1501 2042 1561 Est
2071 1517 2225 1563 vero
2254 1522 2270 1568 :

892 1662 1238 1719 Dtrmodocus
1268 1664 1550 1735 Antigono.

2531 1668 2892 1739 Δαιμόὸοκος
2938 1669 2995 1724 Ἀ
3004 1670 3272 1738 raram.

505 1774 562 1830 Si
597 1775 722 1830 vitae
755 1774 985 1850 pignora
1015 1773 1273 1832 Soerates
1311 1790 1427 1838 non
1450 1775 1718 1847 possidet,
1755 1778 2009 1850 pzedago-

2187 1781 2247 1833 El
2277 1779 2353 1851 μὴ
2392 1779 2508 1850 βίου
2545 1781 2842 1851 Σωκράτης
2881 1780 3114 1850 ἐνέχυρα
3167 1778 3454 1848 κέκτηται,
3497 1775 3665 1831 παιδα-

430 1883 533 1936 gus
572 1869 665 1922 lilii
697 1872 780 1923 tui
823 1885 929 1924 non
959 1871 1356 1926 constituatur.
1383 1870 1619 1942 Pignora
1661 1874 1780 1928 vita:
1809 1875 1954 1928 intell

2139 1871 2292 1940 ’ωγδς
2316 1871 2408 1924 τοῦ
2451 1869 2547 1924 σοῦ
2586 1872 2662 1941 μὴ
2709 1871 3143 1942 προχειριζὲσθω
3185 1869 3398 1932 παιδός.
3447 1867 3663 1936 Ἐνέχυ·

429 1969 630 2028 gantur
655 1960 770 2016 lilii.
803 1961 974 2027 Quem
1007 1962 1151 2016 enim
1180 1976 1303 2016 esse
1337 1972 1544 2031 patrem
1575 1973 1768 2018 natura
1799 1966 1953 2020 docui

2139 1980 2194 2016 )a
2221 1963 2278 2017 δὲ
2307 1964 2454 2028 βίου
2495 1964 2686 2028 παῖδες
2713 1963 3063 2018 νοεῖσθωσιν.
3099 1964 3196 2016 ⁸ον
3244 1963 3355 2033 γὰρ
3404 1957 3536 2013 εἶναι
3578 1977 3663 2012 m-

432 2051 580 2106 hnnc
626 2052 981 2123 paedagogum
1009 2068 1158 2120 esse,
1190 2062 1620 2110 consentaneum
1657 2064 1741 2111 est
1767 2075 1780 2109 :
1810 2057 1956 2128 quip]

2139 2055 2246 2126 ’ἐρα
2276 2055 2439 2125 φύσις
2471 2055 2700 2121 ἐδίδαξε,
2759 2055 2950 2110 τοῦτον
3001 2054 3098 2109 καὶ
3145 2051 3493 2122 παιδαγωγόν
3539 2052 3663 2104 ἐστιν

430 2145 535 2218 ψει,
572 2144 909 2215 experientia
946 2145 1100 2201 novit
1147 2145 1519 2218 generationis
1570 2145 1914 2205 aﬂ‘ectionem
1953 2180 1954 2191 ι

2139 2149 2449 2216 ιξιόπιστον,
2479 2149 2674 2216 πείραν
2713 2149 3056 2217 μανθάνοντα
3086 2148 3181 2201 καὶ
3209 2146 3480 2216 γενέσεως
3506 2143 3663 2214 σχέσιν

431 2233 639 2292 amoris
673 2233 916 2296 dolores.

2119 2238 2213 2293 καὶ
2252 2237 2486 2310 στοργῆς
2514 2237 2833 2309 ἀλγηδόνας.

1823 2424 2112 2489 SECTIO
2176 2426 2291 2488 Χῐ.

1066 2556 1155 2618 Bc
1183 2565 1503 2636 postrema
1525 2566 1714 2636 parte.
1740 2554 2011 2619 homilia:
2038 2553 2401 2628 undecima,
2420 2555 2500 2616 In
2522 2553 3080 2615 resurrectionem.

509 2675 736 2738 XLIV.
769 2678 928 2752 Quae
959 2678 1038 2740 de
1084 2677 1203 2740 hac
1238 2687 1557 2757 postrema
1606 2685 1780 2756 parte
1832 2674 2119 2737 homiliaa
2164 2674 2635 2753 Theophylacti
2684 2673 2954 2736 dicenda
2996 2671 3101 2733 hic
3153 2669 3309 2732 mihi
3359 2668 3578 2738 forent,
3605 2663 3660 2726 in

429 2773 914 2840 Dissertationis
953 2779 1206 2857 praevia
1241 2797 1422 2841 num.
1489 2781 1536 2840 L
1577 2783 1707 2858 jam
1764 2784 2204 2857 prmoccupata
2251 2775 2463 2836 fuere.
2494 2775 2706 2847 Quare
2757 2775 2861 2837 hic
2915 2773 3128 2836 solum
3184 2773 3526 2838 admoneo,
3576 2783 3660 2828 me

431 2875 758 2955 quidquid
789 2894 868 2938 ex
899 2876 1168 2940 historia
1214 2877 1482 2940 Eusebii
1517 2877 1884 2938 derivatum
1914 2875 1984 2937 in
2025 2891 2165 2937 eam
2197 2882 2320 2946 est,
2352 2890 2497 2935 cum
2528 2873 2806 2951 ipsomet
2835 2871 3015 2936 fonte
3047 2869 3432 2943 contulisse,
3475 2882 3661 2945 eoque

431 2975 560 3035 mei
592 2978 982 3055 exemplaris
1032 2977 1374 3058 supplesse
1405 2977 1724 3052 defectus,
1774 2985 1968 3056 atque
2012 2977 2205 3038 etiam
2257 2973 2573 3035 variantes
2629 2973 2938 3036 lectiones
2973 2971 3280 3051 pauculas
3336 2970 3655 3032 addidisse.

433 3073 651 3136 Codex
682 3074 1564 3150 Cmsareo-Vindobenensis,
1594 3077 1767 3137 unde
1799 3075 1932 3137 haec
1962 3070 2250 3135 humilia:
2282 3073 2636 3135 undecimae
2667 3089 2809 3144 pars
2839 3072 3174 3147 desumpta
3207 3078 3333 3142 est,
3367 3071 3661 3147 integrum

433 3173 721 3236 continet
750 3174 1228 3246 Homiliarium,
1258 3191 1376 3235 seu
1411 3175 1475 3235 in
1509 3174 1708 3236 totius
1739 3172 1893 3236 anni
1928 3171 2282 3250 Evangelia
2314 3171 2647 3249 decerptas
2681 3189 2756 3233 ex
2804 3170 3002 3231 variis
3034 3169 3333 3231 Patribus
3367 3163 3659 3230 homiiias.

433 3274 529 3332 Ex
563 3288 692 3348 quo
729 3271 886 3332 mihi
920 3272 1104 3334 valde
1141 3270 1506 3335 veresimile
1558 3273 1645 3345 ﬁt,
1703 3290 1876 3345 eum,
1909 3274 2020 3352 qui
2063 3272 2435 3350 praedictum
2475 3269 2884 3334 concinnavit
2926 3269 3408 3342 Homiliarium,
3444 3273 3663 3346 postre-

435 3385 603 3432 mam
641 3371 804 3438 hanc
832 3371 1121 3435 homilim
1151 3373 1514 3436 undecimae
1560 3379 1800 3451 partem
1834 3389 1962 3435 suo
1987 3371 2315 3434 addidisse
2345 3372 2675 3444 arbitratu,
2723 3378 2795 3432 ut
2825 3386 3113 3432 errorem
3145 3367 3326 3444 vulgi
3381 3368 3444 3427 in
3490 3360 3663 3440 patria

435 3487 550 3532 sua
580 3469 776 3532 nimis
806 3470 970 3534 forte
1008 3472 1325 3552 vigentem
1353 3474 1431 3535 de
1462 3476 1708 3535 Joanne
1739 3474 1807 3535 in
1833 3475 1959 3536 vita
1996 3473 2205 3536 adhuc
2231 3474 2606 3550 superstite,
2631 3471 2900 3534 omnino
2925 3470 3177 3532 tolleret
3209 3477 3271 3529 et
3295 3464 3660 3529 eliminaret.

433 3570 590 3633 Ideo
623 3579 836 3663 autem
869 3591 1041 3637 nunc
1063 3575 1278 3637 editur
1300 3575 1432 3637 hate
1464 3575 1750 3637 humilia;
1770 3592 1936 3654 pars,
1961 3574 2110 3652 quia
2144 3574 2566 3636 constitutum
2603 3572 2790 3635 nobis
2821 3583 2939 3639 est,
2975 3569 3132 3636 nihil
3165 3569 3229 3630 in
3263 3567 3387 3630 hac
3414 3562 3662 3628 editione

437 3670 614 3748 quod
653 3672 1122 3754 Theophylacti
1159 3677 1424 3744 nomine
1461 3674 1847 3756 inscriptum
1881 3677 1990 3750 sit,
2029 3677 2383 3756 praeterire.

1819 3802 2106 3864 SECTIO
2143 3802 2289 3862 XII.

771 3926 862 3985 De
897 3925 1357 3994 Commentario
1382 3927 1451 3988 in
1476 3927 1634 3989 Acta
1662 3927 2094 4006 apostolorum
2127 3946 2208 3989 ca:
2240 3925 2616 3987 bibliotheca
2638 3923 3358 3987 Florentino-Mediam.

517 4043 716 4105 XLV.
747 4045 1216 4126 TheOphylacti
1251 4047 1750 4110 Commentarius
1782 4049 1848 4110 in
1884 4048 2046 4110 Acta
2076 4049 2510 4126 apostolorum
2542 4064 2578 4108 a
2602 4045 2824 4108 Sil‘ano
2856 4045 3072 4108 editus
3099 4047 3263 4107 adeo
3299 4060 3491 4107 rarus
3532 4054 3663 4104 eva-

437 4143 548 4218 sit,
579 4152 651 4204 ut
683 4161 827 4207 cum
861 4146 1172 4209 editionis
1204 4147 1402 4228 hujus
1433 4157 1762 4211 curatores
1792 4165 1942 4210 eum
1976 4148 2087 4209 diu
2128 4146 2614 4227 qumsivissent,
2653 4145 2951 4210 invenire
2984 4144 3214 4206 nullibi
3249 4144 3536 4207 venalem
3569 4157 3663 4218 po-

440 4239 713 4302 tuerint.
759 4241 945 4317 Quod
993 4243 1048 4304 si
1098 4261 1247 4306 eum
1301 4245 1652 4324 aliquando
1701 4245 1867 4308 nacti
1896 4254 2075 4321 sunt,
2108 4263 2188 4308 ex
2231 4245 2472 4310 Grmcia
2522 4244 2769 4322 duplici
2823 4245 3137 4307 editionis
3175 4243 3374 4323 hujus
3429 4257 3664 4318 corpore

437 4349 969 4405 commutandum
1005 4355 1410 4424 receperunt.
1445 4348 1696 4408 Interea
1728 4347 1881 4409 dum
1906 4347 2158 4426 jamdiu
2190 4361 2732 4424 supervacaneam
2766 4346 2975 4407 eidem
3003 4343 3490 4424 quomodolibet
3512 4355 3663 4403 com-

441 4443 724 4519 parando
753 4450 1097 4506 navassent
1127 4460 1414 4521 operam,
1449 4445 1662 4523 deque
1685 4444 1872 4507 exitu
1893 4443 2136 4523 negotii
2164 4443 2360 4522 hujus
2386 4442 2702 4504 haererent
2732 4441 2990 4514 incerti,
3025 4443 3094 4504 in
3127 4459 3268 4504 eam
3305 4440 3666 4502 sententiam

436 4545 702 4602 ventum
741 4547 859 4610 est,
901 4546 970 4601 ut
997 4539 1138 4618 ejus
1165 4519 1632 4618 apographum,
1664 4539 1778 4620 qui
1809 4540 1877 4600 in
1924 4519 2302 4601 Florentino
2343 4538 2560 4601 codice
2587 4538 2909 4616 reperitur
2938 4538 3349 4600 bibliotheca)
3378 4537 3667 4600 Medicae-

437 4638 916 4709 Laurentianm,
949 4655 1278 4718 quemque
1305 4641 1790 4720 'l‘heOphylacto
1811 4639 2075 4701 ascribit
2106 4637 2643 4701 Montefalconius
2677 4638 2745 4700 in
2780 4656 2897 4700 sua
2938 4638 3336 4703 Bibliotheca
3359 4634 3665 4698 bibliothe-

439 4757 686 4814 carum,
713 4738 836 4802 sibi
880 4743 1357 4818 procurandum
1395 4741 1852 4814 existimarint,
1886 4740 2028 4814 rati,
2065 4741 2364 4825 eumdem
2395 4738 2662 4802 omnino
2689 4756 2832 4801 esse
2864 4758 3009 4803 cum
3035 4757 3114 4803 eo
3144 4741 3261 4819 qui
3293 4741 3504 4802 editus
3531 4754 3560 4798 a
3588 4733 3667 4796 Si.

437 4842 593 4904 fano
631 4849 727 4903 est
761 4864 776 4903 :
816 4851 1010 4920 atque
1042 4843 1229 4917 adeo,
1255 4845 1576 4924 quidquid
1609 4847 1870 4908 demum
1909 4844 2272 4918 accidisset,
2307 4846 2625 4908 variantes
2653 4841 2875 4904 saltem
2909 4843 3246 4915 lectiones,
3280 4849 3472 4920 atque
3501 4837 3664 4899 etiam

449 4942 928 5006 correctionum
962 4942 1256 5004 subsidia
1295 4945 1884 5022 suppeditaturum.
1920 4949 1998 5008 At
2035 4961 2162 5010 non
2195 4947 2277 5008 ita
2309 4964 2410 5008 res
2441 4946 2658 5008 cessit.
2693 4946 2784 5006 Eo
2814 4943 2988 5006 enim
3020 4943 3392 5021 apographo
3423 4941 3662 5004 Floren-

441 5038 528 5100 tia
561 5038 750 5101 nobis
783 5037 1002 5114 allato,
1039 5039 1317 5118 primum
1368 5043 1600 5116 turbati
1635 5061 1863 5107 sumus
1897 5047 2143 5108 nullam
2175 5045 2242 5106 in
2287 5060 2366 5106 eo
2396 5044 2804 5107 invenientes
2855 5043 3278 5122 epigraphen,
3313 5061 3444 5124 qua
3485 5041 3666 5102 Theo-

444 5141 740 5220 phylacto
779 5139 1204 5220 Bulgarorum
1238 5142 1731 5224 archiepiscopo
1759 5147 2225 5218 ascriberetur,
2261 5147 2500 5208 deinde
2535 5163 2681 5208 eum
2718 5145 2905 5209 nobis
2931 5145 3386 5210 evolventibus
3440 5142 3669 5207 nullum

442 5243 743 5320 apparuit
789 5240 1136 5312 indicium,
1193 5259 1308 5302 (-ur
1340 5242 1723 5306 tribuendus
1755 5245 2238 5325 Theophylacto
2269 5253 2440 5308 esset
2476 5266 2490 5306 :
2517 5247 2811 5324 adeoque
2839 5243 3054 5305 mirari
3081 5245 3418 5323 cmpimus,
3448 5261 3484 5304 a
3511 5244 3668 5304 Mon-

445 5343 798 5404 tefalconio
825 5341 1274 5404 indubitanter
1303 5341 1506 5404 fuisse
1540 5343 2021 5424 Theophylacto
2051 5342 2511 5423 adjudicatum.
2546 5344 2830 5411 Tandem
2872 5343 2973 5403 vix
3007 5343 3138 5406 ulla
3167 5343 3490 5421 superfuit
3514 5336 3676 5405 dubia

443 5442 628 5515 tatio,
653 5460 803 5505 eum
844 5459 988 5504 esse
1028 5439 1107 5502 ab
1135 5440 1444 5519 legitimis
1467 5444 1932 5524 TheOphylacti
1966 5443 2268 5520 operibus
2299 5445 2830 5523 expungendum,
2861 5460 3006 5505 cum
3039 5444 3209 5505 inter
3239 5444 3514 5506 aliorum
3555 5455 3657 5503 no-

443 5541 616 5603 mina
645 5542 930 5616 Patrum,
967 5559 1112 5620 quin
1149 5542 1430 5604 citantur
1458 5545 1522 5606 in
1555 5545 1877 5624 margine,
1901 5543 2090 5604 etiam
2123 5543 2323 5606 semel
2357 5551 2545 5619 θεοφ.,
2586 5545 2888 5620 Theoph.,
2924 5560 3040 5603 seu
3087 5550 3154 5604 ut
3201 5543 3542 5624 legendum
3579 5537 3662 5601 vi-

442 5641 739 5717 debatur,
770 5649 1174 5718 Θεοφύλακτος,
1216 5642 1711 5720 Thcophylactus
1743 5642 2171 5714 occurrisset;
2205 5658 2275 5703 ac
2307 5643 2658 5720 praesertim
2693 5652 3024 5720 postquam
3064 5641 3473 5722 inspeximus
3501 5637 3666 5704 verba

443 5748 688 5815 ibidem
720 5745 904 5809 allata
945 5753 1193 5805 exstare
1219 5744 1284 5806 in
1317 5745 1798 5808 Commentario
1830 5746 2003 5807 edito
2025 5761 2058 5806 a
2093 5743 2330 5806 Sifano.
2370 5748 2536 5808 Hinc
2567 5749 2742 5808 enim
2783 5747 2966 5822 plane
2998 5762 3406 5824 consequens
3435 5743 3667 5808 videba~

442 5869 573 5932 tur,
610 5869 801 5937 opus,
831 5851 897 5916 in
931 5867 1061 5936 quo
1089 5849 1614 5932 Theonhylactus
1650 5852 1791 5931 ipse
1830 5851 2083 5924 citntUr,
2118 5849 2394 5935 ejusque
2427 5852 2929 5921 commentarius
2955 5851 3102 5921 aliis
3131 5851 3406 5921 aliorum
3436 5851 3668 5920 Patrum
