3860 6562
118 518 206 584 473
922 512 1004 572 ΙΝ
1038 506 1473 582 SEQUENTIA
1503 510 1642 570 THE

1791 511 2082 572 IYLACTI
2124 512 2458 574 SCRIPTA'.
3211 508 3315 576 4⁸14

121 589 566 693 commentariis
595 629 1080 695 annumeratur,
1105 622 1482 683 nullatenus
1519 620 1643 698 ipsi
1684 637 1827 682 esse
1875 621 2397 700 adjudicandum.
2432 622 2671 683 Verum
2703 620 2824 684 hoc
2867 629 3318 701 argumentum

120 729 228 790 vim
261 741 414 802 pene
452 739 706 786 omnem
746 721 1038 784 amittere
1075 722 1284 783 visum
1333 727 1453 793 est,
1492 726 1828 798 postquam
1876 737 1950 782 ex
1985 722 2216 782 Catena
2266 721 2626 784 Oxonicnsi
2679 720 2782 798 (de
2814 739 2939 800 qua
2991 723 3316 800 superius)

115 824 398 896 intellexi,
429 821 900 900 expositionem
936 819 1112 881 illam
1167 819 1490 882 Theodori
1524 818 1974 880 Heracleensis
2028 835 2197 890 esse,
2230 825 2451 895 utpote
2485 819 2597 898 qui
2651 819 2890 880 diserte
2943 819 3171 881 citatur
3204 838 3314 898 pa-

117 927 243 1006 gina
291 924 362 986 58
391 924 532 1002 ejus
583 923 853 997 codicis,
893 922 1078 1002 cujus
1132 923 1484 999 exemplar,
1525 929 1596 983 ut
1633 921 1724 984 rei
1763 921 1955 999 hujus
1995 919 2229 982 certior
2272 922 2514 994 fierem,
2571 922 2885 998 postulavi
2927 932 2988 986 et
3037 923 3316 987 obtinui.

123 1025 262 1089 Hinc
298 1024 463 1086 enim
503 1023 761 1084 suborta
800 1023 956 1084 mihi
987 1022 1275 1101 suspicio
1308 1031 1426 1094 est,
1479 1022 1815 1084 oscitantia
1867 1021 2102 1083 veteris
2145 1030 2253 1084 aut
2289 1021 2663 1084 recentioris
2709 1023 3119 1085 amanuensis
3155 1027 3318 1086 scri-

119 1137 270 1206 ptum
303 1125 364 1186 in
400 1123 626 1184 codice
665 1123 1063 1196 Florentino,
1116 1121 1214 1184 vel
1264 1130 1482 1183 nostro
1531 1121 1885 1198 exemplari
1911 1122 2115 1184 fuisse
2154 1127 2344 1196 Θεοφ.,
2393 1123 2694 1200 Theoph.,
2729 1139 2843 1201 pro
2873 1129 3054 1189 Θεοδ..
3087 1121 3315 1186 Thcod.

119 1227 217 1290 Sed
246 1225 825 1304 quomodocumque
855 1242 955 1286 res
988 1225 1108 1285 ista
1143 1241 1210 1284 se
1235 1221 1483 1296 habeat,
1509 1229 1576 1284 ut
1611 1229 1858 1285 certum
1894 1230 2070 1301 puto,
2107 1221 2671 1285 Montefalconium
2706 1240 2831 1284 non
2866 1224 2993 1285 alio
3027 1225 3140 1286 niti
3173 1225 3322 1286 fun-

122 1327 386 1387 damento
441 1322 732 1400 potuisse
761 1323 836 1384 ad
881 1321 1416 1384 Commentarium
1454 1321 1627 1383 hunc
1676 1319 2154 1400 TheOphylacto
2201 1320 2648 1394 asserendum,
2681 1339 2872 1400 quam
2918 1324 3117 1401 quod,
3165 1327 3318 1387 dum

123 1425 320 1503 raptim
351 1423 538 1485 illum
569 1421 924 1496 evolveret,
965 1423 1033 1484 in
1063 1420 1282 1500 aliqua
1315 1420 1619 1482 inciderit
1644 1420 1779 1484 loca
1815 1419 2212 1483 continentia
2251 1419 2408 1482 illud
2447 1421 2618 1482 idem
2649 1422 2822 1500 quod
2871 1431 3023 1484 ante.
3062 1423 3130 1483 in
3164 1423 3326 1484 Sifa-

119 1532 282 1592 niano
311 1530 781 1592 Commentario
807 1528 1211 1608 perlegis‘set.
1247 1525 1400 1588 Mihi
1433 1525 1657 1588 saltem
1713 1544 1840 1590 non
1871 1525 2046 1588 aliud
2097 1525 2314 1588 animo
2366 1525 2857 1589 fundamentum
2902 1527 3199 1588 occurrit.
3253 1527 3324 1588 Id

122 1648 248 1694 vero
279 1649 467 1710 quam
503 1634 584 1694 sit
622 1629 1021 1694 imbecillum
1053 1631 1118 1692 in
1154 1630 1668 1705 Commentariis,
1704 1631 1818 1710 qui
1859 1629 1955 1691 vel
1995 1647 2214 1707 puram
2260 1631 2512 1692 Catenae
2561 1631 2874 1693 rationem
2927 1630 3195 1705 habent,
3226 1627 3324 1692 vel

121 1733 181 1795 ad
210 1731 369 1794 illam
407 1735 703 1812 proxime
732 1735 1069 1806 accedunt,
1097 1734 1396 1814 quisquis
1427 1733 1614 1797 facile
1637 1733 1970 1812 intelligit.

179 1835 380 1898 XLVI.
416 1837 658 1897 Verum
698 1836 750 1897 si
786 1853 887 1897 res
912 1837 997 1898 ita
1034 1854 1104 1898 se
1138 1835 1349 1906 habet,
1391 1854 1505 1899 cur
1533 1835 1734 1914 igitur
1756 1835 1862 1898 hic
1891 1852 1927 1897 a
1959 1835 2147 1898 nobis
2188 1834 2254 1898 in
2309 1835 2516 1898 lucem
2558 1836 2926 1898 emittitur?
2957 1837 3079 1898 Cur
3125 1835 3319 1897 etiam

121 1937 301 1998 Graece
326 1937 679 2000 duntaxat?
704 1941 774 2000 In
809 1939 1016 2001 lucem
1051 1939 1154 2001 hic
1191 1939 1394 2001 emitti
1423 1940 1807 2019 respondeo,
1842 1939 2146 2018 primum,
2173 1940 2346 2018 quod
2382 1941 2518 2003 viro
2551 1958 2704 2002 sane
2730 1939 3104 2001 doctissimo
3150 1938 3328 1998 visus

119 2037 284 2098 fuerit
314 2055 461 2100 esse
495 2039 998 2120 TheOphylacti;
1047 2059 1258 2119 neque
1309 2048 1480 2106 certo
1525 2041 1744 2122 aliquo
1783 2041 2252 2121 perspicuoque
2289 2053 2665 2122 argumento
2715 2041 2919 2102 refelli
2950 2039 3152 2120 possit
3210 2039 3326 2098 ist-

120 2135 226 2198 haac
250 2137 495 2214 Opinio.
525 2139 584 2200 2.
617 2139 778 2214 Quia
819 2157 1074 2218 aequum
1104 2157 1230 2202 non
1265 2139 1518 2215 censui,
1553 2139 1988 2220 apographum
2021 2141 2196 2203 istud
2231 2140 2498 2202 omnino
2531 2139 2840 2212 interire;
2877 2139 3119 2218 quippe
3150 2136 3323 2216 quod

124 2253 238 2297 esse
261 2235 530 2299 fortasse
562 2238 792 2316 poterit
821 2238 1016 2300 alicui
1060 2240 1337 2319 posteris
1384 2241 1559 2315 usui,
1617 2239 2164 2319 quemadmodum
2211 2240 2367 2302 mihi
2409 2257 2534 2302 non
2568 2241 2801 2303 inutile
2826 2239 2972 2310 fuit,
3023 2245 3090 2298 ut
3142 2239 3328 2298 Com—

129 2331 392 2396 mentarit
431 2336 717 2400 Vaticani
763 2337 863 2420 (de
907 2357 1038 2418 quo
1081 2339 1321 2402 dictum
1365 2347 1462 2402 est
1492 2339 1716 2417 supra)
1765 2341 2094 2420 exemplar
2129 2342 2540 2404 emendarem
2603 2348 2796 2420 atque
2822 2337 3218 2416 supplerem.
3253 2337 3329 2394 Et

121 2437 351 2516 quidem
385 2441 596 2520 quoad
632 2441 771 2521 ejus
794 2443 1018 2504 attinet
1046 2461 1275 2517 usum,
1299 2443 1579 2504 breviter
1610 2441 2005 2520 patefaciam,
2033 2444 2208 2522 quod
2243 2443 2400 2504 mihi
2436 2460 2586 2504 cum
2621 2438 3022 2520 percurrenti
3056 2437 3227 2499 venit
3263 2435 3328 2497 in

124 2547 373 2600 mentem
416 2556 432 2600 :
475 2541 779 2602 nimirum
813 2559 890 2603 ex
925 2541 1130 2603 tribus
1163 2542 1338 2605 hisce
1374 2543 1440 2604 in
1471 2541 1629 2603 Acta
1667 2543 2016 2620 apostolica
2064 2543 2580 2614 Commentariis,
2627 2559 2789 2620 quos
2823 2541 3120 2602 volumen
3158 2535 3329 2598 istud

123 2639 541 2716 complectitur
576 2641 953 2720 (praesertim
990 2643 1047 2704 si
1098 2643 1536 2722 Chrysostomi
1588 2641 1784 2705 fontis
1829 2642 2117 2705 omnium
2153 2643 2458 2720 praecipui
2505 2641 2951 2704 adnotationes
2992 2639 3328 2709 addantnur)
3404 2649 3406 2652 '

126 2742 446 2819 perfectum
477 2746 697 2808 conﬁci
736 2763 948 2824 posse,
991 2747 1489 2826 absolutumque
1521 2747 1585 2808 in
1611 2746 1829 2808 eadem
1867 2747 2017 2807 Acta
2067 2745 2642 2817 Commentarium;
2673 2762 2816 2806 cum
2863 2743 3104 2822 singuli
3141 2751 3328 2804 caete-

125 2843 325 2920 roquin
363 2843 530 2906 haud
565 2864 784 2925 parum
821 2847 1040 2925 procul
1063 2847 1194 2909 sint
1220 2866 1250 2909 ε
1283 2848 1496 2910 debita
1529 2847 1944 2928 perfectione.
1978 2848 2215 2909 Poterit
2243 2847 2436 2926 igitur
2463 2847 2786 2927 quispiam
2826 2865 2905 2909 ex
2937 2847 3212 2926 singulis
3249 2863 3324 2908 ea

124 2962 241 3023 quae
266 2947 339 3008 ad
381 2967 508 3010 rem
541 2950 814 3012 maxime
845 2949 1112 3024 faciunt,
1146 2950 1464 3030 seligendi
1497 2969 1714 3035 curam
1760 2950 2174 3030 laboremque
2221 2935 2554 3028 suscipere
2588 2973 2604 3014 :
2645 2969 2836 3030 quem
2870 2950 3033 3014 forte
3072 2957 3325 3028 egomet

123 3042 550 3124 ausaepissem,
596 3047 724 3109 nisi
775 3049 937 3121 alim,
970 3049 1211 3126 quibus
1244 3049 1585 3125 distrahor,
1618 3067 1784 3112 curae
1809 3057 1871 3112 et
1899 3051 2287 3113 valetudinis
2313 3051 2718 3114 imbecillitas
2741 3050 3203 3113 inhibuissent.
3239 3052 3333 3111 En

125 3143 296 3222 igitur
327 3151 513 3224 ratio,
545 3169 660 3213 cur
691 3151 874 3212 illum
909 3151 1246 3214 ediderim.
1281 3155 1494 3216 Graece
1523 3161 1736 3216 autem
1772 3160 2016 3215 tantum
2046 3151 2244 3223 edidi,
2279 3153 2429 3232 quia
2461 3171 2536 3215 ex
2572 3169 2698 3216 una
2734 3160 2906 3231 parte
2931 3152 3334 3214 levissimum

125 3254 204 3307 cst
228 3247 718 3314 fundamentum
752 3254 1209 3317 Commentarii
1261 3256 1457 3335 hujus
1504 3255 1984 3334 Theophylacto
2028 3254 2447 3334 adjudicandi
2483 3276 2499 3314 :
2533 3274 2613 3318 ex
2645 3255 2842 3318 altera
2891 3271 3044 3317 vero
3069 3254 3336 3332 exposi-

126 3346 309 3408 tiones
352 3347 494 3426 ejus
529 3349 850 3427 pleraeque
877 3351 943 3412 in
976 3351 1283 3415 alterutro
1317 3371 1396 3416 ex
1429 3354 1538 3428 iis,
1578 3356 1693 3434 qui
1730 3353 2083 3417 voluminis
2125 3353 2324 3433 hujus
2363 3354 2551 3416 initio
2605 3355 2909 3432 impressi
2955 3363 3130 3428 sunt,
3169 3353 3335 3416 Sifa-

127 3442 289 3505 uiano
313 3444 581 3516 scilicet,
616 3455 678 3506 et
705 3445 1031 3519 I’aticano,
1069 3464 1193 3509 non
1221 3448 1411 3512 modo
1440 3450 1650 3530 quoad
1685 3466 1980 3523 sensum,
2028 3450 2140 3512 sed
2172 3450 2365 3512 etiam
2397 3451 2610 3530 quoad
2642 3451 2836 3512 verba
2891 3468 3339 3530 saepenumero

127 3545 348 3608 insunt.
381 3547 548 3609 Hinc
580 3548 856 3625 pretium
890 3565 1102 3628 Operm
1134 3551 1399 3615 minime
1444 3569 1586 3616 esse
1619 3553 1872 3627 censui,
1912 3569 2151 3615 novum
2181 3553 2354 3616 hunc
2395 3554 2617 3616 subire
2647 3554 2954 3630 laborem,
2991 3563 3052 3616 et
3081 3555 3336 3633 aliquo-

138 3661 254 3706 rum
288 3648 656 3708 accessione
687 3646 989 3711 foliorum
1023 3649 1200 3711 nulla
1237 3646 1699 3730 propemodum
1742 3652 2018 3714 utilitate
2052 3654 2356 3715 volumen
2393 3652 2513 3716 hoc
2541 3670 2842 3717 onerare.

197 3745 444 3807 XLVII.
477 3745 782 3819 Quamvis
809 3757 1021 3810 autem
1056 3751 1599 3814 Commentarium
1647 3750 1819 3813 hunc
1854 3751 2072 3814 Latine
2105 3767 2234 3812 non
2280 3751 2606 3828 verterim,
2646 3771 2773 3816 non
2827 3753 2976 3816 ideo
3019 3760 3224 3816 tamen
3263 3757 3342 3817 ab

135 3845 296 3907 omni
324 3845 387 3908 in
418 3863 494 3910 eo
527 3846 778 3909 edendo
805 3848 1018 3912 labore
1045 3868 1143 3912 me
1175 3849 1446 3912 absolvi.
1483 3853 1768 3914 Lacunas
1802 3849 2003 3923 enim,
2034 3848 2274 3929 quibus
2307 3851 2744 3929 apographum
2777 3851 3151 3930 frequenter
3200 3851 3340 3918 hia-

138 3947 226 4007 bat
255 3947 621 4026 (praesertim
667 3951 790 4012 sub
820 3952 962 4030 ejus
993 3952 1277 4033 initium)
1311 3953 1572 4031 explere
1627 3970 1740 4032 pro
1771 3953 2017 4015 viribus
2053 3953 2304 4014 studui.
2355 3956 2431 4016 Et
2465 3953 2656 4016 initio
2687 3955 2975 4034 quidem,
3025 3956 3132 4016 ubi
3177 3961 3345 4035 spis-

135 4047 316 4109 siores
347 4049 590 4112 lacuum
621 4060 823 4125 erant,
859 4051 1016 4112 mihi
1055 4050 1122 4112 in
1147 4052 1308 4114 hanc
1343 4071 1474 4114 rem
1511 4053 1912 4115 incumbenti
1947 4054 2468 4130 percommodum
2496 4053 2620 4116 fuit
2656 4055 2906 4117 Catenae
2949 4050 3344 4118 Oxoniensis

135 4147 192 4209 in
217 4150 423 4212 eadem
476 4153 628 4214 Acta
673 4153 973 4230 primum,
1021 4154 1193 4233 quod
1244 4154 1555 4216 habebam
1603 4172 1729 4232 prie
1768 4154 2092 4229 manibus,
2131 4155 2363 4218 folium
2398 4180 2413 4218 :
2456 4174 2602 4218 cum
2656 4157 2790 4233 ipsa
2828 4157 3071 4235 quippe
3113 4159 3346 4220 Catena

136 4248 540 4326 apographum
577 4269 788 4312 meum
829 4252 921 4314 sic
952 4253 1114 4314 inibi
1147 4254 1497 4316 convenire
1545 4253 1969 4341 deprehepdi,
2003 4263 2072 4315 ut
2125 4255 2297 4316 idem
2345 4273 2483 4318 esse
2515 4273 2680 4333 opus
2718 4256 3068 4329 videretur,
3106 4258 3230 4318 nisi
3265 4275 3344 4319 ex

138 4359 426 4425 postrema
453 4353 633 4415 illius
667 4363 862 4433 parte,
892 4363 1079 4434 atque
1114 4375 1192 4418 ex
1221 4357 1482 4420 duobus
1513 4357 1682 4433 aliis,
1713 4375 1859 4438 qum
1910 4357 2066 4418 mihi
2100 4375 2365 4418 cernere
2405 4357 2613 4428 licuit,
2664 4358 2806 4437 ejus
2857 4358 3032 4419 foliis
3079 4358 3345 4420 omnino

140 4454 582 4530 cognovissem,
621 4457 913 4517 Catenam
948 4457 1389 4520 Oxoniensem
1420 4461 1618 4520 multa
1653 4458 2017 4536 complecti,
2051 4475 2195 4536 quae
2237 4458 2304 4519 in
2336 4458 2710 4519 Florentino
2740 4459 3348 4521 Commentariode-

141 4549 504 4618 siderantur.
537 4557 860 4618 Posterior
892 4558 1009 4620 iste
1044 4557 1314 4620 fortasse
1356 4565 1695 4635 excerptus
1733 4565 1828 4619 est
1871 4575 1947 4618 ex
1979 4556 2084 4617 illa
2139 4556 2376 4634 priore.
2425 4556 2517 4616 Ad
2567 4556 2934 4618 sarciendas
2981 4573 3158 4630 vero,
3205 4573 3349 4635 qua)

143 4665 528 4719 Occurrerent
559 4658 624 4720 in
671 4676 1039 4737 progressu,
1075 4659 1334 4722 lacunas
1361 4660 1670 4722 alterutro
1716 4676 1796 4721 ex
1820 4657 2313 4722 Commentariis
2342 4657 2683 4736 prmdictis,
2719 4656 3044 4718 Sifaniano
3075 4657 3346 4727 scilicet,

144 4760 197 4812 et
227 4757 546 4830 Vaticano,
579 4758 691 4819 sed
726 4759 1016 4820 omnium
1047 4759 1578 4838 frequentissime
1609 4776 1840 4839 magno
1873 4759 2332 4838 Chrysostomo
2366 4774 2524 4820 usus
2555 4774 2735 4830 sum;
2762 4765 2824 4819 et
2855 4775 2928 4820 ea
2957 4758 3220 4838 quidem
3249 4756 3348 4818 fe-

147 4851 386 4933 licitate,
427 4870 495 4922 ut
529 4879 612 4924 ex
645 4861 962 4938 plurimis,
995 4880 1140 4942 quae
1172 4863 1424 4925 inerant
1455 4869 1665 4938 antea,
1697 4863 1944 4926 lacunis
1976 4880 2100 4924 una
2143 4871 2411 4932 tantum,
2445 4862 2543 4924 vel
2585 4860 2781 4922 altera
2825 4860 3147 4938 ineXpleta
3197 4857 3355 4920 mihi

148 4961 520 5021 remanserit.
580 4961 789 5024 Verba
838 4979 871 5024 a
919 4965 1110 5026 nobis
1161 4963 1376 5026 addita
1427 4981 1506 5026 cx
1573 4964 1806 5041 signis,
1852 4963 2094 5041 quibus
2145 4961 2237 5025 uti
2283 4963 2350 5023 in
2397 4961 2725 5023 similibus
2773 4961 3085 5035 solemus,
3133 4963 3356 5021 Lector

151 5069 444 5136 agnoscet.
473 5063 568 5124 Ad
603 5062 839 5125 calcem
868 5064 1346 5139 Commentarii,
1380 5081 1460 5126 ne
1493 5063 1743 5144 integra
1781 5063 2011 5143 pagina
2044 5061 2312 5124 omnino
2347 5079 2536 5124 vacua
2568 5069 2948 5137 remaneret,
2995 5062 3073 5122 ab
3105 5080 3180 5123 eo
3215 5061 3354 5125 loco

151 5172 270 5235 mg.
294 5161 430 5230 629.
463 5162 585 5225 col.
609 5164 674 5238 2,
708 5173 888 5228 Ἐστὶν
909 5169 1002 5227 οὖν
1021 5175 1050 5228 ὁ
1080 5176 1188 5238 πᾶς
1227 5174 1438 5247 χρόνοέ,
1473 5174 1675 5244 rOgatt

1828 5163 2119 5242 )ographi
2157 5163 2360 5242 adjeci
2399 5165 2610 5236 verba,
2647 5164 2887 5242 quibus
2921 5167 3145 5225 Catena
3177 5166 3352 5226 Oxo-

150 5254 368 5320 niensis
401 5261 778 5326 absolvitur.
813 5267 1034 5344 Neque
1069 5267 1135 5327 id
1174 5267 1423 5328 Lectori
1457 5265 1884 5345 injucundum
1918 5263 2053 5324 fore
2075 5263 2322 5324 coutido
2357 5264 2489 5326 :sic
2515 5265 2686 5324 enim
2718 5263 3055 5342 prmdictze
3079 5265 3350 5332 Catenae,

149 5367 314 5430 quam
336 5363 922 5438 praestantissimum
951 5364 1227 5442 appellat
1261 5365 1598 5428 Fabricius
1627 5364 1691 5425 in
1727 5363 1896 5424 Bibl.
1932 5361 2174 5436 (ἔνατα,
2215 5361 2475 5424 initium
2509 5361 2751 5423 tenebit
2786 5368 2848 5423 et
2879 5361 3092 5424 ﬁnem.

1488 5465 1770 5526 SECTIO
1812 5464 1986 5528 XIII.

957 5571 1045 5630 De
1085 5569 1398 5647 Epistolis
1445 5588 1483 5628 a
1527 5570 1810 5632 Meursio
1858 5569 2067 5642 editis,
2115 5579 2171 5630 ct
2213 5589 2252 5629 a
2297 5568 2528 5628 Lamia.

219 5665 492 5728 XLVIII.
538 5669 726 5730 Forte
784 5671 1118 5734 mirabitur
1161 5676 1406 5748 Lector,
1472 5675 1659 5754 quod,
1706 5673 1846 5734 istae
1895 5673 2184 5751 epistola)
2233 5674 2310 5733 ab
2365 5669 2508 5731 aliis
2560 5666 2788 5745 viginti
2837 5667 3146 5748 sejunctaa
3208 5669 3358 5730 huic

149 5763 389 5830 editioni
428 5772 665 5832 fuerint
710 5773 999 5849 insertte,
1035 5793 1182 5838 cum
1243 5794 1432 5838 nemo
1493 5795 1621 5840 non
1661 5757 1900 5847 ivideat,
1938 5774 2288 5836 naturalem
2341 5771 2633 5832 ordinem
2681 5771 3044 5848 postulasse
3096 5781 3162 5834 ut
3195 5788 3349 5834 cen-

145 5855 391 5942 junctlm
431 5871 776 5939 ederentur
805 5889 1054 5937 omnes.
1094 5877 1363 5940 Consilii
1397 5877 1613 5956 itaque
1659 5877 1860 5940 nostri
1912 5876 2068 5938 hanc
2115 5873 2423 5935 rationem
2474 5871 2726 5936 habeto.
2784 5871 3102 5950 Principio
3151 5871 3358 5947 fuerat
