3860 6614
465 483 572 548 475
1482 477 1868 539 BONIFACII
1898 477 2218 538 iFlNETTI
2260 476 2681 538 PR.£FATIO.
3610 481 3694 550 £16

466 591 1020 671 constitutumJut
1059 588 1286 668 viginti
1329 587 1639 650 duntaxat
1675 589 2132 668 TheOphylacti
2181 587 2472 666 epistola;
2502 589 2621 650 hoc
2664 587 2728 648 in
2777 587 3108 654 volumine
3137 589 3365 652 sedem
3397 587 3693 655 baberent,

464 710 614 772 quas
659 693 944 754 nondum
996 687 1316 770 publicam
1367 690 1570 749 lucem
1604 696 2020 767 aspexerant;
2071 706 2214 750 cum
2266 706 2356 748 eae
2413 695 2660 750 tantum
2701 687 2855 751 huic
2905 690 3098 752 tertio
3145 689 3502 764 volumini,
3549 694 3693 769 quod

463 791 728 855 ineditis
755 789 1212 868 TheOphylacti
1240 788 1545 866 operibus
1570 788 1970 866 excipiendis
2026 788 2420 850 destinatum
2454 787 2519 849 in
2571 789 2795 864 primis
2844 795 3002 860 erat,
3041 789 3368 868 explendo
3399 789 3552 851 satis
3582 809 3692 856 esse

466 891 856 962 viderentur,
903 891 1168 968 adjectis
1223 897 1433 951 tamen
1483 890 1739 950 duobus
1794 891 2100 967 cperibus
2149 890 2360 954 adhuc
2414 889 2698 962 ineditis,
2759 906 3039 969 quorum
3105 890 3387 951 alterum
3439 891 3697 972 Parisiis,

466 993 735 1054 alterum
775 991 1100 1051 Florentia
1145 989 1689 1066 praestolabamur.
1737 990 1854 1050 Sed
1894 990 2170 1068 primum
2206 990 2364 1051 illud
2393 1008 2562 1067 saepe
2592 991 3006 1067 promissum,
3047 1007 3384 1068 nunquam
3419 989 3696 1067 perlatum

463 1091 538 1150 ad
591 1107 706 1152 nos
751 1099 866 1151 est.
923 1089 1211 1150 Alterum
1271 1089 1531 1168 quidem
1566 1089 1969 1166 accepimus;
2029 1091 2142 1150 sed
2203 1088 2364 1149 illud
2423 1088 2970 1166 perpendentibus
3024 1087 3208 1150 nobis
3267 1103 3405 1148 non
3445 1090 3700 1166 suspicio

462 1191 790 1263 duntaxat,
851 1190 962 1250 sed
1028 1197 1194 1250 certa
1245 1189 1578 1266 persuasio
1614 1187 1872 1262 insedit,
1913 1187 1988 1249 ad
2023 1185 2577 1265 TheOphylactum
2615 1186 2988 1248 nullatenus
3037 1187 3386 1262 pertinere.
3421 1186 3542 1246 Nos
3577 1205 3698 1248 vero

467 1293 528 1350 in
578 1308 856 1352 errorem
891 1292 1317 1369 perduxerat,
1375 1308 1519 1372 quae
1570 1291 1738 1370 apud
1812 1289 2385 1352 Montefalconium
2439 1289 2673 1368 legitur
2729 1290 2797 1351 in
2857 1288 3158 1352 Biblioth.
3215 1288 3701 1350 bibliothecarum

465 1404 507 1454 t.
548 1396 596 1464 Ι,
639 1411 776 1472 pag.
816 1395 916 1467 35,
970 1394 1304 1457 imminuta
1360 1393 1716 1472 inscriptio,
1762 1411 1904 1472 quae
1963 1392 2306 1472 sequitur:
2355 1392 2708 1454 Threnodia
2745 1409 2936 1470 super
2986 1390 3176 1451 beata:
3244 1384 3555 1451 memoriae
3587 1393 3698 1452 viro

463 1494 544 1552 Β.
580 1494 1069 1571 Theophylacto.
1101 1493 1354 1557 Scilicet
1386 1492 1708 1572 ejusmodi
1742 1491 1971 1554 titulus
2030 1508 2146 1554 nos
2200 1498 2493 1552 erexerat
2545 1491 2610 1551 in
2643 1507 2848 1570 spem,
2893 1487 3336 1557 Threnodium,
3370 1487 3452 1549 de
3477 1505 3592 1562 qua
3619 1488 3702 1549 hic

465 1611 702 1670 sermo,
736 1615 941 1674 genus
973 1595 1238 1676 aliquod
1263 1598 1574 1659 orationis
1607 1595 1900 1658 funebris
1934 1612 2079 1657 esse
2111 1594 2178 1655 in
2215 1592 2776 1671 TheOpbyIactum
2811 1591 2932 1671 jam
2975 1597 3335 1658 mortuum,
3399 1606 3540 1669 quae
3579 1589 3702 1651 huic

473 1696 786 1758 volumini
831 1716 901 1760 ea
940 1699 1187 1760 ratione
1224 1697 1416 1761 inseri
1449 1707 1691 1780 posset,
1727 1699 1898 1778 quod
1933 1697 2152 1776 aliqua
2183 1713 2261 1757 ex
2293 1696 2494 1774 gestis
2544 1695 3027 1774 virtutibusque
3093 1693 3186 1772 (ut
3237 1692 3306 1753 in
3359 1691 3699 1768 hujusmodi

467 1799 866 1862 orationibus
917 1804 1205 1866 accidere
1231 1805 1421 1884 solet)
1477 1803 1658 1866 illius
1711 1802 1986 1866 celebris
2030 1799 2504 1879 archiepiscopi
2572 1800 3132 1878 complecteretur.
3186 1803 3267 1860 At
3349 1797 3486 1858 sola
3543 1795 3697 1858 lectio

467 1895 848 1976 epigraphes
907 1901 1288 1977 exemplaris
1347 1903 1422 1963 ad
1485 1917 1604 1963 nos
1662 1899 2018 1962 transmissi
2109 1899 2188 1960 ab
2252 1900 2429 1960 omni
2499 1897 2766 1961 omnino
2829 1916 2942 1977 spe
3009 1905 3070 1958 et
3124 1903 3560 1976 prmconcepta
3605 1913 3694 1958 nos

466 1997 775 2074 opinione
809 2001 1081 2082 dejecit;
1116 2001 1202 2063 ita
1235 2002 1407 2062 enim
1446 2020 1513 2061 se
1553 2001 1742 2062 habet
1777 2023 1791 2060 :
1825 2010 1990 2082 Θρηνε

2178 2011 2238 2064 πὶ
2286 2009 2365 2081 τῷ
2410 2009 2699 2080 μακαρίτῳ
2728 2007 2882 2080 κύρῳ
2926 2006 3292 2078 Θεοφυὶὰκτῳ
3348 2006 3427 2077 τῷ
3473 2006 3695 2060 Baltasa-

467 2106 620 2178 ρίτῳ,
661 2099 1050 2163 Lamentatio
1090 2119 1282 2179 super
1315 2102 1519 2182 felicis
1564 2103 1874 2161 memoriae
1920 2091 2079 2164 viro
2114 2100 2364 2161 domino
2419 2099 2880 2180 Theophylacto
2939 2099 3340 2162 Belissarito.
3392 2100 3577 2159 Porro
3619 2099 3692 2161 vel

465 2201 679 2279 ipsum
728 2205 1090 2290 Belissariti
1127 2221 1482 2283 cognomen
1538 2206 1692 2266 satis
1743 2205 1967 2284 procul
2027 2205 2226 2267 dubio
2259 2204 2512 2278 fuisset,
2569 2214 2637 2267 ut
2681 2203 3227 2282 Tbeophylactum
3269 2203 3449 2264 hunc
3505 2220 3537 2263 a
3572 2199 3692 2261 Bul-

466 2318 764 2379 garorum
801 2303 1287 2382 archiepiscopo
1321 2321 1833 2379 secerneremus,
1866 2304 2120 2366 etiamsi
2164 2322 2311 2384 qua)
2357 2303 2772 2370 continentur
2822 2305 2886 2365 in
2947 2304 3062 2367 hac
3102 2303 3399 2365 oratione
3463 2302 3689 2380 lugubri

467 2404 685 2483 aliquo
737 2405 928 2466 modo
970 2404 1249 2466 fuissent
1296 2405 1618 2484 ambigua.
1650 2407 1768 2467 Sed
1824 2412 1886 2467 et
1912 2423 2012 2468 res
2061 2407 2126 2467 in
2178 2405 2316 2484 ipsa
2371 2411 2686 2467 contentae
2728 2403 3283 2484 Theophylactum
3331 2401 3620 2464 exhibent
3666 2412 3691 2458 a

469 2509 690 2564 nostro
734 2503 918 2580 plane
958 2503 1284 2564 diversum
1317 2507 1486 2563 :tota
1523 2502 1695 2563 enim
1731 2502 2127 2580 impenditur
2155 2501 2224 2562 in
2257 2501 2654 2578 deplorando
2694 2503 3037 2565 immaturo
3080 2503 3352 2580 juvenis
3390 2501 3681 2580 cujusdam

469 2600 706 2662 nobilis
747 2601 1037 2673 interitu,
1072 2601 1180 2680 qui
1215 2616 1357 2660 cum
1393 2600 1651 2678 generis
1700 2597 2054 2672 nobilitate,
2093 2605 2228 2660 tum
2264 2597 2573 2661 virtutum
2606 2609 2982 2663 ornamento
3028 2603 3367 2680 praestabat
3409 2626 3424 2663 :
3487 2600 3688 2680 quique

465 2702 616 2763 dum
649 2701 916 2763 Athenis
950 2701 1164 2763 studio
1196 2719 1452 2780 operam
1482 2704 1680 2777 daret,
1720 2703 2016 2767 faucibus
2042 2703 2698 2784 anginainterclusis,
2736 2705 3034 2784 migravit
3072 2727 3105 2768 e
3159 2707 3314 2780 vita,
3365 2707 3523 2768 datis
3559 2715 3676 2766 ante

465 2803 765 2883 pluribus
803 2805 1062 2882 pietatis
1095 2804 1383 2867 indiciis.
1437 2809 1599 2867 Eum
1636 2807 1832 2884 igitur
1861 2806 2075 2868 solum
2121 2824 2200 2868 ex
2249 2805 2371 2869 hoc
2409 2807 2727 2885 opusculo
2755 2805 3034 2869 fructum
3076 2806 3318 2869 referre
3378 2811 3679 2882 potuerunt

466 2916 793 2968 curatores
827 2907 1090 2968 istiusce
1116 2906 1440 2984 editionis,
1476 2915 1547 2967 ut
1578 2907 1776 2985 magis
1804 2907 2136 2985 magisque
2166 2915 2557 2986 perspectam
2590 2908 2895 2969 omnibus
2939 2915 3368 2988 testatatuque
3395 2907 3686 2969 redderent

465 3009 894 3088 diligentiam,
929 3027 1057 3088 qua
1107 3009 1205 3069 usi
1255 3016 1430 3080 sunt,
1481 3009 1818 3070 maximam
1872 3008 1936 3069 in
1992 3007 2461 3087 conquirendis
2506 3008 2822 3087 undique,
2879 3009 3060 3070 nulla
3135 3019 3440 3089 sumptus
3487 3009 3686 3070 ratione

445 3113 705 3186 ._babita,
744 3109 1053 3188 operibus
1103 3110 1177 3170 ad
1226 3107 1778 3188 TheOphylactum
1832 3116 2123 3168 nostrum
2175 3107 2665 3186 quomodolibet
2749 3108 3247 3187 pertinentibus.
3313 3111 3466 3191 Cum
3531 3111 3686 3188 igitur

467 3210 666 3289 liujus
697 3209 1099 3287 alteriusque
1132 3206 1383 3270 defectu
1410 3207 1624 3284 operis
1661 3223 1790 3268 non
1832 3223 2030 3284 pauca
2065 3207 2371 3269 deessent
2404 3207 2558 3270 folia
2592 3208 2671 3269 ad
2703 3209 3119 3285 praestitutam
3153 3207 3356 3290 hujus
3391 3209 3686 3270 voluminis

471 3311 726 3383 molem,
787 3315 1114 3371 curatores
1178 3305 1489 3386 pradicti,
1566 3303 1903 3382 impressis
1969 3304 2098 3384 jam
2151 3305 2446 3382 epistolis
2506 3304 2772 3384 viginti,
2850 3316 2911 3366 et
2971 3309 3189 3369 Graeco
3257 3308 3683 3370 Commentario

466 3408 879 3486 insequente,
934 3406 1284 3472 consilium
1349 3403 1758 3483 capessivere
1827 3405 1928 3486 (ad
1992 3405 2194 3468 alium
2249 3411 2490 3467 tomum
2544 3412 2867 3468 reservato
2929 3423 3158 3486 opere,
3220 3409 3399 3484 quod
3465 3406 3682 3468 Parisiis

469 3508 937 3587 praestolamur)
970 3506 1317 3585 adiiciendi
1364 3505 1552 3568 etiam
1592 3505 1899 3583 epistolas
1935 3522 1970 3567 a
2021 3505 2309 3567 Meursio
2352 3513 2414 3566 et
2459 3503 2678 3565 Lamio
2718 3503 2946 3579 editas,
2991 3521 3071 3566 ne
3105 3513 3323 3567 tomus
3381 3507 3494 3568 iste
3537 3521 3681 3585 aequo

469 3609 724 3670 brevior
767 3607 1101 3682 evaderet;
1155 3605 1484 3684 simulque
1533 3605 1858 3669 celeritate
1907 3619 2156 3667 summa
2201 3605 2717 3683 curandiipsius
2787 3605 3316 3689 impressionem,
3373 3623 3449 3668 ne
3501 3605 3683 3667 erudi-

473 3717 685 3771 torum
739 3715 879 3769 vota
932 3707 1180 3770 diutius
1231 3706 1680 3786 fatigarentur.
1731 3707 1899 3768 Hinc
1940 3721 2092 3769 vero
2123 3704 2257 3783 ,hoc
2306 3704 2519 3767 solum
2568 3705 2959 3769 incommodi
3021 3707 3252 3768 accidit
3302 3707 3494 3786 (quod
3549 3704 3682 3767 enim

466 3812 786 3891 ejusmodi
823 3814 1112 3890 epistolae
1143 3815 1219 3875 ab
1251 3813 1396 3873 aliis
1429 3812 1737 3890 sejunctte
1770 3811 2110 3890 prodeant,
2143 3825 2262 3888 pro
2309 3809 2514 3872 nihilo
2570 3808 2931 3872 habendum
2967 3827 3106 3872 esse
3163 3827 3196 3872 a
3249 3813 3408 3874 viris
3449 3810 3683 3888 pruden-

467 3918 644 3978 tibus
676 3916 850 3996 puto)
884 3915 1056 3995 quod
1091 3914 1543 3976 Marinerianae‘
1581 3913 1901 3974 versionis
1939 3911 2485 3986 emendationem,
2525 3929 2716 3990 quam
2787 3912 3048 3990 aggredi
3101 3929 3174 3975 ac
3222 3914 3518 3990 perﬁcere
3557 3915 3682 3969 stato

469 4026 760 4095 tempore
800 4014 1290 4088 constitueram,
1339 4021 1522 4092 capto
1565 4029 1599 4074 a
1660 4013 2069 4076 curatoribus
2113 4030 2284 4076 novo
2335 4013 2802 4094 inepinatoque
2862 4017 3164 4090 consilio,
3212 4023 3275 4078 et
3347 4034 3412 4077 re
3456 4010 3681 4075 maxime

470 4123 828 4192 properata,
873 4123 1172 4192 prmstare
1213 4131 1339 4175 non
1379 4114 1721 4190 potuerim.
1761 4116 1836 4175 At
1868 4115 2232 4178 versionem
2280 4113 2452 4176 illam
2486 4115 2888 4178 tolerabilem
2931 4119 3006 4178 ad
3049 4119 3262 4179 minus
3301 4135 3469 4191 esse,
3502 4112 3584 4178 vel
3621 4128 3678 4171 ex

469 4233 549 4279 co
591 4218 744 4278 mihi
785 4219 1167 4296 persuadeo,
1212 4218 1386 4297 quod
1442 4217 1724 4291 Lamius,
1775 4219 1874 4278 vir
1926 4218 2370 4290 doctissimus,
2419 4217 2754 4298 Graecique
2799 4218 3124 4282 idiomatis
3147 4201 3584 4297 peritissimus,
3628 4212 3675 4270 in

469 4322 707 4384 celebri
741 4322 1024 4386 editione
1056 4324 1444 4396 Meursiana,
1481 4325 1582 4386 cui
1616 4330 1868 4402 praeest,
1905 4341 2042 4386 eam
2099 4323 2419 4395 collocare
2457 4339 2584 4385 non
2617 4322 2952 4385 dubitarit.
2987 4323 3237 4384 Nullam
3281 4323 3480 4402 igitur
3507 4320 3564 4380 in
3603 4315 3677 4376 his

469 4425 738 4488 edendis
773 4427 1069 4503 epistolis
1103 4428 1242 4506 ipse
1277 4443 1536 4506 Operam
1573 4427 1786 4502 posui,
1827 4428 2120 4506 adeoque
2176 4425 2338 4487 nihil
2393 4427 2472 4488 de
2524 4424 2752 4486 iisdem
2799 4433 3094 4503 superest
3144 4425 3301 4486 mihi
3359 4419 3673 4485 dicendum.

471 4531 544 4590 Et
574 4529 704 4592 hinc
732 4531 941 4610 quoad
975 4531 1266 4611 singulas
1297 4532 1494 4613 hujus
1527 4532 1882 4594 voluminis
1917 4539 2150 4610 partes.
2190 4533 2374 4592 Nunc
2428 4545 2627 4608 pauca
2681 4529 2759 4592 de
2799 4529 3100 4591 versione
3153 4543 3319 4600 mea,
3364 4522 3676 4596 additisque

470 4632 662 4706 notis,
711 4641 1052 4710 antequam
1089 4632 1528 4696 Praefationem
1562 4633 1852 4708 absolvo,
1884 4631 2161 4711 adjicere
2196 4630 2397 4693 lubet.

549 4754 784 4814 XLIX.
833 4755 998 4835 Usus
1030 4772 1174 4816 sum
1214 4757 1512 4820 liberiore
1542 4756 1866 4819 versionis
1915 4773 2187 4834 genere;
2243 4772 2370 4818 non
2413 4755 2704 4834 quidem,
2763 4761 2835 4818 ut
2871 4771 3010 4816 eam
3067 4753 3406 4815 redderem
3458 4749 3673 4822 elegan'

473 4850 729 4928 liorem,
769 4853 874 4913 sed
923 4863 988 4914 ut
1019 4853 1355 4918 clariorem
1392 4857 1728 4936 magisque
1767 4858 2197 4936 perspicuam.
2235 4857 2489 4918 Etenim
2529 4856 2598 4918 in
2651 4872 2723 4917 ea
2775 4871 3032 4933 semper
3071 4853 3390 4916 sententia
3417 4846 3526 4916 fui,
3557 4850 3671 4902 θυω

473 4951 640 5013 haud
679 4952 956 5029 perfecte
1004 4953 1186 5034 fungi
1239 4957 1606 5036 interpretis
1648 4975 1937 5029 munere,
1993 4959 2108 5037 qui
2180 4966 2471 5020 accurate
2521 4957 2785 5036 quidem
2829 4958 3022 5020 verba
3072 4954 3416 5018 transferre
3464 4940 3669 5019 satagit.

472 5054 751 5146 auctoris
786 5071 937 5116 vero
965 5073 1231 5118 sensum
1274 5059 1622 5122 obscurum
1657 5061 1992 5140 relinquit.
2029 5063 2238 5141 Hujus
2289 5062 2612 5140 siquidem
2659 5060 3154 5138 explicationem
3189 5056 3574 5139 potissimum
3610 5040 3667 5104 ad

474 5153 880 5234 interpretem
928 5157 1274 5234 pertinere,
1327 5167 1493 5238 patet
1552 5163 1650 5224 vel
1705 5179 1782 5224 ex
1845 5179 1922 5224 eo
1984 5162 2157 5240 quod
2215 5161 2258 5221 ii
2309 5161 2500 5222 etiam
2549 5161 2660 5239 qui
2712 5161 3071 5241 cujuSpiam
3115 5158 3396 5221 auctoris
3450 5157 3666 5215 sensum

471 5254 722 5323 tametsi
758 5254 824 5316 in
883 5257 1104 5318 eadem
1165 5257 1410 5336 lingua,
1459 5261 1793 5324 clariorem
1851 5262 2152 5333 reddunt,
2212 5261 2464 5322 soleant
2519 5262 2897 5340 interpretes
2956 5260 3291 5340 appellari.
3338 5257 3666 5326 Plerumque

475 5351 674 5432 igitur
729 5354 795 5416 in
866 5353 928 5415 id
995 5359 1438 5421 tantummodo
1506 5361 1810 5436 laboravi,
1849 5369 1917 5422 ut
1947 5376 2212 5422 sensum
2246 5377 2438 5438 quem
2471 5360 2756 5422 auctoris
2795 5361 2988 5422 verba
3015 5358 3394 5438 diligentius
3435 5355 3662 5420 θιρθηεδ

482 5457 813 5519 continere
847 5458 1103 5532 censui,
1156 5458 1398 5537 phrasi,
1454 5463 1667 5541 quoad
1729 5463 1934 5540 potui,
1997 5457 2293 5533 clariore,
2345 5459 2692 5539 verbisque
2739 5459 3275 5538 tequivalentibus
3327 5451 3662 5518 exhiberem.

479 5551 700 5614 Sicubi
736 5571 885 5614 vero
913 5557 1194 5618 auctoris
1242 5575 1422 5622 mens
1467 5561 1682 5620 minus
1714 5568 1883 5621 certa
1917 5557 2379 5637 explorataque
2416 5559 2575 5619 mihi
2625 5560 2763 5621 visa
2817 5565 2936 5634 est,
2969 5565 3102 5620 tum
3151 5557 3430 5636 pressius
3471 5551 3660 5610 haerere

481 5653 696 5714 verbis
728 5655 1090 5717 consultius
1128 5658 1518 5730 existimavi,
1570 5671 1758 5720 acuto
1819 5657 2063 5720 Lectori
2098 5662 2472 5735 potestatem
2522 5666 2590 5721 ut
2629 5660 2905 5722 facerem
2935 5675 3010 5724 ea
3044 5666 3114 5720 ut
3159 5658 3281 5719 sibi
3322 5641 3660 5734 probabilius

483 5752 811 5813 videretur
855 5751 1339 5834 interpretandi.
1390 5760 1461 5818 In
1513 5755 1886 5834 bujusmodi
1932 5753 2474 5831 scepulos-semel
2524 5764 2586 5817 et
2647 5758 2878 5818 iterum
2937 5755 3138 5817 incidi
3187 5755 3339 5816 dum
3400 5747 3656 5812 verterem

489 5853 824 5929 Epistolas,
875 5872 1018 5935 quae
1076 5854 1228 5920 mihi
1287 5857 1527 5933 ubique
1577 5855 2159 5936 rliﬂicilcs,alicubi
2217 5855 2369 5918 visae
2423 5865 2572 5918 sunt
2634 5855 2821 5919 etiam
2862 5858 3014 5920 satis
3068 5857 3374 5920 obscurce.
3418 5848 3654 5911 Fortasse
