3860 6546
147 459 251 521 477
1191 459 1617 520 LAUBENTII
1651 459 1910 520 SIFANI
1952 461 2368 524 PR/EFATIO.
3303 456 3410 524 ιτῑς

148 565 676 645 'l‘lteOpltylacttts
739 563 808 627 in
868 567 966 626 eis
1003 565 1502 629 conscribendis
1558 565 1830 629 clariore
1874 567 2044 646 stylo
2103 587 2259 632 usus
2293 585 2418 632 non
2475 577 2591 645 est,
2627 570 2780 650 quia
2825 572 2903 633 ad
2949 570 3299 636 familiares
3341 580 3409 635 et

147 651 548 730 domesticos
592 670 910 744 scribens,
945 669 1187 733 clarius
1215 687 1362 735 sese
1393 673 1719 751 explicare
1756 681 1864 735 aut
1889 673 2175 752 neglexit
2216 683 2325 736 aut
2370 675 2604 738 noluit.
2659 677 2729 737 In
2786 677 2980 738 variis
3019 679 3174 741 tomi
3214 677 3411 758 hujus

147 774 464 851 operibus
508 791 544 836 a
596 793 699 837 me
735 776 952 838 Latine
1022 777 1292 842 redditis
1350 778 1792 841 diversitatem
1847 779 2129 859 aliquam
2191 780 2257 842 in
2337 780 2476 858 ipsa
2508 782 2806 869 versione
2857 779 3129 844 fortasse
3186 783 3410 845 Lector

145 878 464 952 otl‘endet,
509 880 594 940 ita
628 887 694 941 ut
725 884 917 942 modo
965 883 1193 959 magis,
1225 883 1418 946 modo
1446 885 1665 946 minus
1699 883 2014 946 elaborata
2035 885 2091 945 ei
2127 884 2424 945 videatur
2447 894 2639 964 atque
2673 875 2990 964 expolita;
3015 886 3406 964 quandoque

145 979 340 1041 etiam
391 980 622 1057 magis,
671 982 1075 1061 ouandoque
1144 983 1361 1045 minus
1413 983 1875 1063 TheOphylacti
1931 983 2145 1045 verbis
2207 981 2484 1044 astricta.
2551 983 2747 1062 Cujus
2821 984 3216 1046 diversitatis
3265 1001 3406 1045 eam

144 1097 407 1142 causam
456 1098 602 1143 esse
637 1090 818 1155 sciat,
850 1083 1023 1161 quod
1060 1099 1179 1162 ego
1210 1100 1337 1146 non
1384 1086 1813 1156 continenter,
1841 1084 1954 1144 sed
1993 1099 2105 1162 per
2154 1082 2322 1144 varia
2359 1083 2666 1160 temporis
2705 1083 3056 1160 intervalla,
3113 1085 3404 1163 adeoque

145 1186 204 1238 et
252 1180 434 1241 varia
477 1189 668 1242 utens
716 1184 1010 1259 corporis
1053 1184 1446 1257 valetudine,
1503 1186 1826 1266 variisque
1881 1185 2056 1245 curis
2101 1188 2248 1254 plus
2309 1185 2608 1246 minusve
2653 1184 3001 1259 distentus,
3071 1184 3403 1247 versiones

145 1279 990 1357 hujusmodielncubrarim
1052 1308 1068 1350 :
1127 1287 1299 1348 unde
1337 1285 1622 1365 aliquam
1681 1285 1834 1365 styli
1897 1293 2094 1366 atque
2151 1283 2702 1364 interpretationis
2749 1283 3191 1348 diversitatem
3245 1285 3402 1345 oriri

145 1396 420 1444 necesse
454 1383 602 1446 fuit.
629 1384 854 1457 Quoad
889 1395 1068 1448 notas
1101 1389 1350 1460 attinet,
1392 1389 1646 1452 noverit
1677 1392 1926 1464 Lector,
1959 1407 2061 1452 me
2093 1390 2362 1452 minime
2393 1390 2458 1452 id
2501 1389 2789 1452 muneris
2819 1388 2980 1452 mihi
3019 1388 3402 1468 sumpsisse,

144 1493 208 1544 ut
239 1491 425 1552 notis
476 1489 556 1550 de
590 1505 767 1552 more
798 1489 1112 1570 subjectis
1156 1491 1622 1571 TbeOphylacti
1661 1508 1855 1573 Opera
1890 1492 2283 1556 illustrarem
2322 1517 2338 1555 :
2373 1509 2586 1571 neque
2619 1493 2796 1553 enim
2827 1509 3095 1554 necesse
3137 1493 3210 1553 id
3247 1499 3406 1566 erat,

143 1606 360 1665 neque
400 1609 514 1670 per
542 1590 1001 1669 occupationes
1033 1607 1211 1653 meas
1255 1603 1317 1654 et
1355 1593 1646 1671 corporis
1684 1592 2116 1657 valetudinem
2153 1601 2456 1673 prmstare
2482 1592 2547 1654 id
2604 1592 2769 1654 mihi
2820 1592 3135 1655 licuisset.
3185 1592 3407 1654 Solum

141 1691 346 1769 igitur
383 1703 569 1755 netas
609 1694 860 1772 aliquas
886 1693 1194 1772 eperibus
1240 1711 1275 1756 a
1313 1712 1413 1757 me
1478 1694 1806 1758 translatis
1838 1694 1954 1757 hac
1989 1694 2270 1774 illaeque
2313 1695 2582 1774 aspersi,
2635 1694 2748 1756 ubi
2795 1692 2893 1755 vel
2954 1693 3154 1772 major
3191 1692 3404 1771 aliqua

144 1806 386 1866 urge-re
421 1792 777 1855 necessitas
813 1793 1177 1869 videbatur,
1211 1795 1306 1858 vel
1345 1803 1710 1874 promptum
1751 1796 2018 1857 omnino
2050 1806 2203 1869 erat,
2237 1797 2410 1875 quod
2445 1798 2838 1858 adnotarem.
2884 1794 3048 1857 Illud
3085 1801 3405 1872 postremo

142 1889 284 1950 loco
321 1892 725 1954 monendum
765 1901 1092 1971 superest,
1121 1911 1317 1957 sacrm
1346 1895 1690 1974 Scripturm
1727 1901 1942 1955 textus
1975 1893 2155 1972 juxta
2185 1893 2548 1954 versionem
2579 1891 2914 1974 Yulgatam
2947 1889 3241 1952 attulisse
3277 1908 3403 1957 me.

142 2003 204 2054 ut
233 1994 720 2058 Catholicorum
775 1997 888 2074 qui
939 1997 999 2058 ei
1026 2000 1269 2060 assueti
1331 2006 1508 2070 sunt,
1551 1999 1901 2060 commodo
1943 1995 2296 2076 prmsertim
2351 1973 2772 2068 inservirem;
2819 2004 3012 2074 atque
3063 2011 3194 2057 non
3243 1995 3405 2056 Novi

138 2098 478 2170 duntaxat,
537 2096 653 2158 sed
705 2096 896 2158 etiam
942 2099 1197 2159 Veteris
1242 2099 1638 2160 Testamenti
1695 2099 1885 2161 verba
1946 2097 2276 2161 atterendo
2328 2119 2342 2158 :
2400 2096 2547 2158 licet
2595 2095 3134 2177 TheOpbylactus,
3185 2103 3404 2173 utpote

138 2199 401 2258 Gmcus
458 2202 702 2268 auctor,
736 2195 947 2275 quoad
1012 2195 1401 2271 secundum,
1447 2204 1669 2268 utatur
1699 2199 2000 2260 versione
2053 2205 2175 2259 Τῶν
2230 2197 2426 2258 LXX.
2484 2196 2642 2256 Cum
2691 2177 2842 2255 vero
2879 2195 3163 2274 Vulgata;
3215 2195 3404 2258 verba

137 2299 300 2359 adeo
329 2295 673 2358 differrent
709 2312 744 2358 a
774 2297 988 2358 verbis
1021 2313 1132 2372 per
1152 2297 1703 2378 TheOpbylactum
1739 2287 1974 2370 allatis,
2003 2305 2071 2360 ut
2099 2297 2240 2378 ejus
2293 2295 2399 2360 ﬁni
2445 2295 2712 2357 minime
2748 2304 3178 2360 consentanea
3210 2297 3401 2360 vide-

141 2405 392 2472 rentur,
430 2405 580 2458 tunc
607 2397 896 2475 pressius
948 2413 1023 2459 ea
1055 2405 1302 2459 vertere
1337 2398 1774 2460 necessarium
1809 2399 2078 2464 omnino
2112 2399 2319 2460 visum
2358 2404 2479 2459 est.

215 2497 286 2557 L.
334 2499 480 2557 1am
525 2513 703 2573 vero,
758 2496 956 2559 lector
1011 2497 1276 2577 optime,
1338 2497 1534 2560 habes
1592 2499 1909 2572 omnium,
1974 2516 2118 2580 quae
2174 2507 2386 2562 tomus
2440 2501 2563 2561 iste
2612 2499 3080 2578 complectitur,
3132 2515 3402 2576 operum

141 2592 518 2674 laborisque
550 2611 585 2656 a
619 2611 719 2656 me
744 2595 808 2655 in
843 2611 920 2657 eo
951 2595 1264 2675 insumpti
1302 2594 1644 2656 rationem.
1674 2597 1898 2672 Quoad
1933 2595 2258 2676 duplicem
2304 2597 2476 2658 enim
2511 2598 2816 2668 Iudicem,
2845 2598 3134 2658 Grmcum
3167 2611 3396 2666 unum,

141 2695 552 2774 alterumque
582 2697 903 2768 Latinum,
937 2712 1103 2776 quos
1143 2704 1468 2774 postremo
1519 2694 1662 2757 loco
1696 2695 1925 2775 adieci,
1977 2695 2135 2758 nihil
2185 2695 2414 2768 habeo,
2460 2696 2636 2774 quod
2667 2695 2898 2763 dicam,
2935 2693 3061 2754 nisi
3095 2709 3194 2754 me
3221 2692 3284 2752 in
3320 2709 3398 2754 eo

143 2810 470 2874 spectasse
504 2797 822 2860 delectum
862 2799 1077 2876 potius
1108 2815 1296 2878 quam
1324 2798 1597 2874 copiam.
1629 2795 1802 2859 Nihil
1852 2797 2042 2858 etiam
2071 2802 2151 2859 de
2201 2797 2649 2876 impressionis
2679 2803 2968 2858 accurata
3000 2790 3400 2858 correctione

143 2897 386 2973 dicam;
415 2900 672 2979 quippe,
696 2917 840 2980 quae
881 2901 956 2963 ad
1003 2919 1103 2962 me
1135 2916 1264 2962 non
1309 2907 1576 2978 spectat,
1607 2899 1723 2960 sed
1755 2899 1832 2961 ad
1864 2916 2015 2962 eum
2055 2900 2168 2980 qui
2199 2901 2554 2978 specimina
2601 2901 2909 2963 correxit.
2947 2901 3169 2962 Solum
3203 2898 3402 2978 igitur

140 3015 312 3060 nunc
366 3007 693 3076 superest,
749 3007 821 3062 ut
868 3007 928 3062 te
976 3001 1170 3062 etiam
1216 3006 1412 3079 atque
1475 3001 1665 3062 etiam
1725 3015 1969 3077 rogem,
2030 3017 2244 3062 meum
2302 3000 2474 3061 hunc
2541 3000 3060 3080 qualemcunque
3117 2998 3396 3061 laborem

141 3107 206 3158 ut
234 3099 290 3158 si
329 3099 603 3177 probare
637 3101 904 3164 omnino
932 3117 1058 3164 non
1121 3103 1353 3179 possis,
1395 3108 1692 3163 conatum
1730 3100 1956 3163 saltem
2018 3116 2231 3164 meum
2281 3115 2467 3180 aequo
2498 3110 2809 3180 gratoque
2857 3103 3073 3164 animo
3105 3101 3399 3182 excipere

141 3199 325 3262 velis.

142 3623 504 3703 Nobilibus,
534 3625 866 3703 generosis
901 3631 1093 3698 atque
1131 3621 1797 3703 tnagniticisvirisp.
1829 3625 2042 3684 Marco
2075 3626 2389 3703 etJoanni
2424 3628 2749 3703 Fundanis
2770 3621 3100 3703 fratribus,
3130 3619 3396 3703 Antonii

215 3702 395 3773 ﬁliis,
427 3698 839 3781 Kirchpergaa
876 3711 936 3764 et
967 3698 1466 3781 Weissenltorni
1503 3698 1874 3781 baronibus,
1908 3709 2057 3781 etc,
2091 3702 2374 3766 dominis
2428 3703 2571 3765 suis
2617 3700 3017 3764 charissimis
3050 3707 3114 3763 et
3171 3698 3396 3762 amicis

216 3782 514 3854 summis,
562 3778 950 3843 Laurentius
983 3780 1336 3854 SlFANUS,
1364 3778 1836 3851 Prunsfeldius,
1867 3781 1926 3840 J.
1960 3779 2031 3840 U.
2068 3782 2324 3857 Doctor,
2357 3782 2417 3845 Β.
2451 3785 2516 3844 Ρ.
2553 3783 2625 3844 D.

231 4012 367 4068 Cum
424 4013 626 4067 abhinc
671 4010 988 4076 triennium,
1045 4013 1146 4067 viri
1205 4015 1480 4083 generosi,
1518 4015 1796 4072 Arnoldus
1842 4015 2266 4080 Bircomannus,
2312 4013 2729 4086 Agrippinensis
2777 4009 3092 4082 bibliopola,
3126 4010 3228 4065 ltoc
3261 4023 3400 4082 opus

143 4109 479 4164 scltoliornm
513 4109 569 4164 in
609 4111 743 4164 Acta
775 4111 1076 4181 apostolica
1111 4109 1218 4164 divi
1247 4108 1430 4174 Luem,
1464 4126 1529 4166 ex
1560 4111 1783 4168 Austria
1826 4129 1857 4167 a
1903 4112 2215 4168 clarissimo
2245 4112 2365 4166 viro
2406 4111 2467 4166 Ι).
2496 4110 2707 4166 Joanne
2753 4110 3029 4164 Sambuco
3067 4108 3133 4162 ad
3170 4123 3227 4162 se
3260 4109 3401 4163 mis-

144 4216 287 4262 sunt,
319 4201 450 4253 mihi
486 4199 832 4256 exhibuisset
861 4216 875 4253 :
906 4199 1052 4269 quod
1088 4211 1206 4254 erat
1237 4200 1520 4270 exemplar
1543 4201 1874 4268 obsoletum,
1904 4212 1959 4257 et
2004 4202 2328 4272 compendio
2361 4203 2664 4257 litterarum
2723 4202 2860 4256 adeo
2895 4201 3210 4255 intricatum
3234 4209 3401 4272 atque

139 4298 520 4359 obscuratum,
550 4303 610 4349 ut
636 4296 704 4352 ab
742 4295 1032 4351 admodum
1071 4295 1259 4365 paucis
1287 4295 1530 4352 Colonize
1562 4297 1668 4366 legi
1703 4306 1909 4367 posset,
1942 4313 2153 4355 mecum
2186 4312 2348 4368 agere
2378 4298 2565 4365 empit,
2592 4307 2650 4352 ut
2675 4297 3010 4366 susciperem
3038 4296 3155 4365 ejus
3182 4295 3397 4351 descri-

143 4389 298 4443 bendi
331 4390 597 4445 laborem.
627 4391 782 4445 Haud
818 4390 965 4446 enim
1002 4391 1288 4461 ignorabat
1317 4408 1402 4448 me
1451 4392 1582 4446 olitn
1616 4392 1844 4448 Lutetiae
1878 4393 2150 4461 ejusmodi
2184 4393 2567 4449 describendis
2599 4393 2833 4446 vetustis
2864 4393 3143 4446 codicibus
3183 4389 3394 4446 Graecis

142 4482 521 4548 exercitatum,
556 4482 700 4538 ltattd
740 4483 968 4538 multum
995 4483 1049 4538 in
1079 4484 1316 4539 lectione
1364 4499 1486 4538 esse
1526 4485 1928 4539 laboraturum.
1965 4484 2077 4554 Ego
2127 4499 2259 4540 vero
2313 4500 2436 4539 cum
2488 4484 2842 4552 intelligerem
2879 4499 3002 4538 eum
3069 4498 3206 4551 epus
3258 4482 3391 4535 illud

143 4572 323 4627 Gt-aeee
351 4575 518 4628 simul
550 4581 607 4628 et
636 4573 830 4651 Latine
869 4575 1154 4645 divulgare
1199 4578 1252 4630 in
1289 4576 1476 4630 animo
1504 4576 1726 4641 habere,
1783 4577 2068 4646 cupiebam
2101 4576 2318 4646 quidem
2359 4583 2414 4629 et
2447 4575 2521 4628 illi
2548 4591 2646 4645 pro
2682 4574 2921 4627 amicitia
2958 4589 3163 4628 morem
3198 4588 3394 4642 gerere

142 4671 189 4713 el
227 4663 454 4730 publica:
487 4665 714 4718 utilitati
752 4667 1044 4723 consulere
1077 4685 1093 4736 ;
1125 4667 1220 4724 sed
1250 4666 1563 4722 deterrebat
1595 4683 1682 4722 me
1713 4684 1836 4723 cum
1864 4670 2153 4738 scriptura:
2182 4667 2398 4722 exilitas
2433 4667 2610 4720 oculis
2651 4665 2892 4731 inimica,
2927 4674 3042 4719 tum
3079 4666 3387 4736 exemplum

145 4760 319 4813 minus
348 4760 725 4829 emendatum,
755 4763 1056 4832 prasertim
1087 4779 1212 4818 cum
1245 4763 1467 4820 deesset
1493 4763 1642 4818 aliud
1686 4763 2059 4834 apographtttn
2098 4766 2241 4818 unde
2285 4761 2482 4833 corrigi
2523 4761 2688 4831 hujus
2716 4769 2879 4832 atque
2923 4761 3203 4816 emendari
3255 4761 3387 4816 vitia

143 4863 375 4913 losscnt.
407 4852 624 4922 Itaque,
681 4870 994 4925 quanquam
1027 4871 1192 4926 a-gre,
1251 4857 1504 4912 concessi
1541 4864 1721 4911 tamen
1769 4857 1998 4926 petenti,
2034 4866 2089 4912 et
2141 4873 2253 4912 rem
2287 4857 2506 4926 suscepi
2551 4873 2566 4914 :
2599 4865 2652 4911 et
2684 4871 2806 4910 cum
2857 4855 3088 4910 vitandae
3121 4854 3390 4924 pestiferas

140 4946 473 5016 contagionis
504 4960 672 5002 causa
700 4962 785 5001 me
811 4947 866 5000 in
897 4947 1130 5016 patriam
1153 4963 1221 5002 ex
1263 4948 1402 5004 urbe
1429 4947 1784 5018 recepissem,
1817 4947 1962 5018 apud
1993 4947 2256 5003 Jacobum
2288 4946 2625 5002 Panhnsittm
2653 4945 2902 5002 abbatem
2937 4947 3182 5014 cmnobii,
3209 4945 3390 5000 Stein-

141 5032 317 5099 veldii,
349 5037 529 5090 virum
565 5046 621 5089 et
669 5035 889 5100 litteris,
920 5043 976 5091 et
1013 5037 1238 5107 pietate,
1295 5047 1352 5092 et
1399 5038 1688 5108 prudentia
1732 5039 2170 5104 ornatissimum,
2203 5039 2306 5094 hoc
2335 5055 2473 5109 eptts
2505 5038 2645 5092 hattd
2681 5039 2802 5092 sine
2841 5038 3081 5091 maxime
3105 5038 3291 5091 labore
3323 5051 3387 5089 ac

140 5127 349 5184 laesione
381 5131 672 5185 oculorum
697 5131 965 5201 descripsi
997 5150 1012 5192 ;
1051 5132 1198 5202 quod
1235 5133 1328 5187 ubi
1371 5134 1762 5204 transcriptum
1798 5134 2165 5197 Bircomanno
2197 5133 2420 5188 tradidi.
2451 5134 2546 5188 llle
2571 5147 2732 5202 porro
2763 5147 2975 5187 mecum
3005 5145 3163 5200 agere
3199 5128 3386 5201 cmpit,

137 5231 199 5272 ut
233 5223 367 5290 quod
391 5224 814 5294 descripserant,
847 5225 1009 5280 etiam
1040 5235 1418 5283 converterem
1451 5229 1504 5282 itt
1531 5243 1837 5284 sermonem
1868 5228 2147 5283 Latinum.
2173 5229 2286 5298 Ego
2317 5242 2445 5282 vero
2476 5227 2658 5298 (quod
2693 5226 2836 5281 haud
2873 5224 3185 5296 ignorabam
3219 5239 3388 5292 quan-

136 5322 318 5380 topere
348 5316 477 5368 mihi
504 5316 847 5370 aestuandum
886 5328 1053 5386 atque
1077 5318 1387 5373 sudandum
1417 5333 1560 5376 esset
1590 5321 1644 5374 in
1676 5336 1864 5390 opere,
1900 5320 2062 5388 cujus
2088 5335 2260 5375 unum
2293 5320 2561 5373 duntaxat
2589 5325 2831 5372 exstaret
2858 5315 3186 5384 exemplum,
3223 5315 3387 5384 idque

141 5405 321 5460 multis
353 5407 406 5460 in
439 5408 575 5464 locis
610 5407 868 5462 tnutilum
898 5417 1064 5478 atque
1090 5408 1494 5481 depravatum),
1526 5412 1921 5482 aliquantisper
1958 5421 2270 5478 cunctatus,
2307 5413 2523 5467 tandem
2563 5409 2843 5473 Ecclesiae,
2869 5409 2920 5461 in
2960 5417 3065 5460 tam
3101 5407 3218 5461 utili
3247 5424 3386 5480 prte-

135 5501 321 5554 sertim
371 5519 433 5558 ac
473 5505 568 5572 pio
603 5520 788 5574 opere,
835 5505 1092 5574 iuvandae
1132 5507 1338 5572 studio,
1379 5515 1543 5575 atque
1585 5508 1747 5562 etiam
1783 5508 2050 5563 tolerabili
2094 5523 2123 5561 a
2163 5506 2530 5562 Bircomanno
2559 5505 2843 5574 proposita
2889 5502 3224 5570 conditione,
3268 5521 3379 5560 rem

135 5604 421 5658 aggressus
456 5609 578 5650 sum
618 5613 632 5648 :
666 5609 730 5650 ac
781 5596 866 5648 vix
926 5596 1144 5649 tandem
1175 5595 1406 5652 absolvi.
1443 5596 1577 5651 Nam
1611 5614 2009 5669 saepenumero,
2055 5599 2183 5654 dum
2225 5598 2278 5652 in
2309 5598 2430 5652 loca
2465 5595 2653 5649 mutila
2684 5602 2845 5664 atque
2876 5605 3129 5666 corrupta
3177 5594 3380 5650 incide-

136 5682 464 5745 bam,ta:dio
512 5685 716 5740 laboris
765 5687 1081 5756 frequenter
1131 5690 1294 5756 irriti,
1325 5706 1388 5746 ac
1430 5694 1826 5763 propemodum
1879 5692 2260 5762 desperatione
2296 5693 2370 5746 rei
2426 5689 2656 5744 feliciter
2704 5689 3050 5744 absolvendm
3084 5689 3247 5760 (cum
3280 5706 3378 5744 nec

136 5787 345 5842 semper
375 5776 548 5831 otium
581 5779 770 5846 esset),
803 5780 872 5834 ab
897 5796 1061 5850 opere
1089 5785 1326 5848 cessavi,
1349 5785 1492 5854 quod
1527 5787 1850 5856 plerumque
1881 5784 2044 5840 etiam
2080 5785 2257 5838 facere
2289 5783 2457 5845 soleo,
2484 5782 2571 5836 ubi
2610 5782 2741 5836 mihi
2777 5783 2889 5853 ipse
2917 5799 3023 5837 non
3063 5781 3371 5838 satisfacio;

138 5882 241 5928 nec
265 5871 403 5928 enim
428 5874 563 5930 mibi
593 5878 924 5946 persuadere
953 5893 1201 5950 possum,
1245 5881 1313 5937 ab
1344 5881 1464 5939 aliis
1489 5881 1777 5952 probatum
1811 5881 1898 5946 iri,
1931 5880 2072 5951 quod
2106 5877 2462 5948 mihimetipsi
2481 5877 2780 5950 displiceat.
2816 5877 3000 5949 Itaque
3021 5897 3142 5935 eum
3177 5894 3368 5949 perpe-
