3860 6618
404 513 513 578 tas
1446 509 1867 574 LAURENTII
1919 512 2173 576 suum
2211 487 2624 576 ramento.
3544 509 3650 578 480

407 638 562 682 tuum
595 626 652 682 in
685 624 1056 683 convertenda
1095 639 1298 681 morem
1329 639 1549 682 servare
1572 627 1744 692 soleo,
1766 635 1948 681 utnon
1980 634 2105 682 ante
2136 642 2354 698 pergam
2385 643 2547 698 Opere
2571 629 2840 691 instituto,
2870 642 3032 698 quam
3060 627 3254 697 prioris
3289 627 3396 684 diei
3439 627 3652 685 labores

414 735 804 792 recognovero,
839 729 895 776 et
924 734 1097 790 usque
1125 733 1190 774 eo
1223 733 1534 787 correxere,
1562 728 1621 774 ut
1654 720 1838 775 animo
1869 735 1991 774 meo
2021 721 2202 790 aliquo
2233 721 2396 776 modo
2429 722 2681 778 satisﬁat.
2723 721 2799 777 Ac
2829 735 3137 791 quanquam
3167 719 3296 774 mihi
3321 734 3429 773 non
3453 721 3652 789 ubique

411 813 651 870 satisfeci
718 815 832 883 (qui
873 812 1017 866 enim
1049 811 1349 882 potuissem
1380 812 1434 866 in
1470 813 1537 869 iis
1573 814 1733 878 locis,
1759 813 1851 868 ubi
1885 823 2145 883 corrupto
2174 817 2390 884 penitus
2418 829 2482 870 ac
2510 815 2757 868 mutilato
2788 813 3100 884 apographo
3121 811 3471 881 conjecturas
3503 809 3652 878 sequi

415 923 640 963 necesse
671 906 834 961 habui
860 905 929 976 ?),
962 905 1129 960 malui
1162 913 1344 960 tamen
1379 921 1437 961 re
1462 915 1717 978 suscepta
1753 906 1910 962 ﬁdem
1936 921 2114 961 meam
2148 909 2404 973 liberare,
2434 923 2536 964 nec
2559 909 2838 962 hominum
2866 905 3332 976 exspectationem
3365 901 3653 971 frustrari,

415 1007 470 1053 et
509 999 713 1067 aliquid
746 1000 928 1068 potius
954 998 1006 1050 in
1048 1004 1203 1066 parte
1233 999 1439 1066 operis,
1466 998 1610 1069 quod
1646 997 1938 1068 aliquando
1969 998 2262 1064 sarciatur,
2317 999 2502 1053 minus
2530 997 2772 1068 probari,
2799 1011 2963 1066 quam
2996 1002 3169 1050 totum
3199 1008 3338 1062 opus
3376 991 3471 1047 diu
3512 991 3658 1047 desi-

419 1092 623 1146 derari.
658 1089 881 1146 Habetis
923 1091 1085 1146 simul
1121 1089 1412 1144 consilium
1446 1105 1625 1143 meum
1654 1089 1708 1144 in
1742 1090 2089 1160 suscipienda
2118 1107 2197 1156 re,
2230 1101 2279 1146 et
2320 1105 2378 1145 re
2407 1097 2686 1159 suscepta,
2715 1103 2941 1143 causam
2971 1103 3069 1142 cur
3098 1095 3206 1141 tam
3242 1100 3369 1142 sero
3395 1098 3536 1153 opus
3568 1082 3662 1136 ab-

412 1185 654 1240 solutum
711 1191 874 1251 atque
908 1182 1211 1252 perfectum
1255 1179 1482 1252 prodeat
1537 1181 1594 1234 in
1645 1182 1843 1234 lucem.
1891 1180 2027 1234 Cum
2061 1181 2227 1251 igitur
2262 1182 2412 1250 operi
2441 1181 2552 1251 jam
2589 1179 2980 1250 propemodum
3015 1177 3142 1233 ﬁnis
3169 1176 3465 1246 impositus
3495 1181 3662 1241 esset,

420 1284 584 1342 atque
614 1287 715 1342 ego
748 1286 960 1324 mecum
985 1271 1343 1326 deliberarem
1370 1279 1533 1340 atque
1557 1270 1926 1325 consultarent
1959 1286 2120 1340 quem
2158 1272 2241 1326 his
2282 1271 2565 1326 laboribus
2597 1269 2732 1325 meis
2761 1269 3111 1340 potissimum
3153 1267 3451 1338 deligerem
3484 1275 3665 1334 patro-

416 1379 570 1424 num,
606 1361 800 1415 amicis
831 1359 954 1414 aliis
993 1359 1152 1423 alios,
1172 1373 1375 1429 eosque
1401 1358 1770 1429 amplissimos
1791 1359 2010 1428 quidem
2042 1361 2209 1426 viros,
2239 1359 2334 1416 sed
2365 1360 2691 1429 quibuscum
2725 1359 2856 1414 mihi
2879 1359 3025 1412 nulla
3047 1357 3443 1428 propemodum
3477 1355 3664 1410 notitia

419 1456 811 1520 intercederet,
874 1455 1352 1526 proponentibus:
1411 1468 1511 1526 ego
1563 1470 1688 1510 cum
1751 1455 1993 1524 ineptum
2035 1463 2090 1510 et
2120 1456 2491 1525 importunum
2527 1468 2649 1510 esse
2691 1453 3027 1524 judicabam,
3061 1467 3384 1522 magnorum
3426 1451 3663 1504 virorum

417 1566 720 1620 eorumque
748 1550 1080 1619 ignotorum,
1107 1556 1160 1602 et
1188 1548 1253 1603 ad
1287 1563 1426 1617 quos
1456 1548 1664 1602 nullum
1705 1547 1830 1617 quis
1858 1547 2063 1602 aditum
2101 1549 2313 1613 habeat,
2353 1549 2623 1603 amicitias
2657 1554 2930 1617 appetere,
2963 1560 3027 1600 ac
3059 1561 3180 1601 sese
3217 1560 3324 1599 non
3362 1542 3525 1598 modo
3553 1558 3667 1598 ser-

419 1640 620 1704 viliter,
650 1655 835 1693 verum
874 1640 1039 1694 etiam
1075 1640 1419 1708 impudenter
1447 1640 1733 1695 insinuare
1765 1649 1922 1694 :tum
1955 1655 2089 1694 mea:
2124 1649 2334 1694 natura:
2365 1649 2530 1711 atque
2581 1640 2796 1710 ingenio
2827 1637 3078 1692 videbam
3118 1651 3231 1691 rem
3276 1651 3402 1692 esse
3437 1637 3667 1691 maxime

421 1737 708 1792 adversam
740 1747 793 1792 et
822 1738 1122 1793 inimicam.
1151 1738 1332 1808 Atque
1365 1738 1511 1793 haud
1544 1739 1862 1809 ignorabant
1886 1754 2000 1804 eos,
2039 1741 2239 1809 quibus
2281 1741 2484 1810 ignotis
2521 1737 2786 1808 ejusmodi
2820 1738 2996 1792 honos
3030 1735 3286 1799 habetur,
3319 1748 3430 1787 non
3464 1734 3668 1801 absque

423 1849 591 1889 causa
617 1833 888 1902 suspicari
918 1833 1095 1888 solere
1127 1848 1283 1888 suam
1308 1833 1377 1887 ab
1408 1833 1727 1888 hominibus
1755 1834 2086 1903 importunis
2117 1834 2548 1889 muniﬁcentiam
2583 1842 2748 1903 atque
2775 1833 3152 1886 liberalitatem
3201 1827 3484 1884 sollicitari
3520 1843 3536 1882 ε
3577 1825 3666 1880 sed

424 1925 469 1976 si
501 1928 625 1995 quis
659 1926 923 1980 beneficio
953 1925 1181 1982 aﬁ'ectus
1206 1925 1374 1979 animi
1416 1925 1502 1980 sui
1537 1926 1925 1994 gratitudinem
1957 1921 2240 1982 declarare
2263 1927 2497 1990 studeat,
2518 1942 2642 1981 eum
2683 1940 2792 1980 non
2828 1923 2991 1978 ntodo
3025 1939 3134 1977 non
3163 1920 3463 1984 oil'ettdere,
3487 1933 3664 1973 verum

423 2017 587 2070 etiam
619 2017 854 2084 laudent,
884 2017 928 2072 si
950 2018 1084 2071 nihil
1112 2016 1268 2072 aliull’
1292 2016 1554 2087 proﬁciat,
1583 2018 1650 2071 ab
1684 2017 2001 2074 hominibus
2025 2018 2169 2072 ferre
2196 2018 2394 2074 solere.
2423 2016 2556 2084 Quae
2585 2032 2708 2071 cum
2736 2016 2920 2070 animo
2942 2016 3226 2084 agitarem,
3261 2021 3427 2083 atque
3461 2011 3668 2081 perple-

425 2124 530 2164 xus
564 2111 821 2166 haererem
853 2110 940 2165 cui
975 2110 1074 2165 hos
1109 2125 1263 2166 meos
1313 2110 1534 2166 labores
1565 2110 1771 2180 absque
1795 2111 2101 2168 oﬁ‘ensione
2156 2122 2323 2183 atque
2369 2113 2771 2167 obtrectatione
2798 2112 3120 2180 cuiusquam
3176 2109 3488 2165 dedicarem
3536 2108 3662 2178 (non

425 2199 571 2252 enim
606 2199 899 2255 convenire
927 2214 1026 2255 nec
1044 2200 1308 2271 expedire
1337 2200 1642 2266 videbatur,
1663 2201 1864 2256 librum
1889 2202 2097 2273 absque
2127 2213 2358 2274 patrono
2377 2213 2539 2273 atque
2564 2202 2854 2258 defensore
2873 2201 3136 2272 judicium
3159 2201 3438 2256 hominum
3465 2199 3663 2255 subire.

427 2296 734 2364 prazsertim
766 2295 927 2364 cujus
965 2304 1159 2351 auctor
1187 2297 1353 2350 etiant
1385 2311 1531 2352 nunc
1561 2306 1874 2367 superesset
1905 2315 1918 2352 :
1967 2301 2168 2369 quippe
2197 2315 2321 2354 cum
2376 2299 2482 2354 vivi
2539 2300 2714 2370 magis
2759 2314 2920 2369 quam
2967 2297 3168 2352 mortui
3202 2295 3423 2351 invidia:
3451 2296 3661 2350 obnoxii

427 2389 600 2442 simus
627 2397 681 2442 et
707 2389 1146 2443 obtrectantibus
1173 2389 1513 2461 Opportuni),
1550 2405 1648 2446 vos
1677 2390 1806 2444 milti
1833 2391 1888 2446 in
1919 2393 2135 2463 primis.
2160 2402 2222 2447 ut
2249 2409 2347 2464 par
2375 2401 2482 2458 est,
2511 2393 2567 2448 in
2597 2403 2835 2448 mentem
2859 2391 3112 2456 venistis,
3147 2390 3347 2460 quibus
3378 2405 3486 2444 non
3517 2390 3666 2446 modo

430 2487 658 2551 pmpter
685 2491 892 2546 vetera,
918 2497 1105 2536 verum
1141 2483 1306 2536 etiam
1344 2483 1414 2537 ob
1444 2484 1685 2538 recentia
1722 2485 1939 2548 merita,
1990 2487 2105 2541 imo
2151 2502 2284 2542 vero
2316 2495 2540 2557 propter
2576 2495 2894 2557 perpetuam
2939 2499 3066 2553 erga
3113 2497 3199 2536 me
3257 2482 3662 2536 beneﬁcentiam

432 2581 594 2641 atque
623 2573 1017 2637 liberalitatem,
1049 2575 1291 2628 omnium
1321 2573 1476 2644 longe
1506 2575 1803 2645 plurimum
1849 2574 2126 2630 deberem.
2156 2576 2274 2631 Non
2326 2593 2412 2631 me
2455 2576 2718 2646 praeterit,
2779 2574 3014 2629 auribus
3071 2573 3267 2629 vestris
3313 2573 3576 2643 ingratam
3618 2579 3664 2622 et

431 2663 785 2732 injucundam
826 2679 952 2720 esse
1008 2665 1355 2719 immodicam
1395 2681 1458 2720 ac
1487 2667 1708 2722 nimiam
1750 2668 2094 2724 liberalitatis
2123 2677 2318 2724 vestra:
2378 2668 2816 2738 praedicationem
2858 2683 2872 2719 :
2915 2680 3102 2718 verum
3133 2665 3278 2726 date,
3305 2677 3505 2733 quaeso,
3537 2661 3665 2714 hanc

433 2755 649 2810 veniam
682 2756 834 2820 mihi,
868 2756 957 2810 cui
993 2757 1126 2811 nihil
1161 2774 1399 2829 unquam
1431 2761 1632 2828 petenti
1663 2761 1998 2830 denegastis,
2029 2759 2124 2814 sed
2166 2762 2399 2829 plurima
2446 2775 2552 2813 non
2587 2758 2790 2828 petenti
2822 2759 3112 2822 tribuistis,
3143 2765 3202 2810 ut
3228 2755 3538 2811 summatim
3564 2755 3658 2807 sal-

434 2855 543 2900 tem
570 2847 622 2902 in
664 2863 750 2903 me
772 2849 970 2903 collata
1007 2849 1273 2906 beneﬁcia
1304 2863 1484 2907 vestra
1517 2870 1854 2925 percurram.
1887 2854 2023 2910 Nam
2070 2855 2241 2924 patris
2276 2856 2466 2919 vestri,
2514 2855 2835 2924 amplissimi
2870 2862 3033 2922 atque
3061 2851 3252 2922 Optimi
3315 2849 3438 2912 viri,
3486 2851 3538 2902 in
3586 2863 3669 2901 me

437 2953 653 2992 summa
679 2941 879 2993 collata
913 2942 1198 3007 beneﬁcia,
1238 2945 1344 2997 alio
1386 2945 1504 2999 loco
1537 2946 1754 3000 abunde
1787 2946 1923 3001 satis
1953 2946 2398 3012 commemoravi,
2437 2961 2546 3016 quo
2577 2948 2685 2999 vita
2721 2942 2998 3008 defuncto,
3035 2958 3132 2997 vos
3163 2957 3271 2995 non
3304 2940 3464 2993 modo
3507 2938 3669 2992 facul-

436 3041 611 3086 tatum
635 3043 689 3088 et
719 3050 881 3104 opum
910 3035 1057 3090 illius
1087 3037 1331 3092 hazredes
1363 3039 1676 3102 esstitistis,
1704 3055 1894 3094 verum
1926 3040 2088 3093 etiam
2121 3041 2386 3094 virtutum
2435 3049 2488 3094 et
2535 3038 2878 3094 liberalitatis
2925 3038 2976 3090 in
3019 3035 3210 3106 primis
3249 3035 3545 3088 imitatores
3571 3031 3670 3084 fui-

440 3122 544 3177 stis
581 3140 595 3178 :
629 3140 749 3194 quae
770 3133 922 3180 tanta
953 3129 1161 3183 exstitit
1205 3146 1335 3201 erga
1375 3147 1482 3193 me,
1527 3140 1586 3185 ιιι
1627 3131 1774 3187 illius
1812 3134 2012 3187 mortui
2051 3131 2435 3187 liberalitatem
2480 3143 2646 3202 atque
2694 3130 3121 3186 muniﬁcentiam
3167 3128 3312 3182 haud
3361 3139 3670 3194 magnopere

441 3217 827 3274 desiderarim.
858 3220 1018 3290 Nam,
1049 3232 1107 3276 ut
1131 3225 1411 3294 superiora
1452 3236 1793 3296 praeteream,
1831 3243 1953 3296 qua:
2003 3227 2310 3296 frequentia
2358 3238 2520 3296 atque
2568 3227 2808 3296 ingentia
2857 3225 3098 3289 fuerunt,
3145 3222 3381 3293 primttm
3426 3234 3517 3273 vos
3555 3223 3700 3268 attte'

443 3308 750 3376 biennium.
796 3327 918 3367 cum
974 3315 1028 3369 in
1078 3317 1180 3372 hoc
1221 3332 1386 3389 opere
1435 3335 1704 3385 versarer,
1754 3322 1887 3374 nihil
1917 3322 2022 3375 tale
2054 3337 2164 3376 non
2197 3321 2359 3375 modo
2399 3322 2617 3390 petenti,
2653 3335 2840 3374 verum
2871 3321 3034 3372 etiam
3075 3332 3141 3371 ne
3167 3313 3430 3386 cogitanti
3469 3309 3667 3379 quidem

446 3401 642 3453 bonam
679 3405 922 3469 pecuniae
975 3420 1244 3460 summam
1291 3409 1420 3462 milti
1477 3410 1815 3480 suppeditari
1867 3425 1932 3465 ac
1985 3411 2399 3466 subministrari
2459 3411 2696 3464 curastis
2731 3425 2747 3464 :
2787 3408 3002 3473 deinde,
3035 3404 3289 3473 cumjam
3314 3401 3667 3456 liberalitatem

443 3498 682 3545 vestram
708 3493 872 3549 citius
904 3493 1184 3565 fatigatam
1207 3512 1329 3552 esse
1352 3501 1666 3568 suspicatus
1713 3499 1959 3564 fuissem,
1992 3516 2156 3568 quam
2219 3500 2428 3569 aliquid
2477 3497 2745 3568 ejusmodi
2779 3513 3024 3567 sperare,
3066 3495 3262 3549 nedum
3296 3504 3497 3561 petere,
3521 3503 3669 3542 ausus

444 3598 647 3649 essent,
680 3595 806 3640 ante
836 3601 1046 3656 paucos
1070 3604 1288 3644 menses
1312 3593 1619 3660 praeteritos
1643 3609 1797 3663 aeque
1827 3608 2022 3662 magna
2051 3601 2212 3662 atque
2245 3592 2467 3646 biennio
2502 3601 2629 3646 ante
2656 3608 2740 3646 me
2766 3605 2976 3645 summa
3005 3587 3249 3658 pecunia:
3273 3585 3537 3640 donastis.
3563 3584 3669 3648 Quo

446 3675 711 3732 beneficio
757 3687 1002 3747 tempore
1060 3684 1587 3752 Opportunissimoa
1617 3686 1774 3740 vobis
1805 3694 2051 3756 accepto,
2089 3701 2212 3740 cum
2248 3684 2500 3737 videlicet
2553 3683 2910 3738 deliberarem
2969 3697 3129 3752 quem
3189 3679 3529 3749 potissimum
3563 3677 3670 3730 huic

445 3767 625 3833 partui
657 3784 780 3822 meo
818 3777 1052 3827 tutorem
1086 3788 1149 3828 ac
1188 3774 1532 3830 defensorem
1572 3792 1848 3847 pararem,
1890 3779 2072 3833 omnis
2123 3778 2393 3832 dubitatio
2437 3777 2825 3846 cuuctatioque
2861 3775 2993 3829 mihi
3027 3771 3420 3844 propemodum
3449 3778 3669 3838 exempta

445 3867 530 3910 est
565 3874 580 3911 :
615 3874 738 3912 nam
772 3862 1013 3917 restabat
1045 3866 1210 3918 etiam
1242 3882 1388 3921 nunc
1424 3868 1717 3938 scrupulus
1753 3885 1914 3925 unus.
1957 3865 2222 3934 Quoniam
2254 3869 2416 3922 etiam
2453 3868 2713 3932 sciebam,
2748 3883 2857 3936 quo
2890 3868 3072 3920 minus
3101 3863 3381 3934 appetitis,
3417 3876 3480 3916 eo
3511 3861 3673 3930 plures

447 3949 600 4003 vobis
613 3950 846 4006 honores
866 3953 1088 4019 deferri,
1105 3971 1167 4035 ac
1186 3959 1386 4014 multos
1411 3959 1657 4015 homines
1670 3961 1858 4016 doctos
1869 3963 2026 4016 vobis
2043 3976 2171 4017 suos
2192 3961 2404 4016 labores
2430 3970 2591 4029 atque
2614 3959 3020 4014 lucubrationes
3046 3959 3349 4023 dedicasse,
3367 3953 3674 4011 subverebar

452 4055 523 4094 ne
560 4042 775 4096 animos
805 4052 1016 4099 vestros
1050 4045 1252 4102 talibus
1274 4049 1448 4118 epulis
1480 4052 1708 4107 satiatos
1736 4062 1900 4122 atque
1933 4052 2170 4122 repletos
2193 4052 2572 4118 intempestiva
2593 4051 2965 4106 benevolentia
2989 4050 3318 4104 oﬂ'cnderem
3348 4049 3508 4102 citius
3531 4059 3672 4115 quam

449 4127 559 4182 hoc
586 4144 786 4198 genere
813 4131 972 4185 ofﬁcii
1005 4136 1236 4202 gratiam
1267 4151 1297 4190 a
1334 4138 1490 4194 vobis
1523 4139 1742 4196 inirem.
1767 4141 1875 4196 Sed
1909 4150 2088 4197 tanten
2130 4158 2254 4196 cum
2280 4143 2416 4196 liber
2433 4143 2637 4210 absque
2667 4152 2899 4212 patrono
2925 4141 3150 4196 omnino
3183 4155 3288 4194 non
3317 4137 3671 4208 divulgandus,

461 4233 564 4274 nec
595 4220 875 4274 hominum
900 4222 1113 4292 judicio
1141 4226 1486 4296 objiciendus
1511 4245 1636 4286 esse
1671 4233 1965 4296 videretur,
1991 4242 2045 4288 et
2076 4248 2184 4286 non
2210 4233 2346 4287 satis
2371 4231 2458 4292 pie
2496 4246 2595 4286 nec
2627 4241 2776 4286 recte
2805 4248 2889 4287 me
2918 4231 3189 4286 facturum
3227 4245 3351 4284 esse
3371 4229 3673 4297 judicarent,

467 4312 513 4364 si
541 4311 698 4366 vobis
733 4315 1022 4380 pra-teritis
1056 4318 1193 4372 alios
1220 4319 1350 4372 mihi
1379 4328 1639 4389 patronos
1665 4339 1966 4392 quaererem
1995 4327 2125 4393 (non
2158 4327 2304 4380 enim
2337 4337 2658 4382 cancrorum
2691 4324 2969 4378 hominum
3001 4321 3188 4376 eadem
3227 4335 3348 4389 qua:
3373 4330 3543 4375 vestra
3569 4325 3676 4372 sunt

477 4403 674 4471 ttdicia)
695 4406 859 4460 malui
879 4409 929 4461 in
955 4408 1092 4462 hanc
1119 4419 1323 4480 partem
1342 4427 1584 4481 peccare,
1604 4431 1764 4484 quam
1781 4417 2034 4485 cuiquam
2053 4418 2232 4472 minus
2250 4419 2497 4488 prudenti
2516 4433 2620 4474 non
2650 4419 2784 4472 satis
2805 4425 2993 4486 gratus
3025 4412 3219 4468 videri.
3242 4411 3361 4467 Non
3387 4415 3526 4466 enim
3546 4411 3676 4465 video

456 4510 556 4550 nec
596 4513 813 4566 sperare
836 4516 1052 4568 possunt
1092 4501 1210 4556 fore
1234 4505 1532 4574 aliquando
1555 4514 1790 4576 tempus,
1827 4524 1935 4577 quo
1959 4509 2066 4562 alio
2089 4510 2248 4563 oﬁicii
2288 4525 2486 4578 genere
2512 4516 2676 4578 atque
2706 4509 2832 4570 hoc,
2860 4515 3040 4562 vestra
3075 4507 3335 4560 beneﬁcia
3372 4503 3674 4561 remunerari

455 4590 684 4656 possim,
749 4591 952 4660 quippe
990 4609 1114 4646 cum
1158 4594 1292 4648 nihil
1331 4598 1464 4650 mihi
1519 4608 1770 4668 suppetat
1830 4608 2028 4667 prteter
2078 4600 2437 4655 voluntatem.
2494 4599 2611 4654 Huc
2653 4600 2864 4654 accedit
2901 4598 3046 4668 quod
3087 4597 3338 4651 videbam
3375 4595 3515 4650 haud
3543 4593 3679 4648 facile

457 4679 596 4733 alios
643 4695 712 4735 cx
772 4698 1001 4736 numero
1035 4687 1336 4740 amicorum
1381 4698 1576 4755 pua‘ter
1609 4704 1706 4742 vos
1744 4705 1828 4742 me
1862 4691 2105 4760 reperire
2147 4706 2328 4760 posse,
2376 4692 2467 4760 qui
2503 4706 2625 4744 cum
2665 4698 2886 4759 propter
2909 4689 3194 4758 utriusque
3227 4688 3423 4756 linguae
3456 4685 3673 4756 peritiam

459 4774 603 4829 haud
641 4778 914 4847 vulgarem
946 4781 1152 4849 optime
1204 4783 1270 4836 de
1321 4783 1633 4851 huiusmodi
1692 4786 1912 4854 scriptis
1963 4784 2215 4852 judicare
2247 4793 2486 4855 possent,
2541 4793 2654 4838 tum
2707 4783 2939 4838 candide
2965 4793 3128 4851 atque
3165 4783 3384 4836 sincere
3410 4774 3676 4848 iudicaturi

463 4875 666 4920 σεδεεῐιι·
697 4869 1064 4935 Quamobrem
1093 4889 1122 4928 a
1151 4875 1302 4929 vobis
1338 4891 1435 4945 pro
1469 4886 1648 4930 vestra
1685 4879 1740 4931 in
1783 4894 1867 4932 me
1896 4886 2156 4946 perpetua
2184 4893 2248 4931 ac
2283 4877 2516 4931 maxima
2540 4875 2914 4931 benevolentia
2943 4874 3205 4943 majorem
3243 4873 3298 4926 in
3341 4872 3554 4925 modum
3578 4873 3679 4936 pcto

460 4973 777 5030 quaesoque,
809 4973 864 5015 ut
888 4963 1032 5018 hunc
1067 4980 1288 5033 parvum
1314 4976 1370 5020 et
1395 4969 1651 5034 exiguum
1687 4975 1924 5034 partum,
1952 4982 2113 5036 quem
2141 4967 2295 5021 vobis
2329 4967 2382 5021 in
2414 4967 2720 5020 clientelam
2751 4973 2804 5020 et
2839 4965 2996 5019 ﬁdem
3029 4963 3376 5026 commendo,
3409 4963 3476 5017 ab
3513 4956 3680 5015 invidis

462 5051 611 5106 omni
653 5067 756 5120 ope
782 5055 944 5118 tueri,
973 5071 1002 5108 a
1031 5057 1525 5112 calumniatoribus
1553 5067 1606 5111 et
1632 5058 2097 5113 obtrectatoribus
2133 5057 2392 5112 omnibus
2426 5059 2634 5111 viribus
2666 5055 2960 5111 defendere
2992 5055 3171 5109 velitis
3213 5071 3227 5107 :
3262 5055 3359 5124 qui
3395 5054 3440 5108 si
3483 5068 3512 5107 a
3553 5049 3680 5102 vobis

461 5145 658 5214 dignus
710 5145 983 5213 judicatus
1039 5147 1200 5201 fuerit
1247 5163 1406 5216 quem
1457 5148 1880 5216 atnplectamini,
1930 5164 2091 5216 quem
2154 5149 2208 5202 in
2255 5147 2515 5201 familiam
2574 5157 2807 5202 vestram
2881 5146 3160 5216 recipiatis
3188 5154 3355 5214 atque
3384 5143 3618 5205 foveatis,
3643 5138 3678 5191 si

467 5237 786 5296 hominibus
827 5243 932 5309 piis
961 5254 1008 5294 et
1036 5242 1304 5297 studiosis
1334 5240 1632 5310 aliquando
1666 5241 1818 5296 utilis
1857 5241 2044 5306 fuerit,
2075 5243 2214 5297 nihil
2250 5242 2384 5296 toihi
2433 5243 2558 5296 istic
2605 5241 2914 5304 vindicabo,
2971 5241 3028 5294 in
3063 5254 3163 5294 vos
3201 5254 3396 5294 omnes
3425 5233 3680 5300 menij

464 5332 758 5396 transfero,
786 5347 1018 5400 quorum
1053 5332 1255 5401 opibus
1285 5334 1508 5400 adjutus
1539 5342 1592 5385 et
1621 5341 1982 5397 sustentatus,
2022 5333 2167 5388 hunc
2199 5333 2384 5388 fretum
2420 5333 2651 5400 produxi
2705 5351 2719 5386 :
2775 5333 2869 5401 qui
2900 5331 3078 5387 sicubi
3111 5329 3418 5385 deformior
3465 5328 3681 5382 minusve

466 5423 737 5493 pet-fectus
769 5432 823 5476 et
878 5424 930 5477 in
975 5423 1154 5491 aliqua
1193 5433 1345 5491 parte
1379 5422 1462 5477 sui
1505 5422 1725 5476 ntutiltts
1755 5435 1818 5476 ac
1845 5421 2175 5492 depravatus
2207 5425 2543 5492 apparuerit,
2589 5424 2692 5477 hoc
2723 5425 2917 5492 partim
2951 5423 3101 5475 vitiis
3125 5421 3317 5474 matris
3339 5420 3554 5481 Graecae,
3583 5424 3682 5484 qua?

467 5517 599 5571 mihi
629 5516 771 5570 haud
802 5519 1117 5588 incorrupta
1139 5516 1429 5572 conciliata
1461 5523 1563 5576 est,
1591 5515 1938 5569 attribuitote
1975 5531 1989 5567 :
2026 5515 2224 5584 partim
2260 5532 2390 5572 meae
2416 5516 2756 5571 inbecillitati
2781 5516 3139 5586 assignatote,
3176 5531 3206 5568 a
3257 5529 3390 5582 quo,
3424 5515 3681 5578 superante

469 5608 612 5660 malo
641 5609 784 5663 vires
822 5618 876 5662 et
908 5608 1185 5678 ingenium
1220 5607 1470 5670 artiﬁcis,
1504 5605 1686 5658 omnia
1746 5605 1946 5675 corrigi
2000 5615 2057 5661 et
2111 5606 2389 5660 emendari
2431 5622 2536 5661 non
2592 5614 2910 5676 potuerunt.
2948 5605 3082 5661 Nam
3113 5607 3158 5661 si
3191 5607 3316 5675 quis
3375 5603 3600 5672 iniquior
3639 5608 3682 5651 et

473 5698 767 5764 malignior
799 5697 966 5764 judex
1011 5703 1146 5761 haec,
1176 5713 1296 5766 qum
1334 5695 1401 5750 de
1437 5695 1626 5748 matris
1658 5694 1857 5749 Grmcm
1893 5695 2038 5749 vitiis
2067 5697 2211 5759 dico,
2251 5697 2430 5750 minus
2469 5697 2682 5751 sincera
2716 5707 2878 5765 atque
2906 5696 3117 5765 integra
3149 5695 3254 5750 ﬁde
3292 5709 3320 5747 a
3372 5710 3457 5747 me
3485 5687 3684 5762 proferri»

475 5792 864 5859 suspicabitur.
894 5792 1188 5860 producam
1242 5807 1430 5845 eorum
1460 5805 1580 5860 quae
1614 5791 1737 5844 dico
1773 5789 2265 5858 locupletissimum
2305 5797 2517 5854 testem,
2579 5791 2946 5845 clarissimuttt
2999 5789 3490 5855 doetissimumque
3536 5783 3680 5834 Virum

473 5883 536 5939 D.
569 5874 833 5940 Joannem
871 5883 1200 5942 Sambucum
1236 5883 1574 5940 Pannonium
1609 5900 1620 5934 :
1684 5884 1739 5937 in
1768 5882 1888 5952 ejus
1914 5881 2057 5943 enim
2103 5888 2376 5952 potestate
2404 5883 2595 5938 matris
2639 5882 2799 5938 istius
2831 5891 3082 5953 parentes
3119 5890 3268 5945 sunt,
3304 5887 3357 5942 et
3386 5874 3676 5934 clarissim»
