3860 6548
198 368 310 436 481
1245 359 1668 425 LAURENTII
1696 356 1951 420 SIFANI
1979 357 2396 421 PREFATIO.
3333 357 3442 424 4'82

197 477 525 548 gravissima
555 477 976 549 ﬁrmissimaque
996 483 1215 532 exstant
1245 488 1458 537 eorum,
1485 483 1608 538 qua:
1635 467 1781 533 dico,
1826 467 1983 538 signa
2013 475 2176 538 atque
2217 453 2570 523 documenta.
2599 465 2725 524 Haec
2753 481 2851 525 vos
2903 466 3113 524 ideirco
3141 471 3442 525 monendos

201 586 335 627 esse
354 572 614 642 iudicavi,
643 580 702 626 ut
733 571 1118 627 instructiores
1147 567 1270 624 sitis
1303 563 1569 619 adversus
1597 575 1693 616 eos
1729 561 1820 629 qui
1853 561 2018 615 istum
2049 558 2242 614 fretum
2283 561 2558 616 voluerint
2595 562 2914 633 impugnare
2939 599 2955 623 ,
2995 575 3123 614 nam
3175 571 3437 630 quantum

197 661 256 715 in
294 677 378 716 me
411 663 536 726 fuit,
563 663 699 718 nulli
734 679 836 719 nec
861 663 1033 718 labori
1066 676 1168 717 nec
1199 658 1492 728 diligentiae
1523 656 1576 709 in
1609 669 1672 708 eo
1711 653 1964 723 ﬁngendo
1993 661 2157 723 atque
2191 653 2478 710 formando
2507 670 2744 725 unquam
2779 655 3014 724 peperci.
3051 651 3192 718 Quid
3229 651 3442 722 pra-sti-

192 753 359 805 terim
421 753 618 822 quidve
669 762 958 810 assecutus
1005 753 1132 818 sint,
1177 750 1440 821 quoniam
1487 755 1704 803 exstant
1763 747 2092 800 documenta
2149 746 2335 802 Graiee
2391 757 2557 818 atque
2613 746 2827 810 Latine,
2891 755 3052 816 atque
3109 744 3244 798 adeo
3282 751 3446 798 caete-

196 856 389 895 rorum
421 842 703 898 hominum
739 844 1027 914 utriusque
1055 843 1251 912 linguae
1277 843 1600 910 peritorum,
1627 836 1674 890 si
1706 834 1962 890 vitiorum
1989 833 2152 892 modo
2173 842 2485 890 memoratae
2503 837 2693 891 matris
2712 835 2912 891 Graecae
2940 833 3202 889 rationem
3241 833 3445 886 habue-

194 938 342 1001 ritis,
373 938 584 1006 judicio
621 940 898 1008 permitto.

267 1025 430 1090 Quod
467 1029 658 1083 attinet
688 1028 755 1082 ad
785 1031 1050 1083 rationem
1085 1036 1414 1098 temporum,
1464 1027 1666 1098 quibus
1697 1025 1892 1079 vixerit
1921 1021 2364 1094 Theophylactus
2401 1020 2668 1092 Bulgaria;
2699 1022 3165 1092 archiepiscopus,
3195 1017 3440 1074 nondum

193 1116 332 1171 mihi
393 1121 530 1174 satis
564 1131 818 1174 constare
865 1121 1038 1187 potuit
1071 1138 1084 1174 :
1119 1128 1179 1174 ut
1224 1123 1366 1175 enim
1421 1119 1695 1187 conjicere
1741 1130 1984 1184 possum,
2032 1116 2217 1185 plures
2248 1116 2351 1170 hoc
2395 1116 2613 1171 nomine
2638 1114 2876 1170 fuerunt.
2918 1116 3052 1169 Nam
3083 1114 3446 1184 Nieephorun

196 1207 600 1264 Ecclesiasticre
632 1209 888 1265 Historia:
921 1212 1012 1266 lib.
1047 1228 1156 1276 xiv,
1185 1227 1306 1282 cap.
1343 1213 1431 1275 59,
1465 1211 1555 1264 ubi
1582 1210 1649 1264 de
1675 1209 2034 1264 translatione
2061 1207 2267 1276 aliquot
2293 1207 2673 1278 episcoporum
2721 1206 2852 1277 agit,
2888 1207 3088 1261 Basilio
3128 1203 3444 1274 Porphyro-

191 1314 434 1368 genneta
467 1303 941 1375 Constantinopoli
978 1306 1302 1374 imperante,
1339 1305 1805 1376 TheOphylactum
1850 1302 2141 1372 quemdam
2177 1301 2444 1357 Sebastiae
2485 1303 2826 1371 episcOpum-
2855 1301 3074 1355 Rosiam
3114 1299 3444 1353 translatum

192 1409 324 1450 esse
353 1397 572 1451 scribit.
598 1395 926 1452 Wilhelmus
955 1397 1258 1460 Lindanus.
1285 1412 1458 1454 sacrae
1487 1396 1774 1465 theologia
1805 1394 2086 1463 professor
2112 1392 2492 1459 Lovaniensis,
2529 1393 2582 1448 in
2613 1392 2965 1461 chronoIOgia
3003 1406 3165 1461 quam
3207 1389 3272 1442 ad
3298 1387 3450 1442 fron-

191 1495 308 1541 tv-m
335 1502 452 1541 sum
481 1488 758 1559 Panoplia:
783 1491 1054 1559 apposuit,
1085 1487 1547 1558 Theophylactum
1571 1487 1884 1560 quemdam,
1917 1500 2078 1557 quem
2120 1485 2174 1539 in
2204 1484 2294 1538 illa
2323 1498 2420 1539 sua
2453 1482 2714 1552 Pauoplia
2738 1484 2880 1538 inter
2910 1492 3136 1537 ceteros
3169 1490 3446 1535 auctorem

192 1587 430 1634 secutus
461 1582 556 1648 sit,
602 1596 746 1636 anno
792 1597 821 1636 a
867 1585 1152 1638 nativitate
1185 1583 1399 1638 Domini
1437 1581 1921 1653 septingentesimo
1971 1579 2177 1635 vix-isse
2221 1578 2514 1650 signiﬁcat,
2555 1577 2650 1633 sed
2693 1578 2854 1646 c'ujus
2885 1576 3124 1631 civitatis
3152 1572 3441 1642 episcopus

195 1669 391 1735 fuerit,
428 1686 537 1726 non
570 1673 779 1744 adjicit.
807 1675 900 1730 Est
935 1683 1116 1730 autem
1143 1675 1462 1739 verisimile,
1494 1673 1753 1743 quoniam
1787 1673 1993 1727 nullius
2024 1670 2275 1736 alterius,
2303 1670 2448 1740 quod
2469 1668 2720 1739 equidem
2753 1668 2946 1734 sciam,
2977 1667 3180 1734 scripta
3206 1674 3446 1728 exstant,

195 1756 347 1815 hunc
369 1763 844 1835 archiepiscopum
875 1765 1139 1836 Bulgaria:
1172 1765 1239 1818 ab
1267 1764 1359 1818 illo
1385 1763 1710 1834 signiﬁcari,
1747 1777 1909 1832 quem
1945 1762 2110 1815 etiam
2143 1760 2408 1816 Erasmus
2439 1759 2808 1830 Chrysostomi
2859 1756 3294 1813 abbreviatorem
3326 1769 3448 1808 esse

195 1850 360 1918 dixit,
405 1864 460 1909 et
490 1856 680 1912 titulus
715 1858 878 1928 hujus
911 1859 1093 1929 operis
1129 1858 1229 1910 hoc
1252 1872 1363 1926 pra:
1393 1871 1452 1911 se
1479 1855 1603 1909 fert.
1633 1853 1768 1908 Nam
1811 1871 1918 1909 non
1961 1854 2138 1908 solum
2170 1867 2235 1907 ex
2272 1851 2486 1906 Joanne
2522 1851 2937 1920 Chrysostomo,
2964 1863 3152 1902 verum
3189 1847 3352 1908 etiam
3379 1863 3446 1901 ex

195 1943 431 2012 Basilio,
478 1946 704 2017 Cyrillo,
763 1947 987 2015 Severo,
1010 1960 1074 2006 et
1106 1951 1382 2006 nonnullis
1410 1949 1555 2011 aliis,
1585 1963 1706 2018 quae
1733 1947 1798 2000 ad
1841 1947 2176 2016 propositum
2210 1955 2264 2002 et
2305 1960 2417 1999 rem
2459 1944 2761 1999 institutam
2790 1942 3066 2011 pertinere
3104 1939 3448 2004 viderentur,

195 2036 512 2108 desumpsit
536 2047 590 2094 et
617 2040 670 2094 in
697 2056 864 2094 unum
892 2056 1093 2111 corpus
1124 2043 1396 2097 contraxit
1430 2058 1445 2095 :
1488 2054 1649 2110 quam
1677 2053 1787 2091 rem
1822 2051 1928 2090 non
1963 2018 2330 2104 modoogenus
2355 2033 2596 2096 dicendi,
2644 2032 2688 2087 si
2721 2032 2844 2102 quis
2892 2031 3133 2085 animum
3181 2032 3450 2094 attendat,

192 2141 394 2182 verum
427 2131 592 2184 etiam
633 2133 850 2187 nomina
882 2144 1162 2188 auctorum
1195 2132 1250 2187 in
1279 2132 1521 2201 tnargine
1553 2135 1815 2182 annotata
1846 2127 2154 2194 signiﬁcant
2194 2134 2354 2196 atque
2388 2125 2685 2180 declarant.
2711 2123 2948 2178 Joannes
2973 2121 3454 2192 OEcolampadius,

193 2233 249 2294 in
279 2220 608 2288 praefatione
632 2239 793 2293 quam
827 2225 1080 2294 apposuit
1108 2221 1492 2294 TlieOphylacti
1520 2229 1752 2292 quatuor
1780 2217 2192 2289 Evangeliorum
2227 2217 2679 2288 explicatinn'bus
2706 2215 2774 2270 ab
2827 2230 2947 2270 sese
2985 2217 3283 2276 conversis.
3317 2213 3408 2267 nili
3437 2214 3452 2266 l

194 2313 350 2367 aliud
380 2329 542 2381 quam
575 2317 724 2369 illurn
762 2318 903 2372 inter
925 2317 1139 2371 Graecos
1165 2317 1443 2386 theologos
1469 2315 1824 2368 recentiorem
1845 2313 2012 2365 fuisse
2029 2311 2318 2379 signiﬁcat,
2365 2309 2459 2366 sed
2491 2309 2634 2363 haud
2670 2307 2820 2362 falsis
2845 2323 2966 2362 eum
2990 2306 3242 2363 laudibus
3269 2317 3453 2369 ornat.

194 2417 344 2472 quas
371 2405 418 2459 si
454 2405 578 2474 quis
611 2408 858 2476 requirit,
891 2421 958 2458 ne
982 2407 1050 2459 ah
1079 2405 1200 2461 aliis
1223 2405 1357 2459 bene
1388 2404 1531 2458 diota
1573 2403 1705 2456 mihi
1737 2416 1859 2455 cum
1879 2399 2098 2456 fastidio
2130 2399 2422 2469 legentium
2454 2411 2695 2468 repetere
2726 2415 2946 2454 necesse
2977 2400 3066 2464 sit,
3104 2400 3249 2453 illinc
3287 2409 3454 2468 petat,

199 2503 372 2562 atque
394 2496 561 2549 etiam
595 2512 659 2552 ex
689 2497 1008 2566 praefatione
1031 2495 1236 2551 Nicolai
1273 2495 1504 2556 Beraldi,
1535 2508 1655 2563 quae.
1689 2493 1978 2563 praeposita
2015 2499 2099 2546 est
2132 2489 2558 2545 Commentariis
2590 2484 2735 2546 illius
2768 2490 2820 2544 in
2843 2489 3112 2560 Epistolas
3131 2491 3239 2544 divi
3268 2492 3450 2557 Pauli,

196 2602 228 2639 a
258 2585 670 2656 Cbristophoro
702 2588 963 2653 Porsena,
990 2588 1256 2652 Romano,
1295 2587 1349 2640 in
1376 2584 1631 2639 Latinum
1668 2599 1972 2639 sermonem
2003 2582 2286 2636 conversis
2315 2600 2327 2635 :
2370 2582 2461 2651 qui
2490 2581 2509 2652 (
2541 2582 2684 2652 quod
2721 2584 2994 2652 praeterire
3021 2598 3132 2637 non
3177 2599 3400 2653 possum
3434 2584 3455 2652 )

205 2693 225 2725 ι
267 2674 459 2731 Unum
511 2677 634 2744 hoc,
683 2680 880 2749 inquit,
941 2680 1073 2734 satis
1133 2686 1369 2744 constat,
1417 2677 1471 2732 in
1508 2678 1593 2731 his
1625 2674 2048 2731 Commentariis
2080 2673 2168 2743 pia
2199 2688 2320 2729 esse
2350 2675 2537 2728 omnia
2567 2685 2622 2729 et
2661 2673 2965 2729 orthodoxa
2996 2674 3262 2746 longeque
3294 2679 3362 2728 ah
3387 2675 3456 2728 iis

201 2769 535 2824 dissidentia
570 2785 694 2838 quae
721 2771 1096 2840 theologorum
1120 2770 1314 2837 vulgus
1347 2769 1588 2839 quotidie
1623 2781 1825 2837 magno
1864 2764 2160 2834 supercilio
2201 2765 2433 2820 indocta,-
2469 2765 2639 2834 plebis
2682 2767 2909 2822 auribus
2949 2767 3211 2821 inculcat.
3243 2766 3456 2837 Ubique

205 2863 364 2918 enim
397 2866 762 2934 apostolicum
800 2873 989 2933 pectus
1040 2878 1151 2916 non
1183 2864 1346 2917 modo
1399 2860 1636 2930 explicat
1685 2859 1870 2928 operis
1903 2859 2068 2928 hujus
2103 2867 2319 2922 auctor,
2344 2855 2438 2912 scd
2472 2858 2634 2910 etiam
2665 2857 2853 2921 refert,
2889 2857 3031 2926 sapit
3069 2871 3132 2911 ac
3155 2858 3352 2925 spirat,
3401 2860 3453 2912 id

198 2956 360 3025 quod
395 2971 560 3026 quam
593 2956 782 3027 paucis
813 2956 1008 3009 merito
1039 2955 1386 3008 tribuendum
1423 2955 1517 3016 sit,
1568 2951 1727 3006 facile
1785 2951 2075 3021 intelliget,
2139 2950 2234 3019 qui
2288 2950 2522 3004 mvitios
2556 2949 2836 3018 theolOgos
2870 2949 3111 3018 antiquis
3145 2948 3273 3013 illis,
3330 2965 3454 3004 cum

203 3046 426 3101 Latinis
469 3059 583 3101 tttm
618 3046 842 3112 Gnazcis,
874 3047 1266 3116 composuerit.
1305 3068 1324 3097 ι
1368 3047 1494 3099 Haec
1523 3043 1806 3100 Beraldus.
1835 3044 2288 3115 OEcolampadius
2319 3043 2584 3114 prolixius
2609 3058 2670 3097 ac
2702 3042 3015 3114 singulatim
3067 3039 3455 3111 Theophyiacti

205 3139 446 3194 virtutes
491 3139 835 3210 persequitur
869 3147 1033 3208 atque
1089 3144 1355 3191 recenset.
1392 3133 1824 3204 ChristOphorus
1845 3135 2110 3199 Porsena,
2144 3137 2199 3188 in
2230 3149 2327 3190 sua
2356 3133 2677 3188 Praef-alioue
2706 3131 2772 3185 ad
2803 3132 3017 3186 Sixtum
3045 3131 3112 3186 IV
3146 3134 3455 3204 pontiﬁcem

205 3231 546 3296 Romanum,
607 3230 1000 3302 Theophylacti
1069 3237 1374 3298 temporum
1435 3229 1636 3282 nullam
1705 3227 1836 3282 lacit
1892 3229 2249 3281 mentionem.
2313 3223 2461 3280 Misit
2514 3225 2579 3278 ad
2641 3238 2741 3278 nos
2777 3222 3112 3279 D.Joanues
3153 3223 3458 3279 Sambucus

203 3327 518 3382 orationem
549 3325 790 3381 Graecam
822 3326 923 3380 hac
950 3326 1306 3395 inscriptione
1339 3342 1354 3378 :
1388 3323 1727 3392 Θεοφυλάκτο

1937 3323 2068 3385 ςείς
2117 3321 2208 3374 τὸν
2246 3321 2626 3390 αὑτοκρατορα
2669 3321 2860 3390 κύριον
2929 3319 3164 3384 ’Λλέξιον
3217 3322 3308 3372 τὸν
3356 3322 3461 3374 Κο-

208 3423 440 3492 μνηνόν.
469 3421 625 3488 Quod
654 3422 698 3477 si
734 3422 781 3478 is
801 3429 886 3476 est
927 3430 1112 3475 noster
1150 3418 1610 3489 Theophylactus,
1634 3431 1828 3488 nempe
1853 3416 2303 3485 archiepiscopus
2335 3415 2625 3484 Bulgarize,
2655 3415 2767 3483 jam
2811 3430 2918 3468 non
2964 3414 3195 3483 amplius
3234 3413 3458 3468 dubium

204 3527 338 3568 esse
372 3521 550 3583 petest
581 3528 688 3582 quo
713 3521 956 3582 tempore
980 3512 1192 3566 vixerit.
1213 3509 1358 3564 Nihil
1376 3509 1522 3564 aliud
1553 3523 1650 3578 ego
1673 3523 1849 3578 neque
1877 3507 1944 3561 de
1971 3508 2078 3561 vita
2110 3521 2286 3578 neque
2307 3507 2375 3560 de
2398 3507 2738 3573 temporibus
2769 3505 2933 3574 hujus
2961 3507 3134 3561 nostri
3171 3504 3460 3572 TheOphy-

209 3605 343 3659 lacti
405 3607 696 3676 diligenter
729 3605 1028 3661 scrutando
1059 3615 1222 3676 atque
1249 3604 1575 3674 inquirendo
1608 3603 1759 3674 potui
1813 3602 2078 3656 invenire.
2122 3601 2278 3666 Quod
2331 3602 2596 3670 reliquum
2638 3610 2742 3666 est,
2774 3616 2868 3655 vos
2903 3601 3063 3654 etiam
3097 3607 3262 3669 atque
3295 3601 3460 3654 etiam

215 3717 356 3769 rogo
391 3717 456 3758 ac
487 3703 839 3758 vehementer
871 3709 1019 3772 peto,
1045 3710 1103 3755 ut
1135 3702 1237 3756 hoc
1265 3699 1520 3769 exiguum
1565 3706 1729 3768 atque
1759 3697 1895 3757 adeo
1922 3697 2300 3752 tenuissimum
2357 3696 2765 3760 munusculum,
2815 3696 2970 3750 vobis
3016 3695 3144 3749 licet
3175 3695 3458 3766 indignum

209 3797 527 3865 vestrisque
564 3796 616 3850 in
651 3811 740 3852 me
765 3794 997 3851 summis
1029 3793 1308 3848 beneﬁciis
1335 3806 1399 3846 ac
1432 3791 1646 3846 meritis
1676 3789 2028 3858 impar,:equi
2061 3798 2240 3842 tamen
2269 3787 2447 3842 facere
2473 3789 2711 3856 bonique
2739 3788 3042 3851 consulere,
3069 3797 3123 3843 et
3153 3799 3210 3840 ut
3249 3789 3316 3840 ab
3341 3785 3461 3839 ani-

213 3886 286 3939 mi
317 3888 697 3943 benevolentia
726 3897 889 3959 atque
922 3884 1256 3957 gratitudine
1283 3883 1611 3954 profectum,
1650 3881 1814 3937 hilari
1847 3881 1999 3936 vultu
2029 3882 2257 3950 lmtaque
2281 3880 2458 3934 fronte
2488 3880 2735 3949 accipere
2764 3880 2966 3934 velitis.
3003 3878 3115 3934 lloc
3144 3879 3188 3933 si
3233 3894 3261 3930 a
3304 3879 3462 3932 vobis

211 3989 551 4042 consecutus
600 3979 776 4046 fuero,
829 3979 1046 4034 abunde
1099 3977 1234 4032 satis
1287 3989 1513 4045 magnos
1566 3975 1818 4032 laborum
1874 3989 1964 4029 me
2016 3971 2230 4028 fructus
2277 3971 2494 4040 cepisse
2547 3968 2896 4027 existimabo.
2932 3968 3076 4025 Bene
3107 3970 3300 4037 valete,
3359 3971 3463 4025 viri

211 4074 570 4142 amplissimi.

284 4237 364 4290 Ex
394 4239 733 4297 monasterio
770 4237 1119 4295 Steinweldio
1145 4253 1222 4292 xu
1253 4235 1526 4292 Kalendas
1551 4233 1911 4306 Septembris,
1948 4248 2093 4288 anno
2117 4232 2330 4287 Domini
2361 4231 2518 4287 1567.

3247 4458 3447 4473 ﬂ

217 4640 592 4706 Clarissima
626 4637 1305 4716 exeellentissimeue
1335 4635 1500 4707 viro,
1567 4636 1639 4716 ι).
1692 4632 2319 4716 ,Ιφειῐιῐιιηειιιιιυιιο,Δ
2349 4632 3061 4716 RannonjoLCtesarem
3092 4631 3459 4716 _Majes:atis

321 4719 576 4780 medico
610 4725 672 4778 et
702 4709 1248 4796 historiographo,
1279 4712 1664 4776 Laurentius
1689 4712 2045 4785 SlFANUS,
2080 4709 2558 4786 Prunsfeldius,
2603 4714 2662 4772 ⁴1.
2695 4713 2767 4773 U.
2801 4713 3050 4784 Doctor,
3086 4712 3147 4772 S.
3179 4712 3243 4771 P.
3277 4711 3353 4770 D.

288 4923 369 4976 En
403 4923 583 4991 prodit
607 4925 824 4981 tandem
853 4926 908 4981 in
933 4928 1231 4997 publicum,
1265 4926 1349 4981 vir
1370 4925 1694 4989 clarissime,
1722 4925 2162 4998 Theophylactus
2188 4933 2316 4981 tuus
2358 4925 2583 4980 Graecus
2603 4940 2631 4979 a
2667 4940 2753 4978 me
2783 4924 2962 4978 factus
3011 4921 3239 4976 Latinus
3265 4938 3278 4975 :
3305 4928 3459 4975 tuum

219 5012 371 5078 dico,
411 5029 521 5082 quo
546 5029 882 5082 careremus,
915 5019 1021 5074 nisi
1053 5028 1109 5072 tu
1143 5017 1287 5088 quod
1317 5018 1610 5087 separatim
1638 5018 1841 5073 habere
1871 5020 1964 5074 tibi
1986 5019 2264 5088 proprium
2297 5019 2513 5081 licebat,
2541 5032 2831 5072 commune
2857 5031 2919 5070 ac
2952 5015 3224 5084 publicum
3257 5013 3458 5066 bonum

225 5122 350 5163 esse
381 5109 690 5166 maluisses.
725 5112 901 5167 Causa
931 5127 1030 5167 cur
1056 5121 1166 5167 tam
1203 5127 1326 5168 sero
1387 5114 1632 5184 prodeat,
1664 5123 1722 5167 ut
1755 5114 1918 5168 etiam
1960 5115 2168 5169 librarii
2220 5115 2434 5184 culpam
2467 5114 2728 5184 recipiam
2773 5113 2826 5166 in
2862 5126 2967 5173 me,
3001 5112 3116 5164 haec
3165 5119 3269 5169 est,
3313 5105 3460 5176 quod

219 5201 348 5254 dum
386 5201 478 5255 ille
500 5201 566 5255 de
600 5217 686 5257 me
715 5201 928 5269 Latine,
955 5219 1057 5272 ego
1079 5204 1146 5259 de
1173 5204 1268 5259 illo
1333 5199 1766 5261 Grmce‘discere
1797 5206 2130 5270 nitebamur,
2160 5207 2252 5261 ubi
2293 5207 2434 5261 alter
2469 5208 2700 5260 alterum
2759 5205 2943 5258 minus
3003 5201 3458 5268 intelligebamus,

221 5307 348 5346 eum
379 5292 651 5362 interpres
677 5294 896 5364 utrique
925 5294 1164 5360 deesset,
1196 5303 1359 5365 atque
1387 5297 1530 5352 haud
1556 5297 1892 5367 incorruptis
1922 5299 2192 5355 ministris
2222 5306 2527 5361 uteremur,
2563 5297 2893 5362 conjec-turis
2927 5293 3127 5364 quibus
3161 5293 3296 5345 alter
3325 5293 3462 5344 aite-

218 5381 338 5438 rius
372 5396 534 5436 sensa
588 5398 1027 5454 assequeremur,
1061 5386 1246 5441 multis
1291 5387 1344 5440 in
1370 5387 1524 5442 locis
1563 5389 1640 5441 uti
1673 5388 1965 5443 habuimus
2015 5404 2257 5444 necesse.
2311 5389 2479 5459 Cujus
2533 5389 2609 5442 rei
2656 5387 2915 5457 quoniam
2950 5387 3096 5438 clara
3130 5384 3459 5439 documenta

218 5482 350 5528 sunt
374 5478 428 5527 in
461 5483 740 5546 promptu,
776 5491 845 5531 ne
869 5477 1054 5546 inepta
1085 5477 1397 5547 prolixitate
1421 5479 1715 5532 verborum
1753 5480 2094 5550 typographo
2125 5480 2402 5535 festinanti
2431 5480 2532 5534 sim
2558 5481 2612 5532 in
2646 5493 2817 5538 mora,
2846 5487 2896 5531 te
2918 5476 3080 5531 etiam
3109 5485 3272 5546 atque
3293 5479 3458 5530 etiam

221 5579 376 5635 rogo,
402 5575 462 5621 ut
497 5567 612 5623 haec
634 5567 751 5638 ipsa
783 5583 903 5638 quae
930 5569 1053 5624 dico
1084 5567 1409 5624 documenta
1453 5570 1753 5626 scrutando
1795 5580 1958 5640 atque
1984 5571 2374 5636 examinanda,
2418 5587 2634 5639 aequum
2678 5582 2724 5623 te
2757 5570 2886 5623 mihi
2912 5569 3152 5638 jndicem
3185 5578 3348 5639 atque
3378 5569 3462 5622 fa-

219 5668 439 5714 ventem
467 5659 731 5734 praebere,
759 5667 814 5716 et
838 5659 1000 5716 istam
1034 5675 1256 5730 operam
1287 5675 1448 5732 quam
1488 5661 1713 5730 praestiti
1747 5663 1888 5731 aequi
1925 5663 2160 5730 bonique
2210 5662 2389 5722 facere
2425 5663 2581 5716 velis.
2613 5661 2765 5726 Quod
2794 5660 3061 5731 reliquum
3090 5668 3197 5727 est,
3236 5675 3462 5736 magnas

221 5751 320 5808 tibi
344 5759 397 5807 et
428 5751 642 5826 agimus
672 5759 729 5809 et
755 5750 1022 5810 habemus
1049 5751 1277 5825 gratias,
1312 5753 1403 5823 qui
1441 5753 1589 5809 istud
1619 5755 1950 5824 mancipium
1983 5753 2213 5823 publica:
2245 5753 2496 5808 utilitatis
2522 5752 2991 5825 inscrvire,quam
3017 5754 3160 5809 domi
3190 5755 3460 5823 privatum
