3860 6622
474 380 581 443 483
1380 375 1960 440 THEOPUYLACTI
2007 375 2421 436 BUl.GARI/E
2461 371 2814 432 ARCIIIEP.
3590 370 3679 436 (84

477 497 678 552 habere
727 495 1007 554 maluisti:
1049 510 1113 552 ac
1146 504 1198 551 te
1251 495 1556 558 hortamur,
1595 501 1653 547 ut
1702 493 1962 562 deinceps
1996 501 2170 546 macta
2221 494 2324 546 ista
2374 491 2577 544 virtute
2603 489 2702 552 sis,
2739 495 2792 543 et
2825 502 2886 543 ea
2912 501 3035 557 quae
3069 486 3230 542 etiam
3265 500 3418 541 nunc
3445 501 3596 556 penes
3637 501 3676 544 te

482 594 652 650 habes
685 594 929 663 ejusdem
961 593 1195 665 generis,
1228 600 1396 662 atque
1421 592 1586 645 etiam
1628 591 1860 645 diversre
1883 591 2125 646 nationis
2152 588 2419 658 mancipia
2461 588 2850 640 manumittere
2881 599 2950 639 ac
2981 585 3126 640 bono
3157 582 3384 654 publico
3416 581 3584 638 dicare
3607 599 3679 639 ve-

479 683 570 744 lis.
607 683 740 739 lllud
773 684 918 754 quod
955 699 1091 755 pene
1121 684 1510 754 praeterieram,
1539 693 1592 739 te
1614 684 1955 740 admonitum
1988 684 2172 748 velim,
2199 697 2286 736 me
2317 682 2371 735 in
2407 681 2472 734 iis
2509 678 2664 742 locis.
2700 678 2790 733 ubi
2826 677 2987 732 lectio
3023 677 3208 746 scripti
3239 673 3475 746 exempli
3504 691 3684 744 prorsus

475 790 588 830 non
635 776 854 832 tolerari
884 790 981 831 nec
1026 779 1278 832 excusari
1312 791 1474 845 posse
1511 777 1819 844 videbatur,
1838 780 1905 832 ad
1939 778 2238 848 marginem
2269 789 2299 830 e
2327 775 2546 844 regione
2573 772 2828 843 posuisse
2858 772 3007 825 illam
3039 771 3209 841 ipsam
3248 770 3534 824 lectionem
3557 787 3682 839 quam

482 868 720 932 correxi,
762 867 976 937 adjecto
1011 867 1264 922 videlicet
1296 868 1468 923 verbo
1485 868 1710 923 habetur
1737 880 1833 924 aut
1859 868 2148 924 habebatur
2171 885 2190 924 :
2225 876 2287 921 ut
2315 866 2362 920 si
2393 865 2559 935 (quod
2575 864 2774 919 alicubi
2807 861 2922 917 ﬁeri
2945 862 3140 932 potuit)
3165 876 3467 923 errassem.
3500 861 3685 917 lectoris

478 959 747 1026 judicium
781 958 1055 1030 integrum
1086 969 1440 1023 esset,utram
1496 963 1786 1016 lectionem
1827 962 1981 1030 sequi
2015 961 2218 1016 mallet.
2253 958 2360 1015 Sed
2397 957 2490 1014 ubi
2519 956 2765 1012 dubitavi
2800 955 2867 1010 de
2911 955 3146 1009 lectione
3192 954 3328 1024 (seis
3357 954 3501 1008 enim
3555 954 3686 1008 unico

479 1065 560 1104 me
588 1051 854 1105 duntaxat
887 1059 980 1105 tuo
1021 1065 1178 1105 usum
1218 1067 1340 1108 esse
1375 1053 1737 1123 apagrapho),
1771 1053 1846 1108 ibi
1879 1053 1934 1106 in
1960 1051 2203 1121 margine
2234 1050 2465 1120 apposui
2497 1049 2659 1103 aliam
2693 1047 3006 1107 lectionem,
3045 1060 3208 1115 quam
3243 1043 3584 1113 COIljt‘ClUl'as
3609 1060 3679 1098 se.

472 1151 635 1196 cutus
654 1157 835 1197 veram
857 1157 976 1197 esse
1000 1153 1094 1195 aut
1125 1156 1248 1196 esse
1276 1144 1472 1198 debere
1500 1153 1650 1213 puto,
1681 1144 1890 1213 adjecta
1921 1142 2174 1198 videlicet
2196 1141 2436 1198 dictione
2461 1143 2614 1204 ἴσως.
2637 1142 2812 1210 Atque
2833 1139 2935 1195 hoc
2967 1148 3024 1194 ut
3044 1140 3398 1192 admonerem
3430 1137 3687 1206 studiosos,
3804 1133 3805 1140 “

483 1234 685 1296 quibus
721 1248 784 1287 ea
811 1233 1043 1292 facultas
1075 1242 1180 1298 est,
1220 1245 1279 1289 ut
1303 1235 1566 1290 adhibitis
1589 1235 2018 1291 correctioribus
2047 1233 2486 1304 exemplaribus,
2523 1233 2626 1304 ipsi
2661 1232 2762 1288 sibi
2791 1232 2950 1302 juxta
2989 1245 3054 1286 ac
3101 1229 3420 1300 reipublica
3443 1231 3689 1283 consulam
3804 1227 3805 1234 ‘

479 1327 534 1379 in
570 1324 878 1380 istiusmodi
904 1325 1062 1390 locis,
1101 1326 1191 1381 ubi
1223 1327 1324 1381 hoc
1345 1327 1411 1380 ad
1453 1325 1859 1397 intelligendum
1893 1327 2090 1382 melius
2131 1325 2551 1397 explicationem
2585 1323 2980 1394 Theophylacti
3003 1320 3319 1377 conducere
3344 1317 3624 1381 videbatur.
3649 1321 3688 1374 in
3804 1321 3805 1324 “

489 1416 716 1474 scholiis
753 1417 980 1486 repetivi
1011 1418 1176 1472 verba
1205 1417 1313 1472 divi
1337 1417 1516 1482 Lucae,
1547 1427 1707 1487 atque
1727 1419 1890 1473 etiam
1925 1420 2120 1474 iterata
2149 1419 2355 1474 inserui
2376 1416 2669 1488 exemplari
2697 1416 2920 1476 Greco;
2947 1413 3093 1482 quod
3119 1411 3418 1468 collatione
3448 1411 3574 1465 facta
3593 1425 3688 1466 cum

498 1516 592 1562 tuo
616 1511 992 1577 manuscripto
1018 1506 1416 1576 propemodum
1445 1511 1818 1564 necessarium
1854 1509 2029 1564 fuisse
2061 1507 2271 1565 videbis
2311 1509 2365 1563 in
2405 1508 2592 1564 multis
2625 1507 2784 1575 locis,
2819 1520 2940 1576 quae
2963 1519 2995 1560 a
3018 1505 3202 1559 minus
3228 1501 3488 1574 prudenti
3526 1502 3690 1556 lectore
3804 1509 3805 1576 ξ

485 1616 677 1669 parum
720 1604 996 1658 intellecta
1022 1601 1286 1670 praeteriri
1322 1602 1652 1672 potuissent.

564 1710 712 1767 Bene
742 1712 879 1766 vale.
914 1708 1127 1779 Raptim
1151 1722 1220 1764 ex
1245 1714 1580 1770 monasterio
1607 1712 1959 1769 Steinweldio
1991 1727 2024 1765 ι
2061 1710 2338 1766 Kalendas
2364 1709 2729 1784 Septembris,
2757 1724 2904 1765 anno
2927 1707 3141 1768 Domini
3182 1707 3351 1764 156⁸1.
3437 1776 3464 1784 __

606 2021 677 2083 ln
714 2023 1174 2102 Theophylacti
1215 2022 1282 2084 in
1313 2025 1466 2086 Acta
1497 2024 1934 2103 apostolorum
1965 2024 2442 2102 Explicationes
2476 2040 2508 2084 a
2537 2023 2876 2084 Laurentio
2910 2021 3127 2086 Silano
3159 2023 3384 2086 Latine
3415 2019 3608 2098 factas,

1582 2103 1753 2162 Petri
1786 2103 2175 2182 Kempensis
2208 2102 2633 2181 Epigramma.

489 2289 672 2342 Bclttla
705 2306 804 2346 cur
844 2293 1091 2361 geminos
1123 2293 1379 2349 diﬂ‘undit
1416 2294 1619 2350 vertice
1648 2301 1846 2356 ramos,
2240 2294 2520 2352 Permittis
2551 2294 2692 2351 caelo
2722 2295 2978 2351 liberiore
3005 2293 3152 2348 frui?

557 2381 689 2446 Quae
720 2383 862 2437 viret
897 2385 983 2440 his
1008 2386 1252 2454 scriptis,
1293 2387 1454 2441 docte
1488 2385 1696 2439 Silane.
1735 2384 1888 2438 tuis?
2165 2384 2230 2440 Et
2252 2385 2390 2440 Latii
2417 2388 2626 2458 spirare
2651 2387 2831 2452 Iidem,
2860 2386 3186 2456 Latiumque
3217 2383 3452 2440 nitorem

487 2471 731 2538 Quorum
760 2475 860 2530 hos
893 2478 1142 2544 populeis
1168 2477 1328 2531 docta
1353 2477 1616 2532 insitione
1649 2476 1917 2540 videmus,
2232 2477 2369 2531 Dum
2401 2478 2570 2532 subiit
2601 2480 2786 2534 cultus
2823 2479 3005 2550 lingua
3039 2478 3267 2546 Pelasga
3301 2474 3514 2530 novos?
3662 2543 3666 2548 η

562 2565 739 2633 Atque
770 2565 892 2621 illos
924 2567 1059 2620 lauri
1088 2568 1364 2624 luxuriare
1391 2569 1584 2624 curuis.
2166 2564 2302 2620 Cum
2333 2564 2633 2623 Herculeus
2663 2568 2816 2623 labor
2846 2568 2958 2628 hic.
2987 2567 3162 2638 pietas
3188 2581 3247 2622 et
3272 2566 3514 2636 Apolline
3543 2563 3684 2634 digna.

489 2652 708 2708 Necnon
740 2655 1020 2726 Argolicos
1052 2659 1218 2713 simili
1245 2660 1544 2715 ambitione
1579 2662 1818 2730 lepores,
2141 2721 2144 2724 ,
2231 2654 2425 2726 Magna
2451 2657 2600 2712 venit
2630 2658 2841 2714 meritis
2874 2661 3054 2730 gratia
3084 2658 3271 2713 danda
3302 2657 3431 2712 luis.

481 2734 499 2756 '
565 2746 770 2802 Ambas
813 2749 1025 2818 spirare
1049 2758 1102 2804 et
1127 2749 1404 2806 Ausonias
1434 2751 1693 2807 Veneres.
2168 2745 2467 2818 PrOpterea
2495 2748 2614 2817 ipse
2635 2763 2764 2804 suas
2795 2748 3118 2820 Tirynthius
3149 2748 3396 2818 explicat
3418 2746 3633 2806 umbras,

487 2833 623 2889 Esse
650 2836 780 2906 quid
804 2837 904 2892 hoc
925 2838 1097 2892 dicam
1121 2839 1456 2909 ?numlquod
1474 2849 1566 2893 tua
1585 2839 1784 2910 scripta
1803 2838 2070 2896 columnis
2240 2840 2484 2912 lmplicet
2514 2851 2574 2896 ut
2602 2842 2858 2896 meritum
2895 2841 3031 2895 lecta
3063 2855 3272 2896 corona
3311 2849 3490 2910 caput.
3804 2845 3805 2916 ξ

552 2923 732 2981 Graiis
758 2935 812 2981 et
839 2927 1008 2984 Latiis
1037 2930 1417 2984 discriminata
1451 2931 1670 2984 nitent?

2280 2967 2284 2980 .
2315 2929 2433 2996 σοῦ,
2469 2931 2760 3002 Δαυρέντι,
2794 2928 3101 3001 κροτάφους
3135 2928 3432 3000 περιδησεν
3470 2921 3689 2979 Ἀπόλλων

490 3015 657 3080 Queis
690 3020 825 3072 satis
850 3021 1097 3076 ostendis
1116 3021 1313 3091 linguze
1340 3021 1436 3075 tibi
1461 3021 1634 3092 gloria
1657 3031 1884 3092 quanta,

2246 3021 2523 3090 Κορικίοις
2553 3021 2760 3092 δάφνης
2800 3020 3078 3090 πλέγμασι
3106 3021 3471 3091 χρυσοκόμαν,

566 3105 700 3159 Dum
735 3121 923 3162 versas
947 3108 1104 3164 Latio
1134 3110 1298 3165 Graia
1339 3110 1541 3182 scripta
1573 3113 1734 3183 stylo.

2169 3106 2318 3165 Ἷσον
2359 3111 2435 3164 ὅτ’
2459 3111 2786 3183 ἀμφοτέρων
2822 3113 3006 3185 σοφίῃ,
3043 3112 3261 3185 γλώττῃ
3293 3110 3342 3165 τ’
3369 3109 3635 3181 ὐπρέχεις,

494 3197 578 3248 An
597 3197 781 3265 potius
809 3213 930 3268 qua:
965 3215 1154 3270 pressa
1185 3201 1278 3256 diu
1314 3203 1523 3257 latuere
1549 3203 1652 3259 sub
1683 3205 1818 3269 alto,

2244 3203 2524 3273 Δείγματα
2553 3204 2821 3276 μειλιχίης
2841 3205 3156 3275 ἀμφοτέρου
3179 3205 3423 3276 χάριτος.

573 3286 800 3343 Nomina
836 3291 1111 3360 neglectu,
1135 3275 1188 3348 et
1219 3294 1554 3365 squalidiore
1583 3293 1718 3358 situ,
2172 3294 2285 3349 lloc
2310 3295 2544 3364 pretium
2577 3297 2744 3351 studii
2775 3275 3231 3368 vigilatorumque
3263 3297 3525 3358 laborum,

497 3377 763 3448 lnccpere
798 3381 907 3436 tuis
930 3381 1147 3439 tandem
1178 3382 1532 3454 iuvenescere
1557 3383 1786 3450 chartis,
2244 3384 2342 3440 llic
2365 3387 2565 3442 studiis
2598 3397 2792 3457 partus
2817 3397 2870 3446 te
2892 3389 3186 3445 comitatur
3215 3388 3414 3443 honos.

564 3465 629 3522 Et
663 3471 778 3526 lteri
805 3479 930 3526 voto
965 3474 1337 3543 splendidiora
1386 3479 1525 3532 tuo?
2172 3476 2247 3531 Te
2276 3475 2474 3532 merito
2510 3477 2626 3534 haec
2671 3479 2838 3552 igitur
2866 3483 3162 3536 comitatur
3195 3482 3372 3552 gloria
3411 3479 3554 3542 lauri,

459 3585 462 3588 θ
509 3559 834 3632 Scriptaque
863 3562 1189 3637 Grajngcnis
1216 3575 1426 3622 tantum
1446 3567 1718 3624 celebrata
1751 3566 1960 3639 Lycaeis
2246 3565 2523 3639 Famaque
2562 3586 2659 3642 per
2685 3571 2868 3629 nullos
2894 3573 3192 3628 interitura
3217 3572 3362 3630 dies.

1097 3894 1521 3950 LAURENTII
1583 3893 1848 3951 SIFANI
1879 3897 2567 3955 ADHONITIUNCULA
2598 3901 2694 3958 AD
2726 3900 3141 3958 LECTOREH.

575 4003 945 4087 Admoneadas
969 4004 1176 4072 Lector,
1189 4009 1276 4061 ubi
1305 4008 1509 4087 diuersa
1540 4011 1596 4087 in
1618 4011 1852 4087 margine
1877 4012 2190 4087 _tra_nslatio
2217 4015 2456 4087 apposita
2483 4024 2580 4087 est,
2608 4031 2700 4086 per
2715 4015 2782 4072 ν.
2810 4014 3096 4087 Vulgalam
3121 4020 3407 4072 versionem
3427 4015 3684 4083 signiﬁcari:

500 4074 759 4158 diuersam
787 4075 852 4126 ab
884 4075 979 4158 hoc
1016 4091 1184 4158 nteant
1228 4092 1357 4158 esse.
1412 4079 1563 4142 Quod
1599 4074 1788 4158 attin'at
1821 4081 1887 4133 ad
1939 4081 2200 4158 diversam
2234 4074 2508 4158 lectionem
2535 4074 2799 4158 (ir-amant,
2830 4074 2937 4140 ubi"
2959 4088 3013 4141 in
3045 4090 3287 4158 margine
3317 4074 3682 4158 apposituin_est._

505 4142 809 4226 habebatur
835 4153 926 4226 aut
955 4144 1211 4226 habetur,
1243 4145 1355 4226 illic
1396 4163 1430 4199 a
1451 4163 1529 4226 me
1555 4157 1843 4226 correctam
1869 4166 1981 4226 esse
2000 4153 2186 4226 procul
2214 4152 2374 4226 dubio
2405 4142 3498 4226 corruptamin.manuscripto‘leclioikm;
3525 4153 3598 4226 sed
3619 4153 3684 4226 ubi

502 4210 893 4294 ascriptum‘est
917 4212 986 4294 aa
1021 4211 1258 4268 Graecam
1277 4218 1330 4268 in
1354 4217 1588 4286 margine
1613 4219 1841 4284 positam
1863 4210 2124 4274 diversam
2149 4221 2446 4289 lectionem,
2483 4210 2633 4288 ῐσώς,
2663 4222 2718 4276 id
2749 4235 2848 4290 est,
2889 4210 3147 4294 forsitan,
3189 4210 3267 4282 ibi
3285 4210 3288 4211 ν
3319 4241 3399 4282 πω
3428 4210 3682 4292 conjectum

501 4294 657 4332 usum
688 4281 760 4333 ita
787 4280 1058 4349 legendum
1085 4299 1197 4338 esse
1220 4294 1432 4354 putare.

513 4469 2670 4509 Μ

2672 4476 3652 4512 ω

2203 4498 2669 4510 υ--ή--ὑο

1013 4631 1582 4723 ΥΠΟΘΕΣΙΣ
1640 4636 1858 4721 ΤΗΣ
1926 4636 2328 4724 ΒΙΒΛΟΥ
2394 4642 2621 4728 ΤΩΝ
2712 4635 3240 4732 ΠΡΑΞΕΩΝ

1597 4814 1734 4868 ΣΥΝ
1769 4814 1924 4868 ΤυΙΣ
1948 4816 2360 4874 ΚΕΦΑΛΔΙΟΙΣ
2402 4819 2657 4875 ΑΥΤΩΝ.

1076 5115 1087 5127 ’
1173 5156 2018 5248 ARGUMENTUM
2087 5159 2415 5246 LIBRI
2510 5157 3082 5253 ACTORUM

1594 5367 1600 5377 -
1633 5343 1772 5400 UNA
1802 5345 1948 5406 CUM
1980 5343 2345 5402 CAPITULIS
2378 5346 2640 5407 EORUM.

582 5661 717 5714 Acta
771 5661 1138 5730 apostolorqu
1203 5662 1342 5717 liber
1387 5661 1478 5715 hic
1536 5667 1780 5737 vocatur,
1827 5663 2083 5730 quoniam

2262 5661 2493 5732 Πρᾴεεις
2525 5664 2919 5719 ἀπῦστόλωντὸ
2957 5665 3164 5736 βιϐλίον
3225 5667 3484 5728 καλεῖται,
3534 5646 3671 5714 ἒπειδῆ

510 5750 677 5806 simul
702 5754 942 5808 continet
971 5763 1090 5809 acta
1149 5755 1518 5826 apostolorum
1558 5772 1570 5808 :
1610 5753 1702 5824 qui
1735 5761 1916 5808 autem
1939 5753 2034 5837 A‘ha'

2186 5753 2282 5816 τὰς
2315 5752 2543 5824 πράξεις
2572 5754 2708 5822 ὁμοῦ
2749 5757 2860 5810 τῶν
2921 5757 3234 5814 ἀποστόλων
3289 5753 3523 5824 περιέχει.
3555 5743 3598 5797 ὀ
3630 5738 3669 5789 δι
