3860 6560
113 363 214 429 ιιι

1053 358 1457 419 EXPOSITIO
1501 359 1579 418 IN
1624 359 2400 426 ACTAAPOSTOLORUM.

3213 333 3216 336 ’
3241 331 3351 431 486

110 473 452 545 διηγούμενος
487 469 704 537 ταύτας,
729 471 844 524 ἐστὶ
875 472 1090 534 Λουκᾶς
1113 471 1140 522 ὁ
1175 469 1590 538 εὐαγγελιστὴς,
1641 471 1667 522 ὁ

1813 475 2010 543 rponit,
2043 473 2224 527 Lucas
2246 483 2329 528 est
2364 471 2720 543 evangelista,
2764 485 2857 543 qur
2899 480 2952 528 et
2987 473 3187 529 librum
3223 491 3356 532 con-

110 567 194 620 καὶ
241 565 303 618 τὸ
358 563 561 634 βιϐλίον
615 564 984 634 συγγράφων·
1019 564 1321 634 Ἀντιοχεὺς
1364 564 1472 632 γὰρ
1523 559 1676 626 οὗτος

111 659 358 727 ὑπάρχων
388 656 452 708 τὸ
483 657 658 723 γένος,
718 657 898 722 ἱατρός
925 673 983 708 τε
1020 656 1118 726 τὴν
1179 656 1517 725 ἐπιστήμην,
1556 671 1682 708 συν-

121 748 381 816 απεδήμει
406 747 514 817 γάρ
538 747 554 778 ⁸
586 748 700 810 τοϊς
723 762 784 799 τε
815 746 994 810 ἄλλοις
1029 747 1369 810 ἀποστόλοις,
1400 746 1494 800 καὶ
1525 747 1680 816 μάλι-

113 857 201 893 στα
242 839 319 908 τῷ
349 839 569 908 Παύλῳ,
601 838 694 890 καὶ
728 837 884 899 εἰδὼς
909 838 1157 909 ἀκριϐῶς
1209 839 1431 908 γράφει.
1467 842 1682 909 Διηγεῖ-

107 949 184 984 ται
202 931 256 983 δὲ
286 932 344 982 ὲν
368 927 520 999 αὐτῷ
545 970 562 994 ,
597 929 714 992 πῶς
778 931 1026 999 ἀγγέλων
1069 930 1450 984 ὑπολαϐόντων
1490 931 1682 1001 ἀνελή-

110 1024 204 1092 ςθη
235 1025 262 1074 ὁ
284 1022 512 1092 Κύριος.
543 1022 653 1075 Καὶ
681 1022 780 1092 τὴν
809 1023 903 1074 τοῦ
937 1022 1092 1089 ἁγίου
1117 1023 1433 1092 Πνεύματος
1455 1023 1678 1093 ἔκχυσιν

107 1113 394 1181 γενομένην
416 1116 474 1166 ὲν
496 1117 563 1182 τῇ
595 1116 941 1184 Πεντηκοστῇ
960 1113 1051 1165 ἐπί
1068 1130 1126 1166 τε
1143 1116 1268 1177 τοὺς
1297 1115 1628 1178 ἀποστόλους
1654 1117 1676 1146 ⁸

108 1202 191 1255 καὶ
226 1202 439 1264 πάντας
464 1205 591 1266 τοὺς
637 1203 756 1255 τότε
797 1205 1104 1272 παρόντας·
1155 1204 1254 1270 τήν
1289 1220 1347 1256 τε
1397 1203 1672 1257 κατάστα-

1780 566 2020 634 scripsit.
2063 565 2161 619 llic
2195 565 2340 619 enim
2378 565 2549 633 patria
2581 564 2975 630 Antiocbcnus,
3031 573 3148 621 arte
3181 568 3351 622 medi-

1779 671 1900 722 cas,
1936 657 2381 726 peregrinabatur
2414 666 2526 712 tum
2572 672 2677 710 una
2707 673 2831 711 cum
2863 658 3076 712 cmteris
3133 667 3352 729 aposto-

1785 748 1878 814 lis,
1909 755 2023 800 tum
2063 750 2352 802 maximam
2389 762 2593 817 partem
2636 765 2738 804 una
2771 766 2892 804 cum
2931 749 3100 803 Paulo
3134 767 3148 804 :
3189 759 3353 820 atquc

1781 854 1842 890 ea
1879 838 2088 902 scribit,
2122 855 2243 908 qua:
2271 839 2425 908 plene
2448 850 2725 907 comperta
2751 841 3005 896 habebat.
3031 842 3226 896 Narrat
3255 858 3354 896 au-

1782 937 1889 981 tem
1934 929 1986 980 in
2018 941 2105 992 eo,
2146 928 2632 996 quemadmodum,
2661 930 2867 999 angelis
2902 929 3349 1002 suscipientibus,

1781 1017 2042 1072 Dominus
2073 1026 2387 1088 assumptus
2423 1025 2506 1073 est
2542 1037 2556 1072 :
2595 1029 2646 1073 et
2682 1029 2742 1074 ut
2775 1021 3009 1090 Spiritus
3044 1031 3268 1078 sanctus
3295 1024 3350 1076 in

1779 1110 1866 1164 die
1896 1108 2267 1175 Pentecostes,
2301 1126 2425 1164 eum
2468 1126 2632 1182 super
2667 1112 2960 1182 apostolos,
3016 1124 3126 1168 tum
3179 1130 3348 1186 super

1781 1215 1994 1265 omnes,
2035 1201 2127 1272 qui
2187 1211 2316 1256 tunc
2370 1203 2617 1266 aderant,
2651 1203 2857 1258 eli‘usus
2900 1204 3014 1260 sit:
3065 1205 3252 1260 adhaec
3285 1215 3346 1257 ut

111 1310 279 1346 στασιν
302 1293 399 1346 τοῦ
432 1295 652 1348 Ματθία
681 1295 700 1326 ³
729 1295 852 1347 ἀντὶ
873 1295 1044 1347 Ἰούδα
1082 1294 1176 1347 τοῦ
1238 1295 1494 1364 προδότου
1515 1312 1527 1326 ·
1581 1296 1673 1348 καὶ

1813 1292 2032 1348 latthias
2055 1294 2110 1346 in
2140 1293 2318 1347 locum
2349 1290 2504 1348 Juda:
2552 1292 2847 1362 proditoris
2885 1295 3214 1350 substitutus
3239 1295 3306 1350 sit
3333 1313 3351 1361 ;

106 1383 192 1453 τὴν
225 1383 568 1437 κατάστασιν
618 1385 728 1437 τῶν
767 1384 906 1437 ἑπτὰ
944 1385 1216 1439 Διακὸνων
1244 1403 1256 1416 ·
1283 1385 1378 1437 καὶ
1413 1385 1511 1454 τὴν
1535 1385 1673 1438 ὲκλο-

1817 1383 2036 1436 escribit
2082 1383 2212 1438 item
2253 1384 2588 1437 creationem
2641 1393 2844 1452 septem
2877 1385 3257 1452 diaconorum,
3297 1396 3353 1440 et

107 1473 198 1542 γὴν
223 1473 311 1525 τοῦ
345 1473 563 1526 Παύλου
585 1489 599 1504 ⁸
633 1473 729 1526 καὶ
763 1475 860 1525 ὅσα
907 1472 1076 1526 ἔπαθε
1103 1487 1117 1504 ⁸
1168 1471 1261 1526 καὶ
1318 1473 1420 1526 ὅσα
1447 1473 1498 1525 οἱ
1546 1473 1673 1525 ἀπό-

1816 1474 2104 1528 lcctionem
2132 1475 2304 1542 Pauli,
2329 1491 2560 1546 qumque
2590 1491 2784 1544 passus
2809 1476 2882 1530 sit
2906 1494 2920 1536 ;
2958 1485 3218 1546 praeterea
3258 1477 3355 1530 mi-

109 1564 268 1616 στολοι
308 1563 398 1615 διὰ
435 1565 746 1634 προσευχῆς
785 1563 880 1616 καὶ
923 1564 1025 1632 τῆς
1067 1565 1148 1627 εἰς
1195 1564 1361 1616 αὑτὸν
1401 1564 1492 1618 τὸν
1544 1565 1673 1634 Χρι-

1813 1565 1992 1626 acula,
2017 1579 2140 1634 quae
2191 1580 2290 1636 per
2315 1567 2619 1621 orationem
2669 1576 2721 1620 et
2780 1566 2938 1622 [idem
2980 1568 3036 1622 in
3076 1565 3352 1622 Christum

109 1655 216 1707 στὸν
256 1653 495 1715 πίστεως
524 1653 1074 1724 ἐθαυματούργησαν,
1109 1654 1219 1708 Καὶ
1273 1654 1428 1717 τέλος
1453 1656 1552 1725 τὴν
1599 1658 1673 1718 είς

1817 1655 2009 1723 postoli
2047 1656 2313 1722 fecerunt,
2336 1664 2390 1710 et
2413 1667 2468 1710 ut
2500 1657 2716 1712 tandem
2747 1657 2948 1712 Paulus
2983 1657 3205 1712 Romam
3231 1671 3354 1726 per-

113 1744 317 1814 Ῥώμην
379 1744 697 1813 ἀποδημίαν
739 1744 926 1798 αὑτοῦ.
960 1744 1080 1797 Τῶν
1107 1744 1163 1798 δὲ
1214 1745 1528 1798 ἀποστόλων
1580 1746 1678 1810 τὰς

1787 1749 2015 1801 venerit.
2043 1743 2445 1817 ~Apostolorum
2483 1756 2666 1803 autem
2701 1759 2843 1812 acta,
2889 1755 2943 1803 et
2971 1748 3124 1818 signa
3177 1747 3245 1801 ab
3285 1747 3354 1802 iis

107 1837 337 1905 πράξεις,
373 1835 475 1888 καὶ
507 1835 577 1888 τὰ
620 1838 822 1905 σημεῖα
884 1835 954 1888 τὰ
1003 1836 1137 1904 παρ’
1187 1834 1370 1889 αὐτῶν
1407 1835 1673 1906 γενόμενα

1813 1849 1944 1902 rcta,
1973 1839 2149 1892 Lucas
2179 1839 2424 1908 exponit.
2459 1837 2623 1909 Signa
2659 1855 2806 1904 vero,
2839 1855 2960 1910 qua:
2994 1840 3061 1894 ab
3096 1840 3187 1894 illo
3217 1853 3344 1894 nar-

106 1926 350 1994 διηγεῖται
377 1927 598 1989 Λιυκᾶς
619 1940 634 1955 ⁸

108 2019 282 2069 ταῦτα’

167 2116 230 2162 α’.
261 2109 473 2178 Πέτρος
505 2109 598 2163 καὶ
637 2109 892 2180 Ἰωάννης
925 2111 1301 2182 ἑθεράπευσαν
1354 2116 1413 2166 ὲν
1445 2114 1524 2184 τῷ
1561 2116 1676 2170 ὀνό-

115 2216 228 2268 ματι
251 2200 342 2253 τοῦ
372 2201 591 2271 Κυρίου
613 2200 706 2253 τὸν
743 2202 806 2254 ἐκ
837 2203 1104 2275 γεννητῆς
1138 2203 1331 2274 χωλὸν,
1375 2204 1466 2258 τὸν
1496 2208 1553 2260 ὲν
1607 2210 1674 2278 τῇ

118 2290 288 2360 Ὡραίᾳ
317 2289 470 2362 πύλῃ
503 2293 833 2362 καθήμενον.

172 2375 231 2446 β’.
263 2379 477 2449 Πέτρος
522 2380 770 2434 Ἁνανίαν
801 2380 896 2436 καὶ
937 2381 1258 2452 Σαπφείραν
1299 2383 1399 2452 τὴν
1445 2385 1678 2451 γυναῖκα

114 2467 258 2520 αὐτοῦ
288 2470 489 2540 ἧλεγξε
546 2471 975 2540 νοσφισαμένους
1036 2473 1142 2526 ἀπὸ
1187 2475 1286 2542 τῆς
1344 2475 1678 2543 ἐπαγγελίας

111 2562 194 2633 τῆς
237 2567 313 2627 είς
365 2567 512 2620 Θεόν
532 2582 545 2595 ⁸
583 2566 680 2621 καὶ
706 2567 964 2635 γεγόνασι
991 2569 1336 2639 παραχρῆμα
1365 2571 1569 2640 νεκροί.

171 2663 232 2730 γ’.
269 2658 480 2728 Πέτρος
512 2658 605 2712 τὸν
635 2657 946 2728 παράλυτον
989 2658 1172 2712 Ἐνέαν
1201 2659 1222 2692 δ
1251 2660 1570 2731 ἀνέστησεν.

166 2829 222 2886 δ’.
257 2831 466 2902 Πέτρος
496 2832 554 2884 ὲν
583 2831 774 2903 Ἰόππῃ
800 2832 899 2904 τὴν
922 2832 1300 2888 ἀποθανοῦσαν
1320 2835 1521 2906 νεκρὰν
1545 2839 1679 2910 Δορ-

115 2922 232 2976 κάδα
259 2923 564 2993 εὐξάμενος
592 2923 804 2992 ἧγειρε.

171 3010 227 3067 ε’.
259 3013 472 3084 Πέτρος
499 3013 562 3066 τὸ
585 3016 652 3066 ὲκ
693 3015 786 3066 τοῦ
817 3014 1049 3084 οὐρανοῦ
1098 3015 1426 3087 καθιέμενον
1487 3018 1678 3084 σκεῦος

114 3105 295 3174 πλῆρες
321 3105 530 3168 παντὸς
564 3103 704 3171 ζώου
737 3107 970 3176 ἑώρακε.

173 3203 240 3259 ς’.
271 3198 488 3268 Πέτρου
524 3199 559 3269 ἠ
591 3198 722 3251 σκιὰ
746 3199 1019 3270 ἐρχομένη
1061 3201 1158 3254 ἐπὶ
1211 3205 1336 3268 τοὺς
1383 3205 1673 3262 ἀσθενοῦν-

116 3306 215 3352 τας,
245 3291 586 3360 ἐθεράπευεν
615 3291 836 3354 αὐτούς.

172 3378 229 3442 ζ’.
274 3381 483 3451 Πέτρος
513 3384 848 3458 τηρούμενος
875 3390 969 3444 καὶ
1018 3389 1304 3460 δεδεμένος
1338 3389 1398 3442 ὲν
1437 3391 1503 3462 τῇ
1563 3407 1666 3459 cpu-

115 3468 254 3542 λαιῇ,
289 3474 404 3526 ὑπὸ
433 3475 665 3544 ἀγγέλου
713 3479 979 3551 ἀπελύθη,
1008 3483 1085 3551 μὴ
1115 3482 1336 3536 εἰδότων
1373 3481 1482 3536 τῶν
1515 3499 1678 3554 στρα-

115 3565 298 3617 τιωτῶν
323 3581 338 3598 ⁸
396 3567 492 3620 καὶ
536 3568 782 3642 Ἡρώδης
849 3573 1308 3645 σωληκόὃρωτος
1376 3574 1671 3646 γενόμενος

118 3652 336 3723 {milia

173 3771 238 3833 η’.
267 3767 549 3836 Στέφανος
567 3771 741 3824 {mist
775 3772 983 3843 τέρατα
1006 3775 1102 3828 καὶ
1133 3793 1359 3846 σημεια.

177 3854 233 3910 θ’.
262 3857 531 3922 ⁴δίλιππος
562 3861 620 3912 έν
652 3861 905 3933 Σαμαρὲᾳ
944 3864 1114 3917 πολλὰ
1151 3864 1437 3934 πνεύματα
1485 3863 1680 3928 ἐξέθα-

119 3942 322 4001 λεοκαὶ
378 3947 542 4016 χωλοὶ
601 3950 696 4003 καὶ
746 3951 1188 4022 παραλελυμένοι
1235 3952 1679 4024 ἐθεραπεύθησαν

121 4037 198 4085 ὑπ’
220 4038 408 4092 αὐτοῦ.

181 4126 227 4180 ι’.
257 4131 471 4192 Παῦλος
521 4133 754 4200 ἱγγίζων
788 4137 853 4204 τῇ
885 4135 1184 4204 Δαμασκῷ,
1227 4131 1366 4190 εἶδεν
1391 4135 1678 4188 ὀπτασίαν.

119 4217 202 4269 καὶ
232 4218 393 4282 εὐθὺς
421 4222 646 4287 γέγονεν
675 4222 1087 4293 εὑαγγελιστής.

178 4308 262 4362 ια’.
301 4310 366 4363 ’0
410 4311 576 4374 αὐτὸς
633 4313 897 4376 Φίλιππος
934 4314 1026 4367 τὸν
1075 4313 1330 4384 εὐνοῦχον
1374 4315 1683 4386 ὑπήντησεν

121 4397 551 4466 ἀναγινώσκοντα
596 4403 688 4456 καὶ
723 4403 1003 4459 Μάπτισε.

682 1928 775 1980 καὶ
807 1927 953 1980 ἔστιν
983 1928 1018 1982 ἀ
1044 1929 1137 1981 καὶ
1171 1926 1444 1998 ἐξηγεῖται
1477 1932 1700 2000 σημεῖα

1701 3151 1748 3213 C

1781 1941 1991 1994 rantur,
2026 1940 2150 1983 sunt
2183 1931 2295 1984 hmc
2330 1948 2344 1983 :

1850 2107 1900 2160 1.
1954 2103 2146 2161 Petrus
2173 2115 2227 2162 et
2260 2105 2496 2160 Joannes
2536 2121 2630 2176 per
2668 2122 2863 2159 nomen
2922 2105 3156 2173 Domini,
3207 2123 3352 2170 eurn.

1779 2194 1872 2263 qui
1901 2196 2134 2249 clamlus
2181 2204 2342 2250 natus
2399 2198 2464 2246 ad
2531 2205 2743 2265 portam
2785 2193 3073 2248 Pulchram
3135 2195 3356 2251 sedebat

1782 2285 2172 2354 (mendicans),
2201 2295 2556 2340 curaverunt.

1848 2375 1902 2428 2.
1950 2375 2144 2431 Petrus
2173 2377 2423 2430 Anauian
2455 2387 2507 2430 et
2529 2376 2867 2446 Sappheiran
2898 2377 3019 2446 ejus
3042 2391 3262 2432 uxorem
3290 2375 3360 2428 de

1779 2465 1978 2536 pretio,
2026 2466 2173 2536 quod
2223 2467 2333 2521 Deo
2377 2467 2764 2536 promiserant,
2812 2469 3125 2536 seposuisse
3169 2467 3360 2521 convi-

1779 2557 1875 2620 cit,
1907 2565 1961 2611 et
1995 2572 2026 2612 e
2065 2559 2295 2626 vestigio
2343 2559 2543 2613 mortui
2586 2569 2738 2614 sunt.

1781 2720 1784 2722 γ
1849 2648 1903 2702 5.
1943 2647 2140 2704 Petrus
2186 2648 2422 2716 Ainean,
2454 2651 2550 2720 qui
2598 2650 2835 2721 paralysi
2876 2652 3178 2717 laborabat,
3206 2651 3358 2706 exci-

1781 2739 1938 2794 tavit.

1857 2829 1909 2883 4.
1943 2830 2143 2888 Petrus
2165 2831 2350 2903 lappa:
2379 2832 2490 2886 vita
2514 2831 2826 2886 defunctam
2847 2831 3088 2886 Dorcada
3117 2844 3212 2900 per
3232 2844 3360 2885 ora-

1788 2923 1996 2978 tionem
2023 2936 2050 2974 a
2089 2929 2266 2975 morte
2302 2921 2580 2975 excitavit.

1851 3013 1906 3068 5.
1949 3012 2146 3069 Petrus
2187 3013 2324 3066 vidit
2358 3026 2474 3077 vas,
2499 3015 2642 3082 quod
2690 3012 2948 3067 refertum
2976 3017 3124 3070 omni
3163 3030 3362 3088 genere

1781 3105 2102 3160 animalium
2127 3103 2196 3158 de
2214 3104 2358 3159 coelo
2380 3103 2790 3159 demittebalur.

1847 3195 1898 3249 6.
1935 3193 2082 3248 Petri
2119 3192 2334 3259 umbra,
2359 3193 2408 3248 si
2449 3194 2514 3248 ad
2545 3203 2871 3264 a-grotantes
2927 3195 3248 3264 pertineret,
3267 3210 3361 3250 eos

1779 3286 2030 3342 sanabat.

1837 3379 1889 3432 7.
1918 3376 2113 3433 Petrus
2143 3391 2266 3432 cum
2314 3378 2530 3433 vinctus
2582 3379 2636 3432 in
2689 3393 2910 3434 carcere
2957 3388 3360 3439 assert-aretur.

1778 3467 1967 3524 insciis
2013 3467 2295 3532 militibus,
2335 3467 2404 3521 ab
2436 3467 2629 3536 angelo
2645 3468 2859 3522 solutus
2885 3479 2939 3520 et
2963 3469 3225 3524 dimissus
3247 3477 3356 3523 est:

1778 3569 1831 3615 et
1853 3558 2092 3614 Herodes
2121 3573 2152 3612 a
2191 3558 2466 3614 vermibus
2492 3571 2687 3613 erosus
2708 3559 3023 3630 exspiravit.

1848 3765 1902 3821 8.
1933 3763 2242 3836 Stephanus
2270 3762 2513 3834 prodigia
2542 3769 2707 3831 atque
2746 3760 3006 3815 miracula
3051 3760 3305 3816 faciebat.

1851 3860 1902 3913 9.
1939 3857 2224 3928 Philippus
2270 3855 2592 3926 (Diaconos)
2635 3855 2689 3908 in
2729 3854 2973 3908 Samaria
3003 3854 3208 3907 multos
3248 3854 3362 3923 spi-

1781 3949 1922 4016 ritus
1946 3949 2125 4019 ejecit.
2163 3947 2354 4003 Claudi
2389 3947 2516 4002 item
2555 3962 2618 4001 ac
2677 3947 2964 4018 paralytici
2997 3946 3066 4000 ab
3095 3960 3162 4000 eo
3183 3947 3360 4000 curati

1781 4050 1932 4098 sunt.

1856 4133 1942 4188 10.
1984 4131 2190 4186 Paulus
2240 4129 2684 4200 appropinquans
2717 4129 3002 4192 Damasco,
3030 4128 3167 4182 vidit
3197 4129 3364 4183 visio-

1784 4240 1932 4284 nem,
1966 4232 2021 4279 et
2057 4223 2239 4278 statim
2289 4222 2466 4274 factus
2487 4226 2572 4273 est
2624 4218 2896 4288 Evangelii
2937 4218 3282 4288 praedicator.

1859 4315 1952 4370 ll.
1982 4315 2124 4367 Idem
2178 4312 2462 4379 Philippus
2499 4307 2715 4362 obviam
2763 4310 3029 4378 processit
3081 4309 3357 4371 eunucho,

1786 4420 2018 4471 cumque
2053 4402 2364 4471 baptizavit.

183 4487 260 4558 ιβ’.
303 4491 517 4556 Παῦλος
546 4494 603 4545 ἐν
628 4495 896 4563 Λύστροις
926 4494 1098 4564 χωλὸν
1133 4497 1197 4550 ἐκ
1242 4496 1513 4566 γεννητῆς
1553 4495 1673 4549 ὄντα

1859 4495 1948 4550 12.
1979 4493 2179 4548 Paulus
2215 4491 2429 4562 Lystris
2471 4507 2572 4562 per
2608 4504 2806 4545 nomen
2841 4489 3057 4544 Domini
3104 4486 3360 4541 claudum

122 4577 472 4649 ἐθεράπευσεν
503 4585 560 4634 ὲν
591 4584 671 4654 τῷ
694 4586 916 4655 ὀνόματι
943 4585 1037 4638 τοῦ
1060 4587 1289 4656 Κυρίου.

185 4677 267 4740 ιγ’.
292 4674 508 4738 Παῦλος
535 4676 644 4730 ἀπὸ
675 4676 943 4741 ὀπτασίας
970 4680 1050 4741 εἰς
1075 4677 1414 4733 Μακεδονίαν
1451 4677 1675 4750 ἐκλήθη.

185 4855 258 4907 ιδ’.
332 4855 546 4920 Παῦλος
601 4860 837 4926 γυναῖκα
885 4860 986 4931 τὴν
1041 4858 1270 4930 ἔχουσαν
1311 4859 1536 4930 πνεῦμα
1565 4859 1678 4913 Πύ-

123 4940 270 5008 θωνος
302 4945 629 5017 ικαθάρισεν
658 4949 680 4981 ⁸
703 4951 761 5003 ἐν
805 4949 1113 5012 Φιλίπποις.

91 5071 97 5074 -
185 5035 259 5093 ιε’.
309 5038 523 5104 Παῦλος
573 5041 670 5096 καὶ
715 5041 879 5104 Σίλας
934 5041 1014 5105 είς
1054 5041 1302 5114 φυλακὴν
1334 5041 1676 5112 ἐϐλήθησαν

1783 4597 1970 4642 natum
1998 4584 2230 4641 curavit.

1856 4679 1944 4733 15.
1977 4677 2181 4730 Paulus
2218 4688 2317 4745 per
2353 4671 2620 4726 visionem
2652 4668 2707 4724 in
2728 4667 3100 4724 Macedoniam
3137 4677 3360 4724 vocatus

1785 4779 1943 4916 egi-4.
1968 4859 2169 4913 Paulus
2199 4857 2480 4912 mulierem
2513 4853 2802 4909 habentem
2827 4851 3078 4921 spiritum
3098 4849 3360 4922 Pythonis

1786 4952 2052 5020 Philippis
2090 4951 2320 5005 curavit.

1859 5044 1947 5098 l5.
1979 5040 2185 5097 Paulus
2223 5052 2277 5095 et
2303 5041 2447 5096 Silas
2482 5041 2537 5096 in
2561 5053 2835 5095 carcerem
2864 5033 3119 5105 coniecti,
3145 5045 3360 5088 eorum-

124 5127 209 5179 καὶ
232 5129 672 5200 ἠσφαλισμένους
701 5127 846 5201 εἶχον
875 5133 1001 5195 τοὺς
1024 5131 1187 5193 πόδας
1215 5135 1272 5185 ὲν
1293 5131 1371 5201 τῷ
1400 5131 1560 5201 ξύλῳ.
1590 5129 1673 5183 Ἐν

1819 5149 1890 5190 ue
1941 5133 2108 5203 pedes
2186 5133 2337 5200 ligno
2392 5132 2681 5188 constricti
2742 5137 2900 5186 erant
2955 5144 2969 5180 :
3013 5133 3174 5180 nocte
3226 5137 3355 5177 vero

121 5214 172 5268 δὲ
206 5217 282 5288 τῷ
325 5221 662 5292 μσσονυκτίφ
723 5223 949 5292 σεισμὸς
1021 5222 1215 5290 γέγονε
1239 5237 1253 5252 ·
1284 5221 1377 5274 καὶ
1430 5221 1673 5274 λέλυνται

1813 5224 1961 5279 media
2030 5228 2373 5278 terramotus
2403 5221 2583 5276 {actus
2635 5229 2740 5283 est,
2784 5227 2839 5271 et
2896 5229 3084 5270 eorum
3142 5211 3355 5266 vincula

121 5307 290 5364 αὐτῶν
309 5312 374 5366 τὰ
401 5311 600 5383 δεσμά.

183 5407 278 5466 ις’.
318 5403 451 5458 ’Δπδ
477 5404 571 5458 τοῦ
597 5404 803 5476 χρωτὸς
831 5405 1042 5460 Παύλου
1073 5406 1348 5476 ἀπέφερον
1412 5405 1672 5477 σουδάρια

1780 5317 1958 5370 soluta
1986 5315 2228 5367 fuerunt.

1856 5402 1943 5458 l6.
1987 5402 2033 5456 Α
2084 5415 2314 5471 corpore
2365 5399 2520 5456 Pauli
2565 5395 2879 5454 deferebant
2932 5388 3151 5447 sudaria
3195 5401 3361 5458 super

1432 5583 1632 5646 Varie:
1661 5582 1996 5648 lectiones.
3082 5652 3088 5659 ,

183 5705 204 5738 ³
229 5706 365 5762 locus
381 5707 584 5764 videtur
617 5719 917 5778 corruptus.
993 5711 1012 5740 ¹
1036 5709 1144 5762 τῶν
1161 5708 1476 5766 ἀποστόλων
1527 5706 1673 5764 (tabe!

1813 5728 1833 5763 η.
1901 5708 1922 5740 ³
1940 5705 2191 5768 Ματθίας
2217 5701 2536 5758 'habcbatur.
2593 5697 2614 5730 ⁸
2629 5696 2891 5754 Αίνέανει
2915 5693 3156 5762 Δίναίαν,
3179 5688 3334 5746 habe-

123 5773 339 5833 δαειιτὶιι
360 5782 590 5835 excusis.
669 5782 692 5813 ⁸
714 5773 1097 5852 ἐκάθαίρησεν,
1145 5790 1282 5834 erat.
