3860 6552
539 308 648 376 ιετ

1471 303 2041 371 THEOPlIYLACTI
2077 303 2489 366 BULGARIrE
2527 305 2886 366 ARCHIEP.
3653 311 3734 378 ιδε

540 431 798 495 aegrotos,
826 430 881 479 et
911 421 1196 479 dtemoniis
1238 429 1520 493 correptos
1551 439 1565 478 :
1601 436 1714 494 quo
1768 421 1912 477 facto
1955 434 2114 476 cura-

2235 417 2311 472 ιπὶ
2333 418 2457 483 τοὺς
2481 417 2840 481 ἀσθενοῦντας
2877 415 2972 472 καὶ
2991 415 3386 488 δαιμονιῶντας
3411 434 3425 448 ο
3449 417 3540 472 καὶ
3584 419 3736 494 £0»:-

539 518 761 574 bantur.

618 609 704 664 l7.
738 606 940 662 Paulus
955 603 1164 662 Troade
1190 605 1256 661 de
1285 604 1528 661 fenestra
1554 603 1839 675 delapsum
1887 612 1942 658 et
1963 619 2112 659 mor-

543 709 694 754 tuum
737 697 1042 768 Eutychum
1071 695 1350 760 excitavit,
1377 695 1564 750 dicens
1611 711 1626 748 :
1685 694 1882 748 Anima
1905 693 2024 764 ejus
2060 695 2114 748 in

545 806 612 846 ρο
655 801 760 844 est.

617 880 701 932 18.
746 875 948 932 Paulus
985 874 1038 930 iu
1074 874 1250 948 Cypro
1279 874 1552 946 increpuit
1587 873 1812 947 Elyman
1855 889 2111 945 magum:

540 980 701 1038 atque
731 968 846 1037 ipse
881 981 1071 1036 magus
1095 980 1273 1019 carcus
1307 967 1500 1021 evasit.

613 1060 700 1113 t9.
732 1059 932 1114 Paulus
979 1058 1108 1112 dum
1163 1057 1390 1111 Romam
1453 1056 1752 1127 navigaret,
1789 1047 2118 1126 tempestate

535 1153 774 1224 iactatus
833 1158 938 1217 est,
975 1158 1030 1204 et
1092 1150 1210 1220 ipse
1265 1187 1282 1214 ,
1419 1157 1473 1203 et
1532 1164 1741 1213 omnes,
1803 1147 1894 1216 qui
1961 1155 2116 1201 erant

540 1245 596 1297 in
639 1244 762 1296 navi
792 1243 856 1297 ad
899 1241 1017 1296 dies
1053 1253 1106 1294 et
1145 1248 1331 1294 noctes
1376 1239 1806 1309 quatuordecim.
1855 1239 2118 1293 Omnibus

540 1345 722 1388 autem
765 1341 994 1387 mortem
1021 1329 1490 1400 exspectantibus,
1513 1345 1636 1382 cum
1667 1327 1928 1382 Dmniuus
1951 1329 2120 1382 Paulo

539 1435 763 1490 astarct,
790 1425 926 1478 dixit
954 1425 1000 1478 ei
1027 1441 1041 1477 :
1069 1423 1298 1490 PrOpter
1331 1431 1383 1476 te
1415 1421 1579 1474 vitam
1611 1419 1697 1474 his
1744 1420 1992 1474 concessi
2023 1436 2036 1474 :
2064 1426 2119 1474 et

541 1519 675 1572 Salvi
715 1525 1008 1573 evaserunt
1047 1530 1259 1569 omnes.

2217 510 2464 564 πεύοντο.

2291 604 2378 668 ιζ’.
2415 603 2626 667 Παῦλος
2653 604 2711 656 ἐν
2737 602 2957 675 Τρῳάδι
2981 601 3219 658 πεσόντα
3240 600 3483 672 Εὔτυχον
3535 605 3630 657 ἀπὸ
3665 608 3740 676 τῆς

2219 694 2430 764 θυρίδος
2442 733 2454 756 .
2471 694 2566 747 καὶ⁸
2585 693 2919 750 ἀποθανόντα
2935 694 3120 768 ἢγειρε
3138 693 3335 762 λέγων·
3373 689 3441 747 Ἦ
3461 693 3597 765 ψυχὴ
3615 698 3740 753 αὐτοῦ

2218 789 2278 840 ἐν
2308 786 2456 857 αὐτῷ
2479 788 2614 839 ἐστι.

2294 883 2380 946 ιη’.
2419 877 2631 940 Παῦλος
2658 879 2713 930 ὲν
2753 877 2963 949 Κύπρῳ
2996 877 3292 948 ἐπετίμησε
3327 877 3405 948 τῷ
3443 878 3596 949 μάγῳ
3627 880 3743 933 Ἐλύ-

2222 985 2301 1038 μᾳ
2324 983 2337 997 ·
2373 969 2467 1020 καὶ
2497 968 2713 1035 ἐγένετο
2741 967 2939 1036 τυφλὸς
2973 965 3132 1030 αὐτὸς
3153 967 3182 1019 δ
3219 966 3416 1038 μάγοςο

2292 1060 2377 1113 ιθ’.
2417 1060 2626 1124 Παῦλος
2651 1059 2724 1123 ὡς
2755 1060 2948 1113 ἔπλεεν
2980 1061 3037 1113 ἐν
3082 1058 3271 1132 Ῥώμῃ
3297 1059 3338 1122 ⁸,
3391 1057 3746 1128 ἑχειμάτθησαν

2221 1150 2383 1212 αὐτός
2412 1167 2470 1202 τε
2498 1150 2591 1204 καὶ
2626 1152 2826 1212 πάντες
2853 1151 2901 1202 oi
2936 1151 2992 1202 ὲν
3021 1150 3098 1219 τῷ
3138 1150 3307 1219 πλοίῳ
3335 1150 3429 1202 ἐπὶ
3478 1149 3746 1221 νυχθήμερα

2224 1245 2304 1297 ιδ’.
2354 1243 2578 1297 Πάντων
2608 1243 2663 1296 δὲ
2693 1241 3124 1312 προσδοκώντων
3153 1241 3467 1304 ἀποθανεῖν,
3521 1242 3748 1306 ἐπιστίλςὸ

2222 1334 2427 1404 Κύριος
2452 1329 2768 1403 εἷπεναύτῷ
2784 1333 2862 1403 τῷ
2882 1333 3095 1404 Παύλῳ,
3119 1334 3200 1386 ὃτι
3252 1334 3352 1385 Διὰ
3374 1333 3435 1385 σὲ
3459 1333 3745 1405 κεχάρισμαι

2221 1423 2431 1486 τούτοις
2463 1421 2525 1474 τὸ
2560 1421 2660 1491 ζῇν
2683 1438 2700 1454 ’
2738 1422 2831 1474 καὶ
2866 1421 3148 1492 ἐσώθησαν
3173 1423 3395 1486 πάντες.

611 1609 702 1664 ΞΟ.
741 1610 1032 1680 Egressum
1075 1607 1298 1663 Paulum
1331 1620 1360 1660 e
1388 1604 1532 1670 navi,
1567 1603 1749 1675 vipera
1804 1601 2116 1666 momordit,

2293 1605 2364 1662 κ’.
2403 1608 2720 1672 Ἑξελθόντα
2751 1607 2844 1661 τὸν
2874 1607 3088 1662 Παῦλον
3145 1608 3254 1660 άπὸ
3299 1606 3396 1660 τοῦ
3448 1607 3644 1668 πλοίου.
3668 1609 3753 1678 ἔχις

540 1713 708 1773 atque
747 1718 938 1758 omnes
991 1701 1252 1772 putabant
1288 1698 1403 1752 fore
1437 1704 1496 1752 ut
1547 1708 1850 1752 moreretur
1880 1714 1895 1750 :
1935 1705 1996 1750 ιιι
2023 1709 2120 1748 au-

2225 1699 2386 1754 ἔδακε
2411 1716 2425 1730 ·
2455 1702 2549 1754 καὶ
2585 1701 2634 1753 oi
2666 1700 2764 1770 μὲν
2809 1700 3008 1762 πάντες
3043 1699 3292 1776 ἐνόμιζον
3342 1699 3511 1752 αὑτὸν
3556 1699 3752 1767 γίνεσθει

543 1803 653 1849 tem
716 1793 921 1849 mansit
977 1793 1185 1863 integer
1237 1798 1291 1846 et
1321 1787 1638 1852 incolumis,
1692 1787 1956 1858 putabant
1989 1800 2113 1841 eum

2235 1789 2432 1859 νεκρόν.
2485 1789 2572 1854 Ὠς
2607 1790 2664 1844 δὲ
2705 1789 2924 1860 ἀπαθὴς
2955 1791 3192 1862 ἔμεινεν,
3223 1789 3480 1862 ἐνόμισαν
3517 1791 3660 1844 αὑτὸν
3696 1788 3754 1845 εἷο

542 1899 666 1939 esse
706 1883 890 1938 demu.

613 1976 704 2030 2|.
755 1974 1057 2044 Principem
1107 1973 1298 2029 insula:
1347 1972 1599 2030 Publium
1643 1971 1952 2042 dysenteria
2000 1984 2124 2024 cor-

541 2078 774 2137 reptum,
812 2064 1082 2136 impositis
1103 2065 1358 2119 manibus
1405 2063 1607 2118 Paulus
1641 2062 1854 2117 sanavit
1883 2077 1897 2116 :
1925 2060 2124 2116 multos

541 2154 670 2208 item
701 2155 839 2209 alios
877 2163 1111 2224 a-grotos
1137 2151 1367 2206 curavit.

771 2263 1235 2334 Peregrinationes
1264 2264 1439 2318 sancti
1472 2263 1628 2318 Pauli
1653 2262 1906 2332 apostoli.

614 2377 696 2432 Ab
723 2376 984 2432 Datnasco
1005 2393 1240 2436 exorsus
1269 2389 1372 2444 est.
1422 2387 1476 2433 et
1511 2376 1761 2432 ascendit
1796 2375 2111 2449 Hierosoly-

545 2482 690 2522 mam
727 2486 740 2521 :
776 2467 903 2523 inde
945 2468 1177 2525 Tarsum
1212 2487 1226 2524 :
1273 2478 1436 2540 atque
1477 2469 1629 2522 illinc
1685 2467 2030 2522 Antiochiam
2068 2476 2126 2524 et

545 2575 744 2614 rursus
774 2561 968 2615 iterum
1004 2560 1438 2632 Hierosolymam
1462 2562 1742 2631 prolectus
1767 2570 1889 2615 est:
1920 2569 1974 2614 et
2002 2575 2127 2615 rur-

547 2667 647 2706 sus
680 2653 876 2706 iterum
911 2653 1258 2707 Antiochiam
1291 2671 1306 2707 :
1339 2661 1503 2723 atque
1527 2653 1679 2708 illinc
1709 2667 1815 2706 una
1839 2667 1963 2706 cum
1992 2650 2124 2706 Bar-

543 2744 680 2796 uaha
712 2742 1018 2799 destinatus
1054 2746 1404 2814 apostolatui,
1435 2743 1720 2800 descendit
1767 2742 2074 2798 Seleuciam
2106 2761 2121 2798 :

541 2837 738 2891 deinde
765 2839 818 2892 iu
845 2838 1120 2910 Cyprum:
1156 2839 1246 2893 ttbi
1271 2846 1326 2894 et
1343 2837 1546 2892 Paulus
1565 2838 1732 2906 cmpit
1755 2836 1936 2890 vocari
1960 2853 1972 2888 :
2001 2842 2126 2906 post

547 2927 663 2982 lucc
730 2928 978 2998 Pergam,
1009 2937 1064 2984 et
1111 2929 1462 2984 Antiochiam
1498 2927 1718 2982 Pisidia:
1751 2943 1767 2980 :
1797 2927 1990 2982 deinde
2013 2927 2125 2982 ico-

545 3019 696 3073 nium
737 3027 791 3073 et
814 3017 1060 3090 Lystram
1098 3029 1153 3074 et
1205 3017 1436 3074 Derham
1464 3016 1797 3090 Lycaoniae:
1839 3026 2026 3086 postea
2069 3019 2123 3072 in

2226 1897 2315 1934 ναι
2355 1880 2499 1935 θεόν.

2296 1979 2403 2027 κα⁹.
2440 1973 2544 2026 Τδν
2579 1974 2797 2046 πρῶτον
2827 1973 3097 2028 Πούπλιον
3126 1975 3184 2027 ἐν
3201 1976 3265 2046 τῇ
3305 1975 3454 2046 νήσῳ
3483 1974 3753 2048 δυσεντερῖᾳ

2227 2065 2610 2135 συνεχόμενον,
2643 2065 3056 2136 χειροθετήσας,
3119 2065 3306 2118 ίάσατο
3334 2065 3363 2117 ό
3395 2065 3603 2129 Παῦλος
3628 2081 3642 2097 ο
3687 2071 3753 2119 καὶ

2225 2156 2420 2220 ἄλλους
2463 2155 2694 2220 πολλοὺς
2728 2155 3090 2220 ἀσθενοῦντας
3114 2156 3502 2228 ἐθεράπευσεν.

2364 2270 2637 2340 Περίοδοι
2659 2270 2766 2325 τοῦ
2789 2271 2961 2339 ἁγίου
2991 2270 3342 2325 ἀποστόλου
3393 2273 3650 2326 Παύλου.

2314 2384 2432 2438 aut.
2451 2384 2741 2454 Δαμασκοῦ
2756 2383 2976 2455 ἤρξατο,
2997 2383 3091 2436 καί
3105 2378 3268 2452 ἦλθεν
3283 2382 3305 2414 ⁷
3322 2384 3402 2446 εἰς
3429 2383 3496 2438 Ίε
3507 2385 3754 2455 ρουσιλῆμο

2225 2475 2437 2529 ἐκεῖθεν
2463 2477 2544 2539 είς
2582 2474 2797 2546 Ταρσόν
2824 2490 2839 2506 °
2885 2475 3144 2528 κάκεῖθεν
3196 2477 3274 2538 είς
3319 2475 3658 2546 Ἀντιόχειαν,
3686 2478 3755 2529 καὶ

2225 2568 2389 2622 πάλιν
2420 2567 2673 2638 δεύτερον
2703 2569 2783 2632 είς
2829 2567 3189 2638 Ἰερουσαλήμ
3212 2584 3227 2599 ο
3263 2570 3358 2621 καὶ
3393 2569 3560 2622 πάλιν
3616 2569 3758 2622 δεύτεσ

2230 2675 2322 2728 ρον
2366 2659 2446 2721 είς
2484 2656 2838 2727 Ἀντιόχειαν,
2872 2655 3126 2709 κάκεῖθεν
3155 2655 3473 2725 άφορισθεὶς
3510 2657 3637 2723 μετὰ
3661 2653 3758 2723 Βορ-

2226 2749 2365 2802 νάὸα
2391 2749 2472 2810 εἰς
2508 2747 2605 2817 τὴν
2633 2745 2956 2816 ἀποστολὴν,
2986 2745 3256 2815 κατῆλθεν
3312 2746 3393 2808 είς
3450 2743 3755 2797 Σελεύκειαν·

2226 2833 2350 2892 εἶτα
2380 2840 2461 2901 είς
2511 2837 2740 2907 Κύπρον
2763 2850 2776 2866 ·
2808 2835 2938 2890 ἔνθα
2988 2835 3082 2888 καὶ
3124 2832 3337 2896 Παῦλος
3359 2830 3570 2904 ἤρξατο
3615 2832 3757 2885 uisio

2227 2927 2352 2980 σθαι
2372 2943 2385 2957 ο
2408 2919 2529 2978 εἶτα
2554 2926 2634 2988 είς
2658 2923 2880 2995 Πέργην
2905 2939 2920 2956 ο
2950 2923 2973 2955 ⁸
3001 2924 3084 2986 είς
3125 2922 3458 2991 Ἀντιόχειαν
3502 2923 3598 2992 τῆς
3640 2921 3759 2974 [lm-

2225 3019 2366 3082 δίας·
2405 3014 2524 3074 εἶτα
2549 3019 2629 3082 είς
2667 3017 2890 3071 Ἰκόνιον
2915 3031 2931 3046 ο
2974 3011 3094 3070 εἶτα
3123 3016 3206 3077 είς
3252 3013 3504 3084 Λύστραν
3536 3014 3621 3067 καὶ
3659 3013 3760 3079 Aip-

545 3109 920 3179 Pamphyliam
956 3127 970 3164 :
999 3110 1193 3166 deinde
1224 3124 1417 3165 rursus
1449 3109 1678 3180 Pergam
1704 3125 1721 3168 :
1754 3117 1942 3178 postea
1973 3111 2124 3162 Atta-

2235 3113 2332 3181 δην
2377 3112 2471 3181 καὶ
2510 3111 2895 3165 Λυκαονίαν⁹’
2957 3105 3076 3162 εἷτα
3136 3108 3218 3171 είς
3271 3104 3630 3176 Παμφυλίαν·
3672 3099 3762 3156 εἶτα

546 3200 674 3254 liam
701 3217 716 3255 :
745 3201 942 3257 deinde
973 3204 1405 3259 rursustcrlium
1428 3201 1773 3256 Antiochiam
1803 3198 1973 3273 Syria:
1996 3217 2010 3256 :
2031 3217 2126 3271 po-

547 3301 664 3348 stea
701 3310 894 3351 rursus
921 3296 1140 3350 tertium
1173 3294 1603 3365 Hierosolymam
1638 3305 1861 3363 prapter
1888 3293 2126 3347 circum-

545 3382 808 3440 cisiouem
853 3401 870 3442 :
924 3385 1123 3441 deinde
1178 3400 1374 3441 rursus
1425 3394 1677 3455 quartum
1741 3383 2123 3439 Antiochiam:

545 3486 734 3546 postea
765 3479 1076 3547 peragravit
1113 3477 1326 3547 Syriam
1351 3485 1405 3532 et
1445 3476 1727 3533 Ciliciam:
1761 3476 1956 3532 deinde
2001 3491 2124 3530 rur-

545 3579 644 3623 ,τις
667 3567 862 3621 iterum
919 3566 1150 3622 Dcrham
1199 3580 1250 3623 et
1292 3567 1590 3639 Lystram:
1639 3566 1729 3621 ubi
1782 3565 2126 3620 Timotheum

543 3657 888 3712 circumcidit
915 3675 929 3712 :
967 3660 1209 3730 posthac
1241 3661 1520 3727 prolectus
1547 3668 1630 3714 est
1660 3657 1715 3711 in
1743 3656 2032 3728 Phrygiam
2067 3665 2121 3712 et

544 3743 842 3801 Galatieam
884 3751 1200 3818 regionem:
1254 3747 1455 3806 deinde
1505 3749 1560 3802 in
1610 3749 1890 3820 Mysiam:
1940 3759 2128 3818 postea

547 3835 817 3892 Troadem
851 3855 867 3892 :
901 3850 1065 3908 atque
1117 3840 1270 3894 illinc
1315 3839 1595 3909 Neapolim
1649 3857 1664 3895 :
1694 3841 1891 3896 deinde
1923 3841 2129 3911 Philip-

546 3942 646 3997 pos
665 3927 992 3984 Haecdonia:
1018 3931 1206 3985 urbem
1235 3921 1483 4000 :imstea,
1509 3944 1789 4001 peragrata
1813 3932 2128 4002 Amphipoi

545 4027 598 4071 et
616 4021 1080 4087 Apollonia,veuit
1103 4021 1547 4076 Thessalonicam
1572 4041 1586 4080 :
1607 4023 1801 4078 deinde
1817 4023 2127 4078 Berrhmam

549 4117 605 4160 et
634 4105 880 4164 Athenas
914 4124 929 4161 :
967 4120 1156 4177 postea
1199 4110 1527 4166 Corinthum
1555 4122 1612 4166 et
1641 4111 1915 4182 Ephesum
1946 4130 1960 4166 :
2005 4114 2130 4168 inde

548 4199 853 4254 Caesaream
891 4217 906 4254 :
935 4202 1180 4272 posthaec
1231 4203 1430 4258 iterum
1482 4205 1828 4259 Antiochiam
1861 4205 2078 4260 Pisidia:
2111 4225 2126 4260 :

552 4292 683 4347 inde
711 4292 767 4346 in
791 4292 1094 4348 Gaiaticam
1127 4295 1406 4364 regionem
1448 4303 1504 4350 et
1525 4291 1848 4365 Phrygiam:
1884 4300 2126 4366 posthaec

549 4384 744 4440 iterum
804 4401 1054 4442 reversus
1109 4394 1194 4442 est
1224 4385 1519 4457 Ephesum.
1572 4387 1803 4454 Deinde,
1844 4399 2128 4460 peragrata

549 4468 893 4532 Macedonia.
929 4473 1080 4528 venit
1133 4475 1187 4529 itt
1242 4475 1550 4543 Greciam;
1610 4489 1774 4548 atque
1825 4479 1949 4534 inde
2007 4471 2207 4549 per-D

548 4570 732 4631 agrata
770 4561 1109 4629 Macedonia,
1135 4565 1333 4618 iterum
1380 4581 1634 4622 reversus
1662 4579 1746 4622 est
1769 4565 2072 4637 Philippos,
2099 4584 2129 4622 a

549 4648 818 4721 Philippis
843 4651 1116 4708 Troadem
1156 4670 1352 4710 rursus
1375 4657 1656 4726 profectus
1681 4667 1761 4713 est
1793 4673 1808 4710 :
1847 4660 1937 4711 ubi
1963 4658 2129 4712 etiam

549 4739 856 4810 Eutychum
894 4743 1106 4814 lapsum
1133 4746 1393 4799 excitavit
1413 4763 1426 4800 :
1445 4746 1642 4802 deinde
1661 4750 1836 4803 Asson
1859 4748 2131 4818 profectus

549 4841 634 4886 est
662 4841 717 4886 et
748 4831 1073 4902 Mitylenen;
1110 4850 1237 4891 mox
1292 4832 1361 4891 ad
1411 4838 1530 4893 loca
1562 4839 1669 4893 sita
1693 4855 1723 4893 e
1748 4840 1965 4910 regione
1986 4839 2128 4895 Chii:

551 4931 740 4992 pestea
770 4921 994 4977 Samum
1032 4942 1045 4977 :
1090 4935 1255 4994 atque
1285 4926 1412 4982 inde
1450 4927 1713 4983 Miletum.
1743 4929 1918 4994 Unde,
1947 4945 2131 4986 accer~

551 5015 674 5068 sitis
704 5013 771 5069 ad
800 5030 859 5070 se
889 5013 1166 5086 Ephesiis,
1215 5021 1620 5074 sermocinatus
1645 5028 1731 5076 est
1759 5035 1823 5074 ac
1845 5021 2126 5078 valedixit:

551 5118 738 5177 postea
771 5110 918 5164 venit
949 5111 1004 5164 in
1029 5109 1202 5167 Count
1232 5129 1246 5166 :
1277 5127 1400 5166 mox
1436 5112 1690 5166 Rhodum
1719 5132 1731 5168 :
1765 5114 1891 5170 inde
1935 5115 2129 5170 Patara

550 5197 746 5252 deinde
773 5197 977 5271 Tyrum
1007 5219 1020 5256 :
1045 5211 1234 5270 postea
1263 5200 1602 5256 Ptolemaida
1629 5219 1643 5255 :
1670 5211 1835 5271 atque
1867 5204 1992 5259 inde
2015 5204 2131 5260 Ca:-

551 5302 762 5343 saream
797 5305 811 5342 :
841 5287 983 5344 unde
1020 5305 1214 5345 rursus
1240 5300 1499 5361 quartum
1529 5290 1776 5357 ascendit
1809 5290 2130 5363 Hierosoly-

2231 3204 2390 3259 πάλιν
2428 3205 2507 3268 είς
2550 3204 2769 3273 Πέργην
2794 3218 2808 3236 ο
2831 3197 2950 3255 εἶτα
2981 3201 3060 3264 είς
3106 3199 3390 3253 Ἀττάλιαν
3412 3216 3426 3230 ·
3483 3194 3598 3252 εἶτα
3639 3195 3762 3249 πάλιν

2226 3298 2410 3367 τρίτον
2462 3299 2542 3359 είς
2571 3295 2900 3364 Ἀντιόχειαν
2941 3294 3041 3364 τῆς
3068 3292 3267 3361 Συρίας
3287 3307 3304 3324 ο
3332 3286 3455 3345 εἶτα
3499 3291 3648 3344 πάλιν
3672 3288 3763 3355 τρί·

2226 3404 2318 3441 τον
2350 3389 2428 3450 εἰς
2470 3387 2847 3457 Ἰερουσαλὴμ,
2871 3385 2961 3438 διὰ
3003 3385 3102 3454 τὴν
3127 3386 3454 3454 περιτομήν.
3481 3378 3607 3434 Εἶτα
3639 3381 3762 3432 πάλιν

2227 3479 2487 3549 τέταρτον
2510 3479 2589 3540 είς
2615 3476 3016 3546 ’Δντιόχειαν.¹⁶
3067 3469 3200 3528 Εἶτα
3240 3473 3406 3526 πάλιν
3453 3472 3683 3542 δεύτερον
3707 3471 3764 3530 εἱς

2229 3569 2438 3640 Δέρϐην
2466 3570 2561 3622 καὶ
2591 3568 2863 3638 Λύστρανο
2897 3567 3023 3620 ἔνθα
3044 3566 3134 3620 τδν
3149 3565 3417 3636 Τιμόθεον
3449 3565 3760 3633 περιέτεμεν

2230 3659 2350 3716 εἶτα
2371 3665 2452 3726 είς
2474 3663 2573 3732 τὴν
2606 3659 2848 3731 Φρυγίαν
2876 3659 2972 3713 καὶ
3001 3657 3307 3728 Γαλατικὴν
3337 3654 3523 3728 χώραν
3542 3671 3557 3686 ο
3589 3648 3764 3711 citati;

2228 3755 2444 3808 Μυσίαν
2464 3770 2478 3784 ο
2515 3747 2635 3804 εἷτα
2661 3752 2738 3814 είς
2767 3749 2994 3822 Τρωάδα
3020 3764 3037 3780 ⁸
3082 3747 3338 3801 κάκεῖθεν
3392 3746 3471 3810 είς
3498 3742 3761 3798 Νεάπολιν·

2232 3843 2355 3900 εἶτα
2381 3846 2462 3909 εἰς
2509 3843 2811 3906 Φιλίππους
2863 3845 2966 3914 τῆς
3017 3839 3354 3902 Μακεδονίας
3378 3854 3393 3868 °
3424 3834 3561 3896 εἶτα.
3587 3831 3766 3888 διελθὼν

2229 3937 2328 4007 τὴν
2382 3935 2708 4006 Ἀμφίπολιν
2769 3934 2864 3988 καὶ
2927 3931 3026 4004 τὴν
3093 3930 3482 3992 ’Λπολλωνίαν,
3521 3923 3671 3998 ἦλθεν
3709 3926 3767 3983 εἰς

2228 4025 2666 4094 Θεσσαλονίκην·
2721 4020 2842 4078 εἶτα
2885 4025 2966 4086 είς
3023 4021 3308 4094 Βὲρῤοιαν,
3369 4014 3488 4072 εἶτα
3531 4018 3605 4079 είς
3644 4013 3766 4079 Ἀθή·

2228 4134 2324 4180 νας
2351 4134 2366 4148 ·
2407 4111 2525 4169 εἶτα
2565 4117 2643 4178 εἰς
2689 4113 2954 4184 Κόρινθον
2990 4129 3004 4144 ·
3035 4109 3152 4166 εἶτα
3181 4114 3261 4174 είς
3295 4111 3556 4177 Ἔφεσον·
3580 4101 3684 4160 εἶτα
3710 4105 3767 4163 εἰς

2231 4212 2564 4279 Καισάρειαν
2583 4225 2595 4239 ·
2637 4206 2754 4261 εἶτα
2805 4206 3060 4277 δεύτερον
3091 4208 3173 4268 είς
3216 4205 3545 4272 Ἀντιόχειαν
3575 4199 3666 4268 τῆς
3688 4197 3762 4248 ηι-

2230 4303 2405 4365 σιδὲας
2429 4317 2443 4330 ⁸
2469 4297 2587 4352 εἶτα
2615 4302 2694 4361 είς
2739 4298 2840 4367 τὴν
2871 4295 3173 4364 Γαλατικὴν
3194 4294 3381 4364 χώραν
3425 4292 3519 4345 καὶ
3547 4285 3765 4358 Φρυγίανο

2231 4391 2347 4447 εἶτα
2409 4392 2572 4446 πάλιν
2643 4391 2894 4458 δεύτερον
2947 4391 3026 4452 εἰς
3094 4388 3363 4455 Ἔφεσον·
3419 4380 3552 4446 εἶτα,
3586 4374 3766 4432 διελθὼν

2232 4487 2331 4555 τὴν
2384 4482 2793 4546 Μακεδονίαν,¹¹
2847 4477 2978 4552 ἦλθε
3009 4480 3171 4534 πάλιν
3198 4477 3452 4546 δεύτερον
3489 4474 3563 4535 είς
3617 4466 3770 4521 Φιλίπ-

2235 4593 2390 4640 πους.
2415 4574 2523 4628 Καὶ
2554 4574 2661 4628 άπὸ
2686 4572 2970 4626 Φιλίππων
2996 4572 3039 4603 ⁸⁸
3079 4569 3245 4622 πάλιν
3267 4569 3346 4630 είς
3369 4564 3589 4637 Τρωάδα
3613 4577 3628 4591 ο
3671 4556 3768 4609 ἔνθα

2234 4668 2326 4722 καὶ
2368 4666 2460 4720 τὸν
2491 4665 2732 4735 Εὔτυχον
2782 4667 2970 4734 ἡγειρε
3003 4663 3240 4714 πεσόντα
3261 4677 3277 4694 ο
3313 4654 3432 4712 εἶτα
3452 4658 3526 4718 εἰς
3552 4653 3644 4722 τὴν
3668 4645 3771 4699 Ἀσ·

2234 4776 2354 4812 σον·
2400 4755 2521 4811 εἶτα
2585 4757 2664 4818 εἰς
2714 4753 3069 4822 Μιτυλήνην⁶
3107 4747 3228 4805 εἶτα
3271 4751 3316 4782 ⁸⁸
3364 4747 3585 4817 ἀντικρὺ
3639 4741 3766 4794 Χίον.

2233 4844 2368 4902 Εἶτα
2435 4849 2515 4910 εἰς
2562 4845 2766 4917 Σάμον,
2819 4842 3077 4898 κάκεῖθεν
3116 4843 3196 4906 εἰς
3250 4839 3541 4911 Μήλητονο
3574 4831 3768 4889 ἐκεῖθεν.

2233 4939 2678 5009 είσπεμψάμενος
2707 4938 2752 4970 ¹⁸
2772 4938 2898 5000 τοὺς
2922 4937 2980 4989 ὲν
3013 4935 3248 5004 Ἐφέσῳ,
3281 4933 3551 5003 ὡμίλησεν
3580 4927 3767 4980 αὐτοῖς’

2233 5025 2352 5083 εἶτα
2381 5031 2460 5092 εἰς
2485 5029 2610 5084 Χῶν
2639 5046 2654 5061 ο
2679 5023 2798 5081 εἶτα
2854 5027 2934 5090 είς
2979 5024 3162 5079 Ῥόδον
3194 5042 3208 5056 ·
3255 5022 3508 5078 κάκεῖθεν
3556 5020 3632 5080 είς
3680 5012 3770 5065 Πά-

2233 5137 2377 5192 ταρα
2403 5137 2418 5150 ·
2467 5118 2726 5174 κάκεῖθεν
2754 5117 2833 5181 είς
2892 5117 3069 5188 Τύρον
3095 5131 3108 5146 ο
3141 5111 3261 5166 εἶτα
3291 5116 3374 5177 είς
3423 5105 3731 5177 Πτολεμαῖδα
3753 5113 3766 5129 ⁶

2235 5209 2491 5264 κάκεῖθεν
2509 5212 2590 5272 είς
2622 5208 2993 5278 Καισάρειαν
3028 5205 3285 5260 κάκεῖθεν
3335 5204 3494 5257 πάλιν
3541 5200 3769 5264 τέταρτον

2238 5300 2466 5370 ἀνῆλθεν
2496 5301 2574 5363 εἰς
2609 5297 2968 5370 Ἰερουσαλήμ
2995 5313 3011 5330 ο
3058 5295 3316 5351 κάκεῖθεν
3344 5287 3693 5364 παρεπέμφθη
3707 5284 3768 5341 εἰς

1737 5407 1944 5468 Varia:
1997 5408 2300 5477 lectiones
2332 5421 2396 5477 et
2421 5424 2608 5476 noue.

622 5505 644 5536 ⁶
679 5504 767 5577 Ia.
795 5504 1151 5577 είςίῬῴμην.
1230 5506 1250 5536 ⁷

1275 5505 1643 5593 γρ.“ἀνῇ>.θεν.
1718 5511 1740 5542 ⁸
1769 5509 2005 5593 ἀλλαχοῦ
2043 5517 2394 5593 προστίθεται
2432 5518 2492 5593 τὸ
2515 5514 2656 5593 εἶτα.
2711 5522 2876 5593 ξπ).
2899 5525 3000 5593 τῆς
3033 5523 3362 5586 Λυκαονίας.
3440 5523 3480 5554 ’⁸
3512 5504 3766 5593 τξῐξῖἶδτίθξξ

549 5576 943 5658 ῖῇξ.ῷ;.λαχ⁰ὗ⁹.
961 5573 1100 5658 “i9;
1125 5573 1436 5658 5Eﬁ’PECF’lV
1459 5573 1659 5658 @952“:
1687 5573 1966 5658 κὲτά,(τᾶο
2007 5573 2238 5658 κναῖμὴν
2265 5587 2539 5642 Κιλικίαν.
2600 5590 2659 5658 ν¹¹
2685 5573 2887 5646 Αάάῆιι
2909 5573 3460 5648 ίιὲείιιεέοιιτο
3483 5607 3500 5643 :
3529 5573 3678 5658 ἧλθξν
3703 5577 3768 5629 εἰς

561 5643 786 5697 Ἐλλάδα
813 5643 1136 5737 ξικάκεῖθεν
1162 5643 1404 5702 διελθὼν
1429 5643 1550 5720 τὴνῖ
1570 5643 1932 5732 Μακεδονίαν.
2010 5655 2052 5686 ⁸⁸
2091 5643 2124 5709 Φ

2235 5672 2400 5726 τποις,
2453 5643 3015 5734 Ιιιιίνεὸαιιινζηἶὸ
3054 5643 3560 5732 aliam.“
3619 5651 3662 5684 ⁸⁸
3690 5663 3764 5714 ιιι·

553 5715 1067 5787 μεταπεμψάμενος.
1101 5725 1104 5728 ’

1959 5856 1994 5864 ,σ-
