3860 6548
185 437 299 500 489

1123 447 1531 510 EXPOSITIO
1570 447 1653 508 IN
1686 450 1878 511 ACTA
1910 453 2490 519 APOSTOLORUM.

3339 461 3446 528 490

183 551 549 623 Καισάρειαν.
565 554 676 609 Καὶ
689 555 872 612 λοιπὸν
894 556 1111 630 δέσμιος
1135 559 1228 613 ἐπὶ
1254 559 1495 631 Ῥώμην.
1518 560 1707 625 Οὕτως
1725 563 1763 595 η

1888 580 2017 622 nam
2053 586 2066 622 :
2100 578 2263 641 atque
2314 572 2440 630 inde
2470 573 2801 639 Caesaream,
2830 585 2897 629 ac
2935 571 3194 646 deinceps
3221 573 3452 631 Romam

183 642 300 694 ἀπὸ
362 644 706 716 Καισαρείας
732 643 899 718 ἦλθεν
946 650 1026 712 εἰς
1059 649 1266 704 Σιδῶνα
1295 666 1310 682 ·
1373 650 1631 705 κάκεῖθεν
1689 652 1770 715 εἰς

180 734 351 802 Μύρα
386 735 489 803 τῆς
520 737 730 803 Λυκίας
753 755 768 769 ο
798 735 918 795 εἶτα
941 742 1021 805 εἰς
1052 741 1247 794 Κνίδον
1274 758 1291 774 ο
1315 742 1572 797 κάκεῖθεν
1604 743 1772 797 πολλὰ

179 824 375 880 παθὼν
407 822 570 898 ἦλθεν
596 830 675 893 εἰς
705 830 805 903 τὴν
865 833 1048 902 νῆσον.
1111 833 1283 889 Ἔνθα
1309 837 1342 905 ἡ
1377 834 1554 906 ἔχιδνα
1590 835 1763 907 καθή-

175 915 321 983 ψατο
383 921 482 989 τῆς
519 923 701 994 χειρὸς
744 924 910 979 αὑτοῦ
943 927 1037 978 καὶ
1062 926 1277 995 ἔμεινεν
1325 928 1569 999 ἀϐλαϐής
1601 946 1615 959 ο
1645 924 1767 981 εἶτα

176 1008 257 1069 εἰς
292 1008 653 1077 Συρακούσας
685 1029 700 1044 ο
724 1009 844 1067 εἶτα
874 1016 955 1078 εἰς
999 1016 1219 1087 Ῥήγιον
1248 1020 1348 1087 τῆς
1408 1017 1726 1090 Καλαὸρίας
1753 1033 1766 1048 ·

175 1092 297 1150 εἶτα
325 1099 414 1162 εἰς
449 1101 760 1167 Ποτιόλους
789 1106 1048 1161 κάκεῖθεν
1080 1108 1243 1171 πεζὸς
1267 1109 1496 1179 ἀνῆλθεν
1525 1111 1606 1173 εἰς
1632 1109 1771 1164 Ῥώ-

179 1205 314 1258 μην,
356 1191 794 1264 ἀπαντησάντων
825 1195 977 1267 αὐτῷ
1005 1196 1110 1249 τῶν
1137 1199 1381 1268 ἀδελφῶν
1419 1201 1499 1264 εἰς
1538 1201 1768 1256 Ἀππίου

175 1278 347 1347 φόρον
377 1283 476 1334 xai.
525 1285 697 1355 τριῶν
723 1285 1011 1357 Ταϐερνῶν
1036 1288 1100 1342 ¹⁶.
1133 1290 1242 1342 Καὶ
1275 1291 1460 1345 λοιπὸν
1511 1293 1769 1348 εἰσελθὼν

179 1371 263 1433 εἰς
324 1372 559 1444 Ῥώμην
585 1415 601 1441 ,
643 1378 736 1428 καὶ
760 1376 978 1442 διδάξας
1001 1379 1192 1449 χρόνον
1218 1382 1423 1447 ἱκανὸν,
1462 1382 1687 1456 ὕστερον
1712 1386 1769 1438 ἐν

175 1461 317 1533 αὐτῇ
347 1468 421 1536 τῇ
462 1467 652 1537 Ῥώμη
683 1469 1091 1541 ἐμαρτύρησεν,
1111 1473 1299 1527 αὐτόθι
1330 1474 1422 1527 τὸν
1453 1475 1643 1544 ἀγῶνα
1670 1477 1765 1529 τὸν

173 1554 346 1608 καλὸν
372 1558 808 1630 ἀγωνισάμενος.
840 1561 1105 1633 Ῥωμαῖοι
1121 1565 1178 1617 δὲ
1198 1565 1584 1635 περικαλλέσιν
1600 1568 1769 1631 οἴκοις

174 1648 274 1699 καὶ
321 1648 626 1718 βασιλείοις
678 1653 748 1705 τά
792 1653 1022 1724 λείψανα
1069 1657 1261 1710 τούτου
1318 1657 1693 1730 καθήρξαντες
1723 1661 1766 1694 ⁸⁷

176 1737 437 1795 ιπέτειον
463 1743 615 1813 αὐτῷ
665 1746 881 1817 ἡμέραν
933 1750 1153 1823 μνήμης
1208 1752 1640 1825 πανηγυρίζουσι
1672 1756 1768 1828 τὴν

177 1830 286 1898 πρὸ
314 1831 491 1903 τριῶν
524 1835 819 1890 Καλανδῶν
866 1840 1104 1894 Ἰουλίων
1132 1843 1196 1896 ³⁸.
1228 1844 1432 1909 Πολλάς
1453 1846 1511 1900 δὲ
1543 1849 1636 1900 καὶ
1662 1850 1770 1920 πρὸ

173 1921 374 1976 τούτου
405 1924 506 1997 ἥδη
555 1931 911 1998 παραινέσεις
965 1933 1105 2004 ὑπὲρ
1124 1935 1220 1988 τοῦ
1249 1935 1366 2005 βίου
1391 1938 1485 1991 καὶ
1505 1938 1711 2012 ἀρετῆς
1736 1943 1765 1993 ὁ

177 2013 461 2085 μακάριος
486 2018 802 2091 ἐποιήσατο,
832 2024 928 2076 καὶ
959 2024 1130 2081 πολλά
1166 2028 1429 2099 περὶτῶν
1475 2033 1770 2101 πρακτέων

171 2106 292 2167 τοῖς
357 2106 674 2177 ἀνθρώποις
730 2113 1087 2184 εἰσηγήσατο.
1118 2116 1240 2172 Ἐτι
1267 2118 1324 2172 δὲ
1370 2119 1511 2186 ὅλως
1549 2123 1644 2176 καὶ
1684 2123 1772 2177 διὰ

172 2195 275 2266 τῆς
315 2198 461 2271 ὑφῆς
500 2201 608 2255 τῶν
638 2202 1058 2278 δεκατεσσᾶρων
1100 2210 1444 2267 Ἐπιστολῶν
1468 2214 1638 2270 αὐτοῦ
1671 2219 1771 2288 τὴν

169 2286 310 2358 ὅλην
364 2289 677 2362 ἀνθρώποις
701 2294 965 2368 διέγραψε
995 2299 1290 2356 πολιτείαν.

175 2627 251 2683 Τὰ
266 2628 586 2699 Κεφάλαια
603 2633 723 2689 τῶν
737 2637 1018 2706 Πράξεων
1046 2639 1164 2696 τῶν
1180 2642 1364 2713 ἁγίων
1386 2643 1762 2701 ἀποστόλων.

169 2762 238 2821 α’.
265 2770 419 2839 Περὶ
459 2771 572 2841 τῆς
605 2774 677 2839 ἐξ
737 2775 1131 2849 ἀναστάσεως
1187 2782 1585 2853 διδασκαλίας
1630 2787 1767 2856 Χρι-

236 2865 422 2928 στοῦ,
455 2866 557 2921 καί
602 2870 897 2939 ὀπτασίας
950 2877 1101 2943 πρὸς
1138 2875 1280 2944 τοὺς
1329 2879 1620 2946 μαθητὰς,
1665 2880 1764 2934 καὶ

238 2957 381 3022 περὶ
430 2956 797 3028 ἐπαγγελίας
856 2963 970 3034 τῆς
1030 2966 1138 3021 τοῦ
1190 2968 1363 3037 ἁγίου
1415 2970 1765 3040 Πνεύματος

238 3046 506 3116 δωρεᾶς·
556 3052 700 3121 θέας
726 3071 790 3108 τε
819 3056 917 3110 καὶ
953 3058 1177 3126 τρόπου
1241 3059 1353 3129 τῆς
1403 3061 1765 3132 ἀναλήψεως

238 3139 355 3193 τοῦ
382 3144 607 3210 Κυρίου
630 3160 647 3173 ·
674 3146 773 3199 καὶ
808 3148 944 3216 περὶ
1006 3149 1118 3219 τῆς
1166 3150 1423 3217 ἐνδόξου
1478 3151 1763 3223 δευτέρας

237 3232 438 3287 αὐτοῦ
466 3238 805 3305 παρουσίας

170 3319 237 3411 β’.
268 3322 507 3392 Πέτρου
549 3326 831 3399 διάλογος
860 3332 1012 3400 πρὸς
1064 3333 1208 3401 τοὺς
1259 3339 1762 3411 μαθητευρέντας,

214 3410 380 3482 ’περὶ
415 3417 677 3474 θανάτου
702 3421 802 3475 καὶ
851 3424 1160 3497 ἀποϐολῆς
1222 3428 1419 3485 Ἰούδα
1456 3431 1562 3486 τοῦ
1622 3449 1764 3502 προ-

240 3503 456 3560 ὃότου.

169 3593 241 3663 γ’.
288 3599 430 3667 Περὶ
474 3602 636 3669 θείας
673 3605 780 3660 τοῦ
831 3608 1004 3678 ἁγίου
1058 3613 1403 3683 Ιινεύματος
1454 3616 1764 3690 ἐπιφοιτή-

239 3701 400 3756 σεως
424 3692 494 3745 ἐν
520 3693 710 3764 ἡμέρᾳ
731 3696 843 3766 τῆς
871 3703 1299 3774 Πεντηκοστῆς
1330 3710 1656 3779 γενομένης
1676 3715 1763 3780 είς

242 3780 395 3848 τοὺς
424 3788 895 3856 πιστεύσαντας.

172 3868 235 3925 δ’.
283 3875 426 3967 Περὶ
467 3877 579 3947 τῆς
607 3880 678 3933 ἐν
713 3884 947 3953 Χριστῷ
993 3883 1310 3956 θεραπείας
1352 3892 1457 3948 τοῦ
1503 3895 1574 3949 ἐκ
1622 3913 1759 3967 γεν-

244 3965 440 4033 νητῆς
461 3972 683 4037 χωλοῦ,
733 3974 961 4044 Πέτρου
991 3994 1055 4031 τε
1082 3979 1471 4049 κατηχήσεως
1528 3965 1758 4055 ἐλεητι-

243 4058 409 4128 κῆς,
476 4066 1037 4138 συμϐουλευτικῆς,
1090 4075 1554 4146 συμπαθητυὶῆς
1609 4079 1759 4147 πρὸς

243 4156 556 4222 σωτηρίαν

170 4332 233 4389 ε’.
265 4337 410 4406 Περὶ
442 4340 760 4412 όμοψύχου
784 4345 882 4399 καὶ
922 4347 1253 4419 καθολικῆς
1282 4353 1598 4421 κοινωνίας
1637 4354 1759 4411 τῶν

241 4428 723 4486 πιστευσάντων.

172 4522 277 4610 ς’.-
306 4519 430 4571 Ὅτι
485 4521 657 4587 τοὺς·
687 4523 1073 4596 ἀποστόλους
1129 4531 1535 4607 ἐμϐληθέντας
1570 4541 1640 4595 ἐν
1671 4544 1752 4610 τῷ

249 4607 636 4680 δεσμωτηρίῳ
678 4615 936 4686 ἄγγελος
958 4696 965 4699 ι
987 4621 1094 4677 τοῦ
1143 4624 1291 4679 Θεοῦ
1319 4628 1551 4699 νύκτωρ
1587 4607 1769 4699 esse):

244 4715 378 4794 σεν,
407 4702 734 4774 ἐπιτρέψας
769 4696 1088 4779 ἀκωλῧτως
1123 4717 1466 4784 κηρύσσειν
1493 4696 1601 4777 τὸν
1636 4696 1760 4794 7’11;-

245 4792 404 4847 σοῦν
432 4837 473 4865 ,,

171 4880 242 4945 ζ’.
277 4884 420 4955 Περὶ
455 4892 822 4960 χειροτονίας
857 4894 978 4949 τῶν
1003 4895 1153 4951 ἑπτὰ
1179 4899 1493 4959 διακόνων.

174 5065 248 5135 η’.
283 5070 585 5129 Ἰουδαίων
611 5075 1026 5150 ἐπανάστασις
1064 5085 1165 5140 καί
1195 5094 1574 5159 συκοφαντία
1601 5099 1752 5154 κατὰ

243 5160 572 5256 ξτεεράνου,
606 5168 790 5223 αὐτοῦ
825 5168 895 5223 δὲ
916 5170 1246 5244 δημηγορία
1290 5180 1422 5247 περὶ
1460 5182 1570 5253 τῆς
1602 5190 1752 5256 πρὸς

246 5248 495 5324 Ἀϐραὰμ
520 5257 812 5331 διαθήκης
843 5263 952 5319 τοῦ
981 5266 1150 5332 θεοῦ,
1178 5269 1277 5324 και
1306 5275 1441 5341 περι
1499 5248 1619 5332 τῶν
1639 5248 1750 5345 ἰρι

241 5348 637 5417 πατριαρχῶν.

170 5430 430 5535 9.-Περι
489 5440 750 5515 διωγμοῦ
807 5446 918 5518 τῆς
962 5452 1349 5524 Ἐκκλησίας,
1411 5459 1511 5514 καὶ
1554 5454 1753 5535 ταφῆξ

243 5532 569 5603 Στεφάνου.

1874 658 2088 717 vinetus
2115 666 2477 722 transmissus
2512 680 2617 723 est.
2659 666 2739 722 [ta
2771 681 2801 722 a
2830 666 3080 724 Caasarea
3112 668 3258 723 venit
3291 669 3456 725 Sido-

1873 765 1998 805 nem
2033 768 2046 805 :
2074 761 2239 825 atque
2273 757 2400 812 inde
2421 756 2568 830 Myra
2595 757 2772 830 Lycia.-
2797 759 2986 815 urbem
3016 777 3029 814 :
3080 775 3203 815 mox
3237 762 3293 815 in
3324 759 3455 816 Cni-

1873 842 2000 897 dum
2033 856 2236 917 :atque
2267 849 2393 904 inde
2422 851 2591 905 multa
2621 866 2839 921 passus,
2884 853 3033 909 venit
3076 852 3132 907 in
3177 852 3411 908 insulam
3439 894 3454 919 ,

1878 938 1968 994 ubi
1994 940 2179 1011 vipera
2210 957 2432 997 manum
2463 945 2584 1015 ejus
2608 946 2828 1013 invasit,
2852 954 2907 1002 et
2935 948 3140 1003 mansit
3168 948 3377 1019 integer
3402 955 3456 1004 et

1878 1029 2200 1089 ineolumis.
2232 1033 2431 1091 Postea
2481 1037 2630 1092 venit
2659 1040 3005 1110 Syracusas:
3055 1041 3254 1096 deinde
3310 1041 3459 1096 Rhe-

1875 1123 2022 1193 gium
2049 1124 2316 1181 Calabria:
2353 1127 2541 1183 urbem
2577 1146 2592 1185 :
2643 1129 2903 1201 deinceps
2946 1131 3245 1187 Puteolos:
3294 1142 3459 1203 atque

1873 1215 2001 1271 inde
2025 1217 2192 1288 pedes
2244 1218 2474 1274 Romam
2527 1222 2814 1289 ascendit,
2850 1224 3064 1278 obviam
3113 1223 3163 1281 ei
3201 1240 3460 1296 progres-

1873 1309 1951 1364 sis
1994 1310 2253 1369 fratribus
2321 1313 2388 1368 ad
2432 1314 2593 1386 Appii
2647 1332 2822 1388 usque
2874 1316 3052 1372 forum
3114 1328 3168 1375 et
3208 1325 3323 1376 tres
3349 1319 3457 1374 Ta-

1875 1399 2074 1459 bernas
2102 1422 2115 1458 :
2149 1421 2212 1460 ac
2235 1407 2499 1478 deinceps
2520 1407 2748 1465 Roinam
2782 1413 3090 1482 ingressus,
3116 1426 3240 1466 cum
3284 1412 3458 1466 multo

1875 1504 2124 1565 tempore
2158 1499 2439 1557 docuisset
2473 1505 2526 1558 in
2579 1505 2695 1574 ipsa
2728 1506 2861 1561 urbe
2903 1507 3097 1571 Roma,
3130 1507 3456 1577 martyrium

1874 1590 2064 1656 subiit,
2090 1601 2145 1645 et
2190 1592 2324 1648 inibi
2379 1596 2669 1666 pulchrum
2713 1599 2845 1653 illud
2899 1608 3176 1657 certamen
3223 1603 3452 1672 peregit.

1870 1675 2105 1733 Romani
2141 1690 2322 1738 autem
2353 1685 2614 1756 reliquias
2637 1688 2756 1757 ejus
2778 1689 3121 1758 prmpulchra
3147 1690 3263 1746 aede
3291 1699 3457 1761 atque

1877 1769 2106 1826 basilica
2156 1775 2473 1841 cinxerunt,
2505 1779 2826 1832 memoriam
2860 1780 2982 1849 ejus
3011 1793 3064 1836 ct
3099 1783 3350 1854 martyrii
3381 1782 3457 1840 fe-

1875 1862 2003 1929 rias,
2038 1866 2201 1919 tertio
2255 1868 2532 1924 Kalendas
2578 1868 2774 1935 Julias,
2828 1887 3026 1943 nempe
3073 1884 3231 1929 sexto
3260 1889 3458 1931 .mense

1877 1955 2045 2008 lmius
2074 1957 2201 2010 anni
2233 1959 2592 2017 celebrantes.
2629 1962 2733 2018 Sed
2753 1963 2865 2033 jam
2890 1973 3050 2020 antea
3075 1981 3296 2037 quoque
3329 1970 3453 2023 heao

1876 2054 1965 2098 tus
2006 2045 2099 2101 ille
2154 2049 2353 2106 multas
2396 2067 2495 2122 pro
2526 2054 2649 2107 vitae
2704 2054 2990 2111 honestate
3041 2070 3206 2128 atque
3254 2061 3455 2116 virtute

1873 2149 2263 2207 composuerat
2317 2143 2746 2212 admonitiones,
2800 2161 2865 2202 ac
2921 2148 2988 2203 de
3045 2148 3234 2206 ciliciis
3286 2153 3454 2207 multa

1873 2230 2044 2284 edilit
2100 2233 2420 2292 hominibus
2455 2248 2728 2310 praecepta
2770 2258 2783 2295 :
2826 2252 3092 2313 praeterea
3137 2259 3264 2299 vero
3300 2259 3454 2300 sum-

1875 2322 2060 2376 matim
2086 2325 2250 2380 etiam
2295 2341 2394 2398 per
2423 2331 2750 2386 contextum
2767 2348 2992 2388 suarum
3032 2333 3451 2404 quatuordecim

1874 2412 2273 2483 Epistolarum.
2301 2427 2471 2475 totam
2498 2420 2816 2479 hominibus
2836 2425 2960 2481 vitae
2987 2425 3246 2496 degenda:
3277 2426 3453 2481 ratio-

1872 2520 1995 2560 nem
2027 2508 2338 2579 descripsit.

2048 2648 2239 2718 Capita
2267 2651 2518 2705 Actorum
2554 2664 2862 2708 sanctorum
2889 2656 3270 2722 apostolorum.

1871 2789 1923 2843 1.
1956 2788 2031 2843 De
2060 2788 2300 2845 doctrina
2325 2790 2525 2847 Christi
2548 2803 2663 2859 post
2697 2795 3153 2863 resurrectionem,
3193 2803 3241 2850 et
3270 2812 3451 2868 quem-

1943 2880 2229 2936 admodum
2261 2899 2316 2937 se
2357 2884 2790 2954 conspiciendum
2839 2887 3123 2956 pra-buerit
3148 2887 3444 2958 discipulis,

1944 2983 1992 3027 et
2015 2974 2079 3027 de
2095 2976 2361 3043 promisso
2383 2976 2523 3031 dono
2541 2975 2778 3047 Spiritus
2810 2979 2983 3033 sancti
3008 2995 3026 3034 :
3052 2986 3206 3050 atque
3239 2989 3448 3051 specta-

1939 3068 2060 3123 culo
2081 3078 2130 3124 et
2161 3071 2316 3124 modo
2354 3069 2565 3125 Domini
2594 3072 2974 3141 assumptionis
2999 3088 3017 3127 :
3053 3088 3114 3127 ac
3140 3072 3203 3127 de
3214 3073 3449 3147 glorioso

1938 3161 2052 3230 ejus
2079 3163 2303 3218 adventu
2321 3163 2569 3220 secundo.

1866 3342 1924 3398 2.
1966 3341 2112 3398 Petri
2136 3347 2508 3402 sermocinatio
2537 3363 2654 3402 cum
2685 3347 2961 3418 discipulis
2999 3348 3063 3404 de
3087 3362 3253 3405 morte
3279 3361 3329 3405 et
3360 3367 3445 3406 re-

1928 3434 2164 3504 jectione
2186 3432 2346 3490 Judw
2371 3438 2684 3504 proditoris.

1863 3620 1917 3677 5.
1961 3621 2034 3676 De
2079 3622 2256 3677 divino
2299 3622 2522 3693 appulsu
2569 3632 2620 3677 et
2676 3639 2889 3679 accessu
2963 3624 3136 3679 sancti
3182 3623 3439 3696 Spiritus,

1934 3711 2024 3782 qui
2058 3711 2252 3765 accidit
2284 3711 2353 3765 ad
2402 3728 2488 3767 eos
2524 3713 2613 3784 qui
2651 3711 3007 3780 crediderant,
3049 3714 3105 3769 in
3132 3714 3217 3769 die
3253 3713 3441 3769 Pente-

1933 3817 2122 3860 costes.
2628 3880 2631 3881 ν
2974 3868 2987 3881 ρ

1862 3897 1919 3951 4.
1964 3896 2041 3951 De
2074 3905 2262 3953 curato
2290 3896 2345 3952 in
2385 3898 2595 3953 nomine
2623 3898 2824 3953 Christi
2849 3915 2929 3964 eo,
2964 3899 3053 3969 qui
3082 3898 3305 3954 claudus
3336 3915 3438 3953 na-

1934 3997 2019 4043 tus
2051 3998 2189 4054 erat,
2224 3989 2289 4044 de
2322 3989 2569 4044 dcctrina
2607 3992 2729 4045 item
2763 3989 2909 4045 Petri
2938 4005 3199 4060 propensa
3237 3991 3306 4046 ad
3335 3994 3441 4047 mi-

1930 4081 2277 4135 sericordiam
2305 4090 2354 4135 et
2376 4080 2786 4147 condolentiam,
2815 4097 2920 4153 qua
2951 4082 3233 4137 consilium
3282 4090 3445 4137 suum‘

1936 4172 2152 4239 exponit
2183 4210 2198 4236 ,
2266 4172 2711 4241 quemadmodum
2772 4176 2842 4225 ad
2903 4174 3129 4228 salutem
3182 4174 3442 4242 perveniri

1926 4260 2115 4327 possit.

1859 4349 1912 4405 5.
1948 4350 2026 4405 De
2050 4352 2295 4407 unanimi
2321 4361 2367 4407 et
2405 4351 2695 4406 universali
2730 4367 2932 4418 eorum,
2963 4351 3055 4422 qui
3077 4350 3435 4419 crediderant,

1925 4444 2308 4498 communione.

1864 4533 1918 4591 6.
1967 4534 2034 4591 Ut
2078 4537 2346 4604 apostolos
2371 4537 2426 4591 in
2466 4552 2729 4591 carcerem
2770 4535 3030 4604 coniectos
3085 4535 3304 4607 angelus
3338 4533 3438 4590 Dei

1973 4638 2093 4684 actu
2115 4629 2374 4697 eduxerit,
2397 4638 2553 4697 atque
2598 4627 2926 4697 prwceperit,
2960 4636 3018 4680 ut
3060 4626 3242 4697 palam
3272 4643 3335 4682 ac
3363 4627 3434 4682 li-

1941 4723 2058 4778 bere
2079 4721 2263 4778 Jesum
2302 4722 2678 4792 prwdicarent.

1864 4908 1919 4961 7.
1953 4905 2031 4961 De
2059 4905 2334 4971 electione,
2376 4904 2643 4960 creatione
2672 4913 2830 4974 atque
2867 4903 3204 4960 ordinatione
3240 4911 3436 4973 septem

1933 4998 2308 5053 diaconorum.
2788 5026 2818 5049 ι

1860 5094 1915 5149 8.
1957 5092 2296 5161 Importunas
2341 5091 2594 5145 adversus
2645 5087 2971 5161 Stephanum
3018 5090 3239 5157 impetus
3280 5096 3436 5158 atque

1933 5184 2202 5238 calumnia
2231 5180 2545 5236 Judteorum
2574 5197 2593 5235 :
2631 5181 2745 5244 eius
2785 5180 2908 5234 item
2949 5179 3129 5233 concio
3160 5177 3226 5232 de
3272 5186 3436 5231 testa-

1931 5286 2104 5331 mento
2137 5292 2200 5330 ac
2234 5274 2430 5345 [sedere
2474 5274 2569 5328 Dei
2616 5289 2736 5327 cum
2777 5271 3081 5325 Abrahamo
3103 5287 3121 5323 :
3153 5267 3335 5324 adltwc
3368 5264 3435 5323 de

1929 5370 2205 5424 duodecim
2238 5366 2587 5439 patriarcltis.

1857 5463 1910 5519 9.
1975 5463 2055 5517 De
2108 5462 2468 5532 persecutione
2530 5456 2782 5513 Ecclesia:
2853 5467 2903 5511 et
2978 5454 3253 5527 sepultura
3317 5454 3434 5512 Ste-

1923 5558 2106 5627 phanL

1372 5714 1579 5777 Varia:
1608 5715 1918 5781 lectiones
1945 5725 2006 5780 et
2036 5723 2225 5779 notia.

250 5848 467 5936 ξζοῦτρς
494 5852 803 5936 habebatur.
847 5930 860 5936 _
900 5857 944 5891 "
980 5863 1127 5936 τρεῖς
1161 5862 1460 5936 Ταϐερνάς.

172 5916 307 5987 μηνὶ
332 5920 490 5976 τοῦτο
520 5925 821 5995 μαρτύριον
842 5916 1210 6000 ἑορτάζοντες.

496 6021 763 6084 Ρλτιιοι..
796 6025 913 6086 Gtt.
948 6024 1201 6087 CXXV.

1540 5868 1581 5902 "
1601 5884 1692 5940 γρ.
1729 5867 2141 5945 καθείρξαντες.
2219 5866 2265 5901 ⁸⁸
2289 5865 2596 5939 προσετέθη
2628 5864 2888 5939 ἀλλαχοῦ·
2927 5864 3111 5935 Ἕκτῳ
3141 5861 3251 5917 τῶν
3288 5861 3426 5915 ὅλων

2920 6026 2989 6091 16

2426 6104 2569 6117 νην-ι’..
