3860 6546
190 470 296 537 ἆ93
1142 478 1544 541 EXPOSITIO
1582 483 1661 542 IN
1684 485 1867 545 ACTA
1916 487 2482 554 APOSTOLORUM.
3322 493 3427 557 484

239 581 435 650 σόφου
457 598 523 636 τε
556 584 935 655 κηρύγματος
963 587 1058 640 καί
1087 589 1396 656 εὐσεϐείας
1432 590 1538 643 τοῦ
1596 593 1749 647 Παύ-

1926 607 2086 665 erat,
2148 600 2610 672 philosophicaque
2656 602 3038 667 prwdicatione
3096 621 3158 658 ac
3238 607 3431 673 pietate

238 677 375 728 λου.

1926 687 2102 742 Pauli.

174 763 272 826 κζ’.
290 762 427 830 Περὶ
443 762 671 817 Ἀκύλα
687 766 783 818 καὶ
802 768 1196 843 Πρισκίλλης,
1217 770 1313 825 καὶ
1334 770 1441 840 τῆς
1463 774 1750 842 Κορίνθου

1930 818 1943 833 .
2008 779 2295 850 DeAquila
2350 798 2425 839 ac
2480 786 2755 851 Priscilla,
2820 797 2975 858 atque
3031 787 3429 845 Corinthiorum

239 853 515 922 ἀπειθίας
550 856 622 888 ’⁸⁸
668 855 779 924 τῆς
824 874 889 912 τε
938 861 1089 914 κατὰ
1131 864 1474 932 πρόγνωσιν
1526 867 1753 920 ὲπάὺ-

1931 874 2190 939 propensa
2249 878 2316 929 ad
2369 878 2684 933 credendum
2740 881 3055 941 voluntate:
3103 884 3330 954 itemque
3371 886 3432 939 de

240 946 383 1011 τοὺς
415 946 696 1014 εὐδοκίας
726 950 1267 1024 ἀποκαλυφθείσης
1304 956 1385 1023 τῷ
1428 958 1666 1022 Παύλῳ.

1926 979 2191 1033 propensa
2236 969 2485 1024 adversus
2541 987 2627 1026 eos
2678 973 2945 1029 voluntate
3011 977 3147 1043 Dei,
3193 994 3311 1047 qua:
3368 994 3433 1030 cx

1923 1059 2260 1125 praescientia
2313 1071 2467 1131 atque
2540 1065 2869 1133 providentia
2918 1066 3099 1121 divina
3170 1066 3428 1137 profecta,

1924 1149 2095 1204 Paulo
2127 1152 2354 1208 revelata
2379 1151 2459 1208 est
2475 1155 2526 1211 δ.

173 1216 274 1288 κη’.
316 1221 460 1287 Περὶ
489 1219 931 1292 βαπτίσματος,
966 1224 1065 1278 καὶ
1091 1223 1198 1291 τῆς
1221 1225 1328 1281 τοῦ
1376 1226 1548 1296 ἁγίου
1570 1230 1757 1285 Πνεύ-

1926 1280 1947 1297 η.
1984 1244 2056 1299 De
2091 1245 2406 1314 baptismate
2439 1264 2501 1301 ac
2528 1248 2664 1303 dono
2696 1241 2868 1304 sancti
2906 1250 3159 1321 Spiritus,
3197 1269 3289 1321 per
3308 1269 3423 1323 pre‘

229 1327 422 1379 ματος
470 1311 697 1380 δωρεᾶς
730 1314 1018 1382 δοθείσης
1071 1316 1168 1370 διὰ
1203 1319 1552 1388 προσευχῆς
1600 1323 1757 1376 Παύ-

1929 1351 2010 1389 ces
2062 1311 2227 1390 Pauli
2256 1336 2384 1390 dato
2426 1338 2499 1393 .iis
2529 1339 2620 1407 qui
2651 1340 2841 1407 Ephesi
2893 1311 3265 1407 crediderant;
3297 1356 3344 1399 et
3372 1356 3428 1398 ut

234 1405 351 1455 λου
387 1403 515 1468 τοῖς
545 1404 617 1457 ἐν
654 1404 890 1474 Ἐφέσῳ
938 1409 1326 1475 πιστεύσασι,
1360 1410 1457 1463 καὶ
1486 1411 1618 1480 περὶ
1670 1410 1757 1464 id-

1927 1443 2018 1496 per
2052 1426 2285 1482 Paulum
2311 1431 2497 1499 aegroti
2543 1440 2593 1485 et
2628 1430 2826 1500 inﬁrmi
2854 1434 3026 1487 curati
3055 1436 3157 1488 sint
3186 1447 3232 1490 ε.

242 1509 405 1559 σεως
439 1496 704 1550 Παύλου.

168 1584 264 1636 κον.
295 1584 584 1652 Περίοὸος
628 1586 872 1671 Παύλου
902 1586 971 1639 ἐκ
1003 1585 1114 1655 τῆς
1137 1589 1266 1655 περὶ
1319 1590 1578 1645 θανάτου
1631 1593 1731 1648 καὶ

1926 1617 1947 1655 ι.
1986 1602 2299 1677 Peragratio
2326 1606 2489 1662 Pauli
2518 1610 2571 1661 in
2602 1626 2706 1679 qua
2743 1609 2802 1664 'le
2838 1610 3072 1681 Eutycho
3104 1614 3309 1671 Troade
3338 1633 3430 1688 per

233 1675 640 1744 ἀνακλήσεως
667 1677 946 1746 Εὐτυχοῦ
1001 1677 1099 1733 διὰ
1120 1680 1472 1750 προσευχῆς
1508 1684 1577 1737 ἐν
1600 1683 1753 1753 Τρω-

232 1766 357 1834 ἁδι,
392 1769 776 1836 ’παραίνεσίς
834 1786 897 1823 τε
925 1772 1283 1841 ποιμαντικὴ
1338 1775 1488 1842 πρὸς
1527 1777 1668 1843 τοὺς
1691 1778 1762 1831 ἐν

243 1858 489 1927 Ἐφέσῳ
536 1859 998 1928 πρεσϐυτέρους.

90 1940 107 1958 ’
167 1945 225 2004 λ’.
254 1949 521 2018 Ἀγιὶϐου
582 1952 914 2019 προφητεία
941 1953 1073 2020 περὶ
1100 1952 1220 2007 τῶν
1264 1955 1751 2027 συμϐησομένων

1926 2010 1939 2023 .
1989 1970 2270 2040 Prop/retia
2299 1973 2468 2043 Agabi
2497 1976 2559 2028 de
2596 1976 2657 2029 iis
2703 1992 2821 2045 qua:
2866 1977 3042 2032 Paulo
3073 1980 3127 2033 in
3168 1979 3430 2036 Hierusa-

238 2042 318 2106 τῷ
346 2042 571 2106 Παύλῳ
598 2041 669 2096 ἐν
710 2043 1129 2116 Ἰερουσαλήμ.

1926 2050 2023 2115 lem
2058 2075 2228 2117 essent
2255 2070 2523 2119 eventura.

1930 1711 2105 1763 preces
2128 1713 2164 1751 a
2210 1707 2376 1754 morte
2408 1711 2668 1767 revocato,
2708 1702 2889 1759 adha'c
2909 1691 3224 1760 'admonitio
3252 1721 3432 1777 pasto-

1932 1789 2085 1853 ralis,
2127 1807 2229 1860 qua
2262 1806 2386 1845 usus
2418 1803 2496 1847 est
2519 1794 2657 1863 apud
2677 1796 3000 1865 presbyteros
3042 1796 3320 1868 Ephesios.

167 2133 262 2191 λα’.
293 2138 664 2204 Παραίνεσις
690 2138 970 2194 Ἰακώϐου
1004 2141 1155 2209 πρὸς
1183 2141 1447 2209 Παῦλον,
1483 2143 1615 2213 περὶ
1644 2143 1750 2199 τοῦ

1926 2192 1940 2207 .
1991 2152 2157 2208 Verba
2184 2154 2374 2210 Jacobi
2401 2156 2471 2211 ad
2495 2156 2748 2221 Paulum,
2770 2158 2959 2230 quibus
2976 2177 3093 2213 eum
3128 2161 3425 2230 admonuit,

225 2226 309 2297 μὴ
344 2227 556 2283 δοκεῖν
575 2230 829 2284 κωλύειν
867 2231 1176 2301 Ἐϐραίους
1202 2236 1670 2305 περιτέμνεσθαι.

1926 2255 1983 2300 ut
2008 2245 2158 2299 daret
2183 2262 2413 2316 operam,
2449 2265 2511 2303 ne
2556 2249 2819 2305 videretur
2862 2249 3082 2307 Judaros
3123 2254 3428 2310 circumcidi

1926 2335 2219 2405 prohibere.

162 2396 265 2484 ’λβ’.
296 2412 447 2481 Περὶ
505 2411 619 2482 τῆς
686 2414 757 2467 ἐν
819 2414 1217 2485 Ἰερουσαλὴμ
1292 2419 1442 2473 κατὰ
1506 2420 1751 2477 Παύλου

1926 2444 1946 2482 ι.
1987 2432 2059 2486 De
2086 2433 2274 2503 eo,qui
2306 2433 2357 2486 in
2383 2432 2678 2487 Jerusalem
2744 2432 2992 2487 adversus
3048 2431 3276 2487 Paulum
3298 2451 3425 2490 con-

233 2506 593 2576 κινηθείσης
613 2506 883 2575 ἀταξίας,
915 2508 1076 2575 ὅπως
1134 2526 1200 2563 τε
1237 2511 1427 2585 αὐτὸν
1454 2513 1488 2565 ὁ
1520 2514 1752 2585 χιλίαρ-

1929 2525 2123 2579 citatus
2144 2532 2223 2578 est
2255 2525 2511 2579 tumultus
2541 2540 2559 2578 :
2597 2533 2647 2579 et
2688 2534 2745 2580 ut
2787 2540 2905 2579 eum
2937 2526 3181 2580 tribunus
3205 2543 3268 2581 ex
3291 2531 3429 2581 mul—

232 2613 344 2663 χος
386 2596 493 2651 τοῦ
521 2596 797 2664 πλήθους
837 2598 1156 2668 ἐξαιρεῖται
1183 2596 1252 2657 ⁸ο.
1376 2584 1393 2595 ί
1690 2584 1699 2585 7

1930 2614 2155 2667 titudine
2175 2614 2443 2667 exemerit.

171 2685 244 2756 λιί
298 2688 471 2742 Ὅσα
519 2691 553 2742 ὁ
600 2689 841 2757 Παῦλος
873 2693 1135 2758 καταϐὰς
1164 2695 1251 2760 εἰς
1306 2694 1373 2749 τὸ
1423 2697 1750 2768 συνέδριον

1926 2736 1947 2759 ›.
1979 2708 2108 2771 Qua:
2129 2703 2351 2771 Paulus,
2381 2718 2501 2758 cum
2518 2706 2863 2762 descendisset
2888 2710 2943 2763 in
2968 2712 3269 2779 concilium,
3296 2727 3423 2781 pas-

235 2778 425 2835 ἕπαθε
445 2781 543 2833 καὶ
567 2775 697 2835 εἷπε
724 2781 824 2836 καὶ
863 2784 1202 2850 εὐθυϐόλως
1232 2785 1457 2854 ἔπραξε

1927 2814 2015 2851 sus
2049 2798 2139 2860 sit,
2168 2814 2230 2850 ac
2261 2797 2475 2863 dixerit,
2513 2807 2560 2851 et
2593 2807 2728 2853 recte
2762 2799 2966 2868 fecerit.

172 2870 259 2925 ἰδ’.
294 2871 441 2940 Περὶ
467 2872 796 2941 ἐπιϐουλῆς
816 2875 1237 2945 μελετωμένης
1279 2881 1433 2933 κατὰ
1464 2880 1571 2936 τοῦ
1597 2882 1754 2936 Παύο

1926 2921 1953 2943 ι.
1992 2888 2070 2943 De
2099 2888 2306 2944 insidiis
2351 2905 2468 2959 qua:
2517 2888 2685 2944 Paulo
2729 2890 3061 2959 parabantur
3089 2893 3155 2947 ab
3192 2893 3422 2965 Iudicis,

234 2965 351 3016 λου
373 2962 492 3015 ὑπὸ
523 2962 848 3033 Ἰουδαίων,
873 2966 972 3020 καὶ
1022 2968 1344 3037 μηνύσεως
1375 2969 1562 3025 αὐτοῦ
1609 2974 1757 3040 πρὸς

1926 2987 1975 3033 et
2002 2987 2059 3033 ut
2080 2995 2154 3035 ea:
2188 2979 2361 3052 Lysia
2380 2980 2587 3034 tribuno
2614 2979 2860 3035 indicata:
2883 2983 3012 3038 sint.

241 3052 505 3105 Λυσίαν.
3232 3130 3239 3137 .

172 3139 259 3192 λε’.
305 3142 646 3208 Τερτύλλου
686 3144 817 3212 περὶ
840 3145 1087 3200 Παύλου
1111 3149 1450 3218 κατηγορία,
1474 3150 1573 3206 καὶ
1608 3152 1757 3207 ἀπο-

1933 3205 1946 3218 .
1983 3161 2049 3217 Ut
2079 3162 2343 3217 Tertullus
2376 3163 2603 3217 Paulum
2634 3180 2811 3218 coram
2832 3164 3057 3233 prtcside
3079 3169 3423 3237 accusaverit,

239 3235 420 3301 ,ιογία
475 3235 662 3288 αὐτοῦ
683 3236 781 3289 ἐπὶ
810 3236 918 3290 τοῦ
940 3237 1266 3307 ἡγεμόνος.

1926 3264 1971 3309 et
1995 3252 2093 3307 ille
2112 3270 2167 3306 se
2204 3254 2513 3321 defenderit.

175 3321 277 3387 λς’.
321 3324 464 3394 Περὶ
512 3324 773 3393 Φήλικος
836 3327 1121 3398 διαδόχου
1147 3370 1162 3395 ,
1210 3330 1311 3386 και
1355 3332 1466 3402 τῆς
1510 3334 1753 3404 Φήστου

1933 3387 1947 3401 .
1984 3345 2051 3401 Ut
2085 3345 2241 3399 Felix
2299 3345 2508 3400 Festum
2545 3361 2895 3400 successorem
2941 3349 3217 3416 acceperit,
3272 3358 3324 3404 et
3366 3362 3422 3404 ut

196 3416 219 3425 ’
244 3417 624 3487 προαγωγῆς,
648 3418 826 3488 τέλος
880 3438 946 3475 τε
994 3421 1089 3476 ἐπ’
1143 3424 1332 3479 αὐτοῦ
1405 3426 1757 3497 διακρίσεως

1926 3439 2014 3492 ille
2045 3438 2276 3491 Paulum
2298 3437 2628 3507 produxerit,
2680 3452 2742 3490 ac
2782 3437 2989 3491 tandem
3018 3439 3136 3493 hinc
3165 3455 3342 3495 coram
3361 3457 3420 3497 co

242 3515 491 3569 Παύλου
522 3514 621 3568 καὶ
647 3514 908 3585 ἐφέσεως
935 3556 950 3572 .

1928 3547 2145 3585 causam
2169 3529 2363 3583 dixerit
2390 3537 2439 3582 et
2481 3528 2839 3596 appellaverit.

175 3600 265 3667 λε’.
299 3601 595 3670 Ἀγρίππα
620 3601 719 3655 καὶ
762 3603 1055 3673 Βερνίκης
1096 3607 1402 3674 παρουσία
1425 3624 1441 3641 ·
1477 3609 1577 3667 καὶ
1610 3611 1753 3667 πεῦ-

1926 3666 1940 3681 .
1978 3624 2220 3693 Agrippa:
2279 3628 2329 3673 et
2380 3619 2625 3674 Bernices
2679 3621 2953 3687 adventus,
3000 3630 3158 3692 atque
3190 3623 3418 3694 cognitio

242 3709 338 3761 σις
370 3692 491 3746 τῶν
533 3692 684 3746 κατὰ
710 3694 974 3751 Παῦλον.

1926 3692 2096 3765 causa:
2127 3707 2305 3762 Pauli.
3152 3704 3161 3717 '

177 3786 274 3858 λη’.
338 3785 543 3853 Πλοῦς
590 3789 834 3843 Παύλου
896 3790 996 3845 ἐπὶ
1056 3790 1286 3863 Ῥώμης
1337 3794 1635 3851 κινδύνων
1688 3814 1754 3852 τε

1926 3842 1937 3857 .
1977 3801 2132 3855 Pauli
2162 3800 2378 3855 Romam
2429 3815 2605 3854 versus
2640 3800 2906 3869 navigatio
2953 3799 3302 3869 plurimorum
3356 3817 3420 3855 ac

169 3900 196 3931 ο
245 3879 619 3932 πλείστων³¹
656 3879 757 3933 καὶ
788 3881 1092 3950 μεγίστων
1139 3884 1433 3954 ἔμπλεως.

1926 3897 2276 3950 maximorum
2299 3893 2454 3962 plena
2474 3891 2850 3961 periculorum.
2980 3897 3009 3921 ⁹

178 3967 269 4023 10'.
289 3972 482 4036 Ὅπως
503 3969 623 4026 ἀπὸ
665 3974 925 4044 Μελίτης
947 3978 1034 4046 είς
1065 3975 1294 4047 Ῥώμην
1317 3979 1698 4049 κατήντησεν
1718 3985 1751 4037 ὁ

1926 4031 1937 4044 .
1968 3988 2034 4042 Ut
2066 4005 2095 4040 ο
2117 3985 2302 4041 Melita
2340 3983 2542 4039 Paulus
2575 3982 2792 4038 Romam
2831 3987 3138 4053 pervenerit.

247 4064 449 4117 Παῦλο
491 4101 507 4116 .
1322 4070 1339 4085 ⁵

183 4159 252 4221 μ’.
278 4156 409 4223 Περὶ
433 4084 759 4224 ἐαλέξεως
790 4159 1034 4214 Παύλου
1056 4159 1167 4231 τῆς
1190 4162 1339 4231 πρὸς
1361 4163 1503 4230 τοὺς
1527 4165 1596 4218 ἐν
1613 4165 1751 4219 Ῥώ;

1930 4206 1943 4219 .
1989 4164 2063 4217 De
2100 4162 2534 4217 sermocinatione
2570 4159 2747 4227 Pauli,
2805 4173 2852 4217 et
2908 4164 3251 4224 collocatione
3302 4185 3419 4225 cum

239 4265 321 4316 μη
353 4247 709 4317 Ἰουδαίους.

1926 4256 1960 4310 .1
1967 4256 2131 4309 uitreis
2159 4255 2248 4325 qui
2282 4252 2457 4306 Romw
2483 4261 2654 4305 erant.

1332 4372 1537 4433 Varia)
1573 4375 1881 4437 lectiones
1916 4382 1978 4437 el
2020 4381 2208 4435 noun.

247 4461 293 4491 ”
317 4462 460 4528 ἴσως,
479 4463 782 4527 εὐπειθίας.
858 4467 903 4499 ³ο
925 4467 1192 4539 ἐξερεῖ-,ται
1213 4469 1523 4529 habebatur.
1601 4475 1642 4506 ³¹
1678 4475 1757 4527 πλ·

1926 4493 1956 4540 ν,
1985 4471 2292 4527 habebatur.

250 4598 370 4680 Plit
401 4602 506 4697 hic
552 4602 830 4697 plusquam
868 4606 1153 4697 dimidium
1191 4618 1348 4692 caput
1388 4611 1938 4697 ilecim‘um‘octavnm,
1964 4618 2028 4697 fle
2055 4611 2362 4697 {nautarum
2397 4602 2889 4697 calumnia-"coram
2928 4610 3418 4697 Iliallione..'.ac_de

180 4670 341 4750 oriori
363 4670 981 4755 ad‘-l::phﬂes'untnadveiitu
1004 4686 1052 4731 et
1077 4670 1507 4755 peregrinatione,
1531 4678 1711 4755 Pauli,
1734 4685 1907 4755 deque
1927 4670 2149 4752 'Apollo.
2196 4681 2518 4755 praeteritur.
2594 4691 2617 4721 ο
2656 4681 2725 4735 Et
2749 4683 2833 4736 hic
2862 4682 3065 4754 reliqua
3090 4683 3277 4755 capitis
3313 4670 3410 4743 de;

186 4738 302 4793 simi
325 4743 442 4795 noni
472 4747 537 4797 de
564 4742 691 4811 ﬁliis
720 4741 917 4802 Scaeva:
944 4738 1239 4817 exorcistis,
1275 4760 1323 4806 et
1356 4751 1608 4808 seditione
1636 4738 1832 4822 Ephesi
1859 4738 1951 4824 per
1977 4738 2321 4819 Demetrium,
2348 4759 2749 4820 prtztereuntur.
2969 4738 2986 4754 ”
3155 4738 3184 4788 ’-
