  <div class='ocr_page' id='page_1' title='image "/cluster/home/n/w/nwhite01/storage/ocr_20150623/125/hvd.32044019208214/284.png"; bbox 0 0 3860 6548; ppageno 0'>
   <div class='ocr_carea' id='block_1_1' title="bbox 161 444 2426 512">
    <p class='ocr_par' dir='ltr' id='par_1_1' title="bbox 161 444 2426 512">
     <span class='ocr_line' id='line_1_1' title="bbox 161 444 2426 512; baseline 0.002 -5"><span class='ocrx_word' id='word_1_1' title='bbox 161 447 244 512; x_wconf 69' lang='grc'><strong>497</strong></span> <span class='ocrx_word' id='word_1_2' title='bbox 1071 447 1483 508; x_wconf 84' lang='lat' dir='ltr'><strong>EXPOSITIO</strong></span> <span class='ocrx_word' id='word_1_3' title='bbox 1524 446 1604 507; x_wconf 90' lang='lat' dir='ltr'><strong>IN</strong></span> <span class='ocrx_word' id='word_1_4' title='bbox 1626 444 1816 504; x_wconf 82' lang='lat' dir='ltr'><strong>ACTA</strong></span> <span class='ocrx_word' id='word_1_5' title='bbox 1846 446 2426 511; x_wconf 79' lang='lat' dir='ltr'><strong>APOSTOLORUM.</strong></span> 
     </span>
    </p>
   </div>
   <div class='ocr_carea' id='block_1_2' title="bbox 3277 453 3389 519">
    <p class='ocr_par' dir='ltr' id='par_1_2' title="bbox 3277 453 3389 519">
     <span class='ocr_line' id='line_1_2' title="bbox 3277 453 3389 519; baseline 0.027 -4"><span class='ocrx_word' id='word_1_6' title='bbox 3277 453 3389 519; x_wconf 64' lang='lat'><strong>4&#39;38</strong></span> 
     </span>
    </p>
   </div>
   <div class='ocr_carea' id='block_1_3' title="bbox 201 555 1716 636">
    <p class='ocr_par' dir='ltr' id='par_1_3' title="bbox 201 555 1699 636">
     <span class='ocr_line' id='line_1_3' title="bbox 201 555 1699 636; baseline -0.001 -25"><span class='ocrx_word' id='word_1_7' title='bbox 201 558 283 636; x_wconf 18' lang='grc' dir='ltr'>γτδ</span> <span class='ocrx_word' id='word_1_8' title='bbox 322 557 376 610; x_wconf 84' lang='grc' dir='ltr'>δὲ</span> <span class='ocrx_word' id='word_1_9' title='bbox 417 555 576 612; x_wconf 86' lang='grc' dir='ltr'>πλέον</span> <span class='ocrx_word' id='word_1_10' title='bbox 640 559 750 613; x_wconf 81' lang='grc' dir='ltr'>τῶν</span> <span class='ocrx_word' id='word_1_11' title='bbox 797 561 1033 615; x_wconf 77' lang='grc' dir='ltr'>ἐνταῦθα</span> <span class='ocrx_word' id='word_1_12' title='bbox 1071 563 1431 632; x_wconf 71' lang='grc' dir='ltr'><strong>ἐγκειμένων,</strong></span> <span class='ocrx_word' id='word_1_13' title='bbox 1483 559 1699 612; x_wconf 82' lang='grc' dir='ltr'>Παύλου</span> 
     </span>
    </p>
   </div>
   <div class='ocr_carea' id='block_1_4' title="bbox 1822 555 3385 636">
    <p class='ocr_par' dir='ltr' id='par_1_4' title="bbox 1875 559 3385 635">
     <span class='ocr_line' id='line_1_4' title="bbox 1875 559 3385 635; baseline 0.005 -24"><span class='ocrx_word' id='word_1_14' title='bbox 1875 559 2045 614; x_wconf 81' lang='lat' dir='ltr'><strong>Porro</strong></span> <span class='ocrx_word' id='word_1_15' title='bbox 2073 562 2249 631; x_wconf 87' lang='lat' dir='ltr'><strong>major</strong></span> <span class='ocrx_word' id='word_1_16' title='bbox 2272 579 2398 632; x_wconf 87' lang='lat' dir='ltr'><strong>pars</strong></span> <span class='ocrx_word' id='word_1_17' title='bbox 2443 578 2661 628; x_wconf 64' lang='lat' dir='ltr'><strong>earum,</strong></span> <span class='ocrx_word' id='word_1_18' title='bbox 2690 579 2809 635; x_wconf 70' lang='lat' dir='ltr'><strong>qua:</strong></span> <span class='ocrx_word' id='word_1_19' title='bbox 2858 565 2947 620; x_wconf 87' lang='lat' dir='ltr'><strong>hic</strong></span> <span class='ocrx_word' id='word_1_20' title='bbox 3005 565 3385 630; x_wconf 89' lang='lat' dir='ltr'><strong>continentur,</strong></span> 
     </span>
    </p>
   </div>
   <div class='ocr_carea' id='block_1_5' title="bbox 158 651 1699 726">
    <p class='ocr_par' dir='ltr' id='par_1_5' title="bbox 158 651 1699 726">
     <span class='ocr_line' id='line_1_5' title="bbox 158 651 1699 726; baseline 0 -20"><span class='ocrx_word' id='word_1_21' title='bbox 158 653 360 724; x_wconf 69' lang='grc' dir='ltr'>πράξεις</span> <span class='ocrx_word' id='word_1_22' title='bbox 389 651 494 706; x_wconf 77' lang='grc' dir='ltr'>είσὶ</span> <span class='ocrx_word' id='word_1_23' title='bbox 519 693 533 714; x_wconf 90' lang='grc'><strong>,</strong></span> <span class='ocrx_word' id='word_1_24' title='bbox 569 651 663 705; x_wconf 83' lang='grc' dir='ltr'><strong>τοῦ</strong></span> <span class='ocrx_word' id='word_1_25' title='bbox 717 654 1106 726; x_wconf 85' lang='grc' dir='ltr'>περισσότερον</span> <span class='ocrx_word' id='word_1_26' title='bbox 1145 656 1364 709; x_wconf 84' lang='grc' dir='ltr'>πάντων</span> <span class='ocrx_word' id='word_1_27' title='bbox 1400 654 1699 707; x_wconf 86' lang='grc' dir='ltr'>κοπιάσαν-</span> 
     </span>
    </p>
   </div>
   <div class='ocr_carea' id='block_1_6' title="bbox 157 742 1699 817">
    <p class='ocr_par' dir='ltr' id='par_1_6' title="bbox 157 742 1699 817">
     <span class='ocr_line' id='line_1_6' title="bbox 157 742 1699 817; baseline 0.001 -21"><span class='ocrx_word' id='word_1_28' title='bbox 157 763 251 806; x_wconf 73' lang='grc' dir='ltr'>τος.</span> <span class='ocrx_word' id='word_1_29' title='bbox 297 743 365 795; x_wconf 73' lang='lat' dir='ltr'><em>T6</em></span> <span class='ocrx_word' id='word_1_30' title='bbox 398 743 454 796; x_wconf 83' lang='grc' dir='ltr'>δὲ</span> <span class='ocrx_word' id='word_1_31' title='bbox 498 743 695 805; x_wconf 80' lang='grc' dir='ltr'>αἴτιον,</span> <span class='ocrx_word' id='word_1_32' title='bbox 730 746 894 799; x_wconf 79' lang='grc' dir='ltr'>αὑτοῦ</span> <span class='ocrx_word' id='word_1_33' title='bbox 929 747 1190 816; x_wconf 73' lang='grc' dir='ltr'>φοιτητὴς</span> <span class='ocrx_word' id='word_1_34' title='bbox 1237 742 1302 817; x_wconf 75' lang='grc' dir='ltr'>ἦν</span> <span class='ocrx_word' id='word_1_35' title='bbox 1340 749 1366 799; x_wconf 96' lang='lat'><strong>6</strong></span> <span class='ocrx_word' id='word_1_36' title='bbox 1391 747 1450 798; x_wconf 79' lang='grc' dir='ltr'><strong>τὸ</strong></span> <span class='ocrx_word' id='word_1_37' title='bbox 1498 745 1699 816; x_wconf 80' lang='grc' dir='ltr'>βιϐλίον</span> 
     </span>
    </p>
   </div>
   <div class='ocr_carea' id='block_1_7' title="bbox 157 833 1700 909">
    <p class='ocr_par' dir='ltr' id='par_1_7' title="bbox 157 833 1700 909">
     <span class='ocr_line' id='line_1_7' title="bbox 157 833 1700 909; baseline 0.002 -22"><span class='ocrx_word' id='word_1_38' title='bbox 157 836 290 888; x_wconf 73' lang='grc' dir='ltr'>τοῦτο</span> <span class='ocrx_word' id='word_1_39' title='bbox 323 835 553 902; x_wconf 81' lang='grc' dir='ltr'>συνθεὶς,</span> <span class='ocrx_word' id='word_1_40' title='bbox 589 837 804 900; x_wconf 77' lang='grc' dir='ltr'>Λουκᾶς</span> <span class='ocrx_word' id='word_1_41' title='bbox 839 840 868 891; x_wconf 98' lang='lat'><strong>6</strong></span> <span class='ocrx_word' id='word_1_42' title='bbox 903 839 1174 909; x_wconf 82' lang='grc' dir='ltr'>μακάριος</span> <span class='ocrx_word' id='word_1_43' title='bbox 1202 856 1216 868; x_wconf 76' lang='grc' dir='ltr'><strong><em>ο</em></strong></span> <span class='ocrx_word' id='word_1_44' title='bbox 1259 833 1321 892; x_wconf 78' lang='grc' dir='ltr'><strong>οὗ</strong></span> <span class='ocrx_word' id='word_1_45' title='bbox 1369 838 1468 909; x_wconf 80' lang='grc' dir='ltr'>τὴν</span> <span class='ocrx_word' id='word_1_46' title='bbox 1502 836 1700 908; x_wconf 85' lang='grc' dir='ltr'>ἀρετὴν</span> 
     </span>
    </p>
   </div>
   <div class='ocr_carea' id='block_1_8' title="bbox 160 926 1702 1001">
    <p class='ocr_par' dir='ltr' id='par_1_8' title="bbox 160 926 1702 1001">
     <span class='ocr_line' id='line_1_8' title="bbox 160 926 1702 1001; baseline 0.001 -21"><span class='ocrx_word' id='word_1_47' title='bbox 160 926 466 996; x_wconf 74' lang='grc' dir='ltr'>πολλαχόθεν</span> <span class='ocrx_word' id='word_1_48' title='bbox 500 928 602 997; x_wconf 80' lang='grc' dir='ltr'>μὲν</span> <span class='ocrx_word' id='word_1_49' title='bbox 636 930 730 982; x_wconf 77' lang='grc' dir='ltr'>καὶ</span> <span class='ocrx_word' id='word_1_50' title='bbox 759 929 1056 1001; x_wconf 78' lang='grc' dir='ltr'><strong>ἀλλαχόθεν</strong></span> <span class='ocrx_word' id='word_1_51' title='bbox 1089 931 1236 984; x_wconf 74' lang='grc' dir='ltr'>ἐστιν</span> <span class='ocrx_word' id='word_1_52' title='bbox 1278 931 1427 984; x_wconf 79' lang='grc' dir='ltr'>ἰδεῖν·</span> <span class='ocrx_word' id='word_1_53' title='bbox 1464 930 1702 996; x_wconf 85' lang='grc' dir='ltr'>μάλιστα</span> 
     </span>
    </p>
   </div>
   <div class='ocr_carea' id='block_1_9' title="bbox 157 1020 1698 1092">
    <p class='ocr_par' dir='ltr' id='par_1_9' title="bbox 157 1020 1698 1092">
     <span class='ocr_line' id='line_1_9' title="bbox 157 1020 1698 1092; baseline 0.003 -20"><span class='ocrx_word' id='word_1_54' title='bbox 157 1021 242 1090; x_wconf 79' lang='grc' dir='ltr'>μὲν</span> <span class='ocrx_word' id='word_1_55' title='bbox 272 1021 313 1051; x_wconf 86' lang='grc'><strong>³⁸</strong></span> <span class='ocrx_word' id='word_1_56' title='bbox 344 1022 406 1073; x_wconf 82' lang='grc' dir='ltr'>ἐκ</span> <span class='ocrx_word' id='word_1_57' title='bbox 462 1020 558 1074; x_wconf 82' lang='grc' dir='ltr'><strong>τοῦ</strong></span> <span class='ocrx_word' id='word_1_58' title='bbox 613 1024 750 1092; x_wconf 73' lang='grc' dir='ltr'>πρὸς</span> <span class='ocrx_word' id='word_1_59' title='bbox 801 1022 893 1077; x_wconf 85' lang='grc' dir='ltr'><strong>τδν</strong></span> <span class='ocrx_word' id='word_1_60' title='bbox 931 1023 1254 1078; x_wconf 80' lang='grc' dir='ltr'>διδάσκαλον</span> <span class='ocrx_word' id='word_1_61' title='bbox 1311 1023 1698 1086; x_wconf 80' lang='grc' dir='ltr'>ἀδιασπάστως</span> 
     </span>
    </p>
   </div>
   <div class='ocr_carea' id='block_1_10' title="bbox 155 1112 1703 1186">
    <p class='ocr_par' dir='ltr' id='par_1_10' title="bbox 155 1112 1703 1186">
     <span class='ocr_line' id='line_1_10' title="bbox 155 1112 1703 1186; baseline 0.001 -22"><span class='ocrx_word' id='word_1_62' title='bbox 155 1113 299 1181; x_wconf 81' lang='grc' dir='ltr'>ἔχειν,</span> <span class='ocrx_word' id='word_1_63' title='bbox 340 1112 434 1166; x_wconf 75' lang='grc' dir='ltr'>καὶ</span> <span class='ocrx_word' id='word_1_64' title='bbox 481 1112 569 1166; x_wconf 71' lang='grc' dir='ltr'><strong>διὰ</strong></span> <span class='ocrx_word' id='word_1_65' title='bbox 604 1114 806 1178; x_wconf 76' lang='grc' dir='ltr'>παντὸς</span> <span class='ocrx_word' id='word_1_66' title='bbox 845 1113 996 1186; x_wconf 81' lang='grc' dir='ltr'>αὐτῷ</span> <span class='ocrx_word' id='word_1_67' title='bbox 1059 1113 1514 1186; x_wconf 83' lang='grc' dir='ltr'>παρακολουθεῖν.</span> <span class='ocrx_word' id='word_1_68' title='bbox 1541 1114 1611 1167; x_wconf 86' lang='grc' dir='ltr'>Ὅ</span> <span class='ocrx_word' id='word_1_69' title='bbox 1643 1130 1703 1166; x_wconf 88' lang='grc' dir='ltr'><strong>τε</strong></span> 
     </span>
    </p>
   </div>
   <div class='ocr_carea' id='block_1_11' title="bbox 157 1204 1707 1276">
    <p class='ocr_par' dir='ltr' id='par_1_11' title="bbox 157 1204 1707 1276">
     <span class='ocr_line' id='line_1_11' title="bbox 157 1204 1707 1276; baseline 0.001 -20"><span class='ocrx_word' id='word_1_70' title='bbox 157 1204 268 1273; x_wconf 79' lang='grc' dir='ltr'>γοῦν</span> <span class='ocrx_word' id='word_1_71' title='bbox 315 1207 504 1275; x_wconf 80' lang='grc' dir='ltr'><strong>Δημᾶς</strong></span> <span class='ocrx_word' id='word_1_72' title='bbox 556 1205 650 1258; x_wconf 70' lang='grc' dir='ltr'>καὶ</span> <span class='ocrx_word' id='word_1_73' title='bbox 683 1205 1020 1276; x_wconf 82' lang='grc' dir='ltr'>Ἑρμογένης</span> <span class='ocrx_word' id='word_1_74' title='bbox 1071 1206 1235 1261; x_wconf 74' lang='grc' dir='ltr'>αὐτὸν</span> <span class='ocrx_word' id='word_1_75' title='bbox 1268 1205 1648 1274; x_wconf 75' lang='grc' dir='ltr'><strong>ἐγκατέλιπον·</strong></span> <span class='ocrx_word' id='word_1_76' title='bbox 1679 1207 1707 1257; x_wconf 92' lang='lat'><strong>6</strong></span> 
     </span>
    </p>
   </div>
   <div class='ocr_carea' id='block_1_12' title="bbox 159 1295 1704 1368">
    <p class='ocr_par' dir='ltr' id='par_1_12' title="bbox 159 1295 1704 1368">
     <span class='ocr_line' id='line_1_12' title="bbox 159 1295 1704 1368; baseline 0.003 -21"><span class='ocrx_word' id='word_1_77' title='bbox 159 1296 246 1365; x_wconf 82' lang='grc' dir='ltr'>μὲν</span> <span class='ocrx_word' id='word_1_78' title='bbox 291 1295 369 1360; x_wconf 82' lang='grc' dir='ltr'><strong>είς</strong></span> <span class='ocrx_word' id='word_1_79' title='bbox 421 1295 715 1361; x_wconf 72' lang='grc' dir='ltr'><strong>Γαλατίαν,</strong></span> <span class='ocrx_word' id='word_1_80' title='bbox 761 1299 788 1350; x_wconf 91' lang='grc' dir='ltr'><strong>ό</strong></span> <span class='ocrx_word' id='word_1_81' title='bbox 845 1297 902 1350; x_wconf 79' lang='grc' dir='ltr'>δὲ</span> <span class='ocrx_word' id='word_1_82' title='bbox 951 1300 1031 1363; x_wconf 83' lang='grc' dir='ltr'><strong>εἰς</strong></span> <span class='ocrx_word' id='word_1_83' title='bbox 1071 1298 1383 1368; x_wconf 77' lang='grc' dir='ltr'><strong>Δαλματίαν</strong></span> <span class='ocrx_word' id='word_1_84' title='bbox 1431 1296 1704 1352; x_wconf 84' lang='grc' dir='ltr'>ἀπελθών.</span> 
     </span>
    </p>
   </div>
   <div class='ocr_carea' id='block_1_13' title="bbox 158 1373 1709 1459">
    <p class='ocr_par' dir='ltr' id='par_1_13' title="bbox 158 1373 1709 1459">
     <span class='ocr_line' id='line_1_13' title="bbox 158 1373 1709 1459; baseline 0.003 -20"><span class='ocrx_word' id='word_1_85' title='bbox 158 1387 422 1450; x_wconf 74' lang='grc' dir='ltr'><strong>⁹Ακονσον,</strong></span> <span class='ocrx_word' id='word_1_86' title='bbox 451 1386 504 1440; x_wconf 81' lang='grc' dir='ltr'><strong>τί</strong></span> <span class='ocrx_word' id='word_1_87' title='bbox 536 1404 668 1457; x_wconf 77' lang='grc' dir='ltr'>φησι</span> <span class='ocrx_word' id='word_1_88' title='bbox 712 1373 842 1459; x_wconf 76' lang='grc' dir='ltr'>περὶ</span> <span class='ocrx_word' id='word_1_89' title='bbox 866 1389 1058 1442; x_wconf 76' lang='grc' dir='ltr'>τούτου</span> <span class='ocrx_word' id='word_1_90' title='bbox 1091 1405 1104 1418; x_wconf 89' lang='grc'><strong>·</strong></span> <span class='ocrx_word' id='word_1_91' title='bbox 1132 1391 1346 1453; x_wconf 75' lang='grc' dir='ltr'>Λουκᾶς</span> <span class='ocrx_word' id='word_1_92' title='bbox 1381 1392 1498 1443; x_wconf 80' lang='grc' dir='ltr'>ἐστι</span> <span class='ocrx_word' id='word_1_93' title='bbox 1548 1390 1709 1459; x_wconf 86' lang='grc' dir='ltr'>μόνος</span> 
     </span>
    </p>
   </div>
   <div class='ocr_carea' id='block_1_14' title="bbox 159 1479 1709 1554">
    <p class='ocr_par' dir='ltr' id='par_1_14' title="bbox 159 1479 1709 1554">
     <span class='ocr_line' id='line_1_14' title="bbox 159 1479 1709 1554; baseline 0.001 -22"><span class='ocrx_word' id='word_1_94' title='bbox 159 1481 260 1549; x_wconf 79' lang='grc' dir='ltr'>μετ’</span> <span class='ocrx_word' id='word_1_95' title='bbox 285 1479 440 1550; x_wconf 80' lang='grc' dir='ltr'>ἐμοῦ.</span> <span class='ocrx_word' id='word_1_96' title='bbox 471 1480 580 1534; x_wconf 71' lang='grc' dir='ltr'><strong>Καὶ</strong></span> <span class='ocrx_word' id='word_1_97' title='bbox 615 1481 926 1551; x_wconf 75' lang='grc' dir='ltr'><strong>Κορινθίοις</strong></span> <span class='ocrx_word' id='word_1_98' title='bbox 955 1483 1012 1536; x_wconf 80' lang='grc' dir='ltr'>δὲ</span> <span class='ocrx_word' id='word_1_99' title='bbox 1049 1482 1403 1546; x_wconf 77' lang='grc' dir='ltr'><strong>ἐπιστέλλων,</strong></span> <span class='ocrx_word' id='word_1_100' title='bbox 1439 1483 1570 1554; x_wconf 80' lang='grc' dir='ltr'>περὶ</span> <span class='ocrx_word' id='word_1_101' title='bbox 1613 1482 1709 1535; x_wconf 74' lang='grc' dir='ltr'><strong>αὐ-</strong></span> 
     </span>
    </p>
   </div>
   <div class='ocr_carea' id='block_1_15' title="bbox 158 1571 1709 1649">
    <p class='ocr_par' dir='ltr' id='par_1_15' title="bbox 158 1571 1709 1649">
     <span class='ocr_line' id='line_1_15' title="bbox 158 1571 1709 1649; baseline 0.001 -22"><span class='ocrx_word' id='word_1_102' title='bbox 158 1574 234 1627; x_wconf 74' lang='grc' dir='ltr'><strong>τοῦ</strong></span> <span class='ocrx_word' id='word_1_103' title='bbox 265 1590 442 1645; x_wconf 78' lang='grc' dir='ltr'>φησιν·</span> <span class='ocrx_word' id='word_1_104' title='bbox 479 1571 553 1630; x_wconf 74' lang='grc' dir='ltr'>Οὗ</span> <span class='ocrx_word' id='word_1_105' title='bbox 587 1577 810 1641; x_wconf 75' lang='grc' dir='ltr'>ἔπαινος</span> <span class='ocrx_word' id='word_1_106' title='bbox 847 1579 904 1630; x_wconf 76' lang='grc' dir='ltr'><strong>έν</strong></span> <span class='ocrx_word' id='word_1_107' title='bbox 949 1577 1028 1649; x_wconf 83' lang='grc' dir='ltr'>τῷ</span> <span class='ocrx_word' id='word_1_108' title='bbox 1058 1577 1375 1648; x_wconf 72' lang='grc' dir='ltr'>Εὑαγγελίῳ</span> <span class='ocrx_word' id='word_1_109' title='bbox 1406 1577 1494 1631; x_wconf 77' lang='grc' dir='ltr'><strong>διὰ</strong></span> <span class='ocrx_word' id='word_1_110' title='bbox 1520 1577 1709 1630; x_wconf 86' lang='grc' dir='ltr'>πασῶν</span> 
     </span>
    </p>
   </div>
   <div class='ocr_carea' id='block_1_16' title="bbox 159 1667 1705 1744">
    <p class='ocr_par' dir='ltr' id='par_1_16' title="bbox 159 1667 1705 1744">
     <span class='ocr_line' id='line_1_16' title="bbox 159 1667 1705 1744; baseline 0.012 -26"><span class='ocrx_word' id='word_1_111' title='bbox 159 1667 251 1719; x_wconf 81' lang='grc' dir='ltr'>τῶν</span> <span class='ocrx_word' id='word_1_112' title='bbox 288 1667 643 1737; x_wconf 83' lang='grc' dir='ltr'>Ἐκκλησιῶν.</span> <span class='ocrx_word' id='word_1_113' title='bbox 674 1671 783 1724; x_wconf 74' lang='grc' dir='ltr'><strong>Καὶ</strong></span> <span class='ocrx_word' id='word_1_114' title='bbox 819 1671 946 1724; x_wconf 78' lang='grc' dir='ltr'>ὅταν</span> <span class='ocrx_word' id='word_1_115' title='bbox 985 1671 1141 1744; x_wconf 80' lang='grc' dir='ltr'>λέγῃ,</span> <span class='ocrx_word' id='word_1_116' title='bbox 1182 1671 1266 1725; x_wconf 84' lang='grc' dir='ltr'>ὅτι</span> <span class='ocrx_word' id='word_1_117' title='bbox 1303 1670 1485 1742; x_wconf 80' lang='grc' dir='ltr'>Ὠφθη</span> <span class='ocrx_word' id='word_1_118' title='bbox 1519 1670 1705 1742; x_wconf 73' lang='grc' dir='ltr'>Κηφᾷ»</span> 
     </span>
    </p>
   </div>
   <div class='ocr_carea' id='block_1_17' title="bbox 157 1755 1709 1832">
    <p class='ocr_par' dir='ltr' id='par_1_17' title="bbox 157 1755 1709 1832">
     <span class='ocr_line' id='line_1_17' title="bbox 157 1755 1709 1832; baseline 0.004 -22"><span class='ocrx_word' id='word_1_119' title='bbox 157 1755 258 1810; x_wconf 82' lang='grc' dir='ltr'>εἶτα</span> <span class='ocrx_word' id='word_1_120' title='bbox 286 1761 395 1822; x_wconf 82' lang='grc' dir='ltr'>τοῖς</span> <span class='ocrx_word' id='word_1_121' title='bbox 442 1758 669 1816; x_wconf 76' lang='grc' dir='ltr'>δώδεκα*</span> <span class='ocrx_word' id='word_1_122' title='bbox 700 1763 794 1815; x_wconf 73' lang='grc' dir='ltr'>καὶ</span> <span class='ocrx_word' id='word_1_123' title='bbox 831 1763 973 1817; x_wconf 77' lang='grc' dir='ltr'><strong>κατά</strong></span> <span class='ocrx_word' id='word_1_124' title='bbox 1014 1763 1076 1816; x_wconf 81' lang='grc' dir='ltr'>τὸ</span> <span class='ocrx_word' id='word_1_125' title='bbox 1120 1763 1448 1832; x_wconf 78' lang='grc' dir='ltr'>Εὑαγγέλιον</span> <span class='ocrx_word' id='word_1_126' title='bbox 1479 1763 1507 1816; x_wconf 87' lang='grc' dir='ltr'><strong>ὃ</strong></span> <span class='ocrx_word' id='word_1_127' title='bbox 1564 1780 1709 1832; x_wconf 85' lang='grc' dir='ltr'>παρ-</span> 
     </span>
    </p>
   </div>
   <div class='ocr_carea' id='block_1_18' title="bbox 127 1851 1708 1930">
    <p class='ocr_par' dir='ltr' id='par_1_18' title="bbox 127 1851 1708 1930">
     <span class='ocr_line' id='line_1_18' title="bbox 127 1851 1708 1930; baseline 0.001 -27"><span class='ocrx_word' id='word_1_128' title='bbox 127 1851 380 1930; x_wconf 65' lang='grc' dir='ltr'><strong>ιελάὸετε,</strong></span> <span class='ocrx_word' id='word_1_129' title='bbox 412 1853 474 1906; x_wconf 78' lang='grc' dir='ltr'>τὸ</span> <span class='ocrx_word' id='word_1_130' title='bbox 505 1853 698 1908; x_wconf 85' lang='grc' dir='ltr'>τούτου</span> <span class='ocrx_word' id='word_1_131' title='bbox 740 1854 910 1923; x_wconf 87' lang='grc' dir='ltr'>λέγει.</span> <span class='ocrx_word' id='word_1_132' title='bbox 945 1855 1108 1908; x_wconf 84' lang='grc' dir='ltr'>Ὥστε</span> <span class='ocrx_word' id='word_1_133' title='bbox 1144 1856 1242 1909; x_wconf 81' lang='grc' dir='ltr'>οὐκ</span> <span class='ocrx_word' id='word_1_134' title='bbox 1265 1856 1330 1909; x_wconf 86' lang='grc' dir='ltr'>ἄν</span> <span class='ocrx_word' id='word_1_135' title='bbox 1359 1871 1443 1918; x_wconf 88' lang='grc' dir='ltr'><strong>τις</strong></span> <span class='ocrx_word' id='word_1_136' title='bbox 1471 1855 1708 1925; x_wconf 82' lang='grc' dir='ltr'>ἁμάρτοι</span> 
     </span>
    </p>
   </div>
   <div class='ocr_carea' id='block_1_19' title="bbox 157 1940 1710 2015">
    <p class='ocr_par' dir='ltr' id='par_1_19' title="bbox 157 1940 1710 2015">
     <span class='ocr_line' id='line_1_19' title="bbox 157 1940 1710 2015; baseline 0.003 -22"><span class='ocrx_word' id='word_1_137' title='bbox 157 1940 240 2010; x_wconf 83' lang='grc' dir='ltr'>τὴν</span> <span class='ocrx_word' id='word_1_138' title='bbox 279 1943 663 2013; x_wconf 77' lang='grc' dir='ltr'>πραγματείαν</span> <span class='ocrx_word' id='word_1_139' title='bbox 697 1944 903 2014; x_wconf 82' lang='grc' dir='ltr'>ταύτην</span> <span class='ocrx_word' id='word_1_140' title='bbox 959 1945 1111 2015; x_wconf 83' lang='grc' dir='ltr'><strong>αὐτῷ</strong></span> <span class='ocrx_word' id='word_1_141' title='bbox 1171 1944 1387 2010; x_wconf 74' lang='grc' dir='ltr'>ἀναθείς</span> <span class='ocrx_word' id='word_1_142' title='bbox 1417 1962 1430 1977; x_wconf 87' lang='grc'><strong>·</strong></span> <span class='ocrx_word' id='word_1_143' title='bbox 1473 1946 1603 2000; x_wconf 78' lang='grc' dir='ltr'>ὅταν</span> <span class='ocrx_word' id='word_1_144' title='bbox 1652 1945 1710 1998; x_wconf 74' lang='grc' dir='ltr'>δὲ</span> 
     </span>
    </p>
   </div>
   <div class='ocr_carea' id='block_1_20' title="bbox 158 2034 1060 2107">
    <p class='ocr_par' dir='ltr' id='par_1_20' title="bbox 158 2034 1060 2107">
     <span class='ocr_line' id='line_1_20' title="bbox 158 2034 1060 2107; baseline 0.006 -22"><span class='ocrx_word' id='word_1_145' title='bbox 158 2034 278 2104; x_wconf 81' lang='grc' dir='ltr'>εἰπῳ</span> <span class='ocrx_word' id='word_1_146' title='bbox 295 2035 489 2102; x_wconf 86' lang='grc' dir='ltr'>τούτῳ,</span> <span class='ocrx_word' id='word_1_147' title='bbox 546 2034 625 2101; x_wconf 79' lang='grc' dir='ltr'>τῷ</span> <span class='ocrx_word' id='word_1_148' title='bbox 655 2034 875 2107; x_wconf 83' lang='grc' dir='ltr'>Χριστῶ</span> <span class='ocrx_word' id='word_1_149' title='bbox 895 2034 1060 2102; x_wconf 80' lang='grc' dir='ltr'>λέγω.</span> 
     </span>
    </p>
   </div>
   <div class='ocr_carea' id='block_1_21' title="bbox 217 2212 1715 2288">
    <p class='ocr_par' dir='ltr' id='par_1_21' title="bbox 217 2212 1715 2288">
     <span class='ocr_line' id='line_1_21' title="bbox 217 2212 1715 2288; baseline 0.003 -22"><span class='ocrx_word' id='word_1_150' title='bbox 217 2213 276 2266; x_wconf 81' lang='grc' dir='ltr'><strong>Εἰ</strong></span> <span class='ocrx_word' id='word_1_151' title='bbox 327 2213 382 2266; x_wconf 77' lang='grc' dir='ltr'><strong>δέ</strong></span> <span class='ocrx_word' id='word_1_152' title='bbox 418 2231 502 2277; x_wconf 80' lang='grc' dir='ltr'><strong>τις</strong></span> <span class='ocrx_word' id='word_1_153' title='bbox 549 2212 721 2284; x_wconf 81' lang='grc' dir='ltr'>λέγει’</span> <span class='ocrx_word' id='word_1_154' title='bbox 752 2216 862 2269; x_wconf 77' lang='lat' dir='ltr'><strong>Kal.</strong></span> <span class='ocrx_word' id='word_1_155' title='bbox 894 2215 948 2270; x_wconf 89' lang='grc' dir='ltr'><strong>τί</strong></span> <span class='ocrx_word' id='word_1_156' title='bbox 997 2215 1198 2287; x_wconf 83' lang='grc' dir='ltr'>δήποτε</span> <span class='ocrx_word' id='word_1_157' title='bbox 1251 2216 1372 2288; x_wconf 71' lang='grc' dir='ltr'>οὐχὶ</span> <span class='ocrx_word' id='word_1_158' title='bbox 1409 2217 1584 2271; x_wconf 85' lang='grc' dir='ltr'>πάντα</span> <span class='ocrx_word' id='word_1_159' title='bbox 1623 2217 1715 2270; x_wconf 86' lang='grc' dir='ltr'><strong>ἁν-</strong></span> 
     </span>
    </p>
   </div>
   <div class='ocr_carea' id='block_1_22' title="bbox 159 2305 1713 2377">
    <p class='ocr_par' dir='ltr' id='par_1_22' title="bbox 159 2305 1713 2377">
     <span class='ocr_line' id='line_1_22' title="bbox 159 2305 1713 2377; baseline 0.002 -19"><span class='ocrx_word' id='word_1_160' title='bbox 159 2305 342 2375; x_wconf 70' lang='grc' dir='ltr'>έγραψε</span> <span class='ocrx_word' id='word_1_161' title='bbox 389 2305 557 2375; x_wconf 85' lang='grc' dir='ltr'>μέχρι</span> <span class='ocrx_word' id='word_1_162' title='bbox 611 2305 802 2370; x_wconf 82' lang='grc' dir='ltr'>τέλους</span> <span class='ocrx_word' id='word_1_163' title='bbox 847 2305 924 2360; x_wconf 82' lang='grc' dir='ltr'>ὢν</span> <span class='ocrx_word' id='word_1_164' title='bbox 965 2305 1084 2377; x_wconf 86' lang='grc' dir='ltr'>μετ’</span> <span class='ocrx_word' id='word_1_165' title='bbox 1149 2307 1354 2374; x_wconf 81' lang='grc' dir='ltr'>αὐτοῦ;</span> <span class='ocrx_word' id='word_1_166' title='bbox 1396 2309 1599 2361; x_wconf 85' lang='grc' dir='ltr'>Ἐκεῖνο</span> <span class='ocrx_word' id='word_1_167' title='bbox 1644 2307 1713 2361; x_wconf 88' lang='grc' dir='ltr'>ἂν</span> 
     </span>
    </p>
   </div>
   <div class='ocr_carea' id='block_1_23' title="bbox 160 2395 1715 2472">
    <p class='ocr_par' dir='ltr' id='par_1_23' title="bbox 160 2395 1715 2472">
     <span class='ocr_line' id='line_1_23' title="bbox 160 2395 1715 2472; baseline 0.005 -26"><span class='ocrx_word' id='word_1_168' title='bbox 160 2396 409 2464; x_wconf 77' lang='grc' dir='ltr'>εἴποιμεν,</span> <span class='ocrx_word' id='word_1_169' title='bbox 436 2396 521 2448; x_wconf 87' lang='grc' dir='ltr'>ὃτι</span> <span class='ocrx_word' id='word_1_170' title='bbox 560 2398 659 2450; x_wconf 76' lang='grc' dir='ltr'>καὶ</span> <span class='ocrx_word' id='word_1_171' title='bbox 707 2397 879 2451; x_wconf 82' lang='grc' dir='ltr'>ταῦτα</span> <span class='ocrx_word' id='word_1_172' title='bbox 912 2398 1186 2469; x_wconf 84' lang='grc' dir='ltr'>ἀρκοῦντα</span> <span class='ocrx_word' id='word_1_173' title='bbox 1211 2395 1279 2471; x_wconf 75' lang='grc' dir='ltr'>ἦν</span> <span class='ocrx_word' id='word_1_174' title='bbox 1307 2402 1420 2464; x_wconf 85' lang='grc' dir='ltr'>τοῖς</span> <span class='ocrx_word' id='word_1_175' title='bbox 1456 2400 1715 2472; x_wconf 83' lang='grc' dir='ltr'>βουλομέ-</span> 
     </span>
    </p>
   </div>
   <div class='ocr_carea' id='block_1_24' title="bbox 159 2487 1718 2562">
    <p class='ocr_par' dir='ltr' id='par_1_24' title="bbox 159 2487 1718 2562">
     <span class='ocr_line' id='line_1_24' title="bbox 159 2487 1718 2562; baseline 0.005 -26"><span class='ocrx_word' id='word_1_176' title='bbox 159 2502 258 2548; x_wconf 90' lang='grc' dir='ltr'>νοις</span> <span class='ocrx_word' id='word_1_177' title='bbox 307 2487 619 2557; x_wconf 73' lang='grc' dir='ltr'>προσέχειν*</span> <span class='ocrx_word' id='word_1_178' title='bbox 653 2489 748 2542; x_wconf 78' lang='grc' dir='ltr'>καὶ</span> <span class='ocrx_word' id='word_1_179' title='bbox 787 2490 870 2543; x_wconf 76' lang='grc' dir='ltr'>ὅτι</span> <span class='ocrx_word' id='word_1_180' title='bbox 908 2491 1044 2562; x_wconf 79' lang='grc' dir='ltr'>πρὸς</span> <span class='ocrx_word' id='word_1_181' title='bbox 1079 2491 1150 2545; x_wconf 83' lang='grc' dir='ltr'>τὰ</span> <span class='ocrx_word' id='word_1_182' title='bbox 1194 2492 1595 2560; x_wconf 83' lang='grc' dir='ltr'>κατεπείγοντα</span> <span class='ocrx_word' id='word_1_183' title='bbox 1628 2491 1718 2545; x_wconf 72' lang='grc' dir='ltr'>ἀεὶ</span> 
     </span>
    </p>
   </div>
   <div class='ocr_carea' id='block_1_25' title="bbox 160 2575 1714 2656">
    <p class='ocr_par' dir='ltr' id='par_1_25' title="bbox 160 2575 1714 2656">
     <span class='ocr_line' id='line_1_25' title="bbox 160 2575 1714 2656; baseline 0.008 -29"><span class='ocrx_word' id='word_1_184' title='bbox 160 2575 344 2629; x_wconf 73' lang='grc' dir='ltr'>ἵστα-τοο</span> <span class='ocrx_word' id='word_1_185' title='bbox 375 2577 468 2631; x_wconf 68' lang='grc' dir='ltr'><strong>καὶ</strong></span> <span class='ocrx_word' id='word_1_186' title='bbox 508 2579 588 2632; x_wconf 77' lang='grc' dir='ltr'>ὅτι</span> <span class='ocrx_word' id='word_1_187' title='bbox 631 2580 732 2633; x_wconf 84' lang='grc' dir='ltr'>οὐκ</span> <span class='ocrx_word' id='word_1_188' title='bbox 763 2581 820 2634; x_wconf 83' lang='grc' dir='ltr'>ὲν</span> <span class='ocrx_word' id='word_1_189' title='bbox 850 2581 926 2654; x_wconf 86' lang='grc' dir='ltr'>τῷ</span> <span class='ocrx_word' id='word_1_190' title='bbox 961 2582 1325 2655; x_wconf 72' lang='grc' dir='ltr'>λογογραφεῖν</span> <span class='ocrx_word' id='word_1_191' title='bbox 1359 2579 1428 2656; x_wconf 83' lang='grc' dir='ltr'>ἦν</span> <span class='ocrx_word' id='word_1_192' title='bbox 1460 2585 1648 2648; x_wconf 81' lang='grc' dir='ltr'>αὐτοῖς</span> <span class='ocrx_word' id='word_1_193' title='bbox 1680 2586 1714 2655; x_wconf 81' lang='grc' dir='ltr'><strong>ἡ</strong></span> 
     </span>
    </p>
   </div>
   <div class='ocr_carea' id='block_1_26' title="bbox 162 2671 1712 2752">
    <p class='ocr_par' dir='ltr' id='par_1_26' title="bbox 162 2671 1712 2752">
     <span class='ocr_line' id='line_1_26' title="bbox 162 2671 1712 2752; baseline 0.008 -31"><span class='ocrx_word' id='word_1_194' title='bbox 162 2671 369 2742; x_wconf 72' lang='grc' dir='ltr'>σπουδὴ·</span> <span class='ocrx_word' id='word_1_195' title='bbox 395 2671 567 2728; x_wconf 84' lang='grc' dir='ltr'>πολλὰ</span> <span class='ocrx_word' id='word_1_196' title='bbox 596 2676 706 2744; x_wconf 79' lang='grc' dir='ltr'><strong>γὰρ</strong></span> <span class='ocrx_word' id='word_1_197' title='bbox 739 2678 831 2730; x_wconf 78' lang='grc' dir='ltr'>καὶ</span> <span class='ocrx_word' id='word_1_198' title='bbox 865 2676 1098 2749; x_wconf 77' lang='grc' dir='ltr'>ἀγράφῳ</span> <span class='ocrx_word' id='word_1_199' title='bbox 1131 2679 1424 2748; x_wconf 87' lang='grc' dir='ltr'>παραδόσει</span> <span class='ocrx_word' id='word_1_200' title='bbox 1459 2679 1712 2752; x_wconf 87' lang='grc' dir='ltr'>παρέδω-</span> 
     </span>
    </p>
   </div>
   <div class='ocr_carea' id='block_1_27' title="bbox 163 2766 1716 2845">
    <p class='ocr_par' dir='ltr' id='par_1_27' title="bbox 163 2766 1716 2845">
     <span class='ocr_line' id='line_1_27' title="bbox 163 2766 1716 2845; baseline 0.006 -29"><span class='ocrx_word' id='word_1_201' title='bbox 163 2781 278 2819; x_wconf 83' lang='grc' dir='ltr'>καν.</span> <span class='ocrx_word' id='word_1_202' title='bbox 298 2766 482 2821; x_wconf 86' lang='grc' dir='ltr'>Πάντα</span> <span class='ocrx_word' id='word_1_203' title='bbox 509 2768 610 2838; x_wconf 81' lang='grc' dir='ltr'>μὲν</span> <span class='ocrx_word' id='word_1_204' title='bbox 635 2767 730 2824; x_wconf 80' lang='grc' dir='ltr'>οὖν</span> <span class='ocrx_word' id='word_1_205' title='bbox 749 2770 874 2835; x_wconf 82' lang='grc' dir='ltr'>ἄξια</span> <span class='ocrx_word' id='word_1_206' title='bbox 903 2771 1204 2843; x_wconf 81' lang='grc' dir='ltr'>θαύματος,</span> <span class='ocrx_word' id='word_1_207' title='bbox 1238 2773 1306 2827; x_wconf 82' lang='grc' dir='ltr'>τὰ</span> <span class='ocrx_word' id='word_1_208' title='bbox 1331 2775 1388 2826; x_wconf 80' lang='grc' dir='ltr'>ἐν</span> <span class='ocrx_word' id='word_1_209' title='bbox 1419 2773 1498 2845; x_wconf 85' lang='grc' dir='ltr'><strong>τῷ</strong></span> <span class='ocrx_word' id='word_1_210' title='bbox 1527 2773 1716 2845; x_wconf 81' lang='grc' dir='ltr'>βιὸλίῳ</span> 
     </span>
    </p>
   </div>
   <div class='ocr_carea' id='block_1_28' title="bbox 163 2855 1716 2934">
    <p class='ocr_par' dir='ltr' id='par_1_28' title="bbox 163 2855 1716 2934">
     <span class='ocr_line' id='line_1_28' title="bbox 163 2855 1716 2934; baseline 0.007 -28"><span class='ocrx_word' id='word_1_211' title='bbox 163 2855 321 2924; x_wconf 76' lang='grc' dir='ltr'>τούτῳ</span> <span class='ocrx_word' id='word_1_212' title='bbox 349 2858 600 2928; x_wconf 84' lang='grc' dir='ltr'>κείμενα·</span> <span class='ocrx_word' id='word_1_213' title='bbox 637 2859 872 2930; x_wconf 84' lang='grc' dir='ltr'>μάλιστα</span> <span class='ocrx_word' id='word_1_214' title='bbox 912 2861 970 2915; x_wconf 84' lang='grc' dir='ltr'>δὲ</span> <span class='ocrx_word' id='word_1_215' title='bbox 1007 2862 1118 2916; x_wconf 85' lang='grc' dir='ltr'><strong>τῶν</strong></span> <span class='ocrx_word' id='word_1_216' title='bbox 1157 2864 1473 2918; x_wconf 87' lang='grc' dir='ltr'>ἀποστόλων</span> <span class='ocrx_word' id='word_1_217' title='bbox 1506 2867 1538 2934; x_wconf 85' lang='grc' dir='ltr'>ὴ</span> <span class='ocrx_word' id='word_1_218' title='bbox 1580 2881 1716 2934; x_wconf 88' lang='grc' dir='ltr'>συγ-</span> 
     </span>
    </p>
   </div>
   <div class='ocr_carea' id='block_1_29' title="bbox 165 2949 1722 3025">
    <p class='ocr_par' dir='ltr' id='par_1_29' title="bbox 165 2949 1722 3025">
     <span class='ocr_line' id='line_1_29' title="bbox 165 2949 1722 3025; baseline 0.01 -27"><span class='ocrx_word' id='word_1_219' title='bbox 165 2949 474 3015; x_wconf 78' lang='grc' dir='ltr'>κατάὅασις,</span> <span class='ocrx_word' id='word_1_220' title='bbox 509 2951 578 3022; x_wconf 73' lang='grc' dir='ltr'>ἢν</span> <span class='ocrx_word' id='word_1_221' title='bbox 605 2953 698 3005; x_wconf 72' lang='grc' dir='ltr'>καὶ</span> <span class='ocrx_word' id='word_1_222' title='bbox 730 2952 790 3006; x_wconf 79' lang='grc' dir='ltr'>τὸ</span> <span class='ocrx_word' id='word_1_223' title='bbox 823 2953 1048 3025; x_wconf 78' lang='grc' dir='ltr'>Πνεῦμα</span> <span class='ocrx_word' id='word_1_224' title='bbox 1085 2957 1268 3020; x_wconf 82' lang='grc' dir='ltr'>αὐτοῖς</span> <span class='ocrx_word' id='word_1_225' title='bbox 1297 2957 1559 3025; x_wconf 80' lang='grc' dir='ltr'>ὑπέὸαλε,</span> <span class='ocrx_word' id='word_1_226' title='bbox 1607 2977 1722 3025; x_wconf 65' lang='grc' dir='ltr'><strong>παν</strong></span> 
     </span>
    </p>
   </div>
   <div class='ocr_carea' id='block_1_30' title="bbox 169 3041 1719 3118">
    <p class='ocr_par' dir='ltr' id='par_1_30' title="bbox 169 3041 1719 3118">
     <span class='ocr_line' id='line_1_30' title="bbox 169 3041 1719 3118; baseline 0.007 -26"><span class='ocrx_word' id='word_1_227' title='bbox 169 3041 507 3107; x_wconf 79' lang='grc' dir='ltr'>ρασκευάζων</span> <span class='ocrx_word' id='word_1_228' title='bbox 541 3044 738 3107; x_wconf 79' lang='grc' dir='ltr'>αὐτοὺς</span> <span class='ocrx_word' id='word_1_229' title='bbox 759 3044 838 3115; x_wconf 84' lang='grc' dir='ltr'><strong>τῷ</strong></span> <span class='ocrx_word' id='word_1_230' title='bbox 868 3045 969 3116; x_wconf 81' lang='grc' dir='ltr'>τῆς</span> <span class='ocrx_word' id='word_1_231' title='bbox 1006 3049 1322 3118; x_wconf 69' lang='grc' dir='ltr'>οἰκονομίας</span> <span class='ocrx_word' id='word_1_232' title='bbox 1355 3050 1719 3118; x_wconf 76' lang='grc' dir='ltr'>ἐνδιατρίϐειν</span> 
     </span>
    </p>
   </div>
   <div class='ocr_carea' id='block_1_31' title="bbox 164 3131 1717 3213">
    <p class='ocr_par' dir='ltr' id='par_1_31' title="bbox 164 3131 1717 3213">
     <span class='ocr_line' id='line_1_31' title="bbox 164 3131 1717 3213; baseline 0.008 -30"><span class='ocrx_word' id='word_1_233' title='bbox 164 3131 319 3201; x_wconf 76' lang='grc' dir='ltr'>λόγῳο</span> <span class='ocrx_word' id='word_1_234' title='bbox 343 3134 426 3189; x_wconf 79' lang='grc' dir='ltr'>διὰ</span> <span class='ocrx_word' id='word_1_235' title='bbox 470 3136 535 3207; x_wconf 82' lang='grc' dir='ltr'>δὴ</span> <span class='ocrx_word' id='word_1_236' title='bbox 571 3137 750 3202; x_wconf 81' lang='grc' dir='ltr'>τοῦτο,</span> <span class='ocrx_word' id='word_1_237' title='bbox 781 3138 1024 3194; x_wconf 81' lang='grc' dir='ltr'>τοσαῦτα</span> <span class='ocrx_word' id='word_1_238' title='bbox 1055 3141 1182 3211; x_wconf 82' lang='grc' dir='ltr'>περὶ</span> <span class='ocrx_word' id='word_1_239' title='bbox 1205 3141 1372 3196; x_wconf 76' lang='grc' dir='ltr'>αὑτοῦ</span> <span class='ocrx_word' id='word_1_240' title='bbox 1407 3142 1717 3213; x_wconf 87' lang='grc' dir='ltr'>διαλεχθέν-</span> 
     </span>
    </p>
   </div>
   <div class='ocr_carea' id='block_1_32' title="bbox 1805 647 3387 727">
    <p class='ocr_par' dir='ltr' id='par_1_32' title="bbox 1805 647 3387 727">
     <span class='ocr_line' id='line_1_32' title="bbox 1805 647 3387 727; baseline 0.006 -28"><span class='ocrx_word' id='word_1_241' title='bbox 1805 647 1955 702; x_wconf 82' lang='lat' dir='ltr'><strong>Pauli</strong></span> <span class='ocrx_word' id='word_1_242' title='bbox 1989 659 2115 704; x_wconf 87' lang='lat' dir='ltr'><strong>sunt</strong></span> <span class='ocrx_word' id='word_1_243' title='bbox 2141 653 2396 722; x_wconf 88' lang='lat' dir='ltr'><strong>acta,qui</strong></span> <span class='ocrx_word' id='word_1_244' title='bbox 2447 654 2682 724; x_wconf 78' lang='lat' dir='ltr'><strong>amplius</strong></span> <span class='ocrx_word' id='word_1_245' title='bbox 2735 669 2899 727; x_wconf 87' lang='lat' dir='ltr'><strong>quam</strong></span> <span class='ocrx_word' id='word_1_246' title='bbox 2937 669 3130 710; x_wconf 89' lang='lat' dir='ltr'><strong>omnes</strong></span> <span class='ocrx_word' id='word_1_247' title='bbox 3171 655 3387 708; x_wconf 80' lang='lat' dir='ltr'><strong>labora-</strong></span> 
     </span>
    </p>
   </div>
   <div class='ocr_carea' id='block_1_33' title="bbox 1804 745 3386 820">
    <p class='ocr_par' dir='ltr' id='par_1_33' title="bbox 1804 745 3386 820">
     <span class='ocr_line' id='line_1_33' title="bbox 1804 745 3386 820; baseline 0.003 -22"><span class='ocrx_word' id='word_1_248' title='bbox 1804 747 1898 801; x_wconf 79' lang='lat' dir='ltr'><strong>vit.</strong></span> <span class='ocrx_word' id='word_1_249' title='bbox 1928 745 2055 813; x_wconf 85' lang='lat' dir='ltr'><strong>Ejus</strong></span> <span class='ocrx_word' id='word_1_250' title='bbox 2083 755 2259 801; x_wconf 87' lang='lat' dir='ltr'><strong>autem</strong></span> <span class='ocrx_word' id='word_1_251' title='bbox 2289 749 2364 802; x_wconf 82' lang='lat' dir='ltr'><strong>rei</strong></span> <span class='ocrx_word' id='word_1_252' title='bbox 2397 763 2560 803; x_wconf 81' lang='lat' dir='ltr'><strong>causa</strong></span> <span class='ocrx_word' id='word_1_253' title='bbox 2610 759 2714 815; x_wconf 90' lang='lat' dir='ltr'><strong>est,</strong></span> <span class='ocrx_word' id='word_1_254' title='bbox 2761 750 2906 820; x_wconf 85' lang='lat' dir='ltr'><strong>quod</strong></span> <span class='ocrx_word' id='word_1_255' title='bbox 2963 750 3269 820; x_wconf 84' lang='lat' dir='ltr'><strong>discipulus</strong></span> <span class='ocrx_word' id='word_1_256' title='bbox 3322 752 3386 802; x_wconf 37' lang='lat' dir='ltr'><strong>iis</strong></span> 
     </span>
    </p>
   </div>
   <div class='ocr_carea' id='block_1_34' title="bbox 1805 835 3388 912">
    <p class='ocr_par' dir='ltr' id='par_1_34' title="bbox 1805 835 3388 912">
     <span class='ocr_line' id='line_1_34' title="bbox 1805 835 3388 912; baseline 0.004 -23"><span class='ocrx_word' id='word_1_257' title='bbox 1805 835 1911 891; x_wconf 87' lang='lat' dir='ltr'><strong>lius</strong></span> <span class='ocrx_word' id='word_1_258' title='bbox 1961 845 2079 890; x_wconf 88' lang='lat' dir='ltr'><strong>erat</strong></span> <span class='ocrx_word' id='word_1_259' title='bbox 2123 838 2190 900; x_wconf 90' lang='lat' dir='ltr'><strong>is,</strong></span> <span class='ocrx_word' id='word_1_260' title='bbox 2227 840 2316 908; x_wconf 88' lang='lat' dir='ltr'><strong>qui</strong></span> <span class='ocrx_word' id='word_1_261' title='bbox 2358 839 2507 894; x_wconf 89' lang='lat' dir='ltr'><strong>hunc</strong></span> <span class='ocrx_word' id='word_1_262' title='bbox 2553 839 2766 894; x_wconf 87' lang='lat' dir='ltr'><strong>librum-</strong></span> <span class='ocrx_word' id='word_1_263' title='bbox 2812 843 3144 911; x_wconf 78' lang='lat' dir='ltr'><strong>composuit,</strong></span> <span class='ocrx_word' id='word_1_264' title='bbox 3192 857 3388 912; x_wconf 86' lang='lat' dir='ltr'><strong>nempe</strong></span> 
     </span>
    </p>
   </div>
   <div class='ocr_carea' id='block_1_35' title="bbox 1807 923 3386 999">
    <p class='ocr_par' dir='ltr' id='par_1_35' title="bbox 1807 923 3386 999">
     <span class='ocr_line' id='line_1_35' title="bbox 1807 923 3386 999; baseline 0.001 -19"><span class='ocrx_word' id='word_1_265' title='bbox 1807 925 2002 980; x_wconf 86' lang='lat' dir='ltr'><strong>beatus</strong></span> <span class='ocrx_word' id='word_1_266' title='bbox 2033 923 2208 980; x_wconf 88' lang='lat' dir='ltr'><strong>Lucas</strong></span> <span class='ocrx_word' id='word_1_267' title='bbox 2239 939 2254 979; x_wconf 91' lang='lat'><strong>:</strong></span> <span class='ocrx_word' id='word_1_268' title='bbox 2281 927 2440 996; x_wconf 83' lang='lat' dir='ltr'><strong>cujus</strong></span> <span class='ocrx_word' id='word_1_269' title='bbox 2474 927 2650 982; x_wconf 81' lang='lat' dir='ltr'><strong>virtus</strong></span> <span class='ocrx_word' id='word_1_270' title='bbox 2679 944 2802 982; x_wconf 87' lang='lat' dir='ltr'><strong>cum</strong></span> <span class='ocrx_word' id='word_1_271' title='bbox 2839 944 2904 982; x_wconf 81' lang='lat' dir='ltr'><strong>ex</strong></span> <span class='ocrx_word' id='word_1_272' title='bbox 2941 929 3128 983; x_wconf 88' lang='lat' dir='ltr'><strong>multis</strong></span> <span class='ocrx_word' id='word_1_273' title='bbox 3165 929 3386 999; x_wconf 80' lang='lat' dir='ltr'><strong>quidem</strong></span> 
     </span>
    </p>
   </div>
   <div class='ocr_carea' id='block_1_36' title="bbox 1807 1011 3388 1092">
    <p class='ocr_par' dir='ltr' id='par_1_36' title="bbox 1807 1011 3388 1092">
     <span class='ocr_line' id='line_1_36' title="bbox 1807 1011 3388 1092; baseline 0.003 -20"><span class='ocrx_word' id='word_1_274' title='bbox 1807 1020 1972 1072; x_wconf 76' lang='lat' dir='ltr'><strong>rebus</strong></span> <span class='ocrx_word' id='word_1_275' title='bbox 2019 1011 2163 1082; x_wconf 78' lang='lat' dir='ltr'><strong>aliis,</strong></span> <span class='ocrx_word' id='word_1_276' title='bbox 2199 1028 2311 1072; x_wconf 90' lang='lat' dir='ltr'><strong>tum</strong></span> <span class='ocrx_word' id='word_1_277' title='bbox 2346 1035 2474 1074; x_wconf 83' lang='lat' dir='ltr'><strong>vero</strong></span> <span class='ocrx_word' id='word_1_278' title='bbox 2536 1021 2772 1076; x_wconf 79' lang='lat' dir='ltr'><strong>maxime</strong></span> <span class='ocrx_word' id='word_1_279' title='bbox 2795 1035 2860 1076; x_wconf 77' lang='lat' dir='ltr'><strong>ex</strong></span> <span class='ocrx_word' id='word_1_280' title='bbox 2888 1037 2975 1084; x_wconf 91' lang='lat' dir='ltr'><strong>eo,</strong></span> <span class='ocrx_word' id='word_1_281' title='bbox 3017 1024 3161 1092; x_wconf 81' lang='lat' dir='ltr'><strong>quod</strong></span> <span class='ocrx_word' id='word_1_282' title='bbox 3209 1038 3239 1076; x_wconf 92' lang='lat' dir='ltr'><strong>a</strong></span> <span class='ocrx_word' id='word_1_283' title='bbox 3275 1038 3388 1076; x_wconf 65' lang='lat' dir='ltr'><strong>ma»</strong></span> 
     </span>
    </p>
   </div>
   <div class='ocr_carea' id='block_1_37' title="bbox 1808 1107 3390 1181">
    <p class='ocr_par' dir='ltr' id='par_1_37' title="bbox 1808 1107 3390 1181">
     <span class='ocr_line' id='line_1_37' title="bbox 1808 1107 3390 1181; baseline 0.003 -18"><span class='ocrx_word' id='word_1_284' title='bbox 1808 1111 1980 1181; x_wconf 78' lang='lat' dir='ltr'><strong>gistro</strong></span> <span class='ocrx_word' id='word_1_285' title='bbox 2023 1125 2128 1164; x_wconf 91' lang='lat' dir='ltr'><strong>non</strong></span> <span class='ocrx_word' id='word_1_286' title='bbox 2160 1111 2342 1180; x_wconf 84' lang='lat' dir='ltr'><strong>potuit</strong></span> <span class='ocrx_word' id='word_1_287' title='bbox 2358 1107 2562 1175; x_wconf 84' lang='lat' dir='ltr'><strong>divelli,</strong></span> <span class='ocrx_word' id='word_1_288' title='bbox 2589 1111 2682 1165; x_wconf 90' lang='lat' dir='ltr'><strong>sed</strong></span> <span class='ocrx_word' id='word_1_289' title='bbox 2738 1112 3086 1168; x_wconf 74' lang='lat' dir='ltr'><strong>continenter</strong></span> <span class='ocrx_word' id='word_1_290' title='bbox 3117 1128 3240 1168; x_wconf 90' lang='lat' dir='ltr'><strong>eum</strong></span> <span class='ocrx_word' id='word_1_291' title='bbox 3300 1129 3390 1169; x_wconf 91' lang='lat' dir='ltr'><strong>as-</strong></span> 
     </span>
    </p>
   </div>
   <div class='ocr_carea' id='block_1_38' title="bbox 1808 1199 3390 1270">
    <p class='ocr_par' dir='ltr' id='par_1_38' title="bbox 1808 1199 3390 1270">
     <span class='ocr_line' id='line_1_38' title="bbox 1808 1199 3390 1270; baseline 0.001 -13"><span class='ocrx_word' id='word_1_292' title='bbox 1808 1211 2051 1257; x_wconf 83' lang='lat' dir='ltr'><strong>sectatus</strong></span> <span class='ocrx_word' id='word_1_293' title='bbox 2077 1209 2183 1266; x_wconf 90' lang='lat' dir='ltr'><strong>est,</strong></span> <span class='ocrx_word' id='word_1_294' title='bbox 2209 1199 2380 1255; x_wconf 83' lang='lat' dir='ltr'><strong>videri</strong></span> <span class='ocrx_word' id='word_1_295' title='bbox 2413 1209 2614 1270; x_wconf 84' lang='lat' dir='ltr'><strong>potest.</strong></span> <span class='ocrx_word' id='word_1_296' title='bbox 2645 1199 2780 1255; x_wconf 78' lang='lat' dir='ltr'><strong>Nam</strong></span> <span class='ocrx_word' id='word_1_297' title='bbox 2817 1204 3012 1257; x_wconf 84' lang='lat' dir='ltr'><strong>Demas</strong></span> <span class='ocrx_word' id='word_1_298' title='bbox 3034 1210 3089 1258; x_wconf 90' lang='lat' dir='ltr'><strong>et</strong></span> <span class='ocrx_word' id='word_1_299' title='bbox 3159 1203 3390 1259; x_wconf 70' lang='grc' dir='ltr'>ίΙει-ιιιοο</span> 
     </span>
    </p>
   </div>
   <div class='ocr_carea' id='block_1_39' title="bbox 1810 1291 3386 1366">
    <p class='ocr_par' dir='ltr' id='par_1_39' title="bbox 1810 1291 3386 1366">
     <span class='ocr_line' id='line_1_39' title="bbox 1810 1291 3386 1366; baseline 0.004 -22"><span class='ocrx_word' id='word_1_300' title='bbox 1810 1307 1976 1362; x_wconf 76' lang='lat' dir='ltr'><strong>grues</strong></span> <span class='ocrx_word' id='word_1_301' title='bbox 1989 1307 2112 1347; x_wconf 90' lang='lat' dir='ltr'><strong>eum</strong></span> <span class='ocrx_word' id='word_1_302' title='bbox 2130 1292 2510 1359; x_wconf 85' lang='lat' dir='ltr'><strong>deseruerunt,</strong></span> <span class='ocrx_word' id='word_1_303' title='bbox 2539 1293 2627 1347; x_wconf 90' lang='lat' dir='ltr'><strong>hic</strong></span> <span class='ocrx_word' id='word_1_304' title='bbox 2638 1291 2858 1362; x_wconf 90' lang='lat' dir='ltr'><strong>quidem</strong></span> <span class='ocrx_word' id='word_1_305' title='bbox 2884 1294 2937 1348; x_wconf 90' lang='lat' dir='ltr'><strong>in</strong></span> <span class='ocrx_word' id='word_1_306' title='bbox 2958 1294 3386 1366; x_wconf 59' lang='lat' dir='ltr'><strong>GaIIOgrazciam,</strong></span> 
     </span>
    </p>
   </div>
   <div class='ocr_carea' id='block_1_40' title="bbox 1811 1371 3388 1456">
    <p class='ocr_par' dir='ltr' id='par_1_40' title="bbox 1811 1371 3388 1456">
     <span class='ocr_line' id='line_1_40' title="bbox 1811 1371 3388 1456; baseline 0 -14"><span class='ocrx_word' id='word_1_307' title='bbox 1811 1388 1902 1442; x_wconf 89' lang='lat' dir='ltr'><strong>ille</strong></span> <span class='ocrx_word' id='word_1_308' title='bbox 1931 1388 1984 1440; x_wconf 90' lang='lat' dir='ltr'><strong>in</strong></span> <span class='ocrx_word' id='word_1_309' title='bbox 2046 1371 2709 1456; x_wconf 38' lang='lat' dir='ltr'><strong>Dalmatiam&#39;profcctus.</strong></span> <span class='ocrx_word' id='word_1_310' title='bbox 2743 1386 2885 1440; x_wconf 87' lang='lat' dir='ltr'><strong>Audi</strong></span> <span class='ocrx_word' id='word_1_311' title='bbox 2951 1387 3084 1456; x_wconf 88' lang='lat' dir='ltr'><strong>quid</strong></span> <span class='ocrx_word' id='word_1_312' title='bbox 3136 1388 3277 1442; x_wconf 91' lang='lat' dir='ltr'><strong>dicat</strong></span> <span class='ocrx_word' id='word_1_313' title='bbox 3319 1387 3388 1443; x_wconf 86' lang='lat' dir='ltr'><strong>de</strong></span> 
     </span>
    </p>
   </div>
   <div class='ocr_carea' id='block_1_41' title="bbox 1812 1473 3385 1550">
    <p class='ocr_par' dir='ltr' id='par_1_41' title="bbox 1812 1473 3385 1550">
     <span class='ocr_line' id='line_1_41' title="bbox 1812 1473 3385 1550; baseline -0.001 -16"><span class='ocrx_word' id='word_1_314' title='bbox 1812 1480 1914 1534; x_wconf 93' lang='lat' dir='ltr'><strong>hoc</strong></span> <span class='ocrx_word' id='word_1_315' title='bbox 1943 1499 1957 1534; x_wconf 89' lang='lat'><strong>:</strong></span> <span class='ocrx_word' id='word_1_316' title='bbox 1989 1478 2166 1534; x_wconf 86' lang='lat' dir='ltr'><strong>Lucas</strong></span> <span class='ocrx_word' id='word_1_317' title='bbox 2203 1493 2415 1534; x_wconf 90' lang='lat' dir='ltr'><strong>mecum</strong></span> <span class='ocrx_word' id='word_1_318' title='bbox 2447 1489 2532 1534; x_wconf 88' lang='lat' dir='ltr'><strong>est</strong></span> <span class='ocrx_word' id='word_1_319' title='bbox 2560 1479 2736 1534; x_wconf 90' lang='lat' dir='ltr'><strong>solus.</strong></span> <span class='ocrx_word' id='word_1_320' title='bbox 2761 1479 2939 1550; x_wconf 86' lang='lat' dir='ltr'><strong>Atque</strong></span> <span class='ocrx_word' id='word_1_321' title='bbox 2979 1479 3148 1536; x_wconf 78' lang='lat' dir='ltr'><strong>etiam</strong></span> <span class='ocrx_word' id='word_1_322' title='bbox 3189 1473 3385 1534; x_wconf 83' lang='lat' dir='ltr'><strong>Corin-</strong></span> 
     </span>
    </p>
   </div>
   <div class='ocr_carea' id='block_1_42' title="bbox 1813 1569 3392 1640">
    <p class='ocr_par' dir='ltr' id='par_1_42' title="bbox 1813 1569 3392 1640">
     <span class='ocr_line' id='line_1_42' title="bbox 1813 1569 3392 1640; baseline 0.001 -15"><span class='ocrx_word' id='word_1_323' title='bbox 1813 1570 1945 1626; x_wconf 92' lang='lat' dir='ltr'><strong>thiis</strong></span> <span class='ocrx_word' id='word_1_324' title='bbox 1969 1571 2215 1626; x_wconf 86' lang='lat' dir='ltr'><strong>scribens</strong></span> <span class='ocrx_word' id='word_1_325' title='bbox 2243 1570 2311 1626; x_wconf 86' lang='lat' dir='ltr'><strong>de</strong></span> <span class='ocrx_word' id='word_1_326' title='bbox 2331 1585 2396 1626; x_wconf 89' lang='lat' dir='ltr'><strong>eo</strong></span> <span class='ocrx_word' id='word_1_327' title='bbox 2421 1570 2554 1624; x_wconf 84' lang='lat' dir='ltr'><strong>dicit</strong></span> <span class='ocrx_word' id='word_1_328' title='bbox 2588 1589 2600 1624; x_wconf 91' lang='lat'><strong>:</strong></span> <span class='ocrx_word' id='word_1_329' title='bbox 2631 1570 2803 1640; x_wconf 89' lang='lat' dir='ltr'><strong>Cujus</strong></span> <span class='ocrx_word' id='word_1_330' title='bbox 2860 1571 2980 1626; x_wconf 88' lang='lat' dir='ltr'><strong>laus</strong></span> <span class='ocrx_word' id='word_1_331' title='bbox 3012 1571 3178 1626; x_wconf 62' lang='lat' dir='ltr'><strong>est-in</strong></span> <span class='ocrx_word' id='word_1_332' title='bbox 3212 1569 3392 1626; x_wconf 83' lang='lat' dir='ltr'><strong>Evan-</strong></span> 
     </span>
    </p>
   </div>
   <div class='ocr_carea' id='block_1_43' title="bbox 1813 1661 3390 1734">
    <p class='ocr_par' dir='ltr' id='par_1_43' title="bbox 1813 1661 3390 1734">
     <span class='ocr_line' id='line_1_43' title="bbox 1813 1661 3390 1734; baseline 0.002 -18"><span class='ocrx_word' id='word_1_333' title='bbox 1813 1663 1951 1734; x_wconf 79' lang='lat' dir='ltr'><strong>gelio</strong></span> <span class='ocrx_word' id='word_1_334' title='bbox 1998 1678 2095 1732; x_wconf 88' lang='lat' dir='ltr'><strong>per</strong></span> <span class='ocrx_word' id='word_1_335' title='bbox 2134 1677 2328 1717; x_wconf 87' lang='lat' dir='ltr'><strong>omnes</strong></span> <span class='ocrx_word' id='word_1_336' title='bbox 2379 1661 2654 1718; x_wconf 86' lang='lat' dir='ltr'><strong>Ecclesias</strong></span> <span class='ocrx_word' id='word_1_337' title='bbox 2688 1681 2702 1717; x_wconf 89' lang='lat'>:</span> <span class='ocrx_word' id='word_1_338' title='bbox 2741 1671 2803 1717; x_wconf 38' lang='lat' dir='ltr'><strong>et’</strong></span> <span class='ocrx_word' id='word_1_339' title='bbox 2846 1677 2972 1718; x_wconf 87' lang='lat' dir='ltr'><strong>cmn</strong></span> <span class='ocrx_word' id='word_1_340' title='bbox 3004 1663 3139 1717; x_wconf 85' lang='lat' dir='ltr'><strong>dicit</strong></span> <span class='ocrx_word' id='word_1_341' title='bbox 3174 1679 3188 1717; x_wconf 89' lang='lat'><strong>:</strong></span> <span class='ocrx_word' id='word_1_342' title='bbox 3224 1663 3390 1719; x_wconf 67' lang='lat' dir='ltr'><strong>Visus</strong></span> 
     </span>
    </p>
   </div>
   <div class='ocr_carea' id='block_1_44' title="bbox 1812 1753 3387 1823">
    <p class='ocr_par' dir='ltr' id='par_1_44' title="bbox 1812 1753 3387 1823">
     <span class='ocr_line' id='line_1_44' title="bbox 1812 1753 3387 1823; baseline -0.001 -14"><span class='ocrx_word' id='word_1_343' title='bbox 1812 1763 1892 1809; x_wconf 91' lang='lat' dir='ltr'><strong>est</strong></span> <span class='ocrx_word' id='word_1_344' title='bbox 1927 1753 2140 1823; x_wconf 57' lang='lat' dir='ltr'><strong>Cephar,</strong></span> <span class='ocrx_word' id='word_1_345' title='bbox 2189 1753 2387 1810; x_wconf 88' lang='lat' dir='ltr'><strong>deinde</strong></span> <span class='ocrx_word' id='word_1_346' title='bbox 2447 1753 2555 1809; x_wconf 90' lang='lat' dir='ltr'><strong>illis</strong></span> <span class='ocrx_word' id='word_1_347' title='bbox 2605 1753 2894 1809; x_wconf 78' lang='lat' dir='ltr'><strong>dnodecim</strong></span> <span class='ocrx_word' id='word_1_348' title='bbox 2931 1771 2946 1808; x_wconf 88' lang='lat'><strong>:</strong></span> <span class='ocrx_word' id='word_1_349' title='bbox 2979 1762 3034 1808; x_wconf 92' lang='lat' dir='ltr'><strong>et</strong></span> <span class='ocrx_word' id='word_1_350' title='bbox 3086 1755 3387 1810; x_wconf 88' lang='lat' dir='ltr'><strong>secundmu</strong></span> 
     </span>
    </p>
   </div>
   <div class='ocr_carea' id='block_1_45' title="bbox 1816 1843 3393 1917">
    <p class='ocr_par' dir='ltr' id='par_1_45' title="bbox 1816 1843 3393 1917">
     <span class='ocr_line' id='line_1_45' title="bbox 1816 1843 3393 1917; baseline 0.003 -19"><span class='ocrx_word' id='word_1_351' title='bbox 1816 1843 2164 1916; x_wconf 78' lang='lat' dir='ltr'><strong>Evangelium</strong></span> <span class='ocrx_word' id='word_1_352' title='bbox 2197 1845 2341 1914; x_wconf 90' lang='lat' dir='ltr'><strong>quod</strong></span> <span class='ocrx_word' id='word_1_353' title='bbox 2409 1845 2730 1915; x_wconf 82' lang='lat' dir='ltr'><strong>accepistis,</strong></span> <span class='ocrx_word' id='word_1_354' title='bbox 2769 1845 2934 1916; x_wconf 84' lang='lat' dir='ltr'><strong>hujus</strong></span> <span class='ocrx_word' id='word_1_355' title='bbox 2967 1846 3100 1902; x_wconf 88' lang='lat' dir='ltr'><strong>dicit</strong></span> <span class='ocrx_word' id='word_1_356' title='bbox 3147 1847 3393 1917; x_wconf 83' lang='lat' dir='ltr'><strong>Evange-</strong></span> 
     </span>
    </p>
   </div>
   <div class='ocr_carea' id='block_1_46' title="bbox 1815 1938 3389 2009">
    <p class='ocr_par' dir='ltr' id='par_1_46' title="bbox 1815 1938 3389 2009">
     <span class='ocr_line' id='line_1_46' title="bbox 1815 1938 3389 2009; baseline 0 -17"><span class='ocrx_word' id='word_1_357' title='bbox 1815 1939 1969 1993; x_wconf 92' lang='lat' dir='ltr'><strong>lium.</strong></span> <span class='ocrx_word' id='word_1_358' title='bbox 2003 1938 2192 2009; x_wconf 82' lang='lat' dir='ltr'><strong>itaque</strong></span> <span class='ocrx_word' id='word_1_359' title='bbox 2226 1952 2384 1992; x_wconf 90' lang='lat' dir='ltr'><strong>nemo</strong></span> <span class='ocrx_word' id='word_1_360' title='bbox 2408 1938 2692 2002; x_wconf 78' lang='lat' dir='ltr'><strong>erraverit,</strong></span> <span class='ocrx_word' id='word_1_361' title='bbox 2731 1939 2877 1994; x_wconf 92' lang='lat' dir='ltr'><strong>hunc</strong></span> <span class='ocrx_word' id='word_1_362' title='bbox 2929 1939 3389 1994; x_wconf 84' lang='lat' dir='ltr'><strong>commentarium</strong></span> 
     </span>
    </p>
   </div>
   <div class='ocr_carea' id='block_1_47' title="bbox 1815 2028 3394 2100">
    <p class='ocr_par' dir='ltr' id='par_1_47' title="bbox 1815 2028 3394 2100">
     <span class='ocr_line' id='line_1_47' title="bbox 1815 2028 3394 2100; baseline 0.002 -16"><span class='ocrx_word' id='word_1_363' title='bbox 1815 2030 1942 2084; x_wconf 84' lang='lat' dir='ltr'><strong>huic</strong></span> <span class='ocrx_word' id='word_1_364' title='bbox 1971 2037 2253 2100; x_wconf 91' lang='lat' dir='ltr'><strong>acceptum</strong></span> <span class='ocrx_word' id='word_1_365' title='bbox 2316 2028 2546 2085; x_wconf 88' lang='lat' dir='ltr'><strong>ferens:</strong></span> <span class='ocrx_word' id='word_1_366' title='bbox 2590 2044 2716 2086; x_wconf 88' lang='lat' dir='ltr'><strong>cum</strong></span> <span class='ocrx_word' id='word_1_367' title='bbox 2769 2039 2972 2096; x_wconf 88' lang='lat' dir='ltr'><strong>autem,</strong></span> <span class='ocrx_word' id='word_1_368' title='bbox 3041 2031 3192 2098; x_wconf 84' lang='lat' dir='ltr'><strong>huic,</strong></span> <span class='ocrx_word' id='word_1_369' title='bbox 3241 2031 3394 2096; x_wconf 86' lang='lat' dir='ltr'><strong>dico,</strong></span> 
     </span>
    </p>
   </div>
   <div class='ocr_carea' id='block_1_48' title="bbox 1811 2122 2203 2178">
    <p class='ocr_par' dir='ltr' id='par_1_48' title="bbox 1811 2122 2203 2178">
     <span class='ocr_line' id='line_1_48' title="bbox 1811 2122 2203 2178; baseline -0.003 0"><span class='ocrx_word' id='word_1_370' title='bbox 1811 2122 2034 2178; x_wconf 87' lang='lat' dir='ltr'><strong>Christo</strong></span> <span class='ocrx_word' id='word_1_371' title='bbox 2057 2122 2203 2178; x_wconf 90' lang='lat' dir='ltr'><strong>dico.</strong></span> 
     </span>
    </p>
   </div>
   <div class='ocr_carea' id='block_1_49' title="bbox 1884 2214 3392 2285">
    <p class='ocr_par' dir='ltr' id='par_1_49' title="bbox 1884 2214 3392 2285">
     <span class='ocr_line' id='line_1_49' title="bbox 1884 2214 3392 2285; baseline 0.001 -16"><span class='ocrx_word' id='word_1_372' title='bbox 1884 2214 2039 2282; x_wconf 84' lang='lat' dir='ltr'><strong>Quod</strong></span> <span class='ocrx_word' id='word_1_373' title='bbox 2079 2215 2124 2270; x_wconf 91' lang='lat' dir='ltr'><strong>si</strong></span> <span class='ocrx_word' id='word_1_374' title='bbox 2169 2215 2294 2285; x_wconf 89' lang='lat' dir='ltr'><strong>quis</strong></span> <span class='ocrx_word' id='word_1_375' title='bbox 2325 2215 2470 2271; x_wconf 91' lang='lat' dir='ltr'><strong>dicat</strong></span> <span class='ocrx_word' id='word_1_376' title='bbox 2499 2232 2514 2272; x_wconf 86' lang='lat'><strong>:</strong></span> <span class='ocrx_word' id='word_1_377' title='bbox 2548 2216 2614 2271; x_wconf 86' lang='lat' dir='ltr'><strong>Et</strong></span> <span class='ocrx_word' id='word_1_378' title='bbox 2650 2231 2749 2272; x_wconf 91' lang='lat' dir='ltr'><strong>cur</strong></span> <span class='ocrx_word' id='word_1_379' title='bbox 2796 2216 3016 2272; x_wconf 84' lang='lat' dir='ltr'><strong>tandem</strong></span> <span class='ocrx_word' id='word_1_380' title='bbox 3076 2231 3183 2271; x_wconf 92' lang='lat' dir='ltr'><strong>non</strong></span> <span class='ocrx_word' id='word_1_381' title='bbox 3208 2216 3392 2270; x_wconf 80' lang='lat' dir='ltr'><strong>omnia</strong></span> 
     </span>
    </p>
   </div>
   <div class='ocr_carea' id='block_1_50' title="bbox 1813 2306 3388 2380">
    <p class='ocr_par' dir='ltr' id='par_1_50' title="bbox 1813 2306 3388 2380">
     <span class='ocr_line' id='line_1_50' title="bbox 1813 2306 3388 2380; baseline -0.002 -17"><span class='ocrx_word' id='word_1_382' title='bbox 1813 2307 2008 2364; x_wconf 81' lang='lat' dir='ltr'><strong>litteris</strong></span> <span class='ocrx_word' id='word_1_383' title='bbox 2033 2306 2329 2373; x_wconf 85' lang='lat' dir='ltr'><strong>mandavit,</strong></span> <span class='ocrx_word' id='word_1_384' title='bbox 2343 2323 2468 2363; x_wconf 88' lang='lat' dir='ltr'><strong>cum</strong></span> <span class='ocrx_word' id='word_1_385' title='bbox 2497 2324 2667 2380; x_wconf 89' lang='lat' dir='ltr'><strong>usque</strong></span> <span class='ocrx_word' id='word_1_386' title='bbox 2684 2309 2749 2364; x_wconf 87' lang='lat' dir='ltr'><strong>ad</strong></span> <span class='ocrx_word' id='word_1_387' title='bbox 2780 2308 2938 2364; x_wconf 83' lang='lat' dir='ltr'><strong>ﬁnem</strong></span> <span class='ocrx_word' id='word_1_388' title='bbox 2963 2317 3109 2364; x_wconf 88' lang='lat' dir='ltr'><strong>esset</strong></span> <span class='ocrx_word' id='word_1_389' title='bbox 3134 2324 3242 2363; x_wconf 85' lang='lat' dir='ltr'><strong>una</strong></span> <span class='ocrx_word' id='word_1_390' title='bbox 3265 2321 3388 2361; x_wconf 77' lang='lat' dir='ltr'><strong>cum</strong></span> 
     </span>
    </p>
   </div>
   <div class='ocr_carea' id='block_1_51' title="bbox 1817 2397 3392 2472">
    <p class='ocr_par' dir='ltr' id='par_1_51' title="bbox 1817 2397 3392 2472">
     <span class='ocr_line' id='line_1_51' title="bbox 1817 2397 3392 2472; baseline 0.001 -18"><span class='ocrx_word' id='word_1_391' title='bbox 1817 2401 2106 2456; x_wconf 69' lang='lat' dir='ltr'><strong>illoihuic</strong></span> <span class='ocrx_word' id='word_1_392' title='bbox 2155 2399 2559 2472; x_wconf 85' lang='lat' dir='ltr'><strong>responderim,</strong></span> <span class='ocrx_word' id='word_1_393' title='bbox 2601 2402 2746 2471; x_wconf 90' lang='lat' dir='ltr'><strong>quod</strong></span> <span class='ocrx_word' id='word_1_394' title='bbox 2777 2401 2939 2457; x_wconf 90' lang='lat' dir='ltr'><strong>etiam</strong></span> <span class='ocrx_word' id='word_1_395' title='bbox 3011 2401 3127 2455; x_wconf 85' lang='lat' dir='ltr'><strong>haec</strong></span> <span class='ocrx_word' id='word_1_396' title='bbox 3174 2397 3392 2455; x_wconf 83' lang='lat' dir='ltr'><strong>abunde</strong></span> 
     </span>
    </p>
   </div>
   <div class='ocr_carea' id='block_1_52' title="bbox 1816 2491 3389 2564">
    <p class='ocr_par' dir='ltr' id='par_1_52' title="bbox 1816 2491 3389 2564">
     <span class='ocr_line' id='line_1_52' title="bbox 1816 2491 3389 2564; baseline -0.001 -16"><span class='ocrx_word' id='word_1_397' title='bbox 1816 2493 1953 2548; x_wconf 88' lang='lat' dir='ltr'><strong>satis</strong></span> <span class='ocrx_word' id='word_1_398' title='bbox 1983 2493 2154 2548; x_wconf 89' lang='lat' dir='ltr'><strong>multa</strong></span> <span class='ocrx_word' id='word_1_399' title='bbox 2183 2493 2295 2550; x_wconf 90' lang='lat' dir='ltr'><strong>sint</strong></span> <span class='ocrx_word' id='word_1_400' title='bbox 2323 2494 2414 2560; x_wconf 91' lang='lat' dir='ltr'><strong>iis,</strong></span> <span class='ocrx_word' id='word_1_401' title='bbox 2443 2497 2535 2564; x_wconf 89' lang='lat' dir='ltr'><strong>qui</strong></span> <span class='ocrx_word' id='word_1_402' title='bbox 2571 2494 2860 2550; x_wconf 85' lang='lat' dir='ltr'><strong>attendere</strong></span> <span class='ocrx_word' id='word_1_403' title='bbox 2904 2491 3077 2550; x_wconf 85' lang='lat' dir='ltr'><strong>velint</strong></span> <span class='ocrx_word' id='word_1_404' title='bbox 3113 2511 3124 2547; x_wconf 89' lang='lat'>:</span> <span class='ocrx_word' id='word_1_405' title='bbox 3167 2503 3222 2548; x_wconf 90' lang='lat' dir='ltr'><strong>et</strong></span> <span class='ocrx_word' id='word_1_406' title='bbox 3245 2493 3389 2563; x_wconf 89' lang='lat' dir='ltr'><strong>quod</strong></span> 
     </span>
    </p>
   </div>
   <div class='ocr_carea' id='block_1_53' title="bbox 1816 2583 3391 2655">
    <p class='ocr_par' dir='ltr' id='par_1_53' title="bbox 1816 2583 3391 2655">
     <span class='ocr_line' id='line_1_53' title="bbox 1816 2583 3391 2655; baseline -0.003 -14"><span class='ocrx_word' id='word_1_407' title='bbox 1816 2583 1884 2641; x_wconf 90' lang='lat' dir='ltr'><strong>ad</strong></span> <span class='ocrx_word' id='word_1_408' title='bbox 1923 2600 2006 2651; x_wconf 89' lang='lat' dir='ltr'><strong>ea,</strong></span> <span class='ocrx_word' id='word_1_409' title='bbox 2035 2598 2157 2655; x_wconf 70' lang='lat' dir='ltr'><strong>qua:</strong></span> <span class='ocrx_word' id='word_1_410' title='bbox 2191 2584 2480 2654; x_wconf 84' lang='lat' dir='ltr'><strong>urgebant,</strong></span> <span class='ocrx_word' id='word_1_411' title='bbox 2513 2599 2728 2654; x_wconf 85' lang='lat' dir='ltr'><strong>semper</strong></span> <span class='ocrx_word' id='word_1_412' title='bbox 2786 2585 3153 2639; x_wconf 87' lang='lat' dir='ltr'><strong>consisterent</strong></span> <span class='ocrx_word' id='word_1_413' title='bbox 3195 2600 3210 2637; x_wconf 88' lang='lat'>:</span> <span class='ocrx_word' id='word_1_414' title='bbox 3243 2583 3391 2652; x_wconf 90' lang='lat' dir='ltr'><strong>quod</strong></span> 
     </span>
    </p>
   </div>
   <div class='ocr_carea' id='block_1_54' title="bbox 1818 2674 3390 2744">
    <p class='ocr_par' dir='ltr' id='par_1_54' title="bbox 1818 2674 3390 2744">
     <span class='ocr_line' id='line_1_54' title="bbox 1818 2674 3390 2744; baseline -0.004 -12"><span class='ocrx_word' id='word_1_415' title='bbox 1818 2678 2009 2744; x_wconf 59' lang='lat' dir='ltr'><strong>nonin</strong></span> <span class='ocrx_word' id='word_1_416' title='bbox 2036 2677 2192 2732; x_wconf 88' lang='lat' dir='ltr'><strong>libris</strong></span> <span class='ocrx_word' id='word_1_417' title='bbox 2221 2674 2531 2732; x_wconf 85' lang='lat' dir='ltr'><strong>scribendis</strong></span> <span class='ocrx_word' id='word_1_418' title='bbox 2559 2674 2805 2730; x_wconf 86' lang='lat' dir='ltr'><strong>studium</strong></span> <span class='ocrx_word' id='word_1_419' title='bbox 2839 2691 3000 2729; x_wconf 89' lang='lat' dir='ltr'><strong>suum</strong></span> <span class='ocrx_word' id='word_1_420' title='bbox 3037 2674 3390 2740; x_wconf 87' lang='lat' dir='ltr'><strong>collocarent,</strong></span> 
     </span>
    </p>
   </div>
   <div class='ocr_carea' id='block_1_55' title="bbox 1818 2766 3394 2837">
    <p class='ocr_par' dir='ltr' id='par_1_55' title="bbox 1818 2766 3394 2837">
     <span class='ocr_line' id='line_1_55' title="bbox 1818 2766 3394 2837; baseline -0.003 -13"><span class='ocrx_word' id='word_1_421' title='bbox 1818 2785 1942 2824; x_wconf 90' lang='lat' dir='ltr'><strong>nam</strong></span> <span class='ocrx_word' id='word_1_422' title='bbox 1981 2769 2152 2824; x_wconf 88' lang='lat' dir='ltr'><strong>multa</strong></span> <span class='ocrx_word' id='word_1_423' title='bbox 2238 2769 2403 2824; x_wconf 89' lang='lat' dir='ltr'><strong>etiam</strong></span> <span class='ocrx_word' id='word_1_424' title='bbox 2434 2767 2556 2822; x_wconf 84' lang='lat' dir='ltr'><strong>viva</strong></span> <span class='ocrx_word' id='word_1_425' title='bbox 2600 2781 2752 2831; x_wconf 85' lang='lat' dir='ltr'><strong>voce,</strong></span> <span class='ocrx_word' id='word_1_426' title='bbox 2782 2782 2903 2837; x_wconf 71' lang='lat' dir='ltr'><strong>qua:</strong></span> <span class='ocrx_word' id='word_1_427' title='bbox 2927 2766 3132 2836; x_wconf 89' lang='lat' dir='ltr'><strong>scripta</strong></span> <span class='ocrx_word' id='word_1_428' title='bbox 3156 2780 3264 2820; x_wconf 91' lang='lat' dir='ltr'><strong>non</strong></span> <span class='ocrx_word' id='word_1_429' title='bbox 3298 2781 3394 2821; x_wconf 86' lang='lat' dir='ltr'><strong>ex-</strong></span> 
     </span>
    </p>
   </div>
   <div class='ocr_carea' id='block_1_56' title="bbox 1819 2855 3394 2930">
    <p class='ocr_par' dir='ltr' id='par_1_56' title="bbox 1819 2855 3394 2930">
     <span class='ocr_line' id='line_1_56' title="bbox 1819 2855 3394 2930; baseline -0.004 -13"><span class='ocrx_word' id='word_1_430' title='bbox 1819 2869 1986 2926; x_wconf 86' lang='lat' dir='ltr'><strong>stant,</strong></span> <span class='ocrx_word' id='word_1_431' title='bbox 2010 2860 2317 2916; x_wconf 87' lang='lat' dir='ltr'><strong>tradebant.</strong></span> <span class='ocrx_word' id='word_1_432' title='bbox 2347 2860 2526 2930; x_wconf 84' lang='lat' dir='ltr'><strong>Atque</strong></span> <span class='ocrx_word' id='word_1_433' title='bbox 2555 2872 2677 2913; x_wconf 90' lang='lat' dir='ltr'><strong>cum</strong></span> <span class='ocrx_word' id='word_1_434' title='bbox 2706 2857 2887 2914; x_wconf 85' lang='lat' dir='ltr'><strong>omnia</strong></span> <span class='ocrx_word' id='word_1_435' title='bbox 2927 2856 3170 2928; x_wconf 77' lang='lat' dir='ltr'><strong>quidem,</strong></span> <span class='ocrx_word' id='word_1_436' title='bbox 3201 2855 3394 2927; x_wconf 69' lang='lat' dir='ltr'><strong>quaain</strong></span> 
     </span>
    </p>
   </div>
   <div class='ocr_carea' id='block_1_57' title="bbox 1819 2950 3393 3021">
    <p class='ocr_par' dir='ltr' id='par_1_57' title="bbox 1819 2950 3393 3021">
     <span class='ocr_line' id='line_1_57' title="bbox 1819 2950 3393 3021; baseline -0.003 -11"><span class='ocrx_word' id='word_1_437' title='bbox 1819 2957 1923 3012; x_wconf 93' lang='lat' dir='ltr'><strong>hoc</strong></span> <span class='ocrx_word' id='word_1_438' title='bbox 1981 2955 2120 3010; x_wconf 89' lang='lat' dir='ltr'><strong>libro</strong></span> <span class='ocrx_word' id='word_1_439' title='bbox 2167 2954 2543 3016; x_wconf 89' lang='lat' dir='ltr'><strong>continentur,</strong></span> <span class='ocrx_word' id='word_1_440' title='bbox 2591 2950 2955 3006; x_wconf 88' lang='lat' dir='ltr'><strong>admiratione</strong></span> <span class='ocrx_word' id='word_1_441' title='bbox 3001 2951 3160 3021; x_wconf 85' lang='lat' dir='ltr'><strong>digna</strong></span> <span class='ocrx_word' id='word_1_442' title='bbox 3218 2959 3393 3005; x_wconf 89' lang='lat' dir='ltr'><strong>sunt:</strong></span> 
     </span>
    </p>
   </div>
   <div class='ocr_carea' id='block_1_58' title="bbox 1818 3039 3396 3114">
    <p class='ocr_par' dir='ltr' id='par_1_58' title="bbox 1818 3039 3396 3114">
     <span class='ocr_line' id='line_1_58' title="bbox 1818 3039 3396 3114; baseline -0.004 -14"><span class='ocrx_word' id='word_1_443' title='bbox 1818 3057 1931 3102; x_wconf 91' lang='lat' dir='ltr'><strong>tum</strong></span> <span class='ocrx_word' id='word_1_444' title='bbox 1963 3061 2094 3101; x_wconf 85' lang='lat' dir='ltr'><strong>vero</strong></span> <span class='ocrx_word' id='word_1_445' title='bbox 2125 3045 2360 3099; x_wconf 77' lang='lat' dir='ltr'><strong>maxime</strong></span> <span class='ocrx_word' id='word_1_446' title='bbox 2399 3042 2770 3114; x_wconf 85' lang='lat' dir='ltr'><strong>apostolorum</strong></span> <span class='ocrx_word' id='word_1_447' title='bbox 2843 3041 3282 3108; x_wconf 78' lang='grc' dir='ltr'>συγκατάὁασις,</span> <span class='ocrx_word' id='word_1_448' title='bbox 3341 3039 3396 3094; x_wconf 92' lang='lat' dir='ltr'><strong>id</strong></span> 
     </span>
    </p>
   </div>
   <div class='ocr_carea' id='block_1_59' title="bbox 1819 3133 3400 3206">
    <p class='ocr_par' dir='ltr' id='par_1_59' title="bbox 1819 3133 3400 3206">
     <span class='ocr_line' id='line_1_59' title="bbox 1819 3133 3400 3206; baseline -0.003 -16"><span class='ocrx_word' id='word_1_449' title='bbox 1819 3147 1921 3201; x_wconf 82' lang='lat' dir='ltr'><strong>est,</strong></span> <span class='ocrx_word' id='word_1_450' title='bbox 1953 3151 2016 3194; x_wconf 89' lang='lat' dir='ltr'><strong>ea</strong></span> <span class='ocrx_word' id='word_1_451' title='bbox 2046 3137 2243 3203; x_wconf 88' lang='lat' dir='ltr'><strong>virtus,</strong></span> <span class='ocrx_word' id='word_1_452' title='bbox 2285 3151 2392 3206; x_wconf 90' lang='lat' dir='ltr'><strong>qua</strong></span> <span class='ocrx_word' id='word_1_453' title='bbox 2438 3150 2498 3192; x_wconf 91' lang='lat' dir='ltr'><strong>se</strong></span> <span class='ocrx_word' id='word_1_454' title='bbox 2531 3133 3021 3190; x_wconf 88' lang='lat' dir='ltr'><strong>accommodabant</strong></span> <span class='ocrx_word' id='word_1_455' title='bbox 3053 3133 3120 3188; x_wconf 89' lang='lat' dir='ltr'><strong>ad</strong></span> <span class='ocrx_word' id='word_1_456' title='bbox 3154 3142 3400 3203; x_wconf 90' lang='lat' dir='ltr'><strong>tempora</strong></span> 
     </span>
    </p>
   </div>
   <div class='ocr_carea' id='block_1_60' title="bbox 166 3225 1716 3307">
    <p class='ocr_par' dir='ltr' id='par_1_60' title="bbox 166 3225 1716 3307">
     <span class='ocr_line' id='line_1_60' title="bbox 166 3225 1716 3307; baseline 0.008 -30"><span class='ocrx_word' id='word_1_457' title='bbox 166 3242 272 3290; x_wconf 86' lang='grc' dir='ltr'>τες,</span> <span class='ocrx_word' id='word_1_458' title='bbox 299 3225 448 3295; x_wconf 83' lang='grc' dir='ltr'>ὀλίγα</span> <span class='ocrx_word' id='word_1_459' title='bbox 475 3228 606 3300; x_wconf 73' lang='grc' dir='ltr'>περὶ</span> <span class='ocrx_word' id='word_1_460' title='bbox 641 3231 738 3301; x_wconf 84' lang='grc' dir='ltr'>τῆς</span> <span class='ocrx_word' id='word_1_461' title='bbox 781 3231 1036 3303; x_wconf 83' lang='grc' dir='ltr'>θεότητος</span> <span class='ocrx_word' id='word_1_462' title='bbox 1087 3234 1252 3288; x_wconf 79' lang='grc' dir='ltr'>αὐτοῦ</span> <span class='ocrx_word' id='word_1_463' title='bbox 1307 3237 1587 3307; x_wconf 81' lang='grc' dir='ltr'>εἰρήκασι.</span> <span class='ocrx_word' id='word_1_464' title='bbox 1637 3237 1716 3290; x_wconf 85' lang='grc' dir='ltr'><strong>Τὰ</strong></span> 
     </span>
    </p>
   </div>
   <div class='ocr_carea' id='block_1_61' title="bbox 1822 3225 3400 3307">
    <p class='ocr_par' dir='ltr' id='par_1_61' title="bbox 1827 3225 3400 3300">
     <span class='ocr_line' id='line_1_61' title="bbox 1827 3225 3400 3300; baseline -0.003 -18"><span class='ocrx_word' id='word_1_465' title='bbox 1827 3236 1993 3300; x_wconf 90' lang='lat' dir='ltr'><strong>atque</strong></span> <span class='ocrx_word' id='word_1_466' title='bbox 2013 3244 2307 3299; x_wconf 86' lang='lat' dir='ltr'><strong>personas,</strong></span> <span class='ocrx_word' id='word_1_467' title='bbox 2335 3238 2386 3283; x_wconf 92' lang='lat' dir='ltr'><strong>et</strong></span> <span class='ocrx_word' id='word_1_468' title='bbox 2429 3227 2588 3298; x_wconf 90' lang='lat' dir='ltr'><strong>quasi</strong></span> <span class='ocrx_word' id='word_1_469' title='bbox 2619 3241 2724 3281; x_wconf 90' lang='lat' dir='ltr'><strong>una</strong></span> <span class='ocrx_word' id='word_1_470' title='bbox 2755 3241 2881 3282; x_wconf 89' lang='lat' dir='ltr'><strong>cum</strong></span> <span class='ocrx_word' id='word_1_471' title='bbox 2922 3226 3031 3280; x_wconf 81' lang='lat' dir='ltr'><strong>illis</strong></span> <span class='ocrx_word' id='word_1_472' title='bbox 3062 3225 3400 3279; x_wconf 81' lang='lat' dir='ltr'><strong>condescen—</strong></span> 
     </span>
    </p>
   </div>
   <div class='ocr_carea' id='block_1_62' title="bbox 167 3317 1717 3398">
    <p class='ocr_par' dir='ltr' id='par_1_62' title="bbox 167 3317 1717 3398">
     <span class='ocr_line' id='line_1_62' title="bbox 167 3317 1717 3398; baseline 0.008 -28"><span class='ocrx_word' id='word_1_473' title='bbox 167 3317 217 3370; x_wconf 79' lang='grc' dir='ltr'>δὲ</span> <span class='ocrx_word' id='word_1_474' title='bbox 276 3317 464 3374; x_wconf 84' lang='grc' dir='ltr'>πλέονα</span> <span class='ocrx_word' id='word_1_475' title='bbox 513 3322 646 3391; x_wconf 65' lang='grc' dir='ltr'><strong>περλ⁵</strong></span> <span class='ocrx_word' id='word_1_476' title='bbox 694 3323 793 3394; x_wconf 82' lang='grc' dir='ltr'>τῆς</span> <span class='ocrx_word' id='word_1_477' title='bbox 844 3324 1324 3397; x_wconf 81' lang='grc' dir='ltr'>ὲνανθρωπότητος</span> <span class='ocrx_word' id='word_1_478' title='bbox 1381 3328 1717 3398; x_wconf 84' lang='grc' dir='ltr'>διελέγοντο,</span> 
     </span>
    </p>
   </div>
   <div class='ocr_carea' id='block_1_63' title="bbox 169 3411 1723 3492">
    <p class='ocr_par' dir='ltr' id='par_1_63' title="bbox 169 3411 1723 3492">
     <span class='ocr_line' id='line_1_63' title="bbox 169 3411 1723 3492; baseline 0.007 -29"><span class='ocrx_word' id='word_1_479' title='bbox 169 3413 259 3464; x_wconf 76' lang='grc' dir='ltr'>καὶ</span> <span class='ocrx_word' id='word_1_480' title='bbox 280 3411 366 3465; x_wconf 79' lang='grc' dir='ltr'><strong>τοῦ</strong></span> <span class='ocrx_word' id='word_1_481' title='bbox 402 3414 629 3478; x_wconf 86' lang='grc' dir='ltr'>πάθους,</span> <span class='ocrx_word' id='word_1_482' title='bbox 662 3417 758 3470; x_wconf 80' lang='grc' dir='ltr'>καὶ</span> <span class='ocrx_word' id='word_1_483' title='bbox 786 3417 886 3487; x_wconf 85' lang='grc' dir='ltr'>τῆς</span> <span class='ocrx_word' id='word_1_484' title='bbox 917 3419 1302 3485; x_wconf 77' lang='grc' dir='ltr'>ἀναστάσεως,</span> <span class='ocrx_word' id='word_1_485' title='bbox 1336 3423 1430 3475; x_wconf 68' lang='grc' dir='ltr'>καὶ</span> <span class='ocrx_word' id='word_1_486' title='bbox 1462 3423 1560 3492; x_wconf 84' lang='grc' dir='ltr'>τῆς</span> <span class='ocrx_word' id='word_1_487' title='bbox 1597 3424 1723 3474; x_wconf 85' lang='grc' dir='ltr'>ἀνα-</span> 
     </span>
    </p>
   </div>
   <div class='ocr_carea' id='block_1_64' title="bbox 169 3503 1723 3585">
    <p class='ocr_par' dir='ltr' id='par_1_64' title="bbox 169 3503 1723 3585">
     <span class='ocr_line' id='line_1_64' title="bbox 169 3503 1723 3585; baseline 0.008 -31"><span class='ocrx_word' id='word_1_488' title='bbox 169 3503 386 3568; x_wconf 76' lang='grc' dir='ltr'>ϐάσεως.</span> <span class='ocrx_word' id='word_1_489' title='bbox 423 3506 497 3559; x_wconf 82' lang='grc' dir='ltr'><strong>Τὸ</strong></span> <span class='ocrx_word' id='word_1_490' title='bbox 536 3507 646 3578; x_wconf 82' lang='grc' dir='ltr'>γὰρ</span> <span class='ocrx_word' id='word_1_491' title='bbox 700 3507 1034 3580; x_wconf 85' lang='grc' dir='ltr'>ζητούμενον</span> <span class='ocrx_word' id='word_1_492' title='bbox 1100 3513 1259 3577; x_wconf 85' lang='grc' dir='ltr'>τέως,</span> <span class='ocrx_word' id='word_1_493' title='bbox 1307 3512 1468 3567; x_wconf 81' lang='grc' dir='ltr'>τοῦτο</span> <span class='ocrx_word' id='word_1_494' title='bbox 1523 3509 1613 3585; x_wconf 85' lang='grc' dir='ltr'>ἦν,</span> <span class='ocrx_word' id='word_1_495' title='bbox 1663 3513 1723 3566; x_wconf 82' lang='grc' dir='ltr'>τὸ</span> 
     </span>
    </p>
   </div>
   <div class='ocr_carea' id='block_1_65' title="bbox 171 3596 1719 3675">
    <p class='ocr_par' dir='ltr' id='par_1_65' title="bbox 171 3596 1719 3675">
     <span class='ocr_line' id='line_1_65' title="bbox 171 3596 1719 3675; baseline 0.008 -29"><span class='ocrx_word' id='word_1_496' title='bbox 171 3596 514 3666; x_wconf 82' lang='grc' dir='ltr'>πιστευθῆναι</span> <span class='ocrx_word' id='word_1_497' title='bbox 559 3599 644 3652; x_wconf 80' lang='grc' dir='ltr'>ὃτι</span> <span class='ocrx_word' id='word_1_498' title='bbox 675 3601 898 3671; x_wconf 83' lang='grc' dir='ltr'>ἀνέστη,</span> <span class='ocrx_word' id='word_1_499' title='bbox 929 3605 1024 3657; x_wconf 73' lang='grc' dir='ltr'>καὶ</span> <span class='ocrx_word' id='word_1_500' title='bbox 1067 3603 1236 3674; x_wconf 78' lang='grc' dir='ltr'>ἀνέϐη</span> <span class='ocrx_word' id='word_1_501' title='bbox 1269 3605 1349 3668; x_wconf 81' lang='grc' dir='ltr'><strong>είς</strong></span> <span class='ocrx_word' id='word_1_502' title='bbox 1385 3606 1514 3669; x_wconf 79' lang='grc' dir='ltr'>τοὺς</span> <span class='ocrx_word' id='word_1_503' title='bbox 1551 3605 1719 3675; x_wconf 79' lang='grc' dir='ltr'>οὐρα-</span> 
     </span>
    </p>
   </div>
   <div class='ocr_carea' id='block_1_66' title="bbox 171 3686 1722 3765">
    <p class='ocr_par' dir='ltr' id='par_1_66' title="bbox 171 3686 1722 3765">
     <span class='ocr_line' id='line_1_66' title="bbox 171 3686 1722 3765; baseline 0.007 -26"><span class='ocrx_word' id='word_1_504' title='bbox 171 3687 306 3751; x_wconf 81' lang='grc' dir='ltr'><strong>νοῦς.</strong></span> <span class='ocrx_word' id='word_1_505' title='bbox 332 3688 541 3760; x_wconf 84' lang='grc' dir='ltr'>Ὠσπερ</span> <span class='ocrx_word' id='word_1_506' title='bbox 569 3686 663 3743; x_wconf 81' lang='grc' dir='ltr'><strong>οὖν</strong></span> <span class='ocrx_word' id='word_1_507' title='bbox 704 3691 867 3754; x_wconf 78' lang='grc' dir='ltr'>αὐτὸς</span> <span class='ocrx_word' id='word_1_508' title='bbox 903 3694 1182 3764; x_wconf 75' lang='grc' dir='ltr'>όΧριστδς</span> <span class='ocrx_word' id='word_1_509' title='bbox 1237 3695 1470 3765; x_wconf 87' lang='grc' dir='ltr'>μάλιστα</span> <span class='ocrx_word' id='word_1_510' title='bbox 1506 3696 1722 3750; x_wconf 90' lang='grc' dir='ltr'>πάντων</span> 
     </span>
    </p>
   </div>
   <div class='ocr_carea' id='block_1_67' title="bbox 173 3780 1724 3858">
    <p class='ocr_par' dir='ltr' id='par_1_67' title="bbox 173 3780 1724 3858">
     <span class='ocr_line' id='line_1_67' title="bbox 173 3780 1724 3858; baseline 0.006 -26"><span class='ocrx_word' id='word_1_511' title='bbox 173 3780 452 3846; x_wconf 72' lang='grc' dir='ltr'>ἐσπούδαζε</span> <span class='ocrx_word' id='word_1_512' title='bbox 479 3783 676 3850; x_wconf 78' lang='grc' dir='ltr'>δεῖξαι,</span> <span class='ocrx_word' id='word_1_513' title='bbox 710 3783 792 3838; x_wconf 83' lang='grc' dir='ltr'>ὅτι</span> <span class='ocrx_word' id='word_1_514' title='bbox 830 3785 982 3855; x_wconf 77' lang='grc' dir='ltr'>παρὰ</span> <span class='ocrx_word' id='word_1_515' title='bbox 1018 3785 1112 3838; x_wconf 79' lang='grc' dir='ltr'><strong>τοῦ</strong></span> <span class='ocrx_word' id='word_1_516' title='bbox 1159 3786 1372 3857; x_wconf 78' lang='grc' dir='ltr'>Πατρδς</span> <span class='ocrx_word' id='word_1_517' title='bbox 1407 3788 1560 3858; x_wconf 81' lang='grc' dir='ltr'>ἣκει,</span> <span class='ocrx_word' id='word_1_518' title='bbox 1581 3788 1724 3842; x_wconf 75' lang='grc' dir='ltr'>οὕτω</span> 
     </span>
    </p>
   </div>
   <div class='ocr_carea' id='block_1_68' title="bbox 173 3866 1717 3948">
    <p class='ocr_par' dir='ltr' id='par_1_68' title="bbox 173 3866 1717 3948">
     <span class='ocr_line' id='line_1_68' title="bbox 173 3866 1717 3948; baseline 0.006 -26"><span class='ocrx_word' id='word_1_519' title='bbox 173 3870 262 3922; x_wconf 70' lang='grc' dir='ltr'>καὶ</span> <span class='ocrx_word' id='word_1_520' title='bbox 284 3866 450 3938; x_wconf 75' lang='grc' dir='ltr'>οὗτος,</span> <span class='ocrx_word' id='word_1_521' title='bbox 502 3874 586 3927; x_wconf 83' lang='grc' dir='ltr'>ὅτι</span> <span class='ocrx_word' id='word_1_522' title='bbox 637 3875 870 3946; x_wconf 84' lang='grc' dir='ltr'>ἀνέστη,</span> <span class='ocrx_word' id='word_1_523' title='bbox 910 3876 1007 3929; x_wconf 66' lang='grc' dir='ltr'><strong>καὶ⁴</strong></span> <span class='ocrx_word' id='word_1_524' title='bbox 1045 3877 1322 3948; x_wconf 80' lang='grc' dir='ltr'>ἀνελήφθη</span> <span class='ocrx_word' id='word_1_525' title='bbox 1352 3919 1366 3944; x_wconf 90' lang='grc'><strong>,</strong></span> <span class='ocrx_word' id='word_1_526' title='bbox 1421 3878 1517 3931; x_wconf 75' lang='grc' dir='ltr'>καὶ</span> <span class='ocrx_word' id='word_1_527' title='bbox 1578 3880 1717 3948; x_wconf 85' lang='grc' dir='ltr'>πρὸς</span> 
     </span>
    </p>
   </div>
   <div class='ocr_carea' id='block_1_69' title="bbox 173 3967 1724 4048">
    <p class='ocr_par' dir='ltr' id='par_1_69' title="bbox 173 3967 1724 4048">
     <span class='ocr_line' id='line_1_69' title="bbox 173 3967 1724 4048; baseline 0.01 -30"><span class='ocrx_word' id='word_1_528' title='bbox 173 3967 320 4020; x_wconf 73' lang='grc' dir='ltr'>αὑτὸν</span> <span class='ocrx_word' id='word_1_529' title='bbox 350 3968 585 4040; x_wconf 83' lang='grc' dir='ltr'>ἀπῆλθε,</span> <span class='ocrx_word' id='word_1_530' title='bbox 620 3971 712 4024; x_wconf 75' lang='grc' dir='ltr'>καὶ</span> <span class='ocrx_word' id='word_1_531' title='bbox 749 3973 882 4043; x_wconf 80' lang='grc' dir='ltr'>παρ’</span> <span class='ocrx_word' id='word_1_532' title='bbox 912 3972 1079 4028; x_wconf 82' lang='grc' dir='ltr'>αὐτοῦ</span> <span class='ocrx_word' id='word_1_533' title='bbox 1118 3974 1366 4042; x_wconf 81' lang='grc' dir='ltr'>ἀφίκετο.</span> <span class='ocrx_word' id='word_1_534' title='bbox 1402 3975 1462 4028; x_wconf 81' lang='lat' dir='ltr'><strong>Ei</strong></span> <span class='ocrx_word' id='word_1_535' title='bbox 1497 3975 1608 4047; x_wconf 83' lang='grc' dir='ltr'>γὰρ</span> <span class='ocrx_word' id='word_1_536' title='bbox 1649 3977 1724 4048; x_wconf 85' lang='grc' dir='ltr'>μὴ</span> 
     </span>
    </p>
   </div>
   <div class='ocr_carea' id='block_1_70' title="bbox 173 4059 1723 4139">
    <p class='ocr_par' dir='ltr' id='par_1_70' title="bbox 173 4059 1723 4139">
     <span class='ocr_line' id='line_1_70' title="bbox 173 4059 1723 4139; baseline 0.006 -26"><span class='ocrx_word' id='word_1_537' title='bbox 173 4059 316 4115; x_wconf 72' lang='grc' dir='ltr'>τοῦτο</span> <span class='ocrx_word' id='word_1_538' title='bbox 365 4063 660 4135; x_wconf 72' lang='grc' dir='ltr'>ἐπιστεύθη</span> <span class='ocrx_word' id='word_1_539' title='bbox 733 4065 1002 4136; x_wconf 85' lang='grc' dir='ltr'>πρότερον</span> <span class='ocrx_word' id='word_1_540' title='bbox 1031 4107 1046 4131; x_wconf 94' lang='grc'><strong>,</strong></span> <span class='ocrx_word' id='word_1_541' title='bbox 1110 4066 1291 4137; x_wconf 86' lang='grc' dir='ltr'>πολλῴ</span> <span class='ocrx_word' id='word_1_542' title='bbox 1350 4069 1723 4139; x_wconf 57' lang='grc' dir='ltr'>μᾶλλονμτῆς</span> 
     </span>
    </p>
   </div>
   <div class='ocr_carea' id='block_1_71' title="bbox 175 4153 1728 4229">
    <p class='ocr_par' dir='ltr' id='par_1_71' title="bbox 175 4153 1728 4229">
     <span class='ocr_line' id='line_1_71' title="bbox 175 4153 1728 4229; baseline 0.007 -25"><span class='ocrx_word' id='word_1_543' title='bbox 175 4153 474 4226; x_wconf 81' lang='grc' dir='ltr'>προσθήκης</span> <span class='ocrx_word' id='word_1_544' title='bbox 517 4156 840 4228; x_wconf 83' lang='grc' dir='ltr'>γενομένης,</span> <span class='ocrx_word' id='word_1_545' title='bbox 874 4159 976 4229; x_wconf 80' lang='grc' dir='ltr'>τῆς</span> <span class='ocrx_word' id='word_1_546' title='bbox 1015 4159 1157 4212; x_wconf 82' lang='grc' dir='ltr'>κατὰ</span> <span class='ocrx_word' id='word_1_547' title='bbox 1185 4161 1286 4228; x_wconf 84' lang='grc' dir='ltr'>τὴν</span> <span class='ocrx_word' id='word_1_548' title='bbox 1307 4159 1604 4215; x_wconf 83' lang='grc' dir='ltr'>ἀνάστασιν</span> <span class='ocrx_word' id='word_1_549' title='bbox 1633 4161 1728 4215; x_wconf 78' lang='grc' dir='ltr'>καὶ</span> 
     </span>
    </p>
   </div>
   <div class='ocr_carea' id='block_1_72' title="bbox 172 4244 1726 4322">
    <p class='ocr_par' dir='ltr' id='par_1_72' title="bbox 172 4244 1726 4322">
     <span class='ocr_line' id='line_1_72' title="bbox 172 4244 1726 4322; baseline 0.007 -27"><span class='ocrx_word' id='word_1_550' title='bbox 172 4244 263 4315; x_wconf 81' lang='grc' dir='ltr'>τὴν</span> <span class='ocrx_word' id='word_1_551' title='bbox 278 4247 560 4317; x_wconf 76' lang='grc' dir='ltr'>ἀνάληψιν,</span> <span class='ocrx_word' id='word_1_552' title='bbox 587 4249 815 4304; x_wconf 77' lang='grc' dir='ltr'>ἄπιστον</span> <span class='ocrx_word' id='word_1_553' title='bbox 848 4251 995 4307; x_wconf 74' lang='grc' dir='ltr'>ἀπαν</span> <span class='ocrx_word' id='word_1_554' title='bbox 1020 4251 1082 4305; x_wconf 81' lang='grc' dir='ltr'>τὸ</span> <span class='ocrx_word' id='word_1_555' title='bbox 1108 4251 1288 4322; x_wconf 85' lang='grc' dir='ltr'>δόγμα</span> <span class='ocrx_word' id='word_1_556' title='bbox 1309 4254 1420 4314; x_wconf 78' lang='grc' dir='ltr'>τοῖς</span> <span class='ocrx_word' id='word_1_557' title='bbox 1453 4252 1726 4319; x_wconf 83' lang='grc' dir='ltr'>Ἰουδαίοις</span> 
     </span>
    </p>
   </div>
   <div class='ocr_carea' id='block_1_73' title="bbox 174 4337 1728 4415">
    <p class='ocr_par' dir='ltr' id='par_1_73' title="bbox 174 4337 1728 4415">
     <span class='ocr_line' id='line_1_73' title="bbox 174 4337 1728 4415; baseline 0.008 -27"><span class='ocrx_word' id='word_1_558' title='bbox 174 4337 334 4403; x_wconf 78' lang='grc' dir='ltr'>ἔδοξεν</span> <span class='ocrx_word' id='word_1_559' title='bbox 359 4337 520 4395; x_wconf 71' lang='grc' dir='ltr'>εἶναι.</span> <span class='ocrx_word' id='word_1_560' title='bbox 559 4342 650 4396; x_wconf 83' lang='grc' dir='ltr'><strong>Διὸ</strong></span> <span class='ocrx_word' id='word_1_561' title='bbox 674 4344 858 4415; x_wconf 77' lang='grc' dir='ltr'>ἡρέμα</span> <span class='ocrx_word' id='word_1_562' title='bbox 897 4346 1153 4398; x_wconf 75' lang='grc' dir='ltr'>καὶκατὰ</span> <span class='ocrx_word' id='word_1_563' title='bbox 1176 4345 1371 4414; x_wconf 69' lang='grc' dir='ltr'>μικρὸν</span> <span class='ocrx_word' id='word_1_564' title='bbox 1404 4346 1602 4409; x_wconf 77' lang='grc' dir='ltr'>αὐτοὺς</span> <span class='ocrx_word' id='word_1_565' title='bbox 1635 4347 1728 4400; x_wconf 76' lang='grc' dir='ltr'><strong>ἐπὶ</strong></span> 
     </span>
    </p>
   </div>
   <div class='ocr_carea' id='block_1_74' title="bbox 173 4428 1727 4508">
    <p class='ocr_par' dir='ltr' id='par_1_74' title="bbox 173 4428 1727 4508">
     <span class='ocr_line' id='line_1_74' title="bbox 173 4428 1727 4508; baseline 0.007 -28"><span class='ocrx_word' id='word_1_566' title='bbox 173 4428 236 4480; x_wconf 68' lang='grc' dir='ltr'><strong>τὰ</strong></span> <span class='ocrx_word' id='word_1_567' title='bbox 265 4430 564 4504; x_wconf 76' lang='grc' dir='ltr'>ὑψηλότερα</span> <span class='ocrx_word' id='word_1_568' title='bbox 599 4435 812 4503; x_wconf 75' lang='grc' dir='ltr'>ἀνάγειο</span> <span class='ocrx_word' id='word_1_569' title='bbox 845 4436 904 4490; x_wconf 83' lang='grc' dir='ltr'>ὲν</span> <span class='ocrx_word' id='word_1_570' title='bbox 938 4437 994 4490; x_wconf 80' lang='grc' dir='ltr'>δὲ</span> <span class='ocrx_word' id='word_1_571' title='bbox 1025 4437 1278 4508; x_wconf 81' lang='grc' dir='ltr'>Ἀθήναις</span> <span class='ocrx_word' id='word_1_572' title='bbox 1313 4438 1407 4490; x_wconf 75' lang='grc' dir='ltr'>καὶ</span> <span class='ocrx_word' id='word_1_573' title='bbox 1441 4437 1727 4507; x_wconf 83' lang='grc' dir='ltr'>ἄνθρωπον</span> 
     </span>
    </p>
   </div>
   <div class='ocr_carea' id='block_1_75' title="bbox 175 4521 1722 4595">
    <p class='ocr_par' dir='ltr' id='par_1_75' title="bbox 175 4521 1722 4595">
     <span class='ocr_line' id='line_1_75' title="bbox 175 4521 1722 4595; baseline 0.008 -24"><span class='ocrx_word' id='word_1_574' title='bbox 175 4521 522 4590; x_wconf 72' lang='grc' dir='ltr'>αὐτὸνάπλῶς</span> <span class='ocrx_word' id='word_1_575' title='bbox 574 4529 603 4580; x_wconf 94' lang='lat'><strong>6</strong></span> <span class='ocrx_word' id='word_1_576' title='bbox 653 4527 865 4590; x_wconf 85' lang='grc' dir='ltr'>Παῦλος</span> <span class='ocrx_word' id='word_1_577' title='bbox 898 4530 1088 4594; x_wconf 80' lang='grc' dir='ltr'>καλεῖ,</span> <span class='ocrx_word' id='word_1_578' title='bbox 1125 4529 1278 4584; x_wconf 80' lang='grc' dir='ltr'>οὐδὲν</span> <span class='ocrx_word' id='word_1_579' title='bbox 1327 4529 1490 4582; x_wconf 86' lang='grc' dir='ltr'>πλέον</span> <span class='ocrx_word' id='word_1_580' title='bbox 1531 4529 1722 4595; x_wconf 79' lang='grc' dir='ltr'>εἰπὼν,</span> 
     </span>
    </p>
   </div>
   <div class='ocr_carea' id='block_1_76' title="bbox 173 4613 1728 4692">
    <p class='ocr_par' dir='ltr' id='par_1_76' title="bbox 173 4613 1728 4692">
     <span class='ocr_line' id='line_1_76' title="bbox 173 4613 1728 4692; baseline 0.009 -30"><span class='ocrx_word' id='word_1_581' title='bbox 173 4613 398 4680; x_wconf 76' lang='grc' dir='ltr'>είκότως.</span> <span class='ocrx_word' id='word_1_582' title='bbox 459 4619 520 4672; x_wconf 74' lang='lat' dir='ltr'><strong>Et</strong></span> <span class='ocrx_word' id='word_1_583' title='bbox 570 4619 680 4689; x_wconf 85' lang='grc' dir='ltr'><strong>γὰρ</strong></span> <span class='ocrx_word' id='word_1_584' title='bbox 726 4620 886 4673; x_wconf 73' lang='grc' dir='ltr'>αὑτὸν</span> <span class='ocrx_word' id='word_1_585' title='bbox 923 4620 1014 4674; x_wconf 83' lang='grc' dir='ltr'><strong>τδν</strong></span> <span class='ocrx_word' id='word_1_586' title='bbox 1048 4622 1304 4692; x_wconf 80' lang='grc' dir='ltr'>Χριστὸν,</span> <span class='ocrx_word' id='word_1_587' title='bbox 1343 4621 1728 4692; x_wconf 87' lang='grc' dir='ltr'>διαλεγόμενον</span> 
     </span>
    </p>
   </div>
   <div class='ocr_carea' id='block_1_77' title="bbox 176 4706 1730 4783">
    <p class='ocr_par' dir='ltr' id='par_1_77' title="bbox 176 4706 1730 4783">
     <span class='ocr_line' id='line_1_77' title="bbox 176 4706 1730 4783; baseline 0.006 -26"><span class='ocrx_word' id='word_1_588' title='bbox 176 4706 291 4775; x_wconf 78' lang='grc' dir='ltr'>περὶ</span> <span class='ocrx_word' id='word_1_589' title='bbox 319 4712 414 4780; x_wconf 82' lang='grc' dir='ltr'>τῆς</span> <span class='ocrx_word' id='word_1_590' title='bbox 437 4711 520 4776; x_wconf 86' lang='grc' dir='ltr'><strong>είς</strong></span> <span class='ocrx_word' id='word_1_591' title='bbox 548 4710 642 4765; x_wconf 84' lang='grc' dir='ltr'><strong>τὸν</strong></span> <span class='ocrx_word' id='word_1_592' title='bbox 684 4712 902 4783; x_wconf 82' lang='grc' dir='ltr'>Πατέρα</span> <span class='ocrx_word' id='word_1_593' title='bbox 935 4712 1198 4781; x_wconf 76' lang='grc' dir='ltr'>ἰσότητος,</span> <span class='ocrx_word' id='word_1_594' title='bbox 1225 4712 1443 4766; x_wconf 83' lang='grc' dir='ltr'>λιθάσαι</span> <span class='ocrx_word' id='word_1_595' title='bbox 1471 4711 1730 4776; x_wconf 83' lang='grc' dir='ltr'>πολλάκις</span> 
     </span>
    </p>
   </div>
   <div class='ocr_carea' id='block_1_78' title="bbox 175 4795 1729 4872">
    <p class='ocr_par' dir='ltr' id='par_1_78' title="bbox 175 4795 1729 4872">
     <span class='ocr_line' id='line_1_78' title="bbox 175 4795 1729 4872; baseline 0.008 -26"><span class='ocrx_word' id='word_1_596' title='bbox 175 4795 539 4870; x_wconf 61' lang='grc' dir='ltr'>ἒπεχείρησαγ,</span> <span class='ocrx_word' id='word_1_597' title='bbox 580 4800 678 4855; x_wconf 66' lang='grc' dir='ltr'>καὶ</span> <span class='ocrx_word' id='word_1_598' title='bbox 739 4802 1060 4872; x_wconf 79' lang='grc' dir='ltr'>βλάσφημον</span> <span class='ocrx_word' id='word_1_599' title='bbox 1112 4802 1201 4856; x_wconf 71' lang='grc' dir='ltr'><strong>διὰ</strong></span> <span class='ocrx_word' id='word_1_600' title='bbox 1265 4803 1425 4857; x_wconf 83' lang='grc' dir='ltr'>τοῦτο</span> <span class='ocrx_word' id='word_1_601' title='bbox 1467 4803 1729 4858; x_wconf 83' lang='grc' dir='ltr'>ὲκάλουν.⁵</span> 
     </span>
    </p>
   </div>
   <div class='ocr_carea' id='block_1_79' title="bbox 175 4888 1730 4964">
    <p class='ocr_par' dir='ltr' id='par_1_79' title="bbox 175 4888 1730 4964">
     <span class='ocr_line' id='line_1_79' title="bbox 175 4888 1730 4964; baseline 0.005 -24"><span class='ocrx_word' id='word_1_602' title='bbox 175 4888 327 4960; x_wconf 83' lang='grc' dir='ltr'>Σχολῇ</span> <span class='ocrx_word' id='word_1_603' title='bbox 361 4891 491 4959; x_wconf 81' lang='grc' dir='ltr'>γοῦν</span> <span class='ocrx_word' id='word_1_604' title='bbox 535 4893 687 4964; x_wconf 87' lang='grc' dir='ltr'><strong>παρά</strong></span> <span class='ocrx_word' id='word_1_605' title='bbox 735 4893 844 4946; x_wconf 83' lang='grc' dir='ltr'><strong>τῶν</strong></span> <span class='ocrx_word' id='word_1_606' title='bbox 866 4893 1076 4947; x_wconf 66' lang='grc' dir='ltr'>ἀλιέων</span> <span class='ocrx_word' id='word_1_607' title='bbox 1088 4893 1280 4946; x_wconf 79' lang='grc' dir='ltr'>τοῦτον</span> <span class='ocrx_word' id='word_1_608' title='bbox 1309 4893 1401 4946; x_wconf 77' lang='grc' dir='ltr'>τὸν</span> <span class='ocrx_word' id='word_1_609' title='bbox 1429 4893 1586 4961; x_wconf 87' lang='grc' dir='ltr'>λόγον</span> <span class='ocrx_word' id='word_1_610' title='bbox 1615 4895 1730 4947; x_wconf 77' lang='grc' dir='ltr'>ἐδέ-</span> 
     </span>
    </p>
   </div>
   <div class='ocr_carea' id='block_1_80' title="bbox 178 4977 1582 5053">
    <p class='ocr_par' dir='ltr' id='par_1_80' title="bbox 178 4977 1582 5053">
     <span class='ocr_line' id='line_1_80' title="bbox 178 4977 1582 5053; baseline 0.006 -25"><span class='ocrx_word' id='word_1_611' title='bbox 178 4977 338 5046; x_wconf 82' lang='grc' dir='ltr'>ξαντο,</span> <span class='ocrx_word' id='word_1_612' title='bbox 372 4983 664 5037; x_wconf 72' lang='grc' dir='ltr'>καὶταῦτα</span> <span class='ocrx_word' id='word_1_613' title='bbox 696 4983 789 5037; x_wconf 81' lang='grc' dir='ltr'>τοῦ</span> <span class='ocrx_word' id='word_1_614' title='bbox 822 4981 1059 5053; x_wconf 82' lang='grc' dir='ltr'>σταυροῦ</span> <span class='ocrx_word' id='word_1_615' title='bbox 1097 4983 1582 5053; x_wconf 86' lang='grc' dir='ltr'>προχωρήσαντος.</span> 
     </span>
    </p>
   </div>
   <div class='ocr_carea' id='block_1_81' title="bbox 1824 3315 3402 3389">
    <p class='ocr_par' dir='ltr' id='par_1_81' title="bbox 1824 3315 3402 3389">
     <span class='ocr_line' id='line_1_81' title="bbox 1824 3315 3402 3389; baseline -0.005 -12"><span class='ocrx_word' id='word_1_616' title='bbox 1824 3323 2026 3377; x_wconf 87' lang='lat' dir='ltr'><strong>debant</strong></span> <span class='ocrx_word' id='word_1_617' title='bbox 2050 3337 2114 3377; x_wconf 86' lang='lat' dir='ltr'><strong>ac</strong></span> <span class='ocrx_word' id='word_1_618' title='bbox 2147 3337 2269 3378; x_wconf 90' lang='lat' dir='ltr'><strong>sese</strong></span> <span class='ocrx_word' id='word_1_619' title='bbox 2290 3320 2690 3376; x_wconf 83' lang='lat' dir='ltr'><strong>demittebant:</strong></span> <span class='ocrx_word' id='word_1_620' title='bbox 2728 3334 2892 3389; x_wconf 86' lang='lat' dir='ltr'><strong>quam</strong></span> <span class='ocrx_word' id='word_1_621' title='bbox 2935 3319 3193 3372; x_wconf 82' lang='lat' dir='ltr'><strong>virtutem</strong></span> <span class='ocrx_word' id='word_1_622' title='bbox 3229 3315 3402 3378; x_wconf 88' lang='lat' dir='ltr'><strong>Spiri-</strong></span> 
     </span>
    </p>
   </div>
   <div class='ocr_carea' id='block_1_82' title="bbox 1826 3406 3401 3484">
    <p class='ocr_par' dir='ltr' id='par_1_82' title="bbox 1826 3406 3401 3484">
     <span class='ocr_line' id='line_1_82' title="bbox 1826 3406 3401 3484; baseline -0.005 -16"><span class='ocrx_word' id='word_1_623' title='bbox 1826 3425 1916 3470; x_wconf 90' lang='lat' dir='ltr'><strong>tus</strong></span> <span class='ocrx_word' id='word_1_624' title='bbox 1942 3414 2023 3469; x_wconf 91' lang='lat' dir='ltr'><strong>eis</strong></span> <span class='ocrx_word' id='word_1_625' title='bbox 2073 3411 2420 3484; x_wconf 78' lang='lat' dir='ltr'><strong>suggerebat,</strong></span> <span class='ocrx_word' id='word_1_626' title='bbox 2463 3420 2620 3482; x_wconf 90' lang='lat' dir='ltr'><strong>aptos</strong></span> <span class='ocrx_word' id='word_1_627' title='bbox 2665 3417 2719 3465; x_wconf 90' lang='lat' dir='ltr'><strong>et</strong></span> <span class='ocrx_word' id='word_1_628' title='bbox 2770 3410 2996 3464; x_wconf 89' lang='lat' dir='ltr'><strong>idoneos</strong></span> <span class='ocrx_word' id='word_1_629' title='bbox 3028 3423 3123 3463; x_wconf 90' lang='lat' dir='ltr'><strong>eos</strong></span> <span class='ocrx_word' id='word_1_630' title='bbox 3159 3406 3401 3462; x_wconf 72' lang='lat' dir='ltr'><strong>efﬁciens</strong></span> 
     </span>
    </p>
   </div>
   <div class='ocr_carea' id='block_1_83' title="bbox 1825 3499 3404 3570">
    <p class='ocr_par' dir='ltr' id='par_1_83' title="bbox 1825 3499 3404 3570">
     <span class='ocr_line' id='line_1_83' title="bbox 1825 3499 3404 3570; baseline -0.005 -8"><span class='ocrx_word' id='word_1_631' title='bbox 1825 3509 1891 3562; x_wconf 91' lang='lat' dir='ltr'><strong>ad</strong></span> <span class='ocrx_word' id='word_1_632' title='bbox 1918 3506 2044 3570; x_wconf 88' lang='lat' dir='ltr'><strong>hoc,</strong></span> <span class='ocrx_word' id='word_1_633' title='bbox 2073 3515 2130 3560; x_wconf 93' lang='lat' dir='ltr'><strong>ut</strong></span> <span class='ocrx_word' id='word_1_634' title='bbox 2151 3503 2530 3560; x_wconf 87' lang='lat' dir='ltr'><strong>incumberent</strong></span> <span class='ocrx_word' id='word_1_635' title='bbox 2560 3503 2613 3556; x_wconf 93' lang='lat' dir='ltr'><strong>in</strong></span> <span class='ocrx_word' id='word_1_636' title='bbox 2639 3502 2905 3556; x_wconf 87' lang='lat' dir='ltr'><strong>rationem</strong></span> <span class='ocrx_word' id='word_1_637' title='bbox 2938 3499 3319 3570; x_wconf 82' lang='lat' dir='ltr'><strong>dispositionis</strong></span> <span class='ocrx_word' id='word_1_638' title='bbox 3348 3505 3404 3554; x_wconf 86' lang='lat' dir='ltr'><strong>et</strong></span> 
     </span>
    </p>
   </div>
   <div class='ocr_carea' id='block_1_84' title="bbox 1825 3589 3402 3653">
    <p class='ocr_par' dir='ltr' id='par_1_84' title="bbox 1825 3589 3402 3653">
     <span class='ocr_line' id='line_1_84' title="bbox 1825 3589 3402 3653; baseline -0.003 -1"><span class='ocrx_word' id='word_1_639' title='bbox 1825 3596 2348 3653; x_wconf 88' lang='lat' dir='ltr'><strong>administrationis.</strong></span> <span class='ocrx_word' id='word_1_640' title='bbox 2393 3593 2602 3649; x_wconf 85' lang='lat' dir='ltr'><strong>idcirco</strong></span> <span class='ocrx_word' id='word_1_641' title='bbox 2642 3592 2899 3647; x_wconf 88' lang='lat' dir='ltr'><strong>nimirum</strong></span> <span class='ocrx_word' id='word_1_642' title='bbox 2953 3601 3062 3646; x_wconf 88' lang='lat' dir='ltr'><strong>tam</strong></span> <span class='ocrx_word' id='word_1_643' title='bbox 3113 3591 3284 3644; x_wconf 90' lang='lat' dir='ltr'><strong>multa</strong></span> <span class='ocrx_word' id='word_1_644' title='bbox 3333 3589 3402 3647; x_wconf 81' lang='lat' dir='ltr'><strong>de</strong></span> 
     </span>
    </p>
   </div>
   <div class='ocr_carea' id='block_1_85' title="bbox 1824 3684 3399 3758">
    <p class='ocr_par' dir='ltr' id='par_1_85' title="bbox 1824 3684 3399 3758">
     <span class='ocr_line' id='line_1_85' title="bbox 1824 3684 3399 3758; baseline -0.008 -8"><span class='ocrx_word' id='word_1_645' title='bbox 1824 3693 2046 3750; x_wconf 89' lang='lat' dir='ltr'><strong>Christo</strong></span> <span class='ocrx_word' id='word_1_646' title='bbox 2073 3692 2259 3753; x_wconf 87' lang='lat' dir='ltr'><strong>locuti,</strong></span> <span class='ocrx_word' id='word_1_647' title='bbox 2304 3705 2472 3758; x_wconf 89' lang='lat' dir='ltr'><strong>pauca</strong></span> <span class='ocrx_word' id='word_1_648' title='bbox 2501 3689 2568 3743; x_wconf 91' lang='lat' dir='ltr'><strong>de</strong></span> <span class='ocrx_word' id='word_1_649' title='bbox 2609 3687 2899 3742; x_wconf 88' lang='lat' dir='ltr'><strong>divinitate</strong></span> <span class='ocrx_word' id='word_1_650' title='bbox 2937 3685 3057 3755; x_wconf 87' lang='lat' dir='ltr'><strong>ejus</strong></span> <span class='ocrx_word' id='word_1_651' title='bbox 3097 3684 3399 3739; x_wconf 76' lang='lat' dir='ltr'><strong>dixerunt:</strong></span> 
     </span>
    </p>
   </div>
   <div class='ocr_carea' id='block_1_86' title="bbox 1825 3778 3404 3856">
    <p class='ocr_par' dir='ltr' id='par_1_86' title="bbox 1825 3778 3404 3856">
     <span class='ocr_line' id='line_1_86' title="bbox 1825 3778 3404 3856; baseline -0.005 -18"><span class='ocrx_word' id='word_1_652' title='bbox 1825 3785 2090 3856; x_wconf 84' lang='lat' dir='ltr'><strong>majorem</strong></span> <span class='ocrx_word' id='word_1_653' title='bbox 2167 3790 2349 3837; x_wconf 84' lang='lat' dir='ltr'><strong>autem</strong></span> <span class='ocrx_word' id='word_1_654' title='bbox 2405 3787 2612 3850; x_wconf 89' lang='lat' dir='ltr'><strong>partem</strong></span> <span class='ocrx_word' id='word_1_655' title='bbox 2673 3778 2742 3834; x_wconf 90' lang='lat' dir='ltr'><strong>de</strong></span> <span class='ocrx_word' id='word_1_656' title='bbox 2799 3779 3283 3832; x_wconf 62' lang='lat' dir='ltr'><strong>humanaenatura:</strong></span> <span class='ocrx_word' id='word_1_657' title='bbox 3316 3790 3404 3830; x_wconf 81' lang='lat' dir='ltr'><strong>as-</strong></span> 
     </span>
    </p>
   </div>
   <div class='ocr_carea' id='block_1_87' title="bbox 1811 3865 3405 3949">
    <p class='ocr_par' dir='ltr' id='par_1_87' title="bbox 1811 3865 3405 3949">
     <span class='ocr_line' id='line_1_87' title="bbox 1811 3865 3405 3949; baseline -0.008 -16"><span class='ocrx_word' id='word_1_658' title='bbox 1811 3877 2160 3949; x_wconf 81' lang='lat' dir='ltr'><strong>sumptioue,</strong></span> <span class='ocrx_word' id='word_1_659' title='bbox 2182 3876 2250 3931; x_wconf 93' lang='lat' dir='ltr'><strong>de</strong></span> <span class='ocrx_word' id='word_1_660' title='bbox 2282 3873 2557 3944; x_wconf 87' lang='lat' dir='ltr'><strong>passione,</strong></span> <span class='ocrx_word' id='word_1_661' title='bbox 2585 3873 2653 3926; x_wconf 88' lang='lat' dir='ltr'><strong>de</strong></span> <span class='ocrx_word' id='word_1_662' title='bbox 2687 3870 3096 3930; x_wconf 77' lang='lat' dir='ltr'><strong>resurrectione</strong></span> <span class='ocrx_word' id='word_1_663' title='bbox 3127 3877 3182 3924; x_wconf 92' lang='lat' dir='ltr'><strong>et</strong></span> <span class='ocrx_word' id='word_1_664' title='bbox 3209 3865 3405 3923; x_wconf 81' lang='lat' dir='ltr'><strong>ascen-</strong></span> 
     </span>
    </p>
   </div>
   <div class='ocr_carea' id='block_1_88' title="bbox 1827 3957 3404 4038">
    <p class='ocr_par' dir='ltr' id='par_1_88' title="bbox 1827 3957 3404 4038">
     <span class='ocr_line' id='line_1_88' title="bbox 1827 3957 3404 4038; baseline -0.008 -14"><span class='ocrx_word' id='word_1_665' title='bbox 1827 3970 1982 4025; x_wconf 86' lang='lat' dir='ltr'><strong>sione</strong></span> <span class='ocrx_word' id='word_1_666' title='bbox 2008 3967 2392 4038; x_wconf 86' lang='lat' dir='ltr'><strong>loquebantur.</strong></span> <span class='ocrx_word' id='word_1_667' title='bbox 2442 3962 2579 4018; x_wconf 88' lang='lat' dir='ltr'><strong>Nam</strong></span> <span class='ocrx_word' id='word_1_668' title='bbox 2609 3962 2714 4018; x_wconf 92' lang='lat' dir='ltr'><strong>hoc</strong></span> <span class='ocrx_word' id='word_1_669' title='bbox 2751 3971 2890 4024; x_wconf 89' lang='lat' dir='ltr'><strong>erat,</strong></span> <span class='ocrx_word' id='word_1_670' title='bbox 2918 3961 3065 4031; x_wconf 89' lang='lat' dir='ltr'><strong>quod</strong></span> <span class='ocrx_word' id='word_1_671' title='bbox 3129 3969 3259 4014; x_wconf 90' lang='lat' dir='ltr'><strong>tunc</strong></span> <span class='ocrx_word' id='word_1_672' title='bbox 3295 3957 3404 4012; x_wconf 87' lang='lat' dir='ltr'><strong>ini-</strong></span> 
     </span>
    </p>
   </div>
   <div class='ocr_carea' id='block_1_89' title="bbox 1827 4049 3402 4130">
    <p class='ocr_par' dir='ltr' id='par_1_89' title="bbox 1827 4049 3402 4130">
     <span class='ocr_line' id='line_1_89' title="bbox 1827 4049 3402 4130; baseline -0.007 -15"><span class='ocrx_word' id='word_1_673' title='bbox 1827 4061 1906 4115; x_wconf 89' lang='lat' dir='ltr'><strong>tio</strong></span> <span class='ocrx_word' id='word_1_674' title='bbox 1945 4059 2348 4130; x_wconf 87' lang='lat' dir='ltr'><strong>requirebatur,</strong></span> <span class='ocrx_word' id='word_1_675' title='bbox 2381 4061 2441 4111; x_wconf 91' lang='lat' dir='ltr'><strong>ut</strong></span> <span class='ocrx_word' id='word_1_676' title='bbox 2480 4053 2797 4110; x_wconf 86' lang='lat' dir='ltr'><strong>crederetur</strong></span> <span class='ocrx_word' id='word_1_677' title='bbox 2848 4051 3218 4108; x_wconf 82' lang='lat' dir='ltr'><strong>resurrexisse</strong></span> <span class='ocrx_word' id='word_1_678' title='bbox 3249 4059 3303 4105; x_wconf 88' lang='lat' dir='ltr'><strong>et</strong></span> <span class='ocrx_word' id='word_1_679' title='bbox 3346 4049 3402 4104; x_wconf 92' lang='lat' dir='ltr'><strong>in</strong></span> 
     </span>
    </p>
   </div>
   <div class='ocr_carea' id='block_1_90' title="bbox 1827 4140 3407 4214">
    <p class='ocr_par' dir='ltr' id='par_1_90' title="bbox 1827 4140 3407 4214">
     <span class='ocr_line' id='line_1_90' title="bbox 1827 4140 3407 4214; baseline -0.008 -8"><span class='ocrx_word' id='word_1_680' title='bbox 1827 4151 2000 4206; x_wconf 73' lang='lat' dir='ltr'><strong>cmlos</strong></span> <span class='ocrx_word' id='word_1_681' title='bbox 2025 4148 2360 4206; x_wconf 87' lang='lat' dir='ltr'><strong>ascendisse.</strong></span> <span class='ocrx_word' id='word_1_682' title='bbox 2387 4144 2859 4214; x_wconf 85' lang='lat' dir='ltr'><strong>Quemadmodum</strong></span> <span class='ocrx_word' id='word_1_683' title='bbox 2890 4144 3055 4212; x_wconf 78' lang='lat' dir='ltr'><strong>igitur</strong></span> <span class='ocrx_word' id='word_1_684' title='bbox 3084 4142 3200 4212; x_wconf 88' lang='lat' dir='ltr'><strong>ipse</strong></span> <span class='ocrx_word' id='word_1_685' title='bbox 3245 4140 3407 4195; x_wconf 83' lang='lat' dir='ltr'><strong>Chri-</strong></span> 
     </span>
    </p>
   </div>
   <div class='ocr_carea' id='block_1_91' title="bbox 1829 4232 3407 4299">
    <p class='ocr_par' dir='ltr' id='par_1_91' title="bbox 1829 4232 3407 4299">
     <span class='ocr_line' id='line_1_91' title="bbox 1829 4232 3407 4299; baseline -0.005 -3"><span class='ocrx_word' id='word_1_686' title='bbox 1829 4249 1954 4296; x_wconf 84' lang='lat' dir='ltr'><strong>stus</strong></span> <span class='ocrx_word' id='word_1_687' title='bbox 1975 4242 2218 4294; x_wconf 89' lang='lat' dir='ltr'><strong>omnium</strong></span> <span class='ocrx_word' id='word_1_688' title='bbox 2243 4238 2481 4292; x_wconf 78' lang='lat' dir='ltr'><strong>maxime</strong></span> <span class='ocrx_word' id='word_1_689' title='bbox 2505 4235 2763 4291; x_wconf 87' lang='lat' dir='ltr'><strong>studebat</strong></span> <span class='ocrx_word' id='word_1_690' title='bbox 2787 4232 3096 4299; x_wconf 89' lang='lat' dir='ltr'><strong>ostendere,</strong></span> <span class='ocrx_word' id='word_1_691' title='bbox 3121 4249 3178 4289; x_wconf 89' lang='lat' dir='ltr'><strong>se</strong></span> <span class='ocrx_word' id='word_1_692' title='bbox 3194 4247 3223 4285; x_wconf 89' lang='lat' dir='ltr'><strong>a</strong></span> <span class='ocrx_word' id='word_1_693' title='bbox 3248 4233 3407 4288; x_wconf 85' lang='lat' dir='ltr'><strong>Patre</strong></span> 
     </span>
    </p>
   </div>
   <div class='ocr_carea' id='block_1_92' title="bbox 1832 4324 3403 4394">
    <p class='ocr_par' dir='ltr' id='par_1_92' title="bbox 1832 4324 3403 4394">
     <span class='ocr_line' id='line_1_92' title="bbox 1832 4324 3403 4394; baseline -0.007 -8"><span class='ocrx_word' id='word_1_694' title='bbox 1832 4333 2016 4386; x_wconf 75' lang='lat' dir='ltr'><strong>venire</strong></span> <span class='ocrx_word' id='word_1_695' title='bbox 2051 4350 2062 4384; x_wconf 92' lang='lat'><strong>:</strong></span> <span class='ocrx_word' id='word_1_696' title='bbox 2101 4330 2182 4386; x_wconf 90' lang='lat' dir='ltr'><strong>sic</strong></span> <span class='ocrx_word' id='word_1_697' title='bbox 2205 4330 2370 4386; x_wconf 87' lang='lat' dir='ltr'><strong>etiam</strong></span> <span class='ocrx_word' id='word_1_698' title='bbox 2409 4328 2498 4383; x_wconf 87' lang='lat' dir='ltr'><strong>hic</strong></span> <span class='ocrx_word' id='word_1_699' title='bbox 2535 4328 2916 4382; x_wconf 85' lang='lat' dir='ltr'><strong>demonstrare</strong></span> <span class='ocrx_word' id='word_1_700' title='bbox 2951 4324 3003 4394; x_wconf 81' lang='lat'><strong><em>3</em></strong></span> <span class='ocrx_word' id='word_1_701' title='bbox 3031 4331 3403 4380; x_wconf 89' lang='lat' dir='ltr'><strong>conatureum</strong></span> 
     </span>
    </p>
   </div>
   <div class='ocr_carea' id='block_1_93' title="bbox 1831 4414 3405 4486">
    <p class='ocr_par' dir='ltr' id='par_1_93' title="bbox 1831 4414 3405 4486">
     <span class='ocr_line' id='line_1_93' title="bbox 1831 4414 3405 4486; baseline -0.008 -7"><span class='ocrx_word' id='word_1_702' title='bbox 1831 4423 2200 4479; x_wconf 73' lang='lat' dir='ltr'><strong>resurrexisse</strong></span> <span class='ocrx_word' id='word_1_703' title='bbox 2215 4431 2268 4476; x_wconf 86' lang='lat' dir='ltr'><strong>et</strong></span> <span class='ocrx_word' id='word_1_704' title='bbox 2285 4429 2629 4486; x_wconf 81' lang='lat' dir='ltr'><strong>assumptum</strong></span> <span class='ocrx_word' id='word_1_705' title='bbox 2655 4432 2798 4482; x_wconf 88' lang='lat' dir='ltr'><strong>esse,</strong></span> <span class='ocrx_word' id='word_1_706' title='bbox 2821 4423 2876 4470; x_wconf 87' lang='lat' dir='ltr'><strong>et</strong></span> <span class='ocrx_word' id='word_1_707' title='bbox 2904 4416 2971 4470; x_wconf 91' lang='lat' dir='ltr'><strong>ad</strong></span> <span class='ocrx_word' id='word_1_708' title='bbox 3002 4415 3150 4469; x_wconf 90' lang='lat' dir='ltr'><strong>illum</strong></span> <span class='ocrx_word' id='word_1_709' title='bbox 3179 4414 3405 4478; x_wconf 88' lang='lat' dir='ltr'><strong>abiisse,</strong></span> 
     </span>
    </p>
   </div>
   <div class='ocr_carea' id='block_1_94' title="bbox 1830 4505 3406 4578">
    <p class='ocr_par' dir='ltr' id='par_1_94' title="bbox 1830 4505 3406 4578">
     <span class='ocr_line' id='line_1_94' title="bbox 1830 4505 3406 4578; baseline -0.008 -7"><span class='ocrx_word' id='word_1_710' title='bbox 1830 4527 1885 4572; x_wconf 90' lang='lat' dir='ltr'><strong>et</strong></span> <span class='ocrx_word' id='word_1_711' title='bbox 1910 4517 1979 4571; x_wconf 90' lang='lat' dir='ltr'><strong>ab</strong></span> <span class='ocrx_word' id='word_1_712' title='bbox 2013 4515 2106 4570; x_wconf 88' lang='lat' dir='ltr'><strong>illo</strong></span> <span class='ocrx_word' id='word_1_713' title='bbox 2139 4514 2376 4569; x_wconf 85' lang='lat' dir='ltr'><strong>venisse.</strong></span> <span class='ocrx_word' id='word_1_714' title='bbox 2427 4511 2543 4566; x_wconf 85' lang='lat' dir='ltr'><strong>Nisi</strong></span> <span class='ocrx_word' id='word_1_715' title='bbox 2575 4511 2720 4565; x_wconf 91' lang='lat' dir='ltr'><strong>enim</strong></span> <span class='ocrx_word' id='word_1_716' title='bbox 2755 4508 2890 4564; x_wconf 85' lang='lat' dir='ltr'><strong>illud</strong></span> <span class='ocrx_word' id='word_1_717' title='bbox 2945 4507 3097 4578; x_wconf 89' lang='lat' dir='ltr'><strong>prius</strong></span> <span class='ocrx_word' id='word_1_718' title='bbox 3135 4505 3406 4563; x_wconf 74' lang='lat' dir='ltr'><strong>creditum</strong></span> 
     </span>
    </p>
   </div>
   <div class='ocr_carea' id='block_1_95' title="bbox 1836 4601 3405 4675">
    <p class='ocr_par' dir='ltr' id='par_1_95' title="bbox 1836 4601 3405 4675">
     <span class='ocr_line' id='line_1_95' title="bbox 1836 4601 3405 4675; baseline -0.009 -9"><span class='ocrx_word' id='word_1_719' title='bbox 1836 4611 2053 4673; x_wconf 83' lang='lat' dir='ltr'><strong>fuisset,</strong></span> <span class='ocrx_word' id='word_1_720' title='bbox 2084 4608 2257 4662; x_wconf 90' lang='lat' dir='ltr'><strong>multo</strong></span> <span class='ocrx_word' id='word_1_721' title='bbox 2281 4605 2452 4675; x_wconf 78' lang='lat' dir='ltr'><strong>magis</strong></span> <span class='ocrx_word' id='word_1_722' title='bbox 2476 4603 2784 4674; x_wconf 75' lang='lat' dir='ltr'><strong>adiectione</strong></span> <span class='ocrx_word' id='word_1_723' title='bbox 2808 4601 2954 4656; x_wconf 85' lang='lat' dir='ltr'><strong>facta</strong></span> <span class='ocrx_word' id='word_1_724' title='bbox 2987 4613 3405 4664; x_wconf 87' lang='lat' dir='ltr'><strong>earumrerurn,</strong></span> 
     </span>
    </p>
   </div>
   <div class='ocr_carea' id='block_1_96' title="bbox 1827 4691 3408 4775">
    <p class='ocr_par' dir='ltr' id='par_1_96' title="bbox 1827 4691 3408 4775">
     <span class='ocr_line' id='line_1_96' title="bbox 1827 4691 3408 4775; baseline -0.007 -18"><span class='ocrx_word' id='word_1_725' title='bbox 1827 4717 1950 4775; x_wconf 66' lang='lat' dir='ltr'><strong>quae</strong></span> <span class='ocrx_word' id='word_1_726' title='bbox 1974 4701 2122 4757; x_wconf 87' lang='lat' dir='ltr'><strong>circa</strong></span> <span class='ocrx_word' id='word_1_727' title='bbox 2155 4696 2614 4754; x_wconf 88' lang='lat' dir='ltr'><strong>resurrectionem</strong></span> <span class='ocrx_word' id='word_1_728' title='bbox 2664 4702 2718 4750; x_wconf 90' lang='lat' dir='ltr'><strong>et</strong></span> <span class='ocrx_word' id='word_1_729' title='bbox 2749 4693 3187 4763; x_wconf 82' lang='lat' dir='ltr'><strong>assumptiouem</strong></span> <span class='ocrx_word' id='word_1_730' title='bbox 3259 4691 3408 4748; x_wconf 81' lang='lat' dir='ltr'><strong>acci—</strong></span> 
     </span>
    </p>
   </div>
   <div class='ocr_carea' id='block_1_97' title="bbox 1827 4784 3407 4856">
    <p class='ocr_par' dir='ltr' id='par_1_97' title="bbox 1827 4784 3407 4856">
     <span class='ocr_line' id='line_1_97' title="bbox 1827 4784 3407 4856; baseline -0.007 -7"><span class='ocrx_word' id='word_1_731' title='bbox 1827 4795 2050 4856; x_wconf 88' lang='lat' dir='ltr'><strong>derunt,</strong></span> <span class='ocrx_word' id='word_1_732' title='bbox 2093 4787 2432 4846; x_wconf 84' lang='lat' dir='ltr'><strong>incredibilis</strong></span> <span class='ocrx_word' id='word_1_733' title='bbox 2457 4800 2580 4843; x_wconf 87' lang='lat' dir='ltr'><strong>esse</strong></span> <span class='ocrx_word' id='word_1_734' title='bbox 2639 4785 2763 4842; x_wconf 86' lang='lat' dir='ltr'><strong>fidei</strong></span> <span class='ocrx_word' id='word_1_735' title='bbox 2831 4786 3100 4840; x_wconf 74' lang='lat' dir='ltr'><strong>universa-</strong></span> <span class='ocrx_word' id='word_1_736' title='bbox 3157 4784 3407 4839; x_wconf 82' lang='lat' dir='ltr'><strong>doctrina</strong></span> 
     </span>
    </p>
   </div>
   <div class='ocr_carea' id='block_1_98' title="bbox 1825 4873 3408 4948">
    <p class='ocr_par' dir='ltr' id='par_1_98' title="bbox 1825 4873 3408 4948">
     <span class='ocr_line' id='line_1_98' title="bbox 1825 4873 3408 4948; baseline -0.009 -8"><span class='ocrx_word' id='word_1_737' title='bbox 1825 4882 2029 4940; x_wconf 67' lang='lat' dir='ltr'><strong>Iudaeis</strong></span> <span class='ocrx_word' id='word_1_738' title='bbox 2063 4881 2180 4936; x_wconf 80' lang='lat' dir='ltr'><strong>visa</strong></span> <span class='ocrx_word' id='word_1_739' title='bbox 2214 4877 2449 4933; x_wconf 81' lang='lat' dir='ltr'><strong>fuisset:</strong></span> <span class='ocrx_word' id='word_1_740' title='bbox 2479 4876 2830 4948; x_wconf 79' lang='lat' dir='ltr'><strong>quamobrem</strong></span> <span class='ocrx_word' id='word_1_741' title='bbox 2858 4875 3062 4931; x_wconf 88' lang='lat' dir='ltr'><strong>sensim</strong></span> <span class='ocrx_word' id='word_1_742' title='bbox 3116 4889 3180 4929; x_wconf 88' lang='lat' dir='ltr'><strong>ac</strong></span> <span class='ocrx_word' id='word_1_743' title='bbox 3213 4873 3408 4941; x_wconf 85' lang='lat' dir='ltr'><strong>paula-</strong></span> 
     </span>
    </p>
   </div>
   <div class='ocr_carea' id='block_1_99' title="bbox 1829 4966 3408 5038">
    <p class='ocr_par' dir='ltr' id='par_1_99' title="bbox 1829 4966 3408 5038">
     <span class='ocr_line' id='line_1_99' title="bbox 1829 4966 3408 5038; baseline -0.009 -5"><span class='ocrx_word' id='word_1_744' title='bbox 1829 4979 1925 5034; x_wconf 88' lang='lat' dir='ltr'><strong>tim</strong></span> <span class='ocrx_word' id='word_1_745' title='bbox 1965 4989 2059 5031; x_wconf 92' lang='lat' dir='ltr'><strong>eos</strong></span> <span class='ocrx_word' id='word_1_746' title='bbox 2117 4973 2185 5028; x_wconf 87' lang='lat' dir='ltr'><strong>ad</strong></span> <span class='ocrx_word' id='word_1_747' title='bbox 2222 4970 2419 5026; x_wconf 87' lang='lat' dir='ltr'><strong>altiora</strong></span> <span class='ocrx_word' id='word_1_748' title='bbox 2461 4968 2734 5034; x_wconf 73' lang='lat' dir='ltr'><strong>subducit,</strong></span> <span class='ocrx_word' id='word_1_749' title='bbox 2774 4979 2938 5038; x_wconf 79' lang='lat' dir='ltr'><strong>atque</strong></span> <span class='ocrx_word' id='word_1_750' title='bbox 2995 4967 3227 5022; x_wconf 84' lang='lat' dir='ltr'><strong>Athenis</strong></span> <span class='ocrx_word' id='word_1_751' title='bbox 3257 4966 3408 5020; x_wconf 89' lang='lat' dir='ltr'><strong>illum</strong></span> 
     </span>
    </p>
   </div>
   <div class='ocr_carea' id='block_1_100' title="bbox 177 5057 3405 5146">
    <p class='ocr_par' dir='ltr' id='par_1_100' title="bbox 177 5057 3405 5146">
     <span class='ocr_line' id='line_1_100' title="bbox 177 5057 3405 5146; baseline -0.002 -24"><span class='ocrx_word' id='word_1_752' title='bbox 177 5067 357 5127; x_wconf 81' lang='lat' dir='ltr'><strong>Paulus</strong></span> <span class='ocrx_word' id='word_1_753' title='bbox 403 5076 568 5129; x_wconf 87' lang='lat' dir='ltr'><strong>etiam</strong></span> <span class='ocrx_word' id='word_1_754' title='bbox 633 5074 954 5146; x_wconf 74' lang='lat' dir='ltr'><strong>Simplitilel‘</strong></span> <span class='ocrx_word' id='word_1_755' title='bbox 1016 5075 1291 5130; x_wconf 90' lang='lat' dir='ltr'><strong>hominem</strong></span> <span class='ocrx_word' id='word_1_756' title='bbox 1372 5084 1551 5141; x_wconf 84' lang='lat' dir='ltr'><strong>vocat,</strong></span> <span class='ocrx_word' id='word_1_757' title='bbox 1607 5075 1754 5130; x_wconf 90' lang='lat' dir='ltr'><strong>nulla</strong></span> <span class='ocrx_word' id='word_1_758' title='bbox 1829 5088 1890 5128; x_wconf 89' lang='lat' dir='ltr'><strong>re</strong></span> <span class='ocrx_word' id='word_1_759' title='bbox 1939 5065 2176 5137; x_wconf 87' lang='lat' dir='ltr'><strong>amplius</strong></span> <span class='ocrx_word' id='word_1_760' title='bbox 2224 5063 2462 5133; x_wconf 82' lang='lat' dir='ltr'><strong>adjecta,</strong></span> <span class='ocrx_word' id='word_1_761' title='bbox 2509 5077 2575 5118; x_wconf 90' lang='lat' dir='ltr'><strong>ac</strong></span> <span class='ocrx_word' id='word_1_762' title='bbox 2610 5061 2826 5115; x_wconf 89' lang='lat' dir='ltr'><strong>merito.</strong></span> <span class='ocrx_word' id='word_1_763' title='bbox 2857 5060 2990 5114; x_wconf 85' lang='lat' dir='ltr'><strong>Nam</strong></span> <span class='ocrx_word' id='word_1_764' title='bbox 3048 5057 3094 5114; x_wconf 93' lang='lat' dir='ltr'><strong>si</strong></span> <span class='ocrx_word' id='word_1_765' title='bbox 3124 5058 3405 5114; x_wconf 76' lang='lat' dir='ltr'><strong>Christum</strong></span> 
     </span>
    </p>
   </div>
   <div class='ocr_carea' id='block_1_101' title="bbox 177 5155 2511 5239">
    <p class='ocr_par' dir='ltr' id='par_1_101' title="bbox 177 5155 2511 5239">
     <span class='ocr_line' id='line_1_101' title="bbox 177 5155 2511 5239; baseline -0 -19"><span class='ocrx_word' id='word_1_766' title='bbox 177 5163 334 5232; x_wconf 90' lang='lat' dir='ltr'><strong>ipsum</strong></span> <span class='ocrx_word' id='word_1_767' title='bbox 372 5170 538 5224; x_wconf 73' lang='lat' dir='ltr'><strong>verba</strong></span> <span class='ocrx_word' id='word_1_768' title='bbox 586 5169 873 5225; x_wconf 82' lang='lat' dir='ltr'><strong>facientem</strong></span> <span class='ocrx_word' id='word_1_769' title='bbox 917 5169 982 5225; x_wconf 89' lang='lat' dir='ltr'><strong>de</strong></span> <span class='ocrx_word' id='word_1_770' title='bbox 1020 5185 1116 5223; x_wconf 89' lang='lat' dir='ltr'><strong>sua</strong></span> <span class='ocrx_word' id='word_1_771' title='bbox 1147 5184 1272 5224; x_wconf 88' lang='lat' dir='ltr'><strong>cum</strong></span> <span class='ocrx_word' id='word_1_772' title='bbox 1321 5173 1480 5227; x_wconf 87' lang='lat' dir='ltr'><strong>Patre</strong></span> <span class='ocrx_word' id='word_1_773' title='bbox 1528 5169 1840 5239; x_wconf 64' lang='lat' dir='ltr'><strong>aequalitate</strong></span> <span class='ocrx_word' id='word_1_774' title='bbox 1883 5163 2112 5235; x_wconf 85' lang='lat' dir='ltr'><strong>parique</strong></span> <span class='ocrx_word' id='word_1_775' title='bbox 2177 5155 2511 5219; x_wconf 60' lang='lat' dir='ltr'><strong>conditione.</strong></span> 
     </span>
    </p>
   </div>
   <div class='ocr_carea' id='block_1_102' title="bbox 2597 5152 3408 5222">
    <p class='ocr_par' dir='ltr' id='par_1_102' title="bbox 2597 5152 3408 5222">
     <span class='ocr_line' id='line_1_102' title="bbox 2597 5152 3408 5222; baseline -0.002 -16"><span class='ocrx_word' id='word_1_776' title='bbox 2597 5153 2870 5222; x_wconf 80' lang='lat' dir='ltr'><strong>lapidibus</strong></span> <span class='ocrx_word' id='word_1_777' title='bbox 2925 5152 3166 5206; x_wconf 86' lang='lat' dir='ltr'><strong>obruere</strong></span> <span class='ocrx_word' id='word_1_778' title='bbox 3234 5165 3408 5220; x_wconf 60' lang='lat' dir='ltr'><strong>sarpe—</strong></span> 
     </span>
    </p>
   </div>
   <div class='ocr_carea' id='block_1_103' title="bbox 177 5244 3411 5334">
    <p class='ocr_par' dir='ltr' id='par_1_103' title="bbox 177 5244 3411 5334">
     <span class='ocr_line' id='line_1_103' title="bbox 177 5244 3411 5334; baseline -0.005 -22"><span class='ocrx_word' id='word_1_779' title='bbox 177 5274 386 5318; x_wconf 88' lang='lat' dir='ltr'><strong>numero</strong></span> <span class='ocrx_word' id='word_1_780' title='bbox 441 5274 812 5329; x_wconf 84' lang='lat' dir='ltr'><strong>tentaveruut,</strong></span> <span class='ocrx_word' id='word_1_781' title='bbox 863 5273 916 5318; x_wconf 86' lang='lat' dir='ltr'><strong>et</strong></span> <span class='ocrx_word' id='word_1_782' title='bbox 949 5264 1349 5334; x_wconf 78' lang='lat' dir='ltr'><strong>blaSphemum,</strong></span> <span class='ocrx_word' id='word_1_783' title='bbox 1378 5265 1431 5318; x_wconf 86' lang='lat' dir='ltr'><strong>id</strong></span> <span class='ocrx_word' id='word_1_784' title='bbox 1481 5273 1588 5329; x_wconf 89' lang='lat' dir='ltr'><strong>est,</strong></span> <span class='ocrx_word' id='word_1_785' title='bbox 1624 5266 1767 5318; x_wconf 62' lang='lat' dir='ltr'><strong>lassa;</strong></span> <span class='ocrx_word' id='word_1_786' title='bbox 1794 5257 2098 5330; x_wconf 73' lang='lat' dir='ltr'><strong>maiestatis</strong></span> <span class='ocrx_word' id='word_1_787' title='bbox 2142 5253 2342 5309; x_wconf 76' lang='lat' dir='ltr'><strong>divina:</strong></span> <span class='ocrx_word' id='word_1_788' title='bbox 2363 5264 2540 5314; x_wconf 80' lang='lat' dir='ltr'><strong>reum,</strong></span> <span class='ocrx_word' id='word_1_789' title='bbox 2577 5246 2780 5302; x_wconf 91' lang='lat' dir='ltr'><strong>idcirco</strong></span> <span class='ocrx_word' id='word_1_790' title='bbox 2811 5247 3086 5300; x_wconf 86' lang='lat' dir='ltr'><strong>vocabant</strong></span> <span class='ocrx_word' id='word_1_791' title='bbox 3115 5261 3130 5297; x_wconf 93' lang='lat'><strong>:</strong></span> <span class='ocrx_word' id='word_1_792' title='bbox 3163 5244 3411 5314; x_wconf 79' lang='lat' dir='ltr'><strong>profectu</strong></span> 
     </span>
    </p>
   </div>
   <div class='ocr_carea' id='block_1_104' title="bbox 177 5338 3084 5428">
    <p class='ocr_par' dir='ltr' id='par_1_104' title="bbox 177 5338 3084 5428">
     <span class='ocr_line' id='line_1_104' title="bbox 177 5338 3084 5428; baseline -0.005 -22"><span class='ocrx_word' id='word_1_793' title='bbox 177 5352 254 5406; x_wconf 78' lang='lat' dir='ltr'><strong>vix</strong></span> <span class='ocrx_word' id='word_1_794' title='bbox 287 5368 399 5410; x_wconf 89' lang='lat' dir='ltr'><strong>eam</strong></span> <span class='ocrx_word' id='word_1_795' title='bbox 441 5359 740 5412; x_wconf 81' lang='lat' dir='ltr'><strong>orationem</strong></span> <span class='ocrx_word' id='word_1_796' title='bbox 802 5357 1170 5427; x_wconf 84' lang='lat' dir='ltr'><strong>piscatoribus</strong></span> <span class='ocrx_word' id='word_1_797' title='bbox 1200 5358 1604 5426; x_wconf 87' lang='lat' dir='ltr'><strong>proferentibus</strong></span> <span class='ocrx_word' id='word_1_798' title='bbox 1643 5357 1990 5428; x_wconf 78' lang='lat' dir='ltr'><strong>probassent,</strong></span> <span class='ocrx_word' id='word_1_799' title='bbox 2027 5345 2332 5422; x_wconf 81' lang='lat' dir='ltr'><strong>praesertim</strong></span> <span class='ocrx_word' id='word_1_800' title='bbox 2361 5359 2484 5400; x_wconf 93' lang='lat' dir='ltr'><strong>cum</strong></span> <span class='ocrx_word' id='word_1_801' title='bbox 2525 5357 2660 5397; x_wconf 83' lang='lat' dir='ltr'><strong>crux</strong></span> <span class='ocrx_word' id='word_1_802' title='bbox 2688 5338 3084 5409; x_wconf 64' lang='lat' dir='ltr'><strong>praecessisset.</strong></span> 
     </span>
    </p>
   </div>
   <div class='ocr_carea' id='block_1_105' title="bbox 237 5448 1726 5517">
    <p class='ocr_par' dir='ltr' id='par_1_105' title="bbox 237 5448 1726 5517">
     <span class='ocr_line' id='line_1_105' title="bbox 237 5448 1726 5517; baseline 0.001 -15"><span class='ocrx_word' id='word_1_803' title='bbox 237 5448 338 5502; x_wconf 74' lang='grc' dir='ltr'><strong>Καὶ</strong></span> <span class='ocrx_word' id='word_1_804' title='bbox 361 5449 414 5502; x_wconf 90' lang='grc' dir='ltr'><strong>τί</strong></span> <span class='ocrx_word' id='word_1_805' title='bbox 457 5450 541 5502; x_wconf 80' lang='grc' dir='ltr'>δεῖ</span> <span class='ocrx_word' id='word_1_806' title='bbox 563 5449 744 5517; x_wconf 79' lang='grc' dir='ltr'>λέγειν</span> <span class='ocrx_word' id='word_1_807' title='bbox 772 5450 896 5512; x_wconf 84' lang='grc' dir='ltr'>τοὺς</span> <span class='ocrx_word' id='word_1_808' title='bbox 929 5450 1243 5517; x_wconf 83' lang='grc' dir='ltr'>Ἰουδαίους,</span> <span class='ocrx_word' id='word_1_809' title='bbox 1286 5451 1420 5503; x_wconf 82' lang='grc' dir='ltr'>ὅπου</span> <span class='ocrx_word' id='word_1_810' title='bbox 1455 5452 1549 5504; x_wconf 72' lang='grc' dir='ltr'>καὶ</span> <span class='ocrx_word' id='word_1_811' title='bbox 1571 5451 1726 5506; x_wconf 75' lang='grc' dir='ltr'>αὐτοὶ</span> 
     </span>
    </p>
   </div>
   <div class='ocr_carea' id='block_1_106' title="bbox 175 5534 1724 5609">
    <p class='ocr_par' dir='ltr' id='par_1_106' title="bbox 175 5534 1724 5609">
     <span class='ocr_line' id='line_1_106' title="bbox 175 5534 1724 5609; baseline 0.003 -23"><span class='ocrx_word' id='word_1_812' title='bbox 175 5534 415 5601; x_wconf 72' lang='grc' dir='ltr'>πολλάκις</span> <span class='ocrx_word' id='word_1_813' title='bbox 440 5539 489 5590; x_wconf 85' lang='grc' dir='ltr'><strong>οί</strong></span> <span class='ocrx_word' id='word_1_814' title='bbox 525 5537 763 5608; x_wconf 75' lang='grc' dir='ltr'>μαθηταὶ</span> <span class='ocrx_word' id='word_1_815' title='bbox 781 5537 889 5592; x_wconf 84' lang='grc' dir='ltr'><strong>τῶν</strong></span> <span class='ocrx_word' id='word_1_816' title='bbox 911 5538 1260 5609; x_wconf 68' lang='grc' dir='ltr'>ὑψηλοτέρων</span> <span class='ocrx_word' id='word_1_817' title='bbox 1281 5537 1571 5601; x_wconf 84' lang='grc' dir='ltr'>ἀκούοντες</span> <span class='ocrx_word' id='word_1_818' title='bbox 1598 5539 1724 5607; x_wconf 84' lang='grc' dir='ltr'>δογ-</span> 
     </span>
    </p>
   </div>
   <div class='ocr_carea' id='block_1_107' title="bbox 182 5629 1730 5700">
    <p class='ocr_par' dir='ltr' id='par_1_107' title="bbox 182 5629 1730 5700">
     <span class='ocr_line' id='line_1_107' title="bbox 182 5629 1730 5700; baseline 0 -19"><span class='ocrx_word' id='word_1_819' title='bbox 182 5629 369 5694; x_wconf 81' lang='grc' dir='ltr'>μάτων,</span> <span class='ocrx_word' id='word_1_820' title='bbox 398 5629 757 5700; x_wconf 80' lang='grc' dir='ltr'>ὲθορυὸοὖντο</span> <span class='ocrx_word' id='word_1_821' title='bbox 787 5631 881 5684; x_wconf 68' lang='grc' dir='ltr'><strong>καὶ</strong></span> <span class='ocrx_word' id='word_1_822' title='bbox 917 5630 1366 5694; x_wconf 77' lang='grc' dir='ltr'>ἐσκανδαλίζοντο</span> <span class='ocrx_word' id='word_1_823' title='bbox 1393 5647 1407 5695; x_wconf 86' lang='grc'><strong>;</strong></span> <span class='ocrx_word' id='word_1_824' title='bbox 1443 5630 1540 5683; x_wconf 84' lang='grc' dir='ltr'>Διά</span> <span class='ocrx_word' id='word_1_825' title='bbox 1570 5629 1730 5682; x_wconf 78' lang='grc' dir='ltr'>τοῦτο</span> 
     </span>
    </p>
   </div>
   <div class='ocr_carea' id='block_1_108' title="bbox 1907 5431 3410 5514">
    <p class='ocr_par' dir='ltr' id='par_1_108' title="bbox 1907 5431 3410 5514">
     <span class='ocr_line' id='line_1_108' title="bbox 1907 5431 3410 5514; baseline -0.009 -14"><span class='ocrx_word' id='word_1_826' title='bbox 1907 5448 1970 5500; x_wconf 82' lang='lat' dir='ltr'><strong>Et</strong></span> <span class='ocrx_word' id='word_1_827' title='bbox 2002 5443 2134 5514; x_wconf 85' lang='lat' dir='ltr'><strong>quid</strong></span> <span class='ocrx_word' id='word_1_828' title='bbox 2167 5440 2361 5495; x_wconf 88' lang='lat' dir='ltr'><strong>attinet</strong></span> <span class='ocrx_word' id='word_1_829' title='bbox 2386 5436 2570 5493; x_wconf 87' lang='lat' dir='ltr'><strong>dicere</strong></span> <span class='ocrx_word' id='word_1_830' title='bbox 2603 5433 2672 5489; x_wconf 89' lang='lat' dir='ltr'><strong>de</strong></span> <span class='ocrx_word' id='word_1_831' title='bbox 2695 5431 2901 5487; x_wconf 81' lang='lat' dir='ltr'><strong>Judaeis</strong></span> <span class='ocrx_word' id='word_1_832' title='bbox 2921 5431 2945 5485; x_wconf 87' lang='lat'><strong>?</strong></span> <span class='ocrx_word' id='word_1_833' title='bbox 2965 5431 3410 5499; x_wconf 85' lang='lat' dir='ltr'><strong>quandoquidem</strong></span> 
     </span>
    </p>
   </div>
   <div class='ocr_carea' id='block_1_109' title="bbox 1837 5524 3413 5606">
    <p class='ocr_par' dir='ltr' id='par_1_109' title="bbox 1837 5524 3413 5606">
     <span class='ocr_line' id='line_1_109' title="bbox 1837 5524 3413 5606; baseline -0.011 -12"><span class='ocrx_word' id='word_1_834' title='bbox 1837 5539 2001 5594; x_wconf 87' lang='lat' dir='ltr'><strong>etiam</strong></span> <span class='ocrx_word' id='word_1_835' title='bbox 2030 5535 2134 5606; x_wconf 88' lang='lat' dir='ltr'><strong>ipsi</strong></span> <span class='ocrx_word' id='word_1_836' title='bbox 2167 5543 2543 5604; x_wconf 64' lang='lat' dir='ltr'><strong>saepenumero</strong></span> <span class='ocrx_word' id='word_1_837' title='bbox 2565 5525 2825 5597; x_wconf 86' lang='lat' dir='ltr'><strong>discipuli</strong></span> <span class='ocrx_word' id='word_1_838' title='bbox 2855 5524 2923 5581; x_wconf 86' lang='lat' dir='ltr'><strong>de</strong></span> <span class='ocrx_word' id='word_1_839' title='bbox 2956 5524 3246 5582; x_wconf 88' lang='lat' dir='ltr'><strong>altioribus</strong></span> <span class='ocrx_word' id='word_1_840' title='bbox 3280 5541 3413 5581; x_wconf 88' lang='lat' dir='ltr'><strong>seu-</strong></span> 
     </span>
    </p>
   </div>
   <div class='ocr_carea' id='block_1_110' title="bbox 1835 5617 3412 5697">
    <p class='ocr_par' dir='ltr' id='par_1_110' title="bbox 1835 5617 3412 5697">
     <span class='ocr_line' id='line_1_110' title="bbox 1835 5617 3412 5697; baseline -0.008 -11"><span class='ocrx_word' id='word_1_841' title='bbox 1835 5630 2020 5686; x_wconf 88' lang='lat' dir='ltr'><strong>teutiis</strong></span> <span class='ocrx_word' id='word_1_842' title='bbox 2052 5630 2359 5697; x_wconf 88' lang='lat' dir='ltr'><strong>loquentem</strong></span> <span class='ocrx_word' id='word_1_843' title='bbox 2393 5621 2671 5680; x_wconf 88' lang='lat' dir='ltr'><strong>Christum</strong></span> <span class='ocrx_word' id='word_1_844' title='bbox 2738 5617 3048 5686; x_wconf 87' lang='lat' dir='ltr'><strong>audientes,</strong></span> <span class='ocrx_word' id='word_1_845' title='bbox 3111 5619 3412 5676; x_wconf 58' lang='lat' dir='ltr'><strong>turbaban»</strong></span> 
     </span>
    </p>
   </div>
   <div class='ocr_carea' id='block_1_111' title="bbox 1390 5766 2237 5831">
    <p class='ocr_par' dir='ltr' id='par_1_111' title="bbox 1390 5766 2237 5831">
     <span class='ocr_line' id='line_1_111' title="bbox 1390 5766 2237 5831; baseline -0.011 0"><span class='ocrx_word' id='word_1_846' title='bbox 1390 5767 1591 5831; x_wconf 66' lang='lat' dir='ltr'><strong>Variae</strong></span> <span class='ocrx_word' id='word_1_847' title='bbox 1619 5766 1930 5831; x_wconf 86' lang='lat' dir='ltr'><strong>lectiones</strong></span> <span class='ocrx_word' id='word_1_848' title='bbox 1960 5769 2237 5827; x_wconf 81' lang='lat' dir='ltr'><strong>etnotae.</strong></span> 
     </span>
    </p>
   </div>
   <div class='ocr_carea' id='block_1_112' title="bbox 239 5892 606 5964">
    <p class='ocr_par' dir='ltr' id='par_1_112' title="bbox 239 5892 606 5964">
     <span class='ocr_line' id='line_1_112' title="bbox 239 5892 606 5964; baseline 0.003 -17"><span class='ocrx_word' id='word_1_849' title='bbox 239 5892 280 5924; x_wconf 83' lang='lat'><strong>&quot;</strong></span> <span class='ocrx_word' id='word_1_850' title='bbox 310 5894 491 5964; x_wconf 84' lang='grc' dir='ltr'>μέντοι</span> <span class='ocrx_word' id='word_1_851' title='bbox 520 5896 606 5949; x_wconf 82' lang='grc' dir='ltr'><strong>ῖσ.</strong></span> 
     </span>
    </p>
   </div>
  </div>
