3870 6550
501 417 605 479 499

1379 421 1682 483 ΤΙί-ΕΟΙἸῙ
1694 424 1949 483 YLACTI
1993 424 2075 482 BL

2179 422 2400 481 ιΑΒιΑι
2445 421 2796 482 ARCHIEP.
3615 427 3696 492 500

506 535 594 580 tur
609 535 662 581 et
682 526 1125 595 oﬂ‘endebantur;
1146 539 1424 601 propterea
1451 532 1613 586 etiam
1636 532 1852 588 dicebat
1876 551 1888 587 :
1923 532 2075 587 Mult:

2192 532 2285 585 xui.
2309 531 2481 598 ἔλεγε·
2520 529 2697 584 Πολλὰ
2728 529 2836 599 ἔχω
2873 528 3050 599 λέγειν
3094 529 3243 599 ὑμῖν,
3273 527 3384 581 ἀλλ’
3421 529 3477 581 οὐ
3517 529 3698 589 δύνασθε

507 617 699 684 habeo,
727 635 846 688 qua:
895 621 1070 676 dicam
1115 623 1287 687 vobis,
1324 624 1420 678 sed
1448 641 1552 679 non
1607 627 1833 695 potestis
1871 635 2086 695 portare

511 724 678 762 nunc.
704 708 857 774 Quod
887 710 931 764 si
979 712 1054 765 illi
1084 727 1191 766 non
1219 721 1491 782 poterant,
1535 717 1628 784 qui
1662 725 1814 770 tanto
1845 724 2087 786 tempore

509 815 614 852 una
634 815 756 852 cum
779 815 845 854 eo
871 800 1134 867 vixerant,
1157 804 1248 871 qui
1273 812 1351 857 tot
1370 819 1694 859 arcanarum
1714 822 1894 860 rerum
1917 807 2083 876 parti-

509 891 656 958 cipes
683 889 920 954 fuerant,
949 893 1044 960 qui
1073 902 1152 948 tot
1176 895 1438 949 tniracula
1457 896 1705 951 viderant
1731 915 1742 950 :
1767 897 2086 967 quipotuis-

506 989 625 1034 sent
650 981 745 1045 illi,
771 983 866 1052 qui
899 984 967 1037 ab
984 984 1253 1040 altaribus
1271 995 1326 1040 et
1352 988 1660 1043 simulacris
1678 997 1731 1044 et
1752 989 2014 1050 victimis,
2033 996 2085 1042 et

506 1073 701 1126 felibus
725 1084 779 1129 et
811 1076 1102 1132 crocodilis
1132 1095 1148 1130 :
1183 1079 1312 1133 talia
1345 1079 1490 1135 enim
1543 1089 1699 1136 erant
1719 1095 1807 1146 ea,
1835 1095 1955 1152 qum
1986 1098 2084 1152 pro

506 1165 820 1221 numinibus
876 1183 905 1221 a
947 1167 1151 1224 Graecis
1210 1179 1264 1224 et
1302 1171 1528 1240 paganis
1581 1173 1905 1230 colebantur
1967 1193 1981 1230 :
2031 1184 2078 1229 et

504 1256 626 1312 aliis
652 1259 809 1313 malis
823 1267 959 1314 tunc
985 1263 1222 1330 primum
1259 1263 1436 1318 avulsi
1459 1273 1636 1328 erant.
1661 1265 1728 1321 de
1757 1266 2082 1322 sublimibus

504 1349 791 1404 sententiis
825 1351 989 1406 verba
1021 1362 1245 1422 repente
1281 1369 1498 1424 unoque
1548 1364 1824 1411 momento
1856 1355 2080 1425 probas-

504 1439 812 1506 scnt?Qui-
848 1443 978 1497 item
1016 1443 1192 1500 Iudici
1235 1461 1476 1516 quoque,
1527 1446 1620 1516 qui
1667 1447 1909 1510 quotidie
1967 1448 2082 1502 dis-

505 1541 658 1598 cunt,
688 1549 1032 1606 quorumque
1088 1551 1250 1592 aures
1285 1538 1368 1592 his
1425 1539 1652 1592 vocibus
1683 1538 1815 1609 legis
1839 1539 2082 1609 undique

506 1623 914 1681 circumsonant
959 1645 972 1680 :
1024 1628 1161 1682 Audi
1190 1626 1398 1683 Israel:
1446 1628 1709 1684 Dominus
1755 1629 1899 1686 Deus
1933 1639 2077 1695 tuus,

507 1733 651 1773 unus
671 1727 791 1784 est,
850 1734 912 1774 ac
934 1730 1129 1790 praeter
1161 1735 1282 1775 eum
1320 1735 1430 1776 non
1468 1731 1550 1775 est
1577 1720 1718 1776 alius
1762 1741 1774 1776 :
1817 1720 1909 1790 qui
1950 1723 2078 1776 item

506 1817 562 1868 in
605 1821 770 1862 cruce
802 1807 972 1865 clavis
1013 1809 1231 1864 allixum
1267 1811 1417 1866 illum
1455 1821 1860 1882 conspexerant
1896 1832 1908 1866 :
1959 1827 2076 1866 tua-

2191 619 2484 691 βαστάζειν
2524 619 2673 688 ἄρτι.
2709 617 2772 670 Ei
2806 617 2862 671 δὲ
2895 619 3092 670 ἐκεῖνοι
3119 615 3512 686 οὐκὴδύναντο,
3538 618 3580 669 οἱ
3603 636 3700 685 συγ.

2189 715 2470 784 γενόμενοι
2499 713 2690 783 χρόνον
2724 710 2976 765 τοσοῦτον
3002 710 3173 780 αὐτῷ,
3206 711 3298 762 καὶ
3333 709 3583 763 τοσούτων
3610 728 3699 763 κοιο

2189 803 2533 872 νωνὴσαντες
2579 801 2912 873 ἀπορρήτων
2942 842 2956 861 ,
2996 800 3091 853 καί⁸
3128 799 3364 852 τοσαῦτα
3421 799 3698 866 θεασάμενοι

2189 896 2445 967 Θαύματα
2469 935 2484 958 ,
2514 895 2630 957 πῶς
2678 895 2744 948 ἂν
2775 894 2825 946 οἱ
2872 893 2980 948 ἀπὸ
3008 892 3208 963 βωμῶν
3249 891 3346 944 καὶ
3393 891 3604 942 εἰδώλων
3633 896 3699 942 ml

2188 989 2386 1042 θυσιῶν
2417 989 2513 1042 καὶ
2552 987 2817 1056 αἰλούρων
2853 987 2947 1040 καὶ
2975 985 3332 1056 κροκοδείλων
3357 1000 3368 1012 ·
3395 983 3597 1036 τοιαῦτα
3622 986 3699 1052 γὰρ

2185 1071 2252 1146 ἦν
2283 1075 2390 1128 τῶν
2459 1075 2726 1145 Ἑλλήνων
2774 1075 2842 1128 τὰ
2892 1074 3235 1141 σεϐάσματα¹
3281 1071 3375 1124 καὶ
3421 1072 3520 1124 τῶν
3571 1072 3702 1125 ἄλλων

2186 1167 2375 1220 κακῶν
2405 1167 2526 1220 τότε
2580 1167 2796 1236 πρῶτον
2826 1167 2870 1198 ³⁸
2899 1164 3368 1226 ἀποσπασθέντες,
3411 1162 3587 1230 ἁθρόον
3609 1164 3704 1225 τους

2187 1255 2423 1327 ὑψηλοὺς
2451 1256 2558 1310 τῶν
2588 1257 2878 1326 δογμάτων
2919 1255 3164 1319 ἐδέξαντο
3194 1255 3383 1320 λόγους
3409 1271 3423 1317 ;
3463 1253 3571 1316 Πῶς
3591 1253 3626 1306 δ’
3657 1257 3704 1307 ἂν

2185 1349 2280 1402 καὶ
2322 1350 2587 1414 Ἰουδαῖοι,
2623 1352 2671 1403 οἱ
2714 1352 2833 1404 καθ’
2865 1351 3105 1412 ἑκάστην
3144 1350 3358 1416 ἡμέραν
3397 1347 3704 1416 μανθάνοντες

2184 1441 2276 1492 καὶ
2297 1439 2647 1510 ὲνηχούμενοι
2671 1440 2775 1494 ὑπὸ
2813 1440 2905 1493 τοῦ
2940 1440 3104 1510 νόμου
3130 1440 3212 1503 τὸ,
3255 1441 3475 1502 Ἀκουε,
3511 1439 3700 1506 Ἰσραήλ·

2183 1533 2388 1606 Κύριος
2437 1537 2464 1588 ὁ
2507 1535 2636 1599 Θεός
2687 1552 2778 1589 σου
2840 1529 2920 1598 εἷς
2976 1537 3112 1598 ἐστι,
3145 1533 3238 1586 καὶ
3267 1533 3406 1600 πλὴν
3448 1532 3592 1586 αὑτοῦ
3629 1535 3703 1584 οὐκ

2181 1625 2328 1679 ἐστιν
2356 1625 2537 1688 ἄλλος·
2579 1628 2673 1679 καὶ
2715 1628 2772 1680 ὲν
2804 1625 2881 1696 τῷ
2914 1624 3132 1696 σταυρῷ
3167 1625 3364 1686 ἰδόντες
3397 1623 3545 1674 αὐτόν
3570 1639 3701 1690 apo:-

2181 1717 2483 1788 ηλωμένον,
2524 1717 2758 1787 μάλιστα
2783 1717 2838 1770 δὲ
2863 1719 2956 1770 καὶ
2990 1715 3403 1786 σταυρώσαντες
3431 1715 3515 1767 καὶ
3544 1712 3704 1782 Bitia-u-

2185 1827 2276 1872 τες
2333 1811 2426 1862 καὶ
2488 1810 2608 1863 οὐδὲ
2662 1810 2973 1863 ἀναστάντα
3039 1809 3278 1871 ίδὸντες,
3334 1805 3598 1868 ἀκούοντες
3643 1807 3703 1857 ὅτι

508 1898 651 1952 xime
686 1913 814 1955 vero
849 1900 944 1970 qui
995 1901 1157 1955 etiam
1187 1902 1337 1956 illum
1385 1901 1772 1957 crucitixerant
1846 1910 1900 1957 et
1938 1919 2075 1973 sepe-

2187 1900 2318 1964 Θεός
2358 1903 2502 1955 ἐστιν
2533 1900 2696 1962 αὐτὸς
2734 1894 2889 1962 οὗτος
2917 1900 3010 1952 καὶ
3039 1898 3116 1968 τῷ
3150 1898 3327 1968 Πατρὶ
3379 1899 3510 1958 ἴσος,
3547 1897 3630 1949 οὐκ
3657 1896 3702 1948 ἂν

505 1991 734 2044 iiverant
757 2005 820 2046 ac
851 2007 920 2046 ne
957 1994 1328 2048 resurrexisse
1362 1993 1582 2063 quidem
1647 2008 1772 2048 eum
1807 1993 2077 2061 viderant,

505 2082 792 2138 audientes
813 2082 962 2138 hunc
996 2085 1172 2155 ipsum
1207 2083 1374 2140 Deum
1402 2099 1523 2140 esse
1541 2100 1603 2139 ac
1624 2083 1768 2140 Patri
1791 2087 2078 2156 arqualem,

505 2189 610 2228 non
647 2175 893 2228 omnium
945 2175 1187 2230 maxime
1239 2175 1604 2240 resiluissent,
1635 2186 1692 2231 et
1755 2177 1967 2248 abrupti
1996 2193 2080 2231 cs-

505 2263 662 2318 sent?
710 2263 1078 2330 Quamobrem
1143 2265 1410 2332 paulatim
1450 2280 1514 2320 ac
1584 2267 1786 2320 sensim
1829 2267 1952 2322 illos
2011 2267 2079 2322 ad

505 2353 610 2409 hoc
649 2352 946 2416 adducunt,
1005 2370 1069 2410 ac
1105 2355 1273 2409 multa
1321 2355 1541 2425 quidem
1600 2357 2079 2413 condescensionis

504 2451 561 2499 et
621 2445 1144 2502 accommodationis
1204 2447 1420 2502 ratione
1488 2457 1542 2503 et
1606 2447 2081 2504 administratione

503 2541 751 2602 utuntur,
789 2535 1021 2607 largiore
1051 2545 1231 2592 autem
1258 2536 1495 2607 Spiritus
1538 2539 1710 2608 gratia
1751 2539 2074 2608 potiuntur:

504 2638 567 2679 ac
615 2626 825 2696 majora
867 2641 1030 2698 quam
1059 2628 1175 2698 ipse
1206 2628 1458 2684 Christus
1509 2629 1729 2693 fecerat,
1770 2629 1914 2683 illius
1982 2644 2082 2681 no-

503 2714 646 2771 mine
671 2726 918 2788 gerunt:
1001 2730 1059 2773 ut
1111 2728 1346 2789 utroque
1415 2721 1574 2774 modo
1624 2722 1743 2774 illos
1777 2720 1928 2772 humi
1987 2719 2075 2786 ja-

502 2816 688 2864 centes
753 2811 1078 2872 excitarent,
1116 2824 1179 2865 ac
1221 2810 1378 2865 (idem
1435 2810 1680 2865 facerent
1739 2809 1974 2864 orationi
2008 2809 2080 2862 de

502 2901 928 2955 resurrectione.
963 2900 1170 2954 Etenim
1207 2902 1256 2954 id
1287 2901 1632 2970 potissimum
1673 2908 1758 2954 est
1803 2901 1889 2952 hic
1917 2899 2076 2960 liber.

505 3005 701 3059 nempe
760 2990 1158 3046 demonstratio
1227 2992 1723 3062 documentumque
1807 3006 2082 3045 resurrec-

508 3082 679 3138 tionis
713 3101 726 3137 :
764 3084 930 3153 hujus
981 3099 1214 3154 namque
1240 3082 1315 3139 rei
1347 3084 1453 3140 [ide
1499 3085 1662 3148 facta,
1699 3085 1909 3155 reliqua
1948 3099 2082 3153 quo-

505 3185 613 3241 que
644 3187 900 3245 prospere
970 3175 1356 3231 succedebant.
1391 3175 1457 3229 Et
1521 3187 1900 3246 argumentum
1942 3178 2067 3245 qui-

2185 1990 2418 2059 μέιλιστα
2453 1990 2668 2044 πάντων
2696 1989 3053 2060 ἀπεπήδησάν
3087 2005 3146 2040 τε
3181 1990 3275 2041 καὶ
3315 1986 3700 2058 ἀπερράγησαν;

2183 2082 2280 2135 Διὰ
2315 2082 2471 2135 τοῦτο
2499 2083 2683 2152 ἡρέμα
2727 2083 2820 2134 καὶ
2852 2080 2994 2134 κατά
3029 2079 3224 2150 μικρὸν
3258 2080 3450 2140 αὐτοὺς
3488 2076 3702 2147 προϐιῦἀ·

2183 2173 2356 2236 ζουσι.
2408 2174 2504 2226 καὶ
2553 2171 2722 2242 πολλῇ
2760 2171 2858 2240 μὲν
2897 2171 3194 2241 κέχρηνται
3240 2172 3304 2239 τῇ
3350 2171 3444 2238 τῆς
3482 2185 3700 2235 συγκατα-

2183 2265 2396 2328 ϐἀσεως
2457 2263 2763 2334 οἰκονομίᾳ,
2800 2263 3190 2333 δαψιλεστέρας
3224 2279 3283 2314 τε
3337 2261 3381 2292 ³⁷
3427 2259 3700 2312 ἁπολαίουςι

2181 2356 2279 2423 τῆς
2331 2354 2424 2407 τοῦ
2461 2353 2780 2425 Πνεύματος
2809 2355 3052 2426 χάριτοςο
3104 2356 3198 2407 καὶ
3241 2353 3461 2423 μείζονα
3487 2344 3552 2405 ὧν
3580 2352 3700 2412 alti;

2181 2446 2488 2516 πεποίηκεν
2538 2446 2865 2516 ἐργάζονται
2916 2445 2992 2516 τῷ
3033 2446 3196 2499 αὐτοῦ
3225 2445 3468 2515 ὀνόματι·
3505 2443 3582 2495 ἶνα
3608 2443 3702 2494 ix:-

2181 2537 2418 2609 τέρωοεν
2465 2538 2664 2601 αὐτοὺς
2712 2540 2886 2607 χαμαὶ
2935 2538 3222 2607 κειμένους
3258 2534 3700 2606 ἁναστήσωσι,καὶ

2182 2631 2272 2682 τόν
2304 2631 2429 2699 περὶ
2461 2630 2560 2700 τῆς
2607 2631 2962 2693 ἀναστάσεως
3016 2629 3404 2682 πιστὼσωνται
3444 2629 3599 2694 λόγον’
3636 2624 3701 2675 mi

2187 2721 2296 2790 γὰρ
2343 2720 2501 2773 τοῦτο
2558 2722 2795 2789 μάλιστά
2825 2724 2942 2774 ἐστι
2986 2721 3136 2774 τουτὶ
3185 2720 3244 2772 τὸ
3304 2715 3700 2788 βιϐλίονάνσστά-

2185 2830 2319 2875 cem;
2349 2812 2639 2877 ἀπόδειξις·
2669 2813 2858 2867 τούτου
2904 2814 3012 2882 γὰρ
3061 2813 3475 2875 πιστευθέντος,
3506 2809 3595 2877 ὁδῷ
3633 2808 3700 2858 καὶ

2184 2904 2250 2957 τὰ
2282 2903 2416 2958 ἄλλα
2447 2906 2795 2976 προῠϐαινεν.
2838 2909 2898 2963 ’Ιί
2937 2910 3035 2979 μὲν
3065 2905 3158 2962 οὖν
3199 2907 3460 2970 ὑπόθεσις
3489 2907 3569 2960 καὶ
3590 2906 3610 2956 ὁ
3632 2901 3698 2954 τοῦ

2186 2997 2391 3066 βιδλέου
2421 2999 2620 3069 σκοπός
2652 3002 2821 3063 ἄπας,
2864 3002 2938 3063 ὡς
2969 3003 3034 3055 ἄν
3067 3019 3150 3062 τις
3191 2998 3524 3069 παχυμερῶς
3554 2998 3700 3048 συλλ-ι·

2184 3085 2292 3139 66w
2323 3088 2486 3150 εἴποι,
2537 3066 2693 3152 οὗτος
2747 3090 2793 3120 ³⁸
2840 3090 3081 3158 μάλιστά
3133 3093 3313 3142 ἐστιν·
3349 3083 3699 3156 ἀκούσωμεν

2185 3179 2371 3233 λοιπὸν
2400 3178 2581 3233 αὐτῶν
2621 3181 2728 3235 τῶν
2774 3183 3100 3252 προοιμίων.

506 3263 628 3320 dem
666 3273 827 3335 atque
865 3265 1200 3337 propositum
1243 3267 1364 3322 libri
1403 3267 1738 3336 universum,
1770 3278 1826 3324 ut
1863 3270 2058 3341 aliquis
2082 3285 2140 3327 re
2176 3274 2422 3330 crassius
2485 3261 2883 3345 comprehensa
2942 3275 3165 3340 dixerit,
3237 3275 3348 3331 hoc
3416 3270 3699 3346 potissimum

503 3363 589 3414 est
629 3357 961 3416 :audiamus
999 3369 1179 3416 autem
1210 3361 1462 3430 deinceps
1493 3363 1608 3434 ipsa
1645 3365 1929 3434 principia.

1157 3474 1385 3530 CAPUT
1435 3475 1476 3530 Ι.

581 3583 742 3640 Vnus.
788 3587 837 3644 1.
871 3587 1112 3641 Primum
1141 3587 1347 3655 quidem
1379 3587 1566 3641 librum
1599 3587 1818 3656 confeci,
1843 3603 1873 3639 ο
1906 3586 2071 3640 Theo-

504 3676 666 3744 phiie,
697 3677 760 3731 de
780 3680 1039 3733 omnibus.

577 3771 1009 3827 Commonel‘acit
1035 3770 1397 3844 Theophilum
1426 3772 1720 3843 Evangelii,
1753 3782 1812 3827 ut
1833 3773 2073 3842 exquisi-

506 3872 615 3916 tam
652 3871 708 3924 e_t
733 3872 1041 3918 accuratam
1081 3877 1234 3918 suam
1259 3865 1592 3934 diligentiam
1653 3867 1924 3921 ostendat.
1950 3866 2075 3922 Ete-

505 3951 617 4003 nim
643 3951 695 4003 in
723 3951 882 4007 initio
902 3953 1048 4008 illius
1079 3954 1258 4021 operis
1290 3971 1304 4006 :
1338 3951 1527 4007 Visum
1555 3963 1657 4019 est,
1689 3954 1882 4024 inquit,
1908 3955 2071 4010 etiam

506 4041 661 4105 mihi.
695 4045 787 4112 qui
842 4045 1024 4098 omnia
1055 4060 1086 4098 a
1145 4046 1323 4114 capite
1371 4047 1657 4117 diligenter
1721 4049 2070 4121 iuvestigavi,

507 4135 772 4205 deinceps
806 4136 900 4190 tibi
929 4137 1170 4191 scribere
1200 4155 1214 4202 ;
1245 4152 1351 4192 non
1395 4137 1717 4208 simpliciter
1745 4149 1945 4206 autem,
1977 4142 2071 4196 sed

507 4229 965 4298 quemadmodum
1015 4228 1362 4284 tradiderunt
1421 4231 1584 4287 nobis
1647 4234 1738 4302 qui
1791 4233 1861 4289 ab
1915 4234 2071 4288 initio

505 4331 842 4390 spectatores
863 4329 916 4375 et
955 4322 1188 4376 ministri
1225 4322 1380 4377 Verbi
1444 4326 1688 4383 fuerunt.
1742 4324 2070 4382 Mentionem

505 4409 674 4480 igitur
735 4409 865 4464 facit
904 4410 1051 4465 illius
1098 4414 1496 4480 commentarii,
1552 4415 1910 4483 diligentiam,
1963 4433 2070 4488 qua

510 4514 641 4555 usus
671 4507 756 4554 est
804 4501 932 4566 illic,
965 4501 1017 4556 ei
1050 4502 1304 4573 redigens
1356 4503 1410 4557 in
1463 4507 1799 4560 memoriam.
1833 4507 2073 4577 Diligen-

503 4591 592 4644 tiae
627 4599 804 4644 autem
835 4590 986 4644 illum
1023 4593 1467 4660 commonefacit,
1496 4605 1554 4649 ut
1617 4597 1764 4651 illam
1798 4597 1993 4667 ipsam,
2018 4608 2071 4655 et

504 4697 648 4747 eam,
666 4699 770 4752 qua
793 4700 922 4740 usus
945 4695 1032 4740 est
1057 4686 1113 4739 in
1143 4687 1396 4743 hoclibro
1413 4700 1592 4745 ruente
1617 4701 1779 4762 atque
1807 4698 2068 4750 memoria

501 4782 714 4834 tenens,
740 4771 804 4826 ad
836 4788 897 4828 ea
927 4789 1049 4843 qum
1075 4777 1406 4839 scribuntur,
1437 4783 1669 4835 maxime
1703 4783 1943 4836 animum
1985 4793 2068 4838 at-

501 4862 706 4916 tendat.
731 4862 1092 4928 Quamobrem
1120 4882 1188 4920 ne
1219 4882 1356 4936 opus
1387 4871 1600 4936 quidem
1628 4872 1715 4924 hic
1741 4874 1931 4927 habuit
1966 4877 2068 4929 alia

499 4952 993 5009 commendatione.
1022 4955 1156 5009 Nam
1187 4960 1278 5026 qui
1302 4960 1530 5016 idoneus
1555 4977 1616 5016 ac
1637 4965 1816 5029 gravis
1840 4968 2074 5034 scriptor

503 5039 722 5094 habitus
764 5041 857 5105 sit,
896 5056 960 5095 ac
1011 5043 1169 5097 [idem
1221 5045 1416 5100 fecerit
1455 5063 1642 5101 earum
1698 5065 1900 5115 rerum,
1949 5069 2071 5122 quae

500 5129 726 5193 audivit,
760 5129 887 5185 huic
915 5146 1002 5196 ea,
1031 5146 1150 5202 qua:
1185 5149 1292 5189 non
1333 5136 1401 5190 ab
1435 5136 1556 5190 aliis
1581 5140 1808 5208 accepit,
1836 5142 1929 5195 sed
1956 5143 2071 5212 ipse

500 5221 658 5287 vidit,
681 5223 1028 5292 componeuti
1064 5230 1224 5294 longe
1260 5227 1432 5295 major
1453 5225 1587 5282 ﬁdes
1619 5227 1804 5283 haberi
1829 5230 2070 5285 debebit.

500 5311 712 5366 Idcirco
748 5329 856 5368 non
877 5315 1012 5368 dicit
1056 5331 1072 5368 :
1112 5314 1352 5369 Primum
1410 5318 1629 5386 quidem
1690 5319 2063 5388 Evangelium,

497 5404 645 5471 quod
675 5407 975 5476 conscripsi
1007 5423 1020 5460 :
1057 5407 1174 5469 sed,
1214 5407 1453 5462 Primum
1480 5409 1698 5478 quidem
1742 5410 1936 5464 librum
1969 5429 2061 5467 seu

497 5498 949 5552 commentarium
985 5515 998 5553 :
1031 5513 1140 5554 non
1192 5499 1338 5554 enim
1387 5511 1500 5554 erat
1526 5516 1717 5567 vanus,
1770 5512 1824 5554 et
1887 5502 2066 5557 inanis

2770 3448 3024 3531 multa.
3066 3478 3146 3532 A'.

2257 3585 2371 3640 Τὸν
2400 3586 2518 3657 μὲν
2537 3589 2771 3656 πρῶτον
2801 3589 2989 3658 λόγον
3017 3589 3401 3659 ἐποιησάμην
3438 3587 3556 3655 περὶ
3589 3582 3695 3636 πάν·

2180 3673 2390 3747 των,ὦ
2429 3681 2695 3748 Θεόφιλε.
2795 3693 2804 3700 ’

2264 3772 2694 3842 Ἀναμιμνήσκει
2751 3773 2844 3826 τὸν
2898 3773 3155 3843 Θεόφιλον
3219 3772 3317 3826 τοῦ
3373 3769 3693 3838 Εὑαγγελίου,

2182 3861 2322 3913 ὥστε
2375 3860 2474 3930 τὴν
2529 3861 2736 3915 οἰκείαν
2795 3863 3082 3933 ἀκρίϐειαν
3105 3862 3478 3929 ἐνδείξασθαιο
3511 3859 3590 3912 καὶ
3617 3856 3696 3923 γᾶρ

2179 3953 2478 4024 ἀρχόμενος
2496 3955 2539 3986 ³⁹
2565 3955 2781 4026 ἐκείνης
2804 3959 2902 4023 τῆς
2919 3955 3321 4024 πραγματείας,
3342 3954 3518 4023 φησένο
3547 3947 3691 4008 Ἔδοξε

2182 4045 2353 4115 κάμοὶ
2437 4048 2952 4117 παρακολουθηκότι
3011 4048 3221 4103 ἄνωθεν
3293 4049 3458 4102 πᾶσιν
3503 4043 3696 4112 ἀκριϐῶς

2181 4137 2416 4209 καθεξῆς
2474 4154 2558 4192 σοι
2616 4139 2845 4209 γράψαι,
2893 4140 2992 4210 οὐχ
3047 4139 3235 4202 ἁπλῶς
3274 4140 3369 4205 δὲ,
3407 4139 3532 4194 ἀλλὰ
3554 4133 3697 4192 καθὼς

2180 4228 2488 4298 παρέδοσαν
2518 4230 2563 4262 ⁵ο
2589 4232 2720 4300 ἡμῖν
2755 4231 2803 4283 oi
2852 4229 3107 4304 ἀπαρχῆς
3136 4231 3406 4284 αὐτόπται
3444 4230 3530 4282 καὶ
3583 4228 3693 4290 ὑπη-

2183 4321 2338 4391 ρέται
2357 4321 2634 4390 γενόμενοι
2658 4321 2748 4374 τοῦ
2773 4323 2970 4390 Λόγου.
3003 4325 3294 4392 Μέμνηται
3318 4323 3412 4376 οὖν
3446 4324 3537 4389 τῆς
3561 4331 3698 4389 πρᾶτ’

2182 4411 2405 4479 ματείας
2427 4413 2772 4482 ὲκείνης,τῆς
2792 4414 2971 4468 ἐκεῖσε
2992 4415 3422 4484 ἀναμιμνήσκων
3444 4409 3695 4483 ἀκριὸείας’

2178 4501 2277 4571 τῆς
2294 4503 2577 4571 ἀκριϐείας
2596 4504 2652 4556 δὲ
2670 4506 3102 4575 ἀναμιμνήσκει,
3125 4507 3212 4560 ῐνα
3233 4509 3333 4578 τὴν
3358 4507 3520 4575 αὐτὴν
3538 4503 3698 4564 ταύτην

2181 4595 2274 4647 καὶ
2290 4593 2388 4665 τὴν
2415 4595 2509 4648 τοῦ
2535 4597 2798 4668 παρόντος
2821 4597 3024 4666 βιϐλίου
3049 4599 3292 4667 κατέχων
3313 4601 3434 4662 ταῖς
3453 4595 3690 4652 διανοίαις.

2133 4695 2138 4700 “
2180 4688 2428 4757 προσέχῃ
2464 4687 2507 4720 δί
2547 4687 2782 4756 μάλιστα
2842 4690 2956 4751 τοῖς
3020 4689 3423 4759 γραφομένοις·
3480 4689 3563 4740 Διὸ
3605 4681 3695 4736 οὐδὲ

2180 4777 2406 4847 ἐδεήθην
2453 4778 2495 4810 ⁸³
2549 4778 2786 4832 ἐνταῦθα
2841 4781 3033 4850 ἐτέρας
3081 4781 3416 4857 συστάσεως.
3453 4779 3508 4832 Ὀ
3543 4777 3580 4809 ⁸³
3615 4773 3696 4842 γὰρ

2100 4849 2322 4936 ¹)ᾶ.ττερ
2382 4869 2637 4937 ἤκουσεν,
2695 4849 3011 4935 ἀξιόπιστος
3068 4849 3697 4940 γενόμενος-γράψαικαὶ

2182 4960 2513 5023 πιστευθεὶς,
2553 4961 2731 5031 πολλῷ
2765 4962 2986 5032 μᾶλλον,
3026 4963 3062 5018 ἃ.
3094 4963 3170 5034 μὴ
3193 4964 3326 5032 παρ’
3357 4964 3548 5033 ἑτέρων
3572 4959 3696 5027 ἠκου-

2175 5067 2289 5114 σεν,
2340 5051 2455 5104 ἀλλ’
2509 5053 2671 5114 αὐτὸς
2704 5051 2834 5117 εἶδε,
2869 5054 3042 5107 ταῦτα
3088 5055 3378 5117 συντιθεὶς,
3427 5055 3612 5111 δίκαιος
3645 5046 3694 5098 ἂν

2173 5142 2255 5209 είη
2291 5141 2668 5196 πιστεύεσθαι.
2701 5145 2799 5198 Διὰ
2824 5144 2980 5198 τοῦτο
3009 5147 3068 5200 οὐ
3100 5147 3269 5214 λέγει,
3291 5147 3365 5199 Τὸ
3396 5145 3493 5215 μὲν
3521 5139 3694 5210 πρῶτον

2175 5235 2528 5303 Εὑαγγέλιον,
2558 5237 2587 5289 ὂ
2627 5238 3095 5310 εὐηγγελισάμην,
3136 5240 3289 5303 ἀλλὰ,
3313 5239 3417 5292 Τὸν
3464 5237 3552 5307 μὲν
3578 5229 3694 5301 πρίυο

2175 5343 2267 5379 τον
2312 5327 2489 5395 λόγον,
2528 5329 2616 5383 διὰ
2672 5331 2732 5383 τὸ
2785 5332 2987 5400 ἄτυφον
3021 5331 3184 5384 αὐτὸν
3228 5326 3368 5383 εἶναι
3394 5329 3484 5382 καὶ
3517 5317 3692 5396 μετριό’
3724 5332 3729 5337 ’

2176 5437 2371 5489 φρονα,
2428 5421 2522 5474 καὶ
2582 5421 2805 5488 μείζονα
2875 5420 3072 5475 ἑαυτοῦ
3128 5423 3370 5491 νομίζειν
3441 5415 3566 5471 εἶναι
3619 5406 3690 5463 τἰῧ

2176 5507 2516 5576 Εὖαγγελίου
2549 5508 2647 5579 τὴν
2679 5510 3072 5580 προσηγορίαν·
3106 5511 3284 5564 καίτοι
3303 5527 3364 5577 γε
3390 5512 3418 5562 ό
3440 5499 3686 5561 ἀπόστολῡς

1701 5666 1900 5728 Varim
1927 5665 2234 5728 lectiones
2267 5676 2324 5728 et
2362 5675 2549 5728 notua.

572 5786 618 5817 ³⁸
658 5785 894 5863 πρώτοις
915 5797 1056 5863 erat.
1083 5789 1125 5819 ³⁷
1145 5805 1258 5856 pro,
1283 5790 1362 5863 τὲ,
1398 5791 1506 5859 [ego
1530 5789 1604 5842 δέ.
1666 5791 1708 5822 ³⁸
1736 5791 1928 5863 οὕτως.
1958 5801 2072 5844 erat

2218 5792 2537 5858 ἁργόμενον,
2557 5801 2688 5844 erat.
2754 5791 2798 5825 "°
2828 5791 3170 5863 παρέδωσαν,
3199 5797 3331 5845 erat.
3384 5787 3425 5818 “
3454 5782 3677 5853 προσέχει,

504 5870 638 5914 trat.
713 5858 757 5889 “
791 5856 876 5911 μῖσ.
911 5857 1124 5928 ἐδεήθη.

1202 5862 1246 5891 ’⁵³
1277 5860 1461 5924 διιέναι
1496 5864 1544 5913 in
1590 5862 1925 5930 apograj'lzo;
1960 5862 2200 5915 existimo
2230 5863 2578 5928 scribendum,
2605 5863 2650 5915 ό.
