3870 6546
158 423 238 490 5r]
888 412 1294 482 EXPOSITIO
1340 421 1414 482 IN
1457 422 1648 482 ACTA
1678 421 2251 486 APOS’IOLORUM.
2279 451 2353 461 -
2389 425 2551 490 CAP.
2589 427 2637 488 Ι.

3272 421 3403 485 502'

166 536 309 591 αὐτὸν
342 533 583 589 ἐντεῦθεν
619 536 837 606 κοσμεῖ,
870 527 947 588 Οὗ
972 537 1001 589 6
1036 534 1274 600 ἔπαινος,
1313 533 1510 603 λέγων,
1544 535 1602 588 ὲν
1624 534 1700 605 τῷ

1827 536 1993 604 gloriae
2025 539 2256 608 cupidus
2291 556 2305 590 ι
2373 541 2467 595 sed
2511 510 2788 594 moderate
2818 538 2887 594 de
2908 551 2968 595 se
2994 535 3284 599 sentiebat,
3317 550 3379 588 ac

160 624 464 695 Εὐαγγελίῳ.

1805 628 2066 696 majorem
2116 646 2238 703 esse
2322 631 2546 701 putabat
2602 629 2879 702 Evangelii
2927 628 3369 700 appellationem,

158 736 295 788 quam
323 719 461 787 quod
490 717 560 772 ab
596 731 656 773 se
695 717 836 772 sumi
882 716 1127 783 deberet,
1160 732 1471 788 quanquam
1515 717 1818 786 Apostolus
1847 737 1971 776 eum
2006 723 2134 779 hinc
2175 733 2359 792 ornat,
2429 726 2603 795 Cujus
2670 726 2791 779 laus
2853 731 2960 788 est,
3006 722 3284 793 inquiens,
3320 720 3375 773 itt

161 811 440 880 Evangelia.

218 902 298 972 Τῷ
335 902 407 968 δὲ,
444 903 577 972 Περὶ
600 903 845 970 πάντων,
882 904 1079 970 εἰπεῖν,
1125 903 1276 958 δοκεῖ
1323 903 1698 960 ἐναντιοῦσθαι

159 996 224 1066 τῷ
261 995 609 1065 εὐαγγελιστῇ
661 997 882 1070 Ἰωάννῃ
909 1011 924 1027 ·
958 998 1012 1051 et
1055 1013 1119 1065 γε
1171 999 1201 1050 6
1236 997 1334 1068 μὲν
1358 996 1543 1066 φησιν’
1587 996 1702 1049 Οὐκ

132 1084 212 1163 ,ἦν
240 1088 404 1140 πάντα
433 1087 660 1158 γράψαιο
694 1090 724 1140 6
764 1088 825 1140 δὲ
870 1087 1003 1159 Περὶ
1036 1089 1258 1142 πάντων
1300 1087 1390 1139 τὸν
1427 1087 1584 1165 λόγον
1615 1092 1704 1139 πἐ.

160 1176 387 1242 πυιῆσθαι
422 1176 468 1207 ⁸⁸
495 1176 592 1229 ἀπ’
640 1177 819 1247 ὰρχῆς
857 1178 1019 1247 μέχρι
1072 1178 1170 1247 τῆς
1231 1175 1574 1246 ἀναλήψεως.
1632 1174 1700 1228 Τί

159 1266 235 1320 οὖν
262 1284 460 1337 φαμεν;
478 1268 624 1334 Ὅτι,
647 1269 780 1339 Περὶ
797 1269 1035 1332 πάντων,
1063 1264 1216 1331 οὗτός
1249 1270 1409 1339 φησὶ,
1444 1267 1553 1321 τῶν
1583 1283 1703 1319 συνο

160 1361 364 1428 εχόντων
406 1360 500 1412 καὶ
541 1359 978 1426 κατεπειγόντων
1033 1360 1200 1430 μηδὲν
1248 1361 1605 1431 παραλιπεῖν,
1645 1357 1706 1423 ἐξ

161 1443 222 1502 ὧν
263 1451 293 1519 ἡ
334 1449 424 1502 τοῦ
478 1448 837 1520 κηρύγματος
869 1450 1083 1520 θειότης
1128 1453 1222 1505 καὶ
1252 1452 1479 1524 ἀλήθεια
1533 1468 1706 1505 κατα-

161 1540 485 1608 )αμσάνεται·
534 1540 712 1595 ταῦτα
745 1542 855 1612 γὰρ
884 1540 919 1596 ἃ
969 1541 1039 1595 δι’
1075 1534 1153 1595 ὧν
1208 1541 1326 1596 ἔστι
1367 1542 1711 1613 καταμαθεῖν

163 1632 245 1700 τὴν
288 1629 375 1683 τοῦ
408 1630 767 1704 κηρύγματος
818 1632 1075 1704 θειότητα
1108 1635 1207 1688 καὶ
1242 1635 1525 1706 ἀλήθειαν,
1561 1637 1656 1693 καὶ
1679 1637 1708 1689 6

1874 902 2046 959 Porro
2077 904 2244 974 quod,
2274 905 2345 960 de
2385 906 2639 960 omnibus
2678 905 2835 969 dixit,
2873 905 2977 959 hoc
3030 902 3202 957 verbo
3238 900 3385 955 vitle—

1808 1002 1897 1049 tur
1945 993 2141 1049 Joanui
2202 996 2553 1067 evangelista:
2591 996 2919 1051 adversari:
2977 994 3246 1065 siquidem
3291 993 3382 1046 ille

1806 1085 1957 1150 dicit,
1991 1100 2101 1139 non
2166 1084 2408 1155 potuisse
2458 1087 2639 1140 omnia
2711 1086 2899 1148 scribi,
2953 1086 3041 1140 hic
3072 1100 3219 1147 vero,
3253 1098 3376 1138 sese

1809 1174 1877 1230 de
1929 1175 2185 1231 omnibus
2235 1176 2527 1245 scripsisse
2586 1190 2615 1228 a
2684 1176 2953 1246 principio
2986 1190 3163 1245 usque
3187 1175 3252 1227 ad
3280 1189 3383 1227 as~

1809 1268 2196 1336 sumptioucm.
2259 1268 2399 1334 Quid
2450 1268 2617 1338 igitur
2658 1268 2944 1323 dicimus?
2978 1281 3173 1336 nempe
3208 1267 3373 1327 hunc,

1813 1358 1958 1439 quod
1987 1359 2141 1425 dicit,
2191 1358 2260 1415 de
2281 1357 2564 1425 omnibus,
2598 1352 2907 1428 signiﬁcare
2930 1372 2990 1415 se
3017 1373 3082 1414 ex
3141 1358 3231 1422 iis,
3263 1356 3385 1427 qui—

1812 1450 1918 1506 bus
1950 1466 2040 1506 res
2098 1452 2393 1513 nitebatur,
2432 1466 2620 1520 qumve
2670 1450 2723 1505 iu
2782 1450 2974 1519 primis
3034 1449 3393 1519 requireban-

1808 1550 1920 1604 tur,
1956 1557 2021 1595 ex
2070 1541 2270 1611 quibus
2308 1542 2566 1598 divinitas
2616 1540 3029 1611 praedicationis
3082 1548 3138 1595 et
3186 1539 3390 1594 veritas

1810 1631 2265 1701 deprehenditur,
2303 1632 2438 1687 nihil
2488 1630 2927 1702 praetermisisse.
2960 1629 3097 1685 Nam
3134 1629 3249 1695 illa,
3285 1643 3389 1698 per

164 1723 348 1785 Λουκᾶς
406 1724 500 1777 καὶ
536 1723 772 1787 ἕκαστος
811 1724 922 1778 τῶν
1000 1725 1407 1793 εὐαγγελιστῶν
1452 1728 1532 1799 τῷ
1588 1728 1708 1799 ίδίῳ

1827 1739 1928 1794 piae
1966 1722 2224 1779 divinitas
2274 1730 2329 1778 et
2394 1725 2599 1780 veritas
2665 1723 3075 1794 praedicationis
3133 1719 3392 1791 cognosci

166 1815 288 1883 λόγῳ
327 1814 736 1884 κεφαλαιωδῶς,
772 1817 865 1870 καὶ
891 1817 965 1880 ὡς
995 1818 1054 1870 ὲν
1081 1817 1433 1872 ὑποτυπώσει
1461 1819 1709 1888 ἀκριϐῶς

1827 1825 2008 1880 totest,
2089 1831 2211 1870 cum
2273 1815 2490 1880 Lucas,
2561 1825 2676 1871 tum
2726 1816 3184 1886 evangelistarum
3237 1811 3392 1881 quis-

167 1904 526 1971 ἑγκατὲταξαν’
554 1907 652 1961 καὶ
676 1907 840 1971 αὐτὸς
868 1908 925 1960 δὲ
945 1906 1149 1976 ὁμοίως
1173 1909 1202 1961 ό
1229 1905 1481 1976 θεολόγος
1520 1907 1702 1962 Ἰωάν-

1827 1926 1914 1979 lue
1941 1910 1994 1963 in
2027 1924 2187 1964 suum
2219 1908 2419 1965 librum
2453 1910 2794 1977 summatim,
2824 1896 3073 1978 ac'quasi
3115 1920 3208 1976 per
3249 1903 3389 1958 deli-

169 2015 247 2066 νης
275 1996 390 2067 περὶ
419 1996 641 2052 πάντων
669 1997 874 2051 τούτων
905 1996 1179 2052 διέλαϐεν.
1219 1999 1292 2052 Οὐ
1322 1998 1430 2066 γὰρ
1465 1999 1715 2054 ὲνέλιπόν

169 2107 230 2151 τι,
268 2089 329 2142 δι’
373 2082 446 2143 ὧν
474 2090 510 2160 ἦ
548 2106 614 2142 τε
644 2090 787 2144 κατά
838 2090 1018 2161 σάρκα
1063 2090 1160 2144 τοῦ
1210 2091 1388 2160 Λόγου
1424 2092 1715 2162 οἰκονομία

174 2179 455 2234 πιστεύεταί
512 2197 575 2234 τε
637 2182 733 2236 καὶ
792 2183 1257 2250 ἐπιγινώσκεται,
1316 2182 1412 2235 καὶ
1476 2185 1510 2253 ἡ
1573 2184 1717 2238 κατὰ

176 2272 258 2341 τὴν
296 2271 515 2343 θεότητα
560 2273 729 2328 αὑτοῦ
774 2274 1135 2345 μεγαλειότης
1171 2273 1468 2345 διαλάμπει
1514 2291 1572 2329 τε
1620 2275 1717 2329 καὶ

172 2364 511 2433 ἐμφανίζεται.
562 2367 659 2437 Μὴ
690 2368 945 2439 χωρῆσαι
982 2364 1082 2437 μέν
1131 2382 1217 2419 τοι
1273 2365 1345 2419 τὰ
1391 2365 1717 2439 γραφόμενα

173 2451 326 2521 βιϐλία
370 2455 457 2508 τὸν
526 2455 732 2526 κόσμον
793 2457 824 2510 6
879 2454 1126 2524 Ἰωάννης
1179 2457 1345 2527 φησιν
1373 2494 1388 2518 ,
1463 2457 1514 2509 εί
1574 2454 1716 2509 κατὰ

176 2544 313 2613 μέρος
385 2546 479 2599 καὶ
533 2548 634 2600 ἐπὶ
718 2547 901 2619 λεπτῷ
973 2549 1151 2603 πάντα
1230 2548 1534 2618 γράφοιτο,
1597 2546 1632 2602 ἂ
1690 2549 1719 2601 6

176 2637 420 2708 Δεσπότης
477 2635 605 2693 εἶπέ
639 2656 701 2693 τε
742 2641 836 2694 καὶ
873 2640 1129 2710 ἐποίησε·
1165 2638 1402 2709 μάλιστα
1445 2638 1504 2691 δὲ
1532 2638 1583 2691 εί
1622 2637 1743 2691 καὶ,

176 2726 280 2790 τοὺς
317 2727 497 2795 λόγους
531 2730 647 2783 τῶν
679 2731 1022 2801 πραγμάτων
1054 2730 1150 2783 καὶ
1179 2729 1486 2801 εἰρημένων
1525 2729 1722 2799 ἐπιζη-

178 2820 266 2872 τῶν
286 2838 360 2883 τις
388 2827 707 2879 συντάττειν
747 2825 988 2896 βούλοιτο
1004 2829 1074 2895 τῇ
1103 2825 1317 2896 Γραφῇ.
1359 2825 1422 2878 Οί
1452 2822 1561 2898 γὰρ
1595 2826 1723 2879 τού-

181 2928 269 2964 των
294 2911 430 2981 λόγοι
461 2916 557 2969 καὶ
590 2915 663 2989 cdt
692 2917 864 2981 αἴτια,
896 2916 1018 2970 καθ’
1046 2916 1083 2970 ἃ.
1112 2916 1335 2986 ἐνήργει
1371 2917 1473 2970 καὶ
1512 2915 1720 2984 ἔλεγεν,

180 3000 281 3054 οὔτε
307 3002 578 3075 λογισμοῖς
622 3003 987 3077 ἀνθρωπίνοις
1034 3003 1251 3073 ληπτοὶ,
1287 2999 1413 3055 οὔτε
1456 3002 1718 3071 γνωστοὶ,

183 3097 296 3167 πλὴν
319 3100 394 3152 ὅτι
418 3100 493 3164 ὡς
529 3101 558 3153 6
606 3099 739 3163 Θεὸς
777 3099 1071 3170 ἔπραττεν,
1109 3097 1145 3152 δι
1196 3096 1460 3167 ἔπραττε,
1488 3097 1585 3150 καὶ
1620 3096 1721 3166 τὴν

182 3188 498 3260 ἀνθρωπίνην
528 3190 697 3260 φύσιν
725 3191 1107 3259 πιστούμενοςσ
1143 3186 1267 3241 οὔτε
1308 3187 1453 3257 λόγῳ
1488 3186 1721 3259 ῥηθῆναι

1816 1999 2126 2055 neationem
2192 1999 2465 2055 industrie
2501 1999 2895 2074 diligenterque
2944 1997 3271 2060 retulerunt,
3305 2004 3390 2048 at-

1816 2107 1922 2161 quc
1952 2091 2069 2160 ipse
2103 2090 2358 2147 similiter
2398 2089 2638 2147 Joannes
2683 2092 2775 2147 ille
2820 2089 3129 2159 Thcologus
3162 2102 3225 2140 ac
3269 2084 3393 2140 Dei-

1818 2182 1945 2237 tatis
1968 2196 2146 2252 praeco
2182 2181 2249 2237 de
2288 2183 2374 2238 his
2421 2183 2678 2239 omnibus
2734 2176 3137 2239 commentatus
3193 2186 3279 2234 cst
3310 2184 3394 2231 at-

1817 2287 1922 2340 que
1955 2273 2232 2329 tractavit.
2295 2271 2410 2327 Non
2484 2273 2630 2328 enim
2694 2262 2898 2342 aliquid
2954 2286 3141 2327 earum
3212 2282 3395 2322 rerum

1818 2362 2304 2431 praetermiserunt.
2350 2375 2443 2429 per
2474 2374 2612 2429 quas
2669 2369 2784 2413 tum
2823 2373 2910 2419 ea,
2949 2372 3071 2427 quas
3121 2355 3176 2409 in
3233 2368 3397 2408 carne

1818 2449 2068 2519 contigit,
2097 2448 2498 2503 administratio
2522 2445 2686 2502 Verbi
2713 2444 2952 2501 creditur
2977 2451 3142 2513 atque
3194 2456 3399 2508 (mgnu-

1819 2542 2012 2606 scitur,
2032 2551 2153 2595 tum
2186 2556 2247 2595 ea
2273 2555 2391 2609 quae
2418 2540 2473 2595 in
2525 2540 2727 2596 deitate
2750 2538 2872 2607 ejus
2890 2545 2996 2599 est,
3012 2532 3402 2604 majestaseln-

1820 2639 1908 2688 cet
1939 2639 2101 2700 atque
2139 2629 2472 2686 declaratur.
2504 2630 2573 2684 At
2599 2628 2839 2685 Joannes
2875 2629 3138 2682 mundum
3172 2623 3251 2677 ait
3287 2638 3395 2676 non

1822 2734 2110 2794 capturum
2144 2738 2230 2789 ea,
2281 2737 2401 2793 quae
2457 2731 2817 2779 exararentur
2862 2718 3163 2796 volumina,
3194 2716 3241 2771 si
3271 2728 3399 2784 par-

1818 2817 2092 2871 ticulatim
2140 2830 2202 2871 ac
2260 2814 2570 2871 minutatim
2597 2813 2781 2868 omnia
2822 2811 3213 2867 scriberentur.
3279 2819 3400 2874 qua:

1820 2908 2086 2965 Dominus
2107 2913 2168 2975 et_
2180 2908 2319 2963 dixit
2338 2915 2393 2964 et
2411 2906 2543 2963 fecit
2570 2924 2583 2961 :
2628 2906 2870 2962 maxime
2893 2917 3022 2959 vero
3036 2903 3083 2957 si
3103 2902 3225 2970 quis
3236 2900 3397 2955 etiam

1821 3002 2063 3058 rationes
2079 3000 2342 3056 factorum
2360 3008 2525 3070 atque
2550 3000 2820 3055 dictorum
2844 2997 3126 3068 requirens
3146 2993 3197 3063 5
3224 2992 3397 3058 scrip-

1820 3102 1943 3148 tura
1972 3092 2224 3163 persequi
2261 3100 2425 3163 atque
2451 3091 2738 3163 complecu
2759 3090 2905 3146 velit.
2929 3088 3306 3144 lllorumcnim
3326 3100 3403 3138 ra-

1820 3187 1999 3242 tiones
2021 3196 2073 3242 et
2094 3200 2272 3242 causae
2303 3191 2523 3256 propter
2552 3198 2688 3254 quas
2716 3183 2934 3253 aliquod
2965 3181 3050 3237 vel
3071 3179 3288 3235 dicebat
3318 3178 3398 3229 vel

181 3279 397 3343 δυνατοὶ,
453 3281 574 3337 ἀλλ’
622 3284 743 3335 οὐδὲ
815 3284 1002 3353 γραφῇ
1043 3279 1385 3350 παραδοῦναι
1446 3280 1718 3350 χωρητοί⁶

1829 3278 2059 3333 faciebat
2112 3275 2531 3347 cogitationibus
2554 3275 2807 3329 humanis
2842 3287 3016 3341 neque
3040 3268 3271 3339 percipi,
3303 3280 3397 3319 nc-

185 3372 332 3435 ἄλλως
368 3392 425 3426 τε
455 3374 513 3428 δὲ
542 3376 645 3429 καὶ
690 3376 774 3440 τὸ,
802 3368 979 3444 οἶμαι,
1009 3371 1328 3443 προστεθὲν,
1363 3371 1463 3441 τὴν
1494 3371 1730 3441 ὑπερϐοο

184 3463 264 3534 ὶὴν
287 3466 489 3531 κολάζει
523 3466 629 3527 τοῦ
656 3466 845 3533 λόγου,
880 3465 974 3519 καὶ
1002 3464 1104 3519 οὐκ
1142 3463 1446 3529 ὲξάπαντος
1485 3462 1727 3517 δείκνυσι

185 3552 549 3625 διατεινόμενον
603 3555 679 3625 μὴ
708 3554 959 3626 χωρῆσαι

1831 3385 1941 3440 que
1974 3369 2256 3440 cognosci,
2306 3382 2485 3437 neque
2533 3367 2782 3421 oratione
2829 3364 3091 3434 explicari
3149 3367 3400 3431 possunt,

1835 3469 2031 3531 praeter
2082 3459 2212 3528 quid
2269 3457 2415 3527 quod
2465 3465 2723 3526 tanquam
2786 3453 2931 3508 Deus
2985 3450 3202 3520 agebat.
3257 3446 3405 3517 quod

1834 3554 2051 3621 agebat,
2102 3552 2263 3606 etiam
2304 3550 2601 3604 humanam
2651 3546 2867 3601 interim
2930 3554 3179 3598 naturam
3210 3554 3311 3609 pra
3348 3553 3409 3593 se

186 3647 574 3720 lcreus:atque
629 3649 765 3705 adeo
812 3665 882 3705 ne
939 3648 1232 3719 scriptura:
1266 3648 1487 3718 quidem
1556 3649 1802 3703 mandari
1857 3661 2025 3718 atque
2083 3644 2472 3715 comprehendi
2521 3648 2774 3712 possunt,
2830 3646 2884 3693 et
2948 3635 3190 3705 alioquin
3246 3631 3408 3686 etiam

185 3741 400 3806 verbum,
429 3743 658 3813 opinor,
703 3740 1012 3812 appositum
1035 3741 1510 3811 exsuperatimtem
1536 3748 1587 3796 et
1630 3741 2055 3810 superlationem
2091 3737 2316 3808 corrigit
2353 3732 2622 3791 orationis
2693 3738 2749 3785 et
2812 3726 3048 3785 ostendit
3109 3738 3233 3778 eum
3301 3734 3410 3774 non

187 3841 571 3894 contendentem
606 3847 662 3891 et
686 3846 1116 3903 asseverantem,
1169 3837 1436 3891 mundum
1463 3852 1689 3906 prorsus
1726 3851 1788 3892 ac
1820 3836 2039 3906 penitus
2065 3841 2354 3904 capturum
2393 3845 2501 3885 non
2526 3827 2718 3889 fuisse.

247 3932 383 3985 Ἔστι
414 3933 470 3986 δὲ
492 3934 593 3987 καὶ
643 3932 800 3986 τοῦτο
838 3934 1032 3992 είπεῖν.
1099 3933 1181 3985 ὅτι
1252 3924 1410 3993 οὗτος
1438 3932 1465 3984 6
1494 3932 1722 3998 εὐαγγε-

189 4020 364 4095 λιστὴς,
388 4026 507 4078 ἐπεὶ
542 4025 751 4096 μᾶλλον
781 4026 888 4078 τῶν
915 4024 1089 4079 ἄλλων
1126 4027 1192 4092 τῇ
1230 4023 1434 4094 θεωρίᾳ
1458 4020 1733 4092 ἐνδιατρί-

190 4116 277 4181 ϐει,
325 4119 538 4183 εἰκότως
568 4118 792 4172 ἅπαντα
828 4116 992 4170 αὐτοῦ
1020 4115 1089 4169 τὰ
1146 4114 1283 4186 ἔργα
1326 4114 1421 4166 καὶ
1453 4114 1735 4183 ποιήματα

192 4207 436 4275 γινώσκει,
463 4211 522 4263 οὐ
546 4209 712 4281 μόνον
738 4207 775 4263 ἃ
807 4207 943 4279 μετὰ
1001 4205 1205 4277 σαρκὸς
1234 4203 1568 4270 ἐπεδείξατο,
1601 4202 1737 4256 ἀλλὶι

191 4299 272 4351 καὶ
312 4300 449 4371 ἅπερ
475 4301 534 4365 ἐξ
557 4301 757 4362 αἰῶνος
786 4296 1219 4369 ἐδημιούργησεν
1258 4293 1529 4364 ἀσώματα
1556 4311 1614 4346 τε
1643 4292 1737 4345 καὶ

195 4388 315 4455 μετὰ
342 4389 613 4457 σώματος·
642 4381 715 4440 ὧν
746 4385 846 4456 τῆς
879 4386 1069 4446 οὐσίας
1100 4383 1270 4454 πέρας
1298 4382 1393 4435 καί⁸
1427 4382 1526 4449 τῆς
1565 4394 1737 4452 προσ-

193 4481 389 4550 αγωγῆς
420 4482 512 4536 καὶ
560 4480 665 4548 τῆς
725 4478 984 4549 διαφορᾶς
1040 4476 1135 4529 καὶ
1164 4476 1263 4543 τῆς
1297 4471 1605 4544 ὑπάρξεως,
1640 4473 1736 4524 καὶ

194 4572 283 4623 τῶν
306 4573 495 4636 ἄλλων,
525 4572 582 4625 εἴ
609 4588 691 4634 τις
726 4570 958 4640 τράφειν
983 4568 1108 4622 καθ’
1138 4567 1371 4620 ἕκαστον
1410 4562 1734 4636 ἐπιχειροίη,

1913 3928 2101 3983 Potest
2135 3935 2315 3981 autem
2352 3923 2457 3979 hoc
2491 3934 2713 3993 quoque
2745 3915 2876 3981 dici,
2941 3912 3085 3967 hunc
3139 3905 3415 3973 evangeli-

1840 4030 2004 4085 stam,
2030 4019 2154 4086 quia
2193 4016 2367 4087 magis
2398 4030 2561 4085 quam
2588 4007 2774 4067 caeteri
2804 4001 3160 4076 speculationi
3186 3995 3412 4056 insistit,

1847 4113 2046 4169 merito
2109 4112 2368 4165 universa
2432 4107 2581 4163 illius
2626 4115 2792 4173 opera
2819 4113 2884 4153 ac
2916 4090 3410 4159 factaintclligerc,

1847 4219 1954 4258 non
2003 4218 2070 4257 ea
2124 4201 2287 4259 modo
2351 4213 2473 4276 (ψει)
2526 4210 2652 4261 cum
2699 4205 2868 4247 carne
2918 4184 3193 4257 prmstitit,
3229 4195 3430 4235 verum

1844 4290 2005 4343 etiam
2038 4303 2101 4342 ea
2150 4303 2271 4357 quae
2324 4302 2352 4339 a
2405 4283 2606 4339 saaculo
2634 4279 2814 4335 ellecit
2848 4277 3170 4343 incorporea
3223 4283 3417 4339 corpo-

1838 4394 2076 4450 rcaque:
2106 4392 2339 4449 quorum
2372 4386 2584 4431 natura:
2633 4374 2793 4426 linem
2823 4378 2874 4424 et
2939 4363 3314 4437 productionis
3366 4372 3421 4414 et

1841 4472 2159 4528 dill'erentia:
2213 4477 2267 4525 et
2313 4465 2638 4523 substantia:
2696 4469 3130 4525 caeterorumque
3185 4454 3231 4507 si
3293 4453 3418 4521 quis

1841 4562 2159 4633 singulatim
2182 4559 2421 4616 scribere
2454 4554 2823 4626 aggrediatur,
2857 4566 2945 4616 ne,
2985 4549 3030 4604 si
3071 4546 3194 4617 quis
3250 4543 3416 4599 etiam

194 4662 290 4715 οὔτ’
338 4664 422 4725 ἂν,
472 4665 526 4717 εἴ
554 4680 639 4725 τις
675 4663 769 4714 καὶ
813 4660 930 4730 δοίη
954 4658 1116 4713 τοῦτο
1169 4658 1313 4711 κατὰ
1365 4655 1717 4725 συγχώρησιν

1849 4655 1955 4711 hoc
1987 4655 2079 4709 det
2103 4667 2202 4724 per
2240 4650 2683 4711 concessionem,
2722 4645 2841 4702 ﬁeri
2873 4643 3091 4716 quidem
3124 4646 3326 4711 posset,
3359 4643 3420 4690 ut

195 4751 390 4808 δυνατὸν
419 4755 504 4826 εἴη
533 4756 630 4809 τὸν
657 4755 863 4823 κόσμον
892 4753 959 4805 τὰ
991 4749 1316 4822 γραφόμενα
1338 4746 1522 4818 βιϐλία
1558 4744 1720 4817 χωρῆ·

1848 4745 2087 4801 mundus
2144 4750 2363 4813 caperet
2445 4737 2773 4803 volumina,
2837 4749 2960 4805 quae
3024 4731 3463 4823 scriberentur.’

198 4859 293 4901 σαι.
318 4848 378 4902 Et
413 4820 579 4911 ὅέστις
638 4848 734 4899 καὶ
766 4820 990 4912 ⁷κόσμον
1035 4820 1286 4897 ήὲνταῦθα
1332 4838 1395 4892 οὐ
1418 4838 1511 4892 τὸν
1541 4838 1720 4908 κόσμοε

1850 4837 2003 4906 Quod
2030 4837 2075 4893 si
2139 4836 2264 4908 quis
2320 4834 2485 4891 etiam
2543 4829 2806 4887 mundum
2850 4827 2960 4889 hic,
3014 4838 3125 4878 non
3154 4820 3422 4874 mundum

201 4938 384 5006 ἁπλῶς,
417 4942 555 4997 ἀλλὰ
582 4942 674 4995 τὸν
704 4940 797 4994 ἐπὶ
819 4910 1046 5009 πονηρῷ
1066 4936 1316 5005 κείμενον
1342 4934 1629 5005 ἄνθρωπον
1654 4949 1720 4985 κα

1852 4927 2200 4998 simpliciter,
2258 4926 2355 4982 sed
2386 4940 2534 4987 eum,
2596 4920 2690 4993 qui
2746 4916 3094 4990 improbitate
3123 4910 3424 5009 obsitusac

200 5031 259 5087 τὰ
282 4999 592 5106 τούικόσμου
612 5035 705 5088 καὶ
734 5033 800 5086 τὰ
833 4999 1169 5102 τῆςσαρκὸς
1193 4999 1720 5096 ἐκλάδοιιρρονοῦντα

1854 5019 2115 5092 praeditus
2136 5024 2244 5086 est,
2271 5015 2573 5111 hqminem,
2603 5027 2667 5067 ac
2692 5009 2965 5066 mundana
2992 4999 3424 5111 atqueOcarnalia

206 5123 447 5197 πολλαχοῦ
488 5091 610 5197 ’γὰρ
644 5127 737 5179 καὶ
766 5091 941 5186 οὕτως
977 5091 1230 5191 εἴληπται
1248 5118 1350 5189 τῆς
1382 5091 1628 5188 Γραφῆςο
1662 5114 1713 5167 εί

1855 5091 2042 5166 animo
2092 5091 2383 5180 agitantem
2447 5103 2711 5174 accipiat:
2756 5102 2808 5157 in
2872 5098 3054 5153 multis
3082 5092 3227 5150 enim
3290 5091 3424 5144 locis

1860 5203 2156 5272 Scriptura:
2171 5200 2335 5256 etiam
2365 5197 2446 5254 sic
2469 5194 2735 5266 accipitur
2762 5209 2777 5245 :
2824 5196 2967 5243 recte
2990 5185 3122 5241 dicit
3145 5182 3383 5272 Joannes
3402 5221 3417 5242 ν

205 5268 561 5381 magnes};
970 5287 1215 5377 Χριστοῦ
1260 5302 1475 5371 θελήσει
1506 5317 1591 5363 τις
1615 5268 1720 5352 tam

1861 5268 2017 5359 Quod
2063 5291 2108 5346 si
2147 5289 2275 5359 quis
2301 5285 2532 5352 'omnia,
2577 5298 2699 5354 quae
2752 5295 2784 5334 a
2832 5275 3052 5333 Christo
3103 5268 3426 5325 mirabiliter

207 5371 436 5469 γρόιιρείν,
481 5402 583 5456 οὐκ
607 5371 1085 5472 ἂνάωρήσαιενόί
1115 5394 1368 5459 τοιοῦτοι,
1422 5390 1500 5462 τῷ
1556 5389 1720 5461 πλήθε

1859 5386 2002 5440 facta
2040 5391 2190 5446 sunt,
2235 5381 2434 5437 litteris
2464 5375 2726 5434 mandare
2740 5371 2892 5434 velit,
2915 5379 3109 5437 capere
3129 5377 3236 5472 net:
3266 5372 3427 5459 posse

208 5448 1108 5562 ἑίτζἰξέξιινᾯξιῖέῇλεῖετῇἑιᾷξὶὲξηέι
1139 5487 1219 5548 εἰς
1242 5448 1501 5538 ἀπιστίαν
1531 5448 1720 5549 μᾶλλοι

1857 5492 1977 5540 eos,
2011 5474 2103 5546 qui
2161 5473 2300 5529 tales
2350 5478 2499 5537 sunt,
2533 5448 3427 5562 multitudineac.magnificentia

208 5540 890 5653 ﬁalgidis;adoratis;
950 5540 1280 5646 ὑπόιγεσθαι.
1339 5575 1448 5628 Καὶ
1498 5540 1609 5643 γαρ
1662 5571 1720 5624 διν

1857 5540 2083 5639 ορρτυὶη
2140 5564 2210 5620 ad
2262 5559 2697 5619 incredulitatem
2755 5548 2900 5608 soliti
2937 5543 3155 5601 adduci.
3211 5540 3431 5596 Etenim

206 5218 353 5282 κότως
415 5220 562 5287 λέγει
598 5218 943 5285 ό,⁹1ωάννης,
964 5214 1046 5267 ὅτι
1077 5212 1139 5265 Εί
1164 5212 1345 5291 πᾲντα
1359 5211 1405 5242 ⁸⁸
1440 5209 1509 5262 τὰ
1533 5208 1747 5277 θαυμα-

1392 5711 1591 5774 Variae
1614 5709 1923 5773 lectiones
1954 5713 2015 5769 et
2050 5710 2242 5767 notae.

275 5837 681 5908 ⁸διιεποιεῖσθοιι,
710 5852 843 5897 erat.
923 5841 965 5873 “
982 5840 1202 5905 πάντες,
1227 5847 1366 5893 erat.
