3870 6552
451 407 548 471 503
1323 409 1425 471 Tll
1436 410 1898 474 EOPHYLACTI
1941 416 2355 478 BULGARUE
2384 419 2585 479 ARCII
2598 419 2734 481 [ΕΡ.
3581 416 3666 487 ἓθί

450 524 655 581 idcirco
682 524 868 584 multis
890 527 943 582 in
972 524 1110 583 locis
1142 528 1517 599 evangelistae,
1545 544 1608 584 ac
1635 544 2013 600 sa‘pennmero
2038 585 2043 595 ,

2152 534 2272 589 οῢτο
2291 535 2561 608 πολλαχοῦ
2599 538 2647 590 oi
2683 534 3070 605 εὐαγγελισταὶ
3117 534 3211 590 καὶ
3236 534 3493 596 πολλάκις
3520 532 3670 603 δῆμον

452 629 592 673 totas
622 627 872 677 catervas
898 633 1111 684 eorum,
1174 619 1267 690 qui
1304 621 1481 675 sanati
1548 619 1792 686 fuerunt,
1852 622 2021 678 silen-

2152 627 2247 683 Llov
2276 629 2535 683 ίαθὲντων
2561 630 2993 702 παρατρέχουσι,
3020 630 3115 684 καὶ
3144 628 3316 683 πολλά
3344 629 3453 683 τῶν
3477 629 3667 697 θαυμα-

454 712 532 765 ιίο
563 710 1007 779 pra-termittunt,
1053 726 1117 766 ac
1143 711 1311 767 multa
1367 712 1636 768 miracula
1692 720 2020 770 transeunt:

2152 736 2333 791 ὀυργη
2342 718 2526 790 μάτων
2556 719 2967 788 ὑπερϐαίνουσι,
2996 717 3671 791 μόνονςὶπισημαινόμενοτ,

452 806 833 859 tantummodo
864 802 1263 874 signiﬁcantes,
1312 805 1517 861 multos
1548 822 1577 860 a
1614 806 1782 862 variis
1821 808 2025 865 morbis

2152 830 2207 865 ιτι
2247 811 2431 866 πολλοὶ
2465 812 2530 865 ἐκ
2582 812 2842 866 ποικίλων
2898 811 3088 866 παθῶν
3131 811 3556 881 ἀπηλλάγησανο
3594 813 3674 864 καὶ

455 895 735 963 liberatos,
783 904 836 951 et
865 897 1036 950 multa
1093 896 1236 951 facta
1270 912 1394 954 esse
1427 898 1716 964 miracula,
1750 908 1802 954 et
1831 900 2025 969 hujus-

2152 900 2299 956 τολλὰ
2332 902 2580 970 εγένοντο
2608 901 2882 971 θαύματα,
2920 901 3018 956 καὶ
3039 900 3284 957 τοιαῦτα·
3300 901 3400 973 τὴν
3420 900 3475 953 δὲ
3495 900 3674 970 ἐξήγη-

452 986 620 1052 modi,
658 989 1031 1043 narrationem
1061 997 1243 1044 autem
1277 1004 1386 1044 non
1434 1001 1736 1061 exponunt.
1779 990 2025 1047 Plurinm

2152 1012 2215 1048 ην
2242 995 2302 1047 οὐ
2335 994 2634 1047 ποιοῦνται.
2677 993 2800 1046 Τῶν
2841 993 2951 1062 γὰρ
2985 993 3251 1047 πλειόνων
3281 995 3316 1063 ἡ
3356 993 3498 1046 κατά
3530 991 3672 1063 μέρος

451 1078 592 1134 enim
658 1080 1007 1150 particularis
1045 1081 1292 1138 narratio
1324 1082 1698 1140 crassioribus
1746 1091 1800 1138 et
1838 1100 2028 1141 errore

2152 1087 2383 1158 ῑιήγησις
2402 1089 2516 1150 τοῖς
2552 1085 2876 1158 παχυτέροις
2901 1086 2996 1141 καὶ
3019 1088 3085 1157 τῇ
3117 1084 3295 1157 πλάνῃ
3324 1100 3676 1158 προκατεσχηο

451 1170 872 1240 ριιεοεειιροιίε,
936 1170 1379 1226 incredulitatem
1410 1172 1593 1242 potius
1623 1182 1787 1241 atque
1813 1172 2028 1229 detrec-

2152 1180 2335 1243 ιένοις,
2392 1179 2649 1233 ἀπιστίαν
2691 1177 2893 1249 μᾶλλον
2920 1181 3013 1233 καὶ
3048 1178 3208 1233 ὄκνον
3231 1177 3335 1248 τῆς
3368 1178 3677 1249 ἀκροάσεως,

453 1261 712 1317 tationem
769 1271 823 1317 et
878 1262 1279 1320 aversationem
1341 1264 1796 1330 auscultationis,
1862 1280 2027 1336 quam

2152 1272 2166 1343 δ
2200 1272 2383 1326 πίστιν
2429 1273 2525 1327 καὶ
2570 1272 2885 1345 προθυμίαν
2910 1274 2991 1338 είς
3034 1272 3140 1344 τὴν
3159 1270 3431 1345 ἀκρόασιν
3460 1271 3681 1340 ἐμποιεῖν

454 1353 616 1409 tidem
646 1362 701 1409 et
733 1354 1072 1410 alacritatem
1104 1355 1168 1411 ad
1199 1355 1614 1412 auscultandum
1640 1355 1779 1412 solet
1810 1356 2032 1431 ingene—

454 1459 596 1500 rare.

526 1538 659 1603 Quw
678 1535 839 1593 Iesus
873 1541 1031 1610 caepit
1063 1548 1171 1593 tam
1208 1540 1401 1608 facere,
1419 1555 1581 1610 quant
1611 1538 1818 1595 docere.

527 1628 790 1685 Miracula
813 1638 977 1701 atque
1007 1630 1311 1686 doctrinam
1365 1629 1537 1686 dicit:
1585 1645 1694 1685 non
1735 1630 1913 1687 solum
1934 1645 2034 1687 au-

456 1731 567 1777 tem
636 1723 760 1787 hoc,
815 1739 1005 1779 verum
1062 1723 1247 1788 etiam,
1301 1721 1447 1794 quod
1493 1720 1748 1779 faciendo
1791 1723 2032 1780 doceret.

2133 1363 2342 1419 εἴωθεν.

2086 1544 2103 1550 ⁷
2205 1538 2317 1598 Ὧν
2340 1543 2565 1613 ἤρξατο
2597 1547 2631 1599 ὁ
2665 1543 2897 1612 Ἰησοῦς
2922 1540 3117 1597 ποιεῖν
3142 1557 3204 1596 τε
3241 1539 3343 1594 καί
3376 1536 3679 1593 διδάσκειν.

2205 1633 2288 1687 Τὰ
2318 1632 2571 1705 θαύματα
2603 1633 2696 1688 καὶ
2720 1634 2819 1697 τὰς
2852 1631 3201 1695 διδασκαλίας
3226 1630 3396 1701 φησίν
3425 1645 3440 1660 ·
3465 1628 3523 1682 ού
3546 1629 3680 1681 τοῦτο

2135 1726 2192 1780 δὲ
2241 1726 2402 1797 μόνον
2427 1767 2443 1791 ,
2478 1726 2593 1779 ἀλλ’
2627 1726 2709 1779 ὅτι
2739 1726 2836 1779 καὶ
2878 1726 2938 1778 ὲν
2963 1722 3041 1795 τῷ
3094 1724 3268 1776 ποιεῖν
3297 1719 3603 1775 ἐδίδασκενο
3629 1721 3681 1771 οὐ

456 1810 574 1867 Non
626 1814 770 1868 enim
799 1815 981 1869 verbis
1027 1814 1246 1884 quidem
1281 1813 1599 1872 hominibus
1635 1815 1950 1881 mandabat,
1976 1825 2036 1870 ut

2152 1818 2248 1888 γὰρ
2299 1817 2445 1888 λόγῳ
2491 1817 2590 1887 μὲν
2644 1817 2914 1888 ἐπέτρεπε
2961 1818 3075 1879 τοῖς
3128 1815 3309 1878 ἀλλοις
3334 1813 3384 1845 ⁸⁸
3430 1811 3682 1883 πράττειν,

459 1903 723 1968 facerent,
760 1904 878 1973 ipse
902 1919 1030 1958 vero
1063 1919 1173 1958 non
1207 1904 1469 1970 faciebat,
1526 1904 1618 1961 sed
1653 1920 1746 1975 per
1767 1920 1854 1968 ea,
1911 1920 2036 1975 qua:

2152 1880 2305 1974 αὐτὸς
2331 1880 2389 1964 δὲ.
2417 1880 2516 1963 οὒκ
2550 1880 2823 1978 ἔπραττεν
2845 1948 2862 1973 ,
2892 1907 3030 1962 ἀλλὰ
3051 1906 3122 1960 δι’
3147 1900 3222 1961 ὧν
3247 1904 3414 1967 αύτδς
3458 1880 3685 1973 έπραττε,

457 1997 575 2063 ipse
608 1993 862 2061 faciebat,
898 1995 1062 2050 etiam
1096 1994 1350 2050 homines
1378 1996 1727 2061 admonebat,
1757 2004 1816 2051 ut
1839 1996 1904 2051 ad
1948 1996 2034 2052 sui

461 2086 826 2141 imitationem
860 2095 913 2141 et
941 2087 1185 2142 studium
1227 2088 1454 2163 virtutis
1483 2102 1607 2144 sese
1652 2088 2033 2144 transferrent.

460 2174 757 2233 Sciendum
787 2186 871 2235 est
904 2186 1089 2235 autem
1115 2178 1477 2251 Theophilum
1521 2196 1689 2235 unum
1749 2180 1922 2238 fuisse
1971 2181 2040 2236 de

461 2283 693 2324 numero
750 2270 989 2341 piorum,
1049 2270 1141 2339 qui
1189 2272 1258 2327 ab
1293 2272 1414 2343 ipso
1462 2271 1610 2328 Luca
1660 2272 1728 2328 ad
1782 2273 2039 2343 pietatem

461 2368 619 2414 erant
644 2361 902 2417 instituti.
946 2364 1025 2418 Ac
1059 2378 1129 2419 ne
1183 2364 1422 2432 mireris,
1487 2364 1532 2419 si
1589 2364 1752 2420 unius
1803 2365 2040 2421 hominis

462 2451 639 2521 gratia
672 2452 809 2508 adeo
831 2454 1109 2511 sollicitus
1141 2455 1265 2524 fuit,
1296 2470 1533 2526 eumque
1562 2457 1697 2510 tanti
1720 2456 1777 2528 6
1804 2454 1953 2523 fecit,
1981 2466 2042 2511 ut

460 2540 704 2616 integros
753 2544 924 2602 libros
962 2554 1125 2618 atque
1152 2554 1418 2603 tractatus
1457 2547 1745 2604 scriberet.
1776 2546 2044 2604 Scrvabat

465 2634 613 2690 enim
650 2634 995 2693 Dominicam
1029 2654 1242 2707 vocem,
1277 2655 1397 2711 qua‘
1430 2639 1563 2696 dicit
1597 2659 1610 2696 :
1649 2639 1765 2695 Non
1799 2648 1885 2697 est
1945 2655 2043 2696 vo-

465 2726 655 2783 luntas
711 2728 894 2789 Patris
944 2731 1073 2798 mei,
1135 2740 1194 2786 ut
1225 2741 1413 2805 pereat
1457 2749 1599 2790 unus
1625 2735 1694 2791 de
1727 2734 1912 2804 parvis
1930 2734 2040 2789 his.

467 2818 573 2876 Sed
610 2837 711 2876 cur
742 2821 838 2877 uni
895 2836 1020 2877 cum
1071 2825 1336 2882 scriberet
1362 2825 1687 2898 Theophilo,
1713 2843 1822 2882 non
1873 2842 2043 2881 unum

464 2912 669 2967 librum
702 2910 851 2978 fecit,
885 2912 982 2969 sed
1013 2914 1068 2969 in
1090 2913 1230 2971 duas
1252 2924 1440 2986 partes
1460 2917 1650 2975 divisit
1669 2927 1988 2988 argumenta
2021 2918 2046 2972 ?

468 3001 704 3074 Propter
731 3003 1210 3075 perspicuitatem,
1234 3014 1290 3061 et
1318 3014 1376 3061 ut
1406 3008 1659 3065 reﬁceret
1717 3008 2042 3075 auditorem,

471 3106 639 3165 atque
663 3096 830 3151 etiam
855 3104 1179 3167 argumento
1212 3097 1373 3155 divisi
1416 3105 1683 3157 tractatus
1714 3109 1894 3168 erant,
1942 3100 2045 3155 ita-

2138 2003 2227 2061 διὰ
2261 2002 2465 2055 τούτοιν
2487 2001 2716 2073 παρῄνει
2745 2002 2841 2055 καὶ
2866 2000 2994 2064 τοὺς
3023 1997 3345 2069 ἀνθρώπους
3376 1996 3458 2059 είς
3486 1994 3686 2066 μίμησιν

2140 2094 2334 2149 ἑαυτοῦ
2366 2094 2459 2148 καὶ
2483 2095 2687 2166 ἀρετῆς
2709 2092 3032 2163 ἐπιμέλειαν
3066 2089 3481 2164 μετατίθεσθαι.
3518 2087 3684 2141 ’ἰστέον

2139 2185 2197 2240 δὲ
2231 2186 2315 2240 ὅτι
2350 2184 2656 2255 όΘεόιριλος
2716 2181 2796 2249 εἷς
2850 2180 2921 2257 ἦν
2954 2184 3062 2238 τῶν
3114 2180 3383 2246 εὐσεϐῶν,
3415 2180 3524 2234 τῶν
3545 2197 3687 2250 κατη-

2140 2275 2417 2347 χηθέντων
2431 2276 2524 2329 ὐπ’
2542 2274 2709 2329 αὑτοῦ
2737 2276 2835 2347 τὴν
2856 2273 3160 2329 εύσέσειαν.
3192 2273 3300 2325 Καὶ
3320 2270 3401 2342 μὴ
3429 2269 3686 2338 θαυμάσῃς

2142 2371 2191 2423 εί
2215 2369 2403 2424 ἕνεκεν
2432 2368 2623 2439 ἀνδρὸς
2643 2368 2761 2433 ἑνὸς
2781 2367 3051 2437 τοσαύτην
3073 2366 3332 2439 φροντίδα
3361 2363 3684 2424 κατεϐάλετο,

2140 2462 2217 2527 ὡς
2244 2461 2338 2516 δύο
2368 2460 2514 2531 αὒτῷ
2544 2460 2754 2531 γράψαι
2801 2460 3186 2530 πραγματείας
3229 2457 3580 2527 ὁλοκλήρους·
3615 2454 3689 2507 καὶ.

2143 2555 2255 2624 γὰρ
2283 2553 2457 2623 φύλαξ
2476 2549 2545 2625 ἦν
2572 2554 2673 2621 τῆς
2696 2554 3032 2623 Δεσποτικῆς
3053 2550 3259 2621 φωνῆς,
3286 2550 3393 2618 τῆς
3418 2547 3655 2615 λεγούπης
3676 2562 3688 2577 ’

2146 2647 2265 2700 Ούκ
2304 2644 2420 2699 ἔστι
2454 2645 2668 2715 θέλημα
2695 2644 2790 2699 τοῦ
2812 2644 3026 2714 Πατρός
3060 2660 3185 2713 μου,
3216 2642 3306 2696 ira.
3332 2640 3596 2709 ἀπόληται
3625 2631 3689 2698 εἷς

2143 2738 2251 2792 τῶν
2288 2738 2499 2810 μικρῶν
2523 2737 2747 2791 τούτων.
2778 2736 2935 2801 Τίνος
2957 2736 3015 2790 δὲ
3037 2736 3225 2789 ἕνεκεν
3277 2736 3360 2789 ἑνὶ
3382 2733 3599 2804 γράοςρων
3622 2728 3683 2799 τῷ

2143 2830 2409 2902 Θεοφίλῳ,
2465 2831 2564 2901 ούχ
2603 2830 2662 2884 ἓν
2713 2830 2918 2903 βιϐλίον
2976 2829 3276 2900 ἑποίησεν,
3326 2825 3451 2882 ἀλλ’
3497 2827 3570 2889 είς
3616 2824 3691 2878 δύο

2144 2921 2309 2977 διεῖλε
2337 2922 2434 2985 τάς
2464 2921 2771 2989 ύποθέσειςς
2789 2922 3100 2993 Σαφηνείας
3123 2921 3335 2983 ἕνεκεν,
3365 2919 3463 2972 καί⁸
3490 2916 3574 2971 τοῦ
3597 2916 3692 2968 δια-

2143 3011 2420 3068 ναπαῦσαι
2448 3012 2543 3067 τὸν
2571 3012 2883 3085 ἀκροατήν·
2927 3013 3008 3066 ἑτι
3043 3012 3139 3065 καὶ
3174 3009 3436 3065 ὑποθέσει
3467 3006 3693 3080 διηρημέο

2145 3121 2236 3159 ναι
2262 3098 2404 3176 ἦσαν
2428 3105 2484 3158 αἱ
2515 3104 2912 3175 πραγματεῖαι·
2946 3103 3042 3156 καὶ
3071 3102 3302 3167 εἰκότως
3327 3101 3429 3156 καὶ
3451 3100 3599 3162 αύτδς
3628 3096 3690 3158 εἱς

469 3201 580 3256 que
608 3192 760 3243 recte
786 3186 903 3253 ipse
931 3202 1154 3259 quoque
1191 3189 1309 3246 haec
1369 3204 1539 3262 Opera
1570 3192 1625 3248 in
1681 3193 1818 3249 duas
1861 3200 2043 3265 partes

2152 3195 2242 3250 δύο
2271 3194 2432 3250 διεῖλε
2455 3194 2662 3260 ταύτας
2694 3194 2793 3260 τάς
2822 3192 3226 3266 πραγματείας.

468 3278 675 3336 divisit.

546 3368 716 3427 νεεδ.
770 3370 828 3424 2.
872 3369 1045 3443 Usque
1098 3373 1168 3426 ad
1230 3389 1346 3428 eum
1383 3374 1545 3442 diem,
1578 3393 1679 3445 quo
1705 3386 2051 3449 posteaquam

458 3460 729 3517 mandata
748 3462 890 3519 dedit
922 3465 1177 3535 apostolis
1215 3482 1309 3535 per
1339 3466 1605 3537 Spiritum
1631 3479 1893 3536 sanctum,
1920 3486 2049 3541 quos

467 3554 716 3626 elegerat,
751 3566 1054 3627 assumptus
1076 3567 1127 3613 et
1169 3558 1443 3615 subvectus
1474 3569 1576 3615 est.

543 3645 906 3718 Posteaquam
977 3666 1072 3720 per
1141 3651 1409 3723 Spiritum
1470 3661 1720 3708 sanctum
1793 3655 2049 3709 mandata

468 3738 663 3794 dedit:
715 3740 767 3794 id
830 3751 933 3807 est,
997 3752 1351 3812 posteaquam
1403 3742 1622 3799 locutus
1684 3751 1769 3798 est
1810 3744 1880 3798 ad
1950 3758 2051 3800 eos

469 3831 780 3902 spiritualia
832 3834 1020 3888 verba.
1080 3832 1225 3888 Nihil
1305 3835 1411 3889 hoc
1442 3834 1515 3890 sit
1547 3836 1873 3901 humanum,
1905 3838 2050 3905 quod

469 3940 572 3994 per
602 3923 872 3993 Spiritum
904 3924 986 3980 eis
1015 3925 1301 3980 mandavit
1337 3944 1354 3994 ;
1386 3925 1847 3994 quemadmodum
1882 3927 2050 3983 etiam

470 4017 592 4086 ipse
619 4016 891 4074 Dominus
926 4018 1194 4074 humilius
1218 4029 1272 4075 ει
1292 4022 1360 4076 ad
1393 4021 1810 4091 dispositionem
1864 4031 1919 4079 et
1954 4023 2053 4078 ad-

474 4109 947 4167 ministrationem
999 4112 1467 4170 accommodatius
1522 4114 1752 4185 loquens
1804 4116 2049 4173 dicebat:

473 4201 573 4257 Sin
605 4211 789 4259 autem
815 4218 914 4273 per
945 4203 1210 4274 Spiritum
1244 4202 1339 4260 Dei
1393 4220 1493 4276 ego
1540 4206 1807 4262 dzemonia
1867 4208 2050 4278 ejicio.

2226 3378 2390 3446 Ἄχρι
2424 3369 2500 3445 ἧς
2542 3373 2768 3443 ἡμέρας
2818 3372 3242 3444 ἐντειλάμενος
3294 3369 3423 3435 τοῖς
3472 3366 3694 3423 dmord-

2152 3471 2284 3534 .lou;
2313 3464 2413 3520 διὰ
2437 3464 2784 3535 ﬂammato;
2813 3464 3010 3536 ἁγίου,
3041 3463 3151 3531 οὓς
3174 3459 3522 3528 ἐξελέξατο,
3580 3457 3694 3511 dre-

2152 3557 2404 3628 λιίφθηοτ

2222 3649 2322 3703 Διὰ
2354 3649 2667 3720 Πνεύματος
2683 3647 3081 3718 ἐντειλάμενος,
3094 3645 3373 3710 τουτέστι,
3385 3640 3694 3713 πνευματικὰ

2155 3738 2292 3810 πρὸς
2354 3739 2549 3801 αὐτοὺς
2609 3736 2780 3792 εἰπὼν
2814 3737 3069 3810 ῥήματαο
3117 3736 3271 3791 οὐδὲν
3320 3725 3694 3806 ἀνθρώπινονῇ

2153 3828 2333 3894 τοῦτο,
2365 3829 2448 3882 ὅτι
2471 3829 2529 3883 ὲν
2565 3827 2847 3899 Πνεύματι
2876 3827 3061 3890 αὐτοῖς
3086 3825 3132 3858 ⁸⁷
3162 3826 3491 3891 ἐνετείλατο,
3545 3820 3696 3881 καθὼς

2155 3922 2249 3975 καὶ⁹
2267 3920 2429 3984 αὐτὸς
2449 3921 2479 3974 6
2516 3919 2797 3991 Δεσπότης
2825 3919 3213 3990 ταπεινότερον
3240 3919 3337 3970 καὶ
3381 3911 3698 3983 οίκονομικώ-

2153 4030 2314 4084 τερον
2364 4012 2589 4082 φάσκων
2644 4010 2847 4079 ἔλεγεν·
2881 4009 2942 4063 Ei
2965 4010 3023 4064 δὲ
3054 4012 3112 4063 ὲν
3146 4008 3433 4079 Πνεύματι
3462 4004 3590 4058 Θεοῦ
3611 3999 3698 4068 ἐγὼ

2155 4101 2471 4158 ικσάλλω⁴⁸
2500 4100 2571 4155 τὰ
2602 4101 2893 4170 δαιμόνιαι
2929 4099 2987 4170 ἢ,
3023 4098 3128 4152 Διά
3161 4099 3504 4168 Πνεύματος,
3543 4094 3698 4165 φησὶν.

2157 4193 2555 4265 ἐντειλάμενος,
2580 4192 2679 4263 οὐχ
2701 4192 2783 4246 ὅτι
2811 4192 2841 4245 6
2870 4190 3001 4253 Υἱὸς
3028 4188 3224 4262 ἐδεήθη
3256 4189 3352 4242 τοῦ
3392 4186 3694 4256 Πνεύματῡς.

2156 4285 2272 4340 ἀλλ’
2323 4286 2407 4339 ὅτι
2446 4283 2574 4338 ἔνθα
2596 4282 2663 4338 ἂν
2697 4285 2726 4337 6
2750 4283 2885 4347 Υίδς
2938 4281 3364 4353 διαπράττηται,
3409 4282 3523 4335 ἐκεῖ
3551 4277 3632 4329 καὶ
3649 4275 3697 4328 τὸ

2157 4376 2407 4448 Πνεῦμα,
2451 4375 2528 4440 ὡς
2552 4375 2809 4447 όμοιρυὲς,
2855 4375 2949 4428 καὶ
2981 4376 3200 4445 ἐνεργεῖ
3229 4377 3327 4428 καὶ
3366 4372 3694 4445 συμπάρεστι.

470 4293 582 4348 Aut
611 4291 754 4349 :Per
809 4293 1073 4365 Spiritum
1125 4296 1216 4352 ubi
1243 4300 1503 4353 mandata
1542 4298 1715 4363 dedit,
1744 4298 1896 4365 dicit,
1941 4314 2051 4355 non

470 4384 615 4454 quod
645 4380 815 4445 Filius
844 4386 1050 4459 Spiritu
1075 4389 1368 4460 indiguertt
1389 4408 1404 4445 :
1428 4392 1523 4445 sed
1568 4390 1715 4461 quod
1749 4391 1840 4446 ubi
1873 4390 2048 4463 (quid)

472 4477 650 4536 Filius
708 4480 932 4536 conﬁcit
996 4491 1051 4537 et
1073 4483 1421 4554 exsequitur,
1448 4483 1562 4539 illic
1585 4484 1751 4539 etiam
1787 4482 2043 4555 Spiritus,

2158 4472 2225 4525 Τί
2254 4471 2308 4525 δὲ
2334 4469 2635 4525 ἐνετείλατο
2668 4486 2683 4534 ;
2716 4468 3085 4540 Πορευθέντες
3138 4466 3519 4538 μαθητεύσατε
3547 4464 3693 4517 πάντα

470 4579 662 4641 utpote
690 4571 942 4641 ejusdem
975 4588 1101 4630 eum
1121 4589 1188 4630 eo
1218 4553 1429 4630 naturae
1467 4582 1633 4647 atque
1683 4553 2040 4642 conditionis,

2155 4562 2224 4617 τὰ
2255 4562 2425 4631 ἕθνη’,
2469 4559 2821 4632 βαπτίζοντες
2856 4560 3054 4622 αὐτοὺς
3076 4560 3155 4623 είς
3183 4558 3244 4612 τὸ
3274 4558 3451 4629 ὄνομα
3479 4556 3565 4610 τοῦ

470 4672 527 4716 ει
594 4662 653 4718 in
716 4679 885 4734 opere
941 4676 1217 4735 versatur,
1288 4675 1344 4722 et
1410 4683 1517 4723 una
1542 4645 1725 4725 adest.
1769 4668 1875 4725 Sed
1921 4668 2043 4739 quid

2152 4653 2302 4723 τρὸς,
2342 4651 2438 4705 καὶ
2468 4649 2561 4704 τοῦ
2595 4650 2745 4714 Υἱού,
2786 4650 2882 4702 κα⁴ι
2948 4650 3043 4703 τοῦ
3076 4648 3234 4716 ἀγίου
3265 4649 3596 4719 Πνεύματοςν
3632 4645 3696 4696 δι’

474 4755 804 4810 mandavit?
863 4757 961 4826 Ite,
1027 4757 1219 4814 docete
1273 4774 1470 4815 omnes
1529 4761 1806 4825 nationes,
1849 4737 2043 4830 eosque

2157 4744 2450 4805 δάσκοντες
2479 4740 2678 4804 αὐτοὺς
2741 4743 2930 4811 τηρεῖν
2981 4741 3179 4804 πάντα,
3239 4741 3344 4793 ὅσα
3390 4737 3699 4844 ἑνετειλάμην

483 4849 761 4920 baptizate
795 4849 850 4904 in
881 4851 1107 4907 nomine
1167 4851 1372 4918 Patris,
1414 4862 1470 4909 et
1519 4852 1666 4918 Filii,
1698 4860 1754 4908 et
1812 4851 2043 4924 Spiritus

2159 4834 2301 4904 ύμῖν.
2368 4831 2797 4903 Ἐντειλάμενος,
2845 4831 3033 4901 φησιν,
3080 4831 3385 4903 ἀνελήφθη·
3408 4832 3508 4884 ούκ
3557 4831 3699 4934 εἶπέν.

478 4939 654 4994 sancti
690 4958 705 4994 :
738 4955 803 4995 ac
832 4940 1025 4997 docete
1049 4956 1147 4999 eos
1176 4958 1394 5000 servare
1422 4958 1768 5014 quaecunque
1799 4944 2043 4999 mandavi

2170 4923 2394 4995 Ἀνέϐη·
2426 4922 2540 4977 ἀλλ’
2563 4922 2641 4976 έτι
2668 4922 2744 4986 ὠς
2766 4924 2893 4993 περὶ
2926 4922 3216 4992 ἀνθρώπου
3251 4923 3573 4993 διαλέγεται.
3605 4915 3698 4968 Ἐνο

476 5028 655 5086 vobis.
690 5031 1051 5104 Posteaquam
1080 5035 1340 5091 mandata
1365 5013 1537 5101 dedit,
1572 5035 1770 5105 inquit,
1802 5037 1854 5090 in
1882 5037 2043 5091 subli-

2156 5014 2348 5068 τεύθεν
2371 5015 2429 5068 δὲ
2459 5014 2801 5085 μανθάνομεν
2832 5013 2917 5067 δτι
2958 5015 3053 5067 καὶ
3109 5015 3250 5085 μετά
3292 5015 3395 5086 τὴν
3444 5013 3700 5068 ἀνάστασιν

475 5138 563 5179 me
591 5134 855 5197 exceptus
880 5099 933 5182 et
965 5128 1268 5184 subvectus
1282 5140 1387 5185 eat.
1412 5127 1532 5183 Non
1555 5127 1717 5194 dixit,
1742 5129 2008 5184 Ascendit
2033 5145 2043 5194 ;

2159 5106 2407 5160 ἐδίδασκε
2446 5108 2567 5170 τοὺς
2587 5104 2855 5176 μαθητάς,
2873 5105 3009 5158 ἀλλά
3032 5104 3122 5159 τδν
3146 5106 3339 5176 χρόνον
3360 5099 3700 5207 τοῦτον

481 5213 577 5271 sed
614 5192 795 5273 adhuc
827 5227 1089 5290 tanquam
1123 5219 1191 5275 de
1212 5219 1435 5275 homine
1466 5192 1731 5290 loquitur.
1767 5219 1907 5275 Hine
1955 5192 2043 5273 au;

2160 5192 2283 5250 εῐπε
2322 5196 2462 5267 μετά
2492 5195 2803 5266 ἀκριὸείας’
2860 5193 2977 5249 ἀλλ’
3028 5195 3338 5271 ἐγχρονίζει
3392 5196 3487 5266 μὲν
3528 5192 3700 5302 αέδτῷςο

481 5260 577 5271 η-
614 5260 795 5273 ..-η-ν
828 5260 1089 5290 ,.....,.......
1124 5260 1191 5275 ..ν
1214 5260 1434 5275 ..υυημν
1466 5260 1731 5290 Nam“...
1955 5260 2024 5273 ..υ

476 5320 588 5365 tem
623 5309 1007 5382 intelligimus,
1044 5310 1194 5383 quod
1219 5312 1385 5366 etiam
1414 5319 1540 5381 post
1571 5313 2043 5375 resurrectionem,

2172 5260 2427 5358 Ἰωάννης
2472 5260 2581 5340 τῶν
2634 5287 2809 5343 ἀλλων
2851 5260 3177 5342 πάντων-δ’·
3208 5264 3213 5271 ’
3249 5260 3431 5343 πάντα
3470 5287 3525 5340 δὲ
3549 5260 3699 5349 (inquit;

477 5399 715 5455 docebat
739 5378 1078 5472 discipulos:
1111 5401 1218 5456 Sed
1244 5378 1466 5471 tempus
1498 5402 1601 5457 hnc
1625 5417 1788 5456 nemo
1822 5403 1979 5472 plene
2001 5413 2043 5456 el

2158 5378 2332 5442 οὐδεὶς
2352 5379 2675 5449 ἀπήγγειλε·
2707 5379 2845 5451 πρὸς
2869 5381 2980 5449 γὰρ
3008 5378 3196 5450 ἕτερον
3228 5380 3531 5450 ἠπείγοντο.

476 5500 666 5547 exacte
724 5494 1044 5566 descripsit;
1110 5496 1209 5551 sed
1293 5493 1532 5550 Joannes
1588 5497 1809 5565 quidem
1864 5497 2038 5567 magis
2077 5512 2241 5565 quam
2291 5496 2477 5552 caeteri
2516 5513 2705 5553 omnes
2736 5498 3064 5554 immoratur
3128 5498 3183 5553 in
3213 5513 3319 5553 eo:
3369 5495 3542 5554 omnia
3617 5503 3696 5547 att-

477 5593 585 5642 tem
624 5603 786 5644 nemo
818 5593 979 5647 plane
1003 5593 1261 5663 exposuit
1296 5610 1311 5646 :
1356 5593 1424 5648 ad
1465 5593 1613 5648 aliud
1645 5593 1790 5649 enim
1830 5593 2180 5651 festinabant.

1678 5749 1878 5811 Varias
1910 5749 2218 5812 lectiones
2245 5756 2307 5812 ει
2348 5757 2538 5813 notes.

550 5873 596 5905 ’θ’
626 5872 712 5929 ισ.
736 5874 1067 5937 ἀνθρώποις.
1143 5873 1190 5909 ⁸⁷
1216 5875 1437 5941 αὐτοὺς,
1458 5885 1591 5928 erat.
1665 5875 1707 5908 ’δ’
1745 5874 1979 5933 ἐκϐάλω.
2011 5883 2147 5927 erat.
2243 5874 2287 5908 ⁸ο
2326 5873 2411 5929 ἵσ.
2444 5874 2628 5929 πλέον.
