3870 6552
221 395 325 460 505

999 395 1402 458 EXPOSITIO
1438 397 1520 457 IN
1558 399 1744 459 ACTA
1771 399 2340 468 APOSTOLORUM.
2386 424 2454 433 —
2481 399 2639 457 CAP.
2673 397 2721 457 Ῐ.

3379 394 3487 458 506

281 503 390 571 Οἶς
440 504 539 559 καί
581 505 965 574 παρέστησεν
1020 505 1239 562 ἑαυτὸν
1295 507 1479 569 ζῶντα
1504 509 1654 577 μετὰ
1728 511 1794 562 τὸ

1972 510 2138 566 Vnus.
2169 512 2223 565 5.
2259 510 2467 574 Quibus
2491 509 2674 570 etiam,
2701 516 3042 577 posteaquam
3066 505 3324 573 supplicio
3355 507 3487 574 [nis-

220 597 436 652 παθεῖν
475 597 665 652 αὐτὸν
685 597 755 650 ἐν
786 597 1038 662 πολλοῖς
1074 599 1415 667 τεκμηρίοις
1453 598 1526 651 δι’
1561 597 1801 668 ἡμερῶν

218 682 706 752 τεσσαράκοντα.

293 777 483 830 Εἰπὼν
532 777 662 846 περὶ
696 777 791 844 τῆς
844 775 1165 845 ἀναλήψεως
1215 776 1498 846 πρότερον,
1525 775 1674 843 λέγει
1701 777 1797 829 καὶ

218 874 351 938 περὶ
395 869 494 937 τῆς
547 867 922 930 ἀναστάσεως.
967 866 1188 938 Ἐπειδὴ
1219 868 1458 938 ήκουσας
1486 868 1568 920 ὃτι
1597 868 1803 931 ἀνελῄ-

217 963 354 1030 φθη,
385 961 472 1014 ἴνα
503 961 578 1030 μὴ
603 960 833 1031 νομίσῃς
887 959 976 1028 ὑφ’
1002 959 1204 1029 ἐτέρων
1246 959 1413 1012 αὑτὸν
1455 959 1799 1026 ἀνειλῆφθαι,

216 1055 525 1121 ἐπήγαγεν·
555 1046 648 1114 Οἷς
677 1050 772 1104 καὶ
789 1051 1131 1121 παρέστησεν
1160 1049 1351 1102 ἑαυτὸν
1379 1049 1580 1112 ζῶντα.
1610 1050 1672 1102 Et
1695 1049 1804 1120 γὰρ

217 1146 283 1196 ὲν
307 1144 386 1212 τῷ
419 1142 626 1213 μείζονι
683 1141 874 1196 ἑαυτὴν
924 1140 1257 1210 παρέστησε.
1293 1139 1474 1210 πολλῷ
1512 1140 1714 1210 μᾶλλον
1749 1142 1807 1193 ἐν

215 1236 300 1303 τῷ
331 1235 597 1298 ἐλάττονι,
631 1233 697 1286 δι’
743 1231 966 1302 ἡμερῶν
1005 1230 1439 1299 τεσσαράκοντα,
1473 1230 1586 1282 ἀλλ’
1612 1230 1712 1282 οὐκ
1752 1232 1810 1282 ὲν

217 1327 465 1397 ἡμέραις
494 1325 926 1394 τεσσαράκοντα.
963 1321 1040 1376 Οὐ
1065 1320 1378 1392 γὰρῶσπερ
1405 1322 1510 1390 πρὸ
1538 1322 1636 1391 τῆς
1674 1323 1808 1375 ἀναο

219 1418 478 1480 στάσεως
515 1415 754 1486 συνεχῶς
781 1415 961 1476 αὐτοῖς
992 1414 1178 1482 συνῆν,
1209 1413 1350 1466 οὕτω
1377 1415 1472 1466 καὶ
1505 1412 1648 1477 τότε,
1685 1412 1800 1465 ἀλλ’

217 1511 491 1577 ἐφίστατο
549 1508 645 1562 καὶ
705 1507 972 1575 ἀφίστατο
1005 1505 1189 1568 πάλιν,
1245 1504 1464 1573 ἀνάγων
1500 1503 1682 1558 αὐτῶν
1710 1505 1811 1566 τὰς

220 1601 499 1662 διανοίας,
557 1601 652 1652 καὶ
703 1599 887 1652 οὐκέτι
925 1597 1226 1669 συγχωρῶν
1259 1597 1460 1666 ὁμοίως
1487 1596 1625 1665 πρὸς
1650 1595 1816 1649 αὑτὸν

221 1691 563 1752 διακεῖσθαι,
618 1690 806 1758 ὥσπερ
856 1691 949 1743 καὶ
1001 1689 1310 1760 ἔμπροσθεν
1340 1705 1354 1720 ο
1425 1688 1542 1742 ἀλλ’
1577 1689 1819 1755 ἑκάτερα

225 1784 377 1850 μετ-ἀ
421 1782 625 1852 πολλῆς
688 1781 881 1850 σοφίας
940 1781 1034 1834 καὶ
1091 1780 1377 1849 ἀκριϐείας
1431 1781 1822 1844 κατεσκεύαζε,

1902 611 1977 655 set
2039 603 2286 670 a/fectns,
2341 602 2525 653 multis
2577 598 2902 668 argumentis
2935 607 2984 650 et
3024 597 3192 666 signis
3220 598 3471 652 viventem

1908 709 2018 748 sese
2033 708 2122 760 per
2151 693 2261 746 dies
2291 691 2648 760 quadraginta
2671 689 2918 758 prwbuit.

1978 781 2277 849 Postquam
2337 781 2476 834 dixit
2534 781 2600 834 de
2658 779 3034 847 assumptione
3099 779 3270 848 prius.
3342 779 3481 832 dicit

1911 870 2075 925 etiam
2134 869 2203 923 de
2255 869 2676 924 resurrectione.
2726 867 3178 936 Quandoquidem
3205 867 3485 930 audivisti,

1907 971 2224 1030 assumptus
2283 971 2388 1024 est,
2448 975 2516 1014 ne
2578 967 2734 1028 putes
2792 975 2917 1012 eum
2977 958 3047 1012 ab
3097 957 3219 1012 aliis
3285 973 3496 1014 assum-

1910 1065 2061 1125 ptum
2120 1067 2260 1130 esse,
2321 1051 2605 1121 subiunxit
2659 1067 2674 1104 :

1913 1162 2035 1202 sese
2083 1147 2370 1200 viventem.
2404 1143 2538 1198 Nam
2570 1142 2614 1197 si
2679 1141 2733 1196 in
2793 1142 2984 1212 majori
3047 1156 3168 1196 sese
3223 1142 3491 1206 exhibuit,

1914 1239 2084 1292 multo
2112 1237 2284 1308 magis
2319 1237 2374 1290 in
2426 1235 2646 1290 minori.
2683 1233 2788 1288 Per
2816 1232 2953 1296 dies,
3001 1233 3115 1286 sive
3177 1234 3320 1288 intra
3379 1232 3498 1287 dies

1917 1328 2300 1399 quadraginta,
2356 1337 2414 1381 et
2468 1341 2578 1382 non
2647 1326 2702 1404 in
2735 1324 2928 1378 diebus
2953 1323 3332 1393 quadraginta.
3375 1321 3494 1376 Non

1918 1422 2089 1485 enim,
2150 1419 2296 1474 sicut
2355 1427 2479 1473 ante
2529 1415 2985 1472 resurrectionem
3017 1414 3361 1468 continenter
3391 1428 3495 1467 una

1923 1525 2046 1564 cum
2105 1510 2186 1564 eis
2241 1518 2378 1571 erat,
2439 1509 2514 1562 ita
2565 1511 2729 1562 etiam
2771 1514 2933 1560 tunc:
2969 1505 3062 1559 sed
3101 1503 3408 1568 accedebat.
3445 1514 3501 1558 et

1925 1616 2120 1656 rursus
2147 1598 2489 1662 discedebat,
2527 1613 2746 1653 sursum
2773 1596 2990 1660 erigens
3020 1609 3210 1648 eorum
3267 1605 3498 1657 mentes,

2737 1049 2946 1117 Quibus
3024 1050 3188 1103 etiam
3245 1049 3494 1104 exhibuit

1934 1702 1987 1746 et
2021 1708 2124 1745 non
2180 1691 2417 1760 amplius
2481 1689 2810 1753 concedens,
2840 1696 2894 1740 ut
2939 1687 3194 1741 similiter
3220 1694 3385 1754 atque
3410 1701 3503 1740 su-

1929 1785 2148 1852 periere
2205 1791 2448 1849 tempore
2507 1779 2770 1834 adversus
2826 1793 2950 1832 sese
2974 1776 3500 1837 atiecticssent,sed

220 1877 329 1929 καὶ
357 1876 418 1929 τὸ
458 1875 814 1942 πιστευθῆναι
863 1874 958 1937 τὴν
1013 1873 1340 1938 ἀνάστασιν,
1371 1874 1466 1927 καὶ
1498 1875 1558 1928 τὸ
1588 1872 1815 1944 μείζονα

1947 1883 2164 1942 ttraque
2194 1887 2318 1926 cum
2351 1885 2546 1940 magna
2579 1869 2850 1940 sapientia
2882 1878 3047 1937 atque
3090 1867 3347 1920 cautione
3374 1880 3503 1932 age-

227 1968 404 2020 αὒτὸν
432 1966 754 2036 νομισθῆναι
795 1966 1000 2028 λοιπὸν,
1035 1965 1067 2034 ἢ
1114 1965 1258 2018 κατά
1296 1965 1602 2035 ἄνθρωπον,
1643 1965 1819 2018 καίτοι

227 2077 300 2128 γε
337 2058 520 2112 ταῦτα
583 2057 800 2111 ἐναντία
838 2053 926 2128 ἦν.
976 2056 1148 2126 Ὑπὲρ
1173 2056 1281 2126 γὰρ
1315 2055 1410 2108 τοῦ
1459 2057 1820 2124 πιστευθῆναι

221 2152 329 2220 τὴν
361 2150 687 2213 ἀνάστασιν,
723 2147 892 2202 πολλὰ
917 2146 984 2200 ἂν
1010 2146 1330 2216 ἀνθρώπινα
1357 2147 1462 2199 ἔδει
1523 2146 1773 2215 γενέσθαι
1805 2187 1820 2212 ,

223 2241 374 2310 ὑπὲρ
405 2241 462 2294 δὲ
490 2240 740 2310 θατέρου,
777 2239 1109 2293 τούναντίον.
1143 2237 1285 2291 ’Λλλ’
1345 2239 1494 2306 ὅμως
1537 2240 1822 2307 ἀμφότερα

222 2331 428 2400 γέγονε
499 2331 639 2401 μετά
686 2330 779 2384 τοῦ
833 2331 1197 2401 προσήκοντος
1240 2327 1456 2398 καιροῦ·
1507 2328 1824 2400 δι’ήμερῶν

224 2423 342 2494 γὰρ
379 2424 799 2491 τεσσαράκοντα
855 2422 966 2473 τῶν
1005 2421 1112 2472 ἀπὸ
1147 2423 1246 2488 τῆς
1268 2419 1617 2483 ἀναστάσεως
1651 2421 1814 2490 μέχρι

225 2516 330 2583 τῆς
405 2517 490 2578 εἰς
536 2515 798 2585 οὐρανοὺς
841 2513 1064 2574 ἀνόδου,
1097 2514 1156 2564 ὲν
1181 2508 1268 2576 αἷς
1301 2512 1397 2565 καὶ
1423 2513 1695 2580 συνέφαγε
1727 2513 1822 2564 καὶ

231 2606 498 2660 συνέπιεν
529 2605 731 2666 αὐτοῖς,
764 2604 980 2666 δεικνὺς
1032 2604 1114 2656 ὅτι
1142 2604 1302 2666 αὑτός
1327 2605 1476 2655 ἐστιν
1506 2605 1534 2656 ὁ
1573 2618 1827 2672 σταυρω-

234 2701 356 2762 θεῖς
415 2699 514 2752 καὶ
572 2699 763 2764 ταφεὶς
811 2698 905 2750 καὶ
953 2695 1194 2758 ἀναστὰς
1226 2697 1289 2748 ὲκ
1320 2697 1550 2765 νεκρῶν.
1593 2695 1749 2757 Τίνος
1770 2695 1829 2748 δὲ

228 2792 424 2844 ἕνεκεν
451 2789 512 2843 οὗ
543 2790 726 2850 πᾶσιν,
757 2787 892 2840 ἀλλά
925 2789 1038 2848 τοῖς
1068 2787 1382 2849 ἀποστόλοις
1395 2787 1441 2822 ⁸ο
1471 2786 1666 2856 ἐφάνης
1692 2787 1820 2838 Ὀτι

234 2882 546 2951 φάντασμα
572 2879 638 2932 ἂν
664 2877 808 2942 εδοξε
839 2881 953 2941 τοῖς
981 2877 1212 2941 πολλοῖς,
1241 2877 1344 2930 οὐκ
1381 2877 1550 2929 εἰδόσι
1574 2877 1634 2929 τὸ
1660 2877 1834 2945 ἀπόρ-

235 2977 408 3045 ρητον
443 2972 542 3025 τοῦ
599 2971 926 3042 μυστηρίου.
959 2971 1020 3022 Εἰ
1053 2971 1163 3039 γὰρ
1185 2969 1278 3022 καὶ
1323 2965 1479 3022 αὑτοὶ
1499 2971 1546 3022 οἱ
1585 2967 1826 3038 μαθηταὶ

233 3067 517 3136 ἠπίστουν
538 3063 636 3131 τὴν
663 3063 838 3134 ἀρχὴν
862 3063 957 3116 καὶ
977 3061 1354 3132 ἐθορυϐοῦντο,
1384 3063 1478 3115 καὶ
1512 3062 1657 3130 ἁφῆς
1676 3061 1830 3130 ἐδεή-

240 3155 448 3223 θησαν,
485 3153 584 3223 τῆς
607 3152 694 3206 διὰ
721 3150 903 3221 χειρὸς
931 3150 1026 3202 καὶ
1048 3149 1351 3219 τραπέζης,
1372 3150 1424 3200 τί
1449 3149 1574 3212 τοὺς
1603 3149 1832 3211 πολλοὺς

236 3249 395 3309 εἰκὸς
426 3240 498 3315 ἦν
532 3243 753 3307 παθεῖν;
788 3241 886 3294 Διά
917 3257 999 3293 τοι
1047 3238 1204 3292 τοῦτο
1230 3242 1294 3292 ὲκ
1343 3233 1450 3292 τῶν
1481 3239 1722 3308 σημείων
1746 3233 1820 3292 ὧν

237 3340 442 3394 ἑλασον
479 3337 636 3408 χάριν
667 3336 840 3388 ποιεῖν
876 3335 925 3387 οἱ
960 3331 1268 3396 ἀπόστολοι,
1295 3331 1658 3401 ἀναμφίσολον
1683 3333 1824 3383 ποιεῖ

241 3436 348 3503 τῆς
383 3430 734 3490 ἀναστάσεως
757 3427 854 3496 τὴν
884 3423 1157 3487 ἀπόδειξιν
1186 3423 1280 3476 καὶ
1318 3423 1533 3490 κοινήνο
1568 3421 1708 3474 ὥστε
1733 3420 1809 3489 μὴ

239 3528 359 3588 τοῖς
388 3525 512 3577 τότε
537 3521 716 3590 μόνον,
744 3520 880 3587 ὅπερ
919 3519 983 3570 ὲκ
1015 3517 1116 3584 τῆς
1144 3517 1318 3585 ὂψεως
1347 3515 1536 3585 ἔμελλε
1561 3516 1829 3582 γίνεσθαι,

245 3618 392 3671 ἀλλά
420 3617 519 3670 καὶ
548 3615 682 3667 πᾶσι
737 3614 848 3674 τοῖς
891 3609 1030 3680 μετά
1054 3610 1228 3663 ταῦτα
1283 3607 1526 3680 φανερὰν
1578 3607 1833 3676 γενέσθαι

245 3714 350 3782 τὴν
374 3710 693 3764 ἀνάστασιν.

1929 1966 2045 2025 bat,
2107 1972 2168 2017 ut
2231 1971 2285 2018 et
2327 1962 2663 2016 resurrectio
2715 1963 3054 2021 crederetur,
3085 1966 3140 2011 et
3174 1958 3289 2026 ipse
3330 1958 3507 2026 major

1936 2057 2190 2128 posthac,
2246 2071 2408 2125 quam
2471 2070 2574 2126 pro
2635 2054 2856 2109 homine
2896 2054 2946 2123 7
2988 2053 3509 2120 haberetur,qnan-

1929 2165 2093 2220 quam
2131 2149 2247 2202 haec
2276 2163 2409 2202 sane
2436 2146 2715 2202 contraria
2752 2155 2933 2202 erant.
2970 2143 3105 2198 Nam
3145 2158 3243 2212 pro
3289 2143 3413 2205 hoc,
3445 2149 3506 2196 ut

1929 2239 2262 2296 resurrectio
2295 2239 2634 2302 crederetur,
2662 2236 2834 2290 multa.
2869 2237 3103 2290 humana
3134 2232 3249 2286 ﬁeri
3283 2241 3507 2301 Oporte-

1927 2332 2048 2386 bat:
2085 2333 2214 2402 'pro
2274 2331 2446 2385 altero
2493 2345 2645 2393 vero,
2708 2328 3070 2383 contrarium.
3107 2325 3496 2379 Verumtamen

1927 2436 2160 2493 utraque
2195 2423 2544 2478 convenienti
2577 2430 2819 2491 tempore
2847 2419 2987 2475 facta
3039 2427 3208 2474 sunt:
3240 2416 3493 2472 videlicet

1936 2517 2081 2570 intra
2113 2516 2231 2571 dies
2258 2514 2642 2585 quadraginta,
2672 2515 2763 2584 qui
2798 2513 3227 2567 intercesserunt
3257 2527 3286 2564 a
3324 2524 3510 2563 resur-

1934 2610 2182 2664 rectione
2245 2623 2418 2677 usque
2465 2607 2532 2660 ad
2593 2607 2970 2661 ascensionem
3036 2612 3091 2659 et
3159 2604 3390 2658 reditum
3459 2601 3512 2654 in

1934 2701 2162 2765 coelum,
2223 2699 2276 2752 in
2335 2699 2536 2768 quibus
2601 2697 2763 2752 etiam
2807 2711 2912 2750 una
2941 2711 3066 2750 cum
3097 2694 3166 2749 iis
3193 2693 3426 2747 comedit
3453 2705 3516 2745 ac

1939 2792 2095 2855 bibit,
2152 2790 2453 2844 ostendens
2512 2789 2753 2854 interim,
2789 2786 2934 2857 quod
2971 2788 3087 2855 ipse
3142 2795 3287 2841 esset
3317 2784 3386 2849 is,
3419 2783 3512 2852 qui

1934 2881 2253 2944 cruciﬁxus,
2310 2881 2404 2950 qui
2495 2879 2746 2949 sepultus
2802 2888 2970 2943 esset,
3029 2876 3120 2946 qui
3173 2892 3203 2930 ιι
3273 2875 3510 2928 ιιιοτιιιτσ

1937 2973 2359 3027 resurrexisset.
2390 2971 2496 3025 Sed
2559 2985 2728 3037 quare
2785 2985 2890 3022 non
2927 2968 3209 3030 omnibus,
3236 2965 3328 3020 sed
3386 2964 3517 3017 solis

1937 3064 2197 3132 apostolis
2221 3062 2473 3131 apparuit
2495 3061 2518 3114 ?
2538 3059 2674 3127 Quia
2710 3060 2870 3130 vulgo
2894 3059 3202 3120 hominum,
3236 3057 3328 3126 qui
3365 3070 3522 3110 arca-

1950 3169 2074 3205 num
2107 3153 2427 3224 mysterium
2463 3168 2568 3206 non
2592 3159 2878 3214 noverant,
2905 3159 3180 3217 spectrnin
3207 3165 3327 3202 esse
3343 3148 3517 3203 visum

1941 3247 2154 3301 inisset.
2218 3243 2352 3298 Nam
2415 3245 2460 3297 si
2498 3244 2660 3296 etiam
2691 3242 2794 3312 ipsi
2854 3242 3109 3311 discipuli
3149 3241 3309 3294 initio
3361 3239 3516 3293 ﬁdem

1943 3353 2048 3390 non
2101 3336 2400 3398 habebant,
2457 3334 2550 3388 sed
2573 3333 2965 3392 turbabantur,
2994 3340 3047 3385 et
3072 3338 3218 3383 tactu
3251 3346 3443 3383 manus
3468 3338 3522 3383 et

1947 3442 2133 3482 mensa
2166 3442 2303 3494 Opus
2329 3425 2632 3478 habebant:
2675 3422 2890 3492 qualem
2925 3408 3224 3474 verisimile
3253 3428 3336 3472 est
3375 3418 3519 3484 vulgi

1940 3517 2197 3571 allectum
2261 3515 2505 3568 futurum
2568 3511 3017 3566 t'uisse?ldeireo
3066 3524 3158 3577 per
3199 3509 3375 3578 signa,
3400 3523 3522 3578 qua:

1941 3607 2169 3662 faciendi
2201 3621 2373 3659 causa
2399 3614 2726 3674 acceperunt
2755 3604 3010 3672 apostoli.
3057 3616 3164 3655 non
3187 3600 3520 3668 ambiguam,

1941 3700 2033 3754 sed
2071 3708 2274 3754 certam
2303 3697 2467 3751 elﬁcit
2521 3696 2946 3751 resurrectionis
2999 3694 3520 3748 demonstrationem

247 3815 423 3876 atque
448 3817 816 3866 communem,
852 3807 909 3856 ut
932 3815 1040 3854 non
1080 3797 1147 3853 iis
1176 3797 1460 3858 duntaxat,
1517 3795 1609 3862 qui
1661 3804 1792 3847 tunc
1881 3803 2038 3846 erant
2069 3792 2250 3862 :quod
2273 3807 2336 3846 ex
2365 3799 2586 3860 aspectu
2617 3788 2731 3844 ﬁeri
2757 3789 3027 3844 debebat:
3098 3802 3287 3842 verum
3357 3786 3522 3840 etiam

251 3897 549 3960 omnibus,
573 3895 666 3963 qui
693 3901 880 3963 postea
911 3890 1156 3955 fuerunt,
1185 3887 1473 3942 manifesta
1508 3887 1844 3942 resurrectio
1886 3883 2026 3939 facta
2055 3885 2148 3937 sit.

320 3990 772 4055 Ὀπταγόμενος
827 3979 1056 4047 αὐτοῖς,
1103 3978 1199 4033 καὶ
1230 3978 1426 4048 λέγων
1455 3978 1528 4030 τὰ
1557 3977 1689 4044 περὶ
1725 3975 1837 4044 τῆς

242 4078 579 4148 ,βασιλείας
617 4075 721 4130 τοῦ
751 4074 919 4129 Θεοῦ.

327 4171 442 4227 Καὶ
459 4167 928 4236 συναλιζόμενος
952 4162 1350 4232 παρήγγειλεν
1367 4160 1572 4227 αὐτοῖς
1599 4162 1718 4215 ἀπὸ
1733 4161 1836 4215 ἰεο

246 4261 620 4336 ροσολύμων
647 4258 733 4328 μὴ
768 4256 1132 4326 χωρίζεσθαι,
1162 4254 1323 4308 ἀλλά
1355 4253 1693 4321 περιμένειν
1722 4253 1838 4320 τὴν

249 4352 628 4424 ἐπαγγελίαν
656 4348 762 4403 τοῦ
795 4347 1051 4415 Πατρός,
1080 4344 1161 4414 ἢν
1191 4342 1494 4414 ἠκούσατέ
1518 4361 1657 4412 μου.

327 4525 620 4582 Βασιλείαν
683 4521 896 4583 αὐτδςὸ
922 4517 1128 4588 Κύριος
1174 4515 1402 4568 ἐκάλεσε
1460 4511 1556 4566 τοῦ
1620 4510 1834 4582 Πατρὸς

2017 3973 2180 4028 Vens.
2210 3975 2262 4028 5.
2319 3973 2452 4026 Dum
2484 3972 2810 4039 conspicitur
2841 3971 2904 4024 ab
2929 3971 3026 4032 eis,
3061 3986 3122 4024 ac
3184 3967 3419 4036 loquitur
3464 3982 3525 4020 ea

1937 4081 2055 4134 qua:
2078 4066 2337 4133 pertinent
2363 4063 2432 4116 ad
2462 4080 2678 4134 regnum
2707 4063 2816 4116 Dei.

2014 4157 2254 4212 VensJ.
2291 4155 2358 4210 Et
2384 4174 2491 4210 una
2521 4173 2638 4210 cum
2678 4157 2753 4210 eis
2815 4171 3050 4218 vesceris,
3091 4152 3338 4221 praecepit
3391 4151 3524 4212 illis,

1941 4265 2003 4302 ne
2073 4251 2400 4304 discederent
2492 4247 2912 4317 Hierosolymis,
2984 4246 3073 4299 sed
3169 4252 3525 4312 exspectarent

1943 4341 2259 4409 promissum
2333 4341 2550 4404 Patris,
2639 4356 2834 4408 quam,
2939 4338 3140 4404 inquit,
3253 4334 3528 4388 audivistis

1945 4447 2010 4486 ex
2068 4449 2168 4486 me.

2015 4523 2260 4592 Regnum
2319 4521 2497 4575 Patris
2549 4519 2810 4575 Dominus
2860 4519 2976 4588 ipse
3034 4518 3268 4580 vocavit,
3327 4517 3380 4570 in
3421 4531 3532 4584 qro

255 4621 384 4674 καθ’
435 4617 496 4670 ὃν
519 4617 562 4648 ⁸⁸
623 4611 991 4683 ἐπηγγείλατο
1035 4610 1148 4670 τοῖς
1211 4605 1480 4675 μαθηταῖς
1543 4603 1604 4655 τὸ
1649 4601 1823 4654 καινὸν

1940 4629 2134 4670 novum
2171 4630 2275 4669 una
2305 4629 2429 4668 cum
2460 4613 2540 4667 eis
2569 4612 2822 4682 poculum
2879 4611 3162 4682 discipulis
3202 4611 3531 4680 promiserat

259 4711 556 4779 συμπίνειν
605 4709 897 4775 ποτήριον·
936 4701 1128 4769 καινὴν
1157 4699 1316 4751 πόσιν
1341 4696 1544 4760 καλῶν,
1588 4695 1655 4765 ἢν
1692 4695 1832 4763 μετᾶ

257 4806 361 4876 τὴν
391 4803 693 4857 ἀνάστασιν
734 4793 929 4850 ἑαυτοῦ
961 4793 1216 4846 συνέπιεν
1245 4790 1455 4852 αὐτοῖς.
1488 4789 1595 4841 Καὶ
1643 4786 1838 4856 καινὴν

1936 4706 2230 4760 bibituruni
2251 4724 2264 4760 :
2287 4721 2482 4759 novum
2517 4714 2702 4774 potum
2723 4719 2946 4765 vocans,
2964 4718 3128 4772 quem
3150 4718 3253 4756 una
3272 4717 3394 4756 cum
3426 4701 3532 4754 illis

1937 4799 2070 4852 bibit
2097 4805 2217 4867 post
2247 4799 2706 4852 resurrectionem
2745 4813 2760 4848 :
2792 4809 2958 4865 atque
2991 4797 3153 4849 etiam
3190 4810 3389 4848 novum
3425 4807 3532 4846 una

263 4894 472 4964 βρῶσιν
523 4889 849 4956 συνέφαγεν,
881 4884 942 4937 οὐ
972 4882 1113 4935 κατά
1140 4879 1238 4946 τὴν
1271 4879 1541 4950 προτέραν
1572 4877 1746 4942 τάξιν,
1772 4877 1823 4948 ἢκ

1940 4903 2056 4940 cum
2111 4887 2217 4941 illis
2247 4887 2426 4941 cibum
2459 4886 2718 4947 comedit,
2766 4901 2874 4940 non
2903 4884 3358 4955 quemadmodum
3385 4883 3535 4952 prius

265 4982 557 5056 συνήσθιεν
579 4981 762 5041 αὐτοῖς
795 4978 892 5030 καὶ
933 4974 1183 5028 συνέπινε
1210 4971 1317 5042 πρὸ
1345 4971 1442 5041 τῆς
1469 4970 1839 5024 ἀναστάσεως.

262 5073 404 5129 Ἰὸτε
459 5072 570 5141 γάρ
624 5068 768 5122 κατά
799 5067 996 5128 πάντα,
1025 5064 1194 5135 χωρὶς
1227 5062 1522 5132 ἁμαρτίας,
1548 5060 1838 5130 ὁμοιωθεὶς

265 5167 420 5236 ἡμῖν,
445 5163 600 5233 ἦσθιε
622 5178 714 5212 και
741 5160 892 5211 ἔπινε
933 5156 1185 5226 καθάπερ
1216 5155 1400 5224 ἡμεῖς,
1428 5151 1570 5204 ἑκὼν
1605 5151 1837 5213 ἐνδιδοὺς

263 5258 333 5324 τῇ
358 5254 520 5323 σαρκὶ
540 5251 637 5323 τήν
656 5251 754 5320 τῆς
794 5249 999 5320 τρυφῆς
1028 5246 1216 5317 χρείαν
1239 5244 1535 5313 ἐπιζητεῖν⁹
1563 5243 1644 5295 διὸ
1668 5248 1759 5294 καὶ
1783 5243 1844 5294 τὸ

267 5348 368 5413 τῆς
403 5345 593 5412 πείνης
652 5340 974 5410 βουλόμενος
1019 5337 1337 5408 προσήκατο
1369 5333 1536 5392 πάθος
1562 5348 1576 5363 ο
1619 5335 1754 5402 μετὰ
1785 5333 1843 5384 δέ

268 5454 336 5506 γε
375 5437 474 5506 τὴν
513 5435 808 5489 ἀνάστασιν
846 5430 1030 5485 οὐκέτι
1067 5427 1208 5481 κατὰ
1250 5426 1435 5496 χρείαν
1461 5424 1627 5492 ἔφαγέ
1661 5442 1719 5475 τε
1752 5425 1844 5476 καὶ

271 5531 447 5592 επιεν,
493 5527 629 5582 ἀλλά
690 5526 847 5596 μόνον
904 5521 1262 5591 πιστούμενος
1309 5518 1481 5572 ἅπασι
1526 5517 1623 5587 τὴν
1658 5517 1834 5586 ἁληθὴ

1938 4978 2274 5049 instituerat,
2320 4993 2442 5058 cum
2477 4993 2582 5030 una
2623 4992 2746 5031 cum
2777 4977 2856 5031 eis
2895 4977 3213 5031 cmiiedebat
3237 4986 3291 5028 et
3316 4975 3534 5028 bibebat

1939 5077 2232 5136 antequam
2253 5070 2667 5123 resurrexisset.
2685 5067 2838 5121 Tunc
2859 5068 3025 5133 enim,
3045 5075 3270 5134 excepto
3286 5075 3529 5132 peccato,

1950 5160 2171 5212 omnino
2218 5159 2378 5213 nobis
2441 5158 2798 5218 assimilatus,
2859 5155 3178 5209 comedebat
3233 5161 3285 5204 et
3319 5152 3533 5205 bibebat

1949 5232 2410 5317 quemadmodum
2461 5251 2607 5312 'nos,
2661 5249 2806 5301 ultro
2859 5246 3007 5299 carni
3085 5243 3406 5311 indulgens.
3471 5250 3528 5294 ut

1952 5321 2253 5409 requireret
2304 5340 2675 5395 necessarium
2733 5352 2892 5391 usum
2965 5335 3092 5390 cibi.
3165 5331 3548 5399 Quainobrefnr

1957 5431 2119 5485 famis
2181 5446 2400 5501 quoque
2434 5431 2685 5485 ail‘ectum
2736 5428 2921 5482 volens
2975 5424 3196 5479 admisit
3223 5441 3238 5479 ι
3270 5423 3363 5479 sed
3403 5431 3528 5493 post

1956 5523 2410 5578 resurrectionem
2463 5536 2592 5578 sane
2632 5535 2740 5576 non
2795 5517 3030 5589 amplius
3072 5514 3384 5574 necessario
3433 5529 3529 5568 co~

1488 5701 1689 5764 Varia:
1721 5701 2034 5766 lectiones
2061 5713 2120 5767 et
2153 5711 2339 5767 notae.

371 5806 417 5840 ”
442 5804 733 5863 desiderari
767 5803 985 5870 videtur,
1022 5804 1220 5875 μόνοις.
1299 5805 1340 5837 ⁸³
1377 5803 1462 5857 τα.
1501 5801 1634 5858 καθ’
1665 5804 1752 5874 ἦν.
