3870 6548
252 401 362 472 509
990 401 1395 466 EXPOSITIO
1424 405 1505 466 IN
1545 404 1735 466 ACTA
1768 404 2343 471 APUSTOLORUM.
2386 435 2453 445 -
2482 411 2645 472 CAP.
2687 412 2738 474 Ι.
3400 413 3506 478 510

255 518 423 589 μυρία
447 514 602 572 ἄλλα.
628 512 797 569 Οὐδὲν
807 506 900 568 οὖν
924 513 1126 569 κωλύει
1156 516 1297 568 κατά
1318 514 1418 586 τὴν
1441 515 1694 586 ποικίλην
1729 516 1817 570 διαὶ

1940 517 2108 576 Potest
2142 530 2322 576 autem
2386 522 2544 577 aliter
2595 537 2816 593 quoque
2869 521 2999 586 dici,
3049 521 3396 579 donationem
3425 527 3505 580 vi-
3548 570 3559 575 -

249 608 532 678 πολυμερῆ
544 606 639 661 τοῦ
670 604 988 689 Πνεῦματος
1015 607 1302 676 διανομὴν,
1330 607 1604 677 διαφόρως
1625 608 1823 670 αὐτοὺς

1940 611 2129 668 delicet
2194 612 2435 683 Spiritus
2488 617 2694 669 variam
2729 614 3022 685 quamdam
3080 615 3391 683 multasque
3448 616 3503 670 in

248 702 346 756 καὶ
398 700 502 770 τὴν
553 697 648 752 τοῦ
676 698 834 767 ἁγίου
893 698 1209 767 Πνεύματος
1238 699 1399 768 χάριν
1437 698 1729 765 δέξασθαι·
1785 699 1819 768 ἡ

1940 711 2112 771 partes
2151 718 2275 758 esse
2305 705 2674 759 distributum.
2722 704 2853 758 Nam
2889 706 2992 757 alia
3021 704 3241 773 quidem
3282 706 3384 758 vim
3406 705 3503 759 lia-

251 793 438 863 μέντοι
488 791 671 846 τελεία
728 790 821 843 καὶ
872 790 1223 854 τελειοποιὺς,
1264 790 1407 843 ὥστε
1461 791 1557 843 καὶ
1605 790 1824 863 ἑτέρους

1940 804 2016 851 Det
2049 796 2323 865 expiandi,
2373 798 2478 851 alia
2508 812 2635 851 vero
2671 796 2980 851 facultatem
3011 796 3428 850 consummaudi
3477 814 3492 848 :

243 884 598 937 τελειοποιεῐν
625 880 719 937 τοῦ
750 874 1063 951 Πνεῦματος
1085 884 1197 944 τοῖς
1228 882 1545 944 ἀποστόλοις
1585 882 1804 950 έπεφοί·

243 991 427 1044 τησις.
487 974 629 1027 κατὰ
680 974 771 1026 τὸν
821 973 1014 1043 καιρὸν
1036 976 1135 1043 τῆς
1172 974 1552 1043 Πεντηκοστῆς
1577 973 1822 1041 γέγονεν’

243 1064 333 1116 ὅτε
361 1062 461 1116 καὶ
486 1064 546 1117 ἐν
597 1062 732 1116 εἴδει.
761 1061 1026 1132 γλωσσῶν
1056 1064 1239 1126 αὐτοῖς
1262 1063 1507 1133 πυρίνων
1540 1064 1822 1132 ἐπιφανὲν,

244 1155 375 1224 ὅλης
432 1154 598 1209 αὑτοῦ
650 1156 750 1225 τῆς
801 1155 1085 1226 ἐνεργείας
1122 1155 1407 1226 ἐνέπλησε.
1441 1155 1540 1209 Διὰ
1585 1155 1743 1209 τοῦτο
1769 1156 1825 1209 δὲ

242 1248 408 1310 αὐτὸς
440 1245 676 1313 ἀπέστη.
715 1246 809 1300 καὶ
838 1247 1015 1298 έκεῖνο
1039 1246 1158 1299 τότε
1189 1242 1320 1318 ἦλθε
1344 1263 1358 1277 ·
1390 1248 1482 1301 καὶ
1514 1247 1657 1310 τότε,
1707 1247 1828 1301 οὐδὲ

242 1339 456 1403 εὐθέως
482 1355 498 1370 ο
559 1338 645 1393 ἵνα
675 1340 733 1391 tv
764 1337 1032 1409 ἐπιθυμίᾳ
1084 1338 1389 1408 γενόμενοι.
1452 1339 1595 1392 οὕτω
1621 1339 1829 1394 λάϐωσι

242 1430 560 1501 τὴν-χάριν.
586 1431 649 1482 Εἰ
678 1429 735 1482 δὲ
763 1430 1032 1499 παρόντος
1089 1430 1302 1482 ἐκείνου
1350 1430 1413 1484 τὸ
1444 1430 1669 1500 Πνεῦμα
1698 1430 1828 1483 tato

243 1539 344 1602 ατη
373 1539 388 1553 ·
424 1524 524 1576 καὶ
556 1524 584 1575 ὁ
621 1521 719 1591 μὲν
767 1520 1002 1589 ἀπῆλθε,
1036 1521 1096 1574 τὸ
1128 1521 1186 1574 δὲ
1210 1520 1446 1590 ἔμεινεν,
1479 1524 1580 1575 οὐκ
1600 1517 1668 1594 ἦν
1698 1537 1828 1575 τοσ-

241 1610 407 1663 οῦτον
462 1611 563 1680 τῆς
619 1609 999 1680 παραμυθίας.
1061 1608 1175 1661 Καὶ
1239 1609 1347 1679 γὰρ
1401 1611 1610 1681 σφόδρα
1660 1609 1827 1663 αὐτοῦ

239 1702 723 1764 δυσαποσπάστως
792 1695 1062 1771 εἷχον’διὸ
1115 1701 1292 1755 ἄνεισι
1346 1700 1442 1754 καὶ
1471 1700 1593 1753 οὐδὲ
1623 1700 1828 1765 εὐθέως

242 1795 512 1865 ἐπιφοιτᾷ
542 1794 601 1846 τὸ
630 1792 887 1863 Πνεῦματ
921 1792 1007 1846 ἵνα
1031 1792 1127 1846 καὶ
1181 1792 1378 1863 μικρὸν
1419 1791 1827 1864 ἀθυμήσαντες,

1925 895 2087 961 atque
2102 885 2208 937 alia
2238 886 2458 955 quidem
2481 896 2788 949 consecrat,
2835 886 2940 938 alia
2977 899 3108 939 vero
3142 886 3503 939 consecrandi

1925 980 1977 1035 vi
2008 977 2265 1047 praeditos
2311 975 2517 1031 edicit:
2550 978 2661 1031 alia
2688 976 2909 1046 quidem
2945 977 3157 1046 linguas
3175 978 3501 1046 suppeditat,

1924 1070 2037 1125 alia
2092 1083 2220 1124 vero
2246 1067 2630 1138 prepbetiam:
2680 1068 2788 1121 alia
2854 1068 3073 1137 quidem
3106 1069 3498 1122 miraculorqu

1924 1160 2297 1221 efficientiam,
2372 1158 2478 1212 alia
2522 1173 2653 1212 vero
2684 1158 3194 1226 interpretationem
3254 1159 3499 1228 praebet:

1926 1266 2095 1325 atque
2125 1256 2231 1310 alia
2264 1264 2549 1310 sexcenta.
2584 1250 2730 1304 Nihil
2766 1251 2928 1319 igitur
2967 1259 3133 1313 vetat,
3160 1260 3318 1320 prout
3352 1249 3498 1303 varia

1924 1359 2015 1404 est
2065 1364 2128 1402 ac
2158 1348 2213 1402 in
2262 1347 2465 1401 multas
2494 1351 2676 1415 partes
2742 1343 2912 1397 divisa
2960 1343 3174 1412 largitio
3239 1340 3498 1411 Spiritus.

1927 1441 2090 1495 etiam
2125 1437 2354 1493 diversis
2389 1435 2564 1490 modis
2593 1433 2712 1488 illos
2744 1433 2973 1503 gratiam
3031 1430 3206 1486 sancti
3264 1430 3502 1501 Spiritus

1929 1530 2222 1600 accepisse.
2276 1526 2557 1582 Perfectus
2632 1535 2811 1579 tamen
2863 1524 2972 1588 ille,
3030 1536 3093 1575 ac
3140 1520 3500 1591 perfecturum

1929 1624 2173 1685 eﬂector,
2201 1622 2293 1691 qui
2316 1622 2479 1676 etiam
2509 1618 2645 1673 alios
2669 1618 2938 1686 perfectos
2997 1616 3229 1669 reddere
3263 1623 3502 1684 poterat,

1927 1717 1998 1770 ad
2031 1712 2309 1783 apostolos
2358 1709 2602 1780 Spiritus
2634 1710 2807 1764 sancti
2842 1708 3107 1777 appulsus
3151 1714 3205 1762 et
3254 1721 3506 1759 accesma

1931 1804 2133 1859 accidit
2164 1804 2219 1856 in
2260 1811 2504 1870 tempore
2535 1799 2922 1853 Pentecostcs:
2987 1796 3208 1866 quando
3262 1794 3506 1849 etiamin

244 1886 337 1939 καὶ
378 1886 437 1939 έν
465 1884 730 1955 ἐπιθυμίᾳ
780 1885 877 1938 καὶ
927 1884 1091 1954 χρείᾳ
1147 1884 1249 1954 τῆς
1304 1884 1639 1952 ἐπαγγελίας
1665 1902 1834 1938 κατα-

1940 1896 1989 1965 9
2012 1895 2193 1964 specie
2226 1894 2535 1961 linguarum
2568 1892 2850 1962 ignearum
2876 1904 3002 1943 cum
3031 1890 3112 1942 eis
3144 1887 3507 1957 apparuisset.

243 1976 501 2040 στάντες,
550 1973 797 2045 καθαρὰν
849 1976 945 2027 καὶ
996 1974 1414 2044 ἀπηρτισμένην
1449 1975 1710 2040 δέξωνται
1733 1976 1833 2043 τὴν

1940 1991 2048 2038 tota
2083 1998 2180 2037 sua
2228 1982 2353 2037 illos
2378 1981 2677 2054 efficientia
2731 1979 2987 2049 replevit.
3055 1978 3269 2032 Idcirco
3326 1986 3505 2030 autem

243 2069 335 2121 ἐπὶ
365 2069 437 2137 τῇ
482 2068 759 2137 παρουσίᾳ
808 2066 1024 2136 ἡδονήν.
1054 2066 1263 2129 ’Ἄλλως
1283 2066 1362 2132 δὲ,
1386 2066 1496 2119 έδει
1520 2068 1578 2119 ὲν
1610 2065 1830 2136 οὐρανῷ

1940 2071 2209 2134 discessit,
2241 2078 2295 2124 et
2348 2069 2436 2123 ille
2482 2076 2609 2123 tunc
2644 2067 2793 2121 venit
2830 2084 2845 2120 :
2897 2075 2951 2120 et
2984 2074 3135 2129 tunc,
3174 2079 3281 2117 non
3325 2076 3506 2117 autem

245 2160 494 2228 φανῆναι
548 2159 649 2229 τὴν
702 2159 979 2231 ἡμετέραν
1025 2160 1306 2228 φύσινκαὶ
1336 2159 1435 2222 τὰς
1480 2158 1831 2226 καταλλαγὰς

1940 2162 2142 2226 statim,
2180 2170 2238 2215 ut
2262 2159 2441 2229 cupidi
2475 2158 2675 2223 effecti,
2709 2158 2785 2211 ita
2819 2154 3036 2210 tandem
3090 2155 3321 2223 gratiam
3360 2153 3511 2205 acci-

248 2251 507 2318 γενέσθαι
540 2251 982 2323 ἀπηρτισμένας,
1012 2252 1108 2305 καὶ
1151 2251 1272 2305 τότε
1296 2252 1471 2305 ἐλθεῖν
1497 2252 1559 2304 τὸ
1583 2250 1829 2321 Πνεῦμα.

1940 2263 2146 2326 pet-ent.
2199 2253 2353 2319 Quod
2400 2252 2444 2306 si
2482 2259 2745 2321 praesente
2791 2251 2882 2304 illo
2954 2248 3199 2317 Spiritus
3245 2258 3504 2314 superve-

246 2342 462 2396 Σκόπει
492 2342 571 2407 δὲ,
599 2342 797 2412 ἡλίκην
845 2344 1031 2406 αὐτοῖς
1060 2343 1305 2411 ἀνάγκην
1337 2343 1605 2411 ἐπέθηκεν
1632 2345 1690 2396 tv
1736 2342 1834 2398 Ἱε-

248 2433 589 2503 ροσολύμοις
621 2433 807 2503 μένειν
832 2433 1027 2487 διὰτοῦ
1059 2434 1396 2504 ὑποσχέσθαι
1417 2452 1431 2465 ·
1467 2435 1555 2487 ἵνα
1584 2435 1692 2505 γὰρ
1724 2436 1832 2489 πά-

249 2526 333 2578 λιν
402 2526 548 2595 μετᾶ
582 2527 683 2596 τὴν
740 2526 1006 2596 ἀνάληψιν
1037 2527 1112 2598 μὴ
1142 2527 1378 2598 φύγωσι,
1430 2529 1497 2599 τῇ
1522 2528 1835 2599 προσδοκίᾳ

249 2616 458 2688 ταύτῃ,
486 2618 741 2688 καθάπερ
763 2620 869 2671 τινὶ
895 2619 1099 2688 δεσμῷ,
1134 2620 1360 2689 κατέχει
1392 2620 1601 2683 πάντας
1635 2621 1833 2681 αὐτοὺς

250 2710 462 2769 ἐκεῖσε.
507 2708 595 2762 διὰ
646 2710 754 2762 τῶν
812 2712 1189 2779 χρηστοτέρων
1240 2711 1473 2764 ἐλπίδων
1530 2712 1833 2782 κεχηνέναι

253 2797 437 2852 ποιῶν
457 2800 656 2862 αὐτοὺς
687 2800 765 2869 τῷ
790 2801 973 2870 ἀδήλῳ
1011 2801 1121 2854 τῶν
1151 2803 1551 2872 ἐπηρτημένων
1580 2805 1831 2859 ἐλπίδων.

252 2889 377 2942 Οὐκ
406 2890 474 2943 ἂν
493 2889 552 2941 δέ
572 2906 661 2952 τις
709 2890 968 2960 ἁμάρτοι,
1021 2892 1113 2943 καὶ
1165 2890 1286 2945 τότε
1326 2893 1608 2963 εἰληφέναι
1634 2894 1835 2959 αὐτοὺς

255 2979 442 3048 λέγων
503 2979 751 3047 ἐξουσίαν
794 2981 915 3034 τινὰ
961 2982 1054 3034 καὶ
1096 2982 1258 3052 χάριν
1308 2964 1706 3056 πνευματικήν
1736 2986 1835 3057 οὐχ

256 3075 409 3129 ὥστε
439 3077 670 3144 νεκροὺς
706 3075 966 3144 ἐγείρειν,
1003 3076 1118 3129 ἀλλ’
1151 3076 1292 3130 ὥστε
1322 3078 1546 3145 ἀφιέναι
1578 3081 1829 3152 ἁμαρτή-

1933 2348 2129 2412 uisset,
2156 2353 2212 2399 et
2260 2345 2351 2398 ille
2373 2344 2592 2412 quidem
2623 2343 2872 2407 abiisset,
2900 2341 2992 2395 bic
3029 2354 3157 2394 vero
3187 2340 3504 2400 mansisset,

1933 2457 2042 2494 tum
2079 2449 2224 2493 tanta
2255 2438 2563 2492 consolatio
2591 2435 2801 2490 fuisset.
2845 2434 3056 2487 Etenim
3113 2431 3405 2487 admodum
3442 2430 3510 2484 ab

1934 2532 2027 2584 illo
2064 2529 2222 2583 inviti
2260 2528 2674 2591 divellebantnr,
2717 2527 2922 2579 idcirco
2960 2523 3233 2586 ascendit,
3302 2536 3365 2576 ac
3402 2534 3503 2574 nec

1935 2623 2182 2696 pretimts
2221 2621 2441 2675 advenit
2475 2618 2729 2689 Spiritus,
2790 2625 2846 2669 nt
2890 2628 2943 2671 et
2975 2629 3265 2684 parumper
3302 2612 3511 2668 contri-

1933 2717 2084 2777 stati,
2137 2728 2187 2770 et
2238 2714 2420 2781 cupidi
2480 2714 2603 2766 facti
2630 2720 2793 2781 atque
2838 2707 3224 2779 promissionis
3256 2716 3508 2773 egentes,

1935 2821 2071 2876 puro
2113 2814 2279 2873 atque
2333 2802 2576 2872 perfecto
2616 2810 2833 2870 propter
2868 2799 3216 2869 praesentiam
3267 2795 3509 2866 Spiritus

1934 2896 2134 2967 gaudio
2164 2895 2505 2950 fruerentur.
2540 2896 2716 2962 Atque
2767 2892 3008 2959 alioquin
3048 2890 3216 2945 etiam
3267 2889 3320 2942 in
3370 2888 3513 2942 caelo

1936 2999 2179 3043 nostram
2271 2996 2520 3040 naturam
2569 2999 2854 3054 apparere.
2923 2980 3514 3047 reconciliationesque

1935 3078 2208 3149 perfectas
2233 3079 2373 3145 fieri,
2406 3076 2471 3131 ac
2498 3086 2629 3131 tunc
2664 3078 2850 3130 venire
2904 3075 3169 3143 Spiritum
3206 3069 3510 3140 Oportebat.

258 3164 437 3237 ματαζ
482 3166 572 3220 Διδ
595 3166 691 3219 καὶ
718 3168 997 3236 ἐπήγαγεν
1023 3183 1038 3197 ³
1058 3162 1160 3221 7ttv
1184 3171 1361 3241 ἀφῆτε
1394 3172 1491 3233 τὰς
1528 3173 1828 3243 ἁμαρτίας,

1940 3171 2075 3227 Vide
2112 3177 2393 3240 quantam.
2461 3182 2519 3223 ea
2568 3167 2960 3236 Hierosolymis
2988 3162 3243 3218 manendi
3275 3176 3368 3231 per
3390 3173 3516 3230 pro-

252 3259 517 3328 ἀφίενται
576 3259 757 3321 αὐτοῖς
779 3301 793 3324 ,
829 3261 925 3313 καὶ
963 3260 1032 3314 τὰ
1059 3260 1207 3333 ἑξῆς,
1235 3262 1450 3325 δεικνὺς
1475 3264 1658 3316 ὁποῖον
1690 3259 1833 3324 εἶδος

254 3350 550 3420 ἐνεργείας
588 3349 790 3403 δίδωσι.
815 3351 929 3405 Νῦν
954 3353 1053 3419 μὲν
1087 3354 1194 3423 γὰρ
1217 3353 1388 3424 ταύτῃ
1427 3353 1745 3424 περιϐάλλει
1768 3355 1832 3422 τῇ

254 3442 533 3512 δυνάμειο
578 3442 721 3511 μετὰ
766 3441 823 3496 δὲ
880 3444 1294 3514 τεσσαράκοντα
1330 3446 1545 3517 ἡμέρας
1575 3446 1675 3516 τὴν
1726 3447 1835 3499 τῶν

252 3534 510 3604 σημείων
528 3534 814 3605 ἐνέργειαν
860 3536 1108 3607 παρέχει.
1143 3538 1233 3591 Διό
1265 3555 1425 3609 φησιο
1453 3537 1708 3610 Λήψεσθε
1740 3539 1835 3593 δύο

256 3641 453 3692 ναμιν,
473 3624 571 3677 καὶ
592 3625 659 3677 τὰ
681 3623 829 3690 ἑᾶς.

1941 3262 2262 3319 missionem
2296 3260 2616 3330 imposuerit
2643 3259 3043 3313 necessitatem.
3076 3254 3210 3308 Nam
3242 3269 3309 3308 ne
3324 3265 3514 3307 rursus

1938 3355 2191 3426 fugerent
2245 3364 2367 3423 post
2402 3353 2863 3421 assmuptionem,
2930 3349 3032 3402 bac
3083 3344 3513 3414 exspectatione,

1949 3447 2106 3517 quasi
2176 3446 2393 3500 vinculo
2450 3444 2686 3514 quodam
2747 3456 2939 3497 omnes
2986 3454 3080 3494 eos
3133 3437 3340 3491 detinet
3388 3434 3502 3488 illic

1937 3556 2036 3612 per
2072 3554 2220 3608 spem
2263 3553 2442 3591 rerum
2464 3534 2919 3596 commodiorum,
2944 3532 3160 3586 incertae
3177 3530 3291 3600 spei
3333 3542 3512 3582 rerum

1938 3643 2328 3699 suspensuram
2375 3642 2470 3682 eos
2521 3625 2731 3678 iaciens
2792 3622 3021 3676 initiare.
3084 3622 3352 3674 (laterum
3404 3632 3515 3671 non

256 3717 664 3785 peccaverint
703 3720 827 3787 quis
879 3714 1264 3785 dicat,etiam
1322 3732 1451 3778 tunc
1500 3721 1626 3778 illos
1673 3724 1953 3791 accepisse
1978 3724 2267 3792 quamdam
2330 3726 2651 3787 potestatem
2723 3730 2787 3770 ac.
2844 3714 3072 3784 gratiam
3133 3709 3517 3781 spiritualem:

258 3827 374 3865 non
398 3822 455 3864 ut
478 3820 720 3865 mortuos
745 3810 1155 3878 resuscitareut,
1181 3814 1274 3869 sed
1329 3824 1390 3869 ut
1444 3824 1664 3884 peccata
1694 3816 2057 3870 remitterent.
2086 3811 2452 3879 Quamobrem
2522 3808 2684 3863 etiam
2712 3806 2995 3874 subiunxit
3025 3822 3040 3858 :
3078 3803 3323 3870 Quorum
3354 3802 3515 3854 renti-

259 3912 456 3967 seritis
491 3922 735 3980 peccata,
794 3914 1145 3967 remittuntur
1202 3910 1301 3969 eis.
1362 3922 1495 3976 etc.,
1538 3926 1732 3979 nempe
1789 3910 2108 3973 ostendens,
2192 3921 2358 3977 quam
2436 3904 2671 3974 speciem
2740 3901 3049 3958 efﬁcientia:
3126 3897 3300 3953 daret.
3383 3894 3518 3950 Nam

266 4015 406 4058 tunc
482 4005 701 4074 quidem
790 4018 884 4059 eos
946 4003 1038 4057 illa
1093 4008 1364 4072 potestate
1394 4001 1649 4070 praeditos
1705 4000 1916 4065 efficit,
1960 3984 2056 4055 sed
2126 4009 2250 4070 post
2324 3994 2686 4067 quadraginta
2767 3994 2886 4050 dies
2942 3991 3220 4063 signorum
3277 3986 3516 4042 efficient

263 4096 401 4150 tiam
458 4094 681 4163 prmbet.
743 4093 1106 4159 Quamobrem
1170 4091 1303 4145 dicit
1339 4109 1353 4145 :
1383 4092 1681 4162 Accipietis
1730 4093 2013 4166 virtutem,
2042 4101 2150 4145 etc.

337 4233 474 4285 ὀτι
515 4228 799 4297 Ἰωάννης
828 4227 944 4298 μὲν
975 4227 1297 4282 ἐϐάπτισεν
1341 4229 1513 4281 ὕδατι
1535 4242 1547 4257 ·
1585 4228 1751 4296 ὑμεῖς
1773 4227 1843 4280 δὲ

258 4321 767 4389 ,ϐαπτισθήσεσθε
807 4320 876 4372 ἐν
900 4322 1198 4388 Πνεύματι
1223 4319 1389 4387 ἁγίῳ,
1423 4321 1495 4374 οὐ
1515 4319 1667 4387 μὲτά
1688 4323 1837 4373 πολ-

263 4415 385 4479 λὰς
411 4413 635 4474 ταύτας
662 4410 905 4477 ἡμέρας.
1645 4396 1653 4416 ’

2023 4226 2185 4282 Vens.
2210 4225 2264 4279 5.
2291 4220 2805 4287 Quoniamloannes
2822 4219 3032 4291 quidem
3051 4233 3187 4287 aqua
3215 4214 3514 4281 baptizavit.

1947 4335 2034 4374 vos
2055 4327 2228 4371 autem
2255 4314 2658 4382 baptizabimini
2682 4312 3085 4381 Spiritusanclo
3112 4316 3227 4377 post
3245 4308 3397 4360 [casce
3412 4306 3520 4358 dies

1946 4408 2088 4461 haud
2119 4409 2353 4461 multos..

343 4540 530 4595 Εἰπὼν
568 4540 885 4612 περιμένειν
931 4540 1030 4612 τὴν
1093 4540 1427 4609 ἐπαγγελίαν
1452 4538 1547 4593 τοῦ
1605 4539 1835 4609 Πατρδς,

2018 4544 2155 4599 Cum
2185 4542 2438 4607 dixisset,
2468 4550 2528 4595 ut
2552 4543 2931 4609 exspectarent
2960 4534 3291 4604 promissum
3319 4531 3518 4594 Patris,

270 4635 379 4687 Ἢν
433 4631 708 4705 ἠκούσατέ
760 4648 887 4701 μου,
953 4633 1269 4700 ἐπήγαγεν,
1324 4632 1407 4684 ὅτι
1437 4630 1691 4702 Ἰωάννης
1747 4630 1845 4701 μὲν

266 4726 563 4777 ἐϐάπτισεν
597 4722 769 4789 ὕδατι,
835 4723 928 4777 καὶ
957 4722 1025 4775 τὰ
1061 4722 1187 4791 ἑξῆς
1220 4737 1234 4752 °
1270 4722 1365 4775 καὶ
1393 4722 1631 4775 δείκνυσι
1661 4722 1846 4775 λοιπὸν

266 4818 330 4870 τὸ
375 4817 540 4887 μέσον
579 4815 743 4869 αὐτοῦ
791 4831 850 4867 τε
883 4815 977 4867 καὶ
1017 4814 1112 4867 τοῦ
1151 4814 1396 4868 Ἰωάννου
1434 4815 1706 4883 φανερῶς,
1750 4815 1847 4867 καὶ

266 4910 477 4968 οὐκέτι.
508 4907 582 4971 ὡς
612 4907 720 4978 πρὸ
748 4905 935 4961 τούτου
985 4907 1479 4976 συνεσκιασμένως,
1513 4907 1587 4971 ὡς
1612 4908 1699 4960 ὅτε
1728 4907 1845 4960 ἔλε-

266 5017 395 5070 γεν·
439 4998 499 5052 ’0
532 4999 587 5052 δὲ
615 4999 940 5069 μικρότερος
969 4999 1026 5050 ἐν
1060 5000 1126 5069 τῇ
1163 4998 1411 5069 βασιλείᾳ
1439 4998 1547 5051 τῶν
1601 4999 1846 5067 οὐρανῶν

271 5091 477 5165 μείζων
510 5090 675 5144 αὑτοῦ
709 5092 823 5144 ἐστι
858 5105 871 5121 ·
903 5088 997 5152 νῦν
1036 5090 1092 5143 δὲ
1135 5090 1385 5161 φανερῶς
1416 5107 1580 5159 φησιν
1604 5105 1618 5121 ο
1665 5091 1845 5143 Ἰωάν-

269 5200 370 5251 νης
402 5180 504 5251 μὲν
536 5181 829 5234 ἐϐάπτισεν
869 5177 1023 5233 ὕδατι
1054 5195 1070 5209 ·
1115 5179 1272 5248 ὑμεῖς
1315 5179 1372 5233 δὲ
1410 5178 1845 5250 βαπτισθήσεσθε

269 5275 331 5326 ὲν
366 5272 646 5342 Πνεύματι
683 5270 822 5339 ἁγίῳ
848 5286 862 5301 ·
913 5271 1008 5323 καὶ
1039 5269 1309 5323 δείκνυσιν
1346 5270 1542 5333 αὐτοὺς
1589 5271 1689 5341 ἤδη
1723 5270 1843 5340 μείς

272 5360 397 5423 ξους
424 5359 825 5431 γεγενημένους
866 5359 1132 5423 Ἰωάννου,
1168 5358 1283 5426 εἴγε
1319 5360 1412 5413 καὶ
1441 5361 1595 5414 αὐτοὶ
1621 5361 1846 5429 ἔμελλον

274 5451 555 5521 βαπτίζειν
580 5453 635 5504 tv
658 5449 933 5520 Πνεῦματι
966 5450 1125 5520 ἁγίῳ.
1157 5451 1272 5502 Οὐκ
1321 5446 1443 5503 εἷπε
1487 5451 1563 5513 δὲ,
1589 5452 1845 5506 Βαπτίσω

277 5545 419 5612 ἐμᾶς
477 5547 537 5596 ἐν
596 5542 873 5611 Πνεύματι
928 5542 1108 5612 ἁγίῳ·
1170 5541 1326 5606 ἀλλὰ,
1374 5543 1840 5614 Βαπτισοήσεσθε,

276 5633 552 5704 πανταχοῦ
601 5637 703 5703 τῆς
739 5633 1239 5703 ταπεινοφροσύνης
1276 5634 1449 5703 μέτρα
1497 5636 1591 5688 καὶ
1640 5636 1845 5700 τύπους

278 5728 705 5796 καταλιμπάνων
764 5729 893 5798 ἡμῖν
920 5743 933 5758 ·
992 5728 1151 5780 τοῦτο
1209 5727 1318 5797 γὰρ
1363 5727 1549 5781 λοιπὸν
1596 5729 1706 5783 ἀπὸ
1746 5731 1845 5799 τῆς

282 5819 581 5887 μαρτυρίας
624 5816 872 5871 Ἰωάννου
896 5817 1052 5886 δῆλον
1083 5813 1170 5889 ἦν,
1200 5818 1279 5871 ὅτι
1312 5817 1472 5883 αὐτὸς
1499 5813 1567 5889 ἦν
1595 5821 1622 5873 ὁ
1648 5819 1841 5889 βαπτί-

1948 4636 2017 4691 de
2038 4652 2146 4705 quo
2168 4650 2234 4689 ex
2262 4634 2380 4703 ipso
2398 4633 2701 4694 audissent,
2762 4628 3085 4696 subjunxit:
3118 4626 3251 4680 Nam
3286 4624 3516 4680 Joannes

1947 4727 2165 4796 quidem
2194 4740 2335 4793 aqua
2379 4724 2682 4793 baptizavit
2714 4738 2731 4787 ;
2761 4730 2870 4776 etc.
2939 4734 3002 4775 ac
3061 4718 3339 4786 deinceps,
3391 4716 3519 4787 quid

1949 4819 2090 4872 inter
2129 4818 2305 4886 ipsmn
2381 4824 2437 4869 et
2504 4813 2769 4868 Joannem
2833 4812 3144 4877 interesset,
3203 4817 3390 4880 aperte
3428 4808 3513 4862 de.

1948 4916 2235 4973 monstrat,
2268 4916 2323 4961 et
2348 4922 2454 4961 non
2478 4905 2736 4976 amplius,
2760 4912 2822 4958 ut
2846 4908 3107 4968 antehac,
3131 4909 3269 4955 tecte
3291 4910 3344 4955 et
3365 4898 3518 4969 quasi

1948 5000 2049 5055 Sub
2108 4998 2299 5053 umbra
2356 5013 2369 5049 :
2421 4993 2882 5069 quemadmodum
2945 5010 3069 5048 cum
3131 4989 3520 5047 diceret:Scd

1951 5092 2043 5161 qui
2091 5090 2271 5145 minor
2297 5096 2380 5145 est
2409 5089 2462 5142 in
2511 5103 2679 5158 regno
2712 5088 3002 5151 caelorum,
3052 5085 3227 5153 major
3272 5090 3357 5137 est
3408 5082 3516 5142 illo,

1947 5181 2105 5236 Nunc
2137 5189 2317 5234 autem
2372 5191 2558 5249 aperte
2604 5179 2784 5233 dicit:
2822 5176 3057 5230 Joannes
3104 5175 3324 5241 quidem
3376 5187 3518 5240 aqua

1949 5274 2244 5343 baptizavit
2276 5287 2290 5325 :
2323 5289 2420 5328 vos
2489 5280 2669 5325 autem
2728 5267 3135 5338 baptiaabimini
3164 5265 3370 5333 Spiritu
3392 5278 3518 5318 san-

1948 5377 2038 5422 cto
2067 5382 2084 5433 ;
2107 5373 2160 5420 et
2191 5365 2434 5419 ostendit
2471 5362 2595 5418 illos
2613 5362 2725 5431 jam
2749 5358 2983 5427 majores
3007 5356 3247 5411 evasisse
3263 5351 3475 5410 Joanne
3501 5394 3517 5420 ,

1949 5457 1995 5514 si
2031 5455 2252 5526 quidem
2296 5454 2397 5523 ipsi
2434 5465 2655 5521 quoque
2707 5447 3034 5518 baptizaturi
3101 5452 3280 5517 erant
3308 5444 3518 5515 Spiritu

1949 5554 2163 5600 sancto.
2214 5539 2331 5593 Non
2364 5539 2502 5593 dixit
2547 5546 2758 5601 autem,
2827 5533 3124 5600 Baptizabo
3155 5549 3252 5589 vos
3312 5533 3517 5604 Spiritu

1950 5644 2142 5692 sancto
2176 5651 2191 5692 ς
2228 5633 2346 5698 sed,
2387 5626 2825 5702 Baptizabinlini,
2857 5628 3055 5696 ubique
3083 5627 3247 5681 animi
3300 5628 3517 5682 demissi

1950 5726 2271 5781 modestiam
2299 5721 2690 5790 ctexemplum
2753 5719 2913 5774 nobis
2982 5719 3320 5790 relinquens.
3376 5718 3512 5770 Nam

1952 5817 2002 5869 id
2043 5816 2154 5885 jam
2203 5821 2334 5869 tunc
2366 5811 2623 5882 deinceps
2653 5827 2716 5869 ex
2748 5810 2979 5869 Joannis
3014 5811 3338 5865 testimonio
3362 5824 3501 5863 con-
