3870 6550
411 394 514 462 511
1333 395 1912 458 TIIEOPHYLACTI
1933 395 1939 454 ἶ

2111 396 2345 456 iARLE
2382 397 2736 460 ARCIIIEP.
3557 404 3639 470 519.

410 513 592 568 stabat
622 521 674 567 et
700 511 966 582 liquebat,
995 512 1171 582 ipsum
1209 514 1462 569 videlicet
1493 529 1640 576 esse,
1695 513 1787 583 qui
1849 511 1938 579 bat

2111 511 2200 573 ζων
2243 526 2258 542 ο
2291 511 2453 578 αὐτὸς
2481 514 2588 584 γὰρ
2635 516 2784 586 ἡμᾶς
2819 514 3068 586 βαπτίσει
3110 514 3168 568 ὲν
3204 515 3483 586 Πνεῦματι
3530 517 3639 584 am

413 606 610 658 tizaret
650 622 664 656 :
710 604 832 674 Ipse
857 603 1001 658 enim
1050 619 1150 660 nos
1195 605 1490 675 baptizabit
1525 603 1735 675 Spiritu
1795 613 1941 659 sanet

2111 607 2190 658 ιαὶ
2227 606 2388 676 πυρί.
2423 607 2545 670 Πῶς
2575 607 2632 661 δὲ
2663 605 2808 672 εἷπε,
2842 609 3308 679 Βαπτισθήσεσθε,
3351 608 3542 672 ὕδατος
3562 610 3639 662 οὐκ

411 709 466 751 et
497 697 641 768 igne.
666 696 770 751 Sed
807 698 901 767 qui
959 698 1118 760 dixit,
1178 698 1560 768 Baptizamini.
1611 714 1715 754 seu
1761 697 1939 765 perfur

2111 697 2242 761 ἱντος
2295 701 2353 752 έν
2402 717 2478 770 τῳ
2512 699 2774 771 ῦπερῲῳς
2808 701 2932 754 Ὀτι
2967 701 3298 772 κυριώτερον
3348 701 3409 754 τὸ
3444 700 3639 770 Πνεῦμὰ

409 789 634 854 demini,
684 804 808 843 cum
845 803 984 858 aqua
1017 790 1070 844 in
1107 791 1389 846 caenaculo
1439 806 1550 845 non
1613 793 1804 846 esset?
1849 789 1928 854 Qu

2112 808 2206 844 ιστι
2237 807 2251 822 ο
2302 791 2368 844 δι’
2401 789 2460 847 οὗ
2493 794 2588 846 καὶ
2641 793 2700 846 τὸ
2754 793 2898 870 ῠδῳρ
2947 795 3181 864 ἐνεργεῖ.
3216 793 3405 863 ὥσπερ
3442 791 3535 847 οὖν
3567 799 3640 847 καὶ

411 879 620 947 majore
671 879 726 933 vi
781 895 846 933 ac
893 887 1162 950 potestate
1232 880 1476 950 Spiritus
1537 883 1799 952 praeditus
1858 892 1939 938 est

2109 881 2248 944 ιῦτδς
2278 881 2564 952 κεχρίσθαι
2593 881 2833 949 λέγεται,
2861 882 3098 952 οὐδαμοῦ
3125 882 3456 952 χρισάμενος
3478 881 3637 950 ἐλαίῳ,

409 987 506 1042 per
560 987 719 1041 quem
777 973 942 1028 etiam
1021 987 1160 1042 aqua
1210 983 1490 1044 operatur,
1530 976 1937 1045 quemadmodm

2111 973 2222 1026 ιλλὰ
2257 973 2479 1042 Πνεῦμα
2503 973 2796 1041 δεξάμενος
2821 991 2834 1005 ·
2864 974 3038 1037 ἄλλως
3074 975 3132 1028 δὲ
3161 975 3251 1028 καὶ
3289 974 3443 1028 ὕδατι
3469 975 3639 1043 βαπτιι

410 1064 670 1117 nimirnm
693 1063 860 1118 etiam
888 1065 1004 1134 ipse
1033 1063 1236 1119 dicitur
1269 1076 1468 1122 unctus
1514 1083 1659 1131 esse,
1688 1083 1810 1122 cum
1844 1084 1938 1123 nus

2109 1064 2347 1132 ζομένους
2384 1063 2580 1125 αὐτοὺς
2608 1064 2756 1115 ἔστιν
2795 1063 2975 1134 εὑρεῖν
3004 1065 3061 1116 έν
3090 1063 3373 1133 διαφόροις
3401 1065 3600 1133 καιροῖς
3626 1080 3637 1096 ·

409 1169 574 1225 quam
597 1155 720 1210 oleo
743 1164 943 1210 unctus
972 1157 1065 1222 sit,
1081 1157 1174 1211 sed
1198 1156 1460 1227 Spiritum
1489 1159 1796 1228 acceperit:
1822 1169 1937 1229 atqt

2109 1157 2174 1225 φ’
2225 1157 2356 1226 ἡμῖν
2402 1153 2511 1226 γὰρ
2557 1156 2725 1224 ἄμφω
2779 1155 2868 1224 ὑφ’
2913 1155 2970 1207 ἒν
3017 1156 3264 1224 γένηται,
3322 1157 3442 1209 τότε
3471 1156 3524 1208 δὲ
3561 1156 3637 1208 καὶ

404 1243 648 1314 alioquin
700 1247 806 1317 ιο
831 1249 994 1303 etiam
1033 1264 1173 1318 aqua
1216 1251 1482 1320 baptizari
1508 1251 1628 1306 illos
1659 1252 1712 1305 in
1747 1251 1931 1306 divers

2109 1249 2518 1316 ἱιεσπαρμένως⁶
2553 1245 2706 1316 παρὰ
2737 1247 2846 1317 γὰρ
2889 1246 2989 1317 τὴν
3035 1246 3208 1318 ἀρχὴν
3260 1247 3311 1299 οἱ
3371 1247 3637 1299 ἀπόστολοι

407 1337 748 1406 temporibus
772 1340 999 1410 reperiri
1025 1349 1204 1410 potest
1250 1360 1262 1396 :
1305 1359 1429 1396 nam
1457 1343 1509 1397 in
1563 1345 1718 1398 nobis
1745 1353 1935 1413 utraqu

2108 1339 2190 1392 »πδ
2233 1338 2477 1394 Ἰωάννου
2511 1339 2664 1394 ὕδατι
2709 1341 3161 1410 ἐϐαπτίσθησαν,
3217 1343 3356 1409 μετὰ
3401 1339 3567 1392 ταῦτα
3593 1339 3636 1391 δὲ

405 1429 509 1483 sub
567 1446 737 1486 unum
791 1435 1056 1501 temporis
1107 1434 1402 1488 articulum
1466 1435 1664 1492 cadere
1711 1437 1924 1507 possint

2108 1432 2182 1486 tal.
2242 1431 2382 1502 ἁγίῳ
2425 1432 2724 1502 Πνεύματι.
2787 1431 2884 1484 Διὰ
2913 1432 2965 1484 τί
3012 1431 3067 1484 δὲ
3094 1432 3192 1484 οὐκ
3212 1431 3478 1500 ἐδήλωσεν
3508 1431 3536 1483 ό
3560 1433 3636 1481 Δε-

400 1527 538 1575 tunc
567 1535 701 1575 vero
736 1521 967 1578 diversis
985 1525 1147 1576 etiam
1179 1524 1516 1592 temporibus
1548 1541 1610 1580 ac
1644 1527 1928 1596 separatim

2108 1523 2288 1594 ιπότης
2317 1563 2332 1588 ,
2391 1523 2521 1576 πότε
2565 1523 2920 1578 ἐπελεύσεται
2962 1524 3058 1577 καὶ
3112 1523 3174 1576 τὸ
3213 1521 3437 1590 Πνεῦμα
3468 1563 3483 1585 ,
3523 1521 3636 1574 ἀλλὰ

401 1624 529 1663 nam
576 1610 733 1665 initio
762 1613 999 1680 apostoli
1043 1629 1181 1684 aqua
1209 1613 1466 1683 baptizati
1504 1623 1634 1670 sunt
1654 1618 1720 1670 ab
1747 1617 1922 1673 Joann

2107 1615 2246 1670 ιόνον
2285 1616 2469 1685 φησὶν,
2510 1617 2584 1668 Οὐ
2625 1615 2762 1686 μετὰ
2797 1615 2995 1678 πολλὰς
3045 1614 3252 1678 ταύτας
3290 1616 3536 1686 ἡμέρας;
3585 1615 3635 1667 τό

403 1700 500 1754 sed
559 1710 746 1770 postea
781 1703 942 1756 etiam
972 1703 1175 1773 Spiritu
1207 1713 1419 1758 sancto.
1446 1704 1552 1760 Sed
1587 1723 1690 1763 cur
1716 1707 1931 1765 Domint

2106 1707 2185 1760 ιὲν
2214 1706 2421 1771 οῦν,οὐ
2460 1709 2595 1776 μετὰ
2627 1706 2846 1773 πολλὰς,
2878 1709 3064 1778 φησὶν,
3084 1707 3170 1760 ἵνα
3205 1707 3278 1778 μὴ
3308 1708 3388 1769 είς
3421 1706 3634 1774 ἁθυμῖαν

399 1808 510 1847 non
538 1793 698 1846 etiam
719 1794 1040 1860 declaravit,
1073 1799 1294 1867 quando
1325 1799 1562 1867 Spiritus
1611 1810 1927 1870 superventt

2115 1799 2396 1870 μπέσωσιν
2427 1815 2442 1828 °
2487 1800 2806 1872 ὡρισμένως
2844 1800 2900 1854 δὲ
2945 1800 3076 1854 πότε
3100 1800 3171 1866 ⁸⁸,
3215 1800 3314 1852 οὐκ
3361 1794 3528 1859 εἶπεν,
3561 1799 3634 1850 ἵνα

400 1898 498 1937 rus
526 1894 674 1939 esset
706 1901 721 1939 :
754 1885 847 1940 sed
868 1887 1210 1943 solummodo
1243 1891 1342 1955 ait,
1370 1890 1503 1946 Post
1530 1892 1647 1948 dies
1677 1894 1841 1947 hosce
1865 1907 1928 1947 nc

2105 1892 2172 1943 ’tst
2204 1891 2580 1962 ὲγρηγορῶσιν
2613 1890 2980 1960 ἐκδεχόμενοι.
3016 1890 3082 1943 Τί
3115 1889 3295 1943 τοίνυν
3329 1889 3633 1957 θαυμάζεις,

399 1977 742 2032 ιιιιιΙιοεῖΑο
797 1979 926 2034 Post
961 1979 1103 2036 haud
1139 1984 1343 2039 multos
1400 1984 1618 2054 quidem
1659 1986 1734 2040 ait
1769 1986 1927 2040 idcirc

2139 1966 2275 2054 τὴν
2331 1985 2553 2055 εἰρήνην
2604 1985 2702 2054 τῆς
2756 1984 3066 2046 συντελείας
3132 1984 3206 2053 μὴ
3238 1983 3383 2050 λέγει
3428 1982 3589 2036 αὐτοῖς
3619 2000 3667 2042 ς.

397 2078 467 2117 ne
492 2064 790 2120 inciderent
820 2067 874 2121 in
903 2067 1340 2138 desperationem
1375 2090 1388 2126 :
1453 2075 1546 2129 sed
1588 2083 1834 2144 tempore
1863 2089 1925 2131 st:

2105 2093 2212 2129 νπου
2241 2093 2304 2144 γε
2337 2077 2430 2131 καὶ
2460 2076 2668 2146 ταύτην
2698 2075 2795 2144 τὴν
2829 2075 2999 2138 οὕτως
3032 2074 3198 2144 ἐγγὺς
3227 2073 3394 2128 οὖσαν
3455 2073 3633 2146 προλε-

398 2160 536 2216 tuto.
567 2157 814 2225 quando,
860 2174 969 2213 non
997 2159 1158 2226 dixit,
1195 2170 1252 2216 ιιι
1280 2177 1494 2233 semper
1536 2163 1822 2234 vigilarent
1873 2181 1926 2220 et

2102 2169 2246 2239 πμίαν
2297 2169 2396 2221 οῦκ
2439 2168 2695 2237 ἠθέλησε,
2727 2169 2794 2222 δι’
2835 2170 2901 2240 ἢν
2943 2169 3169 2238 εἴπομεν
3195 2169 3396 2229 αἰτίαν,
3427 2167 3630 2235 ποιῆσαι

401 2254 736 2314 spectantes.
763 2247 904 2315 Quid
943 2251 1109 2321 igitur
1162 2253 1471 2318 admiraris.
1514 2257 1558 2312 si
1619 2271 1810 2327 pacem
1841 2275 1929 2314 cor

2099 2258 2401 2328 ιατάδηλον.
2446 2259 2512 2311 Ἦ
2573 2259 2950 2328 Βαπτισθῆναι
2997 2257 3144 2322 λέξις
3203 2256 3302 2326 τὴν
3352 2255 3627 2325 δαψίλειαν.

397 2339 788 2394 summationis
821 2342 1008 2396 sazculi
1039 2359 1146 2398 nou
1177 2347 1563 2418 przesigniﬁcat
1591 2349 1708 2406 eis?
1733 2353 1925 2421 quandi

2096 2353 2173 2406 ιαὶ
2227 2353 2390 2405 οἱονεὶ
2440 2351 2533 2404 τὸν
2577 2351 2810 2403 πλοῦτον
2863 2351 2962 2420 τῆς
3019 2349 3314 2419 μετουσίας
3357 2348 3452 2401 τοῦ
3488 2349 3624 2416 ἁγίου

395 2429 615 2496 quidem
645 2430 806 2484 etiam
867 2433 969 2489 ltoc
996 2437 1360 2504 praestitutum
1410 2450 1645 2512 tempus,
1676 2444 1820 2514 quod
1839 2445 1923 2500 adt

2098 2443 2394 2514 1νεύματος
2423 2442 2678 2514 σημαίνει
2705 2459 2719 2472 ·
2759 2441 2836 2506 ὡς
2869 2442 2964 2496 καὶ
2993 2442 3086 2494 ἐπὶ
3121 2441 3216 2494 τοῦ
3252 2439 3509 2510 αἰσθητοῦ
3530 2439 3626 2508 ἔχει

358 2520 770 2590 .propinquum
828 2533 967 2589 erat,
1024 2535 1246 2596 propter
1297 2543 1438 2596 eam,
1497 2547 1660 2601 quam
1730 2534 1886 2589 dixin‘

2094 2553 2131 2589 rt
2165 2538 2193 2589 ό
2244 2533 2640 2606 βαπτιζόμενος
2672 2535 2729 2590 ὲν
2758 2533 2934 2596 ὕδατι,
2978 2534 3099 2586 ὅλον
3132 2533 3192 2586 τὸ
3221 2531 3384 2603 σῶμα
3415 2531 3622 2602 βρέχων.

393 2624 640 2675 causam,
671 2613 1046 2670 noluitfacere
1065 2617 1431 2676 manifestum.
1467 2620 1642 2680 Dietio
1677 2625 1921 2695 baptizar

2094 2628 2172 2682 τοῦ
2223 2629 2595 2698 λαμϐάνοντος
2625 2627 2812 2691 ἁπλῶς
2853 2625 3017 2696 ὕδωρ,
3049 2626 3110 2679 οὐ
3141 2625 3359 2688 πάντως
3390 2627 3622 2695 ὑγραινο-

395 2701 450 2754 id
475 2709 580 2764 est,
618 2702 890 2776 immergi,
916 2707 1074 2777 tingi,
1112 2709 1387 2778 perfundi,
1438 2723 1493 2768 et
1550 2717 1752 2785 prolui,
1795 2719 1923 2774 abut

2095 2719 2244 2772 ιὲνου
2277 2718 2336 2783 ἐξ
2383 2719 2522 2772 ὅλων
2567 2719 2676 2771 τῶν
2707 2717 2890 2770 τόπων
2917 2733 2933 2749 ο
2977 2717 3078 2769 οὐκ
3108 2715 3252 2769 ἔστιν
3283 2715 3376 2769 οὖν
3410 2717 3623 2769 ἀπεναν-

396 2791 639 2847 dantiam
670 2802 725 2849 et
748 2799 906 2866 quasi
939 2798 1159 2854 divitias
1192 2805 1708 2863 communicationis
1738 2819 1792 2864 et
1842 2825 1924 2880 pat

2091 2812 2194 2875 ria;
2228 2811 2417 2882 ἔχοντα
2441 2813 2552 2872 τοῖς
2574 2810 2739 2874 θείοις
2768 2809 3117 2878 Εὐαγγελίοις
3139 2809 3206 2861 τὰ
3235 2807 3330 2861 νῦν
3356 2807 3619 2877 εἰρημένα.

393 2884 727 2954 ticipationis
761 2889 940 2943 sancti
973 2889 1216 2960 Spiritus
1246 2895 1516 2966 signiﬁcat
1547 2913 1561 2950 :
1616 2903 1921 2970 quemadmt

2095 2901 2340 2973 λη).οῦται
2361 2902 2470 2971 γὰρ
2496 2903 2570 2962 ὡς
2601 2903 2648 2953 εἰ
2674 2902 2768 2953 καὶ
2795 2901 2980 2970 εἴρητο
3007 2901 3142 2970 πρὸς
3163 2899 3288 2962 τοὺς
3317 2899 3623 2960 ἀποστόλους

393 2976 523 3030 dum
569 2978 733 3031 etiam
769 2979 825 3032 iu
857 2997 944 3047 eo,
977 2985 1118 3052 quod
1147 3001 1314 3040 sensu
1344 2989 1662 3058 percipitur,
1716 3009 1776 3050 se
1808 2993 1921 3064 hab;

2090 2993 2217 3062 μετὰ
2263 2991 2360 3064 τὴν
2413 2994 2476 3045 ὲκ
2527 2991 2734 3062 νεκρῶν
2788 2992 3086 3046 ἀνάστασιν
3131 2989 3225 3043 τοῦ
3259 2988 3494 3060 Χριστοῦ
3549 2988 3618 3052 τὸ,

392 3063 576 3132 aliquo
606 3067 768 3122 modo
800 3070 868 3134 is,
900 3071 992 3139 qui
1027 3071 1360 3142 baptizatur,
1393 3077 1447 3132 id
1489 3088 1593 3148 est,
1620 3059 1920 3152 perfunditi

2097 3084 2284 3138 λάϐετε
2317 3059 2563 3154 ’Πνεῦμα
2611 3059 2764 3152 ἅγιον
2801 3101 2816 3116 ο
2867 3085 2960 3138 καὶ
2987 3082 3178 3136 ἔλαϐον
3209 3099 3221 3110 ·
3254 3059 3371 3136 ἀλλ’
3401 3083 3510 3133 ἐκεῖ
3539 3080 3625 3148 μὲν

391 3169 556 3222 aqua,
585 3155 714 3210 dum
749 3166 865 3213 toto
906 3177 1140 3232 corpore
1177 3167 1420 3235 madeﬁt,
1450 3174 1659 3240 cumis,
1690 3177 1781 3246 qui
1801 3193 1919 3232 sum

2094 3175 2350 3246 εἰληφέναι
2405 3177 2626 3246 Πνεῦμα
2672 3175 2826 3244 ἅγιον
2879 3177 3118 3248 εἴρηται,
3169 3175 3407 3228 ἐνταῦθα
3431 3173 3622 3239 62,81-

392 3259 590 3340 aquam
617 3251 965 3320 simpliciter,
996 3272 1104 3312 non
1138 3259 1357 3328 penitus
1381 3279 1448 3319 ex
1512 3269 1769 3324 omnibus
1821 3272 1920 3329 ‘loci

2095 3268 2442 3338 ττισθὴσεσθε
2473 3285 2486 3300 ο
2521 3269 2660 3338 ὅπερ
2688 3268 2787 3340 τὴν
2822 3267 3073 3338 ἐπίχυσιν
3122 3267 3215 3320 καὶ
3270 3266 3361 3319 τὸν
3417 3265 3623 3319 πλοῦτον

390 3330 760 3431 ίιιιηιοοιοιυτ.
828 3339 946 3396 Non
1001 3356 1127 3401 sunt
1184 3349 1350 3418 igitur
1402 3360 1677 3413 contraria
1761 3364 1918 3419 divin?

2093 3361 2168 3430 ςῆς
2199 3330 2465 3431 χορηγίας
2498 3330 2755 3430 σημαίνεί
2785 3377 2800 3391 ο
2841 3330 3166 3431 ἦς’ϐέδωκεν
3195 3357 3380 3422 αὐτοῖς
3408 3357 3621 3413 ἀνελθὼν

388 3419 705 3526 Evangeliis
756 3444 842 3496 ea,
889 3449 1011 3499 qum
1039 3451 1183 3492 nunc
1233 3441 1380 3498 dicta
1435 3457 1580 3501 sunt.
1611 3448 1916 3522 Signiﬁcatt

2091 3419 2588 3523 τρὃτὲνίίιαὲέροὶξ
2618 3453 2829 3524 Ὠσπερ
3004 3451 3221 3523 ἔχοντες
3271 3419 3449 3504 πίστιν
3472 3466 3619 3521 προσ-

391 3521 540 3570 euitn
570 3521 714 3588 quod
745 3523 790 3577 si
848 3526 1011 3581 etiam
1077 3531 1283 3588 dictum
1355 3547 1474 3592 erat
1532 3541 1598 3596 ad
1663 3521 1919 3616 apostolo:

2091 3521 2232 3614 ιλθον
2277 3521 2547 3612 λέγοντες,
2605 3521 2847 3614 Πρόσθες
2885 3521 3248 3614 ἡμῖνίπίστινο
3285 3542 3426 3595 οὕτω
3460 3541 3518 3610 δὴ
3544 3541 3619 3593 καὶ

386 3614 744 3677 posteaquam
764 3612 1016 3673 Christus
1045 3633 1073 3671 a
1105 3626 1339 3680 mortuis
1402 3612 1780 3690 ταωνι-εκείνη
1812 3653 1826 3691 :
1859 3641 1914 3691 Α‹

2090 3612 2327 3697 ι-νταῦθα,
2363 3634 2502 3706 πρὸς
2533 3635 2599 3705 ἢν
2630 3612 2732 3704 ἤδη
2777 3612 3237 3704 εἴχονγκοινωνίαν
3260 3631 3355 3684 τοῦ
3392 3629 3618 3699 Πνεῦμα-

385 3701 552 3765 cipite
610 3701 874 3770 Spiritum
944 3721 1216 3778 sanctum,
1259 3718 1420 3771 etiam
1472 3723 1596 3778 illos
1639 3730 1913 3797 accepisse

2091 3746 2182 3793 τος,
2245 3701 2566 3799 προσθήκην
2610 3701 3002 3800 ἐπιτετανμένης
3073 3725 3368 3795 μετουσίας
3402 3723 3619 3794 ἐλάμϐα-

386 3787 478 3840 sed
507 3788 616 3844 illic
662 3794 878 3862 quidem
914 3813 1008 3854 eos
1047 3808 1326 3872 accepisse
1376 3808 1640 3877 Spiritum
1704 3787 1914 3874 sanetut

2071 3787 2530 3889 vov'éneitOoéc-m;
2561 3819 2608 3852 ⁸⁷
2639 3787 3133 3886 αὐτοῖς’τοῦαγίου
3161 3818 3493 3886 Πνεῦματος.

383 3876 588 3934 dictum
617 3891 734 3938 est:
759 3885 846 3941 hic
880 3904 1032 3953 vero,
1062 3889 1156 3960 Bal
1180 3894 1501 3962 tizabimini,
1523 3904 1636 3957 sive
1656 3905 2056 3972 perfundemini
2088 3927 2150 3966 ac
2171 3912 2494 3982 ptolucmini
2515 3925 2528 3964 :
2552 3910 2693 3980 quod
2726 3910 2946 3962 verbum
2986 3909 3306 3963 ellusionem
3332 3926 3395 3963 ac
3431 3910 3623 3962 divitias

384 3977 636 4028 muneris
670 3977 962 4044 signiﬁcat,
1005 3984 1146 4048 quod
1183 3985 1332 4040 dedit
1405 3990 1511 4045 illis
1563 4005 1912 4069 posteaquam

2093 3977 2303 4060 Patrem
2357 3977 2619 4058 ascendit.
2670 3999 2739 4055 Ut
2787 4002 2930 4055 enim
2967 4016 3088 4054 cum
3149 4002 3306 4054 tidem
3367 4003 3621 4062 habt-rm,

383 4063 708 4162 accedentes
740 4066 1035 4124 dixerunt:
1098 4073 1247 4130 Adde
1299 4079 1455 4134 nobis
1487 4081 1646 4138 ﬁdem
1684 4103 1698 4140 :
1737 4063 1810 4144 it-a
1878 4095 2140 4152 nimirum
2197 4097 2359 4152 etiam
2392 4095 2480 4148 hic
2523 4103 2714 4162 prwter
2741 4109 2882 4157 earn,
2940 4107 3104 4160 quam
3163 4093 3276 4162 jam
3353 4093 3624 4149 bal-ebant.

383 4154 626 4302 Spiritu:
664 4161 1236 4232 communicationem,
1261 4169 1688 4234 additamentum
1716 4184 1967 4242 adaucta:
2007 4188 2454 4260 participationis
2482 4185 2720 4256 Spiritus
2759 4185 2957 4251 saneti,
2994 4188 3092 4256 qui
3151 4185 3234 4240 eis
3303 4187 3619 4257 supervenit,

383 4249 589 4302 accioie
631 4259 744 4302 ant.
820 4284 830 4289 -

381 4259 744 4318 acetptebant.
820 4284 830 4289 -

459 4337 615 4395 Vens.
649 4342 704 4396 6.
729 4343 898 4415 Atque
922 4349 1001 4402 itii
1015 4353 1223 4419 quidem
1241 4373 1359 4409 rum
1379 4362 1736 4418 convenissent
1761 4370 1948 4424 scisci-

2127 4368 2190 4418 (‘l
2211 4364 2327 4434 μὲν
2367 4359 2482 4418 οὖν
2520 4365 2924 4428 συνελθόντες
2968 4363 3289 4432 ἐπηρώτων
3322 4363 3500 4417 αὐτὸν
3526 4363 3615 4416 ,ίέσ

383 4437 553 4483 tantes
581 4436 645 4484 ab
671 4449 728 4487 eo
750 4435 991 4491 dicebant
1016 4455 1034 4492 :
1058 4441 1297 4510 Domine,
1317 4463 1385 4500 an
1417 4449 1584 4504 inltoc
1616 4463 1844 4518 tempore
1869 4477 1911 4512 rt

2090 4474 2268 4522 -οντες
2295 4473 2309 4487 ο
2367 4458 2566 4524 Κύριε,
2596 4459 2646 4510 εὶ
2693 4457 2761 4508 ἐν
2790 4456 2869 4521 τῴ
2909 4457 3108 4525 χρόνῳ
3150 4457 3338 4523 τούτῳ
3359 4458 3618 4510 ἀποκαθι-

377 4521 554 4574 stituis
570 4540 782 4595 regnum
804 4527 992 4584 lsraeli
1011 4534 1036 4586 ?

2063 4521 2306 4610 indicati;
2339 4521 2802 4612 τὴν-βασιλείαν
2825 4521 3184 4612 τῷ-Ῑισραήλ
3210 4561 3229 4608 ;

455 4612 619 4669 Vens.
657 4617 711 4668 7.
745 4620 812 4672 At
842 4621 935 4675 ille
959 4625 1027 4676 at!
1059 4642 1167 4691 eos,
1197 4627 1318 4683 Non
1359 4643 1434 4685 est
1459 4648 1706 4702 vestrum,
1763 4641 1952 4709 inquit,

2123 4631 2281 4709 Eius
2326 4634 2394 4686 δὲ
2428 4634 2578 4702 πρὸς
2614 4635 2834 4698 αὐτούς
2864 4649 2876 4661 ·
2909 4636 3030 4703 Οὐχ
3065 4633 3233 4704 ὑμῶν
3260 4635 3389 4688 ἐστι
3420 4633 3616 4704 γνῶναι

381 4718 534 4800 nasse
565 4716 822 4775 tempora,
859 4723 949 4763 aut
995 4717 1254 4772 articulos
1285 4731 1569 4790 temporum
1601 4745 1728 4797 quos
1793 4731 1909 4786 I’att

2086 4704 2318 4795 yic'rovq
2374 4727 2412 4795 ἢ
2474 4727 2722 4794 καιρούς
2781 4727 2889 4792 οὓς
2935 4730 2968 4782 ό
3005 4728 3208 4797 Πατὴρ
3245 4728 3410 4784 ἔθετο
3451 4728 3513 4780 ἐν
3550 4722 3614 4790 τῇ

379 4804 433 4841 ιΐι
475 4808 573 4844 sua
595 4805 859 4859 potestate
893 4801 1108 4866 posuit:

972 4801 1066 4852 δαῖε
1090 4819 1108 4856 -'
2056 4821 2178 4885 ἰδίᾳ
2207 4820 2460 4886 ἐξουσίᾳ
2488 4837 2500 4850 ·

454 4880 619 4984 Υξιιε.
647 4884 701 4939 8.
729 4885 832 4940 Sed
867 4893 1134 4961 accipietis
1177 4897 1421 4954 virtutem
1455 4911 1865 4973 supervenien:is
1905 4912 1960 4966 in

2127 4880 2304 4965 aut
2329 4880 2605 4980 λήψεσθε
2635 4912 2891 4983 δύναμιν
2922 4913 3288 4982 ἐπελθόντος
3321 4916 3423 4970 τοῦ
3461 4915 3613 4984 ἁγίου

377 4987 466 5026 ιεοσ
499 4971 728 5043 Spiritus
750 4983 943 5037 sancti.
1132 4978 1149 4989 ’
1525 4971 1532 4973 ἡ

1525 4971 1532 4973 ἡ
2058 4971 2404 5070 Πνεύματοξ
2420 4971 2520 5069 ἔφ’
2556 5001 2731 5070 ὑμᾶς.

447 5065 582 5120 Cum
615 5069 946 5127 sciscitaturi
975 5086 1176 5146 essent,
1197 5080 1358 5136 simul
1386 5084 1676 5148 accedunt,
1712 5097 1772 5144 ut
1817 5092 1929 5144 mul

2133 5065 2300 5147 Ὅταν
2353 5065 2621 5164 μέλλωσιν
2668 5065 2900 5165 ἐρωτᾷν,
2947 5097 3082 5164 ὁμοῦ
3105 5097 3504 5168 προσέρχονται.
3533 5095 3611 5146 ἵνα

379 5159 616 5214 titudine
665 5177 948 5221 moverent
1023 5185 1147 5224 eum
1197 5181 1252 5227 et
1314 5187 1622 5232 exorarent.
1698 5182 1907 5236 Sciebat

2079 5184 2135 5253 τῷ
2165 5185 2360 5255 πλήθει
2381 5185 2779 5256 δυσωπήσωσιν
2805 5202 2816 5214 ·
2851 5186 3071 5257 ᾔδεισαν
3105 5190 3213 5258 γὰρ
3237 5190 3317 5242 ὃτι
3352 5191 3407 5242 τὸ
3435 5187 3607 5258 πρώην

379 5251 549 5316 enim,
607 5253 662 5308 id
713 5258 857 5323 quod
889 5267 1016 5316 ante
1046 5262 1253 5316 dictum
1315 5277 1420 5328 est,
1454 5276 1852 5330 summovenlis
1899 5294 1907 5328 t

2071 5277 2366 5347 εἰρημένον,
2401 5277 2828 5349 διακρουομένου
2870 5279 2963 5332 καὶ
2996 5281 3096 5334 οὐκ
3139 5281 3471 5350 ἀγνοοῦντος,
3501 5277 3599 5330 ἀλλ’

380 5358 489 5396 non
519 5347 841 5415 ignorantis,
871 5353 968 5406 sed
997 5353 1302 5422 rejicientis
1333 5357 1479 5412 illam
1531 5361 1701 5418 fuisse
1733 5382 1908 5437 respoi

2078 5371 2494 5442 ιναϐαλλομὲνου
2521 5347 2620 5444 τὴν
2653 5347 2964 5445 ἀπόκρισιν·
3005 5371 3137 5438 οἷον,
3168 5373 3489 5452 Οὐδεὶς-,οἶδε
3519 5371 3606 5440 τὴν

383 5440 889 5506 εἰοιιοω,νίιιειίοει
916 5462 928 5498 :
962 5443 1134 5500 Nemo
1167 5449 1318 5502 novit
1341 5449 1518 5505 diem:
1549 5453 1750 5512 idcirco
1764 5475 1909 5515 rursr

2077 5463 2306 5532 ῗμέραψ
2359 5464 2447 5518 διὰ
2496 5465 2657 5518 τοῦτο
2699 5466 2860 5518 πάλιν
2901 5467 3203 5536 ἐρωτῶσιν.
3261 5468 3468 5536 Ἐπειδὴ
3508 5465 3605 5531 γὰρ

379 5531 1195 5606 interrogant.Quandoquidem
1215 5540 1358 5594 enim
1383 5541 1724 5614 audiverant,
1748 5564 1806 5604 se
1831 5551 1901 5621 Sp

2072 5554 2321 5621 ἡκουσαν,
2376 5556 2457 5608 ὅτι
2507 5556 2566 5611 τὸ
2605 5557 2830 5612 Πνεῦμα
2878 5557 3129 5612 μέλλουσι
3185 5559 3491 5630 λαμϐάνειν,
3533 5553 3600 5614 ὡς

1603 5723 1802 5786 Variae
1837 5727 2144 5791 lectiones
2176 5738 2236 5792 et
2265 5740 2452 5796 noue.

475 5802 523 5834 "
551 5801 608 5855 δέ
637 5819 786 5862 ποτε.
817 5820 950 5864 erat.
1031 5812 1074 5844 ⁸⁷
1101 5816 1210 5874 ἵσ,.
1235 5819 1566 5881 ἐπελθόντος.
