3870 6608
273 485 392 549 513

1055 485 1463 548 EXPOSITIO
1493 486 1574 548 IN
1608 487 1799 547 ACTA
1828 486 2406 550 APOSTOLORUM.
2447 513 2510 523 -
2545 489 2704 552 CAP.
2742 491 2790 551 Ῐ.

3449 491 3554 557 514

270 598 430 663 ἄξιοι
460 594 649 648 λοιπον
702 595 893 667 ἤθελον
945 597 1137 666 μαθεῖν
1188 597 1283 650 καὶ
1321 596 1705 666 ἀπαλλαγῆναι
1757 598 1846 650 τῶς

1973 598 2137 652 ritum
2159 615 2281 654 esse
2304 608 2921 671 acccpturos,tanquam
2947 601 3100 670 digni
3128 603 3390 674 deinceps
3408 606 3553 662 scire

263 689 562 759 δυσχερῶν
593 688 904 757 ἐπεθύμουν
927 707 940 720 ⁶
998 691 1059 741 ού
1096 691 1204 760 γὰρ
1260 689 1545 742 ἐϐούλοντο
1575 691 1734 743 πάλιν
1784 693 1866 753 είς

262 783 406 843 τοὺς
470 781 739 850 ἐσχάτους
790 782 1017 844 ἑαυτοὺς
1079 784 1327 835 καθεῖναι
1388 783 1690 845 κινδύνους.
1749 782 1864 835 Οὐκ

261 870 514 942 ἠρώτων
547 872 631 935 δὲ,
669 874 844 938 Πότε;
881 872 1017 939 ἀλλ’,
1048 874 1111 926 Εί
1142 875 1199 926 ἐν
1232 874 1308 944 τῷ
1328 875 1504 945 χρόνῳ
1529 872 1703 944 τούτῳ
1727 874 1864 926 άπο-

256 963 625 1028 καθιστάνεις
654 964 752 1034 τὴν
807 964 1087 1035 βασιλείαν
1147 966 1225 1038 τῷ
1298 965 1563 1038 ⁹Ισραήλ;
1624 966 1684 1018 Εἰ
1745 965 1860 1029 νῦν,

258 1055 445 1124 φησίν
501 1057 550 1090 ⁸⁸
586 1073 599 1086 ·
647 1057 816 1120 οὕτως
889 1059 1199 1128 ἐπεθύμουν
1243 1059 1340 1124 τὴν
1399 1058 1634 1129 ἡμέραν.
1707 1057 1864 1127 Ἐμοὶ

253 1147 318 1198 δέ
355 1146 534 1211 δοκεῖ,
605 1149 727 1202 ούδὲ
771 1150 1146 1222 τετρανῶσθαι
1190 1150 1235 1181 ⁸³
1268 1150 1385 1213 πῶς
1423 1150 1468 1181 ⁶⁰
1522 1152 1732 1212 αὐτοῖς,
1780 1149 1862 1211 τίς

253 1257 400 1292 ποτε
445 1235 517 1311 ἦν
547 1243 580 1311 ἡ
622 1241 904 1312 βασιλεία⁹
934 1241 1085 1296 οὔπω
1117 1241 1227 1314 γάρ
1258 1238 1326 1314 ἦν
1364 1242 1425 1295 τὸ
1467 1241 1692 1312 Πνεῦμα
1722 1241 1864 1294 διδά-

249 1330 364 1394 Ξαν
392 1332 624 1396 αὐτούς.
657 1334 771 1386 Οὐκ
794 1329 947 1387 εἷπον
975 1334 1207 1398 δέ,Πότε
1245 1335 1413 1399 ἐστὶν,
1447 1332 1582 1401 ἀλλ’,
1633 1335 1692 1387 Εἰ
1728 1335 1861 1387 άποο

248 1421 625 1486 καθιστάνεις
655 1425 817 1488 αὐτός
840 1445 855 1456 ο
899 1425 1042 1479 οὕτω
1070 1426 1255 1479 λοιπὸν
1293 1426 1516 1495 μείζονα
1543 1427 1672 1496 περὶ
1694 1423 1861 1479 αὐτοῦ

249 1512 662 1581 ἐφαντάζοντο.
721 1517 821 1570 Διά
877 1517 1034 1570 τοῦτο
1084 1517 1180 1571 καὶ
1240 1517 1403 1582 αὐτὸς
1470 1517 1768 1588 ἀνειμένως
1815 1517 1858 1549 ⁸⁸

253 1609 458 1671 αὐτοῖς
513 1607 822 1677 διαλέγεται
856 1624 870 1640 ο
907 1609 1090 1663 οὐκέτι
1139 1609 1246 1682 γάρ
1302 1611 1483 1678 λέγει,
1542 1611 1624 1663 ὅτι
1673 1609 1794 1662 οὑδέ
1833 1610 1860 1661 6

255 1699 401 1764 Υίὸς
461 1696 570 1754 οἶδε
603 1701 702 1773 τὴν
741 1702 992 1774 ἡμέρανο
1051 1702 1189 1755 ἀλλὰ
1243 1702 1330 1770 τί;
1400 1703 1512 1772 Ούχ
1559 1701 1712 1772 ὑμῶν
1745 1703 1860 1754 ἐστι

253 1792 482 1862 γνῶναι
532 1793 820 1865 χρόνουςῆ
877 1793 1124 1865 καιρούς.
1188 1794 1263 1846 Οὐ
1309 1794 1416 1864 γὰρ
1461 1793 1672 1861 ἀγνοῶν
1697 1791 1859 1854 αὐτὸς

252 1885 380 1940 τῶν
414 1886 630 1956 χρόνων
673 1885 736 1939 τὸ
769 1885 1168 1956 συμπέρασμα,
1201 1885 1281 1955 τῷ
1311 1885 1486 1955 Πατρὶ
1518 1884 1615 1955 τὴν
1647 1883 1856 1955 εἴδησιν

1970 691 2250 754 volebant,
2291 693 2389 760 ιι
2421 702 2474 746 et
2509 693 2576 746 ab
2609 693 2871 748 aerumnis
2914 702 2967 748 et
3007 696 3274 751 molestiis
3325 697 3550 752 liberari

1970 792 2137 853 atque
2161 778 2382 854 definigi
2414 786 2733 854 cupiebant.
2758 784 2878 840 Non
2909 786 3052 840 enim
3080 803 3272 843 rursus
3297 790 3552 845 volebant

1970 891 2097 930 sese
2127 877 2392 930 extremis
2421 878 2680 946 periculis
2716 878 2935 932 oll‘erre.
2972 877 3088 933 Non
3121 881 3552 936 sciscitabantur

1967 977 2170 1030 autem,
2202 965 2475 1031 Quando?
2517 967 2633 1033 sed,
2670 969 2751 1023 An
2783 970 2839 1024 in
2878 971 2983 1025 hoc
3013 980 3258 1041 tempore
3299 973 3551 1028 restituis

1966 1073 2193 1127 regnum
2229 1057 2417 1113 Israeli
2452 1059 2475 1111 ?
2531 1061 2612 1112 An
2675 1076 2842 1126 nunc,
2905 1063 3200 1131 inquiunt:
3234 1063 3372 1118 adeo
3403 1065 3547 1119 diem

1966 1151 2110 1204 scire
2175 1150 2490 1218 cupiebant.
2553 1150 2683 1205 Mihi
2747 1162 2928 1208 autem
2991 1157 3226 1224 videtur,
3291 1172 3362 1212 ne
3418 1167 3550 1212 tunc

1965 1239 2184 1309 quidem
2241 1241 2422 1296 adhuc
2475 1243 2700 1311 planum
2749 1242 2952 1298 factum
3009 1246 3117 1301 illis
3153 1247 3340 1315 fuisse,
3376 1251 3548 1319 quod-

1964 1347 2090 1385 nam
2151 1347 2377 1403 regnum
2438 1334 2656 1388 tandem
2693 1346 2834 1391 esset
2872 1354 2886 1389 :
2928 1338 3169 1392 nondum
3227 1341 3371 1395 enim
3430 1351 3549 1396 erat

1965 1423 2221 1492 Spiritus,
2269 1425 2361 1494 qui
2399 1425 2620 1480 doceret
2670 1427 2814 1482 illos.
2867 1421 2995 1483 Non.
3034 1429 3290 1486 dixerunt
3336 1440 3544 1498 autem,

1963 1514 2198 1581 Quando
2226 1518 2331 1570 erit
2365 1535 2377 1570 :
2418 1517 2538 1582 sed,
2573 1518 2656 1572 An
2690 1519 2940 1575 restituis
2989 1520 3128 1591 ipse.
3158 1521 3308 1577 Adeo
3337 1524 3546 1594 majora

1963 1593 2222 1676 deinceps
2266 1607 2334 1661 de
2374 1608 2470 1661 illo
2525 1609 2971 1680 imaginabantur
3018 1621 3074 1667 ct
3135 1614 3320 1670 animo
3359 1593 3547 1671 conci-

1961 1700 2207 1767 piehaut.
2241 1699 2450 1756 idcirco
2478 1703 2644 1756 etiam
2685 1705 2801 1774 ipse
2842 1705 3052 1774 placide
3079 1715 3132 1761 ct
3174 1708 3373 1763 leuiter
3415 1725 3544 1765 cum

1961 1793 2070 1845 illis
2110 1795 2535 1849 sermocinatur.
2591 1794 2712 1851 Non
2772 1798 2918 1852 enim
2962 1798 3072 1866 jam
3104 1801 3339 1870 amplius
3364 1802 3540 1858 dicit:

1960 1881 2039 1938 Ne
2071 1883 2246 1940 Filius
2282 1885 2503 1954 quidem
2536 1887 2678 1943 diem
2709 1889 2859 1944 novit
2889 1907 2904 1945 :
2949 1893 3043 1946 sed
3075 1891 3205 1962 quid
3237 1892 3261 1945 ?
3304 1891 3424 1948 Non
3459 1902 3546 1950 est

253 1977 643 2048 παρέπεμψεν
673 1995 688 2009 ·
749 1977 864 2032 ἀλλ’
918 1978 1108 2048 ἐπειδὴ
1145 1979 1374 2048 περιττή
1420 1994 1505 2041 τις
1545 1977 1790 2048 ὑπῆρχεν
1824 1977 1846 2044 ἦ

1962 1985 2208 2030 vestrutn
2239 1977 2384 2032 scire
2416 1985 2664 2049 tempora
2694 1989 2748 2034 et
2773 1990 3046 2036 momenta
3072 1989 3400 2053 temporum.
3422 1983 3544 2039 Non

255 2069 568 2140 ἐρώτησις,
613 2069 1006 2141 συμφερόντως
1031 2068 1446 2142 παρεσιὼπησε.
1508 2068 1718 2131 Σκοπὸς
1746 2067 1855 2139 γὰρ

251 2159 328 2234 ἦν
359 2162 523 2232 αὐτῷ
555 2164 656 2232 τὴν
692 2164 771 2226 είς
809 2161 970 2216 τοῦτο
999 2160 1536 2233 πολυπραγμοσύνην
1587 2158 1856 2222 ἀνακόψαι

250 2258 374 2310 τῶν
430 2256 714 2328 μαθητῶν.
782 2254 1088 2327 Κηρύττειν
1150 2256 1260 2326 γὰρ
1315 2255 1514 2314 αὐτοὺς
1567 2253 1856 2307 ἀπέστειλε

250 2351 364 2423 τὴν
409 2350 691 2422 βασιλείαν
729 2348 838 2403 τῶν
867 2347 1139 2420 οὐρανῶν,
1184 2348 1244 2400 οὐ
1279 2347 1378 2416 τὴν
1426 2346 1702 2416 ποσότητα
1747 2343 1855 2397 τῶν

252 2442 484 2513 χρόνων
513 2441 966 2512 κατασημαίνειν.
1011 2440 1086 2494 Οὐ
1117 2440 1268 2509 λέγει
1298 2439 1354 2493 δὲ
1395 2439 1580 2502 αὐτοῖς
1619 2438 1709 2490 τὸν
1734 2454 1855 2491 και-

255 2535 383 2604 ρὸν,
448 2533 520 2587 τά
579 2533 758 2604 πολλῷ
800 2533 974 2603 μείζω
1018 2531 1237 2596 διδάξας
1270 2548 1284 2561 ο
1331 2530 1439 2594 ἵνα,
1481 2531 1556 2592 ὠς
1593 2529 1854 2590 πολλάκις

251 2624 506 2695 ἔφαμεν,
546 2624 908 2695 ἐγρηγορότες
931 2617 1034 2676 ὦσι
1061 2639 1075 2653 ⁶
1111 2623 1207 2676 καὶ
1237 2623 1320 2674 ὅτι
1342 2621 1494 2674 οὐδὲν
1524 2619 1854 2673 ἐϐλάπτοντο

257 2716 341 2786 μὴ
379 2714 586 2778 εἰδότες
615 2731 631 2746 ο
686 2715 810 2767 ἐπεὶ
867 2713 1049 2784 πολλῷ
1083 2712 1304 2784 μείζονα
1348 2713 1536 2766 τούτου
1565 2711 1802 2775 ἐδίδαξεν
1835 2724 1848 2738 ’

253 2808 342 2859 ὅτι
368 2805 506 2869 Υἱός
529 2807 644 2859 ἐστι
685 2805 778 2859 τοῦ
802 2804 936 2859 Θεοῦ
961 2844 976 2871 ,
1011 2806 1104 2858 καὶ
1134 2805 1216 2858 ὅτι
1247 2804 1507 2874 ὁμότιμος
1534 2802 1610 2873 τῷ
1641 2801 1816 2872 Πατρί
1835 2816 1849 2830 °

253 2899 340 2950 ὅτι
390 2897 615 2966 ἀνέστη,
661 2898 746 2950 ὅτι
791 2897 1092 2960 ἀνάστασις
1130 2895 1306 2961 ἔσται,
1384 2896 1467 2949 ὅτι
1504 2896 1708 2966 κρίσις,
1767 2895 1850 2947 ὅτι

253 2987 525 3041 ἐκάθισεν
570 2988 628 3039 ἐν
677 2987 827 3057 δεξιᾷ
877 2986 974 3040 τοῦ
1017 2985 1254 3058 Πατρός.
1297 2985 1363 3039 Τί
1404 2985 1533 3056 γάρ,
1569 2986 1688 3038 είπέ
1737 3000 1847 3054 μοι,

255 3079 507 3149 μεῖζον;
573 3077 633 3130 τὸ
685 3078 878 3148 μαθεῖν
927 3078 1011 3130 ὅτι
1065 3075 1414 3147 βασιλεύσει,
1476 3076 1510 3146 ἢ
1567 3080 1629 3128 τὸ
1675 3074 1847 3139 πότε;

261 3169 491 3238 Ἐμαθε
527 3167 740 3232 Παῦλος
781 3167 817 3222 ἃ.
863 3169 965 3221 οὐκ
1023 3167 1142 3234 ἐξὸν
1180 3169 1454 3240 ἀνθρώπῳ
1503 3168 1682 3221 λαλεῖν
1708 3185 1720 3199 ⁸
1757 3169 1850 3220 καὶ

254 3259 512 3328 Μωῦσῆς
559 3257 731 3328 ἔμαθε
760 3257 857 3328 τὴν
892 3257 1066 3328 ἀρχὴν
1094 3257 1189 3312 τοῦ
1226 3259 1434 3329 κόσμου
1466 3275 1476 3290 ·
1523 3261 1617 3312 καὶ
1675 3259 1806 3310 πότε
1831 3275 1844 3289 ·

254 3352 363 3406 καὶ
404 3350 510 3421 πρὸ
543 3349 723 3402 πόσων
760 3351 970 3419 χρόνων
997 3367 1010 3381 ·
1061 3353 1156 3402 καὶ
1199 3349 1424 3420 ἀριθμεῖ
1445 3349 1514 3402 τὰ
1543 3351 1637 3420 ἔτη
1671 3367 1685 3382 ο
1719 3349 1844 3403 καί-

250 3429 346 3497 τοι
396 3443 430 3514 ἡ
464 3442 608 3513 άρχη
633 3439 729 3494 τοῦ
772 3441 956 3504 τέλους
991 3442 1071 3506 είς
1100 3440 1321 3509 γνῶσιν,
1355 3443 1430 3505 ὡς
1465 3441 1690 3503 ἐπίπαν,
1718 3444 1847 3495 δυσ-

251 3533 612 3604 κολώτερονο
687 3531 862 3595 άλλως
911 3531 990 3597 δὲ,
1030 3532 1227 3585 ἐκεῖνοι
1259 3531 1378 3584 οὐδὲ
1431 3535 1560 3604 περὶ
1606 3533 1702 3603 τῆς
1745 3550 1847 3585 κα-

257 3625 426 3678 θόλου
470 3622 631 3676 αὑτὸν
657 3621 885 3692 ἠρώτων
917 3619 1256 3682 συντελείαςο
1298 3619 1434 3684 ἀλλ’,
1473 3620 1535 3672 Ei
1567 3619 1645 3690 τῷ
1667 3621 1846 3691 χρόνῳ

254 3717 442 3787 τούτῳ
483 3715 947 3776 ἀποκαθιστάνεις
980 3712 1080 3783 τὴν
1126 3711 1404 3782 βασιλείαν
1448 3712 1526 3782 τῷ
1587 3712 1845 3783 Ίσραήλ;

268 3811 333 3864 '0
367 3808 428 3861 δέ
457 3807 580 3860 οὺδέ
619 3805 778 3859 τοῦτο
831 3805 1016 3868 αὐτοῖς
1065 3802 1400 3872 ἐξεκάλυψεν
1431 3818 1446 3835 ο
1502 3802 1616 3856 ἀλλ’
1658 3801 1847 3874 ὥσπερ

255 3902 386 3955 ἐκεῖ
417 3897 759 3969 ἀπεκρίνατο
807 3896 1037 3964 ἀπάγων
1078 3895 1276 3958 αὐτοὺς
1310 3894 1404 3947 τοῦ
1459 3894 1702 3964 νομίζειν
1746 3894 1846 3964 τὴν

257 3989 591 4060 ἀπαλλαγὴν
619 3987 730 4043 τῶν
766 3987 1044 4058 δυσχερῶν
1082 3985 1222 4040 εἶναι
1265 3986 1493 4056 πλησίον
1525 4002 1539 4016 ·
1591 3987 1707 4040 ἀλλ’
1763 3987 1846 4039 ὅτι

258 4082 366 4137 καὶ
410 4079 628 4144 πολλοῖς
659 4077 1083 4151 περιπεσοῦνται
1119 4075 1408 4139 κινδύνοις,
1453 4075 1594 4129 οὕτω
1637 4076 1727 4130 καὶ
1761 4076 1846 4128 ἐν·

255 4171 464 4234 ταῦθα,
500 4169 639 4240 πλὴν
680 4167 1034 4240 ἡμερώτερον
1063 4183 1080 4199 ο
1115 4166 1272 4231 ἀλλὰ,
1306 4166 1557 4237 Λήψεσθε
1591 4165 1842 4236 δύναμιν.

259 4259 424 4328 Εἶτα,
459 4262 547 4314 ἴνα
585 4260 661 4332 μὴ
691 4260 851 4313 πάλιν
885 4259 1048 4312 αὐτὸν
1081 4257 1380 4328 ἐρωτῶσιν,
1418 4258 1620 4316 εὐθέως
1647 4259 1840 4328 ἀνελή-

262 4354 403 4424 φθη.
431 4349 588 4417 Εἶτα,
626 4352 763 4424 [θῖνα
793 4353 868 4424 μὴ
895 4352 1112 4416 εἴπωσι,
1138 4351 1289 4403 Διατί
1313 4351 1560 4421 ἐπαίρεις
1573 4350 1633 4403 τὸ
1667 4352 1844 4422 πρᾶγ-

263 4465 344 4517 μα
378 4463 393 4514 ;
428 4443 618 4518 φη]σἰν
660 4445 688 4498 6
730 4444 858 4508 Υἱός
881 4461 896 4475 ο
945 4444 1052 4507 Οὓς
1079 4445 1107 4497 6
1133 4444 1320 4513 Πατὴρ
1360 4443 1513 4495 ἔθετο
1551 4444 1608 4496 ἐν
1637 4445 1703 4514 τῇ
1738 4443 1845 4515 ίδίᾳ.

263 4538 491 4608 ἐξουσίᾳ.
517 4555 532 4568 ο
565 4539 599 4608 ἡ
626 4536 684 4590 δέ
712 4535 808 4590 τοῦ
842 4535 1054 4606 Πατρὺς
1085 4534 1324 4600 ἐξουσία,
1349 4533 1593 4604 δηλονότι
1629 4537 1721 4588 καὶ
1747 4535 1841 4588 τοῦ

1958 2067 2130 2131 enim,
2162 2068 2288 2137 quia
2323 2068 2439 2138 ipse
2469 2070 2748 2141 ignoraret
2778 2083 3084 2143 temporum
3106 2077 3542 2131 consummatio-

1957 2171 2080 2210 nem
2128 2157 2194 2212 ad
2243 2156 2459 2212 Patrem
2523 2159 2808 2216 scientiam
2872 2163 3094 2231 rejicit:
3145 2165 3239 2219 sed
3277 2168 3536 2236 quoniam

1958 2263 2302 2316 supervacua
2335 2250 2558 2319 quidam
2606 2260 2724 2306 erat
2766 2254 3141 2326 interrogatio,
3177 2258 3382 2313 utiliter
3408 2259 3542 2313 reti-

1956 2340 2091 2394 cuit.
2126 2338 2258 2394 Nam
2297 2341 2350 2395 id
2380 2342 2594 2411 agebat,
2630 2354 2688 2398 ut
2724 2343 2842 2412 ejus
2881 2347 2958 2401 rei
2991 2347 3266 2402 curiosam
3292 2349 3542 2420 discipu-

1956 2432 2131 2486 lorum
2181 2434 2577 2489 scrutationem
2641 2437 2963 2506 reprimeret
3017 2450 3183 2510 atque
3244 2442 3537 2498 inhiberet.

1957 2520 2204 2577 Mittebat
2231 2523 2376 2578 enim
2396 2537 2513 2587 eas,
2539 2533 2600 2578 ut
2623 2526 2981 2594 prmdicarcnt
3003 2545 3225 2599 regnum
3247 2531 3537 2596 cte'orum,

1955 2627 2064 2666 nou
2131 2622 2188 2666 ut
2245 2613 2512 2667 rationem
2579 2623 2885 2684 temporum
2927 2628 3205 2674 notarent.
3255 2620 3376 2675 Non
3424 2624 3538 2676 edit

1956 2709 2141 2756 autem
2185 2701 2294 2757 illis
2331 2703 2622 2756 articulum
2657 2704 2945 2774 temporis,
2970 2721 3090 2761 cum
3130 2708 3304 2762 multo
3329 2709 3536 2777 majora

1953 2793 2254 2859 docuisset,
2282 2800 2366 2857 ut,
2393 2793 2854 2862 quemadmodum
2892 2811 3034 2866 saepe
3059 2798 3219 2862 dixit,
3248 2800 3534 2870 vigilantes

1952 2893 2177 2941 essent:
2219 2893 2274 2939 et
2302 2883 2451 2954 quod
2482 2886 2622 2939 nihil
2657 2885 2737 2941 eis
2769 2887 2863 2940 illa
2917 2887 3228 2959 ignorantia
3290 2900 3533 2958 noceret,

1951 2976 2213 3046 quoniam
2244 2961 2406 3046 longe
2465 2977 2696 3046 majora,
2732 2993 2900 3048 quam
2961 2978 3076 3034 haac
3125 2994 3214 3035 res
3265 2989 3404 3044 erat,
3434 2982 3536 3036 do-

1951 3074 2179 3130 cuerat,
2233 3065 2380 3136 quod
2452 3064 2626 3120 Filius
2721 3065 2816 3121 Dei
2908 3076 3093 3134 esset,
3165 3070 3310 3140 qurd
3387 3071 3535 3127 Patri

1952 3157 2201 3227 aequalis,
2266 3157 2412 3226 quod
2467 3158 2910 3213 resurrexisset:
2975 3160 3120 3229 quod
3174 3165 3530 3228 resurrectio,

1953 3250 2386 3321 quodjudieium
2416 3249 2600 3305 futura
2629 3251 2745 3306 sint
2777 3267 2790 3304 :
2816 3254 2962 3321 quod
2993 3253 3223 3310 sedebat
3251 3256 3316 3310 ad
3348 3257 3536 3312 dexte-

1957 3358 2071 3395 ram
2137 3342 2336 3397 Patris.
2391 3341 2533 3410 Quid
2583 3345 2750 3408 enim,
2782 3345 2872 3400 dic
2925 3346 3081 3411 mihi,
3125 3347 3348 3416 majus?
3391 3350 3536 3404 scire

1951 3433 2096 3503 quod
2128 3443 2454 3504 regnaturus
2488 3435 2580 3500 sit,
2650 3451 2742 3501 an,
2799 3437 3058 3506 quando?
3089 3439 3365 3495 Didicerat
3393 3439 3536 3496 Pau-

1951 3524 2057 3586 lus,
2083 3539 2204 3593 quaa
2223 3517 2431 3578 hoinini
2460 3524 2610 3594 loqui
2636 3540 2744 3578 non
2774 3525 2995 3590 licebat,
3043 3535 3098 3582 et
3143 3527 3360 3600 Moyses
3391 3529 3535 3585 didi-

1950 3625 2102 3670 cerat
2135 3614 2347 3670 initium
2382 3616 2569 3670 mundi
2604 3635 2617 3670 :
2674 3625 2749 3683 et,
2811 3620 3030 3690 quando
3061 3635 3076 3672 :
3105 3628 3181 3684 et,
3210 3630 3337 3676 ante
3364 3638 3531 3692 quam

1951 3709 2121 3762 multa
2145 3716 2429 3774 tempora:
2478 3714 2532 3761 et
2585 3716 2840 3762 numerat
2871 3724 3084 3764 annos:
3140 3713 3292 3782 atqui
3325 3713 3535 3783 princi-

1950 3799 2098 3871 pium
2153 3799 2208 3852 in
2272 3799 2590 3853 universum
2649 3800 2872 3870 cognitu
2907 3800 3181 3858 diﬂicilius
3236 3813 3320 3858 est
3364 3819 3532 3874 quam

1949 3892 2096 3946 ﬁnis.
2130 3892 2310 3960 Atque
2340 3890 2503 3944 aliter
2537 3907 2550 3944 :
2581 3891 2664 3945 Illi
2721 3907 2820 3946 nec
2851 3893 2919 3948 de
2968 3895 3264 3951 universali
3309 3896 3529 3966 quidem

1949 3985 2420 4042 consummatione
2451 4001 2576 4040 eum
2609 3986 3015 4057 interrogabant
3047 4005 3060 4042 :
3099 3990 3216 4054 sed,
3240 3993 3321 4044 An
3346 3989 3533 4046 in'hoc

1951 4087 2196 4149 tempore
2226 4077 2474 4133 restituis
2517 4092 2746 4148 regnum
2805 4079 3046 4135 Israeli?
3099 4081 3170 4134 At
3215 4081 3307 4137 ille
3333 4097 3402 4137 ne
3428 4081 3533 4137 hoc

1948 4169 2170 4239 quidem
2229 4171 2311 4223 eis
2366 4168 2665 4238 patefecit:
2735 4171 2830 4226 sed
2890 4172 3349 4241 quemadmodum
3420 4173 3533 4229 illic

1948 4260 2020 4312 ita
2058 4258 2364 4327 respondit,
2399 4257 2782 4312 utabduceret
2804 4273 2899 4313 eos
2930 4259 2999 4313 ab
3029 4259 3124 4312 illa
3151 4259 3434 4327 Opinione,
3463 4275 3532 4314 ne

1948 4357 2205 4420 putarent.
2234 4347 2395 4402 llnem
2427 4347 2798 4402 molestiarum
2842 4360 2896 4403 et
2927 4364 3298 4403 aerumnarum
3332 4363 3530 4419 appro-

1947 4441 2240 4511 pinquare,
2302 4438 2396 4493 sed
2431 4437 2677 4492 futurum
2710 4455 2853 4505 esse,
2883 4448 2944 4494 ut
2979 4440 3033 4493 iu
3075 4441 3246 4496 multa
3270 4440 3528 4511 deinceps

1946 4532 2109 4587 etiam
2142 4531 2384 4601 pericula
2419 4530 2867 4586 inciderentzita
2911 4531 3074 4586 etiam
3119 4531 3231 4596 hic,
3303 4540 3530 4602 praeter-

261 4628 400 4681 Υῖοῦ
426 4643 441 4659 ο
479 4627 668 4700 ὥσπερ
691 4629 800 4700 γὰρ
830 4629 859 4681 6
893 4623 1098 4699 ’Πατὴρ
1118 4625 1319 4696 ἐγείρει
1345 4627 1470 4688 τοὺς
1491 4626 1722 4694 νεκροὺς
1749 4625 1841 4678 καὶ

1956 4640 2108 4696 quam
2186 4623 2330 4692 quod
2396 4623 2634 4681 mitius:
2705 4622 2811 4678 Sed
2878 4624 3165 4694 accipietis
3241 4624 3524 4684 virtutem.

259 4717 542 4784 ζωοποιεῖ,
567 4717 708 4770 οὕτω
733 4717 826 4770 καὶ
850 4718 878 4770 6
906 4716 1051 4783 Υἱὸς,
1082 4713 1174 4778 οὓς
1207 4714 1370 4779 θέλει,
1405 4713 1677 4778 ζωοποιεῖ.
1701 4714 1764 4768 Εἰ
1785 4712 1842 4766 δὲ

260 4808 396 4861 ἔνθα
423 4807 764 4875 ἐργάσασθαι
787 4806 868 4859 δεῖ
895 4806 962 4858 τά
984 4805 1232 4874 φρικώδη
1259 4805 1352 4857 καὶ
1381 4803 1670 4875 ἀπόρρητα
1704 4803 1842 4874 μετὰ

260 4901 366 4970 τῆς
401 4899 659 4966 ἐξουσίας
711 4901 739 4952 6
776 4899 843 4952 ".
900 4900 928 4951 6
980 4898 1168 4969 Πατὴρ
1203 4899 1247 4930 ⁸³
1299 4897 1613 4968 ἐργάζεται,
1661 4897 1842 4968 πολλῷ

265 4993 494 5064 μᾶλλον,
529 4992 659 5046 ἔνθα
703 4992 786 5045 δεῖ
823 4991 1040 5045 εἰδέναι.
1086 4990 1272 5060 Πολλῷ
1321 4991 1428 5059 γάρ
1464 4989 1649 5059 μεῖζον
1702 4985 1763 5041 τὸ
1797 4991 1843 5021 ⁸⁸

263 5086 494 5155 νεκροὺς
559 5083 797 5154 ἐγείρειν
851 5083 989 5155 μετὰ
1032 5082 1134 5153 τῆς
1197 5083 1317 5151 ίσης
1379 5085 1472 5135 καὶ
1519 5085 1618 5151 τῆς
1668 5083 1839 5152 αὐτῆς

267 5178 519 5243 ἐξουσίας
562 5176 642 5246 τῷ
692 5177 889 5246 Πατρὶ,
933 5174 967 5245 ἢ
1004 5175 1102 5245 τὴν
1129 5174 1346 5245 ἡμέραν
1391 5174 1610 5228 ειδέναι.
1656 5175 1754 5227 Διὰ
1785 5175 1838 5227 τί

1944 4717 2153 4771 Deinde
2192 4730 2260 4769 ne
2287 4729 2482 4769 rursus
2508 4729 2631 4768 eum
2659 4715 3062 4785 interrogarent
3096 4715 3280 4770 statim
3311 4731 3527 4772 assum-

1946 4816 2072 4878 ptus
2105 4815 2211 4862 est.
2246 4804 2540 4870 Praaterea,
2575 4821 2644 4862 ne
2680 4821 2876 4862 rursus
2907 4806 3153 4862 dicereut
3186 4826 3201 4864 :
3257 4807 3368 4864 Cur
3408 4825 3523 4864 rem

1947 4897 2133 4952 dilIers
2187 4906 2242 4952 et
2294 4896 2630 4968 suspendis?
2683 4895 2880 4964 Filius,
2919 4897 3067 4965 Quos
3096 4897 3278 4964 Pater,
3324 4898 3521 4969 inquit,

1945 4990 2129 5060 posuit
2180 4991 2233 5043 in
2301 5004 2402 5045 sua
2456 4997 2749 5059 potestate.
2810 4989 2992 5046 Patris
3043 4999 3223 5045 autem
3281 4998 3525 5060 potestas

1945 5083 2202 5138 videlicet
2249 5082 2414 5137 etiam
2443 5081 2566 5134 Filii
2615 5089 2859 5152 potestas
2911 5090 3014 5138 est.
3054 5082 3525 5149 Quemadmodum

1944 5175 2089 5228 enim
2132 5173 2311 5236 Pater,
2351 5173 2428 5227 ita
2476 5171 2641 5227 etiam
2669 5171 2859 5240 Filius,
2907 5187 3047 5244 quos
3090 5173 3206 5228 vult
3236 5171 3528 5228 resuscitat

1457 5315 1658 5376 Varia:
1688 5313 1996 5376 lectiones
2043 5322 2106 5377 et
2145 5321 2335 5377 notae.

334 5419 380 5450 ⁸⁸
411 5419 525 5481 10.,

269 5489 447 5554 hendi,
482 5497 543 5540 ut
575 5484 748 5556 posui.
826 5489 872 5520 “
903 5484 1036 5541 Erat
1070 5489 1205 5542 enim
1243 5488 1505 5556 ejusnwni
1532 5499 1683 5553 nota,
1728 5490 1974 5558 quoniam
2007 5506 2117 5558 non.
2151 5484 2390 5557 pateram
2444 5486 2650 5555 assequi
2705 5484 2807 5538 nisi
2841 5487 3164 5550 conjectura.

267 5560 390 5621 Υἱὸς
448 5559 545 5611 καὶ
573 5561 601 5609 6
632 5560 845 5629 Πατὴρ,
869 5559 926 5630 ἢ,
952 5559 1024 5620 ὡς
1060 5559 1088 5608 ὁ
1126 5559 1336 5626 Πατήρ.
1414 5558 1458 5588 ⁸⁸
1486 5560 1576 5612 τόν
1610 5568 1743 5612 erat.

341 5725 358 5738 ‘
400 5715 573 5770 Verba
602 5718 718 5771 haec
764 5717 1040 5774 uncinulis
1091 5719 1350 5774 conclusa
1401 5718 1601 5775 desunt
1647 5721 1700 5772 in
1730 5715 1848 5774 edi-

269 5790 417 5860 tione
436 5787 688 5860 Siphanﬁi.
731 5789 802 5843 Ea
847 5790 1035 5860 procul
1065 5789 1234 5844 dubio
1280 5791 1600 5860 typographi
1630 5790 1846 5860 incuria

270 5857 610 5913 exciderunt.
641 5859 770 5921 Nos,
797 5859 998 5928 quibus
1027 5857 1471 5921 codicem,'uude
1507 5875 1570 5914 ea
1603 5859 1846 5914 manavit

270 5929 452 5985 editio.
526 5929 798 5988 inspicere
856 5945 964 5984 non
1023 5930 1166 5991 licet.
1215 5945 1279 5987 ea
1337 5945 1402 5985 ex
1443 5931 1844 5990 Clu-vsostotuo

567 5435 752 5486 φασιν.
829 5419 878 5450 ⁸³
911 5417 1222 5488 τρανῶσθαί
1249 5435 1382 5482 πως,
1415 5429 1552 5472 erat.
1632 5419 1678 5451 ⁶⁰
1715 5419 1802 5471 ἵσ.
1826 5436 1933 5472 πω.

2026 5420 2065 5449 ⁸⁸
2092 5417 2422 5486 άνιγμένως,
2449 5425 2563 5470 erat
2593 5431 2611 5469 :
2646 5415 2698 5468 in
2731 5413 2965 5482 margine
3003 5421 3292 5466 correctum
3338 5413 3524 5477 depre-

2026 5506 2111 5536 mn
2152 5500 2390 5536 noteram
2444 5486 2650 5536 Πεδιευυὶ
2705 5484 2807 5536 nisi
2841 5487 3164 5536 coniectura.
3281 5485 3325 5515 ⁸³
3378 5484 3525 5536 ἷσ.ὁ

3379 5498 3466 5538 εσ.

1957 5720 2340 5776 restituimus:
2393 5731 2518 5770 nam
2551 5732 2616 5772 ex
2641 5716 2832 5788 Latina
2863 5717 3336 5788 interpretatione,
3373 5730 3425 5775 et
3457 5737 3525 5778 ex

1956 5791 2023 5844 iis
2054 5805 2175 5858 quae
2203 5798 2532 5858 sequuntur,
2559 5797 2724 5858 patet,
2745 5786 3234 5859 TheOphylactum,
3265 5792 3366 5846 hoc
3384 5792 3524 5858 loco,

1959 5863 2103 5914 sicut
2136 5860 2191 5912 in
2234 5860 2506 5932 plerisque
2547 5859 2704 5932 aliis.
2763 5859 2880 5929 ipsa
2927 5858 3303 5932 Chrysosmmi
3361 5864 3525 5918 verba

1957 5943 2275 5990 usurpasse.
2319 5927 2507 5984 Editor
2546 5927 2792 5984 Venetus.
