3870 6558
407 418 514 485 515

1330 415 1919 479 THEOPHYLACTI
1948 417 2363 479 BULGABIIE
2390 419 2750 483 ARCHIEP.
3530 426 3615 498 516

415 538 667 586 mortuos
705 534 761 583 et
782 524 1038 581 νῐνὶίιοοι.
1057 522 1213 590 Quod
1235 522 1305 590 si,
1336 524 1428 578 ubi
1461 523 1677 580 edicere
1712 540 1834 580 cum
1886 541 1978 596 po-

2088 525 2144 579 δέ
2178 528 2253 596 μὴ
2286 526 2422 598 πρὸς
2462 517 2513 582 ἃ
2551 529 2845 598 ἠρώτησαν
2887 527 2934 582 οί
2979 527 3250 599 μαθηταὶ,
3303 529 3557 608 ἀπεκρίθη
3594 542 3618 594 6

404 627 609 677 testate
627 627 843 688 oportet
867 616 1141 672 horrenda
1179 623 1340 684 atque
1379 630 1605 680 arcana,
1647 618 1793 672 sicut
1827 618 1986 675 Pater

405 722 696 779 operatur:
716 708 885 763 multo
903 707 1098 773 magis,
1113 705 1201 759 ubi
1219 713 1433 774 Oportet
1453 706 1615 760 scire.
1638 705 1820 778 Longe
1837 708 1983 764 enim

409 801 591 871 majus
620 810 724 866 est,
758 806 1000 854 mortuos
1017 797 1257 853 excitare
1289 813 1413 851 cum
1438 799 1539 866 12
1572 799 1685 866 pari
1712 807 1765 853 et
1795 800 1983 856 eadem

407 909 535 948 cum
560 892 723 946 Patre
759 898 1042 961 potestate,
1078 904 1243 959 quam
1274 889 1416 944 diem
1461 892 1626 945 scire.
1665 890 1770 945 Sed
1794 906 1894 946 cur
1917 890 1984 944 ad

405 1002 491 1048 ca,
509 999 631 1054 qua
645 983 898 1052 discipuli
926 981 1355 1052 interrogabant,
1372 982 1621 1036 Christus
1634 997 1740 1034 non
1759 997 1987 1051 respon-

404 1078 505 1138 dit,
532 1075 626 1130 sed
640 1075 809 1129 dixit:
837 1073 1124 1142 Accipietis
1138 1072 1388 1127 virtutem
1412 1072 1434 1124 ?
1457 1070 1812 1140 Respondeas
1833 1073 1987 1127 dixe-

406 1172 523 1216 rat:
546 1161 665 1217 Non
691 1171 775 1217 est
805 1169 1045 1215 vestrum
1074 1160 1239 1224 scire,
1261 1170 1316 1213 et
1365 1168 1495 1212 tunc
1527 1158 1809 1228 subjunxit
1844 1176 1857 1214 :
1890 1159 1987 1215 sed

414 1254 707 1322 accipietis
752 1253 1028 1307 virtutem.
1080 1250 1294 1306 Etenim
1340 1252 1455 1304 htec
1495 1250 1662 1305 dictio
1701 1267 1983 1306 accessum

410 1346 729 1413 quemdam,
760 1352 852 1405 .et,
887 1353 946 1396 nt
984 1343 1058 1395 ita
1107 1340 1308 1406 dicam,
1369 1342 1694 1396 allluentiam
1745 1343 1984 1411 Spiritus

403 1434 701 1506 signiﬁcat.
737 1434 1034 1489 Dicendum
1065 1432 1231 1503 igitur
1256 1432 1326 1487 de
1366 1441 1514 1487 secta
1561 1432 1857 1503 Phrygum,
1889 1435 1981 1504 qui

413 1533 604 1591 putant
635 1531 757 1594 post
806 1523 1074 1578 ducentos
1110 1521 1221 1577 fere
1277 1537 1451 1576 annos
1505 1522 1574 1575 ab
1606 1524 1986 1593 assumptione

400 1614 607 1669 Christi
635 1614 974 1669 Paracletum
1000 1613 1224 1669 missum
1258 1629 1381 1669 esse
1406 1614 1459 1668 in
1505 1614 1787 1680 mulieres,
1843 1631 1985 1686 quas

406 1715 604 1775 putant
627 1721 751 1761 esse
776 1707 1174 1777 prephetissas,
1196 1705 1500 1760 Priscillam
1525 1715 1579 1760 et
1604 1706 1981 1773 Maximillam,

400 1806 455 1849 ct
498 1797 549 1849 in
593 1812 741 1863 eum,
791 1796 885 1865 qui
927 1795 1117 1850 eodem
1148 1811 1273 1850 cum
1310 1795 1416 1851 illis
1465 1794 1652 1852 furore
1698 1806 1983 1868 correptus

2088 620 2343 691 Χριστὸς,
2405 620 2522 674 ἀλλ’
2561 621 2662 691 ἔφη
2692 662 2707 686 ,
2759 622 2865 690 ὅτι,
2895 622 3147 692 Λήψεσθε
3191 622 3445 695 δύναμινς
3486 629 3622 682 Ἀπει-

2088 709 2252 780 κρίθη
2277 710 2448 764 εἰπών
2468 725 2481 739 '
2518 712 2630 781 Οὐχ
2657 711 2810 781 ὑμῶν
2840 713 2956 764 ἐστι
2990 712 3212 779 γνῶναι·
3248 714 3339 768 καὶ
3370 716 3480 768 τότε
3507 718 3622 788 ἐπή-

2089 815 2285 866 γαγεν,
2351 799 2511 867 ἀλλὰ,
2561 798 2811 869 Λήψεσθε
2865 799 3112 869 δύναμιν.
3167 801 3274 852 Καὶ
3299 801 3433 872 αὕτη
3464 805 3623 876 γὰρὴ

2088 887 2232 952 λέξις
2263 889 2546 942 ἐπέλευσίν
2577 906 2719 954 τινα,
2753 889 2850 943 καὶ
2879 889 2946 942 ἶν’
2973 889 3145 947 οὕτως
3179 890 3336 949 είττω.
3370 894 3621 964 ἐπίρῤοιαν

2088 978 2181 1031 τοῦ
2217 979 2532 1051 Πνεύματος
2568 980 2739 1048 δηλοῖ.
2771 982 3009 1035 Λεκτέον
3044 977 3139 1034 οὖν
3172 982 3280 1034 τῶν
3306 984 3521 1053 Φρυγῶν
3544 989 3625 1058 τὴν

2094 1071 2314 1139 αἰρεσιν
2347 1073 2611 1140 οἰομένων
2664 1089 2767 1124 που
2806 1074 2943 1143 μετὰ
2991 1073 3242 1126 διακόσια
3272 1073 3366 1143 ἐτη
3400 1074 3492 1141 τῆς
3520 1078 3626 1130 ἁνα-

2089 1162 2305 1233 λήψεως
2334 1163 2429 1216 τοῦ
2463 1163 2707 1235 Χριστοῦ
2751 1163 3068 1234 πεπέμφθαι
3098 1164 3189 1217 τὸν
3226 1166 3557 1237 Παρὰιλητον
3580 1171 3627 1221 ἐν

2090 1260 2212 1314 ταις
2253 1254 2520 1320 γυναιξὶν,
2573 1254 2637 1317 ἃς
2671 1256 2873 1309 οἴονται
2924 1257 3265 1326 προφήτιδας
3316 1256 3482 1325 εἶναι,
3513 1261 3627 1329 Πρι-

2092 1344 2283 1415 exilis“
2311 1347 2404 1398 καὶ
2435 1344 2770 1418 Μαξιμίλλῃ,
2797 1346 2890 1400 καὶ
2914 1349 2971 1399 ἐν
3000 1347 3078 1417 τῷ
3109 1347 3444 1416 συμμανέντι
3465 1349 3627 1415 αὑταῖς

2088 1434 2399 1504 Μοντανῴ·
2461 1435 2582 1487 τότε
2635 1438 2743 1505 γὰρ
2804 1436 3027 1503 λέγουσι
3090 1438 3479 1506 πεπληρῶσθαι
3523 1440 3624 1511 τὴν,

2088 1524 2299 1594 Πέμψω
2333 1528 2470 1596 ἡμῖν
2502 1525 2595 1579 τὸν
2635 1527 3013 1598 Παράκλητον,
3051 1528 3411 1597 ἐπαγγελίαν.
3453 1530 3542 1581 Διὰ
3584 1531 3626 1582 τί

2085 1614 2163 1681 δέ,
2191 1614 2220 1668 ὃ
2247 1616 2347 1669 οὐκ
2367 1615 2953 1687 ὴρὼτησαν,διδάσκει,
2984 1618 3091 1678 ὅτι,
3117 1616 3371 1688 Λήψεσθε
3399 1617 3624 1689 δύναμινς
3738 1655 3744 1661 -
3814 1618 3819 1677 ἶ

2086 1707 2167 1760 ὅτι
2199 1706 2521 1771 διδάσκαλός
2563 1710 2735 1771 ἐστιν,
2767 1711 2796 1762 6
2831 1710 2929 1779 μὴ,
2979 1710 3015 1764 ὃ.
3046 1710 3298 1779 βούλεται
3325 1711 3356 1762 6
3391 1710 3625 1783 μαθητὴς,

2085 1800 2223 1855 ἀλλὰ
2262 1800 2532 1871 συμφέρει
2565 1801 2781 1873 μαθεῖν,
2812 1803 3099 1859 διδάσκων.

403 1889 541 1954 fuit,
580 1888 920 1944 Montanum.
957 1887 1113 1943 Tunc
1159 1888 1302 1942 enim
1345 1889 1495 1943 aiunt
1530 1892 1833 1960 praestitum
1862 1907 1983 1949 esse
2018 1892 2152 1949 illud
2225 1895 2559 1963 promissum
2597 1914 2612 1950 :
2677 1896 2884 1952 Mittam
2939 1898 3090 1952 vobis
3138 1896 3493 1951 Paracletum.
3538 1895 3624 1952 Sed

399 1997 498 2038 cur
522 1982 599 2050 id,
632 1983 774 2051 quod
802 1983 1197 2039 sciscitatinon
1232 1992 1412 2047 erant,
1475 1985 1656 2052 docet,
1690 1988 1944 2043 videlicet
1986 2005 1998 2041 :
2042 1988 2343 2059 Accipietis
2386 1991 2663 2047 virtutem.
2731 1991 2869 2060 Quia
2916 1992 3173 2063 magister
3235 2000 3343 2057 est,
3388 1990 3476 2061 qui
3517 2006 3624 2057 non,

397 2090 521 2143 quae
553 2075 667 2128 vult
692 2073 1018 2143 d'scipulus,
1052 2070 1175 2137 Sed,
1199 2088 1323 2142 qua;
1350 2074 1571 2143 expedit
1595 2076 1761 2143 scire,
1783 2079 1964 2132 docet.

476 2168 542 2222 Et
581 2168 731 2222 eritis
770 2168 900 2221 nti/ti
937 2176 1092 2221 testes
1136 2181 1184 2221 et
1215 2167 1270 2220 in
1302 2164 1665 2232 Hierusalem,
1694 2171 1825 2224 etin
1866 2179 1978 2224 tota

2151 2168 2261 2224 Καὶ
2312 2169 2533 2223 ἔσεσθέ
2558 2185 2657 2238 μοι
2699 2167 2992 2236 μάρτυρες
3039 2168 3111 2222 ἕν
3152 2185 3215 2222 τε
3258 2168 3626 2240 Ἰερουσαλὴμ

396 2254 592 2311 ludam
648 2256 1022 2327 Saturniaque,
1083 2264 1133 2311 et
1189 2271 1355 2326 usque
1407 2256 1476 2309 ad
1536 2265 1797 2314 extremos
1851 2260 1981 2329 ﬁnes

402 2358 578 2403 ιεντω.

470 2440 742 2505 Quoniam
789 2447 949 2493 antea
1005 2438 1220 2494 dixerat
1245 2438 1273 2480 ά
1310 2457 1323 2495 :
1376 2443 1436 2496 In
1466 2442 1606 2496 viam
1645 2443 1886 2513 gentium
1919 2457 1984 2497 ne

406 2530 673 2596 abieritis,
702 2538 754 2585 ct
787 2531 840 2584 in
866 2530 1140 2585 civitatem
1171 2530 1643 2587 Samaritanorum
1690 2549 1759 2589 ne
1802 2535 1985 2603 ingre-

409 2621 660 2685 diamini,
700 2622 826 2690 quia
880 2622 1115 2690 primum
1170 2619 1375 2680 ludatis
1417 2624 1644 2679 verbum
1696 2624 1983 2694 prmdicari

402 2713 636 2776 volebat,
697 2714 791 2768 sed
826 2712 1049 2767 nuncin
1109 2714 1425 2770 universum
1485 2716 1673 2770 orbem
1711 2725 1981 2773 terrarum

403 2804 843 2874 prmdicationem
898 2802 1126 2860 diﬂundi
1176 2807 1512 2875 oportebat:
1568 2807 1775 2861 idcirco
1828 2818 1979 2865 recte

401 2910 535 2950 sane
572 2894 780 2964 adjicit,
809 2904 863 2948 et
891 2895 989 2961 ait,
1026 2894 1093 2949 Et
1147 2895 1201 2949 in
1227 2894 1412 2951 Judma
1469 2908 1522 2952 et
1555 2897 1844 2966 Samaria;
1888 2899 1983 2955 de-

400 2989 547 3053 inde,
580 2987 640 3042 Et
667 3004 839 3058 usque
864 2990 931 3043 ad
960 2997 1234 3044 extremos
1262 2988 1397 3046 ttues
1432 3000 1613 3045 terrae.
1652 2991 1821 3047 Porro
1838 2992 1982 3062 quod

406 3081 541 3134 dicit
571 3098 586 3133 :
641 3079 808 3135 Erilis
850 3080 983 3132 mihi
1015 3087 1207 3146 testes,
1249 3079 1415 3135 simul
1446 3088 1500 3134 et
1534 3080 1841 3136 adhortatio
1871 3090 1978 3151 est,

401 3175 630 3228 cttirma
662 3182 921 3244 certaque
959 3175 1247 3245 prophetia
1278 3194 1292 3229 :
1330 3191 1454 3229 nam
1487 3176 1674 3247 Usque
1705 3179 1773 3233 ad
1800 3186 1982 3236 extre-

403 3279 528 3321 mos
553 3265 687 3321 lines
706 3277 861 3323 terra:
884 3269 1323 3338 praedicationem
1343 3276 1597 3325 testatam
1623 3270 1979 3340 reliquerunt.

474 3356 644 3414 γω.
675 3360 729 3415 9.
776 3360 944 3430 Atque
980 3361 1093 3414 lucc
1132 3362 1362 3425 locutus,
1397 3362 1809 3430 inspectantibus
1846 3362 1976 3429 illis,

400 3450 699 3507 subleuatus
725 3460 826 3516 est,
856 3462 905 3506 et
928 3452 1088 3507 nubes
1110 3454 1267 3507 illum
1291 3455 1458 3509 oculis
1481 3472 1665 3509 eorum
1690 3455 1937 3510 subduxit
1955 3472 1974 3510 :

473 3625 639 3682 Vens.
673 3626 759 3682 10.
793 3625 863 3684 Et
891 3637 949 3682 ut
1008 3628 1234 3685 abeunte
1276 3629 1371 3686 illo
1406 3632 1620 3686 intentis
1666 3632 1834 3687 oculis
1873 3648 1977 3688 cm-

401 3717 510 3770 lum
545 3717 953 3774 contuebantur.

471 3807 916 3878 inspectantibus
954 3810 1062 3865 illis
1108 3824 1218 3866 non
1245 3812 1512 3877 surrexit,
1540 3812 1636 3867 sed
1658 3810 1976 3883 lnspectan-

400 3899 547 3955 tibus
587 3900 694 3956 illis
747 3900 1063 3956 sublevatus
1088 3908 1196 3965 est,
1225 3901 1486 3970 quoniam
1514 3918 1585 3959 ne
1619 3904 1709 3958 hic
1756 3906 1976 3973 quidem

403 3989 673 4058 quidquid
710 4006 796 4045 res
822 3992 1139 4058 postulabat
1169 3991 1437 4059 inspectio
1458 4003 1674 4061 poterat
1695 4003 1977 4063 praestare.

402 4079 620 4134 Etenim
690 4079 1119 4137 resurrectionis
1184 4081 1348 4139 tinem
1421 4082 1642 4152 quidem
1699 4084 1977 4152 viderunt,

402 4170 735 4241 principium
765 4180 947 4227 autem
985 4186 1093 4227 non
1124 4172 1381 4227 viderunt
1413 4191 1428 4228 :
1479 4183 1535 4229 et
1583 4176 1977 4247 assumptionis

402 4263 739 4333 principium
772 4262 994 4331 quidem
1026 4262 1305 4330 viderunt,
1333 4263 1495 4320 tinem
1528 4280 1661 4322 vero
1686 4283 1799 4324 non
1826 4270 1979 4327 vide-

399 4362 528 4408 runt
559 4351 789 4420 Quare?
813 4353 955 4420 Quia
979 4353 1112 4419 illic,
1139 4368 1261 4409 cum
1291 4353 1429 4425 ipse,
1463 4356 1558 4425 qui
1584 4369 1977 4428 resurrexerat,

399 4459 584 4498 coram
621 4459 862 4514 praesens
896 4444 1135 4511 adesset,
1175 4454 1341 4517 atque
1370 4446 1508 4502 adeo
1546 4448 1892 4519 loqueretur,
1923 4463 1977 4508 et

396 4544 808 4591 monumentum
839 4535 1139 4593 declararet
1155 4552 1282 4594 eum
1309 4552 1417 4594 non
1447 4537 1524 4594 ibi
1546 4555 1689 4606 esse,
1718 4556 1976 4610 superva—

404 4639 635 4682 caneum
667 4634 806 4693 erat,
833 4621 1160 4698 principium
1183 4627 1372 4685 videre
1398 4646 1413 4683 :
1442 4630 1531 4687 hic
1552 4645 1683 4686 vero
1705 4645 1844 4701 opus
1859 4640 1978 4686 erat

393 4718 558 4775 etiam
585 4718 727 4779 scire
754 4717 940 4773 tinem.
976 4718 1096 4773 Non
1143 4720 1297 4775 enim
1342 4721 1492 4777 oculi
1535 4724 1753 4808 assequi
1804 4730 1970 4795 atque

2083 2259 2184 2314 καί
2211 2261 2282 2313 ἐν
2324 2259 2492 2329 πάσῃ
2532 2257 2609 2328 τῇ
2658 2258 2908 2327 Ἰουδαίᾳ
2937 2258 3037 2314 καὶ
3066 2260 3387 2328 Σαμαρείᾳ,
3422 2261 3511 2314 καὶ
3534 2260 3624 2327 ἕως

2082 2350 2348 2421 ἐσχάτου
2379 2350 2489 2418 τῆς
2514 2351 2647 2422 γῆς.

2170 2439 2388 2510 Ἐπειδὴ
2441 2439 2752 2510 ἔμπροσθεν
2811 2440 2998 2507 ἔλεγεν
3029 2455 3045 2472 ⁶
3094 2441 3188 2505 Εἰς
3216 2441 3335 2510 ᾇδδν
3375 2440 3533 2497 ἐθνῶν
3562 2442 3624 2512 μὴ

2082 2532 2379 2598 ἀπέλθητε,
2419 2536 2512 2587 καὶ
2538 2533 2617 2596 εἰς
2658 2532 2815 2586 πόλιν
2856 2533 3212 2604 Σαμαρειτῶν
3246 2534 3321 2606 μὴ
3349 2536 3623 2604 εἰσέλθητε,

2070 2624 2406 2694 ’βουλόμενος
2458 2624 2674 2694 πρῶτον
2719 2627 2829 2689 τοῖς
2862 2625 3137 2688 Ἰουδαίοις
3164 2618 3254 2679 τὸν
3285 2627 3443 2696 λόγον
3482 2645 3626 2698 κηρυ-

2082 2716 2298 2785 χθῆναι,
2349 2715 2443 2768 νῦν
2485 2715 2545 2768 δέ
2595 2715 2781 2769 λοιπὸν
2829 2717 2910 2779 είς
2941 2716 3039 2789 τὴν
3082 2717 3412 2788 οἰκουμένην
3459 2718 3553 2771 ἔδει
3577 2716 3625 2769 τὸ

2082 2809 2342 2878 κήρυγμα
2399 2806 2671 2876 χὺθῆναι,
2718 2806 2955 2874 εὐλόγως
3024 2802 3118 2859 οὖν
3191 2808 3509 2878 προστίθησι
3548 2807 3625 2862 καί

2082 2915 2217 2969 φησι
2245 2914 2260 2931 ·
2303 2898 2402 2952 Ἐν
2430 2915 2491 2950 τε
2527 2897 2758 2970 Ἰουδαία
2781 2898 2875 2949 καὶ
2900 2898 3183 2969 Σαμαρείᾳ
3206 2915 3221 2929 ·
3253 2894 3399 2963 εἶτα,
3418 2900 3518 2953 Καὶ
3538 2899 3624 2961 ἕως

2081 2991 2311 3062 ἐσχάτου
2345 2989 2446 3060 τῆς
2473 2990 2597 3059 γῆς.
2632 2990 2705 3043 Τὸ
2734 2990 2812 3056 δὲ,
2831 2989 3061 3043 Ἐσεσθέ
3092 3008 3184 3061 μοι
3213 2992 3507 3063 μάρτυρες,
3528 2990 3624 3060 ἅμα

2081 3082 2176 3136 καὶ
2229 3081 2513 3152 προτροπή
2564 3083 2683 3134 ἐστι
2733 3081 2828 3133 καὶ
2886 3078 3229 3143 ἀδιάπτωτος
3295 3082 3623 3152 προφητεία·

2084 3174 2231 3237 Ἕως
2264 3174 2372 3244 γὰρ
2399 3173 2632 3244 ἐσχάτου
2670 3172 2769 3243 τῆς
2812 3172 2917 3244 γῆς
2962 3172 3022 3227 τὸ
3056 3173 3318 3245 κήρυγμα
3359 3174 3625 3246 διεμαρτύ-

2080 3282 2267 3336 ραντο.

2150 3356 2258 3411 Καὶ
2299 3357 2486 3411 ταῦτα
2515 3356 2718 3421 εἰπὼν,
2755 3359 3114 3423 βλεπόντων
3148 3358 3349 3413 αὐτῶν
3380 3358 3590 3429 ἐπήρθη
3611 3375 3623 3392 ·

2078 3447 2176 3502 καὶ
2207 3447 2435 3517 νεφέλη
2476 3449 2777 3503 ὑπέλαϐεν
2803 3448 2990 3503 αὑτὸν
3026 3449 3144 3503 ἀπὸ
3174 3447 3294 3502 τῶν
3327 3446 3628 3519 ὀφθαλμῶν

2003 3514 2045 3571 c
2080 3514 2299 3595 adtritu.

2153 3632 2260 3686 Καὶ
2305 3632 2386 3697 ὡς
2442 3632 2809 3700 ἀτενίζοντες
2858 3629 3021 3705 ἦσαν
3042 3673 3056 3700 ,
3094 3634 3182 3701 εις
3234 3632 3345 3688 τὸν
3391 3631 3626 3704 οἰῬανὸν

2080 3725 2486 3792 πορευομένου
2517 3725 2728 3780 αὑτοῦ.

2150 3813 2465 3866 Βλεπόντων
2517 3814 2697 3869 αὐτῶν
2763 3813 2863 3869 οὐκ
2920 3814 3119 3887 ἀνέστη
3150 3831 3165 3847 ο
3221 3815 3533 3871 Βλεπόντων
3579 3816 3627 3869 δὲ

2079 3904 2259 3959 αὐτῶν
2291 3905 2505 3979 ἐπήρθη
2534 3919 2551 3939 ⁸
2597 3906 2720 3959 ἐπεὶ
2764 3905 2885 3960 οὐδὲ
2934 3907 3168 3961 ἐνταῦθα
3202 3909 3409 3981 eam;
3448 3910 3506 3965 τὸ
3536 3910 3629 3962 πᾶν

2082 3996 2272 4067 ἴσχυσε
2300 4011 2318 4025 ·
2353 4000 2449 4050 καὶ
2476 3996 2585 4067 γὰρ
2610 3997 2708 4067 τῆς
2734 3997 3083 4062 ἀναστάσεως
3104 4000 3163 4052 τὸ
3194 4000 3292 4070 μὲν
3313 4001 3462 4067 τέλος
3481 3998 3623 4065 εῐόον,

2078 4087 2177 4156 τὴν
2205 4087 2264 4139 δὲ
2293 4086 2469 4158 ἀρχὴν
2518 4087 2619 4141 οὐκ
2668 4082 2807 4141 εἶδον
2832 4103 2846 4118 ·
2898 4088 2993 4142 καὶ
3047 4088 3149 4159 τῆς
3196 4089 3513 4163 ἀναλήψεως
3541 4094 3628 4160 τὴν

2082 4176 2183 4247 μὲν
2210 4178 2386 4248 ἀρχὴν
2415 4175 2574 4240 εἶδον.
2607 4178 2668 4232 τὸ
2699 4178 2757 4232 δὲ
2797 4178 2951 4243 τέλος
2978 4181 3078 4235 οὐκ
3110 4176 3270 4249 εἶδον,
3290 4183 3381 4237 διὰ
3408 4183 3496 4251 τίς
3524 4184 3628 4238 Ὀτι

2080 4268 2198 4322 ἐκεῖ
2220 4269 2491 4338 παρέλκον
2550 4264 2619 4341 ἦν
2650 4269 2750 4341 τὴν
2795 4271 2968 4343 ἀρχὴν
3012 4265 3160 4339 ἰδεῖν,
3195 4275 3361 4330 αὑτοῦ
3392 4276 3485 4331 τοῦ
3515 4280 3629 4333 ava-

2081 4361 2308 4423 στάντος
2341 4360 2628 4430 παρόντος,
2675 4366 2769 4416 καὶ
2826 4363 2997 4417 ταῦτα
3020 4364 3396 4435 φθεγγομένου
3424 4371 3517 4422 καὶ
3544 4366 3624 4421 τοῦ

2085 4451 2369 4521 μνήματος
2417 4451 2725 4523 δηλοῦντος,
2773 4453 2856 4507 δτι
2886 4455 2986 4508 οὐκ
3017 4455 3166 4509 εστιν
3192 4458 3329 4512 ἐκεῖ.
3383 4457 3626 4512 Ἑνταῦοα

2078 4542 2135 4596 δὲ
2174 4541 2330 4614 χρεία
2363 4541 2564 4613 μαθεῖν
2591 4543 2772 4598 καὶτὸ
2807 4544 2958 4609 τέλος
2986 4563 3002 4578 ο
3047 4548 3109 4600 οὐ
3142 4547 3251 4619 γὰρ
3283 4549 3543 4621 ἐξήρκουν
3582 4550 3625 4601 oi

2079 4631 2348 4702 ὀφθαλμοὶ
2392 4631 2563 4697 δεῖξαι
2605 4633 2666 4687 τὸ
2710 4633 2865 4704 ὕψος,
2908 4635 3031 4689 οὐδὲ
3065 4637 3277 4703 διδάξαι
3313 4639 3535 4711 πότερον
3557 4642 3629 4702 εἰς

2079 4722 2242 4776 αὐτὸν
2273 4724 2474 4794 ανῆλθε
2504 4722 2599 4776 τὸν
2629 4724 2880 4796 οὐρανὸν.
2925 4726 2959 4797 ἢ
3004 4728 3099 4781 καὶ
3127 4730 3291 4800 μέχρι
3323 4730 3463 4795 τινὸς
3488 4730 3624 4798 ἔστη.

393 4819 653 4881 praestare
682 4816 956 4879 poterant,
1002 4816 1063 4864 ut
1106 4810 1465 4865 ostenderent
1501 4812 1845 4870 altitudinem
1884 4825 1968 4871 at-

2088 4817 2175 4868 Διὰ
2200 4815 2358 4869 τοῦτο
2392 4815 2615 4883 ἄγγελοι
2649 4814 2971 4880 ἐπιστάντες
3003 4819 3370 4886 διδάσκουσιν,
3407 4822 3442 4875 ἃ
3474 4840 3627 4875 κατα-

393 4915 503 4972 que
529 4900 815 4966 docerent,
850 4910 1034 4955 utrum
1065 4900 1122 4954 in
1154 4899 1331 4970 ipsum
1375 4902 1575 4957 caelum
1611 4905 1967 4975 ascendisset,

392 5010 464 5050 an
497 4993 663 5049 etiam
691 4993 1044 5065 aliquatenus
1081 4992 1384 5048 subvectus
1412 4996 1725 5051 restitisset.
1761 4997 1971 5057 Idcirco

391 5086 572 5158 angeli
597 5085 921 5143 assistentes
951 5084 1158 5141 docent
1180 5099 1267 5150 ea,
1295 5100 1417 5156 qua:
1448 5100 1544 5156 per
1571 5084 1967 5156 inspectionem

395 5192 505 5234 non
558 5184 816 5248 poterant
863 5174 1273 5246 comprehendi.
1325 5174 1508 5232 Nubes
1538 5183 1721 5231 autem
1757 5180 1970 5247 excepit

393 5285 561 5325 cum:
613 5269 741 5338 quia
796 5267 913 5323 hac
966 5267 1182 5336 signum
1239 5273 1323 5322 est
1381 5264 1743 5331 Dominicum,
1809 5276 1972 5337 atque

397 5360 591 5415 divina:
614 5359 906 5427 potestatis
934 5376 947 5413 :
978 5372 1245 5427 nusquam
1275 5356 1422 5411 enim
1450 5356 1636 5426 aliqua
1675 5357 1781 5410 alia
1811 5370 1969 5426 pote-

397 5460 510 5504 stas
552 5451 606 5504 in
638 5452 782 5505 nube
818 5456 1065 5520 apparet.
1107 5446 1472 5514 Quamobrem
1514 5447 1677 5504 etiam
1707 5448 1877 5503 David
1904 5450 1972 5505 de

394 5540 557 5596 Patre
583 5541 715 5595 dicit
745 5559 759 5595 :
804 5541 906 5611 13
928 5588 929 5591 η
953 5540 1060 5608 Qui
1078 5540 1231 5610 ponit
1267 5540 1428 5596 nubes
1470 5538 1884 5595 ambulationem
1917 5550 1968 5594 et

461 5654 487 5695 ἀ
517 5655 706 5711 Matth.
737 5671 791 5721 Χ,
821 5656 873 5710 5.

2076 4907 2261 4961 λαϐεῖν
2292 4907 2393 4960 οὐκ
2428 4905 2556 4975 ἐνῆν
2600 4906 2689 4959 διὰ
2727 4908 2825 4979 τῆς
2874 4907 3071 4978 ὅψεως.
3117 4909 3337 4984 Νεφέλη
3380 4913 3436 4967 δὲ
3476 4911 3625 4967 αὑτὸν

2079 4998 2368 5065 ὑπέλαϐεν,
2400 4997 2480 5052 ὅτι
2512 4997 2777 5068 σύμϐολόν
2812 5001 2961 5055 ἐστιν
2993 4999 3131 5073 αῦτη
3157 4998 3496 5069 Δεσποτικδν,
3543 5003 3625 5058 καὶ

2078 5089 2228 5152 θείας
2253 5090 2535 5159 δυνάμεως
2563 5102 2576 5117 ⁸
2608 5088 2848 5159 οὐδαμοῦ
2879 5089 2985 5163 γὰρ
3012 5090 3150 5161 ἄλλη
3183 5110 3265 5156 τις
3289 5094 3511 5166 δύναμις
3539 5094 3621 5147 ἐπὶ

2077 5179 2304 5248 νεφέλης
2332 5180 2602 5247 φαίνεται.
2638 5178 2742 5231 ’Διὸ
2775 5182 2867 5232 καὶ
2902 5182 2929 5234 6
2954 5182 3122 5237 Δασὶδ
3148 5186 3278 5254 περὶ
3306 5184 3400 5238 τοῦ
3432 5183 3622 5255 Πατρδς

2075 5269 2261 5336 λέγει·
2307 5269 2370 5322 '0
2404 5268 2583 5332 τιθεὶς
2640 5268 2796 5337 νέφη
2835 5269 2948 5336 τὴν
2975 5271 3258 5328 ἐπίϐασιν
3299 5275 3512 5331 αὐτοῦ’
3538 5273 3621 5326 καὶ

2075 5362 2247 5424 ἄλλως
2265 5361 2309 5394 ⁸⁵
2334 5377 2353 5392 ο
2379 5360 2510 5415 Ἐπὶ
2534 5360 2797 5429 νεφέλης
2848 5362 3082 5431 κούρης
3122 5368 3155 5419 d
3186 5366 3333 5433 Θεὸς
3355 5367 3589 5433 κάθηται
3606 5380 3619 5395 '

2073 5455 2167 5506 καὶ
2202 5452 2370 5523 μυρία
2392 5451 2549 5510 ἀλλα.
2592 5451 2803 5516 Ἀλλως
2832 5453 2954 5533 οὑδέ
2990 5454 3149 5510 τοῦτο
3170 5457 3304 5528 εἰκῆ
3336 5461 3433 5515 καὶ
3454 5456 3617 5518 ἁπλῶς

2074 5543 2394 5614 πεποίηκεν.
2453 5542 2621 5609 Εἰδὼς
2654 5543 2763 5616 γὰρ
2807 5546 2837 5598 6
2865 5544 3068 5617 Κύριος
3127 5548 3209 5603 δτι
3251 5550 3347 5606 ἐὰν
3397 5551 3617 5624 ἀοράτως

1574 5751 1777 5815 Varia:
1810 5749 2121 5813 lectiones
2155 5754 2215 5810 et
2250 5754 2441 5810 notua.

467 5857 508 5889 ⁸³
533 5856 616 5908 ἴσ.
645 5855 842 5909 ἄλλοθι.
