3870 6544
227 427 332 491 517

1030 426 1431 487 EXPOSITIO
1456 426 1541 487 IN
1564 427 1749 486 ACTA
1788 427 2435 493 APOSTOLORUM.—
2469 431 2623 492 CAP.
2668 432 2718 491 Ι.

3367 433 3474 498 518

227 541 412 601 αὐτοῖς
450 537 648 607 ἀναϐῇ.
675 534 751 600 ὡς
783 534 876 590 καὶ⁵
905 538 1108 605 κατέϐη
1133 577 1150 602 ,
1189 537 1388 607 μᾶλλον
1426 536 1483 589 δὲ
1505 576 1520 601 ,
1560 536 1636 599 ὼς
1669 552 1803 603 συγ-

1926 539 2268 594 iseensionem
2301 557 2474 605 suam,
2507 551 2668 611 atque
2698 540 2823 597 alibi
2854 541 3062 610 :Super
3098 544 3284 601 nubem
3316 547 3479 602 levem

227 629 455 697 κατέϐη,
485 628 613 681 οὔτε
642 627 973 697 φαινομένου
998 627 1092 682 τοῦ
1126 625 1441 695 Πνεύματος
1470 627 1804 690 πιστεύεται,

231 723 307 784 ὡς
360 721 493 775 αὐτὸ
533 720 709 773 ικεῐνό
767 719 939 783 ἐστιν,
979 720 1008 773 ὃ
1047 720 1154 791 πρὸ
1200 718 1396 786 ὀλίγων
1451 716 1656 771 τούτων
1695 718 1807 773 τῶν

228 811 456 881 ἡμερῶν
491 810 859 878 ἐπηγγείλατο
911 811 1093 873 αὐτοῖς
1150 809 1391 879 πέμψειν
1418 825 1432 838 ·
1475 810 1568 862 καὶ
1616 811 1807 865 ἑαυτὸν

228 902 331 954 οὐκ
384 899 496 954 ἀπὸ
538 898 650 953 τῶν
700 897 947 969 οὐρανῶν
1000 897 1301 968 ἐληλυθότα
1356 896 1808 968 παρασκευάζειν

229 990 601 1051 ὑπονοεῖσθαι,
648 990 743 1044 καὶ
786 990 868 1043 ὅτι
914 988 1024 1042 οὔτ’
1075 989 1142 1043 ἂν
1194 989 1334 1057 μετά
1375 986 1550 1042 ταῦτα
1599 987 1809 1042 ἀνωθεν

228 1082 436 1153 καλέσῃ
492 1079 703 1136 Παῦλον
731 1096 746 1111 ο
787 1079 899 1133 οὔτ’
951 1079 1018 1134 ἂν
1077 1081 1289 1134 ἐκεῖθεν
1342 1079 1640 1151 ἀποστείλῃ
1708 1079 1809 1149 τὴν

225 1175 649 1245 ἀχειρότευκτον
679 1173 869 1245 Πέτρῳ
900 1173 1131 1239 σινδόνα,
1168 1172 1497 1235 πιστεύοιτο,
1534 1173 1615 1225 ὅτι
1647 1172 1809 1235 αὐτὸς

226 1264 405 1319 ταῦτα
430 1264 575 1334 μετὰ
593 1264 693 1333 τὴν
721 1264 1085 1334 ἀποφοίτησιν
1125 1266 1273 1317 ποιεῖ
1317 1266 1417 1334 τὴν
1459 1264 1806 1333 σωματικὴν,

227 1358 422 1428 ἀνέϐη,
450 1358 768 1410 Βλεπόντων
797 1355 975 1410 αὐτῶν
1006 1371 1019 1386 ⁵
1041 1355 1148 1409 ἀπὸ
1169 1354 1397 1426 νεφέλης
1433 1355 1490 1408 δὲ
1529 1355 1628 1423 τῆς
1658 1356 1809 1425 Παρ-
1862 1356 1867 1359 ’

227 1450 384 1505 θένου
418 1451 502 1514 είς
551 1450 783 1520 νεφέλην
829 1444 959 1519 ἦλθε
1007 1448 1103 1500 καὶ
1155 1447 1243 1502 διὰ
1285 1447 1515 1517 νεφέλης
1554 1446 1806 1517 ἀνῆλθεν,

236 1540 377 1593 ὂποῦ
413 1536 488 1611 ἦν
512 1540 573 1594 τὸ
597 1541 890 1611 πρότερον.
947 1538 1021 1591 Τὸ
1044 1538 1122 1603 δὲ,
1156 1539 1292 1591 ὅπου
1329 1533 1419 1610 ἦν,
1461 1537 1536 1609 μὴ
1566 1538 1809 1601 τυπικῶς

224 1632 459 1704 ὲκδέχου
489 1671 506 1699 ,
566 1633 705 1703 μήτε
757 1631 855 1701 τὴν
919 1629 1101 1702 σάρκα
1148 1630 1523 1700 ἀποθέμενον,
1568 1630 1811 1699 ἄσαρκον

225 1724 399 1794 ἔχειν,
424 1724 504 1787 ὡς
528 1724 587 1777 τό
619 1723 770 1795 πρὶν,
803 1723 903 1792 τὴν
930 1716 1125 1776 ἑαυτοῦ
1155 1722 1533 1791 σαρκωθεῑσαν
1558 1721 1807 1793 θεότητα,

226 1816 368 1870 ἀλλά
396 1815 484 1881 τὸ,
505 1818 638 1870 ὅπου
680 1810 771 1886 ἦν,
803 1814 913 1867 νόει
945 1830 1057 1885 μοι,
1097 1813 1174 1878 είς
1203 1813 1264 1864 τὸ
1296 1811 1429 1882 ὕψος
1466 1813 1563 1881 τῆς
1583 1814 1807 1883 ἀσωμα·

224 1904 457 1967 τώσεως
503 1906 561 1957 ἓν
599 1908 666 1975 τῇ
701 1901 1051 1973 σωματὼσει,
1094 1904 1175 1966 είς
1204 1901 1303 1971 τὴν
1332 1901 1812 1973 μεγαλοπρέπειαν
1846 1890 1883 1944 Β

225 1995 339 2066 τῆς,
361 1994 732 2066 ἀσαρκὼσεως
760 1995 817 2047 ἐν
856 1995 922 2066 τῇ
955 1994 1233 2064 σαρκώσει
1264 2007 1277 2022 ο
1317 1993 1397 2054 εἰς
1425 1991 1520 2062 τὴν
1570 1991 1806 2046 αὑτοΰπο

225 2062 435 2155 αρκτον
493 2087 591 2157 τῆς
649 2083 1052 2147 ἀναλλοιώσεως
1130 2083 1568 2155 σεσαρκωμένης
1643 2082 1812 2137 αὑτοῦ

227 2178 412 2244 ἀξίαν,
464 2179 563 2247 τῆς
605 2177 852 2232 ἑκουσίου
891 2175 1057 2230 αὑτοῦ
1112 2162 1497 2236 ταπεινώσεως
1531 2191 1546 2206 ο
1621 2176 1703 2238 είς
1752 2174 1816 2228 τὸ

229 2269 440 2339 μηκέτι
493 2269 803 2340 ἀνθρώποις
865 2265 1406 2339 συναναστρέφεσθαι
1462 2265 1816 2338 ὁφθαλμοφα-

227 2360 363 2426 νῶς,
393 2361 427 2431 ἢ
473 2359 907 2425 συναυλίζεσθαι.

1908 646 1973 683 ac
2005 641 2210 686 tenuem
2238 633 2380 687 sedet
2421 634 2583 698 Deus,
2635 650 2700 689 ac
2748 646 3009 691 sexcenta
3070 638 3200 693 alia.
3258 639 3478 710 Alioqui

1912 736 1985 776 ne
2042 721 2146 777 boc
2189 725 2412 794 quidem
2461 737 2664 781 temere
2702 742 2767 782 ac
2796 728 3119 798 sinipiiciter
3150 729 3295 785 fecit.
3342 733 3479 787 Nam

1907 827 2034 867 cum
2067 815 2233 870 sciret
2265 815 2550 882 Dominus,
2602 818 2747 887 quod
2805 820 2850 873 si
2905 836 3012 875 non
3050 822 3479 891 inspectantibus

1907 902 2018 960 illis
2057 905 2419 972 ascendisset,
2459 909 2917 976 quemadmodum
2954 912 3118 967 etiam
3177 913 3477 976 descendit,

1908 995 2021 1051 imo
2053 1012 2182 1053 vero
2212 998 2627 1065 condescendit,
2682 1000 2821 1068 fore,
2864 1010 2924 1056 ut
2972 1017 3147 1073 neque
3182 1014 3482 1075 apparente

1912 1087 2119 1157 Spiritu
2138 1090 2455 1144 crederetur
2479 1092 2630 1144 illum
2658 1091 2833 1162 ipsum
2860 1109 2982 1149 esse
3006 1094 3294 1163 Spiritum,
3315 1113 3481 1167 quem

1909 1186 2038 1232 ante
2093 1193 2300 1247 paucos
2358 1181 2482 1236 illos
2538 1182 2654 1237 dies
2714 1184 2793 1238 eis
2855 1186 3199 1253 promisisset
3262 1202 3322 1242 se
3358 1202 3480 1243 esse

1909 1271 2206 1327 missurum
2246 1290 2261 1328 :
2306 1281 2357 1328 et
2416 1275 2763 1330 occasionem
2823 1277 3138 1346 suspicandi
3192 1280 3479 1347 prmbituzn
3522 1292 3529 1297 ‘

1910 1361 1978 1415 iri
2041 1378 2101 1416 se
2160 1379 2268 1419 non
2300 1364 2368 1420 de
2391 1365 2547 1421 caelis
2579 1366 2978 1423 descendisse:
3038 1368 3276 1423 futurum
3327 1369 3480 1435 item,

1910 1462 1973 1507 ut
2023 1469 2202 1525 neque
2258 1457 2303 1509 si
2366 1466 2554 1527 postea
2615 1473 2852 1529 superne
2915 1461 3139 1515 Paulum
3208 1472 3480 1527 vocasset,

1908 1559 2086 1614 neque
2124 1546 2172 1602 si
2221 1547 2371 1603 illinc
2407 1549 2571 1603 Petro
2611 1551 2897 1607 sindonem
2937 1568 3046 1606 non
3083 1568 3242 1607 manu
3281 1553 3480 1609 factam

1912 1636 2178 1702 misisset,
2238 1640 2557 1695 crederetur
2622 1642 2798 1712 ipsum
2832 1644 2945 1699 hanc
2976 1654 3098 1714 post
3144 1648 3482 1714 corporalem

1911 1724 2302 1783 habitationem
2339 1729 2552 1785 facere:
2581 1734 2853 1800 ascendit,
2887 1734 3323 1803 lnspectantibus
3350 1737 3477 1792 illis.

1911 1814 1953 1867 A
2003 1818 2152 1872 nube
2209 1828 2390 1874 autem
2448 1821 2688 1892 Virginis
2721 1824 2774 1878 in
2812 1825 3012 1880 nubem
3047 1826 3211 1890 venit,
3272 1842 3336 1882 ac
3386 1843 3486 1897 per

1913 1904 2113 1958 nubem
2176 1909 2441 1975 ascendit,
2490 1911 2578 1965 ubi
2606 1920 2732 1974 erat
2760 1913 2932 1981 prius.
2983 1912 3222 1970 Verbum
3276 1922 3481 1982 autem,

1914 1994 2006 2047 ubi
2038 2005 2175 2061 erat,
2206 2012 2271 2051 ne
2296 1997 2364 2052 de
2396 1998 2516 2052 loco
2553 2002 2794 2071 accipias
2820 2018 2834 2055 :
2874 2018 3075 2072 neque,
3102 2014 3161 2057 ut
3189 2004 3482 2074 intelligas,

1912 2080 2065 2137 illum
2120 2087 2363 2156 deposita
2420 2104 2607 2154 carne,
2660 2106 2825 2147 carne
2876 2104 3173 2160 carentem,
3209 2105 3268 2148 ut
3305 2098 3482 2166 prius,

1915 2175 2115 2231 habere
2166 2193 2320 2232 suam
2356 2181 2692 2235 incarnatam
2739 2185 2991 2238 deitatem
3027 2204 3041 2241 :
3095 2186 3191 2241 scd
3235 2171 3482 2252 verbum,

1913 2270 2002 2325 ubi
2036 2281 2174 2335 crat,
2205 2272 2604 2342 intelligemihi
2635 2293 2648 2329 :
2692 2275 2752 2329 In
2800 2276 3186 2333 sublimitatem
3232 2278 3487 2347 incorpo-

1914 2360 2148 2417 ralitatis
2178 2362 2230 2415 in
2280 2366 2668 2434 corporalitate
2703 2384 2718 2420 :
2772 2368 2826 2422 in
2878 2384 3020 2437 eam,
3068 2386 3188 2439 qua:
3219 2387 3314 2443 per
3347 2386 3405 2426 se
3432 2378 3487 2425 et

229 2453 296 2507 ab
330 2470 397 2509 se
426 2454 640 2508 initium
696 2462 750 2508 et
786 2450 1199 2509 subsistentiam
1249 2451 1412 2506 habet
1483 2452 1829 2507 alterationis
1893 2455 2216 2520 carentiam,
2290 2455 2573 2511 incarnata
2639 2458 2785 2515 illius
2837 2461 3122 2532 dignitate,
3181 2464 3486 2519 voluntaria

229 2546 358 2613 ejus
402 2553 568 2616 atque
602 2554 904 2616 spontanea
1001 2544 1390 2601 bumiliatione
1445 2554 1609 2616 atque
1654 2546 2042 2604 demissione;
2096 2548 2151 2603 in
2234 2564 2354 2604 eam
2420 2552 2787 2608 conditionem
2867 2565 2921 2610 et
2977 2565 3202 2620 statum,
3258 2568 3317 2611 ut
3370 2574 3488 2611 non

231 2639 479 2708 amplius
533 2640 701 2709 (quod
750 2638 924 2713 oculis
951 2652 1214 2708 apparere
1236 2646 1291 2692 et
1318 2638 1554 2708 judicari
1582 2640 1784 2710 possit)
1848 2654 1974 2695 cum
2022 2641 2279 2697 omnibus
2329 2654 2710 2714 conversetur,
2792 2653 2887 2700 aut
2935 2647 3125 2701 eodem
3208 2647 3488 2704 domicilio

233 2750 366 2790 cum
403 2735 475 2788 iis
512 2748 673 2803 atque
705 2732 1072 2787 contubernio
1108 2738 1312 2785 utatur.

305 2828 423 2881 Kal
462 2827 591 2880 ἰδοὺ
625 2825 838 2894 ἄνδρες
886 2825 994 2880 δύο
1037 2823 1551 2895 παρειστήκεισαν
1605 2824 1811 2893 αὐτοῖς

235 2922 305 2973 ἐν
335 2918 553 2986 ἐσθῆτι
580 2917 795 2987 λευκῇ,

313 3012 387 3067 Οἳ
408 3014 507 3067 καὶ
539 3009 711 3066 εἶπον
734 3027 749 3042 ⁸
789 3010 1028 3078 ’Ἄνδρες
1066 3007 1404 3074 Γαλιλαῖοι,
1436 3010 1494 3063 τί
1522 3008 1815 3074 ἑστήκατε

234 3104 584 3168 ,ϐλέποντες
600 3103 646 3134 ⁸⁸
677 3103 763 3168 είς
795 3102 902 3154 τὸν
928 3099 1233 3166 οὐρανόν;
1282 3095 1463 3164 οὗτος
1487 3102 1520 3152 ὁ
1552 3099 1814 3165 Ἰησοῦς,

1979 2822 2052 2879 Et
2086 2840 2202 2881 ecce
2234 2827 2334 2882 viri
2383 2827 2493 2883 duo
2541 2828 2606 2882 iis
2641 2829 2924 2884 astiterunt
2973 2829 3025 2883 in
3061 2829 3285 2884 restibus
3330 2829 3485 2886 albis.

1984 3008 2151 3067 Vens.
2218 3012 2309 3065 Η.
2364 3012 2467 3077 Qui
2526 3014 2688 3066 etiam
2740 3013 3041 3067 dixerunt:
3091 3012 3201 3067 Viri
3256 3013 3489 3078 Galilei,

1913 3102 2037 3172 quid
2092 3102 2247 3156 statis
2305 3103 2490 3156 cretum
2523 3112 2819 3157 contuentes
2842 3104 2867 3156 ?
2894 3100 2997 3156 lite
3020 3101 3199 3165 Jews,
3230 3105 3319 3174 qui
3355 3121 3495 3159 rece-

240 3198 272 3250 ὀ
314 3194 692 3262 ἀναληφθεὶς
737 3192 837 3261 ἀφ’
868 3189 1037 3260 ἡμῶν
1063 3190 1152 3255 εὶς
1187 3190 1295 3244 τὸν
1325 3191 1599 3256 οὐρανὸν,
1629 3189 1817 3255 οὕτως

1926 3202 2037 3259 ptas
2065 3202 2142 3247 est
2175 3210 2208 3247 a
2240 3194 2380 3247 vobis
2407 3195 2460 3246 in
2486 3194 2693 3256 eretum,
2724 3195 2801 3247 ita
2835 3196 3017 3261 veniet,
3053 3197 3493 3264 quemadmodum

240 3286 569 3339 ἐλεύσεται
620 3284 692 3338 εν
730 3283 953 3351 τρόπον
985 3280 1319 3337 ἐθεάσασθε
1348 3281 1534 3335 αὑτὸν
1573 3280 1820 3348 πορευόο

236 3395 434 3448 μενον
457 3379 544 3443 είς
572 3376 681 3429 τὸν
712 3375 993 3443 οὐρανόν.

316 3467 619 3529 Δεικτικῶς
653 3466 955 3537 ἐχρήσαντο
987 3469 1052 3536 τῇ
1085 3467 1227 3534 λέξει
1262 3463 1507 3525 εἰπόντες
1532 3480 1548 3497 ο
1588 3455 1754 3523 Οὗτος
1793 3463 1822 3514 ό

255 3557 494 3627 Ἰησοῦς,
548 3557 577 3608 ό
634 3556 963 3625 ἀναληφθεὶς
996 3556 1089 3625 ἀφ’
1125 3556 1279 3625 ὑμῶν
1310 3555 1387 3616 εἰς
1447 3553 1536 3607 τὸν
1570 3553 1818 3623 οὐρανὸν,

246 3652 426 3712 οὕτως
458 3648 760 3711 ἐλεύσεται,
818 3647 877 3701 ὃν
926 3648 1126 3717 τρόπον
1156 3646 1459 3700 ἐθεάσασθε
1506 3645 1671 3698 αὑτὸν
1722 3658 1821 3696 πο-

247 3742 550 3812 ρευόμενον
578 3741 657 3802 είς
682 3738 772 3792 τὸν
800 3739 1053 3808 οὐρανόν.
1085 3738 1199 3791 υὺκ
1238 3733 1359 3791 εἷπε
1382 3738 1424 3768 ⁸⁷
1452 3735 1529 3804 δὲ,
1553 3735 1823 3805 Ἀναλαμ-

248 3834 573 3902 ϐανόμενον,
598 3830 717 3884 οὐδὲ
744 3829 1165 3901 βασταζόμενον,
1195 3830 1353 3893 ἀλλά,
1423 3828 1819 3898 Πορευόμενον·

249 3925 301 3976 εἰ
326 3923 438 3990 γὰρ
468 3921 576 3991 πρὸ
618 3918 714 3973 τοῦ
752 3921 986 3991 σταυροῦ
1033 3920 1284 3973 ἐπὶιτῶν
1322 3918 1527 3972 ὑδάτων
1571 3917 1821 3987 ἐφέρετο,

249 4014 561 4083 παθητικὸν
589 4011 670 4063 ἔτι
694 4011 788 4065 καὶ
818 4010 955 4081 βαρὺ
989 4010 1369 4080 περικείμενος
1398 4008 1557 4078 σῶμα
1578 4024 1593 4038 ’
1632 4006 1825 4077 μηδεὶς

249 4104 558 4171 ἀπορείτω,
621 4104 670 4154 εί
722 4103 862 4173 μετά
907 4103 970 4155 τὸ
1026 4100 1304 4172 ἄφθαρτον
1331 4099 1462 4153 αὐτὸ
1495 4098 1700 4162 λαϐεῖν,
1732 4098 1823 4151 τὸν

251 4197 393 4267 ἀέρα
423 4193 640 4263 ἔτεμεν.
660 4191 971 4246 Ἐλεύσεται
999 4192 1079 4260 δὲ,
1099 4193 1284 4262 φησὶν,
1302 4191 1385 4256 οὐ,
1415 4190 1823 4260 Πεμφθήσεται.

254 4289 446 4349 οὕτως
491 4284 772 4338 ἐλεύσεται
796 4299 812 4315 ο
851 4284 1095 4338 τουτέστι
1137 4284 1274 4353 μετὰ
1296 4284 1583 4353 σώματος’
1640 4280 1668 4333 ὃ
1698 4280 1825 4334 ἐπό-

262 4379 394 4431 θουν
466 4376 737 4430 ἀκοῦσαν
789 4376 882 4429 καὶ
926 4376 1009 4428 ὅτι
1055 4374 1218 4427 πάλιν
1268 4366 1422 4431 οὗτος
1441 4372 1486 4403 ⁸⁸
1517 4371 1636 4441 ἥξει
1669 4370 1726 4421 έν
1757 4372 1824 4439 τῇ

255 4468 438 4539 κρίσει
491 4468 587 4519 ἐπὶ
638 4465 890 4536 νεφέλης.
944 4462 1181 4534 Ἀνδρας
1218 4463 1274 4516 δὲ
1304 4462 1501 4524 αὐτοὺς
1534 4462 1709 4524 καλεῖ,
1766 4460 1826 4512 τὸ

1921 3285 2199 3352 spectastis
2228 3298 2348 3337 eum
2385 3283 2657 3338 abeuntem
2699 3284 2753 3337 in
2792 3285 3000 3339 cretum.

1996 3457 2434 3513 Demonstrative
2457 3457 2549 3526 usi
2590 3468 2717 3513 sunt
2747 3458 3007 3526 dictione,
3040 3476 3162 3513 cum
3196 3461 3438 3514 dicereut
3470 3476 3487 3512 :

1924 3550 2025 3604 llic
2046 3548 2229 3614 Jcsus,
2258 3549 2350 3619 qui
2385 3558 2638 3619 receptus
2672 3556 2756 3604 est
2792 3566 2819 3602 a
2853 3551 3009 3604 vobis
3042 3552 3096 3605 in
3148 3552 3369 3615 caelum,
3419 3540 3523 3604 ita.

1924 3643 2123 3708 veniet,
2147 3642 2605 3713 quemadmodum
2639 3644 2983 3713 spectarisﬁs
3009 3644 3158 3697 illum
3204 3646 3493 3698 abeuntem

1926 3736 1980 3790 in
2009 3738 2227 3790 caelum.
2260 3733 2375 3789 Non
2404 3733 2660 3789 dixerunt
2681 3743 2885 3801 autem,
2909 3750 3056 3801 eum,
3090 3734 3183 3803 qui
3210 3734 3492 3804 recipitur,

1926 3836 2020 3881 aut
2050 3842 2195 3891 eum,
2230 3826 2323 3897 qui
2355 3834 2604 3897 portatur
2644 3835 2698 3880 et
2727 3827 2942 3881 vehitur
2971 3846 2984 3882 :
3028 3828 3122 3883 sed
3161 3826 3489 3883 Abeuntem.

1923 3916 2060 3972 Nam
2103 3917 2149 3972 si
2187 3927 2314 3972 ante
2344 3930 2560 3972 crucem
2592 3915 2869 3972 ferebatur
2901 3932 3066 3988 super
3121 3932 3311 3989 aquas,
3362 3921 3499 3988 pati-

1926 4009 2020 4065 bili
2060 4009 2223 4064 etiam
2272 4022 2418 4062 nunc
2456 4016 2509 4062 et
2548 4008 2700 4079 gravi
2757 4009 2969 4064 obsitus
3016 4024 3288 4078 corpore:
3337 4025 3497 4065 nemo

1928 4100 2160 4165 dubitet,
2184 4113 2273 4164 an,
2295 4105 2646 4168 posteaquam
2665 4100 3082 4171 incorrupti‘bile
3102 4102 3232 4157 illud
3257 4099 3496 4173 (corpus)

1927 4191 2158 4260 accepit,
2201 4204 2381 4245 aerem
2408 4189 2668 4244 secuerit.
2699 4189 2892 4247 Veniet
2915 4202 3121 4260 autem,
3151 4193 3285 4247 dixit
3313 4211 3325 4246 :
3361 4207 3495 4255 non,

1928 4284 2195 4335 mittetur.
2240 4281 2323 4334 Ita
2361 4279 2542 4335 veniet
2577 4295 2591 4333 :
2631 4281 2686 4335 id
2718 4290 2826 4345 est,
2871 4297 2994 4337 cum
3044 4298 3295 4353 corpore,
3336 4283 3497 4357 quod

1929 4374 2122 4429 audire
2159 4371 2553 4428 desiderabant
2584 4390 2597 4427 :
2636 4382 2690 4426 et
2714 4375 2860 4442 quod
2902 4388 3096 4429 rursus
3120 4376 3199 4428 sic
3234 4387 3500 4429 venturus

1930 4466 1999 4520 sit
2036 4466 2089 4519 in
2130 4464 2341 4534 judicio
2373 4478 2539 4533 super
2567 4463 2729 4517 nube.
2763 4463 2917 4519 Viros
2950 4472 3132 4519 autem
3165 4465 3286 4519 illos
3316 4476 3498 4530 vocat,

259 4557 490 4628 ἐναργὲς
520 4556 620 4625 τῆς
649 4555 826 4625 ὅψεως
855 4553 1030 4627 δηλῶν
1055 4568 1071 4583 ·
1125 4553 1219 4606 καὶ
1262 4552 1371 4623 γὰρ
1397 4552 1491 4605 καὶ
1520 4550 1598 4613 είς
1628 4550 1818 4620 ἄνδρας

1933 4557 2135 4611 claram
2167 4563 2220 4610 et
2253 4555 2561 4610 evidentem
2613 4554 2926 4625 signiﬁcans
2957 4555 3370 4626 iuspectionem.
3406 4555 3501 4611 Et-

258 4648 491 4711 ἑαυτοὺς
538 4648 587 4700 oi
642 4646 865 4715 ἄγγελοι
919 4644 1163 4716 ἀκριϐῶς
1195 4642 1642 4707 ὲναπετύπωσαν,
1687 4640 1826 4694 ὥστε

265 4739 339 4810 μὴ
362 4737 624 4809 πτοῆσαι.
655 4737 761 4791 Δύο
793 4737 850 4790 δὲ
873 4737 1225 4807 παρέστησαν
1257 4734 1469 4805 ἄνδρες,
1505 4733 1586 4786 ὅτι
1620 4732 1714 4785 ἐπὶ
1736 4732 1829 4784 δύο

266 4830 299 4898 ἢ
331 4828 506 4900 τριῶν
537 4827 830 4898 μαρτύρων
855 4829 1123 4899 στόματος
1154 4828 1260 4880 πᾶν
1298 4827 1447 4897 ῥῆμα
1479 4823 1828 4894 σταθήσεται.

268 4921 529 4980 Εἰπόντες
554 4919 632 4983 δὲ,
652 4919 718 4970 Τί
745 4919 1010 4988 ἑστήκατε
1047 4916 1337 4987 βλέποντες
1360 4918 1439 4979 είς
1463 4915 1555 4967 τὸν
1583 4913 1833 4984 οὐρανὸν,

265 5009 448 5064 οὐκέτι
491 5008 683 5062 εἴασαν
726 5009 922 5073 αὐτοὺς
966 5010 1394 5081 προσκαρτερεῖν
1421 5005 1499 5077 τῷ
1527 5005 1700 5075 τόπῳ,
1741 5006 1837 5058 καὶ

268 5101 577 5174 προσδοκᾷν
613 5101 776 5154 αὐτὸν
812 5100 1038 5169 ὄψεσθαι
1073 5099 1234 5154 πάλιν
1260 5116 1274 5130 ·
1328 5098 1442 5153 ἀλλ’
1493 5097 1835 5168 ἐπέστρεψαν

268 5192 468 5255 αὐτοὺς
503 5191 613 5245 ἀπὸ
638 5192 736 5262 τῆς
781 5192 907 5255 θέας
962 5192 1176 5260 ἐκείνης
1203 5189 1295 5244 ἐπὶ
1325 5190 1423 5261 τὴν
1458 5188 1831 5260 Ἰερουσαλὴμ,

270 5285 360 5336 ἐπὶ
392 5284 490 5337 τὸν
528 5283 624 5336 τοῦ
677 5282 1029 5355 κηρὺγματος
1080 5283 1268 5336 λοιπὸν
1296 5282 1495 5336 σκοπὸν
1526 5283 1618 5334 καὶ
1655 5281 1831 5348 λόγον.

270 5375 558 5445 Πανταχοῦ
610 5375 667 5428 δὲ
694 5376 913 5444 ἄγγελοι
943 5375 1018 5439 ὡς
1073 5374 1320 5448 Δεσπότῃ
1348 5372 1702 5442 ὑπηρετοῦσι,
1744 5373 1838 5425 καὶ

268 5466 322 5517 ὲν
377 5467 447 5537 τῇ
491 5466 767 5538 γεννήσει,
817 5471 909 5520 καὶ
964 5470 1023 5519 ἐν
1072 5470 1139 5538 τῇ
1192 5466 1505 5532 ἀναστάσει,
1559 5464 1655 5519 καὶ
1680 5466 1740 5518 ἐν
1769 5467 1836 5535 τῇ

216 5618 229 5626 ,
269 5555 536 5625 ἀναλήψει
560 5573 575 5587 ⁸
602 5558 696 5610 καὶ
724 5557 828 5628 πρό
855 5575 918 5627 γε
949 5558 1174 5625 τούτων,
1204 5558 1291 5611 ὅτε
1331 5558 1619 5626 ἐπιδημεῖν
1644 5555 1836 5625 ἔμελλε

1934 4648 2078 4702 enim
2115 4647 2315 4715 ﬁguras
2353 4645 2595 4700 virorum
2624 4646 2799 4717 angeli
2831 4661 3046 4718 quoque
3078 4646 3358 4703 absolutas
3395 4648 3498 4704 sibi

1936 4746 2283 4810 sumpserant
2305 4746 2361 4795 et
2393 4738 2713 4802 induerant,
2753 4755 2819 4796 ne
2844 4739 3355 4809 perterrefacerent.
3389 4740 3504 4795 Cte-

1941 4840 2115 4887 terum
2143 4830 2254 4887 duo
2284 4830 2382 4885 viri
2411 4832 2702 4887 astiterunt
2735 4849 2747 4885 :
2773 4830 3031 4901 quoniam
3064 4831 3118 4885 in
3145 4846 3240 4888 ore
3266 4832 3500 4888 duorum

1939 4934 2033 4978 aut
2064 4924 2227 4977 trium
2264 4924 2485 4979 testium
2516 4937 2679 4978 omne
2706 4923 2931 4978 verbum
2959 4923 3309 4980 consisteret.
3332 4923 3504 4978 Porro

1934 5029 2057 5070 cum
2099 5014 2370 5078 dicerent,
2404 5014 2547 5079 Quid
2578 5015 2739 5070 statis
2784 5014 2986 5070 cmlum
3047 5015 3342 5079 intuentes,
3392 5027 3503 5067 non

1934 5103 2169 5173 amplius
2197 5102 2301 5176 14
2326 5104 2581 5159 sinebant
2615 5118 2709 5159 eos
2747 5103 2803 5157 in
2860 5103 2954 5156 illo
2994 5102 3115 5157 loco
3158 5115 3502 5172 permanere,

1933 5202 1986 5248 et
2033 5210 2256 5264 Sperare
2301 5211 2361 5252 se
2406 5211 2600 5250 rursus
2658 5194 2807 5247 illum
2841 5208 2961 5248 esse
2992 5194 3207 5249 visuros
3243 5210 3257 5247 :
3296 5194 3395 5249 scd
3435 5195 3505 5247 ab

1934 5283 2028 5338 illo
2092 5287 2409 5354 spectaculo
2474 5284 2902 5355 Hierosolymam
2963 5282 3030 5337 ad
3098 5282 3504 5350 praedicationis

1946 5375 2207 5445 deinceps
2230 5375 2542 5431 institutum
2571 5390 2633 5428 ac
2656 5376 2919 5427 rationem
2952 5374 3074 5427 illos
3095 5380 3504 5429 converterunt.

1947 5464 2160 5529 Ubique
2192 5474 2372 5519 autem
2396 5462 2570 5533 angeli
2628 5471 2884 5527 tanquam
2917 5457 3144 5514 Domino
3173 5459 3506 5522 ministrant,

1946 5565 2000 5612 et
2036 5558 2089 5610 in
2117 5555 2426 5619 nativitate,
2456 5562 2510 5608 et
2543 5551 2595 5606 in
2630 5551 3053 5619 resurrectione,
3093 5558 3149 5605 et
3198 5548 3253 5604 in
3287 5565 3506 5605 assum-

1458 5713 1661 5776 Varite
1683 5713 1996 5777 lectiones
2017 5719 2080 5774 et
2107 5719 2301 5775 notua.

347 5836 393 5866 “
425 5832 643 5889 Codices
676 5834 875 5904 vulgati
902 5834 1112 5894 habent,
1145 5833 1529 5902 ἐμϐλέποντες.

1608 5834 1650 5866 ⁶⁷
1688 5834 1772 5887 ῖσ.
1811 5828 1983 5887 εἶπον.
2062 5833 2220 5885 “10'.
2255 5832 2447 5895 οὕτως.
