3870 6550
431 419 537 484 519

1357 412 1940 476 TIIECIPIIYLACTI
1984 415 2397 477 BULGARUE
2442 416 2803 479 ARCHIEP.
3555 419 3636 486 520

431 538 583 593 tione
613 553 626 589 :
657 547 711 590 ct
740 534 958 607 quidem
989 542 1168 597 antea,
1195 547 1318 588 cum
1353 532 1408 585 in
1442 531 1710 585 inundum
1751 546 1850 601 per
1879 545 2010 586 car-

2133 532 2197 603 ιῷ
2220 532 2411 604 κόσμῳ
2426 532 2513 586 διὰ
2542 532 2768 603 σαρκός.
2794 529 2955 588 Οὕτω
2978 530 3034 586 δὲ
3065 530 3342 602 ἐφαίνοντο
3366 531 3412 584 oi
3437 530 3639 600 ἄγγελοι,

432 643 556 683 nem
612 629 931 698 proditurus
978 638 1033 682 et
1095 635 1419 681 versaturus
1482 633 1653 679 esset.
1702 625 1780 677 ita
1832 632 2015 677 autem

2133 624 2188 688 ὓς
2241 625 2470 679 δυνατὸν
2526 622 2596 697 ἦν
2653 627 2782 689 τοὺς
2830 624 3154 696 ἀνθρώπους
3185 624 3330 677 ἰδεῖν.
3367 624 3436 677 Τὸ
3477 624 3546 686 δὲ,
3571 626 3641 680 Ἐν

432 722 610 791 angeli
656 720 1011 790 apparebant,
1044 715 1511 788 quemadmodum
1545 715 1660 770 lieri
1693 723 1927 783 poterat,
1960 725 2018 769 ut

2133 718 2303 787 ισθῆτι
2338 717 2528 788 λευκῇ,
2556 718 2589 787 ἦ
2626 717 2687 770 τὸ
2718 716 2960 785 καθαρὸν
2991 716 3100 769 τῶν
3130 714 3374 784 ἀγγέλων
3405 718 3645 787 σημαίνει,

435 811 513 864 illi
563 812 632 865 ab
677 810 994 864 hominibus
1052 809 1395 863 viderentur.
1446 805 1642 871 Porro,
1683 805 1740 860 In
1773 806 2018 862 vestibus

2133 811 2148 881 ᾗ
2179 809 2268 863 τὸν
2301 809 2563 879 μέλλοντα
2589 809 2918 878 δοθήσεσθαι
2942 809 2986 841 ⁶⁹
3014 810 3124 867 τοῖς
3151 808 3326 877 ἁγίοις
3370 809 3646 873 ἀποστόλοις

434 902 595 967 albis,
624 903 768 971 quod
800 902 957 965 dicit,
984 911 1079 956 aut
1119 902 1413 971 puritatem
1444 902 1770 970 angelorum
1803 899 2013 969 signiti-

435 1002 525 1046 cat
579 1011 594 1048 :
644 1002 738 1047 aut
791 1009 934 1060 eam,
985 1010 1148 1064 quam
1213 993 1389 1048 sancti
1445 990 1677 1062 apostoli
1734 991 2013 1062 accepturi

431 1094 608 1149 erant,
646 1086 1133 1141 illuminationem.
1167 1085 1345 1155 Atque
1383 1085 1544 1138 aliter
1585 1084 1650 1138 ad
1694 1085 2014 1149 dictionem,

433 1175 890 1245 lnspectantibns.
930 1175 1198 1243 Quoniam
1231 1176 1441 1231 sciebat
1475 1176 1736 1229 Dominus
1758 1182 2016 1243 corrupta

432 1276 613 1323 mente
642 1270 904 1339 praeditos
930 1269 1183 1324 homines
1238 1270 1374 1335 lore,
1415 1271 1509 1341 qui
1568 1284 1628 1324 se
1654 1276 2015 1339 opponerent,

432 1375 496 1413 ac
525 1359 795 1424 dicerent,
828 1374 1007 1429 neque
1031 1361 1098 1414 de
1128 1359 1270 1413 emlo
1307 1360 1461 1413 illum
1493 1374 1615 1414 esse
1646 1360 1730 1414 vel
1762 1357 2017 1425 venisse,

432 1468 610 1522 neque
649 1462 1013 1523 assumptum,
1047 1451 1099 1504 in
1132 1451 1331 1507 coelum
1373 1468 1497 1507 esse
1538 1465 1816 1521 receptum
1844 1492 1861 1517 ,
1918 1450 2015 1505 sed

437 1545 627 1613 procul
661 1546 714 1599 in
747 1545 984 1614 aliquem
1012 1546 1195 1599 locum
1228 1545 1396 1600 situm
1426 1555 1580 1601 extra
1613 1545 1801 1600 orbem
1835 1551 2016 1600 terra-

2116 902 2397 972 φωτισμόν
2419 917 2435 932 '
2469 902 2563 955 καὶ
2612 901 2790 966 ἄλλως
2838 903 2916 965 εἰς
2968 901 3048 966 τὸ,
3081 900 3406 955 Βλεπόντων.
3440 902 3586 965 Εἰδὼς
3624 904 3647 955 ὁ

2126 994 2329 1066 Κύριος
2360 996 2443 1048 ὅτι
2479 997 2835 1065 ἐνστήσονται
2880 994 3160 1067 ἄνθρωποι
3196 994 3548 1064 πεφθαρμένοι
3578 994 3648 1050 τὸν

2123 1086 2271 1148 νοῦν,
2305 1086 2556 1155 λέγοντες
2590 1087 2729 1157 μήτε
2780 1088 2879 1141 ἀπ’
2927 1087 3159 1157 οὐρανοῦ
3207 1080 3345 1139 εἶναι
3376 1087 3406 1155 ἢ
3432 1086 3649 1155 ἐληλυθὲ-

2125 1195 2214 1232 ναι
2235 1180 2282 1216 ⁷⁸
2317 1181 2502 1248 αὐτὸν,
2576 1184 2714 1253 μήτε
2751 1180 3127 1250 ἀναληφθέντα
3148 1222 3163 1245 ,
3195 1181 3271 1243 εἰς
3302 1179 3514 1247 οὑρανὲον
3545 1181 3651 1233 ἀνα-

2123 1271 2421 1342 ληφθῆναι,
2483 1275 2601 1329 ἀλλ’
2648 1275 2692 1308 ’⁸
2750 1274 3128 1342 ἀπεκτοπίσθη
3170 1274 3248 1336 εἷς
3297 1290 3415 1326 τινα
3453 1273 3546 1339 ἔξω
3576 1274 3651 1344 τῆς

2126 1364 2457 1436 οἰκουμένης
2489 1368 2676 1434 τόπον,
2717 1360 2793 1422 ὧν
2839 1368 2947 1421 εἰσι
2981 1366 3077 1420 καὶ
3110 1368 3160 1419 ol
3192 1367 3292 1433 τῆς
3323 1364 3553 1418 Βιταλὶου
3578 1366 3649 1416 αἱ·

2128 1454 2331 1525 ρέσεως
2353 1472 2369 1487 ·
2407 1458 2530 1512 κατ’
2560 1459 2877 1528 ὀφθαλμοὺς
2908 1459 3093 1513 αὐτῶν
3120 1456 3473 1520 ἀτενιζόντων
3507 1457 3652 1509 αὐτῶν

2125 1549 2207 1610 ei;
2233 1547 2326 1601 τὸν
2350 1549 2582 1621 οὐρανὸν
2605 1550 2927 1622 ἀνελήλυθε.

437 1652 563 1691 rum
616 1638 983 1717 translatum:
1034 1653 1265 1709 quorum
1316 1639 1384 1695 de
1441 1652 1674 1693 numero
1728 1644 1859 1693 sunt
1907 1637 2005 1707 qui
2048 1636 2249 1695 Vitalis
2275 1653 2438 1696 secta:
2465 1642 2793 1697 adita-rent:
2838 1642 2893 1696 in
2924 1648 3226 1711 conspectu
3288 1638 3514 1704 illorum,
3565 1656 3658 1717 co.-

438 1729 551 1786 lum
574 1716 750 1789 oculis
784 1731 1012 1787 intentis
1043 1732 1437 1788 contuentibus
1472 1732 1633 1803 ipsis,
1664 1732 1940 1788 ascendit.

508 1823 675 1880 Vens.
727 1824 815 1878 η.
875 1822 1023 1878 Tunc
1079 1825 1274 1879 reversi
1337 1834 1460 1883 sunt
1510 1822 1933 1893 Hierosolymam
1984 1838 2019 1876 a

436 1926 632 1981 monte,
659 1918 751 1988 qui
808 1927 1025 1971 vocatur
1066 1915 1258 1973 Oliveti
1281 1933 1300 1972 :
1347 1918 1436 1988 qui
1466 1931 1624 1988 prope
1661 1916 1726 1970 ab
1761 1916 2019 1971 Hierusa-

438 2010 537 2066 lem
559 2011 725 2076 abest,
753 2011 852 2066 iter
875 2009 1156 2083 (videlicet)
1195 2008 1440 2065 Sabbati.

482 2101 686 2170 ,Tune,
714 2103 983 2174 quando?
1010 2103 1146 2158 Cum
1178 2102 1475 2157 audissent.
1521 2099 1639 2155 Non
1671 2101 1816 2156 enim
1858 2101 2023 2156 susti-

436 2194 708 2261 nuissent,
738 2196 843 2251 nisi
870 2196 924 2251 in
973 2197 1137 2250 alium
1179 2196 1303 2251 illos
1348 2194 1645 2249 adventum
1680 2193 2019 2261 reiecissent.

439 2285 710 2342 Videntur
736 2296 919 2343 autem
948 2288 1080 2341 mihi
1119 2288 1235 2342 lucc
1269 2288 1434 2342 etiam
1483 2288 1539 2340 in
1585 2284 1827 2340 Sabbato
1880 2286 2026 2340 acci-

439 2379 590 2435 disse
623 2397 639 2435 :
676 2395 783 2435 non
835 2379 983 2436 enim
1019 2379 1093 2433 ita
1124 2377 1384 2449 spatium,
1422 2375 1569 2446 quod
1625 2376 2022 2443 intercedebat,

437 2470 704 2526 edidisset
732 2488 748 2526 :
780 2486 809 2524 a
837 2481 1042 2537 monte,
1089 2471 1183 2540 qui
1216 2479 1447 2523 vocatur
1487 2468 1705 2532 Oliveti,
1733 2467 1825 2537 qui
1858 2482 2027 2537 prepe

438 2564 508 2617 ab
548 2561 888 2618 Hierusalem
920 2564 1074 2619 abest
1119 2564 1226 2617 iter
1279 2560 1527 2619 Sabbati.
1559 2559 1772 2615 Etenim
1797 2560 2025 2616 deﬁnita

435 2662 556 2709 erat
589 2654 877 2726 longitudo
908 2655 1143 2719 itineris,
1186 2656 1331 2726 quod
1365 2655 1419 2709 in
1452 2654 1543 2710 die
1575 2654 1802 2711 Sabbati
1824 2652 2027 2708 Jndazis

438 2746 622 2803 facere
654 2749 873 2803 licebat.
925 2746 1059 2802 Nam
1126 2749 1403 2820 Joseplius
1429 2764 1650 2818 quoque
1678 2747 1732 2803 in
1760 2748 2026 2804 vicesimo

436 2836 585 2894 libro
643 2854 826 2894 rerum
887 2840 1245 2910 antiquarum
1304 2843 1476 2897 tradit
1518 2843 1589 2895 ab
1629 2841 2026 2909 Hierosolymis

440 2929 635 2984 abesse
690 2930 868 2985 stadia
923 2943 1152 3001 septem,
1214 2939 1382 2999 atque
1435 2932 1601 2985 etiam
1653 2930 1918 3002 Origenes
1970 2930 2026 2985 in

436 3021 635 3090 quinto
665 3021 966 3086 volumine,
1010 3023 1115 3076 lter
1137 3019 1384 3088 Sabbati,
1432 3022 1611 3090 inquit
1639 3024 1681 3084 ‘,
1717 3023 1879 3076 trium
1931 3036 2029 3075 cu-

440 3112 684 3166 bitorum
713 3121 851 3168 erat.
879 3113 996 3168 lmo
1033 3128 1165 3167 Vero
1222 3113 1638 3167 tabernaculum
1691 3121 1944 3168 sanetum
1974 3123 2027 3167 et

440 3215 569 3255 arca
605 3209 820 3256 tantum
855 3203 1209 3257 intervallum
1245 3203 1664 3272 praeoccupabat
1717 3217 1782 3259 ac
1829 3217 2028 3273 praece-

436 3291 603 3347 debat
632 3302 758 3348 ante
783 3303 987 3358 castra,
1012 3304 1070 3350 et
1100 3295 1171 3351 ab
1205 3304 1361 3351 tanto
1393 3299 1573 3367 spatio
1608 3298 1985 3353 collocabatur
2010 3314 2023 3350 :

436 3381 586 3452 quod
612 3384 848 3453 spatium
894 3384 1259 3441 adorantibus
1304 3386 1722 3463 tabernaculum
1769 3396 2023 3443 sanctum

434 3473 675 3544 pedibus
724 3475 1000 3531 coniicere
1040 3476 1096 3531 in
1157 3464 1407 3533 sabbato
1463 3478 1681 3544 licebat,
1732 3479 1883 3550 quod
1937 3487 2025 3536 est

437 3566 671 3623 milliare
710 3583 903 3624 unum.

511 3655 677 3715 Vens.
725 3657 812 3714 15.
870 3657 1098 3714 Etcum
1151 3660 1376 3731 ingressi
1427 3672 1622 3728 essent,
1675 3663 2023 3718 ascenderunt

437 3751 493 3804 in
538 3752 888 3819 (cenaculum,
916 3754 1007 3808 ubi
1042 3771 1255 3810 manere
1281 3756 1520 3810 solebant
1547 3756 1741 3811 Petrus
1770 3767 1820 3811 et
1859 3757 2024 3813 Jaco-

436 3844 550 3910 bus,
579 3853 629 3898 et
663 3842 897 3900 Joannes
926 3856 975 3900 et
1021 3847 1291 3913 Andreas,
1343 3847 1620 3917 Philippus
1667 3860 1712 3905 et
1771 3850 2023 3915 Thomas,

406 3936 861 3991 .Bartltoloma'us
914 3948 963 3991 et
1030 3937 1339 4003 Ilattlurus,
1406 3938 1641 3995 Iacobus
1694 3942 1900 4011 Alpluei
1976 3952 2027 3997 et

436 4025 619 4081 Simon
647 4029 862 4092 zelotes,
885 4038 934 4081 et
958 4025 1133 4081 ludas
1162 4026 1377 4084 Jacobi.

512 4117 675 4172 Vens.
708 4117 794 4172 14.
836 4116 910 4171 Hi
951 4133 1128 4174 omnes
1167 4122 1492 4175 unanimiter
1533 4127 1931 4192 perseverabant
1970 4128 2025 4183 in

437 4208 737 4278 precatione
790 4218 841 4262 et
915 4210 1157 4263 oratione
1234 4227 1341 4264 una
1413 4227 1533 4266 cum
1618 4215 1927 4273 mulieribus
1975 4229 2025 4274 et

442 4298 619 4353 Maria
643 4296 819 4353 Matre
850 4297 1003 4365 Jesu,
1033 4310 1084 4354 et
1118 4317 1225 4355 una
1260 4317 1378 4355 cum
1414 4302 1675 4373 fratribus
1713 4305 1880 4363 illius.

513 4475 679 4533 Recte
714 4478 1049 4535 mentionem
1103 4479 1234 4535 fecit
1266 4481 1665 4553 discipulorum
1704 4504 1718 4541 :
1761 4490 2021 4559 quoniam

440 4570 582 4625 alios
640 4564 860 4641 quidem
912 4572 1276 4644 prodiderat:
1315 4577 1455 4632 alius
1497 4578 1600 4649 ιδ
1635 4591 1815 4635 autem
1845 4582 2018 4637 abne-

3152 1740 3173 1750 σ-

2203 1821 2345 1876 Τότε
2381 1792 2781 1892 ὐπέσίρεψαν
2821 1824 2911 1889 εις
2945 1819 3346 1890 Ἰερουσαλὴμ
3376 1819 3483 1874 ἀπὸ
3510 1821 3653 1890 ὅρους

2127 1915 2232 1969 τοῦ
2258 1932 2333 1968 κα
2347 1915 2639 1979 λουμένου
2658 1914 3005 1982 Ἐλαιῶνοςο
3036 1914 3068 1969 δ
3091 1915 3267 1970 ἐστιν
3296 1913 3469 1986 ἐγγὺς
3489 1913 3653 1984 Ὶεροιω

2054 2001 2092 2054 Β
2123 2006 2333 2076 audiui
2365 2007 2672 2062 Σαόὄὰτου
2695 2008 2844 2079 ἕχον
2861 2009 3026 2065 ὁδόν.

2194 2099 2352 2164 Τότε,
2379 2102 2546 2167 ardes;
2580 2101 2712 2155 Ὅτε
2746 2102 3010 2173 ἥκουσαν.
3053 2103 3129 2156 Οὐ
3150 2103 3260 2174 γὰρ
3293 2102 3360 2158 ἂν
3384 2103 3649 2175 ἠνέσχοντο,

2124 2192 2173 2243 εἰ
2229 2191 2304 2262 μὴ
2351 2194 2431 2255 εἰς
2484 2193 2680 2261 ἑτέραν
2733 2193 2934 2256 αὐτοὺς
2982 2196 3290 2264 παρουσίαν
3350 2193 3648 2265 ὑπερέθεντο.

2124 2281 2284 2334 Δοκεῖ
2325 2281 2381 2335 δέ
2416 2300 2505 2352 μοι
2535 2283 2624 2335 καὶ
2669 2284 2727 2335 ὲν
2776 2284 3041 2356 Σαϐϐάτῳ
3080 2286 3367 2353 γεγονέναι
3395 2284 3579 2339 ταῦτα·
3604 2284 3649 2337 οὐ

2125 2375 2235 2444 γὰρ
2260 2375 2325 2428 ἂν
2350 2373 2496 2428 οὕτω
2516 2374 2577 2428 τὸ
2600 2375 2876 2446 διάστημα
2905 2373 3082 2429 εἶπενο
3103 2375 3240 2430 Ἀπὸ
3268 2376 3443 2447 ὅρους,
3470 2376 3552 2430 τοῦ
3578 2393 3652 2429 κα-

2125 2467 2388 2537 λουμένου
2414 2467 2732 2531 Ἐλαιῶνος⁸
2794 2469 2823 2522 ὃ
2870 2454 3026 2522 ἔστιν
3095 2468 3267 2538 ἐγγὺς
3305 2466 3649 2538 Ἰερουσαλήμο

2126 2560 2409 2614 Σαόὁάτου
2438 2559 2560 2631 ἔχον
2585 2560 2727 2615 ὀδόν.
2778 2561 2887 2614 Καὶ
2940 2563 3048 2631 γὰρ
3100 2561 3408 2633 ὡρισμένον
3433 2561 3487 2613 τὸ
3513 2560 3651 2630 μῆκος

2126 2652 2226 2721 τῆς
2256 2651 2568 2724 ὁδοιπορίας
2600 2649 2670 2725 ἦν
2694 2693 2710 2719 ,
2767 2653 2796 2706 ὃ
2830 2653 2962 2725 ἐξῆν
3015 2652 3254 2723 βαδίζειν
3283 2656 3390 2716 τοίς
3427 2651 3651 2712 Ἰουδαίοις

2127 2745 2185 2797 ὲν
2208 2747 2275 2813 τῇ
2306 2746 2493 2816 ἡμέρᾳ
2522 2744 2616 2798 τοῦ
2651 2743 2957 2821 Σασόάτου.
2996 2746 3227 2816 Ἱστορεῖ
3256 2747 3311 2799 δὲ
3339 2750 3429 2799 καὶ
3468 2746 3652 2813 Ἰώσηπ-

2127 2854 2229 2899 πος
2263 2839 2321 2891 ἐν
2344 2836 2424 2907 τῷ
2455 2838 2689 2910 εἰκοστῷ
2724 2838 2870 2910 λόγῳ
2899 2838 3000 2908 τῆς
3035 2838 3441 2911 ἀρχαιολογίας,
3469 2837 3651 2906 ἀπέχειν

2127 2928 2236 2981 ἀπὸ
2276 2927 2673 2999 Ἱεροσολύμων
2703 2929 2894 2982 στάδια
2946 2929 3119 2981 ὲπτὰ.·
3164 2929 3279 2981 Καὶ
3328 2927 3578 2998 Ὠριγένης
3608 2924 3651 2976 δέ

2128 3037 2293 3089 φησιν
2323 3021 2381 3072 έν
2406 3020 2481 3091 τῷ
2514 3022 2755 3091 πέμπτῳ
2802 3018 3126 3090 στρώματιο
3178 3023 3213 3090 ἠ
3279 3020 3372 3074 τοῦ
3420 3017 3651 3072 Σαῦὅὰτου

2126 3112 2242 3175 ὁδὸς
2305 3112 2469 3182 τριῶν
2528 3113 2721 3182 πηχῶν
2777 3114 3012 3183 ὑπῆρχε.
3084 3114 3198 3167 Καὶ
3243 3114 3436 3184 μᾶλλον
3479 3113 3507 3181 ἡ
3550 3111 3653 3179 ἁγία

2129 3203 2310 3273 Σκηνὴ
2342 3207 2436 3257 καὶ
2463 3205 2497 3276 ἡ
2525 3204 2775 3267 Κιϐωτὸς
2837 3204 3089 3257 τοσοῦτον
3117 3204 3393 3273 διάστημα
3426 3201 3654 3273 προελάμ-

2131 3297 2262 3349 ϐανε
2292 3295 2391 3366 τὴν
2422 3297 2779 3366 παρεμϐολὴν
2800 3297 2897 3350 καὶ
2923 3295 3031 3350 ἀπὸ
3051 3296 3313 3349 τοσούτου
3340 3295 3654 3365 διαστήματος

2130 3390 2397 3458 ἐσκήνου·
2455 3388 2486 3441 δ
2528 3390 2805 3460 διάστημα
2857 3388 2986 3459 ἐξῆν
3033 3388 3147 3451 τοῖς
3197 3387 3545 3461 προσκυνοῦσι
3569 3384 3648 3455 τὴν

2127 3480 2293 3547 ἁγίαν
2340 3481 2547 3552 σκηνὴν
2609 3480 2848 3552 βαδξζειν
2883 3481 2938 3535 ἐν
2990 3472 3299 3553 Σαϐϐάτῳ·
3350 3480 3378 3535 δ
3431 3479 3539 3534 ἐστι
3587 3478 3653 3547 με·

2126 3574 2240 3625 λιον
2263 3572 2342 3625 ἓν.
3702 3629 3705 3631 ,

2199 3665 2306 3718 Καὶ
2335 3665 2433 3719 ὅτε
2459 3664 2770 3734 εἰσῆλθον,
2817 3664 3127 3734 ἀνέϐησαν
3161 3669 3257 3734 εἰς
3285 3666 3352 3721 τὸ
3396 3660 3652 3732 ὑπερῷον.

2127 3749 2202 3810 οὗ
2233 3753 2399 3822 ἦσαν
2438 3756 2874 3824 καταμένοντες
2916 3758 2949 3810 d
2970 3756 3253 3825 Πέτρος⁴η
3285 3756 3383 3811 καὶ
3415 3753 3653 3815 Ἰάκωϐος,

2128 3847 2538 3917 καῑσ’1ωάννης
2568 3848 2667 3900 καὶ
2699 3847 2996 3918 Ἀνδρέας,
3020 3851 3323 3917 Φίλιππος
3353 3849 3445 3902 καὶ
3471 3844 3652 3915 Θωμᾶς.

2130 3941 2579 4009 Βαρθολομαῖος
2601 3940 2699 3993 καὶ
2727 3940 3047 4007 Ματθαῖος,
3089 3943 3374 4008 Ἰάκωϐος
3415 3937 3655 4008 Ἀλραίου

2129 4031 2231 4085 καὶ
2260 4032 2455 4100 Σίμων
2480 4034 2513 4085 ό
2543 4030 2831 4100 ζηλωτής,
2871 4032 2969 4085 καὶ
2999 4032 3238 4099 Ἰούδας
3263 4030 3544 4087 Ἰακώϐου.

2204 4119 2378 4179 Οὗτοι
2398 4123 2623 4189 πάντες
2653 4119 2816 4193 ἦσαν
2862 4126 3452 4193 προσκαρτεροῦντες
3482 4122 3655 4191 duodu-

2122 4213 2322 4285 μαδὸν
2349 4214 2424 4283 τῇ
2456 4214 2613 4284 εὐχῇ
2637 4215 2682 4248 ⁷³
2698 4216 2797 4269 καὶ
2833 4214 2909 4284 τῇ
2934 4215 3163 4285 δεήσει,
3186 4217 3313 4271 σὺν
3347 4213 3559 4287 γυναιξὶ
3581 4209 3655 4263 καὶ

2128 4308 2327 4375 Μαρίᾳ
2360 4306 2436 4376 τῆ
2456 4307 2651 4377 Μητρὶ
2680 4309 2786 4364 τοῦ
2820 4308 3043 4376 Ἰησοῦ,
3103 4310 3203 4364 καὶ
3238 4310 3359 4365 σὺν
3379 4308 3491 4375 τοῖς
3518 4305 3656 4362 ἀδελ·

2124 4398 2262 4469 φοῖς
2289 4400 2497 4453 αὐτοῦ.

2201 4490 2399 4555 Καλῶς
2434 4490 2808 4561 ἐμνημόνευσε
2838 4491 2948 4547 τῶν
2992 4494 3258 4563 μαθητῶν
3283 4511 3298 4527 ·
3322 4492 3496 4563 ἐπειδὴ
3528 4493 3551 4543 ὁ
3579 4487 3654 4557 μὲν

2129 4579 2466 4652 προῦδωκεν·
2507 4582 2535 4634 ὁ
2565 4581 2622 4634 δὲ
2649 4583 2926 4655 ἠρνήσατο
2948 4599 2967 4615 ο
2991 4585 3019 4636 ὁ
3042 4583 3099 4636 δὲ
3136 4584 3424 4656 ἠπίστησε.
3451 4581 3653 4635 Δείκνυσι

440 4670 664 4732 gaverat
697 4680 712 4718 :
747 4663 887 4720 alius
928 4666 1056 4721 item
1098 4669 1582 4725 noncrediderat.
1615 4670 1722 4727 Sed
1754 4675 2016 4741 ostendit,

2133 4674 2186 4727 δὲ
2214 4674 2319 4739 ὅτι,
2354 4672 2493 4744 πλὴν
2519 4673 2615 4727 τοῦ
2660 4676 2942 4747 προδότου,
2978 4678 3181 4742 πάντες
3210 4673 3354 4750 ἦσαν
3399 4676 3534 4729 σῶοι.
3559 4670 3653 4731 Πῶς

438 4756 614 4823 quod,
656 4765 1024 4827 praeterquam
1084 4759 1360 4829 proditor,
1405 4777 1601 4818 omnes
1649 4775 1806 4821 erant
1856 4768 2019 4823 salvi.

440 4845 547 4912 Qui
598 4861 728 4915 ergo
762 4847 924 4914 dixit,
952 4848 1074 4904 Una
1117 4865 1240 4905 cum
1272 4852 1441 4909 Matre
1462 4852 1645 4910 Iesu?
1694 4861 1844 4928 atqui
1890 4860 2028 4916 dixit

441 4937 688 4995 Joannes
718 4939 821 4996 :Et
844 4955 908 4997 ex
939 4942 1034 4996 illo
1061 4953 1304 5017 tempore
1328 4947 1537 5018 recepit
1566 4962 1686 5003 eam
1722 4950 2023 5023 discipulus

440 5028 496 5085 in
558 5030 783 5085 domum
846 5033 1053 5089 suam?
1105 5032 1463 5107 Nequaquam
1524 5041 1859 5094 contrarium
1916 5054 2023 5100 est.

438 5117 572 5174 Nam
606 5122 652 5175 si
685 5123 800 5193 ipse
826 5138 1047 5195 quoque
1071 5126 1382 5196 discipulus
1409 5144 1517 5182 una
1541 5137 1684 5194 erat,
1709 5133 1845 5186 nihil
1899 5145 2018 5189 erat

443 5214 567 5284 quid
599 5225 805 5271 vetaret
822 5217 984 5272 etiam
1014 5218 1161 5272 illam
1189 5235 1296 5273 una
1328 5219 1545 5292 adesse.
1577 5223 1678 5288 Qui
1706 5238 1838 5292 ergo
1863 5224 2019 5281 Jnse-

436 5308 530 5378 phi
565 5309 894 5364 mentionem
932 5309 1023 5365 hic
1070 5325 1179 5365 non
1231 5310 1405 5366 facit?
1432 5311 1570 5378 Quia
1598 5326 1846 5372 mortuus
1877 5331 2015 5374 erat.

436 5396 572 5453 Nam
600 5401 646 5454 si
677 5398 880 5455 fratres
927 5400 1308 5467 crediderant,
1342 5410 1397 5457 et
1430 5403 1689 5473 aderant,
1740 5410 1831 5476 qui
1892 5419 2020 5465 ante

436 5500 816 5556 saepenumero
848 5504 959 5545 non
1010 5476 1385 5560 crediderant,
1449 5495 1627 5550 multo
1677 5498 1853 5568 magis
1904 5499 2016 5563 ille,

2122 4763 2215 4818 οὖν
2244 4764 2416 4834 λέγει,
2467 4767 2574 4820 Σὺν
2605 4770 2671 4837 τῇ
2701 4769 2889 4840 Μητρὶ
2937 4769 3033 4821 τοῦ
3071 4770 3249 4840 Ἰησοῦ
3276 4787 3290 4837 ;
3328 4770 3494 4823 καίτοι
3523 4759 3620 4818 εἷπε
3639 4774 3650 4792 ⁸

2126 4858 2224 4910 καὶ
2261 4858 2370 4911 ἀπὸ
2411 4859 2533 4911 τότε
2582 4859 2774 4912 ἐλαϐεν
2802 4861 2973 4932 αὐτὴν
3006 4862 3034 4913 ὁ
3067 4861 3318 4933 μαθητὴς
3347 4863 3423 4925 είς
3450 4860 3510 4912 τὰ
3535 4856 3648 4915 {ita}

2125 4949 2374 5020 οὐδαμῶς
2398 4951 2544 5003 ἐστιν
2575 4950 2818 5004 ἐναντίον
2844 4967 2857 4981 ο
2877 4954 2924 5005 εἰ
2950 4951 3061 5023 γὰρ
3095 4952 3191 5005 καὶ
3213 4952 3375 5015 αὐτὸς
3397 4954 3423 5006 ὁ
3448 4943 3650 5020 μαθητὴς

2128 5042 2314 5111 συνῆν,
2349 5042 2502 5095 οὐδὲν
2534 5038 2603 5114 ἦν
2641 5043 2701 5095 τὸ
2730 5043 2941 5097 κωλύον
3002 5044 3095 5097 καὶ
3120 5044 3289 5116 αὐτὴν
3315 5040 3648 5114 συμπαρεῖναιο

2128 5135 2253 5199 Πῶς
2287 5134 2381 5187 οὖν
2436 5135 2529 5188 τοῦ
2571 5134 2768 5205 Ἰωσὴφ
2802 5134 3040 5190 ἐνταῦθα
3068 5137 3129 5191 οὐ
3175 5134 3525 5207 μνημονεύει;
3554 5128 3651 5180 Ὅτι

2127 5226 2529 5295 τετελευτηκὼς
2553 5223 2643 5299 ἦν.
2681 5212 2744 5281 Εἰ
2788 5229 2897 5298 γὰρ
2920 5230 2969 5282 οἱ
2997 5228 3217 5297 ἀδελφοὶ
3247 5227 3549 5281 ἐπίστευσαν
3579 5218 3650 5271 καὶ

2127 5319 2377 5387 παρῆσαν
2403 5359 2417 5384 ,
2483 5320 2534 5371 οἱ
2586 5320 2845 5384 πολλάκις
2904 5320 3358 5393 διαπιστήσαντες
3409 5318 3647 5391 πρότερον.

2131 5408 2312 5479 πολλῷ
2341 5409 2544 5480 μᾶλλον
2572 5412 2802 5478 ἐκεῖνος,
2833 5413 2884 5466 εἰ
2918 5412 3000 5466 ἔτι
3026 5408 3095 5485 ἦν
3126 5417 3185 5467 ἐν
3215 5413 3338 5485 βίῳ,
3381 5410 3468 5465 καὶ
3495 5410 3650 5461 insat-

2131 5500 2389 5567 στεύκει,
2467 5503 2564 5556 καὶ
2596 5505 2738 5568 ’τοῖς
2799 5504 3057 5577 τοιαύτης
3112 5504 3211 5560 οὐκ
3287 5499 3648 5574 ἀπελιμπάνιτο

1640 5613 1845 5677 Varia)
1876 5615 2189 5680 lectiones
2224 5626 2285 5681 et
2323 5626 2517 5685 noue.

504 5701 1063 5799 7..53?.':'3f§3‘:-‘.'“.’;
1099 5708 1677 5799 ἕζῆληλιςθέναινεναι-
1736 5719 1778 5751 ⁷³
1819 5718 2019 5775 Viden"

2133 5722 2357 5777 siderari
2382 5722 2568 5790 dictio,
2594 5724 2708 5779 οὖν.
2781 5728 2825 5763 ⁷¹
2848 5724 3165 5799 InVulgatEa
3193 5731 3269 5780 es'
3314 5724 3343 5780 ὅ
3383 5738 3438 5779 τε
3462 5719 3645 5787 Πέτρος-

429 5774 480 5806 rI
518 5774 579 5824 In
612 5774 838 5843 vulgatis
866 5786 962 5835 est,
1000 5777 1066 5843 τῇ
1096 5774 1400 5851 προάεύκῇο

503 5889 517 5904 ⁶
552 5885 722 5941 Locus
753 5890 935 5954 procul
965 5888 1123 5942 dubio
1153 5903 1449 5962 corruptus.
