3870 6558
212 496 328 562 529

985 499 1388 563 EXPOSITIO
1427 499 1505 563 ΙΝ
1541 499 1732 561 ACTA
1758 499 2337 562 APOSTULORUM’.
2372 523 2436 533 -·
2472 499 2632 560 CAP.
2683 499 2764 559 1Ῑί

3389 497 3502 566 ιτα

212 613 484 686 ἀπαρχήν
543 615 746 683 λαϐὼν,
798 617 961 681 αὐτὸς
1025 618 1272 688 ἁνήγωγε
1320 617 1616 687 πρότερος’
1659 615 1822 678 abte;

1932 613 2095 670 Porro
2121 615 2395 685 primitias
2422 613 2819 684 acceptas-ipse
2860 611 3334 682 obtulit‘primus:
3373 613 3494 679 ipse

213 703 465 756 ἐπέΰαλε
492 709 556 760 τὸ
589 707 868 777 δρέπανον
885 707 1176 778 πρότερος.
1201 707 1298 760 Διὰ
1321 707 1374 760 τί
1399 706 1458 761 δὲ
1483 708 1544 776 ἐν
1572 704 1652 776 τῷ
1678 722 1818 776 συμ-

215 797 604 866 πληροῦσθαι;
627 801 746 854 Ὀτι
774 801 965 872 ἑορτῆς
994 800 1159 854 πάλιν
1192 799 1380 871 οὔσης,
1407 799 1516 854 ἔδει
1533 797 1703 870 ταῦτα
1720 815 1816 867 γε-

212 888 442 942 νέσθαι·
468 892 563 945 ἵνα
589 893 640 946 οἱ
666 893 928 963 παρόντες
943 892 1019 962 τῷ
1033 890 1254 963 σταυρῷ
1275 892 1368 946 τοῦ
1390 891 1652 962 Χριστοῦ,
1672 885 1820 948 οὗτοι

215 980 317 1030 καὶ
344 978 526 1034 ταῦτα
554 981 725 1038 ἴδωσι.
749 982 1144 1056 [ΣΕΥΗΡΟΥ.]
1165 983 1823 1054 Διαμεριζόμεναιγλῶσ-

217 1085 316 1119 σαι
335 1068 480 1124 ὡσεὶ
517 1071 709 1143 πυρός.
730 1075 926 1128 Παθὼν
949 1073 1059 1144 γὰρ
1091 1076 1120 1128 6
1142 1074 1274 1139 Θεὸς
1299 1076 1462 1146 σαρκὶ
1481 1076 1544 1130 τὸ
1574 1076 1825 1131 ἑκούσιον

217 1157 430 1224 πάθος,
465 1159 562 1214 καὶ
591 1162 834 1227 ἀναστὰς
863 1166 926 1216 ἐκ
956 1164 1190 1234 νεκρῶν,
1227 1168 1618 1238 συνανέστησεν
1643 1168 1822 1238 ἐαυτῷ

215 1251 355 1315 τοὺς
377 1253 450 1322 τῇ
481 1252 728 1325 ἁμαρτία
754 1257 1199 1327 νενεκρωμένους
1216 1259 1386 1328 ἡμᾶς,
1406 1258 1576 1312 καὶτὸ
1601 1258 1693 1312 τοῦ
1708 1260 1824 1314 δια-

214 1341 390 1395 ϐόλου
436 1344 641 1414 κράτος
665 1347 958 1400 κατέλυσε.
988 1347 1089 1400 Διὰ
1118 1348 1276 1402 τοῦτο
1307 1350 1464 1421 μέχρι
1496 1336 1594 1420 τής
1617 1352 1823 1422 Πεντη-

214 1433 458 1502 κοστῆς,
488 1435 569 1498 είς
595 1435 698 1504 γῆν
734 1437 796 1489 οὐ
841 1437 1134 1508 κλινόμεθα
1175 1441 1603 1510 προσευχόμενοι
1639 1481 1654 1507 ,
1681 1443 1824 1495 κατὰ

214 1515 333 1568 τῶν
361 1520 583 1590 ἐχθρῶν
600 1523 631 1592 ή
639 1523 754 1591 μῶν
770 1522 1065 1593 ψάλλοντες
1084 1542 1099 1558 ο
1115 1527 1281 1581 Αὐτοὶ
1307 1529 1762 1599 συνεποδίσθησαν
1777 1531 1822 1562 ⁸³

217 1611 320 1662 κει
360 1611 566 1665 ἔπεσον
590 1630 604 1645 ο
645 1615 804 1685 ἡμεῖς
843 1617 898 1670 δὲ
923 1617 1232 1689 ἀνέστημεν
1263 1622 1358 1674 καὶ
1394 1620 1830 1692 ἁνωρθώθημεν.

228 1700 326 1755 Ἑν
353 1703 417 1757 δὲ
457 1705 718 1776 πυρίναις
751 1708 1026 1777 γλώσσαις
1054 1709 1148 1764 τοῦ
1181 1710 1500 1782 Πνεύματος
1533 1713 1824 1782 ἐπιφανέν-

218 1813 317 1858 τος
349 1798 519 1868 ἡμῖν,
550 1800 678 1868 γόνυ
739 1801 1091 1872 κάμπτομεν,
1130 1802 1230 1873 τὴν
1262 1803 1389 1856 θέαν
1415 1805 1474 1856 οῦ
1505 1804 1764 1876 φέροντες
1805 1820 1821 1836 ·

215 1887 320 1937 καὶ
355 1887 654 1958 δηλοῦντες
678 1891 760 1942 ὅτι
804 1890 892 1943 citi
929 1891 1018 1944 τοῦ
1040 1892 1358 1960 Πνεύματος
1395 1892 1492 1961 τὴν
1532 1895 1587 1945 ἐν
1630 1893 1826 1962 Τριάδι

1923 705 2116 762 falcem
2159 707 2387 764 immisit
2437 707 2670 774 primus.
2699 705 2900 772 Quare,
2948 719 3071 760 eum
3109 703 3477 773 compleretur

1920 799 2040 854 dies
2065 798 2464 856 Pentecostes?
2513 798 2678 864 Quia.
2733 813 2856 852 cum
2919 812 3112 853 rursus
3172 805 3318 851 esset
3371 795 3490 851 dies

1923 891 2120 957 festus,
2150 891 2268 946 haec
2327 892 2444 948 lieni
2508 891 2830 961 oportebat:
2896 898 2981 950 ut,
3045 888 3138 957 qui
3199 887 3493 945 adfuerant

1921 983 2074 1042 cruci
2123 981 2353 1047 Christi,
2403 983 2481 1037 illi
2547 982 2716 1036 etiam
2770 982 2885 1036 haec
2940 982 3210 1040 viderent.
3266 982 3490 1053 Lingua:

1920 1075 2302 1146 quasi-igneae,
2333 1089 2453 1142 quae
2480 1075 2873 1129 dividerentur.
2914 1074 3056 1130 Nam
3085 1090 3211 1130 cum
3241 1075 3494 1131 Christus

1922 1181 2091 1221 carne
2121 1180 2326 1236 passus
2363 1173 2518 1222 esset
2561 1165 2934 1220 voluntarium
2985 1167 3338 1236 supplicium,
3384 1175 3494 1221 eta

1926 1257 2162 1314 mortuis
2191 1258 2604 1324 resurresisset,
2633 1273 2739 1313 una
2768 1273 2954 1314 secum
2988 1275 3112 1323 nos,
3145 1260 3239 1329 qui
3266 1269 3498 1330 peccato

1923 1350 2082 1419 quasi
2131 1349 2446 1405 mortiﬁcati
2483 1360 2537 1406 et
2561 1350 2724 1406 morti
2769 1350 3028 1406 destinati
3071 1367 3313 1416 eramus,
3343 1352 3496 1408 exci-

1924 1440 2081 1504 tavit,
2105 1449 2160 1496 et
2183 1440 2474 1510 imperium
2506 1440 2710 1495 diaboli
2735 1441 2957 1496 evertit.
2985 1439 3212 1496 ldcirco-
3229 1457 3404 1511 usque
3425 1446 3492 1495 ad

1926 1531 2309 1595 Pentecosten,
2369 1538 2659 1600 precantes
2710 1530 2858 1585 humi
2926 1547 3033 1588 non
3083 1532 3496 1600 praenmbimus

1923 1622 2192 1678 adversus
2229 1622 2486 1678 inimicos
2524 1632 2744 1680 nostros
2787 1624 3116 1693 psallentes:
3153 1624 3235 1678 Illi
3299 1624 3495 1678 irretiti

1924 1722 2053 1772 sunt
2101 1722 2156 1770 et
2186 1714 2740 1780 occubueruut;nos
2788 1723 2972 1772 autem
3033 1715 3256 1771 excitati
3307 1731 3497 1771 sumus

1924 1815 1979 1860 et
2013 1804 2208 1861 erecti.
2242 1803 2348 1861 Sed
2394 1813 2749 1876 posteaquam
2794 1804 2970 1877 igneis
3024 1806 3226 1876 linguis
3259 1806 3497 1876 Spiritus

1925 1887 2086 1952 nobis
2118 1898 2396 1968 apparuit,
2458 1895 2896 1968 genuﬂectimus,
2965 1899 3336 1967 spectaculum
3389 1914 3499 1954 non

214 1980 452 2033 τελείαν
498 1982 872 2053 προσκύνησιν
912 1985 1342 2056 μεμαθήκαμεν.
1383 1984 1611 2055 Πνεῦμα
1644 1989 1752 2058 γὰρ
1794 1989 1822 2041 ὁ

1932 1987 2192 2051 ferentes,
2225 1998 2390 2058 atque
2434 1987 2809 2059 signiﬁcantes
2856 2004 2954 2060 per
2993 1987 3260 2058 Spiritum
3317 1989 3504 2060 perfe-

216 2071 362 2135 Θεός
393 2089 408 2102 ο
446 2075 550 2132 καὶ
591 2076 717 2138 τοὺς
763 2075 1204 2147 προσκυνοῦντας
1249 2077 1412 2134 αὑτὸν
1447 2079 1504 2130 ἐν
1547 2078 1822 2150 πνεύματι

216 2165 322 2217 καὶ
368 2165 613 2242 ἀληθεία
656 2167 739 2221 δεῖ
777 2171 1125 2239 προσκυνεῖν.
1172 2168 1682 2244 [ΣΕἸἮΡΙΑΝΟΥᾸ
1733 2171 1823 2225 Ἐν

214 2257 287 2326 τῇ
321 2257 527 2328 ἡμέρα
561 2261 658 2327 τῆς
693 2259 1071 2330 Πεντηκοστῆς
1111 2263 1145 2332 ἡ
1183 2261 1278 2314 τοῦ
1308 2261 1466 2331 ἁγίου
1508 2263 1822 2333 Πνεύματος

217 2347 591 2420 ἐπιφοίτησις
637 2350 830 2419 γέγονε
886 2353 973 2407 διὰ
1023 2354 1181 2424 τήνδε
1229 2356 1330 2424 τὴν
1363 2355 1566 2416 αἰτίαν,
1615 2357 1702 2408 Ἐν
1757 2360 1822 2428 τῇ

215 2440 422 2513 ἡμέρᾳ
438 2442 538 2512 τῆς
555 2443 957 2513 Πεντηκοστῆς,
982 2445 1122 2497 κατὰ
1140 2445 1238 2516 τήν
1260 2445 1502 2500 Παλαιὰν
1523 2447 1824 2522 Διαθήκην.

217 2531 398 2604 ἐδόθη
419 2531 609 2602 νόμος.
648 2533 847 2605 Ἐχρῆν
868 2529 962 2588 οὖν
986 2535 1109 2589 καθ’
1132 2537 1196 2607 ἢν
1228 2537 1442 2608 ἡμέραν
1476 2538 1632 2608 ἐδόθη
1665 2539 1827 2609 νόμος

217 2622 314 2675 διὰ
347 2623 610 2692 πλακῶν,
651 2626 773 2679 κατ’
816 2626 986 2698 αὐτὴν
1011 2626 1232 2697 δοθῆναι
1256 2628 1356 2700 τὴν
1383 2629 1704 2700 νομοθεσίαν
1730 2629 1825 2683 τοῦ

217 2716 398 2783 ἁγίου
448 2716 791 2788 Πνεύματος,
843 2717 940 2772 οὐκ
975 2720 1034 2770 ἐν
1057 2717 1276 2786 πλαξὶν,
1313 2719 1429 2773 ἀλλ’
1476 2722 1532 2774 ἐν
1578 2721 1828 2792 καρδίαις

216 2806 622 2877 γραφομένην.
679 2809 756 2878 Τῇ
813 2799 996 2880 ἡμέρᾳ
1045 2810 1142 2880 τῆς
1199 2811 1578 2882 Πεντήκοστῆς
1625 2815 1652 2864 6
1702 2812 1828 2876 λαὸς

217 2896 465 2962 ἐδέξατο
502 2899 664 2970 νόμον
701 2901 759 2952 ἐν
785 2903 850 2970 τῇ
879 2901 1073 2972 ἐρήμῳ
1108 2903 1243 2956 Σινᾶ
1267 2918 1281 2931 ⁸
1307 2905 1374 2974 τῇ
1402 2901 1464 2955 ιδ’
1505 2903 1613 2974 γὰρ
1647 2904 1830 2974 ἡμέρᾳ

217 2989 318 3053 τοῦ
346 2991 586 3060 πρώτου
619 2993 808 3062 μηνὸς.
832 2993 928 3046 τοῦ
969 2993 1112 3047 κατὰ
1143 2994 1374 3064 σελήνην
1399 2995 1827 3066 ἁριθμουμένου,

220 3082 475 3150 ἐξῆλθον
512 3082 562 3134 οἱ
601 3083 708 3135 υἱοὶ
762 3084 980 3155 Ἰσραὴλ
1020 3084 1079 3151 ἐξ
1110 3085 1409 3154 Αἰγύπτου,
1440 3088 1528 3140 ὅτε
1564 3087 1624 3140 τὸ
1657 3087 1832 3151 Ἀζυ-

222 3191 334 3240 μον
377 3174 722 3246 ἐπετέλησαν
746 3177 837 3231 καὶ
870 3177 931 3230 τὸ
956 3176 1050 3230 τοῦ
1087 3176 1282 3249 Πάσχα
1329 3180 1648 3250 μυστήριον.
1696 3181 1830 3234 Ἀπὸ

219 3266 327 3333 τῆς
359 3265 429 3318 ιδ’
457 3265 698 3337 ψήφισον
724 3268 785 3320 τὺ
823 3266 918 3321 τοῦ
937 3269 1105 3338 μηνὸς
1127 3269 1526 3341 ἁναπλὴρωμα,
1553 3271 1828 3326 τουτέστιν

223 3354 465 3425 ἡμέρας
503 3355 569 3420 ιζ’
605 3355 699 3409 τοῦ
732 3357 987 3428 δευτέρου
1018 3357 1186 3430 μηνὸς
1217 3357 1312 3413 τοῦ
1357 3360 1541 3432 τρίτου
1569 3378 1582 3392 ·
1622 3362 1655 3432 ἡ
1688 3363 1828 3418 Πενς

219 3447 492 3518 τηκοστὴ
543 3448 588 3480 θ’
637 3451 704 3520 τῇ
758 3451 920 3522 ἐορτῇ
985 3451 1092 3504 τῶν
1164 3450 1413 3523 ’Λζύμων
1454 3453 1548 3507 τοῦ
1613 3454 1825 3525 Πάσχα.

234 3535 392 3589 Ἀπὸ
431 3532 530 3590 οῦν
574 3538 675 3607 τῆς
709 3539 768 3591 ιδ’
818 3539 922 3604 ἕως
950 3540 1047 3609 τῆς
1085 3546 1133 3606 γ’
1163 3539 1256 3594 τοῦ
1299 3541 1486 3612 τρίτου
1529 3543 1698 3614 μηνὸς
1742 3545 1830 3613 γί-

223 3645 431 3680 νονται
464 3627 671 3698 ἡμέραι
708 3627 772 3684 ν’.
809 3631 908 3684 Διὰ
948 3629 1106 3686 τοῦτο
1154 3632 1347 3701 λέγει·
1387 3633 1496 3686 Καὶ
1529 3632 1738 3700 ἐγίνετο
1772 3637 1830 3688 ἐν

224 3715 307 3782 τῷ
347 3714 532 3785 τρίτῳ
556 3717 706 3786 μηνὶ,
738 3717 1065 3783 ἐξελθόντων
1105 3720 1284 3774 αὐτῶν
1311 3723 1376 3775 ἐκ
1406 3721 1503 3792 τῆς
1529 3721 1828 3791 Αἰγύπτου,

224 3800 359 3858 εἷπε
405 3805 625 3884 Κύριος
645 3809 778 3879 πρὸς
823 3811 1027 3882 Μωσῆν
1060 3827 1073 3842 ·
1109 3812 1421 3884 Κατάόηθι,
1469 3813 1693 3882 ἁγίασον
1738 3815 1830 3869 τὸν

226 3894 375 3947 λαὸν
423 3896 492 3965 σή
504 3883 668 3969 μερὸν
692 3899 784 3952 καὶ
808 3898 994 3973 αὔριον
1015 3918 1029 3932 ο
1063 3904 1128 3972 τῇ
1151 3883 1412 3976 νεομηνία
1438 3904 1619 3958 αὐτῶν
1643 3904 1826 3976 λαλεῖρ

227 3987 327 4038 καὶ
354 3990 430 4057 τῇ
471 3991 542 4055 γ’,
566 3990 718 4059 φησι,
747 3993 1045 4060 φανήσεται
1076 3993 1279 4064 Κύριος
1304 3994 1396 4048 ἐπὶ
1425 3996 1486 4051 τὸ
1517 3995 1643 4068 ὅρος
1671 3999 1822 4055 Σινᾶ.

229 4079 401 4132 Ἔδει
439 4073 536 4132 οὖν
573 4080 696 4134 καθ’
744 4083 810 4152 ἢν
851 4083 1065 4155 ἡμέραν
1103 4085 1256 4155 ἐδόθη
1300 4088 1328 4140 6
1373 4086 1600 4152 παλαιὸς
1645 4089 1828 4160 νόμος,

226 4169 365 4221 κατ’
408 4167 584 4242 αὐτὴν
623 4169 842 4241 δοθῆναι
881 4174 978 4226 καὶ
1016 4174 1116 4244 τὴν
1154 4174 1248 4227 τοῦ
1285 4175 1605 4247 Πνεύματος
1646 4178 1826 4250 χάριν.

227 4261 470 4331 ’Ὠσπερ
523 4261 630 4331 γὰρ
667 4263 696 4316 6
735 4263 927 4336 Σωτὴρ
972 4265 1183 4338 μέλλων
1243 4267 1512 4322 ἐπιτελεῖν
1560 4270 1621 4322 τὸ
1675 4271 1831 4339 ἆγιον

227 4353 426 4414 πάθος
453 4353 548 4405 καὶ
577 4353 674 4406 οὐκ
709 4356 968 4428 ἠνέσχετο
993 4357 1138 4429 ἄλλῳ
1167 4359 1345 4430 καιρῷ
1368 4360 1562 4413 ἑαυτὸν
1583 4360 1832 4416 ἐκδοῦναι

225 4441 314 4512 τῷ
350 4442 548 4505 πάθει,
579 4442 714 4497 ἀλλὰ
736 4445 860 4500 καθ’
887 4446 946 4502 ὃν
975 4449 1166 4520 καιρὸν
1209 4450 1397 4506 ἐθύετο
1417 4451 1477 4505 τδ
1516 4452 1787 4522 πρόϐατον
1813 4493 1830 4521 ,

227 4533 322 4586 ἶνα
356 4533 521 4604 αὐτῷ
552 4534 628 4606 τῷ
658 4535 812 4608 τύπῳ
854 4539 1066 4613 συνάψῃ
1108 4541 1205 4612 τὴν
1237 4542 1515 4613 ἁλήθειαν’
1561 4542 1704 4598 οὕτω
1736 4545 1834 4600 καὶ

224 4628 261 4696 ἡ
290 4625 402 4679 τοῦ
431 4626 753 4698 Πνεύματος
775 4631 867 4685 τοῦ
898 4631 1054 4702 ἁγίου
1081 4635 1425 4707 ἐπιφοίτησις
1455 4637 1556 4690 οὐκ
1577 4639 1834 4710 ἡνέσχετο

227 4719 394 4792 ἄλλῳ
430 4722 612 4793 καιρῷ
643 4723 885 4794 δοθῆναι,
919 4725 952 4796 ἡ
988 4728 1110 4781 καθ’
1135 4729 1194 4783 ὃν
1221 4731 1411 4801 καιρὸν
1438 4731 1596 4802 ἐδόθη
1624 4732 1784 4804 νόμος
1807 4751 1822 4765 ’

229 4814 326 4885 ἵνα
356 4813 555 4885 δειχθῇ
595 4815 676 4869 ὅτι
712 4815 772 4869 τὺ
809 4817 1034 4890 Πνεῦμα
1080 4819 1141 4874 τὸ
1173 4821 1328 4890 ἅγιον
1368 4823 1464 4878 καὶ
1492 4825 1614 4878 τότε
1641 4825 1833 4896 ἐνομο-

229 4906 472 4972 θέτησε,
524 4907 622 4962 καὶ
641 4908 740 4962 νῦν
758 4910 1059 4980 νομοθετεῖ.
1110 4913 1299 4985 Ἐδόθη
1327 4916 1430 4986 μὲν
1457 4915 1550 4970 οὖν
1578 4917 1740 4988 νόμος
1773 4919 1833 4972 ἐν

229 5000 303 5068 τῇ
348 4997 578 5068 Παλαιᾷ
605 4999 746 5055 κατὰ
777 5001 876 5072 τὴν
909 5003 1120 5074 ἡμέραν
1147 5005 1246 5076 τὴν
1270 5012 1335 5070 ν’,
1375 5007 1517 5077 μετὰ
1546 5008 1602 5062 δὲ
1648 5009 1708 5064 τὸ
1741 5009 1831 5064 ἐλ-

231 5091 358 5146 θεῖν
385 5091 590 5156 αύτοὺς
633 5093 714 5158 εἰς
733 5093 831 5166 τήν
853 5095 956 5166 γῆν
973 5097 1070 5168 τῆς
1093 5099 1450 5168 ἐπαγγελίας,
1470 5102 1628 5157 τοῦτο
1645 5097 1716 5174 ἦν
1734 5104 1835 5156 αύ-

230 5186 359 5250 τοῖς
377 5185 484 5254 τῆς
508 5185 698 5256 ἑορτῆς
724 5185 785 5239 σύ
793 5187 1007 5258 μὸολονο
1037 5190 1289 5262 ἀπαρχῆς
1314 5190 1422 5247 τῶν
1451 5193 1584 5248 νέων
1604 5194 1835 5268 καρπῶν

231 5278 340 5331 καὶ⁸
377 5277 718 5349 δραγμάτων
748 5278 882 5334 νέων
911 5281 1159 5354 σταχύων
1183 5285 1555 5356 προσεφέρετο
1585 5287 1664 5356 τῷ
1687 5285 1830 5358 Θεῷ.

231 5368 357 5437 Ἦν
383 5372 442 5425 δὲ
475 5373 652 5426 ἐκεῖνο
673 5373 940 5445 σύμϐολον
960 5377 1161 5447 ταύτης
1186 5381 1286 5450 τῆς
1305 5379 1522 5450 ἑορτῆς.
1539 5380 1692 5434 Ἐπεὶ
1723 5381 1835 5452 γὰρ
1884 5429 1893 5438 .

230 5469 298 5518 ἐν
339 5467 414 5535 τῇ
451 5465 638 5537 ἡμέρᾳ⁹
668 5467 766 5538 τῆς
805 5469 1186 5540 Πεντήκοστῆς
1249 5471 1357 5524 τῶν
1411 5471 1549 5525 νέων
1605 5473 1836 5544 καρπῶν

232 5557 482 5628 δράγμα
529 5558 547 5589 ¹
581 5557 868 5627 συνήγετο,
901 5560 994 5613 καλ⁸
1026 5561 1131 5614 ὑπὸ
1166 5561 1296 5631 μίαν
1337 5561 1461 5631 ὖψιν
1505 5563 1835 5633 συνήρχοντο

232 5649 604 5720 δῃρημένοι,
647 5649 839 5718 ἔμελλε
864 5649 921 5704 δὲ
948 5651 1087 5706 κατὰ
1111 5651 1208 5724 τὴν
1241 5653 1456 5724 ἡμέραν
1483 5653 1688 5723 ταύτην
1727 5655 1834 5707 ἀπὸ

1925 2086 2069 2135 ctam
2089 2088 2141 2134 et
2165 2079 2473 2135 absolutam
2499 2094 2601 2136 nos
2620 2079 2883 2157 didicisse
2911 2080 3197 2138 Trinitatis
3220 2081 3506 2136 adoratio»

1925 2186 2072 2226 nem.
2107 2171 2348 2242 Spiritus
2369 2171 2516 2228 enim
2549 2170 2693 2227 Deus
2740 2179 2870 2228 est:
2916 2182 2970 2229 et
3027 2173 3320 2228 adorantes
3343 2171 3508 2227 illum

1926 2263 1980 2316 in
2015 2263 2226 2332 Spiritu
2250 2273 2306 2318 et
2327 2263 2557 2319 veritate
2581 2270 2805 2333 oportet
2847 2264 3102 2320 adorare.
3136 2263 3197 2318 In
3231 2263 3322 2318 die
3354 2263 3498 2318 Pen-

1929 2362 2164 2410 tecostes
2197 2369 2456 2412 accessus
2486 2357 2662 2412 sancti
2714 2355 2958 2428 Spiritus
2983 2356 3186 2412 accidit
3235 2357 3307 2412 ob
3354 2356 3500 2410 hanc

1927 2461 2169 2501 causam.
2208 2446 2261 2500 lu
2291 2447 2378 2501 die
2410 2449 2781 2515 Pentecostes,
2825 2457 2883 2503 ut
2939 2449 3169 2503 habetur
3201 2447 3257 2502 in
3308 2447 3500 2503 Veteri

1929 2535 2304 2604 Testamento,
2339 2539 2424 2592 lex
2458 2539 2585 2592 data
2609 2546 2712 2594 est.
2749 2538 3125 2593 Conveniebat
3169 2537 3353 2610 igitur,
3391 2555 3501 2608 quo

1930 2626 2016 2682 die
2040 2627 2166 2682 data
2208 2635 2295 2681 est
2354 2628 2438 2681 lex
2483 2627 2539 2681 in
2588 2628 2793 2683 tabulis
2855 2627 3106 2698 lapideis,
3171 2627 3360 2684 eodem
3411 2629 3503 2684 die

1931 2718 2111 2771 sancti
2168 2716 2408 2786 Spiritus
2459 2716 2632 2786 legem
2687 2716 3061 2787 promulgari‘,
3111 2729 3234 2785 qua:
3290 2730 3399 2770 non
3444 2715 3501 2769 in

1931 2807 2129 2862 tabulis
2168 2807 2420 2878 lapideis,
2454 2807 2550 2862 sed
2581 2807 2636 2860 in
2692 2805 2952 2863 cordibus
3001 2805 3284 2862 scribitur.
3321 2805 3382 2861 ln
3414 2806 3511 2862 die

1933 2897 2283 2953 Pentecostes
2310 2898 2544 2968 populus
2569 2898 2783 2968 accepit
2813 2897 2984 2968 legem
3014 2897 3069 2952 in
3095 2896 3313 2954 deserto
3345 2897 3513 2956 Sina..

1932 2989 2066 3044 Nam
2091 2991 2302 3046 decimo
2324 2999 2519 3061 quarto
2551 2991 2640 3045 die
2663 2990 2822 3059 primi
2851 2991 3079 3056 mensis,
3126 2991 3284 3061 cujus
3315 3007 3507 3046 nume-

1935 3099 2027 3138 rus
2053 3083 2210 3152 juxta
2241 3098 2464 3138 cursum
2496 3083 2638 3138 luna:
2693 3083 2955 3148 inibatur,
2989 3083 3196 3153 egressi
3252 3091 3381 3138 sunt
3411 3083 3506 3138 lilii

1935 3175 2103 3230 lsracl
2150 3190 2218 3230 ex
2247 3173 2520 3244 Egypto,
2572 3188 2697 3228 cum
2755 3172 3139 3228 iul'ermentato
3209 3188 3352 3244 pane
3418 3173 3505 3228 usi

1938 3274 2144 3331 essent,
2179 3274 2234 3322 et
2264 3265 2587 3336 mysterium
2616 3264 2845 3322 Pascha:
2871 3265 3261 3322 celebrassent.
3287 3265 3398 3335 20
3423 3263 3507 3320 Ab

1937 3356 2151 3412 decimo
2183 3362 2384 3426 quarto
2413 3355 2502 3411 die
2535 3370 2764 3410 numera
2816 3356 3026 3411 mensis
3059 3355 3505 3424 completionein,

1937 3449 1989 3503 id
2024 3455 2128 3512 est,
2157 3446 2276 3504 dies
2302 3447 2489 3502 decem
2526 3454 2580 3501 et
2607 3455 2848 3514 septem:
2884 3445 3114 3502 secundi
3148 3445 3353 3500 mensis
3384 3445 3506 3500 dies

1936 3540 2162 3610 triginta
2203 3556 2217 3593 :
2257 3537 2454 3593 deinde
2507 3537 2636 3592 treis
2693 3537 2899 3592 mensis
2953 3536 3119 3592 tertii.
3177 3535 3499 3591 Pentecoste

1936 3631 2024 3686 die
2051 3629 2186 3686 festo
2208 3645 2524 3702 azymorum
2553 3628 2797 3685 Paschae.
2829 3631 3003 3699 Igitur
3023 3644 3052 3684 a
3075 3628 3288 3685 decimo
3308 3639 3509 3699 quarto

1939 3737 2114 3792 usque
2171 3722 2238 3776 ad
2287 3722 2510 3777 tertium
2551 3721 2696 3777 tertii
2754 3722 3004 3787 mensis,
3055 3719 3331 3776 exsistunt
3387 3720 3508 3776 dies

1936 3815 2353 3886 quinquaginta.
2388 3814 2598 3870 idcirco
2645 3814 2823 3870 dicit:
2866 3813 2931 3866 Et
2965 3812 3167 3868 accidit
3214 3811 3268 3866 in
3321 3827 3510 3868 mense

1938 3906 2119 3975 tertio,
2152 3905 2392 3976 egressis
2423 3905 2532 3960 illis
2565 3919 2631 3960 ex
2661 3903 2919 3974 Egypto,
2959 3902 3098 3958 dixit
3142 3901 3402 3960 Dominus
3437 3902 3507 3957 ad

1937 3996 2166 4054 Mosen:
2225 3997 2546 4062 Descende,
2581 3994 2867 4052 sanetilica
2924 3994 3181 4065 populum
3234 3993 3397 4050 hodie
3452 4005 3508 4050 et

1938 4104 2096 4144 cras:
2151 4087 2219 4144 de
2267 4087 2552 4144 novilunio
2609 4087 2829 4141 illorum
2879 4085 3041 4141 dicit:
3080 4094 3132 4142 et
3183 4084 3272 4142 die
3323 4086 3505 4150 tertio,

1939 4181 2140 4251 inquit,
2187 4182 2470 4252 apparebit
2487 4179 2750 4236 Dominus
2777 4179 2834 4235 in
2874 4187 3058 4236 monte
3090 4179 3243 4234 Sina.
3278 4178 3508 4249 0p0rte-

1939 4272 2030 4328 bat
2061 4273 2229 4344 igitur
2257 4288 2367 4341 quo
2399 4272 2490 4328 die
2518 4272 2645 4327 data
2676 4279 2760 4327 est
2785 4279 2942 4328 vetus
2974 4272 3080 4338 lex,
3125 4287 3192 4327 eo
3227 4272 3344 4327 dari
3379 4272 3507 4342 Spi-

1940 4363 2080 4419 ritus
2108 4380 2327 4434 quoque
2359 4366 2616 4434 gratiam.
2647 4363 3118 4430 Quemadmodum
3161 4365 3308 4418 enim
3341 4367 3504 4420 etiam

1942 4455 2202 4512 Senator
2229 4464 2485 4511 sanctum
2541 4455 2870 4526 supplicium
2908 4456 3222 4522 subiturus,
3254 4471 3365 4511 non
3398 4457 3506 4511 alio

1941 4555 2184 4618 tempore
2213 4546 2477 4602 sustinuit
2503 4561 2623 4601 sese
2649 4544 2851 4600 dedere
2876 4545 2942 4600 ad
2971 4544 3318 4614 supplicium,
3343 4559 3512 4614 quam

1940 4654 2048 4708 quo
2104 4646 2348 4710 tempore
2397 4637 2531 4692 anni
2593 4650 2769 4706 agnus
2826 4635 3233 4700 immolabatur,
3291 4643 3352 4691 ut
3401 4635 3510 4705 ipsi

1941 4731 2126 4802 ﬁgura:
2159 4728 2516 4797 coniungeret
2542 4728 2862 4784 veritatem:
2895 4727 2968 4782 ita
3003 4725 3246 4797 Spiritus
3289 4742 3510 4797 quoque

1940 4823 2115 4880 sancti
2146 4836 2408 4878 accessus
2452 4837 2566 4882 non
2602 4821 2708 4878 alia
2759 4827 3088 4890 tempestate
3135 4820 3257 4876 dari
3315 4819 3511 4885 voluit,

1940 4929 2103 4983 quam
2135 4927 2244 4983 qua
2267 4917 2590 4983 tempestate
2630 4911 2754 4965 data
2783 4918 2869 4966 est
2902 4912 2984 4966 lex
3010 4949 3027 4976 ,
3083 4917 3142 4963 ut
3168 4908 3508 4972 ostendatur,

1942 5005 2206 5076 Spiritum
2236 5012 2569 5061 sanctumet
2616 5009 2746 5058 tune
2785 5003 2958 5074 legem
3004 5002 3218 5068 tulisse,
3280 5012 3337 5058 et
3362 5018 3514 5058 nunc

1939 5098 2112 5170 legem
2139 5098 2304 5156 ferre.
2355 5099 2534 5169 Atque
2571 5098 2626 5152 in
2668 5093 2852 5152 Veteri
2886 5094 3109 5164 quidem
3163 5092 3536 5151 Testamento.

1939 5193 2026 5248 lex
2080 5192 2212 5247 data
2265 5201 2351 5248 est
2391 5191 2481 5248 die
2535 5189 3024 5261 quinquagesimo:
3079 5187 3174 5243 sed
3223 5193 3512 5257 postquam

1941 5291 2212 5340 venerunt
2241 5285 2296 5338 in
2328 5291 2533 5338 terram
2558 5282 2906 5364 promissam,
2941 5279 3045 5336 hoc
3071 5285 3192 5334 erat
3225 5277 3307 5333 eis
3343 5276 3536 5334 feria-.~

1943 5391 2063 5430 rum
2097 5375 2336 5445 signum.
2372 5373 2448 5430 De
2483 5363 2743 5444 prii‘nitiis
2800 5385 3067 5427 novorum
3106 5370 3408 5434 fructuum,
3457 5379 3514 5426 et

1943 5467 2011 5525 de
2037 5468 2332 5538 manipulis
2356 5483 2618 5524 novarum
2652 5465 2926 5536 spicarum
2960 5462 3070 5518 Deo
3097 5461 3256 5518 [iebat
3285 5462 3510 5518 oblatio.
3621 5464 3623 5466 ’

1943 5555 2074 5611 Erat
2099 5565 2279 5612 autem
2328 5557 2461 5611 illud
2512 5557 2730 5628 signum
2788 5554 2953 5634 hujus
3003 5553 3118 5640 diei
3173 5552 3316 5610 festi.
3375 5552 3511 5608 Nam

1942 5650 2202 5718 quoniam
2260 5650 2315 5703 in
2375 5649 2464 5703 die
2516 5647 2865 5703 Pentecostcs
2905 5659 3172 5719 novorum
3238 5645 3514 5705 fructuum

1455 5811 1655 5872 Variae
1679 5811 1983 5874 lectiones
2007 5817 2067 5870 et
2097 5813 2287 5869 notae.

325 5929 382 5963 "
413 5930 876 6004 συνεποδίστησαν
897 5944 1031 5991 erat.
1096 5937 1153 6009 ,θ’
1187 5935 1356 5992 Laws
1395 5943 1673 6004 corruptus
1709 5932 1824 5991 uide

1932 5943 1976 5990 et
2010 5930 2253 5988 mutilus.

2352 5929 2499 5996 ¹ἵσ.,
2537 5927 2850 6000 δράγματα.
