3870 6560
405 516 518 582 δθῒ

1357 509 1936 572 THEOPHYLACTI
1966 508 2374 572 BULGARLE
2405 515 2760 576 ARCHIEP.

3555 523 3648 585 532

406 627 674 700 manipuli
711 625 1068 696 cogebantur,
1098 632 1152 679 et
1179 622 1283 679 sub
1315 637 1487 678 unum
1517 633 1800 693 aspectum
1834 635 1970 679 con-

2087 624 2278 689 παντὸς
2317 624 2504 690 ιθνους
2537 626 2649 681 τῶν
2691 628 2710 660 ¹
2750 627 2855 683 ὕπὸ
2892 629 2982 682 τὸν
3013 629 3240 697 οὐρανὸν
3276 631 3341 683 ἐκ
3389 631 3648 701 διαφόρων

409 721 703 778 veniebant
731 717 892 774 divisi
925 723 1089 788 atque
1140 714 1369 782 diversi,
1415 715 1772 786 futurumque
1833 722 1974 782 erat,

408 825 464 869 ut
506 815 611 870 hoc
640 813 732 869 die
751 826 816 866 ex
853 811 1003 866 omni
1034 810 1254 866 natione
1311 809 1656 865 diversarum
1711 807 1976 880 gentium,

408 921 530 976 quae
559 904 664 960 sub
687 902 826 958 emlo
857 908 1007 966 sunt,
1034 901 1090 956 in
1139 913 1308 956 unum
1358 901 1698 972 manipulum
1755 901 1978 972 pietatis

411 997 716 1053 conventus
755 996 932 1062 ﬁeret,
971 994 1066 1066 qui
1106 1009 1206 1065 per
1256 993 1615 1066 apostolicam
1669 993 1976 1050 orationem

412 1091 522 1146 Deo
543 1089 870 1144 offerretur:
896 1103 997 1159 pro
1023 1087 1193 1142 futuri
1227 1087 1399 1158 ﬁgura
1447 1087 1689 1143 instituit
1726 1085 1978 1157 manipu-

412 1185 528 1236 tum
557 1181 857 1251 spicarum,
889 1188 949 1235 ut
996 1177 1448 1250 prtesiguiﬂcaret
1496 1178 1804 1248 manipulos
1856 1179 1977 1232 ani.

409 1289 644 1340 tuarum,
673 1287 795 1344 qua
817 1287 884 1328 ex
931 1272 1164 1328 diversis
1192 1272 1411 1342 quidem
1440 1272 1758 1344 regionibus
1787 1284 1976 1328 sume-

407 1376 618 1430 reutur,
668 1380 778 1420 una
825 1373 1006 1420 autem
1065 1363 1120 1418 in
1147 1363 1420 1434 primitias
1463 1362 1572 1420 Deo
1627 1363 1976 1420 offerrentur.

403 1455 585 1522 Quare
639 1471 750 1509 non
794 1453 915 1510 sine
956 1453 1148 1524 signis,
1183 1468 1306 1523 quae
1352 1467 1513 1510 sensu
1568 1454 1973 1526 percipiuntur,

405 1548 646 1618 Spiritus
676 1547 878 1602 accidit
901 1543 1208 1604 accessus?
1233 1547 1383 1618 quia,
1409 1549 1455 1604 si
1501 1548 1604 1604 hoc
1638 1549 1804 1604 etiam
1834 1547 1979 1604 facto

405 1637 683 1704 dicebant,
712 1637 852 1694 Vino
883 1637 1074 1709 repleti
1127 1645 1296 1694 sunt:
1355 1640 1404 1694 si
1462 1639 1566 1696 hoc
1610 1639 1816 1694 factum
1869 1654 1979 1694 non

407 1728 734 1799 esset,quid
756 1743 860 1783 non
895 1727 1200 1784 dixissent?
1251 1725 1368 1783 Non
1421 1728 1745 1801 simpliciter
1791 1735 1975 1784 autem

405 1819 624 1875 sonitus
692 1818 870 1876 tactus
927 1829 1047 1887 est,
1111 1821 1206 1877 sed
1261 1821 1326 1878 de
1384 1822 1548 1888 coelo,
1595 1830 1760 1892 atque
1809 1821 1976 1878 etiam

407 1913 766 1982 repentinus,
831 1928 942 1985 quo
1000 1914 1174 1984 magis
1226 1916 1644 1980 excitarentur,
1717 1923 1976 1986 tanquam

2081 715 2251 771 ἐθνῶν
2295 719 2378 781 είς
2419 719 2479 772 ἐν
2518 720 2741 790 δράγμα
2772 721 3052 786 εὐσεϐείας
3107 721 3468 792 συνέρχεσθαι
3493 737 3509 752 ⁸
3567 725 3650 776 καὶ

2079 808 2172 864 διὰ
2196 809 2291 864 τοῦ
2315 812 2676 866 άποστολικοῦ
2697 812 2856 883 λόγου
2878 813 2958 884 τῷ
2975 813 3096 885 θεῷ
3137 814 3588 883 προσαγαγέσθαι
3610 816 3647 880 ⁸,

2080 903 2437 974 προετύπωσε
2465 902 2528 958 τὸ
2559 903 2782 978 δράγμα
2821 905 2930 958 τῶν
2964 904 3253 975 ἀσταχύων
3283 921 3301 938 ·
3337 907 3428 960 ῖνα
3458 921 3650 977 προερ-

2083 993 2330 1066 μηνεῦσῃ
2357 994 2426 1047 τὰ
2450 993 2742 1066 δράγματα
2770 994 2881 1048 τῶν
2905 994 3120 1067 ψυχῶν,
3152 995 3262 1049 τῶν
3289 996 3356 1049 ἐκ
3385 995 3653 1066 διαφόρων

2082 1086 2184 1157 μιν
2213 1087 2408 1158 χωρῶν
2447 1086 2964 1158 ἐκλαμϐανομένων,
3018 1087 3100 1152 είς
3145 1089 3274 1158 μίαν
3312 1088 3372 1142 δὲ
3405 1089 3652 1160 ἀπαρχὴν

2081 1179 2331 1251 σταχύων
2383 1179 2463 1250 τῷ
2513 1179 2634 1250 Θεῷ
2661 1179 3112 1251 προσαγομένων.
3153 1179 3251 1234 Διὰ
3291 1179 3345 1232 τί
3387 1180 3467 1251 μὴ
3495 1180 3654 1250 χωρὶς

2083 1271 2368 1342 συμϐόλων
2412 1271 2690 1342 αίσθητῶν
2729 1272 2764 1342 ἡ
2791 1269 2886 1325 τοῦ
2916 1271 3236 1343 Πνεύματος
3273 1269 3503 1340 γέγονεν
3543 1274 3654 1324 ἐπι-

2081 1365 2374 1434 φοίτησις;
2422 1365 2567 1430 Ὅτι,
2603 1365 2674 1418 εί·
2708 1363 2805 1418 καί⁵
2850 1363 3041 1418 τούτου
3103 1362 3402 1434 γενομένου
3455 1362 3652 1430 ἔλεγον,

2081 1456 2163 1509 ὃτι
2213 1453 2484 1518 Γλεύκους
2536 1454 2951 1527 μεμεστωμένοι
3007 1456 3187 1508 είσίν·
3244 1455 3294 1508 εί
3361 1452 3442 1524 μὴ
3504 1454 3656 1506 τοῦτο

2081 1547 2324 1616 ἐγένετο,
2349 1547 2402 1601 τί
2427 1547 2527 1601 οὐκ
2555 1544 2621 1601 ἂν
2655 1542 2808 1600 εἷπον
2840 1564 2856 1614 ;
2895 1546 3007 1616 Οὐχ
3043 1544 3229 1608 ἁπλῶς
3250 1545 3308 1598 δὲ
3340 1539 3477 1615 ἦχος
3506 1544 3655 1612 γέγοο

2084 1656 2194 1704 νεν,
2229 1638 2347 1693 ἀλλ’
2384 1641 2448 1692 ἐκ
2490 1637 2585 1692 τοῦ
2622 1635 2879 1710 οὐρανοῦ,
2917 1637 3013 1692 καὶ
3057 1636 3120 1690 τὸ
3163 1636 3430 1706 αἰφνίδιον
3465 1634 3546 1700 δέ,
3583 1635 3654 1698 είς

2082 1731 2143 1784 rb
2197 1730 2400 1802 μᾶλλον
2433 1731 2786 1801 διαναστῆναι
2827 1731 3063 1794 αὐτοὺς,
3115 1727 3308 1798 ὥσπερ
3355 1725 3656 1798 φερομένης

2082 1818 2252 1893 πνοῆς
2289 1822 2488 1894 βιαίας.
2531 1822 2743 1894 Πολλὴν
2771 1823 2868 1877 καὶ
2903 1820 3141 1893 σφοδρὰν
3167 1820 3268 1890 τὴν
3300 1818 3484 1891 ῥύμην
3517 1818 3655 1885 λέγει

2081 1913 2177 1968 τοῦ
2208 1914 2526 1985 Πνεῦματος
2553 1931 2568 1948 ·
2613 1915 2708 1968 καὶ
2756 1915 2964 1979 πάντας
3000 1914 3179 1967 ἐκεῖσε
3209 1913 3542 1984 συνδραμεῖν
3570 1911 3658 1964 καί

409 2007 623 2061 ruentis
653 2013 706 2061 et
746 2004 1058 2077 ingruentis
1110 2005 1272 2062 ﬂatus
1301 2005 1552 2062 violenti.
1615 2004 1870 2077 Magnum
1922 2015 1978 2062 et

2087 2002 2359 2056 συνελθεῖν
2401 2005 2656 2074 ἐποίησε.
2694 2003 2808 2059 Καὶ
2849 2003 3173 2075 ἐπλήρωσεν
3203 2002 3324 2057 ὅλον
3364 2004 3460 2056 τὸν
3495 1997 3654 2055 οἷκον.

408 2095 782 2150 vehementem
819 2095 1082 2168 impetum
1120 2097 1362 2168 Spiritus
1386 2097 1557 2153 dicit:
1588 2098 1681 2168 qui
1712 2097 1897 2165 eﬂicit,
1922 2104 1982 2153 ut

408 2203 601 2244 omnes
630 2189 724 2242 illo
749 2198 1142 2244 concurrerent
1170 2197 1228 2244 et
1270 2189 1653 2246 convenirent.
1700 2190 1769 2245 Et
1802 2190 1983 2260 reple-

408 2277 510 2342 vit,
536 2287 645 2334 etc.
679 2276 872 2333 Totam
903 2278 1126 2334 domum
1169 2279 1441 2348 replebat,
1492 2290 1553 2335 ut
1596 2279 1982 2337 ostenderetur

411 2370 616 2424 donum
650 2385 759 2423 non
789 2370 1118 2441 quibusdam
1173 2372 1580 2442 particulariter
1631 2388 1694 2429 ac
1723 2374 1984 2445 speciali-

411 2470 520 2530 ter,
551 2461 647 2518 sed
678 2464 778 2518 totl
809 2463 1023 2533 corpori
1071 2462 1330 2520 Ecclesiae
1356 2465 1544 2520 datum
1585 2480 1728 2522 esse.
1777 2465 1983 2524 Domus

408 2553 559 2608 enim
596 2552 790 2608 mundi
825 2554 1040 2625 signum
1091 2566 1231 2622 erat,
1281 2558 1739 2627 quemadmodum
1765 2559 1980 2615 'etiam

412 2641 620 2712 piscina
649 2641 754 2697 fuit
810 2658 986 2714 aqum,
1015 2645 1119 2700 hoc
1167 2654 1348 2700 autem
1379 2645 1675 2702 amuentia:
1719 2655 1773 2704 et
1823 2649 1986 2703 vehe-

411 2734 632 2789 mentiw
657 2735 897 2803 signum.
927 2735 1042 2791 Non
1071 2737 1215 2806 ignis
1236 2744 1417 2792 autem
1445 2737 1669 2794 domum
1726 2738 1982 2809 replevit.

409 2825 554 2881 Metu
593 2841 830 2896 namque
877 2827 1158 2896 perculsos
1188 2827 1454 2897 fugasset.
1483 2826 1611 2893 Sed,
1635 2829 1780 2898 quod
1810 2828 1983 2883 mira-

411 2917 575 2973 bilius
633 2925 740 2984 est,
798 2917 931 2988 ipsae
987 2917 1188 2988 linguae
1248 2918 1486 2973 dividua:
1514 2920 1566 2986 ιι,
1646 2933 1770 2989 ηοω
1819 2935 1986 2990 super

413 3020 862 3076 unumquemque
899 3007 1292 3062 consederunt.
1337 3003 1574 3064 Pulchre
1622 3018 1806 3066 autem
1829 3011 1983 3078 dicit,

414 3097 744 3167 dispertita,
771 3097 877 3166 21
913 3106 972 3152 ut
1003 3098 1170 3163 scias,
1196 3100 1442 3154 eamdem
1467 3115 1594 3156 esse
1615 3100 1982 3168 elﬁcientiam,

412 3203 534 3258 qua:
563 3203 594 3242 a
649 3189 932 3244 Paracleto
980 3191 1148 3245 missa
1205 3199 1308 3246 cst.
1357 3190 1594 3248 Pulchre
1641 3193 1985 3260 sane-dicit,

411 3277 571 3350 quasi
619 3279 813 3350 igneae,
865 3287 940 3345 et,
973 3288 1230 3350 tauquam
1291 3278 1477 3349 ﬂatus,
1521 3297 1590 3337 ne
1633 3282 1786 3353 quid,
1835 3283 1981 3353 quod

411 3385 575 3425 sensu
606 3371 811 3442 percipi
845 3371 1042 3442 possit,
1077 3370 1145 3426 de
1177 3370 1384 3442 Spiritu
1436 3374 1644 3444 cegites
1700 3383 1756 3431 et
1786 3375 1982 3446 imagi-

410 3462 580 3518 neris.
642 3461 760 3518 Non
819 3463 984 3534 igitur
1041 3463 1364 3534 simpliciter
1421 3475 1616 3524 ventus
1687 3476 1838 3534 erat,
1888 3477 1986 3524 aut

411 3555 578 3625 ignis,
620 3556 714 3612 sed
746 3554 982 3628 Spiritus
1038 3565 1286 3622 sanctus,
1348 3557 1439 3629 qui
1493 3559 1606 3614 illic
1661 3561 1980 3631 apparebat.

409 3647 545 3702 Vide
580 3655 788 3712 autem,
821 3646 967 3718 quod
995 3648 1216 3718 quando
1251 3645 1452 3704 Joanni
1482 3650 1704 3720 quidem
1765 3663 1986 3724 oporte-

411 3741 505 3796 bat
563 3728 828 3809 Spirittun
897 3749 1084 3796 notum
1118 3741 1257 3807 ﬁeri,
1307 3743 1671 3799 conveniebat
1723 3753 1982 3817 tanquam

410 3833 613 3904 ignem.
645 3833 1014 3902 Conseditque
1063 3845 1228 3903 super
1271 3837 1719 3906 unumquemque
1768 3855 1979 3894 eorum.

414 3923 473 3976 ιιι
501 3931 609 3988 est,
642 3921 847 3978 mansit
872 3921 1016 3991 apud
1041 3921 1186 3988 illos,
1221 3931 1277 3977 et
1305 3924 1570 3994 requievit
1616 3941 1785 3997 super
1836 3929 1981 3988 illos.

416 4015 622 4068 Sedere
648 4014 794 4067 enim
821 4013 1143 4068 stabilitatis
1194 4021 1250 4069 et
1311 4017 1567 4072 manendi
1627 4017 1983 4088 signiﬁcatio-

412 4119 539 4162 nem
596 4105 784 4160 habet.
835 4103 1015 4175 Super
1073 4119 1215 4176 quos
1265 4114 1448 4162 autem
1506 4106 1748 4179 Spiritus
1805 4112 1985 4168 sedit?

414 4199 594 4270 Super
621 4198 910 4255 duodecim
943 4198 1222 4270 apostolos
1253 4199 1540 4270 duntaxat,
1580 4217 1647 4258 an
1677 4206 1982 4275 superillos

413 4302 632 4348 centum
664 4290 900 4362 viginti?
931 4291 1182 4348 videlicet
1211 4307 1375 4363 super
1419 4308 1628 4351 omnes.
1675 4294 1792 4352 Non
1837 4289 1998 4353 enim‘

415 4384 745 4454 simpliciter
773 4399 838 4438 ae
869 4393 1074 4440 temere
1099 4385 1294 4441 Petrus
1342 4385 1665 4456 prophetam
1702 4390 1982 4459 produxit,

411 4490 539 4530 cum
571 4474 816 4531 diceret:
843 4473 908 4531 Et
931 4475 1035 4532 erit
1067 4475 1122 4529 in
1142 4475 1406 4531 extremis
1446 4476 1673 4543 diebus,
1709 4477 1982 4535 edendam

412 4566 480 4621 de
513 4563 723 4636 Spiritu
759 4583 878 4623 meo
902 4581 1070 4636 super
1089 4581 1308 4623 omnem
1335 4580 1579 4624 carnem.
1611 4567 1678 4624 Bt
1705 4583 1814 4625 non
1851 4571 1984 4628 sitn-

2086 2095 2194 2150 Τδν
2220 2090 2370 2151 οἷκον
2403 2095 2525 2151 ὅλον
2553 2095 2818 2169 ἐπλήρου,
2841 2094 2909 2150 ἵν’
2941 2097 2973 2166 ἡ
2996 2095 3176 2167 δωρεὰ
3195 2095 3454 2166 δεδομένη
3477 2093 3655 2164 δειχθῇ

2087 2187 2162 2259 μὴ
2199 2187 2442 2258 μερικῶς
2479 2187 2562 2252 τίς
2597 2189 2750 2241 ἐστιν
2788 2188 2811 2218 ⁵
2835 2230 2851 2255 ,
2887 2185 3005 2244 ἀλλ’
3038 2187 3146 2258 ὅλῳ
3180 2185 3260 2258 τῷ
3287 2187 3387 2257 τῆς
3436 2183 3658 2254 Ἐκκληο

2085 2279 2207 2344 σίας
2243 2280 2600 2352 πληρώματι.
2628 2280 2693 2334 Ἦ
2723 2280 2870 2334 οίκία
2891 2280 3000 2352 γὰρ
3023 2278 3119 2334 τοῦ
3148 2277 3355 2350 κόσμου
3394 2275 3657 2348 σύμϐολον

2081 2367 2173 2443 ἦν,
2189 2371 2442 2442 καθάπερ
2460 2371 2571 2442 γὰρ
2601 2373 2624 2404 ⁸
2654 2371 3012 2443 κολυμϐήθρα
3043 2371 3268 2441 γέγονεν
3302 2370 3492 2432 ὕδατος
3517 2384 3533 2400 ο
3563 2368 3657 2436 τῆς

2082 2463 2364 2534 δαψιλείας
2397 2465 2454 2519 δέ
2469 2463 2630 2518 τοῦτο
2644 2465 2945 2535 τεκμήριον
2963 2470 3055 2518 καὶ
3071 2464 3170 2533 τῆς
3188 2462 3562 2535 σφοδρότητος.
3581 2460 3655 2512 οὐ

2083 2552 2146 2606 τὸ
2178 2551 2290 2622 πῦρ
2315 2551 2373 2606 δὲ
2419 2552 2510 2606 τὸν
2532 2547 2681 2607 οἷκον
2728 2553 3050 2624 ἐπλήρωσεν
3071 2568 3083 2582 ’
3127 2550 3386 2622 ἐξέστησε
3426 2551 3530 2621 γάρ
3556 2552 3619 2603 άιι
3640 2565 3653 2580 ο

2084 2644 2225 2710 ἀλλ’,
2255 2646 2286 2700 δ
2303 2662 2357 2698 τι
2384 2643 2838 2717 θαυμασιώτερον
2858 2686 2874 2712 ,
2900 2646 2963 2698 τὺ
2989 2644 3411 2716 διαμερισθῆναι
3453 2644 3543 2698 καὶ
3570 2642 3656 2709 ἐφ’

2084 2738 2181 2793 ἕνα
2213 2738 2446 2792 ἕκαστον
2479 2737 2660 2794 αὐτῶν
2689 2737 3028 2794 ἐπικαθίσαι.
3060 2738 3258 2801 Καλῶς
3271 2738 3329 2791 δέ
3361 2755 3511 2809 φησι,
3545 2736 3658 2789 δια.

2090 2830 2524 2901 μεμερισμέναι⁸
2583 2830 2673 2884 ῖνα
2744 2830 2942 2904 μάθῃς,
3005 2831 3090 2884 δτι
3145 2829 3400 2901 ἐνέργειά
3444 2831 3581 2882 ἐστιν
3619 2830 3654 2896 ⁴ι

2086 2923 2224 2994 αὐτὴ
2261 2923 2369 2978 ἀπὸ
2418 2922 2514 2976 τοῦ
2557 2923 2918 2994 Παρακλὴτου
2959 2921 3295 2993 πεμφθεῖσα.
3331 2921 3524 2983 Καλῶς
3561 2919 3655 2973 οὖν

2087 3029 2242 3084 φησι,
2303 3012 2437 3066 ὡσεὶ
2470 3012 2679 3084 πυρός·
2739 3011 2833 3066 καὶ
2875 3010 3128 3082 καθάπερ
3173 3011 3382 3081 πνοῆς·
3446 3009 3532 3064 ἵνα
3578 3007 3654 3079 μὴ

2088 3103 2348 3174 αίσθητόν
2404 3121 2458 3156 τι
2510 3103 2640 3175 περ)⁵
2671 3102 2766 3157 τοῦ
2797 3103 3120 3174 Πνεόματος
3157 3103 3378 3173 νοήσῃς.
3409 3101 3520 3154 Οὐκ
3550 3103 3654 3170 ἄρα

2087 3197 2276 3260 ἁπλῶς
2303 3195 2502 3266 ἄνεμος
2518 3191 2609 3266 ῆν,
2633 3193 2756 3249 οὐδὲ
2784 3193 2895 3266 πῦρ
2920 3234 2934 3260 ,
2963 3193 3102 3247 ἀλλὰ
3146 3191 3209 3246 τὸ
3260 3193 3418 3259 διγιον
3439 3189 3653 3259 Πνεῦμα

2009 3329 2055 3390 c
2087 3288 2324 3344 ἐνταῦθα
2345 3288 2784 3359 ἐπιφαινόμενον.
2805 3285 3002 3340 Σκόπει
3021 3285 3078 3338 δέ
3099 3286 3181 3339 ὅτι
3201 3284 3289 3337 ὅτε
3313 3284 3412 3354 μὲν
3442 3281 3652 3352 Ἰωάννῃ

2091 3381 2200 3436 ἔδει
2240 3382 2263 3413 ⁸
2287 3381 2350 3434 τὸ
2387 3377 2612 3450 Πνεῦμα
2649 3378 3042 3451 γνωρισθῆναι,
3079 3378 3270 3449 ἐχρῆν,
3301 3377 3435 3430 ὡσεὶ
3467 3375 3572 3446 πῦρ
3609 3374 3648 3427 τ.

2104 3473 2355 3529 Ἐκάθισέ
2377 3489 2435 3526 τε
2472 3470 2561 3540 ἐφ’
2582 3469 2680 3525 ἕνα
2694 3471 2922 3524 ἕκαστον
2952 3469 3154 3524 αὐτῶν.
3185 3469 3446 3523 Τουτέστι
3465 3483 3481 3498 °
3518 3483 3647 3535 παρ·

2091 3568 2330 3638 έμεινεν,
2361 3563 2798 3618 ἐπανεπαύσατο.
2835 3562 2910 3616 Τὸ
2940 3562 3048 3632 γὰρ
3077 3560 3300 3616 καθίσαι
3326 3559 3422 3614 τοῦ
3450 3557 3648 3630 ἑδραίου

2093 3659 2429 3732 σημαντικὸν
2481 3659 2576 3712 καὶ
2632 3656 2728 3710 τοῦ
2767 3655 2970 3726 μεῖναι.
3018 3653 3142 3709 Ἐπὶ
3184 3654 3338 3718 τίνας
3363 3651 3650 3707 δὶέκάθισε

2091 3756 2152 3808 τὸ
2187 3751 2433 3822 Πνεῦμα,
2467 3750 2561 3804 ἐπὶ
2613 3749 2741 3812 τοὺς
2786 3747 2852 3818 ιβ’
2909 3749 3104 3820 μόνον,
3130 3747 3165 3818 ῆ
3234 3746 3328 3801 ἐπὶ
3372 3745 3498 3809 τοὺς
3546 3740 3647 3814 ρκ⁹ς

2093 3847 2344 3920 Δηλονότι
2385 3845 2478 3897 ἐπὶ
2509 3843 2735 3906 πάντας.
2767 3841 2844 3896 Οὐ
2891 3843 2999 3912 γὰρ
3037 3841 3103 3896 ἂν
3155 3838 3343 3903 ἁπλῶς
3374 3837 3650 3908 παρήγαγε

2090 3939 2185 3994 τὸν
2219 3937 2504 4008 προφήτην
2549 3935 2578 3988 ὁ
2618 3933 2824 4005 Πέτρος
2878 3933 3054 4002 λέγων
3077 3949 3090 3964 ·
3125 3931 3236 3985 Καὶ
3262 3929 3415 3984 ἔσται
3449 3931 3509 3983 ἐν
3541 3929 3650 3990 ταῖς

2092 4028 2348 4100 ἐσχάταις
2379 4027 2616 4098 ἡμέραις
2637 4067 2653 4094 ,
2685 4023 2862 4095 ἐκχεῶ
2894 4023 3006 4078 ἀπὸ
3058 4021 3151 4076 τοῦ
3202 4019 3524 4091 Πνεῦματός
3559 4034 3648 4089 μου

2093 4122 2184 4176 ἐπὶ
2242 4121 2422 4174 πᾶσαν
2475 4119 2674 4188 σάρκα.
2735 4115 2848 4169 Καὶ
2902 4115 3000 4186 οὐχ
3049 4112 3239 4178 ἁπλῶς
3275 4111 3468 4166 ελαϐον
3491 4151 3506 4176 ,
3546 4107 3671 4192 ἀλλέ

2091 4213 2443 4283 ἐπλήσθησαν
2464 4227 2478 4242 ·
2519 4210 2612 4264 καὶ
2642 4209 2902 4272 ἅπαντες,
2945 4208 3108 4277 φησιν
3127 4223 3143 4240 ο
3167 4206 3268 4277 οὐχ
3297 4205 3349 4259 oi
3381 4202 3646 4258 ἀπόστολοι

2097 4305 2280 4376 μόνον.
2307 4303 2508 4356 Σκόπει
2528 4300 2608 4366 δὲ,
2634 4301 2761 4354 ὅταν
2789 4315 3100 4371 προσκαρτε
3111 4298 3244 4368 ρῶσι
3274 4301 3342 4370 τῇ
3388 4297 3645 4369 προσευχῇ

2093 4399 2188 4454 καὶ
2211 4401 2276 4470 τῇ
2307 4397 2519 4468 δεήσει,
2545 4396 2674 4450 ὅταν
2695 4395 2917 4465 ἀγάπην
2943 4392 3130 4465 ἔχωσι,
3181 4393 3305 4447 τότε
3339 4394 3403 4448 τὸ
3447 4390 3647 4459 Πνεῦμα

2093 4489 2477 4562 παραγίνεται.
2504 4486 2604 4542 Διά
2638 4486 2693 4540 τί
2741 4483 2820 4540 δι’
2845 4485 2906 4540 ἐν
2955 4485 3088 4541 εῖδει
3129 4486 3302 4556 πυρὸς
3332 4481 3488 4555 ὤφθη
3509 4502 3523 4551 ;
3546 4485 3647 4535 ἰνα

2091 4577 2241 4654 δείξῃ
2261 4623 2274 4643 ,
2302 4579 2385 4634 ὅτι
2413 4581 2512 4649 τῆς
2540 4578 2708 4650 αὐτῆς
2740 4577 2890 4632 ἐστιν
2919 4575 3107 4640 οὐσίας
3127 4575 3222 4630 τοῦ
3245 4575 3501 4646 ὀφθέντος
3527 4575 3548 4607 ⁸
3568 4572 3648 4626 ἐπὶ

411 4659 632 4730 pliciter
657 4666 1028 4730 acceperunt,
1059 4658 1155 4715 sed
1185 4657 1381 4731 repleti
1434 4669 1584 4718 sunt.
1631 4659 1722 4729 Et,
1770 4676 1981 4729 omnes,

2089 4672 2190 4744 τῆς
2231 4670 2395 4742 βάτου
2429 4670 2487 4724 ἐν
2521 4670 2650 4724 εῖδει
2675 4669 2866 4741 πυρός.
2905 4667 3016 4722 Καὶ
3059 4667 3286 4722 ἐκάθισε
3319 4666 3421 4738 μὶν
3449 4666 3540 4720 ἐπὶ
3561 4663 3646 4734 τὴν

415 4750 615 4820 inquit,
679 4765 789 4804 non
842 4750 1073 4819 apostoli
1101 4751 1226 4805 soli.
1295 4749 1540 4807 Observa
1582 4761 1982 4821 autem:,cutn

414 4841 795 4897 incumberent
818 4839 1054 4896 orationi
1075 4854 1140 4895 ac
1165 4839 1502 4911 precationi:
1531 4857 1658 4898 cum
1690 4843 1985 4901 dilectione

411 4930 624 5003 praediti
651 4937 870 4987 essent:
905 4938 1038 4985 tunc
1061 4929 1299 5001 Spiritus
1328 4931 1562 4988 accedit.
1621 4931 1729 4992 Sed
1785 4949 1890 4991 cur
1922 4937 1980 4993 in

418 5020 604 5094 specie
626 5020 770 5092 ignis
822 5021 1110 5090 apparuit?
1154 5020 1228 5078 Ut
1270 5022 1588 5079 ostenderet
1635 5039 1696 5082 se
1738 5025 1985 5097 ejusdem

412 5129 536 5172 csse
561 5123 772 5170 natura!
811 5126 940 5169 cum
969 5112 1082 5178 illo,
1123 5114 1216 5184 qui
1249 5126 1418 5186 super
1467 5115 1664 5172 rubum
1703 5118 1856 5176 visus
1901 5131 1988 5178 est

411 5209 468 5264 in
497 5209 680 5278 specie
701 5207 863 5280 ignis.
887 5206 966 5261 A‘c
994 5207 1135 5261 sedit
1158 5204 1375 5276 quidem
1399 5219 1565 5278 super
1587 5219 1773 5280 caput,
1791 5226 1982 5268 verum

411 5309 568 5358 totus
601 5302 766 5358 homo
827 5299 1071 5371 repletus
1103 5307 1210 5355 est.
1271 5297 1568 5356 Videbatur
1613 5304 1761 5358 enim
1820 5319 1986 5374 super

414 5402 583 5465 caput
609 5395 830 5450 illorum
862 5393 1030 5465 ignis,
1057 5407 1162 5448 non
1203 5391 1558 5458 comburens,
1607 5395 1701 5451 sed
1735 5397 1982 5452 sanctiﬁ-

2089 4762 2356 4832 κεφαλὴν,
2377 4761 2487 4817 άπδ
2525 4759 2584 4814 δὲ
2616 4762 2714 4831 τῆς
2741 4759 2985 4830 κεφαλῆς
3005 4758 3301 4830 ἐπληρώθη
3332 4759 3362 4812 ὁ
3385 4756 3645 4830 ἄνθρωπος

2089 4855 2209 4919 ὅλος
2228 4869 2243 4884 ο
2284 4848 2354 4925 ἦν
2373 4852 2482 4924 γάρ
2513 4851 2645 4906 ίδεῖν
2675 4852 2816 4922 ὑπὲρ
2843 4851 2944 4922 τῆς
2971 4849 3210 4922 κεφαλῆς
3231 4849 3411 4904 αὐτῶν
3441 4847 3566 4919 πῦρ.
3591 4846 3641 4900 οὗ

2091 4948 2265 5012 καῖον,
2298 4943 2415 5000 ἀλλ’
2448 4941 2678 5013 ἁγιάζον
2716 4943 2811 4997 καὶ
2862 4941 3245 5014 καταλάμπον.
3276 4942 3378 4997 Διά
3399 4943 3451 4996 τί
3474 4939 3527 4996 δέ
3560 4938 3642 4998 τὰς

2092 5036 2346 5106 γλώσσας
2374 5037 2478 5091 οὐκ
2511 5037 2606 5090 ἐπὶ
2639 5035 2735 5090 τοῦ
2779 5035 3069 5107 στόματος,
3101 5036 3219 5090 ἁλλ’
3251 5035 3347 5089 ἐπὶ
3375 5038 3469 5106 τῆς
3498 5049 3640 5102 κεφα-

2091 5129 2190 5199 λῆς
2228 5127 2512 5195 ἐδέξαντο;
2549 5129 2664 5182 Οὐκ
2697 5129 2778 5192 είς
2809 5128 2909 5199 τὴν
2960 5127 3234 5198 γλῶσσαν,
3277 5128 3546 5184 τουτέστιν
3573 5125 3638 5186 είς

2091 5218 2152 5272 τὸ
2180 5218 2283 5289 τῆς
2310 5218 2527 5288 φύσεως
2559 5218 2794 5289 δργανον
2823 5217 2980 5288 ἐδόθη
3004 5217 3066 5272 τὸ
3088 5218 3314 5290 Πνεῦμα
3332 5237 3346 5248 ·
3368 5219 3452 5272 ἴνα
3477 5218 3545 5288 μὴ
3569 5229 3640 5266 νο-

2095 5307 2364 5379 μισθῶσιν
2393 5312 2460 5364 ἐκ
2521 5310 2632 5364 τῶν
2675 5309 2822 5365 ίδίων
2885 5309 3130 5379 λαγόνων
3169 5309 3266 5364 καὶ
3297 5310 3362 5363 ἐκ
3407 5306 3497 5362 τοῦ
3529 5305 3639 5360 ἰδίου

2089 5401 2357 5472 στόματος
2395 5403 2695 5474 προφέρειν
2747 5401 2783 5458 δ.
2842 5403 2918 5476 μὴ
2965 5399 3150 5474 εἶχον·
3194 5402 3311 5457 ἀλλ’
3369 5401 3550 5471 ὥσπερ
3577 5397 3642 5459 εἰς

1603 5512 1804 5575 Variae
1843 5513 2153 5582 lectiones
2185 5527 2246 5582 et
2276 5527 2470 5585 noue.

511 5620 526 5644 ¹
561 5621 848 5686 τηνηρναί.
888 5685 894 5686 γ
929 5615 953 5650 ⁸
980 5611 1430 5686 προσαγαγέσθαι
1457 5624 1592 5678 erat,

1668 5615 1689 5644 ⁸
1727 5616 1836 5680 ἴση
1866 5619 1976 5672 τισί

2106 5622 2128 5653 ⁸
2155 5621 2266 5684 ἴση
2293 5623 2410 5676 καί.
2489 5623 2509 5654 ⁸
2537 5623 2622 5676 la.
2659 5617 2790 5678 εἶδε.
2868 5624 2888 5654 ⁷
2917 5623 3086 5677 Locus
3115 5621 3264 5677 ualde
3311 5624 3574 5682 corruptus
3596 5617 3638 5663 ιι

413 5681 651 5762 mutilus.
678 5681 792 5738 Hoc
813 5681 1095 5762 eniut‘ve'lle
1111 5681 1285 5740 dicere
1315 5683 1551 5738 videtur:
1577 5703 1602 5762 _t
1629 5683 1851 5762 Quando
1877 5687 2110 5762 Joannes
2138 5681 2346 5762 quidem
2375 5692 2506 5747 vidit
2539 5693 2820 5762 Spiritum,
2880 5695 3008 5746 vidit
3043 5703 3293 5762 tauquam
3331 5681 3636 5762 εοίιιςιιίζιξπιῗ

411 5755 664 5833 apostolis
697 5764 880 5833 agt-ent
901 5754 1054 5833 illum
1101 5770 1356 5824 apparere
1387 5757 1656 5824 oportebat
1692 5759 1744 5812 in
1775 5760 1942 5827 specie
1989 5754 2170 5831 ignis}
2219 5782 2236 5813 ι
2277 5773 2433 5833 atque
2487 5754 2768 5819 ita'multa
2807 5754 3089 5832 defuerint.
3147 5754 3189 5794 ’⁸
3232 5762 3316 5815 Io‘.
3343 5761 3421 5831 τῷ
3444 5755 3639 5828 ὀφθέντι

410 5834 526 5888 αιιι,
554 5825 622 5894 τῇ
658 5823 750 5878 τοῦ
782 5824 1060 5893 ὀφθέντος.

487 5943 511 5980 ε
540 5939 707 5996 Locus
752 5952 1026 6010 corruptus
1083 5943 1230 5999 valde
1258 5955 1304 5998 ct
1346 5948 1575 6000 mutilus.
1655 5951 1676 5987 ιι
1713 5947 1879 6004 Locus
1913 5954 2033 6005 item
2083 5961 2379 6020 corruptus.
