3870 6622
240 423 357 488 533

984 421 1391 487 EXPOSITIO
1431 421 1513 484 IN
1553 423 1742 485 ACTA
1770 422 2345 492 APOSTDLORUM.
2380 455 2448 467 —
2473 430 2630 494 CAP.
2667 434 2749 495 Π.

3378 428 3497 500 538

239 532 458 604 οὐρανὸν
519 534 591 586 τὰ
640 534 803 587 ὕδατα
825 532 1239 604 λαμϐανόμενα,
1269 533 1370 598 τὰς
1416 535 1664 603 κορυφὰς
1704 532 1821 587 τῶν

1927 548 2052 591 rans
2078 545 2127 592 et
2162 536 2499 595 illuminans.
2533 541 2646 596 Cur
2668 543 2798 597 item
2848 541 3061 613 linguas
3111 557 3217 598 non
3273 541 3326 596 in
3368 555 3488 605 ore,

240 626 398 696 ὀρέων
428 625 909 696 καταλαμϐάνουσι
933 666 951 694 ,
974 626 1071 681 καὶ
1099 627 1207 682 ἀπὸ
1232 626 1341 681 τῶν
1367 626 1678 697 ὑψωμὰων
1716 626 1812 680 ἐπὶ

1927 629 2013 684 sed
2044 630 2099 684 in
2120 632 2302 702 capite
2321 643 2653 704 acceperunt
2677 635 2703 689 ?
2729 633 2849 692 Non
2876 636 2930 690 in
2958 636 3223 707 linguam,
3252 634 3355 689 hoc
3378 641 3487 699 est,

240 716 331 778 τὰς
382 716 683 784 φάραγγας
730 717 1167 788 καταφέρονται·
1204 717 1348 773 οὕτω
1396 718 1499 790 τὴν
1541 719 1806 789 κορυφὴν,

241 806 307 867 ὡς
363 805 491 876 ὅρος
538 807 1040 878 καταλαμϐάνουσα
1086 809 1240 881 ἠτοῦ
1276 810 1595 879 Πνεύματος
1625 810 1821 882 χάρις,

239 898 612 967 ὲπεχορήγησε
643 898 828 953 λοιπὸν
847 900 955 954 ἀπὸ
983 901 1087 970 τῆς
1106 902 1349 971 κορυφῆς
1374 900 1453 971 τῷ
1487 901 1807 973 ἐγκεφάλῳ,

240 985 349 1045 εἶτα
373 989 449 1061 τῷ
485 989 728 1059 στόματι
759 991 853 1045 καὶ
900 994 969 1063 τῇ
1022 992 1253 1064 καρδίᾳ,
1296 994 1392 1049 καὶ
1426 993 1548 1046 ὅλον
1588 993 1656 1047 δι’
1685 978 1827 1048 ὃλουέ

239 1083 322 1136 τὸν
354 1079 653 1151 ἄνθρωπον
686 1082 1002 1153 ἐπλήρωσεν
1057 1081 1168 1137 ἀπὸ
1194 1084 1293 1151 τῆς
1328 1084 1593 1154 κεφαλῆς.
1628 1085 1727 1139 Διὰ
1756 1084 1811 1139 τί

238 1171 289 1226 δὲ
346 1171 508 1225 πάλιν
559 1173 662 1226 ἐπὶ
717 1173 816 1243 τὴν
862 1174 1144 1245 κεφαλήν;
1175 1174 1396 1243 Ἐπειδὴ
1419 1176 1471 1229 oi
1521 1177 1823 1232 ἀπόστολοι

240 1263 673 1334 ἐχειροτονοῦντο
729 1265 831 1334 τῆς
859 1266 1189 1338 οίκουμένης
1241 1267 1571 1322 διδάσκαλοι.
1620 1267 1819 1337 Χειροε

238 1356 458 1411 τονίαδδ
488 1357 687 1422 ἁπλῶς
735 1358 796 1412 οὐ
850 1358 1085 1427 γίνεται,
1120 1361 1171 1413 εί
1237 1360 1313 1431 μὴ
1361 1361 1421 1413 ὲν
1464 1362 1533 1430 τῇ
1573 1358 1809 1430 κεφαλῇ.

239 1450 306 1502 Τὸ
328 1446 419 1502 οὖν
449 1449 551 1513 τὰς
585 1449 843 1518 γλώσσας
866 1450 1093 1504 ἐπὶτῶν
1112 1451 1366 1522 κεφαλῶν
1411 1448 1551 1506 εἶναι
1571 1452 1814 1507 δείκνυσι

240 1542 568 1613 χειροτονίας
612 1543 822 1614 σχῆμα.
860 1544 1033 1615 ’Υπὲρ
1062 1546 1163 1613 τῆς
1186 1545 1434 1615 κεφαλῆς
1462 1546 1571 1616 γὰρ
1604 1545 1821 1601 τίθεται

242 1636 273 1705 ὴ
324 1635 632 1704 χειροτονία
650 1651 671 1667 ·⁴
731 1635 921 1700 καθὼς
976 1636 1075 1691 καὶ
1116 1636 1223 1702 ἕως
1274 1637 1369 1695 νῦν
1423 1637 1707 1708 ἐκράτησε.
1750 1635 1819 1690 τὸ

241 1727 480 1792 πρᾶγμα.
536 1725 764 1797 Ἐπειδὴ
818 1727 935 1798 γὰρ
972 1726 1207 1798 ἀόρατός
1256 1728 1403 1782 ἐστιν
1448 1729 1483 1799 ἡ
1530 1728 1627 1781 τοῦ
1653 1727 1823 1796 ἁγίου·

244 1819 549 1888 Ηνεύματος
605 1820 971 1892 ἐπιφοίτησις,
1016 1821 1319 1875 ἐπιτίθεται
1358 1824 1424 1893 τῇ
1457 1822 1667 1894 κεφαλῇ
1716 1819 1819 1874 τοῦ

248 1906 525 1977 μέλλοντος
555 1908 986 1981 χειροτονεῖσθαι
1018 1910 1319 1981 ἀρχιερέως
1347 1910 1412 1965 τό
1449 1911 1816 1980 Εὑαγγέλιον,
1849 1896 1891 1956 Β

248 2000 329 2051 ea).
356 1999 481 2053 ὅταν
506 2000 764 2075 ἐπιτιθῇ,
822 2002 977 2056 οὐδὲν
1032 2003 1162 2058 ἄλλο
1193 2003 1347 2059 ἐστιν
1397 2004 1547 2070 ίδεῖν,
1577 2003 1611 2075 ἢ
1645 2005 1821 2073 γλῶσ-

248 2104 337 2140 σαν
360 2089 554 2160 πυρὸς,
587 2092 957 2164 ἆπικειμένην
972 2096 1037 2164 τῇ
1077 2093 1289 2165 κεφαλῇ
1324 2094 1598 2163 γλῶσσαν,
1639 2094 1730 2149 διὰ
1752 2094 1822 2149 τὸ

249 2181 499 2251 κήρυγμα
524 2182 835 2253 πυρδς,διά
853 2184 945 2238 τὸν
974 2183 1202 2252 λέγοντα
1219 2199 1233 2216 ο
1258 2184 1385 2254 Πῦρ
1408 2181 1823 2256 ἦλθον-,βαλεῖν

246 2272 337 2325 ἐπὶ
365 2271 480 2341 τὴν
500 2272 642 2343 τῆν.
669 2276 788 2330 οὐκ
817 2272 938 2331 εἶπε
973 2275 1051 2343 δὲ,
1092 2277 1358 2348 ήδράσθη,
1390 2278 1425 2350 ἢ
1455 2279 1819 2351 κατήντησεν,

249 2363 373 2428 ἀλλ’,
403 2365 684 2434 ἐκάθισεν,
707 2366 849 2433 οὐδὲ,
874 2368 1233 2436 ἐπεπόλασεν,
1273 2370 1411 2438 ἀλλ’,
1435 2369 1690 2425 ἐκάθισεν
1722 2372 1823 2425 ιπ-

250 2458 375 2509 άνω’
405 2457 494 2510 ἴνα
522 2457 678 2530 δείξῃ
717 2459 801 2514 ὅτι
833 2462 947 2524 πᾶς
973 2461 1114 2532 ἀνὴρ
1142 2461 1428 2533 δεχόμενος
1459 2460 1825 2534 λειτουργίαν,

253 2547 422 2618 θρόνος
452 2552 569 2604 ἐστὶ
601 2553 764 2608 Θεοῦ.
794 2555 904 2607 Καὶ
932 2555 1169 2627 ἤρξαντο
1206 2555 1388 2609 λαλεῖν
1408 2557 1622 2627 ἑτέραις
1640 2557 1825 2626 γλώσ-

252 2657 378 2704 σαις.
429 2642 492 2698 Ἦ
523 2644 617 2698 τοῦ
652 2646 792 2699 Θεοῦ
826 2648 988 2720 χάρις
1007 2650 1359 2721 ᾠκονόμησεν
1388 2649 1484 2704 ἀπ’
1504 2650 1682 2721 ἀρχῆς
1707 2652 1822 2714 τοῖς

254 2738 561 2803 ἀποστόλοις
590 2740 914 2814 ἔμπρακτον
942 2740 1084 2800 εἶναι
1100 2745 1190 2799 τὸν
1208 2744 1386 2815 λόγον.
1410 2738 1509 2810 Τίς
1524 2746 1634 2817 γὰρ
1662 2745 1828 2817 χρεία·

252 2820 313 2895 ἦν
338 2829 611 2899 κηρύκων,
664 2833 776 2885 τῶν
802 2834 1110 2889 ἀκουόντων
1145 2836 1247 2889 οὐκ
1288 2835 1498 2903 Eventu;
1544 2836 1700 2891 Ἐπεὶ
1723 2835 1823 2890 οὖν

254 2919 405 2992 ἐχρῆν
427 2924 527 2992 τὴν
571 2926 832 2997 ἀπαρχὴν
873 2927 983 2981 τῶν
1008 2927 1177 2981 ἐθνῶν
1211 2928 1269 2995 ἐξ
1298 2928 1481 2982 αὐτῶν
1506 2927 1616 2983 τῶν
1640 2945 1825 3001 προοι-

259 3013 380 3081 μίων
406 3014 557 3080 τάξιν
577 3016 791 3083 λαϐεῖν,
812 3019 1007 3088 ἐπάγει
1033 3022 1061 3073 ὁ
1079 3021 1449 3091 συγγραφεὺς,
1465 3022 1573 3075 Καὶ
1592 3019 1824 3092 ἤρξαντο

256 3104 419 3161 λαλεῖν
447 3108 668 3180 ἑτέραις
702 3108 995 3179 γλώσσαις.
1048 3112 1204 3176 Τίνος
1231 3113 1295 3165 δὲ
1319 3113 1528 3178 ἕνεκεν,
1576 3113 1682 3185 πρὸ
1717 3112 1824 3169 τῶν

1918 721 1971 776 in
2004 723 2140 778 illud
2168 725 2834 784 instrumentum-naturae
2877 729 3040 784 dat-us
3076 738 3164 784 est
3212 728 3486 800 Spiritus:

1916 827 1988 866 ne
2013 814 2465 871 existimarentur
2494 830 2561 872 ex
2618 819 2734 873 suis
2765 818 3031 874 lateribus
3082 827 3138 874 et
3168 834 3233 874 ex
3269 833 3372 874 suo
3395 832 3493 873 ore

1917 902 2188 970 proferre,
2214 918 2339 974 quae
2362 919 2473 961 non
2505 904 2798 971 habebant,
2822 908 2917 963 sed
2945 906 3406 978 quemadmodum
3431 905 3489 961 in

1882 1024 1884 1026 τ
1918 996 2141 1062 omium,
2165 1009 2291 1051 cum
2319 1011 2477 1067 aquae
2508 997 2894 1068 suscipiuntur
2942 999 3211 1054 montium
3254 999 3490 1054 vertices

1918 1095 2212 1157 occupant,
2263 1097 2319 1144 et
2348 1102 2383 1143 at
2435 1091 2854 1145 summitatibus
2875 1090 3199 1146 deteruntur
3250 1091 3305 1145 in
3357 1105 3491 1144 con-

1918 1179 2093 1234 valles
2116 1195 2139 1233 :
2165 1181 2357 1238 eodem
2387 1182 2551 1239 modo
2600 1184 2776 1255 gratia
2829 1184 3066 1253 Spiritus
3105 1186 3395 1251 verticem,
3430 1194 3491 1238 ut

1920 1281 2157 1328 montem
2205 1284 2504 1345 occupans,
2567 1274 2637 1330 de
2680 1275 2885 1330 vertice
2943 1275 3205 1347 deinceps
3262 1276 3491 1332 cerebro

1919 1363 2318 1432 suppeditavit,
2354 1364 2552 1441 deinde
2580 1367 2664 1421 ori
2693 1375 2749 1422 et
2776 1366 2953 1432 cordi,
2988 1377 3043 1422 et
3069 1377 3242 1423 totum
3272 1369 3503 1438 penitus.

1919 1452 2193 1508 hominem
2223 1470 2253 1509 ιι
2277 1455 2457 1525 capite
2483 1456 2732 1525 replevit.
2760 1456 2869 1511 Sed
2901 1472 3023 1523 cur,
3056 1459 3299 1528 inquam,
3327 1473 3494 1528 super

1919 1546 2127 1616 caput?
2161 1546 2301 1613 Quia
2322 1549 2556 1619 apostoli
2585 1548 2737 1605 orbis
2769 1557 3042 1604 terrarum
3070 1550 3328 1606 doctores
3345 1551 3493 1607 desi-

1920 1637 2245 1705 gnabantur
2267 1645 2323 1695 et
2358 1640 2779 1696 ordinabantur.
2808 1639 3128 1712 Designatio
3152 1651 3356 1708 autem,
3392 1658 3489 1699 seu

1921 1726 2205 1785 ordinatio
2231 1730 2556 1800 simpliciter
2588 1746 2696 1786 non
2732 1731 2813 1796 ﬁt,
2850 1732 2967 1787 nisi
3007 1732 3059 1787 in
3092 1734 3292 1804 capite.
3318 1733 3501 1800 igitur

1924 1836 2020 1895 per
2048 1822 2173 1889 hoc,
2201 1823 2353 1894 quod
2375 1823 2576 1894 linguae
2623 1834 2785 1879 erant
2815 1838 2991 1896 super
3017 1827 3215 1896 capita,
3245 1826 3495 1883 ostendi:-

1922 1925 2014 1972 tur
2036 1915 2208 1988 ﬁgura
2254 1916 2639 1974 ordinationis.
2689 1918 2871 1989 Super
2912 1929 3081 1989 caput
3130 1918 3276 1975 enim
3325 1934 3492 1974 manu

1918 2019 2145 2067 extensa
2174 2011 2353 2081 posita
2389 2010 2666 2067 ordinatio
2700 2009 2779 2065 ﬁt.
2820 2010 3303 2078 Quemadmodum
3326 2013 3507 2068 etiam:

1920 2103 1987 2157 ad
2013 2103 2117 2158 hoc
2139 2116 2319 2173 usque
2352 2109 2571 2173 tempus
2595 2117 2685 2157 res
2717 2101 2974 2158 obtinuit.
3034 2100 3499 2173 Quandoquidem.

1920 2193 2067 2250 enim
2098 2192 2395 2249 invisibilis
2445 2200 2532 2248 est
2567 2191 2744 2247 sancti
2790 2191 3024 2261 Spiritus
3068 2207 3348 2258 accessus,
3394 2194 3500 2247 im-

1920 2283 2149 2354 ponitur
2184 2284 2354 2354 capiti
2419 2280 2710 2339 ordinandi
2767 2282 3044 2352 pontiﬁcis
3094 2281 3493 2354 Evangelium:

1920 2368 2072 2445 quod
2102 2388 2229 2430 cum
2270 2374 2434 2429 fuerit
2482 2372 2824 2444 impositum,
2870 2370 3009 2427 nihil
3062 2370 3214 2427 aliud
3248 2373 3489 2437 videtur,

1921 2480 2085 2537 quam
2120 2465 2305 2537 liugua
2343 2466 2500 2536 ignea
2533 2464 2784 2521 insidens
2803 2464 2969 2536 capiti
2998 2487 3008 2519 :
3034 2463 3244 2537 lingua,
3271 2473 3505 2535 praptcr

1923 2558 2409 2630 praedicationem:
2458 2556 2615 2627 ignea
2653 2568 2880 2627 propter
2928 2570 3075 2624 eum,
3120 2558 3211 2629 qui
3248 2557 3496 2613 dicebat:

1928 2670 1953 2704 r
1971 2649 2154 2721 Ignem
2181 2650 2297 2704 veni
2336 2657 2391 2702 ut
2432 2648 2980 2716 mittaminiterram.»
3003 2648 3120 2705 Non
3136 2649 3273 2705 dixit
3293 2660 3507 2718 autem,

1922 2743 2211 2799 Fundulus
2225 2757 2322 2798 seu
2353 2740 2656 2797 collocatus
2682 2748 2802 2796 est:
2836 2751 2949 2806 aut,
2984 2740 3275 2797 Descendit
3295 2750 3349 2796 et
3376 2757 3498 2808 pcr-

1923 2836 2105 2891 venit:
2132 2834 2250 2900 sed,
2279 2831 2563 2901 Consedit,
2601 2847 2779 2904 neque
2824 2833 2881 2888 in
2922 2832 3213 2904 superﬁcie
3257 2832 3499 2898 exstitit,

1922 2937 1977 2987 et
2007 2929 2163 3001 quasi
2197 2928 2445 2991 emicuit,
2485 2927 2581 2984 sed
2607 2928 2746 2987 sedit
2784 2943 2978 2998 supra:
3009 2929 3114 2998 22
3149 2934 3208 2983 ut
3238 2926 3498 2983 ostende-

1924 3031 2030 3087 ret,
2063 3020 2316 3092 quemvis
2372 3019 2677 3084 hominem,
2728 3017 2821 3090 qui
2876 3017 3113 3089 alicujus
3157 3017 3403 3073 muneris
3446 3024 3502 3070 ct

1924 3115 2108 3185 operis
2137 3111 2675 3168 administrationem
2729 3119 2894 3182 atque
2944 3110 3288 3167 sanctionem
3322 3108 3505 3165 susci-

257 3194 413 3298 ἂλλιυν
441 3202 825 3271 χαρισμάτων,
852 3203 914 3256 τὸ
945 3203 1054 3258 τῶν
1083 3202 1344 3272 γλωσσῶν
1376 3202 1564 3258 ἔλαϐον
1602 3207 1652 3258 oi
1684 3205 1820 3259 ἀπό-

1927 3206 2029 3279 pit,
2064 3221 2189 3262 esse
2224 3205 2422 3262 solium
2472 3203 2589 3262 Dei.
2639 3202 2707 3257 Et
2743 3209 3031 3271 cmperunt
3067 3201 3215 3272 loqui
3265 3201 3502 3258 diversis

259 3288 451 3357 στολοις
482 3292 715 3362 Ἐπειδὴ
765 3295 1040 3365 πανταχοῦ
1078 3295 1389 3366 διέρχεσθαι
1440 3296 1688 3367 ἔμελλον,
1725 3298 1819 3352 καὶ

257 3380 426 3451 ὥσπερ
454 3386 510 3436 ὲν
546 3384 627 3455 τῷ
669 3385 847 3456 καιρῷ
875 3387 973 3456 τῆς
1012 3387 1376 3459 πυργοποιίας
1407 3390 1437 3458 ἡ
1484 3389 1580 3459 μία
1605 3388 1819 3457 γλῶττα

258 3472 327 3535 si;
362 3475 555 3540 πολλὰς
582 3477 919 3549 διετὲμνετο,
954 3480 1097 3534 οὕτω
1118 3483 1239 3535 τότε
1271 3482 1326 3534 αί
1350 3481 1544 3536 πολλαὶ
1576 3480 1818 3549 γλῶσσαι

260 3563 330 3626 είς
354 3564 444 3619 ενα
479 3567 774 3640 ἄνθρωπον
820 3571 1012 3642 ᾔεσαν,
1052 3574 1148 3626 καὶ
1180 3572 1209 3625 ὁ
1245 3572 1409 3637 αὐτὸς
1442 3573 1538 3628 καὶ
1579 3574 1646 3645 τῇ
1680 3573 1835 3643 Περι

264 3655 379 3723 σῶν,
407 3661 498 3714 καὶ
531 3665 599 3733 τῇ
648 3662 963 3735 Ῥωμαίων,
998 3666 1096 3720 καὶ
1123 3668 1191 3737 τῇ
1242 3665 1443 3731 Ἰνδῶν,
1478 3665 1570 3720 καὶ
1602 3662 1820 3737 ἑτέραις

263 3749 461 3817 πολλαῖς
485 3752 762 3823 διελέγετο
782 3754 1075 3824 γλώσσαις,
1108 3756 1204 3811 τοῦ
1226 3756 1544 3828 Πνεύματος
1565 3758 1821 3829 ὲνηχοῦν-

262 3858 341 3908 τος
375 3846 536 3917 αὐτῷ.
566 3848 684 3903 Καὶ
731 3847 1064 3919 τοιχάρισίμα
1090 3850 1339 3903 ἐκαλεῖτο
1371 3850 1619 3921 χάρισμα
1647 3850 1823 3918 γλωτο

263 3928 373 3992 τῶν,
410 3932 597 4006 ἐπειδὴ
647 3934 872 3999 πολλαῖς
931 3935 1129 4006 ἁθρόον
1165 3937 1437 4006 ἠδύναντο
1477 3937 1659 3995 λαλεῖν
1707 3955 1822 4008 φω·

263 4023 387 4088 ναῖς,
405 4025 583 4089 καθὼς
604 4027 670 4083 τδ
700 4026 1116 4098 Πνεῦμαέδίδου
1145 4030 1814 4101 αὐτοῖςάποφθέγγεσθαι.

265 4113 329 4165 Οὐ
362 4116 463 4186 γὰρ
488 4118 579 4187 ἀφ’
615 4118 827 4173 ἑαυτῶν
860 4118 1211 4188 ἐφθέγγοντο,
1244 4122 1359 4174 ἀλλ’
1394 4122 1503 4177 ἀπὸ
1531 4122 1628 4177 τοῦ
1659 4125 1819 4193 ἁγίου

265 4206 558 4303 Πνεόματος
619 4211 1034 4282 ἀπεφθέγγοντο
1093 4214 1532 4284 προφητεύοντες
1555 4255 1572 4283 ,
1628 4218 1875 4303 ἠγουνη

270 4301 524 4369 συνιέντες
550 4305 650 4360 καὶ
675 4304 923 4375 λέγοντες
952 4306 1024 4360 τὰ
1045 4305 1135 4360 διὰ
1163 4306 1270 4365 τῶν
1312 4309 1497 4379 ἁγίων-⁷
1529 4308 1835 4383 προφητῶν

268 4393 347 4449 ἰπὶ
363 4397 576 4471 Χριστῷ
604 4400 900 4474 μαρτύρια.

1926 3299 2150 3372 linguis.
2174 3297 2367 3353 Divina
2390 3300 2563 3368 gratia
2589 3297 2657 3353 ab
2692 3296 2851 3351 initio
2871 3294 3143 3365 disposuit
3173 3302 3229 3349 et
3275 3294 3503 3350 ordina~

1925 3391 2023 3455 vit,
2061 3398 2121 3445 ut
2154 3389 2526 3459 apostolorum
2559 3403 2740 3444 sermo
2763 3385 2951 3442 efficax
2974 3394 3143 3442 esset.
3171 3384 3311 3451 Quis
3346 3385 3495 3440 enim

1928 3495 2062 3536 usus
2084 3487 2230 3536 esset
2265 3494 2600 3550 praeconum,
2652 3478 2698 3533 si
2730 3478 2914 3533 desint
2944 3477 3037 3547 qui
3063 3476 3325 3531 audiant?
3349 3476 3501 3545 Quo-

1926 3570 2076 3625 niam
2111 3569 2281 3638 igitur
2300 3569 2590 3639 oportebat
2622 3566 2898 3637 primitias
2947 3568 3194 3637 gentium
3248 3567 3316 3621 ab
3364 3566 3501 3638 ipsis

1926 3660 2215 3732 principiis
2246 3661 2494 3716 ordinem
2545 3665 2600 3713 et
2654 3657 2834 3713 locum
2885 3657 3159 3728 accipere,
3211 3657 3502 3728 subiungit

1928 3754 2201 3823 scriptor:
2238 3749 2307 3804 Et
2336 3759 2623 3821 cmperunt
2651 3749 2800 3819 loqui
2844 3748 3080 3807 diversis
3121 3748 3341 3821 linguis.
3394 3748 3504 3805 Sed

1926 3844 2088 3915 cuius
2124 3844 2201 3899 rei
2231 3843 2408 3913 gratia
2441 3852 2570 3898 ante
2601 3848 2800 3897 cetera
2834 3840 2977 3897 dona
3027 3840 3234 3896 donum
3284 3840 3505 3911 lingua-

1927 3953 2050 3993 rum
2084 3935 2334 4007 Apostoli
2357 3945 2690 4005 acceperunt
2707 3932 2881 4004 {quia
2907 3946 3103 3988 omnes
3130 3938 3316 4003 partes
3336 3945 3501 4002 pera-

1925 4028 2135 4101 graturi
2190 4034 2383 4084 erant:
2433 4040 2500 4081 ac
2556 4024 3018 4096 quemadmodum
3076 4040 3189 4095 quo
3257 4032 3503 4095 tempore

1924 4120 2092 4177 turris
2114 4120 2525 4182 exstruebatur,
2555 4132 2666 4174 una
2688 4117 2871 4188 lingua
2898 4118 2954 4172 in
2996 4118 3205 4174 multas
3253 4116 3503 4173 disseca-

1927 4214 2113 4281 hatur,
2165 4214 2240 4267 ita
2266 4222 2398 4268 tunc
2431 4210 2845 4282 multaelinguas
2896 4209 2953 4266 in
2996 4226 3167 4266 unum
3220 4204 3501 4265 hominem

1930 4312 2189 4369 coibant:
2220 4320 2272 4368 et
2292 4311 2383 4367 ille
2405 4311 2551 4366 idem
2579 4319 2637 4366 et
2663 4310 2977 4374 Persarum,
3010 4317 3068 4364 et
3105 4308 3501 4368 Romanorum,

1931 4410 1987 4460 et
2010 4402 2298 4468 Indorum,
2325 4410 2381 4458 et
2403 4401 2530 4457 aliis
2557 4400 2794 4457 diversis
2843 4400 3037 4456 multis
3062 4400 3264 4472 linguis
3314 4400 3504 4467 loque-

269 4496 429 4557 oatur,
464 4491 676 4565 Spiritu
701 4497 965 4553 nimirum
1035 4499 1114 4555 illi
1147 4497 1443 4554 insonante
1523 4503 1579 4552 et
1628 4495 2034 4552 insusurrante.
2104 4494 2185 4550 Ac
2231 4494 2465 4556 donum,
2516 4490 2821 4548 vocabatur
2877 4491 3083 4547 donum
3164 4491 3499 4562 linguarum,

268 4577 702 4655 Qﬂandoquidem
729 4589 915 4646 multis
938 4599 1163 4661 repente
1188 4598 1245 4646 et
1279 4590 1335 4645 in
1377 4601 1493 4644 uno
1535 4588 1803 4659 temporis
1844 4597 2125 4643 momento
2199 4593 2452 4657 poterant
2497 4583 2644 4653 loqui
2724 4582 2965 4654 linguis:
3032 4581 3496 4652 quemadmodum

271 4672 488 4745 Spiritus
509 4680 679 4743 dabat
702 4683 833 4753 illis,
863 4694 924 4743 ut
977 4687 1409 4759 eloquerentur.
1472 4685 1592 4742 Non
1635 4686 1781 4741 enim
1815 4684 1886 4741 ab
1925 4684 2239 4757 semetipsis
2267 4680 2668 4754 loquebantur,
2709 4678 2805 4734 sed
2840 4694 2871 4733 a
2901 4686 3093 4736 sancto
3138 4676 3345 4748 Spiritu
3386 4677 3500 4733 elo-

268 4772 577 4845 (lucbantur,
635 4779 1053 4851 prophetantes,
1122 4781 1241 4839 sive
1314 4779 1681 4851 intelligentes
1744 4785 1800 4834 et
1857 4779 2105 4837 dicentes
2180 4788 2265 4844 ea,
2328 4790 2449 4847 quae
2512 4789 2606 4845 per
2667 4778 2893 4827 sanctos
2932 4770 3226 4842 prophetas
3285 4770 3501 4842 prodita

267 4877 379 4924 sunt
399 4874 707 4931 testimonia
742 4876 811 4932 de
840 4875 1083 4933 Christo.

328 4956 519 5022 Ἦσαν
540 4969 611 5024 δὲ
654 4971 726 5025 ἐν
776 4969 1179 5041 Ἰερουσαλὴμ
1216 4971 1637 5039 κατοικοῦντες
1681 4971 1821 5027 Ἰου-

1998 4965 2167 5024 Vnus.
2235 4963 2289 5019 5.
2359 4958 2533 5015 Erant
2592 4968 2764 5015 autem
2812 4957 3192 5029 Hierosolymis
3255 4955 3504 5027 inquilini

268 5051 421 5123 δαῖοι,
471 5060 686 5131 ἄνδρες
740 5062 1019 5129 εὐλαϐεῖς
1050 5063 1169 5119 ἀπὸ
1204 5064 1431 5128 παντὸς
1456 5063 1670 5130 ἔθνους
1702 5062 1821 5118 τῶν

1927 5060 2105 5117 Judaei
2133 5058 2371 5113 homines
2405 5053 2641 5126 religiosi
2669 5066 2735 5108 ea:
2765 5052 2908 5107 onmi
2937 5052 3149 5106 natione
3174 5066 3379 5113 eorum,
3411 5050 3505 5120 qui

269 5145 373 5199 ὑπὸ
396 5149 497 5203 τὸν
525 5154 809 5221 οὐρανόν.

330 5238 655 5310 Γενομένης
675 5243 744 5297 δὲ
765 5243 878 5314 τῆς
907 5243 1109 5314 φωνῆς
1156 5244 1397 5313 ταύτης,
1438 5243 1713 5313 συνῆλθε
1752 5242 1821 5297 τὸ

1926 5152 2020 5209 sub
2050 5152 2177 5206 calo
2206 5158 2350 5205 sunt.

2000 5242 2161 5296 Vsus.
2186 5239 2240 5295 6.
2274 5239 2452 5308 Igitur
2481 5236 2582 5290 hac
2613 5251 2669 5290 re
2714 5232 3009 5301 divulgata,
3038 5229 3273 5284 convenit
3317 5229 3501 5282 multi-

270 5324 480 5394 πλῆθος
509 5332 607 5385 καί
637 5336 945 5404 συνεχύθη
988 5335 1077 5390 ὅτι
1101 5335 1331 5405 ἢκουον
1355 5332 1444 5402 εἷς
1469 5336 1725 5402 ἕκαστος
1745 5335 1821 5404 τῇ

1927 5333 2075 5397 tudo,
2115 5340 2166 5387 et
2217 5331 2441 5400 confusa
2483 5337 2582 5393 est,
2639 5324 2777 5398 quod
2842 5322 3087 5377 audirent
3147 5322 3504 5394 unusquisque

276 5410 377 5478 ίὸίᾳ
401 5416 682 5487 διαλέκτῳ
704 5427 1063 5481 λαλούντων
1086 5425 1304 5483 αὐτῶν.

336 5504 557 5579 Ἄνδρες
578 5516 872 5583 εὐλαϐεῖς.
896 5519 1007 5573 Καὶ
1028 5518 1159 5574 αὐτὸ
1177 5518 1238 5573 τὸ
1283 5522 1558 5575 κατοικεῖν
1581 5521 1703 5575 ἐκεῖ
1730 5537 1824 5575 κα-

274 5592 569 5681 ταλιπόντας
592 5608 874 5679 πατρίδας,
904 5608 1189 5673 εὐλαϐείας
1216 5605 1283 5680 ἦν
1320 5614 1564 5681 σημεῖον,
1590 5611 1826 5682 μάλιστά

275 5694 330 5746 γε
352 5684 409 5740 ἐκ
421 5687 681 5764 διαφόρων
696 5696 863 5752 ὲθνῶν
885 5699 1223 5771 ἀπάραντας,
1250 5701 1343 5755 καὶ
1358 5701 1589 5771 ἀφέντας
1616 5701 1789 5764 οἰκίας
1806 5705 1827 5734 ⁹

1928 5442 2027 5482 sua
2050 5425 2267 5496 propria
2295 5424 2477 5494 lingua
2516 5420 2639 5476 illos
2670 5427 2895 5474 utentes.

2012 5515 2126 5570 Viri
2146 5514 2403 5585 religiosi.
2441 5512 2620 5581 Atque
2643 5511 2695 5564 id
2720 5506 3082 5580 ipsum,quod
3110 5507 3300 5564 relicta
3326 5510 3503 5579 patria

1934 5608 2043 5663 illic
2084 5606 2435 5672 habitabant,
2476 5605 2692 5676 signum
2734 5609 2855 5657 erat
2904 5601 3221 5672 religionis',
3268 5602 3505 5656 maxime

1935 5710 2103 5761 certe,
2138 5698 2281 5767 quod
2321 5713 2389 5752 ex
2426 5694 2659 5752 diversis
2687 5694 3005 5751 nationibus
3028 5692 3284 5767 profecti,
3316 5692 3501 5758 domo,

1432 5799 1633 5861 Variae
1673 5796 1982 5860 lectiones
2022 5803 2083 5858 et
2107 5800 2294 5856 notas.

341 5856 359 5888 ³
390 5862 468 5920 τσ.
497 5869 745 5936 οἰκείους.
