3870 6544
189 459 274 520 5'37
849 459 1255 524 EXPOSITIO
1295 463 1377 525 IN
1418 466 1606 528 ACTA
1647 467 2222 538 APOSTULORUM.
2257 502 2325 514 —
2364 478 2524 542 CAP.
2571 483 2600 542 Ι
2611 483 2654 542 Ῐ.

3281 449 3392 550 ’538

188 567 266 635 ἐξῇ
293 566 462 633 αὐτοῖς
482 567 624 619 κατά
644 565 734 620 τὸν
761 567 926 638 νόμον
957 572 1078 640 τρὶς
1122 572 1216 624 τοῦ
1248 573 1501 628 ἐνιαυτοῦ
1531 577 1715 644 φαίνε-

1821 577 1951 632 bant
1996 583 2128 650 illic,
2168 593 2227 640 ut
2273 587 2461 644 liceret
2509 592 2612 645 sibi
2656 592 2813 661 juxta
2849 591 2985 662 legis
3016 598 3390 668 praescriptum

189 658 292 710 σθαι
315 659 367 708 ἐν
392 657 466 726 τῷ
509 657 640 727 ναῷ.
673 658 813 728 Ὅρα
841 659 897 712 δὲ
935 661 1045 714 τῶν
1074 663 1251 717 ἄλλων
1289 665 1388 735 τὴν
1435 665 1718 723 ἀπόνοιαν.

189 747 440 814 Γλεύκους,
473 750 629 819 φησὶ,
655 754 1061 822 μεμεστωμένοι
1089 757 1195 810 εἰσί
1213 774 1228 787 ο
1265 757 1441 813 καίτοι
1463 759 1582 813 οὐδὲ
1601 779 1719 814 και-

187 841 262 910 ρὺς
282 835 344 908 ἦν
372 839 626 903 τοιοῦτος,
651 843 1001 914 Πεντηκοστὴ
1019 847 1127 917 γὰρ
1146 843 1238 918 ἦν,
1265 849 1357 902 καὶ
1379 848 1504 922 ὥρᾳ
1525 851 1715 922 τρίτη-⁸

184 930 446 982 ἀλλὀύεὲν
492 929 644 983 ὀκνεῖ
679 933 711 1000 ἡ
748 934 894 988 οἰκία
940 937 1005 990 ⁸⁸.
1058 937 1131 990 Τὸ
1172 939 1226 992 δὲ
1265 939 1589 1011 δεινότερον,
1636 943 1719 996 ὅτι

185 1020 379 1073 ἐκείνων
419 1020 810 1091 θαυμαζόντων
865 1027 961 1080 καὶ
1005 1029 1412 1098 ὁμολογούντων
1446 1034 1724 1089 Ἰουδαίων

184 1113 345 1174 όντων,
385 1111 670 1181 Ῥωμαίων
721 1115 912 1182 ὄντων,
975 1121 1331 1191 προσηλύτων
1381 1124 1573 1191 ὄντων,
1608 1125 1718 1180 τῶν

185 1203 580 1272 παυρωσάντων
642 1205 798 1272 ἴσως,
843 1207 903 1274 ἐξ
953 1210 1122 1265 ἐθνῶν
1174 1215 1363 1284 σχεδὸν
1422 1216 1678 1270 ἁπάντων
1698 1256 1714 1282 ,

183 1293 358 1346 τούτων
389 1297 772 1365 κηρυττόντων
808 1301 890 1355 ὅτι
935 1304 1054 1367 ταῖς
1103 1304 1376 1372 γλώσσαις
1409 1307 1588 1361 αὐτῶν
1623 1309 1718 1364 λαο

183 1386 354 1451 λοῦσιν,
387 1387 684 1459 εὑρέθησαν
713 1392 861 1460 ὅμως
899 1393 1045 1458 τινὲς
1073 1395 1446 1466 χλευάζοντες.
1481 1399 1720 1471 Πότερον

183 1474 227 1528 δέ
250 1476 292 1528 οἱ
307 1476 646 1544 χλευάζοντες
664 1480 916 1535 συνίεσαν
960 1483 1264 1542 λαλούντων
1307 1486 1580 1555 γλώσσαις
1608 1488 1718 1542 τῶν

181 1568 478 1632 ἀποστόλων,
529 1569 564 1641 ἢ
613 1569 761 1641 ούχί;
819 1573 883 1626 Et
912 1573 1012 1644 μὲν
1051 1576 1162 1646 γὰρ
1204 1578 1266 1632 οὐ
1294 1580 1567 1645 συνίεσαν,
1600 1580 1718 1646 πῶς

184 1658 356 1722 πάσαις
379 1657 647 1745 γλύηδσαις
685 1663 908 1718 ἐλάλουν
939 1668 989 1720 οἱ
1043 1669 1363 1737 discindat;
1408 1672 1467 1726 Ei
1496 1672 1553 1726 δὲ
1589 1689 1717 1726 συν-

187 1749 329 1810 ίεσαν.
381 1749 517 1839 πιῖςς⁵
573 1752 891 1826 ἐθάρρησαν
927 1759 1104 1829 μέθην
1160 1761 1530 1828 αἰτιάσασθαι,
1565 1763 1718 1832 παρὰ

184 1840 320 1902 πόδας
342 1840 548 1910 ἔχοντες
577 1845 706 1909 τοὺς
733 1846 1010 1918 ἐλέγχους,
1038 1850 1236 1915 αὐτοὺς
1264 1854 1389 1917 τοὺς
1417 1855 1716 1920 ἀκούοντας

183 1931 262 1984 καὶ
282 1933 545 1999 συνιέντας
576 1936 662 1989 ὃτι
692 1937 965 2005 γλώσσαις
1007 1941 1229 1998 λαλοῦσι
1264 1946 1358 1999 καὶ
1392 1947 1453 2000 ού
1487 1947 1718 2017 μεθύου-

185 2041 278 2090 etv;
307 2023 451 2078 Οὕτω
483 2025 582 2095 μὲν
605 2028 672 2082 ἄν
700 2047 783 2091 τις
807 2030 1208 2112 διαπορήιηειεν.
1244 2037 1383 2106 Ἐγὼ
1412 2038 1467 2092 δὲ
1496 2038 1717 2093 τούναν-

183 2112 275 2163 τίον
297 2115 447 2181 φημὶ,
478 2114 553 2178 ὡς
583 2118 638 2169 εἷ
664 2118 740 2188 μὴ
790 2122 1066 2187 συνίεσαν,
1100 2124 1208 2178 οὐδ’
1240 2125 1307 2180 ἂν
1339 2128 1418 2189 εἰς
1448 2129 1618 2201 μέθην
1655 2130 1715 2184 τὸ

184 2203 337 2274 θαῦμα
369 2205 672 2265 διέϐαλλον⁹
703 2211 758 2263 τί
786 2212 894 2283 γὰρ
931 2213 995 2267 ἄν
1030 2233 1114 2279 τις
1139 2216 1232 2270 καὶ
1261 2217 1564 2274 διαϐάλλειν
1592 2224 1716 2275 ἐπι-

184 2295 379 2368 χειροίη,
420 2299 555 2370 ὅπερ
605 2300 758 2354 ούδέν
811 2303 973 2357 αὐτὸν
1046 2307 1390 2376 παραλυπεῖ;
1432 2310 1523 2364 Διδ
1568 2311 1658 2365 καὶ
1687 2315 1716 2368 ὁ

186 2387 382 2454 Λουκᾶς,
415 2391 791 2461 χλευάζοντες,
808 2397 992 2465 φησὶν,
1019 2392 1130 2452 οἷον
1153 2400 1518 2472 διασύροντες,
1537 2405 1714 2459 ἐνδια-

185 2477 450 2541 ϐάλλοντες.
503 2485 793 2539 Διέϐαλλον
857 2487 950 2542 οὖν
1004 2491 1079 2554 ὡς
1133 2492 1405 2558 συνιέντες
1441 2493 1575 2565 ξμέν,
1639 2497 1713 2566 μὴ

185 2571 500 2664 ἔρεσκόμενοι
527 2575 583 2628 δὲ
622 2577 737 2638 τοῖς
773 2578 1110 2664 ’λεγομένοις
1133 2595 1148 2611 ⁸
1200 2583 1268 2638 τὰ
1310 2585 1419 2655 γὰρ
1452 2586 1712 2656 μεγαλεῖα

186 2658 339 2728 ἔλεγον
382 2665 572 2718 ἐκεῖνοι
632 2666 728 2720 τοῦ
773 2658 944 2728 Θεοῦ.
994 2672 1126 2736 Πῶς
1169 2670 1262 2728 οὖν
1319 2677 1593 2742 συνιέντες
1634 2682 1713 2744 εἰς

189 2751 327 2822 μέθην
368 2757 623 2827 ἀνέφερον
661 2759 730 2812 τά
777 2757 1082 2831 λεγόμενας
1123 2764 1257 2818 Ἀπὸ
1327 2767 1528 2838 πολλῆς
1573 2770 1715 2824 ἀπο-

184 2845 323 2909 νυίας,
376 2845 432 2912 ἐξ
481 2849 931 2922 ὑπερϐαλλούσης
1001 2853 1300 2926 ὠμότητος.
1388 2859 1549 2924 Ἐθος
1605 2861 1712 2934 γάρ

186 2936 278 2989 ἐστι
307 2940 406 3001 τοῖς
435 2939 673 3004 πολλοῖς,
709 2941 780 2996 ἂν
803 2945 878 3014 μὴ
924 2943 1264 3016 ἀρέσκωνται
1303 2950 1347 2981 ¹⁸
1394 2953 1506 3014 τοῖς
1559 2952 1714 3022 λεγο-

188 3027 356 3094 μένοις,
388 3030 645 3104 δαιμονᾷν
709 3033 742 3104 ἢ
786 3037 1118 3106 παραπαίειν
1177 3041 1428 3110 ἡγεῖσθαι
1484 3044 1574 3098 τὸν
1627 3044 1713 3098 λέ-

187 3134 350 3190 γοντα,
379 3121 408 3194 ἢ
445 3124 618 3195 μέθην
653 3126 932 3181 αἰτιᾶσθαι
968 3130 1062 3183 καλ.
1089 3130 1166 3201 μὴ
1191 3134 1430 3188 συνιέναι
1453 3133 1488 3190 ἃ
1521 3135 1708 3204 λέγει·

1823 677 1904 722 ter
1945 677 2239 740 quotannis
2293 694 2614 752 comparere
2664 683 2718 737 in
2768 685 2990 754 templo.
3032 687 3162 743 Vide
3211 700 3391 746 autem

1821 760 2050 816 aliorum
2075 765 2425 826 dementiam.
2462 771 2639 828 Mnsto
2683 775 2958 845 inquiunt,
3004 779 3192 850 repleti
3241 789 3390 844 sunt;

1822 858 1976 924 atqui
2000 873 2068 913 ne
2101 869 2314 930 tempus
2346 862 2564 930 quidem
2596 864 2725 918 anni
2755 866 2860 921 tale
2891 876 3028 920 erat.
3066 866 3394 923 Pentecoste

1820 951 1964 1005 enim
2000 959 2142 1016 erat,
2178 959 2233 1005 et
2260 952 2394 1006 hora
2426 956 2605 1010 tertia.
2643 954 2749 1010 Sed
2788 958 2922 1011 nihil
2958 974 3063 1013 non
3097 960 3259 1015 audet
3298 975 3397 1014 ne-

1821 1041 2012 1110 quiti'a.
2071 1039 2137 1095 Et
2171 1041 2314 1111 quod
2374 1044 2592 1112 gravius
2641 1053 2780 1109 erat,
2815 1047 2924 1102 illis
2975 1047 3302 1102 mirantibus
3339 1057 3395 1102 et

1818 1131 2231 1212 confitentibus,
2262 1134 2355 1204 qui
2394 1135 2772 1203 Judaai'erant,
2803 1138 2895 1208 qui
2932 1137 3164 1193 Romani
3209 1147 3390 1201 erant,

1819 1224 1912 1293 qui
1946 1225 2208 1295 proselyti
2245 1234 2421 1289 erant,
2455 1227 2546 1297 qui
2583 1228 2818 1284 fortasse
2850 1231 3258 1292 crucilixcrant,
3295 1232 3387 1301 qui

1819 1329 1884 1370 ex
1917 1316 2172 1372 omnibus
2203 1317 2316 1373 fere
2348 1320 2664 1376 nationibus
2692 1331 2888 1376 erant:
2921 1322 3030 1378 illis
3083 1323 3392 1392 praedican-

1819 1407 1990 1473 tibus,
2022 1409 2164 1477 quod
2195 1423 2384 1464 eorum
2417 1410 2598 1481 lingua
2621 1411 2975 1481 loquerentur
2999 1455 3014 1480 ,
3051 1415 3395 1470 exstiterunt-

1806 1510 2002 1556 rlamen
2051 1502 2324 1562 nonnulli,
2367 1503 2458 1570 qui
2523 1504 2908 1559 cavillarentur
2962 1513 3024 1558 et
3072 1506 3401 1565 irriderent..

1816 1587 2013 1645 Utrum
2027 1599 2206 1645 autem
2227 1591 2436 1665 illi,qui
2455 1593 2877 1658 cavillabantur,
2899 1593 3396 1665 zﬁintelligvbant

1817 1682 2020 1752 linguis
2043 1683 2330 1752 loquentes
2381 1685 2678 1753 apostolos,
2711 1685 2934 1738 annon?
2957 1681 3091 1738 Nam
3124 1684 3389 1753 siquidem

1819 1791 1923 1829 non
1975 1776 2366 1846 intelligebant,
2401 1778 2495 1848 qui
2534 1777 2731 1848 linguis
2785 1776 3043 1832 omnibus
3095 1777 3394 1832 utebantur

1821 1865 2092 1934 apostoli?
2143 1864 2237 1920 Sin
2269 1874 2453 1922 autem
2491 1866 2886 1937 intelligebant,
2921 1883 3028 1938 qua
3059 1869 3388 1924 confidentia

1820 1956 2096 2013 audebant
2128 1957 2184 2012 in
2223 1958 2542 2014 ebrietatem
2587 1974 2810 2014 causam
2848 1959 3130 2023 conferre,
3169 1976 3291 2016 cum
3323 1959 3391 2015 ad

1816 2047 1980 2116 pedes
2031 2048 2294 2105 baberent
2343 2064 2438 2107 eos
2465 2065 2501 2105 α
2526 2051 2726 2121 quibus
2770 2049 3144 2106 refutarentnr
3168 2060 3223 2107 et
3253 2067 3392 2106 con-

1817 2137 2186 2203 vincerentur,
2223 2154 2419 2208 nempe
2450 2140 2594 2205 illos,
2649 2139 2741 2208 qui
2783 2139 3077 2195 audiebant
3103 2148 3157 2194 et
3189 2139 3391 2194 intelli-

1819 2226 2040 2295 gebant,
2069 2226 2216 2296 quod
2251 2227 2452 2299 linguis
2484 2229 2840 2298 loquerentur
2884 2237 2939 2284 et
2983 2245 3091 2284 non
3127 2229 3266 2285 ebrii
3303 2244 3394 2285 es-

1817 2320 1974 2372 sent?
2004 2316 2184 2388 Atque
2213 2317 2287 2372 ita
2314 2318 2536 2388 quidem
2568 2318 2767 2388 aliquis
2799 2318 3156 2388 disceptando
3188 2320 3394 2390 quaesi-

1815 2408 1977 2464 verit.
2026 2409 2139 2478 Ego
2177 2423 2307 2463 vero
2357 2409 2702 2465 contrarium
2763 2397 2911 2465 dico.
2943 2407 3079 2464 Nam
3121 2409 3390 2480 siquidem

1817 2516 1925 2555 non
1961 2499 2359 2568 intelligebant,
2387 2515 2488 2554 nec
2509 2501 2832 2556 ebrietatem
2867 2500 3087 2570 quidem
3122 2501 3392 2570 objicien-

1819 2601 1898 2648 tes
1943 2592 2211 2649 miraculo
2261 2592 2640 2648 detrahebant.
2684 2590 2820 2646 Nam
2853 2608 2953 2646 cur
2984 2594 3147 2646 etiam
3188 2592 3390 2662 aliquis

1815 2681 2198 2748 calumnietur,
2224 2696 2252 2736 a
2271 2696 2378 2752 quo
2405 2681 2550 2736 nulla
2576 2683 2826 2736 molestia
2848 2682 3154 2736 aﬂleiatur?
3185 2683 3391 2749 Quam-

1814 2773 2001 2828 obrem
2065 2774 2228 2828 etiam
2293 2770 2509 2839 Lucas,
2567 2772 2923 2836 cavillantes,
2981 2773 3181 2842 inquit,
3227 2775 3387 2843 quasi

1815 2864 2208 2933 obtrectantes,
2237 2865 2615 2920 criminantes.
2662 2864 3159 2922 Calutnniabantur
3219 2867 3388 2936 igitur

1813 2954 1971 3026 quasi
2012 2955 2373 3024 intelligentes
2399 2956 2643 3026 quidem,
2673 2956 2767 3012 sed
2808 2972 2870 3013 ea
2908 2997 2924 3023 ,
2951 2973 3074 3028 quae
3124 2959 3388 3013 diceban-

1813 3056 1923 3112 tur,
1954 3062 2061 3100 non
2097 3045 2423 3115 probantes.
2463 3047 2752 3117 magniﬁca
2793 3062 3026 3118 namque
3077 3063 3242 3117 opera
3293 3047 3386 3102 Dei

1813 3137 1889 3192 illi
1910 3137 2396 3208 exponebant.lQui
2419 3152 2548 3208 ergo
2574 3153 2698 3192 cum
2726 3139 3110 3209 intelligerent,
3138 3139 3192 3193 in
3214 3139 3392 3196 ebrie-

187 3211 332 3265 καίτοι
389 3215 641 3270 κάκείνου
703 3219 964 3287 ἀσφαλῶς
1019 3222 1420 3295 φθεγγομένου,
1479 3229 1574 3282 καὶ
1615 3229 1710 3283 τοῦ

1816 3237 1981 3284 tatem
2013 3228 2366 3283 conferebant
2397 3243 2484 3295 ea,
2518 3245 2643 3300 quae
2677 3230 3041 3285 dicebantur?
3090 3229 3389 3301 Permagla

185 3301 492 3370 χλευάζοντος
537 3309 867 3380 αἰτιωμένου
920 3312 1070 3382 ὅμως
1128 3315 1422 3382 ἀκούοντος
1452 3321 1546 3373 καὶ
1590 3339 1717 3375 συν-

189 3391 344 3454 ιὲντος.
379 3394 598 3449 Ἐκεῖνοι
637 3397 696 3450 δὲ
749 3401 843 3452 καλ⁸
910 3401 1112 3469 μᾶλλον
1145 3402 1414 3479 mappam,
1461 3409 1715 3478 ἐγκαλεῖν

189 3481 358 3551 μέθην,
387 3487 462 3539 ὅτι
487 3490 578 3540 καὶ
613 3491 679 3561 τῇ
715 3488 820 3562 ἰδίᾳ
840 3493 1060 3569 γλώσσῃ
1087 3496 1400 3564 ἀκούοντες,
1457 3502 1550 3556 καὶ
1589 3503 1716 3569 τοὺς

186 3571 344 3660 άλλους
366 3576 435 3648 μὴ
449 3580 689 3634 συνιέναι
706 3583 1036 3653 νομξζοντες,
1069 3585 1164 3640 ἅτε
1183 3587 1246 3659 δὴ
1279 3591 1364 3642 ἐτε
1375 3590 1716 3660 ρογλώσσους

186 3659 331 3725 ὅντες.
368 3666 522 3721 Αὐτοὶ
556 3669 664 3738 μὲν
710 3671 820 3739 γάρ
869 3676 1122 3729 συνίεσαν
1147 3676 1216 3730 τὰ
1261 3659 1563 3752 λεγόμεναο
1592 3659 1715 3748 τοὺς

186 3751 232 3804 δὲ
259 3752 454 3821 λοιποὺς
479 3799 493 3823 ,
513 3759 584 3813 δι’
618 3759 714 3825 οὒς
737 3762 830 3815 καὶ
864 3764 1035 3835 μέθην
1065 3767 1379 3836 ἐχλεύαζον,
1415 3771 1477 3824 τὸ
1527 3771 1714 3842 θαῦμα

186 3843 264 3896 οὐκ
308 3847 540 3919 ἐνόμιζον
592 3853 849 3909 συνιέναι.
880 3856 1093 3928 ’Ὠσπερ
1136 3860 1244 3931 γὰρ
1288 3861 1372 3914 ὅτε
1405 3861 1655 3929 ἐξέϐαλεν
1685 3865 1716 3918 ὀ

185 3937 419 4011 Δεσπότης
460 3943 526 3997 τὰ
571 3945 851 4016 δαιμόνια,
877 3948 1126 4002 συνίεσαν
1159 3951 1256 4020 μὲν
1277 3954 1370 4005 καὶ
1397 3953 1624 4009 ἔϐλεπον
1645 3956 1714 4010 τὰ

183 4032 674 4104 ιερατουργήματα,
730 4035 850 4090 δέον
895 4036 951 4090 δέ
1002 4039 1210 4109 ὑμνεῖν,
1263 4043 1343 4106 εἰς
1387 4044 1714 4109 Βεελζεϐοὺλ

185 4116 478 4210 ἐνδιέσυρον,
518 4126 614 4180 καὶ
669 4127 860 4193 νόσους
914 4129 1095 4195 πάσας
1147 4135 1244 4188 καὶ
1294 4135 1440 4210 πάθη
1480 4138 1714 4210 ὁρῶντες

185 4205 573 4285 θεραπευόμενα,
598 4217 702 4282 τὰς
727 4218 1170 4294 θαυματουργίας
1202 4226 1398 4292 φθόνου
1421 4205 1526 4281 καὶ.
1549 4247 1711 4283 συκο-

186 4302 378 4366 φαντίας
401 4309 494 4360 καὶ
560 4307 728 4377 φόνου
781 4309 914 4380 ὓλην
942 4313 1247 4368 ἐποιοῦντο.
1283 4315 1438 4370 Οὕτω
1469 4319 1563 4372 καὶ
1593 4319 1712 4387 νῦν,

183 4391 481 4482 ἀρνήσασθαι
513 4400 590 4471 μὴ
624 4399 841 4471 ἔχοντες
861 4402 923 4455 τὺ
975 4405 1280 4475 παράδοξον
1309 4409 1400 4462 καὶ
1435 4410 1713 4482 ὑπερφυὲς

181 4480 272 4575 tibi
294 4486 561 4557 γλωσσῶν,
615 4493 770 4562 ὅμως
795 4493 878 4558 εἰς
909 4494 1082 4566 μέθην
1119 4497 1179 4550 τὸ
1213 4497 1398 4568 θαῦμα
1433 4480 1713 4575 διασύρειν

1815 3319 2087 3375 amentia:
2116 3327 2339 3388 propter
2375 3319 2650 3389 ingentem
2687 3321 3096 3376 crudelitatem.
3142 3318 3258 3374 Mos
3302 3327 3388 3375 est

1813 3409 1958 3465 enim
1992 3409 2352 3475 multitudini,
2385 3420 2470 3476 ut,
2503 3410 2682 3465 sinon
2707 3412 2904 3480 probet
2930 3426 3014 3475 ea,
3039 3425 3162 3479 qum
3190 3411 3388 3465 dicun-

1813 3508 1922 3567 tur,
1955 3500 2222 3554 daemonio
2255 3507 2567 3569 correptum
2591 3517 2714 3556 esse
2750 3510 2802 3556 et
2837 3501 3080 3556 insanire
3103 3512 3266 3571 atque
3294 3500 3388 3556 de-

1811 3591 1977 3656 lirare
2015 3600 2165 3662 putet
2197 3593 2489 3659 dicentem,
2539 3601 2634 3646 aut
2680 3594 2734 3647 in
2788 3591 3114 3648 ebrietatem
3159 3608 3384 3648 causam

1817 3684 2087 3752 conferat,
2120 3695 2174 3742 et
2199 3701 2390 3741 senon
2429 3686 2729 3757 intelligere
2761 3687 3004 3752 simulet,
3039 3702 3163 3757 qua:
3193 3687 3386 3741 dican-

1815 3785 1948 3832 tur:
1989 3777 2207 3833 tametsi
2265 3786 2320 3832 et
2359 3777 2447 3832 ille
2475 3788 2626 3850 recte
2656 3787 2710 3833 et
2744 3778 3282 3849 integredoquatur,
3320 3785 3378 3832 et

1811 3867 2096 3924 cavillator
2122 3868 2337 3923 etiamsi
2374 3867 2722 3932 criminetur,
2759 3876 2942 3925 tamen
2995 3870 3182 3924 audiat
3217 3876 3270 3923 et
3299 3869 3387 3923 in-

1813 3959 2037 4029 telligat.
2071 3956 2148 4012 Illi
2180 3973 2304 4014 vero
2333 3960 2502 4029 magis
2530 3960 2696 4014 etiam
2727 3958 2998 4014 audebant
3063 3960 3385 4016 ebrietatem

1813 4049 2073 4120 objicere.
2098 4049 2243 4120 quod
2272 4057 2324 4104 et
2349 4065 2448 4104 sua
2482 4049 2665 4120 lingua
2696 4049 3013 4116 audiebant,
3037 4060 3093 4106 et
3121 4051 3282 4114 alios,
3318 4059 3382 4106 ut

1816 4141 2065 4199 homines
2100 4143 2361 4196 nimirum
2395 4142 2628 4198 diversa:
2662 4144 2883 4214 linguae,
2929 4159 3038 4198 non
3085 4143 3387 4213 intelligere

1814 4231 2104 4303 putabant.
2135 4229 2272 4286 Nam
2323 4231 2425 4302 ipsi
2468 4232 2689 4303 quidem
2736 4233 3114 4305 intelligebant
3153 4248 3217 4288 ea
3265 4249 3388 4302 quzc

1813 4323 2174 4391 dicebanturj:
2212 4323 2455 4393 reliquos
2509 4332 2717 4389 autem,
2765 4333 2991 4394 propter
3037 4340 3178 4395 quos
3216 4325 3384 4380 etiam

1814 4414 2130 4470 ebrietatem
2155 4415 2476 4469 cavillantes
2503 4414 2814 4485 (apostolis)
2836 4415 3192 4482 objiciebant,
3214 4415 3386 4468 mira-

1815 4507 2000 4562 culum
2055 4505 2360 4575 intelligere
2407 4519 2516 4559 non
2564 4505 2846 4574 putabant.
2910 4501 3382 4569 Quemadmodum

183 4569 548 4670 ᾇπετόλμησαν.
596 4581 742 4653 Ὅρα
797 4583 855 4638 δὲ
913 4586 1010 4640 καὶ
1070 4592 1434 4661 κακουργίαν.
1488 4569 1709 4670 Ἐπειδὴ

1816 4599 1986 4662 enim,
2013 4611 2137 4651 cum
2177 4594 2439 4650 Dominus
2491 4593 2716 4662 ejiceret
2763 4593 3056 4660 daemonia,
3111 4593 3384 4662 intelliges-

182 4661 406 4759 tltiOavov
427 4665 495 4742 ἦν
515 4672 574 4726 τὸ
590 4673 812 4743 μεθύειν
841 4676 900 4730 ἐν
929 4676 1048 4749 ὥρᾳ
1069 4680 1296 4757 τοιαύτῃ
1312 4723 1327 4749 ,
1356 4686 1448 4738 καὶ
1481 4661 1715 4757 μάλιστα

1816 4689 1946 4744 bant
1969 4688 2192 4759 quidem
2233 4693 2286 4743 et
2312 4661 2572 4740 videbant
2594 4684 2866 4755 prodigia,
2888 4700 3009 4754 qum
3039 4683 3261 4749 ﬁebant,
3289 4661 3385 4740 sed

181 4752 466 4854 ἀνθρώπους
481 4765 539 4817 ἐν
567 4765 837 4831 κινδύνοις
853 4769 946 4822 καὶ
965 4771 1150 4839 φόϐοις
1173 4752 1616 4848 ἐξεταζομένους,
1645 4783 1712 4854 τῇ

1816 4769 1937 4838 eum
1985 4752 2208 4834 laudare
2251 4777 2534 4842 deberent,
2571 4752 2858 4832 lieelzebul
2890 4752 2966 4831 illi
3025 4775 3384 4842 objiciebant,

184 4846 394 4918 ποιότητι
424 4852 485 4906 τὸ
515 4855 626 4907 πᾶν
675 4857 1062 4928 ἐπιγράφουσι,
1101 4846 1410 4931 Γλεύκους,
1437 4846 1712 4938 λέγοντεςῖ

1816 4873 2031 4929 morbos
2071 4872 2197 4927 item
2233 4886 2424 4926 omnes
2454 4878 2509 4925 et
2545 4868 2860 4925 aﬂectiones
2894 4884 3018 4924 cum
3063 4868 3246 4923 curari
3304 4869 3385 4922 vi-

184 4943 555 5032 tltpeﬂmpévm
611 4947 768 5003 εἰσιν.
795 4948 964 5004 Ἔνθα
996 4951 1106 5023 γὰρ
1155 4957 1435 5030 ἰταμότης,
1476 4959 1535 5013 ἒν
1561 4961 1716 5032 ζητεῖ

1816 4966 2024 5029 tierent,
2070 4979 2137 5018 ex
2182 4963 2431 5018 mirificis
2461 4961 2721 5032 Operibus
2751 4961 2969 5017 invidia:
3011 4969 3065 5016 et
3093 4961 3387 5016 calumniae

185 5025 324 5131 μόνον
340 5033 526 5101 εἰπεῖν,
556 5037 640 5090 ὅτι
666 5037 889 5107 δήποτε,
935 5045 1034 5115 οὐχ
1064 5047 1212 5112 ὅπως
1243 5025 1294 5102 τι
1323 5025 1484 5120 λόγου
1517 5025 1712 5126 ἐχόμε-

1816 5065 1864 5112 ει
1893 5054 2058 5112 caedis
2093 5057 2376 5110 materiam
2415 5054 2726 5131 sumebant.
2777 5054 2855 5109 lta
2889 5055 3055 5110 etiam
3102 5068 3274 5118 nunc,
3298 5061 3384 5108 et-

182 5131 258 5222 νον
277 5121 409 5177 εἴποι
430 5141 445 5158 ⁸
481 5127 568 5184 διὰ
593 5129 753 5186 τοῦτο
782 5134 880 5188 καὶ
905 5135 934 5188 δ
955 5136 1170 5192 δοκοῦσι
1203 5157 1271 5194 πε
1281 5121 1712 5216 ριεσκιασμήένως

1816 5137 1859 5207 si
1878 5163 1987 5206 non
2015 5156 2268 5220 poterant
2303 5123 2502 5222 negare
2524 5149 2870 5219 inopinatum
2920 5146 3076 5212 illud,
3126 5146 3381 5216 quodque

181 5208 346 5310 aliubi,
379 5218 577 5310 πολλῆς
624 5223 818 5290 ἀνοίας
864 5229 1027 5299 γέμει
1077 5231 1172 5284 καὶ
1210 5208 1431 5303 μανίας.
1472 5208 1616 5307 ’ἀρα
1652 5208 1711 5291 δέ

1816 5208 2062 5295 naturain
2085 5208 2601 5310 superabatvdonum
2620 5241 2954 5310 linguarum,
2985 5245 3166 5291 tamen
3199 5238 3381 5290 ebrie-

180 5300 481 5400 τὴν-κακίαν
511 5315 607 5367 καὶ
626 5315 734 5370 ἀπὸ
755 5317 850 5371 τοῦ
881 5320 1076 5390 χρόνου
1127 5300 1222 5378 καί
1257 5325 1358 5396 τῆς
1383 5300 1708 5398 ὥρας’ἐλεγ-

1816 5339 1973 5385 tatem
2035 5300 2363 5400 objicientes
2403 5330 2672 5385 miraculo
2701 5300 3027 5384 “obtrectare
3075 5325 3372 5380 audebant.

181 5393 402 5466 tantm
437 5400 524 5456 Ἐν
549 5405 619 5475 τῇ
643 5405 996 5482 Πεντηκοστῇ
1043 5412 1208 5468 πόθεν
1235 5393 1500 5483 γλεῦκοςς
1541 5393 1708 5472 Γλεύ-

1816 5422 2196 5478 Animadverte
2259 5431 2438 5477 autem
2516 5422 2678 5478 etiam
2754 5419 3042 5475 malitiam.
3105 5417 3375 5485 Quoniam

181 5486 370 5590 γὰρ
390 5490 604 5590 Rexerat;
631 5498 660 5550 6
678 5497 808 5590 ,νέος
830 5497 996 5566 οἶνος.
1042 5501 1178 5558 Εἶτα
1231 5506 1370 5578 μέθη
1411 5509 1704 5579 διαφόρους

1816 5513 1956 5568 enim
1989 5514 2138 5569 dictu
2168 5514 2464 5570 absurdum
2491 5522 2546 5569 et
2573 5527 2682 5568 non
2714 5509 2998 5582 probabile
3028 5517 3146 5564 erat
3177 5508 3229 5563 in
3275 5509 3373 5563 tali

184 5571 396 5644 γλώσσας
411 5582 694 5660 δίδιοσιν,ἢ
728 5592 822 5646 καὶ
846 5597 946 5665 τὴν
983 5595 1206 5651 observ"
1231 5571 1526 5669 ἀφανίζειξ
1559 5571 1700 5671 έορα

1816 5606 1941 5660 hora
1975 5607 2156 5662 ebrios
2179 5621 2322 5675 esse,
2378 5604 2682 5677 praesertim
2723 5602 2994 5672 homines,
3027 5616 3163 5674 quos
3192 5601 3259 5658 in
3280 5615 3379 5674 pe-

1323 5759 1523 5822 Variae
1558 5760 1867 5824 lectiones
1899 5767 1956 5824 et
1985 5771 2171 5826 notae.

248 5862 286 5895 ¹⁵
310 5867 385 5925 ισ.
420 5873 642 5939 ἡκακία.
723 5882 764 5915 ⁸⁸
798 5882 1148 5951 ἀρέσκεσθαι,
1182 5897 1316 5942 παι.
1398 5888 1440 5922 ιθ
1461 5887 1672 5953 ούσὲαν,
1695 5897 1834 5941 erat.
