3870 6548
414 5552 451 5616 ,Ι

453 417 561 483 539

1377 426 1958 492 THEOPIIYLACTI
1998 429 2404 491 BULGARUB
2446 429 2798 492 ARCHIEP.
3580 427 3667 492 sio

455 533 634 588 riculo
676 549 741 590 ac
789 543 932 588 metu
984 535 1189 589 versari
1243 543 1543 599 constaret,
1599 537 1851 606 qualitati
1910 551 2024 592 rem

2161 537 2185 590 ὲ
2227 539 2281 594 τί
2329 539 2730 603 κατασκευάζει
2759 537 2890 601 Θεός
2916 553 2930 568 ο
2975 537 3026 590 si
3055 537 3131 607 μὴ
3169 535 3444 603 ὑπενοήοη
3471 535 3666 608 tristia,

455 639 672 678 omnem
705 624 1026 680 ascribunt:
1075 624 1271 688 Musto,
1303 625 1580 696 inquiunt,
1615 627 1809 698 repleti
1869 636 2018 682 sunt.

2161 629 2481 699 παρῃτοῦντο
2547 632 2596 683 οἱ
2663 627 2904 684 Ἰουδαὶοι
2956 627 3221 681 εἰσελθεῖν
3292 625 3387 680 καὶ
3449 625 3666 684 ἀκοῦσαι.

459 717 780 788 Ubicunque
837 718 980 772 enim
1037 717 1337 787 petulantia
1383 729 1488 783 est,
1538 735 1705 772 unum
1760 719 2026 776 duntaxat

2161 718 2517 790 ἒυνεχὼρησεν
2551 721 2579 773 ὁ
2622 719 2789 784 Θεὸς,
2850 717 2940 772 ira
2991 718 3028 788 ἡ
3062 715 3228 788 χλεύη
3293 715 3517 778 πολλοὺς
3564 733 3668 768 συν-

459 810 649 878 σιιιαετίι
680 809 826 880 quod
859 809 1026 872 dicat,
1057 809 1424 881 quodcunque
1455 811 1672 866 tandem
1703 809 1886 866 fuerit:
1911 826 2022 866 non

2161 813 2342 883 ιγάγῃ.

458 913 520 959 ιιι
547 903 749 972 aliquid
799 901 965 966 dicat,
1004 903 1148 974 quod
1196 905 1410 960 ratione
1453 905 1704 959 nitatur:
1735 913 2022 975 propterea
2061 907 2228 960 etiam
2266 905 2320 962 id
2339 905 2488 975 quod
2513 903 2768 960 videntur
2797 902 3123 958 obumbrate
3153 916 3218 958 ac
3277 908 3420 958 tecte
3473 900 3668 968 dixisse,

458 995 642 1049 multa:
669 995 919 1050 amentize
941 1003 1106 1066 atque
1147 997 1286 1051 adeo
1313 996 1514 1052 furoris
1556 999 1776 1067 plenum
1804 1007 1908 1054 est.
1936 997 2068 1056 Vide
2107 1007 2288 1054 autem
2320 998 2607 1060 malitiam,
2634 1012 2756 1067 qua:
2778 1007 2829 1053 et
2857 1013 2898 1052 a'
2931 1005 3180 1066 tempore
3204 994 3358 1058 anni,
3379 1003 3438 1046 et
3469 993 3534 1048 ab
3560 995 3669 1048 hora

461 1088 812 1143 convincitur
855 1088 962 1160 25
997 1098 1051 1145 et
1104 1089 1394 1146 refutatur.
1445 1090 1504 1147 in
1558 1093 1646 1148 die
1677 1091 2030 1152 Pentecostes
2073 1095 2220 1149 ttnde
2281 1092 2559 1150 mustum?
2606 1092 2844 1148 Mustum
2913 1091 3059 1146 enim
3100 1088 3302 1145 dicitur
3373 1099 3568 1142 uorum
3600 1089 3671 1141 vi-

461 1193 612 1232 num.
646 1177 852 1234 Deinde
883 1181 1122 1236 ebrietas
1165 1191 1347 1237 utrum
1400 1183 1644 1239 diversas
1691 1183 1908 1256 linguas
1939 1186 2188 1257 largitur,
2238 1201 2308 1242 an
2342 1187 2509 1243 etiam
2542 1201 2686 1250 eam,
2761 1199 2884 1254 qua
2961 1182 3221 1254 suppetit,
3279 1182 3576 1250 corrumpit
3631 1195 3674 1245 ει

461 1271 794 1328 labefactat?
823 1273 960 1329 Vide
1015 1285 1195 1330 autem
1246 1275 1377 1347 quid
1419 1279 1673 1334 moliatur
1727 1277 1887 1342 Deus.
1918 1277 2032 1338 Nisi
2075 1281 2353 1337 cavillatio
2398 1289 2654 1352 suspecta
2708 1276 2926 1342 fuisset,
2974 1275 3149 1331 Judaei
3217 1279 3561 1330 recusassent
3610 1271 3674 1326 in.

461 1374 610 1420 trare
634 1374 688 1420 et
723 1363 932 1420 audire.
971 1365 1223 1422 Permisit
1259 1367 1423 1434 Deus,
1458 1377 1514 1423 ut
1546 1371 1825 1428 cavillatio
1855 1373 2054 1432 multos
2092 1381 2470 1446 congregaret.

531 1473 697 1528 Vsus.
741 1473 828 1528 14.
859 1474 1018 1530 Stans
1043 1488 1214 1531 autem
1242 1478 1431 1532 Petrus
1460 1496 1566 1534 una
1599 1497 1718 1536 cum
1742 1483 1852 1538 illis
1875 1484 2040 1540 undo-

2206 1486 2453 1551 Σταθεὶς
2474 1483 2544 1538 δὲ
2571 1483 2787 1553 Πέτρος
2820 1482 2943 1537 σὺν
2964 1481 3087 1548 τοῖς
3117 1479 3354 1541 ἕνδεκα,
3384 1477 3568 1545 ἐπῆρε
3585 1478 3676 1543 τὴν

461 1565 586 1631 tim,
625 1567 736 1620 alta
755 1584 875 1622 voce
909 1567 1048 1623 dixit
1082 1571 1150 1622 ad
1181 1586 1265 1624 eos
1293 1587 1312 1626 :
1343 1572 1448 1626 Viri
1467 1572 1668 1640 Judaei,
1713 1586 1764 1630 et
1802 1577 2039 1633 universi

2161 1575 2354 1644 ρων-ὴν
2379 1575 2592 1638 αὐτοῦ,
2620 1575 2721 1630 καί
2751 1573 3168 1643 ἀπεφθέγξατο
3196 1570 3434 1638 αὐτοῖς·
3461 1571 3676 1638 ’Ἄνδρες

464 1656 789 1713 habitatores
833 1659 1342 1732 Hierosolymorum,
1377 1665 1474 1721 hoc
1510 1651 1652 1723 uobis
1709 1679 1891 1725 uotum
1941 1673 2034 1736 sit,

2161 1667 2542 1723 Ἰουδαῖοιοκαί
2565 1671 2620 1722 οι
2644 1666 3066 1732 κατοικοῦντες
3095 1663 3494 1734 Ἰερουσαλὴμ
3516 1659 3675 1718 ἅπαν-

463 1758 513 1802 et
541 1749 760 1804 auribus
785 1752 1034 1820 percipite
1068 1752 1222 1807 verba
1250 1771 1392 1810 mea.

2161 1775 2234 1826 ἐς
2255 1799 2272 1824 ,
2302 1759 2480 1815 τοῦτο
2514 1759 2658 1830 ὑμῖν
2682 1759 2958 1829 γνωστὸν
2986 1757 3143 1812 ἔστω
3171 1794 3186 1822 ,
3217 1755 3315 1810 καὶ
3343 1755 3678 1811 ἐνωτίσασθε

2137 1851 2211 1906 τὰ
2232 1850 2474 1920 ῥήματά
2495 1867 2636 1922 μου.

2212 1961 2296 2014 οὐ
2327 1960 2458 2030 γὰρ,
2481 1960 2562 2027 ὡς
2585 1961 2752 2030 ὑμεῖς
2773 1958 3247 2029 ὑπολαμϐάνετε,
3267 1951 3341 2016 οὗ
3349 1976 3435 2013 τοι
3458 1959 3677 2030 peducu-

2139 2067 2245 2106 σιν
2264 2067 2278 2081 ⁶
2305 2050 2438 2108 ἔστι
2469 2054 2579 2123 γὰρ
2599 2053 2719 2122 ὥρα
2749 2053 2912 2120 τρίτη
2944 2051 3053 2122 τῆς
3085 2049 3328 2122 ἡμέρας.

2214 2159 2371 2229 Εἶδες
2417 2166 2536 2219 ἐκεῖ
2582 2163 2936 2237 κηδεμονίαν·
2967 2164 3070 2234 ὅρα
3114 2163 3170 2218 δὲ
3196 2163 3296 2234 τὴν
3329 2163 3572 2235 ἀνδρείαν
3609 2166 3678 2217 tv-

2141 2255 2335 2310 ταῦθα.
2393 2257 2456 2310 Et
2510 2255 2619 2328 γὰρ
2671 2254 3048 2326 θαυμάζοντας
3093 2250 3208 2326 εἶχε
3256 2255 3385 2318 τοὺς
3440 2255 3679 2325 ἀκροατὰς

2145 2347 2376 2411 πάντας,
2411 2346 2531 2419 οὐχ)⁸
2565 2347 2660 2400 καὶ
2707 2346 2850 2400 οὕτω
2893 2345 3202 2415 θαυμαστὸν
3238 2341 3306 2415 ἦν
3346 2345 3547 2416 μεταξὺ
3582 2362 3681 2398 τοσ-

2144 2437 2318 2493 ούτων
2369 2437 2527 2510 ῥῆξαι
2593 2439 2777 2511 φωνὴν
2847 2438 3136 2510 ἄνθρωπον
3192 2437 3552 2510 ἀγράμματον
3609 2440 3681 2492 καὶ

2149 2529 2367 2601 ίδιὼτην
2391 2547 2406 2597 ;
2436 2530 2524 2584 ὅτε
2550 2530 2605 2584 δὲ
2636 2530 2732 2585 καὶ
2759 2529 3036 2599 γελῶντας
3074 2529 3169 2584 καὶ
3198 2527 3481 2599 φανῶντας
3507 2529 3567 2592 ",
3595 2529 3680 2592 πῶς

2146 2621 2268 2693 οὐχὶ
2310 2620 2451 2692 ὑπὲρ
2505 2620 2840 2692 ἄνθριι›τιον;¹
2883 2621 3024 2675 Ἀλλ’
3049 2620 3173 2691 δρα,
3201 2620 3404 2684 εὐθέως
3459 2619 3561 2676 ἀπὸ
3603 2618 3680 2688 τῆς

2147 2714 2334 2784 φωνῆς
2380 2711 2594 2784 ἐλέγχει
2620 2711 2720 2783 τὴν
2764 2712 3150 2780 συκοφαντίαν,
3186 2711 3268 2765 δτι
3312 2711 3373 2764 οὗ
3407 2709 3680 2781 μεθύουσιν.

2159 2802 2302 2858 Ἀλλ’
2341 2802 2460 2858 οὐδὲ
2489 2803 2570 2858 ὅτι
2605 2802 2953 2874 ὲξεστὴκασι,
2986 2801 3235 2871 καθάπερ
3266 2803 3316 2856 ot
3350 2801 3613 2872 μανέντες,
3631 2799 3681 2851 Τί

537 1945 700 2003 Vsus.
735 1949 822 2004 15.
855 1949 996 2005 Nam
1022 1951 1113 2006 isti
1137 1969 1264 2021 non,
1297 1962 1354 2007 ut
1385 1968 1477 2010 vos
1514 1957 1882 2025 suspicaniiui,
1901 1959 2036 2015 ebrii

464 2047 622 2092 sunt:
646 2049 723 2095 est
750 2042 887 2096 enim
914 2043 1046 2098 liora
1074 2045 1180 2098 diei
1197 2046 1376 2100 tertia.

538 2148 732 2207 Vidisti
761 2152 871 2208 illic
900 2155 1298 2225 providentiam
1339 2167 1394 2213 et
1424 2159 1846 2217 sollicitudinem
1874 2176 1893 2216 :
1918 2164 2040 2222 vide

465 2243 594 2299 item
648 2243 1024 2304 fortitudinem
1072 2250 1176 2306 hlc.
1241 2249 1375 2305 Nam
1432 2253 1476 2307 si
1515 2269 1710 2310 omnes
1756 2255 2041 2316 auditores

467 2334 800 2392 admirantes
828 2337 1128 2404 habuisset,
1164 2355 1344 2396 annon
1385 2345 1548 2398 etiam
1573 2345 1652 2400 sic
1681 2347 1928 2404 miranda
1954 2365 2042 2406 res

469 2423 689 2491 fuisset,
721 2432 766 2484 si
808 2429 972 2485 homo
1004 2431 1309 2488 litterarum
1358 2435 1644 2506 imperitus
1692 2449 1747 2494 et
1789 2439 1954 2498 idiota
1985 2443 2042 2498 in

469 2525 619 2571 tanta
645 2519 992 2577 multitudine
1020 2537 1202 2578 vocem
1248 2525 1528 2594 rupisset?
1560 2527 1666 2582 Sed
1695 2544 1823 2584 cum
1863 2531 2038 2587 etiam

469 2607 766 2668 irridentes
790 2619 843 2667 et
871 2613 938 2666 ad
970 2616 1171 2670 caedem
1203 2629 1505 2688 propensos
1538 2619 1762 2676 haberet
1813 2623 2036 2679 audito-

465 2717 577 2768 res,
603 2703 696 2772 qui
725 2706 900 2774 potuit
928 2720 1016 2761 res
1046 2722 1155 2763 non
1188 2723 1310 2765 esse
1357 2725 1520 2780 super
1560 2711 1853 2766 humanam
1909 2728 2043 2770 con-

467 2795 762 2853 ditionem?
788 2797 893 2854 Sed
926 2800 1071 2867 vide,
1097 2810 1156 2856 ut
1188 2804 1372 2858 statim
1404 2805 1566 2860 simul
1612 2821 1676 2861 ac
1708 2821 1897 2862 vocem
1925 2808 2044 2863 edi-

467 2888 566 2951 dit,
587 2888 920 2945 calumniam
951 2891 1172 2958 refutet,
1200 2903 1251 2949 et
1268 2896 1565 2954 ostendens
1587 2896 1712 2954 ilios
1730 2911 1838 2952 non
1862 2897 2042 2953 ebrios

2161 2894 2205 2949 se
2238 2896 2377 2961 test,
2407 2895 2506 2948 σὺν
2525 2896 2637 2959 τοῖς
2662 2893 2882 2959 ἓνδεκας
2909 2886 3110 2965 Καινὴν
3133 2893 3469 2965 προεσάλετο
3491 2890 3682 2962 γνώμην

470 2996 616 3048 esse,
661 2997 724 3038 ac
753 2999 821 3039 ne
852 2985 1085 3040 alienata
1112 2987 1332 3056 quidem
1371 3004 1492 3046 esse
1523 2999 1730 3060 mente,
1777 2989 2042 3060 quemad-

2161 2986 2244 3040 καὶ
2276 2989 2462 3057 φωνήν
2485 3001 2499 3015 ·
2550 2984 2647 3040 καὶ
2680 2985 2896 3040 πάντων
2931 2982 3094 3047 αὐτὸς
3127 2979 3195 3055 ἦν
3240 2983 3302 3037 τὸ
3343 2982 3532 3054 στόμα.
3562 2982 3684 3053 Παρ-

469 3075 691 3129 ιηοιὶιιω
750 3074 966 3132 furiosi.
1021 3076 1161 3144 Quid
1195 3087 1280 3134 est
1321 3090 1531 3144 autem,
1591 3096 1696 3135 una
1751 3097 1874 3136 cum
1936 3081 2042 3139 illis

2161 3078 2495 3150 ειστήκεισαν
2531 3076 2588 3130 δὲ
2637 3075 2688 3129 oi
2745 3075 2960 3144 ἕνδεκα,
2987 3077 3098 3138 τοῖς
3147 3074 3462 3146 λεγομένοις
3507 3090 3683 3144 μαρτυ-

472 3166 762 3222 undecim?
784 3168 1139 3224 Communem
1183 3171 1465 3240 proposuit
1499 3172 1822 3227 sententiam
1856 3180 1912 3228 et
1941 3189 2039 3231 vo-

2161 3169 2392 3241 ροῦντες.
2422 3167 2497 3222 Τὸ
2529 3167 2608 3234 δὲ,
2641 3166 2817 3238 ἐπῆρε
2863 3166 2962 3238 τὴν
2993 3167 3175 3237 φωνὴν
3203 3165 3403 3232 αὑτοῦ,
3446 3165 3678 3226 τουτέστι,

471 3273 588 3312 rem
616 3277 629 3313 :
659 3268 712 3317 et
746 3261 988 3317 omnium
1031 3263 1147 3332 ipse
1177 3272 1365 3319 orator
1389 3273 1528 3319 erat.
1561 3265 1909 3322 Assistebam
1938 3283 2039 3321 aur

2161 3259 2293 3330 μετὰ
2342 3255 2546 3327 πολλῆς
2593 3255 2939 3329 παρρησίας·
2990 3255 3078 3310 ἵνα
3135 3253 3336 3318 εὐθέως
3390 3253 3680 3325 ἀρχομένου,

472 3358 579 3404 tem
615 3351 809 3422 reliqui
843 3353 1120 3419 undecim,
1157 3369 1220 3409 ea
1260 3370 1381 3422 quae
1413 3356 1758 3422 dicebantur,
1789 3358 2042 3412 testimo-

2161 3350 2366 3421 μάθωσι
2421 3347 2516 3402 τοῦ
2592 3347 2910 3420 Πνεύματος
2970 3347 3071 3418 τὴν
3129 3346 3309 3418 χάριν.
3364 3345 3422 3400 '0
3479 3345 3576 3416 γὰρ
3624 3344 3684 3415 μή

474 3442 565 3498 nio
594 3458 696 3498 suo
714 3445 1152 3516 comprobantes.
1176 3445 1331 3513 Quod
1363 3454 1542 3502 autem
1565 3447 1719 3512 dicit,
1753 3448 1863 3502 alta
1884 3463 2042 3516 voce,

2161 3442 2387 3512 ἐνεγκὼν
2411 3441 2679 3514 ἐρώτησιν
2707 3440 2968 3514 κορασίου
2999 3438 3269 3505 εὐτελοῦς,
3293 3434 3448 3503 οὗτος
3478 3441 3533 3492 ὲν
3561 3438 3686 3507 μέσῳ

471 3532 525 3588 id
556 3540 663 3598 est,
689 3549 814 3590 cum
843 3536 1012 3589 multa
1039 3535 1268 3591 fiducia:
1298 3545 1356 3592 ut
1374 3537 1555 3592 statim
1587 3537 1641 3592 in
1663 3538 1816 3594 initio
1841 3539 2042 3594 scirent

2161 3537 2338 3608 δήμων
2373 3535 2660 3607 φονώντων
2701 3536 2841 3606 μετὰ
2872 3533 3142 3604 τοσαύτης
3173 3532 3480 3602 διαλέγεται
3503 3533 3687 3604 mttu-

473 3622 700 3691 gratiam
729 3622 986 3694 Spiritus.
1009 3624 1112 3691 Qui
1140 3626 1281 3682 enim
1308 3642 1414 3682 non
1440 3629 1778 3682 sustinuerat
1808 3626 2042 3682 interro-

2161 3626 2292 3688 σίας.
2324 3623 2846 3698 [ΣΕΥΗΡΙΑΝΟΥ.]
2875 3624 2988 3696 Πρὸ
3017 3622 3112 3677 τοῦ
3145 3621 3401 3686 δέξασθαι
3428 3622 3521 3686 τὰς
3545 3619 3688 3690 γλώσ-

473 3716 744 3786 gationem
777 3716 900 3771 vilis
926 3717 1142 3787 puellae,
1191 3717 1280 3774 hic
1307 3719 1362 3773 in
1401 3718 1580 3773 medio
1627 3718 2042 3773 multitudinum

2161 3733 2277 3781 σας,
2317 3717 2347 3768 ό
2397 3715 2606 3787 Πέτρος
2647 3715 2754 3769 ὑπὸ
2803 3717 2933 3786 μιᾶς
2973 3711 3264 3784 παιδίσκης
3306 3709 3636 3785 ἐρωτώμενος
3656 3707 3689 3737 ’⁸

477 3807 542 3862 ad
575 3808 776 3863 caedem
803 3808 1197 3863 inclinatarum
1220 3825 1344 3864 cum
1365 3817 1516 3864 tanta
1549 3809 1746 3863 fiducia
1774 3809 1938 3863 verba
1971 3807 2042 3862 fa-

2161 3806 2392 3878 ἐφοϐήθη
2418 3846 2436 3872 ,
2506 3807 2602 3861 καὶ
2678 3806 2850 3876 λέγει⁶
2911 3804 3027 3860 Οὐκ
3081 3800 3200 3858 οῖδα
3261 3803 3356 3856 τὸν
3420 3801 3687 3873 ἄνθρωπον.

472 3897 566 3952 cit.
591 3899 894 3970 Antequam
927 3901 1228 3969 accepisset
1254 3898 1458 3954 donum
1483 3900 1814 3971 linguarum,
1838 3898 2039 3957 Petrus

2162 3899 2310 3953 Ἐκεῖ
2342 3899 2441 3970 μία
2485 3898 2746 3968 παιδίσκη
2788 3899 2882 3953 καὶ
2919 3898 3090 3953 δειλία
3120 3897 3292 3965 πολλή
3316 3913 3330 3928 ·
3376 3890 3479 3951 ὦδε
3521 3893 3690 3965 πλῆθος

474 4005 598 4043 cum
647 3990 716 4044 ab
771 4003 880 4044 una
935 3989 1112 4059 puella
1163 3988 1619 4060 interrogaretur,
1664 3990 1891 4046 territus
1923 3998 2046 4057 est,

477 4093 539 4133 ac
569 4078 740 4134 dixit:
771 4078 888 4133 Non
914 4079 1040 4135 novi
1068 4079 1367 4135 hominem.
1401 4079 1520 4135 illic
1544 4096 1650 4135 una
1677 4081 1855 4152 puella
1883 4091 2050 4152 atque

476 4170 741 4225 timiditas
784 4171 990 4238 multa;
1021 4170 1112 4226 hic
1144 4170 1356 4226 infinita
1392 4172 1704 4237 multitudo,
1730 4180 1785 4228 et
1814 4187 1914 4227 vox
1967 4172 2042 4227 iu-

2161 4176 2504 4244 λαμὸάνετε,
2561 4173 2968 4246 ἐπιεικέστερον
3018 4173 3432 4250 φθεγγόμενος,
3487 4171 3572 4224 καὶ
3612 4167 3691 4220 οὐκ

476 4261 690 4332 trepida
727 4272 892 4332 atque
945 4261 1156 4317 fiduciae
1197 4263 1378 4333 plena.
1407 4261 1528 4318 Non
1557 4263 1694 4318 dixit
1737 4274 1916 4319 autem
1939 4305 1955 4332 ,
1991 4273 2042 4319 ut

2161 4267 2407 4340 ἐπίτηδες
2425 4265 2533 4322 ἀπὸ
2556 4266 2895 4338 κακουργίας
2923 4264 3244 4336 βουλόμενος
3274 4263 3320 4295 ’θ
3343 4262 3537 4325 αὐτοὺς
3553 4255 3691 4321 δεῖξαι

475 4365 576 4406 vos
606 4351 1074 4418 cavillaminiﬁsti
1105 4353 1239 4408 ebrii
1283 4368 1388 4406 non
1413 4362 1579 4408 sunt:
1622 4352 1740 4419 sed,
1778 4361 1836 4408 ut
1873 4353 2042 4423 suspi-

2161 4359 2314 4414 τοῦτο
2383 4359 2670 4430 λέγονταςο
2721 4361 2859 4416 ἀλλὰ
2929 4359 3070 4422 τέως
3137 4355 3478 4428 περιτίθησιν
3541 4350 3692 4409 αὐτοῖς

474 4449 704 4505 camini:
749 4449 938 4505 mitius
963 4449 1108 4506 enim
1133 4448 1460 4520 loquebatur
1480 4491 1495 4516 ,
1522 4457 1578 4504 et
1604 4449 1820 4504 nolebat
1849 4459 2038 4506 osten-

2161 4452 2390 4521 ἱγνοιαν,
2433 4453 2496 4506 οὐ
2531 4452 2799 4524 πονηρίας
2829 4450 3106 4524 ἔγκλημα,
3149 4448 3516 4520 προοδοποιῶν
3540 4444 3691 4504 simi;

472 4540 624 4606 dere,
659 4539 840 4596 dedita
875 4554 1040 4610 opera
1072 4548 1236 4612 atque
1263 4539 1498 4611 maligne
1525 4539 1648 4596 illos
1679 4540 1782 4595 hoc
1804 4539 2031 4595 dicere:

2161 4541 2247 4616 τήν
2277 4545 2636 4615 ἐπιστροφήν.
2677 4545 2788 4600 Καὶ
2837 4545 2892 4599 τί
2929 4542 3108 4608 τοῦτο,
3135 4542 3248 4597 οὐκ
3281 4540 3362 4595 ἔνι
3395 4539 3512 4612 ὥρᾳ
3553 4536 3690 4608 τρίτῃ

475 4632 570 4688 sed
613 4633 770 4688 initio
801 4631 1170 4703 ignorantiam
1204 4631 1310 4687 illis
1332 4631 1604 4698 attribuit,
1641 4648 1751 4686 non
1783 4631 2042 4704 improbi-

2161 4633 2412 4705 μεθύειν;
2451 4633 2592 4688 ⁹Αλλ’
2623 4634 2724 4689 οὐκ
2764 4634 2917 4689 ἔσται
2945 4635 2987 4666 ’ί
3037 4632 3175 4704 πρὸς
3215 4631 3409 4686 τοῦτο’
3451 4630 3563 4685 οὐδὲ
3603 4628 3689 4697 γὰρ

475 4727 612 4782 tatis
642 4727 844 4797 arguit,
876 4727 1019 4782 viam
1053 4726 1421 4797 praemttniens
1454 4726 1564 4783 illis
1609 4727 1678 4783 ad
1718 4727 2042 4784 conversio-

2161 4728 2360 4781 ἐκεῖνοι
2389 4724 2562 4792 οὕτως
2593 4724 2740 4798 εἶχον
2784 4727 2913 4797 περὶ
2946 4725 3158 4780 αὐτῶνθ
3202 4725 3341 4780 ἀλλὰ
3386 4721 3690 4792 διασύροντες

474 4831 622 4872 nem.
670 4818 734 4871 Et
773 4817 903 4888 quid
958 4818 1062 4873 hoc
1098 4828 1215 4881 est,
1250 4834 1357 4873 non
1406 4818 1585 4874 solent
1635 4818 1884 4875 homines
1911 4817 2042 4874 ebrii

2161 4821 2252 4875 καὶ
2285 4819 2640 4892 χλευάζοντες
2671 4818 2845 4884 οὕτως
2867 4819 3075 4887 ελεγον.

477 4924 602 4967 esse
629 4909 765 4963 hora
797 4909 996 4966 tertia?
1020 4909 1126 4967 Sed
1168 4909 1222 4966 in
1251 4911 1357 4966 hoc
1389 4925 1498 4967 non
1534 4911 1881 4967 immoratur.
1911 4907 2099 4983 Neque
2123 4913 2268 4969 enim
2307 4913 2388 4969 illi
2422 4914 2496 4970 ita
2526 4912 2836 4971 sentiebant
2867 4911 2936 4967 de
2973 4910 3080 4967 iis:
3117 4909 3215 4966 sed
3243 4909 3597 4965 obtrectantes
3643 4894 3688 4957 ει

475 5003 795 5061 cavillantes
824 5004 896 5058 ita
927 5003 1201 5062 dicebant.

543 5097 714 5154 Vsus.
749 5098 834 5156 t6.
871 5097 974 5157 Sed
1004 5099 1100 5156 hoc
1118 5110 1219 5171 est,
1250 5101 1386 5174 quod
1429 5100 1630 5156 dictum
1675 5107 1750 5152 est
1772 5111 1864 5166 per
1925 5113 2052 5168 pro-

473 5191 681 5260 phetam
703 5188 906 5247 Ioelem
934 5209 953 5248 :

2157 3989 2403 4062 ἄπειρον,
2439 3990 2536 4045 καὶ
2575 3992 2726 4061 φωνὴ
2764 3989 3258 4062 εὐπαρρησίαστος.
3289 3987 3406 4043 Οὐκ
3433 3983 3547 4040 εἷπε
3567 3983 3689 4048 δὲ¹⁹,

2162 4083 2254 4148 Ὠς
2279 4083 2434 4155 ὑμεῖς
2453 4081 2761 4156 χλευάζετε,
2795 4079 2943 4137 οὖτοι
2975 4081 3263 4154 μεθύουσιν
3282 4096 3296 4110 °
3335 4079 3472 4148 ἀλλ’,
3493 4078 3560 4141 ὡς
3578 4077 3690 4128 61:0-
3715 4091 3719 4096 τ

2242 5093 2428 5150 Ἀλλὰ
2461 5091 2639 5148 τοῦτό
2685 5091 2816 5144 ἐστι
2862 5088 2931 5143 τὸ
2968 5087 3286 5159 εἰρημένον
3321 5086 3426 5141 διὰ
3450 5081 3544 5139 τοῦ
3566 5093 3687 5149 προ·

2158 5185 2353 5258 φήτου
2396 5183 2573 5249 Ἰωήλ
2593 5199 2607 5214 ⁸

546 5304 712 5358 Vsus.
750 5305 836 5361 17.
865 5305 933 5360 Et
956 5307 1157 5361 accidet
1183 5307 1237 5359 in
1259 5304 1506 5360 extremis
1535 5301 1742 5366 diebus,
1782 5302 1912 5356 dicit
1943 5299 2042 5355 Do-

2232 5296 2340 5352 Καὶ
2370 5295 2544 5350 ἔσται
2579 5293 2652 5348 ἐν
2687 5293 2816 5359 ταῖς
2854 5289 3146 5361 ἐσχάταις
3185 5291 3446 5360 ἡμέραις,
3475 5285 3618 5384 ,μέρει
3658 5280 3687 5333 ό

477 5397 672 5462 minus,
695 5399 964 5466 e/fundam
977 5399 1040 5454 de
1053 5400 1262 5466 Spiritu
1278 5415 1388 5453 meo
1403 5413 1557 5465 super
1572 5411 1776 5450 omnem
1794 5409 2006 5448 carnem
2025 5406 2042 5444 :

2161 5386 2318 5452 Θεὸς,
2359 5385 2548 5454 ἐκχεῶ
2600 5383 2718 5438 ἀπὸ
2750 5383 2856 5438 τοῦ
2900 5383 3246 5452 Πνεύματός
3262 5399 3380 5452 μου
3407 5377 3686 5466 ἐπίιὰσαιξ

475 5495 523 5541 ιι
554 5464 937 5556 propltetabunt
958 5489 1059 5559 lilii
1085 5464 1264 5553 uestri,
1285 5498 1335 5542 et
1359 5464 1487 5556 [me
1515 5496 1721 5547 vestrm,
1753 5492 1805 5538 et
1821 5483 2040 5551 juvenes

2161 5477 2366 5548 σάρκα,
2391 5477 2489 5532 καὶ
2522 5475 3056 5546 προφητεύσουσιν
3091 5477 3145 5530 ot
3177 5475 3302 5529 υιοὶ
3331 5469 3487 5543 ὑμῶν
3513 5467 3596 5522 καὶ
3632 5464 3685 5517 αἱ

1664 5660 1864 5721 Varia:
1889 5658 2200 5722 lectiones
2237 5667 2298 5721 et
2326 5665 2520 5723 noue.

553 5788 595 5820 ¹⁷
629 5790 946 5857 φωνῶντας,
995 5798 1128 5845 erat.
1233 5790 1276 5822 ⁸⁸
1317 5789 1710 5857 ἐρωτωινὲνως,
1761 5798 1893 5842 erat.
2003 5787 2042 5818 "

2161 5785 2305 5840 detur
2349 5783 2661 5849 desiderari,
2693 5779 2812 5852 οὐχ.
2915 5779 2961 5812 ’⁸
2989 5776 3304 5848 βαλόμενος,
3345 5780 3471 5829 erat.
3536 5766 3572 5798 "
3601 5763 3673 5815 τσο

1233 5790 1276 5822 ⁸⁸
1317 5789 1710 5862 ἐρωτυιινὲνως,
1761 5798 1893 5842 erat.

481 5857 634 5928 ἔστη.
