3870 6542
237 487 348 552 541.

967 485 1381 550 EXPOSlTlO
1408 485 1487 546 ΙΝ
1529 484 1718 544 ACTA
1746 477 2326 546 APOSTOLORUM.
2363 512 2428 521 —
2463 483 2625 551 CAP.
2668 487 2754 547 Il.

3397 484 3502 547 512

234 601 558 670 (θυγατέρες
588 599 776 670 ὑμῶν,
823 600 922 654 καί
945 601 1002 653 ol
1044 598 1358 653 νεανίσκοι
1387 596 1555 666 ὑμῶν
1577 594 1814 664 δράσεις

1927 595 2086 650 vestri
2117 596 2226 666 26
2261 595 2483 650 visiones
2523 595 2791 663 videbunt,
2833 606 2882 652 et
2912 598 3143 652 seniores
3183 594 3338 652 vestri
3367 611 3518 650 som-

232 695 496 761 ὄψονται
520 730 538 756 ,
598 695 697 746 καὶ
757 694 811 748 ol
871 692 1259 762 πρεσϐύτεροι
1342 689 1510 762 ὑμῶν
1575 690 1829 745 ἐνύπνια

232 783 860 848 ἐνυπνιασθήσονται.

304 877 426 929 Kal
450 892 519 945 γε
559 877 679 909 ’Μ’
707 877 807 929 ἐπι
843 876 988 942 τοὺς
1014 875 1279 941 δούλους
1315 892 1436 944 μου
1469 873 1567 928 καί
1598 871 1695 927 ἐπὶ
1721 872 1828 939 τὰς

231 965 470 1031 δούλας
496 981 621 1035 μου
649 967 722 1020 ἐν
755 965 883 1033 ταῖς
917 966 1166 1036 ἡμέραις
1193 965 1454 1029 ἐκείναις
1484 962 1674 1032 ἐκχεῶ
1706 961 1826 1018 ἀπὸ

231 1057 342 1113 τοῦ
375 1057 734 1128 Πνεύματός
763 1075 884 1129 μου
908 1097 924 1122 ,
962 1059 1064 1114 καὶ
1093 1059 1647 1128 προφητεύσουσιν.

298 1149 569 1221 οὐδαμοῦ
594 1150 732 1214 τέως
757 1151 930 1221 ὄνομα
954 1150 1050 1205 τοῦ
1077 1150 1346 1222 Χριστοῦ,
1372 1149 1495 1204 οὐδὲ
1521 1148 1824 1219 ἐπαγγελία

225 1239 404 1296 αὑτοῦ
423 1280 440 1305 ,
471 1242 612 1296 ἀλλὰ
647 1241 744 1296 τοῦ
776 1242 990 1314 nam;
1013 1243 1046 1312 ἠ
1073 1241 1400 1310 ἐπαγγελία.
1437 1241 1580 1312 Ὅρα
1607 1239 1666 1295 δὲ
1697 1241 1824 1293 σύν-

225 1343 367 1380 εσιν.
421 1329 499 1382 Οὐ
543 1329 797 1400 παρῆλθε
841 1329 938 1385 καὶ
965 1326 1120 1384 εἷπεν
1157 1329 1360 1394 εὐθέως
1396 1330 1466 1384 τὰ
1503 1331 1645 1384 κατὰ
1685 1330 1822 1398 Χρι-

225 1421 356 1474 στὸν
374 1461 395 1484 ,
425 1423 510 1476 ὅτι
540 1422 778 1486 Ἐκεῖνος
814 1423 950 1493 ἡμῖν
983 1423 1123 1494 μετὰ
1147 1423 1210 1477 τὸ
1240 1421 1619 1492 σταυρωθῆναι
1651 1421 1824 1474 ταῦτα

223 1513 638 1582 ιπηγγείλατο.
669 1515 741 1568 Ἦ
775 1514 884 1586 γὰρ
916 1517 984 1570 ἂν
1025 1513 1201 1579 οὕτως
1236 1513 1428 1578 ιίπὼν,
1473 1515 1651 1568 πάντα
1699 1512 1823 1567 ovs.

223 1607 442 1678 τρίψιν
471 1609 681 1680 καίπερ
713 1610 874 1664 ἱκανὰ
909 1605 979 1681 ἦν
1007 1609 1179 1678 δεῖξαι
1221 1608 1387 1664 αὐτοῦ
1436 1609 1536 1681 τὴν
1570 1607 1819 1680 θεότητα,

222 1696 366 1752 ἀλλὰ
427 1700 832 1771 ἀπιστούμενα.
866 1702 939 1755 To
980 1701 1040 1755 δὲ
1074 1699 1433 1773 ζητούμενον,
1461 1697 1822 1770 πιστευθῆναι

220 1782 322 1854 ἦν’
364 1787 454 1859 μὴ
499 1791 873 1860 πιστευόμενα
921 1790 1003 1855 δὲ,
1039 1789 1478 1860 καταλευσθῆναι
1511 1789 1579 1843 ἂν
1623 1789 1826 1851 αὐτοὺς

219 1880 481 1951 hmines.
525 1882 639 1946 τὰς
685 1883 919 1954 ἀπορίας
966 1883 1098 1939 ἀλλο
1138 1883 1202 1937 οὐ
1257 1882 1396 1949 λύει,
1448 1883 1483 1954 ἢ
1541 1881 1818 1954 μαρτυρία

219 1973 575 2044 προφητική.
625 1973 798 2029 Ὀταν
851 1969 946 2030 οῦν
997 1974 1286 2045 άνακύπτῃ
1333 1991 1390 2028 τι
1420 1973 1532 2028 τῶν
1587 1973 1814 2044 ἀπόρων

218 2061 609 2133 ζητημάτων,
662 2064 739 2135 μὴ
785 2063 1143 2138 καταφεύγῃς
1181 2064 1274 2118 ἐπὶ
1322 2063 1452 2127 τοὺς
1495 2064 1812 2134 λογισμούς.

232 2155 611 2226 Ἐνθυμήσεις
668 2157 780 2227 γὰρ
823 2157 1100 2228 λογισμῶν
1155 2155 1248 2210 καὶ
1293 2155 1692 2228 ἀνατρέπονται
1721 2155 1817 2210 καὶ

217 2243 609 2310 συνίστανται,
654 2245 792 2301 Θεοῦ
829 2246 887 2300 δὲ
951 2245 1136 2318 φωνὴν
1179 2247 1265 2311 τίς
1318 2245 1474 2313 λύει;
1539 2245 1822 2316 Λογισμδς.

217 2335 454 2389 λύεταιο
503 2335 695 2407 Γραφὴ
727 2337 789 2390 οὐ
847 2335 1060 2392 λύεται.
1099 2337 1215 2390 Οὐκ
1253 2331 1446 2402 είπεν,
1509 2335 1713 2408 Ἐκχεῶ
1753 2335 1816 2390 τὸ

217 2427 468 2498 Πνεῦμά
496 2445 632 2498 μου,
665 2427 782 2481 ἀλλ’
842 2428 952 2483 ἀπὸ
978 2427 1073 2483 τοῦ
1117 2427 1438 2498 Πνεύματός
1469 2445 1595 2500 μου.
1636 2427 1712 2481 Οὐ
1752 2428 1814 2481 τὸ

216 2519 461 2590 Πνεῦμα
494 2521 757 2590 ικχεῖται,
792 2519 908 2574 ἀλλ’
941 2519 974 2591 ἠ
1007 2519 1190 2592 δωρεὰ
1217 2520 1312 2573 τοῦ
1345 2520 1683 2591 Πνεύματος,
1721 2520 1814 2572 ἐπὶ

213 2610 408 2662 πᾶσαν
445 2610 649 2679 σάρκα,
697 2608 900 2682 δηλαδὴ
928 2609 1030 2682 τὴν
1075 2610 1472 2676 πιστεύσασαν,
1507 2610 1810 2675 τουτέστιν,

214 2702 316 2755 ἐπὶ
340 2701 421 2755 τὰ
450 2701 584 2772 ἔθνη
609 2719 636 2734 ον
656 2702 772 2756 ἀλλ’
814 2702 1029 2757 οὐδέπω
1055 2701 1195 2768 τέως
1223 2701 1602 2757 ἀποκαλύπτει
1626 2702 1812 2767 αὐτοτς

209 2792 403 2848 τοῦτο.
446 2792 527 2847 Τὸ
562 2793 644 2862 δὲ,
670 2792 763 2848 ἐπὶ
808 2795 994 2854 πᾶσαν
1038 2793 1239 2867 σάρκα,
1269 2793 1454 2850 δίδωσι
1502 2795 1598 2850 καὶ
1628 2795 1812 2858 αὐτοῖς

210 2885 452 2950 ἐλπίδας
479 2885 745 2957 χρηστάς.
771 2885 883 2940 Καὶ
905 2885 1007 2940 οὐκ
1034 2885 1262 2957 ἀφίησιν
1279 2885 1412 2940 ίδιον
1431 2886 1614 2942 αὐτῶν
1646 2887 1810 2958 μόνον

210 2972 363 3031 εἶναι
394 2976 466 3029 τὸ
509 2975 912 3047 πλεονέκτημα,
950 2977 1124 3051 ταύτῃ
1162 2977 1261 3031 καὶ
1314 2977 1407 3033 τὸν
1455 2977 1650 3049 φθόνον
1677 2980 1810 3034 ὑπο-

207 3066 584 3136 τεμνόμενος.
609 3067 749 3138 Ὅρα
767 3067 824 3121 δι
850 3056 1247 3140 πῶςδιὰφοᾷος
1268 3070 1301 3140 ἡ
1324 3069 1418 3124 τοῦ
1451 3071 1606 3139 ἁγίου
1636 3070 1810 3124 Πνεύ-

211 3176 396 3228 ματος
429 3159 798 3229 ἀποκάλυψις.
859 3160 922 3214 Ὀ
957 3161 1057 3232 μὲν
1117 3161 1478 3234 προφητεύει,
1519 3163 1659 3234 ἔχων
1711 3162 1807 3217 τοῦ

1931 689 2034 742 uiis
2062 689 2457 757 occupabantur
2485 690 2527 742 ί.

1927 873 1970 943 ιζ
2007 872 2174 929 Vsns.
2213 873 2299 926 18.
2332 870 2402 926 Et
2438 871 2646 942 quidem
2671 888 2832 942 super
2860 888 3035 926 servos
3079 887 3218 925 meos
3275 879 3324 925 et
3356 886 3510 938 super

1927 965 2156 1021 ancillas
2191 981 2334 1020 meas
2385 965 2439 1017 iu
2483 961 2665 1020 diebus
2713 963 2822 1018 illis
2877 963 3147 1033 eﬁ'undam
3191 961 3255 1016 de
3303 960 3508 1033 Spiritu

1929 1075 2064 1126 meo,
2095 1067 2146 1113 et
2171 1055 2579 1128 prop/tetabunt.

1997 1149 2280 1221 Nusquam
2313 1150 2532 1204 interim
2565 1164 2761 1203 nomen
2796 1147 3022 1211 Christi,
3064 1163 3240 1216 neque
3278 1146 3506 1217 promis-

1927 1257 2047 1298 sum
2098 1239 2270 1303 illius,
2337 1239 2433 1295 sed
2469 1239 2646 1294 Patris
2706 1239 3062 1308 promissum.
3117 1235 3252 1294 Vide
3316 1247 3499 1291 autent

1927 1331 2298 1403 prudentiam.
2396 1329 2514 1386 Non
2587 1329 2788 1397 prodiit
2843 1345 2906 1383 ac
2973 1329 3157 1384 statim
3221 1327 3361 1382 dixit
3418 1345 3504 1393 ea,

1924 1440 2047 1495 qua:
2093 1424 2159 1478 ad
2204 1423 2488 1478 Christum
2524 1421 2909 1492 pertinebant,
2945 1436 3172 1490 nempe:
3218 1417 3312 1475 llic
3349 1420 3506 1474 nobis

1925 1525 2185 1586 exiquo
2249 1516 2549 1572 cruciﬁxus
2613 1522 2734 1580 est,
2815 1515 2930 1568 hazc
3012 1512 3282 1584 promisit.
3369 1510 3503 1566 Nam

1925 1607 2195 1680 proiecto,
2247 1607 2294 1662 si
2332 1608 2406 1662 ita
2431 1607 2682 1672 dixisset,
2722 1605 2909 1659 omnia
2966 1603 3276 1664 evertisset,
3316 1617 3510 1672 quam-

1923 1715 2087 1772 quam
2128 1697 2454 1756 sullicientia
2491 1705 2653 1753 erant
2707 1695 2775 1750 ad
2825 1693 3322 1750 demonstrandum
3360 1692 3507 1746 illius

1924 1792 2212 1857 Deitatem,
2250 1789 2344 1848 sed
2371 1805 2480 1846 non
2532 1787 2923 1846 credebantur.
2957 1787 3148 1852 Porro,
3188 1787 3331 1855 qqu
3359 1784 3507 1839 desi-

1923 1883 2238 1950 derabatur,
2295 1883 2400 1939 hoc
2440 1889 2558 1938 erat
2609 1881 2891 1947 nimirum,
2939 1877 3152 1934 utndes
3185 1877 3502 1940 haberetur,

1920 1984 1974 2033 et
2003 1975 2358 2033 crederentur
2401 1991 2526 2032 esse
2563 1987 2718 2039 vera,
2775 1987 2898 2044 qua)
2959 1970 3307 2026 dicebautur.
3346 1969 3504 2036 Quod

1920 2070 1966 2128 si
2013 2084 2142 2125 vera
2189 2083 2314 2126 esse
2351 2084 2463 2124 non
2495 2067 2877 2132 crederentur,
2925 2063 3039 2120 fieri
3091 2063 3382 2133 potuisset,
3448 2072 3505 2116 ut

1919 2161 2196 2235 lapidibus
2250 2161 2639 2238 obruerentur.
2699 2157 3101 2228 Ambigituates
3155 2154 3292 2208 nihil
3354 2153 3502 2207 aliud

1917 2247 2102 2312 solvit,
2127 2260 2292 2318 quam
2325 2245 2710 2302 testimonium
2738 2242 3143 2314 propheticum.
3174 2238 3308 2295 Cum
3339 2239 3504 2308 igitur

1916 2339 2136 2397 exsistit
2162 2337 2345 2410 aliqua
2386 2336 2621 2408 quaestio
2655 2332 3079 2405 inexplicabilis,
3123 2347 3190 2386 ne
3216 2328 3503 2398 coniugias

1917 2432 1987 2486 ad
2027 2433 2288 2487 rationes.
2325 2428 2588 2484 Rationes
2652 2427 2799 2484 enim
2833 2424 3156 2496 excogitatae
3191 2429 3300 2476 tam
3345 2437 3501 2476 ever-

1917 2531 2128 2587 tuntur,
2161 2537 2327 2592 quam
2381 2519 2785 2591 approbantur,
2839 2517 2935 2572 sed
2992 2516 3087 2570 Dei
3137 2527 3323 2567 vocem
3377 2511 3502 2578 quis

1913 2613 2114 2671 solvit?
2137 2612 2298 2668 Ratio
2319 2612 2583 2668 solvitur:
2632 2609 2914 2680 Scriptura
2945 2622 3056 2662 non
3089 2606 3340 2661 solvitur.
3381 2601 3498 2655 Non

1912 2703 2082 2761 dixit:
2131 2703 2422 2759 Effundam
2457 2701 2724 2774 Spiritum
2759 2715 2965 2765 meum,
3014 2699 3136 2762 sed,
3183 2698 3250 2751 de
3284 2695 3499 2764 Spiritu

1913 2811 2056 2852 meo.
2091 2795 2333 2867 Spiritus
2366 2810 2478 2852 non
2516 2791 2833 2858 eﬂ‘unditur,
2862 2791 2960 2846 sed
2989 2790 3193 2846 donum
3231 2787 3495 2858 Spiritus.

1913 2889 2090 2961 Super
2128 2903 2348 2946 omnem
2401 2903 2663 2954 carnem,
2695 2886 2953 2941 videlicet
3005 2899 3126 2955 quae
3174 2879 3495 2943 crediderit,

1912 2985 2015 3040 hoc
2052 2990 2158 3051 est,
2193 2997 2365 3052 super
2387 2990 2578 3052 gentes
2605 2996 2619 3034 :
2646 2977 2744 3036 sed
2776 2977 2992 3033 interim
3020 2973 3266 3030 nondum
3293 2970 3498 3039 detegit

1911 3075 2020 3132 illis
2043 3075 2166 3131 hoc.
2200 3073 2316 3131 lloc
2349 3083 2556 3136 autem,
2583 3069 2906 3148 quodvdicit,
2929 3065 3107 3138 Super
3137 3078 3350 3121 omnem
3376 3077 3498 3116 car—

1910 3184 2058 3232 nem,
2103 3168 2268 3224 etiam
2312 3166 2448 3237 ipsis
2497 3165 2697 3222 bonam
2733 3179 2887 3234 spem
2924 3161 3079 3227 facit,
3113 3165 3167 3216 et
3214 3173 3324 3213 non
3362 3153 3498 3209 sinit

213 3251 551 3322 Πνεῦματος
573 3254 673 3324 τὴν
688 3253 884 3324 χάρινο
915 3251 1074 3316 ἄλλος
1103 3253 1311 3309 ἀτονῶν
1337 3254 1476 3327 πρὸς
1500 3255 1562 3308 τὸ
1599 3255 1810 3327 ὑπηρε-

1921 3260 2158 3330 ipsorum
2194 3257 2459 3312 duntaxat
2491 3257 2770 3328 proprium
2817 3270 2940 3311 esse
2973 3250 3357 3315 commodum,
3393 3247 3497 3302 hoc

208 3345 500 3414 τήσασθαι
527 3345 760 3418 τοιούτῳ
798 3347 1111 3417 πράγματι,
1144 3346 1412 3418 λαμϐάνει
1443 3349 1506 3403 τὸ
1541 3349 1653 3404 τῶν
1677 3350 1810 3421 ὁρά-

211 3451 359 3488 σεων
385 3453 399 3466 ·
435 3436 515 3498 ὡς
553 3431 692 3490 εἶδεν
724 3437 1007 3509 ἓκτηῶρᾳ
1041 3436 1143 3510 τὴν
1179 3437 1364 3492 εἰκόνα
1401 3435 1436 3492 ὁ
1460 3438 1700 3511 Πέτροςο
1735 3439 1814 3504 ὡς

207 3529 239 3578 ὁ
279 3527 597 3596 Κορνήλιος
629 3527 824 3600 ὲννάτη
851 3528 971 3601 ὥρᾳ
997 3526 1110 3586 εἶδε
1129 3530 1223 3584 τὸν
1259 3530 1515 3602 ἄγγελον.
1548 3531 1622 3586 Τὸ
1650 3533 1710 3587 ιν
1745 3536 1809 3603 τῇ

181 3619 423 3689 ,καρδίᾳ
447 3619 511 3672 οὐ
542 3619 759 3688 λέγεται
797 3621 1006 3694 ὅραμα,
1043 3623 1158 3679 ἀλλ’
1181 3624 1394 3694 ὅρασις.
1425 3623 1658 3690 "sum,
1682 3625 1807 3695 βλέ-

208 3728 306 3763 πει
339 3728 430 3774 τις
455 3711 668 3781 ὅρασιν,
697 3709 774 3778 ὣς
804 3729 968 3784 φησιν
994 3713 1214 3786 ὁὸρῶνο
1255 3715 1472 3780 Bima,
1507 3716 1684 3780 ἄλλως
1721 3717 1801 3784 δὲ,

207 3804 268 3854 οὐ
301 3804 378 3873 τῇ
409 3801 536 3870 ὄψει
565 3802 787 3875 θεωρῶν
815 3805 878 3858 τὸ
925 3804 1215 3878 θεώρημα,
1259 3805 1457 3874 ἄλλως,
1499 3809 1632 3863 ὅταν
1677 3809 1812 3864 ἑνύε

208 3912 376 3949 πνλον
405 3897 480 3964 τῇ
508 3897 788 3969 φαντασίᾳ·
805 3899 1155 3971 παιδεύηται.

1914 3350 2076 3406 modo
2105 3350 2270 3406 etiam
2296 3349 2558 3405 invidiam
2591 3348 2916 3418 praecidens.
2945 3345 3084 3400 Vide
3116 3353 3294 3398 autem
3328 3355 3493 3412 quam

1910 3441 2128 3498 diversa
2165 3456 2228 3496 ac
2257 3441 2408 3496 varia
2457 3439 2528 3496 sit
2570 3440 2749 3496 sancti
2779 3437 3020 3508 Spiritus
3061 3435 3348 3490 revelatio.
3391 3431 3493 3488 llic

1909 3533 2126 3605 quidem
2149 3532 2380 3603 adeptus
2401 3531 2633 3604 gratiam
2668 3530 2931 3602 Spiritus,
2963 3530 3291 3600 prophetat:
3327 3525 3492 3589 alius,

1907 3624 1999 3681 cui
2035 3625 2181 3680 vires
2210 3638 2319 3678 non
2357 3630 2680 3694 suppetunt,
2713 3631 2774 3678 ut
2807 3622 2900 3676 tali
2952 3618 3260 3675 ministerio
3297 3616 3492 3688 iunga~

1911 3730 2022 3786 tur,
2067 3719 2268 3789 accipit
2292 3717 2504 3774 donum
2529 3717 2837 3772 visionum:
2878 3721 2936 3768 ut
2965 3710 3104 3768 vidit
3153 3711 3288 3765 hora
3336 3715 3490 3762 sexta

1911 3809 2108 3866 Petrus
2157 3809 2448 3880 imaginem
2487 3807 2682 3862 lintei:
2719 3812 2778 3861 ut
2811 3802 3103 3862 Cornelius
3151 3802 3286 3857 hora
3343 3813 3488 3853 nona

1910 3903 2043 3959 vidit
2101 3903 2379 3974 angelum.
2429 3899 2586 3968 Quod
2642 3908 2731 3956 est
2777 3899 2833 3954 in
2877 3897 3086 3963 corde,
3140 3910 3250 3950 non
3294 3891 3492 3945 dicitur

206 3991 426 4062 ὅραμα,
455 3991 508 4046 id
545 3999 630 4047 est
667 3993 867 4057 visunt,
893 3994 1008 4050 sive
1035 4003 1328 4065 aspectus,
1365 3995 1460 4052 sed
1492 3997 1701 4068 ὅρασις,
1741 3997 1793 4052 id
1836 4008 1922 4056 est
1978 3999 2139 4055 visio.
2191 4000 2387 4064 Aliter,
2429 3997 2572 4054 videt
2607 3997 2734 4069 quis
2762 3996 3067 4053 visionem:
3141 3997 3199 4047 ut
3283 3986 3491 4060 inquit,

207 4085 306 4148 qui
342 4083 606 4140 videbat:
639 4081 828 4150 Vade;
869 4086 1028 4142 aliter
1056 4094 1264 4154 autem,
1295 4104 1402 4143 non
1449 4090 1572 4144 visu
1605 4091 1900 4160 speculans
1963 4101 2018 4148 et
2051 4093 2432 4162 contemplans
2459 4089 2956 4161 speculamentum,
3017 4099 3116 4142 seu
3177 4097 3295 4139 rem
3360 4093 3500 4136 con-

211 4174 628 4244 tomplandam:
664 4176 843 4241 aliter,
878 4191 1004 4233 cum
1042 4178 1167 4250 quis
1193 4183 1248 4234 in
1283 4193 1500 4238 summo
1528 4197 1626 4254 per
1657 4183 2104 4256 imaginationem
2139 4185 2392 4241 eruditur
2429 4193 2593 4253 atque
2628 4179 2883 4238 docetur.

287 4269 403 4326 Kal
443 4269 617 4324 δώσω
658 4269 870 4340 τέρατα
895 4273 968 4327 ἐν
1011 4273 1092 4341 τῷ
1121 4276 1357 4345 οὐρανῷ
1385 4277 1530 4342 ἄνω,
1567 4280 1667 4333 καὶ
1694 4295 1807 4349 ση-

209 4364 357 4431 μεῖα
381 4362 484 4416 ἐπὶ
502 4361 616 4434 τῆς
636 4363 752 4435 γῆς
776 4364 954 4432 κάτω,
977 4361 1141 4436 αἷμα,
1166 4369 1267 4423 καὶ
1291 4370 1435 4439 πῦρ,
1465 4371 1565 4426 καί
1591 4371 1809 4442 ἀτμίδα

211 4471 464 4512 καπνου
472 4492 488 4511 ο

304 4547 373 4601 ’0
406 4548 587 4616 ἣλιος
613 4549 1178 4619 μεταστραφήσεται
1224 4554 1313 4618 εις
1340 4554 1581 4620 σκότος,
1623 4553 1725 4610 καί
1766 4556 1806 4625 ἡ

215 4637 462 4706 σελήνη
490 4641 580 4703 εις
609 4634 774 4709 αἷμα,
811 4641 955 4709 πρὶν
986 4641 1026 4710 ἣ
1057 4640 1257 4697 ἐλθεῖν
1294 4643 1409 4713 τὴν
1439 4645 1670 4715 ἡμέραν
1695 4649 1811 4702 Κυ-

214 4734 381 4800 ριόυ,
413 4731 534 4800 τὴν
558 4731 835 4802 μεγάλην
865 4733 964 4788 καὶ
990 4734 1279 4805 ἐπιφανῆ.

294 4825 404 4878 Kal
437 4827 630 4888 ἔσται,
655 4824 777 4892 πᾶς
802 4826 870 4893 ὃς
897 4827 976 4882 ἂν
994 4827 1042 4859 ⁸⁵
1064 4828 1494 4900 ἐπικαλέσηται
1523 4831 1592 4887 τὸ
1620 4832 1809 4904 ὄνομα

221 4913 478 4981 ιιυρίου,
516 4914 858 4982 σωθήσεται
871 4955 883 4970 .

293 5004 487 5059 Ταῦτα
513 5007 608 5060 καὶ
638 5005 891 5078 περὶτῆς
923 5004 1231 5080 μελλούσης
1248 5011 1522 5082 κρίσεως’,
1557 5012 1654 5066 καὶ
1679 5013 1809 5085 περὶ

219 5094 330 5146 τῶν
367 5093 765 5166 Ἰεροσολύμων
807 5097 904 5152 καὶ
960 5097 1062 5168 τῆς
1097 5099 1218 5153 τότε
1273 5101 1679 5171 αἰχμαλωσίας,
1713 5103 1809 5158 καὶ

221 5184 292 5236 τὰ
322 5183 418 5237 ἐπὶ
443 5184 524 5255 τῷ
554 5185 775 5258 σταυρῷ
804 5187 899 5240 τοῦ
937 5188 1174 5258 Χριστοῦ
1199 5190 1540 5261 γενησόμενα
1559 5233 1576 5258 ,
1621 5193 1808 5264 προδι-

218 5276 418 5330 δάσκει
455 5277 670 5346 σαφῶς,
705 5280 801 5333 καὶ
821 5279 906 5344 ,τά
935 5280 1002 5333 δι’
1028 5282 1191 5335 αὐτὸν
1217 5285 1329 5348 τοῖς
1365 5285 1642 5349 Ἰουδαίοις
1671 5301 1810 5356 συμ-

221 5371 488 5426 ϐαίνοντα
512 5371 601 5425 διὰ
652 5371 748 5426 τοῦ
788 5372 1078 5440 Ῥωμαίων
1107 5373 1381 5445 πολέμου*
1437 5375 1673 5447 αἵματος
1709 5373 1810 5446 μὲν

222 5462 335 5514 ὑπὸ
350 5460 564 5516 τούτων
581 5461 840 5516 πλείστου
863 5462 1192 5532 ἐκχεομένου
1215 5465 1358 5519 κατὰ
1379 5465 1479 5534 τὴν
1507 5466 1770 5520 Ἰουδαίαν
1793 5507 1809 5534 ,

1978 4279 2139 4336 Vsrs.
2173 4279 2263 4335 19.
2322 4279 2393 4334 Ει
2432 4279 2616 4334 eadem
2655 4277 2899 4347 prodigia
2945 4276 2999 4330 in
3044 4277 3174 4330 ca:lo
3212 4288 3393 4338 supra,
3441 4279 3492 4325 et

1905 4373 2057 4445 signa
2087 4373 2140 4428 in
2168 4381 2310 4428 terra
2337 4373 2515 4428 subter
2535 4373 2846 4444 sanguinem
2871 4377 2922 4424 et
2956 4368 3130 4440 ignem
3159 4377 3209 4421 et
3246 4381 3490 4437 vaporem

1937 4481 2067 4521 umt.

1910 4466 2250 4613 inmisso.
2285 4556 2381 4614 Sol
2415 4556 2741 4612 convertitur
2789 4555 2845 4608 in
2883 4552 3146 4615 tenebras,
3192 4559 3241 4604 et
3283 4550 3411 4608 luna
3433 4552 3490 4625 in

1907 4651 2243 4723 sanguinem,
2266 4659 2549 4721 antequam
2579 4648 2754 4703 veniat
2781 4645 2896 4701 dies
2915 4643 3130 4699 Domini
3157 4639 3248 4698 ille
3265 4657 3486 4712 magnus

1834 4731 1883 4789 ι)
1909 4752 1958 4799 et
1991 4743 2241 4799 illustris.

1978 4829 2142 4886 Vens.
2177 4831 2269 4886 21.
2308 4829 2378 4885 Et
2413 4830 2656 4901 futurum
2680 4840 2780 4897 est,
2811 4841 2868 4885 ut
2891 4829 3063 4886 omnis
3091 4829 3383 4902 quicunque
3408 4824 3491 4879 in-

1907 4921 2167 4977 cacaturit
2195 4939 2384 4978 nomen
2427 4921 2663 4988 Domini,
2692 4934 2948 4978 servetur.

1978 5013 2104 5071 Haec
2131 5023 2188 5072 et
2212 5016 2282 5071 de
2341 5015 2531 5072 futuro
2579 5015 2813 5086 judicio,
2847 5026 2904 5072 et
2941 5014 3010 5071 de
3071 5009 3486 5082 Hierosolymis,

1907 5121 2100 5176 eaque,
2129 5122 2253 5177 quae
2281 5119 2414 5163 tunc
2445 5106 2655 5164 ludatis
2685 5106 2911 5172 accidit,
2945 5105 3287 5175 captivitate,
3318 5108 3373 5153 et
3397 5114 3484 5162 ea,

1906 5213 2031 5269 qua?
2057 5207 2281 5270 Propter
2309 5199 2418 5271 27
2452 5214 2672 5256 crucem
2697 5197 2900 5255 Christi
2923 5195 3109 5252 futura
3145 5202 3320 5259 erant,
3360 5201 3487 5246 ante

1907 5291 2110 5347 docent
2133 5303 2319 5360 aperte
2347 5300 2441 5348 :et
2475 5307 2565 5358 ea,
2595 5306 2717 5363 qua:
2739 5299 2957 5361 propter
2979 5289 3132 5343 illum
3152 5283 3356 5341 Judzcis
3391 5299 3488 5354 per

1905 5382 2108 5442 bellum
2160 5381 2533 5439 Romanorum
2561 5382 2903 5446 acciderunt,
2936 5391 3060 5437 cum
3109 5377 3335 5450 sanguis
3365 5378 3488 5448 qui-

1907 5473 2031 5529 dem
2091 5474 2163 5529 ab
2220 5475 2328 5531 illis
2365 5475 2638 5547 plurimus
2674 5489 2773 5546 per
2811 5471 3054 5532 Iudaeam
3089 5470 3483 5535 elluudcretur,

224 5551 440 5607 καπνοῦ
472 5552 530 5606 δὲ
562 5554 940 5626 ἐγγινομένου,
966 5553 1074 5608 τῶν
1102 5554 1308 5609 πόλεων
1340 5557 1436 5610 καὶ
1474 5555 1580 5611 τῶν
1606 5558 1812 5630 κωμῶν

1921 5564 2098 5622 fumus
2151 5567 2280 5623 item
2320 5567 2760 5641 ingeneraretur,
2793 5567 3010 5641 oppidis
3044 5575 3096 5624 et
3124 5566 3260 5622 vicis
3291 5563 3484 5620 inccn-

1417 5670 1616 5734 Varim
1650 5673 1956 5743 lectiones
1995 5688 2054 5744 et
2100 5691 2287 5746 uoltu.

317 5789 434 5822 "°”
461 5791 639 5845 καῖτοι
682 5791 734 5846 in
761 5793 1007 5864 vulgatis.
1087 5794 1213 5848 "In
1249 5796 1470 5866 vulgatis
1506 5807 1606 5863 est,
1639 5799 1751 5852 ἐάν.

311 5933 326 5970 ἱ
361 5925 512 5998 Vulg.
555 5929 758 5982 somnia
798 5929 1148 5986 somniabtmt.
