  <div class='ocr_page' id='page_1' title='image "/cluster/home/n/w/nwhite01/storage/ocr_20150623/125/hvd.32044019208214/312.png"; bbox 0 0 3870 6540; ppageno 0'>
   <div class='ocr_carea' id='block_1_1' title="bbox 153 436 243 502">
    <p class='ocr_par' dir='ltr' id='par_1_1' title="bbox 153 436 243 502">
     <span class='ocr_line' id='line_1_1' title="bbox 153 436 243 502; baseline -0.044 0"><span class='ocrx_word' id='word_1_1' title='bbox 153 436 243 502; x_wconf 61' lang='grc' dir='ltr'><strong>θᾶἳ</strong></span> 
     </span>
    </p>
   </div>
   <div class='ocr_carea' id='block_1_2' title="bbox 945 434 2703 499">
    <p class='ocr_par' dir='ltr' id='par_1_2' title="bbox 945 434 2703 499">
     <span class='ocr_line' id='line_1_2' title="bbox 945 434 2703 499; baseline 0.001 -2"><span class='ocrx_word' id='word_1_2' title='bbox 945 435 1348 497; x_wconf 79' lang='lat' dir='ltr'><strong>EXPOSITIO</strong></span> <span class='ocrx_word' id='word_1_3' title='bbox 1382 434 1465 495; x_wconf 84' lang='lat' dir='ltr'><strong>1N</strong></span> <span class='ocrx_word' id='word_1_4' title='bbox 1501 435 1687 495; x_wconf 82' lang='lat' dir='ltr'><strong>ACTA</strong></span> <span class='ocrx_word' id='word_1_5' title='bbox 1724 435 2293 499; x_wconf 80' lang='lat' dir='ltr'><strong>APOSTOLORUM.</strong></span> <span class='ocrx_word' id='word_1_6' title='bbox 2320 462 2386 472; x_wconf 91' lang='grc'><strong>-</strong></span> <span class='ocrx_word' id='word_1_7' title='bbox 2421 437 2579 498; x_wconf 81' lang='lat' dir='ltr'><strong>CAP.</strong></span> <span class='ocrx_word' id='word_1_8' title='bbox 2620 439 2703 499; x_wconf 86' lang='lat' dir='ltr'><strong>II.</strong></span> 
     </span>
    </p>
   </div>
   <div class='ocr_carea' id='block_1_3' title="bbox 3305 434 3409 501">
    <p class='ocr_par' dir='ltr' id='par_1_3' title="bbox 3305 434 3409 501">
     <span class='ocr_line' id='line_1_3' title="bbox 3305 434 3409 501; baseline 0 0"><span class='ocrx_word' id='word_1_9' title='bbox 3305 434 3409 501; x_wconf 64' lang='grc'><strong>551</strong></span> 
     </span>
    </p>
   </div>
   <div class='ocr_carea' id='block_1_4' title="bbox 141 541 1695 617">
    <p class='ocr_par' dir='ltr' id='par_1_4' title="bbox 141 541 1695 613">
     <span class='ocr_line' id='line_1_4' title="bbox 141 541 1695 613; baseline -0.002 -15"><span class='ocrx_word' id='word_1_10' title='bbox 141 558 314 605; x_wconf 82' lang='grc' dir='ltr'><em>νατος·</em></span> <span class='ocrx_word' id='word_1_11' title='bbox 355 541 441 596; x_wconf 79' lang='grc' dir='ltr'><em>ὅτι</em></span> <span class='ocrx_word' id='word_1_12' title='bbox 477 544 575 596; x_wconf 75' lang='grc' dir='ltr'><strong>καὶ</strong></span> <span class='ocrx_word' id='word_1_13' title='bbox 609 544 813 612; x_wconf 72' lang='grc' dir='ltr'><em>Κύριον</em></span> <span class='ocrx_word' id='word_1_14' title='bbox 860 545 1022 597; x_wconf 70' lang='grc' dir='ltr'><em>αὑτὸν</em></span> <span class='ocrx_word' id='word_1_15' title='bbox 1065 544 1162 598; x_wconf 75' lang='grc' dir='ltr'><strong>καὶ</strong></span> <span class='ocrx_word' id='word_1_16' title='bbox 1206 543 1442 613; x_wconf 71' lang='grc' dir='ltr'><em>Χριστὸν</em></span> <span class='ocrx_word' id='word_1_17' title='bbox 1490 542 1520 591; x_wconf 82' lang='grc' dir='ltr'>ὁ</span> <span class='ocrx_word' id='word_1_18' title='bbox 1567 541 1695 604; x_wconf 73' lang='grc' dir='ltr'><strong>Θεὸς</strong></span> 
     </span>
    </p>
   </div>
   <div class='ocr_carea' id='block_1_5' title="bbox 1808 541 3405 617">
    <p class='ocr_par' dir='ltr' id='par_1_5' title="bbox 1808 541 3405 617">
     <span class='ocr_line' id='line_1_5' title="bbox 1808 541 3405 617; baseline 0.004 -24"><span class='ocrx_word' id='word_1_19' title='bbox 1808 543 1958 606; x_wconf 86' lang='lat' dir='ltr'><strong>dicit,</strong></span> <span class='ocrx_word' id='word_1_20' title='bbox 1988 541 2121 597; x_wconf 75' lang='lat' dir='ltr'><strong>Sede</strong></span> <span class='ocrx_word' id='word_1_21' title='bbox 2156 560 2187 597; x_wconf 89' lang='lat' dir='ltr'><strong>a</strong></span> <span class='ocrx_word' id='word_1_22' title='bbox 2222 543 2423 598; x_wconf 72' lang='lat' dir='ltr'><strong>dextris</strong></span> <span class='ocrx_word' id='word_1_23' title='bbox 2446 546 2596 617; x_wconf 79' lang='lat' dir='ltr'><strong>meis,</strong></span> <span class='ocrx_word' id='word_1_24' title='bbox 2622 544 2988 614; x_wconf 74' lang='lat' dir='ltr'><strong>aequalitatem</strong></span> <span class='ocrx_word' id='word_1_25' title='bbox 3021 543 3405 611; x_wconf 69' lang='lat' dir='ltr'><strong>intelligimus,</strong></span> 
     </span>
    </p>
   </div>
   <div class='ocr_carea' id='block_1_6' title="bbox 140 631 1707 707">
    <p class='ocr_par' dir='ltr' id='par_1_6' title="bbox 140 631 1707 707">
     <span class='ocr_line' id='line_1_6' title="bbox 140 631 1707 707; baseline -0.003 -17"><span class='ocrx_word' id='word_1_26' title='bbox 140 634 357 705; x_wconf 69' lang='grc' dir='ltr'><em>εποίησε.</em></span> <span class='ocrx_word' id='word_1_27' title='bbox 377 635 475 698; x_wconf 74' lang='grc' dir='ltr'><strong>Τὸ,</strong></span> <span class='ocrx_word' id='word_1_28' title='bbox 503 632 780 707; x_wconf 69' lang='grc' dir='ltr'><em>ὲποῖησεν,</em></span> <span class='ocrx_word' id='word_1_29' title='bbox 812 637 933 689; x_wconf 67' lang='grc' dir='ltr'><strong>ἀντὶ</strong></span> <span class='ocrx_word' id='word_1_30' title='bbox 960 635 1075 698; x_wconf 81' lang='grc' dir='ltr'><em>τοῦ,</em></span> <span class='ocrx_word' id='word_1_31' title='bbox 1105 635 1459 704; x_wconf 69' lang='grc' dir='ltr'><em>κατέστησεν.</em></span> <span class='ocrx_word' id='word_1_32' title='bbox 1488 632 1564 686; x_wconf 83' lang='grc' dir='ltr'><strong>Οὐ</strong></span> <span class='ocrx_word' id='word_1_33' title='bbox 1597 631 1707 703; x_wconf 89' lang='grc' dir='ltr'><em>γάρ</em></span> 
     </span>
    </p>
   </div>
   <div class='ocr_carea' id='block_1_7' title="bbox 140 724 1709 798">
    <p class='ocr_par' dir='ltr' id='par_1_7' title="bbox 140 724 1709 798">
     <span class='ocr_line' id='line_1_7' title="bbox 140 724 1709 798; baseline -0.003 -17"><span class='ocrx_word' id='word_1_34' title='bbox 140 733 285 789; x_wconf 73' lang='grc' dir='ltr'><em>ἐστιν,</em></span> <span class='ocrx_word' id='word_1_35' title='bbox 316 728 420 781; x_wconf 74' lang='grc' dir='ltr'><strong>οὐκ</strong></span> <span class='ocrx_word' id='word_1_36' title='bbox 459 728 578 781; x_wconf 72' lang='grc' dir='ltr'><em>ἔστι</em></span> <span class='ocrx_word' id='word_1_37' title='bbox 607 729 737 798; x_wconf 76' lang='grc' dir='ltr'><strong>περὶ</strong></span> <span class='ocrx_word' id='word_1_38' title='bbox 767 727 1080 791; x_wconf 76' lang='grc' dir='ltr'><em>οὐσιὼσεως</em></span> <span class='ocrx_word' id='word_1_39' title='bbox 1112 728 1209 781; x_wconf 77' lang='grc' dir='ltr'><strong>καὶ</strong></span> <span class='ocrx_word' id='word_1_40' title='bbox 1248 724 1602 788; x_wconf 75' lang='grc' dir='ltr'><em>ὑποστάσεως</em></span> <span class='ocrx_word' id='word_1_41' title='bbox 1625 741 1709 787; x_wconf 88' lang='grc' dir='ltr'><strong>τις</strong></span> 
     </span>
    </p>
   </div>
   <div class='ocr_carea' id='block_1_8' title="bbox 138 813 1700 889">
    <p class='ocr_par' dir='ltr' id='par_1_8' title="bbox 138 813 1700 889">
     <span class='ocr_line' id='line_1_8' title="bbox 138 813 1700 889; baseline -0.002 -19"><span class='ocrx_word' id='word_1_42' title='bbox 138 820 294 886; x_wconf 74' lang='grc' dir='ltr'><em>λόγος.</em></span> <span class='ocrx_word' id='word_1_43' title='bbox 322 813 458 872; x_wconf 79' lang='grc' dir='ltr'><em>Εἶτα</em></span> <span class='ocrx_word' id='word_1_44' title='bbox 477 820 633 873; x_wconf 71' lang='grc' dir='ltr'><strong>οΰπω</strong></span> <span class='ocrx_word' id='word_1_45' title='bbox 657 819 765 873; x_wconf 89' lang='grc' dir='ltr'>τῶν</span> <span class='ocrx_word' id='word_1_46' title='bbox 790 819 1066 874; x_wconf 79' lang='grc' dir='ltr'><strong>ταπεινῶν</strong></span> <span class='ocrx_word' id='word_1_47' title='bbox 1093 819 1409 889; x_wconf 79' lang='grc' dir='ltr'><em>ἀφίσταται.</em></span> <span class='ocrx_word' id='word_1_48' title='bbox 1435 819 1564 869; x_wconf 77' lang='grc' dir='ltr'><strong>Δέον</strong></span> <span class='ocrx_word' id='word_1_49' title='bbox 1589 815 1700 886; x_wconf 86' lang='grc' dir='ltr'><em>γὰρ</em></span> 
     </span>
    </p>
   </div>
   <div class='ocr_carea' id='block_1_9' title="bbox 139 905 1700 978">
    <p class='ocr_par' dir='ltr' id='par_1_9' title="bbox 139 905 1700 978">
     <span class='ocr_line' id='line_1_9' title="bbox 139 905 1700 978; baseline -0.002 -17"><span class='ocrx_word' id='word_1_50' title='bbox 139 911 420 976; x_wconf 70' lang='grc' dir='ltr'><em>ἐπαγαγεῖν</em></span> <span class='ocrx_word' id='word_1_51' title='bbox 444 925 461 941; x_wconf 77' lang='grc' dir='ltr'><em>ο</em></span> <span class='ocrx_word' id='word_1_52' title='bbox 494 910 755 978; x_wconf 77' lang='grc' dir='ltr'>ἀσφαλῶς</span> <span class='ocrx_word' id='word_1_53' title='bbox 782 909 1099 977; x_wconf 78' lang='grc' dir='ltr'><strong>γινωσκέτω</strong></span> <span class='ocrx_word' id='word_1_54' title='bbox 1126 911 1233 971; x_wconf 77' lang='grc' dir='ltr'><strong>πᾶς</strong></span> <span class='ocrx_word' id='word_1_55' title='bbox 1266 905 1418 973; x_wconf 83' lang='grc' dir='ltr'><em>οἶκος</em></span> <span class='ocrx_word' id='word_1_56' title='bbox 1459 906 1700 978; x_wconf 82' lang='grc' dir='ltr'><em>Ἰσραὴλ,</em></span> 
     </span>
    </p>
   </div>
   <div class='ocr_carea' id='block_1_10' title="bbox 134 997 1709 1071">
    <p class='ocr_par' dir='ltr' id='par_1_10' title="bbox 134 997 1709 1071">
     <span class='ocr_line' id='line_1_10' title="bbox 134 997 1709 1071; baseline -0.002 -20"><span class='ocrx_word' id='word_1_57' title='bbox 134 1001 201 1052; x_wconf 79' lang='grc' dir='ltr'><em>ὅτι</em></span> <span class='ocrx_word' id='word_1_58' title='bbox 224 1002 286 1052; x_wconf 76' lang='grc' dir='ltr'><strong>ἐκ</strong></span> <span class='ocrx_word' id='word_1_59' title='bbox 320 1000 513 1066; x_wconf 77' lang='grc' dir='ltr'>δεξιῶν</span> <span class='ocrx_word' id='word_1_60' title='bbox 533 1002 768 1071; x_wconf 82' lang='grc' dir='ltr'><em>κάθηται</em></span> <span class='ocrx_word' id='word_1_61' title='bbox 787 1017 804 1033; x_wconf 76' lang='grc'><strong><em>⁸</em></strong></span> <span class='ocrx_word' id='word_1_62' title='bbox 834 1000 997 1055; x_wconf 77' lang='grc' dir='ltr'><em>τοῦτο</em></span> <span class='ocrx_word' id='word_1_63' title='bbox 1040 1000 1150 1071; x_wconf 85' lang='grc' dir='ltr'><strong>γὰρ</strong></span> <span class='ocrx_word' id='word_1_64' title='bbox 1177 1001 1240 1053; x_wconf 82' lang='grc' dir='ltr'>ἐκ</span> <span class='ocrx_word' id='word_1_65' title='bbox 1272 999 1380 1052; x_wconf 88' lang='grc' dir='ltr'><em>τῶν</em></span> <span class='ocrx_word' id='word_1_66' title='bbox 1404 997 1709 1067; x_wconf 76' lang='grc' dir='ltr'><strong>εἰρημένων</strong></span> 
     </span>
    </p>
   </div>
   <div class='ocr_carea' id='block_1_11' title="bbox 137 1088 1689 1161">
    <p class='ocr_par' dir='ltr' id='par_1_11' title="bbox 137 1088 1689 1161">
     <span class='ocr_line' id='line_1_11' title="bbox 137 1088 1689 1161; baseline -0.001 -20"><span class='ocrx_word' id='word_1_67' title='bbox 137 1091 537 1159; x_wconf 79' lang='grc' dir='ltr'><em>συνεπεραίνετο</em></span> <span class='ocrx_word' id='word_1_68' title='bbox 566 1092 628 1145; x_wconf 80' lang='grc' dir='ltr'><strong>οὐ</strong></span> <span class='ocrx_word' id='word_1_69' title='bbox 651 1091 814 1145; x_wconf 80' lang='grc' dir='ltr'><em>τοῦτό</em></span> <span class='ocrx_word' id='word_1_70' title='bbox 838 1108 1005 1161; x_wconf 83' lang='grc' dir='ltr'><em>φησιν</em></span> <span class='ocrx_word' id='word_1_71' title='bbox 1023 1107 1039 1122; x_wconf 82' lang='lat'><strong><em>°</em></strong></span> <span class='ocrx_word' id='word_1_72' title='bbox 1070 1089 1203 1144; x_wconf 79' lang='grc' dir='ltr'><em>ἀλλὰ</em></span> <span class='ocrx_word' id='word_1_73' title='bbox 1237 1090 1299 1142; x_wconf 71' lang='grc' dir='ltr'><em>τὸ</em></span> <span class='ocrx_word' id='word_1_74' title='bbox 1327 1088 1462 1142; x_wconf 83' lang='grc' dir='ltr'><strong>πολὺ</strong></span> <span class='ocrx_word' id='word_1_75' title='bbox 1492 1104 1689 1141; x_wconf 81' lang='grc' dir='ltr'><em>ταπει-</em></span> 
     </span>
    </p>
   </div>
   <div class='ocr_carea' id='block_1_12' title="bbox 137 1177 1706 1255">
    <p class='ocr_par' dir='ltr' id='par_1_12' title="bbox 137 1177 1706 1255">
     <span class='ocr_line' id='line_1_12' title="bbox 137 1177 1706 1255; baseline -0.003 -21"><span class='ocrx_word' id='word_1_76' title='bbox 137 1180 366 1249; x_wconf 75' lang='grc' dir='ltr'><em>νότερονο</em></span> <span class='ocrx_word' id='word_1_77' title='bbox 396 1183 484 1235; x_wconf 84' lang='grc' dir='ltr'><em>ὅτι</em></span> <span class='ocrx_word' id='word_1_78' title='bbox 531 1183 628 1236; x_wconf 71' lang='grc' dir='ltr'><strong>καὶ</strong></span> <span class='ocrx_word' id='word_1_79' title='bbox 659 1182 866 1255; x_wconf 79' lang='grc' dir='ltr'>Κύριον</span> <span class='ocrx_word' id='word_1_80' title='bbox 899 1184 995 1234; x_wconf 74' lang='grc' dir='ltr'><strong>καὶ</strong></span> <span class='ocrx_word' id='word_1_81' title='bbox 1026 1182 1262 1252; x_wconf 75' lang='grc' dir='ltr'><em>Χριστὸν</em></span> <span class='ocrx_word' id='word_1_82' title='bbox 1300 1181 1462 1233; x_wconf 79' lang='grc' dir='ltr'><em>αὑτὸν</em></span> <span class='ocrx_word' id='word_1_83' title='bbox 1503 1179 1534 1231; x_wconf 83' lang='grc' dir='ltr'><strong>ὁ</strong></span> <span class='ocrx_word' id='word_1_84' title='bbox 1571 1177 1706 1241; x_wconf 82' lang='grc' dir='ltr'><em>Θεὸς</em></span> 
     </span>
    </p>
   </div>
   <div class='ocr_carea' id='block_1_13' title="bbox 137 1269 1704 1344">
    <p class='ocr_par' dir='ltr' id='par_1_13' title="bbox 137 1269 1704 1344">
     <span class='ocr_line' id='line_1_13' title="bbox 137 1269 1704 1344; baseline -0.001 -19"><span class='ocrx_word' id='word_1_85' title='bbox 137 1271 417 1340; x_wconf 69' lang='grc' dir='ltr'><em>κατέστησε</em></span> <span class='ocrx_word' id='word_1_86' title='bbox 440 1290 456 1303; x_wconf 89' lang='grc'><strong>·</strong></span> <span class='ocrx_word' id='word_1_87' title='bbox 489 1272 650 1327; x_wconf 79' lang='grc' dir='ltr'><em>τοῦτο</em></span> <span class='ocrx_word' id='word_1_88' title='bbox 675 1275 785 1344; x_wconf 85' lang='grc' dir='ltr'><em>γὰρ</em></span> <span class='ocrx_word' id='word_1_89' title='bbox 813 1274 967 1343; x_wconf 81' lang='grc' dir='ltr'><em>δηλοῖ</em></span> <span class='ocrx_word' id='word_1_90' title='bbox 986 1273 1071 1337; x_wconf 81' lang='grc' dir='ltr'><em>τὸ,</em></span> <span class='ocrx_word' id='word_1_91' title='bbox 1103 1274 1381 1340; x_wconf 75' lang='grc' dir='ltr'><em>ἐποίησεν.</em></span> <span class='ocrx_word' id='word_1_92' title='bbox 1416 1269 1573 1324; x_wconf 78' lang='grc' dir='ltr'><em>Οὕτω</em></span> <span class='ocrx_word' id='word_1_93' title='bbox 1597 1270 1704 1340; x_wconf 80' lang='grc' dir='ltr'><strong>χρὴ</strong></span> 
     </span>
    </p>
   </div>
   <div class='ocr_carea' id='block_1_14' title="bbox 139 1361 1701 1435">
    <p class='ocr_par' dir='ltr' id='par_1_14' title="bbox 139 1361 1701 1435">
     <span class='ocr_line' id='line_1_14' title="bbox 139 1361 1701 1435; baseline -0.003 -18"><span class='ocrx_word' id='word_1_94' title='bbox 139 1366 393 1435; x_wconf 78' lang='grc' dir='ltr'><em>πανταχοῦ</em></span> <span class='ocrx_word' id='word_1_95' title='bbox 446 1368 696 1432; x_wconf 85' lang='grc' dir='ltr'><strong>σκοπεῖν,</strong></span> <span class='ocrx_word' id='word_1_96' title='bbox 742 1367 812 1419; x_wconf 80' lang='grc' dir='ltr'><strong>δι’</strong></span> <span class='ocrx_word' id='word_1_97' title='bbox 852 1361 929 1420; x_wconf 80' lang='grc' dir='ltr'><strong>ὧν</strong></span> <span class='ocrx_word' id='word_1_98' title='bbox 972 1369 1083 1431; x_wconf 74' lang='grc' dir='ltr'><em>τοῖς</em></span> <span class='ocrx_word' id='word_1_99' title='bbox 1132 1365 1432 1435; x_wconf 80' lang='grc' dir='ltr'><strong>ἀκροαταῖς</strong></span> <span class='ocrx_word' id='word_1_100' title='bbox 1462 1361 1701 1430; x_wconf 80' lang='grc' dir='ltr'><em>ὠφέλεια</em></span> 
     </span>
    </p>
   </div>
   <div class='ocr_carea' id='block_1_15' title="bbox 132 1460 347 1523">
    <p class='ocr_par' dir='ltr' id='par_1_15' title="bbox 132 1460 347 1523">
     <span class='ocr_line' id='line_1_15' title="bbox 132 1460 347 1523; baseline 0.009 -14"><span class='ocrx_word' id='word_1_101' title='bbox 132 1460 347 1523; x_wconf 76' lang='grc' dir='ltr'><em>γίνεται.</em></span> 
     </span>
    </p>
   </div>
   <div class='ocr_carea' id='block_1_16' title="bbox 137 1547 2809 1621">
    <p class='ocr_par' dir='ltr' id='par_1_16' title="bbox 137 1547 2809 1621">
     <span class='ocr_line' id='line_1_16' title="bbox 137 1547 2809 1621; baseline 0.002 -20"><span class='ocrx_word' id='word_1_102' title='bbox 137 1549 321 1603; x_wconf 81' lang='lat' dir='ltr'><strong>Deinde</strong></span> <span class='ocrx_word' id='word_1_103' title='bbox 344 1549 588 1604; x_wconf 87' lang='lat' dir='ltr'><strong>nondum</strong></span> <span class='ocrx_word' id='word_1_104' title='bbox 610 1551 908 1606; x_wconf 86' lang='lat' dir='ltr'><strong>humilibus</strong></span> <span class='ocrx_word' id='word_1_105' title='bbox 930 1551 1428 1621; x_wconf 81' lang='lat' dir='ltr'><strong>superscdetutque</strong></span> <span class='ocrx_word' id='word_1_106' title='bbox 1459 1547 1696 1603; x_wconf 86' lang='lat' dir='ltr'><strong>desistit.</strong></span> <span class='ocrx_word' id='word_1_107' title='bbox 1733 1547 1868 1601; x_wconf 84' lang='lat' dir='ltr'><strong>Nam</strong></span> <span class='ocrx_word' id='word_1_108' title='bbox 1913 1563 2038 1604; x_wconf 89' lang='lat' dir='ltr'><strong>cum</strong></span> <span class='ocrx_word' id='word_1_109' title='bbox 2091 1558 2371 1619; x_wconf 85' lang='lat' dir='ltr'><strong>oporteret</strong></span> <span class='ocrx_word' id='word_1_110' title='bbox 2414 1550 2746 1621; x_wconf 86' lang='lat' dir='ltr'><strong>subjun’gere</strong></span> <span class='ocrx_word' id='word_1_111' title='bbox 2795 1570 2809 1607; x_wconf 88' lang='lat'>:</span> 
     </span>
    </p>
   </div>
   <div class='ocr_carea' id='block_1_17' title="bbox 1790 631 3404 713">
    <p class='ocr_par' dir='ltr' id='par_1_17' title="bbox 1790 631 3404 713">
     <span class='ocr_line' id='line_1_17' title="bbox 1790 631 3404 713; baseline 0.004 -29"><span class='ocrx_word' id='word_1_112' title='bbox 1790 639 1869 713; x_wconf 79' lang='lat' dir='ltr'><strong>et</strong></span> <span class='ocrx_word' id='word_1_113' title='bbox 1916 649 2100 701; x_wconf 88' lang='lat' dir='ltr'><strong>parem</strong></span> <span class='ocrx_word' id='word_1_114' title='bbox 2136 631 2256 688; x_wconf 81' lang='lat' dir='ltr'><strong>Filii</strong></span> <span class='ocrx_word' id='word_1_115' title='bbox 2302 648 2357 690; x_wconf 86' lang='lat' dir='ltr'><strong>et</strong></span> <span class='ocrx_word' id='word_1_116' title='bbox 2402 635 2582 690; x_wconf 86' lang='lat' dir='ltr'><strong>Patris</strong></span> <span class='ocrx_word' id='word_1_117' title='bbox 2619 635 3009 691; x_wconf 76' lang='lat' dir='ltr'><strong>conditionem.</strong></span> <span class='ocrx_word' id='word_1_118' title='bbox 3063 634 3197 690; x_wconf 83' lang='lat' dir='ltr'><strong>Nam</strong></span> <span class='ocrx_word' id='word_1_119' title='bbox 3232 636 3286 690; x_wconf 90' lang='lat' dir='ltr'><strong>in</strong></span> <span class='ocrx_word' id='word_1_120' title='bbox 3315 638 3404 691; x_wconf 83' lang='lat' dir='ltr'><strong>ln-</strong></span> 
     </span>
    </p>
   </div>
   <div class='ocr_carea' id='block_1_18' title="bbox 1817 724 3405 796">
    <p class='ocr_par' dir='ltr' id='par_1_18' title="bbox 1817 724 3405 796">
     <span class='ocr_line' id='line_1_18' title="bbox 1817 724 3405 796; baseline 0.005 -21"><span class='ocrx_word' id='word_1_121' title='bbox 1817 735 2083 791; x_wconf 86' lang='lat' dir='ltr'><strong>corporea</strong></span> <span class='ocrx_word' id='word_1_122' title='bbox 2121 732 2315 778; x_wconf 82' lang='lat' dir='ltr'><strong>natura</strong></span> <span class='ocrx_word' id='word_1_123' title='bbox 2354 739 2461 778; x_wconf 89' lang='lat' dir='ltr'><strong>non</strong></span> <span class='ocrx_word' id='word_1_124' title='bbox 2517 732 2697 795; x_wconf 81' lang='lat' dir='ltr'><strong>potest</strong></span> <span class='ocrx_word' id='word_1_125' title='bbox 2729 724 2956 796; x_wconf 87' lang='lat' dir='ltr'><strong>intelligi</strong></span> <span class='ocrx_word' id='word_1_126' title='bbox 3010 725 3262 781; x_wconf 77' lang='lat' dir='ltr'><strong>dextrum</strong></span> <span class='ocrx_word' id='word_1_127' title='bbox 3308 738 3405 783; x_wconf 89' lang='lat' dir='ltr'><strong>aut</strong></span> 
     </span>
    </p>
   </div>
   <div class='ocr_carea' id='block_1_19' title="bbox 1818 814 3481 890">
    <p class='ocr_par' dir='ltr' id='par_1_19' title="bbox 1818 814 3481 890">
     <span class='ocr_line' id='line_1_19' title="bbox 1818 814 3481 890; baseline 0.006 -23"><span class='ocrx_word' id='word_1_128' title='bbox 1818 814 2126 868; x_wconf 90' lang='lat' dir='ltr'><strong>sinistrum.</strong></span> <span class='ocrx_word' id='word_1_129' title='bbox 2169 814 2403 881; x_wconf 82' lang='lat' dir='ltr'><strong>Quinam</strong></span> <span class='ocrx_word' id='word_1_130' title='bbox 2434 825 2614 871; x_wconf 89' lang='lat' dir='ltr'><strong>autem</strong></span> <span class='ocrx_word' id='word_1_131' title='bbox 2659 821 2770 871; x_wconf 78' lang='lat' dir='ltr'><strong>sint</strong></span> <span class='ocrx_word' id='word_1_132' title='bbox 2816 817 3049 883; x_wconf 86' lang='lat' dir='ltr'><strong>inimici,</strong></span> <span class='ocrx_word' id='word_1_133' title='bbox 3099 820 3403 890; x_wconf 74' lang='lat' dir='ltr'><strong>Apostolus</strong></span> <span class='ocrx_word' id='word_1_134' title='bbox 3478 836 3481 839; x_wconf 77' lang='lat'>‘</span> 
     </span>
    </p>
   </div>
   <div class='ocr_carea' id='block_1_20' title="bbox 1816 903 3403 981">
    <p class='ocr_par' dir='ltr' id='par_1_20' title="bbox 1816 903 3403 981">
     <span class='ocr_line' id='line_1_20' title="bbox 1816 903 3403 981; baseline 0.004 -23"><span class='ocrx_word' id='word_1_135' title='bbox 1816 903 2090 972; x_wconf 80' lang='lat' dir='ltr'><strong>signiﬁcat</strong></span> <span class='ocrx_word' id='word_1_136' title='bbox 2117 906 2209 960; x_wconf 89' lang='lat' dir='ltr'><strong>ubi</strong></span> <span class='ocrx_word' id='word_1_137' title='bbox 2235 907 2469 960; x_wconf 87' lang='lat' dir='ltr'><strong>clamat:</strong></span> <span class='ocrx_word' id='word_1_138' title='bbox 2505 906 2642 961; x_wconf 90' lang='lat' dir='ltr'><strong>Cum</strong></span> <span class='ocrx_word' id='word_1_139' title='bbox 2676 907 2973 963; x_wconf 77' lang='lat' dir='ltr'><strong>aboleverit</strong></span> <span class='ocrx_word' id='word_1_140' title='bbox 2995 923 3211 966; x_wconf 86' lang='lat' dir='ltr'><strong>onmem</strong></span> <span class='ocrx_word' id='word_1_141' title='bbox 3244 910 3403 981; x_wconf 82' lang='lat' dir='ltr'><strong>prin-</strong></span> 
     </span>
    </p>
   </div>
   <div class='ocr_carea' id='block_1_21' title="bbox 1808 996 3403 1068">
    <p class='ocr_par' dir='ltr' id='par_1_21' title="bbox 1808 996 3403 1068">
     <span class='ocr_line' id='line_1_21' title="bbox 1808 996 3403 1068; baseline 0.007 -18"><span class='ocrx_word' id='word_1_142' title='bbox 1808 996 2060 1065; x_wconf 82' lang='lat' dir='ltr'><strong>cipatum</strong></span> <span class='ocrx_word' id='word_1_143' title='bbox 2111 1006 2165 1051; x_wconf 89' lang='lat' dir='ltr'><strong>et</strong></span> <span class='ocrx_word' id='word_1_144' title='bbox 2223 1010 2440 1052; x_wconf 89' lang='lat' dir='ltr'><strong>omnem</strong></span> <span class='ocrx_word' id='word_1_145' title='bbox 2481 1006 2828 1068; x_wconf 83' lang='lat' dir='ltr'><strong>potestatem,</strong></span> <span class='ocrx_word' id='word_1_146' title='bbox 2868 1000 3094 1057; x_wconf 87' lang='lat' dir='ltr'><strong>ultimus</strong></span> <span class='ocrx_word' id='word_1_147' title='bbox 3142 1003 3403 1061; x_wconf 83' lang='lat' dir='ltr'><strong>inimicus</strong></span> 
     </span>
    </p>
   </div>
   <div class='ocr_carea' id='block_1_22' title="bbox 1812 1088 3398 1158">
    <p class='ocr_par' dir='ltr' id='par_1_22' title="bbox 1812 1088 3398 1158">
     <span class='ocr_line' id='line_1_22' title="bbox 1812 1088 3398 1158; baseline 0.004 -17"><span class='ocrx_word' id='word_1_148' title='bbox 1812 1088 2067 1143; x_wconf 80' lang='lat' dir='ltr'><strong>aboletur</strong></span> <span class='ocrx_word' id='word_1_149' title='bbox 2114 1103 2282 1143; x_wconf 87' lang='lat' dir='ltr'><strong>mors.</strong></span> <span class='ocrx_word' id='word_1_150' title='bbox 2343 1090 2409 1144; x_wconf 84' lang='lat' dir='ltr'><strong>Et</strong></span> <span class='ocrx_word' id='word_1_151' title='bbox 2440 1090 2752 1158; x_wconf 86' lang='lat' dir='ltr'><strong>Dominum,</strong></span> <span class='ocrx_word' id='word_1_152' title='bbox 2795 1104 2842 1148; x_wconf 91' lang='lat' dir='ltr'><strong>et</strong></span> <span class='ocrx_word' id='word_1_153' title='bbox 2880 1093 3158 1150; x_wconf 85' lang='lat' dir='ltr'><strong>Christum</strong></span> <span class='ocrx_word' id='word_1_154' title='bbox 3213 1111 3243 1151; x_wconf 90' lang='lat' dir='ltr'><strong>a</strong></span> <span class='ocrx_word' id='word_1_155' title='bbox 3286 1095 3398 1151; x_wconf 85' lang='lat' dir='ltr'><strong>Deo</strong></span> 
     </span>
    </p>
   </div>
   <div class='ocr_carea' id='block_1_23' title="bbox 1824 1179 3399 1257">
    <p class='ocr_par' dir='ltr' id='par_1_23' title="bbox 1824 1179 3399 1257">
     <span class='ocr_line' id='line_1_23' title="bbox 1824 1179 3399 1257; baseline 0.003 -24"><span class='ocrx_word' id='word_1_156' title='bbox 1824 1179 2060 1245; x_wconf 80' lang='lat' dir='ltr'><strong>factum,</strong></span> <span class='ocrx_word' id='word_1_157' title='bbox 2101 1193 2226 1235; x_wconf 77' lang='lat' dir='ltr'><strong>esse</strong></span> <span class='ocrx_word' id='word_1_158' title='bbox 2281 1180 2427 1235; x_wconf 88' lang='lat' dir='ltr'><strong>hunc</strong></span> <span class='ocrx_word' id='word_1_159' title='bbox 2460 1181 2662 1251; x_wconf 87' lang='lat' dir='ltr'><strong>ipsum.</strong></span> <span class='ocrx_word' id='word_1_160' title='bbox 2705 1182 2933 1239; x_wconf 81' lang='lat' dir='ltr'><strong>Factum</strong></span> <span class='ocrx_word' id='word_1_161' title='bbox 2983 1201 3127 1250; x_wconf 82' lang='lat' dir='ltr'><strong>esse,</strong></span> <span class='ocrx_word' id='word_1_162' title='bbox 3173 1203 3275 1257; x_wconf 88' lang='lat' dir='ltr'><strong>pro</strong></span> <span class='ocrx_word' id='word_1_163' title='bbox 3308 1202 3399 1243; x_wconf 61' lang='lat' dir='ltr'><strong>eo.</strong></span> 
     </span>
    </p>
   </div>
   <div class='ocr_carea' id='block_1_24' title="bbox 1806 1272 3401 1346">
    <p class='ocr_par' dir='ltr' id='par_1_24' title="bbox 1806 1272 3401 1346">
     <span class='ocr_line' id='line_1_24' title="bbox 1806 1272 3401 1346; baseline 0.004 -21"><span class='ocrx_word' id='word_1_164' title='bbox 1806 1272 1951 1342; x_wconf 85' lang='lat' dir='ltr'><strong>quod</strong></span> <span class='ocrx_word' id='word_1_165' title='bbox 1979 1279 2064 1326; x_wconf 87' lang='lat' dir='ltr'><strong>est</strong></span> <span class='ocrx_word' id='word_1_166' title='bbox 2091 1272 2453 1327; x_wconf 89' lang='lat' dir='ltr'><strong>constitutum</strong></span> <span class='ocrx_word' id='word_1_167' title='bbox 2487 1288 2629 1329; x_wconf 88' lang='lat' dir='ltr'><strong>esse.</strong></span> <span class='ocrx_word' id='word_1_168' title='bbox 2661 1273 2853 1330; x_wconf 77' lang='lat' dir='ltr'><strong>Nullus</strong></span> <span class='ocrx_word' id='word_1_169' title='bbox 2876 1277 3021 1330; x_wconf 90' lang='lat' dir='ltr'><strong>enim</strong></span> <span class='ocrx_word' id='word_1_170' title='bbox 3056 1293 3280 1346; x_wconf 86' lang='lat' dir='ltr'><strong>prorsus</strong></span> <span class='ocrx_word' id='word_1_171' title='bbox 3313 1290 3401 1333; x_wconf 77' lang='lat' dir='ltr'><strong>est</strong></span> 
     </span>
    </p>
   </div>
   <div class='ocr_carea' id='block_1_25' title="bbox 1814 1363 3399 1429">
    <p class='ocr_par' dir='ltr' id='par_1_25' title="bbox 1814 1363 3399 1429">
     <span class='ocr_line' id='line_1_25' title="bbox 1814 1363 3399 1429; baseline 0.006 -12"><span class='ocrx_word' id='word_1_172' title='bbox 1814 1378 1999 1418; x_wconf 83' lang='lat' dir='ltr'><strong>sermo</strong></span> <span class='ocrx_word' id='word_1_173' title='bbox 2052 1365 2122 1419; x_wconf 89' lang='lat' dir='ltr'><strong>de</strong></span> <span class='ocrx_word' id='word_1_174' title='bbox 2172 1364 2388 1429; x_wconf 87' lang='lat' dir='ltr'><strong>nsiosi,</strong></span> <span class='ocrx_word' id='word_1_175' title='bbox 2434 1363 2489 1419; x_wconf 89' lang='lat' dir='ltr'><strong>id</strong></span> <span class='ocrx_word' id='word_1_176' title='bbox 2529 1372 2613 1422; x_wconf 86' lang='lat' dir='ltr'><strong>cst</strong></span> <span class='ocrx_word' id='word_1_177' title='bbox 2670 1367 2737 1422; x_wconf 89' lang='lat' dir='ltr'><strong>de</strong></span> <span class='ocrx_word' id='word_1_178' title='bbox 2778 1369 3238 1425; x_wconf 87' lang='lat' dir='ltr'><strong>substantiatione</strong></span> <span class='ocrx_word' id='word_1_179' title='bbox 3302 1386 3399 1426; x_wconf 84' lang='lat' dir='ltr'><strong>seu</strong></span> 
     </span>
    </p>
   </div>
   <div class='ocr_carea' id='block_1_26' title="bbox 1808 1456 3389 1530">
    <p class='ocr_par' dir='ltr' id='par_1_26' title="bbox 1808 1456 3389 1530">
     <span class='ocr_line' id='line_1_26' title="bbox 1808 1456 3389 1530; baseline 0.004 -21"><span class='ocrx_word' id='word_1_180' title='bbox 1808 1456 2201 1511; x_wconf 82' lang='lat' dir='ltr'><strong>cssenliatione</strong></span> <span class='ocrx_word' id='word_1_181' title='bbox 2268 1465 2323 1511; x_wconf 89' lang='lat' dir='ltr'><strong>et</strong></span> <span class='ocrx_word' id='word_1_182' title='bbox 2374 1457 2677 1530; x_wconf 84' lang='lat' dir='ltr'><strong>hypostasi,</strong></span> <span class='ocrx_word' id='word_1_183' title='bbox 2734 1458 2788 1513; x_wconf 90' lang='lat' dir='ltr'><strong>id</strong></span> <span class='ocrx_word' id='word_1_184' title='bbox 2840 1469 2946 1525; x_wconf 89' lang='lat' dir='ltr'><strong>est,</strong></span> <span class='ocrx_word' id='word_1_185' title='bbox 3007 1462 3389 1516; x_wconf 83' lang='lat' dir='ltr'><strong>subsistentia.</strong></span> 
     </span>
    </p>
   </div>
   <div class='ocr_carea' id='block_1_27' title="bbox 2876 1550 3397 1614">
    <p class='ocr_par' dir='ltr' id='par_1_27' title="bbox 2876 1550 3397 1614">
     <span class='ocr_line' id='line_1_27' title="bbox 2876 1550 3397 1614; baseline 0 -7"><span class='ocrx_word' id='word_1_186' title='bbox 2876 1550 3039 1607; x_wconf 87' lang='lat' dir='ltr'><strong>Certo</strong></span> <span class='ocrx_word' id='word_1_187' title='bbox 3086 1553 3225 1608; x_wconf 84' lang='lat' dir='ltr'><strong>sciat</strong></span> <span class='ocrx_word' id='word_1_188' title='bbox 3284 1564 3397 1614; x_wconf 81' lang='lat' dir='ltr'><strong>tota</strong></span> 
     </span>
    </p>
   </div>
   <div class='ocr_carea' id='block_1_28' title="bbox 131 1641 3397 1719">
    <p class='ocr_par' dir='ltr' id='par_1_28' title="bbox 131 1641 3397 1719">
     <span class='ocr_line' id='line_1_28' title="bbox 131 1641 3397 1719; baseline 0.003 -24"><span class='ocrx_word' id='word_1_189' title='bbox 131 1642 310 1697; x_wconf 84' lang='lat' dir='ltr'><strong>domus</strong></span> <span class='ocrx_word' id='word_1_190' title='bbox 340 1641 586 1709; x_wconf 85' lang='lat' dir='ltr'><strong>lsraclis,</strong></span> <span class='ocrx_word' id='word_1_191' title='bbox 611 1646 765 1699; x_wconf 89' lang='lat' dir='ltr'><strong>illum</strong></span> <span class='ocrx_word' id='word_1_192' title='bbox 798 1661 827 1699; x_wconf 86' lang='lat' dir='ltr'><strong>a</strong></span> <span class='ocrx_word' id='word_1_193' title='bbox 869 1646 1081 1702; x_wconf 77' lang='lat' dir='ltr'><strong>dextris</strong></span> <span class='ocrx_word' id='word_1_194' title='bbox 1147 1646 1336 1700; x_wconf 85' lang='lat' dir='ltr'><strong>sedere</strong></span> <span class='ocrx_word' id='word_1_195' title='bbox 1372 1662 1386 1698; x_wconf 90' lang='lat'><strong>:</strong></span> <span class='ocrx_word' id='word_1_196' title='bbox 1442 1644 1545 1699; x_wconf 89' lang='lat' dir='ltr'><strong>hoc</strong></span> <span class='ocrx_word' id='word_1_197' title='bbox 1582 1643 1727 1699; x_wconf 88' lang='lat' dir='ltr'><strong>enim</strong></span> <span class='ocrx_word' id='word_1_198' title='bbox 1770 1657 1835 1697; x_wconf 75' lang='lat' dir='ltr'><strong>ex</strong></span> <span class='ocrx_word' id='word_1_199' title='bbox 1872 1645 2168 1700; x_wconf 84' lang='lat' dir='ltr'><strong>antedictis</strong></span> <span class='ocrx_word' id='word_1_200' title='bbox 2202 1646 2607 1716; x_wconf 80' lang='lat' dir='ltr'><strong>colligebatur:</strong></span> <span class='ocrx_word' id='word_1_201' title='bbox 2659 1660 2768 1700; x_wconf 91' lang='lat' dir='ltr'><strong>non</strong></span> <span class='ocrx_word' id='word_1_202' title='bbox 2802 1649 2902 1702; x_wconf 91' lang='lat' dir='ltr'><strong>hoc</strong></span> <span class='ocrx_word' id='word_1_203' title='bbox 2931 1648 3027 1714; x_wconf 85' lang='lat' dir='ltr'><strong>ait,</strong></span> <span class='ocrx_word' id='word_1_204' title='bbox 3086 1651 3179 1705; x_wconf 90' lang='lat' dir='ltr'><strong>sed</strong></span> <span class='ocrx_word' id='word_1_205' title='bbox 3250 1651 3397 1719; x_wconf 84' lang='lat' dir='ltr'><strong>quod</strong></span> 
     </span>
    </p>
   </div>
   <div class='ocr_carea' id='block_1_29' title="bbox 133 1735 3223 1810">
    <p class='ocr_par' dir='ltr' id='par_1_29' title="bbox 133 1735 3223 1810">
     <span class='ocr_line' id='line_1_29' title="bbox 133 1735 3223 1810; baseline 0.004 -21"><span class='ocrx_word' id='word_1_206' title='bbox 133 1735 287 1789; x_wconf 84' lang='lat' dir='ltr'><strong>multo</strong></span> <span class='ocrx_word' id='word_1_207' title='bbox 313 1735 576 1792; x_wconf 85' lang='lat' dir='ltr'><strong>humilius</strong></span> <span class='ocrx_word' id='word_1_208' title='bbox 620 1747 675 1792; x_wconf 89' lang='lat' dir='ltr'><strong>et</strong></span> <span class='ocrx_word' id='word_1_209' title='bbox 700 1739 968 1808; x_wconf 78' lang='lat' dir='ltr'><strong>abjectius</strong></span> <span class='ocrx_word' id='word_1_210' title='bbox 1005 1749 1109 1801; x_wconf 83' lang='lat' dir='ltr'><strong>est.</strong></span> <span class='ocrx_word' id='word_1_211' title='bbox 1142 1754 1335 1810; x_wconf 86' lang='lat' dir='ltr'><strong>nempe</strong></span> <span class='ocrx_word' id='word_1_212' title='bbox 1379 1738 1669 1793; x_wconf 84' lang='lat' dir='ltr'><strong>Dominum</strong></span> <span class='ocrx_word' id='word_1_213' title='bbox 1730 1738 1883 1794; x_wconf 88' lang='lat' dir='ltr'><strong>illum</strong></span> <span class='ocrx_word' id='word_1_214' title='bbox 1938 1747 1992 1794; x_wconf 89' lang='lat' dir='ltr'><strong>et</strong></span> <span class='ocrx_word' id='word_1_215' title='bbox 2028 1738 2307 1795; x_wconf 89' lang='lat' dir='ltr'><strong>Christum</strong></span> <span class='ocrx_word' id='word_1_216' title='bbox 2357 1757 2388 1795; x_wconf 89' lang='lat' dir='ltr'><strong>a</strong></span> <span class='ocrx_word' id='word_1_217' title='bbox 2435 1740 2545 1796; x_wconf 80' lang='lat' dir='ltr'><strong>Deo</strong></span> <span class='ocrx_word' id='word_1_218' title='bbox 2594 1742 2950 1798; x_wconf 88' lang='lat' dir='ltr'><strong>constitutum</strong></span> <span class='ocrx_word' id='word_1_219' title='bbox 3028 1761 3149 1802; x_wconf 89' lang='lat' dir='ltr'><strong>esse</strong></span> <span class='ocrx_word' id='word_1_220' title='bbox 3208 1765 3223 1800; x_wconf 87' lang='lat'><strong>:</strong></span> 
     </span>
    </p>
   </div>
   <div class='ocr_carea' id='block_1_30' title="bbox 3294 1750 3401 1805">
    <p class='ocr_par' dir='ltr' id='par_1_30' title="bbox 3294 1750 3401 1805">
     <span class='ocr_line' id='line_1_30' title="bbox 3294 1750 3401 1805; baseline 0.028 -2"><span class='ocrx_word' id='word_1_221' title='bbox 3294 1750 3401 1805; x_wconf 90' lang='lat' dir='ltr'><strong>hcc</strong></span> 
     </span>
    </p>
   </div>
   <div class='ocr_carea' id='block_1_31' title="bbox 131 1828 3400 1909">
    <p class='ocr_par' dir='ltr' id='par_1_31' title="bbox 131 1828 3400 1909">
     <span class='ocr_line' id='line_1_31' title="bbox 131 1828 3400 1909; baseline 0.005 -29"><span class='ocrx_word' id='word_1_222' title='bbox 131 1828 258 1880; x_wconf 82' lang='lat' dir='ltr'><strong>enim</strong></span> <span class='ocrx_word' id='word_1_223' title='bbox 308 1828 583 1897; x_wconf 79' lang='lat' dir='ltr'><strong>signiﬁcat</strong></span> <span class='ocrx_word' id='word_1_224' title='bbox 650 1832 902 1896; x_wconf 83' lang='lat' dir='ltr'><strong>verbum,</strong></span> <span class='ocrx_word' id='word_1_225' title='bbox 944 1830 1149 1887; x_wconf 80' lang='lat' dir='ltr'><strong>factum</strong></span> <span class='ocrx_word' id='word_1_226' title='bbox 1198 1847 1339 1888; x_wconf 86' lang='lat' dir='ltr'><strong>esse.</strong></span> <span class='ocrx_word' id='word_1_227' title='bbox 1388 1829 1466 1885; x_wconf 82' lang='lat' dir='ltr'><strong>ita</strong></span> <span class='ocrx_word' id='word_1_228' title='bbox 1521 1839 1736 1901; x_wconf 84' lang='lat' dir='ltr'><strong>oportet</strong></span> <span class='ocrx_word' id='word_1_229' title='bbox 1795 1830 1997 1900; x_wconf 86' lang='lat' dir='ltr'><strong>ubique</strong></span> <span class='ocrx_word' id='word_1_230' title='bbox 2043 1831 2312 1902; x_wconf 80' lang='lat' dir='ltr'><strong>dispicere</strong></span> <span class='ocrx_word' id='word_1_231' title='bbox 2363 1842 2525 1905; x_wconf 86' lang='lat' dir='ltr'><strong>atque</strong></span> <span class='ocrx_word' id='word_1_232' title='bbox 2591 1834 2965 1903; x_wconf 86' lang='lat' dir='ltr'><strong>considerare,</strong></span> <span class='ocrx_word' id='word_1_233' title='bbox 3021 1853 3130 1909; x_wconf 89' lang='lat' dir='ltr'><strong>qua</strong></span> <span class='ocrx_word' id='word_1_234' title='bbox 3186 1841 3400 1905; x_wconf 75' lang='lat' dir='ltr'><strong>ratione</strong></span> 
     </span>
    </p>
   </div>
   <div class='ocr_carea' id='block_1_32' title="bbox 131 1920 984 1991">
    <p class='ocr_par' dir='ltr' id='par_1_32' title="bbox 131 1920 984 1991">
     <span class='ocr_line' id='line_1_32' title="bbox 131 1920 984 1991; baseline 0.006 -18"><span class='ocrx_word' id='word_1_235' title='bbox 131 1920 389 1976; x_wconf 82' lang='lat' dir='ltr'><strong>auditores</strong></span> <span class='ocrx_word' id='word_1_236' title='bbox 422 1921 641 1991; x_wconf 86' lang='lat' dir='ltr'><strong>capiant</strong></span> <span class='ocrx_word' id='word_1_237' title='bbox 679 1922 984 1978; x_wconf 83' lang='lat' dir='ltr'><strong>utilitatem.</strong></span> 
     </span>
    </p>
   </div>
   <div class='ocr_carea' id='block_1_33' title="bbox 198 2008 1695 2090">
    <p class='ocr_par' dir='ltr' id='par_1_33' title="bbox 198 2013 1693 2085">
     <span class='ocr_line' id='line_1_33' title="bbox 198 2013 1693 2085; baseline 0.001 -18"><span class='ocrx_word' id='word_1_238' title='bbox 198 2013 597 2080; x_wconf 80' lang='grc' dir='ltr'><strong>Ἀκούσαντες</strong></span> <span class='ocrx_word' id='word_1_239' title='bbox 637 2014 709 2069; x_wconf 82' lang='grc' dir='ltr'><em>δὲ</em></span> <span class='ocrx_word' id='word_1_240' title='bbox 751 2017 1172 2085; x_wconf 68' lang='grc' dir='ltr'><strong>κατενύγησαν</strong></span> <span class='ocrx_word' id='word_1_241' title='bbox 1190 2017 1238 2048; x_wconf 72' lang='grc'>⁸⁸</span> <span class='ocrx_word' id='word_1_242' title='bbox 1301 2016 1376 2085; x_wconf 75' lang='grc' dir='ltr'><em>τῇ</em></span> <span class='ocrx_word' id='word_1_243' title='bbox 1440 2015 1654 2085; x_wconf 78' lang='grc' dir='ltr'><em>καρδία</em></span> <span class='ocrx_word' id='word_1_244' title='bbox 1677 2056 1693 2080; x_wconf 91' lang='grc'><strong>,</strong></span> 
     </span>
    </p>
   </div>
   <div class='ocr_carea' id='block_1_34' title="bbox 1808 2008 3395 2090">
    <p class='ocr_par' dir='ltr' id='par_1_34' title="bbox 1870 2008 3395 2081">
     <span class='ocr_line' id='line_1_34' title="bbox 1870 2008 3395 2081; baseline 0.001 -13"><span class='ocrx_word' id='word_1_245' title='bbox 1870 2011 2033 2068; x_wconf 73' lang='lat' dir='ltr'><strong>Vens.</strong></span> <span class='ocrx_word' id='word_1_246' title='bbox 2067 2013 2156 2067; x_wconf 79' lang='lat'><strong>57.</strong></span> <span class='ocrx_word' id='word_1_247' title='bbox 2190 2008 2290 2065; x_wconf 83' lang='lat' dir='ltr'><strong>llis</strong></span> <span class='ocrx_word' id='word_1_248' title='bbox 2322 2018 2496 2064; x_wconf 84' lang='lat' dir='ltr'><strong>autem</strong></span> <span class='ocrx_word' id='word_1_249' title='bbox 2525 2009 2610 2063; x_wconf 86' lang='lat' dir='ltr'><strong>illi</strong></span> <span class='ocrx_word' id='word_1_250' title='bbox 2637 2010 2855 2071; x_wconf 83' lang='lat' dir='ltr'><strong>auditis,</strong></span> <span class='ocrx_word' id='word_1_251' title='bbox 2893 2012 3048 2065; x_wconf 77' lang='lat' dir='ltr'><strong>corde</strong></span> <span class='ocrx_word' id='word_1_252' title='bbox 3097 2016 3395 2081; x_wconf 79' lang='lat' dir='ltr'><strong>compuncti</strong></span> 
     </span>
    </p>
   </div>
   <div class='ocr_carea' id='block_1_35' title="bbox 130 2101 1700 2176">
    <p class='ocr_par' dir='ltr' id='par_1_35' title="bbox 130 2101 1700 2176">
     <span class='ocr_line' id='line_1_35' title="bbox 130 2101 1700 2176; baseline 0.001 -19"><span class='ocrx_word' id='word_1_253' title='bbox 130 2101 286 2158; x_wconf 63' lang='lat' dir='ltr'><strong>etm-</strong></span> <span class='ocrx_word' id='word_1_254' title='bbox 335 2122 401 2159; x_wconf 84' lang='grc' dir='ltr'><strong>τε</strong></span> <span class='ocrx_word' id='word_1_255' title='bbox 449 2107 601 2176; x_wconf 71' lang='grc' dir='ltr'><strong>πρός</strong></span> <span class='ocrx_word' id='word_1_256' title='bbox 652 2107 758 2160; x_wconf 80' lang='grc' dir='ltr'><em>τὸν</em></span> <span class='ocrx_word' id='word_1_257' title='bbox 808 2106 1034 2175; x_wconf 77' lang='grc' dir='ltr'><em>Πέτρον</em></span> <span class='ocrx_word' id='word_1_258' title='bbox 1094 2108 1191 2161; x_wconf 74' lang='grc' dir='ltr'><em>καί</em></span> <span class='ocrx_word' id='word_1_259' title='bbox 1259 2109 1400 2173; x_wconf 79' lang='grc' dir='ltr'><em>τοὺς</em></span> <span class='ocrx_word' id='word_1_260' title='bbox 1444 2104 1700 2171; x_wconf 71' lang='grc' dir='ltr'><em>ἷιοιποὺς</em></span> 
     </span>
    </p>
   </div>
   <div class='ocr_carea' id='block_1_36' title="bbox 130 2200 1586 2272">
    <p class='ocr_par' dir='ltr' id='par_1_36' title="bbox 130 2200 1586 2272">
     <span class='ocr_line' id='line_1_36' title="bbox 130 2200 1586 2272; baseline 0.003 -19"><span class='ocrx_word' id='word_1_261' title='bbox 130 2200 498 2265; x_wconf 70' lang='grc' dir='ltr'><strong>ἀποστόλους</strong></span> <span class='ocrx_word' id='word_1_262' title='bbox 522 2217 537 2231; x_wconf 86' lang='grc'><strong>·</strong></span> <span class='ocrx_word' id='word_1_263' title='bbox 584 2201 645 2254; x_wconf 84' lang='grc' dir='ltr'><em>Τί</em></span> <span class='ocrx_word' id='word_1_264' title='bbox 678 2202 1033 2270; x_wconf 75' lang='grc' dir='ltr'><em>ποιήσομεν,</em></span> <span class='ocrx_word' id='word_1_265' title='bbox 1061 2201 1277 2271; x_wconf 80' lang='grc' dir='ltr'><em>ἄνδρες</em></span> <span class='ocrx_word' id='word_1_266' title='bbox 1308 2202 1586 2272; x_wconf 49' lang='grc' dir='ltr'><em>ἀδελφοῦ</em></span> 
     </span>
    </p>
   </div>
   <div class='ocr_carea' id='block_1_37' title="bbox 189 2291 1698 2361">
    <p class='ocr_par' dir='ltr' id='par_1_37' title="bbox 189 2291 1698 2361">
     <span class='ocr_line' id='line_1_37' title="bbox 189 2291 1698 2361; baseline 0.002 -16"><span class='ocrx_word' id='word_1_267' title='bbox 189 2292 405 2358; x_wconf 80' lang='grc' dir='ltr'><strong>Πέτρος</strong></span> <span class='ocrx_word' id='word_1_268' title='bbox 426 2291 494 2343; x_wconf 80' lang='grc' dir='ltr'><em>δὲ</em></span> <span class='ocrx_word' id='word_1_269' title='bbox 516 2291 561 2323; x_wconf 71' lang='grc'><strong>⁸⁷</strong></span> <span class='ocrx_word' id='word_1_270' title='bbox 592 2293 708 2361; x_wconf 66' lang='grc' dir='ltr'><em>ἔφη</em></span> <span class='ocrx_word' id='word_1_271' title='bbox 759 2292 911 2359; x_wconf 76' lang='grc' dir='ltr'><em>πρὸς</em></span> <span class='ocrx_word' id='word_1_272' title='bbox 962 2292 1221 2357; x_wconf 81' lang='grc' dir='ltr'><em>αὐτούς’</em></span> <span class='ocrx_word' id='word_1_273' title='bbox 1252 2294 1698 2359; x_wconf 77' lang='grc' dir='ltr'><strong>Μετανοήσατε,</strong></span> 
     </span>
    </p>
   </div>
   <div class='ocr_carea' id='block_1_38' title="bbox 132 2381 1702 2455">
    <p class='ocr_par' dir='ltr' id='par_1_38' title="bbox 132 2381 1702 2455">
     <span class='ocr_line' id='line_1_38' title="bbox 132 2381 1702 2455; baseline 0.004 -21"><span class='ocrx_word' id='word_1_274' title='bbox 132 2383 212 2434; x_wconf 78' lang='grc' dir='ltr'><em>καὶ</em></span> <span class='ocrx_word' id='word_1_275' title='bbox 240 2381 636 2450; x_wconf 71' lang='grc' dir='ltr'><em>,βαπτισθήτω</em></span> <span class='ocrx_word' id='word_1_276' title='bbox 683 2382 943 2450; x_wconf 78' lang='grc' dir='ltr'><em>ἕκαστος</em></span> <span class='ocrx_word' id='word_1_277' title='bbox 973 2382 1140 2453; x_wconf 81' lang='grc' dir='ltr'><strong>ὑμῶν</strong></span> <span class='ocrx_word' id='word_1_278' title='bbox 1172 2384 1270 2439; x_wconf 75' lang='grc' dir='ltr'><strong>ἐπὶ</strong></span> <span class='ocrx_word' id='word_1_279' title='bbox 1318 2385 1401 2452; x_wconf 85' lang='grc' dir='ltr'><em>τῷ</em></span> <span class='ocrx_word' id='word_1_280' title='bbox 1451 2385 1702 2455; x_wconf 70' lang='grc' dir='ltr'><em>ὀνόματι</em></span> 
     </span>
    </p>
   </div>
   <div class='ocr_carea' id='block_1_39' title="bbox 147 2473 1697 2547">
    <p class='ocr_par' dir='ltr' id='par_1_39' title="bbox 147 2473 1697 2547">
     <span class='ocr_line' id='line_1_39' title="bbox 147 2473 1697 2547; baseline 0.003 -20"><span class='ocrx_word' id='word_1_281' title='bbox 147 2473 333 2541; x_wconf 84' lang='grc' dir='ltr'><em>Ἰησοῦ</em></span> <span class='ocrx_word' id='word_1_282' title='bbox 361 2473 645 2543; x_wconf 84' lang='grc' dir='ltr'><em>Χριστοῦ,</em></span> <span class='ocrx_word' id='word_1_283' title='bbox 694 2477 781 2541; x_wconf 83' lang='grc' dir='ltr'><em>εὶς</em></span> <span class='ocrx_word' id='word_1_284' title='bbox 832 2475 1058 2545; x_wconf 67' lang='grc' dir='ltr'><em>ἄφεσιν</em></span> <span class='ocrx_word' id='word_1_285' title='bbox 1084 2475 1418 2545; x_wconf 78' lang='grc' dir='ltr'><em>ἁμαρτιῶν·</em></span> <span class='ocrx_word' id='word_1_286' title='bbox 1463 2478 1557 2530; x_wconf 82' lang='grc' dir='ltr'><strong>καὶ</strong></span> <span class='ocrx_word' id='word_1_287' title='bbox 1587 2476 1697 2547; x_wconf 60' lang='lat'><strong>.115-</strong></span> 
     </span>
    </p>
   </div>
   <div class='ocr_carea' id='block_1_40' title="bbox 133 2565 1439 2636">
    <p class='ocr_par' dir='ltr' id='par_1_40' title="bbox 133 2565 1439 2636">
     <span class='ocr_line' id='line_1_40' title="bbox 133 2565 1439 2636; baseline 0.002 -17"><span class='ocrx_word' id='word_1_288' title='bbox 133 2567 303 2634; x_wconf 59' lang='grc' dir='ltr'><em>ψεσθε</em></span> <span class='ocrx_word' id='word_1_289' title='bbox 328 2565 445 2632; x_wconf 80' lang='grc' dir='ltr'><em>τὴν</em></span> <span class='ocrx_word' id='word_1_290' title='bbox 475 2565 704 2634; x_wconf 80' lang='grc' dir='ltr'><em>δωρεὰν</em></span> <span class='ocrx_word' id='word_1_291' title='bbox 734 2566 840 2620; x_wconf 86' lang='grc' dir='ltr'><em>τοῦ</em></span> <span class='ocrx_word' id='word_1_292' title='bbox 868 2566 1044 2635; x_wconf 74' lang='grc' dir='ltr'><em>ἁγίου</em></span> <span class='ocrx_word' id='word_1_293' title='bbox 1075 2567 1439 2636; x_wconf 79' lang='grc' dir='ltr'><em>Πνεύματος.</em></span> 
     </span>
    </p>
   </div>
   <div class='ocr_carea' id='block_1_41' title="bbox 201 2674 1751 2748">
    <p class='ocr_par' dir='ltr' id='par_1_41' title="bbox 201 2674 1751 2748">
     <span class='ocr_line' id='line_1_41' title="bbox 201 2674 1751 2748; baseline 0.003 -22"><span class='ocrx_word' id='word_1_294' title='bbox 201 2674 366 2743; x_wconf 81' lang='grc' dir='ltr'><em>Ὑμῖν</em></span> <span class='ocrx_word' id='word_1_295' title='bbox 393 2675 507 2744; x_wconf 71' lang='grc' dir='ltr'><em>γάρ</em></span> <span class='ocrx_word' id='word_1_296' title='bbox 536 2676 709 2730; x_wconf 80' lang='grc' dir='ltr'><em>ἐστιν</em></span> <span class='ocrx_word' id='word_1_297' title='bbox 734 2678 773 2745; x_wconf 74' lang='grc' dir='ltr'><strong><em>ἡ</em></strong></span> <span class='ocrx_word' id='word_1_298' title='bbox 795 2678 1153 2748; x_wconf 70' lang='grc' dir='ltr'><em>ἐπαγγελία,-</em></span> <span class='ocrx_word' id='word_1_299' title='bbox 1175 2678 1275 2732; x_wconf 81' lang='grc' dir='ltr'><strong>και</strong></span> <span class='ocrx_word' id='word_1_300' title='bbox 1306 2679 1432 2745; x_wconf 81' lang='grc' dir='ltr'><em>τοῖς</em></span> <span class='ocrx_word' id='word_1_301' title='bbox 1465 2678 1700 2744; x_wconf 73' lang='grc' dir='ltr'><em>τέκνοις</em></span> <span class='ocrx_word' id='word_1_302' title='bbox 1745 2674 1751 2683; x_wconf 78' lang='grc'><em>’</em></span> 
     </span>
    </p>
   </div>
   <div class='ocr_carea' id='block_1_42' title="bbox 134 2765 1695 2841">
    <p class='ocr_par' dir='ltr' id='par_1_42' title="bbox 134 2765 1695 2841">
     <span class='ocr_line' id='line_1_42' title="bbox 134 2765 1695 2841; baseline 0.003 -22"><span class='ocrx_word' id='word_1_303' title='bbox 134 2765 301 2834; x_wconf 75' lang='grc' dir='ltr'><em>ὑμῶν,</em></span> <span class='ocrx_word' id='word_1_304' title='bbox 338 2771 431 2819; x_wconf 76' lang='grc' dir='ltr'><em>καὶ</em></span> <span class='ocrx_word' id='word_1_305' title='bbox 460 2766 613 2822; x_wconf 82' lang='grc' dir='ltr'><em>πᾶσι</em></span> <span class='ocrx_word' id='word_1_306' title='bbox 639 2769 763 2836; x_wconf 80' lang='grc' dir='ltr'><em>τοῖς</em></span> <span class='ocrx_word' id='word_1_307' title='bbox 792 2773 879 2835; x_wconf 82' lang='grc' dir='ltr'><strong>εὶς</strong></span> <span class='ocrx_word' id='word_1_308' title='bbox 896 2771 1156 2841; x_wconf 74' lang='grc' dir='ltr'><em>μακρὰν,</em></span> <span class='ocrx_word' id='word_1_309' title='bbox 1188 2770 1378 2837; x_wconf 86' lang='grc' dir='ltr'><em>ὅσους</em></span> <span class='ocrx_word' id='word_1_310' title='bbox 1401 2769 1481 2824; x_wconf 83' lang='grc' dir='ltr'><em>ἂν</em></span> <span class='ocrx_word' id='word_1_311' title='bbox 1507 2786 1695 2840; x_wconf 83' lang='grc' dir='ltr'><em>προσ-</em></span> 
     </span>
    </p>
   </div>
   <div class='ocr_carea' id='block_1_43' title="bbox 134 2858 1154 2932">
    <p class='ocr_par' dir='ltr' id='par_1_43' title="bbox 134 2858 1154 2932">
     <span class='ocr_line' id='line_1_43' title="bbox 134 2858 1154 2932; baseline 0.004 -20"><span class='ocrx_word' id='word_1_312' title='bbox 134 2858 445 2926; x_wconf 67' lang='grc' dir='ltr'><em>καλέσηται</em></span> <span class='ocrx_word' id='word_1_313' title='bbox 472 2862 691 2928; x_wconf 79' lang='grc' dir='ltr'><em>Κύριος</em></span> <span class='ocrx_word' id='word_1_314' title='bbox 730 2863 761 2915; x_wconf 85' lang='grc' dir='ltr'><strong><em>ό</em></strong></span> <span class='ocrx_word' id='word_1_315' title='bbox 796 2862 941 2928; x_wconf 80' lang='grc' dir='ltr'><em>Θεὸς</em></span> <span class='ocrx_word' id='word_1_316' title='bbox 965 2861 1154 2932; x_wconf 69' lang='grc' dir='ltr'><strong>ἡμῶν.</strong></span> 
     </span>
    </p>
   </div>
   <div class='ocr_carea' id='block_1_44' title="bbox 200 2971 1695 3043">
    <p class='ocr_par' dir='ltr' id='par_1_44' title="bbox 200 2971 1695 3043">
     <span class='ocr_line' id='line_1_44' title="bbox 200 2971 1695 3043; baseline 0.001 -17"><span class='ocrx_word' id='word_1_317' title='bbox 200 2971 453 3041; x_wconf 76' lang='grc' dir='ltr'><em>Ἑτέρως</em></span> <span class='ocrx_word' id='word_1_318' title='bbox 505 2989 570 3025; x_wconf 87' lang='grc' dir='ltr'><strong>τε</strong></span> <span class='ocrx_word' id='word_1_319' title='bbox 614 2974 821 3040; x_wconf 73' lang='grc' dir='ltr'><em>λόγοις</em></span> <span class='ocrx_word' id='word_1_320' title='bbox 883 2973 1125 3027; x_wconf 78' lang='grc' dir='ltr'><em>πλείοσι</em></span> <span class='ocrx_word' id='word_1_321' title='bbox 1170 2973 1598 3043; x_wconf 82' lang='grc' dir='ltr'><strong>διεμαρτύρατο</strong></span> <span class='ocrx_word' id='word_1_322' title='bbox 1614 2973 1695 3038; x_wconf 79' lang='grc'><strong>⁸⁸,</strong></span> 
     </span>
    </p>
   </div>
   <div class='ocr_carea' id='block_1_45' title="bbox 131 3061 1698 3135">
    <p class='ocr_par' dir='ltr' id='par_1_45' title="bbox 131 3061 1698 3135">
     <span class='ocr_line' id='line_1_45' title="bbox 131 3061 1698 3135; baseline 0.001 -18"><span class='ocrx_word' id='word_1_323' title='bbox 131 3063 214 3117; x_wconf 71' lang='grc' dir='ltr'><em>καί</em></span> <span class='ocrx_word' id='word_1_324' title='bbox 244 3063 571 3131; x_wconf 70' lang='grc' dir='ltr'><em>παρεκάλει</em></span> <span class='ocrx_word' id='word_1_325' title='bbox 603 3064 819 3133; x_wconf 73' lang='grc' dir='ltr'><em>λέγων·</em></span> <span class='ocrx_word' id='word_1_326' title='bbox 847 3064 1080 3132; x_wconf 78' lang='grc' dir='ltr'><strong>Σώθητε</strong></span> <span class='ocrx_word' id='word_1_327' title='bbox 1099 3066 1143 3097; x_wconf 75' lang='grc'><strong>³⁸</strong></span> <span class='ocrx_word' id='word_1_328' title='bbox 1172 3065 1293 3119; x_wconf 81' lang='grc' dir='ltr'><strong>ἀπὸ</strong></span> <span class='ocrx_word' id='word_1_329' title='bbox 1345 3063 1455 3133; x_wconf 81' lang='grc' dir='ltr'><em>τῆς</em></span> <span class='ocrx_word' id='word_1_330' title='bbox 1488 3061 1698 3135; x_wconf 73' lang='grc' dir='ltr'><em>γενεᾶς</em></span> 
     </span>
    </p>
   </div>
   <div class='ocr_carea' id='block_1_46' title="bbox 134 3152 785 3223">
    <p class='ocr_par' dir='ltr' id='par_1_46' title="bbox 134 3152 785 3223">
     <span class='ocr_line' id='line_1_46' title="bbox 134 3152 785 3223; baseline 0.003 -15"><span class='ocrx_word' id='word_1_331' title='bbox 134 3152 229 3223; x_wconf 84' lang='grc' dir='ltr'><em>τῆς</em></span> <span class='ocrx_word' id='word_1_332' title='bbox 257 3155 509 3222; x_wconf 73' lang='grc' dir='ltr'><em>σκολιᾶς</em></span> <span class='ocrx_word' id='word_1_333' title='bbox 538 3157 785 3223; x_wconf 80' lang='grc' dir='ltr'><em>ταύτης.</em></span> 
     </span>
    </p>
   </div>
   <div class='ocr_carea' id='block_1_47' title="bbox 209 3358 1693 3431">
    <p class='ocr_par' dir='ltr' id='par_1_47' title="bbox 209 3358 1693 3431">
     <span class='ocr_line' id='line_1_47' title="bbox 209 3358 1693 3431; baseline 0 -18"><span class='ocrx_word' id='word_1_334' title='bbox 209 3358 365 3431; x_wconf 74' lang='grc' dir='ltr'><em>Ὁρᾷς</em></span> <span class='ocrx_word' id='word_1_335' title='bbox 392 3361 520 3415; x_wconf 83' lang='grc' dir='ltr'><em>ὅσον</em></span> <span class='ocrx_word' id='word_1_336' title='bbox 546 3362 697 3416; x_wconf 70' lang='grc' dir='ltr'><em>ἐστὶν</em></span> <span class='ocrx_word' id='word_1_337' title='bbox 740 3360 1012 3416; x_wconf 78' lang='grc' dir='ltr'><em>ὲπιείγεια</em></span> <span class='ocrx_word' id='word_1_338' title='bbox 1032 3376 1046 3390; x_wconf 87' lang='grc'><strong>·</strong></span> <span class='ocrx_word' id='word_1_339' title='bbox 1078 3361 1156 3424; x_wconf 80' lang='grc' dir='ltr'><em>ὡς</em></span> <span class='ocrx_word' id='word_1_340' title='bbox 1188 3359 1329 3431; x_wconf 77' lang='grc' dir='ltr'><em>αὕτη</em></span> <span class='ocrx_word' id='word_1_341' title='bbox 1366 3360 1566 3430; x_wconf 80' lang='grc' dir='ltr'><em>μᾶλλον</em></span> <span class='ocrx_word' id='word_1_342' title='bbox 1594 3362 1693 3429; x_wconf 83' lang='grc' dir='ltr'><em>τῆς</em></span> 
     </span>
    </p>
   </div>
   <div class='ocr_carea' id='block_1_48' title="bbox 139 3451 1696 3523">
    <p class='ocr_par' dir='ltr' id='par_1_48' title="bbox 139 3451 1696 3523">
     <span class='ocr_line' id='line_1_48' title="bbox 139 3451 1696 3523; baseline -0.003 -16"><span class='ocrx_word' id='word_1_343' title='bbox 139 3451 475 3522; x_wconf 71' lang='grc' dir='ltr'><strong>σφοδρότητος</strong></span> <span class='ocrx_word' id='word_1_344' title='bbox 504 3452 604 3514; x_wconf 84' lang='grc' dir='ltr'><em>τὰς</em></span> <span class='ocrx_word' id='word_1_345' title='bbox 633 3452 862 3523; x_wconf 81' lang='grc' dir='ltr'><em>καρδίας</em></span> <span class='ocrx_word' id='word_1_346' title='bbox 887 3451 996 3505; x_wconf 85' lang='grc' dir='ltr'>τῶν</span> <span class='ocrx_word' id='word_1_347' title='bbox 1024 3451 1329 3520; x_wconf 77' lang='grc' dir='ltr'>ἀνθρώπιον</span> <span class='ocrx_word' id='word_1_348' title='bbox 1387 3451 1696 3520; x_wconf 79' lang='grc' dir='ltr'><em>κατακεντᾷ</em></span> 
     </span>
    </p>
   </div>
   <div class='ocr_carea' id='block_1_49' title="bbox 137 3543 1695 3616">
    <p class='ocr_par' dir='ltr' id='par_1_49' title="bbox 137 3543 1695 3616">
     <span class='ocr_line' id='line_1_49' title="bbox 137 3543 1695 3616; baseline 0 -20"><span class='ocrx_word' id='word_1_349' title='bbox 137 3545 223 3597; x_wconf 70' lang='grc' dir='ltr'><strong>καὶ</strong></span> <span class='ocrx_word' id='word_1_350' title='bbox 248 3543 503 3614; x_wconf 58' lang='lat' dir='ltr'><strong>pultis-se:</strong></span> <span class='ocrx_word' id='word_1_351' title='bbox 523 3562 539 3577; x_wconf 81' lang='grc'><em>’</em></span> <span class='ocrx_word' id='word_1_352' title='bbox 574 3544 671 3598; x_wconf 73' lang='grc' dir='ltr'><strong>καὶ</strong></span> <span class='ocrx_word' id='word_1_353' title='bbox 697 3545 808 3616; x_wconf 84' lang='grc' dir='ltr'><em>γὰρ</em></span> <span class='ocrx_word' id='word_1_354' title='bbox 840 3544 1073 3600; x_wconf 75' lang='grc' dir='ltr'><em>ἐνταῦθα</em></span> <span class='ocrx_word' id='word_1_355' title='bbox 1110 3547 1140 3598; x_wconf 85' lang='grc' dir='ltr'>ὁ</span> <span class='ocrx_word' id='word_1_356' title='bbox 1178 3544 1450 3614; x_wconf 85' lang='grc' dir='ltr'><em>μακάριος</em></span> <span class='ocrx_word' id='word_1_357' title='bbox 1486 3543 1695 3612; x_wconf 79' lang='grc' dir='ltr'><em>Πέτρος</em></span> 
     </span>
    </p>
   </div>
   <div class='ocr_carea' id='block_1_50' title="bbox 138 3632 1698 3711">
    <p class='ocr_par' dir='ltr' id='par_1_50' title="bbox 138 3632 1698 3711">
     <span class='ocr_line' id='line_1_50' title="bbox 138 3632 1698 3711; baseline -0.001 -25"><span class='ocrx_word' id='word_1_358' title='bbox 138 3634 385 3704; x_wconf 75' lang='grc' dir='ltr'><strong>ἀνέμνησε</strong></span> <span class='ocrx_word' id='word_1_359' title='bbox 408 3636 511 3711; x_wconf 73' lang='grc' dir='ltr'><strong>μὲν</strong></span> <span class='ocrx_word' id='word_1_360' title='bbox 538 3634 737 3696; x_wconf 81' lang='grc' dir='ltr'><em>αὐτοὺς</em></span> <span class='ocrx_word' id='word_1_361' title='bbox 759 3634 868 3689; x_wconf 88' lang='grc' dir='ltr'><em>τῶν</em></span> <span class='ocrx_word' id='word_1_362' title='bbox 892 3635 1109 3693; x_wconf 77' lang='grc' dir='ltr'><strong>οἰκείων</strong></span> <span class='ocrx_word' id='word_1_363' title='bbox 1146 3634 1534 3703; x_wconf 80' lang='grc' dir='ltr'><strong>τολμημάτων,</strong></span> <span class='ocrx_word' id='word_1_364' title='bbox 1558 3632 1698 3686; x_wconf 81' lang='grc' dir='ltr'><em>ἀλλὰ</em></span> 
     </span>
    </p>
   </div>
   <div class='ocr_carea' id='block_1_51' title="bbox 137 3724 1697 3797">
    <p class='ocr_par' dir='ltr' id='par_1_51' title="bbox 137 3724 1697 3797">
     <span class='ocr_line' id='line_1_51' title="bbox 137 3724 1697 3797; baseline -0.003 -17"><span class='ocrx_word' id='word_1_365' title='bbox 137 3724 325 3794; x_wconf 82' lang='grc' dir='ltr'><em>πράως,</em></span> <span class='ocrx_word' id='word_1_366' title='bbox 356 3730 450 3778; x_wconf 79' lang='grc' dir='ltr'><strong>καὶ</strong></span> <span class='ocrx_word' id='word_1_367' title='bbox 479 3727 639 3789; x_wconf 43' lang='grc' dir='ltr'><em>οὐδὲν,</em></span> <span class='ocrx_word' id='word_1_368' title='bbox 655 3727 925 3797; x_wconf 79' lang='grc' dir='ltr'><em>τιμωρίας</em></span> <span class='ocrx_word' id='word_1_369' title='bbox 957 3725 1315 3797; x_wconf 82' lang='grc' dir='ltr'><strong>προσέθηκεν.</strong></span> <span class='ocrx_word' id='word_1_370' title='bbox 1364 3725 1697 3797; x_wconf 85' lang='grc' dir='ltr'><em>ᾘδέσθησαν</em></span> 
     </span>
    </p>
   </div>
   <div class='ocr_carea' id='block_1_52' title="bbox 136 3809 1695 3886">
    <p class='ocr_par' dir='ltr' id='par_1_52' title="bbox 136 3809 1695 3886">
     <span class='ocr_line' id='line_1_52' title="bbox 136 3809 1695 3886; baseline 0.004 -24"><span class='ocrx_word' id='word_1_371' title='bbox 136 3809 221 3863; x_wconf 80' lang='grc' dir='ltr'><strong>οὖν</strong></span> <span class='ocrx_word' id='word_1_372' title='bbox 243 3813 328 3867; x_wconf 81' lang='grc' dir='ltr'><strong>τοῦ</strong></span> <span class='ocrx_word' id='word_1_373' title='bbox 353 3815 563 3886; x_wconf 83' lang='grc' dir='ltr'><em>Πέτρου</em></span> <span class='ocrx_word' id='word_1_374' title='bbox 583 3816 683 3886; x_wconf 82' lang='grc' dir='ltr'><em>τὴν</em></span> <span class='ocrx_word' id='word_1_375' title='bbox 713 3816 1036 3881; x_wconf 73' lang='grc' dir='ltr'><em>ἐπιείκειαν,</em></span> <span class='ocrx_word' id='word_1_376' title='bbox 1064 3817 1146 3870; x_wconf 83' lang='grc' dir='ltr'><em>ὅτι</em></span> <span class='ocrx_word' id='word_1_377' title='bbox 1177 3819 1290 3878; x_wconf 84' lang='grc' dir='ltr'><em>τοῖς</em></span> <span class='ocrx_word' id='word_1_378' title='bbox 1312 3816 1403 3869; x_wconf 83' lang='grc' dir='ltr'><em>τὸν</em></span> <span class='ocrx_word' id='word_1_379' title='bbox 1418 3816 1695 3884; x_wconf 83' lang='grc' dir='ltr'><em>Δεσπότην</em></span> 
     </span>
    </p>
   </div>
   <div class='ocr_carea' id='block_1_53' title="bbox 139 3904 1697 3980">
    <p class='ocr_par' dir='ltr' id='par_1_53' title="bbox 139 3904 1697 3980">
     <span class='ocr_line' id='line_1_53' title="bbox 139 3904 1697 3980; baseline 0.004 -24"><span class='ocrx_word' id='word_1_380' title='bbox 139 3904 290 3958; x_wconf 78' lang='grc' dir='ltr'><em>αὑτοῦ</em></span> <span class='ocrx_word' id='word_1_381' title='bbox 341 3908 556 3980; x_wconf 80' lang='grc' dir='ltr'><strong>θανάτῳ</strong></span> <span class='ocrx_word' id='word_1_382' title='bbox 607 3911 1047 3980; x_wconf 71' lang='grc' dir='ltr'><strong>παραδεδωκόσι·</strong></span> <span class='ocrx_word' id='word_1_383' title='bbox 1080 3911 1176 3963; x_wconf 76' lang='grc' dir='ltr'><strong>καὶ</strong></span> <span class='ocrx_word' id='word_1_384' title='bbox 1227 3911 1308 3963; x_wconf 71' lang='grc' dir='ltr'><em>ἔτι</em></span> <span class='ocrx_word' id='word_1_385' title='bbox 1354 3910 1475 3965; x_wconf 81' lang='grc' dir='ltr'><em>κατ’</em></span> <span class='ocrx_word' id='word_1_386' title='bbox 1517 3909 1697 3963; x_wconf 79' lang='grc' dir='ltr'><em>αὐτῶν</em></span> 
     </span>
    </p>
   </div>
   <div class='ocr_carea' id='block_1_54' title="bbox 137 3998 1696 4073">
    <p class='ocr_par' dir='ltr' id='par_1_54' title="bbox 137 3998 1696 4073">
     <span class='ocr_line' id='line_1_54' title="bbox 137 3998 1696 4073; baseline 0.003 -24"><span class='ocrx_word' id='word_1_387' title='bbox 137 3998 342 4053; x_wconf 73' lang='grc' dir='ltr'><em>ἐκείνων</em></span> <span class='ocrx_word' id='word_1_388' title='bbox 365 4002 570 4070; x_wconf 82' lang='grc' dir='ltr'><em>φονῶσι</em></span> <span class='ocrx_word' id='word_1_389' title='bbox 596 4004 692 4055; x_wconf 80' lang='grc' dir='ltr'><strong>καὶ</strong></span> <span class='ocrx_word' id='word_1_390' title='bbox 720 4003 929 4057; x_wconf 80' lang='grc' dir='ltr'><em>ἀνελεῖν</em></span> <span class='ocrx_word' id='word_1_391' title='bbox 951 4002 1329 4073; x_wconf 74' lang='grc' dir='ltr'><em>ἐπιθυμοῦσιν,</em></span> <span class='ocrx_word' id='word_1_392' title='bbox 1362 4002 1522 4065; x_wconf 73' lang='grc' dir='ltr'><em>αὐτὸς</em></span> <span class='ocrx_word' id='word_1_393' title='bbox 1549 4002 1696 4072; x_wconf 70' lang='grc' dir='ltr'><em>ὅμως</em></span> 
     </span>
    </p>
   </div>
   <div class='ocr_carea' id='block_1_55' title="bbox 135 4091 1695 4164">
    <p class='ocr_par' dir='ltr' id='par_1_55' title="bbox 135 4091 1695 4164">
     <span class='ocr_line' id='line_1_55' title="bbox 135 4091 1695 4164; baseline 0.004 -24"><span class='ocrx_word' id='word_1_394' title='bbox 135 4091 188 4141; x_wconf 73' lang='grc' dir='ltr'><em>ὲν</em></span> <span class='ocrx_word' id='word_1_395' title='bbox 215 4091 356 4158; x_wconf 78' lang='grc' dir='ltr'><em>τάξει</em></span> <span class='ocrx_word' id='word_1_396' title='bbox 391 4094 599 4163; x_wconf 73' lang='grc' dir='ltr'><em>πατρὸς</em></span> <span class='ocrx_word' id='word_1_397' title='bbox 633 4096 725 4147; x_wconf 80' lang='grc' dir='ltr'><strong>καὶ</strong></span> <span class='ocrx_word' id='word_1_398' title='bbox 753 4093 1073 4148; x_wconf 70' lang='grc' dir='ltr'><strong>διδασκάλου</strong></span> <span class='ocrx_word' id='word_1_399' title='bbox 1105 4093 1477 4164; x_wconf 81' lang='grc' dir='ltr'><strong>κηδεμονικῶς</strong></span> <span class='ocrx_word' id='word_1_400' title='bbox 1510 4094 1695 4156; x_wconf 81' lang='grc' dir='ltr'><em>αὐτοῖς</em></span> 
     </span>
    </p>
   </div>
   <div class='ocr_carea' id='block_1_56' title="bbox 134 4176 1694 4254">
    <p class='ocr_par' dir='ltr' id='par_1_56' title="bbox 134 4176 1694 4254">
     <span class='ocr_line' id='line_1_56' title="bbox 134 4176 1694 4254; baseline 0.003 -24"><span class='ocrx_word' id='word_1_401' title='bbox 134 4176 400 4247; x_wconf 76' lang='grc' dir='ltr'><em>διελέγετο.</em></span> <span class='ocrx_word' id='word_1_402' title='bbox 430 4182 820 4253; x_wconf 81' lang='grc' dir='ltr'><em>Κατενύγησαν</em></span> <span class='ocrx_word' id='word_1_403' title='bbox 841 4183 973 4253; x_wconf 84' lang='grc' dir='ltr'><em>γὰρ,</em></span> <span class='ocrx_word' id='word_1_404' title='bbox 1000 4183 1186 4253; x_wconf 74' lang='grc' dir='ltr'><em>φησίψ</em></span> <span class='ocrx_word' id='word_1_405' title='bbox 1203 4184 1315 4254; x_wconf 82' lang='grc' dir='ltr'><strong>Οὐχ</strong></span> <span class='ocrx_word' id='word_1_406' title='bbox 1335 4183 1522 4246; x_wconf 80' lang='grc' dir='ltr'><em>ἁπλῶς</em></span> <span class='ocrx_word' id='word_1_407' title='bbox 1543 4181 1694 4235; x_wconf 76' lang='grc' dir='ltr'><em>ἐπειο</em></span> 
     </span>
    </p>
   </div>
   <div class='ocr_carea' id='block_1_57' title="bbox 141 4272 1692 4347">
    <p class='ocr_par' dir='ltr' id='par_1_57' title="bbox 141 4272 1692 4347">
     <span class='ocr_line' id='line_1_57' title="bbox 141 4272 1692 4347; baseline 0.008 -25"><span class='ocrx_word' id='word_1_408' title='bbox 141 4272 347 4338; x_wconf 77' lang='grc' dir='ltr'><em>οθησαν,</em></span> <span class='ocrx_word' id='word_1_409' title='bbox 379 4274 518 4327; x_wconf 78' lang='grc' dir='ltr'><em>ἀλλὰ</em></span> <span class='ocrx_word' id='word_1_410' title='bbox 560 4275 920 4343; x_wconf 80' lang='grc' dir='ltr'><em>καταγνόντες</em></span> <span class='ocrx_word' id='word_1_411' title='bbox 980 4277 1212 4329; x_wconf 84' lang='grc' dir='ltr'><em>ἑαυτῶν.</em></span> <span class='ocrx_word' id='word_1_412' title='bbox 1267 4276 1381 4330; x_wconf 75' lang='grc' dir='ltr'><strong>Καὶ</strong></span> <span class='ocrx_word' id='word_1_413' title='bbox 1408 4278 1512 4347; x_wconf 84' lang='grc' dir='ltr'><em>γάρ</em></span> <span class='ocrx_word' id='word_1_414' title='bbox 1536 4291 1692 4345; x_wconf 73' lang='grc' dir='ltr'><em>φησι.</em></span> 
     </span>
    </p>
   </div>
   <div class='ocr_carea' id='block_1_58' title="bbox 138 4359 1694 4438">
    <p class='ocr_par' dir='ltr' id='par_1_58' title="bbox 138 4359 1694 4438">
     <span class='ocr_line' id='line_1_58' title="bbox 138 4359 1694 4438; baseline 0.002 -24"><span class='ocrx_word' id='word_1_415' title='bbox 138 4359 197 4414; x_wconf 86' lang='grc' dir='ltr'><em>τί</em></span> <span class='ocrx_word' id='word_1_416' title='bbox 226 4367 532 4435; x_wconf 71' lang='grc' dir='ltr'><em>ποιήσομεν,</em></span> <span class='ocrx_word' id='word_1_417' title='bbox 570 4366 785 4433; x_wconf 76' lang='grc' dir='ltr'><em>ἀδελφοί</em></span> <span class='ocrx_word' id='word_1_418' title='bbox 804 4384 819 4433; x_wconf 88' lang='grc'><strong>;</strong></span> <span class='ocrx_word' id='word_1_419' title='bbox 839 4367 912 4430; x_wconf 83' lang='grc' dir='ltr'><em>ὡς</em></span> <span class='ocrx_word' id='word_1_420' title='bbox 934 4367 1288 4438; x_wconf 71' lang='grc' dir='ltr'><em>ἀποροῦντες,</em></span> <span class='ocrx_word' id='word_1_421' title='bbox 1309 4365 1383 4428; x_wconf 86' lang='grc' dir='ltr'><em>ὡς</em></span> <span class='ocrx_word' id='word_1_422' title='bbox 1412 4364 1694 4435; x_wconf 64' lang='grc' dir='ltr'><em>ἐναγώνιος.</em></span> 
     </span>
    </p>
   </div>
   <div class='ocr_carea' id='block_1_59' title="bbox 140 4451 1695 4529">
    <p class='ocr_par' dir='ltr' id='par_1_59' title="bbox 140 4451 1695 4529">
     <span class='ocr_line' id='line_1_59' title="bbox 140 4451 1695 4529; baseline 0.004 -25"><span class='ocrx_word' id='word_1_423' title='bbox 140 4452 272 4517; x_wconf 75' lang='grc' dir='ltr'><em>ὅντες</em></span> <span class='ocrx_word' id='word_1_424' title='bbox 300 4456 437 4526; x_wconf 71' lang='grc' dir='ltr'><strong>ὖπὲρ</strong></span> <span class='ocrx_word' id='word_1_425' title='bbox 486 4451 562 4510; x_wconf 83' lang='grc' dir='ltr'><em>ὧν</em></span> <span class='ocrx_word' id='word_1_426' title='bbox 588 4456 1007 4529; x_wconf 68' lang='grc' dir='ltr'><em>τετολμηκασιν.</em></span> <span class='ocrx_word' id='word_1_427' title='bbox 1044 4458 1151 4522; x_wconf 67' lang='lat' dir='ltr'><strong>Oi);</strong></span> <span class='ocrx_word' id='word_1_428' title='bbox 1197 4459 1253 4511; x_wconf 75' lang='grc' dir='ltr'><em>δὲ</em></span> <span class='ocrx_word' id='word_1_429' title='bbox 1298 4457 1533 4520; x_wconf 80' lang='grc' dir='ltr'><strong>πλάνους</strong></span> <span class='ocrx_word' id='word_1_430' title='bbox 1561 4457 1695 4511; x_wconf 73' lang='grc' dir='ltr'><strong>ἑκά-</strong></span> 
     </span>
    </p>
   </div>
   <div class='ocr_carea' id='block_1_60' title="bbox 139 4542 1694 4622">
    <p class='ocr_par' dir='ltr' id='par_1_60' title="bbox 139 4542 1694 4622">
     <span class='ocr_line' id='line_1_60' title="bbox 139 4542 1694 4622; baseline 0.006 -29"><span class='ocrx_word' id='word_1_431' title='bbox 139 4542 268 4606; x_wconf 82' lang='grc' dir='ltr'><em>λονν,</em></span> <span class='ocrx_word' id='word_1_432' title='bbox 291 4546 549 4616; x_wconf 75' lang='grc' dir='ltr'><em>ἀδελφοὺς</em></span> <span class='ocrx_word' id='word_1_433' title='bbox 566 4548 814 4613; x_wconf 84' lang='grc' dir='ltr'><em>καλοῦσι,</em></span> <span class='ocrx_word' id='word_1_434' title='bbox 845 4550 940 4603; x_wconf 77' lang='grc' dir='ltr'><strong>καὶ</strong></span> <span class='ocrx_word' id='word_1_435' title='bbox 980 4550 1136 4602; x_wconf 78' lang='grc' dir='ltr'><em>τοῦτο</em></span> <span class='ocrx_word' id='word_1_436' title='bbox 1166 4550 1288 4620; x_wconf 67' lang='grc' dir='ltr'><strong>οὐχ)⁸</strong></span> <span class='ocrx_word' id='word_1_437' title='bbox 1309 4550 1352 4581; x_wconf 81' lang='grc'><strong>⁶⁹</strong></span> <span class='ocrx_word' id='word_1_438' title='bbox 1385 4552 1694 4622; x_wconf 75' lang='grc' dir='ltr'><em>παρρησια-</em></span> 
     </span>
    </p>
   </div>
   <div class='ocr_carea' id='block_1_61' title="bbox 142 4630 1695 4711">
    <p class='ocr_par' dir='ltr' id='par_1_61' title="bbox 142 4630 1695 4711">
     <span class='ocr_line' id='line_1_61' title="bbox 142 4630 1695 4711; baseline 0.005 -27"><span class='ocrx_word' id='word_1_439' title='bbox 142 4630 334 4700; x_wconf 72' lang='grc' dir='ltr'><em>ζόμενοι</em></span> <span class='ocrx_word' id='word_1_440' title='bbox 380 4637 568 4700; x_wconf 73' lang='grc' dir='ltr'><em>αὐτοῖς</em></span> <span class='ocrx_word' id='word_1_441' title='bbox 606 4636 694 4691; x_wconf 82' lang='grc' dir='ltr'><em>διὰ</em></span> <span class='ocrx_word' id='word_1_442' title='bbox 738 4638 839 4708; x_wconf 82' lang='grc' dir='ltr'><em>τῆς</em></span> <span class='ocrx_word' id='word_1_443' title='bbox 866 4638 1121 4709; x_wconf 74' lang='grc' dir='ltr'><em>τοιαύτης</em></span> <span class='ocrx_word' id='word_1_444' title='bbox 1145 4639 1410 4709; x_wconf 82' lang='grc' dir='ltr'><strong>κλήσεως,</strong></span> <span class='ocrx_word' id='word_1_445' title='bbox 1438 4639 1575 4692; x_wconf 80' lang='grc' dir='ltr'><em>ἀλλὰ</em></span> <span class='ocrx_word' id='word_1_446' title='bbox 1596 4639 1695 4711; x_wconf 83' lang='grc' dir='ltr'><em>τὴν</em></span> 
     </span>
    </p>
   </div>
   <div class='ocr_carea' id='block_1_62' title="bbox 1807 2101 3392 2176">
    <p class='ocr_par' dir='ltr' id='par_1_62' title="bbox 1807 2101 3392 2176">
     <span class='ocr_line' id='line_1_62' title="bbox 1807 2101 3392 2176; baseline 0.001 -16"><span class='ocrx_word' id='word_1_447' title='bbox 1807 2115 1950 2172; x_wconf 86' lang='lat' dir='ltr'><strong>sunt,</strong></span> <span class='ocrx_word' id='word_1_448' title='bbox 1984 2106 2334 2174; x_wconf 74' lang='lat' dir='ltr'><strong>dixeruntque</strong></span> <span class='ocrx_word' id='word_1_449' title='bbox 2363 2102 2432 2157; x_wconf 86' lang='lat' dir='ltr'><strong>ad</strong></span> <span class='ocrx_word' id='word_1_450' title='bbox 2455 2101 2671 2157; x_wconf 84' lang='lat' dir='ltr'><strong>Petrum</strong></span> <span class='ocrx_word' id='word_1_451' title='bbox 2704 2113 2754 2157; x_wconf 86' lang='lat' dir='ltr'><strong>et</strong></span> <span class='ocrx_word' id='word_1_452' title='bbox 2793 2103 2862 2157; x_wconf 84' lang='lat' dir='ltr'><strong>ad</strong></span> <span class='ocrx_word' id='word_1_453' title='bbox 2903 2103 3129 2176; x_wconf 82' lang='lat' dir='ltr'><strong>reliquos</strong></span> <span class='ocrx_word' id='word_1_454' title='bbox 3172 2118 3392 2176; x_wconf 78' lang='lat' dir='ltr'><strong>aposto-</strong></span> 
     </span>
    </p>
   </div>
   <div class='ocr_carea' id='block_1_63' title="bbox 1805 2195 2794 2268">
    <p class='ocr_par' dir='ltr' id='par_1_63' title="bbox 1805 2195 2794 2268">
     <span class='ocr_line' id='line_1_63' title="bbox 1805 2195 2794 2268; baseline 0 -17"><span class='ocrx_word' id='word_1_455' title='bbox 1805 2198 1885 2251; x_wconf 86' lang='lat' dir='ltr'><strong>los</strong></span> <span class='ocrx_word' id='word_1_456' title='bbox 1918 2214 1938 2252; x_wconf 90' lang='lat'><strong><em>:</em></strong></span> <span class='ocrx_word' id='word_1_457' title='bbox 1992 2196 2133 2262; x_wconf 84' lang='lat' dir='ltr'><strong>Quid</strong></span> <span class='ocrx_word' id='word_1_458' title='bbox 2164 2213 2403 2268; x_wconf 83' lang='lat' dir='ltr'><strong>agemus,</strong></span> <span class='ocrx_word' id='word_1_459' title='bbox 2426 2197 2527 2250; x_wconf 71' lang='lat' dir='ltr'><strong>uiri</strong></span> <span class='ocrx_word' id='word_1_460' title='bbox 2550 2195 2743 2265; x_wconf 77' lang='lat' dir='ltr'><strong>fratres</strong></span> <span class='ocrx_word' id='word_1_461' title='bbox 2769 2197 2794 2251; x_wconf 67' lang='grc' dir='ltr'><strong>Ρ</strong></span> 
     </span>
    </p>
   </div>
   <div class='ocr_carea' id='block_1_64' title="bbox 1873 2287 3392 2360">
    <p class='ocr_par' dir='ltr' id='par_1_64' title="bbox 1873 2287 3392 2360">
     <span class='ocr_line' id='line_1_64' title="bbox 1873 2287 3392 2360; baseline 0.003 -20"><span class='ocrx_word' id='word_1_462' title='bbox 1873 2289 1979 2360; x_wconf 80' lang='lat'><strong><em>33</em></strong></span> <span class='ocrx_word' id='word_1_463' title='bbox 2004 2288 2171 2343; x_wconf 73' lang='lat' dir='ltr'><strong>Vens.</strong></span> <span class='ocrx_word' id='word_1_464' title='bbox 2205 2288 2293 2343; x_wconf 86' lang='grc'><strong>58.</strong></span> <span class='ocrx_word' id='word_1_465' title='bbox 2315 2289 2382 2341; x_wconf 84' lang='lat' dir='ltr'><strong>At</strong></span> <span class='ocrx_word' id='word_1_466' title='bbox 2407 2287 2594 2342; x_wconf 82' lang='lat' dir='ltr'><strong>Petrus</strong></span> <span class='ocrx_word' id='word_1_467' title='bbox 2627 2288 2698 2340; x_wconf 88' lang='lat' dir='ltr'><strong>ad</strong></span> <span class='ocrx_word' id='word_1_468' title='bbox 2726 2288 2846 2343; x_wconf 86' lang='lat' dir='ltr'><strong>illos</strong></span> <span class='ocrx_word' id='word_1_469' title='bbox 2869 2304 2890 2344; x_wconf 93' lang='lat'><strong><em>:</em></strong></span> <span class='ocrx_word' id='word_1_470' title='bbox 2924 2287 3248 2343; x_wconf 87' lang='lat' dir='ltr'><strong>Delictorum</strong></span> <span class='ocrx_word' id='word_1_471' title='bbox 3274 2305 3392 2357; x_wconf 76' lang='lat' dir='ltr'><strong>eos,</strong></span> 
     </span>
    </p>
   </div>
   <div class='ocr_carea' id='block_1_65' title="bbox 1802 2380 3389 2452">
    <p class='ocr_par' dir='ltr' id='par_1_65' title="bbox 1802 2380 3389 2452">
     <span class='ocr_line' id='line_1_65' title="bbox 1802 2380 3389 2452; baseline -0.001 -17"><span class='ocrx_word' id='word_1_472' title='bbox 1802 2382 1992 2452; x_wconf 76' lang='lat' dir='ltr'><strong>inquit,</strong></span> <span class='ocrx_word' id='word_1_473' title='bbox 2030 2380 2302 2449; x_wconf 75' lang='lat' dir='ltr'><strong>paeniteat,</strong></span> <span class='ocrx_word' id='word_1_474' title='bbox 2364 2391 2413 2435; x_wconf 89' lang='lat' dir='ltr'><strong>et</strong></span> <span class='ocrx_word' id='word_1_475' title='bbox 2450 2381 2751 2449; x_wconf 70' lang='lat' dir='ltr'><strong>baptizatur</strong></span> <span class='ocrx_word' id='word_1_476' title='bbox 2778 2381 3135 2450; x_wconf 75' lang='lat' dir='ltr'><strong>unusquisque</strong></span> <span class='ocrx_word' id='word_1_477' title='bbox 3159 2389 3389 2435; x_wconf 77' lang='lat' dir='ltr'><strong>vestrum</strong></span> 
     </span>
    </p>
   </div>
   <div class='ocr_carea' id='block_1_66' title="bbox 1800 2460 3388 2543">
    <p class='ocr_par' dir='ltr' id='par_1_66' title="bbox 1800 2460 3388 2543">
     <span class='ocr_line' id='line_1_66' title="bbox 1800 2460 3388 2543; baseline 0.001 -16"><span class='ocrx_word' id='word_1_478' title='bbox 1800 2475 1853 2528; x_wconf 90' lang='lat' dir='ltr'><strong>in</strong></span> <span class='ocrx_word' id='word_1_479' title='bbox 1891 2475 2098 2529; x_wconf 82' lang='lat' dir='ltr'><strong>nomine</strong></span> <span class='ocrx_word' id='word_1_480' title='bbox 2126 2473 2257 2528; x_wconf 82' lang='lat' dir='ltr'><strong>Jesu</strong></span> <span class='ocrx_word' id='word_1_481' title='bbox 2288 2473 2490 2528; x_wconf 83' lang='lat' dir='ltr'><strong>Christi</strong></span> <span class='ocrx_word' id='word_1_482' title='bbox 2522 2475 2573 2528; x_wconf 86' lang='lat' dir='ltr'><strong>in</strong></span> <span class='ocrx_word' id='word_1_483' title='bbox 2600 2460 2965 2528; x_wconf 84' lang='lat' dir='ltr'><strong>remissionem</strong></span> <span class='ocrx_word' id='word_1_484' title='bbox 3004 2485 3335 2543; x_wconf 80' lang='lat' dir='ltr'><strong>peccatorum</strong></span> <span class='ocrx_word' id='word_1_485' title='bbox 3366 2491 3388 2528; x_wconf 70' lang='lat'><strong>.-</strong></span> 
     </span>
    </p>
   </div>
   <div class='ocr_carea' id='block_1_67' title="bbox 1803 2562 2844 2634">
    <p class='ocr_par' dir='ltr' id='par_1_67' title="bbox 1803 2562 2844 2634">
     <span class='ocr_line' id='line_1_67' title="bbox 1803 2562 2844 2634; baseline 0.001 -15"><span class='ocrx_word' id='word_1_486' title='bbox 1803 2577 1850 2620; x_wconf 90' lang='lat' dir='ltr'><strong>et</strong></span> <span class='ocrx_word' id='word_1_487' title='bbox 1878 2566 2145 2632; x_wconf 83' lang='lat' dir='ltr'><strong>accipietis</strong></span> <span class='ocrx_word' id='word_1_488' title='bbox 2172 2566 2365 2619; x_wconf 84' lang='lat' dir='ltr'><strong>donum</strong></span> <span class='ocrx_word' id='word_1_489' title='bbox 2391 2562 2623 2634; x_wconf 83' lang='lat' dir='ltr'><strong>Spiritus</strong></span> <span class='ocrx_word' id='word_1_490' title='bbox 2655 2566 2844 2620; x_wconf 86' lang='lat' dir='ltr'><strong>sancti.</strong></span> 
     </span>
    </p>
   </div>
   <div class='ocr_carea' id='block_1_68' title="bbox 1872 2675 3390 2746">
    <p class='ocr_par' dir='ltr' id='par_1_68' title="bbox 1872 2675 3390 2746">
     <span class='ocr_line' id='line_1_68' title="bbox 1872 2675 3390 2746; baseline 0 -17"><span class='ocrx_word' id='word_1_491' title='bbox 1872 2676 2038 2731; x_wconf 73' lang='lat' dir='ltr'><strong>Vens.</strong></span> <span class='ocrx_word' id='word_1_492' title='bbox 2065 2675 2152 2733; x_wconf 79' lang='grc'><strong>59.</strong></span> <span class='ocrx_word' id='word_1_493' title='bbox 2179 2675 2259 2729; x_wconf 82' lang='lat' dir='ltr'><strong>Ad</strong></span> <span class='ocrx_word' id='word_1_494' title='bbox 2273 2693 2357 2730; x_wconf 85' lang='lat' dir='ltr'><strong>vos</strong></span> <span class='ocrx_word' id='word_1_495' title='bbox 2392 2677 2529 2730; x_wconf 85' lang='lat' dir='ltr'><strong>enim</strong></span> <span class='ocrx_word' id='word_1_496' title='bbox 2547 2688 2596 2730; x_wconf 89' lang='lat' dir='ltr'><strong>et</strong></span> <span class='ocrx_word' id='word_1_497' title='bbox 2623 2677 2693 2729; x_wconf 80' lang='lat' dir='ltr'><strong>ad</strong></span> <span class='ocrx_word' id='word_1_498' title='bbox 2725 2676 2914 2730; x_wconf 88' lang='lat' dir='ltr'><strong>liberos</strong></span> <span class='ocrx_word' id='word_1_499' title='bbox 2943 2685 3139 2731; x_wconf 81' lang='lat' dir='ltr'><strong>vestros</strong></span> <span class='ocrx_word' id='word_1_500' title='bbox 3166 2676 3390 2746; x_wconf 72' lang='lat' dir='ltr'><strong>pertinet</strong></span> 
     </span>
    </p>
   </div>
   <div class='ocr_carea' id='block_1_69' title="bbox 1799 2766 3390 2837">
    <p class='ocr_par' dir='ltr' id='par_1_69' title="bbox 1799 2766 3390 2837">
     <span class='ocr_line' id='line_1_69' title="bbox 1799 2766 3390 2837; baseline 0.001 -18"><span class='ocrx_word' id='word_1_501' title='bbox 1799 2766 2102 2835; x_wconf 83' lang='lat' dir='ltr'><strong>promissio,</strong></span> <span class='ocrx_word' id='word_1_502' title='bbox 2121 2776 2171 2820; x_wconf 89' lang='lat' dir='ltr'><strong>et</strong></span> <span class='ocrx_word' id='word_1_503' title='bbox 2217 2767 2286 2819; x_wconf 85' lang='lat' dir='ltr'><strong>ad</strong></span> <span class='ocrx_word' id='word_1_504' title='bbox 2314 2783 2490 2820; x_wconf 87' lang='lat' dir='ltr'><strong>omnes</strong></span> <span class='ocrx_word' id='word_1_505' title='bbox 2528 2767 2837 2837; x_wconf 86' lang='lat' dir='ltr'><strong>longinquas</strong></span> <span class='ocrx_word' id='word_1_506' title='bbox 2865 2782 3197 2837; x_wconf 87' lang='lat' dir='ltr'><strong>quoscunque</strong></span> <span class='ocrx_word' id='word_1_507' title='bbox 3228 2771 3390 2821; x_wconf 79' lang='lat' dir='ltr'><strong>aduo-</strong></span> 
     </span>
    </p>
   </div>
   <div class='ocr_carea' id='block_1_70' title="bbox 1800 2857 2690 2913">
    <p class='ocr_par' dir='ltr' id='par_1_70' title="bbox 1800 2857 2690 2913">
     <span class='ocr_line' id='line_1_70' title="bbox 1800 2857 2690 2913; baseline -0.001 0"><span class='ocrx_word' id='word_1_508' title='bbox 1800 2859 1998 2913; x_wconf 80' lang='lat' dir='ltr'><strong>cauerit</strong></span> <span class='ocrx_word' id='word_1_509' title='bbox 2036 2857 2296 2912; x_wconf 86' lang='lat' dir='ltr'><strong>Dominus</strong></span> <span class='ocrx_word' id='word_1_510' title='bbox 2330 2857 2468 2912; x_wconf 87' lang='lat' dir='ltr'><strong>Deus</strong></span> <span class='ocrx_word' id='word_1_511' title='bbox 2493 2866 2690 2912; x_wconf 83' lang='lat' dir='ltr'><strong>noster.</strong></span> 
     </span>
    </p>
   </div>
   <div class='ocr_carea' id='block_1_71' title="bbox 1881 2969 3387 3040">
    <p class='ocr_par' dir='ltr' id='par_1_71' title="bbox 1881 2969 3387 3040">
     <span class='ocr_line' id='line_1_71' title="bbox 1881 2969 3387 3040; baseline 0.001 -16"><span class='ocrx_word' id='word_1_512' title='bbox 1881 2970 2050 3026; x_wconf 75' lang='lat' dir='ltr'><strong>Vens.</strong></span> <span class='ocrx_word' id='word_1_513' title='bbox 2080 2970 2172 3029; x_wconf 72' lang='grc'><strong>40.</strong></span> <span class='ocrx_word' id='word_1_514' title='bbox 2200 2969 2307 3024; x_wconf 82' lang='lat' dir='ltr'><strong>His</strong></span> <span class='ocrx_word' id='word_1_515' title='bbox 2339 2970 2431 3025; x_wconf 83' lang='lat' dir='ltr'><strong>ille</strong></span> <span class='ocrx_word' id='word_1_516' title='bbox 2459 2970 2684 3040; x_wconf 85' lang='lat' dir='ltr'><strong>aliisque</strong></span> <span class='ocrx_word' id='word_1_517' title='bbox 2714 2970 2883 3025; x_wconf 80' lang='lat' dir='ltr'><strong>verbis</strong></span> <span class='ocrx_word' id='word_1_518' title='bbox 2913 2970 3268 3040; x_wconf 83' lang='lat' dir='ltr'><strong>compluribus</strong></span> <span class='ocrx_word' id='word_1_519' title='bbox 3297 2985 3387 3026; x_wconf 88' lang='lat' dir='ltr'><strong>eos</strong></span> 
     </span>
    </p>
   </div>
   <div class='ocr_carea' id='block_1_72' title="bbox 1798 3060 3388 3136">
    <p class='ocr_par' dir='ltr' id='par_1_72' title="bbox 1798 3060 3388 3136">
     <span class='ocr_line' id='line_1_72' title="bbox 1798 3060 3388 3136; baseline -0.001 -17"><span class='ocrx_word' id='word_1_520' title='bbox 1798 3066 1953 3136; x_wconf 87' lang='lat' dir='ltr'><strong>quasi</strong></span> <span class='ocrx_word' id='word_1_521' title='bbox 1973 3071 2279 3130; x_wconf 81' lang='lat' dir='ltr'><strong>protestans</strong></span> <span class='ocrx_word' id='word_1_522' title='bbox 2309 3065 2624 3118; x_wconf 84' lang='lat' dir='ltr'><strong>admonebat</strong></span> <span class='ocrx_word' id='word_1_523' title='bbox 2667 3075 2718 3117; x_wconf 85' lang='lat' dir='ltr'><strong>et</strong></span> <span class='ocrx_word' id='word_1_524' title='bbox 2765 3063 3160 3118; x_wconf 80' lang='lat' dir='ltr'><strong>cohortabatur.</strong></span> <span class='ocrx_word' id='word_1_525' title='bbox 3198 3060 3388 3118; x_wconf 77' lang='lat' dir='ltr'><strong>Serra-</strong></span> 
     </span>
    </p>
   </div>
   <div class='ocr_carea' id='block_1_73' title="bbox 1800 3156 3386 3227">
    <p class='ocr_par' dir='ltr' id='par_1_73' title="bbox 1800 3156 3386 3227">
     <span class='ocr_line' id='line_1_73' title="bbox 1800 3156 3386 3227; baseline 0 -17"><span class='ocrx_word' id='word_1_526' title='bbox 1800 3157 1931 3210; x_wconf 86' lang='lat' dir='ltr'><strong>mini</strong></span> <span class='ocrx_word' id='word_1_527' title='bbox 1979 3164 2028 3209; x_wconf 83' lang='lat' dir='ltr'><strong>et</strong></span> <span class='ocrx_word' id='word_1_528' title='bbox 2084 3156 2307 3221; x_wconf 81' lang='lat' dir='ltr'><strong>evadite,</strong></span> <span class='ocrx_word' id='word_1_529' title='bbox 2357 3156 2619 3225; x_wconf 85' lang='lat' dir='ltr'><strong>inquiens,</strong></span> <span class='ocrx_word' id='word_1_530' title='bbox 2661 3172 2727 3210; x_wconf 74' lang='lat' dir='ltr'><strong>ex</strong></span> <span class='ocrx_word' id='word_1_531' title='bbox 2764 3156 2866 3209; x_wconf 89' lang='lat' dir='ltr'><strong>isto</strong></span> <span class='ocrx_word' id='word_1_532' title='bbox 2897 3156 3167 3211; x_wconf 86' lang='lat' dir='ltr'><strong>hominum</strong></span> <span class='ocrx_word' id='word_1_533' title='bbox 3203 3170 3386 3227; x_wconf 80' lang='lat' dir='ltr'><strong>genere</strong></span> 
     </span>
    </p>
   </div>
   <div class='ocr_carea' id='block_1_74' title="bbox 1796 3262 1979 3316">
    <p class='ocr_par' dir='ltr' id='par_1_74' title="bbox 1796 3262 1979 3316">
     <span class='ocr_line' id='line_1_74' title="bbox 1796 3262 1979 3316; baseline 0.005 -17"><span class='ocrx_word' id='word_1_534' title='bbox 1796 3262 1979 3316; x_wconf 85' lang='lat' dir='ltr'><strong>pravo.</strong></span> 
     </span>
    </p>
   </div>
   <div class='ocr_carea' id='block_1_75' title="bbox 1872 3358 3371 3430">
    <p class='ocr_par' dir='ltr' id='par_1_75' title="bbox 1872 3358 3371 3430">
     <span class='ocr_line' id='line_1_75' title="bbox 1872 3358 3371 3430; baseline -0.002 -17"><span class='ocrx_word' id='word_1_535' title='bbox 1872 3359 2036 3416; x_wconf 83' lang='lat' dir='ltr'><strong>Vides</strong></span> <span class='ocrx_word' id='word_1_536' title='bbox 2119 3367 2324 3430; x_wconf 87' lang='lat' dir='ltr'><strong>quanta</strong></span> <span class='ocrx_word' id='word_1_537' title='bbox 2402 3374 2488 3412; x_wconf 87' lang='lat' dir='ltr'><strong>res</strong></span> <span class='ocrx_word' id='word_1_538' title='bbox 2547 3359 2620 3414; x_wconf 91' lang='lat' dir='ltr'><strong>sit</strong></span> <span class='ocrx_word' id='word_1_539' title='bbox 2697 3358 3009 3414; x_wconf 80' lang='lat' dir='ltr'><strong>humanitas</strong></span> <span class='ocrx_word' id='word_1_540' title='bbox 3074 3367 3130 3414; x_wconf 88' lang='lat' dir='ltr'><strong>et</strong></span> <span class='ocrx_word' id='word_1_541' title='bbox 3183 3359 3371 3413; x_wconf 82' lang='lat' dir='ltr'><strong>animo</strong></span> 
     </span>
    </p>
   </div>
   <div class='ocr_carea' id='block_1_76' title="bbox 1804 3450 3387 3522">
    <p class='ocr_par' dir='ltr' id='par_1_76' title="bbox 1804 3450 3387 3522">
     <span class='ocr_line' id='line_1_76' title="bbox 1804 3450 3387 3522; baseline 0 -18"><span class='ocrx_word' id='word_1_542' title='bbox 1804 3451 2089 3506; x_wconf 88' lang='lat' dir='ltr'><strong>moderato</strong></span> <span class='ocrx_word' id='word_1_543' title='bbox 2150 3452 2345 3522; x_wconf 88' lang='lat' dir='ltr'><strong>magis,</strong></span> <span class='ocrx_word' id='word_1_544' title='bbox 2394 3465 2558 3521; x_wconf 88' lang='lat' dir='ltr'><strong>quam</strong></span> <span class='ocrx_word' id='word_1_545' title='bbox 2605 3454 2874 3520; x_wconf 86' lang='lat' dir='ltr'><strong>asperitas</strong></span> <span class='ocrx_word' id='word_1_546' title='bbox 2901 3459 2958 3505; x_wconf 87' lang='lat' dir='ltr'><strong>et</strong></span> <span class='ocrx_word' id='word_1_547' title='bbox 2990 3450 3287 3514; x_wconf 85' lang='lat' dir='ltr'><strong>acerbitas,</strong></span> <span class='ocrx_word' id='word_1_548' title='bbox 3321 3457 3387 3504; x_wconf 84' lang='lat' dir='ltr'><strong>ut</strong></span> 
     </span>
    </p>
   </div>
   <div class='ocr_carea' id='block_1_77' title="bbox 1801 3539 3385 3610">
    <p class='ocr_par' dir='ltr' id='par_1_77' title="bbox 1801 3539 3385 3610">
     <span class='ocr_line' id='line_1_77' title="bbox 1801 3539 3385 3610; baseline -0.001 -14"><span class='ocrx_word' id='word_1_549' title='bbox 1801 3542 1920 3598; x_wconf 72' lang='lat' dir='ltr'><strong>haec</strong></span> <span class='ocrx_word' id='word_1_550' title='bbox 1956 3543 2124 3597; x_wconf 89' lang='lat' dir='ltr'><strong>corda</strong></span> <span class='ocrx_word' id='word_1_551' title='bbox 2160 3545 2442 3599; x_wconf 83' lang='lat' dir='ltr'><strong>hominum</strong></span> <span class='ocrx_word' id='word_1_552' title='bbox 2462 3549 2794 3610; x_wconf 86' lang='lat' dir='ltr'><strong>compungat</strong></span> <span class='ocrx_word' id='word_1_553' title='bbox 2822 3550 2877 3595; x_wconf 90' lang='lat' dir='ltr'><strong>et</strong></span> <span class='ocrx_word' id='word_1_554' title='bbox 2904 3541 3134 3595; x_wconf 85' lang='lat' dir='ltr'><strong>molliat.</strong></span> <span class='ocrx_word' id='word_1_555' title='bbox 3170 3539 3385 3597; x_wconf 86' lang='lat' dir='ltr'><strong>Etenim</strong></span> 
     </span>
    </p>
   </div>
   <div class='ocr_carea' id='block_1_78' title="bbox 1798 3629 3384 3699">
    <p class='ocr_par' dir='ltr' id='par_1_78' title="bbox 1798 3629 3384 3699">
     <span class='ocr_line' id='line_1_78' title="bbox 1798 3629 3384 3699; baseline -0.003 -9"><span class='ocrx_word' id='word_1_556' title='bbox 1798 3636 1859 3690; x_wconf 81' lang='lat' dir='ltr'><strong>in</strong></span> <span class='ocrx_word' id='word_1_557' title='bbox 1908 3634 2015 3689; x_wconf 85' lang='lat' dir='ltr'><strong>hoc</strong></span> <span class='ocrx_word' id='word_1_558' title='bbox 2074 3634 2191 3689; x_wconf 84' lang='lat' dir='ltr'><strong>loco</strong></span> <span class='ocrx_word' id='word_1_559' title='bbox 2238 3634 2434 3689; x_wconf 80' lang='lat' dir='ltr'><strong>beatus</strong></span> <span class='ocrx_word' id='word_1_560' title='bbox 2490 3629 2686 3686; x_wconf 84' lang='lat' dir='ltr'><strong>Petrus</strong></span> <span class='ocrx_word' id='word_1_561' title='bbox 2745 3629 2952 3699; x_wconf 77' lang='lat' dir='ltr'><strong>redegit</strong></span> <span class='ocrx_word' id='word_1_562' title='bbox 2995 3629 3213 3698; x_wconf 85' lang='lat' dir='ltr'><strong>quidem</strong></span> <span class='ocrx_word' id='word_1_563' title='bbox 3274 3631 3384 3686; x_wconf 77' lang='lat' dir='ltr'><strong>illis</strong></span> 
     </span>
    </p>
   </div>
   <div class='ocr_carea' id='block_1_79' title="bbox 1799 3720 3388 3796">
    <p class='ocr_par' dir='ltr' id='par_1_79' title="bbox 1799 3720 3388 3796">
     <span class='ocr_line' id='line_1_79' title="bbox 1799 3720 3388 3796; baseline -0.003 -16"><span class='ocrx_word' id='word_1_564' title='bbox 1799 3726 2041 3796; x_wconf 91' lang='lat' dir='ltr'><strong>ipsorum</strong></span> <span class='ocrx_word' id='word_1_565' title='bbox 2101 3725 2343 3779; x_wconf 74' lang='lat' dir='ltr'><strong>facinora</strong></span> <span class='ocrx_word' id='word_1_566' title='bbox 2407 3724 2461 3777; x_wconf 92' lang='lat' dir='ltr'><strong>in</strong></span> <span class='ocrx_word' id='word_1_567' title='bbox 2502 3723 2845 3788; x_wconf 85' lang='lat' dir='ltr'><strong>memoriam,</strong></span> <span class='ocrx_word' id='word_1_568' title='bbox 2891 3721 2987 3777; x_wconf 84' lang='lat' dir='ltr'><strong>sed</strong></span> <span class='ocrx_word' id='word_1_569' title='bbox 3038 3723 3140 3775; x_wconf 88' lang='lat' dir='ltr'><strong>hoc</strong></span> <span class='ocrx_word' id='word_1_570' title='bbox 3189 3720 3388 3776; x_wconf 82' lang='lat' dir='ltr'><strong>leniter</strong></span> 
     </span>
    </p>
   </div>
   <div class='ocr_carea' id='block_1_80' title="bbox 1796 3814 3385 3887">
    <p class='ocr_par' dir='ltr' id='par_1_80' title="bbox 1796 3814 3385 3887">
     <span class='ocr_line' id='line_1_80' title="bbox 1796 3814 3385 3887; baseline -0.004 -11"><span class='ocrx_word' id='word_1_571' title='bbox 1796 3821 1951 3887; x_wconf 74' lang='lat' dir='ltr'><strong>fecit,</strong></span> <span class='ocrx_word' id='word_1_572' title='bbox 1984 3834 2047 3875; x_wconf 74' lang='lat' dir='ltr'><strong>se</strong></span> <span class='ocrx_word' id='word_1_573' title='bbox 2078 3818 2283 3875; x_wconf 84' lang='lat' dir='ltr'><strong>nullam</strong></span> <span class='ocrx_word' id='word_1_574' title='bbox 2320 3832 2495 3887; x_wconf 64' lang='lat' dir='ltr'><strong>omne</strong></span> <span class='ocrx_word' id='word_1_575' title='bbox 2521 3817 2853 3873; x_wconf 84' lang='lat' dir='ltr'><strong>mentionem</strong></span> <span class='ocrx_word' id='word_1_576' title='bbox 2886 3815 3108 3886; x_wconf 87' lang='lat' dir='ltr'><strong>adjecit.</strong></span> <span class='ocrx_word' id='word_1_577' title='bbox 3145 3814 3385 3871; x_wconf 82' lang='lat' dir='ltr'><strong>Reveriti</strong></span> 
     </span>
    </p>
   </div>
   <div class='ocr_carea' id='block_1_81' title="bbox 1798 3906 3385 3981">
    <p class='ocr_par' dir='ltr' id='par_1_81' title="bbox 1798 3906 3385 3981">
     <span class='ocr_line' id='line_1_81' title="bbox 1798 3906 3385 3981; baseline -0.004 -13"><span class='ocrx_word' id='word_1_578' title='bbox 1798 3920 1929 3968; x_wconf 88' lang='lat' dir='ltr'><strong>sunt</strong></span> <span class='ocrx_word' id='word_1_579' title='bbox 1980 3911 2148 3981; x_wconf 86' lang='lat' dir='ltr'><strong>igitur</strong></span> <span class='ocrx_word' id='word_1_580' title='bbox 2195 3909 2590 3965; x_wconf 86' lang='lat' dir='ltr'><strong>humanitatem</strong></span> <span class='ocrx_word' id='word_1_581' title='bbox 2639 3916 2694 3962; x_wconf 89' lang='lat' dir='ltr'><strong>et</strong></span> <span class='ocrx_word' id='word_1_582' title='bbox 2746 3906 3023 3965; x_wconf 85' lang='lat' dir='ltr'><strong>lenitatem</strong></span> <span class='ocrx_word' id='word_1_583' title='bbox 3070 3907 3238 3974; x_wconf 84' lang='lat' dir='ltr'><strong>Petri,</strong></span> <span class='ocrx_word' id='word_1_584' title='bbox 3288 3908 3385 3977; x_wconf 87' lang='lat' dir='ltr'><strong>qui</strong></span> 
     </span>
    </p>
   </div>
   <div class='ocr_carea' id='block_1_82' title="bbox 1798 3997 3382 4070">
    <p class='ocr_par' dir='ltr' id='par_1_82' title="bbox 1798 3997 3382 4070">
     <span class='ocr_line' id='line_1_82' title="bbox 1798 3997 3382 4070; baseline -0.004 -12"><span class='ocrx_word' id='word_1_585' title='bbox 1798 4019 1924 4059; x_wconf 87' lang='lat' dir='ltr'><strong>cum</strong></span> <span class='ocrx_word' id='word_1_586' title='bbox 1984 4002 2072 4067; x_wconf 83' lang='lat' dir='ltr'><strong>iis,</strong></span> <span class='ocrx_word' id='word_1_587' title='bbox 2140 4000 2233 4070; x_wconf 87' lang='lat' dir='ltr'><strong>qui</strong></span> <span class='ocrx_word' id='word_1_588' title='bbox 2292 3998 2586 4055; x_wconf 78' lang='lat' dir='ltr'><strong>Dominum</strong></span> <span class='ocrx_word' id='word_1_589' title='bbox 2633 3997 2700 4053; x_wconf 82' lang='lat' dir='ltr'><strong>ad</strong></span> <span class='ocrx_word' id='word_1_590' title='bbox 2742 4006 2975 4057; x_wconf 80' lang='lat' dir='ltr'><strong>mortem</strong></span> <span class='ocrx_word' id='word_1_591' title='bbox 3018 3998 3382 4063; x_wconf 81' lang='lat' dir='ltr'><strong>tradiderant,</strong></span> 
     </span>
    </p>
   </div>
   <div class='ocr_carea' id='block_1_83' title="bbox 1798 4089 3385 4165">
    <p class='ocr_par' dir='ltr' id='par_1_83' title="bbox 1798 4089 3385 4165">
     <span class='ocr_line' id='line_1_83' title="bbox 1798 4089 3385 4165; baseline -0.003 -16"><span class='ocrx_word' id='word_1_592' title='bbox 1798 4103 1964 4165; x_wconf 87' lang='lat' dir='ltr'><strong>atque</strong></span> <span class='ocrx_word' id='word_1_593' title='bbox 1994 4092 2159 4150; x_wconf 83' lang='lat' dir='ltr'><strong>etiam</strong></span> <span class='ocrx_word' id='word_1_594' title='bbox 2192 4091 2408 4147; x_wconf 80' lang='lat' dir='ltr'><strong>illorum</strong></span> <span class='ocrx_word' id='word_1_595' title='bbox 2441 4092 2576 4146; x_wconf 82' lang='lat' dir='ltr'><strong>adeo</strong></span> <span class='ocrx_word' id='word_1_596' title='bbox 2614 4089 2857 4160; x_wconf 79' lang='lat' dir='ltr'><strong>ipsorum</strong></span> <span class='ocrx_word' id='word_1_597' title='bbox 2910 4090 3109 4145; x_wconf 65' lang='lat' dir='ltr'><strong>caedem</strong></span> <span class='ocrx_word' id='word_1_598' title='bbox 3162 4099 3385 4161; x_wconf 75' lang='lat' dir='ltr'><strong>appete-</strong></span> 
     </span>
    </p>
   </div>
   <div class='ocr_carea' id='block_1_84' title="bbox 1795 4181 3380 4252">
    <p class='ocr_par' dir='ltr' id='par_1_84' title="bbox 1795 4181 3380 4252">
     <span class='ocr_line' id='line_1_84' title="bbox 1795 4181 3380 4252; baseline -0.002 -14"><span class='ocrx_word' id='word_1_599' title='bbox 1795 4185 1952 4246; x_wconf 87' lang='lat' dir='ltr'><strong>bant,</strong></span> <span class='ocrx_word' id='word_1_600' title='bbox 1986 4198 2050 4237; x_wconf 84' lang='lat' dir='ltr'><strong>ac</strong></span> <span class='ocrx_word' id='word_1_601' title='bbox 2080 4184 2145 4237; x_wconf 84' lang='lat' dir='ltr'><strong>de</strong></span> <span class='ocrx_word' id='word_1_602' title='bbox 2176 4182 2353 4236; x_wconf 79' lang='lat' dir='ltr'><strong>medio</strong></span> <span class='ocrx_word' id='word_1_603' title='bbox 2396 4182 2586 4236; x_wconf 85' lang='lat' dir='ltr'><strong>tollere</strong></span> <span class='ocrx_word' id='word_1_604' title='bbox 2626 4196 2723 4236; x_wconf 88' lang='lat' dir='ltr'><strong>eos</strong></span> <span class='ocrx_word' id='word_1_605' title='bbox 2759 4181 3073 4251; x_wconf 85' lang='lat' dir='ltr'><strong>cupiebant.</strong></span> <span class='ocrx_word' id='word_1_606' title='bbox 3117 4190 3380 4252; x_wconf 89' lang='lat' dir='ltr'><strong>tanquam</strong></span> 
     </span>
    </p>
   </div>
   <div class='ocr_carea' id='block_1_85' title="bbox 1797 4272 3380 4345">
    <p class='ocr_par' dir='ltr' id='par_1_85' title="bbox 1797 4272 3380 4345">
     <span class='ocr_line' id='line_1_85' title="bbox 1797 4272 3380 4345; baseline -0.001 -16"><span class='ocrx_word' id='word_1_607' title='bbox 1797 4283 1950 4345; x_wconf 83' lang='lat' dir='ltr'><strong>pater</strong></span> <span class='ocrx_word' id='word_1_608' title='bbox 1987 4289 2052 4328; x_wconf 86' lang='lat' dir='ltr'><strong>ac</strong></span> <span class='ocrx_word' id='word_1_609' title='bbox 2083 4274 2363 4343; x_wconf 75' lang='lat' dir='ltr'><strong>magister.</strong></span> <span class='ocrx_word' id='word_1_610' title='bbox 2399 4281 2456 4329; x_wconf 89' lang='lat' dir='ltr'><strong>et</strong></span> <span class='ocrx_word' id='word_1_611' title='bbox 2503 4272 2725 4331; x_wconf 86' lang='lat' dir='ltr'><strong>illorum</strong></span> <span class='ocrx_word' id='word_1_612' title='bbox 2761 4274 3042 4329; x_wconf 79' lang='lat' dir='ltr'><strong>studiosus</strong></span> <span class='ocrx_word' id='word_1_613' title='bbox 3087 4282 3142 4328; x_wconf 88' lang='lat' dir='ltr'><strong>et</strong></span> <span class='ocrx_word' id='word_1_614' title='bbox 3186 4288 3380 4327; x_wconf 84' lang='lat' dir='ltr'><strong>curam</strong></span> 
     </span>
    </p>
   </div>
   <div class='ocr_carea' id='block_1_86' title="bbox 1795 4362 3378 4436">
    <p class='ocr_par' dir='ltr' id='par_1_86' title="bbox 1795 4362 3378 4436">
     <span class='ocr_line' id='line_1_86' title="bbox 1795 4362 3378 4436; baseline -0.003 -15"><span class='ocrx_word' id='word_1_615' title='bbox 1795 4381 2019 4436; x_wconf 82' lang='lat' dir='ltr'><strong>gerens,</strong></span> <span class='ocrx_word' id='word_1_616' title='bbox 2062 4363 2551 4420; x_wconf 80' lang='lat' dir='ltr'><strong>seruiocinaretur.</strong></span> <span class='ocrx_word' id='word_1_617' title='bbox 2579 4362 2911 4433; x_wconf 86' lang='lat' dir='ltr'><strong>Compuncti</strong></span> <span class='ocrx_word' id='word_1_618' title='bbox 2938 4371 3067 4417; x_wconf 88' lang='lat' dir='ltr'><strong>sunt</strong></span> <span class='ocrx_word' id='word_1_619' title='bbox 3092 4366 3261 4426; x_wconf 87' lang='lat' dir='ltr'><strong>enim,</strong></span> <span class='ocrx_word' id='word_1_620' title='bbox 3292 4364 3378 4417; x_wconf 87' lang='lat' dir='ltr'><strong>in-</strong></span> 
     </span>
    </p>
   </div>
   <div class='ocr_carea' id='block_1_87' title="bbox 1794 4450 3377 4525">
    <p class='ocr_par' dir='ltr' id='par_1_87' title="bbox 1794 4450 3377 4525">
     <span class='ocr_line' id='line_1_87' title="bbox 1794 4450 3377 4525; baseline -0.002 -17"><span class='ocrx_word' id='word_1_621' title='bbox 1794 4456 1914 4525; x_wconf 88' lang='lat' dir='ltr'><strong>quit</strong></span> <span class='ocrx_word' id='word_1_622' title='bbox 1943 4472 1957 4508; x_wconf 91' lang='lat'><strong>:</strong></span> <span class='ocrx_word' id='word_1_623' title='bbox 1991 4467 2100 4508; x_wconf 90' lang='lat' dir='ltr'><strong>non</strong></span> <span class='ocrx_word' id='word_1_624' title='bbox 2125 4450 2447 4522; x_wconf 82' lang='lat' dir='ltr'><strong>simpliciter</strong></span> <span class='ocrx_word' id='word_1_625' title='bbox 2467 4451 2766 4505; x_wconf 83' lang='lat' dir='ltr'><strong>orationem</strong></span> <span class='ocrx_word' id='word_1_626' title='bbox 2794 4450 3026 4506; x_wconf 86' lang='lat' dir='ltr'><strong>dicentis</strong></span> <span class='ocrx_word' id='word_1_627' title='bbox 3054 4452 3377 4521; x_wconf 87' lang='lat' dir='ltr'><strong>probarunt,</strong></span> 
     </span>
    </p>
   </div>
   <div class='ocr_carea' id='block_1_88' title="bbox 1795 4542 3377 4613">
    <p class='ocr_par' dir='ltr' id='par_1_88' title="bbox 1795 4542 3377 4613">
     <span class='ocr_line' id='line_1_88' title="bbox 1795 4542 3377 4613; baseline -0.005 -11"><span class='ocrx_word' id='word_1_628' title='bbox 1795 4548 1890 4602; x_wconf 90' lang='lat' dir='ltr'><strong>sed</strong></span> <span class='ocrx_word' id='word_1_629' title='bbox 1924 4558 2038 4602; x_wconf 91' lang='lat' dir='ltr'><strong>tum</strong></span> <span class='ocrx_word' id='word_1_630' title='bbox 2073 4546 2316 4608; x_wconf 84' lang='lat' dir='ltr'><strong>demum,</strong></span> <span class='ocrx_word' id='word_1_631' title='bbox 2345 4561 2468 4601; x_wconf 90' lang='lat' dir='ltr'><strong>cum</strong></span> <span class='ocrx_word' id='word_1_632' title='bbox 2490 4544 2700 4613; x_wconf 88' lang='lat' dir='ltr'><strong>seipsos</strong></span> <span class='ocrx_word' id='word_1_633' title='bbox 2733 4542 3109 4599; x_wconf 83' lang='lat' dir='ltr'><strong>damnassent.</strong></span> <span class='ocrx_word' id='word_1_634' title='bbox 3140 4542 3377 4610; x_wconf 85' lang='lat' dir='ltr'><strong>Etenim,</strong></span> 
     </span>
    </p>
   </div>
   <div class='ocr_carea' id='block_1_89' title="bbox 1795 4633 3378 4708">
    <p class='ocr_par' dir='ltr' id='par_1_89' title="bbox 1795 4633 3378 4708">
     <span class='ocr_line' id='line_1_89' title="bbox 1795 4633 3378 4708; baseline -0.002 -17"><span class='ocrx_word' id='word_1_635' title='bbox 1795 4637 1958 4706; x_wconf 85' lang='lat' dir='ltr'><strong>Quid,</strong></span> <span class='ocrx_word' id='word_1_636' title='bbox 1998 4636 2273 4708; x_wconf 87' lang='lat' dir='ltr'><strong>inquiunt,</strong></span> <span class='ocrx_word' id='word_1_637' title='bbox 2306 4650 2560 4706; x_wconf 83' lang='lat' dir='ltr'><strong>agemus,</strong></span> <span class='ocrx_word' id='word_1_638' title='bbox 2586 4635 2787 4690; x_wconf 86' lang='lat' dir='ltr'><strong>lratres</strong></span> <span class='ocrx_word' id='word_1_639' title='bbox 2817 4633 3021 4705; x_wconf 74' lang='lat' dir='ltr'><strong>tquasi</strong></span> <span class='ocrx_word' id='word_1_640' title='bbox 3059 4636 3378 4691; x_wconf 67' lang='lat' dir='ltr'><strong>haesitantes</strong></span> 
     </span>
    </p>
   </div>
   <div class='ocr_carea' id='block_1_90' title="bbox 144 4722 1695 4804">
    <p class='ocr_par' dir='ltr' id='par_1_90' title="bbox 144 4722 1689 4799">
     <span class='ocr_line' id='line_1_90' title="bbox 144 4722 1689 4799; baseline 0.006 -29"><span class='ocrx_word' id='word_1_641' title='bbox 144 4722 522 4796; x_wconf 71' lang='grc' dir='ltr'><em>φιλοστοργίαν,</em></span> <span class='ocrx_word' id='word_1_642' title='bbox 579 4726 674 4780; x_wconf 71' lang='grc' dir='ltr'><strong>καὶ</strong></span> <span class='ocrx_word' id='word_1_643' title='bbox 717 4727 842 4781; x_wconf 80' lang='grc' dir='ltr'><em>ὅσον</em></span> <span class='ocrx_word' id='word_1_644' title='bbox 894 4729 1031 4799; x_wconf 84' lang='grc' dir='ltr'><em>πρὸς</em></span> <span class='ocrx_word' id='word_1_645' title='bbox 1087 4730 1286 4794; x_wconf 79' lang='grc' dir='ltr'><em>αὐτοὺς</em></span> <span class='ocrx_word' id='word_1_646' title='bbox 1335 4727 1689 4799; x_wconf 83' lang='grc' dir='ltr'><em>ᾠκειὼθησαν</em></span> 
     </span>
    </p>
   </div>
   <div class='ocr_carea' id='block_1_91' title="bbox 1808 4722 3375 4804">
    <p class='ocr_par' dir='ltr' id='par_1_91' title="bbox 1808 4727 3375 4798">
     <span class='ocr_line' id='line_1_91' title="bbox 1808 4727 3375 4798; baseline -0.004 -13"><span class='ocrx_word' id='word_1_647' title='bbox 1808 4738 1848 4785; x_wconf 67' lang='lat' dir='ltr'><strong>at</strong></span> <span class='ocrx_word' id='word_1_648' title='bbox 1870 4730 2056 4786; x_wconf 88' lang='lat' dir='ltr'><strong>animo</strong></span> <span class='ocrx_word' id='word_1_649' title='bbox 2082 4729 2410 4784; x_wconf 84' lang='lat' dir='ltr'><strong>ﬂuctuantes</strong></span> <span class='ocrx_word' id='word_1_650' title='bbox 2424 4736 2588 4798; x_wconf 87' lang='lat' dir='ltr'><strong>atque</strong></span> <span class='ocrx_word' id='word_1_651' title='bbox 2631 4727 2895 4797; x_wconf 82' lang='lat' dir='ltr'><strong>perplexi,</strong></span> <span class='ocrx_word' id='word_1_652' title='bbox 2929 4734 3191 4796; x_wconf 83' lang='lat' dir='ltr'><strong>tanquam</strong></span> <span class='ocrx_word' id='word_1_653' title='bbox 3219 4727 3375 4781; x_wconf 85' lang='lat' dir='ltr'><strong>solli-</strong></span> 
     </span>
    </p>
   </div>
   <div class='ocr_carea' id='block_1_92' title="bbox 144 4812 1693 4886">
    <p class='ocr_par' dir='ltr' id='par_1_92' title="bbox 144 4812 1693 4886">
     <span class='ocr_line' id='line_1_92' title="bbox 144 4812 1693 4886; baseline 0.008 -25"><span class='ocrx_word' id='word_1_654' title='bbox 144 4812 541 4886; x_wconf 74' lang='grc' dir='ltr'><strong>ἐνδεικνύμενοι.</strong></span> <span class='ocrx_word' id='word_1_655' title='bbox 572 4818 717 4871; x_wconf 85' lang='grc' dir='ltr'><em>Διότι</em></span> <span class='ocrx_word' id='word_1_656' title='bbox 755 4820 850 4872; x_wconf 82' lang='grc' dir='ltr'><strong>καὶ</strong></span> <span class='ocrx_word' id='word_1_657' title='bbox 893 4820 1049 4873; x_wconf 75' lang='grc' dir='ltr'><em>αὐτοὶ</em></span> <span class='ocrx_word' id='word_1_658' title='bbox 1109 4821 1160 4873; x_wconf 85' lang='grc' dir='ltr'>οἱ</span> <span class='ocrx_word' id='word_1_659' title='bbox 1203 4820 1488 4874; x_wconf 80' lang='grc' dir='ltr'><em>ἀπόστολοι</em></span> <span class='ocrx_word' id='word_1_660' title='bbox 1524 4818 1693 4883; x_wconf 78' lang='grc' dir='ltr'><em>οὕτως</em></span> 
     </span>
    </p>
   </div>
   <div class='ocr_carea' id='block_1_93' title="bbox 147 4904 1692 4984">
    <p class='ocr_par' dir='ltr' id='par_1_93' title="bbox 147 4904 1692 4984">
     <span class='ocr_line' id='line_1_93' title="bbox 147 4904 1692 4984; baseline 0.005 -29"><span class='ocrx_word' id='word_1_661' title='bbox 147 4904 321 4970; x_wconf 82' lang='grc' dir='ltr'><em>αὐτοὺς</em></span> <span class='ocrx_word' id='word_1_662' title='bbox 368 4912 660 4978; x_wconf 74' lang='grc' dir='ltr'><em>ἐκάλεσαν,</em></span> <span class='ocrx_word' id='word_1_663' title='bbox 709 4910 1016 4981; x_wconf 73' lang='grc' dir='ltr'><strong>ἀρχομένου</strong></span> <span class='ocrx_word' id='word_1_664' title='bbox 1066 4910 1164 4980; x_wconf 84' lang='grc' dir='ltr'><em>τῆς</em></span> <span class='ocrx_word' id='word_1_665' title='bbox 1202 4911 1546 4984; x_wconf 77' lang='grc' dir='ltr'><strong>δημηγορίας</strong></span> <span class='ocrx_word' id='word_1_666' title='bbox 1586 4911 1692 4964; x_wconf 82' lang='grc' dir='ltr'><strong>Πέ-</strong></span> 
     </span>
    </p>
   </div>
   <div class='ocr_carea' id='block_1_94' title="bbox 143 5002 1691 5075">
    <p class='ocr_par' dir='ltr' id='par_1_94' title="bbox 143 5002 1691 5075">
     <span class='ocr_line' id='line_1_94' title="bbox 143 5002 1691 5075; baseline 0.003 -21"><span class='ocrx_word' id='word_1_667' title='bbox 143 5013 275 5069; x_wconf 84' lang='grc' dir='ltr'><em>τρου.</em></span> <span class='ocrx_word' id='word_1_668' title='bbox 304 5002 526 5057; x_wconf 80' lang='grc' dir='ltr'><em>Πάντων</em></span> <span class='ocrx_word' id='word_1_669' title='bbox 554 5003 613 5055; x_wconf 85' lang='grc' dir='ltr'><em>δὲ</em></span> <span class='ocrx_word' id='word_1_670' title='bbox 635 5002 1043 5074; x_wconf 79' lang='grc' dir='ltr'><em>ἐρωτηθέντων,</em></span> <span class='ocrx_word' id='word_1_671' title='bbox 1073 5002 1236 5057; x_wconf 81' lang='grc' dir='ltr'><em>πάλιν</em></span> <span class='ocrx_word' id='word_1_672' title='bbox 1267 5007 1295 5057; x_wconf 82' lang='grc' dir='ltr'>ὁ</span> <span class='ocrx_word' id='word_1_673' title='bbox 1323 5004 1527 5075; x_wconf 78' lang='grc' dir='ltr'><em>Πέτρος</em></span> <span class='ocrx_word' id='word_1_674' title='bbox 1555 5005 1691 5058; x_wconf 83' lang='grc' dir='ltr'><strong>ἁπο-</strong></span> 
     </span>
    </p>
   </div>
   <div class='ocr_carea' id='block_1_95' title="bbox 144 5092 1687 5168">
    <p class='ocr_par' dir='ltr' id='par_1_95' title="bbox 144 5092 1687 5168">
     <span class='ocr_line' id='line_1_95' title="bbox 144 5092 1687 5168; baseline 0.007 -28"><span class='ocrx_word' id='word_1_675' title='bbox 144 5092 382 5158; x_wconf 75' lang='grc' dir='ltr'><em>κρὶνεται.</em></span> <span class='ocrx_word' id='word_1_676' title='bbox 423 5095 601 5147; x_wconf 75' lang='grc' dir='ltr'><strong>Αὐτοῦ</strong></span> <span class='ocrx_word' id='word_1_677' title='bbox 624 5094 667 5125; x_wconf 78' lang='grc'><strong>⁶¹</strong></span> <span class='ocrx_word' id='word_1_678' title='bbox 691 5095 803 5164; x_wconf 77' lang='grc' dir='ltr'><em>γὰρ</em></span> <span class='ocrx_word' id='word_1_679' title='bbox 853 5094 1007 5147; x_wconf 74' lang='grc' dir='ltr'><em>αὐτοὶ</em></span> <span class='ocrx_word' id='word_1_680' title='bbox 1037 5095 1438 5165; x_wconf 77' lang='grc' dir='ltr'><em>προύϐάλλοντο</em></span> <span class='ocrx_word' id='word_1_681' title='bbox 1487 5096 1687 5168; x_wconf 82' lang='grc' dir='ltr'><em>στόμα,</em></span> 
     </span>
    </p>
   </div>
   <div class='ocr_carea' id='block_1_96' title="bbox 144 5183 1691 5256">
    <p class='ocr_par' dir='ltr' id='par_1_96' title="bbox 144 5183 1691 5256">
     <span class='ocr_line' id='line_1_96' title="bbox 144 5183 1691 5256; baseline 0.006 -24"><span class='ocrx_word' id='word_1_682' title='bbox 144 5183 225 5234; x_wconf 76' lang='grc' dir='ltr'><em>καί</em></span> <span class='ocrx_word' id='word_1_683' title='bbox 263 5201 387 5255; x_wconf 82' lang='grc' dir='ltr'><em>φησι</em></span> <span class='ocrx_word' id='word_1_684' title='bbox 419 5201 435 5215; x_wconf 89' lang='grc'><strong>·</strong></span> <span class='ocrx_word' id='word_1_685' title='bbox 485 5187 892 5256; x_wconf 75' lang='grc' dir='ltr'><em>Μετανοήσατε,</em></span> <span class='ocrx_word' id='word_1_686' title='bbox 928 5186 1022 5239; x_wconf 77' lang='grc' dir='ltr'><strong>καὶ</strong></span> <span class='ocrx_word' id='word_1_687' title='bbox 1081 5185 1430 5256; x_wconf 81' lang='grc' dir='ltr'><em>βαπτισθήτω</em></span> <span class='ocrx_word' id='word_1_688' title='bbox 1462 5188 1691 5252; x_wconf 73' lang='grc' dir='ltr'><em>ἕκαστος</em></span> 
     </span>
    </p>
   </div>
   <div class='ocr_carea' id='block_1_97' title="bbox 145 5270 1693 5350">
    <p class='ocr_par' dir='ltr' id='par_1_97' title="bbox 145 5270 1693 5350">
     <span class='ocr_line' id='line_1_97' title="bbox 145 5270 1693 5350; baseline 0.005 -24"><span class='ocrx_word' id='word_1_689' title='bbox 145 5270 279 5340; x_wconf 76' lang='grc' dir='ltr'><strong>ὑμῶν</strong></span> <span class='ocrx_word' id='word_1_690' title='bbox 307 5279 398 5331; x_wconf 75' lang='grc' dir='ltr'><strong>ἐπὶ</strong></span> <span class='ocrx_word' id='word_1_691' title='bbox 436 5277 516 5348; x_wconf 82' lang='grc' dir='ltr'><em>τῷ</em></span> <span class='ocrx_word' id='word_1_692' title='bbox 566 5277 791 5346; x_wconf 79' lang='grc' dir='ltr'><em>ὀνόματι</em></span> <span class='ocrx_word' id='word_1_693' title='bbox 838 5276 1010 5346; x_wconf 81' lang='grc' dir='ltr'><strong>Ἰησοῦ</strong></span> <span class='ocrx_word' id='word_1_694' title='bbox 1060 5276 1320 5348; x_wconf 81' lang='grc' dir='ltr'><em>Χριστοῦ.</em></span> <span class='ocrx_word' id='word_1_695' title='bbox 1358 5278 1433 5330; x_wconf 85' lang='grc' dir='ltr'><strong>Οὐ</strong></span> <span class='ocrx_word' id='word_1_696' title='bbox 1461 5281 1693 5350; x_wconf 84' lang='grc' dir='ltr'><em>μάχεται</em></span> 
     </span>
    </p>
   </div>
   <div class='ocr_carea' id='block_1_98' title="bbox 147 5361 1690 5439">
    <p class='ocr_par' dir='ltr' id='par_1_98' title="bbox 147 5361 1690 5439">
     <span class='ocr_line' id='line_1_98' title="bbox 147 5361 1690 5439; baseline 0.003 -20"><span class='ocrx_word' id='word_1_697' title='bbox 147 5361 199 5414; x_wconf 69' lang='grc' dir='ltr'><em>δὲ</em></span> <span class='ocrx_word' id='word_1_698' title='bbox 220 5366 364 5439; x_wconf 75' lang='grc' dir='ltr'><em>τοῦτο</em></span> <span class='ocrx_word' id='word_1_699' title='bbox 408 5369 510 5439; x_wconf 80' lang='grc' dir='ltr'><em>τῷ,</em></span> <span class='ocrx_word' id='word_1_700' title='bbox 543 5369 906 5432; x_wconf 79' lang='grc' dir='ltr'><em>Βαπτίζοντες</em></span> <span class='ocrx_word' id='word_1_701' title='bbox 942 5369 1138 5430; x_wconf 76' lang='grc' dir='ltr'><em>αὐτοὺς</em></span> <span class='ocrx_word' id='word_1_702' title='bbox 1179 5370 1258 5431; x_wconf 84' lang='grc' dir='ltr'><strong>είς</strong></span> <span class='ocrx_word' id='word_1_703' title='bbox 1305 5369 1366 5421; x_wconf 84' lang='grc' dir='ltr'><em>τὸ</em></span> <span class='ocrx_word' id='word_1_704' title='bbox 1395 5369 1567 5439; x_wconf 77' lang='grc' dir='ltr'><em>ὄνομα</em></span> <span class='ocrx_word' id='word_1_705' title='bbox 1595 5369 1690 5423; x_wconf 79' lang='grc' dir='ltr'><strong>τοῦ</strong></span> 
     </span>
    </p>
   </div>
   <div class='ocr_carea' id='block_1_99' title="bbox 145 5430 1687 5530">
    <p class='ocr_par' dir='ltr' id='par_1_99' title="bbox 145 5430 1687 5530">
     <span class='ocr_line' id='line_1_99' title="bbox 145 5430 1687 5530; baseline 0.005 -23"><span class='ocrx_word' id='word_1_706' title='bbox 145 5430 335 5528; x_wconf 59' lang='lat' dir='ltr'><strong>nn‘pu;</strong></span> <span class='ocrx_word' id='word_1_707' title='bbox 389 5430 616 5515; x_wconf 53' lang='lat' dir='ltr'><strong>uulscis</strong></span> <span class='ocrx_word' id='word_1_708' title='bbox 654 5430 786 5513; x_wconf 80' lang='grc' dir='ltr'><strong>Υίοῦ</strong></span> <span class='ocrx_word' id='word_1_709' title='bbox 829 5430 923 5513; x_wconf 77' lang='grc' dir='ltr'><strong>καὶ</strong></span> <span class='ocrx_word' id='word_1_710' title='bbox 970 5458 1065 5513; x_wconf 84' lang='grc' dir='ltr'><em>τοῦ</em></span> <span class='ocrx_word' id='word_1_711' title='bbox 1116 5460 1275 5527; x_wconf 82' lang='grc' dir='ltr'><em>ἁγίου</em></span> <span class='ocrx_word' id='word_1_712' title='bbox 1332 5430 1687 5530; x_wconf 60' lang='grc' dir='ltr'><em>Πνεύριατοςο</em></span> 
     </span>
    </p>
   </div>
   <div class='ocr_carea' id='block_1_100' title="bbox 1802 4819 3373 4890">
    <p class='ocr_par' dir='ltr' id='par_1_100' title="bbox 1802 4819 3373 4890">
     <span class='ocr_line' id='line_1_100' title="bbox 1802 4819 3373 4890; baseline -0.004 -12"><span class='ocrx_word' id='word_1_713' title='bbox 1802 4824 1894 4878; x_wconf 90' lang='lat' dir='ltr'><strong>citi</strong></span> <span class='ocrx_word' id='word_1_714' title='bbox 1924 4832 1978 4878; x_wconf 88' lang='lat' dir='ltr'><strong>et</strong></span> <span class='ocrx_word' id='word_1_715' title='bbox 2005 4823 2318 4877; x_wconf 82' lang='lat' dir='ltr'><strong>laborantes</strong></span> <span class='ocrx_word' id='word_1_716' title='bbox 2355 4835 2455 4890; x_wconf 84' lang='lat' dir='ltr'><strong>pro</strong></span> <span class='ocrx_word' id='word_1_717' title='bbox 2485 4822 2600 4875; x_wconf 88' lang='lat' dir='ltr'><strong>suis</strong></span> <span class='ocrx_word' id='word_1_718' title='bbox 2631 4819 2991 4874; x_wconf 77' lang='lat' dir='ltr'><strong>facinoribus.</strong></span> <span class='ocrx_word' id='word_1_719' title='bbox 3016 4820 3164 4885; x_wconf 84' lang='lat' dir='ltr'><strong>Quos</strong></span> <span class='ocrx_word' id='word_1_720' title='bbox 3191 4833 3373 4875; x_wconf 84' lang='lat' dir='ltr'><strong>autem</strong></span> 
     </span>
    </p>
   </div>
   <div class='ocr_carea' id='block_1_101' title="bbox 1797 4910 3371 4986">
    <p class='ocr_par' dir='ltr' id='par_1_101' title="bbox 1797 4910 3371 4986">
     <span class='ocr_line' id='line_1_101' title="bbox 1797 4910 3371 4986; baseline -0.004 -17"><span class='ocrx_word' id='word_1_721' title='bbox 1797 4924 1962 4970; x_wconf 85' lang='lat' dir='ltr'><strong>antea</strong></span> <span class='ocrx_word' id='word_1_722' title='bbox 1985 4914 2314 4986; x_wconf 85' lang='lat' dir='ltr'><strong>impostores</strong></span> <span class='ocrx_word' id='word_1_723' title='bbox 2352 4920 2702 4978; x_wconf 79' lang='lat' dir='ltr'><strong>vocaverant,</strong></span> <span class='ocrx_word' id='word_1_724' title='bbox 2745 4927 2891 4966; x_wconf 89' lang='lat' dir='ltr'><strong>nunc</strong></span> <span class='ocrx_word' id='word_1_725' title='bbox 2925 4910 3126 4967; x_wconf 82' lang='lat' dir='ltr'><strong>fratres</strong></span> <span class='ocrx_word' id='word_1_726' title='bbox 3155 4923 3371 4974; x_wconf 85' lang='lat' dir='ltr'><strong>vocant,</strong></span> 
     </span>
    </p>
   </div>
   <div class='ocr_carea' id='block_1_102' title="bbox 1795 5004 3376 5074">
    <p class='ocr_par' dir='ltr' id='par_1_102' title="bbox 1795 5004 3376 5074">
     <span class='ocr_line' id='line_1_102' title="bbox 1795 5004 3376 5074; baseline -0.006 -11"><span class='ocrx_word' id='word_1_727' title='bbox 1795 5016 1851 5063; x_wconf 86' lang='lat' dir='ltr'><strong>et</strong></span> <span class='ocrx_word' id='word_1_728' title='bbox 1886 5007 1940 5062; x_wconf 90' lang='lat' dir='ltr'><strong>id</strong></span> <span class='ocrx_word' id='word_1_729' title='bbox 1992 5005 2206 5061; x_wconf 79' lang='lat' dir='ltr'><strong>faciunt</strong></span> <span class='ocrx_word' id='word_1_730' title='bbox 2235 5020 2345 5060; x_wconf 90' lang='lat' dir='ltr'><strong>non</strong></span> <span class='ocrx_word' id='word_1_731' title='bbox 2378 5012 2563 5074; x_wconf 90' lang='lat' dir='ltr'><strong>aperte</strong></span> <span class='ocrx_word' id='word_1_732' title='bbox 2615 5019 2679 5057; x_wconf 88' lang='lat' dir='ltr'><strong>ac</strong></span> <span class='ocrx_word' id='word_1_733' title='bbox 2727 5005 2897 5059; x_wconf 87' lang='lat' dir='ltr'><strong>libere</strong></span> <span class='ocrx_word' id='word_1_734' title='bbox 2931 5004 2998 5056; x_wconf 87' lang='lat' dir='ltr'><strong>ad</strong></span> <span class='ocrx_word' id='word_1_735' title='bbox 3036 5018 3131 5058; x_wconf 85' lang='lat' dir='ltr'><strong>eos</strong></span> <span class='ocrx_word' id='word_1_736' title='bbox 3157 5005 3247 5057; x_wconf 89' lang='lat' dir='ltr'><strong>tali</strong></span> <span class='ocrx_word' id='word_1_737' title='bbox 3278 5018 3376 5072; x_wconf 84' lang='lat' dir='ltr'><strong>ap-</strong></span> 
     </span>
    </p>
   </div>
   <div class='ocr_carea' id='block_1_103' title="bbox 1796 5096 3370 5169">
    <p class='ocr_par' dir='ltr' id='par_1_103' title="bbox 1796 5096 3370 5169">
     <span class='ocr_line' id='line_1_103' title="bbox 1796 5096 3370 5169; baseline -0.008 -14"><span class='ocrx_word' id='word_1_738' title='bbox 1796 5098 2092 5169; x_wconf 79' lang='lat' dir='ltr'><strong>pellatione</strong></span> <span class='ocrx_word' id='word_1_739' title='bbox 2119 5107 2360 5164; x_wconf 83' lang='lat' dir='ltr'><strong>utentes,</strong></span> <span class='ocrx_word' id='word_1_740' title='bbox 2403 5097 2498 5150; x_wconf 89' lang='lat' dir='ltr'><strong>sed</strong></span> <span class='ocrx_word' id='word_1_741' title='bbox 2533 5111 2771 5152; x_wconf 76' lang='lat' dir='ltr'><strong>sinerem</strong></span> <span class='ocrx_word' id='word_1_742' title='bbox 2809 5096 3370 5163; x_wconf 53' lang='lat' dir='ltr'><strong>benevolentiamque,</strong></span> 
     </span>
    </p>
   </div>
   <div class='ocr_carea' id='block_1_104' title="bbox 1797 5185 3372 5261">
    <p class='ocr_par' dir='ltr' id='par_1_104' title="bbox 1797 5185 3372 5261">
     <span class='ocr_line' id='line_1_104' title="bbox 1797 5185 3372 5261; baseline -0.001 -19"><span class='ocrx_word' id='word_1_743' title='bbox 1797 5206 1861 5246; x_wconf 85' lang='lat' dir='ltr'><strong>ac</strong></span> <span class='ocrx_word' id='word_1_744' title='bbox 1887 5198 2225 5261; x_wconf 87' lang='lat' dir='ltr'><strong>quantopere</strong></span> <span class='ocrx_word' id='word_1_745' title='bbox 2244 5187 2524 5244; x_wconf 85' lang='lat' dir='ltr'><strong>conciliati</strong></span> <span class='ocrx_word' id='word_1_746' title='bbox 2554 5204 2620 5242; x_wconf 82' lang='lat' dir='ltr'><strong>ac</strong></span> <span class='ocrx_word' id='word_1_747' title='bbox 2666 5188 2803 5243; x_wconf 88' lang='lat' dir='ltr'><strong>bene</strong></span> <span class='ocrx_word' id='word_1_748' title='bbox 2824 5185 3001 5241; x_wconf 84' lang='lat' dir='ltr'><strong>aﬂ&#39;eeti</strong></span> <span class='ocrx_word' id='word_1_749' title='bbox 3032 5191 3213 5241; x_wconf 71' lang='lat' dir='ltr'><strong>esScnt</strong></span> <span class='ocrx_word' id='word_1_750' title='bbox 3244 5202 3372 5257; x_wconf 75' lang='lat' dir='ltr'><strong>erga</strong></span> 
     </span>
    </p>
   </div>
   <div class='ocr_carea' id='block_1_105' title="bbox 1800 5278 3372 5350">
    <p class='ocr_par' dir='ltr' id='par_1_105' title="bbox 1800 5278 3372 5350">
     <span class='ocr_line' id='line_1_105' title="bbox 1800 5278 3372 5350; baseline -0.002 -15"><span class='ocrx_word' id='word_1_751' title='bbox 1800 5282 1949 5350; x_wconf 90' lang='lat' dir='ltr'><strong>illos,</strong></span> <span class='ocrx_word' id='word_1_752' title='bbox 1992 5283 2365 5339; x_wconf 81' lang='lat' dir='ltr'><strong>ostendentes.</strong></span> <span class='ocrx_word' id='word_1_753' title='bbox 2396 5281 2533 5335; x_wconf 85' lang='lat' dir='ltr'><strong>1\am</strong></span> <span class='ocrx_word' id='word_1_754' title='bbox 2573 5280 2733 5343; x_wconf 86' lang='lat' dir='ltr'><strong>etiam</strong></span> <span class='ocrx_word' id='word_1_755' title='bbox 2766 5280 2866 5348; x_wconf 89' lang='lat' dir='ltr'><strong>ipsi</strong></span> <span class='ocrx_word' id='word_1_756' title='bbox 2905 5280 3157 5348; x_wconf 76' lang='lat' dir='ltr'><strong>apostoli,</strong></span> <span class='ocrx_word' id='word_1_757' title='bbox 3208 5278 3372 5334; x_wconf 79' lang='lat' dir='ltr'><strong>Potin</strong></span> 
     </span>
    </p>
   </div>
   <div class='ocr_carea' id='block_1_106' title="bbox 1794 5369 3372 5437">
    <p class='ocr_par' dir='ltr' id='par_1_106' title="bbox 1794 5369 3372 5437">
     <span class='ocr_line' id='line_1_106' title="bbox 1794 5369 3372 5437; baseline -0.003 -9"><span class='ocrx_word' id='word_1_758' title='bbox 1794 5375 2118 5429; x_wconf 87' lang='lat' dir='ltr'><strong>concionem</strong></span> <span class='ocrx_word' id='word_1_759' title='bbox 2143 5373 2483 5437; x_wconf 80' lang='lat' dir='ltr'><strong>exordiente,</strong></span> <span class='ocrx_word' id='word_1_760' title='bbox 2509 5372 2584 5424; x_wconf 86' lang='lat' dir='ltr'><strong>ita</strong></span> <span class='ocrx_word' id='word_1_761' title='bbox 2636 5370 2755 5423; x_wconf 89' lang='lat' dir='ltr'><strong>illos</strong></span> <span class='ocrx_word' id='word_1_762' title='bbox 2804 5378 3150 5422; x_wconf 81' lang='lat' dir='ltr'><strong>vocaverant.</strong></span> <span class='ocrx_word' id='word_1_763' title='bbox 3201 5369 3372 5424; x_wconf 83' lang='lat' dir='ltr'><strong>Porro</strong></span> 
     </span>
    </p>
   </div>
   <div class='ocr_carea' id='block_1_107' title="bbox 1794 5460 3371 5535">
    <p class='ocr_par' dir='ltr' id='par_1_107' title="bbox 1794 5460 3371 5535">
     <span class='ocr_line' id='line_1_107' title="bbox 1794 5460 3371 5535; baseline -0.002 -16"><span class='ocrx_word' id='word_1_764' title='bbox 1794 5480 1920 5519; x_wconf 89' lang='lat' dir='ltr'><strong>cum</strong></span> <span class='ocrx_word' id='word_1_765' title='bbox 1949 5480 2139 5520; x_wconf 83' lang='lat' dir='ltr'><strong>omnes</strong></span> <span class='ocrx_word' id='word_1_766' title='bbox 2170 5467 2655 5535; x_wconf 85' lang='lat' dir='ltr'><strong>interrogarentur,</strong></span> <span class='ocrx_word' id='word_1_767' title='bbox 2695 5460 2887 5517; x_wconf 87' lang='lat' dir='ltr'><strong>Petrus</strong></span> <span class='ocrx_word' id='word_1_768' title='bbox 2924 5476 3117 5517; x_wconf 86' lang='lat' dir='ltr'><strong>rursus</strong></span> <span class='ocrx_word' id='word_1_769' title='bbox 3146 5476 3371 5533; x_wconf 84' lang='lat' dir='ltr'><strong>respon-</strong></span> 
     </span>
    </p>
   </div>
   <div class='ocr_carea' id='block_1_108' title="bbox 1315 5665 2174 5728">
    <p class='ocr_par' dir='ltr' id='par_1_108' title="bbox 1315 5665 2174 5728">
     <span class='ocr_line' id='line_1_108' title="bbox 1315 5665 2174 5728; baseline 0.001 -3"><span class='ocrx_word' id='word_1_770' title='bbox 1315 5665 1516 5726; x_wconf 68' lang='lat' dir='ltr'><strong>Varim</strong></span> <span class='ocrx_word' id='word_1_771' title='bbox 1544 5666 1858 5728; x_wconf 85' lang='lat' dir='ltr'><strong>lectiones</strong></span> <span class='ocrx_word' id='word_1_772' title='bbox 1881 5673 1943 5727; x_wconf 87' lang='lat' dir='ltr'><strong>et</strong></span> <span class='ocrx_word' id='word_1_773' title='bbox 1981 5674 2174 5727; x_wconf 77' lang='lat' dir='ltr'><strong>nolte.</strong></span> 
     </span>
    </p>
   </div>
   <div class='ocr_carea' id='block_1_109' title="bbox 149 5849 973 5923">
    <p class='ocr_par' dir='ltr' id='par_1_109' title="bbox 149 5849 973 5923">
     <span class='ocr_line' id='line_1_109' title="bbox 149 5849 973 5923; baseline 0.011 -19"><span class='ocrx_word' id='word_1_774' title='bbox 149 5849 193 5883; x_wconf 73' lang='grc'>⁸³</span> <span class='ocrx_word' id='word_1_775' title='bbox 212 5856 313 5923; x_wconf 70' lang='grc' dir='ltr'><strong>οὐχ,</strong></span> <span class='ocrx_word' id='word_1_776' title='bbox 340 5849 481 5911; x_wconf 47' lang='lat' dir='ltr'><strong>erat;</strong></span> <span class='ocrx_word' id='word_1_777' title='bbox 515 5849 526 5856; x_wconf 72' lang='grc'><em>’</em></span> <span class='ocrx_word' id='word_1_778' title='bbox 547 5859 589 5888; x_wconf 82' lang='grc'><strong>⁶¹</strong></span> <span class='ocrx_word' id='word_1_779' title='bbox 626 5860 810 5921; x_wconf 76' lang='grc' dir='ltr'><em>αὐτὸν,</em></span> <span class='ocrx_word' id='word_1_780' title='bbox 839 5871 973 5914; x_wconf 86' lang='lat' dir='ltr'><strong>erat.</strong></span> 
     </span>
    </p>
   </div>
   <div class='ocr_carea' id='block_1_110' title="bbox 434 5950 1122 6013">
    <p class='ocr_par' dir='ltr' id='par_1_110' title="bbox 434 5950 1122 6013">
     <span class='ocr_line' id='line_1_110' title="bbox 434 5950 1122 6013; baseline 0.007 -5"><span class='ocrx_word' id='word_1_781' title='bbox 434 5951 707 6011; x_wconf 63' lang='lat' dir='ltr'><strong>Panos.</strong></span> <span class='ocrx_word' id='word_1_782' title='bbox 742 5951 858 6011; x_wconf 82' lang='lat' dir='ltr'><strong>Gn.</strong></span> <span class='ocrx_word' id='word_1_783' title='bbox 893 5950 1122 6013; x_wconf 78' lang='lat' dir='ltr'><strong>CXXV.</strong></span> 
     </span>
    </p>
   </div>
   <div class='ocr_carea' id='block_1_111' title="bbox 235 5787 1695 5860">
    <p class='ocr_par' dir='ltr' id='par_1_111' title="bbox 235 5787 1646 5860">
     <span class='ocr_line' id='line_1_111' title="bbox 235 5787 1646 5860; baseline 0.006 -23"><span class='ocrx_word' id='word_1_784' title='bbox 235 5787 655 5860; x_wconf 53' lang='grc' dir='ltr'><em>ίκατηνὺγησαν,</em></span> <span class='ocrx_word' id='word_1_785' title='bbox 682 5798 818 5841; x_wconf 82' lang='lat' dir='ltr'><strong>erat.</strong></span> <span class='ocrx_word' id='word_1_786' title='bbox 892 5789 936 5819; x_wconf 80' lang='grc'><strong>⁸⁷</strong></span> <span class='ocrx_word' id='word_1_787' title='bbox 975 5787 1036 5841; x_wconf 80' lang='lat' dir='ltr'><strong>In</strong></span> <span class='ocrx_word' id='word_1_788' title='bbox 1068 5789 1290 5857; x_wconf 76' lang='lat' dir='ltr'><strong>vulgatis</strong></span> <span class='ocrx_word' id='word_1_789' title='bbox 1320 5806 1420 5843; x_wconf 83' lang='lat' dir='ltr'><strong>non</strong></span> <span class='ocrx_word' id='word_1_790' title='bbox 1461 5800 1536 5843; x_wconf 73' lang='lat' dir='ltr'><strong>est</strong></span> <span class='ocrx_word' id='word_1_791' title='bbox 1569 5790 1646 5845; x_wconf 81' lang='grc' dir='ltr'><strong>δὲ.</strong></span> 
     </span>
    </p>
   </div>
   <div class='ocr_carea' id='block_1_112' title="bbox 1808 5787 2742 5860">
    <p class='ocr_par' dir='ltr' id='par_1_112' title="bbox 1808 5787 2742 5860">
     <span class='ocr_line' id='line_1_112' title="bbox 1808 5787 2742 5860; baseline 0 -16"><span class='ocrx_word' id='word_1_792' title='bbox 1808 5791 1856 5844; x_wconf 72' lang='lat' dir='ltr'><strong>in</strong></span> <span class='ocrx_word' id='word_1_793' title='bbox 1880 5792 2107 5860; x_wconf 81' lang='lat' dir='ltr'><strong>vulgatis</strong></span> <span class='ocrx_word' id='word_1_794' title='bbox 2162 5802 2259 5854; x_wconf 81' lang='lat' dir='ltr'><strong>est,</strong></span> <span class='ocrx_word' id='word_1_795' title='bbox 2329 5787 2742 5860; x_wconf 76' lang='grc' dir='ltr'><em>διεμαρτύρετο.</em></span> 
     </span>
    </p>
   </div>
   <div class='ocr_carea' id='block_1_113' title="bbox 2846 5787 3362 5857">
    <p class='ocr_par' dir='ltr' id='par_1_113' title="bbox 2846 5787 3362 5857">
     <span class='ocr_line' id='line_1_113' title="bbox 2846 5787 3362 5857; baseline 0.004 -16"><span class='ocrx_word' id='word_1_796' title='bbox 2846 5789 2892 5821; x_wconf 86' lang='grc'><strong>⁸⁹</strong></span> <span class='ocrx_word' id='word_1_797' title='bbox 2925 5787 3152 5857; x_wconf 77' lang='grc' dir='ltr'><em>σύνθητε</em></span> <span class='ocrx_word' id='word_1_798' title='bbox 3163 5829 3175 5853; x_wconf 91' lang='grc'><strong>,</strong></span> <span class='ocrx_word' id='word_1_799' title='bbox 3228 5799 3362 5844; x_wconf 75' lang='lat' dir='ltr'><strong>erat.</strong></span> 
     </span>
    </p>
   </div>
   <div class='ocr_carea' id='block_1_114' title="bbox 2931 5950 3007 6012">
    <p class='ocr_par' dir='ltr' id='par_1_114' title="bbox 2931 5950 3007 6012">
     <span class='ocr_line' id='line_1_114' title="bbox 2931 5950 3007 6012; baseline 0 0"><span class='ocrx_word' id='word_1_800' title='bbox 2931 5950 3007 6012; x_wconf 86' lang='lat'><strong>18</strong></span> 
     </span>
    </p>
   </div>
  </div>
