3870 6558
229 452 337 527 557

987 451 1388 524 EXPOSiTiO
1419 462 1499 521 ΙΝ
1529 455 1714 520 ACTA
1740 455 2309 520 APGSTOLORUM.
2348 482 2411 491 —
2447 457 2604 518 CAP.
2651 457 2766 517 III.

3371 457 3477 522 558

223 573 432 642 χόντων
486 568 878 641 κατεφρόνουν.
925 569 1143 640 Ἐπειδὴ
1173 571 1280 640 γὰρ
1306 571 1507 624 ἄνωθεν
1537 566 1604 640 ἦν
1641 569 1803 633 πολὺς

1918 579 2167 640 tanquam
2197 571 2329 626 viles
2353 568 2744 640 despiciebant.
2771 567 3043 636 Quoniam
3066 570 3212 624 enim
3247 585 3482 640 superne

228 665 371 733 ῥέων
407 666 437 717 δ
467 664 694 736 Πέτρος,
727 664 820 718 καὶ
843 664 1053 718 ἐδείκνυ
1086 667 1183 729 τὰς
1211 664 1545 733 ἐπαγγελίας
1595 666 1689 718 καὶ
1737 663 1807 716 τὰ

237 757 505 827 μέλλοντα
524 798 540 821 ,
594 759 819 821 εἰκότως
864 759 1160 828 ἐξέστησαν
1199 758 1276 827 τῷ
1301 757 1450 829 φόϐῳ
1469 773 1480 788 ⁸
1508 755 1805 827 ἐμαρτύρει

223 851 333 918 γάρ
377 853 492 912 τοῖς
538 849 855 918 λεγομένοις
909 851 1002 902 καὶ
1047 847 1114 903 τὰ
1144 850 1441 918 τελούμενα
1478 849 1678 918 τέρατα
1716 850 1806 899 καὶ

229 941 460 1011 σημεῖα.
511 940 778 1012 Καθάπερ
827 941 935 1008 γάρ
971 942 1064 994 ἐπὶ
1109 941 1203 994 τοῦ
1237 941 1498 1012 Χριστοῦ,
1543 941 1807 1008 πρότερον

243 1034 472 1101 σημεῖα,
509 1026 627 1084 εἶτα
665 1032 1005 1098 διδασκαλία,
1041 1029 1160 1085 εἶτα
1217 1031 1468 1097 θαύματα
1494 1048 1510 1062 ο
1540 1030 1681 1083 οὕτω
1713 1047 1805 1082 και

225 1125 345 1175 νῦν.
382 1123 591 1185 Πάντες
618 1121 674 1175 δὲ
704 1123 752 1174 οἱ
783 1122 1128 1185 πιστεύοντες
1167 1119 1308 1193 ἦσαν
1335 1124 1426 1175 ἐπὶ
1457 1122 1516 1174 τὸ
1545 1121 1678 1175 αὑτό
1700 1141 1714 1153 ·
1743 1121 1804 1173 ού

223 1213 402 1282 τόπῳ,
450 1213 583 1265 ά)λά
617 1212 852 1266 διαθέσει
882 1211 975 1265 καὶ
1007 1214 1222 1286 γνώμῃ,
1253 1213 1344 1265 καὶ
1374 1215 1439 1283 τῇ
1469 1211 1605 1282 πρὸς
1638 1211 1803 1282 ἀλλή-

222 1303 353 1366 λους
403 1304 714 1372 ἀδιαστάτῳ
749 1303 972 1371 ὁμονοία
1007 1305 1103 1357 καὶ
1161 1306 1388 1375 στοργῇ.
1416 1305 1489 1356 Τδ
1508 1304 1588 1367 δὲ,
1623 1304 1748 1358 καθ’
1775 1305 1804 1357 δ

223 1393 288 1446 ἄν
309 1411 396 1457 τις
412 1394 603 1464 χρείαν
622 1392 766 1463 εἶχεν
789 1434 802 1456 ,
829 1393 925 1461 οὐχ
948 1393 1131 1455 ἁπλῶς
1155 1409 1320 1460 φησιν
1340 1433 1354 1457 ,
1382 1393 1498 1445 ἀλλ’
1526 1395 1800 1464 οἰκονομι-

222 1484 372 1546 κῶςο
426 1484 585 1536 τοῦτο
629 1484 756 1553 γὰρ,
793 1483 914 1536 καθ⁹
971 1483 998 1535 ὃ
1041 1483 1106 1537 ἄν
1135 1501 1220 1546 τις
1267 1483 1455 1554 χρείας
1508 1480 1672 1553 εἶχεν.
1726 1486 1800 1538 Οὐ

222 1575 482 1647 καθάπερ
502 1575 558 1627 δὲ
592 1577 639 1627 οἱ
680 1574 810 1645 παρ’
841 1575 1067 1644 Ἕλλησι
1119 1575 1308 1643 σοφοί·
1341 1576 1391 1627 οἱ
1442 1577 1541 1645 μὲν
1593 1577 1802 1646 ἀνῆκαν

219 1671 322 1740 τὴν
366 1671 495 1739 γῆν,
529 1671 579 1722 οἱ
627 1671 680 1722 δὲ
722 1671 800 1732 εἰς
833 1669 1108 1724 θάλασσαν
1139 1671 1371 1740 ἔρριψαν
1400 1673 1532 1726 πολὺ
1557 1673 1800 1743 χρυσίον.

223 1758 398 1812 Τοῦτο
442 1761 500 1812 δὲ
536 1755 603 1830 ἦν
642 1762 740 1828 οὐχ
777 1759 1047 1829 ὑπεροψία
1078 1765 1393 1831 χρημάτων,
1452 1763 1586 1816 ἀλλὰ
1622 1762 1801 1831 μωρία

225 1849 323 1900 καὶ
352 1848 534 1901 ἄνοια.
592 1845 929 1898 Ἑσπούδασε
959 1845 1069 1916 γὰρ
1103 1847 1130 1897 ό
1162 1845 1406 1910 διάϐολος
1439 1846 1532 1900 τοῦ
1570 1846 1704 1901 Θεοῦ
1732 1846 1799 1900 τά

223 1939 508 2008 κτίσμα-ια
539 1937 868 2000 διαϐάλλειν,
918 1937 978 1988 οὐ
1033 1913 1190 1991 κενὸν
1215 1939 1262 1971 ⁸⁸
1288 1939 1467 2003 καλῶς
1492 1939 1802 2010 χρήσασθαι
1834 1913 1880 1972 Β

226 2033 501 2101 χρήμασι.
548 2031 686 2084 Καθ’
724 2034 936 2103 ἡμέραν
984 2052 1045 2086 τε
1098 2033 1674 2104 προσκαρτεροῦντες·
1741 2033 1802 2084 οὐ

228 2123 360 2191 μίαν
395 2123 632 2193 ἡμέραν,
667 2122 699 2193 ἢ
731 2123 900 2194 δύο,ἢ
932 2127 1078 2194 τρεῖς
1099 2164 1114 2186 ,
1145 2124 1278 2178 ἀλλὰ
1305 2122 1688 2194 καθ’ὴμέραν·
1711 2122 1806 2175 καὶ

225 2215 599 2284 ὁμοθυμαδὸν,
664 2216 740 2278 ὡς
781 2217 838 2268 ὲν
861 2220 961 2288 μιᾷ
991 2218 1162 2288 ψυχῇ,
1195 2216 1394 2269 Σκόπει
1421 2217 1475 2268 δὲ
1504 2215 1620 2278 πῶς
1653 2215 1804 2268 οὐδὲν

223 2306 416 2375 ἕτερον
449 2306 665 2360 ἐποίουν
703 2309 752 2360 οἱ
791 2307 1040 2361 Ἰουδαῖοι
1071 2309 1122 2362 οἱ
1161 2308 1533 2372 πιστεύοντες,
1565 2307 1701 2360 ἀλλὰ
1728 2307 1806 2376 τῷ

228 2395 366 2465 ἱερῷ
420 2395 793 2466 προσήδρευον
824 2411 839 2425 ·
879 2397 974 2450 ἆτε
1017 2396 1080 2467 δὴ
1117 2393 1524 2467 σπουδαιότεροι
1578 2414 1805 2466 γεγενη-

228 2487 424 2554 μένοι,
469 2488 564 2538 καὶ
599 2487 729 2556 περὶ
759 2487 854 2539 τὸν
882 2488 1045 2539 τόπον
1075 2486 1364 2541 εὐλάϐειαν
1394 2487 1612 2541 πλείονα
1639 2484 1803 2558 εἶχον.

225 2579 344 2630 Καὶ
379 2578 431 2630 οἱ
461 2577 752 2631 ἀπόστολοι
779 2577 879 2631 οὐκ
917 2578 1179 2631 ἀπέσπων
1201 2580 1242 2611 ⁸⁷
1274 2579 1471 2640 αὐτοὺς
1497 2579 1634 2641 τέως
1663 2581 1805 2632 ἐκεῖι

225 2671 320 2722 θεν
366 2669 509 2722 ὥστε
549 2671 623 2740 μὴ
666 2671 890 2740 βλάψαι.
947 2675 1202 2736 Κλωντες
1247 2672 1368 2726 κατ’
1417 2669 1564 2726 οἷκον
1607 2673 1806 2742 ἄρτον·

222 2756 382 2815 οἶκον
415 2763 479 2816 τὸ
516 2763 661 2834 ἱερὸν
699 2767 796 2817 καὶ
825 2763 920 2818 νῦν
949 2765 1118 2832 λέγει.
1167 2766 1256 2818 Ἐν
1286 2765 1436 2835 αὐτῷ
1467 2767 1573 2836 γὰρ
1601 2765 1805 2836 ἤσθιον.

221 2853 302 2904 Τὸ
330 2852 412 2918 δὲ,
446 2852 682 2916 κλῶντες
706 2854 892 2924 ἄρτον,
923 2853 1021 2923 τὴν
1051 2853 1252 2923 πολλὴν
1274 2853 1458 2906 αὐτῶν
1482 2855 1808 2924 ἐγκράτειαν

223 2945 324 2996 καὶ
357 2944 617 3014 λιτότητα
647 2945 800 3015 δηλοί
831 2945 931 3015 τῆς
961 2945 1194 3017 τροφῆς.
1225 2944 1654 3012 Μετελάμϐανον
1678 2947 1806 3016 γάρ,

223 3037 389 3106 φησι,
421 3037 648 3106 τροφῆς,
680 3037 794 3090 ἀλλ’
820 3039 920 3091 οὐκ
964 3037 1234 3108 ἐτρύφων.
1270 3036 1427 3090 Οὕτω
1453 3037 1664 3090 καὶτὸν
1695 3038 1808 3106 βίον

219 3127 341 3180 ἀπὸ
379 3127 481 3195 τῆς
520 3127 759 3190 πίστεως
785 3129 879 3181 ἐπὶ
902 3127 960 3180 τὸ
983 3129 1234 3197 κρεῖττον
1260 3125 1720 3197 μετερυθμίζοντο
1739 3125 1806 3180 ⁸⁸.

221 3220 357 3282 Πῶς
390 3219 450 3272 δὲ
480 3215 625 3290 εἶχον
659 3220 820 3291 χάριν
849 3221 984 3290 πρὸς
1015 3221 1134 3274 ὅλον
1171 3220 1262 3273 τὸν
1287 3219 1451 3286 λαόν;
1484 3218 1648 3286 Λέγει
1672 3218 1802 3307 γάρ’
1832 3250 1874 3307 c

1912 676 2104 730 magna
2138 663 2316 732 gratia
2345 661 2540 718 Petrus
2567 661 2898 728 abundabat,
2931 669 2985 716 et
3010 662 3328 716 ostendebat
3355 676 3486 732 pro-

1910 751 2201 806 missiones
2226 760 2278 806 et
2309 767 2398 807 res
2421 751 2635 806 futuras
2656 793 2670 817 ,
2705 750 2847 805 baud
2878 751 3150 806 immerito
3180 763 3326 807 metu
3354 767 3482 822 per-

1908 841 2045 896 culsi
2081 849 2230 895 sunt.
2262 841 2409 911 _Nam
2441 850 2495 896 et
2538 857 2691 912 sngna
2721 851 2885 911 atquc
2914 843 3184 913 prodigia,
3217 858 3337 910 qua:
3355 843 3483 898 ede-

1909 935 2128 1000 bantur,
2164 932 2306 987 dicta
2342 932 2791 1002 comprobabant.
2825 932 3294 1000 Quemadmodum
3335 935 3479 988 enim

1909 1035 2152 1092 tempore
2199 1022 2426 1090 Christi,
2480 1023 2633 1092 prius
2673 1023 2828 1094 signa
2880 1023 3206 1087 edebantur,
3284 1023 3482 1078 deinde

1906 1116 2180 1182 doctrina,
2211 1125 2399 1187 postea
2430 1115 2693 1170 miracula
2710 1126 3005 1170 consecuta
3024 1127 3184 1181 sunt;
3213 1117 3286 1170 ita
3315 1118 3478 1171 etiam

1906 1223 2074 1261 nunc.
2118 1207 2322 1263 Omnes
2365 1213 2570 1270 autem,
2613 1206 2704 1275 qui
2756 1207 3072 1273 credebant,
3117 1223 3223 1262 una
3269 1216 3478 1263 erant:

1907 1315 2014 1353 non
2060 1300 2180 1354 loco
2213 1338 2228 1362 ,
2262 1299 2355 1354 sed
2391 1299 2588 1354 all‘ectu
2630 1307 2684 1353 et
2713 1299 2896 1352 animo
2937 1300 3304 1368 continuaque
3336 1301 3482 1355 inter

1907 1391 2056 1460 ipsos
2083 1389 2377 1446 concordia
2405 1398 2572 1459 atque
2597 1402 2785 1443 amore
2811 1402 2877 1442 ac
2904 1388 3302 1442 benevolentia.
3334 1387 3474 1443 Illud

1906 1493 2110 1549 autem,
2165 1494 2328 1555 prout
2375 1485 2576 1552 cuique
2625 1497 2764 1551 opus
2788 1488 2946 1545 erat,
2998 1497 3104 1536 non
3157 1483 3484 1553 simpliciter

1904 1575 2057 1641 dicit,
2090 1575 2183 1631 sed
2215 1574 2458 1630 adhibita
2495 1573 2709 1628 ratione
2734 1572 3152 1628 administrandi
3178 1588 3240 1629 ac
3257 1574 3481 1644 dispen-

1905 1669 2062 1721 sandi
2094 1685 2107 1722 :
2149 1668 2253 1722 hoc
2283 1667 2430 1722 enim
2463 1677 2568 1735 est,
2601 1677 2762 1736 prout
2790 1667 3024 1736 quisque
3048 1682 3187 1736 Opus
3209 1667 3477 1721 habebat:

1903 1760 2010 1831 35
2039 1776 2146 1815 non
2189 1771 2372 1816 autem
2412 1761 2870 1832 quemadmodum
2935 1760 3210 1830 sapientes
3263 1759 3483 1816 Graeco-

1907 1869 2051 1912 rum.
2071 1854 2162 1908 alii
2180 1853 2399 1924 quidem
2429 1865 2628 1908 terram
2652 1853 2987 1922 reliquerunt
3018 1864 3072 1908 et
3117 1868 3276 1924 agros
3304 1853 3482 1908 colere

1908 1943 2236 1999 destiterunt
2265 1987 2280 2012 ,
2334 1944 2424 1998 alii
2453 1959 2583 1999 vero
2622 1959 2873 2013 magnam
2923 1945 3030 1998 vim
3074 1945 3195 1998 auri
3245 1945 3298 1999 in
3332 1959 3484 2001 mare

1909 2037 2280 2107 proiecerunt.
2315 2035 2430 2091 lloc
2463 2050 2593 2091 vero
2625 2051 2732 2090 non
2777 2045 2894 2091 erat
2926 2045 3272 2107 contemptus
3311 2051 3482 2108 pen-

1909 2129 2149 2193 niarum,
2183 2129 2277 2183 sed
2349 2129 2582 2184 stultitia
2631 2137 2794 2198 atque
2839 2129 3092 2184 amentia.
3128 2130 3365 2185 Conatus
3395 2141 3481 2188 est.

1907 2215 2053 2270 enim
2086 2215 2336 2270 diabolus
2365 2224 2646 2270 creaturas
2677 2214 2772 2270 Dei
2804 2216 3129 2270 calumniari
3175 2227 3228 2272 et
3273 2218 3478 2273 invisas

1907 2307 2156 2362 reddere.
2180 2305 2299 2362 Non
2339 2309 2482 2362 enim
2517 2316 2602 2362 est
2647 2323 2733 2365 res
2761 2321 2899 2362 vana
2926 2309 3062 2364 bene
3091 2309 3338 2377 pecuniis
3375 2312 3475 2363 uti.

1908 2396 1987 2450 Ac
2011 2395 2255 2464 quotidie
2276 2393 2497 2449 assidue
2523 2404 2824 2462 versantes,
2848 2410 2958 2449 non
2981 2411 3148 2449 unum
3185 2395 3349 2462 diem,
3385 2406 3478 2449 aut

1908 2487 2067 2550 duos,
2092 2497 2186 2540 aut
2225 2494 2358 2549 tres,
2396 2485 2492 2540 sed
2519 2485 2782 2555 quotidie,
2822 2496 2875 2541 et
2932 2487 3285 2553 unanimiter,
3318 2487 3474 2556 quasi

1911 2593 2018 2632 uno
2042 2579 2246 2632 animo.
2281 2577 2577 2632 Considera
2610 2587 2816 2641 autem,
2863 2585 2923 2631 ut
2953 2577 3088 2632 nihil
3125 2578 3271 2632 aliud
3300 2577 3478 2632 facie-—

1908 2671 2039 2726 bant
2071 2668 2262 2733 indici,
2311 2669 2437 2738 quia
2471 2666 2788 2728 credebant,
2819 2666 2923 2723 nisi
2948 2675 3006 2720 ut
3055 2668 3263 2722 assidui
3297 2682 3478 2722 versa~

1909 2768 2102 2815 rentur
2132 2761 2183 2814 in
2217 2759 2439 2828 templo,
2471 2766 2531 2810 ut
2555 2758 2648 2826 qui
2675 2758 2934 2811 nimirum
2970 2758 3330 2812 studiosiores
3357 2771 3478 2812 cva-

1909 2850 2132 2913 sisscnt,
2191 2848 2356 2902 etiam
2407 2863 2536 2918 erga
2595 2848 2772 2900 locum
2798 2847 2953 2901 illum
2993 2848 3185 2917 majori
3213 2849 3480 2918 religione

1911 2941 2256 2998 tenebantur.
2287 2941 2468 3009 Atque
2495 2937 2732 3008 apostoli
2759 2936 2889 2992 illos
2917 2937 2972 2992 in
3002 2937 3158 2994 initio
3189 2939 3340 2993 illinc
3368 2951 3477 2992 non

1909 3034 2212 3089 avellebant
2261 3038 2317 3086 et
2352 3029 2675 3093 avocabant,
2721 3043 2789 3083 ne
2833 3029 2942 3084 illis
2989 3039 3249 3085 nocerent
3304 3039 3357 3084 et
3395 3029 3480 3083 ina

1909 3124 2334 3180 commodarent.
2389 3120 2449 3174 In
2491 3119 2606 3174 aede
2656 3132 2852 3188 panem
2895 3118 3228 3188 frangentes.
3281 3119 3477 3172 Aidem

1911 3218 2171 3287 templum
2201 3229 2348 3275 nunc
2372 3226 2590 3282 quoque
2634 3211 2786 3264 dicit.
2825 3210 2886 3262 In
2923 3209 3016 3264 illo
3043 3211 3187 3264 enim
3227 3208 3481 3264 comede-

223 3309 345 3363 Καὶ
372 3311 589 3378 ἔχοντες
617 3312 777 3380 χάριν
810 3310 945 3381 πρὸς
965 3310 1084 3362 ὅλον
1109 3309 1198 3362 τὸν
1239 3307 1391 3362 λαόν.
1445 3308 1601 3373 Πῶς;
1629 3307 1706 3359 Δι’
1734 3302 1803 3360 ὧν

1918 3319 2058 3371 nant.
2107 3307 2242 3361 Illud
2297 3314 2502 3368 autem,
2575 3301 2776 3356 Panem
2833 3301 3160 3369 frangentes,
3229 3315 3479 3370 magnam

223 3401 504 3472 ἔπραττον
526 3418 540 3432 ο
595 3403 694 3454 Διὰ
749 3402 851 3468 τῆς
893 3401 1259 3471 ἐλεημοσύνης
1283 3416 1297 3430 ⁸
1332 3400 1421 3453 διὰ
1443 3400 1542 3469 τῆς
1565 3400 1803 3469 καθαρᾶς

1918 3407 2124 3460 illorum
2144 3395 2555 3467 temperantiam
2574 3393 2847 3463 significat
2871 3403 2925 3446 et
2944 3394 3120 3448 victus
3138 3393 3476 3447 tenuitatem.

221 3491 600 3561 ἀναστροφῆς.
667 3491 728 3544 Et
779 3490 890 3559 γὰρ
951 3490 1044 3543 καὶ
1103 3491 1267 3559 ἱερεῖς
1305 3489 1413 3543 ἀπὸ
1473 3490 1670 3558 φθόνου
1718 3491 1803 3543 xui

1918 3493 2211 3550 Sumebant
2239 3485 2410 3550 enim,
2439 3481 2868 3552 inquit,.cibum,
2899 3495 3006 3534 non
3041 3488 3221 3535 autem
3251 3479 3481 3534 delicate

225 3580 538 3649 βασκανίας
584 3581 893 3652 ἐπέστησαν
927 3581 1134 3648 αὐτοῖς,
1182 3579 1322 3634 ἀλλὰ
1371 3579 1510 3650 πρὸς
1560 3581 1652 3633 τὸν
1687 3579 1803 3636 λαὸν

1918 3582 2190 3644 vivebant,
2226 3593 2290 3632 ac
2315 3575 2478 3647 genio
2505 3572 2881 3642 indulgebant.
2917 3571 3066 3626 Adeo
3113 3571 3279 3624 etiam
3311 3570 3479 3623 vitam

224 3672 395 3740 χάριν
427 3665 593 3741 εἶχον.

1918 3689 1943 3728 a
1979 3677 2230 3740 suscepta
2254 3667 2358 3723 ﬁde
2381 3666 2438 3720 in
2455 3664 2648 3719 melius
2661 3661 3028 3717 emendabant
3043 3669 3096 3716 et
3115 3661 3480 3731 corrigebant.

227 3763 342 3819 Sed
374 3765 468 3833 qui
500 3765 674 3832 gratia
705 3763 956 3819 valebant
993 3763 1134 3833 apud
1152 3777 1365 3818 omnem
1391 3763 1648 3834 plebem?
1675 3762 1806 3819 dicit
1841 3765 1987 3819 enim
2023 3782 2038 3818 :
2087 3761 2154 3815 Et
2187 3757 2362 3830 gratia
2437 3755 2705 3825 pollentes
2750 3753 2896 3824 apud
2938 3767 3155 3807 omnem
3221 3753 3480 3823 plebem;

223 3875 346 3928 quo
412 3869 574 3928 pacto
629 3857 653 3911 ?
701 3856 926 3927 Propter
952 3870 1016 3910 ea
1047 3895 1061 3920 ,
1117 3871 1237 3924 quae
1289 3855 1524 3926 agebant
1555 3871 1571 3909 :
1623 3861 1847 3924 propter
1878 3855 2304 3923 eleernosynam,
2342 3855 2563 3918 propter
2598 3859 2788 3915 puram
2820 3845 3308 3900 conversationem.
3342 3843 3479 3899 Nam

225 3955 455 4008 etiamsi
481 3951 821 4016 sacerdotes,
865 3949 1074 4004 invidia
1105 3959 1266 4016 atque
1304 3949 1861 4016 aertiulatione'moti,
1917 3949 2039 4005 illos
2087 3950 2478 4017 Oppresserunt
2531 3947 2587 3995 et
2638 3939 2981 4004 invaserunt,
3033 3948 3275 3996 attamen
3334 3942 3480 4012 apud

227 4045 452 4118 plebem
479 4044 651 4114 gratia
682 4042 980 4112 pollebant.
1815 4061 1820 4064 -

841 4134 1090 4188 ΚΕΦΑΛ.
1134 4133 1209 4187 Γ’.

2356 4155 2358 4158 ν
2505 4119 2735 4177 CAPUT
2805 4120 2894 4174 ΙΙΙ.

321 4227 451 4280 Ἐπὶ
489 4225 558 4278 τὸ
588 4225 734 4278 αὑτό
767 4225 835 4278 δὲ
856 4228 1076 4293 Πέτρος
1113 4225 1212 4278 καὶ
1258 4223 1543 4291 Ἰωάννης
1577 4223 1803 4278 ἀνέϐαι-

1981 4219 2145 4273 Vens.
2167 4219 2219 4272 l.
2243 4217 2360 4271 Una
2389 4226 2567 4271 autem
2592 4213 2782 4268 Petrus
2809 4222 2857 4266 et
2878 4211 3111 4265 Joannes
3134 4209 3480 4266 ascendebant

227 4331 352 4373 var
396 4321 485 4383 εις
534 4317 600 4369 τὸ
644 4316 806 4384 ιερὸν
850 4315 948 4368 ἐπὶ
987 4315 1098 4382 τὴν
1134 4315 1294 4384 ὥραν
1330 4315 1437 4382 τῆς
1467 4313 1803 4382 προσευχῆς

1918 4313 1966 4365 in
2004 4308 2254 4378 templum
2281 4309 2350 4360 ad
2379 4308 2560 4360 horam
2581 4306 2896 4374 precationis
2927 4319 3118 4357 nonani
3145 4319 3164 4354 :

230 4408 357 4476 τὴν
381 4406 646 4473 ἐννάτην
659 4407 724 4459 ⁸⁹.

310 4499 429 4554 Καί
455 4515 545 4562 τις
574 4497 732 4564 ἀνὴρ
777 4496 972 4564 χωλὸς
995 4495 1062 4550 ἐκ
1091 4497 1324 4560 κοιλίας
1366 4497 1594 4567 μητρός
1625 4497 1803 4552 αὑτοῦ

1987 4491 2153 4547 Vatis.
2185 4493 2243 4544 2.
2270 4491 2333 4544 Et
2357 4492 2439 4544 vir
2475 4489 2718 4558 quidam,
2747 4487 2835 4556 qui
2859 4501 2922 4539 ex
2951 4502 3056 4555 quo
3086 4485 3259 4538 editus
3283 4493 3396 4536 erat
3417 4496 3483 4535 ex

233 4589 534 4656 ὑπάρχων
583 4583 968 4643 ἐϐαστάζετο·
1021 4584 1093 4638 ὃν
1139 4586 1379 4640 ἐτίθουν
1417 4585 1546 4639 καθ’
1586 4585 1803 4654 ἡμέραν

1918 4595 2066 4639 utero
2122 4585 2308 4636 matris
2363 4598 2494 4646 suae,
2547 4581 2773 4634 claudus
2830 4587 3119 4642 manserat,
3160 4578 3365 4644 portari
3421 4591 3482 4627 ac

235 4680 394 4746 πρὸς
408 4677 524 4745 τὴν
550 4677 736 4743 θύραν
755 4674 863 4728 τοῦ
883 4673 1062 4744 lepor"),
1085 4675 1197 4741 τὴν
1217 4675 1803 4743 λεγομένην-Ὡραίαν,

1923 4677 2180 4730 collocari
2225 4673 2464 4742 quotidie
2520 4672 2732 4726 solebat
2784 4670 2850 4722 ad
2875 4681 3082 4735 portam
3130 4668 3332 4738 templi,
3365 4684 3482 4736 quae

237 4769 354 4822 τοῦ
386 4767 576 4821 αἰτεῖν
611 4765 1034 4834 ἐλεημοσύνην
1058 4765 1216 4832 παρὰ
1254 4766 1371 4817 τῶν
1395 4764 1803 4830 διαπορευομέε

1920 4766 2121 4818 dicitur
2149 4763 2421 4833 Speciosa,
2450 4771 2507 4814 ut
2531 4769 2724 4830 peteret
2749 4760 3130 4825 eteernosynam
3161 4757 3224 4810 ab
3284 4758 3350 4809 iis
3393 4759 3480 4826 qui

232 4876 363 4912 ναν
389 4860 476 4923 εἰς
501 4857 567 4910 τὸ
600 4859 780 4924 ἱερόν.

316 4951 426 5012 ’ος
466 4945 610 5000 latior
639 4945 866 5014 Πέτρον
887 4946 988 5000 καὶ
1029 4943 1308 5011 Ἰωάννην
1328 4945 1666 5011 μέλλοντας
1693 4948 1816 4998 εἱσ-

235 5039 395 5093 ιέναι
417 5040 506 5103 εις
539 5037 604 5090 τὸ
629 5037 808 5104 ιερὸν,
840 5035 1032 5104 ἠρώτα
1059 5036 1478 5102 ἐλεημοσύνην
1496 5036 1563 5090 ⁷ο.

327 5129 638 5192 Ἄτενίσας
669 5126 736 5178 δὲ
764 5125 987 5193 Πέτρος
1011 5126 1098 5190 εἰς
1134 5125 1320 5177 αὐτὸν
1349 5124 1472 5178 σὺν
1497 5121 1577 5188 τῷ
1620 5123 1815 5176 Ἰωάν-

238 5239 346 5289 νῃ,
371 5217 547 5274 εἷπον
566 5220 609 5251 ⁷⁸
633 5235 646 5248 ο
688 5217 933 5285 Βλέψον
958 5217 1046 5281 εις
1072 5213 1251 5283 ἡμᾶς.

327 5314 395 5366 '0
424 5311 752 5379 δὲέπεῖχεν
770 5306 993 5373 αὐτοῖς,
1014 5305 1367 5374 προσδοκῶν
1388 5322 1440 5358 τι
1460 5303 1595 5372 παρ’
1614 5305 1810 5358 αὐτῶν

239 5405 476 5461 λαϐεῖν.

317 5489 471 5546 Eine
520 5489 589 5543 δὲ
632 5488 886 5558 Πέτρος·
934 5487 1231 5556 Ἀργύριον
1259 5488 1354 5538 καὶ
1393 5485 1648 5553 χρυσίον
1697 5487 1807 5553 οὐχ

1916 4859 2192 4912 introirent
2223 4856 2278 4908 in
2314 4855 2566 4922 templum
2589 4871 2606 4905 :

1989 4947 2156 5000 Vens.
2219 4946 2272 4999 5.
2310 4945 2414 5010 Qui
2480 4943 2813 5012 conspicatus
2873 4939 3085 4994 Petrum
3116 4951 3162 4992 et
3220 4938 3477 4993 Joannem

1913 5039 2247 5106 iugi-casuros
2277 5036 2332 5088 in
2362 5034 2634 5104 templum,
2671 5032 2893 5102 rogabat
2924 5033 3332 5097 eteemosynam.

1989 5123 2153 5180 Vens.
2179 5124 2234 5176 4.
2273 5123 2509 5177 Intuitus
2549 5130 2722 5174 autem
2746 5120 2940 5172 Petrus
2977 5119 3028 5169 in
3059 5133 3175 5170 eum
3207 5131 3311 5167 una
3361 5131 3479 5167 cum

1910 5213 2121 5269 Joanne
2156 5213 2292 5267 dixit
2317 5229 2335 5267 :
2357 5212 2536 5278 Aspice
2559 5211 2628 5263 ad
2657 5225 2774 5262 nos.

1992 5305 2155 5360 Vens.
2195 5305 2248 5359 5.
2277 5304 2341 5356 At
2375 5303 2466 5356 ille
2488 5301 2785 5355 intendebat
2809 5297 2987 5352 oculos
3014 5299 3070 5349 in
3122 5312 3232 5361 eos,
3263 5311 3479 5364 sperans

1916 5417 1969 5454 se
1992 5399 2193 5467 aliquid
2228 5408 2560 5466 accepturum
2590 5393 2654 5446 ab
2677 5394 2775 5446 eis.

1993 5489 2155 5544 Vt-zns.
2189 5489 2241 5542 6.
2268 5487 2458 5541 Petrus
2489 5495 2660 5538 autem
2687 5483 2861 5535 dixit:
2890 5482 3172 5552 Argentum
3209 5491 3257 5534 et
3291 5497 3482 5535 (mrum

1427 5665 1625 5725 Variae
1661 5665 1974 5726 lectiones
2005 5671 2066 5726 et
2102 5673 2291 5725 notae.

315 5777 359 5806 “
385 5775 493 5844 γὰρ
516 5773 809 5826 desiderari
840 5771 1094 5844 videtur.“
1143 5771 1184 5844 θξ
1218 5768 1663 5844 ἀπέσπουν,ίιτιιι.
1742 5771 1787 5800 ⁸⁸

1925 5769 2268 5840 ερυθμίζετο,
2311 5778 2444 5820 erat.
2523 5766 2566 5797 ⁶⁹
2599 5765 2822 5834 ὲννάτην
2842 5776 2914 5818 est
2949 5767 2999 5819 in
3023 5769 3267 5838 vulgatis.
3343 5765 3390 5797 ⁷⁸
3410 5764 3482 5818 In

241 5837 474 5916 rulgu'tis'
509 5846 744 5907 additur,
774 5844 977 5896 λαϐεῖν.
1055 5841 1097 5870 ⁷¹
1137 5837 1279 5901 εἷπε,
1307 5850 1382 5892 est
1416 5857 1466 5890 ιιι
1497 5843 1741 5908 vulgatis.
