3870 6558
369 411 476 476 5ῑ3

1278 406 1856 467 THEUPHYLACTI
1914 403 2325 467 BULGARl/E
2390 407 2746 476 ARCHIEP.

3534 407 3634 473 564

441 525 553 597 38
575 528 715 596 Quid
752 530 855 584 sibi
908 531 1020 584 vult
1061 531 1134 597 id,
1157 531 1301 599 quod
1335 530 1469 584 dicit
1508 545 1524 584 :
1564 529 1700 585 Cum
1733 537 1945 584 teneret

2120 526 2184 578 Ti
2215 527 2332 580 ἐστι
2360 528 2440 594 τὸ,
2474 529 2819 599 Κρατοῦντος
2865 529 2961 582 τοῦ
3021 528 3264 590 ἰαθέντος
3320 524 3498 598 χωλοῦ
3549 525 3636 578 τὸν

373 619 445 682 is,
477 621 568 691 qui
619 621 850 676 claudus
884 637 1007 676 eum
1053 621 1269 685 fuisset,
1295 631 1522 678 sanatus
1571 638 1632 676 ac
1665 621 1952 677 restitutus

373 721 513 773 erat,
547 710 766 766 Petrum
798 721 851 767 et
873 712 1137 766 Joannem
1160 714 1183 766 ?
1211 712 1508 778 Metuebat,
1532 729 1600 768 ne
1625 714 1952 768 avelleretur

376 803 446 857 ab
479 803 606 858 illis.
641 803 1028 858 Arbitrabatur
1057 804 1199 858 enim
1259 805 1524 874 tantisper
1584 821 1643 859 se
1691 805 1824 858 vitio
1856 805 1952 858 illo

374 895 671 950 liberatum
704 910 846 956 esse,
874 895 1003 948 dum
1037 895 1162 948 illos
1189 894 1461 949 detineret
1486 905 1539 949 et
1573 896 1949 964 contingeret:

375 986 586 1038 i-lcirco
643 987 880 1039 maxime
936 987 1081 1056 quod
1121 987 1287 1040 etiam
1331 987 1524 1042 Petrus
1555 1003 1774 1056 quoque
1826 1001 1952 1042 cum

375 1079 822 1144 apprehendisset
853 1087 906 1133 et
931 1079 1201 1135 erexisset
1232 1080 1409 1144 illum,
1446 1080 1516 1133 ita
1545 1080 1763 1134 demum
1796 1093 1956 1134 sana-

372 1178 544 1224 verat.
582 1170 638 1223 In
668 1170 880 1237 porticu
908 1187 1028 1240 quae
1052 1181 1304 1233 vocatur,
1345 1179 1451 1225 etc.
1489 1171 1619 1224 Hazc
1668 1171 1784 1224 sola
1828 1186 1951 1239 por-

376 1262 520 1314 ticus
566 1263 812 1316 restabat
843 1263 910 1318 de
935 1273 1213 1318 structura
1234 1265 1566 1320 Salomonis.
1593 1263 1951 1320 Nabuchodo-

375 1365 545 1403 nosor
583 1353 728 1406 enim
769 1355 1026 1422 templum
1062 1355 1405 1416 incenderat.
1452 1355 1596 1425 quod
1627 1353 1805 1426 Cyrus
1856 1370 1949 1408 rex

378 1441 667 1498 Persarum
730 1446 1068 1501 restituerat.
1107 1446 1218 1501 Viri
1264 1446 1545 1518 lsraelitae,
1578 1462 1678 1501 cur
1721 1448 1834 1503 haec
1869 1463 1954 1503 res

372 1535 529 1588 vobis
552 1545 638 1590 est
669 1536 1067 1591 admirationi?
1099 1537 1284 1606 Majori
1331 1539 1528 1592 referta
1559 1548 1644 1594 est
1676 1540 1787 1594 haec
1817 1554 1953 1594 con-

375 1628 465 1680 cio
500 1627 715 1682 dicendi
747 1629 997 1684 libertate
1031 1648 1044 1683 :
1079 1646 1186 1685 non
1223 1631 1368 1700 quod
1400 1631 1452 1684 in
1515 1634 1688 1701 prima
1740 1642 1953 1688 metue--

373 1727 479 1782 ret,
521 1718 615 1772 sed
683 1722 811 1790 quia
844 1720 946 1785 illi,
996 1730 1186 1791 utpote
1230 1722 1579 1780 cavillatores
1607 1739 1672 1780 ac
1703 1726 1952 1793 petulan-

378 1819 487 1873 tes,
519 1811 759 1866 nondum
803 1810 946 1867 ferre
985 1828 1104 1867 eam
1139 1815 1444 1870 libertatem
1485 1817 1816 1885 potuissent.
1855 1817 1954 1872 Ita-

369 1912 479 1966 que
505 1897 646 1951 illam
674 1900 993 1956 concionem
1019 1902 1333 1970 exordiens,
1368 1907 1553 1959 statim
1583 1921 1678 1960 eos
1709 1907 1762 1960 in
1796 1909 1948 1977 prin-

2055 614 2264 686 Πέτρον
2320 618 2416 670 καὶ
2490 619 2789 690 ’1ωάννην;
2847 619 3140 673 Ἐδεδοίκει
3211 616 3635 685 ἀποσπασθῆναι

2054 708 2259 763 αὐτῶν.
2325 709 2572 778 Ἐνόμιζε
2628 709 2739 780 γὰρ
2796 710 2958 781 μέχρι
3009 709 3202 763 τούτου
3236 709 3432 763 ἐαυτὸν
3462 707 3636 775 ἀπηλ-

2053 799 2252 871 λάχθαι
2285 800 2380 854 τοῦ
2411 801 2639 866 πάθους,
2680 803 2880 874 μέχρις
2927 802 2994 856 ἂν
3033 802 3242 874 κατέχῃ
3292 801 3492 864 αὐτοὺς
3545 800 3638 853 καὶ

2055 895 2366 965 ἐφάπτηται
2386 895 2566 949 αὐτῶν
2600 911 2614 926 ο
2649 897 2885 966 μάλιστα
2911 895 2992 948 ὅτι
3025 896 3122 947 καὶ
3161 896 3190 948 ὁ
3237 893 3447 963 Πέτρος
3505 907 3640 962 κρα-

2054 988 2228 1056 τήσας
2259 987 2422 1040 αὐτὸν
2455 989 2552 1041 καὶ
2578 988 2914 1058 ἀναστήσας,
2947 987 3124 1049 οὕτως
3166 986 3381 1039 ἰάσατο.
3446 984 3539 1036 Ἐν
3570 986 3637 1052 τῇ

2057 1079 2187 1148 στοᾷ
2253 1078 2330 1132 δέ.
2394 1078 2544 1149 Αῦτη
2604 1079 2741 1149 μόνη
2815 1081 2848 1149 ή
2878 1078 3012 1132 στοά
3089 1078 3277 1130 ῐστατο
3375 1074 3486 1128 ἀπὸ
3538 1074 3640 1144 τῆς

2055 1170 2413 1239 κατασκευῆς
2461 1171 2556 1223 τοῦ
2625 1170 2993 1242 Σολομῶντος.
3065 1169 3366 1239 Ἐνέπρησε
3417 1167 3526 1238 γὰρ
3579 1166 3641 1219 τὺ

2058 1262 2202 1332 ἱερὸν
2237 1263 2784 1337 όΝαυουχοδονὸσορ,
2840 1264 2938 1318 καὶ
2989 1263 3306 1336 ᾠκοδόμησε
3375 1261 3557 1331 Κῦρος
3609 1261 3640 1312 ό

2056 1354 2299 1425 Πέρσης.
2359 1355 2589 1426 ’Ἄνδρες
2663 1357 3016 1428 Ἰσραηλῖται,
3073 1356 3126 1410 τί
3181 1353 3492 1424 θαυμάζετε
3548 1352 3642 1404 ἐπὶ

2055 1447 2270 1518 τούτῳ;
2306 1448 2559 1511 Πλείονος
2583 1449 2722 1519 αὕτη
2750 1449 2912 1520 γέμει
2942 1448 3256 1520 παρρησίας
3309 1449 3343 1516 ἡ
3395 1447 3643 1515 δημηγοο

2059 1537 2178 1604 ρεαδ
2236 1537 2337 1590 οὐκ
2387 1538 2578 1607 ἐπειδὴ
2626 1541 2682 1591 ἐν
2733 1541 2800 1609 τῇ
2875 1540 3118 1608 προτέρᾳ
3203 1537 3473 1605 ἐφοϐεῖτο,
3520 1532 3642 1587 ἀλλ’

2055 1627 2244 1698 ἐπειδὴ
2272 1627 2485 1681 οὐδέπω
2509 1630 2797 1698 ήνεγκονδδ
2821 1629 2887 1683 ἂν
2916 1630 3119 1693 ἐκεῖνο,
3152 1627 3451 1697 χλευασταὶ
3483 1627 3643 1685 ὄντες

2055 1722 2149 1775 καὶ
2177 1722 2377 1791 ἰταμοί.
2418 1721 2581 1775 Ὅθεν
2604 1721 2817 1791 ἐκείνης
2870 1721 2968 1791 μὲν
3016 1719 3318 1790 ἀρχόμενος
3360 1717 3456 1770 καὶ
3519 1718 3644 1767 ἐπι-

2061 1818 2284 1886 στρέφει
2319 1815 2517 1878 αὐτοὺς
2543 1813 2630 1867 διὰ
2676 1813 2770 1867 τοῦ
2824 1810 3113 1882 προοιμίου
3185 1809 3360 1877 λέγων
3387 1825 3401 1838 ·
3455 1807 3644 1862 Τοῦτο

2055 1905 2200 1975 ὑμῖν
2226 1904 2502 1974 γνωστὸν
2528 1905 2683 1958 ἔστω
2720 1918 2734 1931 ⁸
2767 1901 2864 1955 καὶ
2910 1900 3280 1954 ἐνωτίσασθε
3309 1898 3380 1952 τὰ
3398 1894 3645 1965 ῥήματά

367 1988 516 2058 cipio
555 1990 733 2046 reddit
781 2001 1021 2048 attentos
1057 1995 1142 2051 his
1171 1997 1396 2051 verbis:
1449 1999 1560 2052 lloc
1587 1999 1730 2054 vobis
1765 2012 1948 2055 notum

2054 2018 2165 2068 μου
2186 2015 2200 2032 '
2240 1997 2507 2051 Ἐνταῦθα
2533 1995 2589 2048 δὲ
2613 1995 2674 2047 οὑ
2692 1995 2863 2048 δεῖται
2888 1992 3094 2061 ταύτης
3120 1991 3222 2060 τῆς
3262 1989 3640 2056 κατασκευῆς.

369 2081 464 2145 sit,
506 2091 552 2136 et
587 2084 805 2137 auribus
855 2087 1105 2154 percipite
1151 2090 1307 2142 verba
1355 2105 1505 2154 mea;
1547 2091 1637 2146 hic
1683 2107 1811 2147 vero
1841 2109 1947 2148 non

369 2187 509 2242 opus
537 2175 699 2230 habet
735 2177 837 2235 hoc
875 2179 1130 2234 artiﬁcio.
1161 2181 1278 2235 Non
1321 2183 1466 2237 enim
1510 2186 1816 2256 torpebant,
1851 2203 1952 2244 nec

371 2266 612 2333 segniter
650 2277 704 2322 et
734 2270 1039 2326 oscitanter
1083 2273 1471 2329 auscultabunt
1502 2291 1517 2328 :
1565 2277 1661 2332 sed
1691 2280 1949 2348 quoniam

369 2355 591 2426 signum
620 2359 910 2415 universos
945 2376 1040 2418 eos
1083 2371 1430 2418 converterat
1468 2373 1523 2420 et
1557 2374 1796 2423 attentos
1828 2369 1952 2424 red-

371 2445 608 2512 diderat,
643 2451 805 2504 etiam
849 2453 990 2521 pleni
1051 2454 1265 2510 timoris
1309 2466 1466 2510 erant
1513 2465 1566 2511 et
1596 2458 1766 2513 animi
1821 2475 1954 2516 con.

370 2540 748 2596 sternationis.
783 2541 920 2597 Vide
941 2556 1142 2611 autem,
1198 2557 1257 2600 ut
1285 2548 1748 2605 existimationem
1791 2553 1858 2606 de
1892 2567 1952 2607 se

369 2631 762 2702 rejiciatatque
789 2635 1092 2704 propulset.
1133 2637 1275 2690 Nihil
1296 2638 1440 2692 enim
1463 2646 1572 2694 tam
1599 2640 1823 2710 prodest
1856 2656 1953 2695 au-

367 2724 663 2788 ditoribus,
692 2741 878 2794 quam,
909 2729 954 2781 si
985 2727 1052 2791 is,
1085 2729 1178 2797 qui
1204 2727 1359 2795 dicit,
1381 2745 1493 2784 non
1525 2733 1689 2786 modo
1725 2732 1861 2786 nihil
1885 2733 1952 2789 de

369 2817 812 2884 se-magnilieum
845 2819 1013 2884 dicat,
1049 2837 1236 2875 verum
1266 2822 1429 2877 etiam
1465 2822 1648 2879 dicere
1680 2825 1950 2880 volentem

371 2911 680 2976 prohibeat.
711 2911 890 2980 Atque
913 2911 963 2965 hi
998 2921 1181 2981 spreta
1205 2915 1400 2982 gloria,
1420 2929 1584 2984 quam
1619 2917 1685 2970 ab
1717 2917 1952 2971 homini-

368 3001 475 3054 bus
505 3002 766 3070 consequi
808 3011 1084 3071 poterant,
1133 3005 1396 3072 majorem
1443 3006 1548 3061 sibi
1592 3007 1819 3077 gloriam
1860 3024 1954 3078 pe-

369 3099 634 3157 pererunt
666 3107 681 3144 :
717 3105 841 3144 cum
866 3092 1241 3147 ostendissent
1271 3095 1350 3158 id,
1389 3095 1534 3163 quod
1573 3095 1775 3150 factum
1810 3106 1949 3164 erat,

2051 2091 2128 2144 Οὐ
2165 2090 2276 2160 γὰρ
2323 2087 2671 2159 ἐραθύμουν·
2719 2085 2835 2138 ἀλλ’
2863 2085 2986 2137 ἐπεὶ
3045 2083 3108 2136 τδ
3173 2084 3401 2153 σημεῖον
3440 2081 3645 2143 αὐτοὺς

2050 2181 2386 2251 ἐπέστρεψεν
2417 2180 2683 2241 ἅπαντας,
2709 2178 2802 2230 καλ⁸
2831 2176 2982 2239 δέους
3009 2175 3104 2230 καὶ
3133 2171 3456 2243 ἐκπλήξεως
3499 2167 3646 2242 ἦσαν

2058 2273 2268 2343 μεστοί.
2300 2274 2443 2343 Ὅρα
2465 2271 2522 2324 δέ
2559 2270 2677 2333 πῶς
2707 2267 3060 2340 διακρούεται
3082 2267 3184 2336 τὴν
3211 2265 3370 2330 δόξαν
3393 2265 3496 2334 τὴν
3510 2264 3646 2332 περὶ

2053 2366 2258 2419 αὐτῶν.
2294 2363 2463 2417 Οὐδὲν
2498 2363 2610 2433 γὰρ
2657 2362 2832 2424 οὕτως
2880 2360 3082 2429 ὠφελεῖ
3139 2359 3264 2420 τοὺς
3314 2355 3642 2417 ἀκούοντας,

2053 2455 2198 2509 ὥστε
2251 2454 2296 2486 ⁸⁸
2328 2452 2496 2524 μηδὲν
2520 2453 2650 2522 περὶ
2685 2448 2880 2504 ἑαυτοῦ
2908 2451 3090 2517 λέγειν
3147 2447 3313 2517 μέγα,
3373 2443 3517 2498 ἀλλά
3549 2443 3645 2496 καὶ

2052 2546 2146 2600 τὸν
2205 2543 2532 2615 βουλόμενον
2564 2541 2744 2611 λέγειν
2803 2539 3059 2594 κωλύειν.
3106 2538 3645 2609 Καταφρονήσαντες

2052 2639 2110 2692 δὲ
2137 2634 2285 2694 οὗτοι
2325 2637 2426 2705 τῆς
2457 2637 2610 2708 παρὰ
2661 2635 2772 2687 τῶν
2818 2632 3140 2705 ἀνθρώπων.
3195 2629 3379 2698 δόξης,
3439 2626 3644 2698 μᾶλλον

2057 2727 2286 2790 ἑαυτοὺς
2314 2726 2583 2792 ἐδόξασαν
2613 2740 2626 2754 ·
2652 2723 2930 2785 δείξαντες
2961 2722 3062 2775 οὐκ
3095 2719 3468 2790 ἀνθρώπινον,
3509 2719 3646 2771 ἀλλά

2057 2819 2199 2872 θεῖον
2234 2817 2297 2870 τὸ
2333 2816 2575 2884 γεγονός.
2619 2815 2680 2868 Ὀ
2712 2815 2845 2876 Θεὸς
2884 2814 2992 2866 τῶν
3034 2811 3289 2882 πατέρων
3335 2809 3504 2880 ήμῶν
3537 2809 3647 2862 ὲδόο

2059 2910 2187 2976 ξασε
2218 2910 2310 2962 τὸν
2343 2909 2508 2961 παῖδα
2538 2907 2704 2959 αὐτοῦ
2731 2904 2967 2974 Ἰησοῦν.
3021 2905 3146 2957 Ἔτι
3173 2902 3283 2956 τῶν
3316 2903 3644 2954 ταπεινοτέ·

2059 3019 2169 3074 ρων
2205 3001 2409 3071 ἔχεται,
2433 3000 2582 3068 ὅμως
2609 2999 2670 3050 τὸ
2709 2997 2968 3066 τόλμημα
3010 2995 3190 3049 αὐτῶν
3246 2992 3494 3062 ἐπαίρει,
3550 2991 3647 3060 οὐχ

2056 3093 2132 3153 ὡς
2168 3090 2434 3160 πρότερον
2462 3086 2770 3150 συσκιάζει.
2808 3088 2958 3140 [Ιοιεῖ
2985 3087 3043 3138 δέ
3081 3085 3242 3137 τοῦτο
3289 3083 3498 3152 μᾶλλον
3546 3081 3644 3134 αὑ·

370 3166 480 3229 non
522 3190 643 3231 esse
668 3177 993 3232 beneﬁcium
1019 3180 1342 3244 bumanum,
1376 3181 1471 3236 sed
1506 3181 1774 3237 divinum.
1809 3182 1954 3240 Deus

2054 3184 2180 3246 τοὺς
2212 3181 2593 3252 ἐπαγαγέσθαι
2647 3181 2994 3250 βουλόμενος.
3053 3179 3205 3248 Ὀσῳ
3266 3177 3381 3246 γὰρ
3429 3177 3646 3229 ἐδείκνυ

371 3275 585 3336 patrum
622 3278 933 3324 nostrorum
987 3271 1279 3326 illustravit
1313 3271 1512 3327 Filium
1553 3289 1712 3328 suum
1739 3273 1950 3331 Iesum.

376 3360 567 3414 Adhuc
598 3360 985 3416 humilioribus
1011 3362 1238 3426 insistit,
1264 3363 1476 3420 facinus
1519 3374 1701 3420 tamen
1734 3365 1950 3421 illorum

371 3458 681 3518 exaggerat,
719 3465 847 3515 non,
873 3460 932 3506 ut
957 3451 1132 3521 prius,
1167 3453 1430 3508 obvolvit.
1481 3452 1539 3509 ld
1570 3466 1750 3509 autem
1801 3455 1950 3524 facit,

371 3554 482 3608 quo
518 3542 691 3610 magis
720 3541 840 3598 illos
888 3544 1095 3599 alliciat
1144 3555 1200 3600 et
1250 3547 1507 3601 adducat.
1554 3548 1768 3613 Quanto
1802 3550 1948 3604 enim

372 3633 545 3702 magis
577 3633 699 3689 illos
729 3636 945 3689 crimini
979 3636 1250 3691 obnoxios
1273 3647 1330 3692 et
1381 3649 1570 3694 sontes
1598 3639 1948 3705 ostendebat,

371 3730 524 3776 tanto
556 3723 730 3793 magis
779 3724 829 3778 id
858 3725 1164 3780 eveniebat.
1201 3727 1376 3792 Quem
1410 3742 1509 3781 vos
1541 3727 1863 3797 prodidistis
1897 3736 1954 3781 et

371 3813 688 3882 abnegastis
728 3830 912 3868 coram
937 3814 1137 3881 Pilato,
1161 3831 1287 3870 cum
1334 3817 1425 3872 ille
1478 3819 1782 3886 iudicasset
1825 3834 1950 3873 eum

368 3921 494 3960 esse
520 3907 933 3961 absolvendum.
988 3907 1106 3963 Duo
1137 3909 1368 3964 erimina
1393 3920 1779 3980 proponuntur
1811 3930 1824 3966 :
1856 3911 1950 3965 Pi-

368 3998 517 4053 latus
549 3997 713 4051 bomo
746 3999 972 4055 Graecus
1001 4010 1057 4054 et
1087 4001 1330 4068 gentilis,
1359 4001 1454 4070 qui
1484 4002 1690 4056 nullum
1738 4003 1950 4058 viderat

374 4091 619 4158 signum,
665 4087 760 4159 qui
838 4091 1107 4147 nominent
1144 4093 1537 4162 prophetarum
1591 4105 1945 4164 cognoverat,

373 4179 659 4234 absolvere
695 4189 750 4236 et
785 4180 1064 4239 dimittere
1091 4185 1342 4242 volebat:
1373 4194 1429 4240 et
1468 4201 1585 4254 vos,
1618 4187 1765 4256 quod
1814 4188 1948 4244 estis

373 4270 690 4326 adtredium
727 4288 903 4341 usque
954 4275 1270 4340 assuefacti,
1305 4276 1399 4345 qui
1457 4276 1511 4329 in
1564 4277 1858 4346 prophetiis
1879 4279 1947 4334 de

370 4363 593 4419 Christo
619 4365 990 4435 occupatnini,
1024 4367 1116 4421 illo
1143 4367 1430 4424 absolvere
1459 4368 1696 4446 volente,
1731 4384 1827 4424 vos
1848 4384 1944 4425 no-

367 4456 574 4512 luistis.
615 4455 878 4511 Sanctum
903 4465 958 4513 et
997 4459 1204 4529 justum
1231 4460 1584 4530 repudiastis,
1625 4469 1680 4516 et
1699 4462 1949 4531 postula-

2059 3273 2414 3338 ὑπευθύνους,
2477 3271 2716 3341 τοσούτῳ
2786 3271 2988 3341 μᾶλλον
3045 3269 3207 3322 τοῦτο
3255 3270 3490 3337 ἐγίνετο.
3553 3266 3648 3322 Ὃν

2057 3367 2215 3436 ὑμεῖς
2245 3362 2596 3435 παρεδώκατε
2622 3365 2714 3418 καὶ
2737 3363 3050 3434 ἠρνήσασθε
3098 3361 3261 3416 αὐτὸν
3295 3361 3442 3414 κατά
3471 3362 3648 3430 πρόσ-

2054 3476 2204 3512 ωπον
2247 3457 2481 3510 Πιλάτου
2537 3455 2825 3526 κρίναντος
2853 3457 3064 3508 ἐκείνου
3119 3452 3404 3508 ἀπολύειν.
3438 3451 3552 3503 Δύο
3581 3449 3647 3502 τά

2055 3551 2402 3620 ἐγκλήματα·
2437 3549 2518 3600 ὅτι
2550 3549 2780 3610 Πιλάτος
2810 3547 3002 3618 ήθελεν
3035 3545 3317 3608 ἀπολύειν,
3347 3542 3647 3612 ἄνθρωπος

2055 3642 2279 3712 Ἕλλην,
2314 3640 2482 3711 μηδὲν
2514 3642 2738 3709 σημεῖον
2785 3636 2929 3701 ἰδὼν,
2973 3637 3174 3707 μηδένα
3205 3636 3315 3687 τῶν
3340 3632 3647 3705 προφητῶν

2055 3733 2308 3802 ἐγνωκώς
2337 3734 2454 3787 ’καὶ
2471 3735 2552 3786 ὅτι
2570 3734 2748 3802 ὑμεῖς,
2767 3731 3008 3783 Ἰουδαῖοι
3037 3729 3210 3790 ὄντες,
3241 3729 3352 3790 τοῖς
3388 3726 3647 3797 σημείοις

2053 3825 2706 3896 ἐγκατατριδέντες,ταίς
2739 3822 2834 3876 τοῦ
2875 3821 3105 3892 Χριστοῦ
3139 3818 3508 3890 προφητείαις
3527 3819 3646 3869 ἐνα-

2055 3917 2246 3988 σχολού
2256 3935 2403 3988 μενοι
2414 3917 2642 3983 ,ἐκείνου
2654 3915 2900 3978 θέλοντος
2912 3913 3190 3975 ἀπολύειν,
3205 3915 3303 3965 οὐκ
3321 3911 3486 3981 ἐθελή
3495 3925 3643 3964 σατε.

2052 4011 2157 4063 Τὸν
2184 4009 2338 4076 ἅγιον
2361 4009 2455 4060 καὶ
2476 4007 2679 4059 δίκαιον
2699 4006 3032 4075 ἠρνήσασθε,
3050 4004 3144 4056 καὶ⁹
3168 4001 3453 4073 ᾐτήσασθε
3471 4001 3646 4070 ἄνδρα

2052 4098 2217 4168 φονέα
2244 4115 2258 4128 ο
2297 4095 2468 4150 εἰπὼν
2489 4097 2566 4164 δέ,
2596 4097 2678 4149 ὅτι
2718 4096 2858 4148 Ἀντ’
2891 4093 3056 4147 αὐτοῦ
3098 4092 3302 4164 λῃστὴν
3331 4089 3642 4162 ᾐτήσασθε,

2052 4191 2259 4261 σφόδρα
2287 4190 2524 4261 ἐδήλωσε
2553 4188 2616 4240 τὸ
2646 4188 2880 4258 πρᾶγμα
2905 4203 2921 4220 ο
2949 4185 3201 4238 Δείκνυσι
3258 4184 3368 4252 γὰρ
3417 4183 3507 4235 ὅτι
3551 4181 3644 4235 καὶ

2051 4281 2314 4350 ἠδύναντο
2353 4279 2632 4333 ἀπολύειν.
2661 4277 2723 4330 ΕΞ
2747 4279 2857 4348 γὰρ
2884 4278 2975 4330 τὸν
3007 4276 3236 4348 λῃστὴν,
3281 4274 3471 4343 πολλῷ
3507 4273 3645 4344 μᾶλ-

2055 4373 2146 4425 λον
2169 4372 2263 4424 τὸν
2285 4370 2546 4424 ἀναίτιονο
2579 4371 2628 4423 οἱ
2664 4370 2721 4422 δέ
2745 4370 2836 4422 τὸν
2855 4369 3164 4439 κακοῦργον
3191 4367 3352 4437 μόνον
3381 4365 3607 4435 ὴθώουν
3625 4379 3640 4393 ⁸

2051 4462 2145 4517 τὸν
2177 4462 2236 4515 δὲ
2263 4461 2566 4530 εὐεργέτην
2594 4459 2944 4512 ἀπέκτειναν.
2992 4458 3096 4510 Τὸν
3130 4457 3239 4527 γὰρ
3285 4457 3334 4488 ⁸⁸
3392 4453 3645 4526 ἀρχηγὸν

365 4551 468 4603 stis
487 4549 662 4603 virum
721 4549 1069 4605 homicidam.
1101 4551 1234 4605 Cum
1285 4552 1515 4608 dixisset
1566 4560 1750 4608 autem
1785 4571 1798 4606 :
1840 4554 1946 4609 Pro

2054 4559 2152 4626 τῆς
2180 4554 2344 4623 ζωῆς.
2378 4553 2440 4606 Εἰ
2470 4553 2578 4622 γὰρ
2608 4551 2851 4623 ἀρχηγὸς
2884 4550 2984 4620 τῆς
3011 4548 3180 4618 ζωῆς,
3221 4546 3385 4604 αὐτὸς
3445 4545 3644 4599 ἑαυτὸν
3709 4609 3713 4614 ⁵

367 4641 466 4692 illo
498 4639 830 4695 homicidam
863 4641 1119 4710 petiistis,
1147 4657 1258 4696 rem
1286 4645 1431 4698 clare
1448 4646 1724 4714 patefecit.
1743 4644 1945 4702 Osten-

2055 4649 2371 4717 ἀνέστησεν,
2391 4646 2466 4708 ὡς
2479 4647 2538 4698 ἐν
2567 4643 2746 4713 ἐαυτῷ
2765 4644 2905 4714 ἔχων
2927 4644 3025 4714 τὴν
3058 4641 3203 4712 ζωὴν
3219 4641 3315 4694 καὶ
3329 4641 3436 4709 τὴν
3458 4641 3644 4694 αἰτίαν

369 4731 454 4786 dit
481 4731 651 4798 enim,
701 4736 866 4786 etiam
917 4732 1160 4801 potuisse
1209 4733 1332 4790 illos
1385 4735 1705 4801 absolvere;
1743 4752 1868 4790 nam
1899 4739 1944 4791 si

2054 4743 2152 4810 τῆς
2191 4739 2360 4807 ζωῆς.
2376 4732 2450 4791 Οὖ
2495 4739 2656 4807 ἡμεῖς
2696 4735 2974 4805 μάρτυρές
3007 4735 3193 4802 ἐσμεν.
3234 4733 3644 4802 Οὑκέτιῶσπερ
3733 4790 3742 4798 ,

367 4825 662 4885 latronem,
689 4823 860 4877 multo
890 4827 1063 4894 tnagls
1087 4825 1353 4880 insontem
1384 4843 1397 4879 :
1432 4834 1488 4881 at
1530 4826 1607 4881 illi
1635 4828 1943 4883 maletieum

367 4915 548 4970 solent
601 4914 922 4982 liberarunt,
984 4917 1385 4973 benefactorem
1423 4927 1602 4973 autem
1649 4919 1944 4976 interfece-

364 5015 518 5063 runt.
547 5009 841 5063 Auctorem
877 5019 1057 5065 autem
1091 5011 1232 5066 vitae.
1276 5011 1330 5066 Si
1361 5012 1505 5065 enim
1531 5022 1724 5066 auctor
1749 5026 1831 5070 est
1863 5015 1944 5069 vi-

365 5108 454 5161 tre,
490 5097 606 5167 ipse
629 5114 750 5154 sese
784 5101 1155 5167 resuscitavit,
1190 5103 1393 5171 quippe
1433 5102 1484 5154 in
1539 5118 1660 5157 sese
1691 5105 1855 5158 vitam
1889 5115 1942 5160 ct

371 5191 498 5245 vita:
533 5206 757 5247 causam
785 5194 1016 5249 habens.
1051 5193 1224 5261 Cuius
1256 5194 1333 5248 rei
1367 5207 1464 5247 nos
1489 5201 1658 5249 testes
1715 5195 1825 5264 39
1847 5212 1936 5250 su-

367 5297 511 5336 mus.
565 5282 710 5346 Non,
769 5288 912 5338 sicut
954 5288 1128 5355 prius,
1155 5286 1223 5339 ad
1280 5286 1621 5354 prophetiam
1651 5288 1890 5357 confugit
1924 5307 1938 5341 :

367 5371 488 5434 sed,
525 5375 781 5440 quoniam
827 5375 876 5428 ei
907 5376 1016 5443 jam
1050 5376 1208 5428 ﬁdem
1245 5374 1537 5437 habebant,
1573 5385 1774 5430 caelum
1807 5392 1940 5446 apo-

365 5462 632 5517 stolorum
675 5474 842 5518 testes
898 5465 1191 5532 producit:
1228 5465 1400 5530 Cujus
1449 5467 1522 5519 rei
1558 5481 1678 5529 nos,
1734 5467 1936 5536 inquit,

364 5566 557 5607 sumus
591 5560 774 5608 testes.
807 5555 1166 5609 Continuat-it
1192 5571 1254 5607 ac
1278 5554 1537 5621 restituit,
1573 5554 1816 5622 inquam,
1846 5573 1942 5614 no-

2054 4831 2320 4902 πρότερον
2350 4832 2430 4892 είς
2479 4827 2818 4900 προφητείαν
2847 4825 3184 4896 καταφεύγει
3211 4841 3225 4854 ·
3258 4823 3374 4886 ἀλλ’
3446 4821 3641 4893 ἐπειδὴ

2055 4927 2366 4991 ἀξιόπιστος
2396 4925 2579 4987 αὐτοῖς
2598 4919 2688 4992 ἦν,
2737 4924 2830 4976 τὸν
2863 4923 3023 4992 χορὸν
3078 4921 3320 4992 παράγει
3353 4919 3468 4972 τῶν
3499 4921 3638 4971 ἀπο-

2052 5019 2256 5072 στόλων
2275 5034 2290 5049 ·
2320 5011 2382 5072 οῦ
2409 5018 2591 5086 ἡμεῖς,
2630 5016 2816 5085 φησὶν,
2843 5013 3012 5084 ἐσμὲν
3068 5013 3344 5083 μάρτυρες
3369 5028 3384 5042 ·
3451 5011 3642 5064 Ἐστε-

2059 5111 2229 5180 ρέωσε
2277 5111 2339 5161 τὸ
2370 5109 2541 5177 ὄνομα
2571 5107 2759 5161 αὑτοῦ.
2790 5105 2998 5172 Εἰπὼν,
3023 5104 3122 5157 ἐπὶ
3152 5103 3226 5172 τῇ
3257 5105 3465 5156 πίστει
3529 5099 3639 5156 τοῦ

2052 5202 2338 5269 ὀνόματος
2365 5199 2552 5253 αὑτοῦ
2576 5216 2591 5230 ’
2627 5198 2817 5265 ἐπειδὴ
2848 5197 2992 5250 οὓτω
3015 5197 3312 5259 πιστεύσας
3336 5191 3406 5266 ἦν
3459 5194 3493 5247 ὁ
3542 5195 3639 5264 ὀρ-

2051 5291 2268 5356 θωθεὶς,
2299 5289 2776 5360 ἐπιδιορθούμενος
2800 5290 2892 5343 τὸν
2926 5288 3086 5357 λόγον
3131 5287 3286 5357 φησὶ,
3339 5287 3401 5338 τὸ
3455 5285 3636 5354 ὄνομα

2049 5379 2215 5433 αὑτοῦ
2245 5379 2580 5450 ἐστερέωσεν
2605 5379 2789 5432 αὐτόν.
2829 5377 3114 5441 Τουτέστι,
3160 5376 3212 5430 τί
3256 5375 3402 5444 λέγω
3430 5375 3521 5426 ὅτι
3547 5389 3637 5425 πι-

2054 5471 2287 5531 στεύσας
2313 5471 2406 5522 ἐπὶ
2443 5469 2506 5521 τδ
2533 5468 2708 5539 ὄνομα
2729 5468 2898 5522 αὑτοῦ
2927 5465 3236 5538 ἐστερεώθη
3275 5481 3290 5531 ;
3329 5464 3439 5517 Καὶ
3493 5463 3628 5532 πρὶν

2048 5562 2081 5629 ἦ
2120 5561 2417 5623 πιστεύσας
2444 5561 2488 5594 ⁸⁷
2529 5561 2590 5614 τὸ
2611 5560 2783 5630 ὄνομα
2825 5560 2987 5630 μόνον
3047 5556 3345 5626 ἐπικληθὲν
3400 5553 3630 5622 ἐστερέ-

1549 5691 1747 5750 Variae
1779 5691 2087 5753 lectiones
2126 5701 2186 5754 et
2231 5702 2418 5755 notae.

441 5832 485 5867 ν’
518 5836 763 5908 ἤνεγκεν.
841 5840 884 5872 ⁸³
918 5839 1028 5904 ῐσ.,
1057 5836 1128 5900 ὡς
1160 5837 1236 5889 τὸ.
1314 5836 1359 5867 ⁸⁸
1384 5836 1586 5906 ἵσ.,δέ.
1668 5842 1712 5871 ⁸⁷
1747 5840 2058 5906 Τιςπιςεῦςαιἲ
2092 5842 2176 5895 νην.
