  <div class='ocr_page' id='page_1' title='image "/cluster/home/n/w/nwhite01/storage/ocr_20150623/125/hvd.32044019208214/318.png"; bbox 0 0 3870 6542; ppageno 0'>
   <div class='ocr_carea' id='block_1_1' title="bbox 164 415 3380 488">
    <p class='ocr_par' dir='ltr' id='par_1_1' title="bbox 164 415 3380 488">
     <span class='ocr_line' id='line_1_1' title="bbox 164 415 3380 488; baseline -0.002 0"><span class='ocrx_word' id='word_1_1' title='bbox 164 425 253 488; x_wconf 81' lang='lat'><strong>5-35</strong></span> <span class='ocrx_word' id='word_1_2' title='bbox 838 419 1244 483; x_wconf 83' lang='lat' dir='ltr'><strong>EXPOSI&#39;I‘IO</strong></span> <span class='ocrx_word' id='word_1_3' title='bbox 1278 422 1356 482; x_wconf 85' lang='lat' dir='ltr'><strong>IN</strong></span> <span class='ocrx_word' id='word_1_4' title='bbox 1397 422 1582 482; x_wconf 72' lang='lat' dir='ltr'><strong>ACTA</strong></span> <span class='ocrx_word' id='word_1_5' title='bbox 1625 421 2196 483; x_wconf 79' lang='lat' dir='ltr'><strong>APOSTOLORUM.</strong></span> <span class='ocrx_word' id='word_1_6' title='bbox 2235 424 2478 485; x_wconf 79' lang='lat' dir='ltr'><strong>—CAP.</strong></span> <span class='ocrx_word' id='word_1_7' title='bbox 2525 424 2639 485; x_wconf 87' lang='lat' dir='ltr'><strong>III.</strong></span> <span class='ocrx_word' id='word_1_8' title='bbox 3274 415 3380 481; x_wconf 75' lang='grc'><strong>566</strong></span> 
     </span>
    </p>
   </div>
   <div class='ocr_carea' id='block_1_2' title="bbox 164 530 1747 604">
    <p class='ocr_par' dir='ltr' id='par_1_2' title="bbox 164 530 1747 604">
     <span class='ocr_line' id='line_1_2' title="bbox 164 530 1747 604; baseline -0.003 -16"><span class='ocrx_word' id='word_1_9' title='bbox 164 553 288 588; x_wconf 86' lang='grc' dir='ltr'>ωσεν</span> <span class='ocrx_word' id='word_1_10' title='bbox 315 534 494 586; x_wconf 72' lang='grc' dir='ltr'>αὐτόν.</span> <span class='ocrx_word' id='word_1_11' title='bbox 535 530 813 603; x_wconf 81' lang='grc' dir='ltr'>Τοσαύτην</span> <span class='ocrx_word' id='word_1_12' title='bbox 847 533 961 603; x_wconf 76' lang='grc' dir='ltr'>ἔχει</span> <span class='ocrx_word' id='word_1_13' title='bbox 992 533 1089 604; x_wconf 84' lang='grc' dir='ltr'>τὴν</span> <span class='ocrx_word' id='word_1_14' title='bbox 1124 534 1277 603; x_wconf 80' lang='grc' dir='ltr'>ἰσχὺν</span> <span class='ocrx_word' id='word_1_15' title='bbox 1323 533 1417 587; x_wconf 75' lang='grc' dir='ltr'>καὶ</span> <span class='ocrx_word' id='word_1_16' title='bbox 1465 532 1702 603; x_wconf 79' lang='grc' dir='ltr'>πηγάξει</span> <span class='ocrx_word' id='word_1_17' title='bbox 1733 554 1747 591; x_wconf 55' lang='grc' dir='ltr'><em>Α</em></span> 
     </span>
    </p>
   </div>
   <div class='ocr_carea' id='block_1_3' title="bbox 1864 530 3380 604">
    <p class='ocr_par' dir='ltr' id='par_1_3' title="bbox 1864 532 3380 601">
     <span class='ocr_line' id='line_1_3' title="bbox 1864 532 3380 601; baseline -0.001 -15"><span class='ocrx_word' id='word_1_18' title='bbox 1864 549 1929 586; x_wconf 91' lang='lat' dir='ltr'><strong>en</strong></span> <span class='ocrx_word' id='word_1_19' title='bbox 1964 533 2129 588; x_wconf 87' lang='lat' dir='ltr'><strong>illius.</strong></span> <span class='ocrx_word' id='word_1_20' title='bbox 2166 533 2299 587; x_wconf 90' lang='lat' dir='ltr'><strong>Cum</strong></span> <span class='ocrx_word' id='word_1_21' title='bbox 2355 535 2602 598; x_wconf 77' lang='lat' dir='ltr'><strong>dixisset,</strong></span> <span class='ocrx_word' id='word_1_22' title='bbox 2677 533 2899 599; x_wconf 77' lang='lat' dir='ltr'><strong>Propter</strong></span> <span class='ocrx_word' id='word_1_23' title='bbox 2951 533 3108 601; x_wconf 81' lang='lat' dir='ltr'><strong>ﬁdem</strong></span> <span class='ocrx_word' id='word_1_24' title='bbox 3157 532 3380 586; x_wconf 81' lang='lat' dir='ltr'><strong>neminis</strong></span> 
     </span>
    </p>
   </div>
   <div class='ocr_carea' id='block_1_4' title="bbox 165 622 1747 697">
    <p class='ocr_par' dir='ltr' id='par_1_4' title="bbox 165 624 1706 697">
     <span class='ocr_line' id='line_1_4' title="bbox 165 624 1706 697; baseline -0.001 -19"><span class='ocrx_word' id='word_1_25' title='bbox 165 627 250 695; x_wconf 74' lang='grc' dir='ltr'>τὴν</span> <span class='ocrx_word' id='word_1_26' title='bbox 270 625 438 694; x_wconf 67' lang='grc' dir='ltr'>χτίριν.</span> <span class='ocrx_word' id='word_1_27' title='bbox 469 624 576 676; x_wconf 77' lang='grc' dir='ltr'>Καὶ</span> <span class='ocrx_word' id='word_1_28' title='bbox 603 625 636 694; x_wconf 81' lang='grc' dir='ltr'>ὴ</span> <span class='ocrx_word' id='word_1_29' title='bbox 671 624 853 687; x_wconf 82' lang='grc' dir='ltr'><strong>πίστις</strong></span> <span class='ocrx_word' id='word_1_30' title='bbox 901 626 932 694; x_wconf 85' lang='grc' dir='ltr'>ὴ</span> <span class='ocrx_word' id='word_1_31' title='bbox 965 625 1032 676; x_wconf 82' lang='grc' dir='ltr'>δι’</span> <span class='ocrx_word' id='word_1_32' title='bbox 1061 625 1250 678; x_wconf 80' lang='grc' dir='ltr'>αὐτοῦ.</span> <span class='ocrx_word' id='word_1_33' title='bbox 1282 625 1378 688; x_wconf 87' lang='grc' dir='ltr'><strong>Τίς</strong></span> <span class='ocrx_word' id='word_1_34' title='bbox 1402 625 1459 677; x_wconf 86' lang='grc' dir='ltr'><strong>δέ</strong></span> <span class='ocrx_word' id='word_1_35' title='bbox 1492 629 1641 677; x_wconf 84' lang='grc' dir='ltr'>ἐστιν</span> <span class='ocrx_word' id='word_1_36' title='bbox 1672 627 1706 697; x_wconf 76' lang='grc' dir='ltr'><strong>ἠ</strong></span> 
     </span>
    </p>
   </div>
   <div class='ocr_carea' id='block_1_5' title="bbox 1864 622 3382 697">
    <p class='ocr_par' dir='ltr' id='par_1_5' title="bbox 1867 622 3382 694">
     <span class='ocr_line' id='line_1_5' title="bbox 1867 622 3382 694; baseline -0.001 -18"><span class='ocrx_word' id='word_1_37' title='bbox 1867 641 1925 678; x_wconf 81' lang='lat' dir='ltr'><strong>us</strong></span> <span class='ocrx_word' id='word_1_38' title='bbox 1955 641 1972 678; x_wconf 90' lang='lat'><em>:</em></span> <span class='ocrx_word' id='word_1_39' title='bbox 2005 623 2130 694; x_wconf 85' lang='lat' dir='ltr'><strong>quia</strong></span> <span class='ocrx_word' id='word_1_40' title='bbox 2190 625 2261 679; x_wconf 90' lang='lat' dir='ltr'><strong>ita</strong></span> <span class='ocrx_word' id='word_1_41' title='bbox 2309 626 2617 680; x_wconf 91' lang='lat' dir='ltr'><strong>crediderat</strong></span> <span class='ocrx_word' id='word_1_42' title='bbox 2662 625 2732 690; x_wconf 89' lang='lat' dir='ltr'><strong>is,</strong></span> <span class='ocrx_word' id='word_1_43' title='bbox 2784 624 2877 694; x_wconf 85' lang='lat' dir='ltr'><strong>qui</strong></span> <span class='ocrx_word' id='word_1_44' title='bbox 2907 622 3191 678; x_wconf 86' lang='lat' dir='ltr'><strong>restitutus</strong></span> <span class='ocrx_word' id='word_1_45' title='bbox 3241 630 3382 686; x_wconf 88' lang='lat' dir='ltr'><strong>erat,</strong></span> 
     </span>
    </p>
   </div>
   <div class='ocr_carea' id='block_1_6' title="bbox 168 711 1747 788">
    <p class='ocr_par' dir='ltr' id='par_1_6' title="bbox 168 713 1703 788">
     <span class='ocr_line' id='line_1_6' title="bbox 168 713 1703 788; baseline 0.001 -22"><span class='ocrx_word' id='word_1_46' title='bbox 168 717 345 775; x_wconf 67' lang='grc' dir='ltr'>πίστις,</span> <span class='ocrx_word' id='word_1_47' title='bbox 373 715 402 782; x_wconf 85' lang='grc' dir='ltr'><strong>ἠ</strong></span> <span class='ocrx_word' id='word_1_48' title='bbox 434 713 503 766; x_wconf 87' lang='grc' dir='ltr'>δι’</span> <span class='ocrx_word' id='word_1_49' title='bbox 539 713 699 766; x_wconf 79' lang='grc' dir='ltr'>αὐτὸν</span> <span class='ocrx_word' id='word_1_50' title='bbox 730 713 1087 784; x_wconf 79' lang='grc' dir='ltr'>κηρυχθεῖσα,</span> <span class='ocrx_word' id='word_1_51' title='bbox 1147 715 1310 777; x_wconf 82' lang='grc' dir='ltr'>αὐτὸς</span> <span class='ocrx_word' id='word_1_52' title='bbox 1365 715 1659 788; x_wconf 83' lang='grc' dir='ltr'>ἐρμηνεύει</span> <span class='ocrx_word' id='word_1_53' title='bbox 1688 732 1703 747; x_wconf 89' lang='grc'><strong>·</strong></span> 
     </span>
    </p>
   </div>
   <div class='ocr_carea' id='block_1_7' title="bbox 1864 711 3387 788">
    <p class='ocr_par' dir='ltr' id='par_1_7' title="bbox 1864 711 3387 785">
     <span class='ocr_line' id='line_1_7' title="bbox 1864 711 3387 785; baseline -0.003 -17"><span class='ocrx_word' id='word_1_54' title='bbox 1864 717 2098 785; x_wconf 82' lang='lat' dir='ltr'><strong>)rrigens</strong></span> <span class='ocrx_word' id='word_1_55' title='bbox 2125 716 2449 783; x_wconf 89' lang='lat' dir='ltr'><strong>orationem,</strong></span> <span class='ocrx_word' id='word_1_56' title='bbox 2482 716 2716 782; x_wconf 85' lang='lat' dir='ltr'><strong>Nomen,</strong></span> <span class='ocrx_word' id='word_1_57' title='bbox 2757 716 2953 784; x_wconf 89' lang='lat' dir='ltr'><strong>inquit,</strong></span> <span class='ocrx_word' id='word_1_58' title='bbox 3008 714 3159 769; x_wconf 84' lang='lat' dir='ltr'><strong>illius</strong></span> <span class='ocrx_word' id='word_1_59' title='bbox 3188 711 3387 767; x_wconf 85' lang='lat' dir='ltr'><strong>confir-</strong></span> 
     </span>
    </p>
   </div>
   <div class='ocr_carea' id='block_1_8' title="bbox 168 802 1747 874">
    <p class='ocr_par' dir='ltr' id='par_1_8' title="bbox 168 802 1706 874">
     <span class='ocr_line' id='line_1_8' title="bbox 168 802 1706 874; baseline 0 -18"><span class='ocrx_word' id='word_1_60' title='bbox 168 808 240 857; x_wconf 83' lang='grc' dir='ltr'><strong>ἵνα</strong></span> <span class='ocrx_word' id='word_1_61' title='bbox 265 802 561 870; x_wconf 74' lang='grc' dir='ltr'>γινώσκωσί</span> <span class='ocrx_word' id='word_1_62' title='bbox 591 821 650 856; x_wconf 91' lang='grc' dir='ltr'><strong>σε</strong></span> <span class='ocrx_word' id='word_1_63' title='bbox 670 803 761 856; x_wconf 78' lang='grc' dir='ltr'>τὸν</span> <span class='ocrx_word' id='word_1_64' title='bbox 788 803 949 874; x_wconf 80' lang='grc' dir='ltr'>μόνον</span> <span class='ocrx_word' id='word_1_65' title='bbox 979 803 1232 873; x_wconf 83' lang='grc' dir='ltr'>ἀληθινὸν</span> <span class='ocrx_word' id='word_1_66' title='bbox 1262 803 1394 857; x_wconf 80' lang='grc' dir='ltr'><strong>Θεὸν</strong></span> <span class='ocrx_word' id='word_1_67' title='bbox 1421 821 1436 836; x_wconf 68' lang='grc'><strong><em>⁸</em></strong></span> <span class='ocrx_word' id='word_1_68' title='bbox 1493 805 1590 857; x_wconf 68' lang='grc' dir='ltr'><strong>καὶ</strong></span> <span class='ocrx_word' id='word_1_69' title='bbox 1647 804 1706 856; x_wconf 83' lang='grc' dir='ltr'><strong>δν</strong></span> 
     </span>
    </p>
   </div>
   <div class='ocr_carea' id='block_1_9' title="bbox 1864 802 3384 874">
    <p class='ocr_par' dir='ltr' id='par_1_9' title="bbox 1871 806 3384 874">
     <span class='ocr_line' id='line_1_9' title="bbox 1871 806 3384 874; baseline -0.001 -16"><span class='ocrx_word' id='word_1_70' title='bbox 1871 807 2000 870; x_wconf 86' lang='lat' dir='ltr'><strong>avit,</strong></span> <span class='ocrx_word' id='word_1_71' title='bbox 2035 815 2089 860; x_wconf 80' lang='lat' dir='ltr'><strong>et</strong></span> <span class='ocrx_word' id='word_1_72' title='bbox 2120 807 2356 861; x_wconf 86' lang='lat' dir='ltr'><strong>restituit</strong></span> <span class='ocrx_word' id='word_1_73' title='bbox 2384 823 2531 862; x_wconf 89' lang='lat' dir='ltr'><strong>eum.</strong></span> <span class='ocrx_word' id='word_1_74' title='bbox 2564 808 2679 862; x_wconf 88' lang='lat' dir='ltr'><strong>lloc</strong></span> <span class='ocrx_word' id='word_1_75' title='bbox 2701 817 2785 864; x_wconf 91' lang='lat' dir='ltr'><strong>est</strong></span> <span class='ocrx_word' id='word_1_76' title='bbox 2823 827 2836 863; x_wconf 92' lang='lat'>:</span> <span class='ocrx_word' id='word_1_77' title='bbox 2865 807 3006 874; x_wconf 83' lang='lat' dir='ltr'><strong>Quid</strong></span> <span class='ocrx_word' id='word_1_78' title='bbox 3042 806 3168 860; x_wconf 87' lang='lat' dir='ltr'><strong>dico</strong></span> <span class='ocrx_word' id='word_1_79' title='bbox 3203 823 3216 859; x_wconf 91' lang='lat'><strong>:</strong></span> <span class='ocrx_word' id='word_1_80' title='bbox 3259 819 3384 874; x_wconf 87' lang='lat' dir='ltr'><strong>pro-</strong></span> 
     </span>
    </p>
   </div>
   <div class='ocr_carea' id='block_1_10' title="bbox 165 893 1747 967">
    <p class='ocr_par' dir='ltr' id='par_1_10' title="bbox 165 893 1709 966">
     <span class='ocr_line' id='line_1_10' title="bbox 165 893 1709 966; baseline 0.002 -20"><span class='ocrx_word' id='word_1_81' title='bbox 165 893 464 953; x_wconf 68' lang='grc' dir='ltr'><strong>ἀπέστειλας</strong></span> <span class='ocrx_word' id='word_1_82' title='bbox 507 893 738 963; x_wconf 77' lang='grc' dir='ltr'><strong>Ἰησοῦν.</strong></span> <span class='ocrx_word' id='word_1_83' title='bbox 771 895 891 947; x_wconf 81' lang='grc' dir='ltr'>Ἵνα</span> <span class='ocrx_word' id='word_1_84' title='bbox 914 894 1024 964; x_wconf 86' lang='grc' dir='ltr'><strong>γὰρ</strong></span> <span class='ocrx_word' id='word_1_85' title='bbox 1061 895 1134 963; x_wconf 76' lang='grc' dir='ltr'><strong>μή</strong></span> <span class='ocrx_word' id='word_1_86' title='bbox 1167 912 1250 956; x_wconf 87' lang='grc' dir='ltr'><strong>τις</strong></span> <span class='ocrx_word' id='word_1_87' title='bbox 1280 896 1409 966; x_wconf 78' lang='grc' dir='ltr'>εἴπῃ</span> <span class='ocrx_word' id='word_1_88' title='bbox 1433 911 1450 927; x_wconf 84' lang='grc'>⁶</span> <span class='ocrx_word' id='word_1_89' title='bbox 1514 893 1709 949; x_wconf 77' lang='grc' dir='ltr'>οὐκοῦν</span> 
     </span>
    </p>
   </div>
   <div class='ocr_carea' id='block_1_11' title="bbox 1864 893 3388 967">
    <p class='ocr_par' dir='ltr' id='par_1_11' title="bbox 1864 895 3388 967">
     <span class='ocr_line' id='line_1_11' title="bbox 1864 895 3388 967; baseline -0.001 -17"><span class='ocrx_word' id='word_1_90' title='bbox 1864 909 1998 951; x_wconf 74' lang='lat' dir='ltr'><strong>terea</strong></span> <span class='ocrx_word' id='word_1_91' title='bbox 2030 897 2175 967; x_wconf 87' lang='lat' dir='ltr'><strong>quod</strong></span> <span class='ocrx_word' id='word_1_92' title='bbox 2201 897 2359 953; x_wconf 88' lang='lat' dir='ltr'><strong>ﬁdem</strong></span> <span class='ocrx_word' id='word_1_93' title='bbox 2390 907 2444 955; x_wconf 87' lang='lat' dir='ltr'><strong>et</strong></span> <span class='ocrx_word' id='word_1_94' title='bbox 2475 899 2729 954; x_wconf 88' lang='lat' dir='ltr'><strong>ﬁduciam</strong></span> <span class='ocrx_word' id='word_1_95' title='bbox 2775 897 3032 954; x_wconf 80' lang='lat' dir='ltr'><strong>habuerit</strong></span> <span class='ocrx_word' id='word_1_96' title='bbox 3078 897 3132 952; x_wconf 93' lang='lat' dir='ltr'><strong>in</strong></span> <span class='ocrx_word' id='word_1_97' title='bbox 3165 895 3388 949; x_wconf 88' lang='lat' dir='ltr'><strong>nomine</strong></span> 
     </span>
    </p>
   </div>
   <div class='ocr_carea' id='block_1_12' title="bbox 167 979 1747 1057">
    <p class='ocr_par' dir='ltr' id='par_1_12' title="bbox 167 985 1711 1057">
     <span class='ocr_line' id='line_1_12' title="bbox 167 985 1711 1057; baseline 0.001 -19"><span class='ocrx_word' id='word_1_98' title='bbox 167 985 251 1038; x_wconf 71' lang='grc' dir='ltr'>κᾶν</span> <span class='ocrx_word' id='word_1_99' title='bbox 269 985 484 1047; x_wconf 79' lang='grc' dir='ltr'>ἄπιστος</span> <span class='ocrx_word' id='word_1_100' title='bbox 508 986 897 1054; x_wconf 79' lang='grc' dir='ltr'><strong>ἐπικαλέσηται</strong></span> <span class='ocrx_word' id='word_1_101' title='bbox 937 987 999 1040; x_wconf 83' lang='grc' dir='ltr'><strong>τὸ</strong></span> <span class='ocrx_word' id='word_1_102' title='bbox 1025 989 1192 1057; x_wconf 73' lang='grc' dir='ltr'>ὄνομα</span> <span class='ocrx_word' id='word_1_103' title='bbox 1225 986 1410 1053; x_wconf 78' lang='grc' dir='ltr'>αὑτοῦ,</span> <span class='ocrx_word' id='word_1_104' title='bbox 1465 989 1569 1041; x_wconf 79' lang='grc' dir='ltr'>κᾶν</span> <span class='ocrx_word' id='word_1_105' title='bbox 1619 987 1711 1042; x_wconf 76' lang='grc' dir='ltr'>ἐπὶ</span> 
     </span>
    </p>
   </div>
   <div class='ocr_carea' id='block_1_13' title="bbox 1864 979 3388 1057">
    <p class='ocr_par' dir='ltr' id='par_1_13' title="bbox 1864 979 3388 1053">
     <span class='ocr_line' id='line_1_13' title="bbox 1864 979 3388 1053; baseline -0.004 -13"><span class='ocrx_word' id='word_1_106' title='bbox 1864 987 1982 1051; x_wconf 88' lang='lat' dir='ltr'><strong>lius,</strong></span> <span class='ocrx_word' id='word_1_107' title='bbox 2011 1001 2135 1041; x_wconf 91' lang='lat' dir='ltr'><strong>eum</strong></span> <span class='ocrx_word' id='word_1_108' title='bbox 2191 987 2503 1043; x_wconf 89' lang='lat' dir='ltr'><strong>restitutum</strong></span> <span class='ocrx_word' id='word_1_109' title='bbox 2569 988 2925 1042; x_wconf 83' lang='lat' dir='ltr'><strong>csse?etiam</strong></span> <span class='ocrx_word' id='word_1_110' title='bbox 2991 994 3282 1053; x_wconf 79' lang='lat' dir='ltr'><strong>antequam</strong></span> <span class='ocrx_word' id='word_1_111' title='bbox 3333 979 3388 1034; x_wconf 84' lang='lat' dir='ltr'><strong>fl-</strong></span> 
     </span>
    </p>
   </div>
   <div class='ocr_carea' id='block_1_14' title="bbox 167 1071 1747 1149">
    <p class='ocr_par' dir='ltr' id='par_1_14' title="bbox 167 1071 1710 1149">
     <span class='ocr_line' id='line_1_14' title="bbox 167 1071 1710 1149; baseline 0.003 -22"><span class='ocrx_word' id='word_1_112' title='bbox 167 1075 402 1144; x_wconf 69' lang='grc' dir='ltr'>θεραπείᾳ</span> <span class='ocrx_word' id='word_1_113' title='bbox 452 1075 712 1138; x_wconf 79' lang='grc' dir='ltr'><strong>ἀπίστους</strong></span> <span class='ocrx_word' id='word_1_114' title='bbox 737 1077 786 1107; x_wconf 78' lang='grc'><strong>⁸⁸</strong></span> <span class='ocrx_word' id='word_1_115' title='bbox 811 1076 964 1130; x_wconf 77' lang='grc' dir='ltr'>οὐδὲν</span> <span class='ocrx_word' id='word_1_116' title='bbox 1020 1071 1182 1148; x_wconf 83' lang='grc' dir='ltr'>ἦττον</span> <span class='ocrx_word' id='word_1_117' title='bbox 1235 1079 1376 1140; x_wconf 84' lang='grc' dir='ltr'>ίασις</span> <span class='ocrx_word' id='word_1_118' title='bbox 1420 1081 1710 1149; x_wconf 83' lang='grc' dir='ltr'>προχωρὴ-</span> 
     </span>
    </p>
   </div>
   <div class='ocr_carea' id='block_1_15' title="bbox 1864 1071 3383 1149">
    <p class='ocr_par' dir='ltr' id='par_1_15' title="bbox 1864 1075 3383 1147">
     <span class='ocr_line' id='line_1_15' title="bbox 1864 1075 3383 1147; baseline -0.005 -15"><span class='ocrx_word' id='word_1_119' title='bbox 1864 1094 1938 1132; x_wconf 77' lang='lat' dir='ltr'><strong>em</strong></span> <span class='ocrx_word' id='word_1_120' title='bbox 1962 1078 2248 1133; x_wconf 81' lang='lat' dir='ltr'><strong>habuisset</strong></span> <span class='ocrx_word' id='word_1_121' title='bbox 2303 1086 2356 1133; x_wconf 91' lang='lat' dir='ltr'><strong>et</strong></span> <span class='ocrx_word' id='word_1_122' title='bbox 2395 1077 2648 1131; x_wconf 89' lang='lat' dir='ltr'><strong>ﬁduciam</strong></span> <span class='ocrx_word' id='word_1_123' title='bbox 2677 1077 2931 1147; x_wconf 86' lang='lat' dir='ltr'><strong>cepisset,</strong></span> <span class='ocrx_word' id='word_1_124' title='bbox 2961 1075 3140 1131; x_wconf 92' lang='lat' dir='ltr'><strong>solum</strong></span> <span class='ocrx_word' id='word_1_125' title='bbox 3183 1086 3383 1127; x_wconf 92' lang='lat' dir='ltr'><strong>nomen</strong></span> 
     </span>
    </p>
   </div>
   <div class='ocr_carea' id='block_1_16' title="bbox 168 1162 1747 1240">
    <p class='ocr_par' dir='ltr' id='par_1_16' title="bbox 168 1165 1736 1240">
     <span class='ocr_line' id='line_1_16' title="bbox 168 1165 1736 1240; baseline 0.001 -22"><span class='ocrx_word' id='word_1_126' title='bbox 168 1183 253 1226; x_wconf 83' lang='grc' dir='ltr'>σει,</span> <span class='ocrx_word' id='word_1_127' title='bbox 275 1165 478 1235; x_wconf 71' lang='grc' dir='ltr'>εἶπερὴ</span> <span class='ocrx_word' id='word_1_128' title='bbox 511 1167 803 1238; x_wconf 80' lang='grc' dir='ltr'>ἐπίκλησις</span> <span class='ocrx_word' id='word_1_129' title='bbox 837 1168 972 1237; x_wconf 81' lang='grc' dir='ltr'>μόνη</span> <span class='ocrx_word' id='word_1_130' title='bbox 1003 1168 1095 1221; x_wconf 83' lang='grc' dir='ltr'>τοῦ</span> <span class='ocrx_word' id='word_1_131' title='bbox 1123 1169 1389 1239; x_wconf 84' lang='grc' dir='ltr'>ὀνόματος</span> <span class='ocrx_word' id='word_1_132' title='bbox 1442 1171 1736 1240; x_wconf 67' lang='grc' dir='ltr'>ἐστερέωσ.</span> 
     </span>
    </p>
   </div>
   <div class='ocr_carea' id='block_1_17' title="bbox 1864 1162 3388 1240">
    <p class='ocr_par' dir='ltr' id='par_1_17' title="bbox 1864 1162 3388 1224">
     <span class='ocr_line' id='line_1_17' title="bbox 1864 1162 3388 1224; baseline -0.005 -1"><span class='ocrx_word' id='word_1_133' title='bbox 1864 1179 2127 1224; x_wconf 72' lang='grc' dir='ltr'>ινοοοιυιη</span> <span class='ocrx_word' id='word_1_134' title='bbox 2184 1183 2307 1223; x_wconf 88' lang='lat' dir='ltr'><strong>eum</strong></span> <span class='ocrx_word' id='word_1_135' title='bbox 2355 1166 2720 1222; x_wconf 76' lang='lat' dir='ltr'><strong>conﬁrmavit.</strong></span> <span class='ocrx_word' id='word_1_136' title='bbox 2777 1165 2982 1222; x_wconf 86' lang='lat' dir='ltr'><strong>Tantas</strong></span> <span class='ocrx_word' id='word_1_137' title='bbox 3033 1163 3198 1219; x_wconf 82' lang='lat' dir='ltr'><strong>habet</strong></span> <span class='ocrx_word' id='word_1_138' title='bbox 3243 1162 3388 1216; x_wconf 90' lang='lat' dir='ltr'><strong>vires</strong></span> 
     </span>
    </p>
   </div>
   <div class='ocr_carea' id='block_1_18' title="bbox 168 1252 1747 1334">
    <p class='ocr_par' dir='ltr' id='par_1_18' title="bbox 168 1252 1712 1329">
     <span class='ocr_line' id='line_1_18' title="bbox 168 1252 1712 1329; baseline 0.004 -21"><span class='ocrx_word' id='word_1_139' title='bbox 168 1271 259 1308; x_wconf 72' lang='lat' dir='ltr'><strong>asv&#39;</strong></span> <span class='ocrx_word' id='word_1_140' title='bbox 299 1255 377 1307; x_wconf 80' lang='grc' dir='ltr'>ἵνα</span> <span class='ocrx_word' id='word_1_141' title='bbox 399 1252 492 1308; x_wconf 74' lang='grc' dir='ltr'><strong>οὖν</strong></span> <span class='ocrx_word' id='word_1_142' title='bbox 539 1257 613 1328; x_wconf 81' lang='grc' dir='ltr'><strong>μή</strong></span> <span class='ocrx_word' id='word_1_143' title='bbox 641 1276 724 1320; x_wconf 89' lang='grc' dir='ltr'><strong>τις</strong></span> <span class='ocrx_word' id='word_1_144' title='bbox 748 1257 904 1311; x_wconf 81' lang='grc' dir='ltr'>τοῦτο</span> <span class='ocrx_word' id='word_1_145' title='bbox 927 1261 1077 1329; x_wconf 80' lang='grc' dir='ltr'>εἴπῃ,</span> <span class='ocrx_word' id='word_1_146' title='bbox 1110 1261 1378 1329; x_wconf 81' lang='grc' dir='ltr'>ἐπήγαγε,</span> <span class='ocrx_word' id='word_1_147' title='bbox 1412 1260 1510 1314; x_wconf 75' lang='grc' dir='ltr'>καὶ</span> <span class='ocrx_word' id='word_1_148' title='bbox 1546 1261 1584 1328; x_wconf 73' lang='grc' dir='ltr'><em>ἠ</em></span> <span class='ocrx_word' id='word_1_149' title='bbox 1614 1262 1712 1314; x_wconf 81' lang='grc' dir='ltr'><strong>πι-</strong></span> 
     </span>
    </p>
   </div>
   <div class='ocr_carea' id='block_1_19' title="bbox 1864 1252 3388 1334">
    <p class='ocr_par' dir='ltr' id='par_1_19' title="bbox 1864 1256 3388 1334">
     <span class='ocr_line' id='line_1_19' title="bbox 1864 1256 3388 1334; baseline -0.005 -16"><span class='ocrx_word' id='word_1_150' title='bbox 1864 1274 2080 1334; x_wconf 82' lang='lat' dir='ltr'><strong>mtaque</strong></span> <span class='ocrx_word' id='word_1_151' title='bbox 2134 1263 2309 1334; x_wconf 86' lang='lat' dir='ltr'><strong>gratia</strong></span> <span class='ocrx_word' id='word_1_152' title='bbox 2368 1277 2432 1318; x_wconf 89' lang='lat' dir='ltr'><strong>ac</strong></span> <span class='ocrx_word' id='word_1_153' title='bbox 2484 1261 2752 1318; x_wconf 84' lang='lat' dir='ltr'><strong>beneﬁcio</strong></span> <span class='ocrx_word' id='word_1_154' title='bbox 2811 1260 3100 1315; x_wconf 87' lang='lat' dir='ltr'><strong>redundat.</strong></span> <span class='ocrx_word' id='word_1_155' title='bbox 3169 1256 3235 1310; x_wconf 86' lang='lat' dir='ltr'><strong>Et</strong></span> <span class='ocrx_word' id='word_1_156' title='bbox 3256 1257 3388 1311; x_wconf 85' lang='lat' dir='ltr'><strong>ﬁdes</strong></span> 
     </span>
    </p>
   </div>
   <div class='ocr_carea' id='block_1_20' title="bbox 167 1345 1747 1426">
    <p class='ocr_par' dir='ltr' id='par_1_20' title="bbox 167 1345 1714 1423">
     <span class='ocr_line' id='line_1_20' title="bbox 167 1345 1714 1423; baseline 0.006 -27"><span class='ocrx_word' id='word_1_157' title='bbox 167 1361 281 1410; x_wconf 81' lang='grc' dir='ltr'>στις</span> <span class='ocrx_word' id='word_1_158' title='bbox 305 1345 340 1412; x_wconf 72' lang='grc' dir='ltr'>ἡ</span> <span class='ocrx_word' id='word_1_159' title='bbox 364 1346 436 1398; x_wconf 82' lang='grc' dir='ltr'>δι’</span> <span class='ocrx_word' id='word_1_160' title='bbox 460 1349 669 1413; x_wconf 78' lang='grc' dir='ltr'>αὐτοῦ,</span> <span class='ocrx_word' id='word_1_161' title='bbox 699 1351 946 1403; x_wconf 81' lang='grc' dir='ltr'>τουτέστι</span> <span class='ocrx_word' id='word_1_162' title='bbox 968 1368 983 1382; x_wconf 88' lang='grc'><strong>·</strong></span> <span class='ocrx_word' id='word_1_163' title='bbox 1011 1354 1154 1420; x_wconf 82' lang='grc' dir='ltr'>μέγα</span> <span class='ocrx_word' id='word_1_164' title='bbox 1182 1352 1282 1421; x_wconf 85' lang='grc' dir='ltr'><strong>μέν</strong></span> <span class='ocrx_word' id='word_1_165' title='bbox 1314 1353 1433 1405; x_wconf 83' lang='grc' dir='ltr'>ἐστι</span> <span class='ocrx_word' id='word_1_166' title='bbox 1459 1353 1519 1405; x_wconf 77' lang='grc' dir='ltr'>τὸ</span> <span class='ocrx_word' id='word_1_167' title='bbox 1543 1352 1714 1423; x_wconf 79' lang='grc' dir='ltr'>ὄνομα</span> 
     </span>
    </p>
   </div>
   <div class='ocr_carea' id='block_1_21' title="bbox 1864 1345 3384 1426">
    <p class='ocr_par' dir='ltr' id='par_1_21' title="bbox 1864 1350 3384 1426">
     <span class='ocr_line' id='line_1_21' title="bbox 1864 1350 3384 1426; baseline -0.005 -18"><span class='ocrx_word' id='word_1_168' title='bbox 1864 1371 1936 1410; x_wconf 71' lang='lat' dir='ltr'><strong>me</strong></span> <span class='ocrx_word' id='word_1_169' title='bbox 1971 1371 2069 1426; x_wconf 89' lang='lat' dir='ltr'><strong>per</strong></span> <span class='ocrx_word' id='word_1_170' title='bbox 2121 1370 2246 1410; x_wconf 90' lang='lat' dir='ltr'><strong>eum</strong></span> <span class='ocrx_word' id='word_1_171' title='bbox 2282 1354 2572 1424; x_wconf 65' lang='lat' dir='ltr'><strong>praedicata</strong></span> <span class='ocrx_word' id='word_1_172' title='bbox 2601 1361 2703 1416; x_wconf 88' lang='lat' dir='ltr'><strong>est,</strong></span> <span class='ocrx_word' id='word_1_173' title='bbox 2749 1359 2857 1408; x_wconf 87' lang='lat' dir='ltr'><strong>etc.</strong></span> <span class='ocrx_word' id='word_1_174' title='bbox 2891 1350 3152 1416; x_wconf 65' lang='lat' dir='ltr'><strong>Quaenam</strong></span> <span class='ocrx_word' id='word_1_175' title='bbox 3203 1359 3384 1402; x_wconf 88' lang='lat' dir='ltr'><strong>autem</strong></span> 
     </span>
    </p>
   </div>
   <div class='ocr_carea' id='block_1_22' title="bbox 170 1437 1747 1536">
    <p class='ocr_par' dir='ltr' id='par_1_22' title="bbox 170 1437 1716 1509">
     <span class='ocr_line' id='line_1_22' title="bbox 170 1437 1716 1509; baseline 0.006 -22"><span class='ocrx_word' id='word_1_176' title='bbox 170 1437 247 1487; x_wconf 68' lang='grc' dir='ltr'><strong>καὶ</strong></span> <span class='ocrx_word' id='word_1_177' title='bbox 271 1438 490 1505; x_wconf 63' lang='grc' dir='ltr'>ςοὸερὸν</span> <span class='ocrx_word' id='word_1_178' title='bbox 514 1439 606 1489; x_wconf 73' lang='grc' dir='ltr'><strong>καὶ</strong></span> <span class='ocrx_word' id='word_1_179' title='bbox 632 1438 783 1509; x_wconf 74' lang='grc' dir='ltr'>βρύει</span> <span class='ocrx_word' id='word_1_180' title='bbox 819 1441 990 1505; x_wconf 72' lang='grc' dir='ltr'>ἰάσεις</span> <span class='ocrx_word' id='word_1_181' title='bbox 1018 1459 1029 1472; x_wconf 72' lang='grc' dir='ltr'><strong>ο</strong></span> <span class='ocrx_word' id='word_1_182' title='bbox 1054 1442 1190 1495; x_wconf 82' lang='grc' dir='ltr'>ἀλλὰ</span> <span class='ocrx_word' id='word_1_183' title='bbox 1241 1444 1410 1496; x_wconf 75' lang='grc' dir='ltr'>δεῖται</span> <span class='ocrx_word' id='word_1_184' title='bbox 1465 1446 1560 1498; x_wconf 72' lang='grc' dir='ltr'>καὶ</span> <span class='ocrx_word' id='word_1_185' title='bbox 1610 1445 1716 1509; x_wconf 74' lang='grc' dir='ltr'>ψυ-</span> 
     </span>
    </p>
   </div>
   <div class='ocr_carea' id='block_1_23' title="bbox 1864 1437 3388 1536">
    <p class='ocr_par' dir='ltr' id='par_1_23' title="bbox 1866 1440 3388 1516">
     <span class='ocr_line' id='line_1_23' title="bbox 1866 1440 3388 1516; baseline -0.008 -14"><span class='ocrx_word' id='word_1_186' title='bbox 1866 1458 1884 1502; x_wconf 91' lang='grc' dir='ltr'><strong>ι</strong></span> <span class='ocrx_word' id='word_1_187' title='bbox 1924 1447 2076 1512; x_wconf 89' lang='lat' dir='ltr'><strong>ﬁdes,</strong></span> <span class='ocrx_word' id='word_1_188' title='bbox 2110 1462 2232 1516; x_wconf 65' lang='lat' dir='ltr'><strong>qua:</strong></span> <span class='ocrx_word' id='word_1_189' title='bbox 2264 1461 2361 1516; x_wconf 90' lang='lat' dir='ltr'><strong>per</strong></span> <span class='ocrx_word' id='word_1_190' title='bbox 2395 1445 2544 1499; x_wconf 89' lang='lat' dir='ltr'><strong>illum</strong></span> <span class='ocrx_word' id='word_1_191' title='bbox 2585 1443 2876 1514; x_wconf 65' lang='lat' dir='ltr'><strong>praedicata</strong></span> <span class='ocrx_word' id='word_1_192' title='bbox 2909 1453 3009 1505; x_wconf 80' lang='lat' dir='ltr'><strong>est,</strong></span> <span class='ocrx_word' id='word_1_193' title='bbox 3051 1441 3168 1510; x_wconf 88' lang='lat' dir='ltr'><strong>ipse</strong></span> <span class='ocrx_word' id='word_1_194' title='bbox 3218 1440 3388 1494; x_wconf 83' lang='lat' dir='ltr'><strong>inter-</strong></span> 
     </span>
    </p>
   </div>
   <div class='ocr_carea' id='block_1_24' title="bbox 168 1527 1747 1628">
    <p class='ocr_par' dir='ltr' id='par_1_24' title="bbox 168 1527 1715 1628">
     <span class='ocr_line' id='line_1_24' title="bbox 168 1527 1715 1628; baseline 0.008 -52"><span class='ocrx_word' id='word_1_195' title='bbox 168 1527 258 1628; x_wconf 50' lang='lat' dir='ltr'><strong>xtzw</strong></span> <span class='ocrx_word' id='word_1_196' title='bbox 276 1527 587 1628; x_wconf 48' lang='lat' dir='ltr'><strong>iuvat-teva</strong></span> <span class='ocrx_word' id='word_1_197' title='bbox 618 1531 915 1602; x_wconf 80' lang='grc' dir='ltr'>ἀξιωθῆναι</span> <span class='ocrx_word' id='word_1_198' title='bbox 941 1533 1038 1601; x_wconf 84' lang='grc' dir='ltr'>τῆς</span> <span class='ocrx_word' id='word_1_199' title='bbox 1068 1534 1310 1604; x_wconf 79' lang='grc' dir='ltr'>χάριτος,</span> <span class='ocrx_word' id='word_1_200' title='bbox 1327 1536 1422 1588; x_wconf 74' lang='grc' dir='ltr'><strong>καὶ</strong></span> <span class='ocrx_word' id='word_1_201' title='bbox 1443 1537 1715 1606; x_wconf 77' lang='grc' dir='ltr'>πρεσϐευ-</span> 
     </span>
    </p>
   </div>
   <div class='ocr_carea' id='block_1_25' title="bbox 1864 1527 3390 1628">
    <p class='ocr_par' dir='ltr' id='par_1_25' title="bbox 1864 1531 3390 1606">
     <span class='ocr_line' id='line_1_25' title="bbox 1864 1531 3390 1606; baseline -0.007 -13"><span class='ocrx_word' id='word_1_202' title='bbox 1864 1547 2062 1594; x_wconf 85' lang='lat' dir='ltr'><strong>retatur</strong></span> <span class='ocrx_word' id='word_1_203' title='bbox 2092 1554 2106 1591; x_wconf 89' lang='lat'><strong>:</strong></span> <span class='ocrx_word' id='word_1_204' title='bbox 2139 1536 2209 1591; x_wconf 88' lang='lat' dir='ltr'><strong>Ut</strong></span> <span class='ocrx_word' id='word_1_205' title='bbox 2233 1545 2572 1606; x_wconf 80' lang='lat' dir='ltr'><strong>cognoscant</strong></span> <span class='ocrx_word' id='word_1_206' title='bbox 2595 1543 2667 1596; x_wconf 91' lang='lat' dir='ltr'><strong>te.</strong></span> <span class='ocrx_word' id='word_1_207' title='bbox 2700 1533 2974 1604; x_wconf 88' lang='lat' dir='ltr'><strong>inquiens,</strong></span> <span class='ocrx_word' id='word_1_208' title='bbox 3004 1532 3096 1600; x_wconf 85' lang='lat' dir='ltr'><strong>qui</strong></span> <span class='ocrx_word' id='word_1_209' title='bbox 3131 1531 3278 1585; x_wconf 90' lang='lat' dir='ltr'><strong>solus</strong></span> <span class='ocrx_word' id='word_1_210' title='bbox 3300 1546 3390 1584; x_wconf 89' lang='lat' dir='ltr'><strong>vc—</strong></span> 
     </span>
    </p>
   </div>
   <div class='ocr_carea' id='block_1_26' title="bbox 166 1619 1747 1699">
    <p class='ocr_par' dir='ltr' id='par_1_26' title="bbox 166 1619 1712 1696">
     <span class='ocr_line' id='line_1_26' title="bbox 166 1619 1712 1696; baseline 0.008 -28"><span class='ocrx_word' id='word_1_211' title='bbox 166 1619 258 1670; x_wconf 82' lang='grc' dir='ltr'>τῶν</span> <span class='ocrx_word' id='word_1_212' title='bbox 285 1619 477 1670; x_wconf 78' lang='grc' dir='ltr'>ἱκανῶν</span> <span class='ocrx_word' id='word_1_213' title='bbox 512 1619 842 1676; x_wconf 80' lang='grc' dir='ltr'>ἰλεώσασθαι</span> <span class='ocrx_word' id='word_1_214' title='bbox 905 1624 996 1677; x_wconf 74' lang='grc' dir='ltr'><strong>τὸν</strong></span> <span class='ocrx_word' id='word_1_215' title='bbox 1026 1625 1259 1696; x_wconf 83' lang='grc' dir='ltr'>χορηγὸν</span> <span class='ocrx_word' id='word_1_216' title='bbox 1321 1627 1430 1679; x_wconf 84' lang='grc' dir='ltr'>τῶν</span> <span class='ocrx_word' id='word_1_217' title='bbox 1499 1627 1712 1680; x_wconf 84' lang='grc' dir='ltr'>ίάσεων.</span> 
     </span>
    </p>
   </div>
   <div class='ocr_carea' id='block_1_27' title="bbox 1864 1619 3394 1699">
    <p class='ocr_par' dir='ltr' id='par_1_27' title="bbox 1864 1621 3394 1699">
     <span class='ocr_line' id='line_1_27' title="bbox 1864 1621 3394 1699; baseline -0.008 -14"><span class='ocrx_word' id='word_1_218' title='bbox 1864 1647 1913 1685; x_wconf 91' lang='lat' dir='ltr'><strong>.IS</strong></span> <span class='ocrx_word' id='word_1_219' title='bbox 1943 1646 2003 1686; x_wconf 91' lang='lat' dir='ltr'><strong>es</strong></span> <span class='ocrx_word' id='word_1_220' title='bbox 2026 1630 2193 1696; x_wconf 89' lang='lat' dir='ltr'><strong>Deus,</strong></span> <span class='ocrx_word' id='word_1_221' title='bbox 2228 1640 2280 1685; x_wconf 92' lang='lat' dir='ltr'><strong>et</strong></span> <span class='ocrx_word' id='word_1_222' title='bbox 2305 1644 2466 1699; x_wconf 90' lang='lat' dir='ltr'><strong>quem</strong></span> <span class='ocrx_word' id='word_1_223' title='bbox 2497 1627 2693 1684; x_wconf 90' lang='lat' dir='ltr'><strong>misisti</strong></span> <span class='ocrx_word' id='word_1_224' title='bbox 2742 1627 2950 1682; x_wconf 82' lang='lat' dir='ltr'><strong>Jesum.</strong></span> <span class='ocrx_word' id='word_1_225' title='bbox 2999 1624 3132 1678; x_wconf 88' lang='lat' dir='ltr'><strong>Nam</strong></span> <span class='ocrx_word' id='word_1_226' title='bbox 3174 1639 3242 1677; x_wconf 89' lang='lat' dir='ltr'><strong>ne</strong></span> <span class='ocrx_word' id='word_1_227' title='bbox 3271 1621 3394 1692; x_wconf 85' lang='lat' dir='ltr'><strong>quis</strong></span> 
     </span>
    </p>
   </div>
   <div class='ocr_carea' id='block_1_28' title="bbox 176 1709 1747 1791">
    <p class='ocr_par' dir='ltr' id='par_1_28' title="bbox 176 1709 1716 1789">
     <span class='ocr_line' id='line_1_28' title="bbox 176 1709 1716 1789; baseline 0.01 -31"><span class='ocrx_word' id='word_1_228' title='bbox 176 1709 409 1762; x_wconf 81' lang='grc' dir='ltr'>Ἀπίστου</span> <span class='ocrx_word' id='word_1_229' title='bbox 440 1711 551 1780; x_wconf 84' lang='grc' dir='ltr'>γὰρ</span> <span class='ocrx_word' id='word_1_230' title='bbox 606 1713 892 1782; x_wconf 85' lang='grc' dir='ltr'>μέλλοντος</span> <span class='ocrx_word' id='word_1_231' title='bbox 977 1718 1161 1786; x_wconf 83' lang='grc' dir='ltr'>μένειν</span> <span class='ocrx_word' id='word_1_232' title='bbox 1219 1718 1313 1772; x_wconf 82' lang='grc' dir='ltr'><strong>τοῦ</strong></span> <span class='ocrx_word' id='word_1_233' title='bbox 1363 1720 1460 1789; x_wconf 81' lang='grc' dir='ltr'>τῆς</span> <span class='ocrx_word' id='word_1_234' title='bbox 1520 1719 1716 1783; x_wconf 83' lang='grc' dir='ltr'>ἰάσεως</span> 
     </span>
    </p>
   </div>
   <div class='ocr_carea' id='block_1_29' title="bbox 1864 1709 3394 1791">
    <p class='ocr_par' dir='ltr' id='par_1_29' title="bbox 1864 1715 3394 1791">
     <span class='ocr_line' id='line_1_29' title="bbox 1864 1715 3394 1791; baseline -0.008 -15"><span class='ocrx_word' id='word_1_235' title='bbox 1864 1724 1964 1776; x_wconf 86' lang='lat' dir='ltr'><strong>icat</strong></span> <span class='ocrx_word' id='word_1_236' title='bbox 2009 1739 2024 1776; x_wconf 93' lang='lat'><strong>:</strong></span> <span class='ocrx_word' id='word_1_237' title='bbox 2059 1720 2221 1791; x_wconf 84' lang='lat' dir='ltr'><strong>Ergo,</strong></span> <span class='ocrx_word' id='word_1_238' title='bbox 2256 1721 2419 1775; x_wconf 85' lang='lat' dir='ltr'><strong>etiam</strong></span> <span class='ocrx_word' id='word_1_239' title='bbox 2451 1719 2498 1773; x_wconf 91' lang='lat' dir='ltr'><strong>si</strong></span> <span class='ocrx_word' id='word_1_240' title='bbox 2532 1717 2765 1773; x_wconf 90' lang='lat' dir='ltr'><strong>inﬁdelis</strong></span> <span class='ocrx_word' id='word_1_241' title='bbox 2818 1715 3152 1772; x_wconf 83' lang='lat' dir='ltr'><strong>invocaverit</strong></span> <span class='ocrx_word' id='word_1_242' title='bbox 3200 1727 3394 1766; x_wconf 80' lang='lat' dir='ltr'><strong>nomen</strong></span> 
     </span>
    </p>
   </div>
   <div class='ocr_carea' id='block_1_30' title="bbox 166 1798 1747 1878">
    <p class='ocr_par' dir='ltr' id='par_1_30' title="bbox 166 1798 1715 1872">
     <span class='ocr_line' id='line_1_30' title="bbox 166 1798 1715 1872; baseline 0.008 -23"><span class='ocrx_word' id='word_1_243' title='bbox 166 1798 413 1866; x_wconf 79' lang='grc' dir='ltr'>δεομένου,</span> <span class='ocrx_word' id='word_1_244' title='bbox 457 1801 562 1853; x_wconf 75' lang='grc' dir='ltr'><strong>οὐκ</strong></span> <span class='ocrx_word' id='word_1_245' title='bbox 589 1802 654 1854; x_wconf 77' lang='grc' dir='ltr'><strong>ἂν</strong></span> <span class='ocrx_word' id='word_1_246' title='bbox 696 1803 870 1868; x_wconf 76' lang='grc' dir='ltr'>οὕτως</span> <span class='ocrx_word' id='word_1_247' title='bbox 928 1807 1120 1870; x_wconf 80' lang='grc' dir='ltr'>ἁπλῶς</span> <span class='ocrx_word' id='word_1_248' title='bbox 1172 1808 1315 1872; x_wconf 83' lang='grc' dir='ltr'>ἴασις</span> <span class='ocrx_word' id='word_1_249' title='bbox 1375 1809 1567 1862; x_wconf 74' lang='grc' dir='ltr'>ἔσται’</span> <span class='ocrx_word' id='word_1_250' title='bbox 1619 1811 1715 1863; x_wconf 80' lang='grc' dir='ltr'>καὶ</span> 
     </span>
    </p>
   </div>
   <div class='ocr_carea' id='block_1_31' title="bbox 1864 1798 3396 1878">
    <p class='ocr_par' dir='ltr' id='par_1_31' title="bbox 1864 1799 3396 1878">
     <span class='ocr_line' id='line_1_31' title="bbox 1864 1799 3396 1878; baseline -0.006 -15"><span class='ocrx_word' id='word_1_251' title='bbox 1864 1811 1990 1875; x_wconf 86' lang='lat' dir='ltr'><strong>lius,</strong></span> <span class='ocrx_word' id='word_1_252' title='bbox 2050 1809 2266 1864; x_wconf 90' lang='lat' dir='ltr'><strong>etiamsi</strong></span> <span class='ocrx_word' id='word_1_253' title='bbox 2294 1816 2519 1878; x_wconf 75' lang='lat' dir='ltr'><strong>propter</strong></span> <span class='ocrx_word' id='word_1_254' title='bbox 2553 1805 2897 1861; x_wconf 87' lang='lat' dir='ltr'><strong>curationem</strong></span> <span class='ocrx_word' id='word_1_255' title='bbox 2926 1803 3152 1858; x_wconf 85' lang='lat' dir='ltr'><strong>alterius</strong></span> <span class='ocrx_word' id='word_1_256' title='bbox 3203 1799 3396 1855; x_wconf 84' lang='lat' dir='ltr'><strong>inﬁde-</strong></span> 
     </span>
    </p>
   </div>
   <div class='ocr_carea' id='block_1_32' title="bbox 165 1866 1747 1967">
    <p class='ocr_par' dir='ltr' id='par_1_32' title="bbox 165 1887 1717 1967">
     <span class='ocr_line' id='line_1_32' title="bbox 165 1887 1717 1967; baseline 0.008 -28"><span class='ocrx_word' id='word_1_257' title='bbox 165 1887 256 1941; x_wconf 72' lang='grc' dir='ltr'>ὑπὸ</span> <span class='ocrx_word' id='word_1_258' title='bbox 274 1890 511 1943; x_wconf 77' lang='grc' dir='ltr'>ἀπίστων</span> <span class='ocrx_word' id='word_1_259' title='bbox 543 1892 603 1944; x_wconf 81' lang='grc' dir='ltr'><strong>τὸ</strong></span> <span class='ocrx_word' id='word_1_260' title='bbox 643 1893 816 1965; x_wconf 72' lang='grc' dir='ltr'>ὄνομα</span> <span class='ocrx_word' id='word_1_261' title='bbox 877 1897 1334 1967; x_wconf 76' lang='grc' dir='ltr'>ἐπικαλούμενον,</span> <span class='ocrx_word' id='word_1_262' title='bbox 1373 1900 1474 1954; x_wconf 79' lang='grc' dir='ltr'><strong>οὐκ</strong></span> <span class='ocrx_word' id='word_1_263' title='bbox 1539 1901 1606 1954; x_wconf 86' lang='grc' dir='ltr'>ἂν</span> <span class='ocrx_word' id='word_1_264' title='bbox 1655 1900 1717 1952; x_wconf 78' lang='grc' dir='ltr'>τὸ</span> 
     </span>
    </p>
   </div>
   <div class='ocr_carea' id='block_1_33' title="bbox 1864 1866 3396 1967">
    <p class='ocr_par' dir='ltr' id='par_1_33' title="bbox 1864 1890 3396 1966">
     <span class='ocr_line' id='line_1_33' title="bbox 1864 1890 3396 1966; baseline -0.009 -10"><span class='ocrx_word' id='word_1_265' title='bbox 1864 1917 1922 1966; x_wconf 91' lang='lat' dir='ltr'><strong>s,</strong></span> <span class='ocrx_word' id='word_1_266' title='bbox 1965 1899 2135 1953; x_wconf 89' lang='lat' dir='ltr'><strong>nihilo</strong></span> <span class='ocrx_word' id='word_1_267' title='bbox 2185 1899 2366 1953; x_wconf 90' lang='lat' dir='ltr'><strong>minus</strong></span> <span class='ocrx_word' id='word_1_268' title='bbox 2424 1901 2638 1954; x_wconf 83' lang='lat' dir='ltr'><strong>sanatio</strong></span> <span class='ocrx_word' id='word_1_269' title='bbox 2679 1909 2939 1966; x_wconf 88' lang='lat' dir='ltr'><strong>prospere</strong></span> <span class='ocrx_word' id='word_1_270' title='bbox 3000 1890 3294 1954; x_wconf 90' lang='lat' dir='ltr'><strong>succedet,</strong></span> <span class='ocrx_word' id='word_1_271' title='bbox 3351 1890 3396 1944; x_wconf 91' lang='lat' dir='ltr'><strong>si</strong></span> 
     </span>
    </p>
   </div>
   <div class='ocr_carea' id='block_1_34' title="bbox 168 1981 1747 2062">
    <p class='ocr_par' dir='ltr' id='par_1_34' title="bbox 168 1981 1720 2062">
     <span class='ocr_line' id='line_1_34' title="bbox 168 1981 1720 2062; baseline 0.01 -32"><span class='ocrx_word' id='word_1_272' title='bbox 168 1981 342 2033; x_wconf 81' lang='grc' dir='ltr'>οἰκεῖον</span> <span class='ocrx_word' id='word_1_273' title='bbox 387 1984 663 2056; x_wconf 81' lang='grc' dir='ltr'>ἐνεργήσῃ</span> <span class='ocrx_word' id='word_1_274' title='bbox 689 1999 704 2015; x_wconf 83' lang='grc'><strong><em>⁸</em></strong></span> <span class='ocrx_word' id='word_1_275' title='bbox 747 1987 840 2040; x_wconf 75' lang='grc' dir='ltr'>καὶ</span> <span class='ocrx_word' id='word_1_276' title='bbox 879 1988 987 2059; x_wconf 77' lang='grc' dir='ltr'><strong>μὴν</strong></span> <span class='ocrx_word' id='word_1_277' title='bbox 1025 1990 1072 2042; x_wconf 71' lang='grc' dir='ltr'><strong>οἱ</strong></span> <span class='ocrx_word' id='word_1_278' title='bbox 1128 1992 1235 2044; x_wconf 78' lang='grc' dir='ltr'>υἱοὶ</span> <span class='ocrx_word' id='word_1_279' title='bbox 1270 1993 1451 2046; x_wconf 78' lang='grc' dir='ltr'>Σκευᾶ</span> <span class='ocrx_word' id='word_1_280' title='bbox 1471 1993 1532 2046; x_wconf 79' lang='grc' dir='ltr'><strong>οὐ</strong></span> <span class='ocrx_word' id='word_1_281' title='bbox 1561 1992 1720 2062; x_wconf 82' lang='grc' dir='ltr'>μόνον</span> 
     </span>
    </p>
   </div>
   <div class='ocr_carea' id='block_1_35' title="bbox 1864 1981 3393 2062">
    <p class='ocr_par' dir='ltr' id='par_1_35' title="bbox 1864 1981 3393 2044">
     <span class='ocr_line' id='line_1_35' title="bbox 1864 1981 3393 2044; baseline -0.009 0"><span class='ocrx_word' id='word_1_282' title='bbox 1864 1991 2042 2044; x_wconf 90' lang='lat' dir='ltr'><strong>uidem</strong></span> <span class='ocrx_word' id='word_1_283' title='bbox 2096 1988 2332 2042; x_wconf 85' lang='lat' dir='ltr'><strong>nominis</strong></span> <span class='ocrx_word' id='word_1_284' title='bbox 2379 1987 2651 2041; x_wconf 86' lang='lat' dir='ltr'><strong>invocatio</strong></span> <span class='ocrx_word' id='word_1_285' title='bbox 2707 1985 2821 2040; x_wconf 85' lang='lat' dir='ltr'><strong>sola</strong></span> <span class='ocrx_word' id='word_1_286' title='bbox 2853 1981 3193 2038; x_wconf 78' lang='lat' dir='ltr'><strong>mnﬁrmavit</strong></span> <span class='ocrx_word' id='word_1_287' title='bbox 3225 1995 3348 2034; x_wconf 87' lang='lat' dir='ltr'><strong>eum</strong></span> <span class='ocrx_word' id='word_1_288' title='bbox 3380 1997 3393 2032; x_wconf 89' lang='lat'><strong>:</strong></span> 
     </span>
    </p>
   </div>
   <div class='ocr_carea' id='block_1_36' title="bbox 170 2070 1747 2154">
    <p class='ocr_par' dir='ltr' id='par_1_36' title="bbox 170 2070 1718 2154">
     <span class='ocr_line' id='line_1_36' title="bbox 170 2070 1718 2154; baseline 0.011 -33"><span class='ocrx_word' id='word_1_289' title='bbox 170 2070 332 2133; x_wconf 80' lang='grc' dir='ltr'>ἄλλους</span> <span class='ocrx_word' id='word_1_290' title='bbox 357 2074 453 2126; x_wconf 80' lang='grc' dir='ltr'><strong>οὐκ</strong></span> <span class='ocrx_word' id='word_1_291' title='bbox 488 2075 803 2145; x_wconf 81' lang='grc' dir='ltr'>ὠφέλησαν,</span> <span class='ocrx_word' id='word_1_292' title='bbox 831 2079 967 2132; x_wconf 80' lang='grc' dir='ltr'>ἀλλὰ</span> <span class='ocrx_word' id='word_1_293' title='bbox 995 2083 1090 2135; x_wconf 67' lang='grc' dir='ltr'><strong>καὶ</strong></span> <span class='ocrx_word' id='word_1_294' title='bbox 1122 2083 1348 2146; x_wconf 74' lang='grc' dir='ltr'>ἑαυτοὺς</span> <span class='ocrx_word' id='word_1_295' title='bbox 1387 2083 1718 2154; x_wconf 81' lang='grc' dir='ltr'>ἐζημίωσαν.</span> 
     </span>
    </p>
   </div>
   <div class='ocr_carea' id='block_1_37' title="bbox 1864 2070 3399 2154">
    <p class='ocr_par' dir='ltr' id='par_1_37' title="bbox 1865 2071 3399 2150">
     <span class='ocr_line' id='line_1_37' title="bbox 1865 2071 3399 2150; baseline -0.007 -16"><span class='ocrx_word' id='word_1_296' title='bbox 1865 2097 1893 2134; x_wconf 88' lang='lat' dir='ltr'><strong>c</strong></span> <span class='ocrx_word' id='word_1_297' title='bbox 1923 2081 2048 2150; x_wconf 86' lang='lat' dir='ltr'><strong>quis</strong></span> <span class='ocrx_word' id='word_1_298' title='bbox 2077 2079 2240 2149; x_wconf 79' lang='lat' dir='ltr'><strong>igitur</strong></span> <span class='ocrx_word' id='word_1_299' title='bbox 2281 2078 2384 2132; x_wconf 90' lang='lat' dir='ltr'><strong>hoc</strong></span> <span class='ocrx_word' id='word_1_300' title='bbox 2428 2077 2594 2143; x_wconf 72' lang='lat' dir='ltr'><strong>dicat,</strong></span> <span class='ocrx_word' id='word_1_301' title='bbox 2643 2074 2923 2145; x_wconf 80' lang='lat' dir='ltr'><strong>subjunxit</strong></span> <span class='ocrx_word' id='word_1_302' title='bbox 2956 2071 3065 2127; x_wconf 84' lang='lat' dir='ltr'><strong>:Et</strong></span> <span class='ocrx_word' id='word_1_303' title='bbox 3103 2071 3252 2140; x_wconf 77' lang='lat' dir='ltr'><strong>ﬁdes,</strong></span> <span class='ocrx_word' id='word_1_304' title='bbox 3282 2086 3399 2140; x_wconf 79' lang='lat' dir='ltr'><strong>qua:</strong></span> 
     </span>
    </p>
   </div>
   <div class='ocr_carea' id='block_1_38' title="bbox 170 2161 1747 2246">
    <p class='ocr_par' dir='ltr' id='par_1_38' title="bbox 170 2162 1715 2246">
     <span class='ocr_line' id='line_1_38' title="bbox 170 2162 1715 2246; baseline 0.01 -33"><span class='ocrx_word' id='word_1_305' title='bbox 170 2162 304 2215; x_wconf 77' lang='grc' dir='ltr'>Οὕτω</span> <span class='ocrx_word' id='word_1_306' title='bbox 335 2165 428 2234; x_wconf 78' lang='grc' dir='ltr'>μὲν</span> <span class='ocrx_word' id='word_1_307' title='bbox 475 2168 660 2236; x_wconf 71' lang='grc' dir='ltr'>ἡμεῖς.</span> <span class='ocrx_word' id='word_1_308' title='bbox 715 2169 932 2242; x_wconf 64' lang='lat' dir='ltr'><strong>&quot;Erepsi</strong></span> <span class='ocrx_word' id='word_1_309' title='bbox 983 2172 1040 2226; x_wconf 82' lang='grc' dir='ltr'>δὲ</span> <span class='ocrx_word' id='word_1_310' title='bbox 1109 2172 1280 2237; x_wconf 76' lang='grc' dir='ltr'>οὕτως</span> <span class='ocrx_word' id='word_1_311' title='bbox 1337 2176 1715 2246; x_wconf 82' lang='grc' dir='ltr'>ἐξηγήσαντο·</span> 
     </span>
    </p>
   </div>
   <div class='ocr_carea' id='block_1_39' title="bbox 1864 2161 3400 2246">
    <p class='ocr_par' dir='ltr' id='par_1_39' title="bbox 1864 2161 3400 2237">
     <span class='ocr_line' id='line_1_39' title="bbox 1864 2161 3400 2237; baseline -0.007 -12"><span class='ocrx_word' id='word_1_312' title='bbox 1864 2187 1913 2225; x_wconf 81' lang='lat' dir='ltr'><strong>er</strong></span> <span class='ocrx_word' id='word_1_313' title='bbox 1942 2187 2062 2226; x_wconf 80' lang='lat' dir='ltr'><strong>eum</strong></span> <span class='ocrx_word' id='word_1_314' title='bbox 2093 2169 2381 2237; x_wconf 72' lang='lat' dir='ltr'><strong>prwdicata</strong></span> <span class='ocrx_word' id='word_1_315' title='bbox 2420 2177 2498 2221; x_wconf 81' lang='lat' dir='ltr'><strong>est</strong></span> <span class='ocrx_word' id='word_1_316' title='bbox 2528 2183 2546 2220; x_wconf 92' lang='lat'><strong><em>:</em></strong></span> <span class='ocrx_word' id='word_1_317' title='bbox 2576 2167 2679 2221; x_wconf 91' lang='lat' dir='ltr'><strong>hoc</strong></span> <span class='ocrx_word' id='word_1_318' title='bbox 2707 2174 2796 2221; x_wconf 84' lang='lat' dir='ltr'><strong>est</strong></span> <span class='ocrx_word' id='word_1_319' title='bbox 2829 2183 2842 2217; x_wconf 74' lang='grc' dir='ltr'><strong>ε</strong></span> <span class='ocrx_word' id='word_1_320' title='bbox 2879 2163 3134 2235; x_wconf 75' lang='lat' dir='ltr'><strong>Magnum</strong></span> <span class='ocrx_word' id='word_1_321' title='bbox 3179 2161 3400 2232; x_wconf 89' lang='lat' dir='ltr'><strong>quidem</strong></span> 
     </span>
    </p>
   </div>
   <div class='ocr_carea' id='block_1_40' title="bbox 169 2253 1747 2339">
    <p class='ocr_par' dir='ltr' id='par_1_40' title="bbox 169 2253 1720 2339">
     <span class='ocr_line' id='line_1_40' title="bbox 169 2253 1720 2339; baseline 0.008 -33"><span class='ocrx_word' id='word_1_322' title='bbox 169 2253 259 2306; x_wconf 74' lang='grc' dir='ltr'>Καὶ</span> <span class='ocrx_word' id='word_1_323' title='bbox 283 2256 382 2324; x_wconf 80' lang='grc' dir='ltr'><strong>μὴν</strong></span> <span class='ocrx_word' id='word_1_324' title='bbox 402 2259 435 2326; x_wconf 78' lang='grc' dir='ltr'><strong>ὴ</strong></span> <span class='ocrx_word' id='word_1_325' title='bbox 465 2259 650 2323; x_wconf 80' lang='grc' dir='ltr'>πίστις</span> <span class='ocrx_word' id='word_1_326' title='bbox 683 2262 715 2331; x_wconf 76' lang='grc' dir='ltr'>ἠ</span> <span class='ocrx_word' id='word_1_327' title='bbox 745 2262 882 2332; x_wconf 84' lang='grc' dir='ltr'>αὐτή</span> <span class='ocrx_word' id='word_1_328' title='bbox 908 2263 1060 2318; x_wconf 76' lang='grc' dir='ltr'>ἐστιν</span> <span class='ocrx_word' id='word_1_329' title='bbox 1093 2265 1126 2323; x_wconf 81' lang='grc' dir='ltr'>ἠ</span> <span class='ocrx_word' id='word_1_330' title='bbox 1155 2265 1312 2320; x_wconf 83' lang='grc' dir='ltr'>τοῦτο</span> <span class='ocrx_word' id='word_1_331' title='bbox 1341 2266 1720 2339; x_wconf 74' lang='grc' dir='ltr'>ἐργασαμένηο</span> 
     </span>
    </p>
   </div>
   <div class='ocr_carea' id='block_1_41' title="bbox 1864 2253 3402 2339">
    <p class='ocr_par' dir='ltr' id='par_1_41' title="bbox 1866 2253 3402 2324">
     <span class='ocr_line' id='line_1_41' title="bbox 1866 2253 3402 2324; baseline -0.007 -7"><span class='ocrx_word' id='word_1_332' title='bbox 1866 2278 2024 2317; x_wconf 90' lang='lat' dir='ltr'><strong>omen</strong></span> <span class='ocrx_word' id='word_1_333' title='bbox 2057 2276 2120 2315; x_wconf 91' lang='lat' dir='ltr'><strong>ac</strong></span> <span class='ocrx_word' id='word_1_334' title='bbox 2146 2259 2486 2314; x_wconf 83' lang='lat' dir='ltr'><strong>formidabile</strong></span> <span class='ocrx_word' id='word_1_335' title='bbox 2507 2267 2612 2324; x_wconf 85' lang='lat' dir='ltr'><strong>est,</strong></span> <span class='ocrx_word' id='word_1_336' title='bbox 2643 2267 2697 2313; x_wconf 92' lang='lat' dir='ltr'><strong>et</strong></span> <span class='ocrx_word' id='word_1_337' title='bbox 2725 2258 2968 2312; x_wconf 90' lang='lat' dir='ltr'><strong>abundat</strong></span> <span class='ocrx_word' id='word_1_338' title='bbox 2997 2253 3402 2320; x_wconf 75' lang='lat' dir='ltr'><strong>sanationibus,</strong></span> 
     </span>
    </p>
   </div>
   <div class='ocr_carea' id='block_1_42' title="bbox 170 2344 1747 2428">
    <p class='ocr_par' dir='ltr' id='par_1_42' title="bbox 170 2345 1720 2428">
     <span class='ocr_line' id='line_1_42' title="bbox 170 2345 1720 2428; baseline 0.01 -32"><span class='ocrx_word' id='word_1_339' title='bbox 170 2346 335 2417; x_wconf 75' lang='grc' dir='ltr'>οὐγὰρ</span> <span class='ocrx_word' id='word_1_340' title='bbox 383 2345 530 2414; x_wconf 84' lang='grc' dir='ltr'>εἷπε,</span> <span class='ocrx_word' id='word_1_341' title='bbox 565 2351 664 2403; x_wconf 82' lang='grc' dir='ltr'><strong>Διὰ</strong></span> <span class='ocrx_word' id='word_1_342' title='bbox 683 2352 777 2406; x_wconf 79' lang='grc' dir='ltr'><strong>τοῦ</strong></span> <span class='ocrx_word' id='word_1_343' title='bbox 803 2354 1087 2424; x_wconf 78' lang='grc' dir='ltr'>ὀνόματος,</span> <span class='ocrx_word' id='word_1_344' title='bbox 1121 2356 1236 2413; x_wconf 85' lang='grc' dir='ltr'>ἀλλ’</span> <span class='ocrx_word' id='word_1_345' title='bbox 1264 2359 1322 2411; x_wconf 83' lang='grc' dir='ltr'><strong>ἐν</strong></span> <span class='ocrx_word' id='word_1_346' title='bbox 1350 2357 1426 2427; x_wconf 82' lang='grc' dir='ltr'>τῷ</span> <span class='ocrx_word' id='word_1_347' title='bbox 1455 2358 1680 2428; x_wconf 83' lang='grc' dir='ltr'>ὀνόματι</span> <span class='ocrx_word' id='word_1_348' title='bbox 1708 2375 1720 2386; x_wconf 71' lang='grc' dir='ltr'><strong>ο</strong></span> 
     </span>
    </p>
   </div>
   <div class='ocr_carea' id='block_1_43' title="bbox 1864 2344 3402 2428">
    <p class='ocr_par' dir='ltr' id='par_1_43' title="bbox 1864 2344 3402 2424">
     <span class='ocr_line' id='line_1_43' title="bbox 1864 2344 3402 2424; baseline -0.007 -15"><span class='ocrx_word' id='word_1_349' title='bbox 1864 2354 1923 2409; x_wconf 84' lang='lat' dir='ltr'><strong>ed</strong></span> <span class='ocrx_word' id='word_1_350' title='bbox 1955 2367 2094 2424; x_wconf 89' lang='lat' dir='ltr'><strong>opus</strong></span> <span class='ocrx_word' id='word_1_351' title='bbox 2123 2351 2287 2406; x_wconf 84' lang='lat' dir='ltr'><strong>habet</strong></span> <span class='ocrx_word' id='word_1_352' title='bbox 2313 2358 2368 2406; x_wconf 92' lang='lat' dir='ltr'><strong>et</strong></span> <span class='ocrx_word' id='word_1_353' title='bbox 2405 2350 2627 2412; x_wconf 87' lang='lat' dir='ltr'><strong>animis,</strong></span> <span class='ocrx_word' id='word_1_354' title='bbox 2657 2350 2749 2419; x_wconf 91' lang='lat' dir='ltr'><strong>qui</strong></span> <span class='ocrx_word' id='word_1_355' title='bbox 2790 2349 3002 2420; x_wconf 89' lang='lat' dir='ltr'><strong>possint</strong></span> <span class='ocrx_word' id='word_1_356' title='bbox 3031 2362 3095 2400; x_wconf 92' lang='lat' dir='ltr'><strong>eo</strong></span> <span class='ocrx_word' id='word_1_357' title='bbox 3127 2344 3402 2400; x_wconf 82' lang='lat' dir='ltr'><strong>beneﬁcio</strong></span> 
     </span>
    </p>
   </div>
   <div class='ocr_carea' id='block_1_44' title="bbox 168 2437 1747 2514">
    <p class='ocr_par' dir='ltr' id='par_1_44' title="bbox 168 2437 1722 2514">
     <span class='ocr_line' id='line_1_44' title="bbox 168 2437 1722 2514; baseline 0.01 -27"><span class='ocrx_word' id='word_1_358' title='bbox 168 2437 428 2493; x_wconf 78' lang='grc' dir='ltr'>ἁλλόὔπω</span> <span class='ocrx_word' id='word_1_359' title='bbox 473 2442 744 2514; x_wconf 71' lang='grc' dir='ltr'>ἐθάρρουν</span> <span class='ocrx_word' id='word_1_360' title='bbox 778 2447 988 2500; x_wconf 75' lang='grc' dir='ltr'>εἰπεῖν·</span> <span class='ocrx_word' id='word_1_361' title='bbox 1035 2449 1103 2501; x_wconf 84' lang='grc' dir='ltr'><strong>Ἦ</strong></span> <span class='ocrx_word' id='word_1_362' title='bbox 1152 2450 1231 2511; x_wconf 78' lang='grc' dir='ltr'><strong>είς</strong></span> <span class='ocrx_word' id='word_1_363' title='bbox 1289 2449 1449 2502; x_wconf 81' lang='grc' dir='ltr'>αὐτὸν</span> <span class='ocrx_word' id='word_1_364' title='bbox 1503 2450 1722 2512; x_wconf 80' lang='grc' dir='ltr'>πίστις’</span> 
     </span>
    </p>
   </div>
   <div class='ocr_carea' id='block_1_45' title="bbox 1864 2437 3399 2514">
    <p class='ocr_par' dir='ltr' id='par_1_45' title="bbox 1867 2437 3399 2513">
     <span class='ocr_line' id='line_1_45' title="bbox 1867 2437 3399 2513; baseline -0.007 -16"><span class='ocrx_word' id='word_1_365' title='bbox 1867 2444 1978 2513; x_wconf 82' lang='lat' dir='ltr'><strong>igni</strong></span> <span class='ocrx_word' id='word_1_366' title='bbox 2003 2443 2243 2507; x_wconf 88' lang='lat' dir='ltr'><strong>censeri,</strong></span> <span class='ocrx_word' id='word_1_367' title='bbox 2271 2449 2326 2497; x_wconf 93' lang='lat' dir='ltr'><strong>et</strong></span> <span class='ocrx_word' id='word_1_368' title='bbox 2359 2441 2807 2510; x_wconf 80' lang='lat' dir='ltr'><strong>deprecatoribus</strong></span> <span class='ocrx_word' id='word_1_369' title='bbox 2833 2438 3042 2493; x_wconf 86' lang='lat' dir='ltr'><strong>idoneis</strong></span> <span class='ocrx_word' id='word_1_370' title='bbox 3072 2437 3138 2491; x_wconf 91' lang='lat' dir='ltr'><strong>ad</strong></span> <span class='ocrx_word' id='word_1_371' title='bbox 3164 2449 3399 2492; x_wconf 79' lang='lat' dir='ltr'><strong>exoran-</strong></span> 
     </span>
    </p>
   </div>
   <div class='ocr_carea' id='block_1_46' title="bbox 173 2527 1747 2616">
    <p class='ocr_par' dir='ltr' id='par_1_46' title="bbox 173 2529 1727 2616">
     <span class='ocr_line' id='line_1_46' title="bbox 173 2529 1727 2616; baseline 0.01 -35"><span class='ocrx_word' id='word_1_372' title='bbox 173 2529 244 2581; x_wconf 81' lang='grc' dir='ltr'>’ίνα</span> <span class='ocrx_word' id='word_1_373' title='bbox 291 2531 342 2584; x_wconf 83' lang='grc' dir='ltr'>δὲ</span> <span class='ocrx_word' id='word_1_374' title='bbox 400 2534 477 2604; x_wconf 80' lang='grc' dir='ltr'><strong>μὴ</strong></span> <span class='ocrx_word' id='word_1_375' title='bbox 503 2536 584 2601; x_wconf 74' lang='grc' dir='ltr'><strong>τὸ,</strong></span> <span class='ocrx_word' id='word_1_376' title='bbox 609 2537 678 2589; x_wconf 82' lang='grc' dir='ltr'>δι’</span> <span class='ocrx_word' id='word_1_377' title='bbox 707 2538 896 2603; x_wconf 79' lang='grc' dir='ltr'>αὑτοῦ,</span> <span class='ocrx_word' id='word_1_378' title='bbox 925 2540 1208 2603; x_wconf 82' lang='grc' dir='ltr'>παντελῶς</span> <span class='ocrx_word' id='word_1_379' title='bbox 1318 2542 1594 2606; x_wconf 72' lang='grc' dir='ltr'>ταπεινὸν,</span> <span class='ocrx_word' id='word_1_380' title='bbox 1628 2545 1727 2595; x_wconf 78' lang='grc' dir='ltr'>ἐπ-</span> 
     </span>
    </p>
   </div>
   <div class='ocr_carea' id='block_1_47' title="bbox 1864 2527 3403 2616">
    <p class='ocr_par' dir='ltr' id='par_1_47' title="bbox 1868 2527 3403 2601">
     <span class='ocr_line' id='line_1_47' title="bbox 1868 2527 3403 2601; baseline -0.007 -11"><span class='ocrx_word' id='word_1_381' title='bbox 1868 2551 1958 2590; x_wconf 90' lang='lat' dir='ltr'><strong>um</strong></span> <span class='ocrx_word' id='word_1_382' title='bbox 1995 2535 2343 2589; x_wconf 88' lang='lat' dir='ltr'><strong>sanationum</strong></span> <span class='ocrx_word' id='word_1_383' title='bbox 2383 2531 2863 2601; x_wconf 84' lang='lat' dir='ltr'><strong>suppeditatorem.</strong></span> <span class='ocrx_word' id='word_1_384' title='bbox 2904 2529 3037 2582; x_wconf 88' lang='lat' dir='ltr'><strong>Nam</strong></span> <span class='ocrx_word' id='word_1_385' title='bbox 3070 2529 3117 2583; x_wconf 92' lang='lat' dir='ltr'><strong>si</strong></span> <span class='ocrx_word' id='word_1_386' title='bbox 3166 2527 3403 2581; x_wconf 80' lang='lat' dir='ltr'><strong>infidelis</strong></span> 
     </span>
    </p>
   </div>
   <div class='ocr_carea' id='block_1_48' title="bbox 173 2619 1747 2705">
    <p class='ocr_par' dir='ltr' id='par_1_48' title="bbox 173 2623 1727 2705">
     <span class='ocr_line' id='line_1_48' title="bbox 173 2623 1727 2705; baseline 0.01 -31"><span class='ocrx_word' id='word_1_387' title='bbox 173 2623 349 2692; x_wconf 74' lang='grc' dir='ltr'>ήγαγε·</span> <span class='ocrx_word' id='word_1_388' title='bbox 377 2627 472 2678; x_wconf 76' lang='grc' dir='ltr'><strong>καὶ</strong></span> <span class='ocrx_word' id='word_1_389' title='bbox 505 2630 564 2681; x_wconf 83' lang='grc' dir='ltr'><strong>τὸ</strong></span> <span class='ocrx_word' id='word_1_390' title='bbox 577 2629 755 2699; x_wconf 73' lang='grc' dir='ltr'>ὄνομα</span> <span class='ocrx_word' id='word_1_391' title='bbox 768 2631 932 2684; x_wconf 79' lang='grc' dir='ltr'>αὐτοῦ</span> <span class='ocrx_word' id='word_1_392' title='bbox 955 2634 1284 2702; x_wconf 80' lang='grc' dir='ltr'>ἐστερέωσεν</span> <span class='ocrx_word' id='word_1_393' title='bbox 1309 2634 1490 2688; x_wconf 78' lang='grc' dir='ltr'>αὐτόν.</span> <span class='ocrx_word' id='word_1_394' title='bbox 1509 2634 1727 2705; x_wconf 84' lang='grc' dir='ltr'>Ἐπειδὴ</span> 
     </span>
    </p>
   </div>
   <div class='ocr_carea' id='block_1_49' title="bbox 1864 2619 3405 2705">
    <p class='ocr_par' dir='ltr' id='par_1_49' title="bbox 1864 2619 3405 2691">
     <span class='ocr_line' id='line_1_49' title="bbox 1864 2619 3405 2691; baseline -0.005 -12"><span class='ocrx_word' id='word_1_395' title='bbox 1864 2639 2128 2682; x_wconf 68' lang='lat' dir='ltr'><strong>mansurus</strong></span> <span class='ocrx_word' id='word_1_396' title='bbox 2181 2624 2254 2678; x_wconf 89' lang='lat' dir='ltr'><strong>sit</strong></span> <span class='ocrx_word' id='word_1_397' title='bbox 2299 2622 2366 2684; x_wconf 90' lang='lat' dir='ltr'><strong>is,</strong></span> <span class='ocrx_word' id='word_1_398' title='bbox 2399 2622 2493 2691; x_wconf 90' lang='lat' dir='ltr'><strong>qui</strong></span> <span class='ocrx_word' id='word_1_399' title='bbox 2547 2621 2856 2676; x_wconf 87' lang='lat' dir='ltr'><strong>sanationis</strong></span> <span class='ocrx_word' id='word_1_400' title='bbox 2887 2620 3117 2689; x_wconf 80' lang='lat' dir='ltr'><strong>indiget,</strong></span> <span class='ocrx_word' id='word_1_401' title='bbox 3165 2633 3274 2672; x_wconf 93' lang='lat' dir='ltr'><strong>non</strong></span> <span class='ocrx_word' id='word_1_402' title='bbox 3329 2619 3405 2672; x_wconf 81' lang='lat' dir='ltr'><strong>ita</strong></span> 
     </span>
    </p>
   </div>
   <div class='ocr_carea' id='block_1_50' title="bbox 171 2708 1747 2794">
    <p class='ocr_par' dir='ltr' id='par_1_50' title="bbox 171 2714 1730 2794">
     <span class='ocr_line' id='line_1_50' title="bbox 171 2714 1730 2794; baseline 0.007 -28"><span class='ocrx_word' id='word_1_403' title='bbox 171 2714 218 2767; x_wconf 80' lang='grc' dir='ltr'>δὲ</span> <span class='ocrx_word' id='word_1_404' title='bbox 245 2717 514 2770; x_wconf 75' lang='grc' dir='ltr'>καὶτοῦτο</span> <span class='ocrx_word' id='word_1_405' title='bbox 560 2720 724 2774; x_wconf 88' lang='grc' dir='ltr'>πάλιν</span> <span class='ocrx_word' id='word_1_406' title='bbox 759 2721 963 2791; x_wconf 74' lang='grc' dir='ltr'>ὑψηλὸν</span> <span class='ocrx_word' id='word_1_407' title='bbox 1007 2724 1099 2775; x_wconf 82' lang='grc' dir='ltr'>καὶ</span> <span class='ocrx_word' id='word_1_408' title='bbox 1136 2723 1342 2777; x_wconf 83' lang='grc' dir='ltr'>τέλειον</span> <span class='ocrx_word' id='word_1_409' title='bbox 1393 2719 1482 2794; x_wconf 78' lang='grc' dir='ltr'><strong>ἦν.</strong></span> <span class='ocrx_word' id='word_1_410' title='bbox 1519 2723 1730 2794; x_wconf 67' lang='grc' dir='ltr'><strong>ὲκὺρωυ</strong></span> 
     </span>
    </p>
   </div>
   <div class='ocr_carea' id='block_1_51' title="bbox 1864 2708 3404 2794">
    <p class='ocr_par' dir='ltr' id='par_1_51' title="bbox 1865 2708 3404 2786">
     <span class='ocr_line' id='line_1_51' title="bbox 1865 2708 3404 2786; baseline -0.006 -18"><span class='ocrx_word' id='word_1_411' title='bbox 1865 2715 2159 2786; x_wconf 86' lang='lat' dir='ltr'><strong>impliciter</strong></span> <span class='ocrx_word' id='word_1_412' title='bbox 2188 2713 2405 2770; x_wconf 89' lang='lat' dir='ltr'><strong>sanatio</strong></span> <span class='ocrx_word' id='word_1_413' title='bbox 2432 2712 2692 2782; x_wconf 86' lang='lat' dir='ltr'><strong>procedet</strong></span> <span class='ocrx_word' id='word_1_414' title='bbox 2720 2729 2732 2765; x_wconf 91' lang='lat'>:</span> <span class='ocrx_word' id='word_1_415' title='bbox 2767 2715 3006 2780; x_wconf 82' lang='lat' dir='ltr'><strong>itemque</strong></span> <span class='ocrx_word' id='word_1_416' title='bbox 3037 2710 3083 2763; x_wconf 88' lang='lat' dir='ltr'><strong>si</strong></span> <span class='ocrx_word' id='word_1_417' title='bbox 3115 2709 3183 2762; x_wconf 83' lang='lat' dir='ltr'><strong>ab</strong></span> <span class='ocrx_word' id='word_1_418' title='bbox 3211 2708 3404 2762; x_wconf 86' lang='lat' dir='ltr'><strong>intide-</strong></span> 
     </span>
    </p>
   </div>
   <div class='ocr_carea' id='block_1_52' title="bbox 172 2799 1747 2883">
    <p class='ocr_par' dir='ltr' id='par_1_52' title="bbox 172 2809 1726 2883">
     <span class='ocr_line' id='line_1_52' title="bbox 172 2809 1726 2883; baseline 0.006 -25"><span class='ocrx_word' id='word_1_419' title='bbox 172 2822 249 2858; x_wconf 87' lang='grc' dir='ltr'><strong>σεν</strong></span> <span class='ocrx_word' id='word_1_420' title='bbox 301 2809 429 2861; x_wconf 72' lang='grc' dir='ltr'>αὐτὸ</span> <span class='ocrx_word' id='word_1_421' title='bbox 461 2810 756 2879; x_wconf 82' lang='grc' dir='ltr'>ἐπαγαγών</span> <span class='ocrx_word' id='word_1_422' title='bbox 781 2830 795 2844; x_wconf 78' lang='grc' dir='ltr'><strong><em>ο</em></strong></span> <span class='ocrx_word' id='word_1_423' title='bbox 828 2813 947 2867; x_wconf 77' lang='lat' dir='ltr'><strong>&#39;Kal</strong></span> <span class='ocrx_word' id='word_1_424' title='bbox 984 2815 1021 2882; x_wconf 78' lang='grc' dir='ltr'><strong><em>ἠ</em></strong></span> <span class='ocrx_word' id='word_1_425' title='bbox 1057 2815 1261 2878; x_wconf 78' lang='grc' dir='ltr'>πίστις</span> <span class='ocrx_word' id='word_1_426' title='bbox 1320 2815 1359 2883; x_wconf 75' lang='grc' dir='ltr'><strong><em>ἠ</em></strong></span> <span class='ocrx_word' id='word_1_427' title='bbox 1401 2815 1474 2868; x_wconf 87' lang='grc' dir='ltr'>δι’</span> <span class='ocrx_word' id='word_1_428' title='bbox 1518 2816 1726 2880; x_wconf 80' lang='grc' dir='ltr'>αὐτοῦ,</span> 
     </span>
    </p>
   </div>
   <div class='ocr_carea' id='block_1_53' title="bbox 1864 2799 3402 2883">
    <p class='ocr_par' dir='ltr' id='par_1_53' title="bbox 1864 2799 3402 2869">
     <span class='ocr_line' id='line_1_53' title="bbox 1864 2799 3402 2869; baseline -0.007 -7"><span class='ocrx_word' id='word_1_429' title='bbox 1864 2809 1976 2863; x_wconf 81' lang='lat' dir='ltr'><strong>ibus</strong></span> <span class='ocrx_word' id='word_1_430' title='bbox 2003 2823 2198 2862; x_wconf 88' lang='lat' dir='ltr'><strong>nomen</strong></span> <span class='ocrx_word' id='word_1_431' title='bbox 2233 2807 2541 2869; x_wconf 87' lang='lat' dir='ltr'><strong>invocetur,</strong></span> <span class='ocrx_word' id='word_1_432' title='bbox 2569 2819 2672 2859; x_wconf 84' lang='lat' dir='ltr'><strong>suo</strong></span> <span class='ocrx_word' id='word_1_433' title='bbox 2703 2817 2928 2857; x_wconf 90' lang='lat' dir='ltr'><strong>munere</strong></span> <span class='ocrx_word' id='word_1_434' title='bbox 2983 2815 3091 2856; x_wconf 91' lang='lat' dir='ltr'><strong>non</strong></span> <span class='ocrx_word' id='word_1_435' title='bbox 3125 2799 3402 2868; x_wconf 85' lang='lat' dir='ltr'><strong>fungetur.</strong></span> 
     </span>
    </p>
   </div>
   <div class='ocr_carea' id='block_1_54' title="bbox 168 2887 1747 2976">
    <p class='ocr_par' dir='ltr' id='par_1_54' title="bbox 168 2899 1730 2976">
     <span class='ocr_line' id='line_1_54' title="bbox 168 2899 1730 2976; baseline 0.006 -29"><span class='ocrx_word' id='word_1_436' title='bbox 168 2900 374 2950; x_wconf 82' lang='grc' dir='ltr'>ταπεινᾶ</span> <span class='ocrx_word' id='word_1_437' title='bbox 431 2899 657 2969; x_wconf 77' lang='grc' dir='ltr'>ὑψηλοῖς</span> <span class='ocrx_word' id='word_1_438' title='bbox 688 2903 995 2974; x_wconf 79' lang='grc' dir='ltr'>ἀναμιγνύς</span> <span class='ocrx_word' id='word_1_439' title='bbox 1022 2919 1036 2934; x_wconf 75' lang='grc' dir='ltr'><strong>ο</strong></span> <span class='ocrx_word' id='word_1_440' title='bbox 1064 2903 1132 2956; x_wconf 81' lang='grc' dir='ltr'>τὰ</span> <span class='ocrx_word' id='word_1_441' title='bbox 1164 2905 1261 2974; x_wconf 82' lang='grc' dir='ltr'><strong>μὲν</strong></span> <span class='ocrx_word' id='word_1_442' title='bbox 1284 2907 1350 2976; x_wconf 78' lang='grc' dir='ltr'><strong>τῇ</strong></span> <span class='ocrx_word' id='word_1_443' title='bbox 1382 2905 1544 2972; x_wconf 83' lang='grc' dir='ltr'>φύσει</span> <span class='ocrx_word' id='word_1_444' title='bbox 1575 2905 1619 2936; x_wconf 72' lang='grc'>⁸³</span> <span class='ocrx_word' id='word_1_445' title='bbox 1641 2905 1730 2957; x_wconf 85' lang='grc' dir='ltr'>νέ-</span> 
     </span>
    </p>
   </div>
   <div class='ocr_carea' id='block_1_55' title="bbox 1864 2887 3419 2976">
    <p class='ocr_par' dir='ltr' id='par_1_55' title="bbox 1864 2887 3419 2958">
     <span class='ocr_line' id='line_1_55' title="bbox 1864 2887 3419 2958; baseline -0.005 -8"><span class='ocrx_word' id='word_1_446' title='bbox 1864 2899 2122 2952; x_wconf 74' lang='lat' dir='ltr'><strong>lnimvero</strong></span> <span class='ocrx_word' id='word_1_447' title='bbox 2153 2896 2246 2950; x_wconf 87' lang='lat' dir='ltr'><strong>ﬁlii</strong></span> <span class='ocrx_word' id='word_1_448' title='bbox 2299 2895 2485 2950; x_wconf 80' lang='lat' dir='ltr'><strong>Scevae</strong></span> <span class='ocrx_word' id='word_1_449' title='bbox 2520 2909 2627 2948; x_wconf 92' lang='lat' dir='ltr'><strong>non</strong></span> <span class='ocrx_word' id='word_1_450' title='bbox 2670 2895 2830 2946; x_wconf 86' lang='lat' dir='ltr'><strong>modo</strong></span> <span class='ocrx_word' id='word_1_451' title='bbox 2878 2891 3000 2946; x_wconf 92' lang='lat' dir='ltr'><strong>aliis</strong></span> <span class='ocrx_word' id='word_1_452' title='bbox 3037 2906 3145 2943; x_wconf 92' lang='lat' dir='ltr'><strong>non</strong></span> <span class='ocrx_word' id='word_1_453' title='bbox 3190 2887 3419 2958; x_wconf 50' lang='lat' dir='ltr'><strong>profucs</strong></span> 
     </span>
    </p>
   </div>
   <div class='ocr_carea' id='block_1_56' title="bbox 174 2981 1747 3065">
    <p class='ocr_par' dir='ltr' id='par_1_56' title="bbox 174 2988 1727 3065">
     <span class='ocr_line' id='line_1_56' title="bbox 174 2988 1727 3065; baseline 0.005 -27"><span class='ocrx_word' id='word_1_454' title='bbox 174 3003 272 3053; x_wconf 81' lang='grc' dir='ltr'><strong>μων</strong></span> <span class='ocrx_word' id='word_1_455' title='bbox 305 2988 397 3040; x_wconf 75' lang='grc' dir='ltr'>τοῦ</span> <span class='ocrx_word' id='word_1_456' title='bbox 436 2993 782 3060; x_wconf 71' lang='grc' dir='ltr'>πράγματος,</span> <span class='ocrx_word' id='word_1_457' title='bbox 823 2992 890 3046; x_wconf 82' lang='grc' dir='ltr'>τὰ</span> <span class='ocrx_word' id='word_1_458' title='bbox 935 2993 992 3046; x_wconf 78' lang='grc' dir='ltr'><strong>δὲ</strong></span> <span class='ocrx_word' id='word_1_459' title='bbox 1018 2997 1083 3065; x_wconf 79' lang='grc' dir='ltr'>τῇ</span> <span class='ocrx_word' id='word_1_460' title='bbox 1110 2993 1349 3048; x_wconf 82' lang='grc' dir='ltr'>διαθέσει</span> <span class='ocrx_word' id='word_1_461' title='bbox 1381 2995 1475 3048; x_wconf 82' lang='grc' dir='ltr'>καὶ</span> <span class='ocrx_word' id='word_1_462' title='bbox 1527 2997 1594 3064; x_wconf 80' lang='grc' dir='ltr'>τῇ</span> <span class='ocrx_word' id='word_1_463' title='bbox 1637 2995 1727 3046; x_wconf 86' lang='grc' dir='ltr'>δυ-</span> 
     </span>
    </p>
   </div>
   <div class='ocr_carea' id='block_1_57' title="bbox 1864 2981 3407 3065">
    <p class='ocr_par' dir='ltr' id='par_1_57' title="bbox 1868 2981 3407 3056">
     <span class='ocr_line' id='line_1_57' title="bbox 1868 2981 3407 3056; baseline -0.007 -13"><span class='ocrx_word' id='word_1_464' title='bbox 1868 2998 1984 3056; x_wconf 88' lang='lat' dir='ltr'><strong>unt,</strong></span> <span class='ocrx_word' id='word_1_465' title='bbox 2031 3004 2216 3044; x_wconf 89' lang='lat' dir='ltr'><strong>verum</strong></span> <span class='ocrx_word' id='word_1_466' title='bbox 2268 2989 2433 3042; x_wconf 88' lang='lat' dir='ltr'><strong>etiam</strong></span> <span class='ocrx_word' id='word_1_467' title='bbox 2468 2986 2574 3041; x_wconf 88' lang='lat' dir='ltr'><strong>sibi</strong></span> <span class='ocrx_word' id='word_1_468' title='bbox 2609 2985 2744 3056; x_wconf 89' lang='lat' dir='ltr'><strong>ipsis</strong></span> <span class='ocrx_word' id='word_1_469' title='bbox 2786 2991 3111 3038; x_wconf 88' lang='lat' dir='ltr'><strong>nocuerunt.</strong></span> <span class='ocrx_word' id='word_1_470' title='bbox 3151 2981 3243 3036; x_wconf 91' lang='lat' dir='ltr'><strong>Sic</strong></span> <span class='ocrx_word' id='word_1_471' title='bbox 3281 2981 3407 3049; x_wconf 89' lang='lat' dir='ltr'><strong>qui-</strong></span> 
     </span>
    </p>
   </div>
   <div class='ocr_carea' id='block_1_58' title="bbox 174 3049 1747 3156">
    <p class='ocr_par' dir='ltr' id='par_1_58' title="bbox 174 3049 1725 3156">
     <span class='ocr_line' id='line_1_58' title="bbox 174 3049 1725 3156; baseline 0.008 -29"><span class='ocrx_word' id='word_1_472' title='bbox 174 3049 311 3143; x_wconf 68' lang='grc' dir='ltr'>νάμει</span> <span class='ocrx_word' id='word_1_473' title='bbox 336 3081 447 3132; x_wconf 74' lang='grc' dir='ltr'>τῶν</span> <span class='ocrx_word' id='word_1_474' title='bbox 480 3049 802 3150; x_wconf 32' lang='grc' dir='ltr'>’ἀκροατιέί</span> <span class='ocrx_word' id='word_1_475' title='bbox 830 3049 1100 3137; x_wconf 61' lang='grc' dir='ltr'>Ταπεινδν</span> <span class='ocrx_word' id='word_1_476' title='bbox 1125 3085 1223 3152; x_wconf 80' lang='grc' dir='ltr'><strong>μὲν</strong></span> <span class='ocrx_word' id='word_1_477' title='bbox 1264 3084 1372 3155; x_wconf 85' lang='grc' dir='ltr'>γὰρ</span> <span class='ocrx_word' id='word_1_478' title='bbox 1397 3085 1478 3149; x_wconf 84' lang='grc' dir='ltr'><strong>τὸ,</strong></span> <span class='ocrx_word' id='word_1_479' title='bbox 1528 3049 1622 3138; x_wconf 65' lang='grc' dir='ltr'><strong>έὲἑι</strong></span> <span class='ocrx_word' id='word_1_480' title='bbox 1658 3088 1725 3156; x_wconf 76' lang='grc' dir='ltr'>τῇ</span> 
     </span>
    </p>
   </div>
   <div class='ocr_carea' id='block_1_59' title="bbox 1864 3049 3421 3156">
    <p class='ocr_par' dir='ltr' id='par_1_59' title="bbox 1869 3071 3421 3146">
     <span class='ocr_line' id='line_1_59' title="bbox 1869 3071 3421 3146; baseline -0.008 -10"><span class='ocrx_word' id='word_1_481' title='bbox 1869 3096 1952 3136; x_wconf 86' lang='lat' dir='ltr'><strong>em</strong></span> <span class='ocrx_word' id='word_1_482' title='bbox 1992 3095 2138 3134; x_wconf 90' lang='lat' dir='ltr'><strong>nos:</strong></span> <span class='ocrx_word' id='word_1_483' title='bbox 2184 3079 2275 3133; x_wconf 89' lang='lat' dir='ltr'><strong>alii</strong></span> <span class='ocrx_word' id='word_1_484' title='bbox 2326 3093 2453 3132; x_wconf 90' lang='lat' dir='ltr'><strong>vero</strong></span> <span class='ocrx_word' id='word_1_485' title='bbox 2489 3078 2567 3132; x_wconf 91' lang='lat' dir='ltr'><strong>sic</strong></span> <span class='ocrx_word' id='word_1_486' title='bbox 2620 3084 3015 3146; x_wconf 69' lang='lat' dir='ltr'><strong>eXposuerunt.</strong></span> <span class='ocrx_word' id='word_1_487' title='bbox 3071 3072 3235 3142; x_wconf 88' lang='lat' dir='ltr'><strong>Atqui</strong></span> <span class='ocrx_word' id='word_1_488' title='bbox 3277 3071 3421 3140; x_wconf 26' lang='lat' dir='ltr'><strong>ﬁdes,</strong></span> 
     </span>
    </p>
   </div>
   <div class='ocr_carea' id='block_1_60' title="bbox 176 3164 1747 3242">
    <p class='ocr_par' dir='ltr' id='par_1_60' title="bbox 176 3167 1731 3242">
     <span class='ocr_line' id='line_1_60' title="bbox 176 3167 1731 3242; baseline 0.01 -24"><span class='ocrx_word' id='word_1_489' title='bbox 176 3167 328 3222; x_wconf 78' lang='grc' dir='ltr'>πίστει</span> <span class='ocrx_word' id='word_1_490' title='bbox 347 3171 445 3223; x_wconf 78' lang='grc' dir='ltr'>τοῦ</span> <span class='ocrx_word' id='word_1_491' title='bbox 477 3171 742 3242; x_wconf 79' lang='grc' dir='ltr'>ὀνόματος</span> <span class='ocrx_word' id='word_1_492' title='bbox 776 3174 943 3228; x_wconf 78' lang='grc' dir='ltr'>αὑτοῦ</span> <span class='ocrx_word' id='word_1_493' title='bbox 967 3191 982 3204; x_wconf 89' lang='grc'><strong>·</strong></span> <span class='ocrx_word' id='word_1_494' title='bbox 1019 3177 1114 3230; x_wconf 82' lang='grc' dir='ltr'><strong>καὶ</strong></span> <span class='ocrx_word' id='word_1_495' title='bbox 1143 3175 1224 3239; x_wconf 77' lang='grc' dir='ltr'><strong>τὸ,</strong></span> <span class='ocrx_word' id='word_1_496' title='bbox 1265 3175 1304 3240; x_wconf 73' lang='grc' dir='ltr'>ἢ</span> <span class='ocrx_word' id='word_1_497' title='bbox 1347 3176 1554 3241; x_wconf 84' lang='grc' dir='ltr'>πίστις</span> <span class='ocrx_word' id='word_1_498' title='bbox 1583 3177 1620 3242; x_wconf 72' lang='grc' dir='ltr'>ἡ</span> <span class='ocrx_word' id='word_1_499' title='bbox 1656 3175 1731 3228; x_wconf 83' lang='grc' dir='ltr'>δι’</span> 
     </span>
    </p>
   </div>
   <div class='ocr_carea' id='block_1_61' title="bbox 1864 3164 3409 3242">
    <p class='ocr_par' dir='ltr' id='par_1_61' title="bbox 1864 3164 3409 3241">
     <span class='ocr_line' id='line_1_61' title="bbox 1864 3164 3409 3241; baseline -0.006 -15"><span class='ocrx_word' id='word_1_500' title='bbox 1864 3172 2022 3228; x_wconf 86' lang='lat' dir='ltr'><strong>adem</strong></span> <span class='ocrx_word' id='word_1_501' title='bbox 2053 3179 2158 3236; x_wconf 85' lang='lat' dir='ltr'><strong>est,</strong></span> <span class='ocrx_word' id='word_1_502' title='bbox 2196 3186 2322 3241; x_wconf 81' lang='lat' dir='ltr'><strong>quae</strong></span> <span class='ocrx_word' id='word_1_503' title='bbox 2347 3171 2449 3226; x_wconf 85' lang='lat' dir='ltr'><strong>hoc</strong></span> <span class='ocrx_word' id='word_1_504' title='bbox 2477 3168 2674 3226; x_wconf 72' lang='lat' dir='ltr'><strong>effecit.</strong></span> <span class='ocrx_word' id='word_1_505' title='bbox 2705 3166 2823 3224; x_wconf 80' lang='lat' dir='ltr'><strong>Non</strong></span> <span class='ocrx_word' id='word_1_506' title='bbox 2856 3169 3001 3223; x_wconf 89' lang='lat' dir='ltr'><strong>enim</strong></span> <span class='ocrx_word' id='word_1_507' title='bbox 3025 3166 3276 3222; x_wconf 80' lang='lat' dir='ltr'><strong>dixerat:</strong></span> <span class='ocrx_word' id='word_1_508' title='bbox 3308 3164 3409 3217; x_wconf 80' lang='lat' dir='ltr'><strong>Per</strong></span> 
     </span>
    </p>
   </div>
   <div class='ocr_carea' id='block_1_62' title="bbox 173 3257 1747 3334">
    <p class='ocr_par' dir='ltr' id='par_1_62' title="bbox 173 3262 1729 3334">
     <span class='ocr_line' id='line_1_62' title="bbox 173 3262 1729 3334; baseline 0.004 -21"><span class='ocrx_word' id='word_1_509' title='bbox 173 3262 371 3316; x_wconf 84' lang='grc' dir='ltr'>αὑτοῦ·</span> <span class='ocrx_word' id='word_1_510' title='bbox 449 3264 655 3334; x_wconf 76' lang='grc' dir='ltr'>ὑψηλὸν</span> <span class='ocrx_word' id='word_1_511' title='bbox 718 3266 774 3318; x_wconf 85' lang='grc' dir='ltr'><strong>δὲ</strong></span> <span class='ocrx_word' id='word_1_512' title='bbox 827 3268 921 3320; x_wconf 75' lang='grc' dir='ltr'>καὶ</span> <span class='ocrx_word' id='word_1_513' title='bbox 984 3267 1190 3319; x_wconf 89' lang='grc' dir='ltr'>τέλειον</span> <span class='ocrx_word' id='word_1_514' title='bbox 1255 3265 1316 3318; x_wconf 80' lang='grc' dir='ltr'><strong>τὸ</strong></span> <span class='ocrx_word' id='word_1_515' title='bbox 1370 3268 1545 3318; x_wconf 76' lang='grc' dir='ltr'>εἰπεῖν</span> <span class='ocrx_word' id='word_1_516' title='bbox 1576 3281 1590 3295; x_wconf 75' lang='grc' dir='ltr'><strong><em>ο</em></strong></span> <span class='ocrx_word' id='word_1_517' title='bbox 1655 3266 1729 3319; x_wconf 84' lang='grc' dir='ltr'><strong>Τὸ</strong></span> 
     </span>
    </p>
   </div>
   <div class='ocr_carea' id='block_1_63' title="bbox 1864 3257 3411 3334">
    <p class='ocr_par' dir='ltr' id='par_1_63' title="bbox 1870 3257 3411 3330">
     <span class='ocr_line' id='line_1_63' title="bbox 1870 3257 3411 3330; baseline -0.006 -10"><span class='ocrx_word' id='word_1_518' title='bbox 1870 3279 2029 3320; x_wconf 90' lang='lat' dir='ltr'><strong>omen</strong></span> <span class='ocrx_word' id='word_1_519' title='bbox 2066 3283 2078 3317; x_wconf 90' lang='lat'>:</span> <span class='ocrx_word' id='word_1_520' title='bbox 2110 3265 2228 3330; x_wconf 89' lang='lat' dir='ltr'><strong>sed,</strong></span> <span class='ocrx_word' id='word_1_521' title='bbox 2272 3265 2327 3318; x_wconf 89' lang='lat' dir='ltr'><strong>in</strong></span> <span class='ocrx_word' id='word_1_522' title='bbox 2374 3262 2616 3318; x_wconf 90' lang='lat' dir='ltr'><strong>nomine.</strong></span> <span class='ocrx_word' id='word_1_523' title='bbox 2672 3261 2778 3316; x_wconf 92' lang='lat' dir='ltr'><strong>Sed</strong></span> <span class='ocrx_word' id='word_1_524' title='bbox 2823 3260 3066 3317; x_wconf 90' lang='lat' dir='ltr'><strong>nondum</strong></span> <span class='ocrx_word' id='word_1_525' title='bbox 3133 3257 3411 3312; x_wconf 79' lang='lat' dir='ltr'><strong>audebant</strong></span> 
     </span>
    </p>
   </div>
   <div class='ocr_carea' id='block_1_64' title="bbox 175 3346 1747 3429">
    <p class='ocr_par' dir='ltr' id='par_1_64' title="bbox 175 3351 1728 3429">
     <span class='ocr_line' id='line_1_64' title="bbox 175 3351 1728 3429; baseline 0.012 -27"><span class='ocrx_word' id='word_1_526' title='bbox 175 3351 320 3422; x_wconf 77' lang='grc' dir='ltr'>ὄνομα</span> <span class='ocrx_word' id='word_1_527' title='bbox 351 3355 518 3408; x_wconf 78' lang='grc' dir='ltr'>αὐτοῦ</span> <span class='ocrx_word' id='word_1_528' title='bbox 555 3357 888 3426; x_wconf 75' lang='grc' dir='ltr'>ἐστερέωσεν</span> <span class='ocrx_word' id='word_1_529' title='bbox 927 3359 1088 3411; x_wconf 76' lang='grc' dir='ltr'>αὐτόν</span> <span class='ocrx_word' id='word_1_530' title='bbox 1113 3375 1126 3388; x_wconf 76' lang='grc' dir='ltr'><strong><em>ο</em></strong></span> <span class='ocrx_word' id='word_1_531' title='bbox 1167 3359 1303 3426; x_wconf 80' lang='grc' dir='ltr'>ὅπερ</span> <span class='ocrx_word' id='word_1_532' title='bbox 1333 3357 1537 3426; x_wconf 76' lang='grc' dir='ltr'>γυμνὸν</span> <span class='ocrx_word' id='word_1_533' title='bbox 1564 3356 1728 3429; x_wconf 73' lang='grc' dir='ltr'>ῥηθὲν</span> 
     </span>
    </p>
   </div>
   <div class='ocr_carea' id='block_1_65' title="bbox 1864 3346 3408 3429">
    <p class='ocr_par' dir='ltr' id='par_1_65' title="bbox 1871 3346 3408 3411">
     <span class='ocr_line' id='line_1_65' title="bbox 1871 3346 3408 3411; baseline -0.006 -1"><span class='ocrx_word' id='word_1_534' title='bbox 1871 3357 2014 3411; x_wconf 87' lang='lat' dir='ltr'><strong>icere</strong></span> <span class='ocrx_word' id='word_1_535' title='bbox 2045 3355 2244 3410; x_wconf 83' lang='lat' dir='ltr'><strong>:Fides</strong></span> <span class='ocrx_word' id='word_1_536' title='bbox 2280 3370 2374 3409; x_wconf 90' lang='lat' dir='ltr'><strong>seu</strong></span> <span class='ocrx_word' id='word_1_537' title='bbox 2415 3354 2614 3409; x_wconf 88' lang='lat' dir='ltr'><strong>ﬁducia</strong></span> <span class='ocrx_word' id='word_1_538' title='bbox 2651 3354 2704 3408; x_wconf 90' lang='lat' dir='ltr'><strong>in</strong></span> <span class='ocrx_word' id='word_1_539' title='bbox 2745 3353 2918 3406; x_wconf 89' lang='lat' dir='ltr'><strong>illum.</strong></span> <span class='ocrx_word' id='word_1_540' title='bbox 2951 3350 3030 3405; x_wconf 86' lang='lat' dir='ltr'><strong>Ne</strong></span> <span class='ocrx_word' id='word_1_541' title='bbox 3063 3360 3242 3404; x_wconf 90' lang='lat' dir='ltr'><strong>autem</strong></span> <span class='ocrx_word' id='word_1_542' title='bbox 3275 3346 3408 3402; x_wconf 83' lang='lat' dir='ltr'><strong>illud</strong></span> 
     </span>
    </p>
   </div>
   <div class='ocr_carea' id='block_1_66' title="bbox 178 3440 1747 3516">
    <p class='ocr_par' dir='ltr' id='par_1_66' title="bbox 178 3445 1728 3514">
     <span class='ocr_line' id='line_1_66' title="bbox 178 3445 1728 3514; baseline 0.004 -20"><span class='ocrx_word' id='word_1_543' title='bbox 178 3445 448 3514; x_wconf 76' lang='grc' dir='ltr'>ἑτράχυνεν</span> <span class='ocrx_word' id='word_1_544' title='bbox 484 3447 550 3500; x_wconf 81' lang='grc' dir='ltr'>ἂν</span> <span class='ocrx_word' id='word_1_545' title='bbox 572 3448 698 3509; x_wconf 71' lang='grc' dir='ltr'>τοὺς</span> <span class='ocrx_word' id='word_1_546' title='bbox 742 3447 1023 3510; x_wconf 78' lang='grc' dir='ltr'>Ἰουδαίους</span> <span class='ocrx_word' id='word_1_547' title='bbox 1049 3465 1064 3480; x_wconf 80' lang='grc' dir='ltr'><strong>ο</strong></span> <span class='ocrx_word' id='word_1_548' title='bbox 1112 3451 1222 3510; x_wconf 82' lang='grc' dir='ltr'>τοῖς</span> <span class='ocrx_word' id='word_1_549' title='bbox 1255 3447 1311 3500; x_wconf 85' lang='grc' dir='ltr'>δὲ</span> <span class='ocrx_word' id='word_1_550' title='bbox 1361 3448 1542 3512; x_wconf 79' lang='grc' dir='ltr'>ἄλλοις</span> <span class='ocrx_word' id='word_1_551' title='bbox 1600 3464 1728 3500; x_wconf 88' lang='grc' dir='ltr'>συν-</span> 
     </span>
    </p>
   </div>
   <div class='ocr_carea' id='block_1_67' title="bbox 1864 3440 3411 3516">
    <p class='ocr_par' dir='ltr' id='par_1_67' title="bbox 1864 3440 3411 3516">
     <span class='ocr_line' id='line_1_67' title="bbox 1864 3440 3411 3516; baseline -0.006 -15"><span class='ocrx_word' id='word_1_552' title='bbox 1864 3448 2039 3502; x_wconf 79' lang='lat' dir='ltr'><strong>ictum</strong></span> <span class='ocrx_word' id='word_1_553' title='bbox 2085 3465 2098 3501; x_wconf 89' lang='lat'><strong>:</strong></span> <span class='ocrx_word' id='word_1_554' title='bbox 2128 3462 2248 3516; x_wconf 66' lang='lat' dir='ltr'><strong>quae</strong></span> <span class='ocrx_word' id='word_1_555' title='bbox 2278 3462 2374 3516; x_wconf 90' lang='lat' dir='ltr'><strong>per</strong></span> <span class='ocrx_word' id='word_1_556' title='bbox 2405 3447 2555 3500; x_wconf 91' lang='lat' dir='ltr'><strong>illum</strong></span> <span class='ocrx_word' id='word_1_557' title='bbox 2589 3444 2884 3515; x_wconf 71' lang='lat' dir='ltr'><strong>praedicata</strong></span> <span class='ocrx_word' id='word_1_558' title='bbox 2910 3449 3014 3510; x_wconf 91' lang='lat' dir='ltr'><strong>est,</strong></span> <span class='ocrx_word' id='word_1_559' title='bbox 3050 3455 3275 3510; x_wconf 87' lang='lat' dir='ltr'><strong>prorsus</strong></span> <span class='ocrx_word' id='word_1_560' title='bbox 3306 3440 3411 3493; x_wconf 81' lang='lat' dir='ltr'><strong>liu-</strong></span> 
     </span>
    </p>
   </div>
   <div class='ocr_carea' id='block_1_68' title="bbox 177 3530 1747 3611">
    <p class='ocr_par' dir='ltr' id='par_1_68' title="bbox 177 3538 1514 3611">
     <span class='ocr_line' id='line_1_68' title="bbox 177 3538 1514 3611; baseline 0.006 -25"><span class='ocrx_word' id='word_1_561' title='bbox 177 3538 315 3603; x_wconf 78' lang='grc' dir='ltr'>ταγὲν</span> <span class='ocrx_word' id='word_1_562' title='bbox 347 3541 443 3590; x_wconf 76' lang='grc' dir='ltr'><strong>καὶ</strong></span> <span class='ocrx_word' id='word_1_563' title='bbox 471 3539 781 3609; x_wconf 78' lang='grc' dir='ltr'>παρατεθὲν</span> <span class='ocrx_word' id='word_1_564' title='bbox 813 3541 1224 3609; x_wconf 81' lang='grc' dir='ltr'>εὐπαράδεκτον</span> <span class='ocrx_word' id='word_1_565' title='bbox 1255 3540 1514 3611; x_wconf 83' lang='grc' dir='ltr'>κατέστη.</span> 
     </span>
    </p>
   </div>
   <div class='ocr_carea' id='block_1_69' title="bbox 1864 3530 3412 3611">
    <p class='ocr_par' dir='ltr' id='par_1_69' title="bbox 1864 3530 3412 3606">
     <span class='ocr_line' id='line_1_69' title="bbox 1864 3530 3412 3606; baseline -0.005 -15"><span class='ocrx_word' id='word_1_566' title='bbox 1864 3539 1958 3594; x_wconf 62' lang='lat' dir='ltr'><strong>mile</strong></span> <span class='ocrx_word' id='word_1_567' title='bbox 1988 3545 2156 3603; x_wconf 89' lang='lat' dir='ltr'><strong>esset,</strong></span> <span class='ocrx_word' id='word_1_568' title='bbox 2215 3537 2497 3606; x_wconf 81' lang='lat' dir='ltr'><strong>subjunxit</strong></span> <span class='ocrx_word' id='word_1_569' title='bbox 2529 3557 2545 3591; x_wconf 67' lang='grc' dir='ltr'><strong>ι</strong></span> <span class='ocrx_word' id='word_1_570' title='bbox 2578 3536 2642 3591; x_wconf 88' lang='lat' dir='ltr'><strong>Et</strong></span> <span class='ocrx_word' id='word_1_571' title='bbox 2665 3550 2862 3590; x_wconf 91' lang='lat' dir='ltr'><strong>nomen</strong></span> <span class='ocrx_word' id='word_1_572' title='bbox 2896 3534 3044 3589; x_wconf 90' lang='lat' dir='ltr'><strong>illius</strong></span> <span class='ocrx_word' id='word_1_573' title='bbox 3067 3530 3412 3588; x_wconf 88' lang='lat' dir='ltr'><strong>conﬁrmavit</strong></span> 
     </span>
    </p>
   </div>
   <div class='ocr_carea' id='block_1_70' title="bbox 177 3623 3410 3704">
    <p class='ocr_par' dir='ltr' id='par_1_70' title="bbox 177 3623 3410 3704">
     <span class='ocr_line' id='line_1_70' title="bbox 177 3623 3410 3704; baseline -0.001 -25"><span class='ocrx_word' id='word_1_574' title='bbox 177 3644 302 3680; x_wconf 81' lang='lat' dir='ltr'><strong>cum.</strong></span> <span class='ocrx_word' id='word_1_575' title='bbox 339 3629 442 3683; x_wconf 75' lang='lat' dir='ltr'><strong>Sed</strong></span> <span class='ocrx_word' id='word_1_576' title='bbox 503 3633 759 3699; x_wconf 81' lang='lat' dir='ltr'><strong>quoniam</strong></span> <span class='ocrx_word' id='word_1_577' title='bbox 794 3633 958 3686; x_wconf 86' lang='lat' dir='ltr'><strong>etiam</strong></span> <span class='ocrx_word' id='word_1_578' title='bbox 1012 3635 1115 3687; x_wconf 88' lang='lat' dir='ltr'><strong>hoc</strong></span> <span class='ocrx_word' id='word_1_579' title='bbox 1143 3635 1378 3689; x_wconf 86' lang='lat' dir='ltr'><strong>sublime</strong></span> <span class='ocrx_word' id='word_1_580' title='bbox 1411 3648 1475 3688; x_wconf 90' lang='lat' dir='ltr'><strong>ac</strong></span> <span class='ocrx_word' id='word_1_581' title='bbox 1519 3632 1820 3704; x_wconf 83' lang='lat' dir='ltr'><strong>perfectum</strong></span> <span class='ocrx_word' id='word_1_582' title='bbox 1887 3641 2024 3696; x_wconf 88' lang='lat' dir='ltr'><strong>erat,</strong></span> <span class='ocrx_word' id='word_1_583' title='bbox 2081 3629 2366 3684; x_wconf 88' lang='lat' dir='ltr'><strong>conﬁrmat</strong></span> <span class='ocrx_word' id='word_1_584' title='bbox 2438 3631 2489 3684; x_wconf 91' lang='lat' dir='ltr'><strong>id</strong></span> <span class='ocrx_word' id='word_1_585' title='bbox 2543 3627 2885 3697; x_wconf 88' lang='lat' dir='ltr'><strong>subjiciens:</strong></span> <span class='ocrx_word' id='word_1_586' title='bbox 2951 3623 3020 3678; x_wconf 83' lang='lat' dir='ltr'><strong>Et</strong></span> <span class='ocrx_word' id='word_1_587' title='bbox 3075 3624 3226 3693; x_wconf 77' lang='lat' dir='ltr'><strong>ﬁdes,</strong></span> <span class='ocrx_word' id='word_1_588' title='bbox 3293 3635 3410 3693; x_wconf 64' lang='lat' dir='ltr'><strong>quae</strong></span> 
     </span>
    </p>
   </div>
   <div class='ocr_carea' id='block_1_71' title="bbox 178 3711 3406 3789">
    <p class='ocr_par' dir='ltr' id='par_1_71' title="bbox 178 3711 3406 3789">
     <span class='ocr_line' id='line_1_71' title="bbox 178 3711 3406 3789; baseline -0.002 -17"><span class='ocrx_word' id='word_1_589' title='bbox 178 3735 253 3783; x_wconf 85' lang='lat' dir='ltr'><strong>per</strong></span> <span class='ocrx_word' id='word_1_590' title='bbox 287 3735 397 3774; x_wconf 86' lang='lat' dir='ltr'><strong>eum</strong></span> <span class='ocrx_word' id='word_1_591' title='bbox 432 3723 726 3789; x_wconf 77' lang='lat' dir='ltr'><strong>pra’dicata</strong></span> <span class='ocrx_word' id='word_1_592' title='bbox 760 3733 861 3789; x_wconf 79' lang='lat' dir='ltr'><strong>est,</strong></span> <span class='ocrx_word' id='word_1_593' title='bbox 895 3723 1118 3776; x_wconf 87' lang='lat' dir='ltr'><strong>humilia</strong></span> <span class='ocrx_word' id='word_1_594' title='bbox 1148 3723 1477 3778; x_wconf 89' lang='lat' dir='ltr'><strong>sublimibus</strong></span> <span class='ocrx_word' id='word_1_595' title='bbox 1514 3723 1746 3777; x_wconf 89' lang='lat' dir='ltr'><strong>invicem</strong></span> <span class='ocrx_word' id='word_1_596' title='bbox 1778 3722 2173 3776; x_wconf 88' lang='lat' dir='ltr'><strong>commiscens:</strong></span> <span class='ocrx_word' id='word_1_597' title='bbox 2205 3719 2310 3773; x_wconf 85' lang='lat' dir='ltr'><strong>alia</strong></span> <span class='ocrx_word' id='word_1_598' title='bbox 2345 3717 2564 3788; x_wconf 88' lang='lat' dir='ltr'><strong>quidem</strong></span> <span class='ocrx_word' id='word_1_599' title='bbox 2595 3715 2670 3771; x_wconf 91' lang='lat' dir='ltr'><strong>rei</strong></span> <span class='ocrx_word' id='word_1_600' title='bbox 2702 3721 2910 3768; x_wconf 61' lang='lat' dir='ltr'><strong>natura:</strong></span> <span class='ocrx_word' id='word_1_601' title='bbox 2970 3713 3215 3768; x_wconf 81' lang='lat' dir='ltr'><strong>tribuens</strong></span> <span class='ocrx_word' id='word_1_602' title='bbox 3253 3728 3266 3765; x_wconf 90' lang='lat'><strong>:</strong></span> <span class='ocrx_word' id='word_1_603' title='bbox 3299 3711 3406 3766; x_wconf 87' lang='lat' dir='ltr'><strong>alia</strong></span> 
     </span>
    </p>
   </div>
   <div class='ocr_carea' id='block_1_72' title="bbox 180 3805 3418 3881">
    <p class='ocr_par' dir='ltr' id='par_1_72' title="bbox 180 3805 3418 3881">
     <span class='ocr_line' id='line_1_72' title="bbox 180 3805 3418 3881; baseline -0.002 -15"><span class='ocrx_word' id='word_1_604' title='bbox 180 3827 289 3866; x_wconf 78' lang='lat' dir='ltr'><strong>vero</strong></span> <span class='ocrx_word' id='word_1_605' title='bbox 315 3813 586 3867; x_wconf 81' lang='lat' dir='ltr'><strong>aﬁ‘cctioui</strong></span> <span class='ocrx_word' id='word_1_606' title='bbox 622 3824 676 3868; x_wconf 87' lang='lat' dir='ltr'><strong>et</strong></span> <span class='ocrx_word' id='word_1_607' title='bbox 715 3814 925 3868; x_wconf 84' lang='lat' dir='ltr'><strong>viribus</strong></span> <span class='ocrx_word' id='word_1_608' title='bbox 973 3813 1306 3868; x_wconf 88' lang='lat' dir='ltr'><strong>auditorum.</strong></span> <span class='ocrx_word' id='word_1_609' title='bbox 1379 3812 1593 3869; x_wconf 87' lang='lat' dir='ltr'><strong>llumile</strong></span> <span class='ocrx_word' id='word_1_610' title='bbox 1630 3814 1772 3868; x_wconf 90' lang='lat' dir='ltr'><strong>enim</strong></span> <span class='ocrx_word' id='word_1_611' title='bbox 1813 3821 1934 3869; x_wconf 89' lang='lat' dir='ltr'><strong>erat</strong></span> <span class='ocrx_word' id='word_1_612' title='bbox 1965 3811 2097 3867; x_wconf 90' lang='lat' dir='ltr'><strong>illud</strong></span> <span class='ocrx_word' id='word_1_613' title='bbox 2121 3810 2340 3881; x_wconf 91' lang='lat' dir='ltr'><strong>quidem</strong></span> <span class='ocrx_word' id='word_1_614' title='bbox 2373 3827 2386 3864; x_wconf 90' lang='lat'>:</span> <span class='ocrx_word' id='word_1_615' title='bbox 2432 3809 2658 3878; x_wconf 80' lang='lat' dir='ltr'><strong>Propter</strong></span> <span class='ocrx_word' id='word_1_616' title='bbox 2692 3806 2850 3861; x_wconf 89' lang='lat' dir='ltr'><strong>ﬁdem</strong></span> <span class='ocrx_word' id='word_1_617' title='bbox 2884 3807 3122 3861; x_wconf 89' lang='lat' dir='ltr'><strong>nominis</strong></span> <span class='ocrx_word' id='word_1_618' title='bbox 3167 3805 3307 3874; x_wconf 85' lang='lat' dir='ltr'><strong>ejus,</strong></span> <span class='ocrx_word' id='word_1_619' title='bbox 3355 3811 3418 3860; x_wconf 77' lang='lat' dir='ltr'><strong>et</strong></span> 
     </span>
    </p>
   </div>
   <div class='ocr_carea' id='block_1_73' title="bbox 182 3899 3416 3978">
    <p class='ocr_par' dir='ltr' id='par_1_73' title="bbox 182 3899 3416 3978">
     <span class='ocr_line' id='line_1_73' title="bbox 182 3899 3416 3978; baseline 0 -22"><span class='ocrx_word' id='word_1_620' title='bbox 182 3905 297 3961; x_wconf 86' lang='lat' dir='ltr'><strong>illud</strong></span> <span class='ocrx_word' id='word_1_621' title='bbox 332 3925 345 3960; x_wconf 93' lang='lat'><strong>:</strong></span> <span class='ocrx_word' id='word_1_622' title='bbox 385 3907 546 3962; x_wconf 78' lang='lat' dir='ltr'><strong>Fides</strong></span> <span class='ocrx_word' id='word_1_623' title='bbox 576 3925 691 3978; x_wconf 78' lang='lat' dir='ltr'><strong>quw</strong></span> <span class='ocrx_word' id='word_1_624' title='bbox 721 3925 813 3978; x_wconf 84' lang='lat' dir='ltr'><strong>per</strong></span> <span class='ocrx_word' id='word_1_625' title='bbox 842 3909 994 3961; x_wconf 84' lang='lat' dir='ltr'><strong>illum</strong></span> <span class='ocrx_word' id='word_1_626' title='bbox 1050 3910 1341 3975; x_wconf 74' lang='lat' dir='ltr'><strong>prazdicata</strong></span> <span class='ocrx_word' id='word_1_627' title='bbox 1367 3919 1444 3963; x_wconf 78' lang='lat' dir='ltr'><strong>est</strong></span> <span class='ocrx_word' id='word_1_628' title='bbox 1475 3923 1493 3962; x_wconf 92' lang='lat'><strong><em>:</em></strong></span> <span class='ocrx_word' id='word_1_629' title='bbox 1527 3907 1764 3963; x_wconf 85' lang='lat' dir='ltr'><strong>sublime</strong></span> <span class='ocrx_word' id='word_1_630' title='bbox 1803 3917 1982 3963; x_wconf 84' lang='lat' dir='ltr'><strong>autem</strong></span> <span class='ocrx_word' id='word_1_631' title='bbox 2014 3918 2179 3976; x_wconf 90' lang='lat' dir='ltr'><strong>atque</strong></span> <span class='ocrx_word' id='word_1_632' title='bbox 2206 3902 2505 3977; x_wconf 87' lang='lat' dir='ltr'><strong>perfectum</strong></span> <span class='ocrx_word' id='word_1_633' title='bbox 2540 3900 2594 3956; x_wconf 88' lang='lat' dir='ltr'><strong>id</strong></span> <span class='ocrx_word' id='word_1_634' title='bbox 2648 3899 2794 3971; x_wconf 91' lang='lat' dir='ltr'><strong>quod</strong></span> <span class='ocrx_word' id='word_1_635' title='bbox 2830 3901 2964 3956; x_wconf 77' lang='lat' dir='ltr'><strong>dixit</strong></span> <span class='ocrx_word' id='word_1_636' title='bbox 2996 3919 3010 3956; x_wconf 89' lang='lat'><strong>:</strong></span> <span class='ocrx_word' id='word_1_637' title='bbox 3083 3900 3288 3958; x_wconf 82' lang='lat' dir='ltr'><strong>Nomen</strong></span> <span class='ocrx_word' id='word_1_638' title='bbox 3347 3902 3416 3956; x_wconf 70' lang='lat' dir='ltr'><strong>il~</strong></span> 
     </span>
    </p>
   </div>
   <div class='ocr_carea' id='block_1_74' title="bbox 183 3991 3414 4069">
    <p class='ocr_par' dir='ltr' id='par_1_74' title="bbox 183 3991 3414 4069">
     <span class='ocr_line' id='line_1_74' title="bbox 183 3991 3414 4069; baseline -0.001 -19"><span class='ocrx_word' id='word_1_639' title='bbox 183 3997 275 4053; x_wconf 88' lang='lat' dir='ltr'><strong>lius</strong></span> <span class='ocrx_word' id='word_1_640' title='bbox 310 4016 431 4054; x_wconf 77' lang='lat' dir='ltr'><strong>eun;</strong></span> <span class='ocrx_word' id='word_1_641' title='bbox 456 4001 819 4064; x_wconf 85' lang='lat' dir='ltr'><strong>confirmavit,</strong></span> <span class='ocrx_word' id='word_1_642' title='bbox 851 4015 915 4054; x_wconf 90' lang='lat' dir='ltr'><strong>ac</strong></span> <span class='ocrx_word' id='word_1_643' title='bbox 951 4000 1190 4054; x_wconf 84' lang='lat' dir='ltr'><strong>resti:uit</strong></span> <span class='ocrx_word' id='word_1_644' title='bbox 1231 4015 1247 4054; x_wconf 90' lang='lat'><strong>:</strong></span> <span class='ocrx_word' id='word_1_645' title='bbox 1279 4001 1423 4068; x_wconf 91' lang='lat' dir='ltr'><strong>qnnd</strong></span> <span class='ocrx_word' id='word_1_646' title='bbox 1454 4001 1500 4055; x_wconf 93' lang='lat' dir='ltr'><strong>si</strong></span> <span class='ocrx_word' id='word_1_647' title='bbox 1532 4000 1737 4054; x_wconf 89' lang='lat' dir='ltr'><strong>nudum</strong></span> <span class='ocrx_word' id='word_1_648' title='bbox 1775 4000 2045 4069; x_wconf 88' lang='lat' dir='ltr'><strong>prolatum</strong></span> <span class='ocrx_word' id='word_1_649' title='bbox 2095 3998 2313 4062; x_wconf 88' lang='lat' dir='ltr'><strong>fuisset,</strong></span> <span class='ocrx_word' id='word_1_650' title='bbox 2366 4001 2746 4064; x_wconf 81' lang='lat' dir='ltr'><strong>exasperasset</strong></span> <span class='ocrx_word' id='word_1_651' title='bbox 2775 3991 2994 4049; x_wconf 67' lang='lat' dir='ltr'><strong>Iudaeos</strong></span> <span class='ocrx_word' id='word_1_652' title='bbox 3026 4008 3042 4047; x_wconf 87' lang='lat'><strong>:</strong></span> <span class='ocrx_word' id='word_1_653' title='bbox 3102 3991 3230 4050; x_wconf 86' lang='lat' dir='ltr'><strong>aliis</strong></span> <span class='ocrx_word' id='word_1_654' title='bbox 3285 4009 3414 4048; x_wconf 76' lang='lat' dir='ltr'><strong>vero</strong></span> 
     </span>
    </p>
   </div>
   <div class='ocr_carea' id='block_1_75' title="bbox 184 4087 2690 4162">
    <p class='ocr_par' dir='ltr' id='par_1_75' title="bbox 184 4087 2690 4162">
     <span class='ocr_line' id='line_1_75' title="bbox 184 4087 2690 4162; baseline 0 -21"><span class='ocrx_word' id='word_1_655' title='bbox 184 4091 517 4158; x_wconf 71' lang='lat' dir='ltr'><strong>coniunctum</strong></span> <span class='ocrx_word' id='word_1_656' title='bbox 547 4102 600 4146; x_wconf 89' lang='lat' dir='ltr'><strong>et</strong></span> <span class='ocrx_word' id='word_1_657' title='bbox 646 4092 978 4161; x_wconf 86' lang='lat' dir='ltr'><strong>appositum,</strong></span> <span class='ocrx_word' id='word_1_658' title='bbox 1028 4097 1308 4162; x_wconf 86' lang='lat' dir='ltr'><strong>acceptum</strong></span> <span class='ocrx_word' id='word_1_659' title='bbox 1347 4091 1449 4144; x_wconf 92' lang='lat' dir='ltr'><strong>fuit</strong></span> <span class='ocrx_word' id='word_1_660' title='bbox 1492 4098 1546 4146; x_wconf 88' lang='lat' dir='ltr'><strong>et</strong></span> <span class='ocrx_word' id='word_1_661' title='bbox 1581 4090 1737 4146; x_wconf 82' lang='lat' dir='ltr'><strong>facile</strong></span> <span class='ocrx_word' id='word_1_662' title='bbox 1773 4089 2072 4146; x_wconf 89' lang='lat' dir='ltr'><strong>admissum</strong></span> <span class='ocrx_word' id='word_1_663' title='bbox 2100 4100 2262 4159; x_wconf 89' lang='lat' dir='ltr'><strong>atque</strong></span> <span class='ocrx_word' id='word_1_664' title='bbox 2307 4087 2690 4158; x_wconf 88' lang='lat' dir='ltr'><strong>approbatum.</strong></span> 
     </span>
    </p>
   </div>
   <div class='ocr_carea' id='block_1_76' title="bbox 241 4172 1747 4253">
    <p class='ocr_par' dir='ltr' id='par_1_76' title="bbox 241 4178 1737 4253">
     <span class='ocr_line' id='line_1_76' title="bbox 241 4178 1737 4253; baseline 0.001 -19"><span class='ocrx_word' id='word_1_665' title='bbox 241 4184 341 4234; x_wconf 73' lang='lat' dir='ltr'><strong>Kal</strong></span> <span class='ocrx_word' id='word_1_666' title='bbox 367 4184 504 4248; x_wconf 80' lang='grc' dir='ltr'><strong>νῦν,</strong></span> <span class='ocrx_word' id='word_1_667' title='bbox 529 4183 802 4253; x_wconf 67' lang='grc' dir='ltr'>ἀδελφοὶ,</span> <span class='ocrx_word' id='word_1_668' title='bbox 829 4178 960 4236; x_wconf 79' lang='grc' dir='ltr'>οἶδα</span> <span class='ocrx_word' id='word_1_669' title='bbox 987 4181 1073 4235; x_wconf 87' lang='grc' dir='ltr'>ὅτι</span> <span class='ocrx_word' id='word_1_670' title='bbox 1090 4183 1239 4236; x_wconf 84' lang='grc' dir='ltr'>κατὰ</span> <span class='ocrx_word' id='word_1_671' title='bbox 1289 4181 1538 4250; x_wconf 77' lang='grc' dir='ltr'>ἄγνοιαν</span> <span class='ocrx_word' id='word_1_672' title='bbox 1558 4181 1737 4250; x_wconf 80' lang='grc' dir='ltr'>ἐπρά-</span> 
     </span>
    </p>
   </div>
   <div class='ocr_carea' id='block_1_77' title="bbox 1864 4172 3413 4253">
    <p class='ocr_par' dir='ltr' id='par_1_77' title="bbox 1917 4172 3413 4244">
     <span class='ocr_line' id='line_1_77' title="bbox 1917 4172 3413 4244; baseline -0.003 -10"><span class='ocrx_word' id='word_1_673' title='bbox 1917 4179 2084 4236; x_wconf 77' lang='lat' dir='ltr'><strong>Vens.</strong></span> <span class='ocrx_word' id='word_1_674' title='bbox 2129 4179 2216 4232; x_wconf 81' lang='lat' dir='ltr'><strong>l7.</strong></span> <span class='ocrx_word' id='word_1_675' title='bbox 2245 4177 2314 4232; x_wconf 85' lang='lat' dir='ltr'><strong>Et</strong></span> <span class='ocrx_word' id='word_1_676' title='bbox 2346 4193 2502 4241; x_wconf 86' lang='lat' dir='ltr'><strong>nunc,</strong></span> <span class='ocrx_word' id='word_1_677' title='bbox 2543 4175 2760 4244; x_wconf 81' lang='lat' dir='ltr'><strong>fratres,</strong></span> <span class='ocrx_word' id='word_1_678' title='bbox 2796 4174 2904 4228; x_wconf 78' lang='lat' dir='ltr'><strong>scio</strong></span> <span class='ocrx_word' id='word_1_679' title='bbox 2939 4189 3026 4228; x_wconf 75' lang='lat' dir='ltr'><strong>vos</strong></span> <span class='ocrx_word' id='word_1_680' title='bbox 3057 4172 3413 4243; x_wconf 73' lang='lat' dir='ltr'><strong>imprudentes</strong></span> 
     </span>
    </p>
   </div>
   <div class='ocr_carea' id='block_1_78' title="bbox 188 4267 1747 4345">
    <p class='ocr_par' dir='ltr' id='par_1_78' title="bbox 188 4272 1274 4345">
     <span class='ocr_line' id='line_1_78' title="bbox 188 4272 1274 4345; baseline 0.004 -19"><span class='ocrx_word' id='word_1_681' title='bbox 188 4272 313 4337; x_wconf 81' lang='grc' dir='ltr'>ξατε</span> <span class='ocrx_word' id='word_1_682' title='bbox 332 4275 534 4345; x_wconf 82' lang='grc' dir='ltr'>ὥσπερ</span> <span class='ocrx_word' id='word_1_683' title='bbox 561 4277 656 4329; x_wconf 74' lang='grc' dir='ltr'><strong>καί</strong></span> <span class='ocrx_word' id='word_1_684' title='bbox 683 4278 736 4330; x_wconf 81' lang='grc' dir='ltr'>οὶ</span> <span class='ocrx_word' id='word_1_685' title='bbox 773 4275 1065 4345; x_wconf 80' lang='grc' dir='ltr'>ἄρχοντες</span> <span class='ocrx_word' id='word_1_686' title='bbox 1088 4275 1274 4344; x_wconf 81' lang='grc' dir='ltr'><strong>ὑμῶν.</strong></span> 
     </span>
    </p>
   </div>
   <div class='ocr_carea' id='block_1_79' title="bbox 1864 4267 3414 4345">
    <p class='ocr_par' dir='ltr' id='par_1_79' title="bbox 1864 4267 3414 4336">
     <span class='ocr_line' id='line_1_79' title="bbox 1864 4267 3414 4336; baseline -0.005 -8"><span class='ocrx_word' id='word_1_687' title='bbox 1864 4290 1936 4328; x_wconf 76' lang='grc' dir='ltr'><strong>ιοε</strong></span> <span class='ocrx_word' id='word_1_688' title='bbox 1964 4271 2306 4335; x_wconf 73' lang='lat' dir='ltr'><strong>commisisse,</strong></span> <span class='ocrx_word' id='word_1_689' title='bbox 2343 4270 2479 4323; x_wconf 77' lang='lat' dir='ltr'><strong>sicut</strong></span> <span class='ocrx_word' id='word_1_690' title='bbox 2506 4275 2554 4321; x_wconf 84' lang='lat' dir='ltr'><strong>et</strong></span> <span class='ocrx_word' id='word_1_691' title='bbox 2588 4267 2934 4336; x_wconf 76' lang='lat' dir='ltr'><strong>magistratus</strong></span> <span class='ocrx_word' id='word_1_692' title='bbox 2959 4275 3006 4320; x_wconf 81' lang='lat' dir='ltr'><strong>et</strong></span> <span class='ocrx_word' id='word_1_693' title='bbox 3033 4267 3295 4336; x_wconf 79' lang='lat' dir='ltr'><strong>principes</strong></span> <span class='ocrx_word' id='word_1_694' title='bbox 3326 4281 3414 4321; x_wconf 78' lang='lat' dir='ltr'><strong>ve-</strong></span> 
     </span>
    </p>
   </div>
   <div class='ocr_carea' id='block_1_80' title="bbox 1767 4342 2006 4422">
    <p class='ocr_par' dir='ltr' id='par_1_80' title="bbox 1767 4342 2006 4422">
     <span class='ocr_line' id='line_1_80' title="bbox 1767 4342 2006 4422; baseline -0.013 0"><span class='ocrx_word' id='word_1_695' title='bbox 1767 4342 1814 4400; x_wconf 83' lang='lat' dir='ltr'><strong>D</strong></span> <span class='ocrx_word' id='word_1_696' title='bbox 1844 4377 2006 4422; x_wconf 70' lang='grc' dir='ltr'>δινσε.</span> 
     </span>
    </p>
   </div>
   <div class='ocr_carea' id='block_1_81' title="bbox 258 4455 1742 4525">
    <p class='ocr_par' dir='ltr' id='par_1_81' title="bbox 258 4455 1742 4525">
     <span class='ocr_line' id='line_1_81' title="bbox 258 4455 1742 4525; baseline 0.001 -17"><span class='ocrx_word' id='word_1_697' title='bbox 258 4458 316 4508; x_wconf 89' lang='lat'><strong>&#39;0</strong></span> <span class='ocrx_word' id='word_1_698' title='bbox 333 4455 400 4508; x_wconf 80' lang='grc' dir='ltr'>δὲ</span> <span class='ocrx_word' id='word_1_699' title='bbox 433 4457 579 4522; x_wconf 82' lang='grc' dir='ltr'>Θεὸς</span> <span class='ocrx_word' id='word_1_700' title='bbox 602 4455 641 4510; x_wconf 79' lang='grc' dir='ltr'><em>ἁ</em></span> <span class='ocrx_word' id='word_1_701' title='bbox 672 4456 1138 4525; x_wconf 69' lang='grc' dir='ltr'>προκατήγγειλε</span> <span class='ocrx_word' id='word_1_702' title='bbox 1151 4456 1246 4510; x_wconf 79' lang='grc' dir='ltr'>διὰ</span> <span class='ocrx_word' id='word_1_703' title='bbox 1270 4456 1568 4524; x_wconf 83' lang='grc' dir='ltr'>στόματος</span> <span class='ocrx_word' id='word_1_704' title='bbox 1591 4455 1742 4512; x_wconf 82' lang='grc' dir='ltr'><strong>πάν-</strong></span> 
     </span>
    </p>
   </div>
   <div class='ocr_carea' id='block_1_82' title="bbox 189 4545 1744 4615">
    <p class='ocr_par' dir='ltr' id='par_1_82' title="bbox 189 4545 1744 4615">
     <span class='ocr_line' id='line_1_82' title="bbox 189 4545 1744 4615; baseline 0.004 -20"><span class='ocrx_word' id='word_1_705' title='bbox 189 4559 291 4597; x_wconf 68' lang='grc' dir='ltr'><strong>των</strong></span> <span class='ocrx_word' id='word_1_706' title='bbox 303 4546 628 4614; x_wconf 73' lang='grc' dir='ltr'>προφητῶν</span> <span class='ocrx_word' id='word_1_707' title='bbox 648 4546 860 4612; x_wconf 83' lang='grc' dir='ltr'>αὑτοῦ,</span> <span class='ocrx_word' id='word_1_708' title='bbox 877 4547 1091 4602; x_wconf 82' lang='grc' dir='ltr'>παθεῖν</span> <span class='ocrx_word' id='word_1_709' title='bbox 1115 4546 1222 4601; x_wconf 82' lang='grc' dir='ltr'><strong>τὸν</strong></span> <span class='ocrx_word' id='word_1_710' title='bbox 1250 4547 1531 4614; x_wconf 75' lang='grc' dir='ltr'>Χριστὸν,</span> <span class='ocrx_word' id='word_1_711' title='bbox 1558 4545 1744 4615; x_wconf 64' lang='grc' dir='ltr'>ἐπλή-</span> 
     </span>
    </p>
   </div>
   <div class='ocr_carea' id='block_1_83' title="bbox 184 4637 596 4700">
    <p class='ocr_par' dir='ltr' id='par_1_83' title="bbox 184 4637 596 4700">
     <span class='ocr_line' id='line_1_83' title="bbox 184 4637 596 4700; baseline 0.007 -14"><span class='ocrx_word' id='word_1_712' title='bbox 184 4648 364 4700; x_wconf 76' lang='grc' dir='ltr'>ρωσεν</span> <span class='ocrx_word' id='word_1_713' title='bbox 388 4637 596 4700; x_wconf 85' lang='grc' dir='ltr'>οὕτως.</span> 
     </span>
    </p>
   </div>
   <div class='ocr_carea' id='block_1_84' title="bbox 263 4725 1741 4799">
    <p class='ocr_par' dir='ltr' id='par_1_84' title="bbox 263 4725 1741 4799">
     <span class='ocr_line' id='line_1_84' title="bbox 263 4725 1741 4799; baseline -0.001 -19"><span class='ocrx_word' id='word_1_714' title='bbox 263 4727 477 4799; x_wconf 79' lang='grc' dir='ltr'>Ἐπειδὴ</span> <span class='ocrx_word' id='word_1_715' title='bbox 503 4727 710 4798; x_wconf 81' lang='grc' dir='ltr'>σφόδρα</span> <span class='ocrx_word' id='word_1_716' title='bbox 747 4726 930 4780; x_wconf 80' lang='grc' dir='ltr'>αὐτῶν</span> <span class='ocrx_word' id='word_1_717' title='bbox 954 4725 1262 4797; x_wconf 70' lang='grc' dir='ltr'>καθήψατο,</span> <span class='ocrx_word' id='word_1_718' title='bbox 1297 4727 1458 4781; x_wconf 82' lang='grc' dir='ltr'>πάλιν</span> <span class='ocrx_word' id='word_1_719' title='bbox 1497 4727 1741 4798; x_wconf 79' lang='grc' dir='ltr'>ἀνίησι⁹⁰</span> 
     </span>
    </p>
   </div>
   <div class='ocr_carea' id='block_1_85' title="bbox 190 4822 1743 4894">
    <p class='ocr_par' dir='ltr' id='par_1_85' title="bbox 190 4822 1743 4894">
     <span class='ocr_line' id='line_1_85' title="bbox 190 4822 1743 4894; baseline 0 -19"><span class='ocrx_word' id='word_1_720' title='bbox 190 4822 346 4888; x_wconf 76' lang='grc' dir='ltr'>διδοὺς</span> <span class='ocrx_word' id='word_1_721' title='bbox 374 4826 558 4888; x_wconf 78' lang='grc' dir='ltr'>αὐτοῖς</span> <span class='ocrx_word' id='word_1_722' title='bbox 591 4823 843 4889; x_wconf 79' lang='grc' dir='ltr'>ἐξουσίαν</span> <span class='ocrx_word' id='word_1_723' title='bbox 903 4824 1236 4893; x_wconf 73' lang='grc' dir='ltr'>μετανοίαςο</span> <span class='ocrx_word' id='word_1_724' title='bbox 1300 4824 1396 4877; x_wconf 79' lang='grc' dir='ltr'>καὶ</span> <span class='ocrx_word' id='word_1_725' title='bbox 1460 4824 1588 4894; x_wconf 82' lang='grc' dir='ltr'>μίαν</span> <span class='ocrx_word' id='word_1_726' title='bbox 1643 4823 1743 4892; x_wconf 85' lang='grc' dir='ltr'><strong>μὲν</strong></span> 
     </span>
    </p>
   </div>
   <div class='ocr_carea' id='block_1_86' title="bbox 195 4913 1739 4988">
    <p class='ocr_par' dir='ltr' id='par_1_86' title="bbox 195 4913 1739 4988">
     <span class='ocr_line' id='line_1_86' title="bbox 195 4913 1739 4988; baseline 0.001 -24"><span class='ocrx_word' id='word_1_727' title='bbox 195 4916 358 4979; x_wconf 76' lang='grc' dir='ltr'>αὐτοῖς</span> <span class='ocrx_word' id='word_1_728' title='bbox 385 4917 688 4984; x_wconf 79' lang='grc' dir='ltr'>ἀπολογίας</span> <span class='ocrx_word' id='word_1_729' title='bbox 717 4916 976 4988; x_wconf 76' lang='grc' dir='ltr'>ἀφορμὴν</span> <span class='ocrx_word' id='word_1_730' title='bbox 1007 4915 1318 4986; x_wconf 82' lang='grc' dir='ltr'>χαρίζεται,</span> <span class='ocrx_word' id='word_1_731' title='bbox 1343 4913 1443 4986; x_wconf 80' lang='grc' dir='ltr'>τὴν</span> <span class='ocrx_word' id='word_1_732' title='bbox 1474 4916 1699 4982; x_wconf 76' lang='grc' dir='ltr'>ἄγνοιαν</span> <span class='ocrx_word' id='word_1_733' title='bbox 1725 4930 1739 4943; x_wconf 75' lang='grc' dir='ltr'><strong><em>ο</em></strong></span> 
     </span>
    </p>
   </div>
   <div class='ocr_carea' id='block_1_87' title="bbox 193 5002 1748 5079">
    <p class='ocr_par' dir='ltr' id='par_1_87' title="bbox 193 5002 1748 5079">
     <span class='ocr_line' id='line_1_87' title="bbox 193 5002 1748 5079; baseline 0.001 -22"><span class='ocrx_word' id='word_1_734' title='bbox 193 5006 428 5076; x_wconf 83' lang='grc' dir='ltr'>δευτέραν</span> <span class='ocrx_word' id='word_1_735' title='bbox 475 5008 553 5069; x_wconf 85' lang='grc' dir='ltr'><strong>δὲ,</strong></span> <span class='ocrx_word' id='word_1_736' title='bbox 581 5009 664 5062; x_wconf 78' lang='grc' dir='ltr'>ὅτι</span> <span class='ocrx_word' id='word_1_737' title='bbox 711 5010 806 5061; x_wconf 76' lang='grc' dir='ltr'>καὶ</span> <span class='ocrx_word' id='word_1_738' title='bbox 838 5007 1364 5079; x_wconf 85' lang='grc' dir='ltr'>προκατηγγελμένσ.</span> <span class='ocrx_word' id='word_1_739' title='bbox 1389 5002 1530 5078; x_wconf 77' lang='grc' dir='ltr'>ἦσαν</span> <span class='ocrx_word' id='word_1_740' title='bbox 1560 5005 1630 5060; x_wconf 82' lang='grc' dir='ltr'>τὰ</span> <span class='ocrx_word' id='word_1_741' title='bbox 1665 5006 1748 5058; x_wconf 86' lang='grc' dir='ltr'>λε·-</span> 
     </span>
    </p>
   </div>
   <div class='ocr_carea' id='block_1_88' title="bbox 197 5097 1748 5173">
    <p class='ocr_par' dir='ltr' id='par_1_88' title="bbox 197 5097 1748 5173">
     <span class='ocr_line' id='line_1_88' title="bbox 197 5097 1748 5173; baseline 0.001 -25"><span class='ocrx_word' id='word_1_742' title='bbox 197 5097 398 5166; x_wconf 70' lang='grc' dir='ltr'>χθένταο</span> <span class='ocrx_word' id='word_1_743' title='bbox 421 5101 538 5164; x_wconf 83' lang='grc' dir='ltr'><strong>πῶς</strong></span> <span class='ocrx_word' id='word_1_744' title='bbox 560 5101 618 5153; x_wconf 85' lang='grc' dir='ltr'>δὲ</span> <span class='ocrx_word' id='word_1_745' title='bbox 648 5101 708 5154; x_wconf 79' lang='grc' dir='ltr'><strong>οὐ</strong></span> <span class='ocrx_word' id='word_1_746' title='bbox 734 5101 920 5173; x_wconf 79' lang='grc' dir='ltr'>τίθησι</span> <span class='ocrx_word' id='word_1_747' title='bbox 947 5101 1075 5170; x_wconf 67' lang='grc' dir='ltr'>περὶ</span> <span class='ocrx_word' id='word_1_748' title='bbox 1094 5103 1190 5170; x_wconf 81' lang='grc' dir='ltr'>τῆς</span> <span class='ocrx_word' id='word_1_749' title='bbox 1211 5099 1566 5170; x_wconf 80' lang='grc' dir='ltr'>σταυρώσεως</span> <span class='ocrx_word' id='word_1_750' title='bbox 1583 5097 1748 5152; x_wconf 80' lang='grc' dir='ltr'>αὐτοῦ</span> 
     </span>
    </p>
   </div>
   <div class='ocr_carea' id='block_1_89' title="bbox 202 5188 1750 5262">
    <p class='ocr_par' dir='ltr' id='par_1_89' title="bbox 202 5188 1750 5262">
     <span class='ocr_line' id='line_1_89' title="bbox 202 5188 1750 5262; baseline 0.001 -23"><span class='ocrx_word' id='word_1_751' title='bbox 202 5191 487 5260; x_wconf 72' lang='grc' dir='ltr'>μαρτυρίαν</span> <span class='ocrx_word' id='word_1_752' title='bbox 553 5191 875 5262; x_wconf 61' lang='grc' dir='ltr'><strong>Γραιίρικήν⁹</strong></span> <span class='ocrx_word' id='word_1_753' title='bbox 936 5191 1072 5246; x_wconf 82' lang='grc' dir='ltr'>ἀλλὰ</span> <span class='ocrx_word' id='word_1_754' title='bbox 1121 5192 1216 5244; x_wconf 74' lang='grc' dir='ltr'>καὶ</span> <span class='ocrx_word' id='word_1_755' title='bbox 1278 5190 1588 5260; x_wconf 76' lang='grc' dir='ltr'>ἔμπροσθεν</span> <span class='ocrx_word' id='word_1_756' title='bbox 1651 5188 1750 5259; x_wconf 81' lang='grc' dir='ltr'><strong>μέν</strong></span> 
     </span>
    </p>
   </div>
   <div class='ocr_carea' id='block_1_90' title="bbox 199 5278 1755 5355">
    <p class='ocr_par' dir='ltr' id='par_1_90' title="bbox 199 5278 1755 5355">
     <span class='ocr_line' id='line_1_90' title="bbox 199 5278 1755 5355; baseline -0.008 -11"><span class='ocrx_word' id='word_1_757' title='bbox 199 5299 342 5350; x_wconf 70' lang='grc' dir='ltr'>φησι,</span> <span class='ocrx_word' id='word_1_758' title='bbox 370 5288 432 5355; x_wconf 79' lang='grc' dir='ltr'>τῇ</span> <span class='ocrx_word' id='word_1_759' title='bbox 453 5284 738 5355; x_wconf 79' lang='grc' dir='ltr'>ὡρισμένη</span> <span class='ocrx_word' id='word_1_760' title='bbox 762 5282 924 5355; x_wconf 81' lang='grc' dir='ltr'>βουλῇ</span> <span class='ocrx_word' id='word_1_761' title='bbox 969 5283 1065 5336; x_wconf 74' lang='grc' dir='ltr'><strong>καὶ</strong></span> <span class='ocrx_word' id='word_1_762' title='bbox 1089 5280 1396 5350; x_wconf 80' lang='grc' dir='ltr'>προγνώσει</span> <span class='ocrx_word' id='word_1_763' title='bbox 1426 5280 1640 5333; x_wconf 76' lang='grc' dir='ltr'>ἔκδοτον</span> <span class='ocrx_word' id='word_1_764' title='bbox 1662 5278 1755 5331; x_wconf 90' lang='grc' dir='ltr'>λα-</span> 
     </span>
    </p>
   </div>
   <div class='ocr_carea' id='block_1_91' title="bbox 201 5371 1754 5443">
    <p class='ocr_par' dir='ltr' id='par_1_91' title="bbox 201 5371 1754 5443">
     <span class='ocr_line' id='line_1_91' title="bbox 201 5371 1754 5443; baseline -0.001 -19"><span class='ocrx_word' id='word_1_765' title='bbox 201 5371 388 5436; x_wconf 71' lang='grc' dir='ltr'>ϐόντες.</span> <span class='ocrx_word' id='word_1_766' title='bbox 412 5378 520 5429; x_wconf 76' lang='grc' dir='ltr'>Καὶ</span> <span class='ocrx_word' id='word_1_767' title='bbox 545 5376 642 5428; x_wconf 81' lang='grc' dir='ltr'>νῦν</span> <span class='ocrx_word' id='word_1_768' title='bbox 678 5376 736 5428; x_wconf 79' lang='grc' dir='ltr'>δὲ</span> <span class='ocrx_word' id='word_1_769' title='bbox 770 5373 1109 5443; x_wconf 85' lang='grc' dir='ltr'>πλατύτερον</span> <span class='ocrx_word' id='word_1_770' title='bbox 1146 5372 1417 5426; x_wconf 78' lang='grc' dir='ltr'>ἐκτίθεται</span> <span class='ocrx_word' id='word_1_771' title='bbox 1448 5371 1621 5440; x_wconf 88' lang='grc' dir='ltr'>λέγων</span> <span class='ocrx_word' id='word_1_772' title='bbox 1642 5386 1656 5400; x_wconf 83' lang='grc'>⁶</span> <span class='ocrx_word' id='word_1_773' title='bbox 1685 5371 1754 5422; x_wconf 87' lang='lat' dir='ltr'><strong>&quot;A</strong></span> 
     </span>
    </p>
   </div>
   <div class='ocr_carea' id='block_1_92' title="bbox 204 5460 1756 5537">
    <p class='ocr_par' dir='ltr' id='par_1_92' title="bbox 204 5460 1756 5537">
     <span class='ocr_line' id='line_1_92' title="bbox 204 5460 1756 5537; baseline -0.003 -19"><span class='ocrx_word' id='word_1_774' title='bbox 204 5467 619 5537; x_wconf 73' lang='grc' dir='ltr'>προκατήγγειλε</span> <span class='ocrx_word' id='word_1_775' title='bbox 633 5466 720 5520; x_wconf 83' lang='grc' dir='ltr'>διὰ</span> <span class='ocrx_word' id='word_1_776' title='bbox 748 5466 1011 5535; x_wconf 74' lang='grc' dir='ltr'>στόματος</span> <span class='ocrx_word' id='word_1_777' title='bbox 1055 5464 1276 5518; x_wconf 81' lang='grc' dir='ltr'>πάντων</span> <span class='ocrx_word' id='word_1_778' title='bbox 1325 5462 1432 5516; x_wconf 85' lang='grc' dir='ltr'>τῶν</span> <span class='ocrx_word' id='word_1_779' title='bbox 1460 5460 1756 5532; x_wconf 82' lang='grc' dir='ltr'>προφητῶν</span> 
     </span>
    </p>
   </div>
   <div class='ocr_carea' id='block_1_93' title="bbox 1917 4449 3412 4520">
    <p class='ocr_par' dir='ltr' id='par_1_93' title="bbox 1917 4449 3412 4520">
     <span class='ocr_line' id='line_1_93' title="bbox 1917 4449 3412 4520; baseline -0.007 -8"><span class='ocrx_word' id='word_1_780' title='bbox 1917 4457 2081 4512; x_wconf 65' lang='lat' dir='ltr'><strong>Vens.</strong></span> <span class='ocrx_word' id='word_1_781' title='bbox 2119 4457 2205 4512; x_wconf 81' lang='lat' dir='ltr'><strong>l8.</strong></span> <span class='ocrx_word' id='word_1_782' title='bbox 2242 4453 2345 4510; x_wconf 87' lang='lat' dir='ltr'><strong>Sed</strong></span> <span class='ocrx_word' id='word_1_783' title='bbox 2381 4454 2545 4513; x_wconf 77' lang='lat' dir='ltr'><strong>Deus,</strong></span> <span class='ocrx_word' id='word_1_784' title='bbox 2591 4467 2709 4520; x_wconf 66' lang='lat' dir='ltr'><strong>qua’</strong></span> <span class='ocrx_word' id='word_1_785' title='bbox 2733 4466 2823 4518; x_wconf 86' lang='lat' dir='ltr'><strong>per</strong></span> <span class='ocrx_word' id='word_1_786' title='bbox 2839 4465 2894 4503; x_wconf 82' lang='lat' dir='ltr'><strong>os</strong></span> <span class='ocrx_word' id='word_1_787' title='bbox 2929 4449 3162 4520; x_wconf 77' lang='lat' dir='ltr'><strong>omnium</strong></span> <span class='ocrx_word' id='word_1_788' title='bbox 3185 4449 3412 4518; x_wconf 75' lang='lat' dir='ltr'><strong>prop/ze-</strong></span> 
     </span>
    </p>
   </div>
   <div class='ocr_carea' id='block_1_94' title="bbox 1850 4541 3416 4621">
    <p class='ocr_par' dir='ltr' id='par_1_94' title="bbox 1850 4541 3416 4621">
     <span class='ocr_line' id='line_1_94' title="bbox 1850 4541 3416 4621; baseline -0.008 -17"><span class='ocrx_word' id='word_1_789' title='bbox 1850 4562 2026 4604; x_wconf 84' lang='lat' dir='ltr'><strong>mrum</strong></span> <span class='ocrx_word' id='word_1_790' title='bbox 2051 4549 2160 4621; x_wconf 69' lang='grc' dir='ltr'>ω</span> <span class='ocrx_word' id='word_1_791' title='bbox 2180 4563 2394 4604; x_wconf 76' lang='lat' dir='ltr'><strong>suorum</strong></span> <span class='ocrx_word' id='word_1_792' title='bbox 2421 4545 2918 4615; x_wconf 76' lang='lat' dir='ltr'><strong>prwsigniﬁcaverat</strong></span> <span class='ocrx_word' id='word_1_793' title='bbox 2955 4552 3000 4608; x_wconf 73' lang='grc' dir='ltr'>τ,</span> <span class='ocrx_word' id='word_1_794' title='bbox 3035 4542 3148 4611; x_wconf 76' lang='lat' dir='ltr'><strong>fore</strong></span> <span class='ocrx_word' id='word_1_795' title='bbox 3183 4541 3416 4596; x_wconf 78' lang='lat' dir='ltr'><strong>videlicet</strong></span> 
     </span>
    </p>
   </div>
   <div class='ocr_carea' id='block_1_95' title="bbox 1851 4629 3414 4704">
    <p class='ocr_par' dir='ltr' id='par_1_95' title="bbox 1851 4629 3414 4704">
     <span class='ocr_line' id='line_1_95' title="bbox 1851 4629 3414 4704; baseline -0.007 -11"><span class='ocrx_word' id='word_1_796' title='bbox 1851 4649 1908 4693; x_wconf 86' lang='grc' dir='ltr'><strong>ιιι</strong></span> <span class='ocrx_word' id='word_1_797' title='bbox 1943 4637 2182 4693; x_wconf 76' lang='lat' dir='ltr'><strong>Christus</strong></span> <span class='ocrx_word' id='word_1_798' title='bbox 2213 4634 2468 4704; x_wconf 76' lang='lat' dir='ltr'><strong>supplicio</strong></span> <span class='ocrx_word' id='word_1_799' title='bbox 2492 4632 2800 4702; x_wconf 68' lang='lat' dir='ltr'><strong>afﬁceretur,</strong></span> <span class='ocrx_word' id='word_1_800' title='bbox 2841 4633 2938 4684; x_wconf 82' lang='lat' dir='ltr'><strong>hoe</strong></span> <span class='ocrx_word' id='word_1_801' title='bbox 2972 4629 3123 4683; x_wconf 86' lang='lat' dir='ltr'><strong>modo</strong></span> <span class='ocrx_word' id='word_1_802' title='bbox 3164 4629 3414 4700; x_wconf 80' lang='lat' dir='ltr'><strong>implerit.</strong></span> 
     </span>
    </p>
   </div>
   <div class='ocr_carea' id='block_1_96' title="bbox 1920 4722 3418 4798">
    <p class='ocr_par' dir='ltr' id='par_1_96' title="bbox 1920 4722 3418 4798">
     <span class='ocr_line' id='line_1_96' title="bbox 1920 4722 3418 4798; baseline -0.007 -14"><span class='ocrx_word' id='word_1_803' title='bbox 1920 4732 2279 4798; x_wconf 88' lang='lat' dir='ltr'><strong>Posteaquam</strong></span> <span class='ocrx_word' id='word_1_804' title='bbox 2310 4739 2406 4780; x_wconf 89' lang='lat' dir='ltr'><strong>eos</strong></span> <span class='ocrx_word' id='word_1_805' title='bbox 2430 4723 2776 4779; x_wconf 86' lang='lat' dir='ltr'><strong>vehementer</strong></span> <span class='ocrx_word' id='word_1_806' title='bbox 2823 4722 3266 4790; x_wconf 81' lang='lat' dir='ltr'><strong>reprehenderat,</strong></span> <span class='ocrx_word' id='word_1_807' title='bbox 3296 4736 3418 4775; x_wconf 86' lang='lat' dir='ltr'><strong>rur-</strong></span> 
     </span>
    </p>
   </div>
   <div class='ocr_carea' id='block_1_97' title="bbox 1853 4811 3422 4891">
    <p class='ocr_par' dir='ltr' id='par_1_97' title="bbox 1853 4811 3422 4891">
     <span class='ocr_line' id='line_1_97' title="bbox 1853 4811 3422 4891; baseline -0.009 -13"><span class='ocrx_word' id='word_1_808' title='bbox 1853 4835 1947 4878; x_wconf 90' lang='lat' dir='ltr'><strong>sus</strong></span> <span class='ocrx_word' id='word_1_809' title='bbox 1977 4819 2206 4891; x_wconf 79' lang='lat' dir='ltr'><strong>mitigat,</strong></span> <span class='ocrx_word' id='word_1_810' title='bbox 2242 4817 2380 4872; x_wconf 88' lang='lat' dir='ltr'><strong>dans</strong></span> <span class='ocrx_word' id='word_1_811' title='bbox 2408 4813 2490 4870; x_wconf 89' lang='lat' dir='ltr'><strong>eis</strong></span> <span class='ocrx_word' id='word_1_812' title='bbox 2534 4820 2858 4884; x_wconf 87' lang='lat' dir='ltr'><strong>potestatem</strong></span> <span class='ocrx_word' id='word_1_813' title='bbox 2901 4811 3280 4882; x_wconf 83' lang='lat' dir='ltr'><strong>resipiscendi,</strong></span> <span class='ocrx_word' id='word_1_814' title='bbox 3337 4818 3422 4865; x_wconf 87' lang='lat' dir='ltr'><strong>at-</strong></span> 
     </span>
    </p>
   </div>
   <div class='ocr_carea' id='block_1_98' title="bbox 1853 4905 3418 4982">
    <p class='ocr_par' dir='ltr' id='par_1_98' title="bbox 1853 4905 3418 4982">
     <span class='ocr_line' id='line_1_98' title="bbox 1853 4905 3418 4982; baseline -0.006 -16"><span class='ocrx_word' id='word_1_815' title='bbox 1853 4927 1958 4982; x_wconf 88' lang='lat' dir='ltr'><strong>que</strong></span> <span class='ocrx_word' id='word_1_816' title='bbox 1993 4926 2160 4965; x_wconf 89' lang='lat' dir='ltr'><strong>unum</strong></span> <span class='ocrx_word' id='word_1_817' title='bbox 2197 4910 2266 4964; x_wconf 91' lang='lat' dir='ltr'><strong>iis</strong></span> <span class='ocrx_word' id='word_1_818' title='bbox 2293 4908 2628 4965; x_wconf 90' lang='lat' dir='ltr'><strong>defensionis</strong></span> <span class='ocrx_word' id='word_1_819' title='bbox 2660 4907 2965 4962; x_wconf 87' lang='lat' dir='ltr'><strong>subsidium</strong></span> <span class='ocrx_word' id='word_1_820' title='bbox 2989 4907 3236 4974; x_wconf 77' lang='lat' dir='ltr'><strong>largitur,</strong></span> <span class='ocrx_word' id='word_1_821' title='bbox 3267 4905 3418 4974; x_wconf 76' lang='lat' dir='ltr'><strong>igno-</strong></span> 
     </span>
    </p>
   </div>
   <div class='ocr_carea' id='block_1_99' title="bbox 1855 4999 3422 5072">
    <p class='ocr_par' dir='ltr' id='par_1_99' title="bbox 1855 4999 3422 5072">
     <span class='ocr_line' id='line_1_99' title="bbox 1855 4999 3422 5072; baseline -0.008 -12"><span class='ocrx_word' id='word_1_822' title='bbox 1855 5005 2087 5060; x_wconf 86' lang='lat' dir='ltr'><strong>rantiam</strong></span> <span class='ocrx_word' id='word_1_823' title='bbox 2123 5005 2390 5058; x_wconf 88' lang='lat' dir='ltr'><strong>:alterum</strong></span> <span class='ocrx_word' id='word_1_824' title='bbox 2431 5002 2580 5068; x_wconf 88' lang='lat' dir='ltr'><strong>item,</strong></span> <span class='ocrx_word' id='word_1_825' title='bbox 2610 5001 2754 5072; x_wconf 91' lang='lat' dir='ltr'><strong>quod</strong></span> <span class='ocrx_word' id='word_1_826' title='bbox 2786 5015 2850 5055; x_wconf 89' lang='lat' dir='ltr'><strong>ea</strong></span> <span class='ocrx_word' id='word_1_827' title='bbox 2879 5013 3002 5068; x_wconf 68' lang='lat' dir='ltr'><strong>quae</strong></span> <span class='ocrx_word' id='word_1_828' title='bbox 3034 4999 3248 5050; x_wconf 78' lang='lat' dir='ltr'><strong>dixerat</strong></span> <span class='ocrx_word' id='word_1_829' title='bbox 3284 5009 3422 5065; x_wconf 79' lang='lat' dir='ltr'><strong>pra:-</strong></span> 
     </span>
    </p>
   </div>
   <div class='ocr_carea' id='block_1_100' title="bbox 1852 5082 3420 5166">
    <p class='ocr_par' dir='ltr' id='par_1_100' title="bbox 1852 5082 3420 5166">
     <span class='ocr_line' id='line_1_100' title="bbox 1852 5082 3420 5166; baseline -0.01 -15"><span class='ocrx_word' id='word_1_830' title='bbox 1852 5097 2155 5166; x_wconf 78' lang='lat' dir='ltr'><strong>signiﬁcata</strong></span> <span class='ocrx_word' id='word_1_831' title='bbox 2205 5102 2407 5149; x_wconf 83' lang='lat' dir='ltr'><strong>essent.</strong></span> <span class='ocrx_word' id='word_1_832' title='bbox 2445 5090 2553 5146; x_wconf 88' lang='lat' dir='ltr'><strong>Sed</strong></span> <span class='ocrx_word' id='word_1_833' title='bbox 2601 5091 2694 5161; x_wconf 91' lang='lat' dir='ltr'><strong>qui</strong></span> <span class='ocrx_word' id='word_1_834' title='bbox 2736 5091 2814 5154; x_wconf 90' lang='lat' dir='ltr'><strong>ﬁt,</strong></span> <span class='ocrx_word' id='word_1_835' title='bbox 2879 5097 2938 5142; x_wconf 90' lang='lat' dir='ltr'><strong>ut</strong></span> <span class='ocrx_word' id='word_1_836' title='bbox 2988 5101 3097 5142; x_wconf 90' lang='lat' dir='ltr'><strong>non</strong></span> <span class='ocrx_word' id='word_1_837' title='bbox 3149 5094 3312 5153; x_wconf 88' lang='lat' dir='ltr'><strong>ponat</strong></span> <span class='ocrx_word' id='word_1_838' title='bbox 3352 5082 3420 5137; x_wconf 89' lang='lat' dir='ltr'><strong>de</strong></span> 
     </span>
    </p>
   </div>
   <div class='ocr_carea' id='block_1_101' title="bbox 1853 5177 3422 5256">
    <p class='ocr_par' dir='ltr' id='par_1_101' title="bbox 1853 5177 3422 5256">
     <span class='ocr_line' id='line_1_101' title="bbox 1853 5177 3422 5256; baseline -0.01 -12"><span class='ocrx_word' id='word_1_839' title='bbox 1853 5187 2210 5245; x_wconf 78' lang='lat' dir='ltr'><strong>crucifixione</strong></span> <span class='ocrx_word' id='word_1_840' title='bbox 2229 5186 2350 5256; x_wconf 88' lang='lat' dir='ltr'><strong>ejus</strong></span> <span class='ocrx_word' id='word_1_841' title='bbox 2377 5184 2748 5252; x_wconf 86' lang='lat' dir='ltr'><strong>testimonium</strong></span> <span class='ocrx_word' id='word_1_842' title='bbox 2783 5177 3120 5249; x_wconf 58' lang='lat' dir='ltr'><strong>Scriptura?</strong></span> <span class='ocrx_word' id='word_1_843' title='bbox 3148 5190 3332 5230; x_wconf 90' lang='lat' dir='ltr'><strong>verum</strong></span> <span class='ocrx_word' id='word_1_844' title='bbox 3364 5182 3422 5229; x_wconf 88' lang='lat' dir='ltr'><strong>et</strong></span> 
     </span>
    </p>
   </div>
   <div class='ocr_carea' id='block_1_102' title="bbox 1855 5261 3420 5348">
    <p class='ocr_par' dir='ltr' id='par_1_102' title="bbox 1855 5261 3420 5348">
     <span class='ocr_line' id='line_1_102' title="bbox 1855 5261 3420 5348; baseline -0.012 -12"><span class='ocrx_word' id='word_1_845' title='bbox 1855 5290 1980 5336; x_wconf 88' lang='lat' dir='ltr'><strong>ante</strong></span> <span class='ocrx_word' id='word_1_846' title='bbox 2009 5279 2229 5348; x_wconf 89' lang='lat' dir='ltr'><strong>quidem</strong></span> <span class='ocrx_word' id='word_1_847' title='bbox 2261 5277 2472 5331; x_wconf 82' lang='lat' dir='ltr'><strong>dixerat</strong></span> <span class='ocrx_word' id='word_1_848' title='bbox 2509 5292 2523 5330; x_wconf 89' lang='lat'><strong>:</strong></span> <span class='ocrx_word' id='word_1_849' title='bbox 2557 5281 2707 5329; x_wconf 91' lang='lat' dir='ltr'><strong>certo</strong></span> <span class='ocrx_word' id='word_1_850' title='bbox 2733 5270 2962 5328; x_wconf 90' lang='lat' dir='ltr'><strong>consilio</strong></span> <span class='ocrx_word' id='word_1_851' title='bbox 2988 5277 3041 5323; x_wconf 89' lang='lat' dir='ltr'><strong>et</strong></span> <span class='ocrx_word' id='word_1_852' title='bbox 3076 5261 3420 5336; x_wconf 59' lang='lat' dir='ltr'><strong>praescientia</strong></span> 
     </span>
    </p>
   </div>
   <div class='ocr_carea' id='block_1_103' title="bbox 1858 5351 3422 5432">
    <p class='ocr_par' dir='ltr' id='par_1_103' title="bbox 1858 5351 3422 5432">
     <span class='ocr_line' id='line_1_103' title="bbox 1858 5351 3422 5432; baseline -0.011 -9"><span class='ocrx_word' id='word_1_853' title='bbox 1858 5367 2102 5423; x_wconf 90' lang='lat' dir='ltr'><strong>deditum</strong></span> <span class='ocrx_word' id='word_1_854' title='bbox 2138 5379 2261 5420; x_wconf 91' lang='lat' dir='ltr'><strong>cum</strong></span> <span class='ocrx_word' id='word_1_855' title='bbox 2299 5360 2652 5432; x_wconf 90' lang='lat' dir='ltr'><strong>accepissctis</strong></span> <span class='ocrx_word' id='word_1_856' title='bbox 2685 5376 2699 5413; x_wconf 90' lang='lat'><strong>:</strong></span> <span class='ocrx_word' id='word_1_857' title='bbox 2732 5368 2787 5414; x_wconf 92' lang='lat' dir='ltr'><strong>et</strong></span> <span class='ocrx_word' id='word_1_858' title='bbox 2816 5371 2958 5412; x_wconf 91' lang='lat' dir='ltr'><strong>nunc</strong></span> <span class='ocrx_word' id='word_1_859' title='bbox 2993 5356 3123 5410; x_wconf 88' lang='lat' dir='ltr'><strong>item</strong></span> <span class='ocrx_word' id='word_1_860' title='bbox 3153 5352 3204 5407; x_wconf 90' lang='lat' dir='ltr'><strong>id</strong></span> <span class='ocrx_word' id='word_1_861' title='bbox 3256 5351 3422 5406; x_wconf 79' lang='lat' dir='ltr'><strong>latius</strong></span> 
     </span>
    </p>
   </div>
   <div class='ocr_carea' id='block_1_104' title="bbox 1861 5446 3437 5530">
    <p class='ocr_par' dir='ltr' id='par_1_104' title="bbox 1861 5446 3437 5530">
     <span class='ocr_line' id='line_1_104' title="bbox 1861 5446 3437 5530; baseline -0.01 -16"><span class='ocrx_word' id='word_1_862' title='bbox 1861 5458 2102 5530; x_wconf 83' lang='lat' dir='ltr'><strong>exponit,</strong></span> <span class='ocrx_word' id='word_1_863' title='bbox 2133 5457 2262 5512; x_wconf 89' lang='lat' dir='ltr'><strong>dum</strong></span> <span class='ocrx_word' id='word_1_864' title='bbox 2294 5454 2429 5510; x_wconf 91' lang='lat' dir='ltr'><strong>dicit</strong></span> <span class='ocrx_word' id='word_1_865' title='bbox 2478 5470 2492 5508; x_wconf 91' lang='lat'><strong>:</strong></span> <span class='ocrx_word' id='word_1_866' title='bbox 2529 5466 2649 5522; x_wconf 70' lang='lat' dir='ltr'><strong>qua:</strong></span> <span class='ocrx_word' id='word_1_867' title='bbox 2692 5462 2788 5522; x_wconf 85' lang='lat' dir='ltr'><strong>per</strong></span> <span class='ocrx_word' id='word_1_868' title='bbox 2816 5464 2877 5506; x_wconf 88' lang='lat' dir='ltr'><strong>os</strong></span> <span class='ocrx_word' id='word_1_869' title='bbox 2918 5446 3160 5504; x_wconf 91' lang='lat' dir='ltr'><strong>omnium</strong></span> <span class='ocrx_word' id='word_1_870' title='bbox 3203 5457 3437 5499; x_wconf 78' lang='lat' dir='ltr'><strong>suorum</strong></span> 
     </span>
    </p>
   </div>
   <div class='ocr_carea' id='block_1_105' title="bbox 1374 5595 2256 5659">
    <p class='ocr_par' dir='ltr' id='par_1_105' title="bbox 1374 5595 2256 5659">
     <span class='ocr_line' id='line_1_105' title="bbox 1374 5595 2256 5659; baseline -0.009 -1"><span class='ocrx_word' id='word_1_871' title='bbox 1374 5596 1575 5658; x_wconf 63' lang='lat' dir='ltr'><strong>Varia:</strong></span> <span class='ocrx_word' id='word_1_872' title='bbox 1620 5595 1928 5659; x_wconf 88' lang='lat' dir='ltr'><strong>lectiones</strong></span> <span class='ocrx_word' id='word_1_873' title='bbox 1973 5602 2032 5656; x_wconf 84' lang='lat' dir='ltr'><strong>et</strong></span> <span class='ocrx_word' id='word_1_874' title='bbox 2071 5600 2256 5655; x_wconf 57' lang='lat' dir='ltr'><strong>nota).</strong></span> 
     </span>
    </p>
   </div>
   <div class='ocr_carea' id='block_1_106' title="bbox 274 5695 1133 5768">
    <p class='ocr_par' dir='ltr' id='par_1_106' title="bbox 274 5695 1133 5768">
     <span class='ocr_line' id='line_1_106' title="bbox 274 5695 1133 5768; baseline 0.009 -20"><span class='ocrx_word' id='word_1_875' title='bbox 274 5695 312 5727; x_wconf 75' lang='lat'><strong>&quot;</strong></span> <span class='ocrx_word' id='word_1_876' title='bbox 339 5698 418 5754; x_wconf 83' lang='grc' dir='ltr'><strong>ἵσ.</strong></span> <span class='ocrx_word' id='word_1_877' title='bbox 453 5698 704 5753; x_wconf 78' lang='grc' dir='ltr'>ἀπίστου.</span> <span class='ocrx_word' id='word_1_878' title='bbox 804 5700 849 5732; x_wconf 73' lang='grc'><strong>⁸³</strong></span> <span class='ocrx_word' id='word_1_879' title='bbox 881 5700 976 5768; x_wconf 74' lang='grc' dir='ltr'>φῖ),</span> <span class='ocrx_word' id='word_1_880' title='bbox 1001 5710 1133 5756; x_wconf 68' lang='lat' dir='ltr'><strong>erat.</strong></span> 
     </span>
    </p>
   </div>
   <div class='ocr_carea' id='block_1_107' title="bbox 293 5808 903 5874">
    <p class='ocr_par' dir='ltr' id='par_1_107' title="bbox 293 5808 903 5874">
     <span class='ocr_line' id='line_1_107' title="bbox 293 5808 903 5874; baseline -0.002 -11"><span class='ocrx_word' id='word_1_881' title='bbox 293 5817 313 5848; x_wconf 77' lang='grc' dir='ltr'><em>τ</em></span> <span class='ocrx_word' id='word_1_882' title='bbox 343 5808 402 5863; x_wconf 83' lang='lat' dir='ltr'><strong>V.</strong></span> <span class='ocrx_word' id='word_1_883' title='bbox 438 5810 903 5874; x_wconf 77' lang='lat' dir='ltr'><strong>prwnmitiavcrat.</strong></span> 
     </span>
    </p>
   </div>
   <div class='ocr_carea' id='block_1_108' title="bbox 1242 5698 1679 5770">
    <p class='ocr_par' dir='ltr' id='par_1_108' title="bbox 1242 5698 1679 5770">
     <span class='ocr_line' id='line_1_108' title="bbox 1242 5698 1679 5770; baseline -0.002 -16"><span class='ocrx_word' id='word_1_884' title='bbox 1242 5701 1286 5735; x_wconf 68' lang='lat'><strong>9°</strong></span> <span class='ocrx_word' id='word_1_885' title='bbox 1305 5698 1522 5770; x_wconf 77' lang='grc' dir='ltr'>ἀνύησι,</span> <span class='ocrx_word' id='word_1_886' title='bbox 1546 5706 1679 5753; x_wconf 81' lang='lat' dir='ltr'><strong>erat.</strong></span> 
     </span>
    </p>
   </div>
  </div>
