3870 6550
460 411 562 478 571

1339 426 1925 491 ΤΠΕΟΡΗΥΙΑΟΤΙ
1967 430 2379 495 BULGARI/E
2417 435 2774 499 ARCHIEP.

3615 432 3710 502 διε

532 525 706 593 Dixit,
748 536 854 585 etc.
900 529 1216 600 Prophetam
1246 542 1301 587 ut
1342 550 1442 588 me.
1475 535 1746 592 Caeterum
1781 539 1926 608 quod
1960 540 2041 594 di-

2222 541 2650 618 [ΚΥΡΙΛΔΟΥ.]
2672 545 2893 612 Εἰπὼν,
2917 544 2937 575 ³
2968 545 3290 615 Προφήτην
3309 546 3390 614 ὡς
3408 546 3519 617 ἐμὲ
3533 564 3548 581 -
3569 548 3707 603 τὸδὲ.

462 620 560 683 cit,
596 629 653 673 ut
686 635 792 683 me,
818 636 924 676 non
958 622 1023 677 de
1045 634 1266 689 natura,
1302 626 1396 680 sed
1421 626 1489 681 de
1522 630 1735 684 actione
1766 631 2044 701 accipien-

461 708 591 764 dutn
623 720 677 766 et
708 711 1123 782 intelligendum
1168 724 1273 771 est.
1326 716 1442 772 Non
1484 719 1649 788 igitur
1682 730 1903 788 natura,
1944 724 2038 778 sed

466 801 631 857 rebus
660 803 856 871 gestis.
885 802 1018 858 Nam
1050 806 1096 860 si
1128 808 1369 862 essentia
1414 816 1581 879 atque
1619 820 1838 874 natura,
1864 811 2042 868 dixis-

464 900 571 953 set,
604 901 663 946 ut
688 909 813 948 me:
850 910 955 949 non
986 912 1130 952 unus
1158 899 1520 966 surrexisset,
1562 904 1656 956 sed
1699 904 1875 957 multi.
1910 901 2045 959 Pro-

459 985 669 1050 phetam
718 985 971 1039 excitabit
1011 987 1153 1042 vobis
1205 989 1483 1054 Dominus,
1509 999 1614 1046 etc.
1647 992 1913 1059 Propheta
1944 1011 2044 1049 no-

461 1073 703 1130 minatus
735 1084 819 1131 est
844 1076 1165 1134 Emmanuel
1189 1090 1411 1149 prOpter
1437 1082 1728 1139 humanam
1756 1095 2039 1139 naturam.

458 1167 553 1236 qui
592 1179 849 1237 tanquam
880 1171 999 1226 loco
1029 1171 1230 1243 Moysis
1255 1172 1346 1229 Dei
1374 1181 1429 1229 et
1461 1175 1742 1231 hominum
1780 1165 2046 1233 mediator

461 1268 515 1312 et
541 1259 875 1316 intercessor
896 1273 999 1317 cst.
1030 1264 1269 1319 Dixerim
1301 1268 1446 1321 enim
1479 1271 1783 1324 eumetiam
1821 1269 2041 1341 Moysen

460 1368 586 1405 eum
619 1352 801 1424 Moyse
836 1366 863 1393 ιι
899 1372 992 1423 per
1017 1357 1433 1412 similitudinem
1473 1372 1882 1430 comparatum:
1916 1378 2040 1416 cum

464 1444 656 1498 umbra
692 1445 941 1499 videlicet
976 1448 1285 1502 veritatem.
1317 1448 1577 1504 Nascitur
1602 1453 1747 1505 enim
1788 1452 2044 1509 Christus

461 1539 518 1592 in
570 1539 871 1604 Bethleem,
914 1541 1075 1596 sicuti
1103 1541 1315 1615 Moyses
1374 1546 1430 1599 in
1480 1543 1720 1616 Egypto
1752 1565 1768 1613 ;
1798 1546 2042 1602 Israelita

460 1633 555 1688 ille
612 1634 733 1698 fuit,
788 1637 951 1691 etiam
997 1638 1085 1692 hic
1113 1639 1259 1709 quod
1296 1639 1490 1694 attinet
1529 1641 1597 1695 ad
1642 1657 1865 1696 carnem
1908 1660 1922 1708 ;
1972 1642 2043 1698 de

460 1741 660 1796 genere
689 1736 870 1783 autem
904 1728 995 1783 ille
1017 1731 1364 1798 sacerdotali,
1415 1733 1505 1787 hic
1529 1737 1594 1788 de
1623 1735 1821 1790 Davide
1847 1737 2041 1790 oriun-

459 1820 565 1875 dus
589 1831 812 1890 propter
828 1819 1107 1892 Virginem
1130 1842 1144 1889 ;
1171 1824 1381 1880 Pharao
1412 1827 1662 1896 regnavit
1689 1829 1836 1883 illius
1862 1837 2039 1894 aetate,

459 1912 626 1979 ltuj'ozs
653 1912 927 1981 Herodes;
963 1916 1201 1972 infantes
1228 1918 1319 1972 ille
1345 1918 1488 1972 tollit
1520 1961 1535 1984 ,
1577 1920 1667 1973 hic
1693 1919 1932 1975 infantes
1957 1921 2041 1975 in-

457 2003 656 2057 terﬁcit
681 2021 696 2070 ;
736 2007 1008 2061 masculos
1031 2008 1140 2072 ille,
1166 2010 1444 2065 masculos
1466 2019 1520 2064 et
1542 2010 1667 2077 hic;
1699 2027 1793 2081 per
1817 2021 2045 2075 matrem

460 2095 552 2149 ille
576 2104 866 2164 servatur;
900 2113 994 2167 per
1022 2109 1251 2154 matrem
1269 2109 1324 2157 et
1345 2117 1451 2156 una
1480 2117 1605 2156 cum
1641 2114 1818 2158 matre
1865 2119 2048 2158 serva-

458 2199 550 2245 tus
584 2198 670 2246 est
694 2192 860 2247 etiam
886 2193 995 2249 hic.
1032 2193 1278 2250 Tolletur
1310 2195 1381 2250 de
1403 2196 1625 2267 populo.
1655 2195 1792 2252 Cum
1824 2198 2050 2251 immor-

458 2283 586 2338 talis
625 2283 697 2339 sit
730 2285 913 2339 anima
948 2286 1211 2352 hominis,
1249 2302 1360 2342 non
1397 2303 1628 2358 prorsus
1655 2304 1719 2344 ac
1754 2290 1916 2359 plane
1941 2290 2047 2345 tol-

459 2372 595 2426 litur
635 2364 705 2428 ac
736 2373 986 2448 disperit,
1026 2376 1124 2432 sed
1173 2391 1239 2431 ex
1278 2376 1426 2432 bono
1475 2379 1714 2448 quodam
1756 2380 1951 2434 ordine
1980 2394 2047 2435 ac

457 2460 604 2527 loco,
639 2463 732 2518 ubi
761 2462 963 2536 [prius]
989 2473 1107 2519 erat
1131 2465 1420 2531 collocata,
1451 2465 1736 2539 [ejicitnr].
1760 2467 1854 2523 Sic
1880 2471 2044 2525 etiam

457 2550 632 2608 Judas
660 2554 871 2622 ejectus
906 2564 959 2610 et
992 2564 1174 2612 motus
1217 2564 1302 2612 est
1336 2558 1528 2612 ordine
1554 2567 1608 2613 et
1630 2570 1771 2614 οστιιι
1820 2571 2045 2630 aposto-

458 2645 659 2700 lorum.
697 2646 967 2713 Quoniam
1006 2649 1174 2718 igitur
1216 2649 1548 2704 immortalis
1590 2661 1675 2706 est
1706 2652 1913 2715 anima,
1950 2668 2046 2722 per

461 2737 978 2792 exterminationem
1028 2749 1083 2793 et
1115 2739 1440 2810 ejectionem
1495 2741 1616 2810 ejus
1664 2743 2042 2812 intelligimus,

458 2845 579 2885 eam
604 2831 861 2886 excidere
900 2842 1059 2902 atque
1091 2834 1293 2902 privari
1342 2834 1522 2897 bonis,
1556 2835 1760 2902 quibus
1793 2838 2043 2891 futurum

462 2930 604 2987 erat,
643 2931 704 2975 ut
752 2924 1048 2990 frueretur,
1103 2925 1152 2979 si
1190 2926 1373 2990 modo,
1411 2937 1467 2980 ut
1503 2926 1648 2982 Deus
1682 2929 2041 2997 praescripsit,

460 3014 628 3066 vitam
666 3017 1041 3083 transegisset.
1070 3014 1179 3071 Vos
1201 3017 1336 3071 estis
1356 3016 1448 3070 lilii
1481 3018 1889 3086 prophetarum.
1917 3020 2045 3075 Pro-

462 3103 750 3173 phetarum
778 3104 927 3169 dicit,
982 3120 1080 3175 pro
1109 3121 1175 3161 eo
1222 3108 1369 3176 quod
1396 3118 1518 3163 est:
1550 3111 1669 3165 Non
1698 3112 1883 3166 animo
1914 3128 2043 3167 con-

2148 631 2223 696 ὠς
2250 634 2373 702 ἐμὲ,
2417 634 2518 688 οὐκ
2550 636 2644 688 ἐπὶ
2674 636 2773 705 τῆς
2806 634 3043 704 φύσεως,
3068 637 3184 691 ἀλλ’
3224 639 3317 692 ἐπὶ
3337 639 3438 709 τῆς
3473 640 3708 711 πράξεως

2142 724 2460 795 ἑκληπτέον.
2479 728 2555 780 Οὐ
2579 729 2677 797 τῆς
2705 727 2891 794 οὐσίας
2917 728 3031 794 οὖν,
3050 729 3187 785 ἀλλά
3198 730 3347 795 τοῖςι
3369 731 3709 803 πράγμασιν

2143 816 2193 868 εί
2216 816 2346 887 γὰρ,
2376 820 2442 889 τῇ
2468 818 2648 890 οὐσίᾳ,
2680 818 2807 890 ἔφη,
2831 819 2909 884 ὡς
2941 820 3066 891 ἐμὲ,
3088 822 3187 891 οὐχ
3210 816 3292 885 εἷς
3321 822 3552 894 ἀνέστη,
3589 822 3711 880 ἀλλὰ

2144 906 2352 961 πολλοί.
2396 908 2720 978 Προφήτην
2759 909 2901 979 ὑμῖν
2932 910 3273 980 ἀναστήσει
3306 914 3553 982 Κύριος.
3587 916 3712 987 Προ-

2145 998 2325 1069 φήτης
2348 998 2664 1069 ὠνόμασται
2695 999 2783 1054 διὰ
2818 1000 2877 1054 τὸ
2903 1001 3251 1072 ἀνθρώπινον
3278 1006 3308 1058 ὁ
3342 1004 3709 1079 Ἐμμανουήλ,

2141 1090 2170 1140 ὁ
2219 1088 2293 1153 ὡς
2326 1094 2384 1144 ὲν
2409 1089 2559 1157 τάξει
2589 1092 2868 1155 Μωῦσέως
2900 1094 2921 1125 ⁸
2956 1095 3183 1165 μεσίτης
3229 1094 3367 1149 Θεοῦ
3392 1100 3489 1152 καὶ
3516 1097 3713 1168 ἀνθρὼο

2146 1202 2262 1236 πων
2282 1201 2296 1214 ·
2326 1184 2495 1256 φαίην
2522 1185 2633 1256 γὰρ
2674 1183 2741 1238 ἂν
2768 1186 2935 1240 αὑτὸν
2984 1188 3079 1241 καὶ
3111 1188 3345 1242 Μωσέα·
3399 1191 3643 1260 Μωῦσῆν
3661 1191 3711 1245 ιν

2145 1277 2430 1347 παραδολῇ
2477 1277 2925 1347 συγκρινόμενον,
2959 1282 3024 1351 τῇ
3073 1282 3203 1351 σκιᾷ
3235 1282 3266 1350 ἡ
3298 1280 3555 1351 ἀλήθεια.
3600 1283 3636 1335 Γ
3638 1301 3713 1337 εν-

2144 1368 2303 1419 vacat
2348 1368 2456 1438 γὰρ
2488 1369 2542 1420 ὲν
2569 1367 2821 1438 Βηθλεὲμ
2849 1371 2876 1422 ὁ
2915 1368 3173 1439 Χριστὸς,
3221 1369 3296 1433 ὡς
3331 1374 3359 1424 ὁ
3406 1372 3617 1440 Μωσῆς
3661 1374 3711 1425 ἐν

2144 1460 2406 1530 Αἰγύπτῳ
2426 1476 2440 1492 ’
2495 1459 2837 1531 Ἰσραηλίτης
2870 1461 3100 1525 ἐκεῖνος,
3127 1455 3285 1526 οὗτος
3327 1463 3389 1516 τὸ
3414 1463 3559 1516 κατὰ
3592 1463 3714 1533 σὰρ-

2146 1570 2217 1606 κα
2238 1592 2254 1616 ,
2290 1555 2355 1605 ὲκ
2383 1552 2574 1620 γένους
2621 1552 2676 1605 δὲ
2713 1552 3017 1623 ἱερατικοῦ,
3046 1548 3204 1617 οὗτος
3226 1557 3290 1607 ὲκ
3319 1554 3488 1607 Δαόὶδ
3507 1556 3597 1609 διὰ
3627 1558 3714 1626 τὴν

2146 1642 2443 1713 Παρθένον.
2472 1642 2673 1713 Φαραὼ
2702 1643 2788 1695 ἐπ’
2817 1643 3051 1707 ἐκείνου,
3094 1643 3340 1714 Ἡρώδης
3379 1646 3475 1697 ἐπὶ
3501 1645 3711 1699 τούτου·

2147 1734 2322 1807 βρέφη
2354 1735 2568 1805 φονεύει
2599 1736 2831 1798 ἐκεῖνος,
2870 1735 3044 1808 βρέφη
3098 1730 3255 1800 οὗτος
3286 1738 3531 1806 ἀναιρεῖ·
3558 1741 3716 1810 appa-

2146 1825 2270 1879 νικὰ
2299 1827 2527 1890 ἐκεῖνος,
2551 1825 2819 1897 ἀρρενικὰ
2847 1825 2941 1879 καὶ⁸
2966 1817 3121 1887 οὗτος
3144 1842 3159 1856 ο
3187 1825 3274 1879 διὰ
3305 1828 3516 1897 μητρὸς
3551 1827 3713 1892 σώζε-

2150 1936 2237 1973 ται
2266 1919 2496 1981 ἐκεῖνος,
2526 1918 2613 1972 διὰ
2653 1916 2860 1990 μητρὸς
2890 1917 3071 1985 ἐσώθη
3104 1918 3198 1971 καὶ
3229 1920 3368 1987 μετά
3395 1919 3609 1987 μητρὸς
3632 1912 3713 1972 οὗ·

2149 2027 2259 2074 τος.
2298 2009 2845 2080 Ἐξολοθρευθήσεται
2895 2011 2958 2063 ὲκ
2998 2009 3094 2062 τοῦ
3152 2009 3304 2063 λαοῦ.
3345 2009 3714 2083 [ΔΙΔΥΜΟΥ.]

2160 2101 2451 2163 ⁹Αθάναως
2473 2100 2609 2154 οὖσα
2635 2099 2729 2152 τοῦ
2769 2099 3058 2170 ἀνθρώπου
3099 2101 3133 2171 ἡ
3170 2100 3339 2170 ψυχὴ,
3381 2102 3442 2153 οὐ
3472 2099 3715 2167 καθάπαξ

2147 2193 2578 2265 ὲξολοθρεύεται,
2603 2191 2721 2245 ἀλλ’
2756 2190 2821 2244 ἐκ
2848 2209 2995 2253 τινος
3016 2193 3296 2261 τάγματος
3331 2192 3561 2260 ἀγαθοῦ,
3590 2195 3711 2247 ὅπου

2146 2281 2215 2355 ἦν
2254 2283 2563 2354 τεταγμένη
2613 2284 2899 2354 πρότερον.
2949 2281 3106 2336 Οὖτω
3148 2283 3246 2336 καὶ
3273 2282 3478 2347 Ἰούδας
3527 2284 3711 2348 ὲξωλο-

2148 2371 2352 2444 θρεύθη
2406 2376 2470 2426 ὲκ
2520 2373 2615 2426 τοῦ
2666 2370 2829 2443 χοροῦ
2875 2372 2984 2426 τῶν
3039 2372 3383 2429 ἀποστόλων.
3425 2372 3581 2426 Ἐπεὶ
3634 2370 3716 2427 οὖν

2146 2462 2415 2527 ἀθάνατός
2433 2463 2582 2516 ἐστιν
2610 2464 2644 2533 ἡ
2676 2460 2846 2533 ψυχὴ,
2872 2460 3251 2532 ὲξολόθρευσιν
3303 2462 3473 2531 αὐτῆς
3495 2462 3712 2529 νοοῦμεν

2147 2557 2207 2609 τὸ
2242 2556 2346 2622 ἔξω
2372 2553 2629 2622 γενέσθαι
2651 2554 2757 2607 τῶν
2780 2552 3023 2621 ἀγαθῶν,
3052 2546 3127 2608 ὧν
3153 2553 3384 2624 ἔμελλεν
3406 2554 3714 2619 ἀπολαύειν,

2146 2652 2263 2720 εἴγε
2295 2648 2614 2717 θεοπρεπῶς
2650 2645 3060 2701 ἐπολιτεύσατο.
3107 2646 3297 2717 ’Υμεῐς
3340 2648 3464 2699 ἐστε
3492 2649 3599 2699 υἱοὶ
3620 2648 3711 2700 τῶν

2147 2739 2465 2811 προφητῶν.
2504 2739 2804 2810 Προφητῶν
2834 2736 2983 2806 λέγει
3004 2777 3020 2800 ,
3053 2737 3175 2793 ἀντὶ
3203 2736 3321 2799 τοῦ,
3373 2737 3449 2808 μὴ
3477 2738 3712 2791 πτοεῖσθε

2148 2833 2284 2904 μηδὲ
2317 2831 2568 2901 νομίζετε
2597 2830 2618 2863 ⁸
2638 2831 2721 2883 δεῖ
2749 2830 3149 2897 ἀλλοτριῶσθαι
3173 2830 3401 2893 ἑαυτοὺς
3416 2830 3526 2883 τῶν
3549 2834 3713 2898 ἐπαγ-

2147 2924 2364 2994 γε).ιιῖ›ν.
2390 2923 2583 2993 Ὑμεῖς
2615 2923 2739 2975 ἐστε
2770 2921 2876 2975 uio).
2905 2919 3015 2975 τῶν
3057 2921 3354 2992 προφητῶν
3373 2938 3388 2952 θ
3423 2920 3563 2973 ὥστε
3596 2921 3713 2991 ὑμῖν

2145 3016 2351 3083 ἔλεγον,
2376 3016 2467 3067 καὶ
2490 3013 2559 3066 δι’
2590 3014 2734 3081 ὑμᾶς
2750 3011 2925 3065 ταῦτα
2950 3011 3161 3080 γέγονε.
3194 3012 3261 3064 Τί
3289 3014 3460 3080 ἐστιν,
3493 3011 3603 3065 υἱοὶ
3626 3011 3714 3081 τῆς

2145 3106 2447 3177 διαθήκης,
2492 3106 2640 3175 Ἀντὶ
2668 3104 2785 3171 τοῦ,
2815 3103 3164 3173 κληρονόμου
3188 3103 3520 3175 κληρονόμοι
3552 3102 3631 3165 δὲ,
3656 3101 3710 3155 οὗ

464 3196 702 3251 sternari
734 3205 781 3259 ',
832 3212 1009 3265 neque
1062 3198 1385 3255 existimare
1438 3210 1653 3270 oportet
1706 3219 1800 3257 vos
1832 3205 2039 3259 alienos

2153 3201 2477 3270 προσφάτως
2503 3197 2894 3267 ἐγγραφέντες,
2940 3196 3058 3249 ἀλλ’
3088 3196 3163 3260 ὡς
3197 3195 3326 3261 υίοὶ,
3350 3195 3530 3258 ἄλλως
3576 3211 3636 3248 τε
3659 3194 3711 3247 δὲ

464 3285 641 3340 laetos
690 3301 813 3340 esse
856 3287 1313 3355 promissionum.
1352 3288 1459 3345 Vos
1489 3293 1624 3359 estis
1668 3292 1762 3346 lilii
1807 3295 2044 3364 prophe-

465 3390 668 3431 tarum.
707 3377 891 3446 Itaque
932 3378 1087 3432 vobis
1122 3379 1404 3445 dicebant,
1444 3397 1508 3436 ac
1543 3392 1767 3452 promer
1794 3400 1897 3440 vos
1929 3385 2045 3440 haec

466 3470 606 3523 facta
634 3479 783 3525 sunt.
812 3471 950 3536 Quid
988 3483 1093 3539 cst,
1136 3473 1228 3525 lilii
1261 3476 1622 3530 testamenti?
1648 3492 1746 3546 pro
1780 3492 1867 3542 eo,
1901 3476 2045 3545 quod

458 3569 548 3615 est
573 3562 832 3628 lraeredes,
868 3565 1110 3619 lncrcdes
1144 3575 1349 3632 autem,
1400 3584 1506 3622 non
1541 3585 1736 3625 recens
1791 3585 1853 3623 ac
1885 3570 2047 3625 modo

376 3646 381 3651 ’
464 3654 653 3721 scripti
688 3672 704 3712 :
735 3657 828 3709 sed
850 3664 1110 3726 tanquam
1138 3659 1259 3724 lilii,
1292 3668 1455 3730 atque
1477 3662 1742 3729 alioquin,
1776 3672 1833 3716 ut
1865 3672 2047 3718 osten-

466 3745 581 3812 dat,
606 3755 879 3814 quatenus
919 3749 1044 3816 jure
1095 3752 1435 3819 adeptionis.
1487 3752 1653 3817 Quasi
1702 3753 1951 3808 diceret:
1983 3753 2041 3808 Si

462 3834 631 3905 igitur
662 3848 717 3891 et
747 3854 844 3894 vos
872 3841 974 3910 ipsi
1008 3843 1192 3905 vultis,
1221 3844 1467 3901 lmredes
1496 3846 1652 3900 estis.
1694 3845 1908 3900 Idcirco
1947 3864 2043 3905 vos

460 3930 617 3995 estis,
649 3929 755 4000 43
799 3933 997 4000 inquit,
1049 3933 1141 3987 lilii
1188 3936 1578 4004 prophetarum
1622 3948 1674 3991 et
1706 3941 2043 3996 testamenti.

460 4017 646 4072 Jcsum
678 4021 849 4088 misit,
889 4024 983 4091 qui
1032 4025 1384 4082 benediceret
1420 4030 1595 4084 vobis.
1631 4029 1777 4085 Misit
1820 4033 2039 4101 quidem

462 4112 625 4164 etiam
650 4113 796 4176 aliis,
828 4115 924 4169 sed
957 4117 1110 4183 prius
1142 4120 1315 4185 vobis,
1354 4123 1445 4192 qui
1479 4124 1835 4180 crncilixistis
1866 4134 1918 4178 et
1955 4126 2041 4179 in-

459 4199 772 4257 terfecistis.
805 4204 1138 4275 Ecquando?
1184 4224 1252 4263 an
1276 4225 1338 4263 ex
1366 4225 1530 4266 cruce
1554 4213 1863 4269 duntaxat?
1913 4217 2047 4285 quin

2144 3294 2232 3346 ἵνα
2272 3292 2421 3363 δείξῃ
2460 3291 2541 3343 ὅτι
2573 3291 2695 3343 ὅσον
2737 3289 2846 3343 ἀπὸ
2874 3288 2975 3358 τῆς
3022 3287 3333 3351 υἱοθεσίας,
3363 3287 3428 3341 Εἰ
3474 3289 3582 3358 ἄρα
3627 3285 3711 3340 καὶ

2143 3383 2294 3437 αὐτοὶ
2327 3381 2604 3451 βούλεσθε,
2638 3380 2969 3452 κληρονόμοι
3019 3380 3167 3435 ἐστέ.
3199 3378 3300 3432 Διά
3333 3378 3494 3433 τοῦτο
3532 3394 3709 3448 φησιν,

2153 3474 2344 3544 Ὑμεῖς
2374 3474 2495 3525 ἔστε
2528 3474 2633 3525 υἱοὶ
2667 3473 2775 3525 τῶν
2820 3472 3115 3543 προφητῶν
3166 3471 3262 3525 καὶ
3303 3470 3406 3541 τῆς
3439 3470 3709 3541 διαθήκης.

2158 3566 2367 3637 Ἰησοῦν
2390 3564 2451 3617 ὃν
2486 3563 2807 3619 ἀπέστειλεν
2839 3562 3167 3633 εὐλογοῦντα
3202 3563 3370 3633 ὑμᾶς.
3413 3562 3710 3616 Ἀπέστειλε

2153 3659 2251 3730 μὲν
2291 3658 2400 3727 γὰρ
2423 3658 2655 3728 ἑτέροις,
2698 3654 2813 3710 ἀλλ’
2837 3655 2966 3726 ὑμῖν
3016 3654 3281 3728 πρότερον
3314 3657 3431 3718 τοῖς
3484 3651 3714 3723 σταυρὼσ

2153 3767 2277 3803 σασι
2305 3751 2400 3803 καὶ
2436 3747 2813 3802 ἀποκτείνασι.
2845 3745 2951 3801 Καὶ
2977 3746 3145 3812 πότε;
3184 3745 3322 3800 Ἀπὸ
3359 3745 3455 3798 τοῦ
3493 3741 3713 3813 σταυροῦ

2153 3845 2343 3913 μόνους
2375 3843 2510 3895 ἀλλά
2540 3842 2635 3894 καὶ
2686 3840 2823 3910 μετὰ
2849 3839 3025 3894 ταῦτα
3049 3841 3144 3894 καὶ
3199 3840 3337 3911 μετὰ
3364 3840 3463 3911 τὴν
3494 3841 3713 3894 ἀνάστα·

2152 3954 2257 3993 σιν.
2303 3938 2413 3991 Καὶ
2439 3934 2571 4006 γὰρ,
2612 3935 2797 4006 φησὶν,
2828 3935 2960 4003 ὑμῖν
2994 3933 3211 4006 πρῶτον
3237 3933 3550 4004 ἀναστήσας
3590 3930 3712 3986 ἀπέ-

2150 4030 2348 4093 στειλε,
2391 4030 2444 4081 τί
2478 4028 2735 4096 ποιῆσαις
2767 4027 3073 4098 Εὐλογῆσαι
3105 4027 3251 4096 ὑμᾶς
3293 4025 3391 4079 καὶ⁵
3431 4023 3620 4085 σῶσαι,
3653 4020 3711 4073 ἃν

2148 4121 2258 4191 ἄρα
2275 4121 2365 4174 καὶ
2390 4121 2544 4175 αὐτοὶ
2567 4118 2779 4173 ἕλοισθε
2802 4118 3153 4191 ἀποστρέψαι
3182 4115 3293 4171 ἀπὸ
3313 4115 3425 4170 τῶν
3445 4112 3712 4186 ἁμαρτιῶν

2158 4215 2188 4267 ὑ
2197 4214 2333 4283 μῶν.

456 4293 622 4349 etiam
648 4309 856 4365 postea,
881 4308 1114 4370 postque
1153 4305 1637 4361 resurrectionem.
1678 4308 1892 4363 Etenim
1976 4309 2129 4363 vobis
2198 4306 2456 4377 primum,
2499 4303 2700 4375 inquit,
2753 4302 3140 4358 resuscitatum
3227 4301 3427 4357 misit:
3478 4298 3604 4370 quid
3656 4307 3709 4399 ut

457 4384 705 4443 faceret?
751 4399 808 4445 ut
849 4391 1197 4450 benediceret
1244 4398 1421 4464 vobis,
1473 4406 1530 4452 ut
1563 4409 1810 4455 servaret
1836 4415 1956 4462 vos,
1987 4401 2033 4455 si
2073 4400 2264 4470 utique
2319 4398 2484 4454 etiam
2546 4396 2652 4467 ipsi
2705 4395 2991 4451 volueritis
3037 4393 3307 4450 desistere
3384 4406 3415 4446 a
3493 4389 3712 4463 peccatis

455 4481 679 4537 vestris.

1071 4576 1305 4633 CAPUT
1347 4579 1432 4637 lV.

529 4661 695 4721 Vens.
732 4666 781 4718 l.
826 4665 1107 4722 Facieutes
1148 4681 1322 4725 autem
1359 4672 1481 4727 illos
1520 4674 1590 4727 ad
1636 4674 1889 4743 populum
1928 4674 2038 4727 lucc

338 4760 347 4799 ξ
455 4755 639 4820 verba,
692 4760 867 4813 subito
915 4761 1206 4817 interventu
1253 4781 1347 4818 suo
1384 4776 1752 4833 oppresserunt
1794 4775 1845 4819 et
1879 4767 2042 4819 inter-

456 4849 782 4915 pellaverunt
811 4853 1109 4908 sacerdotes
1143 4872 1262 4909 cum
1302 4858 1552 4925 pm'sidio
1583 4857 1784 4926 templi,
1811 4868 1861 4911 et
1896 4857 2038 4912 Sad-

458 4938 651 5003 (litari,

534 5031 693 5087 Vens.
730 5032 785 5087 2.
825 5032 1029 5103 ΟιΤειιεί
1065 5047 1339 5105 propterea
1362 5040 1501 5107 quod
1537 5041 1622 5094 illi
1666 5043 1916 5111 populum
1948 5042 2043 5093 do-

457 5134 629 5178 cerent
658 5133 706 5186 ι.
744 5135 793 5180 et
831 5130 1213 5187 annuntiarent
1248 5146 1343 5199 per
1376 5130 1562 5187 Iesum
1606 5136 2039 5188 resurrectionem

460 5224 787 5271 mortuorum
811 5234 832 5273 :

535 5308 700 5367 Vens.
751 5313 804 5367 ὅ.
849 5312 956 5379 Qui
995 5312 1287 5383 injeceruut
1337 5316 1445 5371 illis
1478 5334 1686 5381 manus,
1723 5327 1773 5372 et
1812 5318 2046 5373 tradide-

2758 4574 3015 4630 ΚΕΦΑΛ.
3047 4576 3126 4628 A'.

2216 4671 2579 4728 Λαλούντων
2603 4668 2675 4722 δὲ
2723 4667 2922 4723 αὐτῶν
2978 4667 3128 4738 πρὸς
3155 4666 3263 4721 τὸν
3285 4666 3444 4721 λαὸν
3477 4667 3498 4699 ⁷
3528 4667 3593 4720 τὰ
3603 4664 3708 4734 ῥή-

2138 4782 2300 4837 ματα
2352 4763 2541 4818 ταῦτα
2587 4762 2945 4828 ἐπέστησαν
2973 4761 3176 4825 αὐτοῖς
3230 4762 3284 4814 οι
3320 4759 3498 4827 lapsi};
3565 4755 3650 4812 καὶ
3676 4756 3709 4808 ό

2145 4857 2403 4925 στρατὸς
2428 4854 2574 4909 ’τοῦ
2614 4854 2774 4922 ἱεροῦ
2806 4854 2905 4908 καί
2939 4855 2994 4908 οί
3028 4852 3449 4918 Σαδδουκαῖοι,

2216 5040 2686 5106 Δωπονοὺμενοι
2734 5037 2834 5091 διὰ
2883 5036 2949 5091 τὸ
2989 5018 3306 5091 διδάσκειν
3345 5035 3567 5101 αὐτοὺς
3610 5031 3705 5086 τὸν

2151 5134 2327 5199 λαὸν,
2370 5131 2468 5184 καὶ
2495 5127 2931 5198 καταγγέλλειν
2976 5127 3047 5181 ἐν
3081 5127 3161 5193 τῷ
3194 5126 3406 5195 Ἰησοῦ
3438 5126 3549 5195 τὴν
3572 5117 3700 5178 ἀνάο

2153 5241 2379 5280 στασιν
2399 5223 2517 5277 τῶν
2545 5219 2777 5290 νεκρῶν
2803 5223 2848 5274 ⁸.

2228 5314 2335 5371 Kal
2369 5314 2670 5368 ἐπέϐαλον
2699 5309 2904 5377 αὐτοῖς
2942 5309 3051 5374 τὰς
3098 5326 3326 5380 κείρας,
3387 5310 3485 5364 καί
3522 5308 3701 5363 ἔθεντο

1626 5455 1826 5516 Vat-ite
1868 5454 2183 5517 lectiones
2225 5460 2289 5516 et
2331 5458 2523 5514 notae.

532 5601 551 5631 ³
583 5594 757 5666 εἶπεν,
790 5602 878 5657 ῑσ.

979 5605 1001 5638 ⁸
1031 5604 1199 5660 Lacus
1229 5618 1526 5674 corruptus.
1603 5608 1625 5640 ⁸
1654 5606 1937 5670 Μωῦσέος,
1974 5623 2057 5660 era

2203 5607 2224 5638 ⁸
2249 5606 2338 5659 ισ.
2364 5602 2646 5674 πτοεῖσθαι
2664 5601 2804 5674 μηδὲ
2835 5595 3153 5674 νομίζεσθαι
3200 5596 3301 5651 δεῖ.
3324 5595 3387 5674 ἢ,
3432 5595 3691 5674 ωμίςηῖςς

460 5671 486 5722 δ
502 5673 546 5759 ἢὲ
567 5670 626 5735 ἢ,
664 5660 1223 5759 δείνᾲλλοτριοῦσθαι,
1241 5660 1636 5759 ἀναγνωστέον.
1655 5660 1670 5662 _
1713 5678 1734 5709 ⁷
1758 5660 1873 5732 ista
1897 5660 2057 5730 'd'esidt

2152 5675 2353 5729 nturin
2380 5673 2629 5744 vulgatis.
2664 5660 2676 5674 ’
2705 5660 2813 5726 ⁸’Ὂ
2862 5660 3189 5741 στρατηγὸς,
3252 5660 3417 5722 estin
3473 5660 3689 5735 vulgatis.

473 5754 479 5762 ‘
518 5739 582 5793 lu
610 5740 836 5813 vulgatis
860 5739 966 5811 est,
994 5746 1091 5815 τὴν
1119 5748 1183 5800 ὲκ
1210 5739 1472 5818 ⁷νεκρῶν.

542 5866 565 5891 ’³
610 5854 777 5910 Locus
803 5868 1081 5926 corruptus
1094 5900 1105 5912 .

1182 5868 1204 5892 τ
1234 5857 1402 5915 Locus
1431 5872 1728 5929 corruptus.
1820 5869 1846 5898 ι
1881 5859 1942 5912 V.
1980 5856 2393 5929 dolentes,ouod
2416 5858 2680 5913 docerent.
