  <div class='ocr_page' id='page_1' title='image "/cluster/home/n/w/nwhite01/storage/ocr_20150623/125/hvd.32044019208214/326.png"; bbox 0 0 3870 6550; ppageno 0'>
   <div class='ocr_carea' id='block_1_1' title="bbox 187 398 286 463">
    <p class='ocr_par' dir='ltr' id='par_1_1' title="bbox 187 398 286 463">
     <span class='ocr_line' id='line_1_1' title="bbox 187 398 286 463; baseline 0.02 -2"><span class='ocrx_word' id='word_1_1' title='bbox 187 398 286 463; x_wconf 79' lang='lat'><strong>531</strong></span> 
     </span>
    </p>
   </div>
   <div class='ocr_carea' id='block_1_2' title="bbox 938 407 2744 475">
    <p class='ocr_par' dir='ltr' id='par_1_2' title="bbox 938 407 2744 475">
     <span class='ocr_line' id='line_1_2' title="bbox 938 407 2744 475; baseline 0.002 -5"><span class='ocrx_word' id='word_1_2' title='bbox 938 409 1341 471; x_wconf 84' lang='lat' dir='ltr'><strong>EXPOSITIO</strong></span> <span class='ocrx_word' id='word_1_3' title='bbox 1376 409 1459 470; x_wconf 88' lang='lat' dir='ltr'><strong>IN</strong></span> <span class='ocrx_word' id='word_1_4' title='bbox 1498 409 1683 470; x_wconf 82' lang='lat' dir='ltr'><strong>ACTA</strong></span> <span class='ocrx_word' id='word_1_5' title='bbox 1727 407 2303 473; x_wconf 79' lang='lat' dir='ltr'><strong>APOSTOLORUM.</strong></span> <span class='ocrx_word' id='word_1_6' title='bbox 2338 439 2403 448; x_wconf 89' lang='grc'><strong>--</strong></span> <span class='ocrx_word' id='word_1_7' title='bbox 2444 414 2602 474; x_wconf 85' lang='lat' dir='ltr'><strong>CAP.</strong></span> <span class='ocrx_word' id='word_1_8' title='bbox 2648 415 2744 475; x_wconf 84' lang='lat' dir='ltr'><strong>IV.</strong></span> 
     </span>
    </p>
   </div>
   <div class='ocr_carea' id='block_1_3' title="bbox 3339 420 3446 487">
    <p class='ocr_par' dir='ltr' id='par_1_3' title="bbox 3339 420 3446 487">
     <span class='ocr_line' id='line_1_3' title="bbox 3339 420 3446 487; baseline 0.037 -4"><span class='ocrx_word' id='word_1_9' title='bbox 3339 420 3446 487; x_wconf 74' lang='lat'><strong>582</strong></span> 
     </span>
    </p>
   </div>
   <div class='ocr_carea' id='block_1_4' title="bbox 192 508 1769 597">
    <p class='ocr_par' dir='ltr' id='par_1_4' title="bbox 192 508 1769 592">
     <span class='ocr_line' id='line_1_4' title="bbox 192 508 1769 592; baseline 0.005 -27"><span class='ocrx_word' id='word_1_10' title='bbox 192 508 430 570; x_wconf 66' lang='grc' dir='ltr'>σκαλίαν</span> <span class='ocrx_word' id='word_1_11' title='bbox 467 516 653 572; x_wconf 77' lang='grc' dir='ltr'>αὑτοῦ·</span> <span class='ocrx_word' id='word_1_12' title='bbox 683 516 874 574; x_wconf 84' lang='grc' dir='ltr'>τούτου</span> <span class='ocrx_word' id='word_1_13' title='bbox 908 519 1067 590; x_wconf 83' lang='grc' dir='ltr'>χάριν</span> <span class='ocrx_word' id='word_1_14' title='bbox 1097 523 1147 574; x_wconf 76' lang='lat' dir='ltr'><strong>oi</strong></span> <span class='ocrx_word' id='word_1_15' title='bbox 1184 522 1330 589; x_wconf 78' lang='grc' dir='ltr'>ἅγιοι</span> <span class='ocrx_word' id='word_1_16' title='bbox 1361 521 1651 575; x_wconf 81' lang='grc' dir='ltr'><strong>ἀπόστολοι</strong></span> <span class='ocrx_word' id='word_1_17' title='bbox 1681 520 1769 592; x_wconf 71' lang='grc' dir='ltr'><strong>τὴν</strong></span> 
     </span>
    </p>
   </div>
   <div class='ocr_carea' id='block_1_5' title="bbox 1886 508 3442 597">
    <p class='ocr_par' dir='ltr' id='par_1_5' title="bbox 1886 519 3442 597">
     <span class='ocr_line' id='line_1_5' title="bbox 1886 519 3442 597; baseline 0.008 -23"><span class='ocrx_word' id='word_1_18' title='bbox 1886 519 2109 578; x_wconf 73' lang='lat' dir='ltr'><strong>factoris</strong></span> <span class='ocrx_word' id='word_1_19' title='bbox 2161 525 2301 593; x_wconf 87' lang='lat' dir='ltr'><strong>apud</strong></span> <span class='ocrx_word' id='word_1_20' title='bbox 2372 524 2651 580; x_wconf 92' lang='lat' dir='ltr'><strong>Christum</strong></span> <span class='ocrx_word' id='word_1_21' title='bbox 2716 534 2881 596; x_wconf 81' lang='lat' dir='ltr'><strong>atque</strong></span> <span class='ocrx_word' id='word_1_22' title='bbox 2947 525 3073 597; x_wconf 78' lang='lat' dir='ltr'><strong>ejus</strong></span> <span class='ocrx_word' id='word_1_23' title='bbox 3131 528 3442 587; x_wconf 75' lang='lat' dir='ltr'><strong>doctrinam</strong></span> 
     </span>
    </p>
   </div>
   <div class='ocr_carea' id='block_1_6' title="bbox 190 603 1769 681">
    <p class='ocr_par' dir='ltr' id='par_1_6' title="bbox 190 603 1769 681">
     <span class='ocr_line' id='line_1_6' title="bbox 190 603 1769 681; baseline 0.004 -24"><span class='ocrx_word' id='word_1_24' title='bbox 190 603 406 673; x_wconf 76' lang='grc' dir='ltr'>αἳρεσιν</span> <span class='ocrx_word' id='word_1_25' title='bbox 460 606 670 677; x_wconf 89' lang='grc' dir='ltr'>ταύτην</span> <span class='ocrx_word' id='word_1_26' title='bbox 719 609 1100 678; x_wconf 75' lang='grc' dir='ltr'>ἐκκόπτοντες,</span> <span class='ocrx_word' id='word_1_27' title='bbox 1147 613 1234 666; x_wconf 80' lang='grc' dir='ltr'><strong>διὰ</strong></span> <span class='ocrx_word' id='word_1_28' title='bbox 1261 614 1360 680; x_wconf 80' lang='grc' dir='ltr'>τῆς</span> <span class='ocrx_word' id='word_1_29' title='bbox 1415 610 1585 681; x_wconf 74' lang='grc' dir='ltr'>εὐχῆς</span> <span class='ocrx_word' id='word_1_30' title='bbox 1626 629 1769 681; x_wconf 86' lang='grc' dir='ltr'>παρ-</span> 
     </span>
    </p>
   </div>
   <div class='ocr_carea' id='block_1_7' title="bbox 191 694 1773 774">
    <p class='ocr_par' dir='ltr' id='par_1_7' title="bbox 191 694 1773 774">
     <span class='ocr_line' id='line_1_7' title="bbox 191 694 1773 774; baseline 0.003 -24"><span class='ocrx_word' id='word_1_31' title='bbox 191 694 416 752; x_wconf 86' lang='grc' dir='ltr'>ιστῶσιν</span> <span class='ocrx_word' id='word_1_32' title='bbox 449 738 463 759; x_wconf 84' lang='grc'><strong>,</strong></span> <span class='ocrx_word' id='word_1_33' title='bbox 496 697 572 761; x_wconf 75' lang='grc' dir='ltr'>ὡς</span> <span class='ocrx_word' id='word_1_34' title='bbox 602 699 762 760; x_wconf 80' lang='grc' dir='ltr'>αὑτός</span> <span class='ocrx_word' id='word_1_35' title='bbox 788 702 903 754; x_wconf 85' lang='grc' dir='ltr'>ἐστι</span> <span class='ocrx_word' id='word_1_36' title='bbox 935 701 1066 765; x_wconf 76' lang='grc' dir='ltr'>Θεὸς</span> <span class='ocrx_word' id='word_1_37' title='bbox 1111 704 1438 773; x_wconf 82' lang='grc' dir='ltr'>κοσμοποιὺς</span> <span class='ocrx_word' id='word_1_38' title='bbox 1469 704 1564 756; x_wconf 83' lang='grc' dir='ltr'>καὶ</span> <span class='ocrx_word' id='word_1_39' title='bbox 1587 702 1773 774; x_wconf 80' lang='grc' dir='ltr'>Πατὴρ</span> 
     </span>
    </p>
   </div>
   <div class='ocr_carea' id='block_1_8' title="bbox 184 786 1770 866">
    <p class='ocr_par' dir='ltr' id='par_1_8' title="bbox 184 786 1770 866">
     <span class='ocr_line' id='line_1_8' title="bbox 184 786 1770 866; baseline 0.005 -28"><span class='ocrx_word' id='word_1_40' title='bbox 184 786 280 839; x_wconf 72' lang='grc' dir='ltr'>τοῦ</span> <span class='ocrx_word' id='word_1_41' title='bbox 307 787 567 859; x_wconf 75' lang='grc' dir='ltr'><strong>Σωτῆρος</strong></span> <span class='ocrx_word' id='word_1_42' title='bbox 601 789 883 860; x_wconf 82' lang='grc' dir='ltr'>ὑπάρχων·</span> <span class='ocrx_word' id='word_1_43' title='bbox 909 792 1032 845; x_wconf 82' lang='grc' dir='ltr'>καθ’</span> <span class='ocrx_word' id='word_1_44' title='bbox 1055 794 1137 845; x_wconf 84' lang='grc' dir='ltr'><strong>ὅτι</strong></span> <span class='ocrx_word' id='word_1_45' title='bbox 1170 794 1302 866; x_wconf 83' lang='grc' dir='ltr'>παρ’</span> <span class='ocrx_word' id='word_1_46' title='bbox 1334 794 1498 847; x_wconf 81' lang='grc' dir='ltr'>αὐτοῦ</span> <span class='ocrx_word' id='word_1_47' title='bbox 1526 794 1770 848; x_wconf 80' lang='grc' dir='ltr'><strong>δέδονται</strong></span> 
     </span>
    </p>
   </div>
   <div class='ocr_carea' id='block_1_9' title="bbox 187 877 1769 955">
    <p class='ocr_par' dir='ltr' id='par_1_9' title="bbox 187 877 1769 955">
     <span class='ocr_line' id='line_1_9' title="bbox 187 877 1769 955; baseline 0.004 -25"><span class='ocrx_word' id='word_1_48' title='bbox 187 877 509 949; x_wconf 80' lang='grc' dir='ltr'>ἀμφότεραι</span> <span class='ocrx_word' id='word_1_49' title='bbox 539 880 596 933; x_wconf 78' lang='grc' dir='ltr'>αἱ</span> <span class='ocrx_word' id='word_1_50' title='bbox 628 880 912 950; x_wconf 80' lang='grc' dir='ltr'>διαθῆκαι.</span> <span class='ocrx_word' id='word_1_51' title='bbox 962 883 1023 935; x_wconf 86' lang='lat'><strong>&#39;0</strong></span> <span class='ocrx_word' id='word_1_52' title='bbox 1047 883 1137 936; x_wconf 81' lang='grc' dir='ltr'>διὰ</span> <span class='ocrx_word' id='word_1_53' title='bbox 1175 884 1448 955; x_wconf 85' lang='grc' dir='ltr'>στόματος</span> <span class='ocrx_word' id='word_1_54' title='bbox 1475 885 1642 938; x_wconf 78' lang='grc' dir='ltr'>Δαὸὶδ</span> <span class='ocrx_word' id='word_1_55' title='bbox 1670 884 1769 938; x_wconf 67' lang='grc' dir='ltr'>τοῦ</span> 
     </span>
    </p>
   </div>
   <div class='ocr_carea' id='block_1_10' title="bbox 187 968 1769 1048">
    <p class='ocr_par' dir='ltr' id='par_1_10' title="bbox 187 968 1769 1048">
     <span class='ocr_line' id='line_1_10' title="bbox 187 968 1769 1048; baseline 0.006 -28"><span class='ocrx_word' id='word_1_56' title='bbox 187 968 381 1032; x_wconf 80' lang='grc' dir='ltr'>παιδός</span> <span class='ocrx_word' id='word_1_57' title='bbox 418 986 514 1023; x_wconf 90' lang='grc' dir='ltr'><strong>σου</strong></span> <span class='ocrx_word' id='word_1_58' title='bbox 555 970 748 1025; x_wconf 79' lang='grc' dir='ltr'>εἰπών·</span> <span class='ocrx_word' id='word_1_59' title='bbox 778 973 868 1027; x_wconf 84' lang='grc' dir='ltr'><strong>ἴνα</strong></span> <span class='ocrx_word' id='word_1_60' title='bbox 900 973 953 1026; x_wconf 90' lang='grc' dir='ltr'><strong>τί</strong></span> <span class='ocrx_word' id='word_1_61' title='bbox 987 973 1268 1042; x_wconf 79' lang='grc' dir='ltr'><strong>ἐφρύαξαν</strong></span> <span class='ocrx_word' id='word_1_62' title='bbox 1298 976 1465 1046; x_wconf 61' lang='lat' dir='ltr'><strong>tom;</strong></span> <span class='ocrx_word' id='word_1_63' title='bbox 1500 977 1769 1048; x_wconf 79' lang='grc' dir='ltr'><strong>Καθάπερ</strong></span> 
     </span>
    </p>
   </div>
   <div class='ocr_carea' id='block_1_11' title="bbox 186 1059 1771 1137">
    <p class='ocr_par' dir='ltr' id='par_1_11' title="bbox 186 1059 1771 1137">
     <span class='ocr_line' id='line_1_11' title="bbox 186 1059 1771 1137; baseline 0.006 -26"><span class='ocrx_word' id='word_1_64' title='bbox 186 1059 468 1131; x_wconf 77' lang='grc' dir='ltr'><strong>συνθήκας</strong></span> <span class='ocrx_word' id='word_1_65' title='bbox 497 1062 858 1128; x_wconf 80' lang='grc' dir='ltr'><strong>ἀπαιτοῦντες</strong></span> <span class='ocrx_word' id='word_1_66' title='bbox 887 1064 979 1117; x_wconf 84' lang='grc' dir='ltr'>τὸν</span> <span class='ocrx_word' id='word_1_67' title='bbox 1003 1065 1159 1131; x_wconf 82' lang='grc' dir='ltr'>Θεὸν,</span> <span class='ocrx_word' id='word_1_68' title='bbox 1189 1067 1291 1136; x_wconf 83' lang='grc' dir='ltr'>τὴν</span> <span class='ocrx_word' id='word_1_69' title='bbox 1317 1068 1658 1137; x_wconf 82' lang='grc' dir='ltr'>προφητείαν</span> <span class='ocrx_word' id='word_1_70' title='bbox 1691 1069 1771 1132; x_wconf 78' lang='grc' dir='ltr'><strong>είς</strong></span> 
     </span>
    </p>
   </div>
   <div class='ocr_carea' id='block_1_12' title="bbox 189 1151 1769 1230">
    <p class='ocr_par' dir='ltr' id='par_1_12' title="bbox 189 1151 1769 1230">
     <span class='ocr_line' id='line_1_12' title="bbox 189 1151 1769 1230; baseline 0.006 -28"><span class='ocrx_word' id='word_1_71' title='bbox 189 1151 354 1216; x_wconf 82' lang='grc' dir='ltr'>μέσον</span> <span class='ocrx_word' id='word_1_72' title='bbox 376 1151 627 1218; x_wconf 80' lang='grc' dir='ltr'><strong>ἄγουσιν·</strong></span> <span class='ocrx_word' id='word_1_73' title='bbox 658 1152 776 1223; x_wconf 74' lang='grc' dir='ltr'><strong>ἅμα</strong></span> <span class='ocrx_word' id='word_1_74' title='bbox 825 1155 922 1207; x_wconf 75' lang='grc' dir='ltr'><strong>καὶ</strong></span> <span class='ocrx_word' id='word_1_75' title='bbox 968 1157 1198 1217; x_wconf 80' lang='grc' dir='ltr'>ἑαυτοὺς</span> <span class='ocrx_word' id='word_1_76' title='bbox 1266 1159 1769 1230; x_wconf 74' lang='grc' dir='ltr'>παραμυθούμενοι,</span> 
     </span>
    </p>
   </div>
   <div class='ocr_carea' id='block_1_13' title="bbox 185 1240 1292 1319">
    <p class='ocr_par' dir='ltr' id='par_1_13' title="bbox 185 1240 1292 1319">
     <span class='ocr_line' id='line_1_13' title="bbox 185 1240 1292 1319; baseline 0.008 -26"><span class='ocrx_word' id='word_1_77' title='bbox 185 1240 266 1294; x_wconf 82' lang='grc' dir='ltr'>ὅτι</span> <span class='ocrx_word' id='word_1_78' title='bbox 298 1240 431 1314; x_wconf 83' lang='grc' dir='ltr'><strong>εἰκῆ</strong></span> <span class='ocrx_word' id='word_1_79' title='bbox 469 1243 644 1298; x_wconf 83' lang='grc' dir='ltr'>ταῦτα</span> <span class='ocrx_word' id='word_1_80' title='bbox 674 1245 970 1316; x_wconf 82' lang='grc' dir='ltr'>μελετῶσιν</span> <span class='ocrx_word' id='word_1_81' title='bbox 1005 1249 1053 1301; x_wconf 81' lang='grc' dir='ltr'><strong>οἱ</strong></span> <span class='ocrx_word' id='word_1_82' title='bbox 1084 1247 1292 1319; x_wconf 79' lang='grc' dir='ltr'>ἐχθροί.</span> 
     </span>
    </p>
   </div>
   <div class='ocr_carea' id='block_1_14' title="bbox 261 1516 1774 1591">
    <p class='ocr_par' dir='ltr' id='par_1_14' title="bbox 261 1516 1774 1591">
     <span class='ocr_line' id='line_1_14' title="bbox 261 1516 1774 1591; baseline 0.006 -21"><span class='ocrx_word' id='word_1_83' title='bbox 261 1516 376 1570; x_wconf 76' lang='lat' dir='ltr'><strong>Kal</strong></span> <span class='ocrx_word' id='word_1_84' title='bbox 406 1517 478 1571; x_wconf 84' lang='grc' dir='ltr'>τὰ</span> <span class='ocrx_word' id='word_1_85' title='bbox 509 1519 650 1583; x_wconf 81' lang='grc' dir='ltr'>νῦν,</span> <span class='ocrx_word' id='word_1_86' title='bbox 684 1520 883 1590; x_wconf 79' lang='grc' dir='ltr'>Κύριε,</span> <span class='ocrx_word' id='word_1_87' title='bbox 920 1521 1091 1576; x_wconf 72' lang='grc' dir='ltr'>ἔπιδε</span> <span class='ocrx_word' id='word_1_88' title='bbox 1134 1523 1231 1576; x_wconf 76' lang='grc' dir='ltr'><strong>ἐπὶ</strong></span> <span class='ocrx_word' id='word_1_89' title='bbox 1257 1523 1366 1591; x_wconf 82' lang='grc' dir='ltr'>τὰς</span> <span class='ocrx_word' id='word_1_90' title='bbox 1391 1524 1643 1591; x_wconf 73' lang='grc' dir='ltr'>ἀπειλὰς</span> <span class='ocrx_word' id='word_1_91' title='bbox 1669 1526 1774 1579; x_wconf 82' lang='grc' dir='ltr'><strong>αὑ-</strong></span> 
     </span>
    </p>
   </div>
   <div class='ocr_carea' id='block_1_15' title="bbox 192 1605 1771 1686">
    <p class='ocr_par' dir='ltr' id='par_1_15' title="bbox 192 1605 1771 1686">
     <span class='ocr_line' id='line_1_15' title="bbox 192 1605 1771 1686; baseline 0.007 -26"><span class='ocrx_word' id='word_1_92' title='bbox 192 1605 313 1662; x_wconf 81' lang='grc' dir='ltr'>τῶν</span> <span class='ocrx_word' id='word_1_93' title='bbox 341 1624 357 1638; x_wconf 93' lang='grc'><strong>·</strong></span> <span class='ocrx_word' id='word_1_94' title='bbox 382 1610 482 1662; x_wconf 77' lang='grc' dir='ltr'>καὶ</span> <span class='ocrx_word' id='word_1_95' title='bbox 511 1609 619 1677; x_wconf 84' lang='grc' dir='ltr'>δὸς</span> <span class='ocrx_word' id='word_1_96' title='bbox 661 1612 787 1678; x_wconf 85' lang='grc' dir='ltr'>τοῖς</span> <span class='ocrx_word' id='word_1_97' title='bbox 824 1613 1068 1681; x_wconf 81' lang='grc' dir='ltr'>δούλοις</span> <span class='ocrx_word' id='word_1_98' title='bbox 1096 1629 1213 1669; x_wconf 79' lang='grc' dir='ltr'><strong>σου</strong></span> <span class='ocrx_word' id='word_1_99' title='bbox 1251 1617 1401 1685; x_wconf 79' lang='grc' dir='ltr'>μετὰ</span> <span class='ocrx_word' id='word_1_100' title='bbox 1428 1618 1771 1686; x_wconf 76' lang='grc' dir='ltr'>παρῤηοίας</span> 
     </span>
    </p>
   </div>
   <div class='ocr_carea' id='block_1_16' title="bbox 188 1698 1157 1773">
    <p class='ocr_par' dir='ltr' id='par_1_16' title="bbox 188 1698 1157 1773">
     <span class='ocr_line' id='line_1_16' title="bbox 188 1698 1157 1773; baseline 0.008 -21"><span class='ocrx_word' id='word_1_101' title='bbox 188 1698 395 1765; x_wconf 67' lang='grc' dir='ltr'>πάσης</span> <span class='ocrx_word' id='word_1_102' title='bbox 426 1701 642 1755; x_wconf 82' lang='grc' dir='ltr'>λαλεῖν</span> <span class='ocrx_word' id='word_1_103' title='bbox 668 1702 774 1756; x_wconf 85' lang='grc' dir='ltr'>τὸν</span> <span class='ocrx_word' id='word_1_104' title='bbox 804 1707 991 1773; x_wconf 84' lang='grc' dir='ltr'>λόγον</span> <span class='ocrx_word' id='word_1_105' title='bbox 1017 1720 1157 1760; x_wconf 85' lang='grc' dir='ltr'>σου.</span> 
     </span>
    </p>
   </div>
   <div class='ocr_carea' id='block_1_17' title="bbox 268 1790 1772 1865">
    <p class='ocr_par' dir='ltr' id='par_1_17' title="bbox 268 1790 1772 1865">
     <span class='ocr_line' id='line_1_17' title="bbox 268 1790 1772 1865; baseline 0.007 -23"><span class='ocrx_word' id='word_1_106' title='bbox 268 1790 369 1843; x_wconf 84' lang='grc' dir='ltr'>Ἐν</span> <span class='ocrx_word' id='word_1_107' title='bbox 393 1790 475 1856; x_wconf 85' lang='grc' dir='ltr'>τῷ</span> <span class='ocrx_word' id='word_1_108' title='bbox 509 1790 624 1859; x_wconf 79' lang='grc' dir='ltr'>τὴν</span> <span class='ocrx_word' id='word_1_109' title='bbox 654 1792 819 1861; x_wconf 74' lang='grc' dir='ltr'>χεῖρά</span> <span class='ocrx_word' id='word_1_110' title='bbox 875 1811 991 1850; x_wconf 92' lang='grc' dir='ltr'><strong>σου</strong></span> <span class='ocrx_word' id='word_1_111' title='bbox 1015 1796 1304 1852; x_wconf 80' lang='grc' dir='ltr'>ἐκτείνειν</span> <span class='ocrx_word' id='word_1_112' title='bbox 1361 1815 1436 1852; x_wconf 88' lang='grc' dir='ltr'><strong>σε</strong></span> <span class='ocrx_word' id='word_1_113' title='bbox 1464 1799 1555 1865; x_wconf 85' lang='grc' dir='ltr'>εὶς</span> <span class='ocrx_word' id='word_1_114' title='bbox 1601 1799 1772 1852; x_wconf 77' lang='grc' dir='ltr'>ἴασιν</span> 
     </span>
    </p>
   </div>
   <div class='ocr_carea' id='block_1_18' title="bbox 192 1879 1767 1956">
    <p class='ocr_par' dir='ltr' id='par_1_18' title="bbox 192 1879 1767 1956">
     <span class='ocr_line' id='line_1_18' title="bbox 192 1879 1767 1956; baseline 0.007 -25"><span class='ocrx_word' id='word_1_115' title='bbox 192 1879 290 1932; x_wconf 74' lang='grc' dir='ltr'>καὶ</span> <span class='ocrx_word' id='word_1_116' title='bbox 328 1881 551 1950; x_wconf 83' lang='grc' dir='ltr'>σημεῖα</span> <span class='ocrx_word' id='word_1_117' title='bbox 584 1882 682 1935; x_wconf 78' lang='grc' dir='ltr'><strong>καί</strong></span> <span class='ocrx_word' id='word_1_118' title='bbox 729 1884 944 1953; x_wconf 80' lang='grc' dir='ltr'>τέρατα</span> <span class='ocrx_word' id='word_1_119' title='bbox 968 1889 1246 1956; x_wconf 78' lang='grc' dir='ltr'>γενέσθαι</span> <span class='ocrx_word' id='word_1_120' title='bbox 1284 1887 1330 1918; x_wconf 83' lang='grc'><strong>²⁹</strong></span> <span class='ocrx_word' id='word_1_121' title='bbox 1369 1887 1468 1943; x_wconf 80' lang='grc' dir='ltr'>διὰ</span> <span class='ocrx_word' id='word_1_122' title='bbox 1490 1889 1595 1943; x_wconf 88' lang='grc' dir='ltr'>τοῦ</span> <span class='ocrx_word' id='word_1_123' title='bbox 1634 1891 1767 1942; x_wconf 81' lang='grc' dir='ltr'>ὀνό-</span> 
     </span>
    </p>
   </div>
   <div class='ocr_carea' id='block_1_19' title="bbox 192 1971 1377 2044">
    <p class='ocr_par' dir='ltr' id='par_1_19' title="bbox 192 1971 1377 2044">
     <span class='ocr_line' id='line_1_19' title="bbox 192 1971 1377 2044; baseline 0.008 -21"><span class='ocrx_word' id='word_1_124' title='bbox 192 1987 371 2039; x_wconf 76' lang='grc' dir='ltr'>ματος</span> <span class='ocrx_word' id='word_1_125' title='bbox 407 1971 515 2026; x_wconf 87' lang='grc' dir='ltr'>τοῦ</span> <span class='ocrx_word' id='word_1_126' title='bbox 543 1974 715 2040; x_wconf 80' lang='grc' dir='ltr'><strong>ἁγίου</strong></span> <span class='ocrx_word' id='word_1_127' title='bbox 744 1974 960 2041; x_wconf 84' lang='grc' dir='ltr'>παιδός</span> <span class='ocrx_word' id='word_1_128' title='bbox 997 1991 1112 2031; x_wconf 79' lang='grc' dir='ltr'><strong>σου</strong></span> <span class='ocrx_word' id='word_1_129' title='bbox 1153 1977 1377 2044; x_wconf 85' lang='grc' dir='ltr'><strong>Ἰησοῦ.</strong></span> 
     </span>
    </p>
   </div>
   <div class='ocr_carea' id='block_1_20' title="bbox 260 2061 1766 2136">
    <p class='ocr_par' dir='ltr' id='par_1_20' title="bbox 260 2061 1766 2136">
     <span class='ocr_line' id='line_1_20' title="bbox 260 2061 1766 2136; baseline 0.006 -22"><span class='ocrx_word' id='word_1_130' title='bbox 260 2062 368 2115; x_wconf 76' lang='grc' dir='ltr'><strong>Καὶ</strong></span> <span class='ocrx_word' id='word_1_131' title='bbox 396 2061 728 2131; x_wconf 77' lang='grc' dir='ltr'><strong>δεηθέντων</strong></span> <span class='ocrx_word' id='word_1_132' title='bbox 757 2064 979 2130; x_wconf 84' lang='grc' dir='ltr'>αὐτῶν,</span> <span class='ocrx_word' id='word_1_133' title='bbox 1029 2066 1333 2136; x_wconf 77' lang='grc' dir='ltr'><strong>ἐσαλεύθη</strong></span> <span class='ocrx_word' id='word_1_134' title='bbox 1388 2071 1422 2123; x_wconf 82' lang='grc' dir='ltr'><em>ὀ</em></span> <span class='ocrx_word' id='word_1_135' title='bbox 1451 2072 1656 2135; x_wconf 74' lang='grc' dir='ltr'>τόπος,</span> <span class='ocrx_word' id='word_1_136' title='bbox 1696 2069 1766 2123; x_wconf 84' lang='grc' dir='ltr'>ἐν</span> 
     </span>
    </p>
   </div>
   <div class='ocr_carea' id='block_1_21' title="bbox 193 2145 1766 2228">
    <p class='ocr_par' dir='ltr' id='par_1_21' title="bbox 193 2145 1766 2228">
     <span class='ocr_line' id='line_1_21' title="bbox 193 2145 1766 2228; baseline 0.01 -27"><span class='ocrx_word' id='word_1_137' title='bbox 193 2145 240 2219; x_wconf 72' lang='grc' dir='ltr'>ᾧ</span> <span class='ocrx_word' id='word_1_138' title='bbox 274 2148 441 2222; x_wconf 80' lang='grc' dir='ltr'>ἦσαν</span> <span class='ocrx_word' id='word_1_139' title='bbox 487 2155 876 2224; x_wconf 78' lang='grc' dir='ltr'>συνηγμένοι·</span> <span class='ocrx_word' id='word_1_140' title='bbox 920 2158 1019 2213; x_wconf 78' lang='grc' dir='ltr'>καὶ</span> <span class='ocrx_word' id='word_1_141' title='bbox 1069 2158 1473 2228; x_wconf 76' lang='grc' dir='ltr'>ἐπλήσθησαν</span> <span class='ocrx_word' id='word_1_142' title='bbox 1504 2161 1766 2226; x_wconf 83' lang='grc' dir='ltr'>ἅπαντες</span> 
     </span>
    </p>
   </div>
   <div class='ocr_carea' id='block_1_22' title="bbox 195 2246 1764 2323">
    <p class='ocr_par' dir='ltr' id='par_1_22' title="bbox 195 2246 1764 2323">
     <span class='ocr_line' id='line_1_22' title="bbox 195 2246 1764 2323; baseline 0.007 -26"><span class='ocrx_word' id='word_1_143' title='bbox 195 2246 540 2313; x_wconf 79' lang='grc' dir='ltr'>Πνεύματος</span> <span class='ocrx_word' id='word_1_144' title='bbox 582 2248 790 2315; x_wconf 75' lang='grc' dir='ltr'>ἁγίου·</span> <span class='ocrx_word' id='word_1_145' title='bbox 834 2248 935 2302; x_wconf 69' lang='grc' dir='ltr'><strong>καί⁹</strong></span> <span class='ocrx_word' id='word_1_146' title='bbox 985 2248 1250 2304; x_wconf 77' lang='grc' dir='ltr'>ἐλάλουν</span> <span class='ocrx_word' id='word_1_147' title='bbox 1294 2251 1401 2304; x_wconf 85' lang='grc' dir='ltr'>τὸν</span> <span class='ocrx_word' id='word_1_148' title='bbox 1448 2254 1634 2323; x_wconf 79' lang='grc' dir='ltr'>λόγον</span> <span class='ocrx_word' id='word_1_149' title='bbox 1658 2253 1764 2308; x_wconf 85' lang='grc' dir='ltr'>τοῦ</span> 
     </span>
    </p>
   </div>
   <div class='ocr_carea' id='block_1_23' title="bbox 197 2335 904 2407">
    <p class='ocr_par' dir='ltr' id='par_1_23' title="bbox 197 2335 904 2407">
     <span class='ocr_line' id='line_1_23' title="bbox 197 2335 904 2407; baseline 0.008 -17"><span class='ocrx_word' id='word_1_150' title='bbox 197 2335 342 2391; x_wconf 78' lang='grc' dir='ltr'>Θεοῦ</span> <span class='ocrx_word' id='word_1_151' title='bbox 360 2337 515 2404; x_wconf 81' lang='grc' dir='ltr'>μετὰ</span> <span class='ocrx_word' id='word_1_152' title='bbox 541 2339 904 2407; x_wconf 77' lang='grc' dir='ltr'>παρῤησίας.</span> 
     </span>
    </p>
   </div>
   <div class='ocr_carea' id='block_1_24' title="bbox 262 2429 1765 2506">
    <p class='ocr_par' dir='ltr' id='par_1_24' title="bbox 262 2429 1765 2506">
     <span class='ocr_line' id='line_1_24' title="bbox 262 2429 1765 2506; baseline 0.005 -26"><span class='ocrx_word' id='word_1_153' title='bbox 262 2429 497 2498; x_wconf 80' lang='grc' dir='ltr'>Ποιῆσαι</span> <span class='ocrx_word' id='word_1_154' title='bbox 538 2432 637 2484; x_wconf 83' lang='grc' dir='ltr'>ὅσα</span> <span class='ocrx_word' id='word_1_155' title='bbox 670 2433 850 2503; x_wconf 73' lang='grc' dir='ltr'>ἠχείρ</span> <span class='ocrx_word' id='word_1_156' title='bbox 911 2449 1003 2486; x_wconf 87' lang='grc' dir='ltr'><strong>σου</strong></span> <span class='ocrx_word' id='word_1_157' title='bbox 1064 2434 1224 2504; x_wconf 75' lang='grc' dir='ltr'>καὶὴ</span> <span class='ocrx_word' id='word_1_158' title='bbox 1276 2434 1437 2506; x_wconf 84' lang='grc' dir='ltr'>βουλὴ</span> <span class='ocrx_word' id='word_1_159' title='bbox 1495 2452 1587 2488; x_wconf 80' lang='grc' dir='ltr'><strong>σου</strong></span> <span class='ocrx_word' id='word_1_160' title='bbox 1629 2453 1765 2506; x_wconf 88' lang='grc' dir='ltr'>προ-</span> 
     </span>
    </p>
   </div>
   <div class='ocr_carea' id='block_1_25' title="bbox 195 2518 1766 2596">
    <p class='ocr_par' dir='ltr' id='par_1_25' title="bbox 195 2518 1766 2596">
     <span class='ocr_line' id='line_1_25' title="bbox 195 2518 1766 2596; baseline 0.005 -25"><span class='ocrx_word' id='word_1_161' title='bbox 195 2518 379 2591; x_wconf 85' lang='grc' dir='ltr'>ὡρισε.</span> <span class='ocrx_word' id='word_1_162' title='bbox 413 2520 725 2587; x_wconf 84' lang='grc' dir='ltr'>ἰὀυτέστιν,</span> <span class='ocrx_word' id='word_1_163' title='bbox 768 2524 884 2577; x_wconf 84' lang='grc' dir='ltr'>Ούκ</span> <span class='ocrx_word' id='word_1_164' title='bbox 920 2525 1076 2579; x_wconf 79' lang='grc' dir='ltr'>αὐτοὶ</span> <span class='ocrx_word' id='word_1_165' title='bbox 1123 2526 1349 2596; x_wconf 75' lang='grc' dir='ltr'>ἴσχυσαν</span> <span class='ocrx_word' id='word_1_166' title='bbox 1373 2543 1387 2556; x_wconf 94' lang='grc'><strong>·</strong></span> <span class='ocrx_word' id='word_1_167' title='bbox 1428 2526 1564 2579; x_wconf 83' lang='grc' dir='ltr'>ἀλλὰ</span> <span class='ocrx_word' id='word_1_168' title='bbox 1608 2527 1673 2580; x_wconf 72' lang='grc' dir='ltr'>σὺ</span> <span class='ocrx_word' id='word_1_169' title='bbox 1715 2524 1766 2579; x_wconf 76' lang='grc' dir='ltr'><strong>εἴ</strong></span> 
     </span>
    </p>
   </div>
   <div class='ocr_carea' id='block_1_26' title="bbox 193 2610 1765 2686">
    <p class='ocr_par' dir='ltr' id='par_1_26' title="bbox 193 2610 1765 2686">
     <span class='ocr_line' id='line_1_26' title="bbox 193 2610 1765 2686; baseline 0.002 -21"><span class='ocrx_word' id='word_1_170' title='bbox 193 2612 221 2665; x_wconf 82' lang='grc' dir='ltr'><strong>ὀ</strong></span> <span class='ocrx_word' id='word_1_171' title='bbox 245 2610 306 2664; x_wconf 79' lang='grc' dir='ltr'><strong>τδ</strong></span> <span class='ocrx_word' id='word_1_172' title='bbox 340 2613 454 2667; x_wconf 80' lang='grc' dir='ltr'><strong>πᾶν</strong></span> <span class='ocrx_word' id='word_1_173' title='bbox 499 2612 821 2683; x_wconf 64' lang='grc' dir='ltr'>ἐπιτρέψας,</span> <span class='ocrx_word' id='word_1_174' title='bbox 864 2615 957 2668; x_wconf 72' lang='grc' dir='ltr'>καὶ</span> <span class='ocrx_word' id='word_1_175' title='bbox 1006 2617 1087 2678; x_wconf 80' lang='grc' dir='ltr'>εἰς</span> <span class='ocrx_word' id='word_1_176' title='bbox 1122 2616 1297 2686; x_wconf 80' lang='grc' dir='ltr'>πέρας</span> <span class='ocrx_word' id='word_1_177' title='bbox 1333 2615 1576 2685; x_wconf 82' lang='grc' dir='ltr'>ἀγαγών·</span> <span class='ocrx_word' id='word_1_178' title='bbox 1606 2618 1634 2670; x_wconf 87' lang='grc' dir='ltr'>ὁ</span> <span class='ocrx_word' id='word_1_179' title='bbox 1671 2615 1765 2668; x_wconf 87' lang='grc' dir='ltr'>εὑ-</span> 
     </span>
    </p>
   </div>
   <div class='ocr_carea' id='block_1_27' title="bbox 198 2702 1766 2778">
    <p class='ocr_par' dir='ltr' id='par_1_27' title="bbox 198 2702 1766 2778">
     <span class='ocr_line' id='line_1_27' title="bbox 198 2702 1766 2778; baseline -0.006 -8"><span class='ocrx_word' id='word_1_180' title='bbox 198 2702 439 2774; x_wconf 72' lang='grc' dir='ltr'>μήκανος</span> <span class='ocrx_word' id='word_1_181' title='bbox 480 2705 576 2757; x_wconf 71' lang='grc' dir='ltr'><strong>καὶ</strong></span> <span class='ocrx_word' id='word_1_182' title='bbox 628 2706 811 2773; x_wconf 83' lang='grc' dir='ltr'>σοφός·</span> <span class='ocrx_word' id='word_1_183' title='bbox 846 2708 875 2759; x_wconf 87' lang='grc' dir='ltr'><strong>ό</strong></span> <span class='ocrx_word' id='word_1_184' title='bbox 900 2708 1013 2769; x_wconf 87' lang='grc' dir='ltr'>τοῖς</span> <span class='ocrx_word' id='word_1_185' title='bbox 1061 2705 1276 2777; x_wconf 75' lang='grc' dir='ltr'>ἐχθροῖς</span> <span class='ocrx_word' id='word_1_186' title='bbox 1296 2707 1375 2770; x_wconf 85' lang='grc' dir='ltr'><strong>είς</strong></span> <span class='ocrx_word' id='word_1_187' title='bbox 1412 2707 1476 2760; x_wconf 79' lang='grc' dir='ltr'>τὸ</span> <span class='ocrx_word' id='word_1_188' title='bbox 1518 2706 1766 2778; x_wconf 85' lang='grc' dir='ltr'>βούλημά</span> 
     </span>
    </p>
   </div>
   <div class='ocr_carea' id='block_1_28' title="bbox 197 2794 1762 2869">
    <p class='ocr_par' dir='ltr' id='par_1_28' title="bbox 197 2794 1762 2869">
     <span class='ocr_line' id='line_1_28' title="bbox 197 2794 1762 2869; baseline 0.002 -21"><span class='ocrx_word' id='word_1_189' title='bbox 197 2811 288 2848; x_wconf 86' lang='grc' dir='ltr'><strong>σου</strong></span> <span class='ocrx_word' id='word_1_190' title='bbox 350 2794 721 2867; x_wconf 80' lang='grc' dir='ltr'>χρησάμενος.</span> <span class='ocrx_word' id='word_1_191' title='bbox 794 2797 1061 2867; x_wconf 75' lang='grc' dir='ltr'>Συνῆλθον</span> <span class='ocrx_word' id='word_1_192' title='bbox 1115 2800 1215 2869; x_wconf 79' lang='grc' dir='ltr'>μὲν</span> <span class='ocrx_word' id='word_1_193' title='bbox 1254 2800 1363 2869; x_wconf 84' lang='grc' dir='ltr'>γὰρ</span> <span class='ocrx_word' id='word_1_194' title='bbox 1427 2801 1762 2862; x_wconf 74' lang='grc' dir='ltr'>έκεῖνοι.ὼς</span> 
     </span>
    </p>
   </div>
   <div class='ocr_carea' id='block_1_29' title="bbox 192 2886 1765 2961">
    <p class='ocr_par' dir='ltr' id='par_1_29' title="bbox 192 2886 1765 2961">
     <span class='ocr_line' id='line_1_29' title="bbox 192 2886 1765 2961; baseline 0.001 -22"><span class='ocrx_word' id='word_1_195' title='bbox 192 2886 401 2958; x_wconf 74' lang='grc' dir='ltr'>ἐχθροὶ,</span> <span class='ocrx_word' id='word_1_196' title='bbox 427 2888 644 2942; x_wconf 73' lang='grc' dir='ltr'>ἐποίουν</span> <span class='ocrx_word' id='word_1_197' title='bbox 672 2888 727 2940; x_wconf 79' lang='grc' dir='ltr'>δὲ</span> <span class='ocrx_word' id='word_1_198' title='bbox 751 2888 786 2942; x_wconf 79' lang='grc' dir='ltr'><strong>ἃ</strong></span> <span class='ocrx_word' id='word_1_199' title='bbox 816 2893 880 2943; x_wconf 84' lang='grc' dir='ltr'><strong>σὺ</strong></span> <span class='ocrx_word' id='word_1_200' title='bbox 922 2889 1165 2943; x_wconf 78' lang='grc' dir='ltr'>ἐδούλου.</span> <span class='ocrx_word' id='word_1_201' title='bbox 1198 2890 1263 2942; x_wconf 86' lang='grc' dir='ltr'>Τί</span> <span class='ocrx_word' id='word_1_202' title='bbox 1296 2889 1354 2943; x_wconf 87' lang='grc' dir='ltr'><strong>δέ</strong></span> <span class='ocrx_word' id='word_1_203' title='bbox 1384 2890 1557 2954; x_wconf 76' lang='grc' dir='ltr'>ἐστιν,</span> <span class='ocrx_word' id='word_1_204' title='bbox 1592 2891 1765 2961; x_wconf 76' lang='grc' dir='ltr'>ἠχείρ</span> 
     </span>
    </p>
   </div>
   <div class='ocr_carea' id='block_1_30' title="bbox 196 2979 1765 3051">
    <p class='ocr_par' dir='ltr' id='par_1_30' title="bbox 196 2979 1765 3051">
     <span class='ocr_line' id='line_1_30' title="bbox 196 2979 1765 3051; baseline 0.003 -20"><span class='ocrx_word' id='word_1_205' title='bbox 196 2993 332 3045; x_wconf 86' lang='grc' dir='ltr'>σου;</span> <span class='ocrx_word' id='word_1_206' title='bbox 396 2979 664 3033; x_wconf 79' lang='grc' dir='ltr'>Ἐνταῦθα</span> <span class='ocrx_word' id='word_1_207' title='bbox 716 2979 876 3033; x_wconf 81' lang='grc' dir='ltr'>τοῦτό</span> <span class='ocrx_word' id='word_1_208' title='bbox 938 2997 1030 3051; x_wconf 86' lang='grc' dir='ltr'><strong>μοι</strong></span> <span class='ocrx_word' id='word_1_209' title='bbox 1066 2980 1110 3011; x_wconf 79' lang='grc'>³⁸</span> <span class='ocrx_word' id='word_1_210' title='bbox 1138 2979 1285 3033; x_wconf 84' lang='grc' dir='ltr'>δοκεῖ</span> <span class='ocrx_word' id='word_1_211' title='bbox 1330 2979 1512 3048; x_wconf 79' lang='grc' dir='ltr'>λέγειν</span> <span class='ocrx_word' id='word_1_212' title='bbox 1537 2979 1765 3051; x_wconf 86' lang='grc' dir='ltr'>δύναμιν</span> 
     </span>
    </p>
   </div>
   <div class='ocr_carea' id='block_1_31' title="bbox 194 3070 1764 3143">
    <p class='ocr_par' dir='ltr' id='par_1_31' title="bbox 194 3070 1764 3143">
     <span class='ocr_line' id='line_1_31' title="bbox 194 3070 1764 3143; baseline -0.001 -19"><span class='ocrx_word' id='word_1_213' title='bbox 194 3070 290 3124; x_wconf 68' lang='grc' dir='ltr'>καὶ</span> <span class='ocrx_word' id='word_1_214' title='bbox 318 3070 542 3142; x_wconf 79' lang='grc' dir='ltr'>βουλήν·</span> <span class='ocrx_word' id='word_1_215' title='bbox 577 3072 661 3125; x_wconf 82' lang='grc' dir='ltr'>ὅτι</span> <span class='ocrx_word' id='word_1_216' title='bbox 688 3072 860 3141; x_wconf 85' lang='grc' dir='ltr'>ἀρκεῖ</span> <span class='ocrx_word' id='word_1_217' title='bbox 898 3070 1223 3143; x_wconf 77' lang='grc' dir='ltr'>βουληθῆναι</span> <span class='ocrx_word' id='word_1_218' title='bbox 1261 3089 1321 3125; x_wconf 90' lang='grc' dir='ltr'><strong>σε</strong></span> <span class='ocrx_word' id='word_1_219' title='bbox 1352 3072 1533 3142; x_wconf 89' lang='grc' dir='ltr'>μόνον.</span> <span class='ocrx_word' id='word_1_220' title='bbox 1577 3073 1764 3137; x_wconf 72' lang='grc' dir='ltr'>Οὐδεὶς</span> 
     </span>
    </p>
   </div>
   <div class='ocr_carea' id='block_1_32' title="bbox 1877 612 3441 693">
    <p class='ocr_par' dir='ltr' id='par_1_32' title="bbox 1877 612 3441 693">
     <span class='ocr_line' id='line_1_32' title="bbox 1877 612 3441 693; baseline 0.007 -30"><span class='ocrx_word' id='word_1_221' title='bbox 1877 612 2017 665; x_wconf 85' lang='lat' dir='ltr'><strong>male</strong></span> <span class='ocrx_word' id='word_1_222' title='bbox 2052 612 2305 693; x_wconf 88' lang='lat' dir='ltr'><strong>audiunt,</strong></span> <span class='ocrx_word' id='word_1_223' title='bbox 2333 622 2386 670; x_wconf 94' lang='lat' dir='ltr'><strong>et</strong></span> <span class='ocrx_word' id='word_1_224' title='bbox 2408 614 2794 670; x_wconf 80' lang='lat' dir='ltr'><strong>obtrectationi</strong></span> <span class='ocrx_word' id='word_1_225' title='bbox 2828 623 2957 671; x_wconf 90' lang='lat' dir='ltr'><strong>sunt</strong></span> <span class='ocrx_word' id='word_1_226' title='bbox 2980 618 3121 688; x_wconf 88' lang='lat' dir='ltr'><strong>apud</strong></span> <span class='ocrx_word' id='word_1_227' title='bbox 3157 618 3441 675; x_wconf 85' lang='lat' dir='ltr'><strong>Christum</strong></span> 
     </span>
    </p>
   </div>
   <div class='ocr_carea' id='block_1_33' title="bbox 1872 704 3550 783">
    <p class='ocr_par' dir='ltr' id='par_1_33' title="bbox 1872 704 3550 783">
     <span class='ocr_line' id='line_1_33' title="bbox 1872 704 3550 783; baseline 0.011 -26"><span class='ocrx_word' id='word_1_228' title='bbox 1872 704 2099 776; x_wconf 82' lang='lat' dir='ltr'><strong>ejusque</strong></span> <span class='ocrx_word' id='word_1_229' title='bbox 2150 706 2480 766; x_wconf 85' lang='lat' dir='ltr'><strong>doctrinam.</strong></span> <span class='ocrx_word' id='word_1_230' title='bbox 2532 709 2743 767; x_wconf 88' lang='lat' dir='ltr'><strong>Idcirco</strong></span> <span class='ocrx_word' id='word_1_231' title='bbox 2787 713 2964 767; x_wconf 86' lang='lat' dir='ltr'><strong>sancti</strong></span> <span class='ocrx_word' id='word_1_232' title='bbox 3015 715 3250 783; x_wconf 79' lang='lat' dir='ltr'><strong>apostoli</strong></span> <span class='ocrx_word' id='word_1_233' title='bbox 3301 716 3446 770; x_wconf 86' lang='lat' dir='ltr'><strong>hanc</strong></span> <span class='ocrx_word' id='word_1_234' title='bbox 3533 764 3550 775; x_wconf 72' lang='lat'><strong>.</strong></span> 
     </span>
    </p>
   </div>
   <div class='ocr_carea' id='block_1_34' title="bbox 1874 796 3434 879">
    <p class='ocr_par' dir='ltr' id='par_1_34' title="bbox 1874 796 3434 879">
     <span class='ocr_line' id='line_1_34' title="bbox 1874 796 3434 879; baseline 0.006 -29"><span class='ocrx_word' id='word_1_235' title='bbox 1874 796 2126 852; x_wconf 59' lang='lat' dir='ltr'><strong>heresim</strong></span> <span class='ocrx_word' id='word_1_236' title='bbox 2191 807 2247 854; x_wconf 91' lang='lat' dir='ltr'><strong>et</strong></span> <span class='ocrx_word' id='word_1_237' title='bbox 2303 809 2509 855; x_wconf 90' lang='lat' dir='ltr'><strong>sectam</strong></span> <span class='ocrx_word' id='word_1_238' title='bbox 2568 802 2959 860; x_wconf 89' lang='lat' dir='ltr'><strong>exscindentes</strong></span> <span class='ocrx_word' id='word_1_239' title='bbox 3018 804 3434 879; x_wconf 68' lang='lat' dir='ltr'><strong>intelligendum</strong></span> 
     </span>
    </p>
   </div>
   <div class='ocr_carea' id='block_1_35' title="bbox 1874 889 3445 966">
    <p class='ocr_par' dir='ltr' id='par_1_35' title="bbox 1874 889 3445 966">
     <span class='ocr_line' id='line_1_35' title="bbox 1874 889 3445 966; baseline 0.007 -26"><span class='ocrx_word' id='word_1_240' title='bbox 1874 889 2140 957; x_wconf 73' lang='lat' dir='ltr'><strong>praebent,</strong></span> <span class='ocrx_word' id='word_1_241' title='bbox 2179 892 2430 947; x_wconf 87' lang='lat' dir='ltr'><strong>eumdem</strong></span> <span class='ocrx_word' id='word_1_242' title='bbox 2452 908 2574 949; x_wconf 83' lang='lat' dir='ltr'><strong>esse</strong></span> <span class='ocrx_word' id='word_1_243' title='bbox 2607 893 2797 960; x_wconf 86' lang='lat' dir='ltr'><strong>Deum,</strong></span> <span class='ocrx_word' id='word_1_244' title='bbox 2822 896 2997 966; x_wconf 89' lang='lat' dir='ltr'><strong>qui_et</strong></span> <span class='ocrx_word' id='word_1_245' title='bbox 3028 899 3216 954; x_wconf 85' lang='lat' dir='ltr'><strong>mundi</strong></span> <span class='ocrx_word' id='word_1_246' title='bbox 3271 899 3445 954; x_wconf 80' lang='lat' dir='ltr'><strong>factor</strong></span> 
     </span>
    </p>
   </div>
   <div class='ocr_carea' id='block_1_36' title="bbox 1874 978 3444 1055">
    <p class='ocr_par' dir='ltr' id='par_1_36' title="bbox 1874 978 3444 1055">
     <span class='ocr_line' id='line_1_36' title="bbox 1874 978 3444 1055; baseline 0.007 -23"><span class='ocrx_word' id='word_1_247' title='bbox 1874 987 1930 1033; x_wconf 87' lang='lat' dir='ltr'><strong>et</strong></span> <span class='ocrx_word' id='word_1_248' title='bbox 1955 978 2119 1035; x_wconf 89' lang='lat' dir='ltr'><strong>Pater</strong></span> <span class='ocrx_word' id='word_1_249' title='bbox 2141 980 2454 1038; x_wconf 83' lang='lat' dir='ltr'><strong>Servatoris</strong></span> <span class='ocrx_word' id='word_1_250' title='bbox 2477 985 2567 1050; x_wconf 88' lang='lat' dir='ltr'><strong>sit,</strong></span> <span class='ocrx_word' id='word_1_251' title='bbox 2611 987 2870 1055; x_wconf 82' lang='lat' dir='ltr'><strong>quoniam</strong></span> <span class='ocrx_word' id='word_1_252' title='bbox 2905 988 2975 1043; x_wconf 88' lang='lat' dir='ltr'><strong>ab</strong></span> <span class='ocrx_word' id='word_1_253' title='bbox 3018 988 3112 1042; x_wconf 88' lang='lat' dir='ltr'><strong>illo</strong></span> <span class='ocrx_word' id='word_1_254' title='bbox 3143 989 3329 1044; x_wconf 84' lang='lat' dir='ltr'><strong>datum</strong></span> <span class='ocrx_word' id='word_1_255' title='bbox 3358 1000 3444 1046; x_wconf 81' lang='lat' dir='ltr'><strong>est</strong></span> 
     </span>
    </p>
   </div>
   <div class='ocr_carea' id='block_1_37' title="bbox 1873 1068 3441 1154">
    <p class='ocr_par' dir='ltr' id='par_1_37' title="bbox 1873 1068 3441 1154">
     <span class='ocr_line' id='line_1_37' title="bbox 1873 1068 3441 1154; baseline 0.007 -27"><span class='ocrx_word' id='word_1_256' title='bbox 1873 1079 2167 1142; x_wconf 87' lang='lat' dir='ltr'><strong>utrumque</strong></span> <span class='ocrx_word' id='word_1_257' title='bbox 2196 1081 2608 1131; x_wconf 74' lang='lat' dir='ltr'><strong>tesmmeutum.</strong></span> <span class='ocrx_word' id='word_1_258' title='bbox 2645 1068 2748 1144; x_wconf 83' lang='lat' dir='ltr'><strong>Qui</strong></span> <span class='ocrx_word' id='word_1_259' title='bbox 2782 1095 2879 1148; x_wconf 89' lang='lat' dir='ltr'><strong>per</strong></span> <span class='ocrx_word' id='word_1_260' title='bbox 2903 1096 2964 1136; x_wconf 91' lang='lat' dir='ltr'><strong>os</strong></span> <span class='ocrx_word' id='word_1_261' title='bbox 3011 1080 3232 1137; x_wconf 79' lang='lat' dir='ltr'><strong>Davidis</strong></span> <span class='ocrx_word' id='word_1_262' title='bbox 3287 1088 3441 1154; x_wconf 73' lang='lat' dir='ltr'><strong>pueri</strong></span> 
     </span>
    </p>
   </div>
   <div class='ocr_carea' id='block_1_38' title="bbox 1873 1162 3442 1244">
    <p class='ocr_par' dir='ltr' id='par_1_38' title="bbox 1873 1162 3442 1244">
     <span class='ocr_line' id='line_1_38' title="bbox 1873 1162 3442 1244; baseline 0.008 -30"><span class='ocrx_word' id='word_1_263' title='bbox 1873 1162 1954 1215; x_wconf 89' lang='lat' dir='ltr'><strong>tui</strong></span> <span class='ocrx_word' id='word_1_264' title='bbox 1985 1162 2209 1217; x_wconf 77' lang='lat' dir='ltr'><strong>dixisti:</strong></span> <span class='ocrx_word' id='word_1_265' title='bbox 2246 1164 2426 1230; x_wconf 81' lang='lat' dir='ltr'><strong>Quare</strong></span> <span class='ocrx_word' id='word_1_266' title='bbox 2482 1165 2825 1224; x_wconf 79' lang='lat' dir='ltr'><strong>fremuerunt</strong></span> <span class='ocrx_word' id='word_1_267' title='bbox 2870 1172 3104 1240; x_wconf 78' lang='lat' dir='ltr'><strong>gentes?</strong></span> <span class='ocrx_word' id='word_1_268' title='bbox 3154 1169 3442 1244; x_wconf 81' lang='lat' dir='ltr'><strong>Tanquam</strong></span> 
     </span>
    </p>
   </div>
   <div class='ocr_carea' id='block_1_39' title="bbox 1872 1252 3561 1332">
    <p class='ocr_par' dir='ltr' id='par_1_39' title="bbox 1872 1252 3561 1332">
     <span class='ocr_line' id='line_1_39' title="bbox 1872 1252 3561 1332; baseline 0.008 -25"><span class='ocrx_word' id='word_1_269' title='bbox 1872 1252 2053 1310; x_wconf 73' lang='lat' dir='ltr'><strong>ftedus</strong></span> <span class='ocrx_word' id='word_1_270' title='bbox 2081 1264 2133 1310; x_wconf 90' lang='lat' dir='ltr'><strong>et</strong></span> <span class='ocrx_word' id='word_1_271' title='bbox 2163 1265 2320 1325; x_wconf 88' lang='lat' dir='ltr'><strong>pacta</strong></span> <span class='ocrx_word' id='word_1_272' title='bbox 2346 1272 2377 1311; x_wconf 78' lang='grc' dir='ltr'><strong>ιι</strong></span> <span class='ocrx_word' id='word_1_273' title='bbox 2424 1256 2537 1311; x_wconf 92' lang='lat' dir='ltr'><strong>Deo</strong></span> <span class='ocrx_word' id='word_1_274' title='bbox 2583 1259 2951 1328; x_wconf 81' lang='lat' dir='ltr'><strong>postulantes,</strong></span> <span class='ocrx_word' id='word_1_275' title='bbox 3005 1263 3344 1332; x_wconf 86' lang='lat' dir='ltr'><strong>prophetiam</strong></span> <span class='ocrx_word' id='word_1_276' title='bbox 3387 1266 3445 1319; x_wconf 88' lang='lat' dir='ltr'><strong>in</strong></span> <span class='ocrx_word' id='word_1_277' title='bbox 3548 1266 3561 1271; x_wconf 69' lang='grc'>“</span> 
     </span>
    </p>
   </div>
   <div class='ocr_carea' id='block_1_40' title="bbox 1871 1345 3444 1421">
    <p class='ocr_par' dir='ltr' id='par_1_40' title="bbox 1871 1345 3444 1421">
     <span class='ocr_line' id='line_1_40' title="bbox 1871 1345 3444 1421; baseline 0.008 -23"><span class='ocrx_word' id='word_1_278' title='bbox 1871 1345 2109 1400; x_wconf 86' lang='lat' dir='ltr'><strong>medium</strong></span> <span class='ocrx_word' id='word_1_279' title='bbox 2136 1345 2453 1402; x_wconf 88' lang='lat' dir='ltr'><strong>adducunt:</strong></span> <span class='ocrx_word' id='word_1_280' title='bbox 2483 1350 2649 1403; x_wconf 84' lang='lat' dir='ltr'><strong>simul</strong></span> <span class='ocrx_word' id='word_1_281' title='bbox 2689 1351 2856 1404; x_wconf 88' lang='lat' dir='ltr'><strong>etiam</strong></span> <span class='ocrx_word' id='word_1_282' title='bbox 2911 1352 3123 1421; x_wconf 86' lang='lat' dir='ltr'><strong>seipsos</strong></span> <span class='ocrx_word' id='word_1_283' title='bbox 3149 1355 3444 1411; x_wconf 83' lang='lat' dir='ltr'><strong>consolan-</strong></span> 
     </span>
    </p>
   </div>
   <div class='ocr_carea' id='block_1_41' title="bbox 1872 1436 3232 1505">
    <p class='ocr_par' dir='ltr' id='par_1_41' title="bbox 1872 1436 3232 1505">
     <span class='ocr_line' id='line_1_41' title="bbox 1872 1436 3232 1505; baseline 0.007 -16"><span class='ocrx_word' id='word_1_284' title='bbox 1872 1443 1972 1498; x_wconf 87' lang='lat' dir='ltr'><strong>tes,</strong></span> <span class='ocrx_word' id='word_1_285' title='bbox 2009 1436 2153 1505; x_wconf 88' lang='lat' dir='ltr'><strong>qnod</strong></span> <span class='ocrx_word' id='word_1_286' title='bbox 2184 1436 2298 1492; x_wconf 74' lang='lat' dir='ltr'><strong>hrec</strong></span> <span class='ocrx_word' id='word_1_287' title='bbox 2321 1437 2524 1493; x_wconf 81' lang='lat' dir='ltr'><strong>frustra</strong></span> <span class='ocrx_word' id='word_1_288' title='bbox 2566 1440 2962 1495; x_wconf 85' lang='lat' dir='ltr'><strong>meditarentur</strong></span> <span class='ocrx_word' id='word_1_289' title='bbox 2999 1443 3232 1499; x_wconf 77' lang='lat' dir='ltr'><strong>inimici.</strong></span> 
     </span>
    </p>
   </div>
   <div class='ocr_carea' id='block_1_42' title="bbox 1944 1524 3445 1602">
    <p class='ocr_par' dir='ltr' id='par_1_42' title="bbox 1944 1524 3445 1602">
     <span class='ocr_line' id='line_1_42' title="bbox 1944 1524 3445 1602; baseline 0.008 -24"><span class='ocrx_word' id='word_1_290' title='bbox 1944 1524 2112 1581; x_wconf 66' lang='lat' dir='ltr'><strong>Vens.</strong></span> <span class='ocrx_word' id='word_1_291' title='bbox 2154 1526 2244 1582; x_wconf 69' lang='lat'><strong>29.</strong></span> <span class='ocrx_word' id='word_1_292' title='bbox 2306 1525 2372 1581; x_wconf 83' lang='lat' dir='ltr'><strong>Et</strong></span> <span class='ocrx_word' id='word_1_293' title='bbox 2418 1544 2577 1594; x_wconf 84' lang='lat' dir='ltr'><strong>nunc,</strong></span> <span class='ocrx_word' id='word_1_294' title='bbox 2621 1528 2865 1596; x_wconf 87' lang='lat' dir='ltr'><strong>Domine,</strong></span> <span class='ocrx_word' id='word_1_295' title='bbox 2932 1535 3108 1602; x_wconf 84' lang='lat' dir='ltr'><strong>aspice</strong></span> <span class='ocrx_word' id='word_1_296' title='bbox 3156 1534 3228 1587; x_wconf 83' lang='lat' dir='ltr'><strong>ad</strong></span> <span class='ocrx_word' id='word_1_297' title='bbox 3267 1537 3445 1590; x_wconf 76' lang='lat' dir='ltr'><strong>minas</strong></span> 
     </span>
    </p>
   </div>
   <div class='ocr_carea' id='block_1_43' title="bbox 1870 1619 3448 1695">
    <p class='ocr_par' dir='ltr' id='par_1_43' title="bbox 1870 1619 3448 1695">
     <span class='ocr_line' id='line_1_43' title="bbox 1870 1619 3448 1695; baseline 0.006 -24"><span class='ocrx_word' id='word_1_298' title='bbox 1870 1632 2090 1672; x_wconf 84' lang='lat' dir='ltr'><strong>eorum:</strong></span> <span class='ocrx_word' id='word_1_299' title='bbox 2149 1630 2197 1672; x_wconf 86' lang='lat' dir='ltr'><strong>et</strong></span> <span class='ocrx_word' id='word_1_300' title='bbox 2237 1619 2309 1673; x_wconf 89' lang='lat' dir='ltr'><strong>da</strong></span> <span class='ocrx_word' id='word_1_301' title='bbox 2360 1620 2523 1675; x_wconf 76' lang='lat' dir='ltr'><strong>servis</strong></span> <span class='ocrx_word' id='word_1_302' title='bbox 2573 1622 2699 1689; x_wconf 86' lang='lat' dir='ltr'><strong>tuis,</strong></span> <span class='ocrx_word' id='word_1_303' title='bbox 2755 1632 2814 1676; x_wconf 88' lang='lat' dir='ltr'><strong>ut</strong></span> <span class='ocrx_word' id='word_1_304' title='bbox 2880 1639 3001 1677; x_wconf 80' lang='lat' dir='ltr'><strong>cunt</strong></span> <span class='ocrx_word' id='word_1_305' title='bbox 3055 1627 3201 1680; x_wconf 86' lang='lat' dir='ltr'><strong>omni</strong></span> <span class='ocrx_word' id='word_1_306' title='bbox 3245 1626 3448 1695; x_wconf 80' lang='lat' dir='ltr'><strong>ﬁducia</strong></span> 
     </span>
    </p>
   </div>
   <div class='ocr_carea' id='block_1_44' title="bbox 1873 1707 2677 1778">
    <p class='ocr_par' dir='ltr' id='par_1_44' title="bbox 1873 1707 2677 1778">
     <span class='ocr_line' id='line_1_44' title="bbox 1873 1707 2677 1778; baseline 0.005 -17"><span class='ocrx_word' id='word_1_307' title='bbox 1873 1707 2159 1778; x_wconf 87' lang='lat' dir='ltr'><strong>loquantur</strong></span> <span class='ocrx_word' id='word_1_308' title='bbox 2189 1726 2478 1764; x_wconf 78' lang='lat' dir='ltr'><strong>sermonem</strong></span> <span class='ocrx_word' id='word_1_309' title='bbox 2503 1719 2677 1777; x_wconf 79' lang='lat' dir='ltr'><strong>tuum,</strong></span> 
     </span>
    </p>
   </div>
   <div class='ocr_carea' id='block_1_45' title="bbox 1954 1797 3444 1860">
    <p class='ocr_par' dir='ltr' id='par_1_45' title="bbox 1954 1797 3444 1860">
     <span class='ocr_line' id='line_1_45' title="bbox 1954 1797 3444 1860; baseline 0.004 -7"><span class='ocrx_word' id='word_1_310' title='bbox 1954 1798 2120 1855; x_wconf 72' lang='lat' dir='ltr'><strong>Vens.</strong></span> <span class='ocrx_word' id='word_1_311' title='bbox 2157 1799 2246 1855; x_wconf 81' lang='lat'><strong>&#39;50.</strong></span> <span class='ocrx_word' id='word_1_312' title='bbox 2281 1797 2502 1854; x_wconf 75' lang='lat' dir='ltr'><strong>Manum</strong></span> <span class='ocrx_word' id='word_1_313' title='bbox 2531 1812 2677 1855; x_wconf 88' lang='lat' dir='ltr'><strong>tuam</strong></span> <span class='ocrx_word' id='word_1_314' title='bbox 2704 1803 3030 1859; x_wconf 76' lang='lat' dir='ltr'><strong>extendendo</strong></span> <span class='ocrx_word' id='word_1_315' title='bbox 3052 1804 3122 1860; x_wconf 84' lang='lat' dir='ltr'><strong>ad</strong></span> <span class='ocrx_word' id='word_1_316' title='bbox 3144 1807 3444 1860; x_wconf 60' lang='lat' dir='ltr'><strong>sanctiones</strong></span> 
     </span>
    </p>
   </div>
   <div class='ocr_carea' id='block_1_46' title="bbox 1876 1888 3449 1964">
    <p class='ocr_par' dir='ltr' id='par_1_46' title="bbox 1876 1888 3449 1964">
     <span class='ocr_line' id='line_1_46' title="bbox 1876 1888 3449 1964; baseline 0.004 -24"><span class='ocrx_word' id='word_1_317' title='bbox 1876 1895 1924 1940; x_wconf 91' lang='lat' dir='ltr'><strong>et</strong></span> <span class='ocrx_word' id='word_1_318' title='bbox 1954 1888 2108 1957; x_wconf 84' lang='lat' dir='ltr'><strong>signa</strong></span> <span class='ocrx_word' id='word_1_319' title='bbox 2144 1898 2300 1960; x_wconf 83' lang='lat' dir='ltr'><strong>atque</strong></span> <span class='ocrx_word' id='word_1_320' title='bbox 2346 1889 2590 1962; x_wconf 55' lang='lat' dir='ltr'><strong>irodigia</strong></span> <span class='ocrx_word' id='word_1_321' title='bbox 2638 1891 2886 1961; x_wconf 82' lang='lat' dir='ltr'><strong>facienda</strong></span> <span class='ocrx_word' id='word_1_322' title='bbox 2934 1910 3027 1964; x_wconf 86' lang='lat' dir='ltr'><strong>per</strong></span> <span class='ocrx_word' id='word_1_323' title='bbox 3052 1912 3240 1950; x_wconf 83' lang='lat' dir='ltr'><strong>nomen</strong></span> <span class='ocrx_word' id='word_1_324' title='bbox 3270 1897 3449 1950; x_wconf 78' lang='lat' dir='ltr'><strong>sancti</strong></span> 
     </span>
    </p>
   </div>
   <div class='ocr_carea' id='block_1_47' title="bbox 1882 1973 2307 2032">
    <p class='ocr_par' dir='ltr' id='par_1_47' title="bbox 1882 1973 2307 2032">
     <span class='ocr_line' id='line_1_47' title="bbox 1882 1973 2307 2032; baseline 0 -3"><span class='ocrx_word' id='word_1_325' title='bbox 1882 1973 2021 2031; x_wconf 81' lang='lat' dir='ltr'><strong>Filii</strong></span> <span class='ocrx_word' id='word_1_326' title='bbox 2048 1978 2129 2031; x_wconf 85' lang='lat' dir='ltr'><strong>tui</strong></span> <span class='ocrx_word' id='word_1_327' title='bbox 2156 1977 2307 2032; x_wconf 81' lang='lat' dir='ltr'><strong>Jesu.</strong></span> 
     </span>
    </p>
   </div>
   <div class='ocr_carea' id='block_1_48' title="bbox 1948 2068 3443 2141">
    <p class='ocr_par' dir='ltr' id='par_1_48' title="bbox 1948 2068 3443 2141">
     <span class='ocr_line' id='line_1_48' title="bbox 1948 2068 3443 2141; baseline 0.005 -19"><span class='ocrx_word' id='word_1_328' title='bbox 1948 2068 2110 2124; x_wconf 73' lang='lat' dir='ltr'><strong>Vsus.</strong></span> <span class='ocrx_word' id='word_1_329' title='bbox 2153 2070 2244 2125; x_wconf 76' lang='lat'><strong>51.</strong></span> <span class='ocrx_word' id='word_1_330' title='bbox 2281 2069 2352 2124; x_wconf 88' lang='lat' dir='ltr'><strong>Et</strong></span> <span class='ocrx_word' id='word_1_331' title='bbox 2398 2071 2570 2139; x_wconf 79' lang='lat' dir='ltr'><strong>ﬁnitis</strong></span> <span class='ocrx_word' id='word_1_332' title='bbox 2617 2071 2858 2140; x_wconf 79' lang='lat' dir='ltr'><strong>precibus</strong></span> <span class='ocrx_word' id='word_1_333' title='bbox 2912 2090 3119 2141; x_wconf 84' lang='lat' dir='ltr'><strong>eorum,</strong></span> <span class='ocrx_word' id='word_1_334' title='bbox 3190 2085 3364 2129; x_wconf 84' lang='lat' dir='ltr'><strong>motus</strong></span> <span class='ocrx_word' id='word_1_335' title='bbox 3391 2087 3443 2129; x_wconf 82' lang='lat' dir='ltr'><strong>et</strong></span> 
     </span>
    </p>
   </div>
   <div class='ocr_carea' id='block_1_49' title="bbox 1876 2161 3443 2237">
    <p class='ocr_par' dir='ltr' id='par_1_49' title="bbox 1876 2161 3443 2237">
     <span class='ocr_line' id='line_1_49' title="bbox 1876 2161 3443 2237; baseline 0.005 -25"><span class='ocrx_word' id='word_1_336' title='bbox 1876 2176 2162 2214; x_wconf 81' lang='lat' dir='ltr'><strong>concussus</strong></span> <span class='ocrx_word' id='word_1_337' title='bbox 2193 2171 2273 2214; x_wconf 85' lang='lat' dir='ltr'><strong>est</strong></span> <span class='ocrx_word' id='word_1_338' title='bbox 2301 2161 2470 2227; x_wconf 83' lang='lat' dir='ltr'><strong>locus,</strong></span> <span class='ocrx_word' id='word_1_339' title='bbox 2506 2163 2597 2215; x_wconf 88' lang='lat' dir='ltr'><strong>ubi</strong></span> <span class='ocrx_word' id='word_1_340' title='bbox 2618 2173 2769 2217; x_wconf 88' lang='lat' dir='ltr'><strong>erant</strong></span> <span class='ocrx_word' id='word_1_341' title='bbox 2791 2166 3129 2236; x_wconf 78' lang='lat' dir='ltr'><strong>congregati:</strong></span> <span class='ocrx_word' id='word_1_342' title='bbox 3180 2175 3231 2220; x_wconf 89' lang='lat' dir='ltr'><strong>et</strong></span> <span class='ocrx_word' id='word_1_343' title='bbox 3260 2166 3443 2237; x_wconf 76' lang='lat' dir='ltr'><strong>repleti</strong></span> 
     </span>
    </p>
   </div>
   <div class='ocr_carea' id='block_1_50' title="bbox 1877 2250 3443 2322">
    <p class='ocr_par' dir='ltr' id='par_1_50' title="bbox 1877 2250 3443 2322">
     <span class='ocr_line' id='line_1_50' title="bbox 1877 2250 3443 2322; baseline 0.003 -17"><span class='ocrx_word' id='word_1_344' title='bbox 1877 2261 1999 2305; x_wconf 83' lang='lat' dir='ltr'><strong>sunt</strong></span> <span class='ocrx_word' id='word_1_345' title='bbox 2031 2268 2209 2306; x_wconf 85' lang='lat' dir='ltr'><strong>omnes</strong></span> <span class='ocrx_word' id='word_1_346' title='bbox 2263 2250 2473 2322; x_wconf 86' lang='lat' dir='ltr'><strong>Spiritu</strong></span> <span class='ocrx_word' id='word_1_347' title='bbox 2541 2262 2750 2319; x_wconf 91' lang='lat' dir='ltr'><strong>sancto,</strong></span> <span class='ocrx_word' id='word_1_348' title='bbox 2789 2265 2838 2309; x_wconf 91' lang='lat' dir='ltr'><strong>et</strong></span> <span class='ocrx_word' id='word_1_349' title='bbox 2885 2254 3047 2311; x_wconf 80' lang='lat' dir='ltr'><strong>libere</strong></span> <span class='ocrx_word' id='word_1_350' title='bbox 3074 2264 3104 2293; x_wconf 71' lang='grc' dir='ltr'><strong>π</strong></span> <span class='ocrx_word' id='word_1_351' title='bbox 3152 2273 3443 2311; x_wconf 81' lang='lat' dir='ltr'><strong>sermonem</strong></span> 
     </span>
    </p>
   </div>
   <div class='ocr_carea' id='block_1_51' title="bbox 1879 2342 2396 2413">
    <p class='ocr_par' dir='ltr' id='par_1_51' title="bbox 1879 2342 2396 2413">
     <span class='ocr_line' id='line_1_51' title="bbox 1879 2342 2396 2413; baseline 0.002 -18"><span class='ocrx_word' id='word_1_352' title='bbox 1879 2342 1973 2396; x_wconf 88' lang='lat' dir='ltr'><strong>Dei</strong></span> <span class='ocrx_word' id='word_1_353' title='bbox 2003 2345 2396 2413; x_wconf 75' lang='lat' dir='ltr'><strong>eloquebantur.</strong></span> 
     </span>
    </p>
   </div>
   <div class='ocr_carea' id='block_1_52' title="bbox 1948 2434 3442 2505">
    <p class='ocr_par' dir='ltr' id='par_1_52' title="bbox 1948 2434 3442 2505">
     <span class='ocr_line' id='line_1_52' title="bbox 1948 2434 3442 2505; baseline 0.003 -17"><span class='ocrx_word' id='word_1_354' title='bbox 1948 2434 2012 2489; x_wconf 88' lang='lat' dir='ltr'><strong>Ut</strong></span> <span class='ocrx_word' id='word_1_355' title='bbox 2047 2435 2289 2490; x_wconf 83' lang='lat' dir='ltr'><strong>facerent</strong></span> <span class='ocrx_word' id='word_1_356' title='bbox 2319 2451 2658 2505; x_wconf 73' lang='lat' dir='ltr'><strong>quzecunque</strong></span> <span class='ocrx_word' id='word_1_357' title='bbox 2690 2451 2883 2492; x_wconf 85' lang='lat' dir='ltr'><strong>manus</strong></span> <span class='ocrx_word' id='word_1_358' title='bbox 2922 2446 3010 2493; x_wconf 84' lang='lat' dir='ltr'><strong>tua</strong></span> <span class='ocrx_word' id='word_1_359' title='bbox 3045 2446 3101 2492; x_wconf 93' lang='lat' dir='ltr'><strong>et</strong></span> <span class='ocrx_word' id='word_1_360' title='bbox 3149 2438 3442 2493; x_wconf 81' lang='lat' dir='ltr'><strong>consilium</strong></span> 
     </span>
    </p>
   </div>
   <div class='ocr_carea' id='block_1_53' title="bbox 1875 2526 3442 2595">
    <p class='ocr_par' dir='ltr' id='par_1_53' title="bbox 1875 2526 3442 2595">
     <span class='ocr_line' id='line_1_53' title="bbox 1875 2526 3442 2595; baseline 0.001 -17"><span class='ocrx_word' id='word_1_361' title='bbox 1875 2531 2029 2578; x_wconf 89' lang='lat' dir='ltr'><strong>tuum</strong></span> <span class='ocrx_word' id='word_1_362' title='bbox 2070 2526 2436 2594; x_wconf 77' lang='lat' dir='ltr'><strong>prmstituerat</strong></span> <span class='ocrx_word' id='word_1_363' title='bbox 2479 2541 2545 2580; x_wconf 86' lang='lat' dir='ltr'><strong>ac</strong></span> <span class='ocrx_word' id='word_1_364' title='bbox 2592 2526 3097 2595; x_wconf 68' lang='lat' dir='ltr'><strong>prazdestinaverat.</strong></span> <span class='ocrx_word' id='word_1_365' title='bbox 3148 2529 3264 2582; x_wconf 84' lang='lat' dir='ltr'><strong>Hoc</strong></span> <span class='ocrx_word' id='word_1_366' title='bbox 3309 2538 3442 2580; x_wconf 87' lang='lat' dir='ltr'><strong>cst:</strong></span> 
     </span>
    </p>
   </div>
   <div class='ocr_carea' id='block_1_54' title="bbox 1874 2617 3439 2688">
    <p class='ocr_par' dir='ltr' id='par_1_54' title="bbox 1874 2617 3439 2688">
     <span class='ocr_line' id='line_1_54' title="bbox 1874 2617 3439 2688; baseline -0.001 -16"><span class='ocrx_word' id='word_1_367' title='bbox 1874 2617 1992 2674; x_wconf 83' lang='lat' dir='ltr'><strong>Non</strong></span> <span class='ocrx_word' id='word_1_368' title='bbox 2020 2617 2123 2686; x_wconf 89' lang='lat' dir='ltr'><strong>ipsi</strong></span> <span class='ocrx_word' id='word_1_369' title='bbox 2158 2624 2494 2686; x_wconf 87' lang='lat' dir='ltr'><strong>potuerunt:</strong></span> <span class='ocrx_word' id='word_1_370' title='bbox 2529 2618 2624 2672; x_wconf 91' lang='lat' dir='ltr'><strong>sed</strong></span> <span class='ocrx_word' id='word_1_371' title='bbox 2687 2628 2741 2672; x_wconf 87' lang='lat' dir='ltr'><strong>tu</strong></span> <span class='ocrx_word' id='word_1_372' title='bbox 2774 2634 2835 2672; x_wconf 87' lang='lat' dir='ltr'><strong>es</strong></span> <span class='ocrx_word' id='word_1_373' title='bbox 2896 2620 2963 2682; x_wconf 92' lang='lat' dir='ltr'><strong>is,</strong></span> <span class='ocrx_word' id='word_1_374' title='bbox 3023 2620 3117 2688; x_wconf 90' lang='lat' dir='ltr'><strong>qui</strong></span> <span class='ocrx_word' id='word_1_375' title='bbox 3174 2619 3439 2688; x_wconf 84' lang='lat' dir='ltr'><strong>quidquid</strong></span> 
     </span>
    </p>
   </div>
   <div class='ocr_carea' id='block_1_55' title="bbox 1876 2707 3442 2779">
    <p class='ocr_par' dir='ltr' id='par_1_55' title="bbox 1876 2707 3442 2779">
     <span class='ocr_line' id='line_1_55' title="bbox 1876 2707 3442 2779; baseline 0.001 -17"><span class='ocrx_word' id='word_1_376' title='bbox 1876 2707 2098 2773; x_wconf 88' lang='lat' dir='ltr'><strong>accidit,</strong></span> <span class='ocrx_word' id='word_1_377' title='bbox 2145 2708 2257 2764; x_wconf 79' lang='lat' dir='ltr'><strong>ﬁeri</strong></span> <span class='ocrx_word' id='word_1_378' title='bbox 2293 2709 2619 2778; x_wconf 83' lang='lat' dir='ltr'><strong>permisisti,</strong></span> <span class='ocrx_word' id='word_1_379' title='bbox 2674 2717 2728 2764; x_wconf 91' lang='lat' dir='ltr'><strong>et</strong></span> <span class='ocrx_word' id='word_1_380' title='bbox 2762 2710 2828 2763; x_wconf 90' lang='lat' dir='ltr'><strong>ad</strong></span> <span class='ocrx_word' id='word_1_381' title='bbox 2885 2710 3046 2763; x_wconf 82' lang='lat' dir='ltr'><strong>linem</strong></span> <span class='ocrx_word' id='word_1_382' title='bbox 3101 2711 3442 2779; x_wconf 83' lang='lat' dir='ltr'><strong>perduxisti:</strong></span> 
     </span>
    </p>
   </div>
   <div class='ocr_carea' id='block_1_56' title="bbox 1875 2794 3445 2870">
    <p class='ocr_par' dir='ltr' id='par_1_56' title="bbox 1875 2794 3445 2870">
     <span class='ocr_line' id='line_1_56' title="bbox 1875 2794 3445 2870; baseline 0.001 -18"><span class='ocrx_word' id='word_1_383' title='bbox 1875 2798 1967 2870; x_wconf 93' lang='lat' dir='ltr'><strong>qui</strong></span> <span class='ocrx_word' id='word_1_384' title='bbox 1994 2796 2154 2853; x_wconf 74' lang='lat' dir='ltr'><strong>facile</strong></span> <span class='ocrx_word' id='word_1_385' title='bbox 2185 2813 2299 2854; x_wconf 88' lang='lat' dir='ltr'><strong>rem</strong></span> <span class='ocrx_word' id='word_1_386' title='bbox 2330 2794 2605 2870; x_wconf 81' lang='lat' dir='ltr'><strong>quamque</strong></span> <span class='ocrx_word' id='word_1_387' title='bbox 2635 2799 2896 2869; x_wconf 79' lang='lat' dir='ltr'><strong>expedire</strong></span> <span class='ocrx_word' id='word_1_388' title='bbox 2924 2806 2976 2855; x_wconf 85' lang='lat' dir='ltr'><strong>et</strong></span> <span class='ocrx_word' id='word_1_389' title='bbox 3002 2801 3279 2869; x_wconf 85' lang='lat' dir='ltr'><strong>explicare</strong></span> <span class='ocrx_word' id='word_1_390' title='bbox 3309 2802 3445 2864; x_wconf 85' lang='lat' dir='ltr'><strong>scis,</strong></span> 
     </span>
    </p>
   </div>
   <div class='ocr_carea' id='block_1_57' title="bbox 1876 2890 3444 2961">
    <p class='ocr_par' dir='ltr' id='par_1_57' title="bbox 1876 2890 3444 2961">
     <span class='ocr_line' id='line_1_57' title="bbox 1876 2890 3444 2961; baseline 0 -17"><span class='ocrx_word' id='word_1_391' title='bbox 1876 2890 1970 2961; x_wconf 91' lang='lat' dir='ltr'><strong>qui</strong></span> <span class='ocrx_word' id='word_1_392' title='bbox 2004 2890 2227 2961; x_wconf 81' lang='lat' dir='ltr'><strong>sapiens</strong></span> <span class='ocrx_word' id='word_1_393' title='bbox 2261 2900 2317 2945; x_wconf 85' lang='lat' dir='ltr'><strong>et</strong></span> <span class='ocrx_word' id='word_1_394' title='bbox 2355 2891 2533 2946; x_wconf 91' lang='lat' dir='ltr'><strong>solers</strong></span> <span class='ocrx_word' id='word_1_395' title='bbox 2558 2906 2642 2954; x_wconf 85' lang='lat' dir='ltr'><strong>es,</strong></span> <span class='ocrx_word' id='word_1_396' title='bbox 2691 2890 2786 2961; x_wconf 92' lang='lat' dir='ltr'><strong>qui</strong></span> <span class='ocrx_word' id='word_1_397' title='bbox 2818 2890 3165 2946; x_wconf 87' lang='lat' dir='ltr'><strong>inimicorum</strong></span> <span class='ocrx_word' id='word_1_398' title='bbox 3200 2899 3444 2953; x_wconf 88' lang='lat' dir='ltr'><strong>tuorum,</strong></span> 
     </span>
    </p>
   </div>
   <div class='ocr_carea' id='block_1_58' title="bbox 1875 2979 3445 3049">
    <p class='ocr_par' dir='ltr' id='par_1_58' title="bbox 1875 2979 3445 3049">
     <span class='ocr_line' id='line_1_58' title="bbox 1875 2979 3445 3049; baseline -0.001 -15"><span class='ocrx_word' id='word_1_399' title='bbox 1875 2980 1931 3034; x_wconf 88' lang='lat' dir='ltr'><strong>in</strong></span> <span class='ocrx_word' id='word_1_400' title='bbox 1996 2980 2065 3035; x_wconf 90' lang='lat' dir='ltr'><strong>iis</strong></span> <span class='ocrx_word' id='word_1_401' title='bbox 2116 2995 2235 3049; x_wconf 86' lang='lat' dir='ltr'><strong>quae</strong></span> <span class='ocrx_word' id='word_1_402' title='bbox 2289 2979 2636 3041; x_wconf 79' lang='lat' dir='ltr'><strong>decreveras,</strong></span> <span class='ocrx_word' id='word_1_403' title='bbox 2671 2994 2838 3049; x_wconf 87' lang='lat' dir='ltr'><strong>opera</strong></span> <span class='ocrx_word' id='word_1_404' title='bbox 2868 2994 3001 3035; x_wconf 88' lang='lat' dir='ltr'><strong>usus</strong></span> <span class='ocrx_word' id='word_1_405' title='bbox 3048 2995 3132 3036; x_wconf 85' lang='lat' dir='ltr'><strong>es.</strong></span> <span class='ocrx_word' id='word_1_406' title='bbox 3180 2979 3445 3034; x_wconf 85' lang='lat' dir='ltr'><strong>Coieruut</strong></span> 
     </span>
    </p>
   </div>
   <div class='ocr_carea' id='block_1_59' title="bbox 1875 3072 3452 3143">
    <p class='ocr_par' dir='ltr' id='par_1_59' title="bbox 1875 3072 3452 3143">
     <span class='ocr_line' id='line_1_59' title="bbox 1875 3072 3452 3143; baseline -0.001 -14"><span class='ocrx_word' id='word_1_407' title='bbox 1875 3072 2021 3129; x_wconf 90' lang='lat' dir='ltr'><strong>enim</strong></span> <span class='ocrx_word' id='word_1_408' title='bbox 2046 3073 2142 3137; x_wconf 92' lang='lat' dir='ltr'><strong>illi,</strong></span> <span class='ocrx_word' id='word_1_409' title='bbox 2171 3081 2229 3127; x_wconf 89' lang='lat' dir='ltr'><strong>ut</strong></span> <span class='ocrx_word' id='word_1_410' title='bbox 2251 3073 2489 3128; x_wconf 89' lang='lat' dir='ltr'><strong>inimici:</strong></span> <span class='ocrx_word' id='word_1_411' title='bbox 2518 3072 2793 3128; x_wconf 80' lang='lat' dir='ltr'><strong>faciebant</strong></span> <span class='ocrx_word' id='word_1_412' title='bbox 2825 3081 3028 3138; x_wconf 87' lang='lat' dir='ltr'><strong>autem,</strong></span> <span class='ocrx_word' id='word_1_413' title='bbox 3061 3089 3183 3143; x_wconf 69' lang='lat' dir='ltr'><strong>quae</strong></span> <span class='ocrx_word' id='word_1_414' title='bbox 3206 3082 3261 3127; x_wconf 90' lang='lat' dir='ltr'><strong>tu</strong></span> <span class='ocrx_word' id='word_1_415' title='bbox 3302 3074 3452 3128; x_wconf 85' lang='lat' dir='ltr'><strong>volc-</strong></span> 
     </span>
    </p>
   </div>
   <div class='ocr_carea' id='block_1_60' title="bbox 191 3161 1769 3267">
    <p class='ocr_par' dir='ltr' id='par_1_60' title="bbox 191 3161 1764 3234">
     <span class='ocr_line' id='line_1_60' title="bbox 191 3161 1764 3234; baseline 0.003 -20"><span class='ocrx_word' id='word_1_416' title='bbox 191 3161 303 3232; x_wconf 79' lang='grc' dir='ltr'><strong>γὰρ</strong></span> <span class='ocrx_word' id='word_1_417' title='bbox 329 3161 559 3233; x_wconf 82' lang='grc' dir='ltr'>δυνάμει</span> <span class='ocrx_word' id='word_1_418' title='bbox 622 3163 925 3234; x_wconf 79' lang='grc' dir='ltr'>προορίζει·</span> <span class='ocrx_word' id='word_1_419' title='bbox 985 3164 1306 3228; x_wconf 82' lang='grc' dir='ltr'>τουτέστιν,</span> <span class='ocrx_word' id='word_1_420' title='bbox 1344 3163 1444 3217; x_wconf 85' lang='grc' dir='ltr'>ὃσα</span> <span class='ocrx_word' id='word_1_421' title='bbox 1492 3163 1764 3228; x_wconf 83' lang='grc' dir='ltr'>διέταξας.</span> 
     </span>
    </p>
   </div>
   <div class='ocr_carea' id='block_1_61' title="bbox 1886 3161 3505 3267">
    <p class='ocr_par' dir='ltr' id='par_1_61' title="bbox 1886 3164 3505 3237">
     <span class='ocr_line' id='line_1_61' title="bbox 1886 3164 3505 3237; baseline -0.001 -15"><span class='ocrx_word' id='word_1_422' title='bbox 1886 3167 1996 3222; x_wconf 85' lang='lat' dir='ltr'><strong>bas.</strong></span> <span class='ocrx_word' id='word_1_423' title='bbox 2029 3164 2171 3231; x_wconf 85' lang='lat' dir='ltr'><strong>Quid</strong></span> <span class='ocrx_word' id='word_1_424' title='bbox 2208 3175 2387 3220; x_wconf 89' lang='lat' dir='ltr'><strong>autem</strong></span> <span class='ocrx_word' id='word_1_425' title='bbox 2445 3175 2530 3220; x_wconf 86' lang='lat' dir='ltr'><strong>est</strong></span> <span class='ocrx_word' id='word_1_426' title='bbox 2562 3165 2637 3231; x_wconf 83' lang='lat' dir='ltr'><strong>id,</strong></span> <span class='ocrx_word' id='word_1_427' title='bbox 2697 3164 2844 3237; x_wconf 89' lang='lat' dir='ltr'><strong>quod</strong></span> <span class='ocrx_word' id='word_1_428' title='bbox 2895 3165 3051 3231; x_wconf 91' lang='lat' dir='ltr'><strong>dicit,</strong></span> <span class='ocrx_word' id='word_1_429' title='bbox 3101 3165 3450 3236; x_wconf 83' lang='lat' dir='ltr'><strong>Quaecunque</strong></span> <span class='ocrx_word' id='word_1_430' title='bbox 3498 3187 3505 3194; x_wconf 91' lang='grc'><strong>·</strong></span> 
     </span>
    </p>
   </div>
   <div class='ocr_carea' id='block_1_62' title="bbox 196 3248 1766 3325">
    <p class='ocr_par' dir='ltr' id='par_1_62' title="bbox 196 3248 1766 3325">
     <span class='ocr_line' id='line_1_62' title="bbox 196 3248 1766 3325; baseline 0.001 -19"><span class='ocrx_word' id='word_1_431' title='bbox 196 3251 367 3323; x_wconf 82' lang='grc' dir='ltr'>Ὅρα,</span> <span class='ocrx_word' id='word_1_432' title='bbox 402 3255 505 3306; x_wconf 78' lang='grc' dir='ltr'><strong>οὐκ</strong></span> <span class='ocrx_word' id='word_1_433' title='bbox 535 3248 709 3315; x_wconf 70' lang='grc' dir='ltr'>εἷπον,</span> <span class='ocrx_word' id='word_1_434' title='bbox 747 3253 917 3325; x_wconf 77' lang='grc' dir='ltr'>ρώξον</span> <span class='ocrx_word' id='word_1_435' title='bbox 957 3255 997 3285; x_wconf 87' lang='grc'><strong>³¹</strong></span> <span class='ocrx_word' id='word_1_436' title='bbox 1029 3255 1226 3317; x_wconf 78' lang='grc' dir='ltr'>αὐτοὺς</span> <span class='ocrx_word' id='word_1_437' title='bbox 1252 3254 1347 3307; x_wconf 76' lang='grc' dir='ltr'>καὶ</span> <span class='ocrx_word' id='word_1_438' title='bbox 1387 3253 1515 3324; x_wconf 84' lang='grc' dir='ltr'>βάλε</span> <span class='ocrx_word' id='word_1_439' title='bbox 1551 3254 1766 3317; x_wconf 82' lang='grc' dir='ltr'>αὐτούς·</span> 
     </span>
    </p>
   </div>
   <div class='ocr_carea' id='block_1_63' title="bbox 195 3343 1772 3411">
    <p class='ocr_par' dir='ltr' id='par_1_63' title="bbox 195 3343 1772 3411">
     <span class='ocr_line' id='line_1_63' title="bbox 195 3343 1772 3411; baseline 0.001 -14"><span class='ocrx_word' id='word_1_440' title='bbox 195 3343 333 3399; x_wconf 74' lang='grc' dir='ltr'>ἀλλὰ</span> <span class='ocrx_word' id='word_1_441' title='bbox 364 3344 444 3407; x_wconf 82' lang='grc' dir='ltr'><strong>τί,</strong></span> <span class='ocrx_word' id='word_1_442' title='bbox 471 3346 660 3399; x_wconf 87' lang='grc' dir='ltr'>Ἔπιδε</span> <span class='ocrx_word' id='word_1_443' title='bbox 698 3348 789 3399; x_wconf 75' lang='grc' dir='ltr'>ἐπὶ</span> <span class='ocrx_word' id='word_1_444' title='bbox 814 3347 912 3411; x_wconf 78' lang='grc' dir='ltr'><strong>τὰς</strong></span> <span class='ocrx_word' id='word_1_445' title='bbox 935 3346 1165 3410; x_wconf 81' lang='grc' dir='ltr'>ἀπειλὰς</span> <span class='ocrx_word' id='word_1_446' title='bbox 1199 3346 1397 3401; x_wconf 82' lang='grc' dir='ltr'>αὐτῶν·</span> <span class='ocrx_word' id='word_1_447' title='bbox 1423 3346 1520 3400; x_wconf 78' lang='grc' dir='ltr'><strong>καὶ</strong></span> <span class='ocrx_word' id='word_1_448' title='bbox 1545 3347 1633 3410; x_wconf 83' lang='grc' dir='ltr'><strong>δὸς</strong></span> <span class='ocrx_word' id='word_1_449' title='bbox 1658 3349 1772 3410; x_wconf 86' lang='grc' dir='ltr'>τοῖς</span> 
     </span>
    </p>
   </div>
   <div class='ocr_carea' id='block_1_64' title="bbox 191 3435 1767 3508">
    <p class='ocr_par' dir='ltr' id='par_1_64' title="bbox 191 3435 1767 3508">
     <span class='ocr_line' id='line_1_64' title="bbox 191 3435 1767 3508; baseline 0.001 -19"><span class='ocrx_word' id='word_1_450' title='bbox 191 3435 408 3499; x_wconf 83' lang='grc' dir='ltr'>δούλοις</span> <span class='ocrx_word' id='word_1_451' title='bbox 456 3453 550 3489; x_wconf 92' lang='grc' dir='ltr'><strong>σου</strong></span> <span class='ocrx_word' id='word_1_452' title='bbox 580 3436 718 3507; x_wconf 81' lang='grc' dir='ltr'>μετὰ</span> <span class='ocrx_word' id='word_1_453' title='bbox 748 3437 1061 3508; x_wconf 76' lang='grc' dir='ltr'>παρρησίας</span> <span class='ocrx_word' id='word_1_454' title='bbox 1098 3435 1279 3489; x_wconf 84' lang='grc' dir='ltr'>λαλεῖν</span> <span class='ocrx_word' id='word_1_455' title='bbox 1319 3436 1410 3490; x_wconf 77' lang='grc' dir='ltr'><strong>τὸν</strong></span> <span class='ocrx_word' id='word_1_456' title='bbox 1447 3436 1607 3505; x_wconf 88' lang='grc' dir='ltr'>λόγον</span> <span class='ocrx_word' id='word_1_457' title='bbox 1651 3453 1767 3490; x_wconf 90' lang='grc' dir='ltr'>σου.</span> 
     </span>
    </p>
   </div>
   <div class='ocr_carea' id='block_1_65' title="bbox 194 3525 1772 3598">
    <p class='ocr_par' dir='ltr' id='par_1_65' title="bbox 194 3525 1772 3598">
     <span class='ocr_line' id='line_1_65' title="bbox 194 3525 1772 3598; baseline 0.001 -19"><span class='ocrx_word' id='word_1_458' title='bbox 194 3527 309 3579; x_wconf 72' lang='grc' dir='ltr'><strong>Καὶ</strong></span> <span class='ocrx_word' id='word_1_459' title='bbox 337 3525 648 3596; x_wconf 80' lang='grc' dir='ltr'>δεηθέντων</span> <span class='ocrx_word' id='word_1_460' title='bbox 682 3526 886 3591; x_wconf 81' lang='grc' dir='ltr'>αὐτῶν,</span> <span class='ocrx_word' id='word_1_461' title='bbox 918 3526 1188 3598; x_wconf 74' lang='grc' dir='ltr'>ἐσαλεύθη</span> <span class='ocrx_word' id='word_1_462' title='bbox 1215 3527 1244 3580; x_wconf 84' lang='grc' dir='ltr'><strong>ό</strong></span> <span class='ocrx_word' id='word_1_463' title='bbox 1273 3526 1437 3592; x_wconf 88' lang='grc' dir='ltr'>τόπος</span> <span class='ocrx_word' id='word_1_464' title='bbox 1479 3526 1685 3592; x_wconf 83' lang='grc' dir='ltr'>αὐτῶν,</span> <span class='ocrx_word' id='word_1_465' title='bbox 1713 3528 1772 3580; x_wconf 83' lang='grc' dir='ltr'>ὲν</span> 
     </span>
    </p>
   </div>
   <div class='ocr_carea' id='block_1_66' title="bbox 191 3613 1773 3693">
    <p class='ocr_par' dir='ltr' id='par_1_66' title="bbox 191 3613 1773 3693">
     <span class='ocr_line' id='line_1_66' title="bbox 191 3613 1773 3693; baseline 0.001 -19"><span class='ocrx_word' id='word_1_466' title='bbox 191 3613 239 3688; x_wconf 81' lang='grc' dir='ltr'>ᾧ</span> <span class='ocrx_word' id='word_1_467' title='bbox 288 3616 434 3692; x_wconf 77' lang='grc' dir='ltr'>ἦσαν</span> <span class='ocrx_word' id='word_1_468' title='bbox 488 3622 838 3693; x_wconf 82' lang='grc' dir='ltr'>συνηγμένοι.</span> <span class='ocrx_word' id='word_1_469' title='bbox 891 3622 998 3676; x_wconf 80' lang='grc' dir='ltr'>Τοῦ</span> <span class='ocrx_word' id='word_1_470' title='bbox 1046 3622 1388 3693; x_wconf 84' lang='grc' dir='ltr'>ἀκουσθῆναι</span> <span class='ocrx_word' id='word_1_471' title='bbox 1423 3621 1643 3686; x_wconf 76' lang='grc' dir='ltr'>αὐτοὺς,</span> <span class='ocrx_word' id='word_1_472' title='bbox 1677 3622 1773 3676; x_wconf 77' lang='grc' dir='ltr'><strong>καὶ</strong></span> 
     </span>
    </p>
   </div>
   <div class='ocr_carea' id='block_1_67' title="bbox 193 3710 1775 3786">
    <p class='ocr_par' dir='ltr' id='par_1_67' title="bbox 193 3710 1775 3786">
     <span class='ocr_line' id='line_1_67' title="bbox 193 3710 1775 3786; baseline 0.001 -22"><span class='ocrx_word' id='word_1_473' title='bbox 193 3711 295 3781; x_wconf 73' lang='grc' dir='ltr'>τῆς</span> <span class='ocrx_word' id='word_1_474' title='bbox 321 3710 666 3782; x_wconf 74' lang='grc' dir='ltr'>ἐπισκέψεως</span> <span class='ocrx_word' id='word_1_475' title='bbox 711 3713 871 3768; x_wconf 75' lang='grc' dir='ltr'>τοῦτο</span> <span class='ocrx_word' id='word_1_476' title='bbox 904 3714 1205 3786; x_wconf 79' lang='grc' dir='ltr'>τεκμήριον</span> <span class='ocrx_word' id='word_1_477' title='bbox 1253 3714 1464 3783; x_wconf 85' lang='grc' dir='ltr'>γέγονε.</span> <span class='ocrx_word' id='word_1_478' title='bbox 1496 3712 1632 3765; x_wconf 83' lang='grc' dir='ltr'>Ποτὲ</span> <span class='ocrx_word' id='word_1_479' title='bbox 1675 3712 1775 3784; x_wconf 86' lang='grc' dir='ltr'><strong>μὲν</strong></span> 
     </span>
    </p>
   </div>
   <div class='ocr_carea' id='block_1_68' title="bbox 195 3803 1775 3877">
    <p class='ocr_par' dir='ltr' id='par_1_68' title="bbox 195 3803 1775 3877">
     <span class='ocr_line' id='line_1_68' title="bbox 195 3803 1775 3877; baseline -0.004 -14"><span class='ocrx_word' id='word_1_480' title='bbox 195 3805 310 3876; x_wconf 82' lang='grc' dir='ltr'>γὰρ</span> <span class='ocrx_word' id='word_1_481' title='bbox 337 3804 511 3877; x_wconf 80' lang='grc' dir='ltr'>ὀργῆς</span> <span class='ocrx_word' id='word_1_482' title='bbox 544 3807 660 3860; x_wconf 71' lang='grc' dir='ltr'>ἔστι</span> <span class='ocrx_word' id='word_1_483' title='bbox 689 3807 867 3861; x_wconf 81' lang='grc' dir='ltr'>τοῦτο·</span> <span class='ocrx_word' id='word_1_484' title='bbox 903 3808 1034 3861; x_wconf 87' lang='grc' dir='ltr'>ποτὲ</span> <span class='ocrx_word' id='word_1_485' title='bbox 1062 3808 1119 3862; x_wconf 85' lang='grc' dir='ltr'>δὲ</span> <span class='ocrx_word' id='word_1_486' title='bbox 1147 3806 1511 3877; x_wconf 76' lang='grc' dir='ltr'>ἐπισκέψεως.</span> <span class='ocrx_word' id='word_1_487' title='bbox 1535 3803 1775 3876; x_wconf 76' lang='grc' dir='ltr'>Ηύχοντο</span> 
     </span>
    </p>
   </div>
   <div class='ocr_carea' id='block_1_69' title="bbox 194 3895 1774 3969">
    <p class='ocr_par' dir='ltr' id='par_1_69' title="bbox 194 3895 1774 3969">
     <span class='ocr_line' id='line_1_69' title="bbox 194 3895 1774 3969; baseline -0.001 -20"><span class='ocrx_word' id='word_1_488' title='bbox 194 3895 254 3950; x_wconf 66' lang='grc' dir='ltr'>δὲ</span> <span class='ocrx_word' id='word_1_489' title='bbox 284 3896 335 3949; x_wconf 82' lang='grc' dir='ltr'>οἱ</span> <span class='ocrx_word' id='word_1_490' title='bbox 367 3897 681 3951; x_wconf 77' lang='grc' dir='ltr'>ἀπόστολοι·</span> <span class='ocrx_word' id='word_1_491' title='bbox 724 3898 847 3969; x_wconf 75' lang='grc' dir='ltr'>οὐχὶ</span> <span class='ocrx_word' id='word_1_492' title='bbox 867 3898 1024 3952; x_wconf 79' lang='grc' dir='ltr'>αὐτοὶ</span> <span class='ocrx_word' id='word_1_493' title='bbox 1058 3897 1492 3968; x_wconf 86' lang='grc' dir='ltr'>παραιτούμενοι</span> <span class='ocrx_word' id='word_1_494' title='bbox 1516 3896 1774 3967; x_wconf 84' lang='grc' dir='ltr'>δυσχερές</span> 
     </span>
    </p>
   </div>
   <div class='ocr_carea' id='block_1_70' title="bbox 193 3988 1775 4062">
    <p class='ocr_par' dir='ltr' id='par_1_70' title="bbox 193 3988 1775 4062">
     <span class='ocr_line' id='line_1_70' title="bbox 193 3988 1775 4062; baseline 0 -20"><span class='ocrx_word' id='word_1_495' title='bbox 193 4004 252 4043; x_wconf 84' lang='grc' dir='ltr'><strong>τι</strong></span> <span class='ocrx_word' id='word_1_496' title='bbox 300 3988 532 4043; x_wconf 73' lang='grc' dir='ltr'>παθεῖν·</span> <span class='ocrx_word' id='word_1_497' title='bbox 572 3989 710 4043; x_wconf 77' lang='grc' dir='ltr'>ἀλλὰ</span> <span class='ocrx_word' id='word_1_498' title='bbox 747 3990 879 4062; x_wconf 69' lang='grc' dir='ltr'><strong>περ)⁵</strong></span> <span class='ocrx_word' id='word_1_499' title='bbox 923 3989 1018 4043; x_wconf 78' lang='grc' dir='ltr'>τοῦ</span> <span class='ocrx_word' id='word_1_500' title='bbox 1072 3990 1450 4061; x_wconf 78' lang='grc' dir='ltr'>κηρύγματος.</span> <span class='ocrx_word' id='word_1_501' title='bbox 1485 3990 1585 4044; x_wconf 74' lang='grc' dir='ltr'><strong>Διὰ</strong></span> <span class='ocrx_word' id='word_1_502' title='bbox 1635 3989 1689 4042; x_wconf 83' lang='grc' dir='ltr'><strong>τί</strong></span> <span class='ocrx_word' id='word_1_503' title='bbox 1717 3988 1775 4042; x_wconf 85' lang='grc' dir='ltr'>δὲ</span> 
     </span>
    </p>
   </div>
   <div class='ocr_carea' id='block_1_71' title="bbox 196 4074 1777 4151">
    <p class='ocr_par' dir='ltr' id='par_1_71' title="bbox 196 4074 1777 4151">
     <span class='ocr_line' id='line_1_71' title="bbox 196 4074 1777 4151; baseline 0.002 -20"><span class='ocrx_word' id='word_1_504' title='bbox 196 4078 416 4132; x_wconf 74' lang='grc' dir='ltr'>ἔσεισεν</span> <span class='ocrx_word' id='word_1_505' title='bbox 476 4080 507 4133; x_wconf 80' lang='grc' dir='ltr'><strong>ὁ</strong></span> <span class='ocrx_word' id='word_1_506' title='bbox 560 4079 695 4144; x_wconf 80' lang='grc' dir='ltr'>Θεὸς</span> <span class='ocrx_word' id='word_1_507' title='bbox 726 4080 819 4134; x_wconf 74' lang='grc' dir='ltr'>τὸν</span> <span class='ocrx_word' id='word_1_508' title='bbox 862 4074 1048 4148; x_wconf 69' lang='grc' dir='ltr'>οἷκονς</span> <span class='ocrx_word' id='word_1_509' title='bbox 1089 4081 1271 4150; x_wconf 79' lang='grc' dir='ltr'>φοϐῶν</span> <span class='ocrx_word' id='word_1_510' title='bbox 1315 4081 1415 4151; x_wconf 79' lang='grc' dir='ltr'><strong>μὲν</strong></span> <span class='ocrx_word' id='word_1_511' title='bbox 1441 4080 1567 4143; x_wconf 75' lang='grc' dir='ltr'>τοὺς</span> <span class='ocrx_word' id='word_1_512' title='bbox 1620 4080 1777 4134; x_wconf 80' lang='grc' dir='ltr'>ἀπει-</span> 
     </span>
    </p>
   </div>
   <div class='ocr_carea' id='block_1_72' title="bbox 195 4167 1772 4241">
    <p class='ocr_par' dir='ltr' id='par_1_72' title="bbox 195 4167 1772 4241">
     <span class='ocr_line' id='line_1_72' title="bbox 195 4167 1772 4241; baseline 0.003 -20"><span class='ocrx_word' id='word_1_513' title='bbox 195 4167 449 4233; x_wconf 80' lang='grc' dir='ltr'>λοῦντας·</span> <span class='ocrx_word' id='word_1_514' title='bbox 478 4171 560 4234; x_wconf 77' lang='grc' dir='ltr'><strong>εις</strong></span> <span class='ocrx_word' id='word_1_515' title='bbox 607 4170 809 4241; x_wconf 88' lang='grc' dir='ltr'>θάρσος</span> <span class='ocrx_word' id='word_1_516' title='bbox 842 4170 901 4224; x_wconf 84' lang='grc' dir='ltr'>δὲ</span> <span class='ocrx_word' id='word_1_517' title='bbox 934 4171 1153 4239; x_wconf 80' lang='grc' dir='ltr'>ἀνάγων</span> <span class='ocrx_word' id='word_1_518' title='bbox 1178 4170 1222 4201; x_wconf 79' lang='grc'><strong>³⁸</strong></span> <span class='ocrx_word' id='word_1_519' title='bbox 1256 4170 1383 4232; x_wconf 81' lang='grc' dir='ltr'>τοὺς</span> <span class='ocrx_word' id='word_1_520' title='bbox 1412 4170 1772 4235; x_wconf 76' lang='grc' dir='ltr'>ἀποστόλους·</span> 
     </span>
    </p>
   </div>
   <div class='ocr_carea' id='block_1_73' title="bbox 197 4256 1772 4332">
    <p class='ocr_par' dir='ltr' id='par_1_73' title="bbox 197 4256 1772 4332">
     <span class='ocr_line' id='line_1_73' title="bbox 197 4256 1772 4332; baseline 0 -20"><span class='ocrx_word' id='word_1_521' title='bbox 197 4258 391 4327; x_wconf 70' lang='grc' dir='ltr'>ιπειδὴ</span> <span class='ocrx_word' id='word_1_522' title='bbox 442 4260 588 4331; x_wconf 79' lang='grc' dir='ltr'>ἀρχὴ</span> <span class='ocrx_word' id='word_1_523' title='bbox 636 4256 726 4332; x_wconf 77' lang='grc' dir='ltr'>ἦν,</span> <span class='ocrx_word' id='word_1_524' title='bbox 783 4261 903 4327; x_wconf 80' lang='grc' dir='ltr'>καὶ,</span> <span class='ocrx_word' id='word_1_525' title='bbox 950 4258 1211 4330; x_wconf 75' lang='grc' dir='ltr'>αἰσθητοῦ</span> <span class='ocrx_word' id='word_1_526' title='bbox 1269 4259 1475 4313; x_wconf 74' lang='grc' dir='ltr'>ἐδέοντο</span> <span class='ocrx_word' id='word_1_527' title='bbox 1524 4261 1772 4330; x_wconf 86' lang='grc' dir='ltr'>σημείου.</span> 
     </span>
    </p>
   </div>
   <div class='ocr_carea' id='block_1_74' title="bbox 210 4334 1776 4419">
    <p class='ocr_par' dir='ltr' id='par_1_74' title="bbox 210 4334 1776 4419">
     <span class='ocr_line' id='line_1_74' title="bbox 210 4334 1776 4419; baseline 0.001 -17"><span class='ocrx_word' id='word_1_528' title='bbox 210 4349 516 4417; x_wconf 82' lang='grc' dir='ltr'>Ἐσαλεύθη</span> <span class='ocrx_word' id='word_1_529' title='bbox 551 4345 645 4404; x_wconf 81' lang='grc' dir='ltr'><strong>οὖν</strong></span> <span class='ocrx_word' id='word_1_530' title='bbox 671 4354 699 4403; x_wconf 86' lang='grc' dir='ltr'>ὁ</span> <span class='ocrx_word' id='word_1_531' title='bbox 732 4334 896 4413; x_wconf 81' lang='grc' dir='ltr'>τόπος</span> <span class='ocrx_word' id='word_1_532' title='bbox 954 4350 1049 4404; x_wconf 79' lang='grc' dir='ltr'>καὶ</span> <span class='ocrx_word' id='word_1_533' title='bbox 1081 4349 1283 4419; x_wconf 75' lang='grc' dir='ltr'>μᾶλλον</span> <span class='ocrx_word' id='word_1_534' title='bbox 1316 4349 1646 4418; x_wconf 76' lang='grc' dir='ltr'>ἐστερέωσεν</span> <span class='ocrx_word' id='word_1_535' title='bbox 1675 4351 1776 4404; x_wconf 83' lang='grc' dir='ltr'><strong>αὐ-</strong></span> 
     </span>
    </p>
   </div>
   <div class='ocr_carea' id='block_1_75' title="bbox 205 4441 1774 4516">
    <p class='ocr_par' dir='ltr' id='par_1_75' title="bbox 205 4441 1774 4516">
     <span class='ocr_line' id='line_1_75' title="bbox 205 4441 1774 4516; baseline 0 -20"><span class='ocrx_word' id='word_1_536' title='bbox 205 4443 360 4507; x_wconf 81' lang='grc' dir='ltr'>τούς.</span> <span class='ocrx_word' id='word_1_537' title='bbox 396 4444 508 4497; x_wconf 70' lang='grc' dir='ltr'><strong>Καὶ</strong></span> <span class='ocrx_word' id='word_1_538' title='bbox 552 4443 904 4516; x_wconf 71' lang='grc' dir='ltr'>ἐπλήσθησαν</span> <span class='ocrx_word' id='word_1_539' title='bbox 956 4444 1194 4506; x_wconf 74' lang='grc' dir='ltr'>ἅπαντες</span> <span class='ocrx_word' id='word_1_540' title='bbox 1240 4441 1556 4512; x_wconf 83' lang='grc' dir='ltr'>Πνεύματος</span> <span class='ocrx_word' id='word_1_541' title='bbox 1594 4442 1774 4511; x_wconf 80' lang='grc' dir='ltr'>ἁγίου·</span> 
     </span>
    </p>
   </div>
   <div class='ocr_carea' id='block_1_76' title="bbox 1880 3257 3450 3314">
    <p class='ocr_par' dir='ltr' id='par_1_76' title="bbox 1880 3257 3450 3314">
     <span class='ocr_line' id='line_1_76' title="bbox 1880 3257 3450 3314; baseline -0.001 -1"><span class='ocrx_word' id='word_1_542' title='bbox 1880 3273 2078 3313; x_wconf 89' lang='lat' dir='ltr'><strong>manus</strong></span> <span class='ocrx_word' id='word_1_543' title='bbox 2117 3267 2232 3313; x_wconf 86' lang='lat' dir='ltr'><strong>tua.</strong></span> <span class='ocrx_word' id='word_1_544' title='bbox 2269 3257 2366 3313; x_wconf 91' lang='lat' dir='ltr'><strong>llic</strong></span> <span class='ocrx_word' id='word_1_545' title='bbox 2397 3259 2531 3313; x_wconf 87' lang='lat' dir='ltr'><strong>mihi</strong></span> <span class='ocrx_word' id='word_1_546' title='bbox 2566 3274 2679 3314; x_wconf 87' lang='lat' dir='ltr'><strong>rem</strong></span> <span class='ocrx_word' id='word_1_547' title='bbox 2718 3258 2963 3314; x_wconf 73' lang='lat' dir='ltr'><strong>ean&#39;idem</strong></span> <span class='ocrx_word' id='word_1_548' title='bbox 3010 3258 3193 3314; x_wconf 88' lang='lat' dir='ltr'><strong>dicere</strong></span> <span class='ocrx_word' id='word_1_549' title='bbox 3238 3260 3450 3313; x_wconf 74' lang='lat' dir='ltr'><strong>videtur</strong></span> 
     </span>
    </p>
   </div>
   <div class='ocr_carea' id='block_1_77' title="bbox 1878 3350 3451 3420">
    <p class='ocr_par' dir='ltr' id='par_1_77' title="bbox 1878 3350 3451 3420">
     <span class='ocr_line' id='line_1_77' title="bbox 1878 3350 3451 3420; baseline 0 -16"><span class='ocrx_word' id='word_1_550' title='bbox 1878 3364 1975 3420; x_wconf 90' lang='lat' dir='ltr'><strong>per</strong></span> <span class='ocrx_word' id='word_1_551' title='bbox 2002 3350 2302 3419; x_wconf 88' lang='lat' dir='ltr'><strong>potentiam</strong></span> <span class='ocrx_word' id='word_1_552' title='bbox 2334 3358 2389 3404; x_wconf 88' lang='lat' dir='ltr'><strong>et</strong></span> <span class='ocrx_word' id='word_1_553' title='bbox 2418 3350 2780 3415; x_wconf 76' lang='lat' dir='ltr'><strong>voluntatem,</strong></span> <span class='ocrx_word' id='word_1_554' title='bbox 2803 3350 2932 3416; x_wconf 87' lang='lat' dir='ltr'><strong>quia</strong></span> <span class='ocrx_word' id='word_1_555' title='bbox 2961 3350 3161 3405; x_wconf 80' lang='lat' dir='ltr'><strong>sullicit</strong></span> <span class='ocrx_word' id='word_1_556' title='bbox 3215 3358 3265 3404; x_wconf 91' lang='lat' dir='ltr'><strong>te</strong></span> <span class='ocrx_word' id='word_1_557' title='bbox 3308 3351 3451 3413; x_wconf 85' lang='lat' dir='ltr'><strong>dun-</strong></span> 
     </span>
    </p>
   </div>
   <div class='ocr_carea' id='block_1_78' title="bbox 1879 3439 3449 3513">
    <p class='ocr_par' dir='ltr' id='par_1_78' title="bbox 1879 3439 3449 3513">
     <span class='ocr_line' id='line_1_78' title="bbox 1879 3439 3449 3513; baseline 0 -18"><span class='ocrx_word' id='word_1_558' title='bbox 1879 3448 2030 3495; x_wconf 90' lang='lat' dir='ltr'><strong>taxat</strong></span> <span class='ocrx_word' id='word_1_559' title='bbox 2052 3439 2307 3495; x_wconf 84' lang='lat' dir='ltr'><strong>voluisse.</strong></span> <span class='ocrx_word' id='word_1_560' title='bbox 2345 3439 2516 3497; x_wconf 88' lang='lat' dir='ltr'><strong>Nemo</strong></span> <span class='ocrx_word' id='word_1_561' title='bbox 2565 3442 2711 3496; x_wconf 88' lang='lat' dir='ltr'><strong>enim</strong></span> <span class='ocrx_word' id='word_1_562' title='bbox 2763 3442 2970 3497; x_wconf 85' lang='lat' dir='ltr'><strong>viribus</strong></span> <span class='ocrx_word' id='word_1_563' title='bbox 3002 3450 3166 3512; x_wconf 84' lang='lat' dir='ltr'><strong>atque</strong></span> <span class='ocrx_word' id='word_1_564' title='bbox 3201 3441 3449 3513; x_wconf 82' lang='lat' dir='ltr'><strong>potentia</strong></span> 
     </span>
    </p>
   </div>
   <div class='ocr_carea' id='block_1_79' title="bbox 1877 3522 3450 3605">
    <p class='ocr_par' dir='ltr' id='par_1_79' title="bbox 1877 3522 3450 3605">
     <span class='ocr_line' id='line_1_79' title="bbox 1877 3522 3450 3605; baseline 0.001 -20"><span class='ocrx_word' id='word_1_565' title='bbox 1877 3531 1991 3605; x_wconf 67' lang='grc'><strong>48</strong></span> <span class='ocrx_word' id='word_1_566' title='bbox 2028 3531 2324 3602; x_wconf 69' lang='lat' dir='ltr'><strong>praestituit</strong></span> <span class='ocrx_word' id='word_1_567' title='bbox 2351 3540 2517 3603; x_wconf 89' lang='lat' dir='ltr'><strong>atque</strong></span> <span class='ocrx_word' id='word_1_568' title='bbox 2545 3522 2919 3602; x_wconf 82' lang='lat' dir='ltr'><strong>praedestinat.</strong></span> <span class='ocrx_word' id='word_1_569' title='bbox 2960 3532 3016 3588; x_wconf 91' lang='lat' dir='ltr'><strong>ld</strong></span> <span class='ocrx_word' id='word_1_570' title='bbox 3045 3540 3132 3588; x_wconf 89' lang='lat' dir='ltr'><strong>est</strong></span> <span class='ocrx_word' id='word_1_571' title='bbox 3186 3547 3450 3603; x_wconf 70' lang='lat' dir='ltr'><strong>quamnu-</strong></span> 
     </span>
    </p>
   </div>
   <div class='ocr_carea' id='block_1_80' title="bbox 1881 3620 3444 3692">
    <p class='ocr_par' dir='ltr' id='par_1_80' title="bbox 1881 3620 3444 3692">
     <span class='ocr_line' id='line_1_80' title="bbox 1881 3620 3444 3692; baseline 0.001 -16"><span class='ocrx_word' id='word_1_572' title='bbox 1881 3626 1989 3692; x_wconf 72' lang='lat' dir='ltr'><strong>Que</strong></span> <span class='ocrx_word' id='word_1_573' title='bbox 2008 3620 2348 3678; x_wconf 89' lang='lat' dir='ltr'><strong>constituisti</strong></span> <span class='ocrx_word' id='word_1_574' title='bbox 2381 3628 2546 3691; x_wconf 88' lang='lat' dir='ltr'><strong>atque</strong></span> <span class='ocrx_word' id='word_1_575' title='bbox 2589 3620 2902 3677; x_wconf 79' lang='lat' dir='ltr'><strong>decrevisti.</strong></span> <span class='ocrx_word' id='word_1_576' title='bbox 2949 3620 3014 3675; x_wconf 87' lang='lat' dir='ltr'><strong>Et</strong></span> <span class='ocrx_word' id='word_1_577' title='bbox 3047 3636 3194 3677; x_wconf 84' lang='lat' dir='ltr'><strong>nunc</strong></span> <span class='ocrx_word' id='word_1_578' title='bbox 3238 3623 3444 3691; x_wconf 88' lang='lat' dir='ltr'><strong>aspice.</strong></span> 
     </span>
    </p>
   </div>
   <div class='ocr_carea' id='block_1_81' title="bbox 1878 3714 3448 3789">
    <p class='ocr_par' dir='ltr' id='par_1_81' title="bbox 1878 3714 3448 3789">
     <span class='ocr_line' id='line_1_81' title="bbox 1878 3714 3448 3789; baseline 0 -18"><span class='ocrx_word' id='word_1_579' title='bbox 1878 3714 2287 3789; x_wconf 76' lang='lat' dir='ltr'><strong>Animadverte,</strong></span> <span class='ocrx_word' id='word_1_580' title='bbox 2346 3729 2457 3769; x_wconf 91' lang='lat' dir='ltr'><strong>non</strong></span> <span class='ocrx_word' id='word_1_581' title='bbox 2508 3714 2666 3781; x_wconf 82' lang='lat' dir='ltr'><strong>dixit,</strong></span> <span class='ocrx_word' id='word_1_582' title='bbox 2733 3714 3015 3784; x_wconf 84' lang='lat' dir='ltr'><strong>disrumpe</strong></span> <span class='ocrx_word' id='word_1_583' title='bbox 3064 3730 3181 3779; x_wconf 88' lang='lat' dir='ltr'><strong>eos,</strong></span> <span class='ocrx_word' id='word_1_584' title='bbox 3235 3724 3289 3770; x_wconf 90' lang='lat' dir='ltr'><strong>et</strong></span> <span class='ocrx_word' id='word_1_585' title='bbox 3348 3715 3448 3771; x_wconf 82' lang='lat' dir='ltr'><strong>feri</strong></span> 
     </span>
    </p>
   </div>
   <div class='ocr_carea' id='block_1_82' title="bbox 1880 3803 3450 3883">
    <p class='ocr_par' dir='ltr' id='par_1_82' title="bbox 1880 3803 3450 3883">
     <span class='ocr_line' id='line_1_82' title="bbox 1880 3803 3450 3883; baseline -0.001 -22"><span class='ocrx_word' id='word_1_586' title='bbox 1880 3815 2045 3878; x_wconf 83' lang='lat' dir='ltr'><strong>atque</strong></span> <span class='ocrx_word' id='word_1_587' title='bbox 2099 3814 2386 3883; x_wconf 81' lang='lat' dir='ltr'><strong>prosterne</strong></span> <span class='ocrx_word' id='word_1_588' title='bbox 2438 3819 2557 3872; x_wconf 87' lang='lat' dir='ltr'><strong>eos,</strong></span> <span class='ocrx_word' id='word_1_589' title='bbox 2635 3803 2729 3859; x_wconf 83' lang='lat' dir='ltr'><strong>sed</strong></span> <span class='ocrx_word' id='word_1_590' title='bbox 2789 3803 2967 3874; x_wconf 77' lang='lat' dir='ltr'><strong>quid?</strong></span> <span class='ocrx_word' id='word_1_591' title='bbox 3018 3803 3217 3874; x_wconf 83' lang='lat' dir='ltr'><strong>Aspice</strong></span> <span class='ocrx_word' id='word_1_592' title='bbox 3272 3804 3450 3859; x_wconf 83' lang='lat' dir='ltr'><strong>minas</strong></span> 
     </span>
    </p>
   </div>
   <div class='ocr_carea' id='block_1_83' title="bbox 1881 3890 3449 3963">
    <p class='ocr_par' dir='ltr' id='par_1_83' title="bbox 1881 3890 3449 3963">
     <span class='ocr_line' id='line_1_83' title="bbox 1881 3890 3449 3963; baseline -0.004 -9"><span class='ocrx_word' id='word_1_593' title='bbox 1881 3913 2097 3962; x_wconf 87' lang='lat' dir='ltr'><strong>eorum,</strong></span> <span class='ocrx_word' id='word_1_594' title='bbox 2162 3904 2217 3952; x_wconf 90' lang='lat' dir='ltr'><strong>et</strong></span> <span class='ocrx_word' id='word_1_595' title='bbox 2273 3895 2345 3951; x_wconf 82' lang='lat' dir='ltr'><strong>da</strong></span> <span class='ocrx_word' id='word_1_596' title='bbox 2374 3895 2549 3951; x_wconf 83' lang='lat' dir='ltr'><strong>servis</strong></span> <span class='ocrx_word' id='word_1_597' title='bbox 2602 3890 2713 3950; x_wconf 86' lang='lat' dir='ltr'><strong>tuis</strong></span> <span class='ocrx_word' id='word_1_598' title='bbox 2762 3893 2931 3950; x_wconf 86' lang='lat' dir='ltr'><strong>libere</strong></span> <span class='ocrx_word' id='word_1_599' title='bbox 2978 3894 3159 3963; x_wconf 89' lang='lat' dir='ltr'><strong>eloqui</strong></span> <span class='ocrx_word' id='word_1_600' title='bbox 3220 3893 3449 3948; x_wconf 75' lang='lat' dir='ltr'><strong>verbum</strong></span> 
     </span>
    </p>
   </div>
   <div class='ocr_carea' id='block_1_84' title="bbox 1882 3984 3449 4057">
    <p class='ocr_par' dir='ltr' id='par_1_84' title="bbox 1882 3984 3449 4057">
     <span class='ocr_line' id='line_1_84' title="bbox 1882 3984 3449 4057; baseline -0.004 -11"><span class='ocrx_word' id='word_1_601' title='bbox 1882 3999 2063 4047; x_wconf 89' lang='lat' dir='ltr'><strong>tuum.</strong></span> <span class='ocrx_word' id='word_1_602' title='bbox 2094 3987 2161 4043; x_wconf 85' lang='lat' dir='ltr'><strong>Et</strong></span> <span class='ocrx_word' id='word_1_603' title='bbox 2184 3986 2357 4042; x_wconf 81' lang='lat' dir='ltr'><strong>ﬁnitis</strong></span> <span class='ocrx_word' id='word_1_604' title='bbox 2386 3985 2645 4057; x_wconf 87' lang='lat' dir='ltr'><strong>precibus</strong></span> <span class='ocrx_word' id='word_1_605' title='bbox 2666 3999 2884 4050; x_wconf 88' lang='lat' dir='ltr'><strong>eorum,</strong></span> <span class='ocrx_word' id='word_1_606' title='bbox 2936 3993 3119 4040; x_wconf 87' lang='lat' dir='ltr'><strong>motus</strong></span> <span class='ocrx_word' id='word_1_607' title='bbox 3150 3995 3234 4040; x_wconf 86' lang='lat' dir='ltr'><strong>est</strong></span> <span class='ocrx_word' id='word_1_608' title='bbox 3274 3984 3449 4051; x_wconf 87' lang='lat' dir='ltr'><strong>locus,</strong></span> 
     </span>
    </p>
   </div>
   <div class='ocr_carea' id='block_1_85' title="bbox 1882 4074 3453 4154">
    <p class='ocr_par' dir='ltr' id='par_1_85' title="bbox 1882 4074 3453 4154">
     <span class='ocr_line' id='line_1_85' title="bbox 1882 4074 3453 4154; baseline -0.004 -15"><span class='ocrx_word' id='word_1_609' title='bbox 1882 4084 2070 4154; x_wconf 90' lang='lat' dir='ltr'><strong>inquo</strong></span> <span class='ocrx_word' id='word_1_610' title='bbox 2110 4087 2269 4137; x_wconf 87' lang='lat' dir='ltr'><strong>erant</strong></span> <span class='ocrx_word' id='word_1_611' title='bbox 2313 4077 2656 4148; x_wconf 75' lang='lat' dir='ltr'><strong>congregati.</strong></span> <span class='ocrx_word' id='word_1_612' title='bbox 2702 4074 2818 4132; x_wconf 79' lang='lat' dir='ltr'><strong>Hoc</strong></span> <span class='ocrx_word' id='word_1_613' title='bbox 2880 4076 3295 4148; x_wconf 79' lang='lat' dir='ltr'><strong>signiﬁcabatur</strong></span> <span class='ocrx_word' id='word_1_614' title='bbox 3355 4091 3453 4132; x_wconf 84' lang='lat' dir='ltr'><strong>eos</strong></span> 
     </span>
    </p>
   </div>
   <div class='ocr_carea' id='block_1_86' title="bbox 1882 4163 3453 4230">
    <p class='ocr_par' dir='ltr' id='par_1_86' title="bbox 1882 4163 3453 4230">
     <span class='ocr_line' id='line_1_86' title="bbox 1882 4163 3453 4230; baseline -0.008 0"><span class='ocrx_word' id='word_1_615' title='bbox 1882 4172 2173 4230; x_wconf 76' lang='lat' dir='ltr'><strong>exauditos</strong></span> <span class='ocrx_word' id='word_1_616' title='bbox 2199 4178 2315 4226; x_wconf 87' lang='lat' dir='ltr'><strong>eta</strong></span> <span class='ocrx_word' id='word_1_617' title='bbox 2373 4167 2487 4225; x_wconf 88' lang='lat' dir='ltr'><strong>Deo</strong></span> <span class='ocrx_word' id='word_1_618' title='bbox 2540 4167 2796 4223; x_wconf 83' lang='lat' dir='ltr'><strong>visitatos</strong></span> <span class='ocrx_word' id='word_1_619' title='bbox 2842 4180 2988 4221; x_wconf 87' lang='lat' dir='ltr'><strong>esse.</strong></span> <span class='ocrx_word' id='word_1_620' title='bbox 3017 4165 3154 4220; x_wconf 83' lang='lat' dir='ltr'><strong>Nam</strong></span> <span class='ocrx_word' id='word_1_621' title='bbox 3215 4166 3267 4220; x_wconf 91' lang='lat' dir='ltr'><strong>id</strong></span> <span class='ocrx_word' id='word_1_622' title='bbox 3316 4163 3453 4219; x_wconf 79' lang='lat' dir='ltr'><strong>alias</strong></span> 
     </span>
    </p>
   </div>
   <div class='ocr_carea' id='block_1_87' title="bbox 1882 4256 3452 4335">
    <p class='ocr_par' dir='ltr' id='par_1_87' title="bbox 1882 4256 3452 4335">
     <span class='ocr_line' id='line_1_87' title="bbox 1882 4256 3452 4335; baseline -0.005 -18"><span class='ocrx_word' id='word_1_623' title='bbox 1882 4261 2103 4335; x_wconf 89' lang='lat' dir='ltr'><strong>quidem</strong></span> <span class='ocrx_word' id='word_1_624' title='bbox 2125 4260 2256 4326; x_wconf 65' lang='lat' dir='ltr'><strong>iras,</strong></span> <span class='ocrx_word' id='word_1_625' title='bbox 2318 4272 2717 4329; x_wconf 87' lang='lat' dir='ltr'><strong>nonnunquam</strong></span> <span class='ocrx_word' id='word_1_626' title='bbox 2776 4256 2940 4312; x_wconf 88' lang='lat' dir='ltr'><strong>etiam</strong></span> <span class='ocrx_word' id='word_1_627' title='bbox 2998 4256 3330 4312; x_wconf 83' lang='lat' dir='ltr'><strong>visitatiouis</strong></span> <span class='ocrx_word' id='word_1_628' title='bbox 3365 4264 3452 4310; x_wconf 80' lang='lat' dir='ltr'><strong>est</strong></span> 
     </span>
    </p>
   </div>
   <div class='ocr_carea' id='block_1_88' title="bbox 1884 4343 3450 4421">
    <p class='ocr_par' dir='ltr' id='par_1_88' title="bbox 1884 4343 3450 4421">
     <span class='ocr_line' id='line_1_88' title="bbox 1884 4343 3450 4421; baseline -0.006 -15"><span class='ocrx_word' id='word_1_629' title='bbox 1884 4351 2121 4421; x_wconf 75' lang='lat' dir='ltr'><strong>signum.</strong></span> <span class='ocrx_word' id='word_1_630' title='bbox 2150 4347 2398 4403; x_wconf 81' lang='lat' dir='ltr'><strong>Orabant</strong></span> <span class='ocrx_word' id='word_1_631' title='bbox 2440 4355 2624 4400; x_wconf 87' lang='lat' dir='ltr'><strong>autem</strong></span> <span class='ocrx_word' id='word_1_632' title='bbox 2665 4343 2922 4415; x_wconf 87' lang='lat' dir='ltr'><strong>apostoli,</strong></span> <span class='ocrx_word' id='word_1_633' title='bbox 2969 4358 3077 4397; x_wconf 88' lang='lat' dir='ltr'><strong>non</strong></span> <span class='ocrx_word' id='word_1_634' title='bbox 3129 4354 3450 4398; x_wconf 70' lang='lat' dir='ltr'><strong>recursantes</strong></span> 
     </span>
    </p>
   </div>
   <div class='ocr_carea' id='block_1_89' title="bbox 1885 4433 3452 4510">
    <p class='ocr_par' dir='ltr' id='par_1_89' title="bbox 1885 4433 3452 4510">
     <span class='ocr_line' id='line_1_89' title="bbox 1885 4433 3452 4510; baseline -0.006 -14"><span class='ocrx_word' id='word_1_635' title='bbox 1885 4457 1948 4496; x_wconf 89' lang='lat' dir='ltr'><strong>ac</strong></span> <span class='ocrx_word' id='word_1_636' title='bbox 1993 4442 2375 4510; x_wconf 84' lang='lat' dir='ltr'><strong>deprecantes.</strong></span> <span class='ocrx_word' id='word_1_637' title='bbox 2431 4451 2500 4491; x_wconf 87' lang='lat' dir='ltr'><strong>ne</strong></span> <span class='ocrx_word' id='word_1_638' title='bbox 2546 4435 2676 4506; x_wconf 85' lang='lat' dir='ltr'><strong>quid</strong></span> <span class='ocrx_word' id='word_1_639' title='bbox 2731 4434 2864 4503; x_wconf 84' lang='lat' dir='ltr'><strong>ipsis</strong></span> <span class='ocrx_word' id='word_1_640' title='bbox 2909 4433 3183 4488; x_wconf 89' lang='lat' dir='ltr'><strong>accideret</strong></span> <span class='ocrx_word' id='word_1_641' title='bbox 3242 4434 3452 4488; x_wconf 89' lang='lat' dir='ltr'><strong>incom-</strong></span> 
     </span>
    </p>
   </div>
   <div class='ocr_carea' id='block_1_90' title="bbox 207 4524 1769 4612">
    <p class='ocr_par' dir='ltr' id='par_1_90' title="bbox 207 4533 1769 4606">
     <span class='ocr_line' id='line_1_90' title="bbox 207 4533 1769 4606; baseline -0.001 -20"><span class='ocrx_word' id='word_1_642' title='bbox 207 4534 517 4600; x_wconf 84' lang='grc' dir='ltr'>τουτέστιν,</span> <span class='ocrx_word' id='word_1_643' title='bbox 575 4534 1080 4606; x_wconf 78' lang='grc' dir='ltr'>άνεζωπυρήθησαν</span> <span class='ocrx_word' id='word_1_644' title='bbox 1105 4572 1123 4601; x_wconf 89' lang='grc'><strong>,</strong></span> <span class='ocrx_word' id='word_1_645' title='bbox 1198 4533 1295 4587; x_wconf 72' lang='grc' dir='ltr'>καὶ</span> <span class='ocrx_word' id='word_1_646' title='bbox 1355 4533 1668 4588; x_wconf 80' lang='grc' dir='ltr'>ἀνεκαίοντο</span> <span class='ocrx_word' id='word_1_647' title='bbox 1715 4534 1769 4585; x_wconf 81' lang='grc' dir='ltr'>ὲν</span> 
     </span>
    </p>
   </div>
   <div class='ocr_carea' id='block_1_91' title="bbox 1886 4524 3449 4612">
    <p class='ocr_par' dir='ltr' id='par_1_91' title="bbox 1886 4524 3449 4609">
     <span class='ocr_line' id='line_1_91' title="bbox 1886 4524 3449 4609; baseline -0.007 -21"><span class='ocrx_word' id='word_1_648' title='bbox 1886 4531 2066 4588; x_wconf 89' lang='lat' dir='ltr'><strong>modi:</strong></span> <span class='ocrx_word' id='word_1_649' title='bbox 2124 4530 2219 4586; x_wconf 87' lang='lat' dir='ltr'><strong>sed</strong></span> <span class='ocrx_word' id='word_1_650' title='bbox 2255 4528 2581 4584; x_wconf 88' lang='lat' dir='ltr'><strong>laborabant</strong></span> <span class='ocrx_word' id='word_1_651' title='bbox 2630 4527 2697 4582; x_wconf 88' lang='lat' dir='ltr'><strong>de</strong></span> <span class='ocrx_word' id='word_1_652' title='bbox 2722 4525 3158 4609; x_wconf 41' lang='lat' dir='ltr'><strong>.praedicatione.</strong></span> <span class='ocrx_word' id='word_1_653' title='bbox 3213 4524 3316 4580; x_wconf 86' lang='lat' dir='ltr'><strong>Sed</strong></span> <span class='ocrx_word' id='word_1_654' title='bbox 3347 4540 3449 4579; x_wconf 88' lang='lat' dir='ltr'><strong>cur</strong></span> 
     </span>
    </p>
   </div>
   <div class='ocr_carea' id='block_1_92' title="bbox 200 4624 769 4698">
    <p class='ocr_par' dir='ltr' id='par_1_92' title="bbox 200 4624 769 4698">
     <span class='ocr_line' id='line_1_92' title="bbox 200 4624 769 4698; baseline 0.004 -21"><span class='ocrx_word' id='word_1_655' title='bbox 200 4625 387 4689; x_wconf 72' lang='grc' dir='ltr'>αὐτοῖς</span> <span class='ocrx_word' id='word_1_656' title='bbox 409 4624 472 4680; x_wconf 84' lang='grc' dir='ltr'>τὸ</span> <span class='ocrx_word' id='word_1_657' title='bbox 501 4627 769 4698; x_wconf 85' lang='grc' dir='ltr'>χάρισμα.</span> 
     </span>
    </p>
   </div>
   <div class='ocr_carea' id='block_1_93' title="bbox 1882 4611 3448 4691">
    <p class='ocr_par' dir='ltr' id='par_1_93' title="bbox 1882 4611 3448 4691">
     <span class='ocr_line' id='line_1_93' title="bbox 1882 4611 3448 4691; baseline -0.01 -11"><span class='ocrx_word' id='word_1_658' title='bbox 1882 4626 2027 4680; x_wconf 88' lang='lat' dir='ltr'><strong>Deus</strong></span> <span class='ocrx_word' id='word_1_659' title='bbox 2047 4618 2327 4678; x_wconf 88' lang='lat' dir='ltr'><strong>concussit</strong></span> <span class='ocrx_word' id='word_1_660' title='bbox 2356 4616 2620 4691; x_wconf 83' lang='lat' dir='ltr'><strong>domum?</strong></span> <span class='ocrx_word' id='word_1_661' title='bbox 2650 4623 2711 4670; x_wconf 85' lang='lat' dir='ltr'><strong>ut</strong></span> <span class='ocrx_word' id='word_1_662' title='bbox 2758 4623 2989 4670; x_wconf 87' lang='lat' dir='ltr'><strong>terreret</strong></span> <span class='ocrx_word' id='word_1_663' title='bbox 3036 4614 3253 4684; x_wconf 86' lang='lat' dir='ltr'><strong>quidem</strong></span> <span class='ocrx_word' id='word_1_664' title='bbox 3284 4611 3448 4666; x_wconf 86' lang='lat' dir='ltr'><strong>mini-</strong></span> 
     </span>
    </p>
   </div>
   <div class='ocr_carea' id='block_1_94' title="bbox 201 4704 3449 4788">
    <p class='ocr_par' dir='ltr' id='par_1_94' title="bbox 201 4704 3449 4788">
     <span class='ocr_line' id='line_1_94' title="bbox 201 4704 3449 4788; baseline -0.006 -14"><span class='ocrx_word' id='word_1_665' title='bbox 201 4719 512 4775; x_wconf 82' lang='lat' dir='ltr'><strong>tabuudos:</strong></span> <span class='ocrx_word' id='word_1_666' title='bbox 543 4722 610 4773; x_wconf 84' lang='lat' dir='ltr'><strong>ad</strong></span> <span class='ocrx_word' id='word_1_667' title='bbox 646 4720 811 4773; x_wconf 86' lang='lat' dir='ltr'><strong>animi</strong></span> <span class='ocrx_word' id='word_1_668' title='bbox 844 4732 972 4773; x_wconf 83' lang='lat' dir='ltr'><strong>vero</strong></span> <span class='ocrx_word' id='word_1_669' title='bbox 1004 4718 1351 4787; x_wconf 67' lang='lat' dir='ltr'><strong>praesentiam</strong></span> <span class='ocrx_word' id='word_1_670' title='bbox 1381 4709 1541 4788; x_wconf 87' lang='lat' dir='ltr'><strong>atque</strong></span> <span class='ocrx_word' id='word_1_671' title='bbox 1565 4716 1818 4774; x_wconf 80' lang='lat' dir='ltr'><strong>ﬁduciam</strong></span> <span class='ocrx_word' id='word_1_672' title='bbox 1860 4708 2147 4774; x_wconf 80' lang='lat' dir='ltr'><strong>reduceret</strong></span> <span class='ocrx_word' id='word_1_673' title='bbox 2179 4709 2481 4781; x_wconf 89' lang='lat' dir='ltr'><strong>apostolos,</strong></span> <span class='ocrx_word' id='word_1_674' title='bbox 2521 4706 2778 4778; x_wconf 89' lang='lat' dir='ltr'><strong>quoniam</strong></span> <span class='ocrx_word' id='word_1_675' title='bbox 2830 4704 3155 4776; x_wconf 88' lang='lat' dir='ltr'><strong>principium</strong></span> <span class='ocrx_word' id='word_1_676' title='bbox 3205 4711 3342 4765; x_wconf 82' lang='lat' dir='ltr'><strong>erat,</strong></span> <span class='ocrx_word' id='word_1_677' title='bbox 3393 4719 3449 4768; x_wconf 77' lang='grc' dir='ltr'><strong>οι</strong></span> 
     </span>
    </p>
   </div>
   <div class='ocr_carea' id='block_1_95' title="bbox 202 4797 3447 4881">
    <p class='ocr_par' dir='ltr' id='par_1_95' title="bbox 202 4797 3447 4881">
     <span class='ocr_line' id='line_1_95' title="bbox 202 4797 3447 4881; baseline -0.005 -16"><span class='ocrx_word' id='word_1_678' title='bbox 202 4812 386 4881; x_wconf 69' lang='lat' dir='ltr'><strong>signo,</strong></span> <span class='ocrx_word' id='word_1_679' title='bbox 431 4812 577 4881; x_wconf 90' lang='lat' dir='ltr'><strong>quod</strong></span> <span class='ocrx_word' id='word_1_680' title='bbox 632 4826 797 4866; x_wconf 87' lang='lat' dir='ltr'><strong>sensu</strong></span> <span class='ocrx_word' id='word_1_681' title='bbox 831 4811 1227 4881; x_wconf 85' lang='lat' dir='ltr'><strong>perciperetur,</strong></span> <span class='ocrx_word' id='word_1_682' title='bbox 1268 4826 1405 4881; x_wconf 88' lang='lat' dir='ltr'><strong>opus</strong></span> <span class='ocrx_word' id='word_1_683' title='bbox 1495 4809 1788 4864; x_wconf 84' lang='lat' dir='ltr'><strong>habebant.</strong></span> <span class='ocrx_word' id='word_1_684' title='bbox 1865 4808 2185 4865; x_wconf 86' lang='lat' dir='ltr'><strong>Concussus</strong></span> <span class='ocrx_word' id='word_1_685' title='bbox 2214 4810 2460 4871; x_wconf 77' lang='lat' dir='ltr'><strong>estergo</strong></span> <span class='ocrx_word' id='word_1_686' title='bbox 2497 4801 2670 4864; x_wconf 86' lang='lat' dir='ltr'><strong>locus,</strong></span> <span class='ocrx_word' id='word_1_687' title='bbox 2712 4811 2768 4853; x_wconf 89' lang='lat' dir='ltr'><strong>et</strong></span> <span class='ocrx_word' id='word_1_688' title='bbox 2797 4799 2971 4867; x_wconf 80' lang='lat' dir='ltr'><strong>magis</strong></span> <span class='ocrx_word' id='word_1_689' title='bbox 2995 4806 3111 4853; x_wconf 83' lang='lat' dir='ltr'><strong>eos</strong></span> <span class='ocrx_word' id='word_1_690' title='bbox 3155 4797 3447 4852; x_wconf 80' lang='lat' dir='ltr'><strong>continua-</strong></span> 
     </span>
    </p>
   </div>
   <div class='ocr_carea' id='block_1_96' title="bbox 201 4889 3450 4972">
    <p class='ocr_par' dir='ltr' id='par_1_96' title="bbox 201 4889 3450 4972">
     <span class='ocr_line' id='line_1_96' title="bbox 201 4889 3450 4972; baseline -0.004 -13"><span class='ocrx_word' id='word_1_691' title='bbox 201 4906 302 4959; x_wconf 70' lang='lat' dir='ltr'><strong>vit.</strong></span> <span class='ocrx_word' id='word_1_692' title='bbox 343 4900 412 4955; x_wconf 84' lang='lat' dir='ltr'><strong>Et</strong></span> <span class='ocrx_word' id='word_1_693' title='bbox 442 4902 633 4970; x_wconf 82' lang='lat' dir='ltr'><strong>repleti</strong></span> <span class='ocrx_word' id='word_1_694' title='bbox 665 4909 791 4956; x_wconf 89' lang='lat' dir='ltr'><strong>sunt</strong></span> <span class='ocrx_word' id='word_1_695' title='bbox 814 4916 1006 4958; x_wconf 89' lang='lat' dir='ltr'><strong>omnes</strong></span> <span class='ocrx_word' id='word_1_696' title='bbox 1032 4899 1240 4972; x_wconf 89' lang='lat' dir='ltr'><strong>Spiritu</strong></span> <span class='ocrx_word' id='word_1_697' title='bbox 1266 4911 1481 4968; x_wconf 89' lang='lat' dir='ltr'><strong>sancto,</strong></span> <span class='ocrx_word' id='word_1_698' title='bbox 1513 4902 1618 4956; x_wconf 91' lang='lat' dir='ltr'><strong>hoc</strong></span> <span class='ocrx_word' id='word_1_699' title='bbox 1646 4910 1754 4966; x_wconf 87' lang='lat' dir='ltr'><strong>est,</strong></span> <span class='ocrx_word' id='word_1_700' title='bbox 1796 4898 2018 4956; x_wconf 82' lang='lat' dir='ltr'><strong>excitati</strong></span> <span class='ocrx_word' id='word_1_701' title='bbox 2115 4910 2180 4950; x_wconf 88' lang='lat' dir='ltr'><strong>ac</strong></span> <span class='ocrx_word' id='word_1_702' title='bbox 2229 4892 2465 4949; x_wconf 88' lang='lat' dir='ltr'><strong>recreati</strong></span> <span class='ocrx_word' id='word_1_703' title='bbox 2516 4898 2679 4947; x_wconf 90' lang='lat' dir='ltr'><strong>sunt:</strong></span> <span class='ocrx_word' id='word_1_704' title='bbox 2743 4898 2797 4944; x_wconf 87' lang='lat' dir='ltr'><strong>et</strong></span> <span class='ocrx_word' id='word_1_705' title='bbox 2880 4889 3021 4944; x_wconf 83' lang='lat' dir='ltr'><strong>intra</strong></span> <span class='ocrx_word' id='word_1_706' title='bbox 3102 4904 3222 4945; x_wconf 84' lang='lat' dir='ltr'><strong>sese</strong></span> <span class='ocrx_word' id='word_1_707' title='bbox 3275 4896 3450 4961; x_wconf 77' lang='lat' dir='ltr'><strong>gratia</strong></span> 
     </span>
    </p>
   </div>
   <div class='ocr_carea' id='block_1_97' title="bbox 207 4994 678 5050">
    <p class='ocr_par' dir='ltr' id='par_1_97' title="bbox 207 4994 678 5050">
     <span class='ocr_line' id='line_1_97' title="bbox 207 4994 678 5050; baseline -0.008 0"><span class='ocrx_word' id='word_1_708' title='bbox 207 4994 678 5050; x_wconf 82' lang='lat' dir='ltr'><strong>accendebantur.</strong></span> 
     </span>
    </p>
   </div>
   <div class='ocr_carea' id='block_1_98' title="bbox 278 5082 1772 5157">
    <p class='ocr_par' dir='ltr' id='par_1_98' title="bbox 278 5082 1772 5157">
     <span class='ocr_line' id='line_1_98' title="bbox 278 5082 1772 5157; baseline -0.001 -16"><span class='ocrx_word' id='word_1_709' title='bbox 278 5085 392 5141; x_wconf 86' lang='grc' dir='ltr'><strong>Τοῦ</strong></span> <span class='ocrx_word' id='word_1_710' title='bbox 419 5085 490 5139; x_wconf 73' lang='grc' dir='ltr'>δὲ</span> <span class='ocrx_word' id='word_1_711' title='bbox 512 5085 785 5153; x_wconf 76' lang='grc' dir='ltr'>πλήθους</span> <span class='ocrx_word' id='word_1_712' title='bbox 832 5086 951 5139; x_wconf 85' lang='grc' dir='ltr'>τῶν</span> <span class='ocrx_word' id='word_1_713' title='bbox 978 5086 1441 5142; x_wconf 77' lang='grc' dir='ltr'>πιστευσάντων</span> <span class='ocrx_word' id='word_1_714' title='bbox 1465 5082 1543 5157; x_wconf 83' lang='grc' dir='ltr'>ἦν</span> <span class='ocrx_word' id='word_1_715' title='bbox 1569 5087 1607 5155; x_wconf 76' lang='grc' dir='ltr'>ἡ</span> <span class='ocrx_word' id='word_1_716' title='bbox 1629 5100 1772 5155; x_wconf 82' lang='grc' dir='ltr'>καρ-</span> 
     </span>
    </p>
   </div>
   <div class='ocr_carea' id='block_1_99' title="bbox 204 5173 1770 5247">
    <p class='ocr_par' dir='ltr' id='par_1_99' title="bbox 204 5173 1770 5247">
     <span class='ocr_line' id='line_1_99' title="bbox 204 5173 1770 5247; baseline -0.001 -16"><span class='ocrx_word' id='word_1_717' title='bbox 204 5176 305 5234; x_wconf 76' lang='grc' dir='ltr'><strong>δία</strong></span> <span class='ocrx_word' id='word_1_718' title='bbox 332 5177 434 5232; x_wconf 74' lang='grc' dir='ltr'><strong>καί</strong></span> <span class='ocrx_word' id='word_1_719' title='bbox 461 5176 502 5245; x_wconf 75' lang='grc' dir='ltr'><strong><em>ἠ</em></strong></span> <span class='ocrx_word' id='word_1_720' title='bbox 534 5176 705 5247; x_wconf 72' lang='grc' dir='ltr'><strong>ψυχή</strong></span> <span class='ocrx_word' id='word_1_721' title='bbox 718 5178 843 5247; x_wconf 70' lang='grc' dir='ltr'>μία·</span> <span class='ocrx_word' id='word_1_722' title='bbox 887 5178 986 5231; x_wconf 79' lang='grc' dir='ltr'>καὶ</span> <span class='ocrx_word' id='word_1_723' title='bbox 1015 5177 1160 5233; x_wconf 77' lang='grc' dir='ltr'>οὐδὲ</span> <span class='ocrx_word' id='word_1_724' title='bbox 1202 5173 1292 5245; x_wconf 80' lang='grc' dir='ltr'>εἷς</span> <span class='ocrx_word' id='word_1_725' title='bbox 1330 5195 1384 5231; x_wconf 88' lang='grc' dir='ltr'><strong>τι</strong></span> <span class='ocrx_word' id='word_1_726' title='bbox 1419 5175 1539 5231; x_wconf 87' lang='grc' dir='ltr'>τῶν</span> <span class='ocrx_word' id='word_1_727' title='bbox 1578 5179 1770 5245; x_wconf 77' lang='grc' dir='ltr'>ὑπαρ-</span> 
     </span>
    </p>
   </div>
   <div class='ocr_carea' id='block_1_100' title="bbox 207 5264 1772 5339">
    <p class='ocr_par' dir='ltr' id='par_1_100' title="bbox 207 5264 1772 5339">
     <span class='ocr_line' id='line_1_100' title="bbox 207 5264 1772 5339; baseline -0.006 -15"><span class='ocrx_word' id='word_1_728' title='bbox 207 5268 441 5337; x_wconf 78' lang='grc' dir='ltr'>χόντων</span> <span class='ocrx_word' id='word_1_729' title='bbox 475 5267 680 5334; x_wconf 82' lang='grc' dir='ltr'>αὐτοῖς</span> <span class='ocrx_word' id='word_1_730' title='bbox 723 5269 766 5301; x_wconf 89' lang='grc'>³³</span> <span class='ocrx_word' id='word_1_731' title='bbox 818 5269 1029 5339; x_wconf 71' lang='grc' dir='ltr'>ἔλεγεν</span> <span class='ocrx_word' id='word_1_732' title='bbox 1084 5269 1240 5324; x_wconf 80' lang='grc' dir='ltr'>ιδιον</span> <span class='ocrx_word' id='word_1_733' title='bbox 1282 5265 1455 5323; x_wconf 77' lang='grc' dir='ltr'>εἶναι·</span> <span class='ocrx_word' id='word_1_734' title='bbox 1512 5268 1648 5323; x_wconf 79' lang='grc' dir='ltr'>ἀλλ’</span> <span class='ocrx_word' id='word_1_735' title='bbox 1693 5264 1772 5337; x_wconf 80' lang='grc' dir='ltr'>ἦν</span> 
     </span>
    </p>
   </div>
   <div class='ocr_carea' id='block_1_101' title="bbox 208 5358 894 5426">
    <p class='ocr_par' dir='ltr' id='par_1_101' title="bbox 208 5358 894 5426">
     <span class='ocr_line' id='line_1_101' title="bbox 208 5358 894 5426; baseline 0.004 -14"><span class='ocrx_word' id='word_1_736' title='bbox 208 5360 412 5426; x_wconf 76' lang='grc' dir='ltr'>αὐτοῖς</span> <span class='ocrx_word' id='word_1_737' title='bbox 435 5358 671 5415; x_wconf 78' lang='grc' dir='ltr'>ἅπαντα</span> <span class='ocrx_word' id='word_1_738' title='bbox 701 5361 894 5415; x_wconf 82' lang='grc' dir='ltr'>κοινά.</span> 
     </span>
    </p>
   </div>
   <div class='ocr_carea' id='block_1_102' title="bbox 1951 5067 3449 5138">
    <p class='ocr_par' dir='ltr' id='par_1_102' title="bbox 1951 5067 3449 5138">
     <span class='ocr_line' id='line_1_102' title="bbox 1951 5067 3449 5138; baseline -0.01 -4"><span class='ocrx_word' id='word_1_739' title='bbox 1951 5080 2121 5134; x_wconf 70' lang='lat' dir='ltr'><strong>Vens.</strong></span> <span class='ocrx_word' id='word_1_740' title='bbox 2153 5074 2244 5131; x_wconf 73' lang='lat'><strong>32.</strong></span> <span class='ocrx_word' id='word_1_741' title='bbox 2280 5072 2452 5127; x_wconf 88' lang='lat' dir='ltr'><strong>Porro</strong></span> <span class='ocrx_word' id='word_1_742' title='bbox 2479 5071 2840 5126; x_wconf 83' lang='lat' dir='ltr'><strong>multitudinis</strong></span> <span class='ocrx_word' id='word_1_743' title='bbox 2867 5085 3048 5123; x_wconf 89' lang='lat' dir='ltr'><strong>eorum</strong></span> <span class='ocrx_word' id='word_1_744' title='bbox 3078 5068 3170 5138; x_wconf 88' lang='lat' dir='ltr'><strong>qui</strong></span> <span class='ocrx_word' id='word_1_745' title='bbox 3210 5067 3449 5120; x_wconf 82' lang='lat' dir='ltr'><strong>credide-</strong></span> 
     </span>
    </p>
   </div>
   <div class='ocr_carea' id='block_1_103' title="bbox 1882 5157 3443 5227">
    <p class='ocr_par' dir='ltr' id='par_1_103' title="bbox 1882 5157 3443 5227">
     <span class='ocr_line' id='line_1_103' title="bbox 1882 5157 3443 5227; baseline -0.012 -1"><span class='ocrx_word' id='word_1_746' title='bbox 1882 5179 2004 5226; x_wconf 88' lang='lat' dir='ltr'><strong>rant</strong></span> <span class='ocrx_word' id='word_1_747' title='bbox 2033 5176 2259 5223; x_wconf 85' lang='lat' dir='ltr'><strong>eratcor</strong></span> <span class='ocrx_word' id='word_1_748' title='bbox 2296 5180 2460 5217; x_wconf 89' lang='lat' dir='ltr'><strong>unum</strong></span> <span class='ocrx_word' id='word_1_749' title='bbox 2498 5171 2548 5218; x_wconf 78' lang='lat' dir='ltr'><strong>et</strong></span> <span class='ocrx_word' id='word_1_750' title='bbox 2603 5163 2787 5216; x_wconf 87' lang='lat' dir='ltr'><strong>anima</strong></span> <span class='ocrx_word' id='word_1_751' title='bbox 2819 5176 2965 5214; x_wconf 85' lang='lat' dir='ltr'><strong>una:</strong></span> <span class='ocrx_word' id='word_1_752' title='bbox 3026 5174 3116 5212; x_wconf 87' lang='lat' dir='ltr'><strong>nec</strong></span> <span class='ocrx_word' id='word_1_753' title='bbox 3163 5157 3443 5227; x_wconf 79' lang='lat' dir='ltr'><strong>quisquam</strong></span> 
     </span>
    </p>
   </div>
   <div class='ocr_carea' id='block_1_104' title="bbox 1878 5249 3443 5326">
    <p class='ocr_par' dir='ltr' id='par_1_104' title="bbox 1878 5249 3443 5326">
     <span class='ocr_line' id='line_1_104' title="bbox 1878 5249 3443 5326; baseline -0.01 -9"><span class='ocrx_word' id='word_1_754' title='bbox 1878 5277 2094 5318; x_wconf 85' lang='lat' dir='ltr'><strong>suorum</strong></span> <span class='ocrx_word' id='word_1_755' title='bbox 2122 5261 2378 5313; x_wconf 86' lang='lat' dir='ltr'><strong>bonorum</strong></span> <span class='ocrx_word' id='word_1_756' title='bbox 2410 5256 2685 5326; x_wconf 86' lang='lat' dir='ltr'><strong>quicquam</strong></span> <span class='ocrx_word' id='word_1_757' title='bbox 2730 5269 2887 5307; x_wconf 84' lang='lat' dir='ltr'><strong>suum</strong></span> <span class='ocrx_word' id='word_1_758' title='bbox 2931 5267 3043 5305; x_wconf 86' lang='lat' dir='ltr'><strong>esse</strong></span> <span class='ocrx_word' id='word_1_759' title='bbox 3079 5250 3319 5305; x_wconf 84' lang='lat' dir='ltr'><strong>dicebat:</strong></span> <span class='ocrx_word' id='word_1_760' title='bbox 3351 5249 3443 5303; x_wconf 80' lang='lat' dir='ltr'><strong>sed</strong></span> 
     </span>
    </p>
   </div>
   <div class='ocr_carea' id='block_1_105' title="bbox 1879 5347 2689 5409">
    <p class='ocr_par' dir='ltr' id='par_1_105' title="bbox 1879 5347 2689 5409">
     <span class='ocr_line' id='line_1_105' title="bbox 1879 5347 2689 5409; baseline -0.015 0"><span class='ocrx_word' id='word_1_761' title='bbox 1879 5362 2033 5409; x_wconf 80' lang='lat' dir='ltr'><strong>erant</strong></span> <span class='ocrx_word' id='word_1_762' title='bbox 2056 5351 2132 5405; x_wconf 88' lang='lat' dir='ltr'><strong>eis</strong></span> <span class='ocrx_word' id='word_1_763' title='bbox 2164 5350 2342 5403; x_wconf 84' lang='lat' dir='ltr'><strong>omnia</strong></span> <span class='ocrx_word' id='word_1_764' title='bbox 2368 5347 2689 5403; x_wconf 81' lang='lat' dir='ltr'><strong>communia.</strong></span> 
     </span>
    </p>
   </div>
   <div class='ocr_carea' id='block_1_106' title="bbox 1355 5491 2223 5559">
    <p class='ocr_par' dir='ltr' id='par_1_106' title="bbox 1355 5491 2223 5559">
     <span class='ocr_line' id='line_1_106' title="bbox 1355 5491 2223 5559; baseline -0.014 0"><span class='ocrx_word' id='word_1_765' title='bbox 1355 5495 1557 5559; x_wconf 64' lang='lat' dir='ltr'><strong>Variae</strong></span> <span class='ocrx_word' id='word_1_766' title='bbox 1582 5492 1892 5555; x_wconf 84' lang='lat' dir='ltr'><strong>lectiones</strong></span> <span class='ocrx_word' id='word_1_767' title='bbox 1922 5497 1983 5552; x_wconf 84' lang='lat' dir='ltr'><strong>et</strong></span> <span class='ocrx_word' id='word_1_768' title='bbox 2031 5491 2223 5549; x_wconf 70' lang='lat' dir='ltr'><strong>uolua.</strong></span> 
     </span>
    </p>
   </div>
   <div class='ocr_carea' id='block_1_107' title="bbox 279 5619 1705 5694">
    <p class='ocr_par' dir='ltr' id='par_1_107' title="bbox 279 5619 1705 5694">
     <span class='ocr_line' id='line_1_107' title="bbox 279 5619 1705 5694; baseline -0.006 -20"><span class='ocrx_word' id='word_1_769' title='bbox 279 5620 625 5694; x_wconf 57' lang='lat' dir='ltr'><strong>”_l‘lgeaﬁat,</strong></span> <span class='ocrx_word' id='word_1_770' title='bbox 671 5632 745 5677; x_wconf 80' lang='lat' dir='ltr'><strong>est</strong></span> <span class='ocrx_word' id='word_1_771' title='bbox 802 5624 858 5677; x_wconf 87' lang='lat' dir='ltr'><strong>in</strong></span> <span class='ocrx_word' id='word_1_772' title='bbox 906 5623 1149 5694; x_wconf 78' lang='lat' dir='ltr'><strong>vulgatis.</strong></span> <span class='ocrx_word' id='word_1_773' title='bbox 1225 5622 1270 5655; x_wconf 75' lang='grc' dir='ltr'><strong>⁸ο</strong></span> <span class='ocrx_word' id='word_1_774' title='bbox 1315 5622 1401 5677; x_wconf 79' lang='grc' dir='ltr'>ισ.</span> <span class='ocrx_word' id='word_1_775' title='bbox 1451 5619 1621 5694; x_wconf 32' lang='lat' dir='ltr'><strong>sub-:6.</strong></span> <span class='ocrx_word' id='word_1_776' title='bbox 1668 5636 1705 5688; x_wconf 90' lang='grc' dir='ltr'><strong>μ</strong></span> 
     </span>
    </p>
   </div>
   <div class='ocr_carea' id='block_1_108' title="bbox 1708 5599 3442 5680">
    <p class='ocr_par' dir='ltr' id='par_1_108' title="bbox 1708 5599 3442 5680">
     <span class='ocr_line' id='line_1_108' title="bbox 1708 5599 3442 5680; baseline 0.004 -32"><span class='ocrx_word' id='word_1_777' title='bbox 1708 5636 1777 5673; x_wconf 50' lang='grc' dir='ltr'>οι,</span> <span class='ocrx_word' id='word_1_778' title='bbox 1853 5618 1897 5650; x_wconf 73' lang='lat' dir='ltr'><strong>at</strong></span> <span class='ocrx_word' id='word_1_779' title='bbox 1934 5612 2143 5680; x_wconf 80' lang='grc' dir='ltr'>Ῥῆξον,</span> <span class='ocrx_word' id='word_1_780' title='bbox 2186 5611 2272 5664; x_wconf 83' lang='grc' dir='ltr'>ῑσ.</span> <span class='ocrx_word' id='word_1_781' title='bbox 2349 5606 2395 5639; x_wconf 83' lang='grc'><strong>³¹</strong></span> <span class='ocrx_word' id='word_1_782' title='bbox 2430 5603 2697 5680; x_wconf 42' lang='grc' dir='ltr'>Ἀνάγει-ν,</span> <span class='ocrx_word' id='word_1_783' title='bbox 2727 5611 2865 5680; x_wconf 65' lang='lat' dir='ltr'><strong>erat.</strong></span> <span class='ocrx_word' id='word_1_784' title='bbox 2940 5601 2985 5633; x_wconf 82' lang='grc'>³³</span> <span class='ocrx_word' id='word_1_785' title='bbox 3015 5599 3079 5655; x_wconf 89' lang='lat' dir='ltr'><strong>In</strong></span> <span class='ocrx_word' id='word_1_786' title='bbox 3102 5600 3329 5680; x_wconf 65' lang='lat' dir='ltr'><strong>vulgatis</strong></span> <span class='ocrx_word' id='word_1_787' title='bbox 3345 5610 3442 5667; x_wconf 85' lang='lat' dir='ltr'><strong>est,</strong></span> 
     </span>
    </p>
   </div>
   <div class='ocr_carea' id='block_1_109' title="bbox 211 5670 1769 5763">
    <p class='ocr_par' dir='ltr' id='par_1_109' title="bbox 211 5670 1769 5763">
     <span class='ocr_line' id='line_1_109' title="bbox 211 5670 1769 5763; baseline -0.003 -18"><span class='ocrx_word' id='word_1_788' title='bbox 211 5670 379 5758; x_wconf 72' lang='grc' dir='ltr'>αὺτῷῖ</span> <span class='ocrx_word' id='word_1_789' title='bbox 403 5670 505 5744; x_wconf 59' lang='grc' dir='ltr'><strong>’Ῐῖ</strong></span> <span class='ocrx_word' id='word_1_790' title='bbox 522 5670 1279 5763; x_wconf 61' lang='grc' dir='ltr'><strong>’ἆρὂςὲἱῲιιόἐέαἶτᾶἶριυτα</strong></span> <span class='ocrx_word' id='word_1_791' title='bbox 1311 5670 1441 5746; x_wconf 58' lang='lat' dir='ltr'><strong>ne.</strong></span> <span class='ocrx_word' id='word_1_792' title='bbox 1462 5670 1729 5758; x_wconf 49' lang='lat' dir='ltr'><strong>suum;</strong></span> <span class='ocrx_word' id='word_1_793' title='bbox 1744 5670 1769 5739; x_wconf 11' lang='grc' dir='ltr'><strong>ἠέ</strong></span> 
     </span>
    </p>
   </div>
   <div class='ocr_carea' id='block_1_110' title="bbox 1886 5670 3372 5763">
    <p class='ocr_par' dir='ltr' id='par_1_110' title="bbox 1887 5670 3372 5744">
     <span class='ocr_line' id='line_1_110' title="bbox 1887 5670 3372 5744; baseline -0.01 -4"><span class='ocrx_word' id='word_1_794' title='bbox 1887 5670 2140 5740; x_wconf 65' lang='grc' dir='ltr'>ἔδεενιιέτέ</span> <span class='ocrx_word' id='word_1_795' title='bbox 2170 5694 2273 5734; x_wconf 85' lang='lat' dir='ltr'><strong>non</strong></span> <span class='ocrx_word' id='word_1_796' title='bbox 2320 5691 2546 5744; x_wconf 84' lang='lat' dir='ltr'><strong>possem,</strong></span> <span class='ocrx_word' id='word_1_797' title='bbox 2593 5672 2800 5737; x_wconf 81' lang='grc' dir='ltr'>αὐτοῖς,</span> <span class='ocrx_word' id='word_1_798' title='bbox 2865 5680 3014 5737; x_wconf 79' lang='lat' dir='ltr'><strong>esset,</strong></span> <span class='ocrx_word' id='word_1_799' title='bbox 3042 5687 3114 5725; x_wconf 91' lang='lat' dir='ltr'><strong>an</strong></span> <span class='ocrx_word' id='word_1_800' title='bbox 3169 5670 3372 5725; x_wconf 83' lang='grc' dir='ltr'>αὐτῶν.</span> 
     </span>
    </p>
   </div>
   <div class='ocr_carea' id='block_1_111' title="bbox 290 5801 821 5871">
    <p class='ocr_par' dir='ltr' id='par_1_111' title="bbox 290 5801 821 5871">
     <span class='ocr_line' id='line_1_111' title="bbox 290 5801 821 5871; baseline 0.006 -15"><span class='ocrx_word' id='word_1_801' title='bbox 290 5813 320 5842; x_wconf 75' lang='grc' dir='ltr'><strong>ιι</strong></span> <span class='ocrx_word' id='word_1_802' title='bbox 352 5801 416 5857; x_wconf 74' lang='grc' dir='ltr'>γ.</span> <span class='ocrx_word' id='word_1_803' title='bbox 448 5819 566 5857; x_wconf 85' lang='lat' dir='ltr'><strong>cum</strong></span> <span class='ocrx_word' id='word_1_804' title='bbox 602 5803 821 5871; x_wconf 74' lang='lat' dir='ltr'><strong>ﬁducia.</strong></span> 
     </span>
    </p>
   </div>
  </div>
