3870 6544
182 365 286 427 585

943 372 1346 434 EXPOSITIO
1384 376 1466 436 IN
1520 377 1708 437 ACTA
1745 380 2320 451 APOSTOLORUM.
2353 417 2422 427 ’-
2456 393 2614 455 CAP.
2657 398 2721 457 V.

3332 401 3437 464 555

179 492 296 530 σου
326 476 392 529 τὸ
437 475 674 545 «prima
712 478 924 545 tauro;
964 485 1085 538 οὐκ
1133 485 1374 555 ἐψεύσω
1399 486 1753 556 ἀνθρώποις,

1879 508 1971 547 τηιι
2037 503 2338 564 poles-rate?
2420 502 2597 567 Quare
2678 503 2775 558 hoc
2832 504 3005 572 facere
3078 506 3131 560 in
3202 510 3436 563 animum

180 568 342 622 ἀλλὰ
370 567 447 633 τᾷ
477 567 619 634 Θεῷ.

258 743 517 798 Ἀκούων
529 746 598 800 δὲ
631 750 665 801 ὀ
685 748 732 779 ⁸⁵
765 749 1044 819 Ἀνανίας
1070 754 1212 821 τοὺς
1230 757 1451 824 λόγους
1487 760 1757 825 τούτους.

176 832 390 888 πεσὼν
442 836 706 911 ἐξέψυξε
738 855 755 871 ο
809 842 910 894 καί
946 843 1187 912 ἐγένετο
1217 848 1402 914 φόϐος
1441 850 1629 918 μέγας
1658 850 1756 903 ἐπὶ

175 925 416 992 πάντας
448 929 591 995 τοὺς
622 931 960 999 ἀκούοντας
989 936 1195 992 ταῦτα.

244 1017 658 1087 Ἀναστάντες
686 1021 754 1075 δὲ
778 1026 835 1076 ot
867 1002 1162 1093 νεώτεροι,
1197 1031 1607 1085 συνέστειλαν
1654 1035 1759 1086 αὺ-

174 1112 303 1177 τὸν,
344 1112 446 1166 καί
471 1114 901 1184 ἐξενέγκαντες
927 1117 1184 1187 ἔθαψαν.

243 1336 327 1387 υὺ
354 1336 507 1389 δοκεῖ
531 1354 622 1406 μοι
649 1333 804 1402 οὗτος
827 1341 1033 1406 ἐκεῖνος
1054 1336 1216 1405 εἶναι,
1242 1345 1269 1395 ὁ
1303 1345 1439 1413 μετὰ
1493 1346 1758 1399 Mat-.0509.

185 1426 439 1490 Ἐκεῖνος
489 1427 599 1499 γὰρ
659 1432 757 1483 καὶ
788 1432 1019 1494 Ἰοῦστος
1050 1432 1268 1501 ἐλέγετο
1296 1450 1310 1466 ο
1350 1431 1506 1499 οὗτος
1536 1437 1593 1489 δὲ
1618 1437 1760 1507 Βαρ-

171 1518 374 1584 νάϐας,
403 1519 436 1572 δ
466 1520 618 1574 ἔστιν
646 1521 758 1584 υἱὸς
795 1523 1220 1597 παρακλήσεως.
1262 1527 1420 1579 Δοκεῖ
1448 1527 1506 1581 δέ
1553 1545 1642 1597 μοι
1668 1530 1764 1581 καὶ

170 1609 285 1662 ἀπὸ
338 1610 446 1680 τῆς
506 1613 711 1683 ἀρετῆς
735 1613 797 1669 τὸ
846 1613 1019 1682 ὄνομα
1066 1596 1370 1685 εἰληφέναι.
1426 1596 1635 1681 negat
1670 1618 1763 1671 καὶ

174 1702 420 1772 Λευίτης
448 1699 518 1774 ἦν
558 1705 653 1758 καὶ
707 1703 957 1776 Κύπριος
981 1722 997 1771 ;
1027 1707 1150 1761 Ὅτι
1176 1709 1205 1761 ὁ
1231 1709 1393 1779 νόμος
1422 1709 1522 1780 ήδη
1548 1713 1765 1781 ἀπαρα-

172 1794 472 1863 φυλάκτως
528 1794 748 1849 ἐλύετο·
802 1799 897 1850 καὶ
956 1797 1144 1851 λοιπδν
1203 1801 1295 1852 καὶ
1350 1800 1631 1871 μετῴκουν
1666 1802 1762 1857 καὶ

171 1883 558 1953 ἐχρημάτιζον
577 1886 821 1941 Λευῖται.
855 1886 1081 1940 Μέλλων
1110 1888 1167 1940 δὲ
1193 1889 1499 1957 διηγεῖσθαι
1530 1892 1591 1943 τδ
1621 1891 1764 1946 κατὰ

186 1973 456 2028 ’Δνανίαν
488 1976 582 2029 καὶ
637 1977 980 2047 Σὰπιρειραν,
1043 1979 1138 2032 καὶ
1161 1978 1330 2033 Θέλων
1365 1981 1535 2049 δεῖξαι
1562 1983 1761 2048 αὐτοὺς

173 2063 602 2136 ἡμαρτηκότας,
638 2067 854 2138 πρῶτον
895 2069 1172 2141 μέμνηται
1202 2069 1296 2123 τοῦ
1328 2072 1759 2141 κατορθωκότος·

172 2158 260 2209 ὅτι
314 2157 578 2210 τοσούτου
623 2158 883 2229 πλήθους,
914 2161 1067 2225 ὄντος
1110 2161 1202 2215 τοῦ
1242 2160 1414 2215 ταῦτα
1461 2163 1760 2228 ποιοῦντος,

170 2247 456 2302 τοσούτων
512 2250 776 2318 σημείων,
835 2252 1108 2323 τοσαύτης
1147 2252 1392 2323 χάριτος,
1428 2253 1761 2323 ὑπ’κούδενὸς

171 2337 385 2392 τούτων
423 2339 741 2401 παιδευθεὶς
797 2343 888 2395 τὸν
916 2321 1354 2415 ὄλεθρονὲαυτῷ
1384 2321 1657 2413 ὲπήγάγε.
1689 2346 1765 2397 Τὸ

172 2431 462 2494 δὲδεινὸν,
503 2431 587 2484 ὅτι
626 2432 767 2500 μετὰ
809 2436 909 2503 τῆς
954 2435 1404 2500 συγκαταθέσεως
1434 2437 1467 2506 ἡ
1494 2436 1761 2506 ἁμαρτία,

176 2524 277 2575 καὶ
300 2522 483 2585 οὐδεὶς
515 2523 701 2593 ἔτερος
725 2519 832 2575 εἶδε
873 2525 933 2577 τὸ
961 2526 1281 2593 γενόμενονο
1314 2527 1434 2580 ὅθεν
1458 2526 1660 2593 ἐπῆλθε
1687 2525 1765 2596 τῷ

174 2615 360 2682 ἀθλίῳ
398 2614 557 2667 τοῦτο
587 2614 946 2684 ἐργάσασθαι.
966 2617 1101 2669 Φασί
1124 2635 1266 2680 τινες
1287 2618 1369 2670 ὅτι
1398 2618 1446 2671 εί
1472 2621 1499 2670 ὁ
1522 2618 1765 2680 Σατανᾶς

173 2707 470 2776 ἐπλήρωσε
529 2707 629 2778 τὴν
669 2708 896 2778 καρδίαν
927 2708 1022 2760 τοῦ
1069 2710 1335 2772 Ἀνανίου,
1366 2709 1420 2764 τί
1447 2711 1545 2775 τὴν
1594 2727 1765 2778 τιμω-

176 2796 306 2869 ρίαν
338 2798 579 2868 ὓπεσχεν
621 2800 865 2862 ὲκεῖνοςς
903 2799 1027 2853 ’Ὁτι
1067 2800 1228 2862 αὐτὸς
1266 2801 1483 2869 ἐγένετο
1516 2801 1711 2866 αἴτιος,
1738 2803 1766 2853 ὀ

175 2888 513 2955 εὐτρεπίσας
575 2891 767 2943 ἑαυτὸν
816 2894 895 2955 εἰς
923 2892 985 2943 τὸ
1020 2891 1277 2957 δέξασθαι
1324 2892 1422 2962 τὴν
1482 2892 1766 2963 ἐνέργειαν

176 2981 350 3035 αὑτοῦ
385 2982 481 3034 καὶ
515 2982 899 3052 πληρωθῆναι.
928 2985 1064 3054 Οὐχὶ
1095 2984 1276 3055 μένον,
1315 2988 1399 3039 σοὶ
1419 2985 1641 3056 ἕμεινε;
1675 2987 1765 3057 Μὴ

177 3071 294 3140 γὰρ
352 3071 602 3143 ἀνάγκης
627 3068 693 3143 ἦν
730 3075 855 3144 βία;
901 3077 993 3146 Μὴ
1028 3077 1137 3146 γὰρ
1164 3078 1395 3139 ἄκοντας
1432 3080 1576 3148 ὑμᾶς
1609 3079 1767 3131 ἕλκο-

180 3161 422 3228 μεν;Τί
477 3163 559 3213 ὅτι
609 3161 731 3215 ἔθου
787 3165 844 3216 ὲν
899 3168 964 3235 τῇ
1029 3166 1226 3237 καρδίᾳ
1286 3185 1378 3219 σου
1421 3167 1481 3220 τὸ
1532 3170 1767 3240 πρᾶγμα

174 3252 370 3317 soi-:0;
397 3252 535 3323 Τρία
560 3254 617 3306 ὲν
648 3253 726 3318 τῷ
759 3253 908 3325 αὐτῷ
934 3260 1136 3326 σημεῖα
1165 3266 1177 3286 "
1209 3258 1269 3311 τὸ
1301 3260 1367 3310 τὰ
1397 3259 1576 3330 λάθρα
1609 3276 1764 3328 γεγοο

177 3348 315 3398 vota.
377 3345 613 3401 εἰδέναι·
644 3347 705 3400 τὸ
734 3348 802 3402 τὰ
861 3351 916 3402 ὲν
943 3352 1008 3419 τῇ
1041 3350 1252 3421 διανοίᾳ
1287 3351 1653 3421 μελετηθέντα
1689 3351 1767 3421 μὴ

178 3438 493 3507 ἀγνοῆσαι·
521 3441 614 3494 καὶ
640 3440 821 3510 τρίτον
843 3480 859 3505 ,
882 3444 945 3495 τὸ
987 3444 1083 3496 καὶ
1108 3445 1492 3515 προστάγματι
1533 3445 1761 3500 ἀνελεῖν.

182 3530 381 3582 Πολλοὶ
445 3531 552 3583 τῶν
624 3532 846 3601 ἀμελῶν
866 3533 912 3565 ⁸⁸
929 3534 998 3603 τὰ
1044 3536 1173 3606 περὶ
1211 3536 1461 3588 Ἀνανίαν
1495 3536 1588 3590 καὶ
1621 3537 1767 3590 Σάπο

181 3635 384 3688 φειραν
436 3619 887 3691 προϐαλλόμενοι,
921 3624 1084 3691 φόνου
1137 3626 1440 3697 γράφονται
1469 3626 1560 3680 τὸν
1586 3627 1764 3696 Κορυ-

182 3715 348 3777 φαῖον
397 3711 508 3764 τῶν
566 3714 906 3767 ἀποστόλων.
969 3716 1034 3767 Ἠ
1080 3717 1135 3768 δὲ
1184 3718 1496 3789 κατηγορία
1549 3720 1611 3771 οὐ
1667 3717 1762 3772 τοῦ

185 3803 402 3872 Πέτρου
421 3843 437 3868 ,
464 3802 663 3872 μᾶλλον
680 3803 737 3855 δὲ
751 3802 844 3856 τοῦ
868 3802 1182 3875 [Ινεὺματος
1206 3807 1440 3863 ἅπτεται
1470 3809 1564 3863 τοῦ
1587 3811 1763 3880 ἁγίου,

182 3894 282 3947 τοῦ
340 3894 443 3964 τὴν
471 3894 653 3963 ψῆφον
702 3895 823 3949 κατ’
854 3895 1032 3949 αὐτῶν
1069 3898 1373 3963 ὲξοίσαντος
1415 3899 1660 3965 δικαίως.
1709 3901 1766 3954 'U

182 3986 298 4055 γὰρ
329 3987 531 4056 Πέτρος
553 3984 749 4058 ηλεγξε
781 3986 941 4057 μόνον
974 3986 1035 4040 τὸ
1067 3987 1261 4059 ψεῦδος
1285 4006 1298 4020 ·
1330 3989 1391 4043 τὸ
1440 3991 1496 4044 δὲ
1546 3992 1770 4063 Πνεῦμα

183 4077 439 4143 ἐξουσίαν
478 4076 602 4147 ἕχον
667 4078 763 4146 τῆς
832 4076 978 4148 ζωῆς
1049 4077 1141 4131 καὶ
1199 4079 1292 4133 τοῦ
1364 4080 1596 4136 θανάτου
1645 4085 1770 4146 τοὺς

183 4172 265 4233 εἰς
325 4168 460 4222 αὐτὸ
507 4169 935 4241 ἁμαρτήσαντας
999 4168 1197 4223 ἀνεῖλε.
1247 4170 1319 4223 Τὸ
1377 4171 1419 4222 δ’
1487 4172 1619 4224 αὑτὸ
1678 4172 1770 4224 καὶ

186 4258 321 4328 περὶ
349 4257 665 4327 Σαπφείρας
691 4257 837 4310 ἐστιν
865 4258 1037 4311 εἰπεῖν
1065 4275 1080 4290 ⁸
1112 4259 1193 4311 ὅτι
1224 4258 1321 4329 οὐχ
1344 4261 1372 4312 ὁ
1400 4260 1602 4331 Πέτρος
1624 4262 1770 4314 ἀνεῖ-

182 4349 281 4402 λεν
304 4349 504 4419 αὑτήν·
539 4348 657 4404 ἀλλ’
679 4349 803 4402 ἐπεὶ
823 4349 932 4402 τῶν
968 4350 1063 4404 δύο
1092 4351 1283 4419 γέγονε
1312 4352 1371 4405 τὸ
1386 4344 1768 4425 ’παράπτωμα,

184 4441 436 4511 ὁκριτὴς
509 4441 851 4511 ἀμφοτέρους
904 4441 1103 4513 ἐπίσης
1159 4443 1503 4500 κατεδίκασε.
1559 4446 1649 4499 Διὸ
1676 4446 1772 4500 καὶ

184 4531 347 4583 τοῦτο
372 4533 448 4601 μὴ
474 4532 744 4602 ἀγνοήσας
776 4534 806 4584 ὁ
842 4530 1069 4602 Πέτρος,
1106 4534 1134 4586 ὁ
1173 4532 1261 4585 διὰ
1293 4533 1384 4585 τοῦ
1411 4534 1567 4601 ἁγίου
1601 4535 1762 4589 Πνεύ-

1882 4533 2078 4588 Petrus
2111 4528 2457 4583 mendacium
2501 4527 2765 4580 duntaxat
2813 4525 2992 4594 arguit

190 4640 363 4695 ματος
431 4623 710 4695 πανταχοῦ
756 4623 1146 4693 φθεγγόμενοῖ,
1186 4622 1390 4696 ταύτην
1436 4627 1565 4699 παρ’
1597 4627 1760 4682 αὐτοῦ

187 4714 490 4782 δεξάμενος
520 4714 821 4782 ἐφθέγξατο
840 4714 936 4783 τὴν
968 4716 1176 4785 φωνήν.

1865 599 2012 641 luum
2098 593 2355 647 iuduxisti
2400 596 2459 647 '?
2521 594 2645 648 -Νοη
2696 613 2749 649 es
2813 597 3058 652 mentitus
3114 597 3436 666 hominibus,

1864 680 1955 731 sed
2003 679 2130 738 Deo.

1942 770 2100 825 Vens.
2142 773 2192 827 5.
2229 774 2430 839 Quibus
2450 778 2616 832 verbis
2646 778 2885 833 Ananias
2916 782 3132 845 auditis,
3173 783 3437 852 col'apsus

1864 873 1940 917 es!
1990 873 2039 916 et
2061 867 2362 930 exspiravit.
2389 872 2710 939 Magnusquc
2734 881 2898 926 metus
2925 873 3119 927 invasit
3142 877 3435 945 omnes,qui

1864 956 1974 1006 Iure
2000 956 2305 1009 audiebant.

1972 1045 2132 1098 Vsus.
2203 1047 2255 1100 6.
2334 1047 2501 1103 Porro
2572 1068 2693 1104 cum
2768 1055 3113 1110 surrexissent
3174 1057 3434 1125 iuniores,

1864 1140 2649 1205 correptum'constriuxerunt
2697 1158 2813 1195 eum
2876 1150 2922 1208 ',
2965 1156 3013 1197 et
3057 1147 3254 1200 elatum
3293 1165 3438 1218 sepe-
3514 1144 3515 1147 “
3594 1128 3603 1149 “

1866 1227 2115 1281 liverunl.

1936 1319 2137 1389 Joseph
2196 1331 2398 1376 autem.
2447 1321 2564 1378 Non
2595 1326 2807 1380 videtur
2858 1331 2990 1383 mihi
3020 1331 3109 1384 hic
3157 1346 3277 1384 esse
3324 1331 3438 1395 ille,

1864 1411 1955 1477 qui
1988 1425 2108 1463 cum
2144 1410 2368 1466 Matthia
2404 1412 2503 1467 fuit
2534 1428 2900 1485 comparatus.
2940 1417 3071 1472 Nam
3134 1419 3224 1473 ille
3272 1422 3435 1474 etiam

1864 1504 2055 1561 Jusms
2093 1506 2379 1560 dicebatur
2419 1525 2433 1561 :
2478 1508 2564 1562 hic
2608 1525 2758 1571 vero.
2810 1511 3114 1577 Barnabas,
3146 1513 3290 1582 quod
3357 1523 3442 1569 est

1869 1598 2012 1652 ﬁlius
2070 1596 2484 1653 consolationis.
2550 1597 2777 1654 Videtur
2837 1611 3017 1656 autem
3077 1602 3209 1656 mihi
3275 1603 3437 1656 etiam

1868 1696 2090 1757 propter
2123 1688 2377 1742 virtutem
2416 1704 2616 1742 nomen
2664 1700 2861 1746 nactus
2894 1707 3040 1746 esse.
3100 1690 3205 1746 Sed
3256 1692 3349 1762 qui
3388 1700 3441 1745 et

1866 1778 2050 1832 Levita
2078 1786 2195 1833 erat
2229 1787 2281 1833 et
2339 1778 2610 1852 Cyprius?
2644 1780 2777 1846 Quia
2820 1783 2902 1836 lex
2936 1783 3047 1852 jam
3082 1800 3190 1837 non
3224 1793 3442 1838 servata

1867 1870 2201 1925 solvebatur.
2264 1871 2451 1943 Itaque
2497 1874 2660 1929 etiam
2721 1873 2788 1928 ad
2822 1886 3042 1930 exteros
3112 1876 3439 1946 migrahanl,

1867 1974 1920 2017 et
1945 1965 2086 2016 inter
2108 1979 2203 2019 cos
2241 1965 2548 2020 habitantes
2578 1969 2998 2038 negotiabantur
3029 1967 3245 2023 Levitzn.
3269 1969 3441 2023 Porro

1865 2071 1987 2109 cum
2021 2066 2345 2112 narraturus
2373 2067 2517 2113 esset
2550 2060 2625 2125 id,
2655 2060 2798 2129 quod
2833 2061 3106 2115 acciderat
3133 2061 3356 2116 Ananiae
3386 2074 3440 2118 et

1869 2145 2219 2217 Sappheirai,
2271 2156 2324 2202 et
2401 2149 2691 2203 ostendere
2748 2151 2905 2205 vellet
2960 2150 3081 2206 illos
3138 2167 3441 2219 peccasse,

1867 2239 2019 2306 prius
2056 2238 2389 2292 inci‘ilioncm
2416 2237 2543 2291 facit
2573 2239 2712 2309 ejus,
2736 2241 2831 2309 qui
2863 2248 3009 2295 recte
3032 2240 3262 2296 fecerat.
3309 2240 3440 2294 Nam

1867 2344 1991 2383 eum
2022 2337 2168 2383 tanta
2207 2328 2501 2383 multitudo
2525 2338 2694 2395 esset,
2733 2330 2826 2399 qui
2856 2329 2969 2384 haec
3011 2332 3215 2385 iaceret
3253 2347 3264 2380 :
3316 2346 3439 2385 cum

1870 2427 1946 2475 tot
1988 2422 2142 2493 signa
2177 2422 2471 2475 ederentur
2512 2438 2525 2473 :
2563 2438 2686 2475 cum
2730 2431 2879 2475 tanta
2934 2422 3107 2490 gratia
3160 2432 3303 2477 esset
3339 2433 3357 2476 :
3413 2437 3443 2476 a

1870 2515 2015 2567 nulla
2079 2514 2271 2568 harum
2333 2529 2516 2567 rerum
2550 2515 2873 2568 emendatus
2927 2522 2980 2568 et
3031 2515 3097 2568 ad
3152 2515 3441 2568 sanitatem

1871 2618 2126 2657 reversus
2175 2592 2468 2670 perniciem
2505 2611 2558 2657 et
2588 2603 2814 2657 exitium
2844 2603 2951 2657 sibi
2998 2603 3224 2679 ascivit.
3252 2602 3443 2658 Mirum

1871 2703 2075 2755 autem,
2109 2694 2253 2763 quod
2296 2710 2418 2747 cum
2461 2710 2734 2749 consensu
2765 2704 3050 2765 peccatum
3092 2696 3446 2749 commissum

1870 2799 2006 2849 erat,
2049 2796 2103 2842 et
2143 2789 2327 2842 nullus
2353 2788 2496 2847 alius
2529 2787 2736 2841 viderat
2774 2786 2850 2850 id,
2887 2786 3034 2858 quod
3066 2787 3272 2842 factum
3307 2793 3448 2841 erat.

1871 2877 2028 2933 Unde
2059 2879 2281 2943 accidit,
2322 2880 2568 2933 ntmiser
2622 2879 2726 2934 hoc
2774 2879 2952 2935 facere
2985 2880 3037 2933 in
3071 2880 3313 2936 animum
3363 2882 3451 2935 in-

1872 2972 2116 3028 duceret.
2145 2971 2258 3026 Cur
2325 2972 2575 3042 implevit
2638 2969 2888 3027 Satanas.
2946 2971 3113 3025 Aiunt
3156 2970 3448 3026 nonnulli.

1871 3064 2027 3131 Quod
2083 3065 2129 3119 si
2189 3062 2423 3118 Satanas
2493 3064 2814 3133 impleverat
2880 3078 2974 3117 cor
3031 3061 3299 3124 Ananiae,
3354 3076 3450 3115 cur

1873 3170 2089 3224 poenam
2131 3155 2219 3208 ille
2259 3155 2523 3209 sustinuit
2552 3156 2573 3206 7
2609 3153 2747 3220 Quia
2786 3155 2876 3208 ille
2909 3143 3013 3206 fuit
3044 3154 3100 3207 in
3134 3167 3321 3217 causa,
3355 3154 3446 3221 qui

1873 3263 1993 3302 sese
2026 3258 2318 3317 paraverat
2377 3250 2443 3302 ad
2500 3247 2872 3315 recipiendum
2928 3246 3227 3301 cllicaciam
3261 3254 3315 3299 et
3343 3244 3446 3295 vim

1871 3340 2020 3393 illius
2047 3339 2344 3403 occultam,
2383 3354 2491 3409 qua
2523 3340 2863 3408 impleretur.
2896 3336 3089 3392 Nonne
3142 3350 3268 3390 cum
3310 3350 3450 3388 non-

1869 3429 1997 3481 dum
2052 3428 2324 3482 alienatus
2375 3426 2483 3497 50
2512 3436 2779 3491 maneret,
2808 3427 2903 3481 tibi
2941 3423 3245 3481 manebat?
3298 3421 3449 3475 Nun-

1869 3519 2002 3589 quid
2053 3519 2199 3573 enim
2247 3519 2595 3575 necessitatis
2651 3518 2735 3573 vis
2763 3518 2919 3573 erat?
2948 3514 3205 3585 Nunquid
3248 3512 3449 3567 invitos

1871 3627 1970 3666 vos
2007 3611 2329 3665 trahimus?
2375 3609 2558 3676 Quare
2611 3610 2713 3665 hoc
2750 3624 2911 3681 agere
2940 3609 2995 3662 in
3020 3609 3262 3660 animum
3299 3616 3448 3659 tuum

1871 3702 2161 3757 induxisti?
2195 3701 2322 3756 Tria
2343 3701 2680 3756 exsistebant
2705 3701 2758 3755 in
2791 3701 2978 3755 eadem
3007 3714 3065 3754 re
3092 3698 3246 3766 signa
3268 3711 3282 3749 :
3304 3694 3449 3766 quod

1870 3810 1954 3862 ea,
1978 3796 2069 3866 qui
2119 3795 2257 3848 clam
2290 3792 2429 3847 facta
2459 3801 2636 3856 erant,
2663 3800 2886 3846 noverat
2914 3807 2928 3845 :
2961 3788 3107 3859 quod
3132 3802 3216 3852 ea,
3242 3799 3361 3856 quae
3394 3785 3446 3837 in

1872 3891 2055 3946 animo
2076 3889 2257 3944 habita
2290 3896 2453 3956 atque
2472 3886 2728 3941 meditata
2756 3893 2932 3947 erant,
2950 3882 3091 3937 haud
3132 3879 3448 3952 ignorabat:

1874 3992 1928 4036 et
1975 3981 2226 4046 tertium,
2265 3978 2406 4050 quod
2440 3979 2697 4034 mandato
2735 3986 2788 4032 et
2823 3977 3002 4030 edicto
3066 3970 3450 4032 interﬁciebal,

1874 4072 2026 4127 Multi
2085 4072 2332 4126 homines
2379 4070 2566 4125 inculti
2613 4084 2675 4123 ea
2722 4084 2842 4139 quae
2899 4068 3045 4121 circa
3096 4062 3363 4119 Ananiam
3401 4071 3449 4115 et

1875 4165 2232 4235 Sappheiram
2268 4171 2387 4217 acta
2422 4160 2938 4231 suntpraeferenles,
2998 4156 3161 4213 caedis
3191 4162 3455 4210 accusant

1877 4257 2182 4328 principem
2227 4255 2626 4326 apostolorum.
2673 4251 2866 4306 Verum
2897 4248 3177 4305 accusatio
3227 4262 3335 4300 non
3388 4245 3453 4297 ad

1880 4349 2123 4411 Petrum,
2155 4347 2252 4401 sed
2308 4345 2491 4416 potius
2519 4344 2754 4413 pertinet
2787 4343 2853 4397 ad
2877 4340 3143 4411 Spiritum
3180 4343 3454 4392 sanctum.

1880 4439 1973 4511 qui
2008 4439 2160 4508 juste
2217 4437 2483 4490 adversus
2516 4436 2637 4487 illos
2668 4433 2999 4487 sententiam
3038 4430 3260 4483 tulerat.
3319 4423 3454 4478 Nam

3036 4538 3059 4591 εγ
3096 4529 3152 4575 at
3194 4517 3456 4589 Spiritus,

1871 4628 1963 4698 qui
1997 4626 2121 4678 vita:
2153 4622 2411 4690 necisque
2436 4625 2760 4688 potestatem
2789 4616 2970 4677 habet,
3000 4626 3098 4669 eos
3131 4608 3222 4683 qui
3252 4611 3307 4662 in
3339 4622 3460 4660 sese

1876 4722 2238 4792 peccaverant
2288 4709 2772 4778 interiicil.rAtque
2820 4706 2960 4761 idem
3001 4706 3163 4760 etiam
3220 4698 3287 4756 de
3322 4698 3460 4766 Sap-

190 4808 383 4876 pheira
419 4807 525 4861 dici
549 4815 727 4877 potest
762 4825 775 4860 :
809 4822 1024 4876 nempe,
1089 4806 1437 4864 Petrumnon
1505 4811 1848 4871 interfecisse
1887 4816 2075 4869 illam:
2139 4806 2236 4861 sed
2279 4804 2535 4874 quoniam
2594 4801 2881 4855 amborum
2938 4797 3111 4851 fuerat
3179 4794 3460 4856 delictum,

191 4900 364 4968 iudex
395 4910 693 4969 utrumque
752 4900 1036 4969 arqualiter
1087 4901 1490 4957 condemnavit.
1563 4903 1772 4963 IdcirCn
1815 4908 1977 4962 etiam
2035 4903 2249 4964 Petrus,
2322 4913 2443 4950 cum
2503 4896 2608 4948 hoc
2666 4907 2775 4947 non
2837 4891 3170 4961 ignorasset.
3239 4898 3298 4942 υῑ
3368 4905 3462 4969 qui

191 5008 293 5063 per
325 4990 592 5060 Spiritum
627 5002 875 5045 sanctum
918 4993 1116 5063 ubique
1153 4992 1500 5062 loquebatur,
1541 4997 1682 5053 hanc
1711 5015 1894 5055 vocem
1937 4996 2008 5051 ab
2036 4996 2128 5049 illo
2157 4998 2434 5060 acceptam
2464 4989 2714 5043 elocutus
2745 4995 2849 5042 est.

265 5082 541 5151 Ἐγένετο
578 5082 645 5134 δὲ
676 5083 754 5148 ὡς
781 5082 946 5150 ὡρῶν
1008 5082 1185 5151 τριῶν
1242 5083 1562 5156 διάστημα,
1613 5091 1710 5144 καί
1741 5094 1777 5162 ἡ

193 5174 352 5243 γυνὴ
384 5174 572 5227 αὐτοῦ
606 5175 692 5244 μὴ
726 5175 918 5227 εἰδυῖα
947 5176 1012 5228 τὸ
1044 5178 1311 5246 γεγονὸς,
1341 5179 1650 5249 εἰσῆλθεν.

279 5353 599 5420 Ἀπεκρίθη
629 5351 694 5405 δὲ
725 5348 881 5422 αὐτῇ
903 5356 935 5407 ό
962 5353 1181 5423 Πέτρος
1208 5372 1221 5385 ο
1246 5356 1394 5409 ΕΖ.τέ
1410 5374 1532 5425 μοι·
1564 5361 1615 5411 εἰ
1646 5377 1782 5413 τεσ-

1950 5088 2120 5142 Vsns.
2157 5088 2211 5139 7.
2239 5085 2617 5139 lulercesserat
2652 5090 2826 5133 autem
2847 5078 3080 5146 spatium
3104 5076 3269 5144 ferme
3300 5076 3459 5127 trium

1881 5184 2160 5242 horarum,
2192 5195 2305 5231 cum
2325 5192 2461 5229 uxor
2488 5175 2602 5244 ejus
2638 5175 2884 5242 ignorans
2908 5169 3045 5239 quod
3071 5168 3183 5221 viro
3209 5164 3321 5235 ejus
3367 5180 3458 5218 ac-

1883 5276 2109 5336 ciderat,
2134 5274 2373 5340 ingressa
2402 5279 2502 5322 est.

1958 5363 2123 5417 Vens.
2185 5361 2239 5416 8.
2270 5360 2350 5414 Ad
2394 5375 2553 5429 quam
2593 5355 2807 5421 Petrus,
2860 5352 2957 5406 Dic
3026 5349 3176 5418 mihi,
3237 5348 3459 5421 inquit:

1366 5510 1564 5572 Vari-'0
1615 5513 1928 5581 lectiones
1961 5526 2023 5581 et
2069 5526 2257 5581 notae.

268 5637 314 5669 “
345 5645 394 5702 ο,
423 5635 756 5690 desideratur
783 5633 837 5685 in
890 5632 1122 5701 vulgato.
1201 5633 1245 5664 “
1275 5633 1516 5701 ἀμελῶν,
1553 5634 1639 5692 ἵσ.

285 5764 307 5792 τ
348 5754 574 5809 Verbum
622 5767 716 5819 pro
766 5752 914 5806 verba
954 5750 1217 5805 redditum
1249 5761 1401 5804 sonat
1432 5769 1489 5804 :c
1525 5753 1667 5820 Quid
1693 5763 1793 5820 est,
1821 5754 1960 5824 quod
1994 5753 2089 5807 hoc
2118 5752 2319 5821 factum
2360 5748 2584 5818 posuisti
2612 5747 2665 5800 in
2684 5747 2839 5801 corde
2870 5756 2959 5800 tuo
2996 5745 3021 5797 ?
3055 5763 3073 5796 ι
3156 5754 3177 5783 ει
3216 5740 3280 5797 ν.
3312 5758 3461 5796 auto-

217 5836 396 5881 verum
426 5840 565 5879 eum.

532 5919 800 5980 ΡΑτιιοι..
848 5918 966 5977 Gn.
997 5917 1236 5978 CXXV.

2996 5910 3071 5969 19
