3870 6544
189 401 271 465 531
894 402 1296 464 EXPOSITIO
1334 402 1413 462 IN
1455 402 1639 460 ACTA
1683 399 2258 461 APOSTOLORUM.
2294 428 2360 436 ·-
2400 402 2558 461 CAP.
2604 403 2700 460 IV.

3297 405 3402 471 582

192 511 396 569 σκαλίαν
431 513 612 568 αὐτοῦ’
641 511 829 567 τούτου
863 513 1023 584 χάριν
1054 517 1102 567 οἱ
1140 516 1286 581 ἆγιοι
1318 513 1607 567 ἀπόστολοι
1638 511 1734 582 τὴν

1851 510 2064 567 'actoris
2117 514 2257 582 apud
2328 513 2606 567 Christum
2673 520 2837 582 atque
2904 511 3029 581 ejus
3089 513 3398 570 doctrinam

190 606 374 675 αἵρεσιν
423 603 627 672 ταύτην
675 604 1056 671 ἐκκόπτοντες,
1103 606 1190 658 διὰ
1219 607 1316 673 τῆς
1373 602 1541 672 εὐχῆς
1583 621 1724 672 παρ-

190 695 382 754 ιστῶσιν
413 736 425 757 ,
457 695 531 756 ὡς
563 695 718 754 αὑτός
745 697 859 748 ἐστι
891 695 1022 758 Θεὸς
1069 697 1394 766 κοσμοποιὸς
1427 697 1520 747 καὶ
1544 694 1730 764 Πατὴρ

185 787 264 841 τοῦ
288 787 526 855 Σωτῆρος
561 786 838 855 ὑπάρχων·
866 787 988 839 καθ’
1012 788 1094 839 ὅτι
1128 787 1259 858 παρ’
1292 786 1454 839 αὑτοῦ
1483 785 1726 838 δέδονται

186 877 468 947 ἀμφότεραι
499 877 556 929 αἱ
589 876 868 944 διαθῆκαι.
919 878 979 929 '0
1004 877 1094 930 διὰ
1133 877 1405 947 στὸματος
1432 877 1599 929 Δαῦὶδ
1627 876 1726 929 τεῦ

185 968 350 1030 παιδός
383 983 473 1019 σου
515 966 705 1020 εἰπών’
735 969 825 1021 ἵνα
858 968 910 1019 τί
945 968 1225 1036 ἐφρύαξαν
1257 970 1422 1038 ἕθνη;
1458 968 1726 1039 Καθάπερ

185 1059 429 1128 συνθήκας
457 1057 815 1120 ἀπαιτοῦντες
845 1059 936 1111 τὸν
961 1059 1116 1124 Θεὸν,
1147 1060 1248 1128 τὴν
1275 1060 1617 1130 προφητείαν
1649 1061 1729 1123 εἰς

186 1151 325 1216 μέσον
345 1148 586 1215 ἄγουσινο
617 1148 734 1218 ἅμα
784 1150 880 1202 καὶ
926 1151 1156 1210 ἑαυτοὺς
1225 1151 1727 1222 παραμυθούμενοι,

183 1241 250 1293 ὅτι
278 1239 393 1310 εἰκῆ
430 1240 602 1293 ταῦτα
633 1241 928 1310 μελετῶσιν
963 1243 1012 1295 οἱ
1043 1241 1250 1312 ἐχθροί.

245 1513 343 1568 Kal
369 1513 437 1567 τὰ
468 1515 608 1578 νῦν,
644 1515 842 1584 Κύριε,
881 1515 1050 1570 ἔπιδε
1095 1516 1190 1569 ἐπὶ
1217 1516 1325 1583 τὰς
1352 1516 1602 1582 ἀπειλὰς
1629 1517 1733 1569 αὺ-

188 1604 288 1658 τῶν
313 1621 326 1634 °
349 1606 441 1659 καὶ
470 1605 577 1672 δὸς
621 1607 747 1672 τοῖς
785 1607 1027 1673 δούλοις
1057 1623 1174 1662 σου
1213 1609 1360 1678 μετὰ
1389 1610 1731 1677 παρῤηοίας

185 1697 359 1762 πάσης
388 1697 600 1750 λαλεῖν
628 1698 734 1751 τὸν
765 1702 950 1767 λόγον
978 1715 1118 1752 σου.

252 1789 338 1840 Ἐν
359 1787 435 1852 τῷ
468 1787 582 1854 τὴν
615 1787 779 1856 χεῖρά
836 1806 951 1843 σου
977 1790 1265 1844 ἐκτείνειν
1323 1807 1396 1843 σε
1426 1792 1516 1856 εὶς
1562 1791 1732 1843 ἴασιν

187 1877 268 1930 καὶ
303 1877 508 1945 σημεῖα
543 1877 642 1930 καὶ
691 1879 904 1947 τέρατα
930 1883 1208 1950 γενέσθαι
1246 1880 1292 1911 ²⁹
1331 1880 1428 1935 διὰ
1452 1881 1556 1934 τοῦ
1596 1882 1728 1933 ὀνό-

188 1983 339 2036 ματος
372 1967 472 2021 τοῦ
501 1969 677 2035 ἁγίου
707 1968 920 2034 παιδός
959 1986 1073 2025 σου
1115 1969 1338 2037 Ἰησοῦ.

244 2059 338 2111 Καὶ
361 2057 690 2125 δεηθέντων
720 2058 940 2124 αὐτῶν,
991 2061 1296 2128 ἐσαλεύθη
1351 2064 1383 2114 ὁ
1414 2065 1618 2126 τόπος,
1659 2059 1728 2113 ἐν

190 2142 227 2216 ᾧ
258 2144 403 2218 ἦσαν
446 2150 838 2219 συνηγμένον
883 2153 981 2206 καὶ
1031 2152 1435 2220 ἐπλήσθησαν
1467 2153 1728 2217 ἅπαντες

189 2241 498 2308 Πνεύματος
541 2243 752 2310 ἁγίουο
797 2242 897 2296 καὶ
947 2242 1212 2297 ἐλάλουν
1257 2243 1363 2296 τὸν
1411 2245 1596 2314 λόγον
1622 2245 1726 2298 τοῦ

191 2332 315 2388 Θεοῦ
332 2333 474 2400 μετὰ
501 2335 866 2402 παρῤησίας.

247 2426 455 2494 Ποιήσαι
497 2427 597 2479 ὅσα
633 2429 666 2497 ἡ
693 2427 813 2496 χείρ
875 2444 967 2480 σου
1028 2427 1120 2480 καὶ
1155 2428 1187 2496 ἡ
1240 2427 1400 2498 βουλή
1459 2444 1551 2479 σου
1594 2444 1728 2498 προ-

190 2514 348 2587 ώρισε.
379 2517 688 2581 Τουτέστιν,
731 2519 847 2572 Οὐκ
885 2519 1040 2572 αὐτοὶ
1086 2519 1312 2588 ἴσχυσαν
1337 2536 1350 2548 ·
1393 2519 1528 2570 ἀλλὰ
1573 2519 1636 2570 σὺ
1679 2515 1730 2570 εἶ

190 2607 285 2660 ὁτδ
316 2609 416 2662 πᾶν
459 2609 784 2678 ἐπιτρέψας,
828 2609 922 2661 καὶ
971 2611 1050 2670 εἰς
1087 2609 1262 2679 πέρας
1297 2608 1540 2677 ἀγαγών·
1571 2610 1599 2660 ὁ
1636 2607 1728 2659 εὐ-

196 2698 402 2769 μήχανος
441 2701 534 2753 καὶ
589 2701 775 2768 σοφός·
811 2703 838 2753 ὁ
864 2703 977 2762 τοῖς
1027 2699 1240 2770 ἐχθροῖς
1260 2700 1339 2763 εἰς
1378 2699 1440 2752 τὸ
1483 2699 1730 2770 βούλημά

195 2807 272 2843 σου
325 2791 685 2862 χρησάμενος.
758 2792 1026 2861 Συνῆλθον
1081 2793 1180 2862 μὲν
1219 2793 1328 2862 γὰρ
1391 2793 1727 2854 ὲκεῖνοι,ὠς

193 2881 368 2953 ἐχθροὶ,
393 2884 607 2937 ἐποίουν
637 2884 692 2935 δὲ
717 2883 751 2937 ἃ.
782 2888 845 2936 σὺ
887 2883 1130 2937 ἐδούλου.
1163 2883 1228 2934 Τί
1262 2882 1320 2935 δέ
1350 2883 1522 2945 ἐστιν,
1559 2882 1730 2952 ἠχεῑρ

197 2989 309 3039 σου;
365 2975 628 3027 Ἐνταῦθα.
682 2973 842 3027 τοῦτὸ
905 2991 995 3044 μοι
1033 2974 1075 3004 ³ο
1104 2974 1250 3026 δοκεῖ
1296 2972 1477 3041 λέγειν
1503 2972 1730 3042 δύναμιν

196 3065 274 3118 tul.
299 3066 502 3137 βουλήν·
537 3067 626 3119 ὅτι
655 3067 826 3136 ἀρκεῖ
865 3065 1188 3137 βουληθῆναι
1228 3082 1286 3118 σε
1319 3065 1499 3134 μόνον.
1543 3065 1730 3128 Οὐδεὶς

1834 602 1973 655 male
2009 601 2260 668 audiunt,
2291 601 2750 658 etobtrectatioui
2786 609 2914 656 sunt
2939 603 3078 672 apud
3115 603 3397 658 Christum

1829 695 2056 765 ejusque
2107 696 2438 752 doctrinam.
2491 696 2700 752 Idcirco
2745 699 2921 752 sancti
2974 700 3207 767 apostoli
3259 700 3403 754 banc
3491 750 3506 760 ,

1831 787 2083 841 haeresim
2149 796 2203 842 et
2261 797 2467 843 sectam
2527 787 2918 844 exscindentes
2977 789 3392 862 intelligendum

1832 879 2097 948 praebent,
2137 881 2388 934 eumdem
2410 895 2532 936 esse
2567 879 2756 945 Deum,
2781 882 2956 951 qui_ct
2987 884 3175 938 mundi
3230 884 3403 938 factor

1833 978 1887 1023 et
1914 969 2076 1024 Pater
2099 969 2411 1026 Servatoris
2435 973 2524 1038 sit,
2570 973 2829 1041 quoniam
2865 974 2934 1028 ab
2977 974 3071 1027 illo
3102 974 3287 1028 datum
3317 985 3402 1030 est

1831 1070 2125 1131 utrumque
2154 1071 2566 1118 testamentum.
2605 1065 2707 1131 Qui
2741 1082 2837 1135 per
2862 1082 2923 1122 os
2971 1066 3191 1122 Davidis
3246 1073 3400 1138 pucti

1831 1153 1911 1205 tui
1944 1153 2167 1206 dixisti:
2205 1154 2384 1218 Quare
2441 1155 2783 1211 fremuerunt
2829 1157 3063 1227 gentes?
3114 1155 3400 1229 Tanquam

1830 1243 2012 1300 medus
2040 1254 2092 1299 et
2122 1255 2278 1314 pacta
2305 1261 2335 1299 a
2385 1245 2495 1300 Deo
2542 1247 2910 1316 postulantes,
2965 1249 3303 1317 prophetiam
3348 1251 3402 1302 in

1831 1335 2068 1390 medium
2096 1335 2412 1391 adducunt:
2443 1339 2608 1392 simul
2649 1339 2815 1391 etiam
2871 1339 3082 1407 seipsos
3109 1339 3403 1395 consolan-

1832 1433 1931 1489 tes,
1969 1425 2111 1495 quod
2144 1426 2257 1481 haec
2281 1426 2483 1481 frustra
2527 1428 2921 1482 meditarentur
2958 1429 3191 1483 inimici.

1904 1515 2071 1570 Vens.
2114 1516 2204 1571 ‘29.
2266 1515 2331 1568 Et
2378 1532 2537 1582 nunc,
2582 1517 2825 1582 Domine,
2893 1521 3068 1588 aspice
3116 1520 3188 1572 ad
3228 1521 3404 1575 minus

1830 1623 2050 1662 eorum:
2111 1619 2158 1661 et
2198 1608 2270 1661 da
2321 1609 2484 1662 servis
2534 1610 2658 1676 tuis,
2715 1620 2774 1662 ut
2841 1626 2961 1664 cum
3016 1612 3160 1665 enini
3206 1611 3408 1680 ﬁducia

1834 1698 2119 1768 loquantur
2150 1715 2437 1752 sermonem
2464 1709 2637 1763 tuum,

1916 1788 2080 1843 Vens.
2118 1789 2206 1844 50.
2243 1788 2462 1841 Manum
2492 1800 2638 1842 tuam
2664 1790 2991 1845 extendendo
3013 1791 3082 1845 ad
3105 1793 3405 1844 sanationes

1837 1886 1885 1930 et
1916 1878 2068 1946 signa
2106 1888 2261 1948 atque
2307 1877 2552 1950 Irodigia
2600 1879 2847 1949 facienda
2896 1897 2987 1949 per
3015 1897 3201 1935 nomen
3232 1881 3410 1934 sancti

1845 1965 1982 2020 Filii
2010 1968 2090 2021 tui
2117 1967 2268 2021 Jesu.

1910 2058 2072 2114 Vens.
2116 2060 2206 2114 5|.
2243 2058 2312 2112 Et
2361 2059 2532 2127 ﬁnitis
2580 2058 2819 2127 precibus
2875 2076 3080 2126 eorum,
3154 2070 3326 2112 motus
3353 2043 3404 2113 et

1838 2167 2124 2202 concussus
2156 2160 2234 2202 est
2265 2151 2431 2215 locus,
2469 2150 2558 2202 ubi
2580 2161 2731 2204 erant
2754 2152 3091 2221 congregati:
3143 2161 3192 2204 et
3223 2151 3405 2220 repleti

1841 2252 1962 2295 sunt
1994 2258 2171 2295 omnes
2227 2239 2436 2310 Spiritu
2504 2251 2712 2306 sancto,
2752 2253 2799 2296 et
2848 2241 3008 2296 libere
3037 2250 3066 2278 ιι
3115 2257 3406 2296 sermonem

1842 2333 1936 2386 Dei
1966 2336 2359 2403 detinebantur.

1914 2424 1975 2478 Ut
2010 2425 2252 2479 facerent
2283 2439 2620 2494 quaecunque
2653 2439 2846 2478 manus
2885 2433 2973 2479 tua
3008 2432 3064 2478 et
3113 2423 3405 2477 consilium

1839 2522 1993 2568 tuum
2034 2515 2398 2583 praestituerat
2442 2530 2508 2568 ac
2555 2513 3060 2583 praedestinaverat.
3112 2514 3226 2567 Hoc
3273 2523 3406 2566 cst:

1839 2607 1956 2663 Non
1985 2607 2086 2676 ipsi
2123 2613 2457 2675 potuerunt:
2493 2606 2587 2660 sed
2650 2616 2705 2659 tu
2738 2621 2798 2659 es
2861 2606 2926 2668 is,
2987 2607 3081 2674 qui
3138 2604 3403 2672 quidquid

1841 2698 2062 2762 accidit,
2110 2698 2221 2752 fieri
2257 2696 2583 2766 permisisti,
2639 2705 2692 2751 et
2726 2697 2792 2750 ad
2850 2697 3010 2750 linem
3066 2696 3406 2764 perduxisti:

1841 2789 1931 2859 qui
1959 2787 2118 2842 facile
2151 2803 2263 2842 rem
2295 2783 2569 2858 quamque
2600 2786 2860 2856 expedire
2888 2793 2940 2841 et
2967 2787 3244 2855 explicare
3274 2787 3409 2849 scis,

1842 2881 1935 2951 qui
1970 2879 2192 2949 sapiens
2227 2890 2282 2933 et
2321 2880 2498 2934 solers
2524 2894 2607 2941 es,
2657 2877 2750 2948 qui
2783 2877 3130 2932 inimicorum
3166 2885 3409 2937 tuorum,

1842 2971 1896 3024 in
1963 2970 2030 3023 iis
2082 2984 2201 3037 qua:
2255 2969 2602 3029 decreveras,
2637 2981 2803 3036 opera
2833 2980 2966 3021 usus
3013 2981 3098 3022 cs.
3146 2965 3410 3019 Coicruut

1841 3063 1986 3119 enim
2012 3062 2108 3125 illi,
2137 3070 2194 3115 ut
2217 3061 2454 3115 inimici:
2484 3059 2759 3115 faciebant
2790 3068 2993 3124 autem,
3027 3075 3147 3129 quae
3172 3068 3226 3112 tu
3268 3059 3416 3112 volc-

194 3157 284 3226 γὰρ
308 3156 519 3228 δυνάμει
585 3157 891 3228 προορίζει’
952 3157 1272 3221 τουτέστιν,
1311 3157 1411 3209 ὅσα
1459 3155 1730 3218 διέταξας.

1851 3157 1963 3211 bas.
1996 3153 2137 3220 Quid
2174 3164 2353 3207 autem
2412 3163 2497 3208 est
2529 3152 2603 3217 id,
2663 3152 2809 3223 quod
2862 3152 3017 3216 dicit,
3067 3151 3415 3220 Quwcuuque
3465 3171 3470 3177 ·

199 3245 339 3316 Ὀρα,
370 3251 465 3302 οὐκ
497 3244 675 3309 εἷπον,
715 3248 884 3320 ρώξον
925 3249 964 3279 ³⁸
996 3248 1192 3310 αὐτοὺς
1221 3247 1313 3300 καὶ
1354 3245 1482 3316 βάλε
1518 3245 1733 3306 αὐτούς’

199 3338 310 3392 ἀλλὰ
339 3340 408 3401 τι,
435 3342 626 3394 Ἔπιδε
666 3343 756 3394 ἐπὶ
782 3342 879 3404 τὰς
903 3340 1132 3403 ἀπειλὰς
1166 3339 1363 3393 αὐτῶν·
1391 3338 1488 3391 καὶ
1513 3339 1600 3400 δὸς
1625 3341 1738 3400 τοῖς

197 3429 375 3493 δούλοις
421 3449 511 3484 σου
543 3432 684 3502 μετὰ
716 3431 1028 3502 παρρησίας
1066 3429 1246 3482 λαλεῖν
1287 3428 1377 3482 τὸν
1415 3428 1574 3496 λόγον
1619 3444 1734 3480 σου.

199 3521 290 3572 Καὶ
315 3521 614 3590 δεηθέντων
651 3521 854 3584 αὐτῶν,
887 3520 1156 3590 ἐσαλεύθη
1183 3520 1211 3573 ὁ
1241 3519 1405 3583 τόπος
1448 3517 1652 3583 αὐτῶν,
1682 3520 1739 3570 ἐν

197 3606 234 3680 ᾧ
274 3610 400 3685 ἦσαν
453 3616 806 3686 συνηγμένοι.
860 3616 967 3668 Τοῦ
1014 3615 1355 3684 ἀκουσθῆναι
1391 3613 1611 3676 αὐτοὺς,
1647 3613 1741 3666 καὶ

199 3705 279 3773 τῆς
302 3706 635 3778 ἐπισκέψεως
681 3707 840 3761 τοῦτο
873 3707 1173 3778 τεκμήριον
1222 3707 1432 3774 γέγονε.
1465 3704 1601 3756 [Ιοτέ
1643 3703 1743 3773 μὲν

200 3798 292 3868 γὰρ
316 3799 474 3871 ὀργῆς
509 3803 629 3854 ἐστι
659 3801 836 3854 τοῦτο·
873 3801 1003 3853 ποτὲ
1032 3801 1088 3854 δὲ
1117 3797 1480 3868 ἐπισκέψεως.
1505 3795 1743 3866 Ηύχοντο

200 3887 246 3940 δὲ
271 3891 314 3942 οἱ
343 3892 651 3946 ἀπόστολοι·
695 3892 816 3962 οὐχὶ
837 3891 994 3944 αὐτοὶ
1028 3889 1460 3960 παραιτούμενοι
1485 3886 1743 3957 δυσχερές

200 3995 246 4032 τι
285 3983 496 4038 παθεῖν’
538 3983 680 4038 ἀλλὰ
718 3984 848 4055 περὶ
893 3983 988 4036 τοῦ
1042 3982 1419 4053 κηρύγματος.
1455 3981 1554 4034 Διὰ
1605 3978 1744 4031 τίδὲ

203 4068 385 4125 ἔσεισεν
444 4076 472 4128 ὁ
527 4074 666 4137 Θεὸς
697 4075 789 4127 τὸν
832 4068 1017 4140 οἷκον;
1059 4073 1241 4142 φοϐῶν
1286 4072 1384 4142 μὲν
1411 4071 1536 4132 τοὺς
1590 4071 1746 4123 ἀπει-

203 4158 418 4227 λοῦνταςο
447 4165 526 4229 εἰς
576 4165 780 4234 θάρσος
813 4163 871 4216 δὲ
905 4164 1123 4230 ἀνάγων
1149 4162 1192 4192 ³⁸
1228 4162 1354 4223 τοὺς
1383 4161 1742 4225 ἀποστόλους*

203 4249 364 4320 ἐπειδὴ
413 4255 555 4325 ἁρχὴ
608 4250 698 4325 ἦν,
755 4255 874 4319 καὶ,
921 4250 1182 4322 αἰσθητοῦ
1240 4251 1446 4303 ἐδέοντο
1495 4252 1743 4320 σημείου.

215 4339 484 4412 Ἑσαλεύθη
519 4341 615 4399 οῦν
644 4348 671 4397 ὁ
705 4329 867 4406 τόπος
927 4344 1020 4396 καὶ
1053 4341 1254 4411 μᾶλλον
1288 4341 1617 4408 ἐστερέωσεν
1647 4341 1746 4393 αὐ-

211 4435 340 4498 τούς.
371 4439 477 4492 Καὶ
521 4438 875 4509 ἐπλήσθησαν
928 4437 1165 4498 ἅπαντες
1213 4433 1528 4502 Πνεύματος
1566 4433 1745 4501 ἁγίου·

1848 3263 2044 3302 manus
2084 3257 2198 3301 tua.
2237 3246 2333 3300 llic
2364 3246 2498 3300 mibi
2533 3261 2645 3301 rem
2685 3245 2928 3300 eamdem
2977 3244 3159 3298 dicere
3205 3244 3416 3297 videtur

1847 3354 1942 3409 per
1969 3339 2269 3408 potentiam
2302 3347 2356 3392 et
2387 3339 2747 3401 voluntatem,
2770 3337 2898 3402 quia
2928 3335 3127 3391 sufﬁcit
3182 3343 3232 3388 te
3275 3335 3418 3395 duu—

1846 3439 1998 3484 taxat
2020 3429 2274 3484 voluisse.
2312 3428 2484 3484 Nemo
2533 3429 2678 3483 enim
2731 3428 2937 3482 viribus
2970 3436 3133 3497 atque
3169 3426 3415 3498 potentia

1846 3521 1958 3594 48
1996 3520 2291 3591 praestituit
2319 3527 2484 3590 atque
2514 3519 2885 3590 praedestinat.
2927 3518 2983 3573 Id
3013 3526 3098 3573 est
3154 3533 3417 3588 quaecun-

1849 3616 1956 3681 Que
1977 3609 2316 3666 constituisti
2350 3617 2515 3678 atque
2557 3608 2869 3663 decrevisti.
2919 3606 2981 3660 Et
3015 3621 3161 3662 nunc
3206 3608 3412 3675 aspice.

1848 3704 2256 3768 Animadverte,
2315 3717 2426 3757 non
2477 3702 2634 3767 dixit,
2702 3701 2983 3769 disrumpe
3033 3715 3149 3764 eos,
3203 3709 3257 3754 et
3316 3700 3418 3754 feri

1850 3805 2014 3866 atque
2069 3803 2355 3871 prosterno
2407 3807 2525 3859 eos,
2605 3791 2698 3846 sed
2757 3789 2936 3860 quid?
2987 3789 3186 3859 Aspice
3241 3789 3418 3843 minas

1850 3902 2066 3951 eorum,
2132 3893 2186 3940 et
2243 3884 2313 3939 da
2344 3883 2518 3939 servis
2572 3880 2682 3937 tuis
2731 3880 2900 3936 libere
2948 3879 3127 3948 eloqui
3189 3878 3418 3932 verbum

1852 3989 2032 4036 tuum.
2064 3976 2130 4032 Et
2154 3975 2326 4030 liuitis
2357 3974 2613 4045 precibus
2636 3987 2852 4036 eorum,
2906 3979 3088 4024 motus
3121 3980 3202 4024 est
3244 3969 3418 4035 locus,

1853 4074 1908 4128 in
1930 4086 2040 4142 quo
2081 4076 2239 4124 erant.
2284 4064 2625 4136 congregati.
2672 4061 2787 4118 Hoc
2849 4062 3265 4133 significabatur
3326 4076 3421 4116 eos

1853 4161 2144 4218 exauditos
2171 4167 2285 4214 eta
2345 4156 2457 4212 Deo
2511 4155 2764 4210 visitatos
2812 4166 2957 4207 esse.
2987 4151 3124 4205 Nam
3186 4151 3238 4204 id
3287 4149 3422 4202 alias

1853 4251 2074 4323 quidem
2097 4249 2228 4313 iras,
2290 4258 2686 4315 nonnunquam
2746 4242 2909 4297 etiam
2967 4241 3301 4296 visitatiouis
3337 4249 3422 4294 est

1855 4340 2094 4410 signum.
2123 4335 2369 4390 Orabant
2411 4341 2594 4386 autem
2635 4329 2891 4400 apostoli,
2940 4344 3047 4382 non
3100 4338 3420 4382 recursantes

1857 4447 1920 4485 ac
1966 4430 2346 4497 deprecantes,
2402 4437 2470 4477 ne
2517 4420 2647 4492 quid
2703 4420 2835 4488 ipsis
2881 4419 3155 4472 accideret
3214 4419 3422 4472 incom-

213 4527 486 4593 τουτέστιν,
545 4508 1094 4599 ἀνεζωπυρὴθησαν,
1171 4524 1267 4579 καὶ
1328 4524 1640 4578 ὰνεκαίοντο
1687 4523 1734 4574 ἐκ

1857 4520 2038 4576 modi:
2097 4517 2192 4573 sed
2230 4515 2552 4570 laborabant
2602 4513 2668 4566 de
2726 4510 3130 4580 praedicatione.
3185 4508 3288 4563 Sed
3320 4525 3420 4600 cur

206 4615 362 4681 αὐτοῖς
385 4619 443 4673 τὸ
471 4622 742 4692 χάρισμα.

1854 4615 1999 4668 Deus
2020 4605 2300 4665 concussit
2329 4603 2592 4676 domum?
2623 4610 2684 4656 ut
2730 4608 2960 4655 terreret
3009 4598 3225 4668 quidem
3258 4595 3420 4649 mini-

208 4712 482 4768 tabundos:
515 4691 582 4767 ad
620 4713 785 4766 animi
819 4725 946 4765 vero
978 4710 1324 4780 praesentiam
1354 4699 1514 4778 atque
1538 4706 1790 4762 ﬁduciam
1832 4697 2121 4762 reduceret
2154 4696 2453 4768 apostolos,
2494 4693 2751 4764 quoniam
2803 4691 3127 4760 principium
3179 4695 3314 4748 erat,
3367 4703 3422 4751 eg

208 4801 362 4872 signo,
406 4807 548 4876 quod
606 4820 770 4859 sensu
806 4804 1199 4874 perciperetur,
1241 4817 1377 4872 opus
1468 4799 1761 4854 habebant.
1838 4797 2159 4854 Concussus
2189 4798 2273 4845 est
2305 4804 2433 4857 ergo
2469 4788 2643 4851 locus,
2686 4797 2741 4839 et
2772 4785 2943 4876 magis
2968 4797 3061 4837 eos
3129 4782 3420 4836 continua-

208 4897 290 4948 vit.
326 4894 387 4949 Et
417 4875 606 4965 repleti
640 4903 766 4950 sunt
789 4910 979 4950 oumes
1007 4892 1212 4964 Spiritu
1240 4903 1454 4959 sancto,
1487 4893 1590 4946 hoc
1619 4900 1727 4955 est,
1769 4887 1991 4946 excitati
2090 4898 2154 4937 ac
2205 4879 2438 4935 recreati
2490 4885 2653 4933 sunt:
2717 4885 2770 4930 et
2855 4875 2994 4928 intra
3076 4889 3196 4930 sese
3250 4881 3423 4945 gratia

213 4989 652 5043 accendebantur.

272 5079 370 5133 Τοῦ
397 5081 462 5134 δὲ
487 5081 760 5147 πλήθους
807 5079 926 5132 τῶν
953 5078 1414 5134 πιστευσάντων
1439 5074 1517 5148 ἦν
1543 5078 1580 5145 ἠ
1603 5091 1746 5145 καρ-

209 5165 294 5224 δία
319 5171 410 5226 καὶ
437 5172 475 5238 ἠ
509 5171 818 5241 ψυχὴμιαο
863 5171 960 5224 καὶ
991 5170 1135 5225 οὐδὲ
1178 5165 1266 5236 εἷς
1304 5187 1358 5223 τι
1393 5167 1512 5222 τῶν
1553 5171 1744 5236 ὑπαρ-

213 5259 417 5323 χόντων
451 5262 654 5328 αὐτοῖς
698 5263 742 5295 ³³
793 5263 1004 5333 ἔλεγεν
1059 5263 1216 5315 ἴδιον
1257 5257 1428 5314 εἶναι·
1487 5260 1622 5314 ἀλλ’
1668 5255 1747 5328 ἦν

214 5351 392 5419 αὐτοῖς
414 5353 645 5408 ἅπαντα
676 5354 869 5409 κοινά.

1927 5069 2094 5122 Vnus.
2129 5062 2218 5119 32.
2256 5059 2426 5114 Porro
2454 5056 2813 5112 multitudinis
2841 5069 3022 5108 eorum
3053 5053 3144 5121 qui
3185 5051 3422 5103 credide-

1857 5169 1978 5214 rant
2008 5165 2122 5212 erat
2141 5170 2233 5209 cor
2271 5167 2435 5204 unum
2473 5158 2523 5204 et
2578 5149 2762 5202 anima
2794 5161 2938 5199 una:
3000 5159 3091 5196 nec
3139 5141 3416 5210 quisquam

1853 5266 2069 5308 suorum
2098 5249 2353 5301 bonorum
2386 5244 2660 5313 quicquam
2706 5255 2862 5293 suum
2907 5252 3016 5290 esse
3054 5233 3294 5288 dicebat:
3327 5232 3417 5287 sed

1855 5352 2008 5399 erant
2031 5340 2107 5394 eis
2140 5338 2316 5391 omnia
2344 5334 2664 5388 communia.

1332 5487 1532 5550 Varia:
1557 5483 1868 5546 lectiones
1899 5488 1959 5541 et
2008 5483 2198 5538 notae.

276 5612 601 5688 ⁸³-Γίνεσθαι,
647 5627 720 5671 est
778 5619 834 5671 in
882 5617 1125 5688 vulgatis.
1202 5615 1246 5646 ³ο
1293 5613 1378 5688 ισ.
1428 5610 1598 5688 ταύτό.
1645 5627 1680 5678 μ

1684 5627 1754 5662 οι,
1831 5609 1874 5640 at
1911 5602 2118 5668 'pﬁgov,
2162 5601 2248 5652 τσ.
2325 5595 2370 5626 ³²
2406 5591 2674 5668 ’Ᾱνάγει-ν,
2705 5597 2842 5668 erat.
2917 5587 2969 5668 ”_
2993 5584 3054 5640 In
3078 5584 3305 5668 vulgatis
3322 5594 3418 5650 est,

217 5681 364 5748 αὐτῷ.
403 5683 464 5736 In
513 5657 810 5756 apographo
840 5655 1255 5756 eratyscriptura
1288 5685 1418 5737 adeo
1457 5655 1704 5747 obsoleta,

1851 5655 2118 5730 [ἰδίει-δίεπε
2147 5683 2248 5722 non
2298 5679 2522 5731 possem,
2549 5655 2777 5723 αὐτοῖς,
2843 5665 2992 5721 esset,
3019 5672 3091 5709 an
3147 5655 3348 5708 αὐτῶν.

287 5803 313 5830 ιι
343 5793 400 5848 γ.
431 5813 544 5850 cum
579 5799 798 5866 ﬁducia.
