3870 6548
174 372 261 435 535
890 374 1292 436 EXPOSITIO
1330 378 1413 438 IN
1468 379 1656 440 ACTA
1693 383 2267 454 APOSTOLORUM.
2301 421 2368 431 --
2403 397 2561 459 CAP.
2602 402 2667 461 V.

3280 404 3385 469 555

171 500 269 537 σου
294 480 353 534 τὸ
390 478 623 548 πρᾶγμα
660 480 871 546 τοῦτο;
911 487 1032 540 οὐκ
1080 487 1321 557 ἐψεύσω
1347 489 1701 558 ἀνθρώποις,

1822 511 1919 550 ενοι
1985 507 2285 568 potes-tate?
2367 506 2543 570 Quare
2625 507 2721 561 hoc
2779 508 2951 575 facere
3025 510 3077 564 in
3150 514 3383 568 animum

172 574 308 629 rma
332 570 401 636 τῷ
429 569 568 635 Θεῷ.

236 748 465 801 Ἀκούων
477 748 545 802 δὲ
579 752 614 803 ό
634 750 678 782 ⁸⁸
712 752 991 822 Ἀνανίας
1016 757 1159 824 τοὺς
1177 759 1398 827 λόγους
1432 763 1703 829 τούτους.

169 836 346 895 πεσὼν
392 838 654 913 Mei-v.58
685 857 701 873 ·
755 845 856 896 καὶ
891 846 1132 914 ἐγένετο
1160 851 1349 917 φόϐος
1387 852 1576 921 μέγ-ας
1605 853 1703 906 ἐπὶ

168 929 368 994 πάντας
397 931 538 997 τοὺς
569 933 906 1001 ἀκούοντας
934 939 1140 994 ταῦτα.

223 1021 605 1089 Ἀναστάντες
634 1023 700 1076 δὲ
724 1027 780 1078 οἱ
812 1004 1108 1095 νεώτέροι,
1143 1033 1554 1088 συνέστειλαν
1600 1037 1705 1089 αὐ-

167 1118 269 1181 τὸν,
303 1114 393 1168 καὶ
417 1115 846 1186 ἐξενέγκαντες
872 1119 1129 1189 ἔθαψαν.

221 1339 285 1391 υὺ
309 1339 451 1391 δοκεί
474 1355 566 1407 μοι
594 1335 749 1403 οὗτος
772 1342 979 1407 ἐκεῖνος
999 1338 1161 1407 εἶναι,
1188 1348 1214 1397 6
1248 1348 1384 1415 μετὰ
1439 1349 1705 1402 Ματθῖου.

176 1430 383 1491 Ἐκεῖνος
433 1429 542 1501 γὰρ
604 1434 701 1486 καί¹
733 1433 965 1497 Ἰοῦστος
996 1435 1213 1503 ἐλέγετο
1241 1453 1254 1468 ο
1295 1433 1451 1501 οὗτος
1481 1439 1538 1492 δὲ
1563 1441 1706 1510 Βαρ-

164 1522 326 1585 νάϐας,
352 1520 380 1573 ὃ
409 1522 561 1576 ἔστιν
589 1523 703 1586 υίὸς
740 1525 1164 1600 παρακλήσεως.
1207 1530 1365 1582 Δοκεῖ
1393 1530 1451 1584 δέ
1498 1548 1587 1600 μοι
1613 1532 1709 1585 καὶ

165 1612 253 1664 iub
295 1611 388 1681 τῆς
448 1614 656 1684 ἀρετῆς
680 1614 742 1669 τὸ
791 1615 963 1685 ὄνομα
1011 1598 1315 1688 εἰληφέναι.
1370 1598 1580 1684 Πῶςήδὲ
1615 1621 1709 1674 καὶ

166 1704 365 1773 Λευίτης
390 1700 459 1774 ἦν
499 1705 596 1759 καὶ
652 1705 902 1778 Κύπριος
926 1725 941 1774 ;
972 1709 1094 1763 Ὅτι
1121 1712 1149 1763 6
1175 1712 1338 1781 νόμος
1367 1712 1467 1784 ἤδη
1492 1717 1710 1784 ἀπαρα-

166 1796 413 1863 φυλάκτως
468 1795 693 1851 ὲλύετο·
746 1801 842 1852 καὶ
901 1799 1088 1853 λοιπον
1148 1804 1240 1855 καὶ
1295 1803 1575 1874 μετῴκουν
1610 1804 1706 1861 καὶ

165 1884 498 1955 ἐχρημάτιζον
517 1887 765 1942 Λευῖται.
800 1888 1025 1942 Μέλλων
1055 1890 1112 1942 δὲ
1138 1891 1444 1959 διηγεῖσθαι
1474 1894 1536 1946 τὸ
1566 1895 1707 1949 κατὰ

177 1975 397 2029 ’Δνανίαν
429 1976 522 2029 καὶ
577 1978 924 2049 Σάπρειραν,
988 1982 1083 2034 καὶ
1105 1981 1274 2035 θέλων
1310 1984 1480 2051 δεῖξαι
1506 1986 1705 2051 αὐτοὺς

166 2065 541 2137 ἡμαρτηκότας,
578 2069 798 2139 πρῶτον
839 2071 1116 2142 μέμνηται
1147 2072 1240 2126 τοῦ
1272 2074 1703 2143 κατορθωκότος·

166 2159 233 2210 ὅτι
274 2158 516 2211 τοσούτου
562 2160 806 2230 πλήθους
858 2163 1011 2227 ὄντος
1054 2164 1147 2217 τοῦ
1186 2163 1358 2218 ταῦτα
1406 2166 1704 2230 ποιοῦντος,

164 2248 396 2302 τοσούτων
451 2252 720 2320 σημείων,
779 2254 1052 2325 τοσαύτης
1092 2255 1337 2325 χάριτος.
1372 2256 1705 2325 ὑπ’ίοῦδενὸς

166 2337 334 2393 τούτων
366 2340 684 2403 παιδευθεὶς
741 2345 831 2397 τὸν
859 2324 1081 2414 ὄλεθρον
1115 2324 1298 2416 ἑαυτῷ
1328 2324 1600 2415 ὲπήγάγε.
1634 2349 1708 2400 T6

167 2431 403 2494 δὲδεινὸν,
442 2433 525 2485 ὅτι
563 2433 710 2502 μετὰ
752 2437 852 2504 τῆς
897 2436 1347 2502 συγκαταθέσεως
1378 2439 1411 2508 ἡ
1438 2439 1704 2508 ἁμαρτία,

169 2523 247 2574 καὶ
264 2522 422 2585 οὐδεὶς
453 2524 644 2594 ἕτερος
667 2520 775 2577 εἶδε
816 2526 876 2578 τὸ
904 2528 1194 2595 γενόμενον
1211 2545 1225 2560 ο
1258 2529 1377 2581 ὅθεν
1402 2528 1604 2596 ἐπῆλθε
1630 2528 1709 2599 τῷ

168 2613 313 2681 ἀθλίῳ
345 2614 495 2667 τοῦτο
524 2616 890 2685 ἐργάσασθαι.
909 2618 1044 2671 Φασί
1067 2636 1210 2682 τινες
1230 2620 1313 2673 ὅτι
1342 2620 1390 2672 εί
1416 2623 1442 2673 6
1467 2620 1708 2683 Σατανᾶς

167 2705 410 2775 ἐπλήρωσε
466 2707 567 2778 τὴν
608 2709 839 2778 καρδίαν
870 2710 965 2762 τοῦ
1013 2711 1278 2774 Ἀνανίου,
1310 2712 1364 2765 τί
1390 2713 1488 2778 τὴν
1538 2730 1710 2781 τιμω-

169 2794 267 2866 ρίαν
292 2797 516 2868 invisit
558 2800 807 2865 ὲκείνος;
846 2801 970 2854 ’Ὁτι
1010 2802 1171 2864 αὐτὸς
1209 2804 1426 2871 ἐγένετο
1459 2804 1654 2868 αἴτιος,
1681 2806 1709 2856 ὁ

168 2886 451 2954 εὐτρεπίσας
512 2891 711 2943 ἑαυτὸν
759 2895 837 2956 είς
867 2893 928 2944 τὸ
963 2892 1220 2960 δέξασθαι
1267 2894 1366 2965 τὴν
1425 2894 1709 2965 ἐνέργειαν

168 2980 302 3034 αὐτοῦ
332 2982 420 3034 καὶ
452 2982 842 3053 πληρωθῆναι.
872 2986 1007 3055 Οὐχὶ
1038 2986 1219 3057 μένον,
1258 2990 1342 3041 σοὶ
1363 2987 1584 3057 ἔμεινε;
1617 2989 1708 3060 Μὴ

169 3069 257 3139 γὰρ
304 3071 537 3144 ἀνάγκης
564 3069 636 3144 ἦν
673 3076 798 3145 βίας
844 3078 935 3147 Μὴ
972 3078 1080 3148 γὰρ
1106 3080 1337 3141 ἄκοντας
1375 3081 1519 3151 ὑμᾶς
1552 3081 1709 3133 ἕλκο-

171 3161 363 3225 μενςΤί
415 3163 495 3215 ὃτι
544 3162 674 3215 ἔθου
730 3166 787 3217 ὲν
842 3169 907 3236 τῇ
972 3168 1169 3238 καρδίᾳ
1229 3186 1321 3221 σου
1364 3170 1424 3223 τὸ
1475 3172 1709 3243 πρᾶγμα

166 3249 317 3317 τοῦτο;
341 3252 472 3323 Τρία
496 3256 552 3307 ἐν
584 3253 668 3319 τῷ
702 3254 851 3326 αὐτῷ
877 3261 1079 3328 σημεῖα
1108 3273 1120 3287 ·
1152 3260 1212 3312 τὸ
1244 3261 1310 3313 τὰ
1340 3261 1519 3332 λάθρα
1551 3279 1707 3331 γεγο-

169 3345 271 3396 νότα
323 3346 514 3402 εἰδέναι
534 3366 548 3380 ο
581 3349 647 3402 τὸ
676 3349 745 3403 τὰ
803 3351 859 3403 ὲν
886 3353 951 3421 τῇ
984 3351 1195 3423 διανοίᾳ
1229 3353 1595 3423 μελετηθέντα
1631 3353 1709 3424 μὴ

168 3435 398 3507 ἀγνοῆσαι
415 3457 430 3471 ⁸
457 3443 548 3495 καὶ
576 3441 763 3511 τρίτον
786 3481 801 3506 ,
825 3445 887 3496 τὸ
930 3445 1025 3497 καὶ
1051 3447 1435 3516 προστάγματι
1475 3447 1704 3503 ἀνελεῖν.

171 3528 326 3581 Πολλοὶ
383 3533 487 3585 τῶν
559 3533 788 3602 ἀμελῶν
808 3534 854 3567 ⁸⁸
871 3536 940 3605 τὰ
987 3538 1116 3607 περὶ
1154 3538 1404 3590 Ἀνανίαν
1437 3538 1529 3592 καὶ
1564 3539 1710 3592 Σάπ-

170 3633 329 3685 φειραν
374 3621 829 3692 προϐαλλόμενοι,
864 3625 1026 3692 φόνου
1080 3628 1383 3699 γράφονται
1412 3628 1502 3682 τὸν
1528 3630 1707 3699 Κορυ-

171 3713 298 3772 enim
340 3712 443 3765 τῶν
500 3715 847 3768 ἀποστόλων.
911 3717 977 3769 Ἡ
1022 3718 1078 3770 δὲ
1128 3720 1438 3790 κατηγορία
1492 3722 1553 3773 οὐ
1609 3720 1705 3775 τοῦ

173 3799 344 3871 Πέτρου
361 3843 376 3869 ,
401 3804 601 3873 μᾶλλον
620 3805 678 3857 δὲ
692 3804 785 3857 τοῦ
810 3804 949 3859 [Ινεύ
959 3825 1123 3877 ματος
1148 3808 1382 3865 ἅπτεται
1412 3811 1506 3865 τοῦ
1529 3813 1705 3883 ἁγίου,

172 3890 245 3943 τοῦ
291 3894 380 3964 τὴν
408 3896 590 3965 ψῆφον
643 3896 764 3950 κατ’
795 3897 974 3951 αὐτῶν
1010 3899 1315 3964 ὲξοίσαντος
1358 3902 1602 3967 δικαίως.
1651 3903 1708 3956 '0

171 3981 257 4052 γὰρ
281 3985 465 4056 Πέτρος
487 3986 690 4059 ἡλεγξε
722 3988 883 4058 μόνον
916 3987 976 4041 τὸ
1008 3988 1203 4061 ψεῦδος
1228 4007 1241 4022 ·
1272 3991 1333 4045 τὸ
1382 3993 1438 4046 δὲ
1488 3993 1712 4065 Πνεῦμα

170 4072 378 4137 ἐξουσίαν
415 4078 535 4148 ἕχον
605 4080 705 4147 τῆς
773 4078 918 4149 ζωῆς
991 4080 1083 4133 καὶ
1141 4081 1234 4134 τοῦ
1307 4081 1538 4137 θανάτου
1588 4087 1712 4147 τοὺς

171 4166 233 4227 εἰς
278 4167 398 4221 αὐτὸ
442 4170 875 4241 ἁμαρτήσαντας
939 4169 1139 4224 ἀνεῖλε.
1189 4172 1261 4224 T6
1319 4172 1361 4224 δ’
1429 4173 1561 4225 αὐτὸ
1620 4172 1713 4226 καὶ

173 4253 276 4323 περὶ
300 4255 604 4328 Σαπφείρας
632 4257 777 4311 ἐστιν
806 4260 978 4312 εἰπεῖν
1006 4277 1021 4292 ο
1052 4261 1134 4313 ὅτι
1165 4260 1263 4331 οὐχ
1286 4263 1314 4315 6
1342 4262 1544 4332 Πέτρος
1565 4264 1711 4315 ὁ.νεῖ-

170 4342 244 4395 λεν
264 4347 439 4418 αὐτήνο
474 4349 595 4405 ἀλλ’
620 4350 744 4403 ἐπεὶ
765 4351 873 4404 τῶν
909 4351 1004 4405 δύο
1033 4352 1225 4422 γέγονε
1253 4348 1710 4427 ἰδ’παράπτωμα,

170 4437 375 4509 ὁκριτὴς
445 4442 792 4511 ἀμφοτέρους
845 4442 1044 4515 ἐπίσης
1100 4445 1445 4501 κατεδίκασε.
1500 4448 1591 4501 Διὸ
1618 4449 1714 4502 καὶ

1813 602 1958 644 tuum
2044 596 2303 651 induxisti
2346 599 2406 650 τί
2467 597 2592 651 ⁸Νοη
2643 616 2696 652 es
2760 601 3005 656 mentitus
3062 602 3383 671 hominibus,

1811 683 1901 735 sed
1950 683 2076 741 Deo.

1888 773 2046 829 Vens.
2090 777 2139 831 5.
2175 777 2376 842 Quibus
2398 780 2563 834 verbis
2593 780 2831 836 Attauias
2863 785 3080 849 auditis,
3119 787 3384 857 col'apsus

1811 877 1886 920 est
1937 877 1986 920 et
2008 870 2308 933 exspiravit.
2334 875 2657 942 Magnusque
2681 885 2845 929 metus
2872 876 3066 931 invasit
3088 883 3383 951 omnes,qui

1811 959 1920 1009 luet:
1946 960 2251 1013 audiebant.

1917 1049 2078 1102 Vens.
2149 1052 2201 1104 6.
2279 1051 2447 1106 Porro
2518 1072 2635 1107 cum
2714 1059 3059 1114 surrexissent
3119 1062 3380 1130 juniores,

1811 1152 2106 1208 correptum
2134 1143 2595 1198 -constrinxeruut
2642 1162 2758 1199 eum
2822 1154 2868 1213 ⁸,
2912 1160 2958 1201 et
3004 1151 3199 1204 elatum
3239 1170 3383 1223 sepe-

1812 1230 2060 1284 (inerunt.

1882 1322 2083 1393 Ioseph
2141 1335 2343 1380 autem.
2392 1326 2509 1383 Non
2540 1331 2752 1385 videtur
2803 1335 2936 1388 mihi
2966 1336 3053 1388 hic
3103 1351 3223 1389 esse
3270 1336 3385 1399 ille,

1811 1414 1901 1480 qui
1934 1428 2053 1467 cum
2090 1413 2312 1470 Mattltia
2351 1416 2448 1472 fuit
2479 1433 2845 1489 comparatus.
2885 1422 3016 1476 Nam
3078 1425 3169 1478 ille
3219 1427 3382 1479 etiam

1809 1507 2000 1564 Justus
2038 1509 2324 1564 dicebatur
2364 1528 2378 1565 :
2423 1512 2509 1567 hic
2552 1530 2703 1576 vero.
2755 1516 3059 1582 Barnabas,
3091 1518 3236 1588 quod
3302 1528 3387 1573 cst

1814 1601 1957 1655 ﬁlius
2015 1601 2430 1656 consolationis.
2494 1602 2722 1659 Videtur
2781 1616 2962 1662 autem
3022 1608 3154 1661 mihi
3219 1608 3383 1662 etiam

1813 1699 2035 1761 propter
2068 1691 2321 1746 virtutem
2361 1708 2561 1746 nomen
2609 1705 2806 1752 nactus
2838 1713 2985 1751 esse.
3045 1696 3149 1752 Sed
3200 1698 3293 1768 qui
3332 1705 3386 1751 et

1811 1781 1995 1835 Levita
2022 1790 2140 1836 erat
2174 1790 2226 1836 et
2284 1782 2554 1855 Cyprius?
2589 1785 2722 1851 Quia
2764 1788 2847 1841 lex
2881 1789 2992 1857 jam
3027 1806 3134 1843 non
3168 1799 3385 1844 servata

1812 1873 2146 1928 solvebatur.
2209 1874 2396 1946 Itaque
2442 1878 2605 1933 etiam
2665 1877 2732 1932 ad
2766 1890 2986 1935 exteros
3057 1882 3383 1952 migraltant,

1811 1978 1864 2020 ct
1890 1968 2030 2020 inter
2053 1982 2148 2023 eos
2186 1968 2492 2024 habitantes
2523 1974 2942 2042 negotiabantur
2974 1972 3189 2028 Levites.
3213 1975 3384 2029 Porro

1809 2075 1931 2112 cum
1965 2070 2289 2115 narraturus
2318 2070 2462 2115 esset
2495 2064 2570 2128 id,
2599 2064 2742 2133 quod
2777 2066 3051 2120 acciderat
3078 2066 3300 2121 Ananiae
3330 2080 3384 2123 et

1813 2148 2163 2220 Sappfzeiras,
2215 2159 2269 2205 et
2346 2153 2635 2207 ostendere
2692 2155 2849 2208 vellet
2904 2154 3025 2210 illos
3083 2171 3385 2225 peccasse,

1810 2243 1963 2309 prius
2001 2242 2333 2296 mentionem
2360 2240 2489 2295 facit
2518 2243 2657 2312 ejus,
2682 2232 2781 2313 qui
2808 2252 2953 2300 recte
2976 2245 3205 2301 fecerat.
3252 2244 3384 2300 Nam

1811 2347 1936 2386 cum
1966 2340 2113 2386 tanta
2150 2332 2445 2387 multitudo
2469 2342 2638 2398 esset,
2677 2334 2770 2403 qui
2800 2333 2913 2389 haec
2955 2337 3160 2390 laceret
3198 2351 3208 2385 :
3261 2350 3384 2390 cum

1814 2431 1890 2477 tot
1931 2425 2086 2495 signa
2121 2425 2414 2479 ederentur
2456 2441 2469 2477 :
2508 2441 2631 2479 cum
2675 2436 2823 2480 tanta
2879 2427 3050 2495 gratia
3104 2436 3247 2482 esset
3283 2438 3301 2481 :
3357 2442 3387 2482 a

1814 2518 1959 2570 nulla
2022 2517 2215 2571 h‘JI‘llm
2277 2532 2460 2571 rerum
2494 2520 2817 2573 emendatus
2871 2528 2924 2573 et
2975 2519 3042 2573 ad
3096 2520 3385 2573 sanitatem

1814 2621 2070 2660 reversus
2118 2596 2412 2674 perniciem
2449 2615 2502 2661 et
2532 2608 2758 2661 exiliunt
2788 2608 2894 2662 sibi
2942 2609 3168 2683 ascivit.
3196 2607 3387 2663 Mirum

1814 2706 2018 2758 :ttalctll.
2053 2697 2197 2767 quod
2240 2714 2362 2751 cum
2404 2714 2678 2753 consonsu
2708 2708 2993 2775 peccatum
3036 2701 3389 2754 commissum

1814 2802 1949 2852 erat,
1993 2799 2047 2845 et
2087 2793 2271 2846 nullus
2297 2791 2439 2850 alius
2473 2791 2680 2845 viderat
2717 2791 2793 2853 id,
2831 2791 2977 2862 quod
3010 2791 3216 2846 factum
3250 2797 3391 2845 erat.

1816 2880 1971 2936 Unde
2002 2883 2225 2946 accidit,
2266 2883 2512 2937 utmiser
2566 2883 2670 2938 hoc
2718 2883 2895 2939 facere
2928 2885 2981 2938 in
3014 2884 3256 2940 animum
3306 2886 3395 2939 in-

1815 2975 2060 3031 duceret.
2089 2974 2201 3029 Cur
2269 2975 2518 3045 implevit
2581 2973 2832 3032 Satanas.
2890 2976 3056 3030 Aiunt
3099 2974 3392 3031 nonnulli.

1814 3066 1970 3134 Quod
2026 3068 2072 3122 si
2132 3066 2366 3121 Satanas
2436 3068 2758 3136 impleverat
2824 3082 2917 3122 cor
2974 3066 3242 3128 Ananiae,
3296 3081 3393 3120 cur

1816 3173 2033 3227 poenam
2074 3158 2163 3211 ille
2203 3159 2466 3213 sustinuit
2495 3160 2517 3210 ?
2552 3157 2690 3224 Quia
2729 3158 2819 3213 ille
2852 3158 2955 3211 fuit
2987 3159 3041 3211 in
3076 3171 3264 3221 causa,
3297 3158 3389 3225 qui

1816 3266 1937 3305 sese
1970 3261 2262 3320 paraverat
2321 3253 2387 3306 ad
2442 3252 2815 3319 recipiendum
2871 3251 3169 3305 cllicaciam
3203 3258 3257 3303 et
3285 3249 3389 3299 vim

1814 3343 1963 3396 illius
1990 3342 2287 3406 occultam,
2327 3358 2433 3412 qua
2466 3343 2805 3412 impleretur.
2840 3341 3030 3396 Nonne
3085 3354 3209 3394 cum
3253 3355 3393 3392 non—

1812 3432 1939 3483 dum
1995 3431 2267 3485 alienatus
2319 3429 2427 3500 50
2456 3440 2721 3495 maneret,
2751 3430 2845 3484 tibi
2883 3428 3187 3483 manebat?
3240 3426 3391 3480 Nun-

1812 3522 1944 3592 quid
1996 3523 2142 3576 enim
2190 3522 2538 3578 necessitatis
2595 3521 2677 3576 vis
2706 3521 2862 3576 erat?
2890 3519 3147 3590 Nunquid
3191 3518 3392 3572 invitos

1814 3630 1912 3669 vos
1949 3613 2272 3668 trahimus?
2318 3611 2501 3680 Quare
2554 3613 2656 3668 hoc
2692 3626 2853 3684 agere
2882 3612 2937 3665 in
2963 3613 3204 3664 animum
3241 3621 3390 3664 tuum

1814 3704 2103 3760 induxisti?
2137 3704 2265 3759 Tria
2286 3705 2622 3760 exsistebant
2648 3704 2701 3758 in
2734 3704 2920 3758 eadem
2950 3718 3007 3757 re
3035 3702 3189 3771 signa
3211 3715 3225 3753 :
3246 3698 3391 3770 quod

1812 3812 1896 3864 ea,
1921 3798 2011 3868 qui
2061 3798 2200 3851 clam
2233 3794 2371 3850 facta
2402 3805 2578 3860 erant,
2606 3804 2828 3850 noverat
2856 3810 2870 3848 :
2903 3792 3049 3863 quod
3074 3806 3158 3857 ea,
3184 3803 3303 3860 qua:
3336 3789 3388 3842 in

1814 3893 1997 3948 animo
2018 3891 2198 3947 habita
2232 3899 2395 3959 atque
2414 3890 2671 3945 meditata
2698 3886 3033 3951 erant,liaud
3075 3884 3389 3955 ignorabat:

1816 3995 1869 4038 et
1917 3984 2168 4049 tertium,
2207 3981 2349 4053 quod
2383 3982 2639 4036 mandato
2677 3990 2730 4036 et
2765 3981 2944 4035 edicto
3007 3974 3391 4036 interﬁciebat,

1816 4075 1968 4130 Multi
2027 4075 2274 4129 homines
2321 4073 2508 4128 inculti
2555 4088 2616 4127 ea
2664 4088 2784 4144 qua:
2841 4072 2986 4125 circa
3038 4068 3304 4123 Ananiam
3343 4076 3390 4119 et

1817 4166 2174 4238 Sappheiram
2210 4174 2329 4220 acta
2364 4164 2880 4235 suntprteferentes,
2939 4160 3102 4217 caedis
3132 4166 3397 4214 accusant

1819 4259 2124 4330 principem
2169 4258 2568 4329 apostolorum.
2614 4255 2808 4311 Verum
2838 4252 3119 4309 accusatio
3169 4266 3277 4304 non
3330 4251 3394 4301 ad

1821 4350 2065 4413 Petrum,
2098 4349 2195 4404 sed
2250 4348 2432 4419 potius
2460 4347 2695 4416 pertinet
2728 4347 2795 4401 ad
2818 4344 3084 4415 Spiritum
3121 4348 3395 4397 sanctum.

1821 4442 1914 4513 qui
1949 4442 2101 4510 juste
2159 4439 2425 4493 adversus
2457 4439 2579 4491 illos
2610 4436 2941 4491 sententiam
2980 4433 3202 4486 tulerat.
3261 4428 3396 4482 Nam

171 4525 298 4579 τοῦτο
319 4531 387 4599 μὴ
412 4532 686 4602 ἀγνοήσας
717 4534 746 4585 6
782 4531 1009 4604 Πέτρος,
1046 4536 1075 4587 6
1113 4533 1202 4587 διὰ
1234 4535 1325 4587 τοῦ
1352 4536 1508 4603 ἁγίου
1543 4537 1708 4590 Πνεῦ-

1822 4536 2019 4591 Petrus
2052 4531 2399 4586 mendacium
2442 4529 2707 4583 duntaxat
2755 4528 2933 4598 arguit
2976 4541 3001 4593 ε,
3038 4533 3094 4579 at
3135 4521 3397 4593 Spiritus,

175 4633 312 4686 ματος
371 4623 651 4696 πανταχοῦ
698 4623 1086 4695 φθεγγόμενοῖ,
1127 4624 1332 4698 ταύτην
1377 4629 1507 4700 παρ’
1537 4628 1702 4685 αὐτοῦ

172 4705 428 4778 δεξάμενος
457 4714 761 4783 ἐφθέγξατο
780 4715 877 4784 τὴν
909 4716 1116 4786 φωνήν.

1812 4630 1903 4700 qui
1938 4629 2062 4682 vita:
2094 4625 2352 4693 necisque
2378 4628 2701 4692 potestatem
2730 4619 2911 4681 habet,
2941 4630 3039 4673 eos
3071 4612 3163 4687 qui
3193 4616 3248 4667 in
3281 4627 3401 4665 sese

1817 4726 2179 4794 peccaverant
2228 4713 2713 4782 interlicil.Atque
2761 4710 2900 4765 idem
2941 4710 3104 4764 etiam
3162 4704 3229 4760 de
3264 4703 3401 4770 Sap-

174 4801 330 4866 plieira
361 4806 463 4860 dici
486 4815 668 4877 potest
703 4825 716 4861 :
750 4822 964 4876 nempe,
1030 4807 1249 4864 Petrum
1270 4827 1379 4866 non
1445 4813 1789 4873 interfecisse
1828 4817 2016 4870 illam:
2081 4809 2176 4863 sed
2220 4808 2476 4877 quoniam
2534 4806 2821 4859 amborum
2879 4800 3051 4855 fuerat
3120 4798 3400 4861 delictum:

173 4890 314 4959 iudex
341 4908 635 4970 utrumque
693 4900 976 4970 aaqualiter
1027 4902 1431 4959 condemnavit.
1502 4905 1712 4965 Idcirco
1755 4909 1918 4965 etiam
1975 4906 2190 4965 Petrus,
2263 4915 2384 4953 cum
2443 4899 2549 4952 hoc
2606 4911 2716 4950 non
2777 4896 3133 4975 ignorasset,
3180 4903 3238 4947 ιιι
3308 4909 3402 4973 qui

175 5000 253 5053 per
280 4986 531 5057 Spiritum
566 5002 815 5046 sanctum
858 4993 1057 5064 ubique
1093 4993 1441 5063 loquebatur,
1482 4998 1621 5055 hanc
1651 5017 1835 5058 vocem
1878 4998 1948 5054 ab
1977 4998 2069 5051 illo
2099 5001 2375 5062 acceplam
2405 4991 2654 5046 elocuws
2685 4999 2789 5045 εει·

230 5076 479 5146 Ἐγένετο
516 5082 586 5134 δὲ
617 5084 695 5149 ὡς
720 5082 887 5151 ὡρῶν
949 5082 1125 5151 τριῶν
1182 5084 1503 5158 διάστημα,
1553 5094 1651 5146 καὶ
1681 5096 1718 5164 ὴ

174 5170 303 5239 γυνὴ
332 5174 511 5227 αὑτοῦ
546 5175 633 5244 μὴ
666 5175 859 5228 εἰδυῖα
887 5176 953 5229 τὸ
984 5179 1252 5247 γεγονὸς,
1282 5180 1591 5250 εἰσῆλθεν.

243 5346 540 5421 Ἀπεκρίθη
570 5352 634 5405 δὲ
665 5350 821 5422 αὐτῇ
843 5357 875 5407 ὀ
902 5354 1121 5423 Πέτρος
1149 5372 1161 5385 ·
1187 5356 1335 5409 Εἰ.τέ
1351 5374 1473 5426 μοι·
1506 5362 1557 5412 εἱ
1588 5379 1723 5415 τεσ-

1891 5091 2060 5144 Vens.
2098 5090 2152 5142 7.
2179 5087 2557 5141 Intercesserat
2592 5093 2766 5136 autem
2788 5082 3020 5149 spatium
3045 5080 3209 5148 ferme
3241 5081 3399 5131 trium

1821 5187 2100 5245 horarum,
2133 5199 2246 5234 cum
2266 5195 2402 5233 uxor
2430 5178 2543 5247 ejus
2578 5178 2824 5246 ignorans
2848 5172 2985 5243 quod
3012 5171 3123 5225 viro
3150 5169 3261 5239 ejus
3307 5185 3398 5223 ac-

1823 5278 2049 5338 ciderat,
2074 5278 2315 5343 ingressa
2343 5282 2442 5326 est.

1897 5365 2063 5420 Vens.
2125 5364 2179 5419 8.
2210 5364 2291 5418 Ad
2334 5378 2493 5432 quam
2533 5358 2747 5425 Petrus,
2800 5355 2896 5409 Die
2966 5353 3116 5421 mihi,
3178 5352 3399 5425 inquit:

1306 5512 1505 5573 Varire
1556 5514 1868 5583 lectiones
1901 5529 1963 5583 et
2009 5528 2197 5584 notte.

233 5629 273 5661 “
300 5640 345 5697 6,
372 5633 695 5687 desideratur
723 5634 777 5686 in
830 5632 1062 5702 vulgato.
1142 5634 1185 5665 ⁸⁸
1216 5633 1456 5701 ἀμελῶν,
1494 5635 1581 5693 ἷσ.

248 5756 267 5784 τ
304 5748 516 5805 Verbum
563 5768 655 5820 pro
705 5753 853 5807 verba
893 5752 1156 5805 redditum
1188 5762 1341 5805 sonat
1373 5770 1430 5805 ει
1466 5755 1609 5820 Quid
1634 5766 1734 5822 est,
1761 5756 1900 5826 quod
1934 5756 2029 5809 Itoc
2059 5755 2259 5823 factum
2299 5752 2523 5821 posuisti
2552 5750 2604 5803 in
2622 5749 2779 5804 corde
2810 5760 2899 5804 tuo
2935 5748 2960 5801 ?
2995 5767 3013 5799 ι
3095 5758 3116 5786 ’
3155 5743 3220 5801 V.
3251 5762 3401 5800 amo-

190 5830 348 5874 rerum
375 5838 508 5877 eum.

476 5917 738 5980 PATROL.
787 5919 904 5979 Gn.
936 5918 1176 5980 CXXV.

2937 5913 3010 5973 19
