3856 6540
169 428 276 492 653

927 421 1328 484 EXPOSlTlO
1360 421 1440 482 IN
1479 422 1665 482 ACTA
1704 422 2276 484 APOSTOLORUM.
2306 445 2374 457 -·
2399 423 2554 484 CAP.
2587 424 2662 484 X.

3310 425 3415 492 εει

174 506 385 593 δεικνύς
425 529 508 583 ὅτι
568 525 890 601 φερώνυμος
927 525 1019 601 ἦν,
1043 527 1216 590 οὕτως
1258 529 1592 600 ἐγρηγορυῖα
1647 527 1742 580 καὶ

1862 541 1967 580 2am
2017 541 2206 582 verum
2255 541 2454 581 nomen
2521 543 2646 586 esse
2703 527 2972 590 sortitam,
3033 543 3150 586 eam
3207 535 3414 587 nomini

176 625 434 692 νήφουσα,
463 619 656 688 ὥσπερ
681 621 901 692 δορκὰς.
929 621 1108 675 Πολλὰ
1137 621 1246 691 γὰρ
1268 621 1362 674 καὶ
1383 619 1743 692 οἰκονομικῶς

177 712 430 774 πολλάκις
498 711 740 781 ὀνόματα
799 711 1032 765 τίθεται.
1105 712 1517 782 Ἀσθενὴσασαν
1577 710 1748 781 αὐτὴν

176 803 484 867 ἀποθανεῖν,
509 801 802 865 λούσαντες
832 801 1038 873 ἔθηκαν
1069 803 1128 854 ὲν
1172 800 1250 873 τῷ
1292 801 1554 873 ὑπερῴῳ,
1591 816 1749 854 τουτ-

179 897 340 960 ἐστιν,
370 894 464 947 ἐπὶ
514 895 694 965 νεκρῷ
754 893 931 948 πάντα
988 895 1269 965 ἐποίησαν.
1315 893 1666 948 Ἀπέστειλαν
1692 892 1752 947 δὲ

183 987 241 1054 cl.
261 987 319 1040 ὲν
340 987 407 1055 τῇ
449 982 644 1056 Ἰόππῃ
669 983 909 1056 μαθηταὶ
949 985 1394 1055 παρακαλοῦντες
1427 985 1502 1056 μὴ
1523 984 1750 1054 ὀκνῆσαι

182 1076 404 1130 διελθεῖν
429 1076 537 1140 ἕως
564 1075 764 1131 αὐτῶν.
812 1077 956 1148 Ὅρα
983 1078 1079 1130 καὶ
1103 1077 1164 1132 τὸ
1211 1076 1484 1132 ἄπλαστον
1514 1077 1628 1134 τῶν,
1653 1077 1751 1132 ἄλ-

177 1167 298 1232 λων,
327 1167 423 1220 καὶ
456 1168 519 1220 τὸ
544 1167 749 1238 ἄτυφον
775 1168 869 1221 τοῦ
890 1167 1122 1240 Πέτρου.
1145 1168 1258 1222 Οὐκ
1283 1168 1435 1224 αὐτοὶ
1456 1168 1706 1239 ἔρχονται
1731 1183 1748 1197 ο

178 1260 310 1316 ἀλλὰ
336 1260 428 1314 διὰ
473 1259 570 1314 δύο
606 1258 1039 1332 προσκαλοῦνται
1078 1261 1121 1293 ⁸¹
1148 1262 1245 1314 ἐπὶ
1276 1261 1424 1316 ἴασιν
1451 1301 1466 1326 ,
1497 1261 1745 1324 κάκεῖνος

177 1351 415 1422 ἔρχεται.
442 1353 544 1406 Διὰ
565 1351 620 1405 τί
646 1351 704 1405 δὲ
738 1352 813 1423 μὴ
841 1353 945 1423 πρδ
971 1351 1064 1406 τοῦ
1095 1352 1384 1406 ἀποθανεῖν
1412 1350 1746 1424 προσεκαλέ-

178 1459 332 1497 σαντο
357 1459 376 1508 ;
418 1439 664 1506 ’Δνάξιον
690 1441 919 1514 ἡγοῦντο
945 1441 1159 1496 σκυλεῖν
1180 1443 1306 1475 ⁸⁸·⁸³
1332 1443 1458 1506 τοὺς
1499 1442 1748 1513 μαθητὰς

178 1533 312 1603 ὑπὲρ
340 1532 452 1588 τῶν
471 1533 732 1587 τοιούτων
758 1535 854 1588 καὶ
885 1535 1161 1608 περισπᾷν
1185 1534 1282 1589 καὶ
1312 1532 1744 1604 παρεμποδίζειν

180 1621 235 1674 τὸ
248 1623 529 1694 κήρυγμα·
548 1621 638 1676 διὰ
668 1622 826 1678 τοῦτο
847 1623 996 1693 λέγει
1017 1625 1100 1678 ὅτι
1138 1623 1334 1693 Ἐγγὺς
1358 1619 1446 1695 ἦν.
1477 1625 1588 1677 Καὶ
1607 1639 1747 1693 παρ-

178 1711 412 1781 ἔστησαν
443 1711 596 1782 αὐτῷ
641 1713 817 1766 πᾶσαι
860 1715 917 1768 αἱ
961 1713 1162 1784 χῆραι⁴
1188 1713 1472 1768 κλαίουσαι
1499 1714 1593 1768 καὶ
1624 1714 1744 1768 ὲπι·

179 1801 530 1870 δεικνύμεναι
589 1802 825 1872 χιτῶνας
878 1805 976 1858 καὶ
1023 1806 1236 1875 ἱμάτια,
1283 1807 1386 1860 ὅσα
1424 1804 1595 1860 ἐποίει
1626 1806 1742 1876 μετ’

1853 632 1957 673 suo
2001 617 2354 686 respondere,
2424 631 2621 672 nomen
2675 619 2795 690 ejus
2826 621 3069 676 morilns
3119 622 3416 676 convenire

1854 708 1926 762 ita
1999 707 2278 778 vigilantis
2339 721 2403 762 ac
2435 708 2652 773 sobriae,
2693 718 2754 764 ut
2813 725 3012 780 caprea
3073 717 3178 766 est.
3249 708 3415 764 Multa

1852 797 1996 852 enim
2019 796 2243 851 nomina
2272 811 2414 866 saepe
2447 798 2628 854 divina
2663 798 3006 869 providentia
3039 800 3412 869 imponuntur.

1857 887 1926 943 Ut
1958 889 2150 944 morbo
2186 885 2442 944 confecta
2510 900 2839 959 moreretur,
2902 891 3067 946 imam
3117 901 3419 962 posuerunt

1854 979 1908 1034 in
1963 980 2274 1044 cmnaculo,
2316 981 2420 1046 hoc
2470 988 2574 1046 est,
2637 981 2892 1037 cadaveri
2947 981 3191 1038 debitum
3252 999 3419 1040 omne
3499 1014 3502 1015 ν

1859 1070 2093 1126 ollicium
2148 1071 2538 1142 praestiterant.
2603 1069 2869 1129 Miserunt
2928 1084 3110 1130 autem
3137 1075 3412 1145 discipuli,

1850 1161 1944 1232 qui
1973 1172 2132 1218 erant
2175 1161 2363 1234 Joppze
2393 1172 2630 1228 oratum,
2664 1178 2732 1218 ne
2777 1172 3118 1237 gravaretur,
3176 1165 3416 1219 transire

1852 1268 2024 1322 usque
2082 1253 2147 1307 ad
2191 1269 2272 1308 se.
2327 1250 2463 1308 Vide
2488 1261 2542 1308 et
2598 1252 2814 1308 illorum
2870 1255 3299 1323 simplicitatem,
3356 1266 3410 1310 et

1849 1341 1996 1398 Petri
2055 1343 2223 1398 animi
2255 1343 2640 1400 demissionem
2699 1353 2861 1416 atque
2887 1344 3268 1402 humilitatem.
3299 1347 3412 1400 Non

1849 1433 1952 1503 ipsi
1983 1435 2232 1498 veniunt,
2255 1444 2316 1490 ut
2337 1450 2460 1490 eum
2528 1436 2801 1492 advocent
2839 1453 2853 1489 :
2910 1434 3004 1491 sed
3038 1452 3132 1506 per
3153 1436 3291 1494 duos
3315 1439 3420 1492 ad-

1850 1535 2051 1581 vocant
2081 1526 2148 1580 ad
2174 1528 2544 1594 sanationem,
2577 1535 2630 1582 et
2687 1528 2779 1583 ille
2819 1527 2985 1583 venit.
3040 1527 3148 1583 Sed
3179 1545 3278 1582 cur
3308 1545 3416 1583 non

1845 1616 2272 1688 “antequam
2325 1626 2536 1672 mortua
2581 1628 2728 1673 esset
2785 1633 2910 1674 eum
2966 1619 3419 1674 accersiverunt?

1845 1705 2037 1778 Operm
2062 1707 2298 1778 pretium
2333 1723 2442 1762 non
2469 1723 2594 1764 esse
2621 1709 2889 1778 putabant
2950 1709 3218 1765 molestiis
3253 1711 3419 1765 disci-

1849 1797 2010 1868 pulos
2054 1812 2156 1868 pro
2192 1797 2398 1855 talibus
2455 1799 2620 1854 rebus
2673 1799 2957 1857 allicercet
3004 1799 3331 1867 distrahere,
3363 1809 3418 1855 et

179 1890 349 1944 αὐτῶν
375 1890 510 1946 οὖσα
526 1893 804 1964 ήΔορκάς.
817 1893 891 1949 Τὸ
907 1895 1033 1964 μετ’
1051 1894 1250 1950 αὐτῶν
1293 1889 1474 1959 οὖσα,
1498 1897 1597 1964 τὴν
1616 1895 1742 1947 πολ-

1862 1888 2123 1958 impedire
2172 1888 2631 1959 praedicationem.
2664 1885 2877 1946 Idcirco
2914 1891 3068 1957 dicit,
3130 1891 3416 1946 ﬁnitimam

179 1977 268 2046 λὴν
294 1978 467 2050 αὐτῆς
507 1983 1008 2054 ταπεινοφροσύνην
1037 1983 1209 2054 δηλοῖ·
1236 1985 1318 2038 ὃτι
1354 1981 1520 2053 συνῆν
1553 1983 1745 2048 αὑταῖς

181 2069 264 2122 καὶ
302 2073 648 2126 συνδιαιτᾶτο
678 2076 772 2128 καὶ
822 2075 899 2138 ὡς
934 2075 1034 2144 μία
1091 2076 1280 2131 πασῶν
1335 2075 1692 2145 συνεστὲφετο
1724 2114 1742 2142 ,

177 2162 266 2232 οὐχ
300 2163 493 2235 ὥσπερ
545 2165 642 2221 νῦν
676 2168 865 2238 ἡμεῖς.
903 2168 1178 2223 Ἐκϐαλὼν
1225 2169 1282 2223 δὲ
1323 2167 1428 2234 ἔξω
1479 2169 1683 2232 πάντας
1717 2169 1746 2219 ὁ

141 2312 149 2334 Ι
182 2254 407 2321 Πέτρος,
437 2254 552 2320 θεὶς
577 2256 646 2311 τὰ
675 2258 881 2324 γόνατα
909 2256 1273 2329 προσηύξατο.
1300 2257 1400 2310 Διὰ
1421 2257 1474 2310 τί
1493 2255 1745 2310 ἐκϐάλλει

179 2346 274 2412 ἔξω
304 2346 542 2415 πάντας
565 2348 729 2404 Ὥστε
761 2349 836 2420 μὴ
861 2348 1194 2420 συγχυθῆναι
1221 2351 1333 2412 τοῖς
1363 2347 1610 2418 δάκρυσι,
1637 2363 1745 2418 μη-

179 2433 231 2486 δὲ
265 2433 722 2505 διαταραχθῆναι.
757 2435 889 2502 Θεῑς
917 2436 990 2490 τὰ
1017 2437 1261 2505 γόνατα.
1307 2433 1745 2504 Ἐπιτεταμένην

179 2525 402 2578 ποιεῖται
435 2525 536 2592 τὴν
564 2526 891 2597 προσευχήν·
927 2522 1048 2579 εἶτα
1079 2527 1286 2596 κρατεῖο
1311 2521 1432 2578 εἶτα
1464 2524 1606 2578 κατὰ
1645 2522 1744 2593 μέ·-

183 2632 262 2684 ρο;
285 2617 320 2686 ἡ
347 2614 462 2686 ζωὴ
483 2617 580 2670 καλ⁵
605 2615 833 2688 δύναμις
857 2618 1156 2686 εἰσάγεται.
1185 2616 1478 2683 Φωνήσας
1513 2614 1580 2668 δὲ
1603 2612 1744 2680 τοὺς

179 2705 374 2774 ἁγίους
404 2708 502 2764 καί
534 2706 643 2774 τὰς
664 2708 885 2778 χήρας,
937 2711 1050 2771 τοῖς
1099 2707 1199 2780 μὲν
1219 2752 1233 2776 ,
1270 2709 1349 2772 είς
1402 2706 1744 2779 παράκλησιν

182 2796 479 2867 παρέστησε
504 2797 710 2862 ζῶσανο
746 2801 870 2864 ταῖς
901 2798 985 2863 δὲ,
1014 2801 1095 2864 είς
1115 2797 1477 2870 προστασίαν.
1513 2798 1655 2868 Ὅρα
1687 2796 1745 2849 δὲ

181 2887 235 2940 τὸ
277 2889 484 2959 ἄτυφον
530 2891 739 2962 Πέτρου
763 2907 779 2923 ο
806 2888 1122 2962 τηλικοῦτον
1157 2891 1530 2962 ἐργασάμενος
1554 2927 1570 2954 ,
1615 2887 1739 2940 οὔτε

181 2980 302 3052 παρ’
346 2982 510 3052 αὐτῇ,
573 2980 699 3036 οὔτε
754 2982 884 3056 παρ’
944 2982 1090 3052 ἄλλῳ
1137 2982 1248 3036 τινὶ
1291 2979 1568 3052 ἐπισήμῳ,
1605 2977 1743 3040 ἀλλὰ

183 3071 325 3142 παρὰ
373 3072 570 3144 βυρσεῖ
607 3075 814 3146 Σίμωνι
862 3074 1143 3140 καταλύει,
1186 3073 1307 3128 οὔτε
1350 3071 1475 3137 τοὺς
1507 3069 1744 3134 εὐτελεῖς

185 3163 462 3234 αἰσχύνων,
496 3163 620 3219 οὔτε
645 3166 774 3230 τοὺς
808 3166 1074 3241 μεγάλους
1109 3165 1434 3236 ἐπαίρεσθαι
1467 3161 1668 3231 ἀφιείς.

1847 1979 2032 2048 fuisse,
2081 1977 2344 2050 Lyddam.
2394 1979 2463 2034 Et
2512 1981 2809 2036 astiterunt
2874 1982 2923 2036 ei
2981 1997 3172 2037 omnes
3241 1981 3418 2036 viduae

1846 2067 2068 2135 ﬂentes,
2113 2080 2167 2125 et
2225 2079 2567 2126 ostentantes
2617 2057 2836 2126 tunicas
2865 2081 2919 2127 et
2947 2073 3271 2128 vestimenta
3295 2089 3417 2142 qua:

1849 2159 2108 2227 faciebat,
2141 2175 2267 2216 cum
2296 2169 2443 2216 esset
2471 2177 2594 2217 cum
2630 2163 2765 2232 ipsis
2793 2161 3017 2219 Dorcas.
3058 2160 3212 2230 Quod
3258 2164 3416 2228 dicit,

1846 2251 1980 2307 Cum
2013 2261 2158 2308 esset
2187 2267 2310 2307 cum
2337 2251 2440 2317 eis,
2473 2268 2722 2326 magnam
2765 2255 2910 2312 illitis
2941 2255 3212 2327 signiﬁcat
3247 2255 3416 2311 animi

1852 2341 2216 2398 humilitatem
2238 2349 2400 2412 atque
2423 2343 2812 2398 demissionem
2839 2361 2853 2398 :
2878 2344 3024 2416 quod
3058 2360 3163 2400 una
3185 2359 3310 2400 cum
3337 2347 3418 2402 eis

1845 2440 1987 2496 erat,
2044 2443 2099 2488 et
2149 2449 2255 2488 una
2310 2435 2548 2500 vivebat,
2580 2443 2633 2490 et
2667 2443 2729 2490 ut
2781 2452 2890 2492 una
2931 2437 3000 2492 de
3029 2437 3217 2493 multis
3255 2437 3420 2493 simul

1849 2526 2310 2590 conversabatur,
2348 2543 2457 2580 non
2490 2528 2943 2598 quemadmodum
2978 2545 3126 2585 nunc
3153 2545 3254 2584 nos
3281 2528 3416 2583 faci-

1847 2633 1992 2672 mus.
2022 2618 2092 2671 At
2124 2616 2321 2672 Petrus
2360 2633 2482 2673 cum
2533 2633 2723 2674 omnes
2743 2617 2889 2673 foras
2909 2619 3189 2688 eiecisset,
3221 2620 3416 2689 positis

1845 2708 2075 2779 genibus
2126 2717 2387 2779 precatus
2434 2719 2536 2765 est.
2570 2709 2683 2766 Cur
2706 2725 2897 2765 omnes
2926 2710 3078 2780 ejicit
3119 2711 3300 2766 foras!
3339 2710 3419 2765 Nc

1850 2798 2284 2854 confunderetur
2318 2800 2596 2870 lacrymis,
2627 2815 2732 2855 neu
2763 2800 3189 2857 disturbaretur.
3215 2800 3416 2856 Positis

1839 2883 2084 2966 genibus.
2120 2887 2389 2944 lntentam
2422 2900 2587 2960 atque
2609 2890 2899 2946 sollicitam
2948 2891 3112 2947 habet
3141 2893 3416 2962 precatio-

1851 2993 2012 3033 nem:
2072 2977 2267 3034 deinde
2305 2980 2700 3049 apprehendit:
2739 2993 2924 3049 poetea
2991 2981 3249 3050 paulatim
3305 2982 3419 3036 vita

1845 3084 1910 3125 ac
1936 3069 2078 3125 vires
2098 3068 2544 3126 introducuntur.
2573 3070 2882 3142 Vocatisque
2905 3073 3104 3127 sanctis
3116 3089 3180 3127 ac
3203 3072 3378 3128 viduis
3398 3114 3414 3139 ,

1848 3161 1953 3217 illis
1991 3162 2208 3231 quidem
2266 3161 2333 3218 ad
2379 3163 2807 3219 consolationem
2843 3171 2898 3220 et
2943 3164 3415 3221 conﬁrmationem

188 3259 444 3316 viventem
501 3261 787 3329 exhibuit,
837 3261 923 3316 his
953 3277 1102 3328 vero,
1139 3261 1204 3316 ad
1229 3258 1542 3330 prmsidium
1573 3266 1737 3332 atque
1781 3259 2170 3325 patrocinium.
2208 3257 2345 3316 Vide
2368 3269 2552 3315 autem
2587 3261 2846 3316 humilem
2904 3271 3072 3331 atque
3124 3262 3420 3317 demissum

185 3351 412 3405 animum
469 3350 638 3415 Petri,
665 3351 758 3420 qui
828 3359 1042 3405 tantum
1109 3365 1248 3421 opus
1311 3349 1550 3415 fecerat;
1603 3361 1779 3417 neque
1818 3347 2156 3416 apudillam,
2224 3363 2400 3418 neque
2427 3349 2751 3419 apudalium
2783 3351 3091 3421 quempiam
3117 3351 3414 3421 insignem;

187 3443 273 3498 scd
322 3444 461 3511 apud
523 3440 804 3498 Simonem
860 3440 1157 3497 coriarium
1191 3439 1530 3504 diversatur,
1560 3452 1740 3508 neque
1777 3437 1914 3492 viles
1945 3452 2007 3492 ac
2041 3449 2233 3494 tenues
2259 3454 2526 3508 spernens
2596 3451 2757 3510 atque
2820 3451 3198 3508 contemnens,
3242 3439 3421 3512 neque

189 3545 456 3606 magnates
482 3534 661 3596 eﬂ‘erri
689 3535 898 3591 sinens.
1833 3589 1836 3592 .

781 3629 1032 3685 ΚΕΦΔΛ.
1081 3625 1138 3682 ι’.

2447 3620 2675 3678 CAPUT
2754 3621 2822 3678 X.

264 3721 437 3789 Ἀνὴρ
462 3721 530 3775 δέ
573 3737 664 3787 τις
686 3717 765 3792 ἦν
793 3721 864 3776 ἐν
891 3721 1220 3788 Καισαρείᾳ
1243 3721 1486 3790 ὀνόματι
1516 3709 1742 3786 Κορνή-

1922 3710 2091 3768 Vens.
2122 3711 2174 3765 l.
2206 3711 2339 3766 Erat
2363 3723 2539 3766 autem
2558 3712 2822 3768 δίεισι-σω
2855 3715 2934 3769 uir
2959 3715 3173 3785 quidam
3214 3717 3420 3771 nomine

189 3813 330 3876 λιος,
368 3811 810 3883 ἑκατοντάρχης
852 3813 920 3868 ἐκ
949 3813 1200 3882 σπείρης
1229 3811 1340 3880 τῆς
1369 3806 1742 3878 καλουμένης

1862 3802 2152 3871 Cornelius,
2184 3805 2419 3858 centurio
2461 3804 2526 3856 de
2565 3803 2776 3858 cohorte
2810 3819 2926 3875 qua:
2959 3803 3242 3860 vocabatur
3297 3803 3420 3859 Ita-

213 3904 504 3973 Ιταλικῆς,

251 3995 524 4064 Εὐσεϐὴς
553 3994 652 4048 καί
681 3995 1052 4066 φοϐούμενος
1077 3995 1186 4049 τὸν
1231 3991 1380 4049 Θεὸν
1421 3991 1543 4046 σὺν
1567 3990 1748 4044 παντὶ

192 4081 265 4149 τῷ
287 4087 426 4152 οἴκῳ
453 4087 664 4153 αὐτοῦ,
709 4086 896 4142 ποιῶν
937 4103 1002 4140 τε
1043 4085 1466 4156 ἐλεημοσύνας
1511 4079 1748 4145 πολλὰς

193 4176 266 4240 τῷ
292 4177 434 4243 λαῷ,
465 4179 566 4234 καί
595 4179 880 4248 δεόμενος
925 4178 1032 4234 τοῦ
1065 4178 1210 4232 Θεοῦ
1257 4175 1602 4240 διαπαντός.

259 4265 430 4323 Εἷὸεν
462 4270 534 4324 ἐν
580 4269 832 4340 ὁράματι
867 4269 1137 4340 φανερῶς
1163 4269 1245 4335 ὡς
1272 4269 1359 4334 είς
1387 4266 1546 4336 ὤραν
1577 4265 1622 4297 ⁸³
1649 4265 1748 4317 ἐν-

193 4360 368 4428 νάτην
394 4361 506 4431 τῆς
529 4362 778 4432 ἡμέρας,
803 4360 1068 4430 ἄγγελον
1093 4361 1197 4414 τοῦ
1233 4359 1380 4414 Θεοῦ
1395 4357 1750 4414 είσελθόντα

194 4451 330 4517 πρὸς
361 4452 548 4505 αὐτὸν
578 4451 678 4504 καὶ
709 4451 958 4504 εἰπόντα
999 4447 1179 4513 αὐτῷ·
1221 4444 1536 4514 Κορνήλιε.

265 4543 314 4594 ’0
359 4542 427 4596 δὲ
459 4542 745 4606 ἀτενίσας
781 4540 942 4605 αὑτῷ
991 4540 1088 4594 καὶ
1120 4539 1377 4608 ἔμφοϐος
1411 4535 1735 4606 ⁴γενόμενος

193 4629 332 4687 εἴπεο
361 4636 421 4689 Τί
435 4635 589 4700 ἐστι,
612 4635 787 4706 Κύριε
810 4650 830 4699 ;
858 4633 1006 4688 Eine
1030 4633 1097 4685 δὲ
1119 4627 1298 4694 αὐτῷ·
1323 4631 1387 4682 Al
1419 4627 1754 4696 προσευχαί

195 4740 298 4779 σου
327 4727 422 4781 καί
453 4730 516 4782 at
546 4727 948 4797 ἐλεημοσύναι
993 4739 1109 4778 σου
1140 4721 1445 4789 ἀνέϐησαν
1496 4720 1584 4784 είς
1601 4734 1754 4788 μνη·-

193 4815 452 4881 μόσυνον
479 4818 738 4874 ἐνώπιον
764 4817 870 4873 τοῦ
897 4816 1071 4871 Θεοῦ.

258 4907 361 4962 Καὶ
403 4908 522 4963 νῦν
547 4910 791 4980 πέμψον
821 4911 907 4975 είς
945 4907 1186 4973 Ἰόππην
1218 4904 1462 4972 ἄνδρας,
1507 4901 1604 4957 καί
1646 4916 1749 4970 με-

196 4995 485 5067 τάπεμψαι
521 4999 760 5067 Σίμωνα
787 4999 893 5054 τὸν
925 4997 1404 5066 ἐπικαλούμενον
1429 4993 1673 5061 Πέτρον.

258 5082 444 5154 Οὗτος
491 5085 778 5152 ξενίζεται
818 5085 979 5154 παρά
1013 5103 1124 5139 τινι
1171 5085 1389 5155 Σίμωνι
1427 5080 1668 5151 βυρσεῖ,
1704 5078 1750 5144 ᾦ

195 5176 348 5232 ἐστιν
372 5181 531 5232 οἰκία
563 5177 724 5248 παρὰ
754 5176 1080 5234 θάλασσαν
1109 5177 1180 5229 ⁸⁵.

267 5270 360 5331 Ὠς
393 5269 462 5322 δὲ
489 5267 766 5336 ἀπῆλθεν
817 5271 850 5322 ό
895 5268 1174 5337 ἄγγελος,
1205 5269 1237 5320 ό
1267 5263 1475 5320 λαλῶν
1502 5263 1583 5330 τῷ
1614 5265 1758 5331 Κορ⁹

1847 3899 1950 3953 lica

1929 3938 2089 4042 ἵεις.
2121 3983 2176 4039 2.
2203 3983 2331 4040 Pius
2357 3999 2423 4037 ac
2449 3983 2751 4055 religiosus,
2778 3981 3051 4054 Deumque
3089 3983 3274 4038 timens
3303 3999 3418 4037 cum

1865 4088 1978 4132 tota
2007 4094 2106 4132 sua
2148 4076 2361 4145 familia
2394 4117 2409 4142 ,
2437 4092 2499 4129 ac
2529 4075 2725 4128 multas
2749 4075 2884 4143 plebi
2905 4074 3104 4144 faciens
3138 4075 3420 4145 clcemosy-

1855 4186 1977 4232 nas,
2020 4168 2289 4239 Deumque
2317 4167 2646 4220 continenter
2681 4182 2863 4220 orans.

1925 4260 2094 4316 Vsus.
2158 4259 2212 4312 5.
2266 4256 2318 4311 Is
2372 4256 2503 4310 vidit
2555 4271 2648 4324 per
2685 4257 2854 4309 uisum
2881 4255 3157 4324 manifeste
3190 4255 3300 4322 fere
3356 4257 3424 4307 ad

1851 4353 2034 4406 horam
2058 4349 2161 4402 diei
2181 4363 2396 4412 nonam,
2433 4345 2676 4416 angelum
2725 4345 2824 4398 Dei
2859 4345 3232 4414 ingredientem
3259 4344 3329 4398 ad
3348 4359 3423 4411 se,

1854 4459 1917 4497 ac
1942 4442 2198 4494 dicentem
2224 4437 2366 4492 sibi:
2389 4435 2650 4492 Cornelia.

1927 4531 2096 4587 Vens.
2155 4529 2208 4584 4.
2238 4529 2306 4584 At
2337 4527 2428 4588 ille
2461 4527 2729 4580 contuitus
2773 4540 2890 4580 eum
2919 4541 2983 4580 ac
3017 4525 3423 4595 perterrefactus

1859 4624 1998 4677 dixit
2029 4637 2046 4676 :
2084 4620 2222 4688 Quid
2263 4628 2363 4682 est,
2397 4617 2665 4673 Domine?
2704 4615 2806 4670 Ille
2833 4617 2971 4670 dixit
3019 4619 3113 4672 ei:
3145 4616 3424 4670 Orationes

1856 4721 1958 4766 tua:
1987 4721 2036 4764 et
2095 4709 2438 4776 eleemosyna:
2497 4714 2602 4760 tua:
2632 4705 2980 4760 ascenderunt
3011 4705 3066 4759 in
3113 4706 3424 4760 memoriam

1853 4819 2038 4858 coram
2070 4801 2197 4855 Deo.
3184 4789 3186 4792 ’

1928 4884 2095 4946 Vens.
2131 4889 2182 4944 5.
2216 4891 2290 4943 Ac
2317 4905 2454 4942 nunc
2480 4889 2626 4942 mitte
2648 4889 2701 4942 in
2724 4887 2928 4959 Joppen
2959 4889 3119 4952 viros,
3145 4896 3196 4942 et
3221 4903 3427 4941 accerse

1781 4969 1824 5025 θ
1853 4985 2144 5047 Simonem,
2178 4991 2525 5051 cognomento
2552 4979 2792 5035 Petrum.

1924 5073 2147 5130 Vsnsﬁ.
2183 5073 2286 5126 llic
2311 5073 2464 5126 liabet
2491 5072 2774 5140 hospitium
2798 5069 2938 5140 apud
2965 5069 3228 5125 Simonem
3241 5079 3428 5138 ‘quem-

1856 5169 1983 5222 dam
2009 5166 2331 5228 coriarium,
2368 5163 2456 5234 qui
2519 5162 2670 5216 habet
2704 5160 3030 5215 domicilium
3062 5160 3227 5229 juxta
3257 5174 3424 5212 mare.

1937 5254 2104 5312 Vens.
2139 5255 2189 5309 7.
2220 5253 2287 5308 Ut
2316 5265 2491 5308 autem
2515 5252 2646 5306 abiit
2680 5251 2920 5321 angelus,
2950 5253 3039 5320 qui
3071 5250 3278 5306 locutus
3311 5259 3424 5304 erat

1366 5426 1566 5488 Varia)
1612 5424 1919 5487 lectiones
1965 5430 2026 5485 et
2070 5429 2262 5486 notae.

263 5575 304 5605 ’ί
334 5573 972 5645 Προσκαλούμενοίεναι.
1048 5576 1176 5645 ⁸⁸⁸⁸7⁸
1209 5571 1586 5645 ἵσ.σκύλλειν.
1660 5571 1742 5645 ⁸⁸--

1862 5570 2053 5640 ηιίφαεο
2077 5577 2172 5645 est,
2188 5566 2333 5645 ,ῶσεξ
2357 5563 2544 5645 βραν.

2643 5561 2687 5592 ⁸⁸
2711 5560 2775 5614 In
2805 5560 3010 5630 vulgato
3043 5559 3126 5630 It_ic
3165 5555 3434 5630 addunt“:

204 5625 1059 5714 acremsznag'xaiisgg'm
1105 5644 1158 5697 τί
1192 5625 1254 5696 se
1285 5625 1365 5696 δεῖ
1414 5643 1614 5694 ποιεῖν·
1653 5659 1672 5714 ι
1707 5641 1742 5694 Il

1862 5625 2199 5714 oqiieturttbi
2243 5635 2370 5714 quid
2403 5625 2451 5685 te
2487 5638 2723 5710 oporteat
2757 5625 3149 5714 facei7e.‘s“Sed
3179 5625 3433 5714 nonsuL'f.‘

207 5694 463 5768 εάῖὲεὶέιέὶό
485 5694 785 5782 exemplari
793 5694 1574 5782 ardeatinanuscripto:atque
1597 5711 1756 5766 etiam
1801 5694 2056 5762 hic'locus
2085 5708 2161 5760 ita
2210 5694 2581 5773 eiylicatur'in
2615 5694 2850 5766 sequenti
2905 5698 3119 5763 scholio,
3158 5699 3309 5767 quasi
3350 5694 3432 5747 Ιιο

209 5795 338 5837 vaces
369 5796 555 5855 septem
582 5801 682 5840 non
704 5787 915 5839 debeant
951 5801 1059 5838 esse
1081 5785 1320 5852 adjectw.
