3856 6546
423 409 532 497 es
1224 409 1226 412 ’
1349 427 1921 490 THEOPHYLACTl
1960 425 2376 485 BULGARI/E
2420 425 2779 486 ARCHIEP.
3576 433 3670 495 cst;

431 552 704 620 Cornelio,
732 555 849 603 cum
894 557 1124 604 vocasset
1161 548 1288 599 duos
1329 563 1500 601 servos
1552 562 1699 608 suos,
1737 554 1783 597 et
1820 559 1883 597 ea:
1915 545 2002 606 iis,

2114 543 2316 609 νηλίῳ,
2374 542 2668 612 φωνήσας
2723 541 2834 597 δύο
2895 542 3011 596 τῶν
3057 543 3304 597 οῐκετῶν
3355 526 3531 600 αὐτοῦ
3583 549 3670 601 καί

428 648 520 717 qui
551 647 650 700 sibi
682 636 935 712 parebunt
985 658 1046 694 ac
1075 650 1267 709 praesto
1301 641 1627 692 continenter
1665 646 1838 700 erant,
1869 635 2013 701 mili-

2116 633 2492 703 στρατιώτην
2571 633 2794 703 εὐσεϐῆ
2876 633 2996 688 τῶν
3082 636 3674 704 προσκαρτερούντων

430 753 533 794 tem
564 738 891 808 religiosum,

2114 725 2276 786 αὐτῷ
2317 740 2332 754 ’

507 827 675 884 Vens.
702 827 752 882 8.
789 824 853 878 Et
889 825 1066 879 omnia
1092 824 1166 879 eis
1195 821 1548 894 exposuisset,
1581 821 1726 876 misit
1751 837 1840 877 eos
1875 817 2011 890 lop-

2200 817 2694 888 Ἐεηγησιίμενος
2728 817 2774 850 ⁸⁸
2803 817 3006 884 αὐτοῖς
3045 817 3300 882 ἅπαντα,
3333 817 3676 873 ἀπέστειλεν

369 915 374 918 ’
431 939 550 991 pen.
2115 911 2339 976 αὐτοὺς
2367 912 2455 976 εις
2495 911 2608 978 τὴν
2660 911 2925 977 Ἰόππην.

501 1010 600 1066 Hic
625 1027 736 1066 non
768 1019 854 1066 est
889 1008 1131 1072 Judmus,
1165 1021 1346 1076 neque
1379 1021 1444 1060 ex
1476 1005 1561 1071 iis,
1592 1005 1683 1076 qui
1714 1005 1823 1077 87
1856 1012 2012 1059 erant

2187 993 2356 1062 Οὗτος
2384 999 2483 1053 οὐκ
2526 999 2675 1052 ἔστιν
2713 1000 2984 1063 Ἰουδαῖος,
3022 999 3141 1052 οὐδὲ
3173 999 3284 1052 τῶν
3325 1001 3430 1051 ὑπὸ
3465 1000 3556 1053 τον
3596 1001 3673 1053 νό-

427 1107 529 1158 sub
553 1104 666 1174 lege
691 1103 821 1165 :Zsed
843 1102 955 1172 jam
978 1107 1136 1154 antea
1159 1107 1877 1170 prreoccupaveratnostrum
1895 1098 2017 1151 vita:

2121 1109 2239 1163 μον·
2274 1092 2386 1145 ἀλλ’
2418 1093 2522 1163 ἤδη
2555 1093 2874 1162 προειλήφει
2916 1094 3014 1162 τὴν
3061 1093 3338 1163 ἡμετέραν
3379 1092 3665 1146 πολιτείαν’

430 1193 744 1248 institutum
775 1211 789 1247 ε
820 1207 884 1246 ac
913 1191 1020 1245 duo
1057 1190 1277 1244 interim
1317 1189 1545 1242 credunt
1579 1202 1646 1242 ex
1678 1188 1764 1242 iis.
1801 1187 1892 1257 qui
1926 1187 2012 1242 di-

431 1288 636 1355 gnitate
661 1282 872 1354 praediti
903 1288 1079 1345 erant,
1104 1287 1342 1350 quaestor
1365 1279 1615 1334 videlicet
1640 1277 2014 1347 Ethiopissm,

430 1385 486 1430 et
516 1377 624 1431 bic.
669 1373 798 1428 I'ius
833 1388 895 1425 ac
940 1371 1129 1424 timens
1171 1369 1339 1422 Deum
1368 1384 1485 1421 cum
1519 1359 1866 1437 tota'familia
1897 1383 2014 1419 sua.

2117 1184 2211 1238 δύο
2248 1185 2305 1248 δὲ
2345 1184 2663 1238 πιστεύουσι
2705 1176 2854 1247 ’τέως
2891 1186 2949 1237 ὲν
2998 1183 3307 1254 ἀξιώματι,
3341 1184 3368 1237 ὅ
3398 1201 3455 1237 τε
3484 1188 3674 1254 ταμίας

2117 1276 2215 1346 τῆς
2253 1277 2604 1346 Αίθιοπίσσης
2632 1279 2725 1329 καὶ
2755 1273 2928 1338 οὗτος.
2967 1275 3240 1342 Εὐσεϐὴς
3273 1275 3370 1328 καὶ
3401 1278 3676 1345 φοϐούμε-

2117 1383 2225 1433 νος
2259 1368 2368 1421 τὸν
2418 1367 2568 1422 Θεὸν
2596 1369 2720 1422 σὺν
2745 1369 2923 1423 παντί
2959 1369 3041 1434 τῷ
3068 1369 3211 1434 alter,»
3248 1370 3458 1423 αὑτοῦ.
3508 1369 3679 1422 Ἀκούσ

2107 1448 2303 1531 ’σωμεν
2357 1461 2473 1514 ὅσοι
2530 1461 2639 1514 τῶν
2697 1461 2915 1514 οίκείων
2942 1460 3274 1530 ἀμελοῦμεν·
3301 1455 3457 1523 οὗτος
3487 1461 3546 1512 δὲ
3591 1462 3676 1514 καὶ

2122 1552 2469 1618 στρατιωτῶν
2488 1555 2584 1604 ὲπε
2594 1552 2841 1621 μελείτοΑ
2855 1551 3332 1620 Ἐκατοντάρχης
3349 1551 3416 1604 ἐκ
3433 1555 3675 1620 σπε-’ρης

431 1466 735 1520 Audiamus
763 1461 857 1532 qui
889 1459 1186 1514 familiares
1216 1472 1280 1511 ac
1307 1456 1638 1511 domesticos
1667 1464 1884 1509 nostros
1923 1469 2019 1507 ne-

432 1557 684 1628 gligimus
724 1572 739 1607 :
780 1561 835 1606 at
869 1551 956 1605 hic
985 1551 1147 1605 etiam
1181 1548 1246 1602 de
1284 1547 1546 1602 militibus
1582 1546 1843 1600 sollicitus
1881 1552 2017 1601 erat.

434 1645 687 1700 Centurio
745 1645 808 1698 de
853 1644 1060 1696 cohorte
1097 1655 1212 1710 qua:
1243 1639 1530 1692 vocabatur
1557 1636 1773 1691 Italica.
1805 1634 1881 1690 De
1904 1651 2017 1687 ma-

2119 1641 2227 1708 τῆς
2295 1643 2676 1712 καλουμένης
2748 1642 3068 1710 Ἰταλικῆς.
3128 1643 3386 1712 Μεγάλης
3462 1644 3679 1716 σπείρης

433 1754 539 1808 gna
599 1738 744 1792 enim
796 1735 1024 1790 cohorte
1076 1739 1228 1798 erat,
1284 1729 1496 1798 inquit,
1549 1744 1669 1809 qua:
1724 1726 2017 1784 vocabatur

2119 1735 2228 1805 γὰρ
2285 1732 2353 1804 ἦν
2380 1777 2393 1802 ,
2453 1736 2609 1805 φησι,
2651 1734 2995 1804 καλουμένης
3058 1733 3349 1804 Ἰταλικῆς.
3383 1736 3585 1804 Σπεϊρα
3626 1737 3674 1788 δέ

447 1828 650 1884 Italica.
684 1825 837 1896 Spira
863 1832 1044 1877 autem
1068 1863 1081 1888 ,
1117 1821 1171 1875 id
1207 1828 1290 1874 est
1317 1819 1514 1873 cohors
1540 1826 1658 1882 est,
1690 1831 1851 1886 quem
1875 1830 2017 1870 nunc

2122 1827 2291 1892 ἐστιν,
2329 1826 2357 1879 ὃ
2394 1826 2668 1896 καλοῦμεν
2708 1826 2804 1880 νῦν
2829 1826 3132 1895 Νούμερον.
3157 1826 3255 1878 Διά
3285 1826 3444 1879 τοῦτο
3473 1827 3529 1879 δὲ
3562 1827 3680 1894 γοῦν

437 1932 698 1972 vocamus
750 1914 1071 1968 Numerum.
1103 1909 1235 1963 Nam
1269 1909 1473 1962 idcirco
1513 1907 1690 1960 virum
1722 1915 1909 1959 notum
1955 1919 2017 1959 ac

2119 1919 2261 1970 ποιεῖ
2313 1918 2405 1972 τὸν
2444 1917 2611 1988 ἄνδρα
2665 1915 2943 1987 γνώριμον
3000 1919 3094 1970 καὶ
3147 1916 3340 1985 δῆλον,
3381 1919 3470 1971 ἵνα
3499 1920 3569 1988 μή
3602 1937 3675 1980 τις

439 2006 785 2062 manifestum
811 2003 959 2068 facit,
991 2017 1063 2056 ne
1087 2001 1208 2070 quis
1232 1998 1377 2053 dicat
1399 1997 1532 2050 falsa
1560 1996 1838 2051 memoria:
1861 1997 2016 2065 prodi

2120 2009 2251 2079 εἴπῃ
2309 2009 2390 2062 ὅτι
2434 2009 2691 2078 ψεύδεται
2753 2008 2860 2061 τῶν
2917 2005 3150 2078 Γραφῶν
3199 2010 3231 2077 ἡ
3290 2009 3521 2079 ίστορία.
3588 2008 3682 2060 Ἱσ-

441 2099 498 2153 in
553 2096 782 2151 historia
850 2092 1278 2162 Scripturarum.
1344 2087 1638 2143 Sciendum
1707 2096 1792 2142 est
1835 2096 2016 2140 autem

440 2191 650 2261 spiram
699 2187 816 2240 sive
857 2183 1140 2239 cohortem
1185 2181 1544 2234 ducentorum
1585 2177 1818 2232 militum
1861 2193 2015 2243 esse;

444 2279 748 2336 custodiam
795 2291 962 2339 vero,
1003 2272 1301 2343 sexaginta.
1343 2270 1485 2325 Vidit
1513 2286 1606 2323 aer
1639 2271 1806 2323 visum
1846 2269 2021 2322 mani-

439 2378 590 2448 feste,
625 2376 795 2445 ferme
828 2371 898 2424 ad
935 2369 1121 2422 horam
1156 2367 1261 2448 diei
1290 2375 1514 2430 sextam,
1551 2365 1789 2436 angelum
1808 2364 1906 2418 Dei
1937 2365 2020 2416 in-

442 2437 587 2537 'gt'edt;
625 2437 703 2518 ad
740 2478 816 2516 se.
863 2457 1020 2514 Videt
1066 2437 1339 2529 angelum.
1385 2464 1444 2509 ut
1484 2455 1646 2510 Petro
1691 2455 1850 2525 plena
1885 2455 2020 2509 ﬁdes

445 2560 637 2618 tieret;
682 2553 791 2608 imo
832 2566 962 2606 vero
1000 2563 1113 2603 non
1157 2548 1254 2626 illi,
1303 2547 1400 2602 sed
1445 2546 1565 2600 aliis
1607 2545 2017 2600 inﬁrmioribus.

444 2647 595 2701 Nona
632 2653 815 2699 autem
851 2644 981 2699 bora
1009 2680 1024 2706 ,
1066 2640 1282 2710 quando
1309 2639 1456 2693 curis
1486 2638 1719 2701 solutus,
1748 2647 1800 2692 et
1825 2639 1877 2691 in
1907 2638 2020 2692 otio

444 2746 559 2792 erat
586 2746 747 2806 atque
765 2731 1344 2805 quietc.Posteaquam
1371 2739 1554 2783 autem
1580 2729 1786 2783 viderat
1816 2730 2019 2784 Oculus

444 2830 716 2897 veritatis,
749 2837 803 2885 et
835 2842 1064 2897 magnus
1095 2825 1182 2880 ille
1211 2823 1411 2890 Judex,
1444 2839 1638 2894 magna
1676 2839 1800 2880 esse
1830 2839 2018 2894 opera,

444 2923 542 2978 sed
568 2932 802 2987 mortua,
832 2923 874 2974 si
905 2919 1037 2973 ﬁdes
1070 2917 1232 2979 desit,
1263 2915 1432 2970 mittit
1459 2917 1732 2987 angelum,
1757 2917 1849 2986 qui
1881 2931 2023 2986 pra:-

447 3015 573 3069 miis
610 3028 775 3082 opera
811 3017 1149 3080 compensat,
1192 3016 1254 3060 ut
1282 3022 1378 3062 eos
1419 3010 1512 3078 qui
1543 3015 1691 3062 recte
1729 3014 2020 3070 certarent,

451 3107 557 3162 ﬁde
585 3112 888 3162 coronaret.
919 3101 1002 3155 Ab
1031 3100 1220 3155 obtutu
1253 3107 1431 3155 autem
1465 3110 1636 3155 terror
1662 3099 1893 3171 injectus
1916 3107 2020 3165 est;

2119 2103 2241 2155 τὲον
2283 2101 2340 2154 δὲ
2391 2101 2472 2154 ὅτι
2519 2102 2551 2171 ἡ
2601 2100 2700 2169 μὲν
2751 2101 2970 2169 σπεῖρα,
3024 2100 3315 2153 διακοσίων
3359 2101 3478 2152 ἐστὶ
3535 2117 3680 2171 στρα-

2119 2193 2350 2247 τιωτῶν·
2380 2195 2412 2264 ἡ
2466 2194 2522 2246 δὲ
2551 2192 2875 2254 κουστωδία,
2921 2191 3204 2260 ἐξήκοντα.
3231 2187 3408 2245 Εἶδον
3454 2192 3526 2244 ἐν
3560 2191 3683 2262 ὁρό-

2115 2299 2257 2351 ματι
2290 2280 2561 2352 φανερῶς
2595 2281 2674 2344 ὡς
2698 2283 2784 2344 είς
2819 2278 2979 2346 ὥραν
3017 2277 3280 2346 ἐννάτην
3313 2277 3424 2344 τῆς
3450 2269 3680 2346 ἠμέρίις,

2121 2371 2379 2440 ἄγγελον
2403 2371 2507 2426 τοῦ
2540 2370 2690 2424 Θεοῦ
2719 2366 3070 2422 είσελθόντα
3097 2369 3244 2435 πρὸς
3270 2369 3479 2423 αὐτόν.
3503 2369 3682 2421 sum

2120 2462 2211 2517 τὸν
2253 2461 2491 2529 ἄγγελον
2534 2462 2611 2524 εἰς
2662 2457 3039 2529 πληροφορίαν
3080 2457 3285 2526 Πέτρου
3315 2475 3329 2488 ·
3384 2457 3588 2526 μᾶλλον
3614 2457 3681 2521 δὲ,

2123 2554 2225 2607 οὐκ
2283 2553 2531 2618 ἐκείνου,
2578 2551 2712 2605 ἀλλὰ
2767 2552 2875 2605 τῶν
2924 2549 3098 2603 ἄλλων
3129 2548 3236 2601 τῶν
3267 2547 3683 2618 ἀσθενεστέρων.

2138 2649 2365 2719 Ἐννάτη
2390 2647 2448 2700 δὲ
2472 2645 2613 2718 ὥρᾳ,
2657 2647 2744 2699 ὅτε
2772 2646 3068 2716 φροντίδων
3115 2643 3304 2712 ἠφίετο
3343 2643 3438 2696 καὶ
3471 2643 3531 2695 ἐν
3564 2643 3683 2710 ησυ-

2119 2739 2217 2810 χίᾳ
2245 2734 2312 2810 ἦν
2338 2738 2430 2791 καὶ
2455 2737 2767 2802 κατανύξει.
2811 2736 3031 2807 Ἐπειδὴ
3073 2735 3131 2788 δὲ
3159 2730 3299 2787 εἶδεν
3358 2734 3387 2786 ὁ
3417 2733 3521 2801 τῆς
3567 2732 3685 2801 ἁληο

2125 2829 2275 2892 Θείας
2320 2827 2630 2899 Ὀφθαλμδς
2671 2827 2766 2882 καὶ
2808 2829 2982 2897 μέγας
3009 2825 3216 2896 Κριτὴς
3249 2824 3329 2877 ὅτι
3366 2823 3578 2892 μεγάλα
3624 2822 3685 2874 τὰ

2124 2920 2289 2993 ἔργα,
2328 2922 2496 2992 νεκρὰ
2530 2921 2586 2975 δέ
2619 2922 2736 2974 ἐστι
2771 2920 2952 2990 πίστιν
2996 2921 3098 2972 οὑκ
3122 2918 3334 2989 ἔχοντα,
3375 2915 3683 2970 ἀποστέλλει

2126 3012 2461 3083 βραϐεύοντα
2502 3016 2616 3077 τοῖς
2661 3012 2844 3084 ἔργοις
2884 3012 3114 3081 ἄγγελον
3145 3049 3160 3073 .
3196 3010 3336 3063 ὥστε
3364 3008 3494 3072 τοὺς
3521 3007 3684 3068 καλῶς

2125 3105 2423 3168 ἀθλοῦντας
2453 3146 2468 3172 ,
2512 3105 2856 3174 στεφανῶσαι
2901 3107 2968 3175 τῇ
3025 3103 3233 3156 πίστει.
3299 3101 3431 3154 Ἀπὸ
3498 3100 3555 3152 δὲ
3593 3102 3681 3168 τῆς

451 3198 543 3253 sed
577 3194 840 3258 modicus,
869 3200 929 3247 ut
963 3207 1086 3246 eum
1117 3192 1377 3246 duntaxat
1415 3190 1468 3244 in
1500 3205 1558 3246 se
1587 3199 1930 3246 converteret
1955 3205 2017 3244 ac

2125 3199 2302 3270 ὅψεως
2355 3199 2520 3270 φόϐος
2550 3200 2787 3268 ἐγένετο,
2825 3196 3134 3266 σύμμετρος
3167 3195 3243 3260 δὲ,
3283 3195 3404 3246 ὅσον
3436 3193 3680 3263 ἐπιστρέ.

451 3295 695 3341 moveret
720 3305 733 3340 :
761 3283 959 3339 deinde
983 3283 1143 3337 verba
1177 3292 1376 3335 metum
1410 3281 1712 3337 solverunt.
1743 3279 2016 3336 Orationes

449 3387 552 3431 tua:
594 3385 642 3429 et
690 3374 1027 3443 eleemosynre
1069 3381 1171 3425 ture
1215 3373 1564 3425 ascenderunt
1607 3373 1661 3424 in
1709 3373 2017 3425 memoriam

447 3482 628 3522 raram
663 3463 790 3518 Deo.
823 3461 958 3517 Vide
992 3477 1099 3531 quo
1127 3463 1504 3532 progrediatur
1536 3461 1918 3531 eleemosyna:
1953 3461 2019 3516 ad

448 3564 612 3619 coelii
668 3577 836 3632 usque
882 3571 1047 3630 atque
1096 3558 1198 3629 ipsi
1241 3557 1376 3612 solio
1425 3555 1570 3625 regio
1611 3554 1835 3607 assistit.
1889 3553 2020 3606 Vide

429 3657 575 3726 item
617 3655 865 3725 angelum
896 3651 1048 3721 prius
1079 3658 1317 3704 mentem
1343 3647 1462 3715 ejus
1487 3644 1726 3714 erigere,
1755 3652 1809 3696 et
1836 3642 1901 3695 ad
1930 3657 2023 3696 sn-

447 3747 633 3802 bl‘unia
681 3746 963 3800 traducere
984 3783 998 3808 ,
1034 3757 1098 3796 ac
1127 3749 1238 3793 tum
1268 3737 1465 3792 deinde
1509 3736 1690 3790 dicere
1717 3749 1838 3802 quae
1867 3733 2018 3786 dicit.

448 3840 515 3894 Et
550 3854 686 3892 nunc
729 3837 875 3889 mitte
914 3835 1049 3887 viros
1082 3831 1137 3883 in
1167 3829 1388 3898 Joppen,
1419 3835 1467 3878 et
1510 3839 1716 3876 accerse
1755 3821 2021 3876 Simonem

446 3936 785 4002 cognomento
803 3924 1049 3978 Petrum.
1076 3921 1173 3974 Hic
1195 3920 1347 3973 habet
1374 3918 1654 3986 hospitium
1684 3915 1823 3985 apud
1845 3929 2021 3986 quem-

448 4027 575 4076 dant
596 4019 858 4074 Simonem
883 4013 1190 4068 coriarium.
1213 4009 1294 4064 Ne
1327 4007 1393 4063 ad
1421 4007 1586 4062 alium
1612 4005 1882 4064 venirent.
1907 4020 2018 4059 non

449 4113 623 4168 solum
653 4125 685 4165 a
718 4107 1061 4178 cognomine,
1093 4118 1282 4158 verum
1315 4101 1475 4155 etiam
1505 4115 1536 4154 a
1566 4101 1686 4155 loco
1715 4099 1890 4153 virum
1923 4099 2020 4152 de-

449 4202 639 4258 clarat.
669 4199 768 4256 Cui
797 4207 871 4254 est
902 4195 1227 4250 domicilium
1253 4195 1413 4264 juxta
1447 4209 1611 4246 mare.
1643 4191 1869 4244 Remota
1901 4189 2018 4243 loca

327 4310 340 4314 ‘
447 4295 666 4352 urbium
689 4291 1038 4348 sectabantur
1064 4286 1317 4354 apostoli,
1342 4286 1485 4356 quod
1509 4282 1815 4338 solitudinis
1836 4288 2020 4336 essent

448 4397 612 4458 atque
653 4385 747 4440 otii
795 4383 974 4438 amici.
1026 4381 1164 4447 Quid
1207 4379 1351 4434 enim
1397 4376 1442 4432 si
1496 4375 1809 4447 contigisset
1854 4377 2018 4427 etiam

447 4479 612 4534 :dium
646 4475 811 4532 esse?
854 4474 992 4528 Ecce
1037 4473 1249 4543 signum
1296 4478 1640 4537 est,,nempe
1685 4466 1826 4535 quod
1865 4465 2018 4534 juxta

2039 3243 2088 3301 (ἶ

2122 3291 2218 3360 daal.
2257 3291 2417 3359 μόνον
2443 3307 2458 3322 ·
2493 3285 2611 3343 εἶτα
2647 3289 2718 3341 τὰ
2753 3290 2970 3359 ῥήματα
3035 3288 3126 3339 τὸν
3165 3286 3329 3354 φόϐον
3384 3285 3596 3338 ἔλυσεν.
3627 3286 3683 3336 Al

2121 3383 2455 3452 προσευχαί
2483 3395 2602 3435 σου
2639 3380 2734 3432 καί
2778 3382 2838 3432 al
2869 3378 3274 3446 ἐλεημοσύναι
3306 3393 3422 3429 σου
3483 3373 3682 3440 lis-£612-

2121 3491 2242 3528 σαν
2267 3477 2353 3540 εἰς
2368 3476 2765 3543 μνημόσυνον
2783 3471 3038 3525 ἐνώπιον
3066 3471 3172 3526 τοῦ
3211 3470 3376 3525 Θεοῦ.
3413 3470 3558 3540 ’Ὀρα
3591 3467 3680 3522 ποῦ

2123 3566 2408 3636 προϐαίνει
2455 3566 2488 3635 ὴ
2543 3563 2904 3635 ἐλεημοσύνη,
2928 3562 3018 3616 τὸν
3067 3562 3294 3633 οὐρανὸν
3322 3559 3415 3614 τοῦ
3440 3556 3679 3630 ούρανοῦ,

2123 3659 2218 3710 καὶ
2249 3655 2399 3726 αὐτῷ
2444 3655 2777 3725 παρίσταται
2804 3655 2880 3724 τῷ
2915 3654 3088 3724 θρόνῳ
3119 3653 3196 3722 τῷ
3232 3651 3521 3722 βασιλικῷ.
3554 3653 3680 3718 Ὅρα

2121 3748 2178 3800 δὲ
2202 3749 2293 3801 τὸν
2327 3746 2558 3815 ἄγγελον
2589 3747 2853 3815 πρότερον
2873 3747 3097 3814 αἴροντα
3132 3743 3296 3797 αὑτοῦ
3324 3746 3426 3814 τὴν
3457 3743 3680 3796 διάνοιαν

2122 3839 2216 3892 καὶ
2260 3838 2682 3908 μετεωρίζοντα,
2731 3838 2826 3889 καὶ
2856 3839 2992 3889 τότε
3043 3836 3267 3904 λέγοντα
3315 3834 3351 3888 ἃ
3383 3834 3552 3902 λέγει.
3584 3831 3682 3886 Καὶ

2121 3930 2238 3984 νῦν
2269 3929 2511 3998 πέμψον
2530 3929 2616 3992 εἰς
2646 3927 2890 3993 Ἰόππην
2920 3927 3164 3996 ἄνδρας,
3197 3926 3293 3979 καί
3312 3926 3681 3995 μετάπεμψαι

2124 4021 2360 4089 Σίμωνα
2387 4021 2494 4072 τὸν
2521 4021 3000 4088 ἐπικαλούμενον
3038 4020 3281 4086 Πέτρον⁹
3321 4014 3499 4084 οὗτος
3535 4017 3679 4080 ξενί-

2123 4111 2274 4172 ζεται
2293 4110 2452 4178 παρά
2480 4127 2594 4164 τινι
2619 4112 2830 4179 Σίμωνι
2851 4111 3089 4179 βιῳσεῖ.
3113 4112 3233 4162 ἰνα
3264 4109 3340 4178 μὴ
3364 4109 3451 4161 ἐπ’
3468 4109 3616 4160 ἄλλον
3637 4105 3676 4136 ⁸⁷

2122 4203 2374 4266 ἔλθωσιν,
2403 4201 2636 4266 οὐκδὰπδ
2656 4201 2748 4253 τοῦ
2781 4204 3070 4269 ἐπωνύμου
3093 4201 3272 4269 μόνον,
3301 4200 3438 4253 ἀλλὰ
3467 4198 3559 4252 καὶ
3585 4197 3679 4249 ἀπο

2121 4293 2215 4346 τοῦ
2249 4294 2414 4345 τόπου
2467 4291 2617 4356 δηλοῖ
2657 4290 2750 4343 τὸν
2795 4291 2984 4360 ἄνδρα.
3013 4284 3078 4360 ’ᾮ
3128 4291 3298 4342 ἐστιν
3331 4290 3489 4342 οίκιά
3535 4287 3678 4354 παρὰ

2121 4384 2465 4438 θάλασσαν.
2495 4382 2576 4435 Τὰ
2604 4382 2924 4451 ἀνακεχωρη
2935 4381 3069 4449 μένα
3100 4380 3209 4432 τῶν
3237 4379 3444 4431 πόλεων
3472 4378 3677 4431 ἐδίωκον

2120 4476 2168 4527 οί
2208 4473 2517 4536 ἀπόστολοι,
2568 4472 2806 4540 ἐρημίας
2855 4471 3006 4534 ὄντες
3044 4469 3184 4538 φίλοι
3213 4472 3308 4522 καὶ
3347 4471 3591 4542 ἡσυχίας.
3619 4468 3676 4520 τί

446 4585 596 4624 mare
627 4568 920 4623 habitaret.
953 4563 1071 4616 Non
1099 4571 1279 4616 autem
1325 4559 1458 4614 dicit
1484 4573 1652 4628 quare
1674 4595 1688 4618 ,
1728 4570 1798 4609 ne
1824 4555 2017 4626 gaudio

2120 4565 2232 4634 γὰρ
2273 4564 2320 4616 εί
2349 4562 2553 4632 συνέϐη
2585 4563 2678 4615 καὶ
2711 4563 2868 4616 ἄλλον
2897 4557 3072 4628 είναις
3121 4560 3251 4614 Ἰδού
3290 4564 3408 4614 ἐστι
3443 4564 3675 4632 σημεῖον,

443 4674 572 4714 eum
596 4655 968 4728 perfunderet.
996 4653 1129 4707 Cum
1167 4659 1395 4703 vocasset
1425 4649 1554 4701 duos
1584 4661 1757 4699 servos
1791 4659 1931 4708 suos,
1969 4654 2018 4698 et

447 4748 666 4802 militem
715 4745 1038 4813 religiosum.
1076 4739 1258 4804 Vides,
1304 4753 1414 4792 non
1456 4736 1657 4790 frustra
1700 4735 1818 4790 haec
1861 4735 2014 4800 dicit,

415 4855 558 4900 ,cos,
589 4835 682 4906 qui
713 4833 784 4886 illi
821 4841 1026 4904 prresto
1067 4839 1224 4884 erant
1267 4827 1516 4894 assidue,
1554 4827 1688 4882 tales
1721 4825 1908 4882 fuisse.
1951 4826 2017 4879 Et

447 4928 762 4998 exposuisset
793 4926 864 4978 eis
888 4923 1086 4986 omnia,
1110 4921 1248 4974 misit
1264 4936 1348 4973 eos
1368 4918 1585 4988 Joppen.
1611 4918 1744 4973 Vide
1773 4920 2016 4972 animum

445 5020 778 5082 demissum,
819 5031 882 5069 ac
926 5015 1095 5067 fastus
1137 5019 1440 5080 expertem.
1488 5009 1606 5063 Non
1648 5011 1792 5063 enim
1834 5011 2008 5077 dixit;

449 5111 648 5166 Vocate
695 5107 830 5162 mihi
871 5106 1090 5159 Petrum
1133 5120 1146 5155 :
1198 5100 1293 5154 sed
1336 5111 1394 5154 ut
1439 5100 1861 5170 persuaderetur
1906 5101 2006 5166 illi,

443 5203 626 5256 omnia
667 5198 958 5254 enarravit.
987 5194 1104 5248 Non
1124 5191 1284 5282 .enim
1310 5191 1525 5246 volebat
1553 5207 1654 5262 pro
1685 5194 2014 5246 auctoritate

441 5296 732 5366 dignitatis
761 5289 1062 5346 suae-illum
1105 5299 1410 5340 accersere.
1457 5283 1662 5339 idcirco
1688 5292 1876 5338 narrat
1903 5298 2019 5338 rem

440 5401 680 5440 omnem.

517 5476 677 5531 Vens.
726 5475 780 5529 9.
833 5472 1044 5526 Postero
1081 5477 1256 5523 autem
1283 5468 1368 5521 die
1398 5467 1504 5521 illis
1533 5467 1633 5521 iter
1671 5466 2006 5538 facientibus,

2122 4656 2182 4708 τὸ
2210 4655 2362 4722 παρὰ
2396 4651 2674 4706 θάλασσαν
2724 4652 2916 4704 οἰκεῖν.
2955 4652 3070 4703 Οὐκ
3105 4646 3226 4703 εἷπε
3259 4651 3314 4703 δὲ
3349 4651 3440 4705 διὰ
3476 4651 3526 4703 τί
3550 4689 3565 4714 ,
3600 4651 3676 4700 (va

2125 4744 2199 4816 μὴ
2225 4743 2431 4815 ὲκχύσῃ
2452 4743 2612 4814 αύτόν
2636 4743 2703 4797 ⁸⁸.
2737 4739 3027 4809 Φωνήσας
3049 4742 3157 4796 δύο
3179 4742 3295 4796 τῶν
3315 4743 3559 4796 οίκετῶν
3580 4743 3674 4792 αὑ-

2120 4836 2246 4901 τοῦ,
2293 4834 2392 4888 καί
2420 4834 2794 4903 στρατιώτην
2837 4833 3079 4902 εὐσεϐῆ.
3128 4833 3316 4903 Ὁρᾷς,
3351 4835 3447 4902 οὐχ
3502 4830 3673 4891 dulcia;

2118 4925 2294 4979 ταῦτά
2318 4942 2504 4995 φησιν,
2535 4925 2617 4978 ὅτι
2638 4927 2688 4978 οί
2719 4924 3252 4995 προσκαρτεροῦντες
3283 4924 3434 4992 αὐτῷ
3455 4921 3672 4976 τοιοῦτοι

2118 5013 2276 5089 ἦσαν.
2295 5019 2399 5070 Καὶ
2416 5016 2876 5086 ἐξηγησάμενος
2888 5017 3088 5082 αὐτοῖς
3099 5014 3674 5084 πάντα,ζὰπέστει.ιεν

2117 5107 2346 5174 ἀὐτοὺς
2394 5111 2480 5174 εὶς
2517 5108 2631 5175 τὴν
2646 5110 2908 5175 Ἰόππην.
2949 5110 3090 5180 Ὅρα
3120 5109 3180 5160 τὸ
3213 5107 3436 5175 ἄτυφον.
3472 5107 3541 5159 Οὐ
3574 5105 3672 5174 γὰρ

2127 5195 2268 5252 εἷπε·
2301 5199 2580 5251 Καλέσατέ
2626 5217 2713 5269 μοι
2764 5201 3004 5269 Πέτρον·
3047 5199 3162 5253 ἀλλ’
3186 5199 3330 5253 ὥστε
3367 5201 3460 5254 καὶ
3501 5201 3671 5251 πεῖσαι

2128 5289 2433 5359 ἐξηγήσατο
2468 5289 2706 5342 ἅπαντα.
2745 5290 2820 5342 Οὐ
2852 5289 2969 5359 γὰρ
3012 5289 3165 5358 ἠξίου
3197 5290 3306 5342 ἀπὸ
3326 5289 3417 5342 τοῦ
3445 5287 3673 5355 ἀξιώμαο

2122 5396 2214 5441 τος
2239 5377 2913 5447 αὑτὸνεμεταπέμψασθαι.
2946 5378 3047 5430 Διὰ
3071 5377 3251 5441 τοῦτο,
3289 5375 3603 5444 ἐξηγήσατο.

2197 5470 2272 5538 Τῇ
2302 5470 2368 5520 δὲ
2396 5469 2680 5535 ἐπαύριον
2726 5467 3230 5536 ὀδοιποιρούντων
3283 5467 3538 5526 ἐκείνων,
3574 5455 3663 5510 καί

1631 5604 1828 5666 Varius
1859 5603 2172 5668 lectiones
2213 5611 2273 5666 et
2295 5615 2458 5668 nota:

508 5739 554 5768 “
586 5734 651 5789 In
681 5734 893 5805 uulgato
949 5741 1046 5799 est,
1106 5732 1200 5785 καὶ
1241 5732 1666 5802 ἐξηγησάμενος.

517 5851 532 5890 ¹
593 5848 810 5906 Videtur
852 5848 1000 5903 locus
1054 5847 1294 5900 mutilus.

1745 5733 1789 5765 ’⁸⁷
1824 5733 1920 5786 ἀπ’
1972 5733 2129 5786 ἄλλον
2161 5735 2350 5787 eratin
2391 5734 2706 5802 apogmplto.
2785 5731 2831 5763 "
2867 5728 3035 5799 αὓτὴν
3085 5737 3220 5781 erat,
