3856 6606
400 436 512 502 659

1356 440 1661 501 ΤΗΕὈΡῙΙ
1671 441 1945 502 YLACTI
1977 441 2390 503 BULGARI/E
2433 441 2780 504 ARCHIEP.

3528 445 3626 508 660

403 557 464 604 ut
489 550 682 608 habeat
702 551 1072 610 defensionem
1101 563 1342 626 paratam
1372 557 1630 612 adversus
1654 567 1783 612 suos
1808 571 1975 613 accu-

2096 560 2220 615 τίαν.
2255 560 2359 615 Καὶ
2380 558 2521 612 θεῖον
2561 555 2629 630 ἦν
2653 561 2714 613 τὸ
2745 558 3049 628 γινόμενον,
3088 559 3233 613 τότε
3265 557 3475 613 ἄνωθεν
3501 559 3633 621 ἰδεῖν,

404 653 615 700 satores
638 663 650 698 :
672 661 899 716 nempe,
931 647 1044 718 89
1069 649 1210 717 quod
1241 649 1401 704 etiam
1434 648 1855 716 contradixerit;
1892 651 1986 706 ad-

410 738 628 792 modum
653 737 796 792 enim
835 739 1119 808 oportebat
1143 754 1235 793 eos
1262 739 1432 811 legem
1459 754 1698 795 servare.
1723 739 1801 794 Ne
1826 741 1986 810 igitur

407 824 555 879 illum
591 825 1025 895 criminarentur,
1078 829 1180 884 hoc
1224 829 1345 898 (ita)
1384 830 1817 887 administratur.
1856 830 1985 886 For-

409 918 546 971 sitan
571 926 749 970 autem
769 917 996 986 genibus
1018 919 1234 973 innixus
1252 921 1514 976 visionem
1533 922 1682 976 vidit.
1707 929 1784 977 Ac
1804 922 1982 977 divina

410 1024 495 1063 res
515 1019 650 1073 erat,
669 1025 788 1078 qua:
803 1011 1088 1080 agebatur:
1108 1011 1249 1082 quod
1269 1021 1325 1067 et
1342 1014 1574 1083 desuper
1592 1012 1818 1084 vidit,et
1833 1023 1986 1070 extra

409 1112 468 1152 se
487 1108 672 1168 raptus
688 1111 790 1166 est,
806 1110 862 1156 et
880 1117 1066 1157 vocem
1087 1104 1232 1160 illinc
1255 1106 1463 1174 accepit
1486 1123 1501 1161 :
1527 1115 1582 1162 et
1601 1115 1681 1162 ter
1708 1106 1984 1177 professus

409 1199 510 1254 est,
532 1191 641 1249 illic
670 1206 791 1248 esse
813 1192 1066 1248 animalia
1091 1196 1297 1265 impura
1323 1209 1337 1248 :
1366 1197 1509 1267 quod
1529 1196 1703 1268 (item)
1727 1197 1873 1253 illinc
1893 1212 1984 1253 ve-

409 1282 615 1348 niebat,
633 1293 688 1338 et
710 1284 834 1338 illuc
867 1286 1245 1340 retrahebatur
1275 1285 1392 1358 [vas
1418 1287 1599 1361 illud],
1622 1303 1876 1359 magnum
1905 1289 1980 1344 si-

409 1386 572 1440 gnum
589 1373 838 1442 puritatis
854 1381 990 1428 erat.
1009 1374 1270 1439 Quocirca
1289 1385 1511 1445 propter
1526 1392 1642 1441 eos,
1655 1377 1850 1446 quibus
1866 1393 1988 1448 pos-

413 1461 538 1516 thac
556 1461 820 1517 visionem
841 1464 1186 1532 expositurus
1206 1475 1309 1531 est,
1331 1468 1430 1519 hoc
1445 1465 1521 1533 lit,
1541 1468 1982 1538 quandoquidem

412 1553 528 1621 ipse
553 1553 836 1608 audiverat
859 1554 987 1609 illud
1009 1554 1210 1609 dictum
1238 1555 1478 1612 Domini:
1505 1557 1570 1612 In
1591 1559 1730 1612 viam
1753 1559 1983 1630 gentium

413 1660 476 1697 ne
509 1644 748 1700 abicritis
779 1645 846 1700 “.
879 1645 1011 1700 Nam
1043 1646 1088 1701 si
1125 1644 1320 1702 Paulus
1355 1649 1774 1706 circumcisione
1805 1660 1861 1707 et
1893 1667 1984 1706 sa-

413 1733 619 1789 criﬁcio
641 1750 776 1804 opus
807 1736 1019 1799 habuit,
1053 1737 1223 1792 multo
1258 1741 1427 1810 magis
1458 1749 1589 1795 tunc
1629 1741 1681 1795 in
1713 1742 1982 1813 principio

415 1822 835 1891 praedicationis,
871 1840 994 1879 cum
1022 1825 1123 1896 ipsi
1163 1827 1414 1884 homines
1442 1840 1626 1886 essent
1654 1831 1983 1887 imbecillio-

2091 651 2184 705 καὶ
2213 653 2269 704 ἐν
2299 653 2554 706 ἐκστάσει
2589 650 2864 720 γενέσθαι,
2894 650 2988 702 καὶ
3022 649 3084 703 τὸ
3121 650 3305 718 φωνὴν
3334 647 3542 701 ἐκεῖθεν
3570 651 3640 702 ὲν-

2089 743 2376 813 ηχηθῆναι,
2419 743 2606 797 καὶτὸ
2643 742 2762 812 τρὶς
2793 739 3122 810 ὁμολογῆσαι
3161 740 3242 793 ὅτι
3275 738 3559 808 ἀκάθαρτα
3583 734 3640 807 ἦν

2087 835 2222 898 ἐκεῖ,
2252 834 2346 888 καὶ
2374 833 2433 886 τὸ
2466 831 2673 887 ἐκεῖθεν
2704 833 2882 899 ἥκειν,
2915 830 3008 883 καὶ
3053 827 3114 882 τὸ
3158 829 3276 881 ἐκεῖ
3305 826 3640 894 ἁνιισπασθῆο

2086 943 2194 990 ναι,
2226 925 2368 994 μέγα
2389 923 2586 994 δεῖγμα
2619 920 3011 990 καθαρότητος.
3039 919 3138 972 Διά
3160 920 3286 982 τούς
3321 917 3461 988 μετὰ
3486 916 3641 970 ταῦτα

2083 1012 2176 1070 οὐν
2210 1015 2368 1068 τοῦτο
2387 1015 2593 1082 γίνεται
2626 1008 2708 1075 οἷς
2743 1011 2925 1082 μέλλει
2950 1009 3260 1079 ἐξηγεῖσθαι
3281 1025 3297 1042 ο
3339 1009 3463 1060 ἐπεὶ
3497 1007 3642 1070 αὐτὸς

2086 1108 2318 1179 ἤκουσεν
2348 1109 2428 1160 ὅτι
2461 1109 2563 1170 Εῑς
2593 1103 2742 1159 ὁδὸν
2769 1103 2962 1159 ἐθνῶν
2987 1101 3073 1172 μὴ
3108 1101 3426 1169 ἀπέλθητε.
3462 1099 3520 1152 El
3545 1099 3642 1167 γὰρ

2084 1202 2179 1255 καὶ
2219 1200 2523 1270 περιτομῆς
2570 1197 2763 1268 ἐδεήθη
2814 1197 2907 1250 καὶ
2955 1195 3144 1258 θυσίας
3187 1191 3422 1255 Παῦλος,
3471 1191 3638 1259 πολλῷ

2087 1291 2287 1363 μᾶλλον
2312 1291 2434 1345 τότε
2469 1291 2528 1344 ὲν
2557 1292 2700 1360 ἀρχῇ
2733 1289 2829 1342 τοῦ
2858 1287 3213 1358 κηρύγματος
3249 1282 3646 1352 ἀσθενεστέρων

2083 1385 2262 1440 αὐτῶν
2282 1385 2328 1418 ⁸⁸
2365 1383 2553 1438 όντων.
2587 1383 2663 1437 Οὐ
2704 1382 2845 1436 κατὰ
2889 1380 3110 1434 πάντων
3137 1377 3195 1432 δὲ
3242 1375 3551 1444 ἀπεφήνατο
3584 1374 3647 1426 τὸ

2085 1475 2262 1529 κοινὸν
2291 1475 2385 1529 καὶ
2417 1474 2762 1546 ἀκάθαρτον·
2788 1472 2924 1526 ἀλλὰ
2951 1470 3083 1541 περὶ
3110 1467 3186 1523 ῶν
3223 1467 3416 1534 ἔλεγεν
3439 1468 3464 1519 6
3491 1466 3644 1534 νόμος

2083 1566 2278 1621 κοινῶν
2312 1566 2404 1621 καὶ
2434 1565 2780 1637 ἀκαθάρτων.
2824 1565 2883 1618 '0
2911 1563 2968 1617 δὲ
3007 1561 3142 1624 Θεὸς
3183 1560 3284 1628 τῆς
3332 1555 3489 1626 ἁγίας
3526 1558 3643 1610 Ἐκο

2083 1657 2314 1727 κλησίας
2358 1657 2452 1710 τὸν
2504 1656 2827 1727 χαρακτῆρα
2873 1650 3224 1722 παραδιδούς,
3275 1647 3462 1715 ἔλεγεν
3506 1647 3647 1716 αὐτῷ

2087 1747 2252 1819 μηδὲν
2302 1747 2480 1802 κοινὸν
2537 1745 2808 1818 ἡγεῖσθαι.
2864 1744 3050 1798 Πάντα
3107 1740 3217 1811 γὰρ
3267 1738 3481 1807 αὐτῷ⁹¹
3533 1740 3644 1791 ἐστι

2090 1837 2330 1908 καθαρὰ,
2387 1833 2504 1906 μετ’
2538 1833 2891 1906 εὐχαριστίας
2935 1832 3028 1886 καὶ
3071 1829 3324 1897 εὐλογίας
3355 1828 3488 1881 Θεοῦ
3515 1829 3646 1894 λαμο

414 1926 521 1967 res.
555 1912 722 1968 Porro
756 1929 862 1970 non
893 1917 961 1971 de
990 1917 1241 1974 omnibus
1267 1909 1674 1988 pronuntiavit,
1714 1923 1860 1978 illam
1895 1924 1981 1979 di-

2096 1904 2398 1997 5ανόμεναξ
2427 1926 2565 1980 ’Δλλ’
2677 1904 2771 1978 καὶ
2800 1923 2933 1994 περὶ
2965 1925 3066 1994 τῆς
3090 1921 3339 1992 κλήσεως
3359 1920 3467 1972 τῶν
3488 1919 3650 1972 ἐθνῶν

413 2003 668 2067 ctionem,
697 2020 984 2063 commune
1009 2018 1064 2064 et
1085 2009 1357 2080 impurum
1384 2029 1397 2066 :
1427 2013 1522 2068 sed
1547 2014 1613 2068 de
1641 2013 1730 2080 iis,
1755 2030 1876 2085 quas
1897 2015 1985 2071 lex

413 2094 646 2163 dicebat,
677 2096 926 2153 animalia
967 2115 1087 2155 esse
1113 2103 1424 2157 communia
1450 2111 1612 2174 atque
1642 2104 1875 2175 impura.
1904 2107 1978 2162 At

416 2189 559 2245 Deus
581 2205 703 2244 cum
726 2201 928 2248 sarrch
952 2194 1205 2250 Ecclesiae
1227 2196 1541 2252 charactera
1567 2197 1804 2253 traderet
1825 2207 1985 2268 atque

416 2280 663 2350 ﬁguram,
690 2282 906 2339 dicebat
939 2284 1012 2351 ei,
1042 2293 1103 2340 ut
1128 2285 1263 2341 nihil
1289 2302 1414 2344 esse
1431 2304 1721 2344 commune
1749 2297 1985 2360 putaret.

417 2373 552 2428 Nam
592 2375 774 2429 omnia
804 2391 925 2445 quas
954 2392 1077 2432 cum
1109 2378 1403 2448 gratiarum
1433 2381 1646 2436 actione
1676 2392 1988 2448 sumuntur,

418 2475 494 2516 ac‘
516 2463 892 2520 benedictione
929 2463 1058 2532 Dei,
1095 2466 1299 2523 homini
1337 2483 1470 2538 pura
1499 2483 1562 2525 ac
1593 2471 1796 2526 munda
1837 2480 1988 2526 sunt.

419 2549 711 2619 Caeterum,
748 2553 849 2610 etsi
873 2554 1101 2626 aenigma
1124 2557 1257 2611 illud
1287 2566 1343 2612 et
1375 2558 1714 2616 involucrum
1749 2561 1992 2628 pertine-

420 2639 512 2694 bat
552 2641 619 2696 ad
657 2643 996 2700 vocationem
1049 2647 1326 2717 gentium,
1380 2663 1452 2704 ne
1495 2658 1714 2721 putaret
1744 2665 1862 2716 eos,
1898 2651 1994 2721 qui

419 2741 606 2786 essent
632 2732 686 2787 in
718 2735 1119 2805 prmputiouati
1144 2752 1462 2795 communes
1489 2755 1612 2798 esse
1637 2749 1692 2797 et
1718 2740 1992 2811 impuros:

420 2833 658 2881 attamen
691 2825 864 2882 oratio
898 2826 1041 2882 Petri
1073 2843 1184 2884 non
1220 2829 1287 2884 de
1331 2830 1642 2886 hominibus
1679 2831 1996 2886 continebat

421 2913 894 2986 signiﬁcationem,
929 2920 1025 2976 sed
1061 2921 1129 2976 de
1159 2920 1287 2983 illis,
1321 2936 1443 2992 quae
1473 2922 1591 2994 lege
1623 2921 1791 2980 vetita
1817 2929 1992 2978 erant.

423 3005 648 3063 Formas
678 3009 990 3065 animalium
1038 3013 1104 3068 ad
1144 3013 1428 3069 hominum
1471 3030 1652 3070 mores
1693 3015 1997 3083 transferri,

421 3095 710 3156 didicimus
756 3114 824 3155 ex
864 3101 1074 3157 visione
1106 3101 1270 3167 Petri,
1317 3105 1443 3174 quia
1489 3105 1544 3160 in
1578 3121 1724 3171 vase,
1755 3106 1901 3176 quod
1929 3106 1999 3164 de

2087 2018 2149 2072 τὸ
2198 2017 2446 2087 αἴνιγμα,
2485 2017 2574 2070 ἵνα
2616 2015 2690 2086 μὴ
2729 2015 3004 2087 ἡγήσηται
3049 2012 3178 2076 τοὺς
3227 2012 3286 2064 ὲν
3321 2010 3645 2080 ἀκροϐυστία
3677 2044 3683 2094 ἐ

2089 2111 2304 2173 κοινοὺς
2343 2109 2377 2180 ἢ
2429 2107 2793 2178 ἀκαθάρτους,
2828 2105 2978 2175 ὅμως
3017 2105 3046 2155 6
3092 2103 3250 2171 λόγος
3293 2102 3388 2154 τοῦ
3425 2100 3642 2170 Πέτρου,
3678 2102 3683 2117 ¹

2088 2201 2148 2256 οὐ
2181 2201 2310 2272 περ)⁸
2336 2199 2636 2270 ἀνθρώπων
2655 2194 2768 2268 εἶχε
2794 2196 2894 2268 τὴν
2922 2196 3161 2266 ἔμφασιν
3185 2234 3198 2258 ,
3231 2193 3370 2248 ἀλλὰ
3399 2193 3524 2263 περὶ
3548 2192 3644 2244 τῶν

2085 2295 2149 2347 ἐν
2190 2292 2343 2364 νόμῳ
2385 2290 2873 2362 ἀπηγορευμένων.
2903 2288 3027 2340 ’Ότι
3065 2286 3133 2341 τὰ
3184 2285 3300 2355 εἴδη
3345 2286 3454 2340 τῶν
3503 2284 3646 2349 ζώων

2093 2381 2228 2453 πρὸς
2259 2380 2329 2434 τὰ
2355 2377 2465 2433 τῶν
2513 2378 2821 2449 ἀνθρώπων
2855 2376 2960 2449 ἢθη
3016 2375 3513 2447 μεταλαμϐάνεται,
3547 2374 3644 2427 ilii-

2089 2472 2262 2543 δὰχθη
2314 2472 2415 2542 μὲν
2463 2470 2572 2524 ἀπὸ
2624 2469 2726 2538 τῆς
2781 2467 3046 2529 ὀπτασίας
3081 2467 3316 2536 Πέτρου,
3345 2468 3427 2521 ὅτι
3480 2469 3536 2519 ἐν
3579 2464 3646 2532 τῷ

2093 2560 2280 2616 σκεύει
2327 2559 2405 2631 τῷ
2461 2559 2774 2629 καθιεμένῳ
2812 2559 2878 2611 ὲκ
2911 2555 3020 2610 τῶν
3065 2555 3333 2626 οὐρανῶν,
3370 2556 3478 2606 πᾶν
3521 2548 3642 2614 εἶδος

2093 2653 2248 2720 ζώων
2272 2653 2318 2686 ’³
2345 2648 2438 2725 ἦν,
2465 2650 2707 2724 ἑρπετῶν
2734 2650 2830 2705 καὶ
2854 2649 3121 2704 πετεινῶν
3158 2647 3256 2702 καὶ
3295 2645 3643 2716 τετραπόδων.

2107 2743 2386 2815 ᾘνίσσετο
2429 2740 2537 2814 γὰρ
2565 2742 2594 2794 6
2624 2740 2779 2809 λόγος
2809 2739 2936 2803 τοὺς
2975 2737 3082 2793 ἀπὸ
3127 2735 3388 2791 ποικίλων
3413 2737 3648 2806 ἁμαρτη-

2097 2836 2285 2905 μάτων
2310 2836 2378 2904 τῇ
2428 2833 2612 2885 πίστει
2645 2824 3017 2903 προσάγεσθαι
3070 2827 3385 2900 μέλλοντας,
3442 2825 3648 2886 τούτους

2093 2919 2236 2980 εἶναι
2262 2924 2389 2988 τοὺς
2415 2922 2802 2992 ὡμοιωμένους
2825 2921 2858 2990 ἢ
2885 2918 3236 2991 τετραπόδοις
3255 2917 3344 2970 διὰ
3372 2916 3432 2969 τὸ
3453 2915 3646 2985 κτηνῶ-

2095 3017 2205 3082 δες,
2241 3015 2276 3085 ἦ
2319 3015 2566 3086 ἑρπετοῖς
2602 3011 2692 3066 διὰ
2724 3012 2785 3065 τὺ
2819 3011 3043 3076 ἰοϐόλον,
3085 3009 3118 3079 ἢ
3158 3009 3422 3070 πετεινοῖς
3469 3006 3553 3060 διὰ
3594 3006 3648 3056 τὸ

2099 3107 2302 3176 κοῦφον
2328 3105 2424 3159 καὶ
2448 3105 2702 3159 ἄστατον.
2739 3101 2850 3155 Καὶ
2883 3102 2932 3155 oi
2961 3099 3114 3170 ὄφεις
3135 3097 3230 3152 οὖν
3262 3098 3354 3150 ἐπὶ
3382 3096 3508 3159 τούς
3533 3093 3646 3148 Σαδο

423 3187 576 3244 caelis
602 3189 1006 3258 demittehatur,
1035 3194 1215 3250 omnis
1247 3193 1729 3262 formaranimalia
1761 3198 1991 3266 inerant,

2100 3197 2382 3260 δουκαίους
2409 3196 2504 3250 καὶ
2531 3193 2859 3266 Φαρισαίους
2896 3190 3374 3265 τροπολογοῦνται,
3409 3187 3506 3294 καὶ
3529 3187 3648 3294 ἀλώῖ

423 3277 758 3350 Serpentium
780 3291 837 3338 et
860 3284 1157 3341 volucrium
1199 3295 1254 3342 et
1289 3289 1724 3360 quadrupedum.
1753 3291 1857 3346 Per
1880 3307 1996 3346 am-

422 3370 588 3440 bages
620 3372 764 3427 enim
799 3382 855 3429 et
878 3375 1155 3432 involucra
1200 3379 1375 3435 oratio
1437 3381 1716 3447 innuebat,
1747 3397 1863 3448 eos,
1899 3382 1991 3454 qui

422 3477 450 3544 ιι
482 3460 645 3516 variis
666 3465 902 3533 peccatis
923 3466 989 3522 ad
1013 3467 1172 3524 ﬁdem
1199 3470 1500 3528 adducendi
1522 3482 1701 3542 erant,
1726 3475 1828 3532 hos
1845 3490 1990 3541 esse,

423 3555 512 3623 qui
576 3556 856 3615 assimilati
901 3571 1085 3618 essent
1137 3571 1232 3618 aut
1274 3565 1717 3636 quadrupedibus
1770 3576 1992 3638 propter

424 3644 722 3709 belluiname
768 3659 1040 3718 naturam,
1093 3661 1187 3708 aut
1215 3655 1562 3724 serpentibus
1589 3664 1813 3726 propter
1843 3657 1994 3728 inge-

424 3735 571 3790 nium
607 3739 927 3807 veneﬁcum,
974 3749 1066 3797 aut
1093 3744 1432 3813 volucribus,
1465 3756 1692 3816 propter
1722 3746 1996 3803 levitatem

423 3826 479 3882 et
506 3830 887 3888 mobilitatem.
917 3834 994 3889 Ac
1016 3843 1298 3906 serpentes
1322 3838 1540 3906 quidem
1568 3838 1634 3892 ad
1670 3837 1998 3895 Sadducaaos

424 3934 488 3973 ac
517 3919 819 3978 Pharisaeos
861 3923 1070 3993 tropice
1119 3934 1175 3979 et
1215 3925 1504 3996 allegorice
1551 3926 1884 3994 referuntur,
1941 3936 1998 3984 et

426 4009 614 4079 vulpes
643 4011 708 4065 ad
739 4009 988 4067 Heroden
1015 4052 1030 4074 ,
1073 4021 1128 4068 et
1161 4016 1285 4085 equi
1318 4016 1509 4072 insano
1537 4032 1796 4087 equarum
1828 4033 1996 4089 appe-

427 4101 530 4156 titu
582 4102 790 4158 incensi
852 4103 920 4159 ad
969 4104 1286 4166 libidinosas
1335 4123 1401 4163 ac
1447 4108 1663 4166 deditos
1709 4109 1994 4180 voluptati,

426 4207 556 4247 oves
585 4193 650 4248 ad
682 4208 776 4249 eos
803 4192 1052 4250 homines
1088 4197 1181 4263 qui
1226 4199 1437 4255 caeteris
1460 4200 1818 4270 simpliciores
1840 4214 2000 4270 sunt,

2100 3287 2230 3359 πηξ,
2281 3288 2372 3340 ἐπὶ
2417 3285 2510 3341 τδν
2549 3284 2821 3357 Ἡρώδην,
2854 3284 2949 3337 καλ⁸
2994 3284 3150 3338 ἵπποι
3179 3279 3532 3352 θηλυμανεῖς,
3569 3275 3647 3329 ἐπὶ

2097 3379 2224 3442 τοὺς
2263 3377 2609 3450 φιληδόνουςο
2639 3377 2710 3430 τὰ
2756 3376 3028 3447 πρόϐατα,
3077 3375 3171 3428 ἐπὶ
3221 3372 3349 3436 τούς
3383 3367 3646 3424 ἀκακωτὲ-

2099 3488 2227 3542 ρους
2258 3470 2368 3526 τῶν
2401 3469 2736 3541 ἀνθρώπων·
2772 3467 2840 3522 τὰ
2891 3467 3099 3537 ἐρίφια,
3150 3467 3243 3519 ἐπὶ
3275 3466 3400 3529 τοὺς
3426 3464 3647 3516 ἀκοινω-

2097 3563 2291 3632 νὴτους
2330 3562 2423 3614 καὶ
2453 3559 2818 3631 ἅμεταδότους
2843 3575 2857 3590 ο
2890 3559 2941 3610 οί
2985 3561 3172 3628 ὲχῖνοι,
3220 3555 3312 3610 ἐπὶ
3348 3555 3476 3617 τοὺς
3507 3552 3647 3606 πλον-

2098 3652 2271 3720 σίους,
2299 3651 2392 3716 οὓς
2421 3651 2530 3706 ἀπὸ
2565 3651 2674 3705 τῶν
2719 3649 2867 3704 ἰδίων
2910 3648 3184 3715 ἀκανθῶν,
3228 3646 3552 3718 συμπνίγειν
3570 3642 3651 3694 τὸν

2099 3743 2257 3812 λόγον
2305 3743 2403 3797 καὶ
2439 3743 2688 3815 ἄκαρπον
2719 3743 2914 3808 ποιεῖν,
2963 3741 2992 3793 6
3036 3740 3241 3812 Κύριος
3295 3739 3504 3809 εἴρηκε.
3554 3734 3647 3787 Καὶ

2103 3835 2256 3906 φωνὴ
2289 3835 2452 3890 πάλιν
2505 3836 2573 3890 ἐκ
2621 3833 2874 3906 δευτέρου
2922 3833 3060 3905 πρὸς
3105 3832 3301 3887 αὐτόν’
3347 3833 3416 3885 Ἀ
3455 3831 3489 3884 ὁ
3523 3827 3647 3890 Θεὸς

2101 3926 2422 3996 ἐκαθάρισε
2439 3928 2506 3994 ’⁵,
2546 3927 2628 3982 σὺ
2653 3927 2740 3996 μὴ
2775 3926 3006 3981 κοίνου.
3041 3927 3198 3979 Δοκεῖ
3222 3923 3322 3993 μὶν
3350 3922 3479 3993 πρὸς
3505 3917 3648 3973 αὐτὸν

2101 4017 2354 4086 λέγεσθαι
2384 4019 2416 4088 ἡ
2455 4019 2607 4088 φωνή
2633 4033 2647 4049 ο
2683 4018 2745 4070 τὸ
2782 4017 2842 4070 δὲ
2879 4017 2988 4070 πᾶν
3031 4016 3167 4086 πρὸς
3201 4012 3486 4074 Ἰουδαίους
3509 4010 3646 4076 λέγει

2103 4124 2216 4166 ται.
2247 4111 2310 4164 Εἰ
2358 4110 2465 4182 γὰρ
2501 4112 2530 4163 6
2572 4109 2885 4172 διδάσκαλος
2931 4107 3274 4177 ἐπιτιμᾶται,
3325 4100 3498 4172 πολλῷ
3531 4095 3647 4169 μᾶλα

2107 4204 2199 4258 λον
2227 4198 2395 4259 οὗτοι.

427 4283 566 4341 haedi
616 4284 685 4340 ad
731 4301 826 4373 eos
859 4288 952 4359 qui
989 4303 1100 4344 non
1141 4293 1542 4373 communicare
1591 4308 1691 4348 nec
1747 4294 2010 4364 impertiri
2083 4296 2300 4357 solent,
2345 4293 2619 4350 herinacei
2677 4293 2742 4349 ad
2812 4292 3052 4357 divites,
3115 4304 3252 4362 quos
3287 4289 3400 4344 suis
3433 4289 3647 4358 ipsorum

426 4377 598 4448 spinis
647 4365 952 4438 sermonem
993 4365 1284 4453 praefocare
1343 4395 1399 4442 et
1428 4387 1806 4459 infrugiferum
1848 4389 2081 4458 edicere,
2130 4391 2406 4462 Dominus]
2425 4392 2580 4448 dixit.
2626 4391 2693 4447 Et
2736 4404 2836 4445 vox
2878 4402 3070 4444 rursus
3097 4383 3342 4442 secundo
3369 4385 3436 4439 ad
3476 4381 3641 4436 illum:

427 4467 555 4534 Quia
595 4468 738 4526 Deus
793 4477 1066 4547 purgavit,
1099 4486 1156 4530 tu
1190 4481 1489 4534 communia
1543 4497 1608 4535 ne
1651 4492 1819 4550 putes.
1864 4481 2091 4540 Videtur
2158 4483 2380 4554 quidem
2439 4483 2510 4540 ad
2547 4483 2700 4540 illum
2743 4495 2849 4537 vos
2889 4479 2996 4536 dici
3045 4496 3060 4534 :
3105 4478 3201 4534 sed
3258 4491 3444 4532 revera
3495 4479 3642 4528 totum

426 4561 625 4618 dicitur
656 4565 726 4621 ad
754 4564 990 4625 Judaeos.
1020 4568 1155 4626 Nam
1181 4573 1226 4626 si
1257 4573 1447 4629 doctor
1478 4575 1816 4645 increpatur,
1849 4577 2022 4632 multo
2049 4577 2221 4648 magis
2244 4576 2343 4632 illi.

501 4654 665 4712 Vens.
694 4658 779 4713 l7.
805 4657 974 4714 Porro
997 4662 1121 4716 dum
1145 4662 1338 4718 Petrus
1350 4665 1492 4719 intra
1513 4682 1568 4721 se
1589 4667 1821 4732 haesitat,
1845 4669 1991 4739 quid-

2185 4669 2282 4736 Ὠς
2320 4668 2389 4722 δὲ
2429 4668 2500 4722 ἐν
2523 4664 2715 4731 ἐαυτῷ
2749 4664 3019 4732 διηπόρει
3051 4665 3086 4716 ὁ
3116 4659 3358 4728 Πέτρος,
3388 4658 3442 4711 τί
3474 4657 3544 4711 ἂν
3563 4655 3642 4718 εἴη

430 4763 554 4800 nam
600 4750 993 4830 portenderetur
1033 4769 1126 4820 per
1159 4753 1410 4808 uisionem
1444 4772 1600 4824 quam
1625 4758 1856 4824 vidisset,
1885 4775 1991 4814 ecce

2099 4760 2169 4814 τὸ
2201 4760 2415 4830 ὅραμα.
2443 4757 2479 4812 ὃ
2507 4753 2629 4812 side
2652 4772 2668 4788 ο
2697 4755 2796 4809 καί
2827 4751 2957 4808 ἰδοὺ
2983 4753 3039 4807 οι
3055 4751 3271 4818 ἄνδρες
3289 4752 3344 4803 οι
3369 4746 3640 4802 ἀπεσταλ-

431 4839 527 4892 υἱνί
549 4878 563 4901 ,
594 4840 683 4909 qui
721 4841 864 4895 missi
895 4851 1045 4896 erant
1074 4860 1107 4896 a
1139 4842 1382 4900 Cornelio
1413 4850 1698 4919 perquisita
1732 4852 1885 4906 domo
1913 4849 2000 4906 Si-

433 4932 619 4998 monis,
646 4932 858 4988 stabant
888 4936 958 4988 ad
986 4935 1316 4992 vestibulum.

502 5019 669 5076 Vens.
713 5021 799 5079 18.
833 5023 900 5078 Et
921 5023 1031 5095 9o
1057 5035 1266 5080 evocato
1292 5028 1542 5098 quodam,
1571 5030 1998 5098 sciscitabantur,

426 5128 504 5167 an
547 5112 752 5181 Simon,
782 5116 867 5170 cui
896 5114 1083 5173 Petrus
1114 5133 1396 5190 cognomen
1432 5131 1597 5191 esset,
1638 5123 1749 5178 illic
1787 5122 2000 5178 haberet

433 5192 737 5274 hospitium.

503 5293 667 5352 Vsus.
705 5296 792 5352 i9.
838 5297 997 5354 Petro
1035 5307 1212 5355 autem
1253 5302 1486 5374 cogitare
1529 5312 1886 5373 perseverante
1935 5310 2000 5358 de

433 5385 650 5456 visione,
681 5386 910 5458 Spiritus
939 5391 988 5446 ei
1015 5390 1148 5446 dixit
1175 5409 1194 5447 :
1225 5390 1359 5448 Ecce
1386 5393 1486 5448 viri
1513 5403 1758 5465 quarunt
1785 5404 1855 5450 te.

543 5615 590 5648 ³⁸
621 5614 814 5672 Matth.
843 5633 898 5683 κ,
939 5620 994 5674 5.

2095 4849 2267 4920 μένοι
2314 4848 2435 4904 ἀπὸ
2485 4847 2592 4903 τοῦ
2640 4845 2998 4914 Κορνηλίου,
3047 4842 3508 4910 διερωτήσαντες
3545 4835 3642 4902 τὴν

2100 4939 2296 4993 οὶκίαν
2329 4939 2614 5007 Σίμωνος,
2646 4935 2999 5002 ἐπέστησαν
3029 4933 3128 4986 ἐπί
3155 4932 3266 4986 τὸν
3294 4929 3556 4984 πυλῶνα.

2173 5031 2282 5084 Καὶ
2330 5029 2742 5099 φωνήσαντες,
2794 5026 3230 5088 ἐπυνθάνοντο,
3287 5025 3341 5076 ει
3392 5021 3572 5089 Σίμων
3610 5015 3638 5066 ὀ

2103 5121 2576 5190 ἐπικαλούμενος
2605 5117 2826 5187 Πέτρος
2857 5115 3074 5173 ἐνθάδε
3107 5113 3411 5180 ξενίζεται.

2181 5296 2289 5354 Τοῦ
2334 5296 2404 5352 δὲ
2434 5298 2661 5365 Πέτρου
2703 5293 3210 5365 διενθυμουμένου
3239 5291 3372 5363 περὶ
3400 5289 3497 5345 τοῦ
3525 5283 3639 5354 ὁρό-

2099 5407 2307 5460 ματος,
2346 5385 2514 5445 εἶπεν
2538 5388 2698 5454 αὐτῷ
2738 5387 2807 5444 τὸ
2835 5387 3077 5457 Πνεῦμα
3094 5402 3107 5420 ο
3152 5385 3311 5442 Ἰδοὺ
3338 5381 3534 5451 ἄνδρες
3561 5373 3635 5440 ἂι·

2103 5481 2282 5537 τοῦσι
2307 5494 2399 5538 σε.

1631 5715 1836 5780 Variae
1879 5715 2188 5780 lectiones
2215 5721 2276 5776 et
2319 5721 2508 5776 notas.

505 5836 658 5892 "10'.
687 5834 1012 5909 ἀνθρώπων.
1087 5839 1133 5872 ⁹¹
1225 5831 1604 5912 ἴσ.ἀνθρώπῳ
1645 5843 1690 5874 ⁸³
1730 5842 1865 5906 ζῶον
1899 5854 2032 5897 erat.

2109 5841 2149 5873 θ’·
2179 5839 2484 5912 ἐκαθάρησε
2511 5848 2641 5894 erat.
