3856 6544
455 343 569 416 .667

1351 351 1926 413 THEOPHYLACTI
1965 351 2062 410 BU
2072 351 2375 414 LGARUE
2427 355 2778 418 ARCIIIEP.
3596 360 3688 423 663

533 460 690 514 Vens.
719 457 806 513 59.
852 457 917 512 Et
949 475 1040 512 nos
1080 474 1260 513 sumus
1287 468 1434 513 testes
1477 461 1730 524 omnium,
1759 477 1875 530 quae
1910 458 2025 530 fecit

2204 455 2313 509 Kal
2341 458 2509 527 ἡμεῖς
2529 460 2717 529 ἐσμεν
2731 461 3030 532 μάρτυρες
3052 463 3293 518 πάντων
3311 456 3398 523 ὧν
3417 465 3691 533 ἐποίησεν

461 551 510 603 ei
564 550 619 601 in
657 550 864 619 regione
919 548 1244 613 Juda’erum,
1289 560 1336 603 et
1391 549 1445 603 in
1497 549 1817 616 Jerusalem,
1878 565 2031 620 quem

469 639 629 690 etiam
657 654 957 704 suspensum
981 639 1035 691 in
1065 638 1205 710 ligno
1231 640 1530 694 occiderunt
1558 657 1575 693 :

531 814 692 867 Vens.
721 815 810 868 40.
843 814 995 868 Hunc
1021 815 1154 871 Deus
1177 819 1452 872 suscitavit
1483 820 1636 874 tertia
1673 823 1778 888 die,
1806 832 1854 877 et
1889 823 2034 876 exhi-

461 905 567 958 buit
599 923 735 969 eum,
769 914 824 958 ut
857 909 1166 978 manifestus
1194 910 1341 978 ﬁeret

530 979 691 1049 Vens.
732 997 824 1051 41.
862 997 984 1051 Non
1029 1001 1172 1052 omni
1226 1001 1452 1069 populo,
1490 1007 1579 1056 sed
1621 1005 1834 1059 testibus
1874 1015 2030 1060 antea

454 1103 493 1140 a
525 1086 629 1140 Dee
668 1089 952 1158 designatis
989 1090 1163 1152 nobis,
1217 1095 1304 1161 qui
1335 1102 1381 1145 et
1424 1095 1773 1158 comedimus,
1814 1106 1861 1150 et
1900 1098 2030 1150 bibi-

457 1196 572 1232 ntus
612 1195 714 1233 una
749 1197 864 1234 cum
902 1198 959 1236 eo
983 1192 1263 1253 postquam
1285 1201 1315 1236 ιι
1343 1187 1561 1240 mortuis
1586 1177 1952 1243 resurrexerat.

529 1359 691 1413 Vens.
736 1361 824 1414 42.
863 1353 928 1414 Et
968 1365 1213 1432 prwcepit
1243 1365 1390 1418 nobis
1423 1376 1478 1419 ut
1502 1368 1907 1436 pra'dicaremus
1937 1388 2031 1442 po-

453 1452 597 1518 pulo,
633 1462 678 1503 et
718 1453 1121 1521 testiﬁcaremur
1158 1457 1330 1524 ipsum
1358 1473 1466 1511 esse
1492 1474 1524 1511 a
1555 1457 1662 1512 Deo
1690 1461 2031 1518 constitutum

447 1539 678 1608 judicent
711 1543 944 1596 rivorum
969 1554 1018 1597 et
1053 1555 1396 1599 mortuorum.

533 1629 694 1683 Vens.
718 1632 805 1686 45.
835 1634 974 1686 Huic
1011 1651 1185 1688 omnes
1219 1637 1481 1704 prop/tetu:
1521 1641 1875 1698 testimonium
1912 1658 2032 1715 per‘

451 1721 646 1784 Itibent,
675 1725 1028 1779 remissionem
1066 1737 1395 1795 peccatorum
1435 1747 1528 1798 per
1563 1749 1749 1788 nomen
1774 1736 1899 1807 [eius
1935 1755 2030 1793 ac-

450 1821 688 1878 cepturos
728 1831 835 1868 esse
860 1832 1056 1880 omnes,
1083 1819 1171 1887 qui
1202 1819 1518 1875 crediderint
1543 1825 1596 1876 in
1617 1841 1758 1880 eum.

524 1903 674 1968 Quod
704 1907 870 1963 dicit:
913 1907 1108 1965 Revera
1135 1915 1432 1981 comperio,
1477 1924 1609 1983 etc.,
1647 1919 1750 1974 hoc
1775 1928 1882 1987 est,
1919 1938 2027 1978 non

452 2010 803 2063 personarum
859 2000 1179 2068 qualitatem
1220 2005 1471 2075 respicit,
1518 2009 1613 2064 sed
1648 2025 1830 2064 rerum
1871 2012 2029 2068 diﬂ‘e-

451 2086 680 2139 rentiam
714 2096 1006 2143 scrutatur.
1036 2093 1237 2160 Aperte
1268 2103 1449 2149 autem
1480 2112 1578 2166 per
1608 2113 1672 2153 ea
1717 2115 1839 2170 qua:
1875 2102 2025 2171 dicit,

451 2176 716 2246 signiﬁcat
746 2178 936 2244 Deum,
969 2197 1130 2249 quem
1161 2187 1443 2242 metuebat
1469 2187 1776 2258 Cornelius,
1825 2193 1893 2248 de
1920 2211 2028 2264 quo

450 2283 551 2336 per
572 2269 743 2341 legem
774 2282 935 2342 atque
962 2276 1254 2344 prophetas
1274 2278 1573 2346 audiverat,
1624 2294 1846 2354 propter
1865 2303 2024 2357 quem

453 2357 617 2412 etiam
667 2359 1043 2432 eleemosynas
1099 2364 1368 2433 iaciebat,
1425 2370 1570 2426 hunc
1621 2387 1810 2429 revera
1855 2375 2026 2434 Deum

437 2464 596 2512 esse.
619 2451 712 2505 sed
732 2450 852 2508 Filii
883 2455 1121 2524 cognitio
1145 2457 1199 2512 in
1223 2474 1290 2515 eo
1313 2460 1747 2520 desiderabatur.
1773 2466 1908 2523 Vide
1931 2484 2026 2523 au-

460 2549 591 2607 tem,
624 2553 680 2598 ut
710 2544 876 2599 animi
907 2547 990 2601 sui
1019 2549 1401 2620 cogitationem
1431 2555 1710 2624 reprimat,
1735 2569 1790 2613 et
1811 2559 1876 2614 ad
1904 2576 2026 2616 mo-

452 2631 680 2689 destiam
708 2645 950 2693 revocet.
977 2637 1043 2693 In
1069 2643 1232 2708 omni,
1262 2643 1466 2715 inquit,
1505 2650 1738 2715 natione,
1771 2667 1842 2706 ne
1874 2661 2026 2710 cxte-

454 2736 528 2775 rae
549 2732 736 2794 gentes
763 2735 959 2796 putent
989 2743 1048 2785 se
1071 2745 1189 2787 esse
1211 2732 1329 2788 loco
1348 2735 1710 2802 abjectorum.
1741 2738 1842 2806 Qui
1873 2760 2024 2798 exer-

2134 547 2204 601 ἑν
2235 565 2297 602 τε
2339 549 2414 618 τῇ
2464 551 2622 621 χώρᾳ
2668 552 2786 606 τῶν
2834 554 3155 620 Ἰουδαίων,
3197 558 3295 612 καὶ
3356 559 3428 611 ἐν
3487 561 3689 627 Ἰερου-

2135 641 2465 710 σαλήμοὸν
2485 643 2582 698 καὶ
2626 645 2671 677 ¹⁰
2697 645 2944 701 ἀνεῖλον
2989 649 3396 719 κρεμάσαντες
3433 651 3556 684 ¹¹·¹¹
3599 652 3684 707 ἐπὶ

2135 730 2365 795 ξύλου⁸

2213 825 2432 881 Τοῦτον
2485 831 2519 883 d
2572 830 2718 896 Θεὸς
2757 829 2953 899 ἤγειρε
2985 829 3061 899 τῇ
3114 831 3281 900 τρίτῃ
3337 831 3549 902 ἡμέρᾳ,
3597 837 3686 890 καὶ

2133 913 2357 970 ἔδωκεν
2385 919 2574 973 αὐτὸν
2600 920 2838 990 ἐμφανῆ
2867 921 3166 990 γενέσθαι,

2202 1008 2284 1060 Οὐ
2337 1011 2516 1062 παντὶ
2550 1008 2628 1076 τῷ
2657 1010 2805 1079 λαῷ,
2842 1013 3003 1067 ἀλλὰ
3042 1012 3299 1079 μάρτυσι
3338 1014 3461 1082 τοῖς
3487 1030 3688 1084 προκε-

2135 1099 2649 1169 χειροτονημένοις
2673 1103 2791 1158 ὑπὸ
2817 1104 2922 1159 τοῦ
2940 1103 3109 1167 Θεοῦ,
3137 1104 3282 1170 ἡμῖν
3304 1105 3521 1173 οἵτινες
3548 1121 3690 1162 συν-

2134 1186 2433 1260 εφάγομεν
2490 1193 2588 1247 καὶ
2641 1196 3011 1265 συνεπίομεν
3066 1196 3226 1262 αὐτῷ
3266 1197 3417 1267 μετὰ
3457 1201 3520 1254 τὸ
3549 1200 3690 1258 ἀνα-

2135 1279 2354 1345 στῆναι
2387 1284 2575 1337 αὑτὸν
2602 1285 2671 1338 ἐκ
2707 1287 2960 1353 νεκρῶν.

2205 1372 2316 1426 Καὶ
2361 1378 2766 1446 παρήγγειλεν
2811 1381 2956 1448 ἡμῖν
3009 1383 3262 1450 κηρύξαι
3303 1382 3382 1449 τῷ
3429 1384 3556 1452 ,λαῷ
3593 1387 3689 1439 καὶ

2135 1460 2666 1534 διαμαρτύρασθαι,
2721 1469 2810 1524 ὅτι
2858 1471 3041 1536 αὑτός
3073 1471 3244 1526 ἐστιν
3286 1475 3319 1526 ό
3373 1472 3692 1542 ὀψισμένος

2136 1550 2255 1603 ὑπὸ
2294 1553 2398 1608 τοῦ
2432 1555 2579 1610 Θεοῦ
2607 1556 2813 1625 κριτὴς
2849 1558 3077 1630 ζώντων
3105 1561 3200 1614 καὶ
3236 1562 3484 1630 νεκρῶν.

2211 1646 2403 1712 Τούτῳ
2428 1647 2652 1716 πάντες
2684 1651 2740 1703 et
2771 1649 3069 1719 προφῆται
3097 1653 3533 1720 μαρτυροῦσιν,
3561 1654 3691 1723 ἄφε-

2133 1747 2240 1788 σιν
2284 1736 2585 1806 ἁμαρτιῶν
2631 1740 2840 1794 λαϐεῖν
2870 1740 2967 1794 διὰ
3011 1741 3120 1796 τοῦ
3178 1743 3471 1813 ὀνόματος
3513 1748 3688 1802 αὐτοῦ

2132 1825 2331 1882 πάντα
2361 1829 2467 1883 τὸν
2498 1833 2860 1886 πιστεύοντα
2884 1834 2973 1898 εις
2999 1835 3206 1891 αὐτόν.

2202 1918 2296 1984 Τὸ,
2346 1919 2474 1974 Ἐπ’
2505 1923 2791 1990 ἀληθείας
2819 1925 3366 1995 καταλαμϐάνομαι,
3398 1928 3686 1995 τουτέστιν,

2129 2013 2191 2064 οὐ
2233 2011 2542 2083 προσώπων
2589 2015 2871 2085 ποιότητα,
2906 2016 3040 2070 ἀλλὰ
3077 2019 3419 2088 πραγμάτων
3453 2020 3686 2086 ἐξετάζει

2127 2102 2429 2174 διαφοράν·
2463 2105 2677 2174 τρανῶς
2727 2105 2782 2160 δὲ
2831 2107 2896 2160 δι’
2941 2101 3016 2161 ὧν
3075 2108 3223 2178 λέγει
3277 2110 3561 2184 σημαίνει,
3617 2112 3687 2164 ὅτι

2119 2193 2296 2264 ,ὅνπερ
2321 2194 2568 2262 ἐφοϐεῖτο
2591 2195 2723 2251 Θεὸν
2751 2199 2780 2250 ὁ
2821 2198 3139 2270 Κορνήλιος,
3181 2199 3242 2253 ὃν
3279 2199 3369 2254 διὰ
3393 2199 3493 2253 τοῦ
3535 2203 3687 2270 νόμον

2128 2283 2224 2337 καὶ
2257 2283 2366 2337 τῶν
2391 2285 2682 2355 προφητῶν
2709 2289 3006 2358 κατήχητο,
3036 2287 3104 2342 δι’
3132 2289 3192 2343 ὃν
3217 2289 3313 2344 καὶ
3341 2290 3441 2353 τὰς
3469 2291 3686 2362 ἐλεημοο

2130 2372 2297 2436 σύνας
2326 2376 2519 2441 ἐποίει,
2541 2369 2693 2440 οὗτος
2734 2379 2820 2430 ἐπ’
2854 2379 3108 2450 ἀληθείας
3150 2381 3266 2434 ἐστὶ
3311 2380 3446 2445 Θεός
3473 2399 3488 2412 ·
3515 2383 3683 2437 ἔλειπε

2126 2467 2184 2521 δὲ
2212 2467 2364 2538 αὑτῷ
2405 2469 2437 2540 ή
2481 2467 2575 2521 τοῦ
2629 2468 2758 2523 Υῑοῦ
2799 2470 3020 2539 γνῶσις.
3059 2472 3202 2537 Ὅρα
3245 2472 3304 2526 δὲ
3353 2473 3474 2537 πῶς
3533 2473 3683 2530 αὑτοῦ

2126 2559 2476 2614 καταστέλλει
2507 2561 2570 2615 τὸ
2597 2561 2871 2632 φρόνημα.
2910 2563 3014 2618 Ἐν
3058 2565 3262 2629 παντὶ,
3293 2565 3482 2637 φησιν,
3505 2567 3681 2622 ἔθνει·

2128 2647 2216 2701 ἴνα
2245 2648 2320 2720 μὴ
2351 2649 2480 2721 δόξῃ
2519 2650 2585 2704 τὰ
2619 2649 2748 2721 ἔθνη
2780 2651 2838 2703 ἐν
2877 2650 3028 2716 τάξει
3068 2653 3502 2724 ἀπερριμμένων
3537 2650 3681 2710 εἶναι.

2138 2738 2558 2810 Ἔργαζόμενος
2596 2741 3016 2810 δικαιοσύνην.
3051 2745 3410 2816 Δικαιοσύνην
3457 2746 3542 2809 δὲ,
3576 2748 3683 2800 ἀντὶ

449 2822 526 2866 cet
561 2813 846 2882 justitiam.
899 2817 1172 2876 Justitiam
1223 2832 1406 2879 autem
1466 2828 1668 2897 accipit
1718 2846 1818 2900 pro
1873 2835 2024 2890 omni

2138 2830 2244 2895 τοῦ,
2275 2834 2454 2887 πᾶσαν
2482 2834 2708 2904 ἀρετήν.
2759 2833 2872 2890 Οὐκ
2899 2832 3073 2902 εἴπεν,
3136 2838 3228 2892 Ἐν
3281 2813 3444 2892 παντὶ
3485 2839 3624 2893 ἔθνει
3658 2841 3684 2891 ὸ

452 2905 672 2960 virtute.
719 2905 840 2962 Non
896 2908 1079 2980 dixit,
1131 2910 1188 2967 ιη
1238 2916 1394 2971 omni
1442 2919 1667 2976 natione
1714 2923 2024 2996 quicunque

449 2996 709 3068 justitiam
753 3012 1000 3070 exercet,
1039 3015 1328 3064 servatur:
1367 3011 1464 3067 sed
1499 3012 1686 3079 δεκτός
1723 3017 1896 3085 ἐστιν,
1943 3020 2022 3093 |id

2125 2922 2296 2975 ποιῶν
2347 2923 2694 2992 δικαιοσύνην
2743 2924 3000 2990 σώζεται,
3049 2925 3206 2995 ἀλλὰ,
3256 2929 3476 2994 Δεκτός
3512 2931 3672 2994 ἐστι,

2124 3012 2422 3078 τουτέστιν,
2448 3014 2597 3080 ἄξιος
2615 3015 2891 3086 δεχθῆναι.
2923 3019 3033 3073 Τὸν
3055 3021 3266 3089 λόγον,
3281 3019 3356 3075 ὃν
3379 3019 3682 3076 ἀπέστειλε

449 3097 611 3142 sonat
649 3102 890 3162 acceptus
929 3094 1072 3169 est]:
1108 3096 1212 3153 hoc
1239 3108 1342 3165 est,
1380 3101 1579 3172 dignus
1613 3115 1716 3169 est.
1757 3109 1850 3178 qui
1884 3114 2025 3168 acci-

2138 3101 2253 3167 τοῖς
2295 3103 2449 3170 υἱοῖς
2493 3104 2754 3174 Ἰσραήλ.
2808 3107 3002 3164 Διδωσι
3053 3111 3166 3173 τοῖς
3199 3110 3339 3175 υἱοῖς
3380 3112 3597 3182 Ἰσραὴλ
3632 3113 3683 3166 τὸ

452 3176 631 3244 piatur
676 3189 837 3251 atque
878 3186 1156 3254 probetur.
1189 3188 1356 3254 Quem
1401 3209 1694 3251 sermonem
1732 3176 1878 3255 misit
1906 3202 2030 3263 ﬁliis

447 3266 682 3325 Israelis.
703 3271 1028 3344 Praecipuam
1048 3288 1254 3347 partem
1281 3280 1467 3337 tribuit
1488 3283 1610 3338 ﬁliis
1626 3285 1853 3352 lsraelis,
1869 3301 2031 3360 atque

452 3356 572 3412 hazc
617 3361 782 3416 etiam
815 3363 946 3419 dicit
973 3376 1193 3437 propter
1223 3383 1320 3424 eos
1391 3372 1486 3440 qui
1524 3374 1787 3443 aderant,
1824 3388 1883 3433 ut
1923 3356 2030 3438 illis

453 3449 825 3515 persuaderet.
871 3453 932 3510 Ut
983 3470 1106 3510 eum
1151 3456 1291 3512 Deus
1332 3457 1531 3528 Spiritu
1574 3477 1756 3521 sancto
1799 3472 2027 3527 auxerit.

451 3534 608 3601 Quod
642 3539 709 3594 ad
739 3541 1032 3599 humanam
1067 3546 1320 3604 videlicet
1348 3553 1543 3608 attinet
1572 3567 1822 3613 naturam
1853 3577 2029 3631 :quo—

450 3627 600 3682 niam
646 3631 792 3686 enim
838 3648 897 3690 se
937 3635 1052 3705 ipse
1095 3639 1426 3708 exinanivit,
1477 3653 1533 3699 et
1571 3646 1827 3704 similiter
1867 3627 2030 3722 atque

452 3732 575 3786 nos,
602 3723 880 3793 sanguinis
902 3734 957 3780 et
984 3729 1166 3784 carnis
1193 3733 1460 3804 particeps
1491 3735 1610 3798 fuit,
1643 3752 1728 3803 ea,
1756 3755 1879 3808 qua:
1933 3758 2031 3798 na-

456 3819 575 3865 tura
601 3813 812 3880 habuit,
841 3827 900 3873 ut
925 3818 1093 3885 Deus,
1118 3823 1366 3892 accipere
1391 3825 1612 3896 dicitur,
1645 3831 1789 3898 quod
1820 3833 1889 3887 ad
1924 3834 2030 3889 bu-

456 3920 670 3960 manam
688 3908 883 3964 attinet
919 3921 1192 3970 naturam.
1214 3916 1424 3986 Accipit
1454 3919 1596 3974 enim
1631 3937 1742 3978 non
1765 3925 1900 3991 sibi,
1935 3929 2030 3983 sed

455 3996 646 4062 nobis,
691 4006 944 4069 tanquam
987 4002 1044 4056 in
1087 4004 1375 4073 primitiis,
1419 4023 1520 4079 per
1557 4024 1698 4067 sese.
1730 4015 1847 4070 lmo
1874 4032 2025 4084 vero,

459 4093 621 4152 prout
662 4088 777 4156 ipse
817 4100 900 4145 est
932 4089 1076 4149 Deus
1111 4093 1376 4164 Verbum,
1415 4099 1560 4157 illius
1596 4112 1752 4160 erant
1790 4108 2027 4177 propria.

455 4171 572 4244 94
599 4174 788 4243 Porro,
821 4181 964 4246 quod
994 4182 1144 4251 dicit,
1177 4183 1386 4242 Sanans
1421 4205 1597 4245 omnes
1635 4195 1726 4262 qui
1758 4171 2026 4266 opprime-

456 4262 652 4316 bantur
679 4281 710 4317 a
739 4266 947 4324 diabolo
967 4309 983 4334 ,
1017 4271 1120 4327 hoc
1145 4273 1382 4331 ostendit
1419 4278 1586 4333 multa
1622 4280 1731 4336 laesi
1765 4262 1833 4338 ac
1861 4287 2026 4340 muti-

459 4351 550 4407 lati
582 4357 828 4426 corporis
857 4360 984 4416 vitia
1011 4376 1133 4418 esse
1160 4365 1456 4435 diabolica,
1495 4370 2025 4448 depravationesque

2133 3191 2428 3262 ἐξαίρετον.
2453 3194 2637 3250 Ταῦτα
2661 3195 2719 3250 δὲ
2751 3196 2901 3266 λέγει
2925 3198 3018 3251 καὶ
3035 3197 3122 3252 διὰ
3144 3199 3269 3264 τοὺς
3295 3201 3587 3270 παρόντας,
3611 3203 3682 3254 ἵνα

2131 3283 2375 3348 ἐκείνους
2418 3286 2605 3360 πείσῃ.
2640 3286 2737 3353 Ὠς
2765 3287 3018 3356 ἔχρισεν
3059 3291 3249 3346 αὐτὸν
3276 3295 3309 3346 d
3340 3292 3488 3358 Θεὸς
3515 3297 3682 3346 Ure.)-

2126 3390 2269 3442 ματι
2285 3375 2458 3444 ἁγίῳ·
2481 3378 2622 3432 κατὰ
2641 3378 2701 3431 τὸ
2725 3379 3062 3451 ἀνθρώπινον
3080 3381 3346 3451 δηλονότι.
3364 3384 3580 3455 Ἐπειδὴ
3592 3387 3681 3455 γὰρ

2131 3464 2399 3518 ἐκένωσεν
2430 3466 2646 3534 ἑαυτὸν,
2685 3467 2782 3524 καὶ
2827 3471 3225 3540 παραπλησίως
3257 3474 3392 3542 ἡμῖν
3441 3476 3681 3544 μετέσχεν

2127 3553 2363 3624 αἵματος
2397 3556 2491 3610 καὶ
2536 3557 2762 3625 σαρκὸς,
2797 3557 2974 3615 ταῦτα
3019 3559 3164 3632 ἅπερ
3192 3561 3308 3632 ἔχει
3347 3565 3492 3617 κατὰ
3541 3565 3681 3632 φύσιν

2129 3641 2206 3706 ὡς
2234 3643 2388 3710 Θεὸς,
2434 3643 2736 3715 λαμϐάνειν
2789 3645 3009 3713 λέγεται
3056 3648 3198 3702 κατὰ
3243 3649 3304 3702 τὸ
3337 3651 3678 3722 ἀνθρώπινοι.

2129 3735 2358 3803 Δέχεται
2409 3734 2519 3805 γὰρ
2563 3736 2660 3808 οὐχ
2705 3737 2903 3807 ἑαυτῷ,
2931 3738 3044 3792 ἀλλ’
3078 3741 3211 3810 ἡμῖν
3239 3739 3331 3806 -ὡς
3370 3743 3430 3795 ὲν
3474 3743 3677 3815 ἀπαρχῇ

2131 3824 2197 3877 δι’
2224 3826 2417 3879 ἑαυτοῦ
2439 3843 2453 3857 ·
2489 3828 2690 3899 μᾶλλον
2715 3827 2794 3892 δὲ,
2845 3829 2981 3883 καθὸ
3011 3828 3145 3896 Θεὸς
3169 3832 3343 3899 Λόγος
3389 3835 3558 3899 ἐστὶν,
3590 3837 3680 3888 ἴδια

2129 3910 2200 3986 ἦν
2225 3915 2412 3988 αὑτοῦ..
2440 3917 2513 3971 Τὸ
2532 3918 2610 3986 δὲ,
2647 3919 2922 3989 Ἰώμενος
2950 3920 3183 3987 πάντας
3200 3923 3340 3990 τοὺς
3368 3926 3680 3979 καταδυνα-

2130 4009 2533 4078 στευομένους
2567 4010 2688 4066 ὑπὸ
2739 4012 2847 4066 τοῦ
2873 4012 3178 4081 διαϐόλου,
3209 4013 3451 4070 δείκνυσι
3497 4018 3677 4080 πολλὰς

2129 4099 2411 4169 πηρώσεις
2441 4100 2749 4166 διαϐολικὰς
2781 4103 2885 4156 ’καὶ
2925 4103 3258 4173 διαστροφὰς
3300 4104 3568 4176 σωμάτων
3600 4108 3678 4161 ὑπ’

2127 4189 2336 4243 ἐκείνου
2364 4191 2758 4261 γεγενημένας.
2782 4194 2894 4248 ⁸ον
2913 4195 3010 4249 καὶ
3032 4195 3280 4250 ἀνεῖλον
3291 4198 3678 4267 κρεμάσαντες

2127 4279 2228 4334 ἐπὶ
2260 4279 2475 4344 ξύλου.
2500 4282 2669 4336 Πάλιν
2696 4282 2753 4337 δὲ
2783 4285 2852 4338 τὰ
2875 4286 3108 4340 ταπεινὰ
3137 4285 3322 4356 λέγει’
3357 4289 3444 4342 ὅτε
3467 4289 3675 4356 ἔδειξεν,

2131 4369 2215 4422 ὅτι
2245 4371 2354 4424 ἀπὸ
2385 4371 2522 4426 Θεοῦ
2560 4373 2918 4441 ἀπέσταλται,
2947 4377 3069 4430 τότε
3103 4373 3278 4444 εἶπεν,
3319 4379 3404 4434 δτι
3436 4381 3674 4452 ἀνῃρέθη.

457 4459 742 4516 corporum
767 4449 836 4505 ab
864 4451 954 4508 illo
980 4453 1147 4511 factas
1168 4473 1309 4513 esse.
1335 4459 1498 4526 Quem
1525 4465 1684 4519 etiam
1713 4483 2025 4538 suspensum

2138 4461 2254 4515 Ἵνα
2284 4460 2358 4532 μή
2389 4479 2441 4515 τι
2468 4463 2670 4517 ἄτοπον
2700 4465 3035 4536 φαντασθῇς,
3065 4468 3200 4539 ὁρᾷς
3230 4469 3432 4533 αὐτοὺς
3458 4449 3676 4540 obierint?

455 4538 512 4591 in
533 4538 670 4610 ligno
693 4543 1009 4601 occiderunt.
1037 4549 1245 4606 Rursus
1267 4559 1449 4609 autem
1473 4554 1698 4612 humilia
1719 4559 1880 4618 dicit:
1903 4577 2023 4617 cum

455 4630 784 4686 ostendisset
808 4648 932 4689 eum
966 4651 996 4690 ιι
1028 4637 1138 4692 Deo
1166 4641 1390 4697 missum
1419 4659 1573 4710 esse,
1612 4655 1742 4703 tunc
1770 4649 1902 4706 dicit
1929 4667 2026 4710 oc-

453 4716 629 4774 cisum
655 4735 801 4777 esse.
827 4723 905 4778 Ne
926 4727 1056 4794 quid
1078 4728 1295 4785 absurdi
1314 4734 1535 4802 cogites,
1565 4737 1714 4793 vides
1747 4739 1867 4795 illos
1895 4759 2027 4800 nus-

454 4823 616 4876 quam
646 4811 823 4868 celare
850 4830 1090 4882 crucem,
1123 4821 1218 4876 sed
1251 4837 1358 4877 una
1388 4841 1514 4881 cum
1549 4828 1672 4883 aliis
1709 4835 1872 4886 etiam
1910 4849 2026 4890 mo-

456 4901 584 4954 dum
621 4917 684 4958 ac
711 4919 885 4974 genus
910 4910 1099 4966 mortis
1128 4927 1350 4980 ponere.
1378 4916 1543 4982 Quem
1570 4922 1730 4974 etiam
1753 4924 2025 4996 interfece-

456 5002 576 5046 runt
594 5032 610 5057 ,
646 4996 850 5066 inquit,
879 5017 1187 5071 suspensum
1213 5005 1269 5058 in
1295 5007 1457 5076 ligno.
1493 5009 1596 5065 Sed
1622 5014 1836 5068 testibus
1865 5027 2025 5072 antea

453 5085 763 5165 designatis.
819 5092 987 5163 Atqui
1057 5095 1150 5152 ille
1201 5112 1300 5154 eos
1346 5100 1601 5171 elegerat.
1657 5102 1862 5159 Verum
1923 5108 2027 5163 hoc

455 5198 670 5250 quoque
713 5183 822 5243 Deo
852 5189 1060 5257 tribuit,
1089 5191 1345 5260 dicendo,
1377 5204 1534 5249 antea
1574 5196 1880 5268 designatis.
1925 5199 2028 5264 Qui

458 5280 504 5324 ct
544 5277 860 5333 comedimus
894 5291 943 5334 et
979 5281 1203 5338 bibimus
1241 5301 1346 5338 una
1389 5302 1509 5340 cum
1545 5286 1660 5341 illo.
1708 5287 1842 5344 Vide
1882 5289 2028 5344 unde

459 5363 913 5419 resurrectionem
949 5369 1252 5424 conlirmet.
1294 5371 1472 5437 Quare
1517 5383 1801 5443 postquam
1844 5391 2025 5431 resur-

456 5460 690 5516 rexerat,
718 5454 927 5510 nullum
954 5457 1169 5530 signum
1198 5459 1345 5526 fecit,
1373 5461 1467 5517 sed
1500 5465 1734 5522 comedit
1757 5480 1822 5520 ac
1847 5467 2022 5522 bibit?

2133 4551 2474 4623 κρύπτοντας
2501 4554 2592 4608 τὸν
2619 4555 2874 4626 σταυρὸν,
2907 4556 3040 4610 ἀλλὰ
3088 4559 3228 4627 μετὰ
3267 4559 3378 4613 τῶν
3407 4559 3575 4614 ἄλλων
3609 4575 3676 4612 τι·

2133 4641 2323 4707 θέντας
2352 4645 2447 4698 καὶ
2469 4644 2560 4700 τὸν
2587 4647 2809 4716 τρόπον’
2837 4649 2948 4700 ⁸ον
2985 4649 3082 4702 καὶ
3115 4647 3388 4715 ἀνεῖλον,
3407 4650 3536 4720 φησὶ
3559 4664 3675 4716 ups-

2126 4731 2436 4802 μάσαντες
2489 4735 2589 4789 ἐπὶ
2623 4736 2849 4800 ξύλου.
2879 4735 3056 4792 Ἀλλὰ
3072 4737 3335 4808 μάρτυσι
3348 4739 3470 4805 τοῖς
3487 4755 3676 4807 προκε-

2131 4825 2666 4894 χειροτονημένοις.
2693 4827 2885 4881 Καίτοι
2903 4843 2968 4895 γε
2989 4827 3150 4890 αὐτὸς
3178 4829 3372 4892 αὐτοὺς
3398 4826 3670 4894 ἐξελέξατο.

2141 4914 2303 4969 Ἀλλὰ
2331 4917 2424 4970 καὶ
2452 4917 2610 4970 τοῦτο
2639 4917 2924 4989 ἀνατίθησι
2943 4917 3023 4988 τῷ
3050 4917 3168 4988 Θεῷ
3197 4918 3258 4972 τὸ
3279 4919 3324 4950 ⁸³
3345 4920 3512 4972 εἰπεῖν
3533 4958 3547 4984 ,
3564 4917 3671 4981 τοῖς

2127 5008 2852 5078 προκεχειροτονημένοις,
2891 5009 3110 5075 οἵτινες
3145 5009 3558 5078 συνεφάγομεν
3588 5004 3671 5059 καὶ

2127 5099 2500 5168 συνεπίομεν
2531 5099 2715 5165 αὐτῷ.
2751 5100 2894 5171 Ὅρα
2945 5099 3109 5153 πόθεν
3145 5100 3246 5170 τὴν
3291 5101 3574 5162 ἀνάστασιν
3596 5096 3671 5166 βε-

2129 5187 2398 5243 ϐαιοῦται.
2428 5188 2529 5242 Διὰ
2559 5189 2614 5242 τί
2656 5189 2732 5260 μὴ
2770 5188 3008 5252 ἀναστὰς
3053 5189 3155 5243 οὐκ
3183 5188 3405 5260 ἐποίησε
3445 5189 3667 5258 σημεῖον»

2133 5278 2245 5332 ἀλλ’
2281 5279 2453 5348 ἔφαγε
2485 5280 2582 5333 καὶ
2623 5278 2783 5347 ἔπιες
2825 5280 2948 5332 Ὅτι
2987 5280 3020 5348 ὴ
3053 5279 3352 5343 ἀνάστασις
3411 5277 3547 5351 μέγα
3587 5291 3668 5343 ση-

2138 5375 2287 5442 μεῖον
2317 5368 2384 5444 ἦν
2405 5389 2420 5404 ο
2452 5373 2658 5443 ταύτης
2684 5373 2742 5426 δὲ
2771 5373 2926 5427 οὐδὲν
2960 5371 3130 5439 οὕτω,
3165 5373 3243 5438 ὡς
3279 5375 3340 5428 τὸ
3379 5373 3564 5443 φαγεῖν
3588 5366 3666 5420 καὶ

2129 5470 2294 5520 πιεῖν.
2324 5466 2434 5522 Καὶ
2482 5465 3008 5536 διαμαρτύρασθαι.
3040 5464 3514 5539 Διαμαρτύρασθαί
3549 5475 3664 5531 φησι

1684 5616 1884 5680 Variae
1926 5618 2236 5682 lectiones
2265 5626 2327 5681 et
2374 5628 2558 5681 notae.

536 5725 581 5760 ιθ
611 5725 724 5796 καὶ,
763 5744 866 5784 non
923 5740 997 5788 est
1035 5733 1086 5788 in
1135 5736 1366 5808 vulgato.
1449 5739 2001 5811 ¹¹⁶¹²κρεμμάσαντες

2138 5753 2173 5796 ι.
2255 5743 2296 5774 η
2323 5743 2412 5814 Τῷ
2441 5743 2526 5798 ἵσ.
