3856 6566
203 446 326 511 669
921 449 1326 512 EXPOSITIO
1359 450 1441 510 IN
1477 449 1667 510 ACTA
1706 451 2280 514 APOSTOLORUM.
2329 480 2385 489 -
2424 454 2582 518 CAP.
2617 456 2724 517 XI.
3394 455 3499 522 670

207 563 504 630 φανερῶς,
550 562 636 613 ἵνα
689 561 762 630 μὴ
802 560 998 630 ἔχωσιν
1055 564 1135 626 εἰς
1186 566 1410 634 ἄγνοιαν
1451 566 1802 617 καταπεσεῖν.

1921 565 2038 634 quia
2081 568 2410 623 resurrectio
2461 585 2716 638 magnum
2763 574 2881 624 erat
2926 567 3042 640 sign
3064 582 3185 622 im:
3230 575 3286 622 at
3327 567 3495 639 hujus

214 655 433 715 Τούτῳ
475 652 700 718 πάντες
749 656 804 707 οἱ
857 653 1158 723 προφῆται
1186 655 1616 724 μαρτυροῦσιν.
1653 655 1802 707 Ὅσοι

1921 655 2123 710 nullum
2155 658 2350 727 majus,
2383 675 2542 728 quam
2581 661 2724 731 quod
2760 659 2997 714 comedit
3035 674 3100 712 ac
3135 658 3292 713 bibit.
3328 657 3393 712 Et
3420 671 3496 714 te-

205 746 530 813 προφῆται,
560 745 749 814 φησιν,
775 746 1044 816 ἐλάλησαν
1073 749 1199 819 περὶ
1225 747 1512 818 ἁμαρτιῶν
1536 746 1802 816 ἀφέσεως,

1921 747 2154 815 sliﬁcari.
2186 749 2484 806 Testilicari
2507 793 2522 818 ,
2555 753 2763 822 inquit,
2799 753 2999 821 palam,
3031 766 3101 805 ne
3143 763 3367 820 possent
3394 751 3494 806 de-

206 837 266 889 ὲν
307 835 496 904 τούτῳ
524 835 604 906 τῷ
639 835 816 904 Ἰησοῦ
842 832 998 891 εἷπον
1025 837 1195 901 αὐτὰς
1222 838 1498 905 ἀφεῖσθαι.
1530 837 1688 892 Οὕτω
1717 839 1802 891 καὶ

1921 850 2143 892 currere
2178 839 2244 893 ad
2292 839 2675 910 ignorantiam.
2726 841 2863 896 Huic
2894 858 3071 896 omnes
3104 843 3367 912 prophetae
3405 851 3495 896 te-

213 922 467 987 Ἡσαΐας
493 924 555 977 τὸ
599 924 766 978 αὑτοῦ
805 927 1075 998 εἱσφέρων
1105 926 1414 996 πρόσωπον,
1446 927 1625 996 λέγει’
1661 926 1802 995 Ἐγώ

1921 929 2219 982 stimonium
2261 930 2550 997 perhibent.
2593 931 2915 1002 Quicunque
2955 933 3256 1003 prophetae,
3293 932 3490 1002 inquit,

204 1018 327 1083 ειμι
355 1019 393 1068 ό
435 1016 776 1085 ἐξαλείφων
801 1017 908 1084 τὰς
937 1019 1226 1088 ἁμαρτίας
1249 1035 1365 1074 σου
1394 1019 1493 1074 καὶ
1535 1020 1642 1084 τὰς
1670 1019 1802 1074 ἀνο-

1921 1020 2078 1076 loeuti
2127 1030 2254 1076 sunt
2286 1021 2355 1076 de
2397 1031 2745 1092 peccaturum
2798 1025 3146 1090 remissione,
3191 1040 3291 1094 per
3341 1025 3492 1079 liune

200 1107 353 1173 μίας
391 1123 538 1162 σου.
567 1109 685 1162 Οὐκ
732 1106 854 1162 εἷπε
899 1111 956 1164 δὲ
984 1111 1066 1164 ὃτι
1117 1111 1278 1176 αὐτός
1309 1113 1454 1166 ἐστιν
1486 1113 1515 1164 ὁ
1556 1111 1682 1175 Υἱὸς
1707 1111 1802 1165 τοῦ

1921 1111 2092 1166 Iesum
2133 1113 2392 1168 dixerunt
2439 1128 2502 1167 ea
2547 1115 2770 1168 remitti.
2817 1116 2908 1170 Sic
2954 1117 3118 1171 etiam
3162 1115 3330 1172 Isaias
3373 1116 3491 1185 ejus

204 1195 352 1249 Θεοῦ
371 1215 386 1228 ·
417 1197 540 1250 ἀλλ’
572 1198 602 1251 ὃ
643 1198 843 1270 μᾶλλον
872 1200 1072 1264 αὐτοὺς
1100 1202 1306 1270 ἐφόϐει,
1337 1201 1370 1271 η
1401 1201 1592 1271 καιρία
1631 1217 1802 1254 κατα-

1921 1217 2202 1272 personam
2234 1203 2609 1268 introdueens,
2652 1205 2765 1258 ait:
2802 1205 2909 1276 lt‘go
2937 1223 3054 1259 sum
3083 1206 3174 1276 qui
3203 1206 3348 1261 deleo
3372 1223 3492 1276 pec-

206 1286 388 1357 σκενὴ
420 1287 533 1340 ἀπὸ
557 1288 669 1344 τῶν
697 1291 996 1361 προφητῶν
1013 1307 1028 1322 ο
1062 1292 1306 1362 μεγάλην
1331 1293 1439 1365 γὰρ
1461 1291 1620 1356 δόξαν
1653 1289 1798 1360 εἶχον

1921 1303 2027 1346 rata
2064 1303 2155 1347 tua
2199 1311 2265 1348 ac
2292 1294 2488 1349 scelera
2520 1305 2610 1350 tua
2630 1297 2693 1351 "’.
2724 1297 2841 1350 Non
2876 1298 3006 1352 dixit
3031 1306 3232 1362 autem,
3263 1297 3376 1369 Ipse
3406 1306 3491 1352 est

205 1379 445 1432 ἐκεῖνοι.
485 1381 616 1432 Ὅτε
650 1381 714 1434 ’δὲ
765 1383 844 1452 τῷ
897 1383 1048 1454 φόϐῳ
1076 1385 1385 1449 κατέσεισε,
1437 1383 1559 1436 τότε
1605 1383 1802 1450 ἐπάγει

1921 1385 2070 1439 Pilius
2102 1385 2218 1450 Dei,
2246 1388 2361 1453 sed,
2386 1389 2530 1457 quod
2570 1390 2740 1458 magis
2767 1405 2862 1444 eos
2893 1391 3150 1452 terrebat,
3185 1397 3488 1460 opportuna

204 1467 304 1536 τὴν
355 1469 745 1540 συγχώρησιν,
773 1473 834 1524 οὐ
895 1475 1027 1544 παρ’
1077 1473 1244 1528 αὐτοῦ
1298 1474 1621 1544 λεγομένην,
1671 1473 1802 1526 ἀλλὰ

1921 1477 2249 1533 :onl‘irmatio
2297 1481 2533 1534 sumitur
2576 1495 2606 1532 ει
2646 1480 2951 1550 prophetis.
2995 1481 3056 1533 In
3103 1495 3295 1550 magna
3342 1477 3486 1532 enim

204 1556 367 1626 παρὰ
397 1558 519 1611 τῶν
551 1560 850 1630 προφητῶν
873 1577 888 1594 ·
919 1565 1100 1617 καὶτὸ
1133 1563 1233 1634 μὲν
1272 1563 1522 1634 φοϐερὸν,
1554 1564 1685 1634 παρ’
1711 1566 1802 1619 αὖα

1921 1565 1984 1620 Llli
2042 1568 2244 1638 gloria,
2297 1576 2462 1637 atque
2513 1569 2916 1623 existimatione
2962 1578 3142 1624 erant.
3193 1568 3489 1638 Postquam

204 1647 302 1701 τοῦ
323 1688 340 1713 ,
383 1650 457 1703 τὺ
498 1651 554 1704 δὲ
585 1653 818 1723 ἥμερον,
849 1656 1003 1726 παρὰ
1035 1657 1146 1710 τῶν
1172 1657 1487 1727 προφητῶν.

1921 1665 2096 1711 autem
2126 1665 2329 1712 metum
2362 1657 2428 1713 iis
2465 1659 2712 1720 incussit,
2742 1669 2871 1714 tunc
2899 1659 3176 1730 subiungit
3208 1658 3486 1713 condona-

207 1740 467 1808 tionem,
511 1759 632 1814 quae
669 1761 779 1800 non
807 1747 876 1802 ab
909 1747 1028 1817 ipso
1062 1749 1461 1817 proferebatur,
1498 1747 1593 1803 sed
1627 1763 1658 1803 a
1684 1747 2004 1819 prepbetis:
2048 1763 2113 1803 ac
2143 1757 2318 1803 terror
2384 1751 2602 1821 quidem
2682 1752 2749 1806 ab
2786 1752 2904 1822 ipso
2982 1749 3430 1821 proﬁciscebatur
3468 1768 3484 1805 :

205 1832 350 1900 quod
387 1840 586 1888 autem
616 1843 876 1890 terrorem
910 1837 1209 1908 mitigabat,
1239 1855 1268 1893 a
1298 1838 1602 1909 prophetis.

277 1924 419 1978 Ἔτι
441 1929 786 1992 ,λαλοῦντος
814 1931 926 1986 τοῦ.
966 1931 1191 1999 Πέτρου
1234 1931 1305 1986 τὰ
1325 1931 1562 2000 ῥήματα
1587 1930 1794 1995 ταῦτα,

1972 1934 2135 1989 Vens.
2167 1935 2256 1990 44.
2273 1936 2459 1990 Adhuc
2483 1938 2778 2006 proferente
2807 1935 2963 1990 Petro
2982 1936 3136 1990 verba
3172 1937 3302 1996 lucc.
3331 1929 3490 1990 irrui‘

204 2019 484 2076 ἐπέπεσε
531 2023 600 2077 τὸ
654 2026 898 2096 Πνεῦμα
925 2025 989 2080 τὸ
1043 2026 1214 2097 ἅγιον
1242 2026 1339 2081 ἐπὶ
1385 2026 1616 2093 πάντας
1662 2025 1802 2093 τοὺς

1921 2025 2148 2090 Spiritus
2184 2037 2397 2082 sanctus
2430 2028 2484 2082 in
2515 2044 2712 2090 omnes,
2743 2029 2832 2098 qui
2854 2028 3145 2082 audiebant
3168 2027 3484 2092 orationem,

204 2110 560 2176 ἀκούοντας
590 2112 699 2166 τὸν
735 2114 944 2183 λόγον,

274 2201 391 2256 Καὶ
443 2204 796 2272 ἐξέστησαν
841 2210 897 2261 οι
936 2208 1006 2262 ἐκ
1046 2206 1364 2277 περιτομῆς·
1407 2208 1629 2273 πιστοὶ,
1670 2207 1803 2262 ὅσοι

208 2291 542 2358 συνῆλθον
570 2295 650 2360 τῷ
678 2296 897 2366 Πέτρῳ,
918 2297 1005 2352 ὅτι
1034 2300 1132 2352 καὶ
1151 2300 1248 2354 ἐπὶ
1275 2300 1346 2353 τὰ
1374 2299 1517 2368 ἔθνη
1543 2299 1581 2367 ἡ
1612 2299 1798 2370 δωρεὰ

209 2382 314 2438 τοῦ
346 2386 536 2458 ἁγίου
565 2391 912 2458 Πνεύματος
933 2391 1278 2461 ἐκκέχυται.

280 2568 566 2624 ’Ἤκουον
591 2570 702 2640 τὰρ
731 2569 932 2627 αὐτῶν
962 2575 1315 2630 λαλούντων
1344 2575 1669 2646 γλώσσαις,
1703 2578 1803 2632 καὶ

207 2661 688 2726 μεγαλυνόντων
709 2662 814 2717 τὸν
835 2665 1004 2719 Θεόν.
1028 2666 1166 2720 Τότε
1189 2667 1477 2736 ἀπεκρίθη
1497 2670 1530 2722 ὀ
1547 2667 1766 2737 Πέτρος
1785 2685 1798 2699 ·

277 2751 445 2817 Μήτι
488 2753 556 2806 τὸ
590 2753 747 2822 ὕδωρ
774 2756 1046 2810 κωλῦσαι
1089 2756 1342 2813 δύναταί
1384 2774 1474 2825 τις
1512 2757 1619 2812 τοῦ
1644 2758 1729 2828 μὴ
1757 2759 1803 2791 ¹⁸

212 2842 635 2913 βαπτισθῆναι
657 2848 928 2913 τούτους,
950 2850 1167 2917 οἵτινες
1193 2849 1258 2904 τὸ
1275 2849 1517 2920 Πνεῦμα
1538 2850 1605 2904 τὸ
1631 2850 1802 2920 ἅγιον

214 2933 465 3000 ἔλαϐον,
499 2937 696 3004 καθὼς
726 2939 824 2992 καὶ
852 2939 1060 3008 ἡμεῖς;

281 3027 642 3095 Προσέταξέ
675 3046 737 3083 τε
761 3029 984 3097 αὐτοὺς
1019 3031 1436 3102 βαπτισθῆναι
1463 3031 1533 3086 ἐν
1556 3031 1635 3098 τῷ
1664 3033 1799 3087 ὀνο-

211 3134 346 3184 ματι
372 3119 496 3173 τοῦ
521 3122 742 3188 Κυρίου
781 3122 986 3192 Ἰησοῦ
1005 3123 1070 3180 ³³.
1101 3126 1237 3180 Τότε
1271 3124 1591 3194 ἠρώτησαν
1615 3125 1802 3180 αὐτὸν

215 3209 518 3278 ἐπιμεῖναι
550 3209 773 3282 ἡμέρας
802 3213 988 3280 τινάς.

818 3309 1068 3362 ΚΕΦΑΛ.
1109 3308 1214 3363 1Α’.

286 3396 608 3450 Ἤκουσαν
635 3397 704 3450 δὲ
732 3399 787 3452 οι
832 3399 1162 3453 ἀπόστολοι
1203 3397 1300 3452 καὶ
1329 3400 1384 3452 οἱ
1429 3396 1684 3467 ἀδελφοὶ
1745 3399 1800 3452 οι

217 3486 388 3554 ὄντες
420 3489 576 3541 κατὰ
600 3487 716 3556 τὴν
751 3489 1074 3552 Ἰουδαίαν,
1111 3489 1201 3544 ὅτι
1237 3488 1336 3545 καὶ
1373 3488 1447 3543 τὰ
1493 3488 1638 3557 ἔθνη
1676 3487 1802 3542 ἐδέ-

218 3577 402 3642 ξαντο
435 3579 548 3633 τὸν
569 3580 757 3648 λόγον
783 3581 890 3636 τοῦ
916 3580 1088 3636 Θεοῦ.

282 3668 398 3722 Θέα
437 3668 535 3722 τοῦ
572 3669 710 3723 Θεοῦ
753 3671 852 3742 τὴν
877 3672 1210 3742 οἰκονομίαν.
1243 3673 1356 3726 Οὐκ
1389 3672 1600 3743 ἀφῆκεν
1621 3673 1802 3742 ἀπαρ-

218 3759 472 3830 τισθῆναι
499 3761 592 3815 τὸν
606 3760 784 3831 λόγον,
805 3762 925 3816 οὐδὲ
951 3763 1014 3818 ὲκ
1035 3763 1455 3835 προστάγματος
1484 3764 1578 3820 τοῦ
1594 3765 1801 3836 Πέτρου

220 3852 482 3916 γενέσθαι
530 3851 591 3904 τὸ
646 3853 965 3924 βάπτισμα·
1014 3854 1131 3908 ἀλλ’
1182 3856 1367 3926 ἐπειδὴ
1415 3856 1514 3926 τὴν
1565 3856 1803 3910 διάνοιαν

220 3941 400 3995 αὐτῶν
452 3937 560 3995 εἶδε
611 3944 932 4015 Θαυμαστὴν
978 3939 1162 4012 οὖσαν,
1192 3945 1420 4016 καὶτῆς
1456 3945 1802 4010 διδασκαλίας

220 4033 356 4104 ἀρχὴ
383 4034 606 4102 γέγονε,
626 4034 720 4088 καὶ
741 4035 1066 4090 ἐπίστευσαν
1092 4036 1173 4089 ὅτι
1200 4035 1416 4104 πάντως
1436 4035 1495 4090 τὸ
1519 4036 1804 4107 βάπτισμα

221 4123 429 4191 ἄφεσίς.
474 4127 622 4178 ἐστιν
673 4126 978 4197 ἁμαρτιῶν,
1013 4127 1135 4180 τότε
1190 4127 1392 4198 ἐπῆλθε
1442 4129 1504 4182 τὸ
1556 4126 1801 4198 Πνεῦμα.

231 4213 397 4266 Ἀλλὰ
427 4212 524 4267 καὶ
556 4213 830 4282 γλώσσαις
883 4215 1126 4291 ἐλάλουν,
1155 4217 1292 4288 ὅπερ
1347 4216 1641 4287 ἐξέπληττε
1678 4219 1804 4282 τοὺς

223 4304 584 4369 συνελθόντας
605 4322 620 4336 ’
648 4305 1166 4376 προοικονομοῦντος
1195 4307 1260 4360 ἐκ
1288 4307 1478 4362 τούτου
1507 4307 1804 4386 ἀπολογίαν

224 4398 479 4467 μεγάλην
506 4397 583 4467 τῷ
606 4398 798 4467 Πέτρῳ
826 4398 918 4451 τοῦ
968 4397 1124 4453 Θεοῦ.
1153 4399 1306 4466 Μήτι
1336 4399 1402 4452 τὸ
1434 4398 1592 4468 ὕδωρ
1617 4399 1806 4454 κωλῦ-

222 4503 324 4540 σαι
352 4485 609 4540 δύναται
640 4485 747 4538 τοῦ
788 4485 873 4554 μὴ
908 4484 1324 4552 ,βαπτισθῆναι
1365 4485 1660 4550 τούτους;
1694 4483 1806 4538 Καὶ

222 4575 304 4639 τίς
358 4571 435 4646 ἦν
477 4576 512 4646 ἡ
553 4573 647 4628 τοῦ
703 4574 896 4638 ὕδατος
923 4575 1104 4645 χρεία,
1142 4573 1238 4628 τοῦ
1287 4575 1442 4643 ἁγίου
1487 4573 1804 4644 Πνεύματος

223 4665 584 4729 ἱπιπεσόντος
615 4666 832 4734 αὐτοίς;
864 4667 1006 4737 Ἐρῶ
1059 4667 1152 4722 οὖν
1180 4666 1386 4738 ταύτην
1430 4665 1561 4735 ἐγὼ,
1605 4665 1665 4718 τὸ
1697 4683 1802 4736 μυ·
1834 4651 1880 4708 Ῑ)

225 4759 450 4828 στήριον
491 4757 849 4811 ὲκκαλύπτων
877 4759 1009 4828 ἡμῖν
1041 4758 1102 4812 τὸ
1132 4757 1641 4830 ἀποκεκρυμμένον.
1669 4754 1803 4811 Θεϊα

224 4849 464 4900 τελεῖται
488 4849 545 4900 ἐν
580 4849 732 4918 αὐτῷ
764 4849 1029 4920 σύμϐολα,
1063 4851 1236 4919 τάφος
1263 4850 1358 4904 καὶ
1388 4850 1676 4919 νέκρωσις,
1708 4849 1802 4902 καῖ⁶

226 4941 525 5003 ἀνάστασις
547 4940 641 4993 καὶ
673 4941 809 5012 ζωή.
853 4942 1066 5012 Ὠσπερ
1116 4940 1337 4996 εὔκολον
1371 4943 1500 5012 ἡμῖν
1531 4940 1804 5010 βαπτίσα-

228 5030 353 5083 σθαι
385 5032 482 5085 καὶ
521 5031 834 5098 ἀνανεῦσαι,
870 5031 1046 5096 οὕτως
1095 5032 1316 5087 εὔκολον
1350 5033 1429 5102 τῷ
1451 5031 1590 5104 Θεῷ,
1635 5030 1804 5100 θάψαι

227 5119 318 5173 τὸν
353 5122 589 5177 παλαιὸν
612 5123 920 5194 ἄνθρωπον,
958 5126 1053 5178 καὶ
1080 5124 1357 5190 ἀναδεῖξαι
1390 5123 1480 5178 τὸν
1507 5125 1646 5179 νέον.
1677 5124 1808 5195 Τρί-

228 5232 318 5267 τον
339 5215 397 5269 δὲ
424 5216 587 5270 τοῦτο
612 5217 846 5284 γίνεται,
872 5217 961 5270 ἵνα
1001 5215 1180 5290 μάθῃς
1206 5218 1288 5271 ὅτι
1319 5216 1550 5286 δυνάμει
1591 5216 1804 5290 Πατρδς

231 5308 325 5361 καὶ
346 5307 481 5362 Υἱοῦ
517 5308 614 5362 καὶ
656 5309 812 5377 ἁγίου
855 5288 1173 5379 Πνεύματος
1204 5308 1273 5362 τὰ
1303 5307 1481 5364 πάντα
1511 5309 1628 5364 ἐκεῖ
1662 5288 1803 5378 πλη-λ

235 5399 451 5468 ροῦνται
473 5417 488 5430 ·
515 5401 609 5454 καὶ
635 5401 732 5454 ὅτι
752 5400 812 5453 οὐ
847 5399 1154 5472 στοχασμὸς
1184 5399 1244 5452 τὸ
1290 5399 1601 5470 λεγόμενον,
1637 5399 1804 5454 ἄκου-

236 5506 325 5541 σον
348 5490 443 5543 τοῦ
481 5491 694 5545 Παύλου
733 5491 1011 5559 λέγοντοςο
1044 5491 1470 5561 Συνετάφημεν
1515 5490 1674 5556 αὐτῷ
1701 5490 1802 5545 διὰ

234 5580 341 5635 τοῦ
362 5581 784 5652 βαπτίσματος
821 5584 907 5648 εις
939 5581 1046 5637 τὸν
1077 5581 1364 5637 θάνατον·
1402 5582 1494 5636 καὶ
1522 5581 1702 5648 πάλιν,
1744 5582 1797 5634 Ὀ

307 5705 349 5736 ³⁷
382 5704 483 5760 lsa.
516 5719 664 5768 xuii,
687 5703 776 5758 25.

1985 2208 2148 2263 Vens.
2183 2207 2274 2262 45.
2316 2206 2385 2260 Ει
2420 2223 2530 2277 prce
2562 2207 2915 2262 admiratione
2958 2206 3138 2260 animo
3168 2207 3485 2260 consternati

1909 2309 2050 2360 sunt,
2086 2298 2378 2368 quicunque
2413 2314 2477 2352 ea:
2511 2315 2696 2366 genere
2728 2298 3150 2352 circumcisorum
3188 2295 3366 2365 ﬁdeles
3397 2312 3487 2359 ue-

1910 2396 2095 2441 nerant
2136 2403 2242 2441 una
2288 2404 2407 2440 cum
2435 2387 2614 2452 Petro,
2639 2387 2775 2457 quod
2801 2395 2848 2440 et
2875 2387 2929 2440 in
2958 2395 3204 2440 externas
3248 2385 3486 2439 nationes

1909 2480 2123 2548 eﬂ'usum
2153 2487 2283 2533 esset
2310 2484 2502 2533 donum
2536 2478 2764 2548 Spiritus
2787 2478 2980 2533 sancti.

1980 2573 2140 2626 Vens.
2177 2571 2265 2626 46.
2308 2571 2600 2624 Audiebant
2631 2572 2769 2626 enim
2804 2587 2889 2624 eos
2922 2570 3110 2639 linguis
3135 2569 3416 2638 loquentes,
3436 2576 3487 2621 et

1909 2664 2073 2718 Deum
2104 2664 2516 2734 magniﬁcantes.
2553 2663 2697 2715 Tunc
2728 2662 2989 2732 respondit
3031 2661 3256 2715 Petrus:

1981 2758 2135 2812 Vens.
2185 2755 2274 2812 47.
2317 2755 2568 2828 Nunquid
2607 2771 2746 2825 aqua
2787 2754 2903 2824 quis
2941 2755 3211 2824 prohibere
3261 2769 3353 2806 nos
3387 2768 3484 2822 po-

1909 2855 2029 2911 test,
2062 2864 2123 2899 ne
2151 2848 2479 2917 baptizentur
2507 2847 2593 2915 hi,
2633 2848 2722 2917 qui
2748 2845 3006 2917 Spiritum
3050 2853 3294 2900 sanctum
3335 2858 3485 2896 acce-

1905 2949 2112 3008 perunt,
2135 2939 2268 2993 sicut
2299 2949 2346 2992 ct
2377 2941 2514 2996 nos?

1980 3032 2140 3086 Vens.
2171 3033 2261 3088 48.
2303 3030 2371 3086 Et
2389 3033 2548 3102 jussit
2571 3049 2656 3088 eos
2677 3031 2938 3103 baptizari
2962 3030 3016 3084 in
3041 3029 3246 3083 nomine
3273 3025 3485 3081 Domini

1906 3124 2053 3180 Jesu.
2111 3125 2252 3179 Tunc
2309 3134 2621 3198 rogaverunt
2651 3142 2800 3192 eum,
2859 3134 2914 3179 ut
2952 3133 3183 3179 maneret
3215 3121 3356 3192 apud
3397 3135 3484 3175 eos

1907 3217 2105 3287 aliquot
2144 3218 2279 3272 dies.

2507 3306 2736 3366 CAPUT
2777 3307 2874 3363 XI.

1974 3397 2135 3454 Vens.
2172 3399 2223 3454 Ι.
2253 3398 2575 3453 Audiverunt
2612 3406 2788 3452 autem
2814 3385 3044 3468 apostoli
3066 3404 3116 3450 et
3143 3395 3360 3463 fratres,
3390 3391 3482 3460 qui

1902 3495 2051 3538 erant
2096 3486 2150 3539 in
2204 3484 2427 3555 Juda'a,
2471 3488 2631 3542 etiam
2691 3487 2927 3540 nationes
2984 3494 3188 3539 exteras
3232 3481 3482 3549 rccepisse

1903 3576 2113 3630 verbum
2153 3576 2268 3631 Dei.

1972 3667 2080 3739 95
2113 3667 2246 3723 Vide
2268 3667 2463 3724 divina:
2501 3666 2808 3738 prudentiae
2847 3663 3331 3736 dispensationem.
3356 3660 3478 3716 Non

1905 3759 2158 3832 permisit
2183 3759 2388 3815 absolvi
2414 3758 2744 3821 orationem,
2777 3757 3131 3828 neque-jussu
3169 3753 3311 3810 Petri
3334 3754 3472 3824 bap-

1911 3853 2070 3906 tisma
2097 3850 2504 3908 administrari:
2537 3849 2632 3905 sed
2670 3858 3029 3920 posteaquam
3077 3843 3481 3902 animadverte-

1907 3950 2030 3997 rent
2062 3953 2302 3998 mentem
2335 3957 2522 3998 eorum
2556 3939 2925 3997 admirandam
2960 3954 3100 4005 esse,
3128 3953 3193 3994 ac
3211 3936 3480 3992 doctrinae

1906 4033 2128 4089 initium
2180 4032 2384 4088 factum
2436 4041 2574 4096 erat,
2636 4039 2800 4102 atque
2846 4029 3192 4086 crediderant
3250 4026 3476 4082 omnino

1904 4123 2174 4194 baptisma
2246 4137 2368 4178 esse
2433 4121 2816 4178 remissionem
2887 4131 3235 4192 peccatorum
3270 4159 3285 4184 ,
3346 4125 3478 4170 tune

1905 4215 2141 4287 Spiritus
2192 4215 2525 4284 supervenit.
2574 4214 2888 4280 Quinetiam
2941 4211 3138 4282 linguis
3183 4207 3483 4278 loqueban-

1908 4317 2029 4362 tur:
2085 4322 2207 4376 qua:
2245 4321 2334 4361 res
2394 4306 2578 4359 animo
2629 4311 3009 4360 consternatos
3060 4301 3317 4357 reddebat
3362 4312 3480 4361 eos,

1907 4398 1999 4468 qui
2032 4412 2142 4452 una
2195 4412 2318 4452 cum
2371 4397 2534 4452 Petro
2595 4403 2881 4452 venerant.
2939 4395 3116 4462 Atque
3168 4392 3270 4446 hoc
3317 4388 3480 4444 modo

1905 4489 2274 4546 defensionem
2309 4487 2470 4543 Petro
2500 4502 2748 4558 magnam
2799 4485 2942 4538 Deus
2996 4481 3260 4553 parabat:
3325 4481 3480 4533 Nun-

1907 4581 2035 4651 quid
2062 4595 2203 4650 aqua
2229 4579 2346 4648 quis
2378 4576 2650 4646 prohibere
2679 4591 2770 4628 nos
2812 4580 3003 4644 potest,
3047 4587 3110 4624 ne
3146 4569 3481 4637 baptizentur

1907 4673 2003 4729 hi?
2055 4673 2122 4727 Et
2175 4671 2427 4742 quisnam
2479 4676 2598 4724 erat
2647 4681 2802 4736 aqua:
2848 4679 3004 4730 usus,
3061 4677 3187 4718 cum
3239 4660 3478 4731 Spir-itus

1910 4772 2134 4820 sanctus
2191 4760 2446 4830 delapsus
2493 4765 2640 4814 esset
2687 4770 2852 4826 super
2896 4753 3060 4810 illos?
3109 4751 3263 4807 Hunc
3318 4750 3480 4823 igitur

1912 4869 2069 4909 usum
2099 4867 2200 4923 ego
2249 4851 2446 4916 dicam,
2498 4863 2564 4904 ac
2620 4846 2936 4918 mysterium
2995 4859 3256 4900 arcanum
3322 4842 3480 4898 vobis

1912 4944 2182 5000 revelabo.
2241 4942 2431 4996 Divina
2501 4954 2600 5011 per
2660 4953 2784 4995 eam
2854 4936 3214 5010 perﬁciuntur
3271 4935 3476 5006 signa:

1914 5034 2194 5106 sepultura
2232 5040 2287 5088 et
2343 5030 2711 5097 mortificatio,
2765 5029 3004 5099 itemque
3056 5025 3387 5082 resurrectio
3423 5032 3480 5078 et

1909 5127 2039 5182 vita.
2075 5126 2228 5182 Sicut
2258 5124 2415 5181 nobis
2444 5124 2602 5180 facile
2634 5129 2718 5180 est
2763 5119 3026 5192 baptizari
3077 5128 3132 5174 et
3160 5131 3473 5188 emergere:
3582 5116 3589 5122 '

1908 5220 1981 5274 ita
2020 5219 2130 5276 Deo
2182 5217 2340 5272 facile
2381 5226 2466 5272 est
2499 5226 2738 5272 veterem
2790 5212 3069 5270 hominem
3126 5208 3374 5280 sepelire,
3421 5215 3476 5263 et

1910 5325 2109 5363 novum
2141 5308 2447 5379 designare.
2481 5305 2594 5363 Hoc
2619 5314 2801 5362 autem
2836 5303 2897 5359 ﬁt
2927 5301 3172 5367 tertium,
3219 5309 3278 5354 ut
3311 5297 3471 5354 intel-

1910 5398 2042 5470 ligas
2071 5399 2314 5468 potentia
2345 5395 2522 5454 Patris
2547 5405 2601 5451 et
2631 5394 2750 5450 Filii
2797 5403 2852 5450 et
2877 5391 3117 5462 Spiritus
3157 5388 3330 5448 sancti
3364 5388 3476 5443 illic

1907 5491 2088 5544 omnia
2143 5488 2347 5560 perﬁci.
2404 5489 2481 5543 Ac
2547 5503 2657 5541 non
2715 5499 2835 5540 esse
2886 5481 3256 5552 conjecturam
3325 5478 3474 5549 quod

1906 5584 2050 5647 dico,
2077 5581 2201 5635 audi
2233 5580 2460 5635 Paulum
2508 5579 2820 5639 dicentem:
2864 5572 2979 5630 Una
3011 5589 3130 5629 cum
3184 5587 3244 5629 eo
3281 5569 3474 5642 sepulti

1430 5773 1629 5835 Varias
1674 5773 1982 5835 lectiones
2032 5779 2089 5832 et
2135 5787 2323 5832 none.

315 5870 357 5906 ’⁸
391 5873 484 5945 Μὴ
517 5891 618 5929 non
654 5885 726 5931 est
755 5876 808 5930 in
841 5877 1139 5947 apograplio
1173 5877 1407 5946 antiquo.
1488 5876 1528 5907 ¹⁴⁵
1559 5875 1624 5932 In
1661 5876 1802 5946 vulgo

1921 5893 2001 5930 wn
2055 5873 2312 5942 adjectum
2354 5882 2425 5928 est
2451 5870 2643 5944 Ἰησοῦ.
