3856 6610
405 434 508 500 671
1298 432 1402 492 ΤΗ
1411 431 1606 495 ΕΟΡΗ
1616 429 1881 491 YLACTI
1920 431 1928 489 Ι

2124 428 2334 488 ΑΒΙΙΕ
2364 428 2721 490 ARCHIEP.
2942 448 2948 457 ί
3543 423 3647 487 672

403 559 584 599 sumus
629 558 721 613 per
768 541 1088 612 baptismum
1139 538 1195 592 in
1256 548 1474 590 mortem
1505 535 1572 589 ³⁸.
1619 534 1688 590 Et
1732 549 1920 590 rursus

2123 533 2323 602 αλαιὸς
2352 533 2521 604 ἡμῶν
2548 534 2856 602 ἄνθρωπος
2879 531 3348 602 συνεσταυρώθη
3373 546 3387 561 “
3422 529 3519 584 καὶ
3550 534 3646 583 πά-

419 635 572 690 Vetus
598 635 750 689 homo
785 642 960 687 noster
982 648 1089 685 una
1112 628 1388 697 cruciﬁxus
1411 637 1486 681 est
1520 626 1585 679 ".
1641 626 1707 679 Et
1736 640 1925 686 rursus

2129 646 2176 691 ν,
2206 629 2507 697 Σύμφυτοι
2535 628 2859 696 γεγόναμεν
2887 626 2967 692 τῷ
2992 624 3307 695 ὁμοιώματι
3340 621 3453 677 τοῦ
3477 623 3651 676 θανά·-

405 726 627 783 Ins‘titii
672 725 931 780 evasimus
979 732 1025 777 et
1053 721 1344 775 coaluimus
1393 717 1737 773 similitudine
1784 718 1967 773 mortis
2074 737 2180 775 του
2203 720 2408 775 αὐτοῦ.

350 809 360 826 ”
407 818 519 888 ejus
540 816 607 871 ‘°.

478 905 639 961 Vens.
673 905 727 962 2.
759 904 820 959 Et
874 905 962 958 ubi
1004 902 1190 958 Petrus
1246 901 1479 956 ascemlit
1528 896 1966 970 Hierosolymam,

2145 904 2251 960 Kal
2275 904 2372 958 ὅτε
2401 904 2581 973 ἀνέϐη
2617 903 2838 973 Πέτρος
2861 906 2946 973 εὶς
2983 904 3404 975 Ἱεροσόλυμα,
3434 902 3650 972 διεκρί-

411 995 774 1065 disceptabant
802 998 1053 1050 adversus
1100 994 1275 1057 illum,
1326 993 1414 1063 qui
1448 1000 1597 1046 erant
1651 1006 1714 1045 ea:
1742 991 1934 1044 circum

1663 1006 1714 1045 τε
1742 991 1971 1044 circum-
2077 1013 2257 1051 νοντο
2284 997 2433 1066 πρὸς
2454 996 2640 1055 αὑτὸν
2672 1000 2727 1051 ot
2747 997 2815 1052 ἐκ
2841 996 3186 1068 περιτομῆς,

408 1105 548 1152 crsts,

479 1177 641 1232 Vens.
670 1176 724 1232 3.
756 1174 995 1233 Dicentes
1018 1191 1037 1230 :
1095 1175 1176 1229 Ad
1205 1175 1437 1228 homines
1484 1173 1742 1244 prteputio
1786 1171 1973 1226 obsitos

2150 1176 2460 1246 Λέγοντες,
2485 1177 2572 1231 ὅτι
2604 1177 2758 1244 Πρὸς
2790 1176 3011 1245 ἄνδρας
3037 1177 3460 1246 ἀκροϐυστίαν
3485 1176 3652 1247 ἕχον-

409 1271 668 1341 ingressus
697 1285 771 1330 es,
805 1277 852 1323 et
878 1286 984 1323 una
1015 1286 1133 1323 cum
1154 1268 1259 1322 illis
1280 1265 1566 1321 comedisti.

2082 1283 2188 1331 τας
2223 1267 2527 1334 εἰσῆλθες.
2560 1267 2658 1321 καὶ
2696 1267 3034 1349 σρνέφαγες
3066 1268 3291 1336 αὐτοῖς.

482 1360 646 1414 Vens.
671 1358 722 1412 4.
765 1357 950 1412 Petrus
983 1368 1158 1411 autem
1203 1358 1373 1410 dicere
1410 1372 1645 1422 exorsus,
1690 1353 1973 1423 exponebat

2155 1357 2506 1428 Ἃρξάμενος
2528 1359 2597 1412 δὲ
2620 1362 2654 1414 ό
2686 1360 2926 1429 Πέτρος,
2953 1359 3248 1425 ἐξετίθετο
3280 1360 3502 1425 αὐτοῖς
3523 1363 3652 1414 καθ·

410 1451 483 1504 eis
513 1451 694 1503 ordine
718 1451 892 1503 omnia
923 1449 1229 1519 singulatim
1251 1447 1329 1501 Itis
1357 1447 1555 1502 verbis:

955 1449 1229 1519 ingulatim
1251 1447 1329 1501 Itis
1357 1447 1555 1502 verbis:
2081 1443 2229 1511 εξῆς
2254 1445 2447 1516 λέγων
2466 1463 2478 1478 ·

482 1540 643 1595 Vsus.
675 1542 728 1596 5.
767 1540 877 1611 Ego
931 1556 1077 1593 eram
1116 1539 1170 1592 in
1227 1540 1413 1609 oppido
1462 1537 1630 1605 Joppe
1679 1552 1857 1601 orans,
1910 1552 1975 1588 ac

2154 1536 2304 1605 Ἐγὼ
2364 1536 2528 1606 ἤμην
2565 1538 2635 1592 έν
2678 1540 2852 1594 πόλει
2891 1538 3104 1607 Ἰόππῃ
3141 1539 3651 1608 προσευχόμενος,

409 1631 517 1685 vidi
547 1632 598 1683 in
640 1631 837 1684 επιειιεὶ
875 1630 903 1670 ιι
928 1631 1195 1695 uisionem,
1235 1645 1415 1697 nempe
1452 1645 1543 1682 vas
1573 1628 1833 1698 quoddam
1859 1626 1932 1681 det

2132 1627 2183 1681 at
2211 1624 2453 1683 εἶδονέν
2473 1629 2757 1685 ἐκστάσει
2789 1630 2999 1701 ὅραμα,
3030 1631 3405 1686 καταϐαῖνον
3441 1630 3655 1695 σκεῦός

412 1723 646 1789 cendere,
706 1730 957 1792 tanquam
1002 1719 1171 1774 velum
1236 1735 1507 1790 magnum,
1560 1718 1698 1786 quod
1749 1724 1935 1787 quatut

2131 1735 2159 1783 ιι
2190 1718 2270 1784 ὡς
2302 1719 2524 1787 ὀθόνην
2543 1721 2816 1792 μεγάλην
2862 1721 3192 1790 τέσσαρσιν
3221 1720 3447 1791 ἀρχαῖς
3471 1723 3654 1775 καθιε-

408 1810 579 1864 initiis
629 1810 692 1864 de
764 1810 888 1864 caelo
944 1809 1347 1874 demittebatnr,
1401 1824 1463 1861 ac
1515 1806 1746 1876 pervenit
1817 1821 1931 1875 usqt

2079 1806 2275 1876 μένην
2300 1808 2368 1862 ἑκ
2400 1810 2507 1865 τοῦ
2537 1812 2818 1880 οὐρανοῦ,
2849 1815 2946 1869 καὶ
2977 1813 3165 1884 ἦλθεν
3197 1812 3379 1882 ἄχρις
3413 1811 3557 1881 ἐμοῦ
3576 1829 3588 1844 ·

413 1901 487 1953 ad
514 1916 637 1953 me:
2016 1910 2056 1966 Β

491 1987 651 2043 Vens.
670 1987 724 2044 6.
744 1988 807 2043 In
839 1989 976 2059 quod
996 1990 1221 2053 intuens,
1255 1985 1733 2041 animadvertebam
1757 2000 1820 2038 ac
1844 1983 1985 2038 vide-

2156 1989 2260 2054 Εἰς
2290 1987 2371 2058 ἢν
2414 1990 2717 2059 ἀτενίσας,
2755 1992 3081 2048 κατενόουν
3118 1993 3214 2047 καὶ
3266 1988 3439 2047 εἶδον
3471 1991 3543 2046 τὰ
3571 2010 3652 2047 τεά

417 2078 535 2131 bam
576 2079 941 2149 quadrupedes
978 2086 1153 2142 terrce,
1186 2093 1250 2130 ac
1306 2078 1469 2147 feras,
1521 2086 1569 2129 et
1620 2081 1904 2143 serpentes,
1938 2102 1940 2120 ι

2127 2076 2350 2142 ρὰποδα
2381 2079 2492 2147 τῆς
2520 2079 2654 2150 γῆς,
2697 2083 2794 2135 καὶ
2828 2082 2903 2137 τὰ
2941 2066 3136 2151 θηρία,
3166 2083 3268 2138 καὶ
3315 2082 3393 2137 τὰ
3429 2081 3650 2151 ἑρπετὰ,

413 2168 651 2234 uolucres
681 2169 815 2223 caeli.

2087 2167 2186 2221 καὶ
2221 2169 2293 2224 τὰ
2325 2171 2568 2225 πετεινὰ
2594 2172 2699 2227 τοῦ
2730 2172 3010 2241 οὐρανοῦ.

486 2257 652 2314 Vens.
679 2261 733 2314 7.
759 2259 950 2314 Audivi
975 2260 1097 2312 item
1128 2272 1301 2311 vocem
1324 2256 1579 2311 dicentem
1603 2254 1730 2308 mihi
1745 2266 1769 2310 ε
1798 2250 1982 2323 Surge,

2166 2261 2437 2316 Ἤκουσα
2470 2262 2539 2316 δὲ
2586 2264 2791 2333 φωνῆς
2827 2266 3125 2336 λεγούσης
3145 2282 3251 2335 μοι
3273 2282 3289 2298 ·
3349 2264 3649 2332 Ἀναστὰς,

417 2349 593 2414 Petre,
626 2358 801 2404 macta
840 2359 888 2403 et
916 2350 1142 2403 comede.

2087 2354 2291 2421 Πέτρε,
2316 2354 2511 2410 θῦσον
2547 2356 2641 2409 καὶ
2677 2356 2852 2425 φάγε.

490 2440 652 2496 Vens.
686 2441 739 2496 8.
770 2441 848 2495 Ac
875 2442 1021 2496 dixi:
1073 2440 1306 2502 Minime,
1358 2439 1618 2499 Domine;
1674 2439 1798 2509 quia
1859 2438 2003 2493 nihil.

2152 2440 2343 2498 Εἴπον
2386 2444 2488 2498 δέ’
2545 2445 2863 2515 Μηδαμῶς,
2906 2448 3121 2516 Κύριεο
3155 2448 3244 2501 ὅτι
3285 2447 3417 2504 πᾶν
3466 2446 3651 2501 κοινὸν

421 2548 693 2587 commune
754 2543 804 2587 et
862 2534 1189 2587 immundum
1253 2548 1484 2603 unquam
1540 2530 1760 2585 intravit
1818 2531 1872 2585 in
1931 2549 1944 2587 t

2129 2537 2188 2591 al
2215 2536 2552 2606 ἀκάθαρτον
2579 2539 2622 2571 ¹⁸
2650 2538 2936 2593 οὐδέποτε
2960 2539 3251 2609 εισῆλθεν
3278 2541 3372 2605 εις
3393 2539 3458 2593 τὸ
3478 2540 3648 2605 στόμα

422 2640 615 2680 meum.
1939 2684 1945 2691 ,

1939 2684 1947 2691 ,
2082 2643 2202 2697 μου
2221 2641 2235 2657 °

497 2713 658 2770 Vens.
709 2716 762 2773 9.
796 2714 1077 2787 Respondit
1126 2726 1304 2770 autem
1366 2716 1493 2769 mihi
1544 2731 1642 2769 vox
1685 2715 1876 2768 iterum
1925 2715 1989 2768 de

2175 2715 2489 2787 Ἀπεκρίθη
2527 2714 2594 2769 δέ
2632 2734 2735 2786 μοι
2788 2716 2955 2786 φωνὴ
2993 2716 3060 2772 ἑκ
3120 2717 3410 2787 δευτέρου
3461 2717 3523 2771 ἐκ
3556 2714 3645 2770 τοῦ

423 2804 583 2860 caelo:
643 2806 771 2872 Qua'
813 2805 957 2862 Deus
1024 2807 1297 2879 purgavit,
1331 2816 1387 2861 tu
1434 2806 1730 2860 communia
1783 2822 1846 2859 ne
1890 2822 1946 2876 ρι

2094 2807 2387 2875 οὐρανοῦο
2429 2810 2496 2863 Ἃ
2531 2811 2564 2864 ὀ
2597 2808 2740 2876 Θεὸς
2764 2810 3015 2879 ἐκάθαρε
3040 2810 3106 2876 ’⁷,
3140 2808 3221 2865 σὺ
3242 2810 3335 2880 μὴ
3368 2810 3585 2865 κοίνου.

427 2904 520 2950 “'8.

499 2984 660 3041 Vens.
694 2986 778 3042 i0.
812 2987 982 3057 Atque
1035 2987 1130 3040 hoc
1162 2988 1362 3058 factum
1411 2995 1485 3041 est
1530 2999 1646 3042 ter:
1699 3002 1765 3041 ac
1808 3002 1990 3041 rursus

2167 2990 2345 3046 Τοῦτο
2369 2991 2438 3046 δὲ
2474 2992 2711 3063 ἐγένετο
2738 2992 2836 3051 ἐπὶ
2872 2995 3023 3060 τρίς·
3052 2993 3150 3048 καὶ
3179 2993 3377 3049 πάλιν
3407 2990 3644 3047 ἀνεσπά-

424 3078 603 3131 omnia
634 3077 891 3132 subducta
922 3086 1044 3131 sunt
1066 3078 1122 3131 in
1141 3077 1344 3132 ccelum.

2089 3085 2209 3148 σθη
2241 3083 2477 3138 ἅπαντα
2513 3086 2600 3150 εὶς
2633 3084 2741 3137 τὸν
2770 3084 3051 3151 οὐρανόν.

493 3165 683 3222 Vidisti
721 3167 894 3222 zelum
928 3167 1278 3238 studiumque
1308 3166 1628 3231 vehemens,
1662 3181 1774 3237 quo
1814 3165 1988 3237 legem

2162 3171 2319 3238 Εἶδες
2345 3174 2435 3227 τὸν
2468 3173 2650 3244 ζῆλον,
2689 3175 2748 3229 δν
2779 3172 2925 3246 εἶχον
2955 3174 3093 3247 ὑπὲρ
3138 3174 3233 3230 τοῦ
3271 3175 3461 3247 νόμου.
3497 3174 3564 3228 Οὐ
3592 3173 3641 3224 si

429 3258 741 3313 tuebantur.
772 3258 891 3315 Non
914 3235 1231 3330 dignitatern
1259 3258 1371 3330 96
1395 3258 1539 3312 Petri
1569 3235 1785 3312 πονοι-ίιί
1821 3235 1951 3310 sunt

2115 3235 2311 3335 ἠξίωμά
2338 3235 2544 3335 Πέτρον
2579 3235 2905 3336 ᾐδέσθησαν,
2934 3266 2994 3319 οὐ
3024 3235 3092 3319 τὰ
3126 3235 3402 3337 γενόμενα
3446 3266 3638 3336 σημεῖα,

425 3365 535 3405 non
566 3349 739 3420 signa,
765 3363 886 3419 quae
926 3348 1066 3404 facta
1098 3357 1286 3404 erant:
1342 3364 1450 3404 non
1485 3356 1875 3418 reputaverunt
1903 3361 1948 3401 rt

2115 3356 2156 3409 »ὖ
2186 3357 2248 3409 rb
2275 3356 2608 3429 κατόρθωμα
2654 3357 2777 3411 ὅσον
2821 3354 2888 3430 ἦν
2938 3359 2997 3413 τὸ
3030 3359 3291 3426 δέξασθαι
3338 3361 3430 3415 τὸν
3473 3359 3638 3426 λόγον·

425 3448 649 3509 quanta,
699 3455 859 3509 quam
911 3440 1053 3495 bene
1114 3447 1266 3511 gesta
1321 3449 1487 3503 esset,
1535 3451 1763 3510 nempe,
1811 3444 1873 3491 ut
1922 3452 1948 3491 a

2115 3449 2210 3503 01‘
2244 3447 2383 3519 ὑπὲρ
2414 3447 2523 3501 τῶν
2572 3449 2784 3519 μικρῶν
2837 3450 3061 3505 ἐκείνων
3105 3451 3459 3521 διεκρίνοντο.
3503 3450 3559 3503 Ol
3587 3450 3638 3500 ἐκ

424 3531 632 3586 exteris
686 3531 913 3587 verbum
966 3532 1061 3587 Dei
1122 3533 1493 3601 reciperetur:
1545 3529 1641 3586 sed
1693 3529 1761 3584 de
1809 3543 1940 3599 parv

2115 3541 2397 3611 περιτομῆς
2442 3540 2796 3612 διεκρίνοντο,
2850 3543 2948 3614 οὐχ
3002 3544 3051 3597 οε
3090 3542 3414 3598 ἀπόστολοι·
3466 3542 3534 3610 μὴ
3562 3540 3638 3608 γέ·-

429 3625 535 3681 illis
573 3626 974 3698 diseeptabant.
1006 3626 1108 3693 Qui
1140 3634 1301 3685 erant
1322 3626 1388 3681 de
1418 3640 1615 3697 genere
1641 3625 1952 3680 circumcist

2116 3641 2256 3680 νοιτο.
2280 3627 2353 3679 Οὐ
2388 3625 2603 3694 λέγουσι
2629 3625 2705 3693 δὲ,
2735 3626 2834 3680 Διὰ
2865 3629 2916 3679 τί
2947 3626 3346 3698 κατήγγειλαςς
3392 3627 3538 3689 ἀλλὰ,
3560 3624 3639 3678 Διά

424 3702 546 3772 rum
576 3718 971 3788 disceptabant,
1003 3736 1112 3775 non
1163 3718 1420 3790 apostoli.
1458 3718 1633 3774 Absit.
1658 3716 1779 3772 Non
1804 3715 1947 3769 diem

2115 3715 2150 3769 ξι
2190 3715 2526 3785 συνέφαγες;
2563 3715 2621 3770 '0
2647 3716 2703 3770 δὲ
2762 3716 2970 3787 Πέτρος
3001 3717 3063 3771 οὐ
3093 3717 3233 3790 πρὸς
3275 3717 3435 3771 τοῦτο
3482 3715 3638 3768 ἵστατο

424 3819 640 3866 autem:
691 3810 802 3867 Cur
851 3810 1219 3866 annuntiasti?
1279 3810 1394 3875 sed,
1455 3810 1568 3865 Cur
1646 3823 1754 3863 una
1814 3806 1947 3862 CibUJ

2116 3804 2157 3859 τὸ
2183 3805 2413 3877 ψυχρὸν,
2448 3806 2582 3861 ἀλλὰ
2612 3808 2748 3876 πρὸς
2790 3809 2966 3862 ἐκεῖνο
2992 3808 3051 3862 τδ
3082 3808 3249 3879 μέγα,
3280 3809 3365 3862 ὅτι
3407 3809 3464 3861 El
3495 3803 3639 3859 Πνεῦ-

425 3903 744 3974 sumpsisti?
767 3902 836 3958 At
885 3902 1081 3958 Petrus
1110 3902 1165 3956 in
1197 3902 1324 3965 hoc,
1357 3902 1500 3972 quod
1540 3888 1794 3971 frigidum
1845 3910 1948 3953 eral

2116 3912 2274 3958 αατος
2311 3895 2632 3966 μετέλαϐον,
2667 3897 2820 3967 φησι,
2854 3897 2971 3961 πῶς
2999 3895 3190 3951 τούτου
3222 3895 3533 3969 μεταδοῦναι
3559 3895 3639 3947 οὐκ

426 4010 535 4049 non
567 3995 919 4060 consistebat,
947 4008 1048 4048 nec
1072 3992 1485 4056 immorabatur,
1519 3992 1614 4047 sed
1641 3992 1695 4046 in
1718 3991 1830 4057 illo,
1854 4005 1949 4060 quc

2116 3985 2201 4059 5v;
2232 3987 2484 4041 Δείκνυσι
2514 3988 2571 4041 δὲ
2608 3987 2698 4041 διὰ
2726 3989 2824 4058 τῆς
2854 3988 3176 4059 ἀπολογίας,
3223 3989 3414 4043 ἑαυτὸν
3441 3987 3533 4059 μὲν
3564 3985 3639 4037 οὖν

431 4100 684 4155 magnum
729 4093 847 4139 erat
878 4098 894 4137 τ
925 4098 1144 4152 nempe,
1171 4080 1229 4137 Si
1259 4080 1545 4152 Spiritum,
1568 4082 1764 4153 inquit,
1787 4082 1954 4137 sicut:

2116 4078 2273 4149 ἴαμοῦ
2302 4080 2477 4135 αῐτιον
2499 4096 2512 4111 ·
2541 4080 2818 4150 πανταχοῦ
2846 4081 2902 4135 δὲ
2932 4081 3023 4136 τὸν
3058 4081 3217 4147 Θεὸν,
3242 4081 3329 4151 ἐφ’
3361 4082 3419 4136 ὃν
3449 4078 3586 4151 ἔριψε
3606 4074 3639 4106 ¹⁹

430 4190 552 4241 nos,
588 4183 936 4245 acceperunt,
968 4176 1063 4245 qui
1110 4175 1214 4231 hoc
1249 4175 1355 4229 illis
1407 4172 1673 4243 impartiri
1707 4187 1813 4226 non
1867 4173 1953 4226 lict

2118 4172 2161 4225 τὸ
2198 4174 2327 4228 πᾶν.
2361 4174 2435 4227 Τὸ
2464 4173 2657 4238 σκεῦος
2692 4175 2821 4245 γὰρ,
2860 4174 3044 4246 φησὶν,
3084 4173 3249 4239 αὐτὸς
3300 4173 3518 4238 ἔδειξεν·
3551 4166 3641 4236 ἐγὼ

430 4252 563 4321 bal?
593 4265 842 4323 Ostendit
865 4278 1045 4323 autem
1078 4285 1171 4339 per
1202 4283 1354 4323 suam
1378 4267 1750 4323 defensionem
1785 4279 1844 4319 se
1878 4281 1946 4335 qu

2117 4264 2381 4318 Ξιντεῖπον.
2427 4265 2539 4318 Καὶ
2580 4266 2745 4320 πάλιν
2786 4265 2947 4329 αὐτὸς
2989 4261 3149 4319 εἷπε·
3200 4266 3296 4318 καὶ
3337 4265 3453 4319 οὐδὲ
3497 4261 3640 4320 οὕτως

432 4358 554 4414 dem
586 4374 851 4430 nusquam
884 4402 900 4428 ,
959 4360 1160 4432 ubique
1191 4375 1319 4416 vero
1365 4376 1581 4416 causam
1609 4370 1664 4415 et
1722 4369 1955 4416 auctore]

2116 4355 2335 4428 ἤκουσα.
2365 4355 2441 4410 Τὸ
2482 4354 2707 4426 Πνεῦμα
2750 4355 3037 4408 ἐκέλευσεν
3084 4354 3373 4409 ἀπελοεῖνο
3405 4348 3639 4406 ἀπελθὼν,

433 4450 512 4505 rei
544 4460 710 4522 gesta:
739 4466 860 4506 esse
912 4451 1101 4516 Deum,
1160 4452 1215 4506 in
1273 4460 1445 4522 quem
1494 4451 1670 4521 reiicit
1719 4451 1956 4522 negotia]

2115 4450 2207 4503 οὐκ
2233 4449 2561 4519 ἐπέδραμον,
2591 4447 2700 4502 οὐδ’
2721 4447 2924 4510 εὐθέως
2956 4446 3228 4500 ἐϐάπτισα
3247 4462 3262 4476 '
3292 4444 3427 4499 ἀλλὰ
3456 4438 3594 4492 πάλιν
3618 4435 3638 4486 ὁ

432 4528 627 4609 totum.
657 4542 765 4600 Vas
808 4544 975 4610 enim,
1016 4545 1212 4614 inquit,
1247 4545 1365 4615 ipse
1414 4544 1678 4601 ostendit:
1731 4560 1829 4615 ego
1863 4559 1955 4600 con

2117 4543 2236 4606 Θεὸς
2257 4543 2317 4596 τὸ
2341 4544 2450 4596 πᾶν
2478 4541 2792 4612 εἰργάσατο.
2826 4542 3103 4597 Ἤκουσα
3129 4540 3198 4594 δὲ
3225 4541 3328 4596 καὶ
3356 4533 3543 4610 φωνῆς

434 4634 666 4702 tradixi;
707 4649 772 4689 ac
819 4651 1009 4693 rursus
1060 4635 1174 4705 ipse
1220 4635 1392 4700 dixit,
1439 4651 1504 4690 ac
1556 4651 1624 4689 ne
1655 4636 1735 4691 sic
1781 4635 1957 4706 quidet

2114 4636 2333 4704 ratione
2353 4651 2476 4704 μοι.
2516 4633 2721 4688 Ὶκανδν
2752 4632 2851 4703 μὲν
2896 4627 2964 4704 ἦν
3017 4635 3114 4686 καὶ
3163 4631 3322 4686 τοῦτο
3368 4630 3555 4707 πεῖσαι,
3591 4617 3637 4673 τδ

434 4724 679 4795 obedivi.
713 4723 1136 4796 Spiritusjussit
1167 4726 1356 4780 abire:
1399 4726 1590 4780 abiens
1623 4742 1730 4779 non
1763 4741 1957 4780 accurr

2111 4724 2408 4783 Θεάσασθαι
2443 4725 2540 4796 τὴν
2591 4725 2821 4791 σινδόνα,
2858 4723 2997 4794 πλὴν
3025 4724 3161 4779 ἀλλὰ
3204 4726 3298 4778 καὶ
3331 4720 3471 4791 φωνὴ
3495 4728 3634 4785 πρω-

433 4826 613 4881 ncque
664 4815 844 4868 statim
902 4813 1168 4884 baptizavi
1214 4828 1229 4867 :
1285 4813 1379 4867 sed
1452 4813 1595 4867 Deus
1666 4827 1857 4867 rursus
1922 4821 1956 4866 tt

2111 4813 2301 4883 ετέθηο
2331 4814 2649 4879 Ἀναστὰς,
2687 4811 2888 4879 Πέτρε,
2927 4810 3121 4866 θῦσον
3162 4812 3259 4866 καὶ
3293 4810 3455 4880 φάγε.
3480 4799 3634 4857 Εἶπον

438 4910 553 4956 ῑιιιη
586 4904 858 4974 negotium
926 4905 1154 4976 peregit.
1214 4904 1406 4959 Audivi
1455 4914 1626 4959 autem
1650 4906 1809 4958 etiam
1835 4921 1961 4959 voce:

2111 4904 2178 4958 δέ
2201 4923 2214 4935 ·
2246 4903 2564 4973 Μηδαμῶς,
2597 4905 2796 4972 Κύριε.
2836 4905 2998 4974 Ὁρᾷς
3043 4903 3124 4957 ὅτι
3163 4903 3223 4956 τὸ
3268 4902 3394 4970 ἐμὶν
3422 4893 3632 4961 ἐποίησα.

437 4994 692 5047 dicentem
745 4994 891 5049 mihi.
945 4995 1089 5051 Satis
1135 4996 1354 5066 quidam
1423 5005 1541 5051 erat
1596 4995 1757 5050 etiam
1809 4996 1960 5049 ltoca

2114 4996 2269 5065 φησί.
2312 4995 2455 5064 Πρὸς
2482 4994 2642 5048 τοῦτο
2681 4993 2738 5047 δὲ
2768 4995 2801 5063 ἡ
2845 4993 3131 5062 ἀπολογία,
3163 4992 3192 5046 ὃ
3240 4991 3417 5058 ελεγον
3450 4983 3631 5038 ἐκεῖνοι.

438 5084 900 5157 persuadendum,
965 5102 1195 5157 nempe,
1250 5087 1393 5157 quod
1452 5087 1692 5140 videram
1741 5085 1961 5141 linteum

2111 5080 2191 5142 ὅτι
2218 5086 2519 5155 Εἰσῆλθες
2543 5085 2642 5139 καὶ
2665 5084 3006 5154 συνέφαγες
3043 5082 3269 5155 αὐτοῖς.
3310 5070 3634 5166 Ἀπολογεῖται

440 5176 631 5236 νει-σω
669 5188 850 5236 tamen
879 5181 1043 5236 etiam
1074 5197 1176 5250 vox
1206 5182 1414 5251 adjecta
1456 5192 1542 5236 est
1571 5199 1584 5235 :
1616 5179 1802 5252 Surge,
1831 5179 1963 5234 Petri

2117 5178 2196 5242 δὲ,
2230 5178 2326 5231 καὶ
2350 5176 2448 5230 οὐκ
2470 5175 2616 5239 ἁξιοῖ
2635 5176 2711 5247 τῷ
2730 5173 2824 5228 τοῦ
2850 5175 3171 5229 διδασκάλου
3190 5171 3448 5241 ἀξιώματι
3472 5172 3633 5260 κεκξηῖ

444 5280 618 5324 macta
659 5281 709 5325 et
736 5272 965 5328 comede.
997 5272 1071 5326 Ac
1096 5273 1227 5339 dixi,
1262 5270 1503 5335 Minime,
1536 5271 1787 5325 Domine.
1820 5272 1967 5327 Videt

2115 5269 2260 5324 σθαι.
2299 5267 2451 5338 Ὄσῳ
2503 5267 2611 5341 γὰρ
2645 5266 3049 5338 ἐπιεικέστερον
3093 5264 3405 5334 φθέγγεται,
3435 5257 3631 5309 τοσούτῳ

443 5359 647 5434 inquit,
670 5378 757 5417 me
784 5378 964 5418 meum
1011 5362 1203 5421 iecisse
1228 5361 1485 5417 oliicium.
1541 5362 1712 5417 Porro
1754 5361 1966 5419 defensi

1355 5361 1485 5417 ium.
1541 5362 1712 5417 Porro
1754 5361 2005 5419 defensio
2117 5361 2317 5435 μᾶλλον
2340 5358 2540 5424 αὐτοὺς
2569 5358 2871 5430 χειροῦται.

445 5432 656 5525 spectat
678 5456 746 5511 ad
776 5456 851 5522 id,
875 5457 1018 5527 quod
1046 5456 1123 5511 illi
1160 5456 1436 5518 dicebant,
1473 5471 1704 5526 nempe:
1739 5455 2007 5526 Ingressus
2042 5432 2189 5523 es,vet
2227 5469 2336 5507 una
2362 5453 2634 5507 comedisti
2671 5468 2787 5506 cum
2814 5450 2939 5504 illis.
2975 5447 3205 5505 Causam
3281 5451 3449 5500 autem
3509 5432 3629 5484 suam

405 5526 455 5636 Ἰ,
516 5571 561 5606 ³⁸
604 5574 760 5629 Rom.
811 5590 887 5640 vr,
939 5573 997 5629 4.
1074 5574 1119 5608 ³⁹
1172 5572 1329 5641 ibid.,
1386 5573 1440 5630 6.
1516 5573 1752 5640 “ibid.,
1793 5574 1847 5629 5.

1659 5665 1857 5727 Varia:
1902 5664 2207 5727 lectiones
2249 5671 2310 5726 et
2354 5669 2523 5725 notte

523 5765 565 5795 ‘°
600 5762 663 5817 In
695 5764 907 5834 uulgato
944 5774 1040 5829 est,
1071 5766 1104 5835 ἦ
1146 5768 1239 5821 καὶ
1260 5766 1587 5839 ἀκάθαρτον.
1668 5767 1710 5799 ¹⁷
1736 5764 1803 5822 In
1846 5766 2046 5837 vulgatc

1483 5784 1587 5822 τον.
1668 5767 1710 5799 ¹⁷
1736 5764 1803 5822 In
1846 5766 2184 5837 uulgato'est,
2212 5762 2526 5835 ἐκιθάρισε.
2604 5756 2647 5792 ’⁸
2676 5755 2887 5831 ἔρριψε,
2922 5758 3006 5811 ῑσ.

523 5858 550 5899 ι
598 5857 654 5912 ν.
686 5858 745 5913 In
770 5874 982 5915 excessu
1011 5863 1195 5917 mentis
1230 5878 1377 5937 ntere.
