3856 6544
471 411 580 475 675

454 614 768 687 prohibere.
803 614 975 681 Atque
1006 610 1079 663 illi
1108 610 1195 663 liis
1221 609 1400 664 verbis
1449 611 1704 680 mitigati,
1743 615 1810 665 ad
1851 612 2019 666 animi

455 707 818 762 humilitatem
853 715 1015 771 atque
1061 700 1448 756 demissionem
1491 702 1740 757 conversi
1787 712 1917 758 sunt
1966 711 2023 758 et

451 800 861 852 conticuerunt.
890 791 1054 847 Vides
1087 792 1156 847 ab
1177 792 1424 848 oratione
1472 793 1636 857 Petri,
1664 794 1756 863 qui
1779 809 1868 858 ea.
1901 809 2022 864 qute

454 899 573 943 acta
600 895 776 949 erant,
813 884 1093 948 retulerat,
1129 882 1309 937 omnia
1335 883 1536 937 bonum
1567 885 1823 939 habuisse
1849 899 2018 939 even-

453 979 610 1032 tum?
677 976 816 1031 Hinc
881 975 1139 1044 deinceps
1206 975 1369 1043 ianua
1445 977 1646 1032 exteris
1708 974 2020 1031 nationibus

453 1078 642 1139 aperta
672 1081 774 1123 est.

524 1157 685 1211 Vens.
713 1157 800 1212 l9.
830 1157 1000 1226 Atque
1020 1156 1101 1209 illi
1119 1154 1353 1226 quidem,
1382 1155 1472 1226 qui
1497 1155 1560 1209 ab
1585 1154 1877 1224 aﬂlictione,
1903 1170 2021 1225 quae

453 1249 643 1303 accidit
672 1257 904 1317 tempore
929 1246 1204 1315 Stephani,
1251 1247 1496 1315 dissipati
1547 1255 1721 1309 erant,
1774 1254 2019 1300 venerunt

450 1355 611 1408 usque
631 1339 687 1392 in
710 1337 986 1392 Phoenicen
1021 1349 1068 1390 et
1093 1337 1322 1406 Cyprum
1349 1347 1395 1391 et
1428 1337 1779 1402 Antiochiam,
1813 1336 2009 1391 nemini

448 1431 658 1483 verbum
692 1429 783 1482 Dei
817 1428 1103 1498 loquentes,
1134 1429 1236 1482 nisi
1258 1429 1381 1482 solis
1417 1428 1633 1482 Judtcis.

525 1517 689 1572 Vens.
723 1519 814 1572 20.
855 1517 1021 1570 Erant
1043 1529 1217 1570 autem
1240 1519 1457 1587 quidam
1485 1535 1548 1572 es;
1583 1518 1690 1572 illis
1722 1519 1820 1572 viri
1844 1517 2020 1588 Cyprii

450 1617 500 1662 et
532 1607 867 1678 Cyrenenses,
909 1608 996 1677 qui
1024 1609 1242 1678 ingressi
1275 1609 1625 1673 Antiochiam,
1677 1609 2021 1679 loquebantur

452 1697 523 1751 ad
550 1697 899 1761 ercanicos,
932 1698 1306 1750 annuntiantes
1335 1697 1616 1752 Dominum
1642 1699 1842 1753 Iesum.

1387 408 1965 469 THEOPIIYLACTI
2011 410 2422 474 BULGARLE
2441 409 2818 474 'ARCHIEP.
3595 419 3680 483 L7G

452 539 519 579 ac
545 519 900 578 vehementer
926 533 1021 573 eos
1043 516 1309 573 confutet.
1342 518 1462 572 Non
1517 529 1784 588 poteram.
1819 521 2020 590 inquit,

2139 524 2460 596 ἠδυνάμην,
2515 526 2688 595 φησὶ,
2759 524 3020 581 κωλῦσαι.

3110 527 3580 597 Ἐταπεινώθησαν
3634 530 3678 582 δὲ

2122 617 2319 671 ἐκεῖνοι
2359 617 2470 671 ἀπὸ
2493 618 2697 671 τούτων
2729 619 2839 671 τῶν
2864 618 3037 685 λόγων
3069 619 3165 671 καὶ
3193 619 3496 689 ⁴ίλσὺχασαν.
3531 607 3677 689 Ὀρᾷς

2120 707 2203 760 ὅτι
2233 708 2341 762 ἀπὸ
2368 708 2472 778 τῆς
2519 708 2864 779 δημηγορίας
2911 709 3006 762 τοῦ
3038 710 3244 780 Πέτρου
3274 710 3335 762 τὸ
3362 710 3473 762 πᾶν
3505 708 3677 776 γέγονε

2121 797 2320 861 καλῶς,
2354 798 2793 866 ἀπαγγείλαντος
2845 799 2914 853 τὰ
2957 800 3344 869 γεγενημένας
3411 798 3678 853 Ἐντεῦθεν

2130 887 2378 961 ἀνεῴχθη
2410 889 2444 959 ἠ
2474 888 2616 960 θύρα
2643 889 2779 960 πρὸς
2805 889 2874 943 τὰ
2904 889 3030 957 ἔθνη
3060 888 3268 943 λοιπόν.

2196 1164 2262 1217 οι
2287 1161 2405 1232 μὲν
2443 1156 2562 1220 οὖν
2589 1161 2636 1194 ⁸⁸
2663 1159 3100 1228 διασπαρέντες
3139 1160 3260 1216 ἀπὸ
3298 1160 3411 1228 τῆς
3436 1163 3675 1230 θλίψεως

2120 1253 2230 1324 τῆς
2267 1255 2596 1324 γενομένης
2627 1253 2724 1307 ἐπὶ
2751 1251 3083 1322 Στεφάνου,
3129 1250 3386 1320 διῆλθον
3419 1251 3527 1317 ἕως
3557 1256 3677 1306 Φοι-

2119 1345 2320 1412 νίκης,
2346 1347 2444 1402 καί
2483 1347 2725 1412 Κύπρου
2757 1344 2857 1398 καὶ
2905 1343 3293 1412 Ἀντιοχείας,
3336 1344 3545 1413 μηδενί
3575 1348 3676 1399 λα-

2118 1436 2372 1502 λοῦντες
2402 1436 2511 1490 τὸν
2535 1437 2744 1506 λόγον,
2778 1438 2834 1490 εί
2863 1433 2949 1504 μὴ
2991 1435 3181 1504 μόνον
3220 1434 3546 1501 Ἰουδαίοις.

2189 1524 2386 1586 Ἦσαν
2417 1527 2489 1582 δέ
2533 1545 2693 1594 τινες
2731 1528 2801 1593 ἐξ
2832 1525 3032 1581 αὐτῶν
3062 1525 3280 1595 ἄνδρες
3319 1528 3560 1596 Κύπριοι
3583 1531 3675 1583 nal

2121 1617 2446 1686 Κυρηναῖοι
2471 1621 2536 1684 ’⁵,
2560 1620 2780 1685 οἵτινες
2799 1619 3178 1682 εἰσελθόντες
3194 1620 3281 1684 είς
3303 1618 3676 1688 Ἀντιόχειαν,

2116 1709 2389 1765 ἐλάλουν
2414 1712 2564 1780 πρὸς
2599 1711 2741 1776 τοὺς
2795 1710 3217 1778 Ἑλληνιστάς,
3257 1710 3678 1781 εὐαγγελιζόμε-

2121 1820 2215 1857 νοι
2238 1803 2346 1856 τὸν
2378 1803 2595 1870 Κύριον
2624 1803 2872 1870 Ἰησοῦν
2901 1819 2915 1834 ⁸

522 1881 684 1936 Vsus.
709 1880 801 1934 21.
831 1879 901 1934 Εί
929 1887 1050 1932 erat
1095 1895 1286 1932 manus
1322 1879 1531 1934 Domini
1578 1895 1697 1933 cum
1730 1880 1871 1933 illis:
1911 1897 2022 1933 ma—

2201 1894 2312 1947 Kal
2337 1889 2416 1964 ἦν
2444 1893 2573 1963 χείρ
2603 1895 2822 1962 Κυρίου
2841 1896 2971 1965 μετ’
2991 1896 3188 1952 αὐτῶν
3210 1913 3228 1928 ⁶
3259 1899 3458 1960 πολύς
3484 1912 3547 1948 τε
3570 1895 3674 1964 ἀρι·

449 1987 656 2043 gnaque
685 1970 951 2023 hominum
980 1968 1302 2022 credentium
1329 1968 1612 2022 multitudo
1638 1970 1710 2023 ad
1742 1969 2023 2023 Dominum

449 2077 698 2114 conversa
729 2068 825 2112 εει.

522 2151 686 2206 Vsus.
713 2153 803 2205 22.
839 2151 1079 2205 Pervenit
1131 2161 1310 2204 autem
1345 2151 1500 2221 fama
1553 2151 1621 2204 de
1667 2150 1744 2204 his
1776 2150 1925 2204 rebus
1955 2151 2026 2204 ad

451 2261 609 2298 aures
636 2243 909 2308 Ecclesiae,
937 2258 1054 2313 qua:
1082 2253 1195 2296 erat
1227 2243 1640 2312 Hierosolymis:
1671 2251 1718 2296 et
1742 2243 2022 2298 emiserunt

451 2335 786 2402 Barnabam,
827 2344 884 2388 ut
917 2336 1163 2388 transiret
1196 2335 1520 2389 Antiochiam
1552 2350 1730 2405 usque.

521 2521 686 2576 Vsus.
727 2519 816 2574 25.
850 2517 964 2583 Quo
1011 2533 1125 2572 cum
1170 2516 1261 2571 ille
1296 2517 1535 2593 venisset
1566 2526 1614 2570 et
1642 2519 1854 2572 vidisset
1897 2535 2023 2588 gra-

451 2615 580 2667 tiam
612 2611 727 2673 Dei,
765 2612 975 2681 gavisus
1004 2619 1098 2672 est,
1132 2619 1180 2662 et
1207 2611 1449 2663 hortatus
1498 2625 1694 2672 omnes,
1738 2619 1794 2662 ut
1834 2625 2025 2679 propo-

453 2706 560 2758 sito
593 2715 632 2742 ιιι
665 2703 833 2755 cordis
863 2711 1230 2770 permanerent
1267 2703 1410 2770 apud
1440 2700 1741 2755 Dominum.

517 2796 632 2866 98
663 2793 821 2848 Vsus.
853 2793 946 2846 24.
978 2792 1109 2845 Erat
1161 2792 1298 2845 enim
1325 2793 1405 2846 vir
1457 2793 1640 2855 bonus,
1690 2808 1753 2846 ac
1791 2790 2024 2862 Spiritus

450 2890 621 2943 sancti
668 2903 732 2939 ac
782 2886 904 2954 ﬁdei
953 2885 1161 2954 plenus.
1212 2882 1286 2936 Ac
1327 2900 1522 2954 magna
1564 2883 1829 2938 hominum
1872 2883 2023 2938 turba

446 2979 676 3035 Domino
700 2977 911 3045 adjecta
937 2985 1038 3051 est;

523 3063 689 3119 Vsus.
712 3063 803 3116 25.
844 3063 1122 3131 Profectus
1157 3071 1231 3117 est
1265 3072 1445 3116 autem
1476 3062 1755 3117 Barnabas
1779 3062 2023 3129 Tarsum,

439 3165 510 3210 .ut
543 3156 830 3225 requireret
864 3152 1088 3209 Saulum
1115 3169 1135 3208 :
1176 3170 1326 3222 quem
1359 3169 1477 3206 cum
1536 3154 1832 3220 invenisset,
1871 3156 2022 3209 duxit

450 3245 804 3298 Antiochiam.

528 3335 685 3389 Vsus.
713 3333 806 3388 26.
839 3331 906 3386 Et
939 3335 1134 3388 accidit
1161 3343 1219 3388 ut
1255 3334 1337 3387 illi
1362 3335 1624 3406 integrum
1673 3351 1873 3390 annum
1903 3353 2022 3391 ver-

445 3437 694 3486 urentur
724 3427 779 3480 in
807 3426 1068 3489 Ecclesia,
1101 3443 1166 3480 ac
1190 3443 1441 3498 magnam
1490 3426 1760 3481 hominum
1811 3429 2023 3482 turbam

449 3523 708 3581 docerent,
739 3529 786 3574 et
809 3519 1094 3574 Antiochite
1119 3521 1348 3587 primum
1375 3517 1622 3588 discipuli
1667 3519 2014 3590 appellaren-

443 3623 539 3666 tur
566 3611 876 3668 Christiani.

522 3701 678 3758 Haud
709 3703 919 3773 exiguae
942 3701 1018 3756 rei
1060 3703 1201 3757 bene
1244 3703 1497 3774 gerenda:
1547 3704 1858 3774 persecutio
1878 3719 2020 3774 pree-

449 3793 570 3849 buit
595 3796 961 3850 occasionem.
1025 3794 1383 3865 Diligentibus
1435 3796 1582 3850 enim
1624 3797 1790 3850 Deum
1838 3796 2020 3852 omnia

449 3886 742 3956 proﬁciunt
817 3885 882 3940 ad
958 3886 1183 3940 bonum.
1241 3884 1374 3940 Nam
1436 3890 1654 3957 quando
1715 3888 2022 3958 Stephanus

449 3978 669 4032 occisus
694 3985 809 4040 est,
847 3977 1062 4044 quando
1120 3975 1319 4030 Paulus
1347 3976 1431 4032 bis
1478 3978 1810 4047 periclitatus
1844 3988 1928 4035 est
1951 3987 1979 4017 ιι
2001 4019 2018 4046 ,

448 4067 669 4137 quando
731 4067 959 4136 apostoli
1039 4067 1306 4123 verberati
1387 4077 1546 4134 sunt,
1629 4076 1759 4123 tunc
1827 4078 2022 4124 exterae

453 4164 702 4217 nationes
726 4161 974 4217 admissae
1011 4171 1173 4232 atque
1202 4171 1435 4233 receptae
1481 4170 1629 4218 sunt.
1675 4161 1828 4228 Quod
1855 4165 2018 4219 etiam

451 4255 653 4310 Paulus
679 4256 793 4310 ait:
831 4255 981 4310 Vobis
1033 4256 1261 4324 primum
1311 4256 1664 4310 necessarium
1711 4265 1826 4311 erat
1879 4256 2020 4325 loqui

449 4353 670 4405 verbum
709 4351 808 4406 Dei
831 4367 849 4405 :
881 4351 972 4405 sed
995 4351 1243 4420 quoniam
1269 4349 1524 4419 repellitis
1551 4349 1703 4415 illud,
1726 4359 1772 4403 et
1798 4358 2018 4403 vosmet-

452 4445 591 4513 ipsos
637 4446 873 4516 indignos
912 4446 1192 4514 jndicatis,
1245 4461 1358 4498 ecce
1405 4445 1752 4498 convertimus
1806 4460 1898 4497 nos
1945 4443 2016 4496 ad

2127 1985 2273 2056 θμὸς
2298 1986 2652 2052 πιστεύσας,
2681 1986 3055 2057 ἐπέστρεψεν
3074 1988 3171 2042 ἐπὶ
3205 1989 3311 2042 τὸν
3341 1989 3579 2057 Κύριον.

2197 2163 2500 2231 Ἠκούσθη
2523 2163 2592 2217 δὲ
2618 2166 2652 2218 ὁ
2689 2162 2894 2234 λόγος,
2917 2167 3004 2232 εἰς
3034 2167 3108 2222 τὰ
3134 2161 3258 2223 ὦτα
3290 2166 3401 2235 τῆς
3443 2169 3676 2236 Ἐκκληο

2125 2258 2266 2322 σίας
2321 2254 2432 2324 τῆς
2473 2257 2543 2309 ἐν
2608 2255 3046 2326 Ἰεροσολύμοις
3107 2257 3244 2327 περί
3303 2244 3542 2326 αὐτῶν,
3594 2265 3672 2321 καὶ

2124 2344 2564 2412 ἐξαπέστειλαν
2615 2345 2935 2416 Βαρνάϐαν
2983 2347 3242 2404 διελθεῖν
3285 2348 3398 2416 ἕως
3471 2351 3674 2408 Ἀντιθ-

2124 2440 2310 2509 χείας.

2202 2531 2309 2594 Ὃς
2353 2528 2857 2598 παραγενόμενος,
2900 2531 3001 2584 καί
3053 2529 3195 2584 ίδὼν
3234 2531 3352 2599 τὴν
3370 2531 3547 2601 χάριν
3589 2534 3673 2588 τοῦ

2125 2619 2296 2687 θεοῦ,
2332 2620 2538 2689 ἐχάρη,
2570 2621 2667 2674 καὶ
2693 2620 3016 2689 παρεκάλει
3039 2621 3291 2689 πάντας,
3315 2622 3391 2692 τῇ
3413 2623 3670 2692 προθέσει

2123 2712 2235 2780 τῆς
2272 2713 2520 2784 καρδίας
2545 2713 2915 2782 προσμένειν
2942 2713 3023 2779 τῷ
3047 2716 3257 2782 Κυρίῳ.

2195 2805 2330 2859 “Ott
2377 2800 2458 2875 ἦν
2497 2805 2654 2873 ἀνὴρ
2685 2804 2910 2875 ἀγαθὸς
2935 2806 3035 2863 καί
3085 2806 3324 2879 πλήρης
3354 2807 3671 2877 Πνεύματος

2125 2896 2296 2966 ἁγίου
2343 2897 2443 2950 καί
2487 2899 2764 2965 πίστεως,
2793 2897 2890 2952 καὶ
2917 2897 3247 2967 προσετέθη
3272 2899 3453 2969 ὄχλος
3488 2900 3672 2964 ἱκανὸς

2123 2987 2204 3054 τῷ
2233 2989 2448 3057 Κυρίῳ.

2193 3079 2451 3150 Ἐξῆλθε
2500 3080 2570 3135 δὲ
2614 3083 2703 3148 είς
2759 3080 2988 3151 Ταρσὸν
3034 3085 3068 3136 ό
3111 3081 3437 3152 Βαρνάϐας,
3483 3084 3669 3149 ἀναξη-

2124 3171 2305 3241 τῆσαι
2369 3171 2652 3240 Σαῦλον,
2699 3172 2798 3227 καί
2839 3172 3030 3241 εὑρὼν
3079 3175 3267 3230 αὑτὸν
3318 3175 3543 3246 ἤγαγεν
3599 3179 3668 3242 είς

2051 3237 2092 3296 C
2125 3237 2506 3332 Ἀντιόχειαν.

2197 3352 2468 3422 Ἐγένετο
2493 3352 2560 3407 δὲ
2584 3354 2804 3421 αὐτοὺς
2833 3355 3111 3410 ὲνιαυτόν
3137 3355 3288 3409 ὅλον
3313 3355 3667 3426 συναχθῆναι

2125 3445 2172 3476 ’⁸
2200 3443 2275 3514 τῇ
2305 3445 2639 3514 Ἐκκλησία
2679 3446 2773 3500 καί
2806 3447 3040 3512 διδάξαι
3065 3448 3254 3517 ὄχλον
3293 3447 3522 3511 ἱκανὸν,
3558 3464 3670 3516 χρη-

2118 3535 2368 3603 ματίσαι
2395 3553 2460 3590 τε
2488 3536 2725 3606 πρῶτον
2769 3537 2839 3591 ἐν
2866 3538 3206 3607 Ἀντιοχείᾳ,
3239 3539 3381 3606 τοὺς
3404 3541 3666 3610 μαθητὰς,

2122 3625 2538 3698 Χριστιανούς.

2199 3717 2274 3769 Οὐ
2313 3717 2508 3787 μικρὸν
2531 3717 2591 3771 τὸ
2627 3717 2962 3789 κατόρθωμα
2983 3719 3011 3773 ὁ
3041 3719 3279 3790 διωγμὸς
3319 3719 3514 3788 γέγονε
3539 3739 3551 3752 ·
3575 3721 3668 3781 τοῖς

2123 3809 2233 3880 γὰρ
2262 3809 2519 3878 ἀγαπῶσι
2553 3809 2645 3863 τὸν
2675 3809 2830 3877 Θεὸν,
2861 3810 3038 3866 πάντα
3071 3814 3322 3883 συνεργεῖ
3343 3815 3422 3876 είς
3454 3811 3665 3880 ἀγαθόν·

2125 3900 2214 3954 ὅτε
2254 3901 2365 3972 γὰρ
2402 3901 2674 3969 Στέφανος
2712 3901 2954 3975 ἀνῃρέθη
2978 3944 2995 3970 ,
3029 3903 3120 3957 ὅτε
3163 3902 3372 3968 Παῦλος
3407 3903 3490 3968 δὶς
3549 3905 3668 3956 ἐκιν-

2121 3991 2393 4058 δύνευσεν,
2441 3992 2529 4046 ὅτε
2559 3994 2607 4046 οἱ
2660 3993 2948 4048 ἀπόστολοι
2995 3995 3424 4066 ὲμαστίχθησαν,
3456 3995 3573 4049 τότε
3610 3992 3665 4047 τὰ

2123 4083 2250 4155 ἔθνη
2301 4083 2632 4156 ἐδέχθησανο
2663 4083 2691 4137 ὃ
2735 4085 2833 4140 καὶ
2887 4087 3097 4150 Παῦλός
3151 4105 3318 4158 φησιν
3347 4104 3362 4119 ·
3408 4089 3480 4142 ’Υ
3471 4088 3574 4158 μῖν
3604 4081 3667 4155 ἦν

2122 4173 2450 4242 ἀναγκαῖον
2467 4174 2700 4244 πρῶτον
2713 4176 3050 4246 λαληθῆναι
3071 4177 3178 4232 τὸν
3194 4178 3380 4248 λόγον
3399 4179 3503 4234 τοῦ
3520 4177 3665 4231 Θεοῦ·

2122 4265 2330 4334 ἐπειδὴ
2356 4265 2425 4319 δὲ
2459 4267 2791 4322 ἀπωθεῖσθε
2823 4269 3029 4334 αὑτὸν,
3051 4269 3151 4324 καί
3177 4271 3288 4324 οὐκ
3323 4269 3533 4335 ἀξίους
3557 4269 3664 4336 κρί-

2121 4374 2256 4412 νετε
2308 4357 2562 4424 ἑαυτοὺς
2593 4397 2610 4423 ,
2651 4356 2782 4412 ίδοὺ
2837 4360 3209 4430 στρεφόμεθα
3248 4362 3338 4428 είς
3389 4361 3461 4414 τὰ
3518 4359 3663 4424 ἔθνη.

2120 4446 2504 4501 -Ἐλάλουν
2535 4447 2684 4514 πρὸς
2713 4445 2853 4512 τοὺς
2887 4446 3305 4515 Ἑλληνιστάς.
3343 4447 3666 4519 Ἑλληνιστέις

445 4525 654 4590 θάπτεται
679 4549 856 4608 gentes
890 4535 1400 4603 “.—-Loquebantur
1419 4537 1487 4590 ad
1509 4535 1856 4591 Grtecanicos.
1901 4537 2020 4591 Ἐλ-

2139 4539 2178 4592 ir’:
2207 4539 2356 4606 λέγει
2379 4544 2452 4604 π’,
2487 4540 2618 4604 ῐσως
2645 4520 2735 4592 διά
2761 4539 2820 4593 τὸ
2841 4540 2915 4613 μὴ
2934 4540 3132 4594 εἰδέναι
3169 4541 3367 4606 αὐτοὺς
3391 4539 3660 4613 Ἐϐραϊστὶ,

447 4627 705 4697 ληνιστὰς
756 4637 960 4686 autem.
1019 4628 1070 4681 id
1126 4635 1245 4691 est,
1323 4625 1761 4691 Graecissatores,
1821 4635 1883 4681 ut
1940 4627 2013 4681 ita

2139 4632 2386 4700 Έλληνας
2409 4631 2608 4695 αὐτοὺς
2641 4631 2888 4687 ἐκάλουν.
2931 4631 3006 4686 Τὸ
3035 4632 3112 4694 δὲ,
3152 4627 3274 4686 Ἦν
3311 4633 3440 4702 χεὶρ
3467 4630 3662 4698 Κυρίου

447 4719 648 4779 dicam,
673 4717 787 4771 sive
819 4717 1158 4772 Graecanicos
1185 4718 1337 4772 dicit.
1363 4715 1610 4769 Forsitan
1639 4715 1845 4771 idcirco
1867 4715 2020 4772 Grat-

448 4823 546 4861 cos
578 4823 672 4862 eos
698 4810 986 4874 vocabant,
1014 4809 1157 4877 quod
1214 4806 1475 4860 llebraice
1515 4807 1808 4862 nescirent.
1865 4808 2020 4874 Quod

447 4911 634 4955 autem
661 4900 811 4966 dicit,
845 4901 978 4955 Erat
1009 4916 1199 4953 manus
1230 4898 1437 4951 Domini
1457 4913 1572 4951 cum
1599 4899 1692 4963 eis,
1727 4899 1831 4954 hoc
1855 4900 2022 4972 signi-

447 4989 577 5044 ﬁcat
597 5004 691 5045 eos
726 4990 878 5062 signa
908 4990 1123 5045 fecisse.
1154 4988 1315 5044 Vides
1345 4992 1699 5060 quamobrem
1739 4993 2016 5062 signorum

447 5077 615 5134 editio
661 5079 826 5135 etiam
882 5096 1030 5135 nunc
1091 5081 1399 5136 necessaria
1465 5081 1669 5136 fuerit?
1710 5099 1908 5155 nempe
1956 5095 2054 5140 ut'

444 5169 753 5226 crederent.
785 5171 856 5225 Et
885 5161 1259 5242 ablegaverunt
1293 5171 1616 5240 Barnabam,
1673 5182 1732 5227 ut
1769 5176 2015 5228 transiret

446 5259 782 5315 Antiochiam
811 5277 993 5332 usque.
1055 5259 1235 5327 Quare
1270 5275 1378 5315 non
1433 5261 1680 5330 Paulum,
1737 5265 1918 5320 missis
1948 5264 2016 5319 ad

518 5375 558 5405 δ’
594 5374 720 5432 Act.
746 5391 870 5442 xm,
910 5374 1000 5430 46.

2114 4724 2241 4792 μετ’
2267 4719 2466 4776 αὐτῶν
2493 4763 2508 4788 ,
2545 4722 2702 4776 τοῦτο
2733 4723 2916 4794 δηλοῖ,
2967 4724 3050 4777 ὅτι
3096 4728 3298 4793 σημεῖα
3352 4723 3658 4792 εἰργάζοντο.

2133 4813 2296 4884 Ὁρᾷς
2323 4811 2410 4866 διὰ
2443 4813 2497 4866 τί
2533 4813 2629 4866 καὶ
2672 4813 2766 4868 νῦν
2805 4815 2839 4881 ἡ
2876 4814 2986 4867 τῶν
3021 4813 3263 4884 σημείων
3289 4814 3495 4883 ἀνάγκη
3527 4812 3663 4880 γέγο-

2121 4922 2250 4971 νεν;
2291 4904 2409 4957 Ἵνα
2439 4904 2790 4960 πιστεύσωσι.
2840 4903 2951 4959 Καὶ
2985 4906 3419 4970 ἐξαπέστειλαν
3453 4901 3657 4972 Βαρνιὶο

2121 4997 2236 5048 σαν
2268 4993 2533 5047 διελθεῖν
2562 4993 2672 5061 ἕως
2697 4995 3071 5064 Ἀντιοχείας.
3130 4995 3230 5049 Διὰ
3269 4995 3322 5048 τί
3377 4995 3447 5065 μὴ
3477 4992 3664 5046 Παῦλον

2125 5085 2449 5155 γράφουσιν,
2503 5085 2638 5139 ἀλλὰ
2689 5085 2979 5156 Βαρνάϐαν
3010 5085 3319 5155 πέμπουσιν
3346 5105 3362 5152 ;
3397 5085 3554 5139 Οὔπω
3581 5080 3661 5133 τοῦ

2124 5176 2314 5246 ἀνδρδς
2343 5175 2562 5246 ᾔδεισαν
2587 5176 2686 5247 τὴν
2715 5178 2941 5248 ἀρετήν.
3011 5178 3142 5232 Ὅτι
3171 5174 3250 5248 ἦν
3284 5177 3434 5245 ἀνὴρ
3464 5173 3660 5245 ἀγαθὸς

2127 5267 2226 5322 καὶ
2286 5267 2523 5338 πλήρης
2553 5269 2899 5338 Πνεύματος
2948 5269 3118 5338 ἁγίου
3147 5268 3241 5324 καί
3275 5271 3540 5332 πίστεως.
3597 5260 3658 5314 οὗ

1636 5465 1842 5527 Variae
1883 5465 2196 5533 lectiones
2241 5477 2303 5532 et
2329 5477 2518 5534 note.

517 5567 564 5598 ιι
594 5565 666 5640 ,ιη
685 5567 1022 5640 vulgatu”,
1050 5568 1143 5622 καὶ
1169 5567 1219 5620 οἱ
1248 5568 1347 5639 μὲν
1379 5567 1493 5622 οὖν.
1571 5570 1616 5600 ’⁵
1647 5570 1943 5640 Κηριναίος
1973 5583 2108 5630 erat.

448 5638 554 5701 hic,
588 5639 664 5698 ὲν,
691 5637 1016 5705 praepositio.

2206 5576 2252 5608 ¹⁶
2284 5574 2349 5628 In
2375 5574 2760 5645 exemplaribus
2811 5575 3072 5631 nonnullis
3120 5580 3320 5632 excusis
3345 5573 3658 5644 interponitur

523 5739 563 5805 ξπ
595 5727 1034 5805 quemadmodum
1063 5728 1328 5805 inanimo
1357 5745 1454 5782 suo
1492 5729 1862 5805 destinassent,
1896 5749 1960 5788 ac
2017 5736 2427 5802 provosuissent,
2500 5735 2720 5790 Domino
2759 5737 2958 5791 addicti
3003 5745 3158 5805 atque
3188 5737 3360 5804 ﬁdeles
3399 5745 3651 5789 incurrent.

447 5806 480 5841 ι
500 5798 627 5870 Sup.
666 5813 782 5866 cap.
819 5798 872 5851 9.
963 5797 1027 5833 ιι*
1057 5798 1267 5866 Aliquid
1296 5800 1470 5854 deesse
1495 5799 1715 5855 videtur.
