3856 6544
185 428 274 493 επ
887 423 1287 486 EXPOSlTIO
1325 427 1407 486 ΙΝ
1423 427 1610 489 ACTA
1652 430 2218 498 APOSTOLORUM.
2261 466 2328 475 —
2351 439 2508 501 CAP.
2538 442 2641 501 Χῐ.

3277 448 3382 512 678

187 535 356 594 ταυτόν
383 534 512 598 ἐστι,
547 531 680 585 Θεὸν
714 530 874 602 μόνον
919 533 1124 601 ἀγαθὸν
1177 529 1340 599 εἶναι,
1387 536 1487 589 καὶ
1537 537 1700 608 ἄνδρα

1811 558 1936 598 eum
1985 545 2200 614 litteris,
2234 547 2312 601 ire
2339 549 2551 618 jubent,
2597 548 2690 603 scd
2753 545 3052 606 Barnabam
3110 551 3383 607 mittunt?
3452 626 3453 629 η

185 628 358 698 ἀγαθὸν
387 625 667 695 ὑπάρχειν.
708 623 766 677 '0
799 625 898 694 μὲν
942 626 1074 696 γὰρ,
1131 627 1254 680 κατ’
1285 629 1476 682 οὐσίαν
1508 631 1712 698 ἀγαθὸς

188 719 408 788 ὑπάρχει,
434 716 576 784 ἀρχὴ
605 715 694 767 καὶ
720 715 871 786 πηγὴ
891 715 968 769 ῶν
989 719 1097 770 τῶν
1127 718 1348 786 ἀγαθῶν
1376 735 1393 752 ⁶
1418 723 1445 774 6
1466 721 1523 774 δὲ
1551 721 1709 793 ἀνὴρ,

187 810 234 862 οὐ
267 807 372 860 κατ’
410 805 612 866 οὐσίαν,
646 804 760 858 ἀλλ’
793 807 852 858 ὲν
879 807 1143 878 ἀναλήψει
1188 812 1413 882 ἀρετῆς.
1451 812 1712 880 Ἐξῆλθε

184 900 240 951 δὲ
260 901 335 963 εἰς
365 897 586 964 Ταρσὸν
621 900 657 950 ό
681 897 1009 965 Βαρνάϐας,
1041 900 1408 970 ἀναζητῆσαι
1446 904 1707 959 Σαῦλον.

187 990 302 1043 Πολὺ
324 987 544 1059 χρηστὸς
571 989 598 1041 6
632 989 793 1059 ἀνὴρ,
824 990 919 1042 καὶ
956 990 1162 1062 ἀφελὴς
1192 994 1288 1046 καὶ
1336 1012 1711 1068 συγγνωμονι-

191 1079 282 1140 κός.
308 1077 581 1147 Ἐζήτησε,
615 1081 771 1149 φησὶ,
821 1082 913 1134 τὸν
950 1083 1206 1154 ἀθλητὴν,
1244 1086 1338 1140 τὸν
1383 1091 1706 1159 στρατηγόν.

186 1167 416 1235 Ἐγένετο
442 1165 508 1220 δὲ
535 1167 816 1222 ἐνιαυτὸν
853 1169 1002 1224 ὅλον
1031 1174 1416 1242 συναχθῆναι
1450 1176 1527 1246 τῇ
1573 1178 1712 1234 Ἔκ-

185 1260 393 1326 uncia,
419 1259 511 1312 καί
531 1259 766 1324 διδάξαι
787 1261 976 1329 ὄχλον
1003 1265 1232 1320 ἱκανόν.
1273 1267 1350 1321 Οὐ
1385 1268 1580 1337 μικρὸν
1609 1271 1709 1341 τῆς

185 1352 354 1414 πόλεως
380 1351 436 1402 τὸ
463 1349 755 1420 ἐγκώμιον,
801 1352 884 1406 ὅτι
917 1353 1010 1406 τοῦ
1049 1356 1324 1426 στόματσς
1362 1359 1578 1413 ἐκείνου
1618 1379 1709 1414 το-

185 1442 343 1495 σοῦτον
387 1441 666 1511 ἀπήλαυσε
708 1442 904 1513 χρόνου
951 1446 1142 1516 πρώτη
1194 1447 1303 1499 τῶν
1349 1448 1528 1503 ἄλλων
1561 1450 1708 1504 ἁπα-

185 1531 290 1587 σῶν.
327 1532 684 1601 Χρηματίσαι
715 1549 780 1586 τε
814 1532 1052 1601 πρῶτον
1085 1535 1158 1589 ἐν
1193 1536 1534 1607 Ἀντιοχείᾳ,
1567 1541 1708 1608 τοὺς

186 1622 425 1690 μαθητὰς,
446 1624 722 1690 Χριστιαν
733 1625 860 1690 οὐς.
897 1625 1108 1679 Παύλου
1140 1628 1415 1682 καὶτοῦτο
1438 1631 1481 1662 ³⁷
1505 1634 1703 1703 κατόρ·

186 1714 328 1782 θωμα,
361 1714 436 1776 είς
464 1711 716 1766 τοσοῦτον
755 1716 959 1786 ἐπᾶραι
988 1715 1144 1786 ὕψος,
1177 1719 1368 1790 ὥσπερ
1391 1736 1445 1774 τι
1476 1725 1706 1790 σημεῖον

186 1803 233 1856 τὸ
265 1804 431 1873 δνομα.
488 1803 656 1857 Ἔνθα
709 1807 1042 1878 τρισχίλιοι,
1096 1808 1226 1862 ἔνθα
1274 1811 1702 1881 πεντακισχίλιοι

1813 636 2066 690 Nondum
2122 649 2391 694 noverant
2448 641 2546 695 viri
2589 642 2865 699 virtutem.
2933 644 3069 699 Erat
3113 648 3250 700 enim
3303 650 3382 701 vir

1813 724 1998 789 bonus,
2031 736 2078 780 et
2113 726 2342 796 Spiritus
2381 731 2552 783 sancti
2606 740 2654 785 et
2687 732 2810 801 ﬁdei
2843 733 3045 802 plenus.
3089 734 3206 788 Non
3241 736 3379 790 idrm

1813 824 1916 881 est,
1971 832 2092 870 cum
2142 818 2394 882 dicimus,
2434 821 2600 874 Deum
2656 823 2830 876 solum
2865 838 2988 878 esse
3047 825 3272 890 bonum,
3322 834 3378 880 et

1810 906 1987 982 yirum
2045 907 2247 962 bonum
2301 925 2442 964 esse.
2487 909 2624 964 Nam
2669 911 2757 966 ille
2801 922 2994 967 natura
3042 915 3218 968 bonus
3268 927 3374 982 est,

1810 998 2013 1067 quippe
2067 1014 2190 1054 cum
2241 1001 2564 1072 principium
2601 1018 2664 1058 ac
2711 1005 2832 1058 fons
2872 1005 3138 1059 bonorum
3179 1005 3285 1060 sit:
3325 1014 3379 1060 at

1811 1085 1892 1139 vir
1909 1101 2016 1140 non
2039 1095 2252 1154 natura,
2288 1089 2381 1142 sed
2455 1091 2822 1161 perceptione,
2862 1093 3009 1148 cultu
3055 1102 3214 1162 atque
3247 1098 3378 1149 sub—

1809 1181 1948 1237 sidio
1969 1180 2187 1237 virtutis
2215 1183 2391 1238 bonus
2420 1193 2524 1238 est.
2585 1183 2857 1255 Profectus
2892 1196 2968 1240 est
3019 1197 3195 1242 autem
3248 1188 3380 1242 Bar-

1810 1271 1978 1326 nabas
2007 1271 2250 1338 Tarsum,
2292 1283 2348 1327 ut
2377 1275 2663 1345 requireret
2685 1273 2929 1329 Saulum.
2979 1277 3146 1332 Valde
3197 1279 3376 1333 bonus

1809 1369 1865 1416 et
1899 1363 2174 1416 humanus
2201 1363 2286 1417 vir
2314 1362 2436 1427 fuit,
2481 1374 2537 1418 et
2565 1365 2848 1426 candidus,
2895 1375 2950 1419 et
2997 1367 3259 1432 clemens,
3309 1384 3374 1422 ac

1808 1452 1975 1507 mitis.
2037 1453 2344 1519 Quaerebat,
2415 1455 2611 1524 inquit,
2669 1457 2926 1510 athletam
2989 1472 3052 1512 ac
3112 1459 3376 1527 pugilem.

1807 1543 2084 1612 quaerebat
2111 1545 2330 1600 ducem.
2354 1545 2555 1599 Accidit
2583 1555 2783 1608 autem,
2815 1556 2873 1600 ut
2901 1549 3160 1617 integrum
3175 1565 3374 1603 annum

1805 1645 2140 1687 versarentur
2167 1637 2220 1688 in
2257 1634 2515 1702 Ecclesia,
2541 1654 2605 1689 ac
2636 1653 2885 1709 magnam
2943 1639 3210 1692 hominum
3261 1651 3375 1693 tur-

1806 1726 1926 1780 bam
1951 1733 2212 1782 docerent.
2243 1725 2395 1782 Haud
2423 1743 2588 1797 parva
2645 1730 2760 1784 laus
2789 1731 3026 1786 civitatis
3079 1741 3184 1795 est,
3230 1731 3373 1800 quod

1806 1816 1882 1871 illi
1939 1828 2258 1873 caeterarum
2296 1821 2540 1875 omnium
2594 1821 2800 1890 primae,
2859 1830 3066 1876 tantum
3116 1823 3376 1893 temporis

189 1895 495 1962 ἐπίστευσαν,
548 1896 679 1950 ἔνθα
709 1897 966 1951 τοσοῦτον
996 1898 1236 1969 πλῆθος,
1277 1901 1434 1954 οὐδὲν
1465 1903 1700 1955 τοιοῦτον

1809 1910 2045 1978 spatium
2081 1909 2186 1962 frui
2219 1911 2446 1982 contigit
2481 1884 2624 1965 illius
2652 1884 2794 1965 ore.»
2820 1911 2884 1965 Et
2923 1884 3364 1982 Antiochiae-pri-

189 1987 365 2053 γέγονεν
390 2002 401 2011 ⁸
435 1986 549 2040 ἀλλ’
587 1988 636 2040 oi
671 1990 770 2059 τῆς
797 1987 916 2042 ὁδοῦ
945 1989 1144 2060 ἢκουον
1174 2007 1189 2022 ·
1221 1991 1454 2046 ἐνταῦθα
1477 1992 1532 2046 δὲ
1554 1995 1707 2063 πρῶ⁶

1807 2015 1949 2052 mum
1974 1999 2221 2068 discipuli
2271 1999 2668 2069 appellarentur
2722 1998 3035 2054 Christiani.
3092 1999 3239 2054 Pauli
3291 2009 3373 2056 est

187 2092 256 2128 τον
277 2074 496 2129 τοιούτου
543 2077 811 2147 ὀνόματος
857 2078 1187 2149 ἠξιώθησαν.
1251 2082 1596 2152 Σημειωτέον
1648 2084 1700 2138 δὲ

1809 2090 1967 2143 etiam
2005 2088 2109 2143 hoc
2162 2090 2364 2144 factum
2414 2090 2764 2145 memorabile
2819 2098 2979 2160 atque
3031 2091 3368 2160 praclarum,

187 2167 249 2218 ὅτι
277 2167 453 2234 μᾶλλον
478 2167 566 2220 διὰ
611 2169 776 2221 τοῦτο
829 2171 861 2238 ἡ
907 2171 1206 2240 Ἀντιόχεια
1253 2173 1449 2241 θρόνου
1493 2174 1700 2246 ἠξιώθη

1809 2180 1898 2250 qui
1944 2189 2198 2250 tanquam
2243 2181 2458 2251 signum
2507 2181 2776 2251 quoddam
2827 2195 3027 2236 nomen
3075 2181 3276 2235 Christi
3315 2182 3364 2235 ir

188 2257 475 2326 ἀρχόντικοῦ,
514 2259 706 2329 ἐπειδὴ
744 2262 863 2314 ἐκεῖ
919 2261 1135 2333 πρῶτον
1163 2263 1539 2334 ἐχρημάτισαν
1563 2265 1700 2336 Χρι-

1809 2276 2010 2322 tantam
2063 2269 2255 2323 extulit
2303 2268 2676 2323 altitudinem.
2726 2269 2829 2324 Ubi
2881 2271 2983 2323 tria
3038 2269 3225 2332 millia,
3275 2269 3370 2321 ubi

190 2350 373 2404 στιανοί.
1805 2360 2047 2429 quinque
2087 2361 2254 2415 millia
2293 2360 2657 2424 crediderant,
2716 2361 2807 2414 ubi
2859 2369 3010 2415 tanta
3059 2359 3367 2422 multitudo,

189 2445 291 2498 nihil
312 2447 517 2518 contigit
569 2448 716 2504 tale:
771 2448 868 2504 sed
915 2451 1250 2505 vocabantur
1293 2451 1363 2506 de
1411 2450 1529 2506 via:
1565 2450 1656 2505 hic
1690 2460 1873 2506 autem
1905 2454 2140 2523 primum
2181 2453 2288 2510 tale
2345 2470 2544 2510 nomen
2593 2453 2870 2508 consecuti
2952 2460 3098 2508 sunt.
3167 2453 3369 2506 Notan-

189 2538 285 2592 dum
309 2549 599 2608 astantem,
655 2543 864 2598 idcirco
923 2543 1095 2615 magis
1156 2544 1499 2601 Antiochiam
1565 2556 1913 2602 consecutam
1965 2563 2088 2604 esse
2136 2549 2320 2605 sedem
2372 2549 2743 2618 principalem,
2772 2547 2897 2618 quia
2955 2546 3064 2601 illic
3131 2548 3368 2616 primum

187 2632 384 2703 discipuli
406 2635 656 2706 appellati
683 2645 817 2691 sunt
844 2635 1165 2692 Christiani.

238 2746 316 2800 Ἑν
361 2749 590 2815 ταύταις
644 2751 720 2803 δὲ
764 2752 893 2820 ταῖς
948 2753 1197 2826 ἡμέραις
1234 2755 1541 2826 κατῆλθον
1581 2759 1702 2816 ἀπὸ

196 2837 567 2910 Ἰεροσολύμων
590 2843 891 2913 προφῆται
922 2849 1009 2912 εἰς
1050 2847 1421 2917 Ἀντιόχειαν.

1809 2857 1907 2908 mis
1933 2853 2264 2908 Antiochiam
2294 2851 2668 2905 descenderunt
2696 2848 2976 2920 prophetae.

239 2929 486 2997 Ἀναστὰς
534 2932 603 2986 δὲ
657 2929 751 2999 εἷς
803 2935 872 3000 ἐξ
923 2935 1120 2990 αὐτῶν
1156 2938 1400 3008 ὀνόματι
1453 2942 1698 3011 Ἄγαϐος

1875 2947 2037 3002 Vnus.
2071 2946 2163 2999 ‘28.
2195 2944 2268 2998 Ac
2297 2959 2514 3013 surgens
2552 2959 2687 2995 unus
2737 2957 2802 2994 ea:
2830 2939 2937 2992 illis
2985 2935 3194 2991 nomine
3221 2935 3369 3004 Aga-

188 3015 398 3086 ἐσήμηνε
427 3020 518 3078 διὰ
550 3023 593 3054 ’⁸
628 3025 978 3093 "redituro;-
1003 3029 1182 3096 λιμὸν
1211 3032 1408 3100 μέγαν
1451 3031 1699 3100 μέλλειν

1809 3035 1898 3092 bus
1944 3035 2275 3109 significabat
2318 3049 2410 3104 per
2454 3032 2712 3102 Spiritum
2746 3030 2940 3101 famem
2984 3041 3234 3096 magnam
3259 3025 3372 3092 fore

190 3109 401 3166 ἔσεσθαι
429 3114 518 3177 ἐφ’
575 3118 736 3184 ὅλην
778 3117 894 3186 τὴν
938 3120 1296 3190 οἰκουμένην
1321 3138 1336 3155 ο
1385 3123 1557 3191 ὅστις
1598 3127 1698 3181 καὶ

1809 3145 1897 3200 per
1928 3138 2093 3183 totum
2135 3128 2310 3181 orbem
2348 3135 2635 3188 terrarum,
2667 3138 2782 3193 qua:
2810 3122 2969 3175 etiam
2997 3119 3096 3189 fuit
3138 3126 3371 3185 tempore

1875 2761 1986 2831 99
2013 2759 2179 2815 Vens.
2210 2758 2299 2815 27.
2334 2759 2398 2814 In
2424 2760 2503 2813 his
2533 2769 2710 2812 autem
2739 2756 2918 2810 diebus
2956 2755 3020 2808 ab
3053 2751 3325 2822 Hierosoly
3344 2782 3366 2793 -

187 3201 373 3268 ἐγένετο
402 3207 494 3261 ἐπὶ
523 3208 832 3265 Κλαυδίου
860 3214 1181 3280 Καίσαρος.

1806 3221 2020 3278 Claudii
2055 3217 2305 3274 Caesaris.

245 3294 342 3348 Τῶν
363 3297 422 3350 δὲ
455 3298 741 3370 μαθητῶν
774 3301 967 3369 καθὼς
993 3303 1305 3372 εὐπορεῖτό
1333 3322 1443 3372 τις,
1473 3305 1700 3375 ὥρισαν

1875 3311 2035 3367 Vens.
2090 3312 2181 3367 29.
2257 3305 2517 3378 Discipuli
2589 3315 2788 3368 autem,
2838 3319 2933 3373 pro
2990 3301 3102 3355 suis
3153 3300 3370 3371 quisque

189 3378 388 3450 ἕκαστος
407 3389 470 3451 ’³,
495 3392 580 3455 εὶς
609 3387 933 3446 διακονίαν
957 3393 1190 3463 πέμψαι
1238 3394 1363 3463 τοῖς
1396 3401 1702 3455 κατοικοῦ-

190 3486 266 3526 σιν
285 3476 340 3528 ἐν
359 3478 424 3548 τῇ
441 3482 699 3552 Ἰουδαίᾳ
720 3484 1028 3554 ἀδελφοῖς.

243 3589 292 3640 ‘0
327 3591 415 3645 καί
467 3594 771 3666 ἐποίησαν
828 3599 1299 3673 ἀποστείλαντες
1351 3607 1500 3675 πρὸς
1557 3606 1700 3674 τοὺς

189 3682 568 3752 πρεσϐυτέρους
596 3685 699 3742 διὰ
726 3691 925 3758 χειρὸς
951 3695 1231 3762 Βαρνάϐα
1258 3697 1358 3751 καὶ
1395 3697 1662 3754 Σαύλου.

238 3787 518 3858 Προφῆται.
555 3795 668 3849 Καὶ
702 3797 819 3862 πῶς
850 3815 1014 3870 φησιν
1046 3801 1074 3853 6
1108 3803 1364 3872 Χριστὸς,
1388 3805 1470 3858 ὅτι
1510 3806 1572 3860 '0
1609 3806 1703 3860 νό-

186 3891 270 3941 μος
286 3882 365 3933 καὶ
393 3887 443 3937 οι
470 3886 775 3956 προφῆται
809 3889 923 3957 ἕως
968 3891 1247 3949 Ἰωάννου
1271 3912 1292 3961 ;
1323 3897 1456 3967 Περὶ
1476 3897 1699 3952 ἐκείνων

191 3968 290 4034 φησὶ
321 3971 417 4026 τῶν
446 3977 742 4049 προφητῶν
765 3979 874 4033 τῶν
904 3981 1001 4052 τὴν
1047 3985 1350 4056 παρουσίαν
1383 3987 1549 4041 αὑτοῦ
1574 4006 1702 4059 προ-

187 4067 616 4147 ξγσφωνησάντων,
677 4070 982 4140 Ἐσήμανε
1026 4073 1125 4128 διὰ
1170 4075 1277 4128 τοῦ
1329 4080 1698 4147 Πνεύματος.

187 4141 368 4242 ἶίναᾼμὴ
397 4157 687 4225 νομίσωσιν
728 4160 810 4213 ὅτι
857 4161 944 4216 διὰ
987 4163 1145 4218 τοῦτο
1178 4167 1225 4218 6.
1246 4167 1403 4238 λιμὸς
1447 4141 1701 4242 γέγονεν,

187 4238 248 4333 ξεί
283 4239 688 4321 Χριστιανισμδς
737 4253 978 4322 εἰσῆλθε,
1008 4257 1262 4327 προλέγει
1293 4259 1352 4312 τὸ
1384 4238 1606 4333 Πνεῦμα
1638 4238 1700 4318 τό

187 4327 321 4425 ᾄγιον.
360 4338 462 4392 Καὶ
486 4343 592 4413 γὰρ
630 4344 661 4396 6
693 4344 928 4414 Χριστὸς
958 4352 1239 4419 προεῖπεν.
1296 4353 1369 4406 Οὐ
1399 4353 1484 4410 διὰ
1517 4327 1697 4425 τοῦτο,

185 4417 332 4493 ἐπειδὴ
359 4425 410 4492 ἐξ
437 4428 608 4502 ἀρχῆς
660 4432 823 4487 τοῦτο
871 4417 1298 4507 ἐδειῗγενέσθαι,
1337 4441 1474 4497 ἀλλὰ
1501 4444 1590 4498 διὰ
1629 4417 1700 4500 τά

330 4514 392 4604 τὰ
417 4520 491 4580 είς
524 4521 651 4584 τοὺς
683 4522 872 4592 ἁγίους
905 4527 1234 4594 ἀποστόλους
1276 4532 1547 4604 γενόμενα
1568 4551 1582 4565 ·
1621 4535 1700 4601 ῶς

1803 3401 2163 3476 facultatibus,
2193 3407 2496 3454 statuerunt
2526 3398 2581 3450 in
2617 3394 2907 3449 subsidium
2943 3391 3147 3445 mittere
3171 3391 3326 3460 {ram
3349 3417 3370 3428 ο

1802 3495 1896 3549 bus
1923 3491 2266 3547 incolentibus
2293 3489 2562 3544 Judceam.

1878 3609 2035 3664 Vens.
2065 3607 2152 3663 50.
2183 3605 2333 3672 Quod
2361 3605 2521 3659 etiam
2565 3604 2818 3672 fecerunt,
2870 3607 2930 3654 ut
2985 3598 3250 3654 mitterent
3287 3595 3359 3648 ad

1799 3704 2026 3758 seniores
2052 3716 2146 3770 per
2177 3715 2392 3754 manum
2425 3693 2690 3751 Barnaba:
2717 3708 2781 3748 ac
2807 3689 2984 3747 Sauli.

1875 3813 2171 3883 Propheta.
2208 3811 2274 3866 Et
2304 3809 2576 3882 quomodo
2600 3805 2850 3862 Christus
2879 3804 2995 3858 ait:
3026 3802 3135 3857 Lex
3160 3815 3222 3854 ac
3237 3815 3367 3868 pro-

1801 3907 1968 3976 pheta:
2008 3921 2168 3974 usque
2209 3904 2279 3957 ad
2317 3900 2614 3956 Joannem?
2663 3897 2740 3952 De
2773 3896 2881 3951 illis
2937 3895 3010 3948 ait
3062 3891 3366 3962 prophetis,

1801 3999 1893 4071 qui
1922 4015 2084 4054 suum
2114 3998 2405 4052 adventum
2452 3993 2836 4065 praedixerant.
2876 3987 3216 4060 Signiﬁcabat
3274 3995 3369 4054 per

1801 4091 2078 4161 Spiritum.
2113 4088 2192 4144 Ne
2225 4087 2602 4144 existimarent
2628 4083 2879 4139 homines
2930 4079 3132 4135 idcirco
3165 4076 3366 4132 famem

1800 4195 1920 4238 esse
1951 4189 2146 4245 ortam,
2176 4179 2321 4249 quod
2359 4175 2808 4233 Christianismus
2861 4169 3200 4226 introductus
3229 4175 3368 4228 erat,

1800 4279 1915 4326 rem
1957 4270 2192 4327 futuram
2242 4267 2488 4337 praedicit
2541 4265 2778 4334 Spiritus
2841 4270 3081 4317 sanctus.
3149 4255 3367 4311 Etenim

1800 4358 2049 4414 Christus
2101 4356 2445 4427 praedixerat.
2511 4353 2632 4408 Non
2687 4351 2926 4414 idcirco,
2988 4346 3248 4417 quoniam
3298 4345 3367 4397 ab

1802 4450 1958 4506 initio
1981 4449 2086 4505 hoc
2109 4447 2228 4505 ﬁeri
2265 4446 2587 4516 oportebat:
2641 4443 2738 4500 sed
2767 4448 2988 4512 prOpter
3039 4436 3268 4505 injurias
3311 4443 3368 4488 et

1803 4539 2183 4603 contumelias,
2211 4538 2411 4608 quibus
2462 4533 2638 4590 sancti
2689 4529 2916 4603 apostoli
2966 4535 3124 4582 erant
3161 4525 3361 4579 affecti.

267 4601 526 4698 ενίκειντο,
585 4613 745 4683 λιμὸς
795 4616 970 4686 μέγας
1017 4621 1260 4686 γίνεται,
1287 4594 1536 4693 ⁷μηνύων
1585 4594 1698 4692 τοῖς

1809 4594 2326 4698 hamintvurgebant
2373 4635 2429 4683 et
2484 4594 2932 4686 molesti-erant,
2979 4619 3152 4675 fames
3194 4617 3366 4671 oritur

184 4685 407 4783 ’limbalmc
429 4699 495 4754 τὰ
522 4703 756 4775 ἐσόμενα
806 4708 972 4762 κακά.
1017 4685 1146 4764 Τῶν
1188 4685 1256 4765 δέ
1283 4685 1563 4783 ραὸητῶν
1591 4685 1695 4772 ita;

183 4777 272 4880 θςυς
298 4786 584 4858 εὐπορεῖτὸ
633 4812 748 4860 τις.
813 4796 956 4869 Ὅρα
1009 4802 1193 4866 αὐτοῖς
1237 4777 1332 4858 καὶ
1385 4777 1478 4860 τόν
1534 4807 1694 4880 λιμὸν

184 4866 320 4968 nino-ir
362 4882 646 4968 σωτηρίας,
700 4866 1069 4961 ἐλεημοσύνης
1123 4892 1396 4966 ἀφορμήν.
1445 4866 1605 4968 Ὅρα¹
1636 4899 1694 4952 δὲ

181 4955 340 5054 αὖτοὺς
366 4966 473 5034 ἅμα
504 4972 857 5040 πιστεύοντας
896 4979 1014 5046 ἅμα
1056 4985 1576 5054 καρποφοροῦντας,
1627 4989 1689 5042 οὐ

181 5049 269 5146 ’ξοῖς
300 5053 447 5124 ἔγγὺς
477 5063 656 5132 μόνον,
704 5066 840 5122 ἀλλὰ
876 5069 971 5123 καὶ
999 5075 1113 5135 τοῖς
1133 5049 1350 5146 nam.
1382 5049 1692 5134 Ἀποατεί-

181 5139 357 5234 λαντες
400 5156 542 5223 πρὸς
584 5159 726 5226 τοὺς
761 5139 1364 5234 πρεσϐυτέρους..”Εκ
1393 5171 1584 5225 τούτου
1631 5172 1690 5226 δὲ

181 5233 405 5330 φαίνεται,
447 5247 523 5300 ὅτι
553 5253 647 5306 καὶ
677 5255 1067 5328 πρεσϐυτέρων
1096 5254 1246 5330 εἶχον
1273 5259 1430 5325 ἀξίαν
1467 5264 1518 5316 οί
1549 5265 1688 5317 ἀπό-

182 5324 354 5478 Et???
407 5337 534 5395 ἀλλὰ
583 5347 676 5399 καὶ
726 5324 989 5402 διακόνων
1048 5324 1508 5408 stati-timendum
1545 5353 1689 5427 εἶχον

211 5429 238 5466 α
271 5436 302 5478 μ
330 5441 374 5478 ν.

211 5429 374 5489 suam.

1803 4739 1998 4797 magna
2065 4722 2248 4776 futura
2309 4719 2451 4774 mala
2508 4717 2758 4772 indicans
2810 4711 3036 4768 ludatis.
3106 4706 3365 4797 Discipuli

1796 4796 1972 4868 autem
2018 4828 2112 4881 pro
2161 4811 2269 4865 suis
2327 4809 2543 4879 quisque
2589 4803 2963 4876 facultatibus.
3019 4797 3154 4853 Vide
3198 4796 3362 4851 etiam

1797 4901 1996 4956 [amem
2027 4901 2107 4955 eis
2135 4913 2354 4955 causam
2385 4897 2554 4952 fuisse
2594 4893 2788 4950 salutis
2809 4929 2826 4956 ,
2863 4903 3082 4959 nempe,
3129 4885 3366 4942 eleemo-

1796 5007 1944 5064 synte
1974 4991 2236 5046 faciendae
2286 4989 2619 5060 praebentem
2667 4984 3033 5042 occasionem.
3065 4977 3202 5034 Vide
3236 4977 3362 5031 item

1796 5085 1920 5139 illos
1955 5082 2118 5137 simul
2155 5091 2211 5138 et
2229 5081 2534 5147 credentes,
2564 5078 2727 5134 simul
2753 5085 2808 5131 et
2831 5075 3066 5129 fructum
3101 5069 3358 5130 ferentes.

1797 5191 1907 5231 non
1932 5173 2253 5244 propinquis
2288 5172 2472 5238 modo,
2506 5185 2694 5228 verum
2734 5168 2898 5223 etiam
2945 5158 3268 5232 longinquis.
3297 5158 3358 5210 Ut

1796 5268 2058 5320 mitterent
2097 5265 2168 5319 ad
2192 5265 2516 5335 presbyteros
2547 5263 2651 5317 sire
2671 5259 2914 5315 seniores.
2945 5255 3023 5310 Ex
3044 5252 3149 5307 hoc
3175 5255 3357 5304 autem

1797 5367 2041 5427 apparet,
2073 5358 2237 5412 etiam
2269 5356 2706 5427 presbyterorum
2736 5350 2849 5405 sive
2871 5344 3148 5402 seniorum
3177 5339 3358 5412 digni-

1800 5457 1909 5503 tate
1954 5448 2207 5518 prmditos
2232 5447 2398 5503 fuisse
2427 5441 2736 5515 apostolos;
2765 5436 3060 5510 quinetiam
3102 5433 3372 5492 diacono-v

1800 5558 1921 5598 rum
1948 5551 2001 5598 et
2021 5546 2399 5616 episcoporum
2431 5544 2657 5616 gradum
2681 5540 3020 5599 obtinebant.

1315 5713 1516 5776 Varia:
1561 5715 1872 5780 lectiones
1896 5729 1956 5782 et
2000 5731 2188 5786 notae.

233 5801 480 5887 "illam,
514 5835 644 5884 erat.
721 5829 766 5862 "
798 5828 860 5885 In
890 5833 1101 5905 vulgato
1123 5837 1361 5906 adjectus
1382 5851 1458 5895 est
1491 5843 1746 5899 articulus
1769 5844 1884 5900 τοῦ.
1961 5850 2004 5882 ’9
2038 5848 2106 5902 In
2125 5851 2334 5922 vulgato
2354 5852 2567 5915 additur
2603 5863 2800 5925 αὐτῶν.
