3856 6546
139 439 246 503 535
863 423 1270 492 EXPOSITIO
1310 422 1392 484 1N
1424 422 1616 483 ACTA
1655 419 2230 482 APOSTOLORUM.
2267 445 2336 457 —
2365 419 2525 482 CAP.
2565 420 2706 481 xu.
3292 414 3398 484 086

143 554 248 621 τῆς
276 545 464 620 χαρᾶς
495 550 608 603 οὐκ
647 545 876 616 ἤνοιξε.
908 547 1054 616 Ὅρα
1100 546 1157 600 δὲ
1211 546 1506 616 παιδίσκης
1557 545 1666 598 εύλι

1977 560 2108 616 :per
2135 559 2298 615 quem
2323 545 2476 599 aiunt
2495 544 2717 600 Petrum
2763 527 3116 615 Evangeliom
3142 543 3399 602 edidisse.
3486 573 3493 576 -

144 648 310 699 ὕειαν.
340 640 486 697 ’Ἀπὸ
530 640 643 710 τῆς
667 638 877 710 χαρᾶς,
904 643 1088 711 φησιν,
1117 641 1230 695 οὐκ
1260 639 1486 710 ἤνοιξε.
1514 639 1667 695 Καλᾶ

1881 651 1951 690 Im
1983 635 2146 690 Marci
2201 634 2550 707 Evangelium
2605 635 2803 690 dicitur
2853 649 2976 690 esse
3024 633 3195 690 Petri.
3227 638 3404 706 Atque

142 739 195 793 δὲ
220 735 377 791 τοῦτο
427 734 674 804 γέγονεν,
709 735 796 787 ἵνα
846 736 920 805 μὴ
969 735 1167 787 ἐκεῖνοι
1206 733 1572 803 ἐκπλαγέντες
1624 734 1665 786 εἰ

1879 743 1937 784 ec
1961 729 2148 799 opinio
2176 729 2458 800 probatur,
2489 745 2554 784 ac
2585 728 2897 786 verisimilis
2924 730 2984 785 lit
3016 730 3183 786 etiam
3213 745 3281 786 ex
3315 745 3402 797 eo,

145 827 273 891 Οέως
314 825 539 890 ἰδόντες,
580 825 958 894 ἀπιστήσωσιν
980 839 994 856 ⁸
1022 826 1157 879 ὅπου
1215 826 1310 879 καὶ
1339 823 1530 880 τούτου
1561 841 1668 894 γενι

1879 821 1965 876 rod
1993 829 2049 875 et
2077 821 2292 886 Petrus,
2333 832 2388 876 et
2417 821 2615 892 reliqui
2647 821 2898 894 discipuli
2945 823 3090 894 apud
3112 837 3238 878 cum
3281 837 3402 878 mo-

149 920 325 990 μένου,
367 918 700 972 ἀνένευσαν·
741 918 830 973 ἵνα
862 917 919 972 δὲ
953 916 1092 988 αὕτη
1133 916 1202 970 τὰ
1230 917 1527 986 εὐαγγέλια
1562 933 1670 987 κομ

1887 912 2103 968 bantur.
2135 912 2259 967 Prae
2309 915 2503 985 gaudio
2599 931 2703 969 non
2754 917 2984 987 aperuit.
3028 914 3167 972 Vide
3222 925 3404 972 autem

149 1028 321 1082 σηται,
351 1010 639 1064 ἔσπευσεν.
673 1013 739 1065 0i
767 1008 836 1063 δὲ
864 1011 1079 1081 ἔλεγον
1095 1010 1140 1043 ⁸⁸
1164 1027 1178 1040 ·
1215 1011 1505 1080 Ἀγγελος
1530 1012 1672 1066 αὐτο

1884 1004 2020 1062 lenae
2076 1006 2438 1062 reverentiam
2495 1022 2560 1063 ac
2595 1007 2878 1078 pietatem.
2929 1008 3054 1064 Prw
3075 1009 3293 1081 gaudio,
3323 1008 3407 1062 in-

147 1109 287 1162 ἐστι.
324 1103 496 1159 Τοῦτο
522 1105 722 1177 ἀληθὲς
755 1105 838 1160 ὅτι
873 1105 1103 1170 ἕκαστος
1129 1104 1363 1175 ἄγγελον
1387 1105 1521 1178 ἔχει.
1550 1105 1670 1160 Παν⁴

1882 1096 1963 1162 iit,
1991 1113 2096 1152 non
2128 1100 2356 1166 aperuit.
2385 1099 2462 1154 Ac
2490 1110 2638 1156 recte
2667 1101 2721 1156 id
2745 1101 2813 1157 ab
2846 1101 2936 1157 illa
2960 1102 3165 1157 factum
3199 1109 3303 1168 est,
3334 1116 3405 1156 ne

148 1195 246 1266 γὰρ
289 1195 684 1248 πεπιστευκότι
733 1197 816 1259 εἰς
866 1195 958 1249 τὸν
1008 1195 1234 1268 Κύριον,
1267 1196 1499 1266 ἄγγελος
1547 1213 1671 1268 παρι

1885 1191 1986 1263 03
2011 1190 2085 1246 illi
2124 1192 2306 1247 statim
2349 1192 2442 1248 illo
2469 1194 2585 1249 viso
2609 1195 2856 1260 attoniti,
2885 1195 3049 1251 fidem
3095 1211 3204 1251 non
3241 1195 3408 1250 babe-

147 1288 338 1359 δρεύει,
389 1289 484 1344 ἐὰν
549 1289 760 1360 μήποτε
805 1290 968 1361 ἡμεῖς
1016 1291 1178 1344 αὐτὸν
1219 1291 1284 1345 ἐκ
1323 1291 1434 1345 τῶν
1465 1290 1670 1362 πονηρᾶ

1888 1293 1947 1340 nt
1980 1303 1993 1339 :
2020 1286 2462 1357 quandoquidem
2488 1287 2654 1342 etiam
2684 1289 2787 1344 hoc
2808 1288 2952 1344 facto
2977 1304 3037 1344 se
3059 1289 3284 1345 credere
3309 1304 3409 1343 ne-

153 1382 316 1451 ἐργων
350 1378 769 1451 ἀποδιὼξωμεν.
822 1380 910 1445 Ὠς
948 1381 1058 1452 γὰρ
1094 1381 1196 1446 τὰς
1232 1383 1497 1453 μελίσσας
1545 1399 1676 1452 φυγε

1888 1376 2041 1432 bant.
2073 1378 2198 1434 Haec
2220 1390 2401 1434 autem
2426 1378 2737 1448 festinabat,
2760 1391 2819 1436 ut
2850 1381 2921 1436 ob
2942 1380 3126 1436 laetum
3155 1382 3411 1437 nuntium

152 1472 280 1525 δεύει
325 1472 562 1538 καπνὸς,
591 1473 685 1528 καὶ
714 1472 817 1538 τὰς
861 1474 1194 1546 περιστερὰς
1239 1471 1516 1539 ἐξελαύνει
1547 1474 1675 1528 δυσο

1884 1469 2110 1524 ἀ’ωἰιιω
2145 1470 2332 1528 ferret.
2366 1475 2434 1527 At
2463 1474 2545 1528 illi
2574 1473 2816 1529 dicebant
2861 1490 2878 1527 :
2905 1474 3134 1548 Angelus
3164 1474 3283 1545 eius
3313 1483 3407 1529 est.

153 1565 228 1619 δία
248 1605 263 1631 ,
291 1565 438 1620 οὕτω
495 1567 594 1621 καὶ
618 1566 712 1620 τὸν
735 1566 838 1638 τῆς
876 1565 1025 1637 ζωῆς
1053 1566 1213 1637 ἡμῶν
1242 1567 1476 1636 ἄγγελον
1504 1567 1539 1638 ἡ
1561 1568 1676 1620 πολι

1888 1578 1944 1619 oc
1971 1578 2163 1620 verum
2194 1574 2298 1621 est.
2329 1565 2462 1622 Nam
2498 1570 2750 1642 angelum
2790 1569 2958 1624 liabet
2991 1569 3366 1640 unusquisque
3397 1584 3411 1622 :

153 1657 342 1728 δακρυς
393 1659 492 1713 καὶ
549 1657 796 1730 δυσώδης
837 1659 1134 1730 ἀφίστησιν
1176 1660 1445 1732 ἁμαρτία.
1490 1660 1676 1713 Ἐκεῖν

1891 1656 2144 1729 ticunque
2191 1659 2339 1716 enim
2375 1661 2430 1716 in
2455 1661 2746 1716 Dominum
2803 1660 3116 1728 crediderit,
3148 1659 3199 1717 ei
3244 1675 3414 1734 ange-

161 1747 206 1801 δὲ
227 1747 378 1802 τοῦτο
410 1749 522 1802 ἀπὸ
567 1748 664 1803 τοῦ
716 1749 914 1820 καιροῦ
952 1749 1389 1822 προσεδόκησαν.
1423 1750 1563 1821 Φησὶ
1592 1749 1684 1820 γὰε

1891 1762 1916 1803 s
1950 1749 2165 1805 assidue
2218 1761 2418 1822 praesto
2458 1761 2564 1818 est,
2617 1752 2722 1808 nisi
2758 1768 2859 1808 nos
2895 1752 3161 1824 improbis
3208 1751 3414 1806 facino-

158 1843 246 1907 ὀτι,
278 1842 471 1897 Ὅπου
520 1843 640 1897 εισι
689 1843 801 1899 δύο
856 1842 896 1914 ἢ
926 1843 1084 1912 τρεῖς
1119 1844 1490 1914 συνηγμένοι
1535 1846 1623 1909 εὶς
1658 1860 1681 1899 τ

1908 1857 1982 1897 ius
2018 1844 2219 1899 nostris
2251 1858 2377 1900 eum
2432 1861 2462 1900 a
2514 1845 2674 1903 nobis
2703 1845 2985 1919 abigamus
3031 1861 3096 1901 ac
3139 1843 3431 1916 fugemus.,

159 1936 284 2005 ἐμὸν
307 1936 524 2007 ὄνομα,
557 1936 689 1992 ἐκεῖ
713 1940 830 2006 ειμι
853 1907 924 1992 ἐτ’
945 1907 1118 2008 μέσῳ
1158 1907 1378 1994 auia}.
1413 1907 1676 1992 Ὀπουήδὲ

1894 1935 2077 1992 tcnim
2109 1936 2292 1994 fumus
2323 1954 2453 2011 apes
2492 1939 2661 2013 fugat,
2688 1949 2740 1995 et
2781 1907 3062 1996 columbas
3089 1938 3264 1992 malus
3281 1935 3417 1991 odor

160 2028 398 2099 Χριστὸς,
443 2031 661 2102 ἀνάγκη
708 2025 852 2087 εἶναι
900 2030 997 2084 καὶ
1047 2030 1424 2104 ἀρχαγγέλους
1472 2029 1569 2085 καὶ
1625 2029 1683 2083 τὰ

1896 2028 2083 2098 :pellit,
2117 2030 2189 2086 ita
2228 2033 2392 2088 etiam
2422 2033 2768 2106 lacrymabile
2833 2048 2897 2089 ac
2921 2031 3173 2089 fmtidum
3218 2043 3419 2102 pecca-

161 2121 301 2186 ἄλλας
338 2122 628 2192 δυνάμεις.
656 2119 805 2178 Eius
849 2123 950 2179 δέ·
993 2125 1426 2194 Ἀπαγγείλατε
1472 2123 1684 2181 Ἰακώόπ

1902 2137 1952 2178 m
1976 2125 2226 2194 angelum
2255 2126 2378 2182 vitae
2406 2136 2606 2184 nostra:
2636 2127 2910 2184 abalienat
2935 2141 2964 2181 a
2997 2123 3185 2192 nobis,
3209 2139 3273 2179 ac
3301 2123 3421 2194 pel-

162 2216 243 2270 και
271 2215 402 2282 τοῖς
433 2216 726 2288 ἀδελφοῖς
750 2217 962 2274 ταῦτα.
997 2218 1122 2282 Πῶς
1144 2218 1247 2273 οὐκ
1272 2217 1391 2272 ἔστι
1423 2217 1685 2286 κενόδοξος

1896 2251 1920 2267 ..
1946 2213 2024 2270 illi
2072 2233 2201 2272 vero
2234 2219 2337 2275 hoc
2382 2220 2455 2274 ita
2479 2235 2601 2276 esse
2628 2221 2921 2292 sperabant
2944 2219 3014 2275 ab
3037 2219 3131 2273 illo
3157 2215 3419 2287 temporis

120 2329 125 2360 .-
162 2309 224 2362 Οὐ
254 2308 362 2381 γὰρ
393 2305 538 2376 εἷπε,
563 2311 692 2374 Τοῖς
716 2310 1038 2382 ἁπανταχοῦ
1069 2311 1204 2379 δῆλα
1231 2310 1405 2366 ταῦτα
1435 2312 1643 2382 ποιήσαε

1900 2306 2065 2364 ticulo
2104 2321 2158 2366 et
2188 2321 2333 2367 statu
2386 2313 2758 2385 conjecturam
2817 2313 3100 2370 iacientes.
3128 2313 3218 2366 Ait
3270 2309 3419 2365 enim

162 2403 295 2465 ἀλλὰ.
333 2403 467 2471 Τοῖς
495 2404 803 2474 ἀδελφοῖς.
842 2405 950 2460 Kal
1004 2404 1272 2471 ἐξελθὼν
1301 2405 1596 2474 ἐπορεύθη
1646 2408 1685 2459 ei

1900 2404 2089 2458 iristus
2121 2421 2136 2458 :
2161 2403 2255 2460 Ubi
2285 2406 2389 2459 duo
2419 2406 2498 2461 vel
2527 2415 2630 2462 tres
2653 2407 2954 2479 congregati
2981 2416 3104 2461 sunt
3125 2406 3180 2459 in
3211 2403 3423 2459 nomine

161 2497 348 2566 ἕτερον
381 2498 593 2553 τόπον.
626 2498 705 2552 Οὐ
749 2497 860 2569 γὰρ
907 2497 1169 2569 ὲπείραζε
1197 2499 1290 2551 τὸν
1326 2497 1480 2563 Θεὸν,
1513 2496 1634 2553 οὐδὲ
1655 2514 1678 2550 ε

1900 2496 2104 2561 eo,illic
2131 2513 2248 2552 sum
2300 2499 2354 2552 in
2407 2501 2580 2554 medio
2623 2517 2806 2555 eorum
2831 2501 2901 2555 “.
2957 2499 3060 2556 Ubi
3126 2505 3423 2555 autemest

163 2591 491 2662 πειρασμοὺς
540 2590 810 2646 ἀνέὸαλεν
829 2591 874 2624 ⁸⁷
913 2591 1127 2646 ἑαυτόν.
1159 2590 1330 2644 Τοῦτο
1355 2590 1411 2643 δὲ
1443 2590 1544 2644 οὒκ
1573 2582 1686 2643 εἷπε

1902 2587 2112 2652 iristus,
2161 2605 2388 2647 necesse
2438 2600 2522 2648 est
2549 2592 2714 2648 etiam
2775 2607 2899 2648 esse
2959 2591 3339 2664 archangelos,
3367 2595 3425 2644 et

164 2685 186 2736 ὁ
233 2684 501 2752 ἄγγελος·
543 2683 683 2740 ἀλλὰ
721 2685 782 2739 τὸ
822 2687 950 2756 σιγῇ
1008 2684 1342 2755 ἀποστῆσαι,
1399 2683 1494 2737 καὶ
1539 2684 1687 2736 νυκτὶ

1901 2689 2068 2736 ateras
2091 2692 2410 2751 potestates.
2460 2684 2614 2739 Dixit
2651 2695 2828 2741 autem
2861 2702 2879 2741 :
2926 2687 3184 2741 Nuntiate
3231 2683 3424 2740 Iacobo

167 2774 461 2843 ἐξαγαγεῖν,
485 2774 688 2829 ἔδωκεν
704 2775 960 2843 ἐξουσίαν
982 2776 1340 2848 ἀναχωρῆσαι
1363 2791 1378 2808 ο
1401 2773 1526 2828 ἐπεὶ
1550 2775 1690 2828 κακέ

1956 2775 2212 2846 fratribus
2249 2782 2381 2832 Ιιανιτ.
2409 2777 2583 2845 Quam
2631 2793 2744 2834 non
2771 2789 2854 2837 est
2876 2795 3030 2836 vana:
3060 2779 3244 2852 glorias
3292 2777 3423 2834 alle-

165 2881 230 2918 νοι
274 2866 366 2919 ὅτε
385 2865 435 2898 ⁸⁸
478 2865 887 2938 ἐκελεύσθησαν
967 2866 1254 2940 ἐποίησαν.
1315 2866 1688 2921 Εἰσελθόγτει

1901 2865 2052 2921 ator!
2082 2865 2200 2921 Non
2222 2869 2366 2924 enim
2403 2870 2541 2926 dixit
2586 2888 2600 2925 :
2641 2869 2780 2928 Nota
2809 2873 2924 2929 hac
2957 2871 3117 2928 facite
3149 2871 3424 2930 omnibus.

167 2959 297 3030 φησὶ,
321 2956 570 3012 λαλεῖτε
596 2957 667 3011 ἐν
693 2957 776 3024 τῷ
804 2957 939 3028 ἱερῷ
971 2958 1055 3026 τῷ
1085 2956 1234 3025 λαῷ.

1905 2957 1938 3011 Ii
1979 2957 2180 3030 ubique
2228 2971 2375 3028 sunt,
2400 2963 2492 3018 sed
2522 2963 2797 3034 fratribus.
2817 2966 2887 3021 Et
2917 2982 3150 3038 egressus
3198 2964 3428 3037 perrexit

168 3048 213 3102 in
236 3053 402 3108 alium
428 3055 622 3110 locum.
653 3055 775 3110 Non
803 3056 950 3111 enim
980 3055 1154 3112 Deum
1179 3056 1444 3121 tentabat,
1474 3069 1654 3125 neque
1677 3053 1734 3109 in
1776 3052 2105 3110 tentationes
2175 3058 2532 3130 semetipsum
2576 3061 2878 3132 injiciebat.
2935 3063 3049 3118 Hoc
3072 3074 3256 3120 autem
3317 3077 3428 3118 non

169 3146 361 3200 dixerat
392 3148 644 3219 angelus,
675 3149 773 3204 sed
797 3150 942 3220 quod
965 3149 1186 3204 silentio
1253 3147 1565 3205 discedebat
1593 3164 1607 3201 :
1668 3145 1814 3216 quod
1852 3155 2018 3202 noctu
2073 3147 2337 3206 eduxerat
2373 3167 2387 3206 :
2417 3151 2503 3206 bis
2551 3153 2715 3209 rebus
2747 3154 2897 3211 dedit
2926 3155 2975 3212 ei
3015 3166 3339 3229 potestatem
3366 3172 3430 3212 ac

172 3240 463 3298 facultatem
494 3243 793 3300 recedenti.
821 3239 955 3297 Nam
986 3241 1144 3296 etilli
1211 3241 1354 3311 quod
1386 3239 1524 3312 iussi
1558 3244 1736 3301 erant,
1777 3235 2047 3294 fecerunt.
2082 3237 2338 3310 Ingressi,
2363 3240 2559 3312 inquit,
2591 3245 2647 3298 in
2670 3247 2942 3316 templum,
3003 3249 3282 3323 loquimini
3336 3268 3402 3321 po

175 3332 292 3400 pulo.

245 3426 510 3496 Ἡρώδης
544 3425 615 3481 δὲ
647 3425 1013 3497 ἐπιζητήσας
1041 3426 1252 3491 αὐτὸν,
1281 3425 1382 3479 καὶ
1403 3423 1489 3495 μὴ
1522 3422 1738 3492 εὑρὼν,
1766 3444 1768 3466 ι

1915 3422 2080 3480 Vens.
2107 3426 2196 3486 l9.
2233 3428 2303 3481 At
2343 3431 2578 3485 Herodes
2606 3447 2724 3485 cum
2755 3433 3050 3503 requisisset
3081 3452 3220 3504 eunt,
3247 3447 3297 3492 et
3327 3455 3427 3491 non

177 3520 486 3591 ἀνακρίνας
513 3521 660 3589 τοὺς
686 3522 988 3592 φύλακας,
1013 3519 1343 3575 ἐκέλευσεν
1357 3519 1700 3588 ἀπαχθῆναι

1898 3519 2150 3582 uenisset,
2200 3522 2488 3592 quaestione
2537 3525 2717 3579 habita
2772 3526 2838 3580 de
2895 3529 3214 3596 custodibus,
3257 3531 3421 3602 jussit

181 3615 260 3668 καὶ
285 3614 596 3671 κατελθὼν
619 3615 740 3670 ἀπὸ
769 3613 880 3684 τῆς
922 3613 1209 3679 ἰουδαίας
1238 3615 1326 3678 εἰς
1361 3609 1479 3680 τὴν
1511 3605 1704 3664 Καισά

1909 3627 1930 3664 s
1952 3610 2141 3666 abduci
2170 3614 2242 3668 ad
2261 3615 2576 3686 supplicium
2593 3633 2612 3672 :
2636 3627 2682 3671 et
2705 3635 2823 3672 cum
2849 3620 3196 3675 descendisset
3229 3623 3292 3676 de
3329 3622 3401 3677 Ju
3420 3653 3432 3663 -

175 3723 322 3775 ρειαν
347 3710 660 3777 διέτριϐεν.
1669 3781 1674 3784 _

1669 3781 1674 3784 _
1845 3705 1963 3760 data
1982 3703 2298 3774 Caesaream,
2322 3709 2432 3764 illic
2460 3723 2809 3766 commoratus
2832 3722 2925 3767 est.

238 3798 350 3858 Ἤν
375 3803 446 3857 δὲ
486 3802 750 3873 Ἡρώδης
765 3801 817 3835 ⁸⁸
843 3799 1206 3872 θυμομαχῶν
1234 3799 1462 3869 Τυρίοις
1503 3795 1604 3850 καὶ
1652 3795 1746 3848 Σιο

1922 3797 2090 3854 Vens.
2123 3799 2214 3854 20.
2242 3799 2373 3855 Erat
2438 3813 2610 3856 autem
2669 3805 2901 3859 Herodes
2968 3805 3199 3877 infensus
3238 3807 3428 3878 Tyriis,

183 3893 417 3962 δωγιοις.
452 3893 868 3966 Ὀμοθυμαδὸν
897 3892 967 3946 δὲ
1024 3889 1312 3962 παρῆσαν
1357 3888 1507 3959 πρὸς
1536 3883 1706 3941 αὐτὸν

1942 3887 2200 3946 Sidoniis.
2243 3891 2309 3946 At
2329 3892 2409 3946 illi
2433 3911 2538 3948 uno
2586 3895 2762 3950 animo
2810 3905 2968 3969 atque
3005 3913 3258 3953 consensu
3285 3915 3433 3953 vene-

183 3987 263 4040 καὶ
291 3989 616 4056 πείσαντες
660 3986 944 4041 Βλάστον
958 3985 1023 4018 ⁸³·
1049 3985 1158 4038 τὸν
1187 3982 1284 4036 ἐπὶ
1324 3981 1434 4036 τοῦ
1462 3976 1706 4033 κοιτῶνο

1921 3993 1975 4040 nt
1995 3985 2064 4039 ad
2093 4001 2232 4051 eum,
2271 3995 2318 4041 et
2344 4003 2438 4056 per
2487 3985 2731 4042 Blastum
2769 3987 3005 4044 cubiculo
3030 3991 3163 4062 regis
3184 3991 3436 4062 pra'posi-

184 4078 272 4132 τοῦ
308 4079 643 4146 βασιλέως.
697 4078 960 4147 ᾐτοῦντο
1005 4074 1278 4145 εἰρήνην,
1306 4072 1406 4128 διὰ
1449 4071 1516 4126 τὸ
1548 4068 1707 4139 τρέφε

1917 4095 1988 4145 m,
2004 4094 2158 4150 quem
2192 4079 2292 4133 sibi
2325 4079 2758 4145 conciliaverant,
2794 4081 3037 4152 petebant
3060 4099 3262 4152 pacem,
3309 4101 3435 4154 pro-

185 4175 303 4227 σθαι
324 4171 530 4228 αὐτῶν
559 4171 676 4242 τὴν
702 4171 902 4242 χώραν
925 4167 1046 4224 ἀπὸ
1073 4167 1183 4236 τῆς
1207 4161 1570 4232 βασιλικῆς.

1916 4188 2034 4226 erea
2062 4174 2201 4243 quod
2223 4173 2364 4244 regio
2393 4171 2608 4226 illorum
2639 4172 2872 4228 aleretur
2909 4176 3162 4246 fructibus
3186 4193 3434 4246 agrorum

1810 4324 1814 4328 ,
1855 4265 2014 4336 regia:
2047 4266 2259 4319 ditionis
2287 4268 2359 4319 ad
2385 4282 2439 4320 se
2467 4267 2747 4335 importari
2769 4268 3046 4322 consuetis.

255 4366 614 4422 Ἐκέλευσεγ
671 4363 1036 4432 ἀπαχθῆναι.
1089 4355 1328 4411 Δυνατὸν
1375 4348 1446 4425 ἦν
1495 4351 1574 4421 τῷ
1626 4347 1750 4420 Θεῷ

1922 4356 2088 4412 Iussit
2118 4374 2202 4412 eos
2229 4358 2418 4412 abduci
2440 4359 2511 4412 ad
2531 4360 2871 4430 supplicium.
2902 4360 3120 4415 Poterat
3145 4360 3288 4415 Deus
3325 4377 3431 4415 una

192 4460 316 4528 μετὰ
343 4459 433 4513 τὸν
460 4457 672 4529 Πέτρον
692 4455 981 4518 κάκείνους
1008 4449 1345 4518 διεξελὲσθαι
1366 4464 1380 4479 ⁸
1418 4447 1533 4502 ἀλλ’
1565 4448 1614 4500 εἰ
1653 4464 1715 4499 κα

1912 4467 1982 4507 tm
2014 4450 2173 4508 Petro
2194 4453 2357 4507 etiam
2390 4452 2510 4508 illos
2531 4451 2770 4508 eximere
2796 4469 2811 4506 :
2843 4437 3108 4509 verum'si
3140 4453 3300 4508 etiam
3330 4455 3435 4507 mi-

188 4524 299 4616 τοὺς
342 4524 687 4624 στρατιώτας
723 4547 992 4619 ἐξήγαγεν
1018 4549 1046 4600 ὁ
1069 4543 1304 4614 ἄγγελος
1350 4539 1490 4614 μετὰ
1519 4537 1614 4593 τοῦ
1641 4538 1711 4592 Ili

1912 4559 1981 4599 :es
2038 4545 2262 4616 angelus
2352 4559 2458 4600 una
2517 4559 2641 4600 cum
2729 4541 2892 4598 Petro
2956 4544 3254 4610 eduxisset,
3311 4543 3435 4615 fuga

190 4657 332 4712 τρου,
360 4643 623 4715 ἐνομίσθη
674 4641 748 4696 ἂν
795 4638 946 4712 φυγὴ
974 4634 1118 4692 εἶναι
1155 4637 1219 4691 τὸ
1251 4635 1505 4708 πρᾶγμα.
1533 4631 1713 4691 Μᾶλλο

1913 4633 2053 4690 isset
2096 4636 2185 4689 illa
2226 4649 2314 4690 res
2377 4643 2527 4706 gesta
2584 4633 2908 4690 existimata.
2949 4633 3058 4691 Sed
3111 4635 3284 4707 magis
3344 4634 3436 4688 ille

189 4735 239 4788 δὲ
292 4738 452 4791 αὑτὸν
499 4736 691 4792 ἐλύπει
733 4735 797 4788 τδ
844 4733 1240 4805 ἑμπαιχθῆναι,
1273 4728 1465 4800 ὥσπερ
1493 4725 1602 4781 ὑπὸ
1644 4724 1712 4780 τᾶ

1914 4728 2100 4794 ηοδεη,
2160 4725 2308 4798 quod
2341 4727 2446 4805 sibi
2497 4727 2714 4784 illusum
2760 4737 2929 4795 esset,
2981 4728 3437 4800 quemadmodum

191 4829 382 4900 Μάγων
432 4831 526 4885 τὸν
589 4829 817 4885 πάππον
877 4777 1057 4881 ιαὺτοὲ
1116 4777 1494 4897 dicamur/1;,
1553 4819 1714 4892 μᾶλλ(

1914 4836 2028 4875 vum
2057 4777 2376 4892 ejusjmagis
2404 4819 2558 4890 quasi
2596 4819 2904 4877 dissecabat
2934 4777 3098 4892 atque
3128 4820 3437 4891 torquebat,

195 4926 357 4981 ἐποίει
385 4925 762 4998 διαπρῑεσοαι,
787 4925 884 4978 καὶ
913 4921 1323 4990 καταγέλαστον
1344 4915 1506 4972 εἶναι.
1542 4909 1666 4970 Ἦν
1690 4911 1718 4968 ὃ

1950 4912 2240 4969 ridiculum
2295 4913 2585 4982 efﬁciebat,
2630 4913 2774 4985 quod
2804 4929 2836 4969 a
2870 4913 3034 4985 Magis
3077 4921 3224 4969 esset
3281 4912 3443 4968 dece-

203 5021 448 5091 Ἦρὼδης
506 5018 866 5093 θυμομαχῶν
923 5019 1152 5087 Τυρίοις
1191 5015 1292 5072 καὶ
1329 5013 1656 5079 Σιδωνίοις.
1681 5011 1726 5064 Ο

1914 5017 2014 5063 Lus.
2041 5005 2177 5061 Erat
2206 5015 2388 5063 autem
2419 5006 2650 5062 Herodes
2675 5008 2904 5081 infensus
2930 5007 3096 5078 Tyriis
3115 5016 3161 5061 et
3188 5005 3437 5060 Sidoniis.

199 5115 378 5185 μικρὸν
406 5113 564 5169 τοῦτό
599 5115 717 5166 ἐστι
744 5111 806 5166 τδ
837 5109 1152 5184 μνησθῆναι
1205 5105 1371 5162 αὑτὸν
1406 5103 1612 5174 ταύτης
1659 5101 1722 5171 τῆ

1920 5115 1988 5156 on
2022 5114 2186 5172 parva
2236 5113 2326 5156 res
2350 5100 2468 5156 haec
2494 5108 2598 5167 est,
2622 5100 2767 5172 quod
2799 5099 3047 5155 memin't
3080 5097 3246 5168 hujus
3270 5097 3443 5152 histo-

197 5208 442 5280 ἱστορίας,
472 5207 590 5273 πῶς
621 5206 823 5273 εὐθέως
853 5204 1090 5276 ἐπῆλθεν
1123 5205 1157 5274 ἠ
1191 5201 1314 5272 δίκη
1336 5199 1430 5254 καὶ
1455 5195 1720 5252 κατέλαϐε

1914 5210 1987 5260 ιε,
2021 5203 2081 5250 ut
2112 5193 2294 5250 statim
2313 5207 2478 5264 pcena
2491 5192 2889 5264 supervenerit,
2913 5190 3132 5247 etillum
3152 5189 3437 5245 invaserit.

197 5299 366 5354 αὐτόν.

265 5391 448 5463 Τακτῇ
515 5391 586 5446 δὲ
635 5391 827 5462 ᾑμέρᾳ
876 5392 910 5445 ὁ
965 5385 1230 5458 Ἡρώδης
1281 5379 1756 5451 ἐνδυσάμενος⁹⁶

1943 5375 2108 5432 Vens.
2137 5375 2229 5432 2i.
2259 5376 2563 5435 Constituto
2590 5385 2771 5433 autem
2801 5377 2904 5444 die,
2937 5376 3170 5432 Herodes
3193 5386 3330 5433 veste
3354 5392 3443 5432 rc-

265 5573 310 5607 “
342 5573 528 5632 Matth.
564 5591 721 5642 xvm,
752 5573 846 5630 20.

1362 5687 1562 5750 Varias
1607 5685 1915 5749 lectiones
1957 5690 2019 5747 et
2058 5690 2251 5747 notas.

271 5822 314 5893 ’ἦ
346 5821 508 5893 Marg.
540 5824 684 5891 Ὅρα
707 5820 1012 5893 Βασιλεὶου.
1079 5816 1182 5893 __"_
1197 5817 1283 5869 ῐσ.
1323 5812 1637 5893 ῥνέϐαλλεν.
1688 5883 1710 5893 Δ
1731 5811 1776 5893 ‘3

1937 5810 1966 5863 ὃ
1997 5827 2068 5870 τι.
2143 5809 2187 5842 δ’
2221 5807 2284 5864 In
2318 5805 2529 5879 uulgato
2565 5816 2663 5876 est,
2687 5807 2716 5862 δ
2754 5807 3022 5883 Ἡρώδης,
3069 5821 3118 5867 et
3167 5811 3443 5873 Et-‘isvfmc.

207 5889 270 5924 δ’·
298 5892 352 5946 lu
378 5881 582 5965 vulgato
607 5881 704 5962 est,
741 5891 999 5946 Βλαστόν.
1076 5890 1120 5922 ⁸⁸
1154 5888 1216 5942 In
1247 5885 1458 5956 vulgato
1491 5898 1586 5948 ειν,
1623 5883 1730 5936 ὲνδε

470 5881 582 5965 ᾦαεο
607 5881 704 5962 est,
741 5891 999 5946 Βλαστόν.
1076 5890 1120 5922 ⁸⁸
1154 5888 1216 5942 In
1247 5885 1458 5956 vulgato
1491 5898 1586 5948 es',
1623 5881 1993 5952 ἐνδεδυμένος.
