3856 6540
410 406 514 469 68-7

1363 398 1949 462 TIIEOPHYLACTI
1993 400 2401 461 BULGARLE
2440 403 2796 466 ARCHIEP.

3568 411 3661 474 683

410 519 519 590 gali
549 518 784 579 indutus,
817 533 876 570 ac
905 515 1084 569 sedens
1121 527 1215 584 pro
1246 513 1525 580 tribunali,
1557 511 1860 566 concionem
1884 511 1985 563 Ita-

2123 510 2319 580 σθῆτα
2343 512 2703 582 βασιλικὴν,
2732 513 2830 567 καὶ
2851 513 3107 579 καθίσας
3131 513 3227 566 ἐπὶ
3255 514 3358 568 τοῦ
3403 518 3663 587 βήματι-ς

409 615 557 668 bcbat
592 615 661 665 ad
716 609 858 664 illos.

486 702 649 756 Vens.
691 701 779 754 22.
813 699 876 752 At
906 696 1128 768 populus
1162 696 1519 762 declamabat,
1544 695 1668 753 Vox
1701 695 1788 750 dei
1811 704 1857 750 et
1895 711 1996 748 non

411 794 657 849 hominis.

483 885 640 956 104
668 883 824 939 Vens.
857 883 947 937 25.
981 881 1262 952 Extemplo
1285 892 1462 938 autem
1485 882 1733 952 percussit
1758 897 1875 934 eum
1899 897 1995 933 an~

2102 601 2455 672 ἐδημηγόρει
2488 606 2640 673 πρὸς
2665 607 2908 672 αὐτούς.

2182 697 2247 750 '0
2284 696 2354 750 δὲ
2409 697 2600 767 δῆμος
2636 699 2958 770 ἐπεφώνειν
2997 700 3171 770 Φωνὴ
3220 703 3380 768 θεοῦ,
3429 704 3524 756 καὶ
3567 708 3665 758 οὐκ

2100 788 2436 856 ἀνθρώπου.

2176 878 2548 949 Παραχρῆμα
2586 879 2656 933 δὲ
2682 881 2987 947 ἐπάταξεν
3025 883 3214 938 αὐτὸν
3272 884 3527 953 ἄγγελος
3561 889 3667 940 Κυ-

407 979 552 1049 gaius
583 977 815 1043 Domini,
843 986 1118 1046 propterea
1143 976 1283 1047 quod
1315 991 1422 1030 non
1451 976 1712 1030 tribuisset
1749 976 1996 1028 honorem

2120 973 2254 1037 )lov,
2288 973 2419 1028 ἀνθ’
2443 968 2531 1028 ὦν
2563 977 2676 1030 οὐκ
2725 976 2914 1031 ἔδωκε
2962 977 3154 1042 δόξαν
3185 977 3264 1044 τῷ
3291 977 3435 1046 Θεῷ,
3472 980 3566 1034 καί
3592 999 3670 1052 τε·

407 1082 455 1124 et
491 1069 702 1123 laudem
741 1067 874 1136 Deo,
900 1079 948 1122 et
1007 1083 1185 1122 erasus
1210 1084 1241 1120 a
1269 1065 1530 1122 vermibus
1564 1064 1870 1133 exspiravit.

480 1167 643 1221 Vens.
669 1165 760 1220 24.
797 1164 963 1219 Porro
993 1165 1204 1220 uerbum
1231 1162 1328 1219 Dei
1373 1162 1634 1218 crescebat
1658 1171 1706 1215 et
1744 1157 2000 1226 multipli-

409 1260 654 1315 cabatur.

491 1351 642 1406 Veste
671 1351 839 1423 regali
877 1351 1115 1406 indutus.
1143 1348 1418 1419 Josepbus
1446 1347 1579 1403 dicit
1631 1343 1883 1402 Heroden
1912 1342 2001 1397 in-

409 1445 601 1498 dutum
635 1453 809 1508 veste,
859 1459 979 1513 quae
1006 1452 1118 1498 tota
1147 1457 1216 1498 ex
1263 1449 1491 1513 argento
1545 1437 1851 1494 admirabili
1881 1447 1999 1492 tex—

409 1548 530 1592 tura
561 1536 809 1592 cent‘ecta
856 1535 1071 1601 fuisset,
1113 1536 1172 1590 in
1223 1535 1497 1590 theatrum
1551 1530 1840 1602 prodiisse,
1872 1529 2002 1584 inci-

408 1631 596 1698 piente
627 1638 681 1685 et
745 1629 1094 1684 illucescente
1151 1626 1291 1682 die:
1347 1625 1437 1680 ubi
1499 1622 1691 1694 primis
1740 1621 1999 1677 solarium

413 1724 690 1779 radiorum
723 1722 1158 1778 immissionibus
1187 1727 1476 1792 argentum
1510 1718 1839 1772 illustratum
1888 1714 1998 1770 mi-

411 1817 646 1873 randum
681 1819 732 1872 in
764 1817 984 1871 modum
1016 1812 1340 1885 refulgebat,
1371 1811 1676 1868 terribilem
1711 1807 1998 1879 quemdam

411 1897 466 1964 et
495 1909 832 1963 intuentibus
876 1906 1206 1962 horrendum
1247 1904 1507 1960 emittens
1532 1901 1899 1974 splendorem,
1933 1914 1997 1954 ac

413 2000 596 2054 statim
641 1998 954 2054 adulatores
1007 1998 1158 2053 illum
1198 1996 1362 2052 deum
1425 1992 1792 2064 appellabant,
1818 1989 1994 2045 accla-

414 2102 629 2148 montes
661 2110 676 2146 :
726 2092 1004 2164 Pmpitius
1039 2091 1114 2146 sis
1144 2107 1157 2143 :
1191 2089 1293 2145 etsi
1326 2097 1379 2144 te
1409 2087 1676 2142 hactenus
1705 2093 1764 2138 ut
1821 2081 1998 2137 homi-

415 2201 542 2240 nem
574 2185 794 2241 reveriti
851 2201 1063 2250 sumus,
1116 2190 1358 2238 attamen
1403 2180 1661 2249 deinceps
1718 2188 1772 2233 te
1801 2184 1996 2231 natura

417 2279 658 2332 luunana
689 2276 952 2346 maiorem
984 2289 1108 2330 esse
1155 2272 1505 2330 conﬁtemur.
1536 2269 1671 2325 Vide
1698 2269 1889 2340 quales
1918 2267 1996 2322 illi

414 2379 573 2424 erant
623 2369 955 2432 adulatores,
1010 2377 1174 2438 atque
1233 2364 1397 2421 etiam
1449 2362 1573 2418 vide
1623 2361 1991 2433 apostolorum

417 2462 584 2516 animi
641 2461 1093 2533 magnitudinem.
1125 2459 1297 2525 Quem
1331 2457 1475 2512 enim
1508 2456 1714 2526 integra
1740 2454 1890 2509 natio
1918 2453 1992 2508 ita

415 2554 647 2619 colebat,
704 2554 850 2609 hunc
883 2553 957 2607 illi
983 2550 1431 2614 contemnebant,
1459 2558 1514 2604 et
1541 2547 1697 2619 quasi
1726 2561 1994 2616 conspue-

415 2649 567 2706 bant.
596 2647 758 2719 Atqui
785 2648 830 2704 si
864 2647 961 2714 illi,
999 2647 1144 2702 dicat
1171 2644 1386 2716 aliquis,
1413 2643 1743 2708 clamabant,
1775 2640 1902 2710 quid
1925 2638 1995 2694 ad

419 2741 604 2795 hunc?
631 2740 766 2808 Quia
803 2739 1068 2810 probabat
1115 2752 1328 2804 vocem,
1363 2736 1486 2807 quia
1528 2751 1586 2790 se
1638 2735 1866 2805 dignum
1901 2732 1990 2786 illa

419 2831 735 2888 adulatione
766 2832 1013 2902 putabat.
1047 2831 1152 2885 Per
1183 2831 1333 2884 hunc
1388 2837 1572 2882 autem
1604 2826 1841 2880 maxime
1895 2823 1996 2889 illi,

419 2926 513 2996 qui
567 2925 640 2980 ita
671 2934 879 2979 temere
905 2922 1284 2986 adulabantur,
1319 2921 1586 2976 docentur
1607 2928 1662 2974 et
1693 2917 1998 2973 emendan-

421 3027 510 3074 tur
541 3037 555 3074 :
589 3033 652 3074 ac
677 3018 893 3087 utrique
925 3015 1141 3086 quidem
1176 3012 1441 3084 supplicio
1493 3009 1640 3082 digni
1691 3016 1867 3074 erant,
1900 3005 1997 3062 sed

419 3109 890 3180 quoniam'judicii
918 3118 1131 3178 tempus
1154 3121 1266 3161 non
1291 3113 1426 3168 erat,
1457 3103 1544 3157 ille
1572 3102 1662 3172 qui
1685 3100 1858 3171 culpae
1880 3114 1994 3153 ma-

2100 1065 2355 1134 νόμενος
2385 1066 2901 1135 σκωληκόὸροτος,
2937 1067 3259 1138 ἐξέψυξεν.

2184 1157 2248 1210 '0
2281 1155 2351 1211 δὲ
2381 1159 2566 1228 λόγος
2592 1158 2698 1214 τοῦ
2727 1159 2875 1215 Θεοῦ
2895 1161 3123 1230 ηὔξανε
3155 1163 3254 1217 καὶ
3285 1165 3664 1232 ἐπληθύνετο.

2196 1347 2642 1421 Ἐνδυσάμενος
2696 1349 2928 1420 ἐσθῆτα
2986 1352 3352 1422 βασιλικήν.
3426 1353 3667 1427 Ἰώσηπος

2101 1448 2274 1517 λέγει,
2301 1445 2378 1510 ὡς
2411 1447 2439 1498 ὁ
2491 1443 2736 1516 Ἡρώδης
2788 1443 2984 1515 στολὴν
3025 1444 3394 1515 ἐνδυσάμενος
3420 1446 3480 1511 ἐξ
3504 1450 3664 1518 ἀργυ-

2106 1538 2221 1611 ρίου
2247 1538 2628 1608 πεποιημένην
2665 1538 2866 1602 πᾶσαν,
2891 1536 2968 1600 ὡς
3000 1535 3306 1607 θαυμάσιον
3342 1538 3488 1609 ὑφὴν
3509 1536 3656 1605 εἶναι,

2108 1629 2388 1702 παρῆλθεν
2428 1630 2508 1694 είς
2549 1630 2610 1682 τὸ
2658 1628 2889 1700 θέατρον
2937 1631 3251 1702 ἀρχομένης
3277 1631 3530 1701 ἡμέραςο
3555 1634 3670 1704 ἔνθα.

2103 1728 2222 1789 ταῖς
2251 1725 2499 1798 πρώταις
2527 1723 2636 1777 τῶν
2667 1723 2906 1795 ἡλιακῶν
2935 1725 3172 1778 ἀκτίνων
3219 1726 3506 1791 ἐπιϐολαῖς
3525 1729 3551 1780 δ
3577 1728 3666 1797 ἄρ-

2103 1835 2269 1888 γυρος
2299 1815 2726 1885 καταυγασθεὶς,
2767 1815 3089 1887 θαυμασίως
3136 1818 3431 1872 ἐπέστιλὸε
3465 1837 3666 1888 μαρμα-

2107 1910 2292 1984 ρυγῶν
2343 1927 2397 1964 τι
2443 1908 2696 1981 φοϐερὸν,
2731 1910 2975 1973 καὶτοῖς
3031 1912 3113 1973 είς
3159 1909 3325 1963 αὐτὸν
3382 1909 3662 1975 ἀτενίζουσι

2108 2005 2379 2077 φρικῶδες
2398 2023 2414 2038 ο
2447 2005 2609 2070 εὐθύς
2636 2021 2697 2058 τε
2727 2007 2777 2058 oi
2805 2004 3060 2069 κόλακες,
3096 2004 3218 2059 θεὸν
3239 2006 3659 2078 προσηγόρευον’

2107 2097 2358 2169 Εὐμενής
2380 2114 2439 2150 τε
2467 2099 2604 2168 εἴης,
2646 2096 2992 2165 ἐπιλέγοντες
3012 2113 3026 2126 ·
3057 2098 3105 2151 εί
3135 2097 3230 2150 καὶ
3275 2099 3451 2168 μέχρι
3487 2097 3574 2152 νῦν
3597 2097 3660 2160 ὡς

2107 2191 2395 2262 ἄνθρωπον
2424 2189 2803 2260 ἐφοϐήθημεν⁹
2839 2189 2973 2243 ἀλλά
3007 2188 3356 2255 τούντεῦθεν,
3409 2189 3664 2260 κρείττονά

2107 2299 2168 2336 σε
2202 2281 2303 2351 τῆς
2323 2281 2367 2313 ⁸⁸
2417 2280 2632 2350 φύσεως
2673 2279 3070 2350 ὁμολογοῦμεν.
3099 2278 3244 2350 Ὀρα
3285 2279 3410 2342 πῶς
3459 2279 3662 2342 κόλακες

2105 2369 2247 2446 ἦσαν
2270 2375 2499 2428 ἐκεῖνοι·
2521 2374 2622 2444 ὅρα
2649 2371 2704 2426 δὲ
2758 2372 2854 2426 καὶ
2913 2370 3019 2423 τῶν
3049 2369 3369 2424 ἀποστόλων
3400 2369 3460 2422 τδ
3489 2369 3665 2440 φρόνη-

2108 2483 2209 2538 μα.
2250 2469 2347 2522 Ὃν
2401 2465 2512 2536 γὰρ
2563 2463 2718 2528 ἐθνος
2764 2463 3060 2532 ὁλόκληρον
3107 2459 3287 2525 οὕτως
3322 2460 3661 2532 ἐθεράπευσε,

2105 2560 2292 2614 τοῦτον
2343 2550 2492 2611 οὗτοι
2548 2557 2822 2610 διέπτυον.
2859 2556 2966 2609 Καὶ
3009 2555 3135 2626 μὴν,
3166 2557 3215 2607 εί
3248 2555 3474 2618 ἐκεῖνοι,
3503 2554 3659 2623 φησὶν,

2105 2651 2357 2722 ἐϐόησαν,
2389 2650 2443 2703 τί
2487 2649 2623 2721 πρὸς
2655 2648 2880 2715 τοῦτον;
2914 2647 3036 2702 Ὀτι
3065 2646 3403 2711 κατεδέξατο
3445 2645 3537 2715 τὴν
3565 2663 3660 2715 φωο

2105 2745 2226 2817 νὴν,
2253 2745 2335 2798 ὃτι
2365 2741 2515 2808 ἄξιον
2547 2743 2738 2796 ἐαυτὸν
2769 2741 3023 2811 ἐνόμισεν
3052 2734 3194 2793 εῖναι
3225 2738 3328 2808 τῆς
3373 2738 3659 2800 κολακείας.

2107 2839 2209 2891 Διά
2251 2836 2442 2891 τούτου
2467 2835 2524 2889 δὲ
2558 2834 2793 2906 μάλιστα
2815 2834 3014 2887 ἐκεῖνοι
3038 2831 3396 2886 παιδεύονται
3435 2832 3485 2885 oi
3521 2830 3660 2884 κολα-

2104 2925 2360 2989 κεύοντες
2391 2925 2540 2995 εἰκῆ.
2591 2924 2917 2994 Ἀμφότεροι
2945 2923 3045 2994 μὲν
3073 2919 3164 2977 οὖν
3187 2919 3330 2993 ἦσαν
3351 2923 3491 2990 ἄξιοι
3514 2939 3663 2989 τιμω-

2107 3019 2259 3090 ρίας·
2288 3017 2404 3072 ἀλλ’
2431 3018 2554 3072 ἐπεὶ
2583 3018 2821 3088 κρίσεως
2859 3016 2960 3070 οὐκ
2993 3016 3111 3070 ἐστι
3139 3015 3353 3084 καιρὸς,
3389 3017 3418 3070 ὁ
3458 3014 3662 3086 μάλιστα

2108 3109 2406 3174 ὑπεύθυνος
2437 3108 2746 3175 κολάζεται,
2779 3110 2840 3162 Εἰ
2869 3109 2925 3162 δὲ
2954 3103 3106 3171 οὗτος
3131 3108 3373 3169 ἀκούσας
3407 3109 3487 3162 ὅτι
3513 3105 3660 3170 Φωνὴ

420 3201 568 3256 xime
606 3207 724 3255 erat
755 3197 950 3264 aliinis,
984 3200 1232 3268 punitur.
1267 3193 1425 3260 Quod
1496 3193 1542 3247 si
1574 3191 1682 3257 ille,
1712 3189 1858 3260 quod
1893 3203 1994 3242 au-

2120 3203 2259 3268 ἲεοῦ,
2310 3203 2410 3257 καί
2484 3205 2596 3258 οὐκ
2650 3201 2992 3270 ἀνθρώπου,
3035 3202 3212 3255 καίτοι
3271 3202 3441 3270 μηδὲν
3492 3199 3658 3263 εἰπὼν,

425 3296 543 3350 dire
592 3291 960 3356 sustinuisset,
1009 3289 1119 3343 Vox
1156 3287 1254 3342 Dei
1284 3296 1334 3341 et
1373 3302 1475 3357 non
1509 3284 1754 3347 hominis,
1781 3281 1995 3338 tametsi

422 3386 561 3442 nihil
582 3385 816 3450 dixerat,
856 3398 950 3438 eas
998 3396 1189 3453 pennas
1222 3379 1411 3434 dedit:
1465 3377 1636 3432 multo
1657 3376 1850 3446 majori
1878 3391 1996 3430 me-

422 3479 528 3535 rito
551 3477 822 3540 Christus,
851 3474 958 3530 nisi
1003 3475 1121 3545 ipse
1158 3481 1303 3527 esset
1352 3470 1517 3538 Deus,
1540 3484 1730 3540 poenas
1759 3468 1999 3524 dedisset

424 3571 518 3644 qui
546 3585 762 3641 semper
784 3569 998 3625 dicebat
1057 3587 1073 3624 :
1123 3565 1292 3621 Verba
1322 3565 1430 3620 hau:
1455 3580 1559 3619 non
1587 3571 1709 3618 sunt
1749 3578 1888 3629 mea,
1919 3569 1996 3627 et,

425 3662 614 3734 Angeli
645 3662 772 3716 mihi
805 3662 1130 3715 ministrant.

485 3756 647 3813 Vens.
669 3755 760 3810 25.
779 3753 1054 3810 Barnabas
1065 3758 1242 3807 autem
1260 3757 1307 3804 et
1327 3748 1524 3805 Saulus
1539 3747 1797 3818 perfuncti
1843 3747 2000 3800 mini-

422 3852 602 3913 sterio,
640 3847 703 3901 ab
738 3844 1112 3916 Hierosolymis
1140 3843 1466 3896 Antiochiam
1516 3841 1708 3895 reversi
1729 3847 1849 3893 sunt
1873 3877 1888 3899 ,
1916 3855 2001 3892 as-

423 3951 633 4014 sumpto
643 3956 816 3996 secum
831 3940 989 3993 etiam
1003 3936 1226 4002 Joanne,
1249 3935 1332 3988 cui
1345 3949 1624 4004 cognomen
1649 3931 1745 4002 {uit
1763 3931 1995 3988 Marcus.

1015 4116 1240 4176 CAPUT
1292 4115 1434 4172 XIII.

501 4237 664 4291 Vens.
692 4234 744 4291 1.
775 4232 1140 4289 Erantautem
1157 4232 1444 4303 quidamin
1465 4229 1716 4292 Ecclesia,
1746 4246 1862 4302 qua:
1889 4240 2004 4284 erat

427 4329 737 4392 Antiochite,
792 4328 1057 4397 propheta:
1106 4333 1154 4378 et
1195 4325 1450 4389 doctores,
1506 4323 1783 4377 Barnabas
1818 4321 2004 4378 videli-

428 4437 530 4488 cet,
563 4433 611 4476 et
637 4419 870 4485 Simeon,
901 4419 990 4490 qui
1019 4417 1307 4472 vocabatur
1338 4415 1526 4486 Niger,
1548 4423 1597 4469 et
1631 4415 1821 4469 Lucius
1843 4415 2006 4484 Cyre-

429 4515 621 4580 nensis,
651 4521 842 4586 praeter
889 4515 979 4566 hos
1011 4509 1296 4571 Manaben,
1326 4509 1413 4578 qui
1458 4517 1576 4561 erat
1596 4523 1704 4560 una
1737 4522 1854 4559 cum
1897 4503 2006 4559 Hec

431 4609 557 4664 rode
581 4606 850 4662 tetrarcha
881 4605 1154 4667 educatus,
1196 4610 1243 4654 et
1274 4597 1490 4654 Saulus.

503 4701 694 4756 Adhuc
724 4696 984 4752 Barnabas
1014 4695 1250 4766 primum
1309 4691 1641 4748 mentionem
1682 4691 1832 4749 facit.
1868 4692 2008 4748 Pau-

431 4797 519 4851 lus
541 4793 685 4850 enim
717 4790 961 4846 nondum
995 4797 1116 4843 erat
1155 4786 1333 4841 clarus
1373 4800 1386 4839 :
1421 4784 1665 4840 nondum
1724 4785 1892 4839 ullum
1923 4786 2004 4841 fe-

431 4893 582 4942 cerat
615 4881 850 4953 signum.
895 4877 1202 4934 Notandum
1235 4885 1319 4932 est
1346 4885 1528 4932 autem
1585 4885 1642 4932 et
1687 4874 1912 4930 Paulum
1944 4886 2005 4932 et

430 4975 887 5052 Barnabam‘cum
918 4971 1196 5042 prophetis
1231 4970 1543 5035 collocatos,
1569 4978 1625 5026 et
1663 4979 2002 5040 comparatos

429 5085 575 5126 esse.
629 5067 831 5128 Prteter
881 5067 974 5120 hos
1006 5063 1290 5129 Manalren,
1325 5061 1414 5132 qui
1471 5069 1585 5114 erat
1639 5077 1757 5116 cum
1799 5061 2005 5116 Herode

435 5161 700 5218 tetrarcha
726 5158 997 5213 educatus.
1031 5155 1170 5211 Ecce
1199 5169 1382 5209 mores
1421 5153 1881 5224 uniuscujusque;
1913 5168 2008 5208 ve-

435 5270 556 5309 rum
578 5268 740 5324 quam
777 5267 806 5305 a
841 5249 1073 5320 pueritia
1098 5253 1424 5316 acceperant
1458 5245 1858 5311 educationem,
1893 5262 2004 5301 non

437 5353 671 5414 uterque
717 5337 964 5396 retinuit.
999 5335 1130 5391 Vide
1159 5335 1330 5392 ‘enim
1353 5374 1368 5398 ,
1420 5343 1478 5390 ut
1504 5335 1742 5391 Herodes
1785 5337 2004 5406 quidem

433 5437 707 5509 pessimus
769 5431 932 5488 fuerit
971 5446 987 5484 :
1032 5428 1298 5484 Manaben
1348 5438 1553 5493 autem,
1597 5429 1688 5498 qui
1734 5443 1841 5481 una
1881 5443 2003 5481 cum

438 5529 543 5582 hoc
571 5527 834 5580 educatus
863 5522 1059 5586 fuerat,
1093 5528 1303 5574 tantum
1332 5518 1401 5572 ab
1433 5519 1524 5572 illo
1551 5525 1790 5572 mutatus
1813 5526 1915 5583 est,
1946 5525 2005 5572 ut

440 5619 606 5676 etiam
637 5631 838 5674 munus
863 5614 1163 5686 prophetia:
1200 5621 1532 5669 consecutus
1559 5612 1646 5666 sit.

515 5820 556 5848 “
605 5813 1140 5874 Vileturdesiderari,
1177 5810 1544 5880 ἀνθρωπίνης.

2101 3295 2328 3349 τοιαῦτα
2359 3296 2526 3349 ἔπαθε
2551 3310 2563 3324 ⁸
2593 3294 2773 3365 πολλῷ
2803 3293 3001 3365 μᾶλλον
3032 3296 3059 3347 δ
3087 3293 3342 3365 Χριστὸς,
3367 3296 3417 3346 εἰ
3454 3294 3524 3365 μὴ
3549 3292 3660 3353 Θεὸς

2103 3385 2173 3462 ἦν
2221 3389 2402 3453 αὐτὸς,
2436 3389 2522 3441 ἀεὶ
2549 3387 2745 3458 λέγων,
2778 3388 2885 3451 ὅτι,
2923 3388 2999 3441 Τὰ
3041 3385 3284 3454 ῥήματα
3337 3385 3521 3438 ταῦτα
3565 3385 3658 3437 οὐκ

2103 3484 2274 3536 ἐστιν
2297 3479 2408 3553 ἐμά
2431 3496 2446 3512 ο
2480 3480 2595 3545 καὶ,
2635 3477 2903 3552 Ἄγγελοι
2918 3494 3020 3548 μοι
3049 3476 3476 3547 ὑπηρετοῦσιν.

2180 3756 2491 3827 Βαρνάϐας
2527 3754 2596 3809 δὲ
2630 3755 2728 3808 καί
2760 3755 2996 3823 Σαῦλος
3044 3755 3445 3824 ὑπέστρεψαν
3463 3756 3544 3818 εις
3581 3754 3659 3805 Ἰε-

2101 3850 2430 3922 ρουσαλὴμ
2453 3852 2524 3915 ⁵³,
2563 3848 2995 3918 πληρώσαντες
3019 3848 3136 3916 τὴν
3164 3847 3496 3913 διακονίαν,
3528 3861 3661 3915 συμ-

2109 3944 2560 4013 παραλαϐόντες
2585 3940 2684 3995 καὶ
2711 3941 2818 3996 τὸν
2853 3938 3144 4010 Ἰωάννην
3163 3941 3271 3994 τὸν
3290 3937 3661 4009 ἐπικληθέντα

2111 4035 2374 4105 Μάρκον.

2704 4126 2959 4184 ΚΕΦᾹΛ.
2994 4126 3096 4181 II".

2184 4241 2380 4299 Ἦσαν
2404 4242 2473 4297 δέ
2513 4260 2672 4309 τινες
2709 4242 2780 4296 ἐν
2823 4241 3146 4310 Ἀντιοχείᾳ
3166 4239 3321 4294 κατὰ
3347 4238 3462 4307 τὴν
3488 4231 3661 4293 οὖσαν

2125 4335 2516 4403 Ἐκκλησίαν,
2540 4333 2839 4404 προφῆται
2862 4331 2960 4387 καὶ
2991 4331 3368 4395 διδάσκαλοι,
3391 4330 3424 4383 ὅ
3448 4345 3508 4382 τε
3533 4329 3662 4394 Bap-

2112 4427 2302 4494 νὰὄας
2348 4426 2448 4481 καὶ
2491 4428 2736 4498 Συμεὼν
2771 4428 2805 4481 ὁ
2852 4424 3294 4496 καλούμενος⁸³
3336 4425 3529 4492 Νίγερ,
3576 4417 3660 4473 καί

2115 4521 2371 4596 Λούκιος
2393 4523 2426 4574 ό
2458 4518 2789 4590 Κυρηναῖος
2811 4519 2879 4587 ³⁸,
2911 4517 3166 4586 Μαναήν
3187 4532 3252 4570 τε
3293 4513 3546 4584 Ἡρώδου
3570 4508 3660 4564 τοῦ

2112 4613 2440 4684 τετράρχου
2473 4614 2837 4682 σύντροφος,
2869 4611 2968 4666 καὶ
3001 4607 3257 4675 Σαῦλος.

2185 4707 2310 4760 Ἔτι
2363 4704 2650 4776 Βαρνάϐαν
2685 4703 2902 4775 πρῶτον
2938 4700 3312 4774 μνημονεύει·
3370 4697 3519 4751 οὔπω
3566 4693 3659 4761 γὰρ

2111 4797 2324 4863 Παῦλος
2351 4792 2420 4868 ἦν
2446 4795 2700 4866 λαμπρός
2723 4810 2737 4824 °
2767 4792 2920 4846 οὔπω
2942 4792 3166 4862 σημεῖον
3192 4789 3346 4843 οὐδὲν
3370 4785 3658 4856 εἰργάσατο.

2109 4889 2456 4963 Σημειωτέον
2489 4887 2545 4940 δὲ
2587 4887 2670 4940 ὅτι
2700 4884 2796 4938 καὶ
2837 4882 3052 4946 Παῦλος
3089 4881 3187 4934 καὶ
3220 4876 3504 4950 Βαρνάϐας
3531 4869 3660 4963 μετά
3716 4932 3721 4936 Ι

2104 4960 2214 5034 τῶν
2254 4975 2555 5051 προφητῶν
2579 4973 2991 5045 κατετάγησαν.
3033 4968 3294 5035 Μαναήν
3335 4984 3397 5022 τε
3433 4960 3658 5033 Ἡρώδου

2102 5070 2212 5127 τοῦ
2236 5068 2564 5138 τετράρχου
2589 5065 2956 5136 σύντροφος.
2985 5061 3162 5116 Ἰδοὺὸ
3191 5059 3390 5130 τρόπος
3430 5054 3656 5138 ἑκάστου,

2102 5161 2225 5231 οὐχὶ
2255 5162 2288 5229 ἡ
2319 5137 2382 5211 ἐκ
2420 5157 2604 5220 παιδὸς
2636 5155 2918 5226 ἀνατροφὴ
2945 5152 3130 5218 σώζει.
3174 5150 3350 5206 Βλέπε
3383 5149 3486 5218 γὰρ
3508 5137 3660 5203 πῶςὸ

2108 5252 2209 5324 μὲν
2253 5249 2503 5318 Ἡρώδης
2534 5248 2796 5311 κάκιστος
2835 5241 2904 5317 ἦν
2925 5262 2939 5276 ·
2974 5246 3002 5296 ὁ
3025 5241 3128 5316 [δὲ]
3165 5241 3355 5295 τούτου
3383 5239 3655 5324 σύντροφος

2109 5319 2339 5412 Μαναὴν
2395 5339 2649 5395 τοσοῦτον
2711 5335 3042 5410 μετεϐλήθη,
3081 5334 3165 5388 ὅτι
3214 5333 3313 5386 καὶ
3353 5319 3658 5400 προφητείας

2110 5434 2338 5507 ἠξιώθη.

1647 5679 1846 5764 Varia)
1893 5701 2199 5765 lectiones
2243 5707 2300 5760 et
2347 5703 2534 5761 notae.

1645 5807 1690 5839 ⁵²
1727 5806 1790 5860 In
1812 5821 1996 5872 exemp.

2145 5803 2366 5858 Lutetiw
2409 5803 2548 5855 edito
2578 5809 2677 5872 est,
2731 5796 2788 5872 ἐξ
2822 5791 3178 5872 Ἰερουσαλὴμ
3216 5790 3296 5850 εἰς
3311 5784 3650 5872 -Ἀντιόχειαν,

473 5907 631 5949 quam
681 5888 952 5942 lectionem
980 5863 1167 5953 sequor
1191 5899 1254 5935 ac
1284 5863 1606 5935 'reram'esse
1638 5887 1782 5947 puto.
1859 5877 1903 5908 ⁵³
1929 5863 1994 5929 In

2120 5887 2222 5940 mlo
2251 5884 2346 5938 est,
2374 5874 2554 5944 Σίμων
2591 5863 2946 5939 καλούμενος.
3023 5864 3069 5898 δ”
3094 5863 3407 5934 Κυριναίος,
3448 5863 3565 5910 erat.
