3856 6548
415 424 525 492 695

420 632 601 687 nuban
640 634 836 691 cedere
882 636 1072 702 Paulo,
1124 641 1602 711 (quemadmodum
1640 644 1805 699 etiam
1839 645 2000 702 Petro

340 801 348 811 .
415 725 655 783 Joannes
683 728 884 800 ubique
915 730 1098 803 cedit)
1125 748 1435 806 quanquam
1462 737 1831 796 venerabilior
1854 740 2019 807 erat,

417 832 580 886 quinm
612 818 737 874 ille:
761 835 951 877 verum
975 836 1321 881 communem
1340 826 1627 885 utilitatem
1659 832 1996 903 spectabant.

416 909 557 964 Deus
592 911 773 980 populi
792 911 951 983 hujus
984 914 1141 987 elegit
1168 910 1347 987 patres
1380 930 1605 977 nostros.
1635 922 1996 996 Antiquarum

416 1001 643 1071 repetita
672 1004 935 1061 memoria
960 1022 1142 1063 rerum
1173 1011 1411 1067 ostendit
1451 1027 1644 1087 magna
1677 1029 1797 1072 esse
1827 1017 1998 1074 bene-

414 1092 556 1161 ﬁcia,
592 1108 713 1164 quae
760 1096 904 1152 Deus
946 1100 1242 1156 contulerit
1272 1100 1327 1156 in
1362 1102 1504 1169 illos,
1541 1108 1996 1177 quemadmodum

413 1183 579 1239 etiam
611 1185 925 1257 Stephanus
955 1188 1109 1261 facit.
1152 1191 1362 1249 Nactus
1394 1211 1513 1250 sum
1542 1197 1797 1255 Duuidem
1824 1201 1998 1270 ﬁlium

411 1274 614 1345 Jesswi,
653 1278 826 1333 virum
875 1282 967 1350 qui
1013 1282 1148 1338 mihi
1183 1286 1330 1340 cordi
1385 1296 1479 1342 est.
1532 1286 1837 1348 Notandum
1885 1308 1996 1350 non

412 1369 532 1437 ipso
573 1379 831 1426 contextu
862 1373 1164 1430 dictionum
1194 1376 1308 1435 hac
1339 1378 1500 1435 verba
1526 1391 1739 1438 exstare
1777 1382 1833 1439 in
1860 1384 1997 1441 libro

412 1459 640 1532 Regum,
697 1464 794 1520 sed
852 1466 1194 1524 solummodo
1249 1472 1569 1542 prophetico
1615 1490 1766 1531 more
1798 1476 1867 1532 ab
1909 1476 1995 1534 di-

412 1549 539 1605 vino
579 1550 833 1609 Samuele
857 1555 1000 1611 dicta
1035 1572 1158 1614 esse
1196 1559 1265 1614 ad
1295 1558 1512 1617 Saulem
1546 1579 1563 1618 :
1596 1561 1808 1630 Quaeret
1830 1568 1993 1634 enim,
2044 1582 2055 1583 ί

412 1642 613 1712 inquit,
658 1644 764 1699 sibi
805 1645 1065 1705 Dominus
1101 1651 1385 1720 hominem,
1432 1654 1524 1725 qui
1573 1656 1674 1710 sibi
1702 1658 1846 1712 cordi
1899 1659 1990 1719 sit.

411 1742 462 1789 et
501 1737 773 1834 mandabit
806 1740 854 1794 ei
880 1740 1158 1812 Dominus,
1196 1751 1256 1799 ut
1279 1748 1456 1815 prwsit
1480 1748 1673 1817 populo
1694 1766 1831 1807 suo:
1868 1753 1995 1824 quia

411 1843 516 1882 non
540 1832 779 1894 servasti
806 1841 856 1887 et
880 1846 1153 1892 exsecutus
1192 1853 1247 1893 es
1284 1854 1606 1912 quacunque
1648 1841 1997 1899 mandaverat

888 508 903 521 ἕ
1334 438 1904 505 THEOPHYLALT:
1951 448 2360 509 BULUAIELE
2396 452 2759 521 ARCHIEP.

416 548 515 594 lus
552 547 670 594 erat
708 539 981 600 Christus.
1025 545 1427 612 ,‘Animadverte
1463 561 1643 607 autem
1677 553 1839 609 etiam
1868 553 1997 610 Bar-

2113 558 2306 631 ροῦντα
2354 561 2436 633 τῷ
2483 563 2703 636 Παύλῳ,
2757 564 2948 640 ὥσπερ
2990 567 3086 625 καὶ
3126 568 3319 642 Πέτρῳ
3351 572 3381 626 ὁ
3422 572 3659 645 Ἰωάννης

3562 463 3658 527 [9ἶ

2103 655 2405 725 πανταχοῦ,
2461 657 2642 712 καίτοι
2700 659 2872 715 αὐτοῦ
2928 661 3349 735 αὶδεσιμώτερος
3398 658 3506 725 ἦν’
3536 667 3659 721 ἀλλὰ

2101 747 2237 816 πρὸς
2271 745 2333 800 τὸ
2368 750 2522 820 κοινῇ
2563 750 2846 822 συμφέρον
2877 751 3087 824 ἐώρων.
3124 753 3190 808 '0
3213 754 3354 821 Θεὸς
3380 752 3490 809 τοῦ
3516 757 3658 811 λαοῦ

2099 839 2318 894 τούτου
2350 840 2671 907 ἐξελέξατο
2698 842 2841 911 τοὺς
2891 842 3154 914 πατέρας
3196 844 3384 916 ἡμῶν.
3431 847 3662 902 ’Δνωθεν

2098 932 2339 989 δείκνυσι
2393 935 2491 1001 τὰς
2533 937 2854 1009 εὐεργεσίας
2905 937 3002 992 τοῦ
3031 936 3167 992 Θεοῦ
3198 937 3442 1009 μεγάλας
3479 937 3659 1002 οὔσας,

2100 1025 2353 1098 καθάπερ
2384 1025 2480 1080 καὶ
2508 1026 2781 1096 Στέφανος
2805 1029 2970 1082 ποιεῖ.
3001 1022 3202 1098 Εὗρον
3225 1027 3409 1084 Δαυῒδ
3428 1027 3531 1082 τὸν
3562 1028 3659 1084 τοῦ

2112 1116 2361 1183 Ἰεσσαὶ,
2380 1117 2571 1187 ἄνδρα
2590 1119 2742 1175 κατὰ
2755 1118 2873 1189 τὴν
2888 1120 3145 1189 καρδίαν
3158 1137 3301 1192 μου.
3324 1119 3402 1191 Ση
3411 1121 3660 1191 gemulo»

2097 1209 2180 1265 ὅτι
2214 1210 2314 1265 οὐκ
2351 1210 2489 1283 αὐτῇ
2519 1210 2665 1277 λέξει
2709 1210 2883 1267 ταῦτα
2910 1213 2982 1268 τὰ
3014 1213 3237 1284 ῥήματα
3279 1213 3494 1267 κεῖνται
3513 1212 3570 1266 ἒν
3595 1214 3657 1283 τῇ

2100 1304 2268 1378 βίϐλῳ
2296 1306 2406 1361 τῶν
2434 1305 2756 1373 Βασιλειῶν,
2786 1306 2822 1379 ἢ
2870 1308 3032 1379 μόνον
3066 1305 3425 1379 προφητικῶς
3449 1306 3552 1359 ὑπὸ
3573 1304 3657 1360 τοῦ

2099 1401 2245 1456 θείου
2280 1402 2535 1473 Σαμουὴλ
2562 1402 2832 1473 εἰρημένα
2858 1401 2997 1472 πρὸς
3040 1401 3135 1456 τὸν
3188 1399 3386 1479 Σαούλ.
3416 1398 3656 1467 Ζητήσει

2097 1492 2227 1565 γὰρ,
2279 1491 2438 1562 φησὶ,
2477 1493 2691 1562 Κύριος
2740 1490 2934 1559 ἑαυτῷ
2998 1492 3314 1560 ἄνθρωπον
3352 1489 3505 1545 κατὰ
3556 1487 3659 1558 τὴν

2097 1585 2352 1657 καρδίαν
2375 1584 2586 1651 αὑτοῦ,
2612 1583 2715 1641 καί
2749 1584 3077 1640 ἐντελεῖται
3126 1583 3289 1651 αὐτῷ
3321 1583 3542 1651 Κύριος
3581 1584 3660 1650 εις

2097 1677 2362 1747 ἄρχοντα
2397 1676 2497 1731 ἐπὶ
2521 1677 2629 1733 τὸν
2651 1676 2806 1732 λαὸν
2831 1676 3019 1740 αὑτοῦ
3049 1691 3064 1707 ·
3097 1676 3187 1732 ὅτι
3222 1677 3336 1732 οὐκ
3363 1673 3661 1745 ἐφύλαξα(-

2098 1770 2216 1824 ὄσα
2248 1768 2589 1824 ἐνετείλατό
2637 1782 2739 1824 σοι
2782 1769 3019 1838 Κύριος.
3063 1765 3348 1823 Ἐντεῦθεν
3392 1767 3429 1820 ὁ
3468 1764 3660 1829 Παῦλος

2096 1856 2309 1911 τέθεικε
2346 1856 2426 1921 τὸ,
2455 1852 2651 1926 Εὗρον
2677 1856 2859 1913 Δαυῒδ
2887 1856 2998 1912 τὸν
3044 1857 3154 1912 τοῦ
3204 1854 3463 1921 Ἰεσσαὶ,
3493 1852 3659 1922 ἄνδρα

410 1922 507 1977 tibi
532 1922 789 1980 Dominus
811 1925 879 1982 “.
920 1926 1059 1984 Hinc
1092 1928 1292 1987 Paulus
1328 1933 1513 2002 posuit
1556 1951 1574 1989 :
1614 1933 1799 1990 Inveni
1838 1936 1997 1991 Davi-

2113 1949 2252 2004 κατὰ
2271 1948 2387 2018 τὴν
2408 1916 2661 2018 παρδίαν
2676 1966 2817 2019 μου.
2843 1949 2919 2003 Τὸ
2939 1947 2998 2003 δὲ
3019 1949 3216 2015 εἰπεῖν,
3236 1916 3488 2017 Ἄνδρες
3504 1916 3658 2004 ἀδελ-

410 2013 528 2068 dem
566 2015 736 2085 filium
782 2017 985 2085 Jessrei,
1035 2021 1207 2076 uirum
1248 2022 1339 2093 qui
1372 2024 1501 2079 mihi
1542 2026 1687 2082 cordi
1714 2035 1810 2084 est.
1841 2027 1997 2096 Quod

410 2115 593 2164 autem
617 2108 753 2165 dixit
786 2128 802 2166 :
833 2110 941 2167 Viri
966 2112 1184 2183 fratres,
1213 2115 1261 2169 si
1293 2130 1452 2186 quam
1475 2117 1678 2175 habetis
1701 2121 1996 2176 orationem

410 2197 574 2268 plebis
605 2200 938 2271 appellanda:
970 2213 1019 2257 et
1045 2204 1397 2262 adhortandw
1426 2224 1594 2263 causa
1627 2214 1995 2282 compositam,

410 2290 596 2361 dicite,
621 2293 673 2346 id
702 2301 787 2349 est
816 2294 1151 2363 huiusmodi.
1188 2295 1302 2353 Mos
1330 2308 1448 2354 erat
1468 2298 1670 2358 Judaeis
1704 2302 1760 2357 in
1791 2302 1998 2361 Sabba«-

413 2384 485 2439 tis
517 2384 750 2440 recitare
795 2385 969 2457 legem
1021 2386 1219 2459 Moysis
1261 2397 1317 2445 et
1359 2390 1654 2462 prophetas
1693 2409 1709 2447 :
1763 2409 1828 2451 ac
1874 2403 1999 2466 post

413 2489 603 2530 eorum
652 2475 1025 2535 recitationem
1076 2480 1277 2551 alloqui
1334 2482 1546 2553 plebem
1591 2493 1648 2539 et
1701 2486 1995 2556 explicare.

414 2566 779 2633 Quamobrem
813 2569 977 2625 etiam
1013 2570 1092 2626 illi
1122 2571 1417 2629 hortantur
1447 2573 1674 2631 Paulum
1701 2586 1758 2633 et
1796 2575 1997 2633 Barna-

411 2661 536 2717 bam
585 2661 654 2719 ad
705 2662 1092 2734 proferendum
1164 2666 1366 2735 verba,
1421 2668 1622 2740 quibus
1666 2680 1996 2729 conventum

415 2755 792 2812 admonerent.
838 2756 1012 2828 Hujus
1044 2775 1110 2813 ea:
1138 2764 1337 2816 semine
1363 2760 1527 2829 Deus,
1555 2765 1998 2834 quemadmodum

416 2849 751 2918 promiserat,
774 2852 953 2906 eduxit
988 2850 1177 2908 Israeli
1202 2852 1556 2911 Senatorem.
1588 2857 1753 2915 Valde
1779 2858 1999 2916 deside-

415 2944 585 2999 rabile
621 2955 740 3003 erat
784 2946 897 3003 illis
925 2963 1125 3004 nomen
1159 2950 1404 3009 Davidis.
1442 2949 1615 3023 Hujus
1644 2954 1723 3011 rei
1749 2956 1921 3027 gratia
1964 2971 1995 3011 a

416 3038 587 3108 stirpe
643 3037 788 3095 illius
821 3039 897 3096 ait
943 3052 1228 3113 regnatum
1285 3045 1374 3100 iri.
1417 3045 1547 3102 Cum
1591 3057 1714 3105 ante
1763 3049 1994 3108 Joannes

416 3129 751 3195 prardicasset
807 3141 931 3187 ante
963 3132 1157 3203 [aciem
1203 3136 1454 3192 introitus
1506 3138 1641 3208 ejus.
1700 3139 1991 3197 lntroitum

416 3229 597 3276 autem
618 3221 1052 3282 incarnationem
1081 3227 1232 3284 dicit.

489 3316 655 3374 Vens.
698 3318 792 3375 25.
823 3317 955 3375 Cum
978 3329 1155 3375 autem
1192 3318 1428 3378 Joannes
1455 3339 1665 3378 cursum
1695 3326 1992 3395 con/iteret,

416 3410 621 3465 dicebat
650 3425 671 3466 :
701 3407 991 3478 Quemnam
1023 3428 1104 3467 me
1128 3428 1239 3468 esse
1265 3414 1642 3484 suspieamiui?
1671 3414 1785 3489 Ego
1818 3418 1864 3473 is
1896 3435 2000 3473 non

416 3519 534 3556 smn
565 3516 584 3557 :
616 3502 710 3557 sed
742 3518 855 3557 ecce
884 3501 1020 3556 venit
1044 3511 1160 3573 post
1190 3519 1291 3569 me,
1332 3504 1483 3573 cujus
1522 3521 1627 3560 non
1665 3522 1782 3562 sum
1810 3507 1998 3579 dignus

416 3594 508 3658 qui
534 3592 737 3650 solvam
760 3593 1170 3650 calceamentum
1195 3595 1410 3666 pedum.

489 3685 654 3743 Vens.
681 3685 773 3741 26.
807 3684 917 3742 Viri
940 3687 1154 3758 fratres,
1178 3689 1372 3758 posteri
1394 3690 1598 3760 generis
1620 3690 1929 3757 Abrahami,
1951 3699 2001 3748 et

416 3781 508 3851 qui
535 3780 671 3835 inter
698 3796 787 3834 vos
823 3777 989 3833 Deum
1012 3779 1217 3847 timent,
1246 3780 1388 3836 vobis
1423 3782 1632 3839 verbum
1664 3783 1854 3839 salutis
1899 3785 1999 3839 hu-

413 3877 504 3943 jus
540 3875 766 3929 missum
790 3883 887 3928 est.

488 3964 654 4020 Vens.
696 3964 789 4019 27.
824 3965 967 4020 Nam
1015 3970 1106 4038 qui
1146 3966 1457 4022 habitabant
1496 3968 1553 4022 in
1594 3967 1911 4033 Jerusalem,
1951 3978 2003 4025 ot

416 4054 681 4125 principes
709 4056 1082 4126 eorum,illum
1106 4060 1405 4131 ignorantes
1429 4060 1847 4131 quisnamlesset,
1880 4075 2001 4115 cum

416 4163 564 4203 voces
607 4148 1018 4219 prophetarum,
1062 4168 1180 4225 quae
1216 4153 1361 4207 omni
1401 4150 1632 4209 Sabbato
1688 4153 1999 4221 recitantur;

413 4240 615 4311 judicio
640 4258 736 4297 suo
767 4243 1189 4314 comprobarunt,

494 4332 654 4405 109
687 4332 855 4391 Vens.
884 4335 972 4392 28.
1007 4336 1133 4392 Tum
1174 4338 1323 4394 nulla
1356 4356 1521 4396 causa
1553 4342 1737 4398 mortis
1768 4342 2000 4409 inventa,

412 4425 672 4494 petierunt
697 4444 729 4482 α
757 4424 932 4483 Pilato
954 4439 1012 4485 ut
1044 4430 1334 4488 tolleretur.

487 4515 648 4573 Vsus.
681 4518 773 4575 29.
809 4520 872 4577 Ut
896 4531 1070 4577 autem
1114 4525 1440 4597 perfecerunt
1482 4526 1660 4581 omnia
1695 4543 1813 4599 qua:
1852 4531 1916 4582 de
1942 4543 2000 4583 eo

2098 2039 2225 2110 φοι,
2278 2040 2331 2094 εἰ
2356 2038 2489 2093 ἐστι
2537 2040 2718 2109 λόγος
2745 2038 2817 2094 ἐν
2838 2038 2985 2110 ὑμῖν
3011 2037 3459 2108 παρακλήσεως
3526 2036 3654 2107 πρὸς

2099 2133 2208 2187 τὸν
2253 2133 2410 2187 λαὸν
2444 2132 2688 2203 λέγετε,
2742 2132 2901 2188 τοῦτο
2934 2129 3005 2205 ἦν
3032 2149 3049 2166 ο
3086 2131 3246 2197 Ἐθος
3282 2130 3355 2206 ἦν
3395 2134 3515 2195 τοῖς
3548 2133 3651 2187 Ἴου·

2097 2226 2269 2292 δαίοις
2325 2228 2386 2280 ὲν
2437 2230 2551 2291 τοῖς
2606 2226 2884 2282 Σάϐϐασιν
2934 2228 3332 2297 ἀναγινώσκειν
3378 2225 3479 2280 τὸν
3515 2226 3654 2295 νόμον

2099 2320 2383 2387 Μωῦσέως
2411 2322 2458 2355 ⁷³
2490 2321 2584 2378 καὶ
2613 2323 2738 2386 τοὺς
2762 2323 3049 2394 προφήτας
3067 2338 3083 2354 ο
3133 2321 3228 2376 καὶ
3258 2319 3401 2393 μετὰ
3436 2319 3531 2392 τὴν
3548 2318 3655 2372 τοῦ·

2099 2431 2208 2469 των
2228 2414 2558 2485 ἀνάγνωσιν,
2587 2415 2938 2487 προσομιλεῖν
2964 2416 3057 2470 καὶ
3085 2413 3428 2485 ἐξηγεῖσθαι.
3464 2412 3550 2466 Διὸ
3572 2411 3656 2465 καὶ

2099 2497 2245 2560 οὗτοι
2302 2505 2704 2577 προτρέπονται
2756 2507 2883 2571 τοὺς
2898 2506 2947 2539 ⁷⁸
3013 2506 3139 2577 περὶ
3183 2503 3399 2559 Παῦλον
3446 2500 3654 2572 λαλῆσαι

2099 2602 2170 2672 τῇ
2196 2599 2519 2672 Συναγωγῇ.
2561 2599 2780 2656 Τούτου
2807 2601 2842 2655 d
2882 2598 3026 2667 Θεὸς
3053 2596 3172 2653 ἀπὸ
3199 2596 3310 2653 τοῦ
3336 2594 3656 2665 σπέρματος

2100 2694 2230 2747 κατ’
2257 2693 2628 2765 ἐπαγγελίαν
2663 2691 2851 2763 ἤγαγε
2870 2690 2952 2759 τῷ
2982 2690 3234 2760 Ἰσραὴλ
3262 2689 3564 2759 σωτηρίαν
3594 2685 3650 2740 ⁷⁷.

2100 2787 2251 2842 Πάνυ
2278 2786 2529 2842 ποθεινὸν
2545 2782 2613 2859 ἦν
2639 2787 2825 2852 αὐτοῖς
2848 2786 2913 2840 τὸ
2930 2784 3028 2840 τοῦ
3054 2783 3222 2839 Δασὶδ
3248 2783 3423 2854 δνομα
3440 2801 3458 2815 -
3486 2778 3652 2835 τούτου

2100 2880 2260 2951 χάριν
2307 2878 2413 2933 ὑπὸ
2458 2878 2553 2933 τοῦ
2596 2877 2788 2943 παιδὸς
2867 2875 3036 2932 αὐτοῦ
3097 2873 3487 2971 βασιλεύεσθαί
3517 2886 3652 2971 φησι.

2098 2970 2599 3053 Προκηρύξαντος
2650 2968 2937 3025 Ἰωάννου
2988 2967 3104 3037 πρὸ
3165 2965 3495 3036 προσώπου
3560 2965 3656 3031 τῆς

2096 3065 2341 3122 εἰσόδου
2369 3064 2578 3121 αὐτοῦ,
2610 3064 2828 3119 Εῑσοδον
2849 3062 2909 3117 δὲ
2931 3063 3033 3135 τὴν
3070 3061 3349 3132 σάρκωσιν
3370 3059 3540 3130 λέγει.

2184 3324 2283 3390 Ὠς
2312 3320 2382 3376 δὲ
2401 3318 2673 3389 ἐπλήρου
2713 3317 2993 3387 Ἰωάννης
3034 3316 3144 3372 τὸν
3181 3315 3429 3387 δρόμον,
3468 3316 3652 3385 ἔλεγε·

2106 3418 2246 3473 Τίνα
2287 3432 2364 3486 με
2402 3412 2715 3471 ὑπονοεῖτε
2738 3410 2787 3445 "
2834 3410 2986 3466 εἶναι
3005 3426 3026 3476 ;
3051 3410 3176 3465 οὐκ
3202 3409 3321 3480 ειμι
3361 3407 3512 3479 ἐτώο
3535 3406 3654 3462 ἀλλ’

2100 3508 2235 3563 lauit
2258 3508 2494 3577 ἔρχεται
2510 3505 2638 3577 μετ’
2672 3505 2799 3575 ἐμά,
2824 3498 2898 3561 οὗ
2924 3504 3038 3561 οὐκ
3063 3501 3181 3574 ειμι
3217 3501 3387 3568 ἄξιος
3420 3502 3492 3557 τὸ
3526 3498 3656 3556 ὑπό-

2100 3601 2263 3671 δημα
2281 3597 2404 3654 τῶν
2419 3596 2623 3654 ποδῶν
2638 3596 2849 3652 λῦσαι.

2185 3692 2437 3761 Ἀνδιες
2461 3686 2733 3759 ἀδελφοὶ,
2767 3686 2887 3743 vlo!
2935 3687 3153 3758 γένους
3175 3683 3458 3754 Ἀϐραὰμ,
3497 3682 3585 3739 καὶ
3607 3683 3654 3735 al

2101 3787 2172 3843 ἐν
2208 3784 2351 3856 ὑμῖν
2368 3782 2726 3854 φοϐούμενοι
2763 3780 2870 3836 τὸν
2895 3779 3065 3845 Θεὸν,
3091 3778 3237 3850 ὑμῖν
3270 3778 3303 3831 ὁ
3340 3777 3524 3846 λόγος
3563 3771 3656 3841 τῆς

2102 3880 2403 3951 σωτηρίας
2427 3879 2650 3947 ταύτης
2680 3875 3021 3946 ἀπεστάλη.

2173 3977 2239 4031 Ol
2272 3974 2383 4046 γὰρ
2416 3971 2842 4039 κατοικοῦντες
2889 3971 2962 4026 ὲν
3024 3967 3443 4040 Ἰερουσαλὴμ,
3499 3963 3657 4021 καλοί

2102 4069 2396 4138 ἄρχοντες
2430 4064 2649 4132 αὐτῶν,
2698 4064 2916 4119 τοῦτον
2950 4060 3388 4135 ἀγνοήσαντες,
3440 4059 3539 4114 καὶ
3565 4055 3658 4121 τὰς

2102 4160 2307 4232 φωνὰς
2328 4157 2450 4213 τῶν
2482 4153 2829 4228 προφητῶν,
2865 4157 2975 4223 τὰς
3025 4154 3177 4209 κατὰ
3223 4150 3349 4211 πᾶν
3377 4150 3658 4207 Σάϐϐατον

2104 4253 2693 4329 ἀναγινωσκομένας,
2728 4249 3044 4321 κρίναντες
3063 4248 3449 4321 ἐπλήρωσαν·

2173 4348 2284 4405 Kal
2316 4344 2620 4418 μηδεμίαν
2664 4342 2865 4399 αἰτίαν
2914 4340 3175 4398 θανάτου
3200 4341 3498 4411 εὑρόντες,
3527 4335 3652 4409 ᾐτή-

2103 4455 2296 4496 σαντο
2312 4436 2578 4494 Πιλᾶτον
2632 4433 3025 4505 ἀναιρεθῆναι
3046 4434 3256 4490 αὐτόν.

2183 4533 2283 4599 Ὧς
2319 4530 2389 4585 δὲ
2406 4529 2698 4585 ἐτέλεσαν
2724 4525 2925 4582 πάντα
2949 4528 2997 4562 ⁷⁸
3048 4527 3122 4583 τὰ
3145 4523 3281 4596 περὶ
3341 4521 3527 4580 αὐτοῦ
3572 4535 3651 4589 τε·

414 4610 616 4679 scripta
644 4622 816 4679 erant,
848 4613 1114 4683 demptum
1138 4615 1202 4671 de
1229 4616 1392 4688 ligno,
1421 4628 1703 4688 posuerunt
1733 4621 1789 4674 in
1815 4635 1997 4675 monu-

2113 4622 2429 4698 mappéra,
2455 4618 2816 4687 καθελόντες
2842 4618 2963 4674 ἀπὸ
3010 4617 3119 4674 τοῦ
3193 4616 3407 4684 ξύλου,
3451 4614 3652 4682 ἔθηκαν

413 4710 610 4759 mento.

491 4794 652 4849 Vens.
683 4793 775 4851 30.
803 4795 944 4852 Deus
974 4807 1153 4855 autem
1177 4803 1450 4859 suscitavit
1477 4821 1595 4860 eum
1624 4822 1655 4859 a
1685 4809 1926 4874 mortuis,

494 4886 653 4940 Vens.
696 4885 787 4941 5!.
815 4885 920 4952 Qui
941 4890 1084 4945 visus
1113 4901 1189 4946 est
1213 4907 1306 4963 per
1332 4895 1440 4949 dies
1475 4894 1763 4966 complures
1793 4897 1858 4952 ab
1892 4896 1996 4964 his,

414 4979 507 5049 qui
536 4995 645 5034 una
672 4994 795 5036 cum
813 4996 874 5037 eo
888 4984 1230 5040 ascenderant
1258 5004 1322 5042 ea:
1346 4987 1572 5046 Galilaza
1600 4993 1653 5047 in
1682 4991 1996 5060 Jerusalem,

414 5075 505 5146 qui
536 5083 661 5132 sunt
681 5082 836 5132 testes
865 5076 981 5147 ejus
1009 5078 1153 5148 apud
1176 5079 1396 5150 plebem.

477 5258 636 5314 Vens.
661 5258 754 5315 32.
782 5257 853 5314 Et
877 5274 971 5314 nos
995 5260 1135 5314 vobis
1164 5263 1543 5319 annuntiamus
1565 5282 1703 5332 eam,
1730 5282 1847 5333 qua:
1880 5284 2000 5322 ma-

413 5352 617 5417 ioribus
629 5351 867 5423 contigit,
896 5352 1293 5420 promissionem
1310 5372 1330 5413 :
1348 5373 1529 5427 nempe
1553 5360 1689 5415 hanc
1711 5359 1881 5415 Deum
1909 5378 2000 5417 ea:-

411 5443 632 5513 plevisse
664 5459 728 5497 ac
754 5443 1063 5515 prestitisse
1091 5446 1236 5519 pobis
1266 5451 1489 5519 posteris
1514 5452 1730 5507 illorum
1769 5455 1997 5508 resusci.

417 5543 528 5588 tato
552 5531 698 5589 Iesu.

522 5653 570 5686 “
608 5652 792 5726 IReg.
827 5670 930 5713 xu.

2102 4719 2189 4783 εις
2201 4711 2516 4786 μνημεῖον.

2187 4807 2259 4862 ’0
2275 4805 2344 4861 δὲ
2360 4804 2505 4872 Θεὸς
2535 4802 2775 4875 ἤγειρεν
2819 4801 3009 4859 αὑτὸν
3031 4803 3102 4858 ἐκ
3138 4798 3388 4872 νεκρῶν,

2184 4902 2290 4966 Ὃς
2322 4897 2489 4968 ὤφθη
2519 4895 2619 4951 ἐπὶ
2645 4895 2873 4967 ἡμέρας
2901 4897 3153 4961 πλείους
3197 4893 3324 4961 τοῖς
3361 4888 3654 4966 συνίανῙα-

2106 4991 2287 5051 ὅᾶσιν
2315 4987 2477 5055 αὐτῷ
2504 4989 2624 5045 ἀπὸ
2678 4987 2791 5059 τῆς
2839 4988 3176 5054 Γαλιλαίας
3241 4988 3330 5053 εις
3388 4986 3653 5055 Ἰερουσαι

2097 5087 2245 5157 λὴμ,
2299 5082 2514 5150 οἵτινές
2566 5082 2688 5138 εισι
2743 5081 3043 5163 μάρτυρες
3109 5080 3298 5137 αὐτοῦ
3358 5079 3503 5149 πρὸς
3562 5075 3651 5129 τὸν

2098 5179 2272 5234 λαόν.

2169 5269 2277 5325 Kal
2327 5268 2497 5339 ἡμεῖς
2557 5265 2713 5340 ὑμᾶς
2787 5266 3282 5339 εὐαγγελιζόμεθα
3340 5265 3453 5335 τήν
3526 5257 3644 5330 πρῦς

2100 5365 2243 5432 τοὺς
2298 5364 2558 5432 πατέρας
2624 5361 2992 5433 ἐπαγγελίαν
3076 5358 3410 5429 γενομένην
3462 5355 3527 5415 ⁸⁸,
3577 5351 3644 5405 ὅτι

2103 5460 2331 5527 ταύτην
2404 5459 2439 5511 ό
2519 5455 2665 5522 Θεὸς
2731 5451 3165 5522 ἐκπεπλήρωκε
3259 5449 3385 5517 τοῖς
3451 5446 3639 5502 τέκνοιι

2102 5551 2321 5618 αὐτῶν,
2345 5547 2490 5619 ὑμῖν
2507 5547 2553 5581 ⁸⁸
2581 5545 2940 5617 ἀναστήσας
2977 5543 3232 5614 Ἰησοῦν.

1628 5761 1833 5825 Variae
1876 5762 2192 5828 lectiones
2236 5768 2513 5826 etnotae.

486 5860 533 5891 "
571 5859 853 5930 Μωυσέος,
885 5871 1018 5918 erat.

1127 5864 1277 5939 ἶ⁶τὰ,
1310 5874 1447 5939 erat.
1515 5868 1557 5898 '"
1590 5854 2200 5939 _i'0'.'2w:ﬁpa'lqooﬁv.

2303 5870 2348 5903 ⁷⁸
2367 5869 2847 5935 ὑπονοεῖται,εται.
2926 5865 2970 5900 τ’
3001 5864 3073 5922 In
3085 5862 3296 5936 vulgato
3318 5870 3411 5928 est,
3433 5861 3640 5916 ἅπαντα.

414 5928 462 5963 ⁶⁰
497 5930 559 5987 In
597 5928 846 6006 vulgatis,
873 5928 1274 6010 γεγενημένην.
1347 5937 1392 5970 ⁸⁸
1419 5937 1482 5994 In
1511 5937 1734 6010 vulgatis
1753 5928 1997 6009 plcr'i'squ:

2123 5982 2134 6001 .
2159 5942 2307 6012 ἡμῖν.
