3856 6554
149 454 242 516 697
858 449 1270 514 EXPOSITIO
1304 449 1392 511 IN
1428 452 1620 512 ACTA
1658 454 2218 516 APOSTOLORUM
2247 481 2314 490 --
2336 454 2492 516 CAP.
2531 455 2703 517 XIII;

3295 448 3399 516 693

227 564 322 630 Ὠς
346 563 450 617 καὶ
472 563 538 617 ἐν
570 561 650 629 τῷ
674 562 899 634 ψαλμῷ
925 561 1006 627 τῷ
1040 561 1298 629 δευτέρῳ
1347 559 1671 631 γέγραπται
1697 579 1712 594 ο

1887 565 2050 621 Vens.
2109 567 2198 622 55.
2241 567 2304 623 Ut
2346 569 2505 622 etiam
2540 568 2596 622 in
2639 567 2845 637 psalmo
2895 567 3119 622 secundo
3150 567 3401 634 scriptum

154 656 275 718 Πός
297 673 420 723 μου
441 650 592 710 εἳσύ
621 670 636 684 ⁸
666 655 783 726 ἐγὼ
819 655 1090 725 σήμερον
1109 653 1445 725 γεγέννηκά
1471 669 1569 709 σε.

211 748 329 801 Ὅτι
357 747 432 801 δὲ
479 747 824 816 ἀνέστησεν
858 749 1046 802 αὐτὸν
1098 748 1167 802 ἐκ
1211 745 1462 815 νεκρῶν,
1507 747 1720 817 μηκέτι

147 839 442 908 μέλλοντα
476 840 523 874 ⁸⁸
552 839 959 910 ὑποστρέφειν
1003 841 1094 906 είς
1130 837 1480 909 διαφθορὰν,
1528 839 1720 906 οὕτως

148 929 400 998 εῖρηκεν,
441 929 532 983 ὅτι
561 929 740 984 Δώσω
761 930 908 1001 ὑμῖν
929 929 1003 985 τὰ
1049 931 1190 985 ὅσια
1219 929 1393 985 Δαυτδ
1414 931 1487 984 τὰ
1508 931 1717 985 πιστά.

209 1021 304 1074 Διὸ
327 1020 432 1075 καὶ
460 1021 531 1076 ἐν
549 1021 734 1091 ἑτέρῳ
759 1021 925 1094 λέγει
943 1038 960 1054 ·
990 1022 1074 1078 Οὐ
1113 1021 1328 1089 δώσεις
1376 1022 1487 1077 τὸν
1546 1022 1720 1077 ὅσιόν

145 1132 250 1170 σου
282 1114 436 1169 ίδεῖν
464 1115 816 1186 διαφθοράν.

207 1205 389 1260 Δαυῒδ
420 1207 544 1277 μὲν
563 1208 678 1278 γὰρ
706 1208 824 1277 ἰδίᾳ
855 1208 1037 1280 τενεᾷ
1081 1208 1492 1280 ὑπηρετήσπς,
1519 1209 1596 1280 τῇ
1612 1210 1718 1267 τοῦ

149 1299 286 1352 Θεοῦ
305 1300 522 1370 ,βουλῇ
559 1301 869 1372 ἐκοιμήθη,
887 1304 986 1359 καί
1009 1303 1349 1374 προσετέθη
1373 1305 1526 1376 πρὸς
1577 1303 1720 1372 τοὺς

147 1389 396 1470 πατέρας
419 1392 632 1456 αὑτοῦ,
668 1393 768 1446 καί
795 1389 918 1448 side
953 1393 1303 1464 διαφθοράν.

221 1661 485 1734 Ἰωάννης
531 1667 808 1736 μαρτυρεῖ
856 1665 956 1736 οὐχ
1009 1664 1231 1731 ἁπλῶςο
1309 1665 1448 1721 ἀλλὰ
1503 1665 1722 1722 πάντων

155 1754 233 1807 ὑπ’
261 1753 433 1808 αὐτὸν
456 1755 700 1824 ἀγόντων
712 1755 812 1826 τὴν
834 1756 1016 1825 δόξαν,
1041 1757 1206 1822 αὐτὸς
1232 1757 1420 1830 ἀὐτὴν
1442 1757 1725 1830 ἀποκρού-

151 1865 271 1901 εται.
307 1847 383 1901 Οὐ
408 1847 522 1918 γάρ
541 1850 692 1902 ἐστιν
720 1847 838 1903 ἴσον
873 1850 1105 1921 μηδενὸς
1126 1850 1362 1914 διδόντος
1387 1851 1481 1905 καὶ
1509 1849 1722 1905 πολλῶν

1820 666 1935 711 est:
1971 656 2144 712 Filius
2171 675 2316 714 meus
2342 675 2394 713 es
2426 671 2503 725 tu,
2534 676 2628 732 ego
2658 661 2811 714 hodie
2835 661 2992 732 genui
3021 669 3089 712 te.

1887 748 2050 803 Vens.
2078 749 2167 804 54.
2203 749 2357 814 Quod
2384 760 2561 805 autem
2591 768 2710 805 eum
2737 751 3067 804 suscitaverit
3092 765 3123 801 α
3156 747 3400 812 mortuis,

1821 857 1923 895 non
1954 841 2185 908 amplius
2209 843 2548 914 redigendum
2583 845 2654 899 ad
2680 845 3091 914 corruptionem,
3116 842 3193 895 ita
3229 840 3402 894 dixit:

1821 930 1971 987 Dabo
2000 934 2140 988 vobis
2161 945 2347 988 sancta
2389 933 2791 1014 Davidﬁdelia.

1891 1024 2050 1080 Vens.
2089 1025 2182 1083 '55.
2202 1025 2567 1092 Quamobrem
2600 1029 2760 1083 etiam
2781 1028 2914 1083 alibi
2939 1029 3063 1082 dicit
3091 1044 3110 1083 :
3145 1027 3264 1083 Non
3286 1044 3403 1094 per-

1822 1117 2017 1183 mittes,
2049 1125 2107 1171 ut
2129 1128 2344 1174 sanctus
2374 1128 2494 1174 tuus
2511 1121 2684 1174 videat
2710 1121 3117 1190 corruptionem.

1891 1211 2054 1266 Vsus.
2084 1211 2172 1267 '56.
2195 1211 2337 1267 Nam
2360 1211 2532 1267 David
2557 1214 2763 1284 quidem
2784 1230 2901 1267 cum
2927 1231 3037 1269 suae
3065 1215 3212 1268 aetati
3236 1215 3406 1269 inser-

1820 1303 2000 1369 uisset,
2049 1305 2272 1358 consilio
2312 1303 2410 1359 Dei
2451 1304 2783 1370 obdormivit,
2819 1315 2869 1360 et
2913 1307 3181 1378 appositus
3227 1317 3305 1362 est
3332 1309 3402 1361 ad

1744 1450 1760 1468 ⁸,
1823 1395 2052 1465 majores
2082 1412 2224 1461 suos,
2251 1403 2306 1450 et
2339 1396 2468 1451 vidit
2502 1399 2912 1468 corruptionem.

214 1482 319 1536 ’ον
343 1481 416 1536 δὲ
445 1486 480 1539 ό
505 1485 650 1553 Θεὸς
669 1481 934 1556 ἤγειρεν,
960 1487 1073 1542 οὐκ
1095 1482 1218 1542 εἶδε
1239 1484 1647 1560 διαφ[θ]ορᾶν.
1739 1497 1748 1522 ε

1892 1489 2059 1545 Vens.
2107 1489 2202 1545 37.
2232 1487 2344 1544 Sed
2372 1505 2524 1560 quem
2557 1489 2701 1545 Deus
2755 1490 3104 1552 resuscitavit.
3148 1508 3250 1546 non
3274 1491 3405 1547 vidit

1823 1581 2227 1652 corruptionem.

1892 1671 2134 1728 Joannes
2152 1687 2263 1728 non
2291 1671 2612 1743 simpliciter
2639 1671 2983 1735 testiﬁcatur,
3009 1669 3108 1726 sed
3134 1685 3260 1725 cum
3288 1683 3407 1724 om-

1823 1780 1924 1821 nes
1980 1765 2049 1820 ad
2097 1780 2223 1821 eum
2287 1765 2566 1822 deterrent
2615 1764 3099 1829 existimationem,
3127 1761 3246 1832 ipse
3288 1774 3408 1813 eam

1823 1857 2026 1928 rejicit.
2056 1857 2173 1913 Non
2206 1857 2348 1913 enim
2374 1857 2514 1913 idem
2545 1864 2647 1920 est,
2680 1857 2900 1911 nemine
2929 1855 3112 1919 dante,
3141 1862 3197 1909 et
3225 1851 3414 1909 multis

153 1937 513 2009 παρεχόντων,
544 1940 751 2010 ταύτην
775 1939 874 2011 τὴν
912 1941 1081 2012 τιμὴν
1119 1940 1448 1996 διωθεῖσθαι.
1485 1939 1724 2010 Ἄνδρες

1836 1951 2200 2024 praebentibus
2228 1952 2376 2006 hunc
2410 1951 2674 2006 honorem
2703 1949 2884 2021 respui
2912 1957 3075 2019 atque
3108 1945 3408 2017 repudiari.

153 2027 408 2094 ἀδελφοὶ,
485 2029 604 2083 υἱοὶ
663 2029 883 2100 γένους
940 2031 1209 2101 Ἁϐραάμ.
1270 2031 1384 2103 Τὴν
1441 2031 1724 2101 εὐγένειαν

154 2115 366 2172 ὲνθαῦθα
426 2117 670 2173 δείκνυσι
729 2119 826 2192 τὴν
870 2121 1192 2193 Ἰουδαῖκήν.
1237 2122 1349 2179 Kal
1401 2125 1456 2178 οἱ
1496 2124 1719 2192 ἄρχον.

157 2225 240 2272 τες
288 2209 494 2265 αὐτῶν
533 2212 748 2268 τοῦτον
785 2212 1222 2283 ἀγνοήσαντες.
1272 2215 1444 2287 ’Υπὲρ
1495 2213 1721 2268 ἐκείνων

156 2301 488 2371 ἀπολογεῖται
553 2305 761 2378 ἠρέμα..
821 2307 1243 2378 Ἑσταύρωσαν,
1295 2309 1498 2376 φησὶν,
1558 2307 1721 2362 αὐτὸν

127 2396 540 2467 ,ἀγνοήσαντεςο
573 2399 798 2470 ἀγνοίας
826 2400 934 2471 γὰρ
980 2397 1050 2474 ἦν
1104 2403 1165 2457 τὸ
1220 2403 1545 2476 ἁμάρτημα.
1601 2401 1718 2456 Kal

154 2489 434 2561 μηδεμίαν
477 2494 678 2548 αίτίαν
740 2495 1000 2552 θανάτου
1057 2497 1356 2566 εὑρόντες,
1414 2496 1723 2566 ᾐτήσαντο

162 2584 402 2639 Πιλᾶτον
485 2586 877 2657 ἀναιρεθῆναι
956 2591 1163 2645 αὐτόν.
1247 2591 1720 2662 Περισπούδαστον

161 2676 320 2740 αὐτοῖς
338 2676 437 2732 τὸν
467 2680 670 2748 τρόπον
745 2675 868 2734 εἷπε
925 2681 1023 2735 τοῦ
1078 2681 1342 2739 θανάτουζ
1365 2683 1614 2743 ,Πιλᾶτον
1667 2682 1725 2737 δὲ

159 2766 226 2828 είς
249 2766 414 2836 μέσον
447 2768 728 2840 φέρουσιν,
775 2769 865 2825 ἵνα
890 2772 987 2825 καὶ
1039 2772 1099 2825 τὸ
1158 2772 1331 2836 πάθος
1398 2773 1555 2844 δῆλον
1624 2775 1720 2843 γέ-

154 2875 287 2928 νηται
363 2861 470 2915 ἀπὸ
539 2861 632 2916 τοῦ
705 2864 1014 2935 κριτηρίου,
1069 2865 1165 2917 καὶ
1230 2863 1318 2920 ίνοι
1366 2865 1562 2920 ἐκεῖνοι
1597 2883 1722 2938 μει-

158 2950 300 3016 ζόνως
326 2954 779 3026 -κατηγορῶνται,
816 2955 972 3027 ἀνδρὶ
1021 2955 1357 3028 παραδόντες
1413 2956 1721 3030 ἀλλοφύλῳ.

160 3045 250 3099 Καὶ
279 3046 387 3100 οὒκ
423 3043 600 3114 εἶπεν,
635 3048 936 3120 Ἑνέτυχον,
971 3049 1089 3104 ἀλλ’
1151 3050 1509 3124 ’ῌτήσαντα
1546 3051 1724 3124 Χάριν

162 3137 362 3205 ἔλαϐον,
393 3140 578 3210 φησιν,
611 3140 688 3203 ὡς
717 3140 928 3194 ἑκείνου
966 3141 1043 3213 μὴ
1077 3141 1344 3206 θέλοντος.
1399 3143 1578 3214 Ὅπερ
1628 3159 1726 3198 σα·-

165 3229 406 3300 ιξέστιρον
428 3228 633 3300 Πέτρος
661 3229 831 3298 λέγει’
859 3228 1104 3285 Ἐκείνου
1130 3231 1416 3303 κρίναντος
1440 3231 1720 3286 ἀπολύειν.

175 3319 216 3371 '0
237 3321 298 3375 δὲ
315 3323 465 3388 Θεὸς
485 3320 730 3391 ἤγειρεν
747 3322 934 3376 αὑτὸν
949 3323 1018 3377 ἐκ
1043 3322 1292 3392 νεκρῶν.
1317 3323 1410 3395 Μὴ
1425 3324 1722 3395 θορυϐείτω

168 3429 214 3464 σε
230 3414 297 3478 τὸ,
313 3413 411 3468 τὸν
441 3410 652 3484 Ἰησοῦν
703 3413 1006 3487 ὲγηγέρθαι
1030 3415 1137 3469 ὑπὸ
1158 3415 1254 3469 τοῦ
1287 3416 1424 3470 Θεοῦ
1447 3417 1724 3486 λέγεσθαιδ

171 3504 218 3556 lii
245 3505 356 3577 γὰρ
381 3505 598 3584 Ἰησοῦς
623 3505 725 3559 οὐκ
749 3505 910 3570 ἄλλος
935 3507 1108 3575 ἐστὶν,
1147 3508 1226 3580 qs
1273 3509 1448 3579 Λόγος
1505 3510 1533 3564 ό
1593 3526 1728 3581 σαρ-

172 3597 346 3662 mliti;
375 3613 391 3628 ο
456 3593 614 3662 οὗτος
656 3599 714 3652 δὲ
761 3601 794 3671 ἠ
837 3600 1067 3672 δύναμις
1115 3601 1212 3656 τοῦ
1263 3603 1503 3674 Πατρδς,
1551 3602 1621 3658 δι’
1659 3598 1729 3677 ἧς

173 3690 364 3745 ἅπαντα
384 3691 601 3763 ἐνεργεί
636 3692 782 3746 κατὰ
812 3693 894 3758 τὸ,
952 3693 1232 3764 Χριστὸς,
1270 3697 1420 3751 Θεοῦ
1471 3695 1727 3766 δύναμις

172 3782 249 3835 καί
285 3783 433 3839 Θεοῦ
452 3786 665 3855 σοφία,
696 3784 860 3850 αὐτὸς
887 3787 1085 3842 ἑαυτὸν
1116 3788 1474 3844 ἀνεστακέναι
1531 3790 1728 3862 νοηθή-

174 3891 327 3942 σεται,
376 3879 471 3933 καλ⁸
509 3880 816 3951 ὲγηγέρθαι
855 3880 1152 3952 λεγόμενος
1207 3882 1314 3937 ὑπὸ
1367 3882 1460 3937 τοῦ
1488 3883 1726 3954 Πατρὸς,

173 3967 344 4036 ἔφ’δν,
372 3969 450 4033 ὡς
481 3970 664 4042 ἀρχὴν
699 3971 796 4025 καὶ
841 3970 1022 4026 αἰτίαν
1068 3971 1320 4044 ἄχρονον,
1356 3972 1573 4028 ἅπαντα
1596 3973 1729 4028 ἁνα-

173 4061 396 4130 φέρεται.
432 4062 588 4116 Ἐπεὶ
619 4062 717 4117 καὶ
733 4063 896 4128 αὐτός
922 4080 1058 4135 φησι
1085 4080 1100 4094 ο
1160 4065 1401 4119 Λύσατε
1442 4064 1550 4119 τόν
1577 4065 1731 4120 ναὸν

172 4148 381 4220 τοῦτον,
409 4153 511 4212 καὶ
525 4156 596 4210 ὲν
612 4155 809 4224 τρισίν
839 4155 1086 4227 ἡμέραις
1098 4157 1281 4226 ἐγερῶ
1307 4157 1516 4212 αὐτόν.
1537 4188 1608 4202 -
1624 4161 1730 4224 Ὃς

171 4241 312 4312 ὤφθη
336 4245 462 4313 τοῖς
479 4245 905 4303 συναναϐᾶσιν
927 4245 1088 4314 αὐτῷ
1120 4249 1166 4282 ⁸³
1188 4250 1276 4316 είς
1311 4247 1729 4320 Ἰερουσαλὴμ,

174 4337 256 4391 ἐπὶ
309 4341 533 4411 ἡμέρας
552 4340 1051 4408 πλείους,οἶτινές
1079 4343 1199 4397 εισι
1222 4341 1523 4413 μάρτυρες
1543 4343 1730 4398 αὐτοῦ

172 4432 296 4500 πρὸς
313 4434 423 4488 τὸν
449 4435 608 4488 λαόν
632 4449 647 4464 ⁸
695 4433 796 4488 οὐκ
831 4431 898 4488 ἂν
934 4432 1114 4522 ϐοντες,
1136 4434 1185 4487 el
1235 4433 1310 4505 μὴ
1344 4431 1464 4504 θείᾳ
1503 4431 1732 4505 δυνάμει

169 4523 510 4580 ὲϐιϐαιοῦντο.
544 4524 671 4592 Τοῖς
685 4525 921 4592 τέκνοις
938 4525 1060 4580 τῶν
1084 4524 1354 4595 πατέρων
1389 4525 1554 4596 ὑμῖν,
1581 4527 1732 4582 ἁνα-

1832 2044 1942 2100 Viri
1973 2045 2184 2116 fratres,
2223 2044 2416 2114 posteri
2461 2044 2664 2114 generis
2704 2041 3014 2096 Abrahami.
3064 2037 3411 2095 Nobilitatem

1828 2135 1882 2191 in
1916 2135 2020 2191 hoc
2047 2137 2189 2203 loco,
2211 2150 2273 2190 ac
2300 2133 2835 2207 generisJudaeorum
2858 2132 3201 2204 splendorem
3225 2139 3414 2185 osten-

1825 2229 1924 2285 dit.
1950 2230 2021 2284 Et
2049 2230 2311 2300 principes
2341 2245 2520 2283 eorum
2550 2228 2695 2282 illum
2724 2230 3047 2300 ignorantes.
3083 2223 3334 2279 Defendit
3357 2227 3414 2275 et

1826 2329 2052 2378 excusat
2069 2321 2189 2376 illos
2209 2320 2394 2390 aliquo
2417 2319 2601 2375 modo.
2625 2319 3046 2383 Crucilixerunt,
3063 2314 3259 2385 inquit,
3284 2327 3410 2368 eum

1827 2415 2146 2486 ignorantes
2179 2413 2428 2482 quisnam
2459 2421 2606 2468 esset
2652 2429 2667 2466 :
2726 2410 3046 2483 ignorantiae
3094 2408 3239 2464 enim
3294 2413 3415 2460 erat

1826 2509 2108 2564 delictum.
2147 2507 2214 2561 Et
2239 2505 2387 2560 nulla
2416 2522 2578 2560 causa
2608 2507 2790 2558 mortis
2820 2505 3054 2566 inventa,
3091 2500 3352 2572 petierunt
3379 2515 3414 2552 (ι

1826 2601 2027 2666 Pilato,
2052 2608 2107 2654 ut
2137 2598 2427 2652 tolleretur.
2442 2596 2753 2667 Expetitum
2784 2594 2977 2649 abillis
3006 2593 3228 2648 modum
3257 2605 3414 2644 mor-

1829 2695 1896 2751 tis
1926 2707 2048 2749 esse
2080 2693 2232 2748 dicit.
2261 2691 2492 2746 Pilatum
2519 2698 2703 2744 autem
2727 2687 2782 2741 in
2811 2685 3052 2742 medium
3083 2683 3412 2752 producunt,

1828 2795 1889 2842 ut
1927 2788 1982 2842 et
2017 2784 2344 2856 supplicium
2383 2783 2553 2839 aloco
2595 2780 2800 2852 'judiciil
2833 2778 3180 2834 manifestum
3233 2775 3411 2838 ﬁeret,

1825 2887 1880 2933 et
1902 2876 1977 2932 illi
2008 2875 2390 2932 vehementius
2411 2880 2821 2938 accusarentur,
2835 2870 2928 2940 qui
2951 2869 3068 2923 viro
3098 2865 3416 2937 alienigena:

1829 2970 2110 3029 Christum
2144 2967 2517 3025 tradidissent.
2547 2967 2617 3022 Et
2642 2980 2752 3020 non
2780 2963 2936 3029 dixit,
2973 2960 3414 3023 Postulaverunt,

1829 3061 1926 3118 sed
1957 3061 2238 3132 petierunt.
2280 3057 2467 3113 Gratia
2501 3056 2954 3125 impetraverunt,
2992 3049 3190 3120 inquit,
3224 3057 3417 3118 utpote

1830 3153 1925 3209 illo
1969 3153 2214 3208 nolente.
2250 3150 2406 3218 Quod
2455 3149 2650 3204 Petrus
2682 3147 2922 3219 apertius
2941 3144 3078 3200 dicit
3109 3159 3124 3197 :
3156 3142 3291 3196 Cum
3326 3139 3416 3195 ille

1829 3245 2110 3302 statuisset
2141 3259 2267 3299 eum
2296 3242 2583 3297 absolvere
2634 3256 2696 3295 ac
2727 3239 3020 3294 dimittere.
3058 3235 3195 3290 Deus
3236 3243 3415 3286 autem

1831 3354 1950 3393 eum
1985 3337 2259 3391 suscitavit
2307 3352 2340 3388 a
2386 3333 2628 3389 mortuis.
2664 3329 2744 3386 Ne
2781 3339 2835 3384 te
2871 3335 3085 3383 moveat
3111 3340 3174 3380 ac
3209 3323 3412 3386 turbet,

1827 3429 1975 3501 quod
2005 3429 2166 3484 Iesus
2192 3427 2394 3482 dicitur
2421 3425 2720 3480 suscitatus
2759 3435 2880 3476 esse
2919 3434 2949 3473 a
3001 3419 3136 3472 Deo.
3179 3415 3316 3469 Nam
3365 3413 3414 3467 si

1828 3523 1989 3578 Jesus
2009 3535 2120 3576 non
2147 3519 2288 3574 alius
2307 3526 2391 3573 est
2418 3525 2582 3587 atque
2600 3514 2839 3570 Verbum
2865 3513 3226 3570 incarnatum,
3252 3517 3416 3576 atquo

1827 3615 1936 3671 hoc
1978 3611 2224 3685 potentia
2269 3608 2449 3665 Patris
2481 3616 2588 3674 est,
2629 3620 2735 3676 qua
2781 3603 2963 3659 omnia
3023 3601 3184 3671 110
3228 3597 3415 3669 allicit,

1827 3707 1973 3766 sicut
2015 3705 2221 3762 dictum
2257 3709 2342 3759 est
2381 3701 2515 3757 illud
2555 3717 2570 3755 :
2623 3698 2858 3756 Christus
2891 3695 2990 3751 Dei
3028 3693 3261 3764 potentia
3287 3733 3302 3758 ,
3353 3707 3418 3744 ac

1827 3800 1927 3856 Dei
1975 3799 2263 3870 sapientia,
2299 3793 2594 3864 semetipsa
2635 3791 2992 3846 resuscitasse
3038 3785 3372 3856 intelligetur
3396 3824 3412 3850 ,

1829 3894 2040 3951 etiamsi
2073 3908 2104 3948 a
2137 3891 2296 3946 Patre
2322 3889 2684 3946 resuscitatus
2711 3897 2832 3942 esse
2866 3883 3100 3949 dicatur,
3134 3880 3200 3937 ad
3230 3893 3414 3950 quem,

1830 3997 2088 4059 tauquam
2105 3983 2436 4056 principium
2463 3990 2520 4039 et
2553 3995 2778 4038 causam
2812 3977 3075 4049 temporis
3111 3982 3417 4045 expertem.

1832 4079 2019 4137 omnia
2045 4077 2382 4134 referuntur.
2423 4073 2691 4142 Quoniam
2734 4081 2791 4128 et
2829 4072 2947 4142 ipse
2977 4071 3052 4126 ait
3097 4085 3112 4123 :
3155 4068 3421 4123 Destruite

1833 4171 2086 4241 templum
2109 4170 2224 4236 hoc,
2247 4178 2296 4224 et
2327 4171 2381 4223 in
2407 4169 2572 4222 tribus
2593 4166 2774 4222 diebus
2794 4165 3030 4220 excitabo
3049 4162 3201 4218 illud.
3225 4190 3294 4202 —
3315 4159 3419 4226 Qui

1831 4265 1976 4319 visus
2018 4272 2092 4319 est
2143 4264 2254 4318 dies
2303 4261 2598 4332 complures
2647 4260 2712 4314 ab
2767 4259 2869 4323 Itis,
2921 4257 3013 4318 qui
3059 4271 3164 4308 una
3201 4268 3321 4307 cum
3360 4267 3420 4306 eo

1834 4357 2182 4412 ascenderant
2227 4356 2284 4408 in
2321 4351 2650 4418 Jerusalem,
2689 4351 2780 4420 qui
2829 4357 2951 4404 sunt
2985 4347 3034 4402 ei
3082 4355 3236 4400 testes
3278 4344 3422 4414 apud

1835 4451 2056 4520 plebem.
2082 4448 2238 4515 Quod
2270 4461 2384 4502 non
2415 4454 2625 4510 essent,
2660 4442 2767 4499 nisi
2794 4441 2976 4496 divina
3013 4438 3260 4510 potentia
3290 4451 3424 4491 con-

1837 4542 2208 4598 ﬁrmarentur.
2240 4539 2392 4594 Vobis
2424 4538 2642 4608 posteris
2666 4543 2902 4603 patrum,
2931 4532 3240 4587 resuscitato
3269 4528 3418 4584 Jesu.

167 4616 380 4684 στήσας
432 4617 690 4687 Ἰησοῦν.
743 4619 817 4673 To
859 4618 1100 4689 Ἰησοῦς
1137 4618 1310 4692 ὄνομα
1360 4621 1453 4674 ἐπὶ
1495 4619 1590 4674 τοῦ
1639 4622 1724 4676 ἀν-

1836 4637 2045 4694 Nomen
2106 4633 2262 4688 Iesus
2339 4631 2406 4687 de
2463 4628 2687 4685 homine
2749 4625 3024 4696 accipiunt
3083 4621 3421 4679 deicidarum

169 4707 362 4779 θρώπου
404 4713 848 4784 ἑκλαμϐἀνουσιν
876 4714 928 4768 οἱ
985 4714 1094 4769 τῶν
1144 4714 1446 4768 θεοκτόνων
1487 4713 1724 4785 ἀδελφοί.

1836 4731 2066 4787 fratres.
2123 4725 2394 4793 Quoniam
2454 4723 2620 4796 igitur
2686 4735 2853 4792 supra
2908 4719 3124 4775 dixerat
3178 4715 3420 4772 Verbum

175 4798 372 4876 Ἐπειδὴ
398 4802 493 4858 οῦν
515 4804 810 4877 προλαϐὼν
843 4802 967 4860 εἷπε
1012 4807 1290 4862 τεθεῖσθαι
1322 4808 1414 4864 τὸν
1464 4809 1638 4878 Λόγον
1669 4811 1724 4864 ὲν

1836 4821 2072 4894 positum
2115 4818 2288 4874 fuisse
2330 4817 2388 4871 in
2431 4821 2812 4878 monumento,
2851 4826 2922 4867 ne
2957 4808 3081 4882 quis
3113 4808 3423 4881 suspicetur

167 4894 417 4966 μνημείῳ,
449 4895 536 4949 ἶνα
562 4897 636 4968 μή
665 4914 751 4962 τις
779 4897 1025 4985 ὑπολάϐῃ
1036 4898 1281 4972 ἄσαρκον
1309 4902 1475 4957 αὐτὸν
1506 4902 1724 4974 είρηκέ-

1836 4911 1983 4967 illum
2029 4907 2234 4965 dixisse
2281 4905 2524 4962 Verbum
2558 4918 2726 4960 carne
2767 4902 3010 4958 caruisse
3033 4943 3048 4968 ,
3073 4913 3264 4954 rursus
3292 4911 3420 4955 eum

164 5000 240 5035 ναι
263 4987 349 5040 τὸν
375 4987 574 5057 Λόγον,
610 4989 776 5044 πάλιν
805 4991 970 5046 αὑτὸν
1001 4991 1218 5065 Ἰησοῦν
1245 4995 1428 5063 καλεῖ,
1481 4994 1723 5067 οὐδαμοῦ

1836 5009 1990 5060 vocat
2037 5000 2226 5056 Jesum
2261 5016 2276 5054 :
2311 5011 2585 5067 nusquam
2629 4995 2889 5051 nimirum
2929 4992 3256 5050 divisionem
3281 4991 3419 5046 dans

164 5076 411 5152 διαίρεσιν
467 5083 648 5148 διδοὺς
697 5085 776 5155 τῷ
837 5088 1176 5162 σαρκωθέντι
1226 5090 1387 5162 Λόγῳ
1432 5091 1572 5163 μετὰ
1626 5091 1724 5163 τὴν

1836 5097 2120 5152 iucarnato
2142 5091 2327 5147 Verbo
2354 5099 2481 5162 post
2505 5089 2832 5145 unitionem.
2862 5085 3032 5140 Filius
3061 5100 3205 5139 meus
3233 5100 3286 5137 es
3316 5092 3372 5135 tu
3399 5097 3420 5137 :

164 5167 354 5228 ἕνωσιν.
394 5177 528 5243 Υἱός
549 5195 670 5247 μου
712 5173 774 5232 εἴ
793 5179 876 5235 σύ
896 5195 910 5212 ο
931 5181 1047 5251 ἐγὼ
1080 5182 1350 5254 σήμερον
1383 5183 1724 5255 γεγέννηκά

1836 5202 1924 5257 ego
1958 5184 2110 5239 hodie
2134 5181 2290 5255 genui
2319 5190 2388 5236 te.
2411 5179 2542 5237 Haec
2575 5178 2744 5236 verba
2763 5174 3024 5231 nimirum
3053 5168 3418 5227 incarnationi

166 5275 248 5317 σε.
276 5264 460 5320 Ταῦτα
506 5270 575 5340 τῇ
629 5268 1044 5344 ἑνοινθρωπήσει
1085 5273 1180 5326 τοῦ
1231 5273 1474 5345 Χριστοῦ
1534 5275 1724 5329 σκόπει

1836 5276 2039 5334 Christi
2071 5274 2332 5338 attribue,
2373 5271 2468 5344 qui
2501 5271 2820 5328 incarnatus
2854 5265 3210 5338 temporalem
3228 5261 3420 5318 habuit

171 5349 321 5421 δήπου
343 5356 410 5409 τὰ
436 5357 680 5428 ῥήματα,
698 5360 820 5431 ἥτις
835 5361 1094 5434 χρονικὴν
1111 5359 1225 5434 εἶχε
1239 5364 1339 5434 τὴν
1357 5365 1724 5437 ὲπιφοίτησιν.

1837 5369 2156 5425 adventum.
2205 5366 2345 5422 Nam
2377 5363 2564 5430 hodie,
2609 5371 2667 5418 et
2707 5375 2850 5424 cras,
2889 5359 3102 5414 dierum
3134 5357 3420 5413 continent

173 5444 238 5499 Τὸ
265 5447 367 5520 γὰρ
394 5453 633 5523 σήμερον
666 5454 760 5508 καὶ
784 5453 997 5528 αὔριον,
1024 5456 1252 5527 ἡμερῶν
1275 5458 1393 5510 ἐστὶ
1441 5476 1724 5529 παραστα-

1837 5459 2313 5534 signiﬁcationem.
2341 5457 2478 5512 Nam
2504 5456 2710 5525 absque
2741 5462 2990 5523 tempore
3014 5466 3045 5505 a
3080 5449 3240 5504 Patre
3259 5449 3419 5521 geni-

169 5539 296 5593 τικά.
336 5541 602 5613 Ἀχρόνως
636 5544 745 5616 γὰρ
777 5545 930 5618 παρὰ
958 5546 1053 5602 τοῦ
1085 5547 1321 5618 Πατρὸς,
1361 5547 1438 5613 ὡς
1469 5550 1565 5603 καὶ
1600 5552 1724 5604 παῖ-

1836 5566 1924 5609 tus
1947 5562 2054 5620 est,
2098 5559 2158 5607 ut
2183 5549 2348 5606 etiam
2371 5547 2617 5604 haeretici
2645 5545 3003 5602 conﬁtentur.
3042 5543 3162 5598 Non
3195 5544 3418 5614 permit-

171 5632 240 5693 ὗες
294 5634 578 5705 αἱρετικῶν
630 5637 954 5710 ὁμολογοῦσι
983 5679 1000 5704 ,
1057 5641 1320 5697 τίκτεται.
1385 5643 1466 5697 Οὐ
1510 5641 1724 5708 δώσεις

1836 5655 1927 5710 tes,
1977 5651 2032 5696 ut
2073 5650 2289 5696 sanctus
2321 5647 2442 5694 tuus
2480 5639 2656 5695 videat
2697 5637 3107 5706 corruptionem.
3155 5633 3419 5690 Mentitur

1340 5779 1536 5841 Variae
1581 5779 1894 5844 lectiones
1938 5783 1998 5840 et
2043 5782 2235 5841 notae.

228 5916 264 5945 δ’
289 5919 528 5992 Μέλλων,
579 5932 656 5980 est
684 5925 738 5980 in
774 5924 1167 5998 manuscripto:
1205 5931 1294 5983 sed
1321 5928 1479 5994 male,
1518 5928 1724 5996 opinor.

1836 5927 1848 5961 '
1869 5922 2132 5980 ἀναϐᾶσιν
2163 5919 2354 5992 αὐτὸν,
2381 5932 2528 5976 erat.
