3856 6556
179 446 268 512 701
859 447 1278 510 EXPOSITIO
1321 448 1404 508 ΙΝ
1443 450 1632 510 ACTA
1661 449 2247 526 APOSTOLORUM.
2283 483 2353 492 —
2391 458 2547 518 CAP.
2576 458 2752 518 XIII.

3321 441 3427 505 709.

253 559 507 625 Ἰδόντες
531 557 599 612 δὲ
622 561 676 612 οι
709 558 974 614 Ἰουδαῖοι
1001 558 1143 625 τοὺς
1166 559 1411 628 ὄχλους,
1436 558 1738 625 ἐπλήσθη-

1919 565 2078 620 Vens.
2113 567 2202 621 45.
2244 565 2381 620 Visis
2422 576 2601 619 autem
2648 559 2832 626 turbis,
2877 557 3048 615 Iudici
3089 554 3267 626 repleti
3304 556 3424 604 sunt

177 674 290 712 σαν
315 655 524 723 ζήλου,
549 653 646 708 καί
679 652 1012 724 ἀντέλεγον
1048 653 1174 719 τοῖς
1200 654 1321 709 ὑπὸ
1356 653 1462 707 τοῦ
1504 654 1748 707 Παύλου

177 747 540 818 λεγομένοις,
565 745 984 815 ἀντιλέγοντες
1017 744 1118 797 καὶ
1137 742 1676 813 βλασφημοῦντες.

242 835 805 904 Παρῤησιαονάμενοι
835 833 903 886 δὲ
927 837 960 888 d
1007 833 1248 898 Παῦλος
1298 833 1398 887 καὶ
1429 833 1476 864 ⁸⁸
1514 833 1750 901 Βαρνὰ-

177 931 294 993 6ας,
325 923 502 981 εἷπον
530 943 544 957 ο
582 927 755 994 ’Υμῖν
775 922 855 996 ἦν
881 925 1214 995 ἀναγκαῖον
1270 923 1508 992 πρῶτον
1559 929 1751 990 λαλη-

178 1020 342 1088 θῆναι
371 1020 481 1074 τὸν
515 1020 704 1089 λόγον
729 1019 834 1073 τοῦ
866 1018 1016 1074 Θεοῦ
1051 1035 1065 1050 ·
1114 1017 1342 1085 [ἐπειδὴ
1381 1017 1451 1072 δὲ
1502 1017 1550 1050 ⁸⁹
1593 1018 1752 1073 ἀπω-

179 1111 367 1166 θεῖσθε
397 1110 610 1176 αὐτὸν,
642 1109 741 1163 καὶ
770 1112 882 1164 οὐκ
943 1107 1182 1176 ἀξίους(
1212 1109 1445 1176 κρίνετε
1499 1107 1752 1171 ἑαυτοὺς

178 1201 270 1269 τῆς
351 1201 598 1256 αἰωνίου
659 1200 826 1268 ζωῆς,
898 1199 1028 1256 ἰδοὺ
1105 1200 1482 1270 στρεφόμεθα
1529 1201 1619 1265 εἰς
1679 1198 1752 1253 τὰ

177 1298 330 1362 ἔθνη.

235 1387 394 1441 Οὕτω
427 1388 539 1458 γὰρ
569 1387 917 1443 ἐντέταλται
958 1385 1102 1456 ἡμῖν
1157 1387 1191 1440 d
1244 1385 1453 1452 Κύριος
1506 1400 1521 1414 ·
1559 1383 1753 1439 Τέθειο

178 1479 247 1532 κά
275 1495 347 1532 σε
373 1481 467 1546 είς
501 1478 626 1548 φῶς
655 1477 868 1544 ἐθνῶν,
900 1477 1006 1533 τοῦ
1033 1473 1189 1533 εἶναι
1208 1490 1283 1531 σε
1325 1478 1411 1543 εἷς
1453 1476 1755 1548 σωτηρίαν

177 1570 278 1636 ἓως
304 1569 574 1637 ἐσχάτου
608 1570 720 1638 τῆς
765 1570 901 1639 γῆς.

253 1663 567 1718 Ἄκούοντα
590 1662 658 1716 δὲ
687 1662 856 1730 ἔθνη,
911 1664 1157 1734 ἔχαιρον
1212 1665 1312 1718 καὶ
1342 1662 1626 1728 ἐδόξαζον
1645 1661 1755 1716 τὸν

183 1757 352 1824 λόγον
379 1755 493 1810 τοῦ
519 1757 742 1824 Κυρίου
774 1773 788 1786 ·
823 1755 922 1810 καὶ
968 1757 1344 1811 ἐπίστευσαν
1403 1755 1540 1812 ὅσοι
1589 1751 1754 1826 ἦσαν

183 1849 253 1913 εις
273 1844 425 1914 ζωὴ-ν
474 1846 717 1902 αἰώνιον
743 1847 1110 1916 τεταγμένοι.

1849 659 2213 724 trucidatione,
2276 667 2324 712 et
2379 657 2805 711 contradicebant
2852 653 2938 715 iis,
2995 665 3112 721 qua
3157 663 3189 700 a
3251 643 3426 698 Paulo

1850 749 2180 812 dicebantur,
2217 749 2565 803 reclamantes
2589 765 2654 801 ac
2685 746 3073 801 maledicentes.

1922 839 2087 895 Vens.
2119 841 2208 896 46.
2237 840 2342 896 Sed
2369 839 2573 893 Paulus
2605 848 2653 894 et
2699 837 2980 892 Barnabas
3031 835 3272 888 libertate
3323 826 3427 880 lin-

1849 949 1966 1004 guai
1998 933 2082 987 usi
2109 934 2350 988 dicebant
2390 950 2408 988 :
2451 933 2600 987 Vobis
2641 931 2994 985 necessarium
3048 932 3161 980 erat
3195 922 3426 993 primum

1850 1026 2039 1095 exponi
2088 1027 2292 1080 uerbum
2352 1025 2490 1078 hei:
2549 1023 2637 1078 sed
2688 1023 2938 1093 quoniam
2997 1017 3214 1087 rejicitis
3269 1009 3423 1074 illud,

1850 1127 1900 1173 et
1937 1127 2131 1172 vosmet
2182 1117 2502 1186 sempiterna
2547 1117 2654 1170 vita
2712 1113 2954 1183 indignos
2993 1107 3265 1172 iudicatis,
3311 1119 3427 1158 ecce

1849 1208 2196 1263 convertimus
2221 1223 2313 1260 nos
2335 1207 2404 1260 ad
2426 1215 2634 1259 exteras
2672 1204 2930 1256 nationes.

1919 1392 2085 1449 Vsus.
2127 1390 2218 1445 47.
2255 1387 2397 1442 Nam
2425 1387 2503 1440 ita
2543 1383 2690 1438 nobis
2732 1378 3004 1434 mandavit
3046 1375 3183 1430 Deus
3217 1388 3234 1426 :
3267 1372 3428 1428 Posui

1853 1497 1902 1542 te
1932 1502 2026 1556 pro
2065 1483 2259 1538 lumine
2291 1479 2546 1552 gentium,
2588 1486 2646 1530 ut
2678 1473 2844 1530 saluti
2888 1468 2960 1526 sis
3005 1484 3165 1539 usque
3215 1467 3284 1519 ad
3334 1480 3428 1519 ea:-

1852 1590 2074 1634 tremum
2108 1585 2284 1630 terrm.

1926 1668 2086 1724 Vens.
2119 1666 2210 1722 48.
2241 1667 2374 1733 Quia
2396 1663 2667 1718 audientes
2701 1667 2896 1714 exteris
2937 1662 3139 1727 gentes,
3173 1649 3431 1704 (tutaban-

1852 1771 1959 1829 tur,
2020 1770 2069 1816 et
2117 1758 2394 1831 magniﬁce
2447 1753 2797 1825 loquebantur
2847 1751 2911 1802 de
2968 1746 3118 1801 uerbo
3177 1739 3430 1795 Domini:

1851 1864 1902 1908 et
1922 1852 2250 1907 crediderunt
2281 1855 2530 1918 quotquot
2571 1851 2722 1897 erant
2772 1838 3023 1894 destinati
3045 1836 3168 1890 vitm
3195 1842 3428 1888 αξιοι-πω.

244 1935 385 2002 Εἶδες
414 1939 513 1992 τοῦ
538 1938 752 1992 Παύλου
780 1911 1144 2011 τὴν-σύνεσιν.
1193 1940 1528 2013 Ἐπιθυμὶαν
1557 1942 1748 2006 αὐτοῖς

1923 1941 2118 1997 Vidisti
2149 1911 2304 1994 Pauli
2333 1911 2700 2008 prudentiam.
2737 1929 3050 1985 Secundum
3099 1925 3207 1980 illis
3245 1919 3433 1992 injecit

183 2031 424 2100 δευτέρας
469 2030 721 2083 ἐνέϐαλεν
742 2031 1082 2100 ἀκροάσεως,
1111 2031 1282 2086 εἰπών
1307 2051 1429 2086 τινα
1459 2034 1752 2105 σπέρματα

188 2123 271 2176 καὶ
299 2121 370 2192 μὴ
397 2121 673 2186 ὲπιλύσας
695 2139 708 2152 ·
733 2120 873 2176 ὥστε
908 2123 1108 2188 αὐτοὺς
1171 2125 1481 2196 ἀναρτῆσαι
1533 2126 1626 2178 καὶ
1670 2125 1752 2178 oi-

189 2215 398 2269 κειῶσαι
433 2215 634 2286 ἐαυτῷ,
688 2215 782 2268 καὶ¹
868 2215 942 2286 μὴ
1009 2218 1366 2288 χαυνοτέρους
1389 2215 1751 2288 ἐργάσασθαι,

189 2307 255 2378 τῷ
277 2308 320 2340 ⁸⁸
349 2309 529 2362 πάντα
553 2308 750 2376 ἁθρόον
783 2308 862 2372 εἰς
891 2309 990 2371 τὰς
1056 2310 1282 2364 ἐκείνων
1339 2311 1494 2381 ῥίψαι
1549 2309 1750 2380 ψυχάς.

190 2396 309 2454 Eine
334 2403 440 2470 γὰρ
469 2400 574 2466 ὅτι,
607 2401 835 2468 Ἀφεσις
859 2400 1142 2470 ἁμαρτιῶν
1166 2403 1298 2472 ἡμῖν
1317 2404 1359 2434 ⁹¹
1389 2401 1750 2474 ἀπήγγελταιο

191 2490 242 2542 τὸ
268 2488 319 2542 δὲ
349 2489 486 2552 πῶς,
509 2489 612 2542 οὐκ
631 2489 921 2559 ἐδήλωσεν.
949 2489 1065 2542 Οὐκ
1118 2490 1377 2549 Miseria:
1439 2493 1496 2546 δὲ
1553 2493 1754 2555 αὐτοὺς

194 2581 398 2646 εὐθέως,
427 2581 508 2634 ὅτι
535 2581 638 2634 οὐκ
666 2576 734 2652 ἦν
763 2581 986 2651 καιρός.
1035 2582 1277 2647 Μεταξὺ
1333 2583 1390 2636 δὲ
1427 2586 1752 2653 Σάϐϐατον,

193 2673 297 2726 ἀντὶ
317 2671 436 2735 τοῦ,
457 2673 518 2726 τὸ
547 2673 829 2743 ἐσόμενον,
860 2673 935 2738 ὡς
965 2675 1256 2744 σαφηνίζει
1288 2675 1460 2730 κάτω.
1495 2676 1754 2744 Ἰδόντες

197 2764 254 2818 δὲ
283 2769 331 2820 ol
376 2765 638 2821 Ἰουδαῖοι
668 2766 807 2831 τοὺς
833 2766 1079 2835 ὄχλους,
1105 2767 1511 2836 ἐπλήσθησαν
1546 2766 1750 2835 ζήλου.

155 2933 162 2940 .
198 2853 460 2924 Τοσαύτης
486 2855 533 2885 θ’
573 2853 674 2923 τῆς
707 2853 1006 2923 βασκανίας
1033 2858 1066 2927 ἡ
1091 2857 1377 2927 τυραννίςο
1403 2857 1588 2912 πολλοὶ⁸
1644 2859 1754 2931 γὰρ

196 2947 434 3015 τήκονται
457 2947 551 2999 καὶ
567 2945 917 3012 ἀπόλλυνται,
938 2949 1066 3001 ὅταν
1093 2948 1178 3002 ἑτέ
1186 2966 1312 3020 ρους
1335 2949 1755 3019 εὐδοκιμοῦντας

201 3037 387 3091 ῐδωσιν.
439 3038 503 3090 Ol
544 3037 774 3091 τοιοῦτοι
804 3039 882 3102 δὲ,
916 3039 980 3092 οὑ
1004 3039 1085 3109 τῷ
1113 3039 1330 3112 ἀδελφῷ
1357 3041 1433 3110 ⁸³,
1469 3042 1607 3097 ἀλλὰ
1658 3043 1754 3100 καὶ

197 3128 540 3201 τῷθελήματι
569 3129 666 3185 τοῦ
691 3129 828 3186 Θεοῦ
868 3131 1152 3202 μάχονται.
1235 3131 1469 3203 Ἐπειδὴ
1499 3132 1567 3187 δὲ
1598 3134 1756 3190 ἀπω-

200 3221 403 3276 θεῖσθε.
439 3223 556 3277 Ἵνα
589 3224 663 3294 μή
686 3239 772 3286 τις
801 3223 1093 3287 εὐλαϐείας
1114 3220 1256 3278 εἶναι
1287 3225 1482 3296 νομίσῃ
1506 3226 1589 3289 τὸ,
1625 3227 1746 3280 Οὐκ
1778 3252 1822 3312 c

199 3312 392 3380 ἀξίους
447 3292 681 3384 κρίνετε
730 3315 982 3382 ἑαυτοὺς
1030 3315 1144 3384 τῆς
1195 3292 1438 3372 αἰωνίου
1458 3292 1644 3387 -ξωῆς,
1666 3292 1823 3372 διὰ,Η

200 3405 342 3460 τοῦτο
371 3407 582 3477 πρῶτον
644 3407 821 3472 εἶπεν,
879 3407 1229 3464 ’Δπωθεῖσθε
1257 3409 1466 3474 αὐτὸν,
1507 3410 1600 3463 καὶ
1635 3410 1754 3464 τότε

203 3495 271 3560 τὸ,
324 3499 696 3568 Στρεεσόμεθα
731 3500 819 3564 εὶς
855 3499 927 3554 τὰ
949 3499 1119 3567 ἔθνη.
1158 3500 1274 3554 Οὐκ
1305 3497 1428 3554 εἷπε
1457 3499 1536 3565 δὲ,
1567 3502 1756 3555 Rata-

202 3585 518 3656 λιμπάνομεν
546 3590 712 3660 ὑμᾶς·
744 3589 860 3645 ἀλλ’
890 3590 1034 3644 ὥστε
1066 3591 1312 3657 δυνατὸν,
1341 3593 1496 3662 φησι,
1523 3593 1644 3658 καὶ,
1669 3593 1756 3646 ὲν-

202 3678 354 3734 ταῦθα
369 3681 525 3735 πάλιν
551 3682 878 3754 στραφῆναι.
912 3681 1148 3738 Τέθεικά
1167 3699 1239 3738 σε
1265 3685 1353 3752 είς
1377 3683 1504 3754 φῶς
1520 3684 1710 3740 ἐθνῶν
1738 3711 1755 3752 ,

203 3775 479 3839 τουτέστιν,
528 3772 610 3835 εἰς
639 3771 842 3840 γνῶσιν
869 3772 970 3843 τὴν
1006 3773 1099 3827 ἐπὶ
1152 3773 1438 3845 σωτηρίᾳ·
1509 3774 1605 3828 κοιλ⁵
1659 3773 1758 3845 οὐχ

205 3862 374 3928 ἁπλῶς
396 3864 585 3932 ἐθνῶν,
615 3864 752 3919 ἀλλὰ
775 3865 1016 3922 πάντων.
1081 3867 1257 3922 Ὅσοι
1285 3864 1450 3939 ἦσαν
1479 3866 1760 3938 τεταγμέ-

202 3970 282 4010 νοι
314 3959 396 4024 είς
408 3958 560 4028 ζωὴν
582 3959 844 4014 αἰώνιον.
866 3960 1204 4030 Τεταγμένοι
1231 3960 1311 4024 δὲ,
1343 3962 1403 4016 οὐ
1433 3963 1555 4016 κατ’
1582 3964 1759 4033 ἀνάγ-

203 4067 310 4122 κην.
341 4051 454 4116 Οὓς
486 4051 617 4124 γὰρ,
676 4051 830 4123 φησὶ,
864 4052 1150 4122 προέγνω,
1181 4053 1279 4108 καὶ
1314 4054 1623 4124 προώρισε.
1658 4055 1759 4110 Γέσ-

205 4157 288 4204 νος
324 4142 415 4212 μὲν
440 4141 532 4197 οὖν
561 4141 656 4196 τοῦ
688 4144 895 4214 Κυρίου
947 4143 1089 4199 κατὰ
1137 4144 1338 4216 σάρκα,
1390 4147 1545 4216 κοινὴ
1583 4145 1628 4178 ⁸⁸
1660 4146 1759 4216 μὲν

201 4234 378 4289 ἅπασα
397 4235 501 4288 τῶν
529 4233 833 4306 ἀνθρώπων
865 4237 898 4304 ἡ
931 4234 1094 4305 φύσις
1125 4250 1139 4266 ο
1190 4236 1324 4290 ἴδιον
1351 4236 1410 4290 δὲ
1455 4239 1548 4291 καὶ
1593 4237 1760 4293 πελά-

201 4324 306 4390 ζον,
332 4329 359 4381 ὁ
387 4327 618 4400 Ἰσραήλ.
656 4325 874 4398 Ἐπειδὴ
897 4327 1079 4381 τοίνυν
1105 4327 1242 4399 πρὸς
1275 4328 1375 4396 μὲν
1411 4327 1502 4381 τὸν
1543 4327 1760 4398 Ἰσραήλ
1800 4401 1801 4404 η

201 4421 540 4490 παρεγένετο,
577 4420 646 4474 τὰ
673 4420 732 4475 δὲ
771 4421 898 4492 ἔθνη
929 4421 1019 4475 διὰ
1073 4419 1186 4474 τῶν
1243 4421 1558 4476 ἀποστόλων
1614 4421 1760 4492 ἐφώ-

203 4526 327 4574 τισε,
355 4512 562 4567 δέδωκά
587 4529 670 4577 σε,
701 4513 858 4584 φησι,
898 4511 1112 4578 τούτοις
1141 4511 1232 4566 διὰ
1289 4511 1390 4585 τὴν
1438 4513 1578 4583 πρὸς
1629 4513 1760 4578 τοὺς

1854 2035 2096 2092 studium
2153 2049 2218 2089 ac
2272 2028 2603 2086 desiderium
2656 2021 2932 2084 audiendi,
2987 2035 3110 2076 eum
3159 2013 3434 2087 proferret

1854 2125 2061 2184 semina
2091 2122 2360 2194 quaedam,
2391 2133 2511 2188 quae
2541 2132 2653 2171 non
2685 2112 2997 2185 eXponebat
3029 2125 3044 2164 :
3076 2117 3137 2164 ut
3184 2106 3304 2160 illos
3332 2104 3432 2158 (1ο-

1854 2217 2092 2277 vinciret
2113 2227 2168 2272 et
2193 2214 2510 2272 conciliaret
2533 2210 2660 2274 sibi,
2696 2223 2800 2263 nec
2843 2203 3162 2261 tumidiores
3186 2210 3242 2254 et
3275 2193 3432 2252 inﬂa-

1855 2311 2026 2366 tiores
2077 2307 2334 2370 ediceret,
2386 2302 2571 2358 omnia
2620 2297 2781 2356 simul
2838 2298 2894 2352 in
2953 2309 3124 2350 unum
3175 2296 3431 2360 congesta

1856 2403 2056 2458 animis
2104 2413 2295 2456 eorum
2349 2395 2669 2467 injiciendo.
2725 2390 2869 2446 Dixit
2923 2388 3108 2444 enim:
3158 2379 3432 2438 Remissio

1854 2501 2203 2566 peccatorum
2231 2489 2384 2545 vobis
2428 2485 2821 2550 annuntiatur;
2857 2480 2950 2536 sed
2999 2476 3270 2549 quomodo
3317 2487 3431 2527 non

1855 2564 2201 2658 signiﬁcavit.
2232 2583 2502 2636 Caeterum
2556 2591 2669 2632 non
2726 2572 3023 2644 baptizavit
3069 2584 3164 2624 eos
3197 2564 3380 2621 statim
3414 2581 3427 2617 :

1855 2678 1983 2748 quia
2024 2689 2134 2730 non
2187 2682 2305 2729 erat
2353 2679 2568 2740 tempus
2617 2675 3013 2738 opportunum.
3058 2659 3214 2726 Quod
3247 2664 3432 2711 autem

1855 2770 2010 2836 dicit,
2050 2768 2132 2833 εἰς
2160 2766 2222 2820 τὸ
2253 2763 2456 2836 μεταξῦ
2490 2760 2790 2825 Σάϐϐατον,
2817 2756 2960 2827 quod
2998 2751 3201 2823 alioqui
3250 2757 3429 2810 sonat,

1853 2864 1923 2920 ad
1979 2861 2349 2930 interiectum,
2399 2853 2628 2926 etquod
2677 2849 3056 2907 intercedebat
3099 2843 3428 2906 Sabbatum,

1857 2954 2093 3025 positum
2129 2960 2213 3006 est
2237 2965 2336 3020 pro
2365 2950 2444 3013 είς
2464 2948 2524 3002 τὸ
2549 2946 2808 3015 ἐσόμενον
2838 2939 3139 3002 Σάϐϐατόν,
3162 2936 3213 2991 id
3238 2943 3324 2989 est
3362 2931 3430 2986 ad

1857 3047 2098 3102 futurum
2128 3042 2446 3106 Subbatum,
2475 3047 2534 3094 ut
2565 3036 2701 3092 infra
2720 3035 2994 3106 explanat.
3013 3030 3252 3086 Videntes
3273 3026 3431 3095 112

1859 3146 2036 3194 autem
2063 3135 2240 3192 λιιιίωὶ
2283 3132 2665 3194 multitudines,
2707 3127 2892 3196 repleti
2923 3133 3044 3180 sunt
3070 3119 3429 3178 aemulatione

1857 3228 2028 3284 Tanta
2063 3224 2281 3281 invidia
2329 3222 2573 3294 tyrannis
2619 3228 2723 3274 est.
2761 3215 2910 3272 Multi
2957 3213 3104 3269 enim
3146 3210 3434 3266 tabescunt

1855 3334 1922 3374 ac
1941 3324 2194 3388 pereunt,
2221 3328 2346 3369 cum
2373 3311 2612 3367 viderint
2636 3309 2772 3364 alios
2817 3320 2938 3362 esse
2967 3304 3020 3358 in
3048 3301 3246 3373 pretio,
3281 3307 3336 3352 et
3365 3297 3434 3351 ob

1857 3409 2085 3464 virtutes
2137 3421 2264 3461 suas
2321 3406 2462 3460 bene
2508 3399 2718 3462 audire,
2761 3406 2817 3452 et
2843 3393 3126 3450 hominum
3180 3400 3432 3462 sermone

1857 3499 2144 3556 celebrari.
2181 3497 2286 3552 Sed
2321 3495 2414 3566 qui
2437 3494 2570 3549 tales
2587 3500 2736 3556 sunt,
2764 3503 2876 3543 non
2905 3485 3068 3540 modo
3093 3497 3216 3537 cum
3242 3479 3428 3541 fratre,

1857 3605 2048 3648 verum
2088 3590 2249 3646 etiam
2286 3601 2411 3642 cum
2441 3585 2725 3640 voluntate
2753 3579 2848 3635 Dei
2872 3582 3136 3648 pugnant.
3171 3569 3274 3626 Sed
3303 3584 3427 3638 quo-

1855 3686 2008 3739 niam
2046 3680 2262 3752 rejicitis
2294 3676 2426 3731 illud
2462 3683 2572 3730 etc.
2605 3670 2684 3727 Ne
2731 3667 2854 3739 quis
2891 3661 3234 3722 verecundia).
3255 3674 3317 3713 ac
3349 3673 3436 3710 re-

1858 3774 2074 3848 ligionis
2094 3751 2214 3828 esse
2242 3776 2418 3840 putet,
2457 3764 2602 3836 quod
2626 3762 2754 3819 dicit
2791 3777 2805 3816 :
2853 3758 3062 3813 Vosmet
3115 3751 3436 3823 sempiterna

1859 3844 2029 3924 sdlute
2077 3864 2317 3932 indignos
2367 3857 2652 3932 iudicatis,
2703 3852 2905 3910 idcirco
2960 3849 3200 3920 primum
3259 3844 3432 3899 dixit:

1860 3961 2098 4031 Rejicitis
2127 3957 2263 4011 illud
2293 3973 2311 4011 :
2339 3969 2404 4011 ac
2429 3962 2561 4009 tunc
2592 3966 2606 4005 :
2638 3948 2995 4007 Convenimus
3027 3949 3118 3997 nas
3140 3942 3212 3995 ad
3229 3951 3436 3994 exteras

1858 4029 2120 4109 nationes.
2150 4049 2272 4104 Non
2311 4047 2447 4103 dixit
2477 4046 2659 4099 autem
2690 4057 2704 4096 :
2759 4036 3140 4107 Relinquimus
3171 4041 3290 4096 vos,
3341 4029 3435 4084 sed

1859 4146 1956 4212 ita,
2014 4153 2076 4198 ut
2117 4141 2231 4198 ﬁeri
2285 4139 2488 4211 possit,
2532 4136 2731 4206 inquit,
2781 4140 2842 4187 ut
2891 4130 3056 4186 etiam
3109 4127 3204 4181 illo
3250 4137 3438 4178 rursus

1861 4242 2218 4291 revertamur.
2251 4231 2416 4285 Posui
2451 4238 2502 4284 te
2561 4229 2617 4281 in
2663 4227 2838 4280 lumen
2887 4221 3166 4294 gentium:
3199 4217 3303 4272 hoc
3357 4221 3440 4267 est

1862 4326 1931 4382 ad
1983 4323 2376 4393 cognitionem,
2423 4335 2544 4391 quae
2571 4319 2736 4374 iaciat
2779 4315 2847 4370 ad
2891 4314 3172 4369 salutem:
3227 4317 3281 4362 et
3328 4321 3439 4359 non

1863 4417 2183 4488 simpliciter
2230 4413 2496 4487 gentium,
2542 4415 2636 4465 sed
2695 4408 2960 4469 omnium,
3019 4408 3246 4476 quoquot
3287 4408 3438 4454 erant

1863 4521 2076 4568 eterna:
2110 4510 2231 4564 vitw
2255 4505 2528 4562 destinati.
2555 4502 2818 4558 Destinati
2856 4507 3064 4562 autem,
3102 4511 3211 4550 non
3242 4507 3439 4548 neces-

204 4604 428 4674 πατέρας
454 4605 635 4659 αὺτῶν
652 4605 1030 4678 γεγενημένην
1065 4604 1400 4675 ἐπαγγελίαν
1433 4618 1446 4633 ⁸
1496 4606 1682 4677 φωτιῶ
1700 4607 1754 4662 δὲ

1862 4607 2040 4663 sitate.
2091 4602 2236 4671 Quos
2263 4600 2436 4662 enim,
2483 4595 2680 4668 inquit,
2723 4603 2845 4648 ante
2897 4595 3228 4661 cognoverat,
3277 4585 3438 4639 etiam

203 4692 280 4747 διὰ
299 4695 388 4748 σοῦ
409 4697 476 4750 τὰ
510 4696 662 4768 ἔθνη,
693 4696 788 4752 καὶ
811 4700 980 4752 πᾶσιν
1011 4697 1328 4771 ἀνθρώποις
1379 4698 1603 4770 παρέξω
1659 4699 1758 4770 τὴν

205 4789 459 4889 σωτηρίαν
485 4789 664 4889 (τοῦτο
829 4791 1087 4861 σημαίνει
1125 4790 1206 4856 τὸ,
1237 4791 1383 4853 Ἕως
1407 4791 1639 4862 ἐσχάτου
1659 4793 1760 4862 τῆς

205 4881 334 4948 γῆς),
363 4882 458 4934 καὶ
481 4881 656 4953 πέρας
685 4882 933 4953 ἐπιθήσω
985 4884 1107 4954 ταῖς
1152 4882 1288 4954 πρὸς
1336 4884 1464 4947 τοὺς
1519 4883 1761 4954 πατέρας

203 4969 362 5024 αὐτῶν
387 4972 784 5043 γεγενημέναις
801 4973 1117 5044 συνθήκαις.
1149 4974 1262 5046 Τὴν
1307 4976 1417 5048 γὰρ
1469 4974 1756 5048 διαθήκην,
1794 4971 1800 4977 ’

203 5060 532 5134 συνθήκηνοὶ
565 5063 747 5118 λοιποὶ
801 5065 1180 5136 ήρμήνευσαν.
1231 5066 1342 5123 Καὶ
1384 5066 1757 5124 ἐπίστευσαν

202 5145 318 5203 ὅσοι
341 5145 502 5220 ἦσαν
551 5150 896 5220 τεταγμένοι
951 5154 1040 5219 είς
1090 5152 1243 5224 ζωὴν
1289 5155 1547 5210 αιώνιον.
1597 5155 1758 5213 Κατὰ

203 5239 492 5307 πρόγνωσιν
525 5243 626 5314 μὲν
647 5244 697 5296 οἱ
719 5246 1044 5315 τεταγμένοι
1068 5247 1147 5311 εις
1196 5246 1344 5319 ζωὴν
1365 5287 1380 5313 ,
1409 5249 1578 5321 ἤγουν
1603 5249 1756 5320 ἀφω-

205 5333 450 5399 ρισμένοι,
483 5327 630 5388 οὗτοι
656 5337 1007 5402 ἐπίστευσαν,
1031 5339 1168 5413 πλὴν
1219 5341 1397 5412 οἰκείᾳ
1425 5342 1618 5415 γνώμῃ
1658 5343 1752 5397 καὶ

200 5425 518 5494 προαιρέσει.
576 5426 645 5482 Ἦ
689 5428 748 5482 δὲ
799 5428 895 5482 τοῦ
925 5428 1062 5484 Θεοῦ
1101 5431 1427 5503 πρόγνωσις,
1469 5434 1570 5487 οὐκ
1595 5435 1746 5488 ἀναι-

1867 4699 2279 4775 prtedestinauit.
2330 4695 2516 4752 Genus
2564 4692 2732 4764 igitur
2781 4685 3022 4750 Domini,
3050 4683 3194 4755 quod
3225 4680 3291 4736 ad
3325 4695 3441 4734 car-

1864 4811 1992 4852 nem
2016 4791 2232 4855 attinet,
2256 4800 2551 4844 commune
2606 4782 2823 4854 quidem
2854 4786 2940 4835 est
2972 4775 3256 4832 hominum
3291 4771 3440 4826 natio

1869 4888 2125 4943 universa
2157 4897 2172 4937 :
2201 4878 2486 4952 proprium
2523 4891 2656 4932 vero
2679 4883 2735 4930 et
2763 4871 3154 4942 prepinquum,
3187 4879 3322 4938 gens
3360 4863 3438 4917 ls-

1867 4971 2135 5028 raelitica.
2185 4968 2456 5036 Quoniam
2495 4965 2662 5038 igitur
2705 4963 2774 5018 ad
2825 4959 3184 5017 Israeliticum
3217 4953 3440 5025 quidgm

1865 5067 2127 5138 populum
2187 5065 2306 5134 ipse
2355 5061 2529 5126 venit,
2591 5071 2812 5116 exteras
2862 5072 2996 5112 vero
3038 5053 3288 5108 nationes
3344 5063 3439 5118 per

1865 5157 2140 5230 apostolos
2161 5155 2490 5212 illuminavit
2521 5172 2537 5209 :
2569 5153 2703 5208 Dedi
2738 5159 2811 5217 te,
2848 5148 3045 5217 inquit,
3084 5145 3189 5207 liis,
3218 5149 3442 5212 propter

1861 5266 2002 5316 eam,
2038 5263 2160 5319 qua:
2184 5247 2486 5318 maioribus
2519 5259 2708 5300 eorum
2745 5239 2963 5304 accidit,
2991 5234 3435 5307 promissionem;

1859 5341 2181 5397 illuminabo
2217 5348 2398 5394 autem
2435 5353 2534 5407 per
2565 5346 2618 5390 te.
2655 5333 2890 5402 reliquas
2926 5337 3134 5402 gentes,
3169 5335 3226 5381 et
3259 5323 3436 5378 omni-

1846 5434 1951 5490 bus
2009 5432 2324 5488 hominibus
2369 5429 2622 5501 praebebo
2679 5426 2947 5490 salutem;
3000 5420 3101 5476 hoc
3161 5419 3308 5475 enim
3363 5417 3439 5472 si-

205 5517 274 5584 ρεί
295 5518 387 5590 τῆς
412 5521 688 5594 ἡμετέρας
714 5521 1024 5594 βουλήσεως
1077 5523 1138 5577 τὸ
1169 5524 1514 5590 αὐτεξούσιον
1545 5567 1560 5591 ,
1615 5527 1749 5580 ὅπου

1861 5526 2076 5598 gniﬁcat
2126 5525 2180 5580 id
2226 5524 2371 5596 quod
2425 5521 2596 5587 dicit,
2659 5519 2729 5573 ad
2785 5524 3079 5570 extremum
3151 5521 3339 5579 terraz,
3382 5520 3437 5568 et

1365 5659 1564 5721 Variae
1610 5659 1922 5725 lectiones
1964 5668 2027 5725 et
2055 5668 2250 5724 notae.

433 5803 645 5885 vulgato
682 5806 949 5890 appositus
1013 5815 1086 5890 est
1143 5808 1420 5890 articulus,
1453 5810 1501 5864 ὁ.
1562 5810 1722 5890 λε’-δὲ,
1781 5829 1883 5890 non
1929 5820 2002 5890 est
2047 5812 2100 5864 in
2137 5818 2519 5890 Δγιιςιηιιιενιριι)

694 5850 949 5872 Tr--."
1013 5850 1086 5860 ν--
1143 5850 1398 5862 .............
1454 5850 1501 5864 υ.
1647 5850 1700 5864 υ..

694 5877 742 5908 ⁸³
778 5875 988 5931 Videtur
1017 5877 1158 5932 locus
1190 5851 1424 5948 mutilus;
1445 5898 1507 5934 ac
1537 5853 1754 5938 desideri

1879 5883 2060 5958 μόνον.
2136 5882 2182 5915 ⁸⁸
2216 5881 2300 5938 ῑσ.
2337 5850 2540 5936 καινόν’

202 5866 241 5900 "
266 5866 598 5946 10303161311.

2617 5811 2662 5842 °°
2696 5809 2774 5880 τὸ,
2836 5817 2977 5864 erat.
3047 5808 3091 5843 "
3128 5805 3216 5862 ῑσ.
3267 5803 3418 5874 ὑμῖνο
