3856 6544
151 400 250 464 705

854 364 1366 456 EXPOSITIOIN
1407 395 1593 458 ACTA
1633 397 2208 462 APOSTOLORUM.
2239 426 2307 437 -—
2347 401 2509 463 CAP.
2549 402 2708 465 XIV.

3291 405 3398 467 ’706

150 505 331 564 αὐτοὺς
377 502 451 563 ὡς
487 500 582 554 καὶ
624 501 762 572 προς
812 501 1082 572 Ἕλληνας
1125 502 1487 572 διαλέγεσθαι.
1537 506 1603 558 Ol
1641 503 1710 557 δὲ

1846 508 2242 565 xcusationem.
2271 508 2577 567 Verisimile
2629 519 2714 568 est
2768 520 2951 568 autem
2984 527 3081 569 eos
3129 518 3397 570 sermocio

152 591 519 656 ἀπειθοῦντες
563 591 842 645 Ἰουδαῖοι
902 592 1226 662 ἐπήγειραν
1255 594 1352 647 καὶ
1389 594 1711 649 ἐκάκωσαν

150 687 243 752 τὰς
294 669 496 753 ψακὰς
532 684 651 737 τῶν
695 683 886 740 ἐθνῶν
939 685 1089 738 κατὰ
1117 684 1238 740 τῶν
1267 686 1568 756 ἀδελφῶν.
1598 687 1712 741 Καὶ

148 781 210 834 τὰ
232 777 353 847 ἔθνη
383 777 705 848 ἐπήγειραν,
729 778 802 842 ὡς
832 779 934 832 οὐκ
984 778 1281 849 ἀρκοῦντες
1327 780 1502 834 αὐτοί.
1535 781 1711 835 Ἐκεϊο

149 873 230 926 θεν
259 871 314 924 δὲ
344 870 445 924 οὐκ
475 869 732 940 ἐξῆλθον·
767 871 828 924 οὐ
853 873 964 944 γὰρ
1001 871 1311 936 ἐδιώκοντο,
1359 871 1476 925 ἀλλ’
1511 871 1707 926 ἐπολε-

151 962 331 1040 μοῦντο
360 963 543 1033 μόνον.
611 961 854 1016 Ἱκανὸν
905 964 1022 1034 μὲν
1050 959 1166 1020 οὖν
1221 964 1446 1033 χρόνον
1497 962 1712 1033 διέτρι-

147 1065 260 1131 ψαν
301 1056 1009 1129 πᾶῤῥησιαζόμενοιντὴν
1045 1057 1144 1128 μὲν
1198 1056 1515 1128 παρρησίαν
1539 1057 1712 1110 ἐποίει

147 1155 175 1224 ἡ
204 1153 375 1208 αὐτῶν
407 1147 688 1226 προθυμία
709 1166 726 1181 ·
749 1149 810 1202 τὸ
833 1148 890 1202 δὲ
918 1149 1207 1202 πιστεῦσαι
1235 1150 1362 1212 τοὺς
1382 1149 1711 1212 ἀκούοντας,

147 1246 239 1299 τῶν
265 1247 512 1316 σημείων
533 1243 603 1317 ἦν
631 1259 646 1272 ·
677 1241 922 1296 συντελεῖ
943 1241 1000 1294 δέ
1037 1259 1092 1295 τι
1122 1243 1215 1294 καὶ
1237 1242 1272 1312 ἡ
1301 1240 1604 1314 παρρησία.

1816 610 1978 655 natos
2009 615 2129 657 csse
2151 602 2218 657 ad
2247 603 2367 659 illos
2395 605 2852 674 quemadmodum
2875 606 3036 661 etiam
3059 606 3130 661 ad
3159 605 3398 662 Graecos.

1815 688 1919 745 Sed
1945 692 2120 747 Judwi
2164 697 2253 759 qui
2282 712 2384 750 non
2434 699 2735 764 credebant,
2762 699 3156 752 concitaverunt
3193 716 3255 751 ac
3309 701 3400 752 de-

1816 793 2172 850 pravaverunt
2248 787 2455 842 animos
2553 789 2788 859 gentium
2859 791 3112 845 adversus
3183 791 3398 860 fratres.

1815 873 1990 928 Etiam
2013 883 2200 946 gentes
2229 879 2670 945 concitaverunt,
2707 891 2968 951 tanquam
2999 881 3101 952 ipsi
3134 897 3245 936 non
3271 882 3363 937 sui
3381 912 3403 922 ο

1816 963 2101 1032 ﬁcientes,
2160 968 2255 1024 sed
2301 969 2450 1026 illinc
2497 987 2612 1027 non
2667 972 2873 1044 egressi
2903 982 3029 1028 sunt
3063 989 3078 1026 :
3112 989 3222 1029 non
3252 974 3398 1028 enim

1820 1055 2168 1126 fugabantur,
2197 1060 2290 1114 sed
2332 1059 2598 1117 duntaxat
2657 1064 3135 1135 oppugnabantur.
3166 1064 3240 1119 Ac
3265 1066 3398 1119 satis

1822 1149 2049 1204 multum
2075 1152 2286 1221 quidem
2314 1165 2518 1222 tempus
2547 1165 2976 1225 consumpserunt
3007 1156 3165 1212 libere
3183 1157 3400 1228 loquen-

1824 1251 1919 1298 tes.
1960 1243 2290 1302 Libertatem
2333 1248 2554 1318 quidem
2585 1247 2844 1321 loquendi
2878 1250 3148 1306 eﬂiciebat
3181 1247 3398 1307 illorum

148 1340 382 1393 alacritas
424 1347 480 1393 et
547 1334 714 1392 animi
764 1333 1133 1404 promptitudo
1167 1351 1180 1387 :
1216 1333 1313 1388 sed
1345 1340 1404 1386 ut
1439 1332 1728 1388 crederent
1797 1334 1892 1404 qui
1942 1335 2252 1406 audiebant,
2298 1339 2578 1410 signorum
2633 1348 2754 1395 erat
2798 1339 3051 1396 ell'ectus.
3088 1341 3398 1412 Adjuvabat

149 1443 307 1488 autem
343 1450 455 1488 rem
479 1435 729 1488 nonnihil
760 1430 922 1488 etiam
949 1430 1148 1502 linguae
1176 1428 1426 1486 libertas.

216 1527 497 1596 Ἐσχίσθη
542 1526 611 1580 δὲ
658 1527 724 1580 τὸ
781 1522 1017 1591 πλῆθος
1059 1522 1170 1592 τῆς
1225 1523 1482 1590 πόλεως,
1514 1523 1613 1577 καὶ
1646 1524 1701 1578 al

150 1621 244 1692 μὲν
265 1617 434 1691 ἦσαν
494 1621 618 1676 σὺν
667 1622 793 1688 τοῖς
853 1617 1192 1685 Ἰουδαίοις,
1224 1620 1278 1672 ot
1308 1617 1396 1685 δὲ,
1433 1616 1554 1673 σὺν
1590 1615 1716 1684 τοῖς

157 1712 524 1777 ἀποστόλοις.

219 1805 307 1870 Ὧς
338 1801 406 1857 δὲ
425 1805 663 1874 ἐγένετο
729 1803 880 1874 ὁρμὴ
927 1800 1045 1857 τῶν
1089 1799 1285 1858 ἐθνῶν
1323 1817 1388 1855 τε
1430 1804 1530 1855 καὶ
1565 1804 1716 1856 ‘Iov-

1884 1521 2047 1578 Vens.
2101 1523 2156 1579 4.
2222 1521 2407 1577 Divisa
2457 1533 2532 1578 est
2571 1532 2748 1578 autem
2778 1525 2984 1578 urbana
3003 1525 3306 1589 multitudo,
3340 1536 3389 1578 et

1817 1616 1914 1670 alii
1943 1617 2153 1687 quidem
2183 1625 2336 1671 erant
2369 1616 2434 1670 ab
2474 1615 2700 1684 Judazis,
2760 1617 3000 1672 nonnulli
3028 1634 3149 1672 vero
3189 1619 3400 1672 stabant

1815 1711 1882 1766 ab
1906 1703 2178 1780 apostolis.

1891 1801 2057 1860 Vens.
2093 1805 2147 1859 5.
2177 1801 2282 1858 Sed
2327 1814 2385 1858 ut
2429 1805 2681 1875 impetum
2723 1811 2968 1874 ceperunt
3019 1813 3130 1858 tam
3179 1803 3398 1874 reliqua:

155 1894 316 1949 δαίων
373 1895 497 1949 σὺν
551 1898 676 1962 τοῖς
703 1895 1004 1966 ἄρχουσιν
1051 1900 1272 1966 αὐτων,
1317 1898 1562 1966 ὑϐρίσαι
1607 1897 1709 1952 και

1845 1897 2082 1962 lationes,
2111 1911 2270 1966 quam
2301 1893 2481 1950 Judwi
2514 1912 2621 1950 una
2663 1913 2783 1950 cum
2837 1895 3161 1965 principibus
3189 1895 3298 1950 suis
3331 1893 3401 1950 ad

167 1985 532 2055 ιιθοϐολῆσαι
552 1987 600 2020 ’⁸
633 1987 878 2054 αὐτοὺς,

211 2077 595 2144 Συνιδόντες¹
655 2079 1030 2149 κατέφυγον¹
1058 2084 1147 2149 εὶς
1197 2081 1300 2150 τὰς
1349 2083 1561 2149 πόλεις
1605 2078 1716 2147 τῆς

160 2171 499 2238 Λυκαονίας,
553 2172 840 2242 Λύστραν
868 2173 970 2228 καὶ
1006 2175 1253 2246 Δέρϐην,
1283 2174 1385 2231 καὶ
1409 2177 1524 2246 τὴν
1547 2176 1715 2244 περι-

162 2279 364 2329 χωρον.

217 2351 397 2407 Κάκεῖ
416 2349 578 2424 ἦσαν
605 2353 1136 2428 εὐαγγελιζόμενοι.
1225 2415 1229 2419 ,

227 2540 513 2609 Ἐσχίσθη
547 2539 617 2593 δὲ
643 2539 712 2594 τὸ
735 2539 972 2609 πλῆθος
993 2539 1103 2610 τῆς
1149 2540 1403 2608 πόλεως.
1447 2540 1619 2594 Τοῦτο
1649 2536 1720 2613 ἦν

162 2634 381 2702 ὃέλεγεν
412 2636 440 2686 ὁ
468 2634 708 2705 Χριστός
742 2650 755 2664 ⁸
815 2637 936 2689 Οὐκ
968 2630 1162 2705 ἦλθον
1191 2633 1414 2700 ,βαλεῖν
1446 2633 1719 2704 εἰρήνην,

163 2725 300 2779 ἀλλὰ
334 2725 653 2795 μάχαιραν.
683 2726 1033 2792 Συνειδότες
1053 2727 1095 2792 ³,
1129 2728 1542 2798 κατέφυγον,οῑ
1581 2728 1720 2781 ἁπό-

166 2816 346 2871 στολοι.
393 2816 556 2870 Οὐδὲν
578 2811 672 2870 οὖν
699 2815 899 2871 ἄτοπον
925 2817 976 2870 oi
995 2816 1031 2886 5
1060 2817 1208 2885 ἅγιοι
1261 2817 1526 2887 φεύγουσι
1583 2817 1711 2880 τοὺς

163 2905 516 2961 ἐπιϐουλεύειν
554 2908 752 2971 αὐτοὺς
773 2906 795 2939 ⁸
833 2907 1152 2979 μέλλοντας,
1189 2909 1284 2962 καὶ
1309 2908 1625 2962 εὐδοκοῦσιν
1656 2909 1726 2961 ὲκ

163 3001 336 3054 τούτου
388 2999 744 3072 δραπετεύειν
788 3002 880 3054 τὸν
914 3000 1023 3054 ἀπὸ
1071 3000 1166 3055 τοῦ
1213 3001 1514 3073 μαρτυρίου
1549 3001 1716 3056 πόλε-

167 3110 275 3164 μον.

228 3280 334 3336 Καί
363 3297 451 3346 τις
481 3279 638 3352 ἀνὴρ
669 3279 740 3337 ἐν
771 3282 1068 3352 Λύστροις
1128 3282 1429 3348 ἀδύνατος
1459 3281 1582 3349 τοῖς
1624 3258 1726 3336 πο·
1751 3322 1798 3385 c

171 3375 260 3428 alr
279 3375 550 3441 ἐκάθητο,
615 3376 812 3445 χωλὸς
852 3376 922 3431 ἐκ
966 3377 1198 3442 κοιλίας
1245 3376 1472 3445 μητρὸς
1538 3376 1724 3431 αὐτοῦ

175 3466 456 3538 ὑπάρχων,
477 3467 548 3536 ὃς
573 3469 861 3524 οὐδέποτε
877 3469 1376 3538 περιεπεπατήκει
1399 3469 1441 3524 ⁸.

233 3553 410 3628 Οὗτος
435 3561 665 3630 ἤκουσε
692 3559 798 3614 τοῦ
837 3561 1088 3615 Παύλου
1112 3560 1472 3627 λαλοῦντος,
1506 3560 1573 3627 ὃς
1593 3561 1727 3615 ἀτε-

174 3655 330 3720 νισας
353 3652 531 3722 αὐτῷ,
562 3654 661 3708 καὶ
690 3652 832 3708 ἰδὼν
861 3651 952 3706 ὅτι
987 3653 1198 3706 πίστιν
1259 3650 1386 3722 ἕχει
1444 3652 1555 3707 τοῦ
1609 3668 1727 3706 σω-

175 3745 354 3813 θῆναι,

227 3834 363 3894 Εἶπεν
409 3837 642 3910 μεγάλῃ
678 3835 754 3906 τῇ
799 3835 970 3908 φωνῇ
997 3852 1012 3868 ο
1067 3837 1377 3904 Ἀνάστηθι
1435 3837 1536 3890 ἐπὶ
1585 3837 1728 3905 τοὺς

176 3931 341 3996 πόδας
374 3947 491 3985 σου
531 3929 775 3999 ὀρθῶςτ.
809 3929 919 3983 Kal
943 3929 1165 3997 ἥλλετο
1217 3933 1337 3983 καῖ
1359 3928 1723 3997 περιεπάτει.

237 4029 294 4080 οι
321 4027 387 4080 δὲ
414 4028 607 4096 ὄχλοι,
631 4026 863 4089 ἰδόντες
897 4024 928 4078 ὃ
953 4025 1250 4093 ἐποίησεν
1279 4028 1311 4079 ό
1338 4025 1595 4091 Παῦλος,
1621 4026 1728 4078 ἐπα

177 4117 309 4187 ἦραν
358 4116 559 4172 αὐτῶν
579 4118 602 4149 ⁸
635 4117 753 4186 τὴν
781 4116 992 4187 φωνὴν
1030 4117 1398 4171 Λυκαονιστὶ
1419 4116 1724 4188 λέγοντεςο

179 4212 233 4263 Oi
258 4213 366 4266 θεοὶ
400 4211 789 4282 ὁμοιωθέντες
827 4211 1163 4281 ἀνθρώποις
1195 4213 1546 4282 κατέϐησαν
1573 4213 1729 4280 πρὸς

176 4301 334 4371 ἡμᾶς.

247 4396 535 4451 Ἑκὰλουν
560 4414 624 4451 τε
645 4397 752 4452 τὸν
807 4397 924 4468 μὲν
951 4397 1269 4467 Βαρνάϐαν
1313 4397 1420 4452 Δία
1449 4434 1466 4464 ,
1521 4396 1630 4451 τὸν
1659 4396 1729 4451 δὲ

176 4487 397 4542 Παῦλον
466 4489 702 4560 Ἑρμῆν,
753 4489 962 4562 ἐπειδὴ
1008 4490 1192 4557 αὐτὸς
1215 4485 1296 4561 ἦν
1332 4492 1366 4546 ὁ
1395 4490 1729 4561 ἡγούμενος

176 4579 268 4633 τοῦ
289 4581 494 4650 λόγου.

1745 1965 1792 2028 Β
1817 1965 2131 2042 violandum
2153 2004 2238 2042 eos
2284 2005 2348 2042 ac
2385 1987 2759 2058 lapidandum,

1892 2083 2051 2156 114
2084 2083 2246 2140 Vens.
2289 2083 2342 2139 6.
2399 2083 2473 2139 Re
2510 2085 2898 2151 animadversa,
2923 2085 3261 2156 confugerunt
3302 2099 3402 2151 apo

1816 2178 1938 2230 stoli
1961 2178 2015 2229 in
2035 2176 2224 2245 oppida
2259 2175 2534 2246 Lycaonia:
2561 2173 2787 2246 Lystran
2808 2191 2871 2230 ac
2890 2174 3094 2230 Derben
3117 2185 3271 2245 atque
3297 2175 3402 2228 circ

1819 2268 2170 2338 euntjacentia
2205 2268 2342 2322 loca.

1892 2358 2058 2414 Vens.
2100 2360 2152 2414 7.
2185 2363 2258 2414 Et
2294 2359 2410 2415 illic
2446 2360 2793 2416 morabantur
2824 2359 3174 2433 Evangelium
3203 2359 3404 2430 pradi-

1821 2462 2022 2508 cantes.

1902 2545 2088 2599 Divisa
2149 2552 2227 2599 est
2277 2554 2478 2610 autem,
2521 2554 2629 2599 etc.
2663 2542 2776 2599 Hoc
2805 2553 2942 2610 erat,
2973 2545 3116 2615 quod
3152 2543 3405 2600 Christus

1823 2636 2039 2693 dicebat
2067 2653 2082 2692 :
2113 2633 2238 2691 Non
2265 2637 2377 2690 veni
2410 2636 2624 2689 missum
2672 2652 2882 2704 pacem,
2925 2637 3017 2690 sed
3065 2635 3306 2705 gladium
3333 2637 3403 2690 ⁸⁷.

1822 2727 1897 2782 Re
1925 2728 2296 2782 animadversa
2345 2729 2688 2799 confugerunt
2737 2727 2980 2796 apostoli.
3024 2726 3187 2781 Nullo
3237 2726 3405 2796 igitur

1822 2819 1984 2873 modo
2014 2817 2311 2873 absurdum
2344 2827 2450 2881 est,
2486 2817 2532 2872 si
2564 2816 2738 2871 sancti
2779 2816 2993 2886 fugiunt
3023 2831 3138 2880 eos,
3177 2816 3270 2886 qui
3301 2816 3405 2870 sibi

1825 2909 2140 2965 insidiaturi
2179 2908 2292 2964 sint
2317 2949 2333 2973 ,
2375 2918 2431 2964 et
2481 2908 2687 2963 idcirco
2742 2906 3247 2962 commodissimum
3287 2921 3408 2960 esse

1821 3003 2074 3074 iudicant
2091 3001 2221 3077 luga
2245 3001 2350 3056 sibi
2381 3001 2689 3067 consulere,
2727 3008 2784 3054 et
2814 2999 2987 3054 vitare
3012 2999 3237 3060 bellum,
3261 2997 3407 3067 quod

1823 3094 1927 3148 sibi
1966 3093 2037 3148 ob
2067 3092 2443 3148 testimonium
2492 3090 2710 3147 Christo
2743 3089 3079 3162 prohibitum
3129 3088 3408 3143 infereba-

1826 3195 1935 3240 tur.

1903 3297 2062 3353 Vens.
2097 3297 2166 3352 8...
2187 3298 2255 3352 Et
2299 3298 2379 3351 vir
2434 3297 2650 3367 quidam
2704 3294 2906 3364 Lystris
2948 3293 3159 3347 sedebat
3191 3291 3407 3360 pedibus

1832 3388 2116 3451 invalidus,
2149 3387 2388 3450 claudus,
2424 3380 2680 3449 videlicet,
2714 3383 2781 3436 ab
2838 3390 2986 3436 utero
3045 3381 3234 3436 matris
3275 3396 3406 3446 suae,

1833 3482 1922 3553 qui
1959 3496 2226 3549 nunquam
2258 3479 2522 3548 ingressus
2556 3484 2695 3532 erat.

1904 3571 2071 3628 Vens.
2104 3571 2157 3626 9.
2219 3569 2323 3623 Hic
2385 3569 2587 3623 audivit
2637 3567 2872 3623 Paulum
2932 3566 3263 3636 loquentem,
3315 3565 3409 3635 qui

1834 3677 2084 3720 contuens
2113 3665 2172 3718 in
2209 3679 2348 3729 eum,
2377 3672 2426 3716 et
2461 3661 2639 3716 videns
2676 3657 2826 3713 illum
2860 3659 3069 3713 credere
3121 3673 3175 3712 se
3204 3657 3410 3710 salvum

1832 3759 1964 3828 fore,
3169 3789 3179 3797 -

1905 3848 2067 3902 Vens.
2104 3846 2190 3901 10.
2220 3844 2420 3916 Magna
2448 3859 2570 3898 voce
2618 3841 2754 3897 dixit
2783 3857 2802 3896 :
2835 3839 3002 3912 Surge
3030 3840 3085 3894 in
3115 3839 3267 3910 pedes
3296 3848 3410 3892 tuos

1833 3948 1990 3996 recte.
2022 3939 2091 3993 Et
2127 3939 2375 3993 exiliebat
2408 3949 2458 3990 et
2482 3935 2775 3990 incedebat.

1904 4029 2067 4084 Vens.
2094 4028 2180 4082 ll.
2230 4026 2413 4082 Turba:
2447 4037 2629 4080 autem
2667 4023 2979 4093 conspicata:
3036 4023 3173 4093 quod
3217 4022 3412 4092 fecerat

1835 4121 2056 4185 Paulus,
2090 4119 2417 4174 sustulerunt
2468 4134 2644 4172 vocem
2698 4133 2852 4172 suam
2902 4115 3196 4186 Lycaonice
3233 4115 3412 4168 dicen-

1837 4226 1910 4271 tes
1948 4230 1966 4268 :
2001 4213 2088 4267 Dii
2116 4211 2410 4266 hominibus
2457 4210 2744 4265 assimilati
2784 4209 3156 4263 descenderunt
3195 4206 3262 4261 ad
3292 4223 3408 4262 nos.

1901 4394 2068 4450 Vens.
2091 4392 2195 4447 'l2.
2227 4392 2296 4448 Et
2324 4390 2580 4446 vocabant
2609 4387 2918 4442 Barnabam
2940 4387 3152 4458 quidem
3191 4386 3373 4442 Jovem
3393 4402 3412 4441 :

1837 4487 2068 4543 Paulum
2095 4501 2216 4540 vero
2248 4482 2590 4549 Mercurium,
2632 4481 2772 4552 quod
2799 4481 2842 4534 is
2877 4487 3006 4534 esset
3035 4485 3144 4534 dua:
3176 4486 3224 4534 et
3261 4477 3413 4548 prin-

1837 4596 1954 4651 ceps
2002 4577 2281 4634 orationis.

238 4669 374 4728 Εἷπε
392 4673 624 4744 μεγάλῃ
648 4673 725 4744 τῇ
760 4678 952 4744 φωνῇ.
977 4673 1076 4728 Διὰ
1097 4673 1152 4728 τι
1181 4671 1394 4748 μεγάλῃ
1419 4674 1486 4745 τῇ
1521 4676 1676 4746 φωνῇ
1705 4693 1719 4743 ἶ

1905 4674 2098 4746 Magna
2157 4687 2278 4727 voce
2347 4669 2506 4724 dixit.
2547 4667 2660 4723 Cur
2688 4681 2885 4738 magna
2907 4665 3087 4721 voce?
3129 4672 3191 4720 ut
3241 4665 3414 4719 turba:

179 4762 319 4818 Ὥστε
339 4766 464 4829 τοὺς
490 4765 680 4836 ὄχλους
702 4766 1014 4821 πιστεῦσαι.
1042 4765 1142 4819 Διὰ
1160 4765 1218 4818 δὲ
1245 4765 1365 4832 τοῦ,
1405 4766 1510 4831 ⁸ος
1534 4765 1732 4820 ἀτενι-

177 4869 275 4922 σας
293 4857 450 4922 αὐτῷ
473 4859 572 4912 καὶ
599 4857 740 4912 ιδὼν
774 4857 862 4912 ὅτι
899 4857 1108 4912 πίστιν
1140 4859 1266 4929 ἔχει
1297 4857 1406 4912 τοῦ
1437 4855 1727 4927 σωθῆναι,

178 4946 285 5015 ἐμοὶ
302 4948 446 5003 δοκεῖ
467 4949 548 5013 εἰς
579 4949 682 5020 τὴν
701 4947 880 5020 ψυχὴν
904 4949 1034 5003 ἰδεῖν
1061 4947 1160 5022 τὴν
1192 4947 1360 5004 αὑτοῦ
1375 4949 1469 5002 τὸν
1492 4948 1726 5002 Παῦλονο

178 5036 383 5108 καὶγὰρ
433 5037 728 5108 φιλοσόφου
753 5035 934 5108 ψυχῆς
971 5033 1064 5109 ἦν,
1084 5039 1144 5093 τὸ
1171 5039 1465 5110 προσέχειν
1487 5040 1599 5103 τοῖς
1627 5039 1727 5092 λαο

178 5119 440 5193 λονμένοις
467 5126 572 5180 ὑπὸ
600 5125 697 5180 τοῦ
743 5125 980 5182 Παύλου.
1015 5127 1126 5185 Kal
1153 5126 1376 5197 ἥλλετο
1405 5128 1505 5184 καὶ
1532 5143 1727 5195 erepte-

181 5215 354 5274 πάτει.
377 5219 683 5293 Τεκμήριον
715 5219 818 5289 τῆς
847 5221 1037 5290 ὑγείας
1065 5222 1166 5293 τῆς
1217 5221 1454 5294 ἀληθοῦς
1481 5224 1545 5277 τὸ
1567 5222 1727 5277 ἅλλε-

183 5307 310 5363 σθαι.
334 5313 396 5366 Ot
427 5311 495 5365 δὲ
525 5312 719 5384 ὄχλοι,
752 5313 982 5382 ὶδόντες
1006 5313 1042 5368 ὃ
1079 5313 1372 5384 ἐποίησεν
1398 5320 1431 5372 ό
1464 5317 1727 5384 Παῦλος.

244 5424 286 5458 ⁵⁷
310 5427 498 5483 Matth.
533 5444 589 5496 ι,
620 5427 714 5486 54.

1835 4766 2123 4823 crederent
2168 4780 2184 4818 :
2233 4761 2507 4818 Caeterum
2538 4796 2554 4822 ,
2588 4765 2878 4829 propterea
2913 4755 3061 4829 quod
3116 4753 3267 4820 dicit,
3308 4752 3415 4820 Qui

1835 4860 2044 4913 intuens
2090 4856 2147 4909 in
2175 4869 2314 4920 eum,
2355 4859 2406 4914 et
2446 4851 2625 4906 videns
2677 4849 2832 4903 illum
2890 4849 3098 4903 credere
3127 4864 3183 4902 se
3206 4847 3412 4902 salvum

1837 4953 1968 5023 fore,
1993 4947 2130 5004 mihi
2164 4945 2380 5001 videtur
2423 4941 2626 4998 Paulus
2653 4939 2900 4995 animum
2929 4939 3051 5010 ejus
3080 4937 3410 5008 inspexisse.

1836 5042 2052 5099 Etenim
2073 5031 2438 5113 p‘hilosophici
2468 5044 2525 5093 et
2549 5048 2732 5090 rerum
2755 5031 3263 5104 cognoscendarum
3295 5041 3414 5085 stu-

1836 5135 1977 5191 diosi
2017 5133 2186 5188 animi
2218 5139 2358 5198 erat,
2395 5127 2682 5185 attendere
2735 5140 2800 5181 ea
2853 5138 2975 5195 quae
3019 5121 3342 5177 dicebantur
3381 5137 3413 5176 a

1833 5225 2094 5284 Paulo.Et
2113 5223 2406 5288 exsiliebat,
2426 5230 2474 5276 et
2495 5220 2782 5276 incedebat.
2796 5217 3016 5272 Certum
3034 5222 3413 5286 argumentum

1840 5338 1968 5378 rere
1988 5321 2254 5376 restituta:
2283 5313 2533 5373 sanitatis
2564 5321 2702 5379 erat,
2721 5309 2867 5383 quod
2890 5305 3194 5366 exsiliebat.
3230 5305 3415 5361 Turba:

1355 5525 1553 5588 Var-ian
1590 5525 1900 5591 lectiones
1944 5533 2006 5590 et
2050 5534 2244 5592 notae.

247 5629 288 5662 ”
319 5628 378 5684 In
400 5629 753 5698 manuscripto
781 5637 876 5692 est,
910 5625 1257 5682 λιθοϐολίσαι.
1337 5627 1354 5659 ¹
1386 5627 1450 5684 In
1476 5644 1719 5682 manuscr

1867 5639 1966 5692 est,
2007 5632 2328 5694 συνειδότες.
2405 5630 2512 5685 ⁸1η
2532 5630 2889 5696 manuscripto
2938 5628 3200 5698 adjectum
3226 5636 3324 5689 est,
3362 5625 3412 5698 oi

185 5699 470 5764 ἀπόστολοι,
489 5703 624 5771 quod
653 5711 825 5771 tamen
846 5713 1234 5771 supervacuum,
1260 5707 1307 5751 et
1333 5699 1658 5753 subdititium
1689 5717 1719 5753 e.

1845 5701 2054 5771 videtur.
2134 5701 2154 5732 ³
2179 5702 2295 5756 Ἵσ.
2331 5701 2655 5764 συνιδόντες.

185 5779 268 5853 aut
290 5771 453 5850 simile
480 5773 624 5841 quid.

184 5855 366 5897 αυτων,

2732 5700 2753 5732 ⁸
2786 5696 3088 5754 Desiderari
3105 5698 3312 5752 videtur
3341 5696 3413 5758 ei,

745 5770 766 5802 ⁵
791 5771 877 5824 ἵσ.
913 5766 1144 5833 αὐτοῖς.
1221 5770 1241 5801 ⁸
1266 5774 1680 5842 περιεπατήκει,
1715 5801 1719 5821 ι

1845 5812 1850 5826 .
1955 5770 1974 5801 τ
2013 5768 2076 5823 In
2098 5771 2310 5844 vulgato
2333 5781 2428 5839 est,
2461 5772 2639 5842 ὀρθός.
2716 5771 2818 5826 aIn
2844 5770 3077 5841 vulgato,
3101 5769 3198 5840 τὴν
3231 5766 3414 5838 φωνὴν
