3856 6552
477 363 583 428 707

1396 358 1975 423 THEOPIIYLACTI
2013 362 2425 424 BULGARUE
2462 362 2814 424 ARCHIEP.
3559 378 3647 444 708

469 483 646 528 autem
686 473 997 544 conspicata!
1025 473 1162 542 quod
1195 471 1391 542 fecerat
1426 471 1646 536 Paulus,
1682 479 1788 526 etc.
1824 467 1960 528 Vide
1985 478 2035 527 et

2143 473 2286 543 Ὅρα
2315 472 2411 526 καὶ
2443 471 2551 526 τῶν
2580 472 2750 526 ἐθνῶν
2784 473 2882 547 τὴν
2918 474 3185 546 ὠφέλειαν
3205 477 3270 545 ⁸⁸,
3307 479 3398 534 καὶ
3423 481 3524 536 τῶν
3549 485 3659 542 Ἰουο

471 573 788 618 exterarum
817 565 1056 634 gentium
1110 562 1453 627 beneﬁcium,
1487 572 1541 618 et
1566 561 1882 620 Iudaeorum
1911 579 2033 619 ma-

469 657 724 712 leﬁcium.
778 655 854 712 llli
901 656 1120 726 quidem
1175 664 1432 726 tanquam
1477 657 1610 711 deos
1646 656 2031 712 honorabant:

471 749 527 803 hi
559 764 689 803 vero
745 758 996 817 tanquam
1040 746 1326 817 pestiferos
1373 747 1622 803 homines
1651 760 1706 804 et
1731 747 2037 819 perditores

469 837 730 908 iugabam
761 846 818 891 et
849 837 1158 905 ejiciebant.
1195 837 1262 891 Et
1289 839 1538 892 vocabam
1571 838 1874 895 Barnabam
1917 841 2038 910 qui-

468 931 582 982 dem
618 928 794 982 Jovem
825 944 843 982 :
877 927 1106 982 Paulum
1152 945 1270 983 vero
1325 930 1660 986 Mercurium.
1690 931 1954 988 Vidistine
1975 943 2036 990 ut

467 1020 668 1075 Graecis
711 1036 827 1075 mos
878 1019 1043 1074 fuerit
1103 1036 1171 1074 ex
1227 1021 1540 1077 hominibus
1599 1023 1782 1079 facere
1847 1023 2023 1082 deos?

467 1111 650 1182 Itaque
671 1113 887 1182 quando
911 1113 1121 1178 dicunt,
1143 1114 1298 1169 Unde
1327 1125 1479 1169 ortus
1511 1125 1593 1173 est
1621 1117 2036 1174 simulacrorum

466 1205 686 1260 cultus?
734 1206 870 1262 scito
918 1207 1206 1276 originem.
1261 1205 1372 1262 Hac
1417 1210 1814 1264 consuetudine
1870 1211 2036 1267 etiam

464 1299 742 1365 apostolos
793 1314 857 1352 ex
914 1298 1228 1352 hominibus
1255 1299 1385 1353 deos
1413 1299 1682 1355 faciebant
1711 1319 1724 1355 :
1768 1302 1838 1357 ita
1867 1305 2034 1360 etiam

467 1391 712 1444 diabolus
756 1391 808 1443 in
849 1391 1003 1444 initio
1033 1391 1368 1460 impietatem
1418 1393 1762 1449 introducere
1807 1406 2034 1453 conatus

467 1494 572 1543 est,
605 1498 728 1538 cum
760 1481 970 1536 diceret
1000 1499 1013 1536 :
1040 1482 1204 1536 Erilis
1236 1484 1326 1536 dii.
1359 1484 1427 1537 Et
1470 1484 1724 1552 quoniam
1775 1495 1905 1542 tunc
1926 1503 2036 1543 non

471 1573 678 1637 valuit,
723 1586 912 1645 postea
979 1588 1265 1646 aggressus
1333 1585 1415 1630 est
1491 1575 1692 1646 ubique
1751 1577 2080 1648 πολυθεϊαν,

469 1670 758 1723 connitens
784 1679 945 1739 atque
971 1669 1326 1724 contendens.

539 1783 700 1836 Vens.
741 1783 826 1837 l5.
880 1782 946 1838 At
1002 1785 1244 1839 sacerdos
1292 1782 1460 1850 lovis,
1489 1787 1642 1856 cujus
1693 1799 1816 1843 aute
1853 1792 2031 1846 urbem
2063 1806 2108 1863 Β

469 1873 680 1928 illorum
701 1885 812 1928 erat
835 1875 1127 1941 delubrum,
1161 1877 1398 1931 adductis
1423 1880 1610 1944 tauris,
1639 1879 1795 1950 115
1822 1891 1870 1936 et
1892 1899 2041 1938 coro-

470 1968 549 2021 nis
607 1967 787 2021 allatis
819 1969 887 2022 ad
923 1969 1264 2035 vestibulum,
1312 1987 1419 2024 una
1457 1987 1576 2025 cum
1613 1972 1778 2028 turbis
1837 1975 2043 2032 volebat

468 2059 787 2130 sacriﬁcare.

545 2153 706 2208 Vens.
751 2153 842 2208 Η.
892 2152 1090 2220 Quibus
1136 2157 1355 2225 auditis,
1387 2159 1613 2226 apostoli
1657 2158 1938 2217 Barnabas
1990 2171 2039 2216 et

468 2243 695 2312 Paulus,
715 2246 891 2300 scissis
916 2249 1230 2304 vestimentis
1251 2251 1382 2317 suis,
1409 2252 1707 2308 insilierunt
1725 2253 1782 2308 in
1803 2253 2034 2322 turbam,

468 2336 844 2392 exclamantes.

540 2426 704 2482 Vens.
738 2429 824 2483 15.
853 2429 927 2483 Ac
967 2431 1194 2486 dicentes
1239 2447 1258 2486 :
1307 2432 1457 2501 Viri,
1491 2451 1586 2490 cur
1613 2437 1715 2492 ista
1741 2437 1960 2508 facitis?
1989 2446 2040 2494 et

471 2535 562 2574 nos
590 2520 822 2574 homines
850 2537 1032 2575 sumus
1063 2521 1248 2576 iisdem
1295 2526 1482 2594 quibus
1508 2543 1596 2582 vos
1635 2527 1792 2580 malis
1828 2537 1876 2584 et
1910 2529 2037 2598 aﬂa-

469 2612 636 2665 ctibus
669 2613 900 2678 obnoxii,
933 2614 1024 2683 qui
1056 2613 1433 2673 denuntiamus
1467 2619 1642 2685 vobis,
1681 2629 1738 2674 ut
1763 2621 1830 2675 ab
1861 2623 2042 2676 istius-

469 2702 612 2757 modi
645 2703 797 2759 vanis
844 2705 1100 2759 institutis
1149 2709 1464 2764 convertatis
1509 2726 1598 2768 vos
1646 2710 1716 2764 ad
1751 2710 1920 2768 Deum
1955 2713 2040 2767 vi-

465 2811 610 2856 sum,
645 2795 736 2863 qui
769 2795 889 2866 fecit
923 2795 1108 2850 cretum
1155 2807 1204 2853 et
1235 2806 1453 2866 terram,
1485 2809 1534 2857 et
1566 2817 1734 2867 mare,
1775 2811 1825 2857 et
1856 2805 2037 2860 omnia

467 2901 583 2954 qua:
612 2895 734 2938 sunt
772 2888 827 2940 in
861 2887 949 2942 iis.

541 2975 701 3032 Vens.
744 2978 828 3032 ιϐ.
858 2979 961 3043 Qui
1003 2981 1284 3048 praeteritis
1313 2983 1556 3038 a'tatibus
1578 2985 1697 3039 sivit
1720 3001 1896 3042 omnes
1937 3003 2037 3042 na-

468 3070 632 3124 tiones
662 3071 866 3141 ingredi
889 3073 986 3126 viis
1013 3074 1144 3128 suis.

2142 562 2306 616 δαίων
2340 562 2438 632 τὴν
2470 563 2827 634 κακουργίαν.
2857 566 2920 618 0i
2969 567 3068 637 μὲν
3090 567 3162 632 ὡς
3189 569 3343 634 Θεοὺς
3373 572 3559 642 ἐτίμων
3578 618 3592 642 ,
3617 581 3658 632 οι

2142 651 2197 707 δὲ
2229 653 2304 716 ὡς
2346 653 2630 724 λυμεῶνας
2679 654 2920 709 ἐδίωκον.
2981 656 3267 712 Ἐκάλουν
3318 658 3384 713 δὲ
3432 661 3530 716 τὸν
3565 665 3661 732 μὲν

2140 745 2456 814 Βαρνάϐαν
2477 747 2602 811 Δία,
2631 748 2738 801 τὸν
2776 746 2845 800 δὲ
2856 747 3100 803 Παῦλον
3133 748 3364 821 Ἑρμῆν.
3406 750 3543 817 Εἶδες
3566 755 3664 822 πῶς

2143 837 2262 902 ἔθος
2287 837 2400 900 τοῖς
2435 837 2694 910 Ἕλλησιν
2756 840 2864 893 ἀπὸ
2924 840 3228 910 ἀνθρώπων
3279 843 3430 909 θεοὺς
3482 851 3660 915 ποιεῖνς

2144 930 2304 983 Ὥστε
2330 931 2460 985 ὅταν
2482 930 2704 1000 λέγωσι,
2738 931 2911 986 Πόθεν
2928 933 2959 1004 ἡ
2979 933 3422 1006 εἰδωλολατρίαοι
3458 938 3660 1008 μάνθανε

2139 1023 2238 1095 τὴν
2266 1025 2463 1097 ἀρχήν.
2496 1025 2652 1080 Οὕτω
2672 1029 2766 1080 καὶ
2803 1028 2930 1090 τοὺς
2956 1029 3285 1091 ἀποστόλους
3315 1029 3374 1096 ἐξ
3398 1031 3661 1102 ἀνθρώπων

2140 1115 2360 1169 ἐποίουν
2415 1116 2604 1180 Θεούς·
2660 1116 2804 1170 οὕτω
2863 1118 2959 1171 καὶ
2989 1119 3286 1182 esteem;
3329 1120 3660 1194 ἐφιλονείκησε

2142 1209 2294 1280 παρὰ
2322 1210 2424 1281 τὴν
2457 1210 2631 1282 ἀρχὴν
2676 1210 2776 1280 τὴν
2831 1211 3086 1266 ἀσέϐειαν
3116 1212 3441 1280 εἰσαγαγεῖν,
3469 1213 3619 1282 λέγων
3645 1233 3658 1249 ο

2147 1304 2405 1358 Ἔσεσθε
2447 1304 2591 1358 θεοί.
2622 1303 2731 1357 Καὶ
2765 1303 2950 1374 ἐπειδὴ
2977 1303 3098 1357 τότε
3125 1303 3224 1357 οὐκ
3261 1303 3485 1374 ἴσχυσεν,
3536 1305 3661 1359 ὓστε-

2145 1412 2237 1467 ρον
2267 1394 2554 1466 ὲπιχειρεί,
2610 1394 2884 1466 πανταχοῦ
2938 1395 3257 1465 φιλονεικῶν
3284 1395 3379 1468 τὴν
3409 1395 3658 1452 πολυθεῖαν

2145 1490 2478 1559 εἰσαγαγεῖν.

2140 1581 2246 1639 hoc
2301 1591 2408 1649 est,
2464 1581 2758 1637 tinniturum
2811 1581 3016 1638 cultum
3070 1581 3301 1640 deorum
3359 1582 3657 1642 introducam

2217 1794 2281 1849 ὀ
2310 1793 2378 1849 δὲ
2402 1795 2595 1864 ἱερεὺς
2622 1794 2728 1850 τοῦ
2759 1795 2915 1860 Διὸς,
2970 1793 3077 1849 τοῦ
3115 1793 3296 1859 ὄντος
3323 1792 3433 1862 πρὸ
3454 1793 3551 1862 τῆς
3573 1797 3655 1848 πό·

2137 1889 2289 1954 λεως
2338 1885 2557 1952 αὐτῶν,
2611 1887 2863 1955 ταύρους
2910 1885 3011 1940 καὶ
3062 1885 3374 1955 στέμματα
3415 1884 3505 1939 ἐπὶ
3543 1884 3654 1952 τοὺς

2139 1979 2426 2047 πυλῶνας
2469 1980 2740 2050 ἐνέγκας,
2790 1979 2913 2033 σὺν
2977 1977 3103 2045 τοῖς
3168 1978 3375 2046 ὄχλοις
3417 1978 3652 2047 fidelem“

2139 2073 2326 2130 θύειν.
2361 2058 2363 2060 ’

2221 2164 2610 2230 Ἀκούσαντες
2630 2161 2698 2216 δὲ
2746 2165 2803 2218 οι
2862 2163 3197 2218 ἀπόστολοι
3243 2163 3530 2230 Βαρνάϐας
3572 2164 3646 2216 καὶ

2138 2255 2378 2323 Παῦλος
2401 2295 2416 2324 ,
2439 2255 2865 2326 διαρρήξαντες
2892 2257 2963 2310 τὰ
2992 2256 3191 2326 ἱμάτια
3217 2255 3429 2322 αὐτῶν,
3460 2255 3650 2320 sideni-

2137 2347 2340 2418 δησαν
2361 2349 2443 2414 εις
2473 2348 2582 2402 τὸν
2604 2348 2813 2418 ὄχλον,
2837 2346 3151 2418 κράζοντες

2207 2439 2320 2492 Καὶ
2351 2437 2655 2509 λέγοντες·
2691 2439 2960 2508 Ἄνδρες,
2990 2441 3048 2494 τί
3079 2440 3271 2495 ταῦτα
3304 2440 3544 2508 aciein;
3570 2442 3650 2495 Καὶ

2139 2529 2310 2600 ἡμεῖς
2343 2530 2722 2600 ὁμοιοπαθεῖς
2754 2531 2944 2603 ἐσμεν
2986 2531 3129 2602 ὑμῖν
3157 2531 3469 2602 ἅνθρωποι,
3505 2533 3648 2598 Εὐαγ-

2137 2621 2524 2693 τελιζόμενοι,
2555 2623 2714 2694 ὑμᾶς
2740 2624 2860 2680 ἀπὸ
2890 2625 3117 2680 τούτων
3143 2625 3271 2680 τῶν
3290 2627 3535 2697 ματαίων
3563 2625 3650 2678 ἐπι-

2137 2714 2422 2785 στρέφειν
2449 2715 2548 2771 ἐπι
2597 2721 2704 2771 τὸν
2757 2718 2906 2774 Θεὸν
2931 2719 3038 2773 τὸν
3086 2717 3299 2785 ζῶντα,
3351 2718 3414 2786 ὃς
3454 2718 3651 2785 ἐποίησε

2137 2807 2247 2862 τὸν
2276 2809 2556 2878 οὐρανὸν,
2576 2809 2677 2864 καὶ
2695 2810 2810 2879 τὴν
2832 2809 2966 2881 γῆν,
2989 2810 3088 2866 καὶ
3110 2809 3232 2880 τὴν
3254 2810 3562 2874 θάλασσαν,
3579 2809 3651 2861 ml

2139 2898 2337 2954 πάντα
2365 2903 2437 2956 τὰ
2459 2901 2531 2954 ἐν
2548 2902 2772 2970 αὐτοῖς.

2213 2994 2314 3060 Ὃς
2339 2993 2410 3047 ἐν
2439 2992 2568 3060 ταῖς
2583 2994 3040 3064 παρῳχημέναις
3057 2995 3300 3064 γενεαῖς
3319 2995 3477 3050 εἴασε
3497 2992 3652 3048 πάντα

2137 3085 2209 3140 τὰ
2233 3086 2380 3155 ἔθνη
2410 3088 2770 3156 πορεύεσθαι
2795 3087 2925 3153 ταῖς
2965 3087 3128 3154 ὁδοῖς
3156 3087 3208 3120 ¹¹
3239 3087 3447 3144 αὐτῶν.

540 3158 700 3213 Vens.
743 3160 828 3215 17.
859 3159 1172 3233 Quanquam
1208 3181 1312 3218 non
1361 3181 1490 3220 sane
1524 3167 1806 3222 testimonii
1848 3179 2035 3224 semet-

2207 3144 2413 3233 Καίτοι
2538 3179 2650 3234 οὐκ
2679 3144 3017 3249 ἀμάρτυρον
3045 3144 3269 3234 ἑαυτὸν
3295 3179 3513 3249 ἀφῆκεν
3539 3179 3652 3248 dra-

461 3251 636 3319 ipsum
666 3262 925 3320 expertem
971 3271 1077 3309 esse
1117 3271 1302 3324 passus
1347 3267 1443 3323 est,
1486 3258 1808 3331 benefaciens
1837 3262 2036 3318 caelitus

468 3340 615 3394 nobis
659 3342 864 3412 pluvias
901 3345 1057 3412 dans,
1105 3359 1154 3402 et
1211 3358 1446 3419 tempora
1480 3351 1754 3423 fructifera
1779 3393 1794 3420 ,
1834 3355 2037 3426 replens

465 3432 580 3486 cibo
603 3444 651 3488 et
680 3434 867 3490 lcetitia
897 3438 1055 3492 corda
1090 3449 1294 3496 nostra.

541 3524 704 3582 Vens.
742 3528 828 3583 18.
879 3531 1048 3600 Atque
1104 3534 1215 3586 nam
1261 3533 1513 3600 dicentes,
1560 3537 1646 3590 vix
1697 3537 2036 3594 cohibuerunt

469 3625 671 3685 turbas,
702 3635 764 3673 ne
787 3619 886 3673 sibi
909 3621 1298 3692 sacriﬁcarent.

536 3709 780 3765 Discissis
807 3712 1118 3768 vestimentis
1151 3717 1283 3770 suis.
1304 3715 1439 3773 Vide
1476 3719 1597 3774 illos
1632 3719 1832 3790 ubique
1861 3737 1890 3775 a
1916 3721 2036 3792 glo-

468 3802 545 3855 ria
573 3819 739 3874 puros
785 3814 842 3860 et
895 3807 1156 3878 integros,
1197 3823 1311 3864 non
1357 3811 1524 3868 modo
1580 3828 1689 3868 non
1725 3813 2032 3884 cupientes,

465 3909 660 3947 verum
697 3893 858 3948 etiam
905 3895 1085 3948 datam
1142 3907 1464 3968 respuentes
1510 3918 1524 3956 :
1579 3903 2040 3971 quemadmodum

466 3985 628 4039 etiam
677 3985 872 4039 Petrus
926 3985 1186 4042 dicebat:
1231 3987 1366 4053 Quid
1411 4007 1504 4046 nos
1534 3992 1835 4059 intuemini,
1885 3995 2038 4066 quasi

464 4076 680 4144 propria
731 4075 991 4146 facultate
1040 4078 1296 4148 pietateve
1333 4082 1648 4151 effecerimus
1675 4093 1730 4138 ut
1775 4087 1868 4141 iste
1901 4088 2039 4142 ince-

464 4166 608 4221 dat?
657 4166 724 4220 Et
759 4165 813 4220 hi
845 4167 987 4221 idem
1033 4169 1250 4237 dicunt,
1289 4173 1382 4226 sed
1419 4174 1658 4231 adhibita
1692 4177 2036 4235 vehementia

464 4255 517 4309 id
575 4255 823 4312 faciunt:
865 4257 1199 4314 Disciderunt
1233 4263 1561 4330 vestimenta,
1616 4277 1662 4322 et
1711 4267 2031 4324 insilierunt.

461 4374 533 4388 -—
551 4347 619 4400 Et
638 4364 728 4402 nos
743 4349 976 4414 homines
1005 4368 1207 4416 sumus,
1228 4354 1421 4409 iisdem
1443 4355 1630 4425 quibus
1655 4375 1744 4413 vos
1772 4360 1951 4425 malis,
1985 4369 2034 4415 et

2139 3267 2418 3337 θοποιῶν,
2463 3270 2792 3338 οὐρανόθεν
2847 3271 2996 3342 ἡμῖν
3025 3273 3068 3304 ¹⁹
3094 3273 3316 3339 ὑετοὺς
3355 3270 3555 3338 διδοὺς,
3576 3269 3651 3324 καὶ

2139 3361 2386 3430 καιροὺς
2408 3364 2848 3433 καρποφόρους,
2879 3364 3204 3435 ἐμπιπλῶν
3229 3367 3447 3437 τροφῆς
3470 3366 3555 3419 και
3575 3365 3649 3418 εὑ-

2137 3456 2450 3524 ρροσύνης
2470 3456 2576 3522 τὰς
2604 3457 2852 3525 καρδίας
2883 3457 3070 3528 ἡμῶν.

2209 3547 2322 3601 Kal
2349 3547 2538 3604 ταῦτα
2593 3548 2895 3619 λέγοντες,
2920 3553 3100 3621 μόλις
3130 3555 3512 3611 κατέπαυσαν
3541 3549 3650 3616 τοὺς

2140 3639 2359 3707 ὄχλους
2380 3638 2486 3694 τοῦ
2506 3640 2592 3709 μὴ
2613 3641 2779 3695 θύειν
2805 3643 3032 3711 αὐτοῖς.

2208 3731 2643 3802 Διαρῤήξαντες
2671 3733 2744 3787 τὰ
2794 3735 2992 3804 lucina
3029 3737 3254 3793 αὐτῶν.
3323 3738 3456 3808 Ὅρα
3496 3734 3652 3796 αὐτοὺς

2139 3823 2413 3896 πανταχοῦ
2463 3823 2622 3895 δόξης
2651 3825 2944 3898 καθαροὺς,
2975 3829 3037 3881 οὐ
3066 3829 3233 3898 μόνον
3258 3831 3334 3900 μὴ
3361 3829 3648 3900 ἐφιεμένους,

2139 3913 2274 3968 ἀλλὰ
2295 3916 2388 3969 καὶ
2410 3915 2699 3986 δεδομένην
2729 3917 3230 3990 ἀποκρουσμένουςο
3271 3921 3451 3991 ὥσπερ
3473 3921 3551 3974 καὶ
3574 3919 3652 3972 [ιέ-

2136 4022 2263 4076 τρος
2289 4005 2441 4075 ἔλεγε
2461 4022 2475 4038 ·
2523 4007 2583 4063 Ti
2602 4008 2746 4078 ἡμῖν
2776 4010 3085 4078 ἀτενίζετε,
3112 4013 3196 4079 ὡς
3224 4014 3346 4082 ἰδίᾳ
3384 4009 3648 4082 δυνάμειῆ

2136 4098 2413 4166 εὐσεϐείᾳ
2431 4103 2799 4168 πεποιηκόσι
2821 4103 2928 4158 τοῦ
2949 4106 3301 4173 περιπατεῖν
3323 4106 3525 4171 abrdv;
3567 4103 3651 4156 Kal

2136 4186 2283 4246 οὗτοι
2321 4191 2383 4246 τὸ
2431 4192 2564 4246 αὐτό
2619 4209 2787 4262 φασι·
2847 4199 2986 4264 μετὰ
3035 4199 3395 4270 σφοδρότητος
3441 4199 3491 4253 δὲ
3527 4195 3653 4252 τοῦτο

2138 4279 2372 4336 ποιοῦσι*
2405 4285 2735 4354 Διέρῤηξαν
2770 4286 2841 4342 τὰ
2870 4289 3068 4356 lucina
3109 4293 3209 4346 καὶ
3258 4292 3649 4360 εἰσεπήδησαν.

2136 4403 2190 4416 -ν
2225 4372 2334 4427 Καὶ
2375 4373 2551 4444 ’ἡμεῖς
2607 4379 2981 4447 ὁμοιοπαθεῖς
2999 4381 3186 4452 ἐσμεν
3217 4384 3359 4453 ὑμῖν
3383 4384 3650 4452 ἄνθρωποι.

459 4439 823 4508 αθεσιὶοηὶὁιιε
864 4443 1093 4498 obnoxii.
1140 4444 1401 4503 Homines
1430 4449 1646 4519 quidem
1695 4465 1906 4519 sumus,
1945 4452 2032 4508 in-

2141 4439 2454 4534 Ἂνθρωποι
2499 4439 2601 4534 pitu
2638 4439 2812 4538 ἔσμεν
2833 4509 2850 4536 ,
2903 4439 3310 4542 φῇοὶίτούτῶν
3339 4473 3395 4527 δὲ
3427 4439 3613 4544 μείζους
3638 4485 3650 4501 ·

460 4531 599 4599 quit,
629 4531 722 4585 sed
759 4531 842 4587 his
871 4534 1107 4604 majores
1138 4554 1151 4589 :
1181 4551 1309 4592 nam
1358 4538 1475 4594 hare
1516 4539 1852 4616 [simulacra]
1879 4560 2029 4600 mor-

465 4632 554 4679 tua
591 4632 738 4678 sunt.
770 4622 1040 4680 Vidistine
1068 4637 1128 4681 ut
1163 4644 1281 4684 mos
1299 4628 1504 4687 Graecis
1553 4632 1719 4690 fuerit
1753 4651 1819 4692 ex
1853 4637 2030 4692 homi-

460 4715 626 4774 nibus
660 4715 842 4770 facere
875 4716 1047 4772 deos?
1078 4719 1291 4775 Etenim
1316 4723 1518 4794 reperis
1547 4725 1602 4780 in
1635 4724 1790 4783 libris
1817 4743 2028 4798 eorum,

458 4803 558 4874 qui
604 4805 952 4874 antiquorum
979 4822 1066 4862 res
1095 4817 1273 4879 gestas
1307 4813 1645 4883 scripserunt
1675 4813 1890 4884 Jovem.
1935 4819 2028 4890 qui

461 4895 626 4949 homo
668 4903 808 4961 erat,
857 4913 978 4952 sese
1025 4899 1185 4954 deum
1241 4901 1458 4965 fecisse,
1495 4906 1726 4962 dicendo
1773 4923 1831 4964 se
1863 4909 2028 4968 deum

459 5001 602 5042 esse.
662 4986 816 5042 Sicut
863 4990 1018 5045 multi
1064 4991 1227 5047 etiam
1276 4992 1506 5051 Romani
1542 4997 1938 5070 imperatores,
1971 5009 2028 5058 et

461 5095 616 5150 reges
669 5080 1023 5140 Macedonum
1071 5085 1143 5139 dii
1200 5083 1322 5160 [seu
1379 5087 1514 5162 divi]
1573 5093 1828 5163 appellati
1876 5105 2026 5151 sunt.

462 5169 826 5235 Quamobrem
866 5190 977 5229 non
1024 5187 1244 5246 oportet
1286 5179 1446 5236 ﬁdem
1481 5181 1742 5255 abrogare
1777 5186 1866 5253 iis,
1905 5202 2028 5257 qua:

459 5261 764 5332 antiquitus
817 5263 886 5321 de
942 5265 1043 5323 hac
1069 5282 1128 5322 re
1161 5271 1441 5328 memoriae
1483 5275 1698 5344 prodita
1720 5285 1872 5340 sunt,
1901 5278 2028 5348 quia

461 5356 675 5428 decepti
702 5361 954 5417 nonnulli
1004 5363 1260 5432 fuerunt,
1313 5376 1369 5422 et
1411 5368 1670 5438 quosdam
1727 5368 2027 5444 [homines]

460 5448 593 5505 deos
613 5453 1029 5523 appellaverunt
1053 5473 1066 5511 :
1112 5458 1550 5530 quandoquidem
1571 5460 1733 5516 etiam
1765 5460 1854 5516 isti
1881 5471 2029 5519 certe

2137 4554 2309 4608 ταῦτα
2340 4555 2448 4626 γὰρ
2471 4559 2661 4628 νεκρά.
2696 4559 2848 4623 Εἶδες
2872 4561 2989 4624 πῶς
3019 4562 3140 4627 ἔθος
3172 4567 3285 4629 τοῖς
3309 4565 3548 4637 Ἕλλησιν
3568 4560 3650 4616 ἀπὸ

2135 4645 2438 4717 ἀνθρώπιον
2467 4646 2620 4714 θεοὺς
2659 4654 2868 4719 ποιεῖνς
2901 4655 3012 4709 Καὶ
3030 4656 3136 4727 γὰρ
3165 4658 3225 4710 ἐν
3251 4660 3363 4720 τοῖς
3383 4654 3648 4727 ἀναγραψαο

2137 4737 2320 4808 μένοις
2371 4741 2470 4804 τὰς
2525 4742 2764 4808 παλαιὰς
2796 4747 3035 4818 ἱστορίας
3057 4750 3352 4821 εὑρίσκεις,
3379 4752 3456 4807 ὅτι
3479 4753 3506 4805 ό
3539 4751 3647 4810 Ζεὺς

2135 4829 2421 4900 ἄνθρωπος
2453 4831 2550 4895 ὢν.
2580 4835 2774 4890 ἑαυτὸν
2801 4837 3123 4914 ὲθεοποίησε
3155 4842 3329 4912 λέγων
3357 4841 3490 4897 εἶναι
3523 4841 3648 4902 θεόξο

2134 4919 2210 4985 ὡς
2238 4921 2330 4976 καὶ
2383 4919 2565 4977 πολλοὶ
2609 4924 2717 4982 τῶν
2750 4927 3036 4999 Ῥωμαίων
3063 4930 3302 5001 βασιλεῖς
3337 4935 3423 4988 καὶ
3446 4928 3650 4988 Μακεδό-

2134 5027 2242 5064 νων
2296 5013 2664 5082 ὲχρημάτιζον
2731 5015 2861 5073 θεοί.
2921 5022 3014 5076 Διὸ
3042 5024 3104 5076 οὐ
3141 5023 3247 5096 χρὴ
3304 5027 3538 5081 ἀπιστεῖν
3560 5023 3649 5083 τοῖς

2135 5103 2302 5157 πάλαι
2320 5105 2562 5176 λεχθεῖσι
2607 5110 2738 5180 περὶ
2771 5111 2964 5168 τούτου
3004 5115 3087 5168 ὅτι
3139 5117 3488 5189 ἡπατήθησάν
3513 5129 3645 5177 τινες,

2136 5194 2232 5247 καὶ
2259 5192 2549 5264 ὠνόμασαν
2578 5213 2730 5262 τινας
2762 5199 2937 5263 θεούς·
2964 5201 3097 5258 ὅπου
3115 5221 3177 5272 γε
3203 5205 3297 5259 καὶ
3322 5198 3648 5273 οὗτοιήπατή·

2137 5283 2308 5355 θησαν
2348 5287 2430 5352 είς
2482 5286 2574 5341 τὸν
2609 5289 2896 5360 Βαρνάϐαν
2922 5294 3016 5349 καὶ
3052 5294 3283 5351 Παῦλον.
3331 5295 3436 5349 Καὶ
3462 5294 3646 5364 Σίμωνα

2134 5374 2225 5430 τὸν
2280 5377 2452 5447 μάγον
2485 5381 2535 5432 οἱ
2560 5381 2617 5432 ὲν
2650 5385 2715 5453 τῇ
2748 5385 3029 5458 Σαμαρείᾳ
3073 5387 3260 5456 ἔλεγον
3285 5384 3420 5442 εἶναι
3449 5387 3538 5458 τὴν
3570 5380 3644 5436 τοῦ

2134 5465 2270 5520 Θεοῦ
2293 5467 2520 5541 δύναμιν
2547 5471 2646 5542 τὴν
2681 5474 2947 5546 μεγάλην.
2994 5477 3209 5550 Ἐπειδὴ
3242 5480 3296 5534 δὲ
3319 5480 3416 5534 οὐκ
3435 5478 3642 5547 ὠνόμασε

1659 5627 1859 5688 νοτία)
1903 5629 2211 5695 lectiones
2251 5643 2310 5696 et
2357 5644 2546 5701 noun.

533 5729 607 5818 "_
631 5733 718 5818 to;
745 5736 1056 5818 ’ἀφέλκει-αν,
1087 5742 1140 5796 id
1164 5752 1262 5808 est,
1285 5745 1716 5818 simplicitatem.
1747 5751 1897 5809 Εωτ.
1938 5752 2146 5813 Patrol.

459 5799 504 5835 “
524 5803 636 5869 τοῖς
658 5804 794 5872 ὁδοῖς
819 5799 931 5863 crat
955 5814 1008 5865 in
1041 5799 1921 5892 inanuscriptotetituwrcpetiturin
1938 5799 2107 5882 ’σέλιοῆ

2258 5761 2280 5841 ξ
2319 5760 2414 5841 ζσζ
2429 5763 2862 5841 εἰδῳλολατρεία,
2972 5771 3015 5802 ³⁸
3048 5769 3109 5823 In
3135 5770 3341 5841 vulgato
3373 5781 3460 5828 est.
3490 5768 3636 5840 ἤθελεο

2111 5846 2160 5884 0.
2241 5831 2282 5863 "
2315 5828 2464 5902 ὑμῖν,
2505 5834 2560 5888 in
2600 5828 2970 5908 manuscripto,
3005 5849 3052 5895 et
3082 5828 3386 5918 pauldpost,
3419 5828 3562 5918 ὑμῶν.
