3856 6554
112 431 208 496 70)

818 417 1226 482 EXPOSITIO
1256 416 1340 479 1N
1367 415 1558 476 ACTA
1583 410 2156 474 APOSTOLORUM.
2194 433 2263 444 -
2306 408 2466 469 CAP.
2507 407 2665 470 XIV.

3245 406 3352 472 710

117 542 313 601 Παῦλος
342 535 440 591 καὶ
480 531 657 600 εἶπεν,
695 535 784 588 Ἐν
827 536 906 607 τῷ
955 528 1183 604 ὅνῦματι
1237 529 1416 600 Ἰησοῦ
1463 529 1675 601 ἔγειραι

1797 522 1987 594 Iccepti
2010 522 2225 577 fuerunt
2260 521 2312 576 in
2352 520 2594 575 Barnaba
2623 528 2677 574 et
2698 517 2882 574 Paulo.
2911 514 3192 574 Simonem
3219 518 3349 576 item

118 634 204 689 καὶ
231 631 386 701 στῆθι
433 629 634 702 ὀρθῶς,
687 628 774 683 διὰ
811 628 969 680 τοῦτο
1020 625 1290 678 ὑπέλαϐον
1345 622 1509 676 αὐτὸν
1553 621 1675 675 Θεὸν

119 723 263 788 εἶναι,
280 724 372 777 καὶ
389 722 450 776 οῦ
469 721 712 774 διάκονον
732 719 890 772 Θεοῦ.
913 750 971 758 -
990 715 1389 790 [ΚΥΡΙΛΛΟΥ.
1403 714 1418 787 ]
1433 712 1678 782 Διαρῤή-

119 818 318 881 ξαντες
365 813 436 867 τὰ
485 811 684 880 ἱμάτια
730 809 946 864 αὐτῶν.
989 810 1149 872 Ἐθος
1181 803 1250 878 ἦν
1284 806 1562 868 Ἰουδαίοις
1583 805 1677 856 ἐπὶ

118 913 227 971 ταῖς
252 910 390 965 κατὰ
449 910 586 965 Θεοῦ
626 911 964 980 δυσφημίαις
996 905 1432 978 περιρρηγνύναι
1459 903 1527 956 τὰ
1550 902 1678 973 ἱμάο

119 1019 220 1054 sta.
247 1001 355 1056 Καὶ
378 1001 511 1069 γοῦν
540 1005 566 1055 ὁ
598 1002 874 1070 Καϊάφας,
908 1000 1034 1052 Υἱὸν
1071 998 1263 1051 ἑαυτὸν
1299 997 1392 1050 τοῦ
1421 995 1557 1049 Θεοῦ
1586 995 1678 1048 λέ-

121 1109 294 1159 γοντος
321 1093 412 1144 τοῦ
448 1093 708 1160 Χριστοῦ,
736 1089 1065 1162 περιέρρηξε
1101 1091 1199 1156 τὴν
1245 1089 1450 1158 ἐσθῆτα
1479 1086 1674 1156 λέγων,

123 1183 195 1234 ὅτι
225 1180 696 1251 Ἐϐλασφήμησεν.
732 1181 950 1250 Ἐπειδὴ
978 1179 1070 1233 οὖν
1097 1179 1156 1234 τὸ
1175 1178 1448 1250 δρώμενον
1477 1179 1680 1249 δυσφη-

127 1276 213 1341 μία
238 1291 317 1336 τις
337 1269 428 1342 ἦν,
463 1272 728 1340 ἐποίησαν
755 1273 914 1327 τοῦτο
935 1274 1030 1326 καὶ
1062 1276 1111 1326 ol
1158 1273 1468 1334 ἀπόστολοι,
1500 1288 1680 1343 παρα-

125 1367 320 1417 δὸτεσιν
359 1365 678 1427 ’ἰουδαῖκαῖς
708 1365 787 1419 ἔτι
830 1364 1274 1428 ἀκολουθοῦντες.
1319 1363 1678 1434 Διασέόληται

127 1458 174 1510 δὲ
211 1458 268 1509 τδ
312 1456 454 1521 ἔθος,
478 1457 553 1520 ὡς
581 1458 680 1510 οὐκ
705 1457 764 1510 ὂν
793 1459 858 1512 ὲκ
892 1457 1079 1528 νόμου.
1114 1456 1225 1511 Καὶ
1246 1455 1379 1525 γοῦν
1404 1455 1510 1528 ἔφη
1541 1457 1680 1526 πρὸς

139 1544 409 1608 Ἰουδαίους
431 1547 460 1597 ὁ
488 1545 619 1608 Θεὸς
662 1547 1072 1618 πραττομένους
1112 1546 1289 1600 τοιάδε
1310 1562 1324 1576 ο
1371 1543 1678 1614 Ἔπιστρέο

129 1638 340 1704 grai-rec
379 1636 529 1705 πρὸς
551 1636 625 1707 μὲ
646 1637 716 1702 ἐξ
757 1637 906 1705 ὅλης
952 1637 1062 1706 τῆς
1108 1637 1357 1707 καρδίας
1405 1637 1574 1708 ὑμῶν
1611 1637 1680 1691 ἐν

131 1729 360 1794 νηστεία
387 1728 487 1782 καὶ
507 1729 888 1800 ἐνκλαυθμῶ,
915 1729 1009 1785 καὶ
1034 1730 1389 1800 ὃιαρῤήξατε
1413 1730 1516 1796 τὰς
1541 1746 1679 1798 καρ-

133 1821 248 1886 δίας
297 1819 482 1890 ὑμῶν,
547 1822 642 1876 καὶ
666 1821 752 1892 μὴ
786 1821 858 1876 τὰ
903 1821 1101 1892 ἱμάτια
1152 1821 1340 1892 ὑμῶν.
1369 1853 1437 1862 -
1469 1824 1573 1888 Ὃς
1611 1822 1681 1875 ἐν

1777 617 2016 686 Magum,
2041 614 2132 684 qui
2156 613 2450 669 Samariam
2471 613 2802 676 incolebant,
2821 610 3078 667 dicebant
3105 626 3224 668 esse
3256 627 3354 683 po-

1776 708 2000 762 tentiam
2025 706 2112 760 Dei
2130 721 2408 777 magnam.
2437 705 2602 760 Porro
2625 704 2883 774 quoniam
2899 703 3099 758 Paulus
3121 719 3230 758 non
3255 719 3327 758 no

1775 799 2083 854 minaverat
2116 797 2330 863 Jesum,
2365 813 2544 867 neque
2574 797 2783 850 dixerat
2816 812 2829 849 :
2857 793 2914 848 In
2944 793 3167 849 nomine
3221 793 3352 849 Jesu

1777 908 1960 963 surge,
1993 901 2050 947 et
2102 901 2182 946 sta
2224 900 2404 945 rectus
2441 907 2455 943 :
2505 889 2707 944 idcirco
2769 879 3186 958 suspicaban’tur
3227 902 3353 942 eum

1777 1002 1896 1042 esse
1948 986 2132 1050 deum,
2179 995 2233 1040 et
2276 999 2387 1038 non
2441 984 2750 1039 ministrum
2790 983 2998 1038 Dei.-
3034 981 3226 1036 Scissis
3267 997 3352 1035 ve-

1776 1080 2038 1134 stimentis
2063 1080 2191 1132 suis.
2213 1077 2327 1132 Mos
2353 1089 2470 1132 erat
2493 1076 2719 1141 Judaeis,
2760 1077 2802 1130 si
2822 1076 3037 1145 quando
3057 1076 3184 1146 quid
3217 1075 3354 1129 sini-

1778 1174 1876 1228 stri
1908 1181 1962 1226 et
2000 1169 2220 1226 absurdi
2260 1170 2326 1225 de
2360 1170 2469 1224 Deo
2502 1168 2794 1228 diceretur,
2835 1167 3144 1222 discindere
3187 1167 3354 1222 vesti-

1779 1262 2193 1331 menta.ltaqne
2219 1260 2506 1333 Caiaphas,
2544 1259 2736 1313 Filium
2773 1257 2865 1313 Dei
2893 1274 2952 1313 se
2988 1274 3109 1313 esse
3140 1259 3356 1313 dicente

1781 1353 2020 1419 Christo,
2049 1353 2314 1407 conscidit
2345 1352 2447 1407 sibi
2475 1361 2703 1416 vestem,
2737 1351 2923 1405 dicens
2951 1367 2965 1405 :
3005 1351 3357 1420 Blasphema-

1780 1447 1878 1506 vit.
1928 1447 2032 1501 hoc
2062 1455 2142 1500 est
2171 1446 2406 1501 divinam
2434 1444 2771 1511 maiestatem
2811 1443 2978 1498 verbo
3011 1443 3166 1498 laesit.
3205 1443 3354 1508 Quo-

1782 1537 1928 1590 niam
1959 1537 2122 1606 igitur
2161 1535 2240 1599 id,
2264 1535 2423 1605 116
2451 1522 2910 1604 quud‘agebatur,
2948 1531 3149 1586 malum
3181 1532 3356 1601 quod-

1781 1629 1904 1684 dam
1946 1643 2106 1684 omen
2137 1637 2272 1691 erat,
2293 1627 2540 1681 fecerunt
2587 1627 2691 1680 hoc
2721 1625 2882 1679 etiam
2909 1624 3159 1694 apostoli,
3193 1623 3359 1678 tradi-

1783 1723 1958 1778 tiones
1981 1720 2301 1776 (tinstituta
2324 1718 2545 1774 Judaica
2581 1719 2742 1774 etiam
2776 1733 2922 1772 nunc
2959 1726 3250 1786 sequentes
3278 1726 3360 1770 at-

1781 1828 1888 1884 que
1900 1822 2201 1866 servantes.
2223 1811 2571 1881 Reprehensa
2589 1820 2672 1866 est
2700 1819 2878 1866 autem
2902 1826 2964 1864 ea
2993 1809 3355 1874 consuetudO,
3379 1829 3384 1832 ·

133 1913 244 1978 ταῖς
276 1913 731 1982 παρῳχημέναις
759 1915 990 1985 γενεαῖς
1022 1915 1193 1968 εἴασε
1221 1913 1418 1968 πάντα
1447 1913 1516 1968 τὰ
1533 1913 1678 1982 ἔθνη

1797 1915 1842 1959 ιι
1869 1920 1989 1974 qua:
2029 1919 2139 1959 non
2161 1913 2308 1964 esset
2337 1903 2454 1974 lege
2482 1903 2714 1958 Mosaica
2735 1904 2961 1958 sancita.
2996 1901 3181 1971 Itaque
3212 1900 3357 1954 Deus

135 2002 468 2070 πορεύεσθαι
515 2003 639 2069 τοῖς
682 2003 902 2070 όδοῒς¹³
949 2004 1166 2059 αὐτῶν.
1198 2035 1268 2044 -—
1312 2001 1496 2059 Εἶιισε
1558 2003 1678 2073 μὲν,

136 2090 240 2146 εἶπε
259 2111 272 2124 ·
298 2094 441 2148 διατὶ
465 2095 541 2160 δὲ,
573 2095 754 2150 οὐκέτι
785 2095 918 2167 φησί
938 2112 953 2128 ο
995 2097 1133 2160 τέως
1165 2097 1274 2167 γὰρ
1303 2096 1438 2169 πρὸς
1464 2097 1524 2150 τὸ
1550 2113 1680 2149 κατ-

137 2187 335 2251 επεῖγον
364 2185 604 2250 ἵσταται,
640 2186 732 2238 καὶ
763 2185 1002 2256 οὐδαμοῦ
1035 2185 1096 2239 τὸ
1119 2186 1287 2257 ὄνομα
1315 2187 1409 2240 τοῦ
1441 2186 1679 2256 Χριστοῦ

135 2274 306 2336 τιθείς.
324 2273 433 2328 Kal
455 2274 562 2344 γὰρ
580 2274 623 2306 ⁸⁸
644 2278 756 2330 οὐκ
782 2275 1128 2346 ἀμάρτυρον
1146 2277 1367 2332 ἑαυτόν
1392 2275 1625 2346 ἀφῆκεν
1650 2277 1679 2330 6

137 2365 254 2430 Θεὸς
279 2368 334 2419 ὲν
362 2367 567 2441 ἑκάστῃ
627 2369 796 2440 γενεᾷ
819 2371 888 2422 τὰ
917 2369 1256 2440 ποδηγοῦντα
1299 2370 1426 2432 τοὺς
1469 2369 1683 2440 ἀνθρώ-

141 2476 261 2522 πους
301 2461 376 2523 εἰς
401 2460 750 2532 δικαιοσύνην
777 2463 1064 2517 ἐπιτελῶν.
1099 2463 1172 2515 Τὸ
1199 2461 1307 2534 γὰρ
1335 2460 1684 2526 αὐτεξούσιον

137 2551 192 2603 οὐ
229 2549 560 2622 βιαζόμενος,
590 2551 740 2608 alacre
760 2554 968 2616 πάντας
996 2553 1318 2625 ἀνθρώπους
1349 2555 1682 2624 πορεύεσθαι

142 2637 268 2690 κατὰ
287 2637 346 2690 τό
379 2655 532 2706 σφισι
562 2639 786 2693 δοκοῦν⁶
835 2642 996 2706 αὐτὸς
1045 2642 1101 2695 δὲ
1155 2644 1338 2695 ἐκεῖνα
1392 2643 1683 2707 διαπαντὸς

142 2729 360 2800 ἐνήργει,
409 2733 476 2785 τὰ
495 2731 563 2784 δι’
585 2725 661 2786 ὧν
693 2733 817 2802 ἐνῆν
857 2731 1112 2802 λογικοὺς
1156 2733 1316 2798 ὄντας
1342 2734 1563 2800 αὐτοὺς,
1585 2736 1679 2788 τὸν

143 2822 456 2892 Δημιουργδν
485 2824 708 2877 ἐννοεῖν.
764 2825 1062 2897 Μάρτυρες
1095 2825 1152 2880 δὲ
1177 2825 1342 2880 αὐτοῦ
1363 2825 1533 2896 λέγει,
1556 2827 1686 2893 τοὺς

146 2910 477 2975 ἐνιαυσιαίους
495 2912 702 2977 ὑετούς.

1782 1999 1849 2054 ad
1877 1998 2094 2054 Judaeos
2126 1997 2249 2053 talia
2276 1997 2538 2053 facientes
2561 2014 2572 2051 :
2599 1995 2891 2053 Convertite
2912 2012 3020 2058 vos,
3056 1994 3355 2064 inquiebat,

1783 2092 1854 2145 ad
1890 2108 1969 2145 me
1992 2107 2057 2146 ex
2076 2099 2183 2144 toto
2211 2090 2364 2144 corde
2385 2100 2552 2144 vestro
2589 2092 2644 2144 in
2665 2089 2874 2160 jeiunio
2897 2099 2945 2143 et
2978 2089 3128 2157 ﬂetu,
3165 2103 3228 2140 ac
3252 2088 3360 2140 dis-

1783 2185 1974 2239 cindite
2004 2183 2163 2236 corda
2193 2192 2388 2247 vestra,
2416 2191 2466 2236 et
2497 2199 2602 2237 non
2632 2183 2940 2237 vestimenta
3000 2191 3168 2234 vestra
3195 2179 3259 2231 ".
3288 2208 3358 2220 —-

1785 2275 1888 2342 Qui
1911 2274 2439 2347 pra'teritisaztatibus
2454 2275 2571 2328 sivit
2589 2289 2766 2328 omnes
2790 2274 3028 2327 nationes
3048 2269 3251 2341 ingredi
3265 2271 3356 2322 viis

1786 2369 1916 2421 suis.
1945 2395 2012 2408 -—
2033 2366 2165 2420 Sivit
2185 2365 2404 2436 quidem
2429 2366 2594 2421 dixit:
2620 2366 2714 2420 sed
2745 2380 2861 2431 cur,
2888 2379 2996 2418 non
3015 2365 3196 2426 etiam,
3218 2361 3358 2432 adji-

1787 2458 1900 2514 cit?
1943 2474 2069 2513 nam
2103 2470 2230 2513 tunc
2267 2458 2320 2512 in
2351 2459 2427 2522 id,
2458 2458 2600 2528 quod
2633 2457 2861 2528 urgebat
2908 2471 2972 2511 ac
3005 2455 3220 2513 diﬂ‘crri,
3256 2469 3357 2507 no-

1786 2551 1954 2617 lebat,
1992 2550 2362 2614 incumbebat,
2409 2566 2679 2620 nusquam
2707 2551 2871 2604 etiam
2903 2563 3102 2602 nomen
3153 2546 3356 2600 Christi

1788 2659 2024 2715 ponens.
2054 2643 2376 2714 Quanquam
2414 2659 2517 2696 non
2548 2657 2676 2696 sane
2707 2643 2985 2696 testimonii
3019 2643 3358 2710 semetipsum

1791 2745 2054 2808 expertem
2101 2753 2211 2790 esse
2245 2751 2434 2806 passus
2463 2741 2562 2798 est,
2599 2733 2652 2786 in
2685 2747 3009 2802 unaquaque
3051 2741 3207 2786 aetate
3241 2731 3361 2786 eiii-

1792 2827 1944 2883 ciens
1975 2842 2037 2882 ac
2070 2836 2336 2896 praestans
2366 2840 2451 2886 ea.
2494 2825 2692 2895 quibus
2721 2824 2968 2879 homines
2999 2823 3063 2876 ad
3093 2822 3358 2892 justitiam

1794 2919 2160 2974 deducuntur.
2209 2916 2343 2973 Nam
2391 2917 2566 2972 libero
2604 2915 2850 2983 arbitrio,
2883 2930 2946 2970 ac
2977 2914 3062 2970 sui
3097 2916 3361 2986 cujusque

146 3008 375 3076 potestati
413 3010 522 3064 vim
574 3025 687 3065 non
731 3009 987 3078 aﬂ‘erens,
1031 3010 1158 3066 sivit
1211 3025 1401 3067 omnes
1432 3011 1684 3067 homines
1717 3012 1924 3086 ingredi
1964 3022 2128 3084 atque
2161 3012 2406 3078 versari,
2478 3019 2640 3082 prout
2689 3011 2793 3066 illis
2836 3010 3127 3066 videbatur
3199 3020 3361 3082 atque

145 3101 367 3168 placebat
403 3116 417 3153 :
453 3102 550 3157 sed
597 3103 715 3174 ipse
767 3119 982 3175 semper
1049 3103 1282 3160 faciebat
1355 3106 1471 3172 illa,
1513 3121 1609 3178 per
1641 3121 1761 3177 qua:
1800 3105 2305 3177 poterantipsi,qni
2331 3106 2544 3161 ratione
2565 3103 2776 3176 praediti
2800 3109 3010 3168 essent,
3032 3116 3364 3174 cognoscere

147 3191 454 3246 Creatorem.
513 3193 728 3249 Pluvias
779 3195 924 3248 enim
970 3194 1370 3252 anniversarias
1419 3205 1583 3251 testes
1622 3196 1763 3252 illius
1785 3211 1904 3252 esse
1927 3196 2078 3252 dicit.

219 3283 507 3353 Ἐπῆλθον
533 3285 601 3338 δὲ
620 3287 740 3341 ἀπὸ
764 3287 1130 3356 Ἀντιοχείας
1155 3287 1520 3356 καίῇικονίου
1547 3288 1685 3344 Ἰου-

1867 3289 2030 3344 Vens.
2075 3287 2161 3344 19.
2194 3289 2525 3344 Aduenerant
2557 3298 2736 3342 autem
2766 3288 2832 3342 ab
2859 3289 3135 3342 Antiochia
3163 3299 3209 3342 et
3247 3290 3360 3344 Ico-

151 3376 300 3442 ὅαῑοι,
349 3377 446 3432 καί
492 3380 806 3444 πείσαντες
838 3379 980 3447 τοὺς
1003 3379 1246 3448 ὄχλους,
1279 3380 1377 3433 καὶ
1401 3381 1684 3435 λιθάσανο

154 3485 233 3535 τες
248 3470 348 3523 τὸν
390 3471 635 3525 Παῦλον
689 3473 916 3540 ἔσυρον
945 3471 1062 3536 ἔξω
1090 3471 1198 3541 τῆς
1239 3471 1491 3536 πόλεως,
1527 3473 1690 3542 νομί-

154 3576 343 3629 σαντες
368 3563 555 3616 αὑτὸν
575 3563 854 3618 τεθνάναι
874 3567 937 3618 ιδ.

209 3655 646 3709 κυκλωσάντων
680 3655 748 3708 δὲ
793 3655 954 3722 αὐτῷ
975 3656 1018 3689 ’⁸
1049 3653 1171 3709 τῶν
1185 3655 1488 3726 μαθητῶν,
1549 3655 1690 3710 ἀνα-

156 3745 290 3812 στὰς
337 3746 623 3816 εἰσῆλθεν
663 3749 751 3812 εις
795 3747 911 3815 τὴν
961 3748 1162 3802 πόλιν.
1222 3747 1331 3802 Kal
1389 3745 1464 3816 τῇ
1514 3747 1694 3801 enati-

154 3853 282 3903 ρίαν,
303 3837 545 3907 εἰσῆλθε
567 3840 610 3872 ¹⁷
636 3839 760 3892 σὺν
783 3837 862 3904 τῷ
881 3840 1154 3910 Βαρνάϐᾳ
1181 3843 1270 3908 είς
1305 3841 1547 3911 Δέρϐην.

213 3928 749 4000 ΕὑαΠ-ελισάμενοί
791 3945 856 3984 τε
883 3928 998 3998 τὴν
1044 3931 1226 3984 πόλιν
1275 3929 1542 3996 ἐκείνην,
1591 3929 1691 3983 καὶ

159 4023 614 4090 μαθητεύσαντες
654 4022 877 4091 ὄχλους
896 4021 938 4054 ¹⁸
992 4024 1258 4088 ικανοὺς,
1306 4021 1694 4090 ὑπέστρεψαν

159 4114 230 4178 εἰς
251 4112 355 4180 τὴν
384 4115 665 4181 Λύστραν
712 4112 812 4167 και
861 4112 1118 4167 Ἰκόνιον
1154 4111 1255 4169 και
1301 4111 1691 4181 Ἀντιόχειαν,

217 4290 702 4360 Ἐπιστηρίζοντες
728 4291 835 4358 τὰς
867 4289 1077 4362 ψυχὰς
1117 4290 1239 4346 τῶν
1255 4288 1561 4360 μαθητῶν,
1590 4305 1698 4343 πα-

162 4385 535 4450 ρακαλοῦντες
554 4383 832 4454 ἐμμένειν
856 4383 930 4453 τῇ
960 4385 1159 4439 πίστει
1177 4401 1193 4415 ο
1215 4384 1312 4438 καὶ
1329 4385 1418 4439 ὅτι
1444 4383 1541 4438 διὰ
1551 4385 1698 4438 πολ-

164 4471 268 4525 λῶν
304 4477 561 4544 θλίψεων
588 4474 678 4529 δεῖ
701 4473 859 4545 ἡμᾶς
891 4475 1190 4534 εἰσελθεῖν
1248 4479 1337 4541 είς
1382 4475 1498 4546 τὴν
1519 4477 1702 4542 ,Βασι-

164 4567 310 4620 λείαν
336 4568 437 4622 τοῦ
468 4569 639 4626 Θεοῦ.

1791 3383 1877 3436 nio
1897 3381 2090 3446 Judaei,
2129 3383 2218 3451 qui
2249 3397 2368 3435 cum
2401 3383 2781 3449 persuasissent
2825 3381 3014 3444 turbis,
3047 3390 3095 3436 et
3130 3380 3361 3435 Paulum

1791 3469 2146 3539 lapidassent,
2201 3479 2479 3529 traxerunt
2517 3485 2634 3522 eum
2684 3477 2833 3523 extra
2869 3471 3120 3538 oppidum
3144 3509 3158 3532 ,
3190 3471 3364 3524 existi-

1792 3571 1998 3616 mantes
2031 3561 2180 3616 illum
2209 3573 2474 3616 mortuum
2496 3579 2624 3616 esse.

1866 3654 2026 3710 Vens.
2059 3655 2148 3709 20.
2181 3653 2528 3724 Circumfusis
2552 3662 2730 3709 autem
2765 3655 2814 3709 ei
2855 3654 3148 3724 discipulis,
3181 3671 3362 3707 surre-

1791 3737 1957 3802 xit‘et
1983 3745 2194 3800 intravit
2226 3745 2282 3799 in
2323 3748 2595 3816 oppidum.
2639 3745 2712 3800 Ac
2740 3756 2948 3816 postero
2984 3747 3068 3802 die
3105 3763 3210 3800 una
3243 3761 3365 3800 cum

1793 3838 2044 3893 Barnaba
2073 3836 2278 3893 Derben
2307 3840 2574 3909 ingressus
2607 3851 2702 3893 est.

1861 3929 2028 3984 Vnns.
2059 3929 2152 3984 21.
2181 3929 2417 4000 Cumque
2446 3929 2503 3982 in
2527 3929 2618 3982 illo
2646 3928 2836 3998 oppido
2859 3927 3205 4001 Evangelium
3231 3946 3368 4001 prte-

1795 4021 2084 4084 dicassent,
2109 4035 2173 4073 ac
2199 4019 2329 4073 satis
2357 4019 2552 4072 multas
2589 4019 2769 4072 turbas
2796 4021 3048 4073 doctrina:
3071 4035 3182 4073 sum
3199 4020 3341 4090 parti
3350 4049 3368 4060 -

1797 4113 1932 4181 cipes
1961 4111 2222 4183 fecissent,
2254 4109 2506 4181 Lystran,
2545 4109 2784 4165 Iconium
2842 4119 2892 4164 et
2925 4110 3258 4164 Antiochiam
3283 4125 3368 4163 re-

1797 4209 2092 4279 petiverunt
2107 4247 2123 4274 ,

1869 4298 2032 4355 Vens.
2066 4299 2158 4357 22.
2194 4297 2578 4368 Conﬁrmantes
2621 4297 2825 4350 animos
2879 4295 3282 4364 discipulorum,
3321 4301 3370 4345 et

1800 4394 2140 4449 adhortantes
2175 4431 2189 4456 ,
2247 4400 2305 4445 ut
2359 4393 2414 4445 in
2438 4391 2540 4460 ﬁde
2584 4394 2953 4458 permanerent
2991 4401 3012 4439 :
3041 4401 3132 4451 per
3176 4384 3372 4437 multas

1800 4488 1939 4543 enim
1971 4485 2269 4556 aﬂlictiones
2307 4493 2356 4538 et
2395 4497 2660 4536 wrumnas
2696 4495 2788 4532 nos
2817 4485 3054 4545 Oportere
3085 4477 3286 4526 intrare
3316 4474 3371 4525 in

1801 4595 2020 4650 regnum
2057 4575 2175 4629 Dei.

222 4659 748 4726 Χειροτονήσαντες
769 4657 838 4712 δὲ
864 4658 1074 4724 αὐτοῖς
1098 4657 1538 4727 πρεσϐυτέρως
1570 4660 1685 4711 κατ

1861 4641 2036 4726 'Vnns.
2066 4668 2157 4723 25.
2202 4665 2268 4719 Et
2287 4679 2401 4719 cum
2431 4663 2757 4718 ordinassent
2787 4668 2946 4729 atque
2979 4656 3369 4712 constitui-sent

173 4746 524 4818 Ἐκκλησίαν
552 4791 570 4818 ,
615 4749 1100 4821 προσευξάμενοι
1156 4751 1309 4821 μετὰ
1363 4748 1660 4818 νηστειῶν
1683 4789 1700 4816 ,

167 4842 460 4910 παρέθεντο
519 4844 744 4910 αὐτοὺς
768 4843 850 4910 τῷ
874 4843 1087 4912 Κυρίῳ,
1129 4846 1216 4910 εις
1271 4844 1346 4898 ὃν
1383 4843 1704 4898 πεπιστεύ-

167 4952 355 4992 κεισαν
371 4941 434 4993 ".

223 5029 318 5083 Kal
346 5030 687 5094 διελθόντες
715 5029 832 5098 τὴν
853 5027 1220 5083 Πεισιδίαν²⁰
1244 5023 1436 5100 ἦλθον
1449 5029 1533 5095 εις
1553 5031 1707 5097 Παμ-

169 5123 383 5184 φυλίαν.

226 5217 322 5270 Kal
376 5215 762 5281 λαλήσαντες
811 5214 882 5272 ἐν
912 5213 1109 5286 Πέργῃ
1155 5214 1264 5268 τὸν
1316 5215 1503 5284 λόγον
1559 5232 1702 5271 κατ-

171 5306 369 5377 έϐησαν
389 5313 476 5375 εις
513 5309 883 5366 Ἀττάλειαν.

256 5451 298 5484 ⁸⁸
313 5450 443 5507 Joel.
471 5466 534 5516 ιι,
573 5451 660 5516 12,
696 5450 784 5506 15.

1799 4763 1906 4816 illis
1944 4777 2035 4830 per
2081 4757 2316 4830 singulas
2347 4753 2608 4809 Ecclesiae
2647 4750 2991 4822 presbyteros,
3023 4748 3224 4817 precati
3255 4764 3373 4801 cum

1795 4853 2042 4925 jejuniis,
2079 4867 2166 4905 eos
2189 4849 2416 4904 Domino
2450 4847 2505 4900 in
2536 4860 2690 4917 quem
2720 4841 3075 4906 crediderant,
3108 4855 3375 4895 commen-

1803 4946 2083 4999 daverunt.

1878 5035 2039 5090 νεεδ.
2061 5033 2148 5089 24.
2180 5031 2580 5101 Peragrataque
2604 5027 2834 5093 Pisidia,
2862 5031 3111 5080 venerunt
3134 5023 3188 5075 in
3213 5019 3377 5073 Pam--

1811 5127 2071 5200 phyliam.

1883 5219 2044 5274 Vens.
2076 5218 2166 5272 25.
2205 5215 2271 5271 Et
2303 5213 2463 5268 locuti
2513 5211 2728 5267 uerbum
2765 5205 3023 5278 (Domini)
3060 5201 3256 5271 Perga,
3289 5200 3404 5253 der

1807 5311 2115 5365 scenderunt
2145 5307 2201 5361 in
2231 5305 2412 5360 urbem
2441 5303 2722 5357 Attalium.

1320 5543 1521 5605 Varia)
1563 5541 1870 5606 lectiones
1917 5548 1979 5604 et
2007 5547 2193 5602 notte.

234 5644 273 5677 "
311 5645 391 5700 ισ.
429 5650 568 5710 ταῖς.

679 5644 724 5680 ⁸⁸
752 5646 838 5700 τσ.
863 5646 957 5701 καὶ
983 5643 1066 5699 τοι
1093 5660 1180 5713 γε.
1255 5643 1300 5676 ⁸⁸
1325 5641 1600 5713 τεθνάναι,
1619 5658 1685 5713 ,ετ

1848 5640 1890 5713 ’ξ
1912 5639 1974 5693 1η
1999 5639 2210 5709 vulgato
2239 5631 2548 5713 est,__ao-:6v.
2617 5629 2667 5713 .‘7
2704 5624 2774 5712 n
2799 5625 3013 5713 vulg‘atlo
3034 5620 3374 5713 τεὴ-ἐξιλθῇ

177 5713 213 5793 ξ’
233 5693 421 5793 [niueo
441 5693 739 5793 zemplari
1242 5693 1482 5793 ἱκανοῦς.
1510 5693 1685 5793 Ᾰνὲίέιι

1797 5711 1942 5793 τούςο
1964 5693 2114 5790 (ιιιεῶ
2143 5693 2396 5793 "uel!"
2423 5699 2750 5793 effutiat?
2779 5693 3378 5793 "°'tl":ﬂ”.‘.f:.i'i’:i‘.’ii‘

179 5783 262 5837 loci
289 5788 431 5839 habet
455 5805 472 5840 .'
493 5791 582 5842 sed
595 5772 890 5842 'dictionei'n
915 5786 1126 5856 ὄχλους,
1148 5772 1420 5856 nusquam
1443 5772 1640 5849 inveni,
1677 5772 2029 5853 prmtcrquant
2058 5781 2112 5832 in
2151 5777 2366 5845 antiquo
2392 5772 2769 5840 manuscripto.

180 5857 659 5915 πεπιστεύκεισαν.
739 5859 785 5892 ²⁰
813 5857 878 5912 In
920 5855 1130 5928 vulgato
1161 5855 1426 5915 Πισιδίαν.

2874 5767 2918 5800 ¹⁹
2941 5766 3005 5822 In
3039 5765 3252 5837 vulgato
3275 5773 3374 5832 est,
