3856 6550
158 443 260 508 713

895 452 1298 515 EXPOSITlO
1334 451 1411 512 IN
1445 453 1631 513 ACTA
1671 448 2242 512 APOSTOLORUM.
2279 471 2348 480 --
2379 445 2535 506 CAP.
2568 446 2688 507 XV.

3291 439 3396 504 7M

212 556 555 626 Γενομένης
591 555 706 616 οὖν
729 560 1002 630 στάσεως
1031 563 1130 616 καὶ
1175 561 1470 631 ζητήσεως
1493 563 1538 594 ⁸⁸
1595 563 1707 616 οὐκ

1883 558 2045 613 Vens.
2079 558 2134 612 2.
2171 557 2302 612 Cum
2341 574 2461 628 ergo
2491 557 2744 611 dissensio
2778 554 3185 625 diseeptatioque
3239 550 3396 608 Pauli

147 645 351 714 ὀλίγης
373 645 458 712 τῷ
499 649 714 714 Παύλῳ
737 651 835 704 καί
882 649 961 717 τῷ
991 653 1266 722 Βαρνάϐᾳ
1289 654 1440 722 πρὸς
1465 652 1706 718 αὐτοὺς,

146 734 362 798 ἔταξαν
388 735 739 793 ἀναϐαίνειν
765 741 1029 808 Παῦλον,
1075 743 1172 796 καὶ
1225 743 1558 812 Βαρνάϐαν,
1611 743 1712 796 καί

148 843 306 892 τινας
359 827 591 897 ἄλλους
619 832 687 896 ἐξ
739 833 935 888 αὐτῶν
962 835 1112 903 πρὸς
1162 835 1304 901 τοὺς
1326 836 1709 900 ἀποστόλους

147 918 238 974 καί
270 923 716 992 πρεσϐυτέρους
751 928 838 992 εὶς
869 927 1258 997 Ἰερουσαλὴμ
1310 929 1440 996 περὶ
1476 928 1581 980 τοῦ
1621 926 1711 994 ζη-

147 1014 399 1079 τήματος
430 1014 658 1067 τούτου.
1722 1016 1724 1018 ’

213 1104 275 1154 Ol
299 1103 422 1170 μὲν
451 1100 567 1159 οὖν
618 1109 1104 1178 προπεμφθέντες
1139 1113 1257 1165 ὑπὸ
1313 1110 1421 1178 τῆς
1465 1111 1712 1175 Ἐκκλη-

147 1192 275 1258 σιάς
300 1192 625 1263 διήρχοντο
679 1197 794 1265 τὴν
824 1201 1112 1266 Φοινίκην
1157 1201 1257 1254 καὶ
1301 1199 1416 1268 τὴν
1441 1201 1483 1231 ’⁷
1525 1199 1717 1268 Σαμά-

147 1297 321 1353 ρειαν,
360 1286 814 1360 ἐκδιηγούμενοι
861 1291 976 1361 τὴν
1031 1293 1403 1363 ἐπιστροφὴν
1457 1293 1576 1346 τῶν
1619 1293 1710 1348 ἐθ-

150 1374 277 1442 νῶν,
311 1380 412 1431 καὶ
440 1379 693 1436 ἐποίουν
721 1383 916 1452 χαρὰν
941 1383 1215 1453 μεγάλην
1254 1384 1376 1451 τοῖς
1407 1385 1713 1454 ἀδελφοῖς.

210 1472 687 1540 Παραγενόμενοι
726 1474 793 1528 δὲ
816 1477 902 1542 εις
933 1475 1350 1546 Ἰερουσαλὴμ,
1386 1476 1717 1546 ἀπεδέχθη-

149 1580 258 1619 σιιν
291 1564 411 1619 ὑπὸ
463 1565 574 1632 τῆς
618 1566 1004 1636 Ἐκκλησίας,
1036 1569 1135 1622 καί
1171 1567 1290 1622 τῶν
1337 1569 1717 1632 ἀποστόλων,

153 1656 238 1710 καί
262 1654 378 1709 τῶν
398 1658 848 1728 πρεσϐυτέρων,
887 1659 1256 1730 ἀνήγγειλάν
1282 1677 1346 1714 τε
1375 1659 1490 1716 ὅσα
1517 1663 1550 1714 ό
1577 1660 1720 1725 Θεὸς

79 1770 84 1774 ι
156 1747 385 1814 ἐποίησε
401 1750 537 1819 μετ’
562 1747 786 1806 αὐτῶν.

223 1839 376 1910 Ὁρᾷς
396 1842 530 1903 τοὺς
546 1843 883 1913 πειρασμοὺς
903 1841 1130 1908 ἔνδοθεν,
1155 1839 1352 1906 ἔξωθεν
1373 1859 1387 1907 ;
1409 1841 1520 1894 Οὐκ
1540 1840 1722 1908 ἔλεγον

1817 667 1879 702 ac
1910 649 2170 703 Barnabas
2203 658 2318 702 orta
2365 658 2495 702 esset
2546 648 2795 700 adversus
2831 645 2947 699 illos
2995 645 3139 698 haud
3179 645 3392 715 exigua,

1816 739 2152 792 decreverunt
2181 747 2235 791 ut
2263 739 2482 803 Paulus,
2519 750 2565 790 et
2594 737 2893 802 Barnabas,
2929 747 2978 789 et
3022 737 3114 790 alii
3157 739 3395 792 nonnulli

1817 830 1879 882 de
1903 846 1998 882 suo
2026 845 2242 881 numero
2284 831 2621 882 ascenderent
2657 831 2709 880 in
2739 826 3037 881 Jerusalem
3079 829 3149 880 ad
3182 843 3397 896 aposto-

1818 924 1892 975 los
1936 931 2092 991 atque
2145 921 2469 989 presbyteros
2537 921 2864 974 sciscitaturi
2917 920 2981 972 ab
3031 921 3136 973 illis
3184 923 3248 973 de
3298 922 3396 974 liae

1817 1016 2125 1083 qua’stione.

1895 1106 2056 1175 118
2081 1105 2240 1159 Vens.
2273 1106 2326 1158 5.
2357 1105 2526 1174 Atque
2550 1106 2880 1174 illiprodurti
2910 1108 2976 1160 ab
3003 1107 3260 1168 Ecclesia,
3280 1123 3398 1175 per-

1819 1190 2076 1258 agrabant
2104 1188 2392 1241 Pltamicem
2417 1199 2466 1240 et
2501 1186 2825 1256 Samariam,
2856 1200 3160 1243 enarrantes
3188 1205 3398 1244 conver-

1819 1278 2019 1330 sionem
2056 1277 2326 1346 gentium,
2369 1283 2418 1328 et
2461 1291 2652 1345 magno
2709 1277 2903 1346 gaudio
2949 1277 3139 1346 fratres
3202 1276 3398 1344 afﬁcie-

1822 1371 1970 1423 bant.

1896 1462 2063 1520 Vens.
2113 1465 2164 1518 4.
2223 1462 2357 1517 Cum
2416 1470 2593 1516 autem
2650 1461 2905 1514 venissent
2964 1463 3018 1514 in
3075 1459 3391 1518 Jerusalem,

1824 1557 2021 1626 excepti
2041 1566 2161 1610 sunt
2191 1557 2256 1608 ab
2301 1554 2534 1609 Ecclesia
2598 1566 2645 1606 et
2677 1552 2924 1622 apostolis
2981 1563 3138 1623 atque
3177 1551 3400 1605 seniori-

1826 1648 1950 1714 bus,
2015 1657 2063 1702 et
2127 1649 2574 1702 annuntiaverunt
2637 1663 2960 1716 quwcunque
3027 1645 3165 1699 Deus
3224 1659 3400 1696 secum

1827 1741 2047 1810 fecisset.

1899 1852 2064 1908 Vides
2095 1852 2418 1908 lentationes
2456 1850 2804 1913 intrinsecus,
2851 1849 3230 1906 extrinsecus?
3277 1853 3400 1908 Non

157 1931 204 1984 δὲ
217 1932 516 2006 περιτομὴν
536 1935 746 2003 ἁπλῶς,
765 1935 903 2002 ἀλλ’,
927 1935 1008 1988 ὅτι
1024 1935 1068 1968 ³³
1091 1932 1358 2004 Σωθῆναι
1383 1920 1674 1988 δύνασθε·
1697 1931 1718 1986 ἔ

1840 1946 2146 2018 simpliciter
2207 1954 2390 2002 autem
2467 1945 2938 2000 circumcisionem
2999 1947 3401 2017 suscipiendam

157 2023 450 2079 τοῦναντίον
475 2022 544 2096 ἦν
562 2041 576 2054 ·
612 2025 694 2080 ὅτι
723 2026 1192 2099 περιτεμνόμενοι,
1224 2026 1574 2098 σωθῆναιοὺκ
1598 2023 1725 2097 ἡδύ-

160 2130 320 2167 ναντο.
346 2115 467 2170 Οὐκ
495 2110 618 2170 εἶπε
643 2117 700 2170 δὲ
735 2117 944 2180 Παῦλος
962 2135 976 2150 ’
997 2119 1062 2171 Τί
1090 2119 1199 2189 γάρ
1219 2135 1234 2182 ;
1257 2118 1356 2172 οὐκ
1378 2118 1493 2188 εἰμὶ
1515 2117 1723 2184 ἀξιόπι-

164 2221 271 2268 στος
289 2206 392 2259 ἀπὸ
410 2206 684 2261 τοσούτων
702 2209 942 2278 σημείων
961 2227 975 2276 ;
998 2208 1112 2262 ἀλλ’
1141 2208 1368 2280 ἐπείσθη
1388 2209 1456 2261 δι’
1481 2209 1723 2272 ἐκείνους

165 2295 404 2351 ἀνελθεῖν.
463 2297 568 2352 Καὶ
591 2299 708 2362 πῶς
740 2301 798 2354 ὲν
825 2302 892 2370 τῇ
949 2298 1087 2371 πρὸς
1124 2300 1369 2364 Γαλάτας
1413 2300 1721 2370 Ἐπιστολῇ,

171 2386 304 2440 Οὐδὲ
338 2386 635 2456 ἀνῆλθον,
669 2390 858 2460 φησὶν,
880 2393 968 2457 εἰς
993 2388 1392 2462 Ἰεροσόλυμα
1416 2392 1566 2460 πρὸς
1584 2390 1722 2458 τοὺς

169 2481 266 2546 πρὸ
283 2479 434 2548 ἐμοῦ
465 2481 871 2551 ἀποστόλους,
902 2482 1044 2538 οὐδὲ
1071 2483 1402 2553 ἁνεθέμην;
1427 2485 1548 2538 Ὀτι
1572 2483 1693 2554 πρῶ

172 2585 248 2622 τον
299 2575 396 2640 μὲν
453 2572 554 2625 οὐκ
600 2572 763 2637 αὐτὸς
805 2573 1055 2644 ἀνῆλθεν,
1116 2573 1232 2629 ἀλλ’
1271 2575 1552 2644 ἀπεστάλη
1593 2573 1724 2646 παρ’

173 2663 382 2732 ἐτέρων·
421 2664 673 2736 δεύτερον
715 2666 791 2735 δὲ,
843 2667 903 2720 οὐ
939 2666 1318 2739 μαθησόμενος
1371 2667 1723 2740 παρεγένετο,

176 2755 273 2806 ἀλλ’
307 2755 530 2826 ἑτέρους
558 2757 783 2813 πείσων.
815 2758 985 2824 Αὐτὸς
1029 2757 1129 2829 μὲν
1162 2758 1272 2830 γὰρ
1305 2757 1366 2823 ἐξ
1392 2758 1564 2829 ἀρχῆς
1596 2757 1728 2810 ταύ-

175 2863 256 2914 της
284 2848 460 2918 εἴχετο
505 2848 606 2919 τῆς
631 2847 880 2921 γνώμης,
918 2849 986 2921 ἢν
1019 2850 1114 2904 καλ⁸
1169 2849 1220 2902 οἱ
1253 2848 1539 2903 ἀπόστολοι
1587 2849 1726 2920 μετὰ

175 2937 321 2990 ταῦτα
373 2938 686 3009 ἐκύρωσαν,
716 2940 778 2993 τὸ
805 2941 882 3012 μὴ
930 2940 1040 2994 δεῖν
1062 2957 1127 2994 πε
1139 2939 1513 3013 ριτέμνεσθαιο
1539 2939 1726 3010 ἐπειδὴ

175 3027 224 3081 δὲ
237 3030 325 3082 οὐκ
354 3029 536 3085 ἐδόκει
565 3031 704 3096 τέως
725 3033 907 3096 αὐτοῖς
929 3032 1242 3098 ἀξιόπιστος
1273 3027 1436 3098 εἶναι,
1460 3031 1594 3085 ἀλλὰ
1614 3032 1728 3094 τοῖς

175 3121 223 3171 ὲν
251 3121 644 3194 Ἰεροσολύμοις
685 3125 996 3197 προσεῖχον,
1026 3123 1259 3194 ἀνῆλθεν
1282 3139 1294 3153 ο
1335 3124 1436 3177 οὐκ
1482 3123 1641 3187 αὑτός
1674 3141 1726 3176 τι

1825 2053 1946 2095 esse
1992 2037 2264 2104 dicebant,
2314 2037 2408 2093 sed
2451 2036 2556 2093 nisi
2601 2035 2691 2092 illa
2723 2044 2996 2107 suscepta,
3047 2039 3248 2092 servari
3297 2054 3401 2092 non

1824 2131 2057 2202 potestis,
2097 2129 2243 2200 quod
2276 2128 2610 2185 contrarium
2656 2137 2817 2184 erat:
2864 2128 2988 2199 quia
3038 2129 3083 2184 si
3112 2129 3404 2185 circumci«

1825 2224 2108 2289 derentur,
2144 2221 2348 2278 servari
2402 2236 2514 2276 non
2561 2229 2830 2291 poterant.
2881 2221 3001 2276 Non
3043 2220 3177 2276 dixit
3217 2229 3400 2276 autem

1825 2315 2024 2370 Paulus
2057 2329 2072 2366 :
2110 2311 2379 2379 Quidnam
2400 2312 2424 2366 ?
2447 2326 2629 2366 annon
2662 2325 2783 2366 sum
2823 2311 2887 2374 is,
2925 2311 3012 2366 cui
3047 2326 3080 2365 a
3111 2320 3190 2367 tot
3230 2309 3403 2382 signis

1826 2422 1924 2477 per
1952 2421 2039 2460 me
2075 2405 2237 2461 editis
2277 2404 2410 2460 ﬁdes
2457 2403 2648 2459 haberi
2680 2403 2919 2458 debeat?
2961 2403 3058 2459 sed
3093 2417 3283 2474 passus
3319 2411 3405 2458 est

1826 2496 1926 2551 sibi
1956 2495 2293 2566 persuaderi,
2327 2503 2386 2549 ut
2423 2502 2649 2564 propter
2680 2493 2800 2548 illos
2837 2492 3178 2548 ascenderet.
3213 2494 3279 2546 Et
3308 2492 3403 2562 qui

1826 2587 1888 2642 ﬁt
1915 2596 1972 2641 ut
2005 2587 2058 2641 in
2108 2586 2347 2656 Epistola
2381 2585 2449 2640 ad
2486 2584 2702 2640 Galatas
2731 2584 2878 2639 dicat
2911 2600 2925 2637 :
2955 2583 3063 2637 Nec
3103 2583 3316 2637 ascendi
3343 2583 3402 2637 in

1826 2677 2123 2732 Jerusalem
2174 2677 2245 2730 ad
2295 2691 2403 2743 eos,
2442 2676 2531 2746 qui
2575 2684 2699 2729 ante
2743 2690 2824 2728 me
2885 2674 3112 2744 apostoli
3162 2675 3399 2744 fuerunt,

1828 2786 1992 2840 neque
2017 2767 2396 2822 communicavi
2449 2783 2568 2820 eum
2601 2765 2706 2820 illis
2737 2765 2829 2820 ιιι
2858 2763 2996 2831 Quia
3018 2765 3251 2835 primum
3283 2765 3404 2835 qui-

1829 2859 1951 2913 dem
1984 2872 2093 2912 non
2123 2857 2235 2928 ipse
2264 2871 2294 2910 a
2315 2870 2376 2912 se
2401 2856 2665 2922 ascendit,
2695 2855 2791 2912 sed
2817 2855 3014 2911 missus
3034 2863 3118 2909 est
3149 2854 3220 2910 ab
3251 2853 3399 2920 aliis,

1829 2946 2024 3003 deinde
2069 2961 2179 3001 non
2231 2955 2291 3000 ut
2328 2945 2583 3010 disceret,
2637 2945 2865 3000 accessit
2908 2945 2978 2999 ad
3018 2945 3159 3009 illos,
3204 2943 3298 3000 sed
3342 2951 3404 2998 ut

1829 3037 1964 3092 alios
2018 3036 2072 3090 in
2127 3051 2280 3091 suam
2329 3037 2657 3092 sententiam
2713 3036 3027 3092 adduceret.
3088 3037 3226 3091 Nam
3286 3035 3404 3106 ipse

1829 3126 2044 3196 quidem
2076 3125 2145 3181 ab
2177 3126 2331 3182 initio
2359 3135 2475 3181 erat
2505 3126 2560 3180 in
2591 3127 2693 3183 hac
2729 3126 3020 3190 sententia,
3049 3141 3211 3198 quam
3239 3138 3402 3180 etiam

173 3213 429 3283 εἰσόμενος
483 3214 669 3280 πλέον,
721 3215 858 3270 ἀλλὰ
911 3215 1115 3270 πείσων
1163 3216 1290 3280 τοὺς
1325 3215 1718 3283 ἀντιλέγοντας,

1840 3219 2056 3289 apostoli
2092 3226 2280 3288 postea
2312 3218 2773 3274 conﬁrmaverunt
2806 3233 3063 3289 :nempe,
3097 3234 3208 3273 non
3241 3234 3407 3288 opor-

172 3300 238 3354 ὅτι
287 3305 374 3358 καὶ
432 3305 482 3358 οι
531 3306 589 3359 ἐν
631 3303 1027 3378 Ἰεροσολύμοις
1074 3305 1286 3370 τούτοις
1347 3304 1720 3376 συμψηφιζον-

170 3406 260 3448 ται.

1832 3320 1946 3367 tere
1988 3309 2302 3366 circumcidi
2346 3309 2438 3380 qui
2487 3309 2555 3365 de
2607 3309 2810 3366 exteris
2857 3309 3174 3364 nationibus
3223 3309 3404 3363 credi-

1827 3402 2036 3457 dissent
2067 3417 2082 3453 :
2123 3399 2377 3470 quoniam
2421 3407 2603 3454 autem
2639 3399 2793 3454 initio
2838 3415 2948 3454 non
2987 3399 3272 3454 videbatur
3297 3399 3405 3453 illis

170 3493 554 3548 caauctoritate
585 3495 848 3565 praditus
873 3509 1016 3561 esse,
1067 3495 1155 3551 cui
1195 3495 1262 3551 de
1296 3505 1446 3552 tanta
1485 3513 1543 3554 re
1581 3497 1715 3555 ﬁdes
1752 3498 2070 3562 haberetur,
2119 3495 2214 3550 sed
2263 3509 2358 3549 eos
2397 3494 2490 3564 qui
2537 3493 2924 3564 Hierosolymis
2967 3503 3124 3549 erant
3191 3502 3403 3562 speeta-

172 3579 276 3634 bant
343 3594 398 3639 et
449 3585 826 3653 attendebant,
873 3586 1002 3644 illuc
1045 3589 1312 3653 ascendit,
1365 3606 1476 3646 non
1554 3600 1614 3646 ut
1663 3592 1780 3663 ipse
1841 3589 2046 3659 aliquid
2091 3586 2324 3656 amplius
2366 3586 2693 3650 addisceret,
2734 3585 2830 3640 sed
2863 3594 2922 3640 ut
2963 3585 3304 3640 adversarios
3347 3586 3402 3639 iu

170 3690 298 3734 suam
319 3682 650 3738 sententiam
673 3683 990 3750 adduceret,
1019 3687 1163 3755 quod
1195 3696 1250 3742 et
1290 3686 1366 3742 illi
1400 3687 1494 3758 qui
1536 3688 1592 3743 iu
1626 3687 1926 3743 Jerusalem
1952 3693 2126 3751 erant,
2158 3683 2274 3738 haec
2295 3682 2731 3752 comprobarent.

235 3773 674 3847 Ἐξανέστησαν
697 3777 764 3832 δέ
814 3795 975 3845 τινες
1005 3779 1125 3834 ἀπὸ
1154 3780 1264 3850 τῆς
1294 3781 1578 3851 αἱρέσεως
1596 3782 1717 3837 τῶν

170 3865 480 3934 Φαρισαίων
504 3871 974 3937 πεπιστευκότες
1001 3871 1068 3937 ’⁸,
1087 3870 1370 3942 λέγοντες
1391 3871 1482 3930 ὅτι
1501 3874 1595 3929 δεῖ
1610 3889 1715 3929 πε-

163 3955 433 4027 ριτέμνειν
463 3959 708 4028 αὐτοὺς,
767 3961 1209 4032 παραγγέλλειν
1256 3981 1320 4018 τε
1365 3966 1572 4034 τηρεῖν
1611 3967 1716 4022 τὸν

169 4052 328 4121 νόμον
352 4053 674 4122 Μωῢσέως.

225 4147 627 4216 Συνήχθησαν
653 4147 723 4202 δὲ
752 4151 806 4204 οὶ
837 4150 1170 4207 ἀπόστολοι
1201 4153 1299 4209 καὶ
1319 4156 1374 4210 ol
1398 4156 1718 4224 πρεσϐύτε-

166 4250 244 4300 ροι
265 4238 408 4292 ἰδεῖν
464 4243 596 4310 περὶ
623 4243 730 4297 τοῦ
753 4244 940 4313 λόγου
971 4248 1208 4302 τούτου.

227 4329 457 4398 Πολλῆς
491 4331 560 4385 δὲ
605 4333 990 4404 συζητήσεως
1046 4339 1396 4408 γενομένης,
1452 4340 1723 4409 ἀναστὰς

171 4416 366 4488 Πέτρος
412 4419 545 4477 εἷπε
596 4426 750 4493 πρὸς
811 4431 1029 4496 αὐτούς
1056 4446 1072 4461 ⁸
1118 4432 1370 4500 Ἀνδρες
1433 4433 1720 4501 ἀδελφοὶ,

170 4509 314 4576 ὑμεῖς
344 4513 700 4584 ἐπίστασθε,
724 4518 816 4572 ὅτι
847 4521 948 4589 ἀφ’
965 4521 1200 4591 ἡμερῶν
1223 4523 1483 4593 ἀρχαίων
1512 4529 1546 4579 ό
1580 4526 1723 4592 Θεὸς

169 4596 228 4649 ἐν
249 4601 378 4668 ἡμῖν
396 4604 717 4672 ἐξελέξατο
744 4610 842 4665 διὰ
867 4613 972 4667 τοῦ
1003 4616 1300 4684 στόματός
1316 4633 1436 4684 μου
1463 4616 1721 4672 ἀκοῦσαι

171 4687 230 4742 τὰ
251 4693 384 4765 ἔθνη
413 4697 522 4752 τὸν
547 4701 736 4770 λόγον
782 4701 889 4758 τοῦ
918 4707 1309 4776 Εὐαγγελίου,
1341 4707 1442 4762 καὶ
1479 4709 1722 4764 πιστεῦ-

171 4795 277 4838 σαι.

229 4879 328 4931 Καὶ
370 4884 403 4935 ό
447 4882 933 4955 καρδιογνώστης
968 4889 1114 4956 Θεὸς
1157 4890 1571 4962 ἐμαρτύρησεν
1614 4896 1721 4950 αὐ-

171 4965 295 5123 ἷιῖς,
321 4970 463 5040 δοὺς
488 4974 694 5042 αὐτοῖς
715 4977 782 5032 τὸ
811 4980 1056 5050 Πνεῦμα
1078 4981 1144 5036 τὸ
1175 4982 1367 5054 ἅγιον,
1409 4985 1604 5053 καθὼς
1620 4987 1721 5042 καὶ

244 5075 312 5112 ιν.

244 5075 312 5112 ιν.

233 5151 328 5204 Καὶ
359 5156 536 5210 οὐδὲν
557 5157 816 5226 διέκρινε
829 5163 1058 5230 μεταξὺ
1084 5164 1253 5234 ἡμῶν
1273 5182 1337 5219 τε
1370 5167 1467 5220 καί
1491 5167 1712 5230 αὐτῶν,

171 5238 232 5305 τῇ
256 5245 442 5301 πίστει
472 5254 809 5320 καθαρίσας
837 5255 945 5320 τὰς
973 5257 1223 5323 καρδίας
1242 5258 1462 5313 αὐτῶν.

227 5334 343 5390 Νῦν
368 5335 481 5394 οὖν
511 5343 567 5396 τί
592 5344 892 5412 πειράζετε
915 5347 1022 5402 τὸν
1049 5350 1197 5405 Θεὸν
1220 5353 1508 5408 ἐπιθεῖναι
1537 5353 1714 5425 ζυγὸν

255 5473 297 5507 δ’
337 5475 512 5533 Galat.
545 5495 584 5544 I,
608 5479 696 5536 i7.

1895 3779 2055 3835 Vens.
2088 3779 2140 3834 5.
2176 3779 2602 3834 Exsurrexerunt
2639 3785 2816 3830 autent
2843 3777 3060 3848 quidam
3093 3778 3156 3830 de
3175 3777 3402 3848 factione

1822 3891 1886 3928 ac
1915 3855 2056 3928 secta
2086 3872 2479 3928 Pliarisworum
2512 3870 2602 3940 qui
2644 3868 2999 3934 crediderant,
3033 3869 3124 3940 qui
3155 3869 3399 3926 dicebant

1822 3978 2056 4038 oportere
2084 3965 2203 4020 illos
2234 3964 2626 4029 circumcidere,
2664 3969 2822 4032 atque
2856 3963 3160 4032 prwcipere,
3190 3972 3246 4017 ut
3286 3979 3402 4017 ser-

1820 4069 2003 4114 varent
2038 4059 2198 4130 legem
2235 4056 2456 4128 Moysis.

1891 4150 2057 4206 Vens.
2108 4150 2160 4205 6.
2198 4149 2560 4206 Conuenerunt
2597 4149 2760 4219 igitur
2801 4147 3027 4217 apostoli
3051 4164 3118 4204 ac
3151 4150 3400 4214 seniores,

1820 4251 1876 4296 ut
1903 4243 2214 4311 dispicerent
2245 4242 2309 4295 de
2341 4241 2441 4294 hac
2473 4241 2780 4310 quwstione.

1895 4333 2056 4388 Vens.
2096 4333 2152 4386 7.
2191 4331 2322 4388 Cum
2359 4341 2533 4386 autem
2573 4333 2664 4386 diu
2695 4348 2756 4386 ac
2789 4333 3011 4386 multum
3041 4334 3392 4402 disceptatum

1820 4426 2020 4496 fuisset,
2052 4427 2281 4480 surrexit
2314 4424 2526 4488 Petrus,
2559 4441 2621 4478 ac
2665 4425 2800 4478 dixit
2846 4426 2916 4477 ad
2942 4424 3061 4478 illos
3095 4441 3114 4478 :
3156 4424 3268 4478 Viri
3294 4431 3399 4494 [ra-

1821 4526 1942 4580 tres,
1973 4531 2056 4570 vos
2077 4516 2222 4570 scitis
2246 4514 2415 4570 Deum
2455 4514 2520 4568 ab
2548 4514 2777 4585 antiquis
2805 4514 2986 4568 diebus
3031 4517 3168 4569 inter
3188 4533 3280 4569 nos
3302 4518 3396 4568 de-

1825 4609 2012 4663 lectum
2036 4607 2297 4671 habuisse,
2337 4615 2392 4660 ut
2420 4622 2512 4676 per
2531 4622 2587 4660 os
2613 4622 2782 4659 meum
2808 4615 3000 4661 extero:
3027 4608 3264 4662 nationes
3291 4624 3394 4660 au-

1825 4699 2000 4754 dirent
2030 4697 2236 4753 verbum
2262 4697 2646 4767 Evangelii,_ac
2678 4695 2971 4752 crederent.

1889 4899 2052 4955 Vens.
2089 4899 2143 4956 8.
2183 4897 2248 4952 Et
2299 4897 2440 4952 Deus
2474 4900 2565 4970 qui
2613 4898 2772 4953 corda
2819 4910 3089 4954 scrutatur
3120 4919 3184 4954 ac
3228 4903 3390 4966 novit,

1817 4990 2167 5045 testimonium
2197 4989 2456 5058 perhibuit
2486 4987 2622 5055 illis,
2671 5005 2786 5042 cum
2818 4990 2958 5044 dedit
3013 4992 3088 5046 eis
3130 4990 3388 5062 Spiritum

1817 5095 2082 5149 sanctum,
2109 5084 2242 5138 sicut
2274 5083 2433 5137 etiam
2466 5083 2611 5137 nobis
2645 5097 2664 5136 :

1891 5174 2050 5229 Vens.
2092 5175 2146 5230 9.
2199 5174 2270 5228 Ac
2322 5174 2524 5227 nullum
2573 5175 2854 5228 discrimen
2889 5177 3005 5246 fecit
3042 5176 3180 5229 inter
3223 5191 3314 5230 nos
3338 5187 3389 5231 et

1815 5265 1954 5327 illos,
1991 5281 2108 5318 cum
2133 5263 2238 5333 ﬁde
2263 5265 2504 5334 purgauit
2540 5273 2696 5318 corda
2727 5281 2926 5319 eorum.

1886 5356 2051 5411 Vens.
2082 5356 2168 5411 10.
2200 5352 2251 5408 Ν
2259 5371 2358 5408 unc
2383 5355 2569 5426 igitur,
2600 5356 2726 5426 quid
2763 5357 2977 5410 tentatis
3020 5355 3184 5411 Deum
3219 5358 3388 5426 impo-

1325 5618 1524 5680 Varite
1569 5621 1872 5684 lectiones
1898 5630 1959 5684 et
2002 5629 2190 5685 notae.

294 5777 348 5857 in
372 5783 602 5857 vulgato,
624 5784 993 5857 cuiqrrjosmc.
1031 5784 1162 5857 "in
1188 5785 1413 5857 vulgatis
1465 5796 1587 5840 ante
1621 5787 1718 5856 Σαι

1840 5804 1936 5841 ειαν
1968 5803 2069 5840 non
2118 5796 2193 5840 est
2235 5787 2510 5857 articulus,
2534 5785 2654 5855 τήν.
2693 5786 2739 5817 ’⁸
2762 5787 2848 5840 ῑσ.
2879 5788 3024 5844 οὐδὲ.
3096 5790 3142 5822 ¹⁹
3166 5789 3229 5845 1η
3270 5789 3385 5844 uul-

169 5848 288 5913 gatis
316 5848 525 5919 duobus,
553 5870 672 5922 qua:
714 5848 844 5918 vidi,
893 5864 965 5907 est
995 5856 1138 5918 τινὲς
1167 5848 1278 5912 τῶν

453 5949 722 6012 Ριτιιοι.
765 5949 881 6012 Gtt.
913 5951 1155 6014 CXXV.

1316 5857 1421 5910 ἀπὸ
1450 5858 1544 5926 τῆς
1575 5856 1836 5927 αἱρέσεως
1863 5858 1970 5911 τῶν
1998 5859 2306 5928 Φαρισαίων
2343 5856 2450 5912 τῶν
2493 5857 2933 5910 πεπιστευκότων

2867 5949 2945 6013 23
