3856 6544
421 351 520 414 τι.)
1333 351 1906 414 THEOPHYLACTI
1946 355 2356 421 BULGARLE
2386 362 2739 429 ARCHIEP.
3551 370 3643 435 730

420 459 836 532 Hierosolyma?
868 473 932 514 ac
983 472 1094 511 non
1134 456 1316 527 potius
1368 457 1598 511 eversa?
1644 459 1711 511 de
1753 473 1959 528 quanau

2096 462 2220 527 θεὸς
2250 465 2530 532 ἐκάλεσεν,
2558 462 2720 522 αὗται
2775 465 2831 520 δὲ
2876 467 2933 521 αί
2978 470 3385 543 παρατηρήσεις
3433 473 3644 544 ἀνατρέ.

416 555 658 624 loquitur
691 551 1101 607 exstructione?
1136 549 1205 604 de
1233 564 1317 614 ea,
1366 565 1487 620 qua:
1530 551 1728 606 accidit
1754 562 1877 622 post
1904 568 1959 607 ca

2097 569 2282 620 πουσι,
2315 557 2393 627 τῷ
2446 557 2565 629 Θεῷ
2614 557 2977 629 πολεμοῦμεν.
3025 559 3159 612 Μετ’
3201 560 3445 627 ἐξουσίας
3493 562 3644 629 δὲτὸ,

412 650 718 719 ptivitutem
741 643 1136 716 Babylonicam,
1156 643 1223 698 de
1251 641 1510 711 dignitate
1535 656 1727 697 rursus
1754 652 1988 712 recepta.

418 740 769 803 Quamobrem
813 742 904 807 ego
931 749 1111 789 censeo
1142 748 1235 787 nos
1280 748 1384 785 non
1436 732 1616 786 debere
1662 731 1782 787 illos
1809 732 1959 786 obtur

2096 734 2338 803 ἔχεσθαι
2387 738 2507 793 ἀπὸ
2531 738 2651 794 τῶν
2668 740 3101 809 ἀλισγημάτων
3126 739 3241 794 τῶν
3267 739 3546 810 εἰδώλων,
3564 748 3640 798 καὶ

415 832 541 884 bare
589 839 637 883 et
695 825 1068 896 interpellare,
1143 823 1248 879 hoc
1308 829 1425 889 est,
1485 838 1594 876 non
1646 824 1959 878 subvertere

2096 827 2160 880 τά
2195 827 2344 899 ἑξῆς.
2374 826 2545 885 Αὖται
2575 831 2706 902 γὰρ,
2737 834 2785 885 εί
2816 831 2911 885 καὶ
2962 831 3291 901 σωματικαὶ,
3324 832 3440 886 ἀλλ’
3488 835 3645 903 ἀναγ-

412 921 547 975 Nam
579 921 622 975 si
645 920 787 974 Deus
841 918 962 972 illos
1015 916 1247 979 vocavit,
1266 923 1433 984 atque
1472 914 1553 969 ha:
1577 914 1959 969 observatione

2096 920 2244 972 καίαι
2272 920 2636 987 φυλάττεσθαι
2658 939 2672 954 ο
2696 922 2888 994 ἐπειδὴ
2915 922 3123 992 μεγάλα
3155 921 3469 993 εἰργάζοντο
3491 927 3640 988 κακά,

413 1018 669 1065 evertunt
695 1008 787 1063 Dei
812 1006 1148 1062 vocationem
1173 1006 1434 1060 adversus
1464 1004 1632 1058 Deum
1660 1020 1959 1076 pugnamus

2096 1011 2296 1065 τούτων
2328 1013 2562 1083 μάλιστα
2609 1015 2810 1092 aiatait;
2834 1014 3060 1071 ἔπαυσε.
3091 1014 3349 1084 Μωῦσῆς
3377 1015 3492 1086 μὲν
3546 1020 3641 1089 γὰρ

411 1102 546 1155 Cum
576 1099 899 1155 auctoritate
927 1110 1131 1163 autem,
1161 1112 1226 1152 ac
1255 1112 1356 1167 pro
1386 1104 1652 1166 potestate
1691 1096 1843 1162 dicit,
1875 1095 1959 1167 Egi

2096 1105 2158 1157 ἐκ
2198 1103 2422 1171 γενεῶν
2475 1107 2761 1177 ἀρχαίων,
2800 1108 2993 1163 καὶτὰ
3044 1107 3193 1179 ἑξῆς.
3228 1110 3341 1162 Καὶ
3398 1109 3501 1180 πρὸ
3555 1112 3641 1181 τῆς

412 1210 610 1250 censeo.
637 1192 747 1248 Sed
790 1190 1125 1247 scribendum
1169 1198 1221 1243 et
1284 1188 1646 1243 mandandum
1702 1205 1815 1243 esse
1851 1189 1959 1243 illis

2096 1195 2381 1267 ἐπιδημίας
2406 1198 2499 1251 τοῦ
2525 1198 2778 1269 Σωτῆρος
2804 1200 2944 1254 κατά
2963 1203 3072 1254 πᾶν
3094 1201 3375 1257 Σάϐϐατον
3398 1187 3454 1257 εὶ
3471 1205 3641 1275 μόναις

411 1296 468 1338 ut
548 1284 845 1339 abstineant
917 1282 982 1336 ab
1066 1280 1478 1351 inquinamentis
1539 1279 1947 1332 simulacrorum

2096 1288 2209 1349 ταῖς
2258 1291 2604 1357 συναγωγαῖς
2664 1290 3058 1360 ἀνεγινώσκετο
3110 1293 3348 1363 Μωσῆς·
3399 1293 3509 1348 ἀλλ’
3560 1296 3640 1350 οὖν

410 1385 518 1432 etc.
576 1374 705 1430 Hac
768 1373 913 1428 enim
985 1380 1278 1442 praecepta,
1337 1379 1501 1439 atque
1573 1369 1656 1422 ha:
1720 1368 1959 1423 observat

2096 1379 2225 1447 μετά
2248 1380 2349 1449 τὴν
2376 1380 2691 1451 ἐπιδημίαν,
2719 1384 2776 1435 ἐν
2802 1386 2919 1446 ταῖς
2945 1384 3265 1456 ἐκκλησίαις
3298 1387 3395 1440 τοῦ
3421 1381 3636 1459 Χριστοῦ

413 1469 608 1532 tiones,
651 1465 752 1521 etsi
790 1463 1121 1535 corporales,
1157 1472 1289 1517 tunc
1325 1463 1618 1517 observata
1651 1460 1959 1515 necessaria

2096 1468 2146 1521 ab
2196 1469 2465 1524 κωλύεται
2517 1473 3007 1542 ἀναγινώσκεσθαι.
3042 1477 3153 1530 Καὶ
3200 1477 3365 1531 τοῦτο
3409 1477 3638 1551 δηλοῦται

406 1568 576 1615 sunt:
622 1557 877 1628 quoniam
923 1570 1241 1626 magnorum
1290 1568 1453 1608 causa
1505 1562 1658 1607 erant
1690 1552 1952 1607 malorum

2096 1562 2149 1613 ἐκ
2184 1563 2302 1627 τοῦ,
2333 1561 2463 1633 ἄχρι
2485 1564 2595 1634 γὰρ
2620 1565 2721 1636 τῆς
2748 1567 2987 1639 σήμερον
3016 1569 3176 1639 ἡνίκα
3203 1571 3270 1624 ἂν
3297 1570 3640 1640 ἀναγινώσκεσ

408 1646 658 1721 [idcirco]
698 1646 1039 1717 putissimum
1075 1645 1142 1699 ab
1169 1644 1254 1698 his
1281 1644 1404 1698 illos
1436 1658 1495 1698 se
1545 1642 1816 1698 abstinere
1843 1642 1953 1695 vult

2096 1668 2173 1704 ται
2220 1653 2445 1725 Μωσῆς.
2500 1653 2564 1707 El
2612 1657 2721 1726 γὰρ
2775 1658 2852 1729 μὴ
2889 1659 3293 1728 ἀνεγινώσκετο
3345 1662 3415 1716 τὰ
3451 1663 3638 1717 Παλαιά

403 1742 546 1793 Nam
612 1744 817 1810 Moyses
877 1740 1087 1809 quidem
1134 1737 1200 1791 ab
1247 1736 1495 1790 letalibus
1555 1736 1811 1805 antiquis,
1865 1743 1953 1789 etc

2096 1743 2403 1814 Γρὰμματα
2452 1746 2510 1798 ἐν
2544 1749 2669 1811 ταῖς
2700 1749 3040 1820 ἐκκλησίαις,
3095 1752 3195 1805 οὐκ
3223 1755 3470 1823 ἀκρίτως
3488 1756 3638 1809 Γαλὰ-

405 1834 578 1889 Etiam
624 1842 749 1887 ante
777 1833 1071 1887 adventum
1102 1829 1408 1885 Servatoris
1445 1830 1699 1884 omnibus
1723 1829 1959 1885 Sabbati:

2096 1851 2194 1898 rat;
2215 1836 2569 1891 ἐπεστέλλετο
2593 1838 2677 1905 τδ,
2710 1819 2927 1911 Λέγε-τέ
2964 1861 3090 1912 μοι,
3118 1847 3171 1899 οἱ
3194 1819 3322 1900 ὑπό
3356 1848 3537 1916 νόμον
3561 1847 3637 1904 θέ-

402 1927 456 1978 in
496 1923 778 1995 synagogis
803 1924 1066 1978 duntaxat
1106 1922 1315 1993 Moyses
1349 1921 1669 1991 legebatur:
1711 1922 1806 1976 sed
1851 1937 1959 1991 pos1

2096 1928 2295 1995 ίοντες
2319 1924 2491 1997 εἶναι,
2520 1931 2627 1985 τὸν
2657 1932 2846 2001 νόμον
2886 1935 2997 1989 οὐκ
3030 1935 3282 1992 ἀκούετε
3304 1954 3329 2004 ;

399 2016 693 2070 adventum
722 2014 926 2071 Christi
978 2013 1034 2067 in
1078 2012 1334 2068 Ecclesiis
1363 2013 1590 2078 Christi,
1631 2013 1820 2068 saltem
1858 2015 1962 2085 legi
1993 2030 2057 2071 ac
2093 2020 2309 2074 recitari
2342 2036 2451 2075 non
2496 2022 2834 2092 perhibetur,
2884 2033 3048 2095 atque
3090 2025 3144 2082 id
3204 2027 3513 2084 declaratur
3576 2040 3627 2084 et

400 2111 490 2164 illo
521 2127 533 2162 :
569 2107 753 2179 Usque
840 2107 978 2161 enim
1030 2106 1084 2160 in
1138 2106 1462 2159 hodiernum
1532 2105 1697 2170 diem,
1755 2108 2187 2180 quandocunque
2256 2127 2392 2183 Opus
2450 2123 2533 2170 est
2585 2113 2796 2187 Moyses
2859 2117 3138 2173 recitatur.
3191 2118 3336 2173 Nam
3412 2122 3456 2176 si
3516 2123 3630 2176 anti-

397 2216 502 2270 qua
533 2201 733 2270 scripta
763 2199 820 2253 in
843 2197 1099 2253 Ecclesiis
1126 2212 1233 2251 non
1256 2196 1634 2262 recitarentur,
1670 2211 1855 2252 nonne
1907 2208 2114 2257 temere
2157 2218 2222 2258 ac
2304 2205 2424 2261 sine
2487 2206 2693 2276 judicio
2771 2208 2839 2263 ad
2896 2207 3112 2267 Galatas
3194 2211 3489 2283 Apostolus
3524 2213 3631 2272 illul

398 2296 738 2363 scripsisset:
768 2293 939 2346 Dicite
986 2292 1112 2345 mihi
1138 2292 1226 2360 qui
1262 2292 1360 2362 legi
1389 2293 1585 2345 subditi
1625 2309 1737 2346 esse
1773 2294 1949 2361 vultis,
1983 2313 2053 2351 an
2082 2298 2245 2369 legem
2275 2316 2376 2354 non
2406 2305 2602 2358 auditis
2630 2303 2713 2358 ”?

2107 642 2248 713 Ἐγὼ
2278 647 2479 713 κρίνω.
2514 677 2585 687 -
2622 646 2784 702 Ἀλλ’
2808 647 3141 702 ἐπιστεῖλαι
3174 648 3398 717 αὐτοῖς,
3417 649 3518 704 τοῦ
3549 653 3644 705 ἀπ-

466 2388 701 2458 Aposlali
734 2396 782 2442 et
837 2387 1065 2441 seniores
1099 2395 1146 2439 et
1175 2387 1364 2455 fratres
1398 2386 1759 2441 habitantibus
1789 2388 1959 2443 Antio

2151 2398 2218 2448 Ol
2244 2395 2595 2462 ἀπόστολοι,
2651 2397 2750 2452 καὶ
2772 2401 2826 2453 ol
2847 2400 3258 2469 πρεσϐύτεροι,
3283 2402 3391 2455 καί
3420 2403 3473 2455 al
3484 2400 3629 2456 ἀδελ-

397 2482 546 2542 chitz,
580 2488 627 2532 et
658 2479 713 2532 in
752 2477 933 2548 Syria,
963 2485 1011 2531 et
1048 2477 1235 2531 Cilicia
1297 2478 1572 2548 fratribus,
1629 2478 1718 2547 qui
1762 2489 1882 2532 sunt
1911 2482 1959 2534 dt

2096 2487 2201 2551 σοί,
2239 2487 2362 2554 τοῖς
2394 2490 2543 2544 κατὰ
2603 2489 2719 2559 τὴν
2765 2492 3126 2561 Ἀντιόχειαν
3155 2493 3253 2547 καί
3298 2495 3518 2562 Συρίαν
3545 2495 3627 2549 καί

396 2570 699 2626 nationibus
736 2569 987 2635 externis,
1018 2567 1268 2622 salutem.

466 2661 628 2716 Vsus.
660 2659 751 2713 24.
790 2658 1055 2724 Quoniam
1087 2660 1383 2713 audivimus
1417 2660 1692 2715 nonnullos
1726 2678 1790 2714 ex
1823 2662 1967 2715 nobis

394 2770 625 2825 egressos
651 2753 885 2807 turbasse
900 2768 986 2806 vos
1001 2750 1343 2815 sermonibus,
1365 2751 1740 2822 labefactantes
1759 2755 1963 2807 animos

2079 2578 2352 2631 Κιλικίαν
2378 2578 2663 2649 ἀδελφοῖς
2690 2580 2817 2647 τοῖς
2852 2582 2921 2646 ἐξ
2950 2581 3143 2637 ἐθνῶν
3185 2585 3442 2653 χαίρειν.

2157 2670 2396 2739 Ἐπειδὴ
2420 2672 2771 2742 ἠκούσαμεν
2796 2672 2884 2728 ὅτι
2914 2673 3079 2742 τινὲς
3106 2674 3175 2741 ἐξ
3202 2675 3385 2744 ἡμῶν
3409 2675 3453 2709 ⁸⁸
3482 2676 3623 2739 ἐξελ-

2076 2760 2282 2827 θόντες
2325 2761 2622 2831 ἐτάραξαν
2670 2761 2826 2833 ὑμᾶς
2885 2767 3090 2835 λόγοις
3137 2764 3624 2830 ἀνασκευάζοντες

391 2855 607 2910 vestros,
645 2860 761 2898 cum
784 2844 1011 2897 dicerent
1047 2859 1134 2897 vos
1164 2843 1468 2896 circumcidi
1499 2852 1547 2896 et
1576 2843 1737 2914 legem
1760 2860 1959 2900 servare

2096 2853 2181 2919 ’ὰς
2221 2853 2426 2923 ψυχὰς
2475 2853 2674 2924 ὑμῶν,
2707 2856 2991 2926 λέγοντες
3029 2856 3512 2927 περιτέμνεσθαι,
3541 2860 3620 2911 καί

392 2948 651 3006 oportere,
680 2935 867 3006 quibus
897 2951 1000 2988 non
1024 2932 1468 2987 mandaueramus
1498 2949 1518 2987 :

465 3021 630 3077 Vens.
682 3022 775 3076 25.
840 3021 1049 3074 Placuit
1104 3022 1249 3075 nobis
1300 3021 1460 3075 simul
1510 3024 1706 3077 coactis
1739 3024 1966 3094 deligere

2071 2943 2273 3010 τηρεῖν
2301 2945 2409 2999 τὸν
2427 2946 2638 3015 νόμον,
2680 2941 2774 3014 οἷς
2813 2950 2886 3003 οὐ
2915 2947 3383 3019 διεστειλάμεθα
3407 2967 3420 2980 ·

2144 3035 2391 3102 Ἕδοξεν
2427 3038 2573 3108 ἡμῖν
2599 3041 2945 3110 γενομένοις
2971 3041 3377 3112 ὁμοθυμαδὸν,
3402 3042 3621 3105 ἐκλεξα-

395 3111 554 3177 uiros,
590 3121 639 3164 et
688 3111 894 3164 mittere
921 3111 991 3164 ad
1021 3125 1108 3164 vos
1158 3126 1263 3164 una
1308 3127 1426 3164 cum
1463 3112 1785 3169 cltarissimis
1817 3117 1959 3171 nobis

2096 3126 2287 3195 ιένους
2307 3126 2529 3197 ἀνδρας
2562 3130 2793 3199 πέμψαι
2829 3129 2978 3198 πρὸς
3011 3111 3166 3199 ὑμᾶς
3190 3130 3320 3185 σὺιι·
3360 3130 3477 3196 τοῖς
3500 3130 3620 3198 dgn-

394 3196 648 3251 Barnabo
674 3205 723 3251 et
758 3195 953 3263 Paulo,

468 3285 629 3341 Vnus.
660 3286 751 3340 26.
803 3284 1118 3342 Hominibus
1142 3328 1159 3357 ,
1197 3291 1289 3360 qui
1321 3291 1486 3347 uitam
1523 3311 1678 3351 suam
1724 3299 1961 3366 periculo

394 3388 745 3448 exposuerunt
786 3393 893 3449 pro
922 3380 1130 3435 nomine
1177 3382 1391 3438 Domini
1428 3390 1595 3441 nostri
1636 3388 1763 3445 Jesu
1796 3391 1962 3446 Chri-

392 3470 486 3523 sti.

466 3558 630 3616 Vsus.
659 3559 750 3615 27.
808 3559 1047 3617 Misimus
1079 3564 1219 3619 enim
1264 3565 1467 3624 ludam
1492 3579 1541 3624 et
1563 3568 1758 3637 Silam,
1791 3572 1882 3643 qui
1912 3583 1962 3629 et

392 3652 492 3723 ipsi
526 3652 695 3707 verbis
723 3654 906 3708 eadem
919 3656 1155 3725 referent
1178 3659 1340 3714 uobis.

463 3742 673 3799 Placuit
719 3744 879 3800 nobis
911 3744 1071 3800 simul
1101 3751 1332 3806 coactis.
1372 3750 1512 3817 Quia
1543 3755 1800 3813 omnibus
1842 3757 1961 3813 haec

392 3833 697 3903 placebant,
730 3848 795 3889 ac
822 3848 881 3889 re
905 3833 1203 3892 deliberata
1231 3839 1347 3895 haec
1374 3843 1637 3900 scribunt.
1655 3844 1959 3902 Notandum

392 3932 477 3979 est
522 3938 703 3994 neque
730 3922 1014 3991 Iacobum,
1048 3941 1224 3997 neque
1250 3917 1473 3985 Petrum
1506 3947 1668 3990 ausos
1685 3948 1805 3991 esse
1841 3937 1961 3993 sine

391 4029 664 4072 consertam
678 4014 851 4071 totius
873 4014 1127 4073 Ecclesia:
1152 4019 1445 4077 decernere
1463 4022 1532 4079 de
1557 4027 1777 4098 negatio
1798 4027 1955 4098 122

392 4106 845 4173 circumcisionis,
863 4123 1174 4179 quanquam
1193 4111 1512 4182 judicabant
1534 4117 1638 4173 huc
1655 4120 1728 4173 ita
1749 4131 1958 4175 rectum

391 4213 551 4255 esse:
593 4213 771 4270 neque
812 4214 940 4256 vero
972 4216 1164 4259 omnes
1191 4208 1576 4264 auctoritatem
1602 4225 1756 4266 suam
1783 4213 1957 4268 inter-

388 4291 721 4362 posuissent,
760 4294 868 4351 nisi
917 4311 1236 4367 persuasum
1278 4299 1602 4357 habuissent
1634 4302 1738 4359 hoc
1791 4308 1957 4360 etiam

387 4385 605 4455 placere
643 4385 873 4457 Spiritui
900 4398 1111 4445 sancto.
1147 4388 1417 4447 Castorum
1452 4409 1523 4449 ne
1563 4406 1651 4450 res
1681 4397 1959 4452 videretur

383 4475 453 4531 ad
510 4474 662 4530 Pauli
695 4486 751 4533 et
776 4477 1038 4535 Barnabas
1068 4490 1316 4551 spectare
1345 4483 1673 4538 calumniam
1700 4486 1846 4555 quod
1878 4487 1956 4543 illi

1986 3245 2032 3308 ρ
2064 3217 2277 3286 πητοῒς
2310 3218 2481 3289 ἡμῶν
2517 3219 2799 3289 Βαρνάϐᾳ
2825 3220 2926 3275 καί
2971 3222 3213 3288 Παύλῳ,

2154 3312 2510 3381 ’Λνθρώποις
2553 3313 3004 3382 παραδεδωκόσι
3034 3312 3140 3380 τὰς
3195 3313 3408 3384 ψυχὰς
3448 3311 3619 3367 αὐτῶν

2068 3403 2224 3472 ὑπὲρ
2283 3403 2391 3459 τοῦ
2450 3405 2743 3475 ὀνόματος
2799 3407 2907 3461 τοῦ
2943 3405 3166 3475 Κυρίου
3219 3405 3403 3477 ήμῶν
3442 3404 3618 3475 Ἰησοῦ

2069 3493 2352 3563 Χριστοῦ.

2152 3584 2645 3656 Ἀπεστάλκαμεν
2676 3588 2789 3656 τὰρ
2824 3585 2872 3619 ⁸⁸
2918 3588 3155 3647 Ἰούδαν
3181 3590 3280 3644 καί
3309 3592 3509 3656 Σίλαν,
3535 3589 3616 3641 καί

2078 3676 2299 3744 αὐτοὺς
2340 3676 2840 3748 ἀπαγγέλλοντας
2870 3677 2966 3733 διὰ
3002 3682 3190 3749 λόγου
3226 3681 3298 3736 τὰ
3328 3680 3479 3735 αὑτά
3506 3681 3566 3735 ⁸⁸.

2143 3769 2361 3836 Ἔδοξεν
2395 3770 2529 3839 ἡμῖν
2566 3769 2876 3841 γενομένοις
2917 3772 3282 3842 ὁμοθυμαδὸν.
3323 3773 3447 3827 Ὀτι
3492 3773 3611 3825 πᾶσι

2066 3859 2240 3913 ταῦτα
2266 3859 2433 3925 δοκεῖ,
2477 3861 2571 3914 καὶ
2603 3860 2686 3913 ὅτι
2733 3861 2873 3931 μετά
2926 3861 3267 3932 ἐπισκέψεως
3304 3862 3473 3918 ταῦτα
3499 3865 3613 3932 γρά-

2067 3967 2252 4021 φουσι.
2290 3951 2630 4021 Σημειωτέον
2676 3950 2902 4005 ὅτιοῦτε
2962 3952 3237 4020 ἰἀκωσος,
3270 3953 3398 4007 οὔτε
3440 3953 3614 4022 Πέτρος

2065 4042 2370 4114 ἐτόλμησαν
2400 4042 2745 4113 δογματίζειν
2770 4043 2838 4096 τὰ
2864 4045 2993 4115 περὶ
3018 4043 3119 4114 τῆς
3151 4046 3474 4116 περιτομῆς,
3506 4043 3611 4096 καί·

2066 4154 2147 4189 τοι
2198 4135 2485 4207 κρίναντες
2538 4135 2670 4190 αὐτὸ
2707 4135 2875 4189 καλὸν
2923 4132 3069 4190 εἶναι
3101 4174 3117 4201 ,
3150 4137 3276 4209 δίχα
3316 4138 3491 4208 πάσης
3533 4137 3617 4203 τῆς

2082 4225 2441 4295 Ἐκκλησίαςο
2497 4223 2619 4279 οὕτε
2655 4225 2714 4279 δὲ
2765 4226 2967 4291 πάντες
3014 4227 3355 4299 ηὒθέντησαν
3386 4269 3402 4293 ,
3452 4229 3498 4280 εἰ
3553 4227 3616 4296 μὴ

2068 4316 2401 4387 ἐπείσθησαν
2423 4316 2507 4370 ὅτι
2536 4314 2693 4370 τοῦτο
2729 4316 2876 4371 δοκεῖ
2915 4320 3008 4371 καὶ
3050 4317 3130 4388 τῷ
3163 4318 3305 4391 ἁγίῳ
3340 4318 3613 4388 Πνεῦματι.

1981 4450 2006 4462 -
2068 4408 2186 4461 Ἵνα
2219 4409 2276 4462 δέ
2303 4408 2379 4479 μὴ
2397 4408 2523 4480 δόξῃ
2553 4409 2809 4480 διαϐολῆς
2850 4403 2994 4464 εἶναι
3023 4410 3236 4464 Παύλου
3259 4411 3357 4465 καὶ
3384 4409 3614 4483 Βαρνάῶι

2065 4501 2127 4554 τὺ
2155 4500 2199 4533 ⁵⁷
2248 4500 2488 4564 ἐκείνους
2522 4502 2924 4573 ἀποσταλῆναι,
2975 4503 3079 4575 δρα
3109 4502 3364 4575 ἐγκώμια
3410 4502 3606 4558 αὐτῶν·

383 4566 540 4622 missi
567 4577 744 4636 erant,
768 4570 894 4626 vide
919 4571 1284 4627 laudationem
1314 4573 1567 4630 illorum:
1616 4574 1956 4642 Hominibus,

2096 4594 2450 4663 Ανθρώποις,
2482 4593 2639 4663 φησὶ,
2670 4566 3127 4664 παραδεδωκόσι
3150 4566 3490 4666 iugentia,
3518 4594 3613 4647 ab-

383 4659 583 4729 inquit,
617 4662 707 4731 qui
733 4662 897 4718 vitam
930 4678 1084 4716 suam
1115 4664 1343 4734 periculo
1372 4678 1721 4735 exposuerunt
1742 4684 1838 4739 pro
1863 4685 1956 4724 no-

382 4753 522 4805 mine
548 4751 762 4805 Domini
789 4752 914 4807 Jesu
947 4753 1162 4810 Christi.

451 4841 619 4897 Vnus.
650 4841 742 4899 28.
798 4843 979 4898 Visum
1013 4854 1088 4899 est
1142 4846 1279 4900 enim
1315 4845 1541 4916 Spiritui
1581 4858 1764 4903 sancto
1789 4859 1840 4904 et
1868 4866 1957 4905 no-

381 4930 481 4995 bis,
509 4929 642 4984 niltil
667 4931 898 5000 amplius
920 4932 1060 4987 vobis
1085 4935 1259 4988 oneris
1283 4935 1570 5004 imponere,
1601 4945 1954 5009 praeterquam

377 5030 489 5077 nec
505 5025 807 5079 necessaria
831 5040 852 5079 :

457 5114 621 5171 Vens.
657 5116 746 5172 9.9.
811 5117 1031 5186 Nempe,
1062 5127 1119 5173 ut
1142 5118 1452 5174 abstineatis
1485 5137 1572 5176 vos
1603 5123 1670 5177 ab
1702 5123 1803 5186 his,
1835 5140 1953 5194 qua:

377 5211 679 5265 simulacris
706 5210 982 5266 immolata
1014 5221 1158 5279 sunt,
1190 5221 1240 5267 et
1266 5214 1545 5284 sattguine,
1576 5224 1627 5268 et
1673 5215 1948 5285 suffocato,

377 5312 426 5355 et
456 5301 770 5355 scortatione
800 5317 819 5354 :
853 5318 885 5355 a
935 5299 1126 5373 quibus
1140 5302 1188 5356 si
1216 5304 1645 5358 conservaveritis
1682 5306 1953 5360 vosmetti-

375 5390 535 5462 ipsos,
574 5405 710 5445 recte
741 5392 971 5462 facietis.
1010 5390 1210 5447 Valete.
1480 5378 1485 5383 ’

482 5505 528 5538 δ’
566 5504 744 5559 Calat.
776 5519 849 5570 tv,
874 5504 959 5557 ΓΙ.

2068 4683 2187 4739 τῶν
2211 4685 2364 4755 ὑπὲρ
2391 4684 2500 4741 τοῦ
2522 4686 2814 4756 ὀνόματος
2842 4685 2950 4743 τοῦ
2978 4688 3202 4757 Κυρίου
3233 4687 3402 4758 ἡμῶν
3441 4684 3611 4755 Ἰησοῦ

2065 4776 2343 4843 Χριστοῦ.

2138 4865 2355 4931 Ἔδοξε
2370 4864 2497 4936 ,γὰρ
2525 4865 2606 4932 τῷ
2630 4866 2777 4937 ἁγίῳ
2799 4868 3101 4938 Πνεύματι
3121 4869 3219 4925 καί
3253 4869 3415 4939 ἡμῖν,
3437 4866 3609 4940 μηδὲν

2064 4958 2255 5013 πλέον
2281 4957 2648 5014 ἐπιτίθεσθαι
2671 4957 3044 5029 ὑμῖνξβάρος,
3065 4960 3236 5032 πλὴν
3258 4961 3478 5016 τούτοιν
3506 4955 3608 5013 τῶν

2062 5049 2404 5120 ἐπάναγκες
2422 5065 2435 5080 ·

2144 5139 2470 5208 Ἀπέχεσθε
2495 5138 2541 5172 ⁸³
2572 5138 3001 5206 είδωλοθύτων,
3059 5142 3159 5196 καί
3204 5143 3465 5213 αῖματος,
3518 5134 3604 5192 καί

2060 5230 2312 5283 πνικτοῦ
2340 5268 2355 5294 ,
2412 5228 2512 5283 καί
2573 5229 2877 5298 πορνείας.
2923 5230 3025 5295 Ἐξ
3079 5224 3169 5287 ὧν
3207 5228 3603 5301 διατηροῦντες

2060 5320 2333 5387 ἑαυτοὺς,
2360 5314 2430 5376 εὖ
2468 5319 2742 5390 πράξετε.
2786 5322 3112 5389 Ἔρρωσθε.

1576 5598 1776 5659 Varia)
1810 5596 2115 5664 lectiones
2140 5608 2203 5663 et
2237 5608 2425 5664 notae.

456 5723 504 5755 “
536 5721 600 5776 In
628 5721 982 5790 manuscripto
1013 5734 1147 5787 erat,
1176 5721 1236 5786 ἐξ
1262 5721 1435 5793 ὑμῶν.

1532 5720 1671 5800 ‘f‘ln
1721 5725 1948 5800 vulgatis
2002 5730 2564 5800 animaanima”
2592 5727 2705 5788 οὖν.

2812 5734 2860 5767 ⁸⁸
2891 5729 2945 5791 Tn
2968 5736 3192 5807 vulgatis
3221 5748 3318 5807 est,
3351 5737 3430 5792 διὰ
3452 5733 3591 5804 λόγου

374 5794 817 5864 ἀπαγγέλλοντας
854 5799 924 5847 τὰ
958 5793 1118 5848 αὑτά.
1193 5793 1236 5824 ⁸⁷
1264 5794 1350 5848 Ζσ.
1382 5795 1480 5863 τῷ.
1558 5793 1603 5826 ⁸⁸
1630 5792 1693 5849 In
1720 5792 1944 5866 vulgatis
1976 5808 2047 5853 est
2073 5792 2211 5872 πλὴν
2228 5803 2335 5857 τῶν
2355 5792 2663 5872 ἐπάναγκες
2690 5802 2883 5867 106w:
2922 5792 3241 5879 ἁπέχῖσθαι.
