3856 6576
225 474 316 541 721
929 476 1330 539 EXPOSITIO
1370 476 1453 537 IN
1487 466 1672 536 ACTA
1710 469 2277 538 APOSTOLORUM.
2319 500 2387 512 -·
2423 475 2578 537 CAP.
2611 473 2764 537 XW.

3335 475 3443 537 722

290 593 351 645 οι
390 585 501 659 μὲν
554 581 666 645 οὖν
713 588 1122 657 ἀπολυθέντες
1165 585 1359 661 ἦλθον
1415 590 1502 653 εις
1562 584 1774 640 Ἀντιό-

1946 586 2107 640 ths.
2139 587 2224 641 50.
2277 589 2448 657 Atque
2477 588 2557 641 illi
2585 587 2794 658 quidem
2825 587 3030 643 dimissi
3058 598 3305 645 venerunt
3337 590 3445 644 An-

226 699 401 752 κδίανν
432 679 528 734 καὶ
551 680 998 750 συναγαγόντες
1055 681 1122 734 τὸ
1173 678 1406 748 πλῆθος
1471 676 1703 730 ἔδωκαν
1730 675 1775 706 ⁸³

224 776 328 842 τὴν
350 773 699 841 ἐπιστολήν.

300 867 684 933 Ἀναγνόντες
723 863 792 917 δὲ
823 863 1133 933 ἐχάρησαν
1182 864 1280 917 ἐπὶ
1334 861 1409 933 τῇ
1457 863 1773 933 “apaul-

225 975 334 1013 σει.

297 1050 512 1113 Ἰούδας
563 1065 626 1102 τε
675 1049 721 1081 ⁸ο
772 1048 871 1101 καί
898 1049 1104 1114 Σίλας,
1139 1046 1239 1101 καὶ
1266 1046 1437 1101 αὐτοὶ
1477 1045 1777 1115 προφῆται

225 1144 381 1205 ὄντες
408 1180 426 1205 ,
480 1137 582 1191 διὰ
628 1139 815 1207 λόγου
875 1138 1111 1194 πολλοῦ
1163 1136 1590 1207 παρεκάλεσαν
1634 1134 1778 1202 τοὺς

221 1231 512 1300 ἀδελφοὺς
556 1230 651 1285 και
684 1229 1109 1299 ἐπεστήριξαν.

285 1323 650 1389 Ποιήσαντες
677 1322 747 1376 δὲ
775 1323 1015 1391 χρόνον,
1046 1322 1445 1389 ἀπελύθησαν
1474 1320 1780 1391 μετέῑρή-
1856 1362 1863 1367 .

216 1420 319 1484 νης
355 1419 478 1472 ὑπὸ
508 1414 626 1471 τῶν
649 1414 931 1485 ἀδελφῶν
956 1413 1108 1483 πρὸς
1132 1414 1274 1481 τοὺς
1297 1413 1683 1479 ἀποστόλους
1706 1413 1776 1467 σι.

282 1508 520 1574 Παῦλος
556 1507 625 1561 δὲ
670 1508 770 1562 καὶ
798 1506 1108 1577 Βαρνάϐας
1140 1506 1435 1574 διέτριϐον
1458 1504 1529 1559 ἐν
1568 1506 1779 1559 Ἀντιο-

221 1603 359 1670 χείᾳ,
408 1598 809 1664 διδάσκοντες
842 1597 941 1654 καὶ
968 1596 1480 1668 εὐαγγελιζόμενοι
1504 1596 1655 1665 μετὰ
1681 1596 1781 1651 καὶ

220 1688 425 1757 ἐτέρων
451 1685 703 1743 πολλῶν
745 1687 852 1742 τὸν
886 1689 1073 1756 λόγον
1112 1686 1216 1740 τοῦ
1254 1687 1497 1754 Κυρίου.

280 1781 442 1835 Μετὰ
520 1778 588 1833 δέ
652 1795 823 1844 τινας
873 1776 1100 1847 ἡμέρας
1147 1772 1279 1831 εἷπε
1338 1776 1579 1844 Παῦλος
1626 1776 1778 1845 πρὸς

1879 678 2146 737 tiochiam,
2179 677 2268 731 ubi
2291 694 2407 732 cum
2442 681 2729 749 coegissent
2755 679 3168 745 multitudinem,
3202 681 3444 735 reddide-

1878 778 1999 821 runt
2020 770 2316 837 epistolam.

1948 858 2108 915 Vens.
2140 861 2226 915 51.
2281 862 2398 927 Qua
2420 865 2666 924 recitata.
2693 865 2860 933 gavisi
2880 875 2999 918 sunt
3028 873 3242 935 propter
3265 881 3442 919 conso-

1880 951 2128 1004 lationem
2155 961 2204 1006 et
2231 953 2667 1009 exhortationem.

1949 1041 2111 1098 Vens.
2141 1043 2232 1099 52.
2255 1044 2329 1098 Ac
2354 1044 2390 1097 J
2395 1047 2525 1099 udas
2547 1056 2595 1100 et
2629 1046 2794 1112 Silus,
2814 1050 2954 1118 quod
2973 1049 3076 1117 ipsi
3089 1065 3292 1120 quoque
3319 1065 3444 1117 pro-

1878 1134 2044 1203 pheta
2072 1143 2247 1199 erant,
2284 1133 2446 1188 multo
2477 1151 2711 1191 sermone
2746 1139 2937 1208 fratres
2974 1139 3230 1194 consolati
3259 1149 3306 1193 et
3345 1141 3444 1193 ad-

1878 1226 2075 1280 hortati
2101 1233 2246 1290 sunt,
2273 1240 2460 1297 eosque
2483 1228 2942 1296 confirmaverunt.

1947 1315 2113 1372 Vens.
2129 1318 2219 1373 55.
2242 1316 2568 1374 Commorati
2596 1329 2771 1373 autem
2800 1320 2911 1372 illic
2943 1320 3258 1392 aliquandiu
3280 1323 3446 1375 amice

1879 1408 2087 1463 dimissi
2119 1418 2239 1464 sunt
2261 1427 2295 1464 a
2316 1409 2572 1480 fratribus
2606 1412 2675 1464 ad
2707 1413 2988 1479 apostolos.

1955 1501 2112 1558 Vens.
2146 1501 2236 1558 54.
2287 1502 2491 1556 Paulus
2523 1512 2699 1556 autem
2729 1511 2781 1556 et
2820 1501 3098 1557 Barnabas
3133 1506 3446 1557 commorati

1878 1603 1998 1650 sunt
2022 1594 2308 1649 Antiochia
2324 1594 2584 1661 docentes,
2609 1603 2657 1649 et
2686 1612 2789 1649 una
2819 1612 2937 1649 cum
2960 1595 3085 1651 aliis
3121 1596 3301 1650 multis
3326 1613 3446 1651 ver-

1880 1687 2001 1740 bum
2034 1684 2241 1740 Domini
2258 1687 2658 1741 annuntiantes.

1952 1778 2116 1832 Vens.
2148 1777 2236 1832 55.
2281 1774 2383 1832 Sed
2425 1787 2539 1846 post
2584 1778 2789 1849 aliquot
2819 1780 2937 1834 dies
2974 1780 3110 1834 dixit
3145 1778 3347 1833 Paulus
3383 1781 3451 1832 ad

220 1870 526 1940 Βαρνάϐαν
553 1887 566 1902 ·
615 1868 1119 1937 Ἐπιστρέψαντες
1181 1866 1258 1935 δὴ
1320 1867 1778 1936 ἐπισκεψώμεθα

1923 1869 2185 1922 ΐατηαὸαηι
2219 1884 2238 1922 :
2296 1867 2403 1938 Age
2430 1878 2791 1933 revertamur,
2838 1881 2884 1923 et
2925 1872 3218 1925 invisamus
3255 1871 3450 1940 fratres

222 1958 349 2027 τοῦς
374 1962 686 2031 ἀδελφοὺς
731 1960 901 2030 ἡμῶν
927 1960 1079 2015 κατὰ
1110 1960 1319 2017 πᾶσαν
1344 1962 1548 2024 πόλιν,
1587 1961 1658 2014 ἐν
1683 1954 1780 2026 αἷς

223 2054 684 2122 κατηγγείλαμεν
739 2052 849 2105 τὸν
916 2053 1105 2122 λόγον
1162 2051 1272 2106 τοῦ
1329 2053 1590 2120 Κυρίου,
1654 2049 1781 2117 πῶς

220 2145 445 2214 ἔχουσι.

284 2232 592 2300 Βαρνάϐας
614 2231 683 2286 δὲ
713 2231 1121 2288 ἐϐουλεύσατο
1152 2232 1652 2302 συμπαραλαϐεῒν
1675 2233 1783 2287 τὸν

232 2324 515 2393 Ἰωάννην
535 2366 549 2390 ,
584 2324 693 2378 τόν
721 2326 1102 2382 καλούμενον
1132 2326 1395 2395 Μάρκον.

286 2414 527 2482 Παῦλος
571 2414 639 2468 δὲ
684 2414 882 2483 ἠξίου,
924 2416 1032 2470 τὸν
1072 2414 1425 2471 ἀποστάντα
1454 2416 1556 2471 ἀπ’
1585 2416 1785 2471 αὐτῶν

224 2507 326 2560 ἀπὸ
354 2508 738 2576 Παμφυλίας,
770 2507 871 2562 καὶ
908 2508 995 2578 μὴ
1039 2509 1418 2564 συνελθόντα
1459 2508 1664 2575 αὐτοῖς
1698 2510 1786 2575 εις

223 2602 279 2652 τὸ
308 2600 510 2667 ἔργον,
529 2600 615 2668 μὴ
644 2601 1141 2669 συμπαραλαϐεἷν
1172 2601 1409 2656 τοῦτον.

294 2692 512 2755 Ἔδοξε
559 2690 640 2757 τῷ
672 2690 820 2763 ἁγίῳ
855 2693 1175 2762 Πνεύματι.
1209 2693 1327 2747 Ἵνα
1366 2693 1442 2766 μὴ
1487 2693 1786 2765 νομίσωσιν

225 2780 558 2853 ἀνθρώπινον
588 2777 752 2837 εἶναι.
786 2782 861 2837 Τδ
891 2783 970 2849 δὲ,
1010 2783 1204 2854 Ἡμῖν,
1235 2785 1327 2840 ἶνα
1354 2785 1678 2857 δῶαχθῶσιν
1705 2787 1787 2840 ὅτι

226 2872 310 2923 καὶ
350 2873 517 2926 αὐτοὶ
550 2873 909 2943 ἀποδέχονται
934 2914 950 2938 ,
1007 2875 1107 2928 καὶ
1160 2877 1221 2930 ἐν
1282 2879 1552 2949 περιτομῇ
1605 2877 1786 2941 ὄντες.

226 2963 385 3032 Πλὴν
408 2964 637 3018 τούτων
684 2963 804 3019 τῶν
825 2964 1182 3036 ἐπάναγκες.
1219 2967 1504 3023 Δείκνυσιν
1524 2969 1608 3023 ὅτι
1636 2970 1789 3024 οὐδὲν

227 3056 399 3118 αὐτοῖς
424 3055 619 3121 λείπει,
643 3054 759 3110 ἀλλ’
795 3056 955 3128 ἀρκεῖ
977 3057 1154 3113 τοῦτο.
1183 3059 1283 3114 Διὰ
1323 3059 1382 3115 δὲ
1423 3060 1542 3125 τοῦ,
1589 3060 1791 3132 ἀπέχε-

1885 1970 2090 2015 nostros
2120 1976 2214 2029 per
2256 1976 2433 2014 omnes
2471 1960 2731 2025 civitates,
2770 1962 2824 2015 in
2862 1963 3051 2033 quibus
3104 1964 3452 2016 annuntiavi-

1883 2069 1999 2106 mus
2032 2050 2244 2105 verbum
2297 2049 2534 2117 Domini,
2589 2060 2646 2105 ut
2688 2052 2917 2107 sciamus
2956 2054 3213 2122 quomodo
3249 2070 3303 2107 se
3347 2055 3447 2107 lia-

1885 2142 2062 2196 beant.

1954 2231 2119 2289 Vens.
2152 2234 2240 2289 56.
2272 2235 2550 2290 Barnabas
2583 2244 2763 2289 autem
2795 2242 3057 2289 statuerat
3090 2252 3261 2289 secum
3301 2251 3449 2289 assu-

1886 2342 2026 2379 mere
2044 2325 2303 2382 Joannem
2336 2338 2674 2397 cognomento
2711 2326 3000 2382 Marcum:

1955 2417 2118 2473 Vens.
2171 2418 2261 2473 57.
2322 2417 2427 2473 Sed
2465 2419 2669 2474 Paulus
2697 2435 2801 2473 non
2835 2435 3042 2489 (equum
3090 2418 3353 2483 censebat,
3396 2428 3453 2472 ut

1886 2510 1931 2563 is
1960 2510 2051 2579 qui
2075 2510 2339 2580 defecisset
2383 2508 2449 2563 ab
2482 2511 2609 2579 ipsis
2650 2511 2705 2563 in
2743 2508 3093 2579 Pamphylia,
3137 2527 3229 2563 nec
3276 2527 3455 2565 eorum

1888 2614 2052 2652 comes
2084 2598 2140 2651 in
2166 2597 2258 2651 illo
2287 2600 2491 2669 negotio
2513 2615 2622 2653 esse
2652 2599 2914 2664 voluisset,
2938 2608 3311 2653 assumeretur.

1963 2689 2136 2744 Visum
2165 2699 2240 2744 est
2270 2689 2499 2759 Spiritui
2521 2700 2725 2745 sancto.
2759 2688 2838 2745 Ne
2863 2699 3120 2761 putarent
3147 2705 3267 2745 esse
3292 2706 3457 2760 nego-

1889 2784 2023 2838 tium
2059 2783 2381 2839 humanum.
2415 2782 2574 2849 Quod
2621 2794 2803 2838 autem
2834 2781 3004 2838 dicit:
3052 2782 3123 2837 Et
3156 2783 3321 2847 nobis,
3356 2783 3460 2837 hoc

1906 2872 2114 2927 idcirco
2136 2872 2408 2943 adjectum
2441 2881 2545 2936 est,
2572 2881 2634 2927 ut
2664 2872 2992 2928 docerentur
3012 2872 3175 2926 etiam
3200 2871 3306 2924 illis
3329 2871 3460 2941 ipsis

1889 2976 2202 3033 quanquam
2234 2960 2597 3028 circumcisis,
2639 2977 2755 3017 rem
2793 2960 2866 3016 ita
2904 2960 3124 3031 probari
3147 2968 3311 3031 atque
3339 2960 3457 3030 pla-

1893 3067 2036 3108 cere.
2071 3052 2434 3124 Prwterquam
2482 3054 2593 3108 hac
2634 3054 2953 3108 necessaria.
3023 3051 3278 3108 Ostendit
3322 3051 3459 3106 nihil

228 3146 339 3200 σθαι
399 3147 630 3203 πνικτοῦ
662 3186 678 3210 ,
742 3147 835 3201 τὸν
898 3148 1059 3218 φόνον
1113 3149 1389 3220 ἀπείργει.
1438 3150 1551 3206 Kal
1603 3166 1785 3206 συνα-

1923 3145 1999 3200 llis
2029 3145 2239 3210 deesse,
2263 3145 2360 3201 sed
2391 3145 2497 3202 hoc
2522 3145 2655 3202 satis
2682 3160 2824 3201 esse.
2850 3144 2955 3200 Per
2979 3145 3085 3201 hoc
3105 3155 3284 3210 autem
3314 3145 3459 3215 quod

229 3241 505 3307 ταγόντες
532 3239 602 3294 τὸ
652 3239 905 3309 πλῆθος,
936 3240 1168 3295 ἔδωκαν
1193 3242 1241 3275 ⁸¹
1271 3242 1388 3310 τὴν
1434 3242 1785 3311 ἐπιστολήν.

1923 3237 2154 3292 ubentur
2184 3236 2459 3292 abstinere
2494 3252 2525 3291 a
2558 3235 2826 3293 sudocato
2854 3276 2869 3301 ,
2905 3237 3080 3292 caedes
3118 3235 3456 3306 prohibetur.

228 3330 399 3385 Τοῦτσ
425 3331 747 3403 παραμυθία
800 3332 1160 3399 διδασκάλων,
1199 3335 1233 3405 ή
1266 3332 1505 3397 ἐπίδοσις
1545 3334 1654 3388 τῶν
1693 3352 1791 3405 μα-

231 3422 619 3493 θητευομένων.
664 3424 1170 3494 Ἐπιστρέψαντες
1198 3425 1268 3479 δὲ
1305 3426 1787 3497 ἐπισκεψώμεθα.

231 3514 564 3584 Σημειωτέον
591 3515 649 3569 δὲ
687 3516 772 3570 ὅτι
821 3516 986 3586 ἔργον
1016 3516 1128 3571 τῶν
1185 3517 1527 3589 ἡγουμένων,
1560 3535 1788 3591 περιερ-

229 3604 488 3671 γάζεσθαι
521 3605 648 3669 τοὺς
678 3605 772 3659 ὑπ’
805 3606 989 3660 αὐτῶν
1021 3606 1413 3675 φωτισθέντας,
1449 3607 1647 3679 μήπως
1679 3608 1789 3680 ἄρα
1834 3640 1841 3647 ο

230 3695 317 3764 οὐχ
353 3694 664 3763 ὑγιαίνουσι
716 3698 784 3767 τῇ
824 3695 1030 3766 πίστει,
1071 3697 1206 3752 ἀλλὰ
1233 3697 1557 3770 χωλεύουσι,
1589 3699 1683 3754 καὶ
1710 3699 1791 3753 δεῖ
1835 3756 1839 3761 ,

233 3787 423 3850 αὐτοὺς
452 3786 836 3857 διορθωθῆναι.
1032 3807 1056 3853 3

1898 3326 1997 3383 Ubi
2024 3345 2143 3382 cum
2191 3327 2477 3399 coegissent
2520 3327 2933 3390 multitudinem,
2971 3327 3311 3382 reddiderunt
3347 3328 3462 3394 epi-

1893 3416 2105 3472 stolam.
2154 3415 2479 3471 Consolatur
2513 3415 2618 3470 hoc
2663 3416 2973 3487 magistros,
3017 3416 3268 3471 videlicet
3301 3416 3347 3471 si
3381 3417 3465 3471 di-

1893 3510 2083 3578 scipuli
2135 3507 2440 3579 proﬁciant.
2489 3507 2800 3564 Notandum
2858 3517 2946 3564 est
2985 3518 3170 3564 autem
3224 3507 3462 3565 cilicium

1892 3616 2015 3658 esse
2046 3615 2236 3656 eorum
2290 3598 2383 3669 qui
2420 3608 2684 3669 praesunt,
2722 3606 2784 3654 ut
2829 3614 3018 3654 curam
3061 3599 3368 3667 suscipiant
3410 3610 3467 3656 et

1898 3695 2138 3752 studlose
2172 3691 2451 3763 inquirant
2498 3690 2551 3744 in
2582 3705 2700 3756 eos,
2735 3690 2830 3761 qui
2873 3691 2941 3746 ab
2970 3705 3093 3746 sese
3122 3689 3326 3745 fuerint
3374 3693 3467 3747 do-

1897 3786 2072 3844 ctrina
2088 3784 2398 3857 evangelica
2419 3783 2727 3847 illuminati,
2751 3783 2907 3855 123
2924 3800 3054 3840 num
3075 3784 3262 3855 utique
3285 3784 3468 3855 aliquo

231 3875 383 3930 modo
422 3890 535 3931 non
572 3893 702 3933 sana
730 3879 942 3948 praediti
978 3879 1088 3935 sint
1121 3881 1246 3947 ﬁde,
1281 3898 1350 3935 an
1388 3881 1553 3937 etiam
1582 3882 1915 3948 claudicent,
1947 3886 2112 3950 atque
2148 3876 2205 3932 in
2232 3884 2436 3931 rectam
2484 3874 2628 3931 viam
2675 3874 2970 3932 reducendi
3024 3882 3079 3931 et
3144 3874 3468 3936 emendandi

231 3972 637 4044 corrigendique
652 3973 780 4028 sint.

305 4064 577 4134 Ἐγένετο
625 4062 740 4122 οὖν
767 4067 1179 4137 παροξυσμὸς,
1231 4069 1389 4126 ὥστε
1433 4070 1795 4141 χωρισθῆναι

232 4156 449 4222 αὐτοὺς
477 4157 582 4211 ἀπ’
601 4157 913 4224 ἀλλήλων,
938 4159 1046 4213 τὸν
1071 4160 1140 4214 δὲ
1164 4162 1212 4195 ⁵³
1240 4164 1573 4231 Βαρνάϐαν,
1605 4181 1795 4233 παρα-

232 4249 488 4302 λαϐόντα
512 4246 619 4302 τὸν
643 4249 907 4317 Μάρκον,
943 4251 1278 4308 ἐκπλεῦσαι
1300 4256 1386 4320 εὶς
1420 4255 1680 4323 Κύπρον.

296 4337 540 4405 Παῦλος
586 4338 655 4393 δὲ
687 4338 1120 4412 ἐπιλεξάμενος
1170 4345 1383 4412 Σίλαν,
1426 4346 1649 4415 ἐξῆλθε
1690 4364 1798 4402 πα-

1970 4067 2132 4122 Vens.
2158 4065 2248 4122 58.
2272 4063 2441 4119 Tanta
2463 4063 2624 4136 igitur
2643 4063 2779 4118 inter
2795 4062 2933 4133 ipsos
2956 4063 3155 4119 exstitit
3171 4064 3470 4117 animorum

1899 4160 2200 4222 concitatio,
2236 4166 2305 4211 ut‘
2323 4156 2458 4212 alter
2486 4157 2562 4211 ab‘
2584 4157 2753 4212 altero
2792 4155 3140 4223 discederent,
3171 4167 3220 4211 et
3255 4156 3471 4211 Barna-

1900 4258 1993 4310 bas
2035 4260 2303 4322 assumpto
2330 4255 2516 4306 Marco
2542 4252 2813 4321 navigaret
2840 4252 2896 4305 in
2914 4250 3167 4321 Cyprum.

1972 4342 2134 4398 Vens.
2169 4341 2256 4398 59.
2290 4340 2418 4397 ~Sed
2445 4341 2650 4397 Paulus
2681 4340 2880 4396 delecto
2911 4340 3050 4407 Sila,
3080 4340 3272 4412 gratia?
3315 4340 3409 4395 Dei
3438 4358 3470 4394 ιι

234 4427 499 4530 ραδοθεὶς
559 4427 632 4498 τῇ
688 4429 886 4500 χάριτι
950 4432 1058 4488 τοῦ
1109 4434 1258 4489 Θεοῦ
1309 4435 1431 4491 ὑπὸ
1475 4437 1589 4493 τῶν
1623 4437 1785 4495 ἀδελ-

1923 4435 2161 4491 'ratribus
2192 4435 2593 4490 commendatus
2620 4435 2887 4505 profectus
2914 4442 3013 4499 est,

235 4538 378 4588 ρων.

301 4612 583 4680 Διῆρχετο
619 4612 688 4668 δὲ
726 4615 844 4684 τὴν
862 4616 1085 4686 Συρίαν
1114 4615 1213 4672 καὶ
1244 4618 1518 4674 Κιλικίαν
1550 4620 1797 4690 ἐπιστηλ

235 4701 403 4767 pier
420 4703 529 4772 τὰς
566 4706 954 4775 Ἐκκλησίας.

810 4798 1062 4853 ΚΕΦΔΔ.
1096 4797 1211 4867 Iq'.

309 4889 666 4956 ιιάτήντησε
720 4887 794 4963 δὲ
831 4892 918 4956 είς
947 4888 1169 4958 Δέρϐην
1216 4892 1315 4946 καὶ
1346 4892 1646 4962 Λύστραν.
1690 4893 1799 4949 Kal

1975 4614 2137 4671 Vsus.
2177 4615 2266 4671 ιθ.
2323 4616 2398 4670 Ac
2422 4613 2739 4688 peragrabat
2771 4613 2981 4686 Syriam
3007 4621 3059 4669 et
3086 4611 3329 4670 Ciliciam
3369 4611 3474 4669 Ec-

1904 4708 2089 4763 clesias
2115 4708 2453 4778 conﬁrmans.

2465 4797 2695 4856 CAPUT
2747 4798 2889 4855 XVI.

1980 4892 2139 4948 Vens.
2168 4893 2222 4946 f.
2278 4890 2519 4945 Pervenit
2566 4899 2743 4945 autem
2774 4888 2978 4945 Derben
3015 4907 3080 4944 ac
3107 4887 3357 4962 Lgstran.
3409 4888 3473 4943 Et

242 4978 369 5033 ἰδοὺ
391 4979 664 5050 μαθητὴς
685 4976 766 5052 ἦν
803 4980 927 5035 ἐκεῖ
950 4980 1019 5045 ⁸⁸,
1051 4982 1295 5051 ὀνόματι
1331 4985 1623 5053 Τιμόθεος,
1666 4984 1785 5050 υίὸς

1923 5001 2019 5039 ecce
2047 4981 2335 5053 discipulus
2385 4982 2602 5053 quidam
2634 4990 2751 5037 erat
2780 4980 2891 5036 illic
2915 4981 3122 5036 nomine
3151 4980 3471 5042 Timotheus,

236 5072 518 5138 γυναικός
560 5088 725 5137 τινος
784 5072 1072 5139 Ἰουδαίας
1128 5073 1355 5143 πιστῆς
1382 5113 1398 5138 ,
1451 5076 1678 5143 πατρὸς
1732 5077 1785 5131 δι

1923 5075 2049 5130 Vilius
2098 5074 2334 5129 mulieris
2379 5074 2660 5143 cujusdam
2700 5071 2924 5140 Iudice,
2961 5087 3078 5144 quae
3117 5080 3233 5126 erat
3262 5071 3431 5140 ﬁdelis
3455 5088 3474 5127 :

242 5162 538 5232 Ἕλληνος
554 5182 569 5196 ⁸

314 5256 417 5321 Ὃς
465 5256 845 5326 ἐμαρτυρεῖτο
894 5259 1013 5313 ὑπὸ
1074 5256 1193 5313 τῶν
1247 5259 1317 5313 ἐν
1359 5260 1653 5330 Λύστροις
1703 5259 1804 5314 καὶ

253 5342 479 5411 Ἰκονίῳ
519 5347 817 5417 ἀδελφῶν.

323 5436 540 5492 Τοῦτον
568 5437 876 5506 ἠθέλησεν
930 5442 965 5493 ό
1024 5439 1265 5505 Παῦλος
1296 5441 1420 5494 σὺν
1439 5440 1599 5507 αὐτῷ
1639 5440 1808 5506 ἐξελ-

1908 5167 1999 5219 sed
2027 5163 2388 5232 patre-(furca
2415 5166 2522 5218 sive
2555 5164 2763 5237 gentili,

1988 5255 2147 5311 Vens.
2177 5258 2231 5312 2.
2268 5256 2433 5321 Quem
2459 5272 2554 5309 suo
2585 5257 2881 5309 testimonio
2907 5254 3339 5309 commendabant
3363 5257 3475 5326 fra-

1915 5360 2018 5407 tres
2047 5355 2303 5422 quierant
2332 5351 2534 5422 L'gstris
2557 5358 2604 5404 et
2632 5348 2820 5403 Iconii.

1987 5444 2161 5500 Vens.
2204 5446 2258 5501 5.
2318 5443 2472 5498 llunc
2511 5441 2714 5498 Paulus
2758 5457 2934 5495 secum
2986 5438 3475 5510 voluit‘proﬁcisci,

1419 5604 1618 5668 Variae
1651 5607 1953 5671 lectiones
1983 5612 2044 5669 et
2083 5612 2270 5669 nota).

316 5745 365 5828 ’τ’
398 5747 703 5828 Inpulgatis
721 5763 816 5828 est,
857 5756 1154 5828 ἐπέδωκαν.
1230 5756 1274 5828 ε’
1300 5757 1365 5812 In
1395 5756 1657 5828 nonnullis
1675 5757 1785 5828 vulg

1933 5767 2027 5822 est,
2051 5740 2360 5828 Ἰούδας-δέ.
2424 5755 2479 5828 _"
2509 5751 2574 5806 In
2594 5751 2820 5828 pulgatis
2842 5761 2938 5828 est,
2966 5748 3074 5828 ἀπῆ
3099 5748 3209 5828 εῷν
3240 5745 3484 5828 ἀδελφῶν

250 5818 385 5897 πρὸς
410 5823 530 5885 τοὺς
553 5818 903 5897 ἀποστόλους.
947 5826 1141 5880 Deinde
1162 5827 1487 5894 adjiciantur
1506 5827 1614 5881 luec
1660 5818 1785 5881 veri;

1923 5818 2117 5897 οξεδὲῌ
2136 5825 2214 5894 τῷ
2253 5825 2383 5897 Σίλᾳ
2416 5818 2702 5896 ἑπεμιίναῐ
2722 5822 2925 5893 ίαῦτοῦ.

3028 5820 3075 5853 ⁸³
3097 5819 3312 5882 ἑδοκαν,
3340 5826 3474 5871 erat.

249 5886 298 5917 ⁸³
331 5887 417 5941 τόν
471 5907 549 5958 τε,
602 5903 674 5948 est
709 5895 763 5949 in
790 5894 1032 5968 vulgatis.
1106 5897 1153 5930 ⁸⁷⁸
1196 5886 1258 5952 In
1304 5897 1529 5969 vulgatis
1558 5907 1653 5964 est,
1685 5898 1785 5969 μαϐ

1923 5916 1931 5960 ς
1963 5886 2054 5961 ῖιις
2088 5891 2163 5968 ἦν
2185 5886 2333 5950 Ἐκεῖ.
