3856 6536
433 362 538 425 ’127
1406 369 1973 433 THEOPHYLACTI

2132 371 2420 434 [ΒΑΜιῦ
2452 369 2653 431 ARCH
2662 368 2805 431 lEP.
3551 356 3655 428 723

434 473 796 530 defectionem
830 492 859 531 a
885 477 1000 549 lege
1035 477 1273 545 doceret,
1306 497 1368 535 ac
1402 481 1756 537 vehementer
1779 483 1882 538 illis
1912 484 1996 539 in-

2132 485 2258 556 μόν.
2315 482 2428 538 Καὶ
2452 481 2627 537 ταῦτα
2678 482 2779 553 μὲν
2825 479 2955 544 τοὺς
3009 480 3345 545 ἀποστόλους
3399 478 3667 533 ἔϐλαπτον

432 565 584 620 visus
636 573 773 620 erat.
834 566 1064 632 Quando
1117 570 1279 641 igitur
1329 571 1676 628 Timotheum
1709 574 1991 631 invenerat

2132 575 2244 629 Βδέν
2278 593 2291 606 ·
2322 573 2530 642 ἐγίνετο
2569 573 2625 627 δὲ
2650 575 2762 637 τοῖς
2801 571 3076 636 Ἰουδαίοις
3103 572 3376 644 σωτηρίας
3402 570 3660 633 ὑπόθεσις

433 656 756 726 discipulum
778 657 845 713 de
870 658 1070 716 Graecis
1095 670 1149 716 et
1178 662 1431 734 gentibus
1455 678 1776 722 conversum
1800 666 1868 721 ad
1892 666 1991 721 mi-

2136 667 2191 719 αὶ
2221 666 2322 736 τῆς
2351 666 2429 727 είς
2459 663 2697 736 Χριστὸν
2723 663 2964 727 πίστεως
2995 662 3163 735 ἁρχὴ,
3201 663 3284 717 δτι
3308 659 3666 723 διδασκάλους

435 747 717 803 nisterium
743 763 903 804 suum
931 749 1210 819 idoneum,
1239 761 1296 808 et
1323 755 1577 811 comitem
1606 771 1729 812 eum
1747 754 1991 828 peregri-

2132 752 2243 829 ίχον
2291 755 2586 823 τοιούτους,
2617 755 2697 820 ὡς
2742 754 3015 827 ινύμιζον,
3043 754 3417 826 φυλάττοντας
3465 753 3562 807 τὸν
3586 754 3665 807 νό-

436 838 676 895 nationis
699 838 901 896 habere
929 842 1162 909 volebat,
1190 853 1411 915 propter
1440 861 1535 903 eos
1565 847 1659 917 qui
1690 846 1854 917 impie
1889 846 1993 903 sibi
2102 865 2224 919 μον.

433 931 788 992 obtrectando
809 938 1087 1007 negotium
1112 936 1471 1007 lacessebant,
1492 956 1617 997 eum
1639 941 1997 1008 circumcidit,
2039 943 2144 999 hoc
2169 940 2397 998 artiﬁcio
2428 942 2549 997 illos
2589 941 2806 997 trahere
2840 940 2910 997 ad
2931 956 2991 998 se
3019 940 3227 998 volens.
3258 938 3398 995 Nam
3459 938 3510 994 si
3578 936 3666 992 Ti-

433 1026 686 1083 motheus
714 1029 1130 1090 incircumcisus
1159 1035 1369 1101 fuisset,
1399 1036 1491 1107 qui
1518 1052 1747 1093 munere
1802 1036 2033 1093 docendi
2068 1037 2409 1109 iungeretur,
2487 1050 2681 1093 omnes
2732 1034 3073 1092 resiluissent
3119 1050 3185 1092 se
3239 1033 3555 1090 defecissen
3605 1033 3667 1089 sb

432 1118 542 1172 illo.
572 1116 707 1175 Nam
734 1120 781 1174 si
816 1130 1099 1194 tantopere
1122 1124 1321 1185 Paulus
1346 1136 1634 1185 accusatus
1662 1140 1745 1185 est
1771 1137 1992 1200 propter
2027 1128 2387 1200 Trophimutn
2438 1126 2759 1199 Ephesium,
2810 1141 2975 1198 quem
3005 1127 3272 1197 putabant
3335 1125 3410 1180 ab
3480 1124 3574 1180 illo
3616 1124 3665 1180 in

435 1211 696 1282 templum
748 1212 1120 1274 introductum
1180 1218 1349 1276 fuisse
1385 1238 1398 1274 :
1445 1221 1513 1275 de
1550 1220 1750 1276 Graecis
1797 1230 1976 1275 autem
2004 1232 2069 1275 ac
2103 1219 2556 1291 gentilibusrrat
2598 1218 2730 1275 hic:
2781 1217 2913 1288 quid
2946 1215 3165 1271 tandem
3207 1214 3508 1271 accidisset
3529 1215 3598 1279 ei,
3620 1212 3661 1267 si

432 1304 802 1373 Timotheum,
828 1310 920 1380 qui
947 1311 1141 1367 doctor
1165 1322 1328 1377 esset,
1353 1313 1423 1367 de
1450 1313 1786 1384 praeputiatis
1814 1327 2002 1369 secum
2041 1312 2320 1368 habuisset
2349 1312 2373 1366 ί
2400 1310 2538 1367 Vide
2566 1311 2696 1366 item
2733 1310 2882 1366 illum
2914 1307 3259 1381 puriﬁcatam
3312 1307 3384 1364 de
3453 1315 3667 1361 senten-

431 1398 503 1453 tia
528 1400 859 1471 collegarum
904 1404 1297 1473 apostolorum,
1370 1415 1425 1461 et
1476 1407 1530 1461 in
1599 1407 1806 1478 templo
1872 1405 2291 1462 annuntiantem
2341 1404 2705 1474 espletionem
2758 1399 3170 1474 puriﬁcationis.
3222 1397 3425 1456 Omnia
3494 1404 3663 1452 autem

429 1493 662 1550 faciebat
702 1502 927 1566 propter
979 1498 1211 1554 salutem
1256 1498 1590 1556 Judzeorum.
1640 1498 1825 1555 Posset
1863 1500 1993 1555 item
2030 1497 2152 1570 quis
2172 1497 2417 1553 invenire
2441 1495 2664 1553 Petrum
2689 1510 2907 1567 quoque
2962 1494 3296 1551 Judaismum
3347 1490 3661 1552 simulasse;

434 1594 599 1655 atque
641 1586 758 1641 luec
803 1588 1066 1656 apostolis
1102 1588 1237 1644 nihil
1295 1591 1580 1647 nocebant.
1620 1591 1749 1647 Erat
1790 1599 1974 1647 autem
2045 1590 2246 1646 Iudaeis
2288 1604 2451 1646 causa
2489 1587 2680 1644 salutis
2714 1595 2772 1643 et
2814 1585 2941 1642 ﬁdei
2979 1585 3038 1641 in
3100 1583 3378 1642 Christum
3435 1581 3661 1648 initium,

432 1677 582 1746 quod
616 1676 754 1733 tales
784 1678 1056 1735 habebant
1097 1680 1371 1746 doctores,
1399 1684 1490 1753 qui
1529 1686 1724 1755 legem,
1760 1693 1819 1739 ut
1843 1683 2448 1755 putabant,servarent.

502 1770 663 1826 Vens.
693 1770 746 1825 4.
805 1770 937 1827 Cum
981 1782 1154 1828 autem
1193 1774 1391 1830 obirent
1429 1777 1687 1843 civitates,
1716 1776 1995 1832 tradebant
2028 1781 2070 1837 Β

430 1862 505 1916 eis
543 1862 803 1916 seruanda
831 1863 1049 1930 placita,
1099 1881 1219 1936 qua
1250 1877 1400 1921 erant
1423 1869 1631 1924 decreta
1661 1869 1726 1924 ab
1746 1867 1997 1940 apostolis
2050 1923 2059 1931 ,

428 1960 477 2005 et
509 1952 820 2019 senioribus,
862 1954 954 2024 qui
982 1965 1138 2010 erant
1164 1958 1221 2010 in
1251 1956 1571 2013 Jerusalem.

500 2132 667 2190 Vens.
694 2134 747 2190 5.
808 2134 928 2191 Hac
959 2138 1142 2209 itaque
1176 2141 1380 2195 ratione
1419 2141 1601 2211 ﬁebat,
1650 2150 1709 2198 ut
1747 2142 1998 2199 Ecclesia

430 2226 874 2295 conﬁrmarentur
922 2228 1030 2297 fide
1058 2269 1073 2294 ,
1140 2238 1190 2284 et
1251 2248 1466 2286 numero
1520 2234 1755 2303 quotidie
1800 2250 1998 2288 cresce-

430 2325 570 2372 τεκι.

394 2451 401 2459 .
502 2406 665 2463 Vens.
696 2407 749 2463 6.
793 2407 923 2465 Cum
978 2418 1155 2466 autem
1202 2421 1575 2483 peragrassent
1615 2412 1907 2485 Phrygiam
1947 2423 1997 2468 et

433 2494 698 2551 Gallicam
737 2498 1023 2568 regionem,
1057 2501 1205 2555 vetiti
1235 2516 1269 2554 α
1303 2497 1511 2571 Spiritu
1555 2510 1739 2556 sancto
1786 2504 1842 2555 iu
1868 2501 1996 2556 Asia

433 2587 648 2641 verbum
674 2586 772 2640 Dei
804 2590 1117 2657 praedicare,

505 2679 668 2750 126
682 2677 840 2734 Vens.
865 2680 916 2734 7.
947 2679 1182 2752 Profecti
1210 2683 1269 2737 in
1286 2683 1529 2754 Mysiam,
1546 2682 1998 2753 volel'antperBi-

431 2772 667 2842 tliyniam
703 2773 803 2827 iter
841 2773 1018 2842 facere
1041 2790 1060 2829 :
1088 2775 1183 2830 sed
1210 2791 1313 2830 non
1338 2778 1458 2831 sivit
1494 2792 1585 2832 eos
1612 2774 1842 2846 Spiritus
1881 2792 2000 2831 san-

434 2871 568 2916 ctus.

508 2953 669 3011 Vens.
703 2956 756 3011 8.
802 2956 990 3027 Itaque
1014 2956 1242 3029 Mysiam
1279 2961 1652 3031 prwtergressi,
1684 2962 1998 3015 devenerunt

432 3045 489 3097 in
517 3045 796 3102 Troadem.

2179 1775 2276 1841 Ὠς
2304 1774 2373 1828 δὲ
2398 1774 2815 1843 διεπορεύοντο
2840 1772 2947 1835 τὰς
2980 1772 3209 1837 πόλεις.
3238 1768 3603 1838 παρεδίδουν
3621 1770 3658 1799 ⁶¹

2104 1862 2311 1929 αὐτοῖς
2339 1862 2687 1932 φυλάσσειν
2711 1861 2786 1916 τὰ
2822 1861 3086 1930 δόγματα
3106 1901 3122 1923 ,
3168 1859 3242 1914 τὰ
3280 1857 3598 1927 κεκριμένα
3623 1858 3663 1889 ⁸³

2102 1956 2223 2009 ὑπὸ
2250 1953 2369 2009 τῶν
2400 1954 2767 2009 ἀποστόλων
2818 1953 2917 2008 καί
2949 1950 3070 2008 τῶν
3109 1952 3537 2021 πρεσϐυτέρων
3559 1948 3663 2002 τῶν

2101 2046 2172 2099 ἐν
2218 2045 2640 2115 Ἰερουσαλήμ.

2170 2137 2243 2190 Al
2265 2135 2382 2206 μὲν
2401 2132 2510 2192 οὖν
2538 2136 2896 2206 Ἐκκλησίαι
2929 2135 3320 2206 ἐστερεοῦντο
3350 2132 3428 2203 τῇ
3460 2134 3658 2197 πίστει,

2102 2227 2202 2282 καί
2231 2226 2633 2296 ἐπερίσσευον
2662 2228 2741 2296 τῷ
2770 2227 2993 2299 ἀριθμῷ
3022 2226 3391 2297 καθημέραν.

2173 2408 2515 2474 Διελθόντες
2549 2408 2619 2461 δὲ
2663 2406 2778 2473 τὴν
2826 2406 3087 2476 Φρυγίαν
3132 2404 3231 2460 καί
3269 2404 3387 2473 τὴν
3418 2405 3653 2458 Falan-

2102 2497 2224 2565 κὴν
2272 2496 2492 2567 χώραν,
2533 2495 2907 2563 κωλυθέντες
2938 2496 3059 2552 ὑπὸ
3094 2496 3201 2550 τοῦ
3256 2494 3649 2566 Πνεύματος⁸³

2100 2586 2373 2654 λαλῆσαι
2425 2586 2533 2643 τὸν
2552 2587 2737 2654 λόγον
2758 2587 2829 2641 ἐν
2863 2586 2947 2655 τῇ
2982 2587 3177 2656 Ἀσίᾳ,

2187 2679 2501 2745 Ἐλθόντες
2547 2679 2697 2733 κατὰ
2750 2675 2866 2747 τὴν
2914 2680 3176 2740 Μυσίαν,
3226 2676 3592 2746 ἐπειράζοντο
3613 2678 3651 2708 ⁸⁵

2104 2769 2256 2823 κατὰ
2285 2769 2400 2837 τὴν
2448 2769 2738 2824 Βιθυνίαν
2768 2768 3146 2838 πορεύεσθαι·
3186 2770 3285 2822 καί
3316 2770 3428 2824 οὐκ
3461 2768 3649 2822 είασεν

2102 2861 2328 2926 αὐτοὺς
2364 2861 2431 2914 τὸ
2460 2859 2721 2931 Πνεῦμα.

2175 2953 2585 3021 Παρελθόντες
2627 2952 2698 3007 δε
2745 2953 2859 3024 τήν
2892 2956 3155 3019 Μυσίαν,
3219 2952 3555 3020 κατέδησαν
3579 2951 3652 3015 είς

2110 3045 2344 3114 Τρωάδα
2353 3087 2362 3096 .

508 3136 669 3192 Vens.
704 3138 760 3193 9.
814 3139 878 3193 Et
922 3141 1089 3196 visum
1124 3148 1279 3195 noctu
1311 3140 1484 3197 Paulo
1524 3143 1825 3213 huiusmodi
1854 3144 1999 3199 oblu~

2174 3136 2284 3191 Kal
2333 3136 2523 3205 ὅραμα
2555 3135 2653 3191 διὰ
2699 3136 2811 3207 τῆς
2848 3137 3068 3204 νυκτὸς
3103 3136 3271 3207 ὤφθη
3319 3134 3401 3201 τῷ
3436 3134 3646 3201 Παύλῳ·

437 3237 548 3284 tum
582 3237 660 3282 est
687 3244 707 3283 :
732 3228 819 3286 Vir
847 3231 1065 3301 quidam
1096 3230 1314 3287 Macedo
1374 3232 1607 3301 astabat,
1652 3235 1744 3305 qui
1768 3252 1883 3289 eum
1920 3236 2000 3290 his

434 3319 604 3373 verbis
635 3320 849 3392 rogabat
888 3338 907 3376 :
953 3321 1143 3379 Transi
1166 3324 1222 3378 in
1252 3323 1641 3393 Macedoniam,
1678 3336 1727 3382 et
1755 3343 2001 3381 succurre

433 3410 598 3465 uobis.

505 3503 667 3560 Vens.
716 3504 802 3560 10.
840 3505 995 3573 Quod
1030 3507 1201 3562 visum
1238 3508 1395 3563 simul
1422 3525 1487 3564 ac
1509 3509 1591 3564 illi
1635 3507 1872 3563 oblatum
1902 3483 2021 3575 est,’

433 3597 617 3651 statim
661 3597 718 3652 in
754 3596 1123 3654 Macedoniam
1158 3600 1425 3669 proﬁcisci
1458 3602 1754 3655 studuimus
1778 3644 1793 3666 ,
1834 3600 2002 3671 conji-

434 3690 628 3745 cientes
656 3704 749 3746 nos
781 3706 815 3746 a
861 3689 1086 3748 Domino
1136 3693 1332 3748 accersi
1387 3702 1445 3748 ut
1508 3690 1855 3766 anngelium
1895 3692 2003 3748 illis

432 3779 785 3836 traderemus.

505 3870 671 3928 γω.
709 3872 798 3929 Η.
849 3874 982 3930 Cum
1020 3875 1351 3931 solvisscmus
1386 3876 1551 3946 igitur
1590 3893 1620 3929 a
1659 3876 1888 3940 Troade,
1920 3894 2005 3931 re-

435 3972 516 4015 cto
554 3976 715 4016 cursu
760 3964 1092 4031 peruenimus
1124 3966 1179 4018 in
1218 3961 1622 4028 Samothracen,
1666 3980 1729 4018 ac
1755 3964 2007 4034 postridie

440 4051 711 4122 Neapolin
735 4067 754 4107 :

510 4143 676 4200 Vens.
730 4146 817 4201 12.
869 4146 1037 4217 Atque
1072 4146 1220 4201 illinc
1256 4145 1554 4218 Philippos,
1585 4163 1702 4212 qua:
1727 4148 1899 4217 prima
1927 4164 2008 4201 re-

438 4239 606 4307 gionis
649 4236 970 4294 Macedoniae
999 4241 1182 4294 civitas
1226 4250 1302 4295 est
1347 4239 1569 4295 colonia.
1620 4242 1789 4312 Atque
1825 4240 1881 4293 in
1910 4239 2005 4293 illa

439 4331 567 4384 urbe
587 4330 697 4386 dies
723 4330 921 4402 aliquot
944 4334 1420 4388 commorabamur.

513 4420 814 4479 Tradebant
840 4425 916 4480 eis
942 4426 1199 4480 servanda
1252 4424 1473 4496 placita.
1533 4423 1810 4493 Dogmata,
1839 4422 1893 4478 id
1923 4430 2009 4478 est

438 4514 660 4583 placita,
711 4524 878 4586 atque
933 4525 1112 4572 certas
1149 4515 1479 4586 stabilesque
1512 4514 1815 4571 sententias
1851 4514 2005 4581 dicit,

440 4620 550 4660 non
593 4606 684 4661 illa
714 4604 988 4678 mysteria,
1032 4606 1231 4677 quibus
1276 4615 1430 4661 certo
1469 4604 1563 4660 Dei
1589 4604 1819 4661 consilio
1843 4613 2009 4675 atque

439 4696 800 4767 dispositione
832 4697 1073 4754 Verbum
1107 4695 1201 4752 Dei
1230 4696 1462 4753 traditur
1491 4697 1832 4752 incarnatum
1859 4710 2006 4763 esse,

440 4789 557 4844 sive
586 4804 811 4844 carnem
839 4787 1089 4844 induisse
1107 4807 1120 4843 :
1136 4787 1234 4845 sed
1255 4787 1345 4844 illa
1374 4803 1596 4861 nempe,
1616 4788 2003 4846 abstinendum

440 4894 563 4934 esse
584 4880 654 4935 ab
681 4879 768 4945 iis,
793 4894 913 4949 quae
942 4879 1246 4935 simulacris
1284 4888 1469 4937 essent
1497 4880 1795 4946 immolata,
1823 4896 1852 4935 a
1885 4896 2012 4937 san-

410 4973 624 5042 guine.
657 4987 688 5025 a
720 4971 1004 5038 suﬂ'ocato,
1054 4988 1085 5028 a
1114 4974 1466 5040 scortatione,
1510 4990 1631 5045 quae
1654 4983 1902 5044 Spectant
1940 4974 2009 5029 ad

445 5060 708 5131 regularis
766 5062 890 5116 vitae
944 5062 1417 5118 constitutionem.
1511 5063 1665 5118 Vetiti
1725 5082 1758 5117 a
1806 5062 2011 5133 Spiritu

440 5162 623 5207 sancto
650 5154 704 5207 iu
730 5154 859 5209 Asia
885 5156 1094 5210 verbum
1125 5154 1221 5209 Dei
1245 5158 1555 5226 prtedicare.
1588 5154 1767 5222 Quare
1789 5155 2009 5225 quidem

445 5244 596 5300 vetiti
633 5245 743 5301 sint
766 5262 875 5301 non
906 5246 1061 5310 dicit,
1097 5246 1193 5302 sed
1229 5247 1428 5302 vetitos
1455 5246 1717 5302 duntaxat
1752 5262 1849 5302 eos
1886 5261 2008 5301 esse

441 5338 538 5401 ait,
590 5338 796 5393 docens
839 5355 940 5394 nos
981 5350 1041 5396 ut
1094 5355 1384 5410 pareamus
1430 5340 1773 5395 solummodo
1811 5354 1874 5394 ac
1897 5355 2006 5393 non

440 5441 769 5495 quaramus,
800 5439 856 5484 et
881 5430 1180 5485 ostendens
1206 5431 1326 5487 illos
1365 5430 1534 5484 multa
1571 5431 1734 5484 etiam
1765 5430 2005 5482 humano

2116 3226 2287 3294 Ἀνήρ
2320 3243 2411 3293 τις
2434 3223 2511 3297 ἦν
2541 3227 2830 3283 Μακεδὼν
2866 3227 3057 3294 ἑστὼς
3085 3225 3447 3296 παρακαλῶν
3470 3225 3648 3285 αὐτὸν.

2103 3315 2203 3371 καί
2258 3317 2472 3388 λέγων·
2526 3320 2739 3386 Διαϐὰς
2786 3320 2875 3386 είς
2927 3318 3312 3375 Μακεδονίαν
3358 3316 3650 3384 βοήθησον

2106 3407 2273 3477 ἡμῖν.

2189 3498 2289 3565 Ὠς
2340 3498 2410 3552 δὲ
2460 3501 2527 3553 τὸ
2562 3500 2754 3571 ὅραμα
2807 3497 2985 3566 εἶδεν,
3042 3500 3261 3568 εὐθέως
3309 3499 3649 3566 ἐζητήσαμεν

2102 3590 2370 3656 ἐξελθεῖν
2427 3595 2515 3656 εις
2557 3591 2933 3649 Μακεδονίαν
2971 3594 3037 3661 ⁸⁸,
3070 3591 3529 3663 συμδιὸάζοντες
3571 3588 3647 3642 ὅτι

2104 3684 2555 3756 προσκέκληται
2610 3686 2765 3758 ἡμᾶς
2810 3690 2844 3741 ὁ
2893 3689 3108 3757 Κύριος
3172 3684 3645 3757 εὐαγγελίσασθαι

2104 3774 2329 3843 αὐτοῖς.

2190 3866 2585 3936 ’Δναχθέντες
2615 3862 2731 3924 οὖν
2761 3867 2882 3924 ἀπὸ
2912 3866 3025 3938 τῆς
3067 3866 3352 3936 Τρωάδος,
3398 3861 3647 3929 εὐθυδροο

2102 3957 2386 4028 μήσαμεν
2414 3962 2502 4027 είς
2550 3959 2950 4030 Σαμοθρᾴκην
2971 3977 2987 3994 ο
3041 3957 3115 4029 τῇ
3155 3976 3221 4014 τε
3278 3958 3527 4025 ἐπιούσῃ
3567 3953 3640 4014 εἰς

2106 4050 2433 4115 Νειίπολιν,

2190 4140 2449 4196 Ἐκεῖθεν
2491 4160 2557 4196 τε
2607 4145 2695 4209 είς
2719 4145 3079 4210 Φιλίππους,
3116 4143 3249 4213 ἣτις
3295 4143 3428 4196 ἐστι
3477 4137 3646 4208 πρώτη

2106 4231 2222 4299 τῆς
2253 4232 2629 4302 Μακεδονίας
2658 4236 2725 4300 ⁸⁸,
2754 4236 2931 4302 πόλις
2952 4234 3274 4290 κολώνεια.
3297 4229 3481 4304 *Ημεν
3504 4229 3564 4284 δὲ
3591 4227 3647 4281 ἐν

2107 4323 2261 4393 αὐτῇ
2285 4322 2361 4395 τῆ
2389 4329 2565 4381 πόλει
2589 4327 2994 4395 διατρίϐοντες
3020 4329 3243 4397 ἡμέρας
3276 4326 3445 4391 τινας

2194 4417 2569 4485 Παρεδίδουν
2614 4418 2822 4485 αὐτοῖς
2870 4418 3221 4487 φυλάσσειν
3265 4418 3339 4473 τὰ
3398 4417 3645 4485 δόγματα.

2118 4510 2378 4580 Δόγματα
2405 4512 2580 4580 λέγει,
2609 4512 2671 4565 ού
2702 4511 2772 4566 τὰ
2798 4512 2896 4581 τῆς
2947 4511 3213 4583 ὲνσάρκου
3239 4508 3540 4581 οἰκονομίας
3564 4522 3649 4576 μυ-

2115 4602 2486 4672 στήρια,ἀλλὰ
2511 4605 2571 4658 τὸ
2589 4603 2889 4678 ἀπέχεσθαι
2909 4603 3297 4670 εἰδωλοθύτων,
3319 4603 3415 4656 καὶ
3431 4600 3645 4670 αἵματος.

2114 4696 2210 4749 καὶ
2235 4695 2483 4761 πνικτοῦ,
2502 4697 2597 4751 καὶ
2620 4698 2898 4769 πορνείας,
2940 4696 3086 4768 ἅπερ
3113 4696 3196 4759 είς
3226 4692 3513 4761 καπνικῆς
3530 4687 3648 4756 ζωῆς

2117 4793 2218 4864 ὁρᾷ
2228 4787 2579 4855 διατύπωσιν.
2595 4788 2975 4855 κωλυθέντες
2987 4787 3107 4843 ὑπὸ
3118 4786 3226 4842 τοῦ
3239 4787 3410 4855 ἁγίου
3427 4782 3650 4850 Πνεύμα-

2116 4903 2215 4951 τος
2229 4884 2499 4952 λαλῆσαι
2517 4882 2624 4938 τὸν
2635 4886 2824 4955 λόγον
2836 4884 2905 4938 ἐν
2921 4883 2995 4954 τῇ
3020 4884 3210 4951 Ἀσίᾳ.
3229 4880 3325 4936 Διὰ
3340 4879 3395 4933 τί
3429 4877 3522 4949 μὲν
3537 4878 3649 4929 ἐκω-

2115 4976 2375 5047 λύθησαν,
2396 4974 2455 5027 ού
2479 4974 2651 5042 λέγει·
2670 4976 2755 5030 ὅτι
2773 4976 2831 5030 δὲ
2857 4976 3227 5045 ἐκωλύθησαν,
3249 4968 3391 5025 εἴπεο
3413 4966 3645 5025 παιδεύων

2115 5070 2263 5139 ἡμᾶς
2280 5065 2567 5121 πείθεσθαι
2592 5067 2771 5135 μόνον,
2792 5070 2887 5120 καὶ
2909 5066 2982 5137 μὴ
3006 5066 3211 5135 ζητεῖν,
3242 5065 3337 5119 καὶ
3358 5061 3557 5119 δεικνὺς
3581 5060 3644 5111 ὅτι

2119 5158 2289 5213 πολλά
2308 5158 2403 5211 καὶ
2425 5156 2782 5227 ἀνθρωπίνως
2799 5156 3036 5210 ἐποίουν.
3056 5156 3143 5209 Ἐν
3163 5158 3229 5227 τῇ
3248 5156 3402 5228 Ἀσίᾳ⁸
3415 5153 3504 5208 καὶ
3518 5149 3645 5205 Βιθυ-

2119 5249 2207 5320 νίᾳ
2226 5248 2421 5303 κωλύει
2441 5247 2501 5301 τδ
2522 5246 2749 5319 Πνεῦμα
2761 5246 2995 5318 λαλῆσαι
3010 5247 3101 5300 τὸν
3125 5247 3281 5318 λόγον
3300 5248 3423 5310 τοὺς
3446 5239 3641 5299 ἀποστὸο

2121 5341 2269 5406 λους,
2313 5340 2689 5411 προγινῶσκον
2714 5340 2813 5411 τὴν
2847 5340 2955 5395 τῶν
2973 5341 3446 5411 Πνευματομάχων
3466 5337 3642 5407 αἵρεσιν

2123 5431 2395 5502 κυριεύειν
2432 5430 2542 5485 τῶν
2591 5433 2790 5485 ἐκεῖσε.
2848 5432 2952 5487 Καί
2982 5431 3167 5501 ὅραμα
3200 5431 3297 5487 διὰ
3331 5429 3436 5499 τῆς
3457 5423 3641 5484 νυκτῦς

1611 5565 1807 5627 Variae
1838 5563 2139 5628 lectiones
2181 5571 2244 5629 et
2284 5573 2473 5631 notae.

511 5666 553 5700 “
573 5666 656 5740 _ln_
682 5670 1261 5740 vetustamanuscripto
1284 5680 1380 5735 est,
1410 5668 1703 5740 ἐπορεύετο
1734 5668 1832 5733 τὰς
1872 5668 2001 5723 πύλε

2132 5669 2428 5740 παρεδίδου.

2519 5670 2563 5700 εί
2589 5668 2968 5737 κεκρυμμένα,
3010 5675 3157 5737 erat.
3255 5666 3313 5737 _"
3347 5664 3409 5737 In
3445 5657 3632 5737 vulgat]!

438 5748 534 5819 cst,
565 5736 671 5819 ore
687 5736 782 5819 τού
810 5724 1331 5819 ἁχίουμνεύρίατος.
1407 5740 1453 5772 ⁸⁵
1474 5724 1539 5794 In
1570 5739 1792 5819 prtlgatis
1812 5724 1932 5807 'est,
1957 5742 2007 5793 ὲτ

2132 5724 2266 5805 ιζὸν.
2343 5740 2386 5771 ⁸⁸
2407 5724 2469 5794 in
2496 5724 2720 5809 vulgatis
2737 5724 2830 5803 est,
2862 5724 3067 5807 είς’τὴν
3087 5734 3440 5790 Μακεδονίαν.
3506 5732 3546 5763 ⁸⁸
3578 5724 3630 5779 In

437 5807 665 5879 vulgatis
693 5815 787 5874 est,
814 5807 914 5880 τῆς
936 5807 1273 5876 Μακεδονίας
1295 5811 1467 5879 πόλις,
1503 5807 1754 5866 κολώνια.
