3856 6554
42 369 132 433 737
306 390 311 395 ‘
776 369 1180 431 EXPOSlTlO
1218 371 1294 430 IN
1340 370 1528 431 ACTA
1568 369 2140 433 APOSTOLORUM.
2168 367 2409 432 —CAP.
2451 370 2636 432 XVII.
3168 370 3279 434 Ἰἲὸ

104 479 211 534 Kal
268 479 572 545 ἐλθόντες,
615 480 1041 547 παρεκάλεσαν
1079 484 1320 549 αὐτοὺς,
1351 483 1446 536 real
1503 481 1603 545 ἐξ·

1777 481 1938 537 Vnns.
1974 482 2062 537 59.
2115 480 2183 536 Et
2231 494 2480 538 venerunt
2528 501 2592 538 ac
2638 484 2903 556 deprecati
2947 497 3064 541 sunt
3089 503 3195 553 eos,
3228 492 3275 541 et

42 572 358 643 αγαγόντες
389 569 631 638 ἠρώτων
652 571 923 634 ἐξελθεῖν
950 572 1058 642 τῆς
1085 574 1336 639 πόλεως.

1753 573 1916 626 luctas
1946 585 2198 643 rogarunt
2219 583 2278 627 ut
2305 577 2505 628 exirent
2533 592 2597 629 ex
2619 576 2851 632 civitate.

116 664 506 728 Ἐξελθόντες
546 662 617 716 δὲ
672 663 741 717 ἐκ
790 662 901 733 τῆς
959 664 1270 735 φυλακῆς,
1315 664 1606 733 είσῆλθον

1776 662 1944 719 Vens.
1976 665 2066 720 40.
2098 665 2309 736 Egressi
2335 667 2499 736 igitur
2519 682 2583 720 ex
2607 683 2836 731 carcere,
2861 668 3179 722 diverterunt
3211 667 3279 719 ad

48 754 181 823 πρὸς
204 752 328 822 τὴν
354 753 587 808 Λυδίαν
606 755 676 820 ⁸⁸,
708 755 804 809 real
840 754 1070 822 ἰδόντες
1097 758 1239 824 τοὺς
1280 757 1601 826 ἀδελφοὺς,

1753 755 1951 823 gdiam,
1975 770 2195 825 cumque
2225 756 2471 811 vidissent
2498 759 2712 828 fratres,
2741 759 2996 813 consolati
3037 770 3154 813 sunt
3195 774 3281 812 eos

49 843 461 913 παρεκάλεσαν
490 844 745 912 αὐτοὺς,
780 845 879 899 real
917 845 1199 915 ἐξῆλθον.

1753 861 1770 896 ς
1793 843 2158 901 discesserunt.

117 936 175 987 ὀ
190 932 260 987 δὲ
281 934 526 1001 Παῦλος
550 935 665 1005 ἔφη
693 936 843 1006 πρὸς
869 938 1108 1003 αὐτούς.
1132 938 1241 991 Καὶ
1268 937 1378 990 τῶν
1408 954 1608 1007 στρατ-

1775 933 1879 990 Sed
1910 935 2112 990 Paulus
2127 936 2328 991 dicebat
2356 939 2429 992 ad
2449 954 2554 1004 eos,
2578 948 2685 995 etc.
2705 940 2818 996 Etsi
2838 948 3101 1011 praetores
3126 956 3282 996 man-

52 1026 184 1096 ῃῶν
223 1025 610 1093 δηλωσάντων,
670 1028 698 1080 ὁ
739 1026 948 1093 Παῦλος
988 1028 1089 1081 οὐκ
1121 1026 1399 1100 ἐξέρχεται
1422 1047 1435 1060 ·
1472 1027 1608 1081 ἀλλὰ

1753 1035 1927 1091 arant,
1955 1025 2156 1083 Paulus
2181 1035 2364 1083 tamen
2391 1044 2504 1083 non
2533 1031 2830 1102 egreditur,
2865 1031 2962 1087 sed
3007 1041 3123 1087 tum
3152 1045 3284 1103 pro-

53 1120 130 1168 καὶ
160 1116 249 1169 διὰ
281 1117 386 1186 τὴν
419 1115 620 1171 Λυδίαν
660 1117 757 1170 καὶ
791 1118 917 1180 τοὺς
955 1116 1169 1193 ἄλλους,
1201 1117 1357 1187 φοϐεῖ
1385 1117 1604 1184 αὐτοὺς,

1753 1124 1828 1171 ter
1876 1115 2122 1188 Lydiam,
2170 1125 2284 1172 tum
2322 1128 2547 1190 propter
2596 1121 2836 1191 reliquos
2873 1120 3068 1178 fratres
3113 1132 3284 1178 terret

54 1213 125 1262 ira
150 1208 223 1278 μὴ
261 1208 602 1278 νομισθῶσιν
626 1209 761 1263 διότι
787 1209 992 1279 ἠξίωσέ
1018 1208 1068 1241 ⁸¹
1099 1227 1183 1274 τις
1218 1210 1604 1268 ἁπολελῦσθαι.

1753 1211 1832 1265 los
1855 1251 1872 1277 ,
1898 1225 1970 1266 ne
2003 1210 2453 1267 existimarentur
2491 1211 2697 1268 idcirco
2723 1213 2932 1269 dimissi
2965 1230 3109 1282 esse,
3138 1219 3281 1286 quod

55 1300 337 1369 Ἐγίιλημα
374 1298 434 1353 δὲ
472 1298 703 1369 ἐπῆγεν,
733 1300 816 1352 ὅτι
857 1301 953 1354 καὶ.
992 1300 1316 1371 Ῥωμαίους,
1348 1301 1442 1354 καὶ
1469 1302 1609 1357 ἀκα-

1753 1302 1891 1373 liquo
1919 1302 2278 1373 deprecatore
2306 1302 2394 1358 usi
2421 1312 2626 1358 essent.
2674 1304 2850 1374 Atque
2882 1305 3045 1360 etiam
3076 1307 3282 1361 crimen

52 1388 356 1459 ταιςιτους,
397 1387 495 1442 καὶ
529 1386 787 1459 δημοσίᾳ.
833 1389 995 1461 Ὁρᾷς
1027 1391 1110 1444 ὅτι
1157 1390 1249 1444 καὶ
1292 1390 1609 1463 ἀνθρώπινα

1753 1404 1943 1450 ιιειιιει
1977 1394 2084 1449 illis
2109 1393 2255 1465 quod
2288 1402 2345 1449 et
2382 1392 2535 1449 cives
2563 1391 2860 1459 Romanos,
2905 1405 2963 1450 et
3007 1395 3287 1450 indemna-

56 1478 445 1543 κατεσκεύαζον
475 1478 673 1543 πολλάς
717 1479 905 1534 Ταῦτα
947 1480 1004 1534 δὲ
1052 1476 1207 1535 εἶπεν
1232 1480 1320 1536 ῐνα
1375 1482 1451 1553 μὴ
1481 1480 1609 1555 δόξῃ

1753 1502 1818 1553 ιε,
1874 1496 1931 1541 et
1970 1485 2187 1556 publice
2224 1486 2630 1541 verberassent.
2663 1486 2900 1541 Videsne
2956 1487 3075 1541 illos
3121 1489 3283 1542 etiam

61 1571 119 1633 ὡς
145 1567 443 1632 κατάδικος
493 1566 826 1623 ἀπολύεσθαι
856 1570 949 1623 καὶ
995 1569 1072 1634 ὡς
1118 1570 1473 1641 ἡμαρτηκὼς.
1505 1566 1611 1626 Οὗ-

1754 1592 1954 1633 umano
1987 1592 2141 1632 more
2180 1577 2349 1631 multa
2388 1576 2656 1632 struxisse
2686 1586 2850 1647 atque
2878 1576 3096 1634 molitos
3116 1593 3236 1633 esse
3261 1576 3288 1632 ἲ

58 1681 130 1725 τος
149 1662 190 1694 ⁸³
216 1660 272 1713 δὲ
309 1661 341 1713 ὁ
389 1659 735 1730 δεσμοφύλαξ
790 1653 946 1726 οὗτός
977 1661 1127 1716 ἔστιν
1168 1663 1197 1714 ὁ
1231 1663 1510 1732 Στεφανᾶς
1548 1659 1609 1715 ὃν

1753 1666 1837 1721 laec
1861 1673 2045 1720 autem
2074 1665 2229 1731 dixit,
2251 1680 2321 1720 ne
2350 1665 2628 1720 videretur
2642 1665 2838 1720 dimitti
2881 1673 3137 1736 tanquam
3155 1681 3288 1722 con-

63 1751 378 1824 μνημονεῠει
409 1751 621 1817 Παῦλος
673 1754 733 1806 ὲν
772 1754 842 1823 τῇ
873 1752 1011 1823 πρὸς
1043 1750 1365 1824 Κορινθίους
1415 1750 1608 1824 πρώτη

1753 1762 2024 1819 cmnatus,
2053 1763 2110 1810 et
2143 1762 2398 1825 tanquam
2442 1755 2595 1825 131
2632 1755 2932 1811 maleﬁcus.
2962 1756 3133 1812 Porro
3166 1772 3291 1812 car-

72 1822 370 1919 Ἐτιιστολῇ,
398 1844 740 1910 Ἐδάπτισα,
793 1822 989 1913 λέγων,
1039 1822 1139 1900 real
1186 1844 1294 1898 τὸν
1335 1822 1610 1914 Στεφανᾶ

1753 1850 1855 1906 eris
1889 1849 1980 1903 hic
2018 1857 2204 1903 custos
2247 1857 2333 1902 est
2380 1845 2707 1917 Stephanus,
2752 1848 2910 1917 cujus
2955 1849 3289 1904 mentionem

64 1934 321 1991 οἷκον.-
347 1936 455 1990 Kal
487 1934 838 2000 ἐξελθόντες
877 1935 949 1988 ἐκ
988 1933 1100 2003 τῆς
1143 1933 1445 2004 φυλακῆς,
1486 1936 1613 1988 εισι

1753 1940 1847 1993 ιοὶι
1886 1937 2091 1992 Paulus
2133 1936 2187 1990 in
2218 1934 2393 2006 prima
2434 1934 2502 1989 ad
2547 1934 2861 1990 Corinthios
2898 1935 3147 2005 epistola,
3194 1933 3287 1989 ubi

66 2029 231 2097 ἦλθον
252 2026 411 2095 πρὸς
434 2027 550 2094 τὴν
570 2025 826 2081 Λυδίαν
851 2026 949 2080 real
987 2025 1219 2093 ἰδόντες
1261 2025 1404 2090 τοὺς
1439 2024 1613 2080 ἀδελ-

1753 2031 1881 2085 icit:
1905 2027 2182 2100 Baptizavi
2204 2028 2367 2080 etiam
2392 2024 2674 2095 Stephants
2695 2024 2976 2097 familiam.
3005 2024 3072 2079 Et
3096 2026 3291 2096 egressi

67 2120 214 2190 φοὺς,
240 2117 675 2187 παρεκάλεσαν
701 2117 947 2184 αὐτοὺς,
971 2118 1071 2173 real
1092 2116 1374 2187 ἐξῆλθον.
1404 2117 1477 2172 Οὐ
1505 2116 1614 2188 γὰρ

1753 2138 1779 2176 r
1804 2135 2044 2183 carcere,
2074 2117 2385 2172 introierunt
2413 2116 2484 2169 ad
2520 2115 2762 2187 Lydiam,
2798 2125 2846 2169 et
2874 2116 2996 2169 visis
3034 2115 3288 2186 fratribus

68 2209 157 2262 ἔδει
183 2209 278 2279 τὴν
314 2206 591 2277 ξενοδόχον
637 2206 857 2275 ἀφεῖναι
893 2208 955 2260 ἐν
987 2206 1159 2275 ἀγῶνι
1207 2206 1299 2260 καὶ
1339 2205 1613 2276 μερίμνῃο

1753 2214 1971 2269 onsolati
2008 2222 2130 2268 sunt
2155 2228 2263 2275 eos,
2283 2227 2346 2265 ac
2366 2210 2729 2264 discesserunt.
2752 2209 2870 2263 Non
2904 2209 3046 2262 enim
3067 2216 3288 2278 oporte-

69 2302 146 2353 xal
176 2301 276 2352 οὐκ
320 2297 612 2368 ἠνέσχοντο
641 2298 699 2351 δὲ
733 2297 1065 2369 ἐκδημῆσαι,
1115 2297 1209 2352 καὶ
1255 2297 1430 2351 ταῦτα
1465 2295 1616 2367 παρὰ

1753 2316 1808 2362 at
1831 2321 1974 2370 eam,
1997 2320 2028 2360 a
2058 2319 2164 2375 qua
2199 2302 2437 2372 hospitio
2468 2300 2683 2371 excepti
2716 2307 2890 2364 erant,
2913 2297 3218 2368 relinquere
3236 2299 3293 2352 in

69 2391 158 2443 τῶν
193 2389 519 2460 στρατηγῶν
572 2386 1089 2458 κατασπευδόμενοι,
1136 2389 1185 2440 el
1250 2388 1326 2458 μὴ
1371 2387 1617 2457 εἰσῆλθον

1753 2396 2082 2454 ollicitudine
2131 2404 2187 2451 et
2249 2408 2516 2449 aerumna.
2567 2392 2744 2461 Atque
2790 2390 2953 2444 etiam
3014 2389 3293 2444 discedere

72 2482 186 2551 πρὸς
232 2480 336 2552 τὴν
389 2481 584 2549 εὐτελῆ
642 2483 901 2549 γυναῖκα,
939 2480 1036 2533 καὶ
1080 2480 1208 2543 τοὺς
1253 2478 1475 2542 λοιποὺς
1522 2477 1617 2543 οὓς

1758 2489 2014 2546 oluerunt
2042 2486 2143 2541 etsi
2171 2501 2203 2540 a
2240 2484 2565 2555 praetoribus
2596 2482 2954 2553 urgebantur,
2991 2480 3099 2535 nisi
3123 2481 3295 2534 intro-

73 2573 313 2641 ἁόελφοῦς
367 2572 620 2626 ἐκάλουν.
671 2571 739 2625 Ὠ
789 2571 967 2641 πόσην
1024 2569 1261 2641 ἀτυφίαν
1327 2563 1475 2639 εἶχον
1523 2568 1619 2622 καὶ

1753 2578 1919 2639 issen’t
1942 2580 2008 2635 ad
2032 2578 2194 2635 vilem
2236 2575 2544 2639 mulierem,
2573 2584 2630 2629 et
2649 2573 2714 2627 ad
2746 2572 2982 2640 reliquos
3008 2584 3147 2640 quos
3183 2568 3294 2623 fra-

73 2668 295 2737 ἀγάπηνε
1722 2687 1833 2729 tres
1860 2671 2148 2727 vocabant.
2173 2668 2217 2723 0
2241 2676 2446 2738 quanta
2475 2664 2682 2736 praediti
2710 2672 2867 2718 erant
2894 2661 3059 2716 animi
3094 2661 3295 2716 demis-

1720 2766 1878 2823 sione
1904 2772 2068 2833 atque
2091 2760 2390 2816 ebaritatel

628 2841 882 2897 ΚΕΦΔΔ.
922 2841 1024 2895 lZ'.

2277 2848 2507 2905 CAPUT
2559 2846 2726 2904 XVII.

131 2935 549 3001 Διοδεύσαντες
579 2932 649 2987 δὲ
684 2932 801 3002 τὴν
848 2931 1208 3002 Ἀμφίπολιν
1256 2928 1353 2984 real
1416 2930 1622 2986 Ἀπολ·

1795 2944 1959 2999 Vens.
1978 2943 2027 2998 1.
2047 2941 2173 3000 Cum
2192 2940 2498 2997 transissent
2525 2950 2701 2995 autem
2720 2936 3050 3009 Amphipolin
3069 2946 3117 2991 et
3138 2935 3299 3007 Apol-

79 3031 276 3082 .lwrt'ttr
299 3028 492 3097 ἦλθον
509 3027 597 3093 είς
630 3025 1107 3093 Θεσσαλονίκην,
1135 3022 1287 3078 ὅπου
1310 3018 1392 3095 ἦν
1406 3022 1451 3097 ,ή
1468 3025 1623 3076 Συν-

1753 3038 1941 3102 oniam,
1976 3042 2226 3091 venerunt
2254 3031 2694 3100 Thessalonicam,
2733 3031 2824 3086 ubi
2856 3042 2971 3086 erat
3027 3045 3294 3100 synagoga

84 3119 248 3188 ίιγωγὴ
280 3117 401 3171 τῶν
433 3115 756 3173 Ἰουδαίων.

1753 3129 2048 3181 ιιάωοτιιηι.

137 3210 284 3263 Κατὰ
313 3209 383 3262 δὲ
425 3208 495 3263 τὸ
543 3207 750 3273 εἰωθὸς
776 3206 858 3272 τῷ
885 3207 1122 3272 Παύλῳ,
1184 3204 1432 3273 εισῆλθε
1473 3207 1624 3276 πρὸς

1797 3220 1964 3275 Vens.
1995 3219 2052 3272 2.
2083 3216 2157 3271 Ac
2185 3232 2280 3288 pro
2317 3215 2692 3270 consuetudine
2715 3230 2814 3269 sua
2856 3213 3061 3269 Paulus
3113 3212 3300 3266 introi-

82 3303 296 3369 αὑτοὺς.
334 3303 432 3356 real
480 3301 581 3355 ἐπὶ
634 3299 904 3356 Σάϐϐατα
940 3301 1072 3370 τρία
1091 3300 1392 3371 διελέγετο
1419 3301 1625 3369 αὐτοῖς

1757 3313 1796 3366 it
1821 3311 1891 3365 ad
1940 3310 2079 3373 illos,
2116 3318 2168 3364 et
2222 3309 2295 3362 ad
2339 3307 2574 3363 Sabbata
2603 3308 2709 3361 tria
2747 3305 3200 3360 sermocinabatur
3226 3308 3299 3358 eis

86 3398 181 3451 ἀπὸ
214 3397 329 3451 τῶν
353 3396 633 3466 Γραφῶν.

1753 3420 1789 3457 x-
1816 3401 2060 3472 Scriptis,

140 3490 447 3560 Διανοίτων
485 3488 585 3545 real
614 3489 1077 3559 παρατιθέμενος
1109 3487 1197 3542 ὅτι
1229 3488 1339 3542 τὸν
1367 3486 1627 3555 Χριστὸν

84 3582 184 3636 ἔδει
222 3583 433 3638 παθεῖν
462 3581 563 3636 real
601 3579 944 3650 ἀναστῆναι
988 3581 1059 3634 ἐκ
1105 3579 1352 3649 νεκρῶν,
1392 3579 1492 3633 real
1538 3580 1627 3633 ὅτι

91 3670 252 3741 θῦτός
294 3675 468 3729 ἐστιν
497 3676 530 3728 ὀ
563 3672 818 3742 Χριστὸς
862 3671 1119 3741 Ἰησοῦς,
1154 3671 1227 3726 ὃν
1266 3670 1382 3742 ἐγὼ
1414 3688 1628 3741 καταγ-

86 3761 255 3829 γέλλω
280 3763 442 3834 ὑμῖν.
732 3828 735 3831 _

69 3843 77 3850 ’
145 3857 243 3910 Καί
284 3873 444 3924 τινες
491 3856 563 3922 ἐξ
599 3856 798 3911 αὐτῶν
843 3857 1242 3925 ἐπείσθησαν,
1282 3854 1386 3909 real
1438 3868 1630 3923 προσ-

88 3950 235 4013 εκληι
249 3945 495 4015 ὠθησαν
524 3946 603 4011 τῷ
660 3948 878 4012 Παύλῳ
924 3945 1022 4000 real
1076 3943 1156 4010 τῷ
1205 3947 1377 4013 Σίλα,
1420 3944 1539 3998 τῶν
1566 3960 1632 3997 τε

90 4034 399 4104 σεϐομένων
436 4033 743 4102 Ἐλλήνων
772 4035 819 4068 ⁸⁸
845 4034 1006 4090 πολὺ
1033 4033 1287 4103 πλῆθος,
1331 4031 1632 4104 γυναικῶν

89 4141 141 4179 τε
160 4127 245 4180 καὶ
276 4126 523 4195 πρώτων
545 4128 658 4182 οὐκ
686 4128 901 4197 ὀλίγαι.

149 4221 615 4289 Προσλαϐόμενοι
669 4219 741 4273 ss
799 4222 854 4274 οι
916 4216 1195 4274 Ἰουδαῖοι
1243 4216 1632 4283 ἀπειθοῦντες

92 4307 191 4363 τῶν
234 4312 526 4381 ἀγοραίων
590 4311 760 4378 τινὰς
806 4311 854 4344 ⁸⁸
909 4310 1132 4378 ἄνδρας
1184 4309 1489 4378 πονηροὺς
1533 4307 1632 4362 real

92 4400 600 4471 ὀχλοποιήσαντες,
623 4400 949 4470 ἐθορύϐουν
969 4399 1084 4469 τὴν
1106 4399 1287 4453 πόλιν
1307 4414 1321 4427 ⁸
1353 4396 1634 4452 ἐπιστάν-

94 4507 174 4557 τες
196 4508 255 4545 τε
276 4491 354 4561 τῇ
380 4494 544 4560 οἰκίᾳ
569 4492 676 4547 τοῦ
709 4491 979 4557 Ἰάσονος
994 4491 1063 4558 ⁸⁸,
1077 4489 1325 4559 ἐζήτουν
1352 4486 1633 4556 αὐτοὺς⁸⁶

88 4582 307 4652 ἀγαγεῖν
328 4586 418 4651 είς
453 4588 561 4640 τὸν
593 4583 809 4655 δῆμον.

150 4680 234 4749 Μὴ
255 4681 539 4749 εὑρόντες
587 4676 658 4731 δὲ
698 4673 944 4742 αὐτοὺς,
985 4674 1213 4744 ἔσυρον
1235 4673 1343 4728 τὸν
1368 4671 1636 4737 Ἰάσονα,

94 4773 180 4825 καί
223 4789 383 4838 τινας
437 4767 747 4839 ἀδελφοὺς
799 4767 899 4821 ἐπὶ
956 4765 1102 4833 τοὺς
1149 4764 1516 4833 πολιτάρχας
1565 4763 1636 4829 ⁸⁷,

86 4860 349 4930 ⁴,ἱερῶν-τες,
403 4861 496 4917 ὅτι
527 4864 592 4916 οι
634 4860 751 4928 τὴν
779 4859 1142 4929 οἰκουμένην
1172 4857 1639 4914 ἀναστατώσαν-

97 4972 199 5021 τες,
225 4952 388 5014 οὗτοι
421 4954 521 5010 real
549 4951 764 5010 ἐνθάδε
794 4951 845 4984 ⁸⁸
871 4951 1176 5020 πάρεισιν.

1796 3509 1958 3566 Vens.
2006 3511 2061 3566 5.
2118 3509 2368 3579 Aperiens
2422 3518 2471 3562 et
2540 3523 2822 3577 exponens,
2879 3517 2939 3562 ut
3011 3508 3299 3578 oportuerit

1727 3603 1992 3660 Christum
2022 3601 2156 3671 afﬁci
2183 3600 2438 3670 supplicio
2478 3609 2527 3654 et
2558 3615 2592 3653 a
2640 3600 2863 3653 mortuis
2910 3614 3196 3668 resurgere.
3230 3598 3298 3651 Et

1725 3696 1811 3749 hic
1849 3707 1947 3759 est,
1974 3695 2164 3764 inquit,
2220 3691 2463 3747 Christus
2506 3689 2682 3755 Iesus,
2722 3706 2876 3760 quem
2905 3706 2997 3761 ego
3042 3689 3299 3743 annuntio

1726 3787 1887 3845 vobis.

1805 3876 1966 3933 Vens.
1990 3876 2048 3932 4.
2071 3876 2138 3931 Et
2192 3875 2431 3931 nonnulli
2459 3890 2524 3930 ea:
2557 3874 2667 3930 illis
2695 3874 3026 3931 crediderunt
3074 3884 3121 3928 et
3155 3890 3208 3927 se
3229 3876 3300 3928 ad

1726 3967 1960 4024 Paulum
2009 3975 2167 4038 atque
2210 3964 2379 4020 Silam
2421 3970 2858 4035 aggregaverant,
2922 3970 2971 4014 et
3031 3960 3303 4031 religioso-

1728 4077 1850 4115 rum
1882 4058 2187 4114 Greecorum
2216 4055 2503 4111 multitudo
2524 4070 2744 4126 magna,
2800 4052 3144 4124 mulieresque
3185 4052 3302 4124 ιιι-ἔκ

1733 4153 1921 4207 maria:
1951 4166 2055 4204 non
2101 4164 2307 4218 pauere.

1803 4243 1964 4300 Vnus.
1993 4243 2047 4299 5.
2078 4243 2145 4296 At
2174 4242 2346 4297 Iudaei
2376 4242 2466 4312 qui
2486 4257 2589 4296 non
2608 4241 2964 4304 crediderant,
2998 4239 3302 4294 tentulatio-

1732 4350 1797 4390 ne
1820 4334 2088 4398 commoti,
2118 4340 2519 4401 assumpserunt
2539 4330 2817 4385 nonnullos
2855 4330 3302 4399 circumforaneos

1731 4427 1962 4481 homines
2012 4423 2299 4493 improbos,
2339 4432 2388 4478 et
2419 4439 2573 4494 grege
2596 4423 2755 4492 facto,
2784 4422 3045 4475 civitatem
3075 4422 3302 4473 excitato

1659 4532 1712 4590 υ
1741 4516 1971 4573 tumultu
1998 4514 2381 4586 perturbabant
2410 4522 2502 4567 :et
2552 4513 2727 4566 adorti
2758 4512 2897 4566 (sdes
2945 4510 3175 4575 Iasonis,
3218 4524 3307 4566 co-

1734 4609 2002 4665 nabantur
2032 4622 2116 4662 eos
2151 4606 2222 4659 ad
2252 4605 2453 4674 plebem
2488 4604 2804 4672 producere.

1809 4698 1981 4754 Vsus.
2035 4698 2087 4753 6.
2118 4696 2224 4752 Sed
2259 4704 2317 4751 ut
2364 4711 2450 4750 eos
2477 4710 2581 4748 non
2642 4693 2969 4757 invenerunt,
3028 4690 3302 4744 trahebant
3358 4704 3369 4709 '

1733 4789 1981 4846 Iasonem
2035 4787 2374 4845 etnonnullos
2417 4789 2611 4858 fratres
2658 4783 2729 4838 ad
2774 4793 3002 4839 rectores
3045 4782 3298 4847 civitatis,

1732 4880 2058 4936 clamantes:
2102 4878 2199 4945 Hi,
2229 4880 2317 4950 qui
2370 4877 2547 4932 orbem
2587 4885 2850 4930 terrarum
2884 4874 3213 4929 concitarunt
3241 4888 3305 4927 ac

1730 4972 2191 5042 perturbaverunt,
2236 4970 2397 5024 etiam
2421 4970 2505 5023 hic
2530 4968 2742 5032 adsunt,

156 5048 259 5115 Οὓς
280 5047 671 5104 ὑποδέδεκται
696 5043 743 5079 ⁸³
789 5045 1007 5099 Ἰάσων
1028 5060 1043 5075 ·
1076 5043 1176 5098 real
1212 5037 1377 5099 οὗτοι
1410 5041 1632 5110 πάντες

1812 5055 1984 5112 Vana.
2021 5058 2073 5113 7.
2105 5055 2247 5123 Quos
2292 5057 2516 5126 hospitio
2558 5055 2759 5126 excepit
2778 5053 2965 5111 Iason.
3016 5054 3184 5125 Atque
3214 5054 3305 5108 isti

96 5140 355 5194 ἀπέναντι
388 5137 512 5193 τῶν
558 5136 871 5207 δογμάτων
906 5136 1211 5205 Καίσαρος
1258 5136 1632 5205 πράσσουσι,

1753 5162 1916 5201 omnes
1937 5147 2141 5218 faciunt
2164 5147 2412 5200 adversus
2438 5143 2669 5200 Caesaris
2694 5134 2947 5207 decreta,
2971 5142 3097 5196 dum
3119 5141 3301 5196 dicunt

95 5230 330 5292 βασιλέα
358 5231 648 5300 λέγοντες
682 5227 888 5297 ἕτερον
914 5228 1068 5282 εἶναι
1103 5229 1369 5297 Ἰησοῦν.

1753 5235 1912 5290 alium
1941 5252 2053 5291 esse
2073 5252 2243 5308 regem
2262 5235 2460 5290 Iesum.

1258 5348 1455 5410 Varia)
1479 5348 1783 5414 lectiones
1824 5357 1888 5415 et
1928 5358 2120 5416 noue.

158 5470 204 5504 ⁸⁸
235 5470 297 5527 In
336 5472 567 5549 vulgatis
602 5483 701 5549 est,
729 5476 809 5549 ei;
836 5474 935 5546 τὴν
966 5474 1186 5549 Λυδὲαν.
1279 5474 1455 5549 _"_lo’.
1505 5475 1632 5541 ἁξιὼ

1753 5481 1837 5541 τός
1866 5477 2283 5549 τινοςιῆίδιότιν
2318 5477 2511 5549 ἠξίωσε
2554 5492 2658 5549 τις.
2752 5473 3049 5549 "-Videtur
3077 5471 3307 5549 alterum

100 5534 233 5618 abso,-
270 5534 603 5618 τειίιιιιῖίαζτ.Δ
652 5534 701 5618 f‘
841 5534 1220 5618 _rirauu_s_cript9
1255 5534 1613 5618 desideratur,

1753 5534 1925 5618 ἠνίων.
1967 5534 2165 5618 ἀδδἸιι
2198 5534 2548 5618 vulgalis.est,
2575 5534 2689 5618 τῶν
2711 5542 2941 5618 πρώτων
2978 5544 3078 5618 ουκ
3107 5543 3305 5618 δλίγαι.

104 5610 427 5686 Ζηλώσαντες
472 5613 530 5666 δὲ
553 5613 606 5686 al
636 5613 993 5686 ancilioﬁ'rjcsc
1019 5610 1281 5686 Ἰουδαῖοι,
1323 5613 1417 5667 καὶ
1449 5610 1889 5686 προσλαϐόμενοι
1921 5616 2028 5670 τῶν
2082 5610 2353 5686 ἀγοραίῶν
2376 5610 2549 5679 τινάς.
2644 5615 2690 5647 ⁸⁸
2723 5610 2791 5686 In
2829 5613 3056 5686 vulgatis
3104 5610 3307 5686 deside-

103 5684 393 5762 ἀφίημιοῶ
424 5693 547 5762 ante
575 5684 826 5762 Ἰάσονος.
903 5683 949 5715 ⁸⁵
980 5683 1187 5762 αὐτοῖς,
1225 5691 1383 5762 φημ’
1405 5682 1587 5762 ..πλη
1622 5704 1632 5735 1

1753 5687 1978 5762 ascripto
1993 5697 2041 5739 et
2069 5682 2172 5747 hic,
2191 5682 2247 5738 'et
2277 5686 2435 5754 paslu
2454 5694 2568 5752 post
2593 5696 2687 5752 est,
2706 5682 3096 5754 πολιπάρχους.
3169 5684 3217 5717 ⁸⁸
3242 5683 3306 5738 In

106 5748 306 5818 vulgatis
330 5761 420 5817 est,
445 5754 926 5817 ἀναστατώσαντες
962 5749 1130 5817 οὗτοι,
1159 5748 1255 5806 uel
1297 5751 1504 5807 ἐνθάδε.
1578 5754 1624 5788 ⁸⁸

1753 5748 2050 5822 ιδέδεικται,
2103 5763 2239 5808 erat.
