3856 6546
532 387 644 462 ’143

1430 384 2011 447 THEOPHYLACTI
2050 384 2150 444 BU
2161 381 2461 444 LGARME
2489 378 2844 444 ARCHIEP.
3642 385 3733 448 7“

517 510 690 565 stituit
714 517 943 574 tempora
971 502 1300 572 prtescripta,
1343 511 1489 555 certa
1530 513 1687 572 atque
1713 504 1977 556 destinata
2014 503 2097 556 in-

2207 517 2351 553 νοιαν
2383 514 2400 531 ο
2455 498 2516 550 οὐ
2570 494 2880 564 κατεγέλων
2935 492 3103 548 αὐτοῦ
3163 493 3214 546 οἱ
3265 493 3546 563 φιλόσοφοι
3593 497 3738 564 οὕτως

517 599 814 670 quilinatus
843 604 891 650 et
919 594 1263 647 habitationis
1296 609 1476 647 eorum
1503 609 1517 646 :
1551 594 1751 662 quibus
1785 593 1968 648 verbis
2003 591 2094 646 Dei

519 685 916 759 providentiam
940 682 1201 739 ostendit.
1243 682 1365 736 Non
1411 683 1734 737 deridebant
1763 699 1888 738 eum
1922 682 2098 752 philo-

516 779 680 848 sopiri
716 779 789 832 ita
819 778 1130 846 loquentem
1167 792 1182 830 :
1224 791 1402 847 neque
1431 777 1574 832 enim
1605 777 1895 846 quidquam
1933 776 2098 830 intel-

518 871 752 940 Iigebaut
781 884 991 933 eorum,
1040 884 1163 938 qua:
1192 869 1534 924 dicebantur.
1565 868 1669 935 Qui
1711 868 1856 924 enim
1887 867 2098 938 potuis-

517 969 640 1014 sent
681 975 912 1029 quorum
947 960 1038 1013 alii
1086 959 1302 1029 quidem
1348 958 1516 1016 Deum
1580 975 1782 1032 corpus
1823 974 1964 1023 esse,
2009 958 2098 1013 alii

518 1066 648 1106 vero
707 1050 1038 1120 voluptatem
1088 1051 1480 1106 beatitudinem
1513 1067 1638 1107 esse
1682 1051 1975 1107 dicebant?
2025 1052 2099 1103 Ac

518 1140 757 1194 nonnulli
801 1141 1084 1197 dicebant:
1129 1142 1265 1207 Quid
1316 1143 1438 1197 velit
1489 1144 1844 1213 spermologus
1889 1144 2099 1200 dicere?

519 1233 961 1304 Spermologum,
1009 1233 1115 1288 hoc
1159 1243 1316 1289 sonat
1347 1236 1718 1307 seminilegam
1745 1253 1841 1292 seu
1875 1237 2099 1308 frugile-

517 1341 663 1395 gam,
714 1325 982 1378 aviculam
1027 1326 1180 1380 aiunt
1211 1342 1332 1381 esse
1363 1327 1704 1392 vilissimam,
1744 1343 1865 1398 quae
1890 1330 2097 1384 semina

519 1417 574 1470 in
623 1416 800 1471 triviis
834 1415 993 1487 134
1033 1418 1293 1488 dissipata
1343 1418 1598 1488 colligere
1649 1416 1808 1474 solita
1845 1420 1919 1474 sit
1953 1435 1967 1472 :
2005 1419 2096 1474 cui

519 1505 611 1574 qui
654 1505 816 1560 inane
868 1507 1226 1577 supercilium
1261 1508 1458 1560 tollunt
1490 1517 1545 1562 et
1590 1508 1822 1561 multum
1843 1507 1944 1562 sibi
1979 1508 2098 1578 pla-

519 1605 668 1662 cent,
702 1613 1037 1668 magnosque
1087 1599 1316 1668 spiritus
1367 1607 1591 1653 sumunt
1633 1612 1853 1669 propter
1885 1601 2095 1670 copiam

521 1697 578 1744 et
605 1690 906 1744 ubertatem
934 1689 1155 1745 dicendi
1191 1690 1528 1760 philosophi,
1563 1689 1787 1744 Paulum
1825 1690 2098 1745 assimila-

520 1780 673 1834 bant.
713 1781 998 1852 Sapientes
1035 1782 1180 1836 enim
1211 1782 1344 1837 viles
1387 1790 1603 1846 vocant,
1639 1782 1818 1852 inquit
1859 1781 2098 1853 scriptor

518 1846 972 1928 Proverbiorum.
1019 1872 1287 1939 Quoniam
1344 1873 1512 1944 igitur
1551 1875 1930 1944 Spermologus
1977 1873 2093 1929 sive
2122 1846 2169 1906 Β

513 1963 778 2036 frugilega
811 1981 974 2034 parva
1005 1974 1089 2021 est
1130 1966 1268 2030 avis,
1310 1982 1487 2037 neque
1513 1966 1579 2021 ad
1607 1968 1960 2044 vescendum,
1995 1981 2093 2021 ne-

514 2071 622 2125 que
649 2055 716 2109 ad
747 2057 1126 2111 delectandum
1157 2057 1372 2122 idonea,
1409 2058 1544 2112 viles
1575 2057 1839 2112 homines.
1853 2072 2092 2126 spermo-

517 2144 666 2214 logos
689 2145 1054 2215 appellabant.
1073 2146 1179 2200 Alii
1196 2163 1336 2214 vero,
1353 2147 1753 2218 Peregrinorum
1775 2148 2090 2214 dwmonum,

513 2235 778 2307 inquiunt,
821 2240 1169 2292 annuntiutor
1197 2255 1306 2294 esse
1354 2242 1578 2294 videtur.
1607 2241 1822 2295 Etenim
1853 2255 2094 2295 resurre-

516 2327 756 2383 ctionem
783 2328 940 2385 deam
999 2331 1289 2400 quamdam
1321 2347 1441 2386 esse
1489 2331 1897 2396 existimabant,
1925 2331 2102 2402 utqui

515 2422 680 2474 etiam
709 2420 950 2490 .leminas
999 2423 1180 2478 colere
1232 2424 1494 2479 solerent.
1557 2423 1825 2478 Daemonia
1866 2439 2102 2493 namque

515 2507 650 2564 deos
673 2525 802 2566 suos
843 2513 1127 2568 vocabant.
1168 2513 1442 2568 Duxerunt
1473 2531 1590 2568 eum
1623 2516 1694 2568 ad
1739 2513 1924 2567 collem
1949 2513 2094 2567 Har-

2200 590 2367 644 αὐτοῦ
2423 589 2796 659 φθεγγομένου
2818 600 2833 616 ο
2865 585 2985 640 οὐδὲ
3033 585 3142 657 γὰρ
3172 586 3355 640 ἐνόουν
3385 603 3442 639 τι
3483 585 3588 640 τῶν
3611 588 3738 657 λεγν»

2202 679 2400 750 μένων.
2456 677 2580 740 Πῶς
2614 677 2722 747 γὰρ
2748 676 2798 728 oi
2839 674 2938 746 μὲν
2971 673 3130 746 σῶμα
3171 676 3263 728 τὸν
3298 674 3434 729 Θεὸν
3479 675 3734 744 λέγοντες·

2199 773 2248 824 οἱ
2285 771 2342 824 δὲ
2371 770 2562 840 ἡδονὴν
2589 769 2688 840 τὴν
2716 768 3128 839 μακαριότητας
3185 767 3296 822 Καί
3331 783 3494 834 τινες
3519 769 3732 839 ἔλεγον

2206 863 2268 917 Τί
2295 861 2373 915 ἂν
2395 861 2559 915 θέλοι
2598 862 2630 914 ό
2659 859 3075 927 σπερμολόγος
3105 853 3286 924 οὗτος
3321 859 3561 927 λέγειν;
3591 860 3734 931 Σπερ-

2203 953 2430 1025 μολόγον
2476 951 2677 1022 πτηνὸν
2721 946 2861 1003 εἶναί
2911 965 3080 1020 φασιν
3133 948 3563 1015 εὐτελέστατον,
3607 952 3668 1003 τὰ
3693 956 3737 1005 ὲν

2199 1046 2319 1107 ταῖς
2357 1043 2588 1114 τριόδοις
2629 1042 3113 1113 κατεσκεδασμένα
3148 1042 3257 1097 τῶν
3287 1043 3613 1114 σπερμάτων
3638 1046 3738 1098 cim-

2200 1134 2291 1198 θὺς
2341 1133 2654 1202 συλλέγειν·
2705 1125 2750 1201 ᾧ
2795 1134 2816 1166 ⁸
2871 1133 3110 1204 ματαίαν
3162 1134 3411 1205 αἴροντες
3458 1134 3624 1204 ὀφρὺν
3663 1138 3738 1189 ἐπὶ

2199 1223 2413 1295 γλώττῃ
2465 1222 2716 1294 πλατείᾳ,
2772 1223 3098 1295 φρονοῦντες
3130 1240 3192 1277 τε
3240 1224 3404 1294 μέγα,
3442 1224 3738 1295 παρείκαζον

2198 1315 2290 1368 τὸν
2333 1313 2544 1369 Παῦλον
2578 1314 2619 1368 ⁷.
2659 1315 2798 1378 Τοὺς
2831 1315 2937 1386 γὰρ
3000 1315 3197 1384 σοφοὺς
3240 1315 3480 1384 φαύλους
3521 1315 3737 1384 καλοῦσι,

2200 1405 2336 1476 φησι⁸
2366 1407 2394 1457 ὁ
2431 1404 2864 1475 Παροιμιαστής.
2923 1403 3143 1475 Ἐπειδὴ
3190 1401 3284 1456 οὖν
3327 1402 3514 1473 θρνεόν
3552 1406 3684 1456 ἐστιν
3715 1407 3737 1456 ὁ

2201 1495 2572 1566 σπερμολόγος
2626 1495 2824 1566 βραχὺ,
2866 1497 2959 1549 καὶ
3010 1494 3135 1549 οὔτε
3196 1495 3333 1566 πρδς
3383 1494 3607 1566 βρῶσιν,
3635 1494 3734 1550 οὔτε

2200 1587 2335 1658 πρὸς
2376 1587 2567 1658 τέρψιν
2615 1588 2942 1658 ἐπιτήδειον,
3001 1589 3130 1652 τοὺς
3168 1589 3411 1651 εὐτελεῖς
3460 1588 3729 1659 σπερμολό-

2198 1697 2327 1749 γους
2355 1679 2604 1736 ὲκάλουν.
2627 1682 2690 1735 οι
2720 1679 2807 1745 δὲ,
2844 1680 3044 1734 Ξένων
3071 1680 3391 1748 δαιμονίων
3428 1679 3595 1734 δοκεῖ
3619 1697 3728 1734 nare

2198 1773 2489 1843 αγγειεὺς
2529 1767 2700 1826 εἶναι.
2763 1772 2873 1825 Καὶ
2923 1771 3032 1844 γὰρ
3093 1768 3192 1842 τὴν
3245 1772 3575 1836 ἀνάστασιν,
3628 1769 3728 1824 Θεόν

2199 1881 2316 1916 τινα
2351 1861 2489 1918 εἶναι
2520 1861 2789 1934 ἐνόμιζον,
2848 1862 2946 1916 ἅτε
2998 1863 3249 1927 εἰωθότες
3293 1863 3389 1916 καὶ
3416 1861 3628 1934 θηλείας
3664 1863 3729 1914 σί-

2199 1951 2333 2008 δειν.
2354 1953 2612 2025 Δαιμόνια
2641 1954 2748 2025 γὰρ
2767 1953 2891 2017 τοὺς
2921 1953 3078 2017 θεοὺς
3103 1953 3281 2008 αὐτῶν
3309 1953 3556 2007 ἐκάλουν.
3585 1954 3726 2022 Ἠγα-

2199 2064 2308 2116 γον
2335 2047 2522 2101 αὑτὸν
2553 2045 2653 2098 ἐπὶ
2673 2047 2781 2100 τὸν
2814 2048 3041 2114 Ἀρειον
3057 2045 3278 2114 Πάγον,
3305 2047 3405 2116 οὐχ
3434 2046 3514 2099 ὅτι
3547 2047 3722 2116 μαθεῖν.

2199 2137 2315 2189 ἀλλ’
2346 2136 2486 2189 ὥστε
2512 2134 2865 2202 κολάσασθαι,
2888 2136 3014 2189 ἔνθα
3037 2138 3092 2189 al
3119 2137 3337 2204 φονικαὶ
3367 2136 3532 2190 δίκαι.
3575 2137 3728 2206 Ἀρει-

2199 2244 2257 2290 ος
2290 2228 2312 2260 ⁸
2349 2226 2407 2281 δὲ
2441 2229 2610 2296 πάγος
2655 2227 2918 2294 ἐκαλεῖτο,
2949 2227 3132 2297 ἐπειδὴ
3176 2229 3204 2281 ὁ
3253 2229 3428 2299 ’Ἄρης
3463 2229 3626 2280 ἐκεῖσε
3650 2230 3726 2297 τῆς

2202 2321 2450 2391 μοιχείας
2483 2320 2528 2382 ⁸,
2579 2318 2654 2382 ὥς
2704 2337 2858 2388 φασι,
2921 2320 3120 2373 δέδωκε
3176 2320 3352 2383 δίκας.
3418 2321 3590 2388 Πάγος
3622 2320 3716 2373 δὲό

2199 2412 2401 2483 ὑψηλὸς
2433 2417 2624 2475 τὸποςο
2651 2413 2708 2464 ἑν
2738 2412 2846 2482 γὰρ
2889 2411 3034 2483 ὄχθῳ
3074 2413 3183 2465 τινὶ
3213 2407 3281 2482 ἦν
3315 2414 3491 2466 ἐκεῖνο
3526 2413 3579 2465 τὸ
3603 2413 3720 2466 δικα-

2199 2507 2438 2577 στήριον.
2467 2503 2808 2575 Σημειωτέον
2840 2504 2944 2568 ὅτι,
2987 2503 3166 2557 καίτοι
3195 2505 3253 2557 ἐν
3282 2504 3358 2574 τῷ
3393 2503 3568 2558 λαλεῖν
3590 2506 3717 2574 ἀσχο-

523 2599 677 2653 tium.
709 2599 828 2654 Non
857 2601 1107 2658 discendi
1135 2619 1322 2668 causa,
1357 2604 1450 2659 sed
1495 2605 1753 2674 puniendi
1793 2605 1846 2656 in
1875 2618 1942 2658 eo
1977 2604 2097 2658 loco

2207 2599 2448 2667 λούμενοι
2478 2600 2572 2650 καὶ
2603 2597 2844 2662 ἀκούειν,
2876 2598 3025 2668 ὅμως
3050 2597 3328 2662 ξενίζοντα
3355 2597 3594 2666 ἐνόμιζον
3609 2593 3715 2650 εἶναι

519 2691 612 2744 ubi
642 2692 943 2762 agebantur
979 2702 1034 2748 et
1068 2696 1538 2766 cognoscebantur
1577 2711 1759 2751 causae
1785 2694 2085 2751 homicidii.

2198 2692 2403 2754 ἐκεῖνα,
2435 2688 2579 2759 ᾇπερ
2603 2688 2858 2742 οὐδέποτε
2897 2689 3138 2759 ἤκουσαν
3164 2706 3178 2722 ο
3215 2681 3392 2752 ἄλλως
3419 2707 3478 2742 τε
3510 2690 3562 2742 δὲ
3588 2690 3661 2741 καὶ
3681 2690 3717 2740 εί

517 2781 743 2837 Martius
784 2793 967 2838 autem
1018 2786 1174 2841 collis
1215 2787 1507 2841 vocabatur
1539 2787 1586 2841 is
1628 2787 1802 2852 locus,
1834 2786 2089 2855 quoniam

2207 2781 2477 2854 ἱνθρωπον
2526 2783 2827 2852 ἐκήρυττεν
2865 2781 3262 2853 ἐσταυρῶσθαι,
3298 2782 3360 2835 οὐ
3408 2782 3554 2848 ξένον
3589 2777 3646 2851 ἦν
3675 2782 3722 2832 τὸ

520 2871 660 2928 Mars
691 2875 822 2940 illic,
857 2886 914 2930 ut
945 2877 1088 2931 fama
1113 2886 1216 2944 est,
1259 2878 1513 2933 adulterii
1553 2893 1741 2948 punias
1772 2878 1940 2932 dedit.
1973 2879 2088 2930 Πά-

2193 2875 2487 2942 λεγόμενον
2517 2889 2532 2904 ο
2561 2873 2610 2926 εί
2639 2873 2696 2925 δὲ
2735 2873 2868 2926 Θεὸν
2895 2874 3080 2941 ἔλεγεν
3103 2874 3482 2944 ἐσταυρῶσθαι
3515 2876 3601 2928 καὶ
3621 2876 3726 2943 ἐγη-

518 2980 613 3031 γος
653 2977 834 3022 antem
886 2969 1038 3023 locus
1065 2981 1147 3026 est
1177 2971 1357 3026 editus
1391 2990 1404 3024 :
1441 2985 1566 3024 nam
1598 2971 1651 3024 in
1686 2969 1823 3024 colle
1853 2969 2086 3040 quodam

2207 2969 2406 3038 τερθαι,
2438 2966 2607 3031 ὅντως
2639 2965 2916 3033 ξενίζοντα
2945 2967 3147 3023 ἐλάλει.

518 3067 637 3112 erat
665 3058 755 3111 illa
786 3057 1284 3115 curia.Notandum
1309 3069 1394 3117 est
1417 3073 1596 3115 autem
1621 3062 1768 3126 illos,
1799 3076 2108 3130 quanquam
2150 3059 2697 3114 sermocinationibus
2743 3067 2796 3112 et
2829 3059 3201 3114 auditionibus
3237 3058 3418 3116 dediti
3471 3057 3720 3116 et‘addicti

518 3159 700 3216 crant,
731 3158 909 3204 tamen
937 3151 1048 3216 illa,
1085 3168 1205 3222 qua:
1281 3168 1559 3222 nunquam
1640 3153 1985 3216 audiverant,
2063 3156 2348 3221 peregrina
2388 3165 2451 3204 ac
2491 3164 2628 3204 nova
2654 3159 2899 3220 putasse.
2941 3149 3075 3206 Nam
3107 3153 3348 3224 alioquin
3383 3155 3587 3210 etiamsi
3615 3171 3719 3226 pne-

519 3239 737 3295 dicabat
767 3242 1042 3298 hominem
1073 3245 1220 3300 cruci
1260 3244 1476 3298 alIixum
1518 3244 1707 3309 fuisse,
1739 3261 1850 3298 non
1882 3259 2077 3298 novmn
2118 3253 2235 3297 erat
2260 3242 2404 3312 quod
2437 3242 2762 3297 dicebatur:
2794 3242 2878 3298 sin
2909 3252 3090 3298 autem
3154 3245 3319 3300 Deum
3339 3245 3552 3302 dicebat
3604 3248 3721 3302 cruci

517 3331 736 3386 aﬂixnm
783 3348 926 3401 esse,
963 3343 1018 3389 et
1053 3337 1438 3402 resurrexisse,
1496 3351 1687 3390 revera
1737 3351 1878 3389 nova
1927 3345 2088 3404 atque
2126 3334 2410 3404 peregrina
2451 3333 2791 3402 loquebatur.

592 3419 756 3478 Vens.
784 3424 874 3479 22.
921 3425 1080 3481 Stans
1107 3438 1285 3481 autem
1309 3427 1508 3481 Paulus
1532 3429 1586 3481 in
1610 3428 1777 3482 medio
1791 3427 1971 3482 Martii
1998 3428 2097 3480 col-

2283 3427 2528 3489 Σταθεὶς
2547 3424 2614 3478 δὲ
2642 3423 2878 3492 Παῦλος
2901 3425 2971 3479 ἐν
2987 3423 3153 3495 μέσῳ
3174 3425 3281 3480 τοῦ
3301 3427 3522 3496 Ἀρείου
3543 3425 3724 3496 Πάγον,

519 3514 605 3581 lis,
643 3515 846 3570 dicebat
878 3534 896 3570 :
929 3517 1035 3572 Viri
1085 3519 1434 3587 Athenienses,
1483 3522 1539 3574 in
1581 3521 1819 3575 omnibus
1869 3535 1958 3574 vos
1994 3520 2101 3590 fere

517 3607 668 3660 video
691 3607 1038 3680 religiosiores
1057 3626 1186 3665 esse.

592 3700 755 3754 Vens.
775 3701 868 3754 25.
900 3701 1181 3757 Transiens
1225 3704 1384 3768 enim,
1421 3713 1466 3757 et
1496 3703 1855 3772 contemplans
1880 3703 2099 3755 numina

517 3806 636 3860 qua:
664 3789 857 3854 colitis,
887 3795 1056 3861 reperi
1081 3794 1241 3846 etiam
1276 3811 1429 3847 aram
1453 3811 1569 3848 cum
1600 3796 1698 3848 hac
1721 3795 2100 3862 inscriptione:

520 3880 707 3949 [gnato
731 3881 859 3934 Deo.
892 3881 1056 3946 Quem
1088 3885 1252 3954 igitur
1294 3885 1595 3956 ignorantes
1629 3887 1814 3951 colitis,
1845 3887 1983 3940 hunc
2009 3903 2100 3959 ego

521 3973 780 4023 annuntio
809 3973 968 4026 vobis.

605 4059 767 4114 Vens.
805 4063 892 4116 ‘24.
941 4065 1081 4117 Deus
1111 4065 1201 4134 qui
1231 4067 1352 4135 fecit
1384 4067 1657 4133 mundum,
1695 4077 1740 4121 et
1777 4069 1952 4122 omnia
1983 4085 2100 4140 qua:

520 4160 640 4204 sunt
674 4157 726 4202 ιιι
754 4167 833 4216 eo,
883 4151 966 4205 hic
1002 4169 1119 4206 cum
1158 4157 1271 4208 σαοίὶ
1316 4166 1567 4227 terrwque
1604 4157 1857 4212 Dominus
1881 4162 1968 4227 sit,
1998 4175 2100 4214 non

527 4240 582 4290 in
617 4240 934 4308 manufuctis
964 4241 1168 4312 templis
1199 4245 1427 4297 habitat.

601 4328 764 4384 Vens.
788 4331 876 4386 25.
913 4331 1093 4403 Neque
1126 4337 1364 4389 manibus
1401 4337 1664 4391 hominum
1697 4338 1902 4404 colitur,
1927 4349 1983 4393 ut
2011 4343 2099 4411 qui

527 4420 760 4490 alicujus
783 4424 856 4475 rei
891 4441 1079 4492 egenus
1107 4427 1194 4491 sit,
1217 4442 1334 4480 cum
1359 4429 1466 4497 ipse
1501 4432 1736 4484 omnibus
1761 4433 1944 4498 vitam,
1975 4434 2098 4487 ani-

522 4529 662 4566 mam
694 4524 742 4567 et
775 4515 998 4569 halitum
1024 4528 1182 4589 atque
1213 4523 1390 4575 omnia
1424 4523 1530 4576 det.
1575 4569 1578 4572 .

594 4601 759 4658 Vnus.
789 4606 881 4658 26.
914 4605 1159 4676 Fecitque
1208 4626 1271 4663 ca:
1322 4627 1422 4664 uno
1466 4614 1720 4682 sanguine
1759 4630 1908 4668 omne
1936 4632 2098 4686 genus

519 4693 806 4758 hominum,
845 4706 901 4748 ut
924 4698 976 4750 in
1007 4699 1150 4751 omni
1176 4700 1284 4752 solo
1311 4711 1465 4756 terra:
1493 4704 1810 4769 habitarent,
1833 4706 2098 4773 deﬁnivit-

2201 3520 2350 3590 ἔφη·
2403 3516 2651 3584 ’Ἄνδρες
2694 3517 3010 3582 Ἀθηναῖοι,
3053 3518 3204 3571 κατὰ
3232 3518 3430 3574 πάντα
3465 3521 3542 3587 ὡς
3581 3521 3727 3575 deicio

2201 3609 2710 3679 δαιμονεστέρους
2741 3605 2896 3676 ὑμᾶς
2923 3607 3136 3676 θεωρῶ.

2271 3701 2664 3770 Διερχόμενος
2693 3700 2801 3768 γὰρ
2822 3699 2918 3752 καὶ
2943 3701 3294 3769 ἀναθεωρῶν
3322 3703 3395 3758 τὰ
3423 3705 3727 3772 σεϐάσματα

2201 3790 2366 3860 ὑμῶν
2392 3831 2407 3856 ,
2453 3786 2636 3858 εὗρον
2679 3790 2777 3843 καὶ
2823 3791 3072 3860 βωμὸν,
3115 3793 3187 3847 ἑν
3234 3788 3284 3862 ᾧ
3319 3793 3722 3865 ὲπεγέτραπτο”

2202 3882 2505 3952 Ἀγνώστιιι
2550 3880 2693 3948 Θεῷ.
2742 3885 2852 3936 Ὃν
2883 3881 2997 3939 οὖν
3035 3885 3402 3955 ἀγνοοῦντες
3447 3889 3724 3948 εὐσεῖεῑιε,

2200 3974 2414 4029 τοῦτον
2434 3972 2548 4042 ἐγὼ
2571 3973 2957 4045 καταγγέλλω
2984 3978 3143 4046 ὑμῖν.

2286 4066 2348 4119 '0
2381 4069 2525 4132 Θεὸς
2571 4069 2604 4120 ὀ
2647 4069 2912 4136 ποιήσας
2942 4069 3048 4123 τὸν
3081 4070 3315 4138 κόσμον
3342 4072 3440 4128 καὶ
3479 4071 3726 4126 πάντατὰ

2199 4155 2268 4208 ἐν
2292 4155 2472 4222 αὐτῷ,
2500 4151 2680 4225 οὗτος
2709 4159 2968 4226 οὐρανοῦ
3002 4159 3099 4212 καὶ
3125 4158 3236 4229 γῆς
3268 4163 3484 4230 Κύριος
3508 4165 3548 4194 ⁸⁵
3581 4163 3728 4232 unde

2199 4265 2346 4317 χων,
2375 4249 2485 4301 οὐκ
2507 4249 2578 4302 ἐν
2600 4249 3035 4319 χειροποιήτοις
3067 4250 3232 4318 ναοῖς
3265 4255 3547 4320 κατοικεῖ,
3613 4265 3630 4274 ⁸

2275 4338 2428 4392 οὐδὲ
2442 4341 2560 4394 ὑπὸ
2577 4339 2790 4408 χειρῶν
2816 4340 3141 4409 ἀνθρώπων
3157 4346 3557 4411 θεραπεύεται,
3581 4360 3724 4412 πρίει

2199 4430 2484 4500 δεόμενός
2525 4447 2730 4496 τινος,
2781 4433 2964 4498 αὐτὸς
3011 4432 3214 4500 διδοὺς
3259 4433 3412 4487 πᾶσι
3468 4434 3613 4504 ζωὴν
3653 4436 3722 4486 καί

2200 4521 2405 4590 πνοὴν
2432 4521 2529 4576 καί
2561 4521 2633 4574 τὰ
2657 4521 2856 4576 πάντα
2887 4523 2950 4576 “.

2267 4611 2550 4680 Ἐποίησέ
2572 4629 2636 4666 τε
2673 4613 2742 4677 ἐξ
2769 4613 2906 4680 ἐνὸς
2933 4615 3180 4686 αἵματος
3202 4617 3330 4673 πᾶν
3350 4620 3528 4688 ἔθνος
3552 4618 3727 4689 ἀνθρὼ-

2200 4714 2336 4755 πων
2385 4703 2685 4758 κατοικεῖν
2735 4705 2835 4758 ἐπί
2875 4706 3002 4760 πᾶν
3030 4706 3096 4759 τὸ
3127 4709 3456 4776 πρόσωπον
3498 4711 3601 4780 τῆς
3625 4709 3722 4780 τῆς.

520 4796 619 4850 que
645 4797 708 4833 ac
732 4785 918 4837 statuit
943 4795 1176 4856 tempora
1215 4800 1356 4844 certa
1389 4803 1543 4862 atque
1567 4795 1874 4863 prwscripta
1904 4812 1967 4848 ac
1994 4806 2097 4850 ter-

2207 4797 2412 4862 ὁρίσας
2461 4797 3016 4866 προστεταγμένους
3061 4799 3106 4829 ³²
3167 4801 3415 4869 καιροὺς
3441 4842 3457 4868 ,
3515 4804 3605 4858 και
3647 4803 3726 4863 τὰς

522 4873 693 4925 minos
721 4873 1066 4930 habitationis
1104 4895 1304 4946 eorum,

590 4959 752 5018 Vens.
796 4965 887 5020 27.
928 4967 988 5023 Ut
1012 4979 1300 5038 quaererent
1353 4969 1666 5036 Dominum,
1716 4975 1763 5028 si
1807 4974 1941 5044 forte
1983 4975 2102 5045 pal-

519 5057 696 5126 pando
727 5068 775 5111 et
805 5065 1170 5114 contrectando
1199 5077 1315 5114 eum
1340 5062 1623 5121 inveniant.
1652 5062 1967 5136 Quanquam
1998 5083 2103 5122 non

519 5149 709 5217 procul
735 5152 881 5204 abest
911 5151 977 5205 ab
1013 5168 1318 5222 unoquoque
1348 5164 1604 5210 nostrum.

591 5238 760 5296 Vens.
793 5241 886 5297 28.
933 5241 1034 5297 Per
1073 5259 1192 5297 eum
1237 5245 1376 5298 enim
1415 5247 1635 5300 vivimus
1669 5259 1716 5301 et
1754 5265 2021 5303 moventur
2048 5260 2098 5304 et

519 5343 720 5398 sumus,
753 5341 812 5385 ut
852 5332 1068 5403 quidam
1099 5333 1258 5386 etiam
1285 5344 1577 5388 vestrorum
1625 5347 1900 5404 poetarum
1944 5339 2096 5394 dixe-

521 5430 687 5475 runt:
720 5437 844 5476 nam
875 5422 1032 5494 hujus
1061 5439 1264 5495 quoque
1288 5427 1558 5496 progenies
1588 5444 1790 5483 sumus.

2205 4887 2517 4954 ὁροθεσίας
2537 4887 2643 4953 τὰς
2672 4889 2976 4954 κατοικίας
3005 4887 3226 4958 αὐτῶν,

2273 4975 2486 5043 Ζητεῖν
2545 4977 2652 5031 τὸν
2706 4978 2953 5046 Κύριον,
2999 4981 3052 5031 εί
3096 4979 3280 5049 ἄραγε
3336 4985 3728 5053 ψηλαφήσειαν

2203 5066 2390 5119 αὑτὸν
2419 5067 2516 5119 καὶ
2547 5067 2784 5136 εὒροιεν
2812 5084 2826 5098 ο
2883 5070 2985 5122 καί
3014 5085 3079 5141 γε
3115 5072 3189 5125 οὐ
3210 5075 3456 5142 μακρὰν
3482 5076 3592 5130 ἀπὸ
3617 5073 3725 5137 ἐνὸς

2202 5155 2467 5208 ἑκάστου
2504 5155 2674 5224 ἡμῶν
2705 5158 3070 5226 ὑπάρχοντα.

2275 5248 2379 5302 Ἐν
2405 5247 2564 5313 αὐτῷ
2608 5251 2715 5318 γὰρ
2740 5249 2925 5320 ζῶμεν
2955 5254 3050 5306 καὶ
3075 5256 3402 5325 κινούμεθα
3429 5258 3522 5313 καὶ
3553 5255 3720 5325 ἐσμὲν.

2203 5339 2284 5404 ὡς
2320 5338 2420 5392 καί
2460 5355 2619 5404 τινες
2651 5339 2769 5394 τῶν
2797 5342 2927 5394 καθ’
2976 5341 3132 5411 ὑμᾶς
3162 5345 3425 5415 ποιητῶν
3451 5346 3718 5415 εἰρήκασι·

2207 5431 2318 5486 Τοῦ
2347 5432 2456 5502 γὰρ
2487 5432 2586 5485 καὶ
2619 5431 2792 5502 γένος
2811 5433 3018 5502 ἐσμέν.

1669 5569 1869 5630 Varia:
1903 5569 2208 5632 lectiones
2253 5577 2315 5632 et
2354 5576 2548 5633 notas.

599 5663 619 5694 ⁸
648 5660 714 5739 ᾧ,
746 5677 892 5739 erat.
965 5675 986 5703 '
1012 5667 1439 5739 παρεικάζοντες
1480 5670 1710 5736 Παῦλον,
1742 5682 1876 5726 erat.

1978 5673 1999 5703 ⁸
2024 5673 2220 5744 ὄρειος,
2247 5685 2384 5728 erat.

2483 5677 2504 5708 ’
2537 5675 2772 5744 μοιχίας,
2822 5686 2956 5730 erat.
3068 5677 3110 5708 ¹⁶
3141 5676 3205 5732 1η
3251 5679 3472 5750 vulgatis
3497 5674 3716 5731 ιιοιιιιιιίίί³

523 5740 624 5795 est.
670 5733 698 5782 δ
745 5735 967 5818 Κύριος.
1044 5733 1181 5794 ¹¹’ν.
1213 5733 1277 5795 (1.
1311 5753 1357 5796 et
1405 5743 1461 5796 Β.
1507 5733 1705 5812 legunt,
1755 5745 1846 5795 καὶ
1881 5733 2078 5808 πάντα,

2207 5733 2274 5797 im
2300 5733 2567 5799 lectionem
2600 5733 2690 5814 ego
2717 5733 2916 5816 quoque
2945 5764 3148 5815 sequar.
3231 5751 3274 5780 “
3306 5733 3368 5808 1?.
3387 5749 3588 5818 vulgatis
3627 5751 3710 5797 ιιι.

527 5807 1019 5874 προτεταγμένους,
