3856 6548
91 464 181 525 ’ῖάὸ
780 459 1180 521 EXPOSITIO
1220 458 1295 517 IN
1330 457 1515 546 ACTA
1543 453 2117 537 APOSTOLORUM.
2149 479 2218 488 -
2239 451 2409 512 CAP.
2440 449 2629 512 XVII.

3226 449 3335 514 746

145 577 320 638 Γένσς
378 567 495 631 οὖν
540 577 920 644 ὑπάρχοντες
971 578 1075 630 τοῦ
1112 576 1284 640 Θεοῦ,
1327 576 1440 628 οὐκ
1490 573 1648 642 ὀφεί-

1825 572 1986 626 Vsns.
2015 570 2104 625 ἓξ).
2145 569 2454 638 Cumigitur
2480 567 2646 621 simus
2668 564 2761 619 Dei
2789 565 3079 635 progenies,
3109 579 3213 618 non
3242 567 3336 618 de-

80 675 244 736 λομεν
271 668 536 736 νομΙζειν
578 669 804 736 χρυσῷ,
840 670 878 736 ἢ
911 669 1165 736 ἀργύρῳ,
1201 667 1241 734 ἣ
1288 666 1436 732 λίθῳ
1467 663 1646 732 χαρά-

83 774 236 830 γματι
303 761 527 826 τέχνης
584 760 683 813 καί
747 761 1136 829 ἐνθυμήσεως
1197 757 1514 826 ἀνθρώπου
1578 755 1646 808 τὸ

85 852 236 904 Beier
258 845 412 901 εἶναι
438 847 668 915 ὅμοιον.

149 941 230 1003 Ὠς
263 937 954 1008 δεισιδαιμονεστέρους.
1005 935 1362 1004 Δεισιδαίμων
1432 933 1648 1002 λέγεται

82 1025 301 1088 ὁδεδιὼς
325 1027 392 1078 τά
432 1024 705 1094 δαιμόνια,
735 1028 762 1078 ὁ
799 1025 974 1078 πάντα
1013 1023 1270 1088 θειάζων,
1326 1023 1423 1073 καὶ
1469 1021 1644 1084 ξύλον,

83 1121 160 1172 καὶ
181 1119 340 1180 λίθον,
374 1116 467 1170 καὶ
498 1115 736 1185 πνεῦμα.
775 1117 989 1185 Ὥσπερ
1035 1113 1407 1184 ἐγκωμιάζειν
1451 1112 1649 1170 αὐτοὺς

84 1213 226 1264 δοκεῖ.
257 1207 922 1277 Δεισιδαιμονεστέρους
959 1207 1037 1273 δὲ,
1089 1208 1208 1260 ἀντὶ
1247 1207 1361 1268 τοῦ,
1423 1204 1650 1258 εὐλαϐε-

85 1303 301 1369 στέρους·
328 1298 490 1351 τοῦτο
533 1299 592 1352 δὲ
633 1295 752 1351 εἷπε
793 1298 880 1350 διὰ
924 1300 1015 1350 τὸν
1056 1297 1257 1366 βωμόν.
1314 1293 1650 1363 Ἀνειστήκει

87 1395 131 1445 δὲ
157 1393 326 1453 αὐτοῖς
355 1393 385 1443 ὁ
418 1390 600 1461 βωμὸς
645 1391 709 1440 ὲκ
747 1389 1003 1457 τοιαύτης
1033 1387 1231 1449 αἰτίας·
1270 1387 1511 1456 Πόλεμος
1542 1387 1652 1447 τοῖς

96 1483 372 1551 Ἀθηναῖοις
436 1483 568 1535 ποτὲ
615 1482 926 1552 συνερῤάγη
984 1480 1125 1551 πρὸς
1175 1479 1471 1541 ὲναντίους·
1533 1472 1653 1530 εἶτα

91 1574 370 1644 πράξαντες
404 1571 590 1635 κακῶς
628 1572 1004 1640 ἀνεχώρησαν.
1057 1572 1165 1624 Καὶ
1204 1569 1390 1639 ἐπειδὴ
1440 1568 1654 1631 παίζειν

89 1666 257 1725 αὐτοὺς
277 1665 390 1725 τοῖς
417 1662 667 1732 δαῖμοσιν
695 1662 810 1725 ἔθος
849 1658 938 1731 ἦν,
967 1663 1076 1714 τῶν
1119 1661 1388 1730 δαιμόνων
1419 1677 1503 1722 τις
1535 1663 1655 1713 επις

97 1756 278 1822 φανεὶς,
306 1752 663 1806 οὐδεπώποτε
693 1753 797 1823 ἔφη
830 1754 962 1824 παρ’
992 1753 1170 1806 αὐτῶν
1203 1751 1652 1822 τεθεραπεῦσθαι·

93 1849 315 1908 κάκεῖνος
361 1845 548 1908 αὐτοῖς
577 1845 873 1922 ὀργισθεὶς,
905 1845 1002 1913 τῆς
1034 1844 1204 1914 ἥττης
1244 1843 1447 1911 ταύτης
1485 1842 1656 1907 αἴτιος

93 1935 419 2004 γεγενῆσθαι.
479 1935 703 2004 Ἑκείνῳ
739 1952 794 1987 τε
831 1934 922 1987 οὖν
971 1935 1266 2002 ἀνίστησαν
1309 1933 1351 1964 ⁸³
1377 1934 1522 1986 ναόν·
1567 1933 1658 1986 καὶ
1685 1915 1734 1973 Β

93 2027 154 2088 ὡς
191 2023 580 2093 φυλαττόμενοι
636 2026 710 2095 μὴ
745 2024 806 2077 τὸ
859 2025 990 2078 αὐτὸ
1041 2025 1134 2077 καὶ
1190 2024 1377 2077 ἄλλοτε
1411 2025 1654 2088 πάθοιεν,

95 2117 329 2184 παρέντες
361 2117 487 2170 τινὰ
515 2115 649 2169 Θεὸν
679 2117 953 2184 ἄγνωστον
985 2117 1188 2180 αὐτοῖς,
1224 2117 1529 2186 ἀνέστησαν
1565 2115 1656 2167 τὸν

96 2209 252 2277 βωμὸν
283 2210 494 2261 ἐκεῖνον
537 2207 934 2278 ἐπιγράφοντες
957 2222 969 2236 ⁶
1015 2205 1325 2274 Ἀγγώστῳ
1356 2204 1509 2270 Θεῷ·
1533 2203 1657 2256 τοῦ-

95 2317 146 2352 το
189 2300 458 2369 λέγοντες,
491 2299 594 2364 ὅτι,
646 2299 709 2352 El
743 2299 835 2350 καί
887 2314 969 2359 τις
1007 2297 1191 2367 ἕτερος
1233 2297 1476 2364 ἀγνοοῖτο
1527 2294 1656 2366 παρ’

102 2393 256 2461 ἡμῶν,
299 2394 381 2454 εἰς
418 2391 581 2461 τιμὴν
606 2391 810 2443 ἐκείνου
861 2389 1012 2450 οὗτος
1063 2392 1090 2442 ὁ
1135 2388 1313 2458 βωμὸς
1351 2385 1656 2457 ὲγηγέρθω,

99 2485 160 2547 ὡς
191 2485 250 2537 ἂν
275 2485 436 2547 ἵλεως
463 2483 624 2554 ἡμῶν
652 2482 696 2514 ⁸⁸
731 2483 838 2552 εἴη,
870 2481 1026 2552 εἴπερ
1050 2481 1411 2550 ἀγνοούμενος
1457 2479 1532 2532 ὢν
1584 2480 1658 2548 μὴ

101 2575 453 2646 θεραπεύοιτο.
482 2572 591 2628 Ἦν
614 2573 670 2627 δὲ
706 2575 740 2645 ἠ
791 2576 939 2626 πᾶσα
984 2573 1077 2626 τοῦ
1129 2572 1316 2644 βωμοῦ
1352 2572 1656 2642 ἐπιγραφήο

105 2669 244 2733 Θεοῖς
292 2668 520 2732 Ἀσίας,
562 2667 658 2721 καὶ
710 2666 1020 2734 Εὐρώπης,
1077 2667 1177 2719 καί
1233 2665 1489 2731 Λιϐύης·
1536 2661 1659 2728 Θεῷ

105 2759 362 2826 ἀγνώστῳ
414 2757 512 2810 καὶ
542 2757 717 2821 ξένῳ.
751 2787 814 2797 -
845 2757 1233 2825 Διερχόμενος
1260 2755 1370 2824 γὰρ
1398 2755 1495 2808 καί
1519 2756 1660 2808 dra—

108 2849 312 2918 θεωρῶν
348 2850 422 2902 τὰ
455 2849 804 2916 σεϐάσματα
846 2847 1032 2916 ὑμῶν.
1077 2841 1250 2917 Εὗρεν
1292 2848 1351 2898 ὲν
1395 2849 1460 2916 τῇ
1511 2846 1662 2898 πόλει

108 2944 206 3012 οὐχὶ
235 2941 448 3012 βιϐλίον,
465 2941 626 3006 θεῖον,
665 2939 801 2994 ἀλλὰ
848 2939 1028 3009 βωμὸν
1071 2938 1372 3007 ὲστηκὸτασ
1419 2939 1513 2990 καὶ
1557 2939 1665 2990 ἀπὸ

108 3031 190 3099 τῆς
221 3030 528 3101 ἐπιγραφῆς
567 3028 656 3082 τοῦ
703 3028 887 3100 βωμοῦ
932 3029 1024 3081 τὸν
1065 3028 1248 3098 βωμὸν
1299 3027 1536 3081 καθεῖλε.
1597 3029 1664 3080 Τί

111 3124 199 3192 γὰρ
221 3123 322 3177 ἔδει
350 3124 570 3192 ποιῆσαι
601 3121 801 3186 αὒτόνς
838 3120 1100 3188 Ἕλληνες
1143 3119 1342 3181 πάντες
1366 3115 1504 3191 ¹ἦσαν
1536 3121 1666 3171 ἀσε-

1749 661 1925 714 bemus
1950 661 2252 713 existimare
2281 674 2438 721 auro,
2465 666 2558 710 aut
2611 663 2852 726 argento,
2896 668 2987 706 aut
3021 655 3186 724 lapidi
3223 652 3342 707 arte

1747 759 1798 805 et
1825 750 2087 804 industria
2119 751 2352 801 humana
2393 747 2593 815 sculpta
2624 745 2798 800 simile
2821 762 2930 799 esse
2970 761 3163 799 numen
3191 745 3334 798 divi-

1754 859 1903 896 num.

1823 930 1978 1000 135
2006 931 2133 983 Fere
2155 929 2516 1000 religiosiores.
2545 929 2902 998 Δεισιδαίμων
2919 927 3120 981 dicitur
3147 927 3215 988 is,
3243 927 3336 996 qui

1753 1024 1907 1076 timet
1939 1021 2228 1084 dremonia,
2259 1023 2350 1090 qui
2382 1022 2564 1075 o-nnia
2601 1036 2697 1089 pro
2722 1021 2947 1073 numine
3003 1012 3213 1075 colite't
3247 1033 3343 1072 rc-

1754 1123 2004 1176 neratur,
2048 1121 2104 1166 et
2133 1113 2365 1184 lignum,
2399 1121 2454 1165 et
2484 1112 2743 1180 lapidem,
2774 1122 2831 1165 et
2876 1111 3148 1180 spiritum.
3175 1110 3341 1177 Quasi

1754 1205 1978 1259 laudare
2011 1218 2107 1258 eos
2146 1203 2378 1257 videtur.
2414 1201 3011 1272 Δεισιδαιμονεστέρους
3042 1208 3250 1264 autem,
3283 1201 3336 1254 id

1753 1304 1860 1357 est,
1897 1295 2162 1349 daemonia
2197 1295 2473 1355 timentes,
2503 1295 2682 1362 posuit
2713 1307 2808 1362 pro
2839 1294 3170 1361 religiosores
3193 1308 3211 1345 :
3237 1290 3342 1345 hoc

1755 1399 1935 1442 autem
1977 1386 2112 1440 dixit
2144 1395 2366 1456 propter
2401 1387 2590 1439 altare.
2623 1382 2792 1437 Porro
2815 1383 2982 1437 altare
3006 1391 3340 1438 exstructum

1755 1479 1932 1532 fuerat
1959 1478 2026 1531 ab
2047 1476 2155 1530 illis
2176 1491 2244 1530 ex
2278 1475 2586 1544 huiusmodi
2618 1490 2812 1530 causa:
2847 1475 3036 1530 Praclio
3068 1477 3340 1546 quondam

1757 1569 2118 1624 conﬂixerant
2145 1567 2522 1622 Atheuienses
2568 1581 2691 1621 cum
2723 1567 3057 1622 adversariis
3091 1584 3105 1621 :
3146 1567 3343 1622 deinde

1755 1671 1976 1730 accepta
2010 1661 2163 1715 clade
2209 1666 2575 1714 recesserant.
2628 1657 2692 1711 Et
2727 1659 2988 1728 quoniam
3038 1659 3197 1714 ludos
3232 1659 3346 1713 dte-

1760 1752 2016 1807 monibus
2062 1752 2340 1806 celebrare
2380 1763 2802 1814 consueverant,
2859 1752 3078 1821 quidam
3131 1752 3341 1807 daemon

1758 1859 1882 1897 cum
1914 1844 2283 1913 apparuisset,
2325 1859 2605 1912 nunquam
2641 1845 2709 1897 ab
2739 1844 2849 1898 illis
2892 1858 2952 1898 se
2981 1844 3190 1898 cultum
3220 1859 3346 1899 esse

1761 1935 1978 1990 dicebat
2016 1952 2028 1988 :
2063 1950 2128 1990 ac
2161 1949 2286 1990 sese
2317 1935 2426 1988 illis
2459 1935 2656 1987 iratum
2697 1935 2820 1987 mali
2850 1935 3021 2004 praelii
3072 1934 3219 1988 illius
3245 1949 3347 1988 au-

1760 2035 1970 2081 ctorem
2005 2034 2060 2080 et
2111 2041 2331 2080 causam
2374 2026 2567 2080 fuisse.
2603 2027 2788 2095 Itaque
2829 2033 2884 2080 et
2936 2025 3012 2078 illi
3057 2025 3344 2080 delubrum

1757 2127 2148 2172 exstruxerunt
2181 2135 2197 2172 :
2230 2127 2284 2172 et
2324 2126 2383 2171 ut
2417 2126 2675 2173 caventes
2703 2132 2773 2172 ne
2797 2116 3019 2186 quando
3039 2117 3169 2170 alias
3203 2129 3346 2184 quo-

1758 2226 1886 2280 que,
1919 2212 2063 2281 quod
2093 2213 2328 2281 aliquem
2355 2211 2688 2283 incognitum
2713 2211 2812 2265 sibi
2847 2210 3015 2266 Deum
3049 2210 3346 2281 praeteriis.

1759 2311 1880 2357 sent
1904 2317 1967 2356 ac
1998 2303 2386 2373 neglexissent,
2417 2301 2557 2355 idem
2589 2301 2722 2371 ipsis
2751 2302 3040 2364 accideret,
3059 2311 3346 2356 exstruxe-

1761 2402 1891 2446 runt
1919 2393 2051 2446 illud
2091 2393 2288 2458 altare,
2314 2394 2709 2448 inscribentes:
2739 2391 2926 2463 Ignoto
2953 2392 3059 2446 Deo
3091 2407 3110 2446 :
3142 2393 3246 2446 hoc
3274 2391 3350 2446 sio

1761 2484 2106 2554 gnilicantes,
2142 2483 2369 2539 Etiamsi
2394 2485 2517 2553 quis
2543 2484 2680 2538 alius
2709 2499 2741 2538 a
2765 2484 2925 2539 nobis
2949 2484 3252 2555 ignoretur,
3289 2483 3346 2537 in

1762 2577 2024 2630 honorem
2055 2576 2200 2632 illius
2229 2580 2330 2632 hoc
2355 2577 2526 2630 altare
2552 2585 2898 2631 exstructum
2923 2585 3062 2643 esto,
3103 2585 3162 2631 ut
3188 2576 3346 2630 nobis

1764 2669 2036 2739 propitius
2065 2669 2156 2733 sit,
2192 2668 2236 2723 si
2267 2683 2390 2722 cum
2421 2669 2581 2724 nobis
2606 2669 2915 2740 incognitus
2949 2671 3020 2724 sit
3050 2684 3159 2723 non
3191 2669 3345 2722 cola-

1765 2769 1871 2815 tur.
1927 2761 2057 2814 Erat
2107 2770 2286 2814 autem
2336 2775 2444 2816 aue
2487 2769 2599 2815 tota
2666 2761 2952 2831 inscriptio
3000 2761 3116 2816 haec
3164 2778 3179 2816 :
3231 2760 3348 2814 Diis

1765 2853 1924 2916 Asiw,
1953 2853 2179 2921 Europa:
2207 2861 2256 2906 et
2286 2851 2462 2923 Libyn:
2495 2871 2512 2907 :
2544 2852 2652 2906 Deo
2683 2853 2944 2922 incognito
2965 2869 3029 2906 ac
3052 2851 3345 2922 peregrino.

1765 2974 1831 2986 —
1859 2943 1994 2998 Cum
2033 2945 2314 2998 transirent
2341 2945 2476 2997 enim
2499 2953 2548 2997 et
2577 2943 2954 3012 contemplarer
2981 2942 3196 2996 numina
3229 2956 3350 2997 aute

1768 3037 1958 3090 colitis.
1993 3035 2205 3090 Invenit
2251 3036 2307 3089 in
2352 3036 2488 3091 urbe
2536 3051 2645 3090 non
2693 3036 2890 3090 librum
2934 3035 3205 3100 divinum,
3249 3035 3348 3089 sed

1770 3144 1918 3181 aram
1959 3135 2195 3182 stantem
2225 3144 2238 3181 :
2271 3136 2436 3196 atque
2473 3127 2762 3182 occasione
2810 3135 3026 3197 sumpta
3067 3127 3135 3181 ab
3162 3127 3352 3181 altaris

114 3215 222 3280 βείς.
252 3214 310 3266 ΕΞ
339 3212 448 3266 άπὸ
479 3210 824 3278 Εὐαγγελίων
869 3209 1122 3280 διηλὲχθη
1161 3209 1346 3270 αὐτοῖς
1369 3247 1385 3271 ,
1438 3208 1663 3275 κατεγέ-

1771 3221 2150 3290 inscriptione,
2177 3220 2346 3273 altare
2376 3220 2665 3274 demolitus
2703 3227 2806 3274 est.
2841 3219 2980 3285 Quid
3009 3218 3156 3273 enim
3195 3219 3347 3274 illum

113 3305 219 3356 λωνο
257 3305 364 3358 ἀπὸ
405 3303 722 3374 προφητῶν,
767 3300 866 3354 οὐκ
915 3302 1218 3354 ἐπίστευον.
1275 3299 1407 3352 Ἀπὸ
1449 3299 1556 3352 τῶν
1602 3299 1660 3351 ὅ-

116 3395 239 3449 πλων
258 3394 350 3448 οὖν
372 3394 480 3447 τῶν
518 3392 791 3462 πολεμίοιν
823 3391 961 3446 αὐτὰ
1006 3391 1368 3461 ἐχειρώσατοο
1400 3391 1495 3445 καὶ
1536 3390 1662 3442 τοῦ·

117 3507 166 3542 το
186 3491 320 3542 ἐστιν
349 3489 377 3541 ὃ
399 3488 577 3555 λέγεις’
610 3483 936 3554 Ἐγενόμῄν
975 3483 1100 3549 τοῖς
1139 3483 1386 3552 ἀνόμοις
1414 3483 1496 3548 ὠς
1525 3483 1664 3536 dra-

115 3598 224 3648 μσς.
262 3575 380 3632 Εἶδε
413 3579 505 3632 τὸν
541 3577 743 3646 βωμὸν,
786 3576 880 3627 καὶ
912 3575 1208 3645 μετέστησε
1253 3575 1319 3628 τὰ
1361 3567 1665 3643 γράμματα

121 3674 230 3741 πρὸς
251 3671 433 3726 ἑαυτὸν
452 3687 467 3701 ⁸
504 3669 702 3740 μᾶλλον
725 3669 780 3721 δὲ
809 3669 870 3720 τὸ
899 3667 1077 3737 νόημα
1109 3666 1312 3720 τούτων
1345 3667 1664 3736 μετέθηκεν.

130 3765 458 3833 Ἑγέγραπτο,
503 3761 688 3829 φησὶν,
738 3761 794 3811 ὲν
820 3757 898 3826 τῷ
931 3757 1126 3827 βωμῷ’
1162 3757 1477 3824 Ἀγνώστῳ
1523 3754 1666 3820 Θεῷ.

121 3854 198 3918 Τίς
218 3855 268 3907 δὲ
299 3851 363 3925 ἦν
387 3853 544 3914 ἄλλος
573 3849 935 3919 ἀγνοούμενος
957 3849 1108 3910 Θεὸς,
1154 3847 1268 3900 ἀλλ’
1289 3849 1321 3917 ἢ
1345 3851 1372 3900 ὁ
1402 3848 1630 3916 Χριστός
1651 3864 1665 3911 ;

122 3946 174 3997 Τί
197 3945 318 4009 οὗνς
353 3948 404 3998 οἱ
429 3943 704 4012 Ἀθηναῖοι
748 3941 836 3993 διά
881 3940 972 3992 τὸν
1006 3940 1238 4008 Χριστὸν
1267 3938 1511 4009 ἔγραψαν
1545 3939 1670 3990 τοῦ-

123 4053 199 4101 το;
230 4038 287 4090 Εἰ
327 4037 414 4090 διὰ
449 4036 542 4088 τὸν
561 4034 794 4102 Χριστὸν
823 4031 1090 4100 ἔγραψαν,
1129 4030 1229 4082 οὐκ
1267 4025 1334 4100 ἦν
1362 4027 1503 4081 οὕτω
1542 4029 1672 4081 θαυ-

126 4128 301 4194 μαστὸν
347 4129 404 4182 τὸ
458 4127 790 4198 κατόρθωμα
830 4126 1068 4178 Παύλου.
1127 4123 1266 4176 Ἀλλ’
1327 4125 1520 4176 ἐκεῖνοι
1573 4123 1672 4192 μὲν

123 4220 268 4283 ἄλλως
301 4218 544 4290 ἔγραψαν
568 4235 581 4248 °
612 4212 766 4280 οὗτος
788 4216 844 4268 δὲ
876 4215 1092 4285 ἴσχυσεν
1122 4216 1297 4278 ἄλλως
1345 4215 1478 4268 αὐτὸ
1508 4230 1674 4283 μετα-

125 4311 300 4368 ϐαλεῖν.
357 4313 678 4379 Ἀναγκαῖον
730 4309 786 4362 δὲ
819 4309 994 4362 εἰπεῖν
1036 4308 1180 4371 τίνος
1232 4308 1422 4360 ἕνεκεν
1475 4307 1674 4360 ἐκεῖνοι

126 4403 369 4474 ἔγραψαν·
448 4401 762 4472 Ἀγνώστφ
819 4398 961 4464 Θεῷ.
1024 4398 1258 4460 Πολλοὺς
1317 4393 1464 4467 εἶχον
1519 4396 1676 4459 θεοὺς

127 4496 314 4561 ἐκεῖνοι,
354 4496 446 4550 καὶ
475 4494 803 4566 ἐπιχωρίους
836 4491 930 4544 καὶ
958 4490 1164 4556 ξένους.
1217 4488 1456 4552 Τούτους
1495 4489 1677 4541 τοίνυν

1767 3312 1948 3366 facere
1975 3309 2303 3380 oportebat?
2331 3309 2503 3364 Graeci
2529 3323 2719 3363 omnes
2751 3315 2907 3362 erant
2956 3309 3107 3378 impii
3144 3318 3200 3364 et
3231 3311 3346 3364 veri

1767 3403 1861 3457 Dei
1892 3403 2072 3458 cultus
2097 3409 2374 3470 expertes.
2402 3399 2461 3454 Si
2499 3401 2568 3455 ab
2600 3400 2910 3470 Evangeliis
2939 3409 3160 3469 sumpto
3185 3417 3347 3472 argn-

1765 3503 1952 3548 mento
1985 3491 2145 3546 verba
2179 3489 2246 3543 ad
2269 3503 2362 3543 eos
2397 3487 2638 3553 fecisset,
2662 3488 2984 3543 derisissent
3022 3507 3035 3542 :
3079 3491 3125 3544 si
3160 3504 3192 3543 a
3217 3505 3348 3559 pro—
3420 3495 3434 3502 ‘

1766 3585 1969 3656 phetis,
2006 3597 2117 3637 non
2147 3580 2528 3636 credidissent.
2564 3581 2743 3634 Armis
2763 3580 2926 3652 igitur
2957 3581 3199 3637 hostium
3226 3584 3348 3654 ipsa

1768 3692 1916 3732 arma
1957 3673 2170 3744 subegit
2195 3689 2210 3738 ;
2240 3681 2404 3740 atque
2433 3671 2532 3724 hoe
2566 3679 2648 3725 est
2685 3672 2828 3740 quod
2864 3673 3033 3727 dicit:
3076 3671 3181 3728 Fui
3222 3674 3351 3746 legis

1781 3766 2075 3835 expertibus
2104 3772 2152 3818 et
2208 3763 2381 3830 impiis
2424 3771 2674 3831 tanquam
2703 3761 2896 3831 impius
2926 3771 2973 3815 et
2995 3761 3119 3832 legis
3142 3779 3349 3818 expers.

1775 3859 1917 3912 Vidit
1967 3857 2156 3920 altare,
2199 3862 2254 3908 et
2297 3854 2362 3906 ad
2413 3868 2572 3909 suum
2620 3864 2776 3906 usum
2811 3852 3015 3923 scripta
3063 3855 3348 3912 traduxit:

1774 3951 1882 4004 imo
1907 3963 2036 4005 vero
2079 3945 2404 4000 sententiam
2465 3945 2682 3998 illorum
2732 3943 2973 3998 traduxit
3000 3953 3056 4000 et
3105 3946 3345 4002 invertit.

1772 4043 2121 4110 Iuscriptnm,
2172 4040 2368 4108 inquit,
2396 4038 2550 4092 altari
2584 4045 2703 4091 erat
2747 4075 2762 4102 ,
2822 4037 3007 4108 Ignoto
3043 4039 3172 4093 Deo.
3219 4039 3350 4106 Quis

1773 4143 1954 4186 autent
1984 4143 2097 4186 erat
2125 4131 2262 4184 alius
2287 4131 2428 4185 Deus
2458 4130 2546 4198 qui
2579 4129 2950 4200 ignorabatur,
2992 4141 3352 4201 pneterquam

1774 4222 2060 4277 Christus?
2107 4221 2252 4286 Quid
2313 4219 2522 4290 igitur?
2582 4233 2650 4272 an
2701 4219 3066 4274 Athenienses
3130 4228 3355 4290 propter

1775 4311 2051 4365 Christum
2093 4309 2425 4377 scripserant
2481 4307 2637 4361 hoc?
2688 4305 2742 4360 Si
2802 4316 3026 4378 propter
3075 4307 3351 4364 Christum

1779 4403 2147 4472 scripsissent,
2197 4415 2307 4453 non
2336 4400 2472 4452 adeo
2504 4398 2787 4451 mirandus
2813 4407 2964 4452 esset
3007 4397 3083 4452 rei
3118 4413 3148 4451 a
3182 4398 3354 4454 Paulo

1779 4495 2006 4563 incepta:
2038 4506 2262 4561 prosper
2290 4503 2599 4545 successus.
2639 4487 2836 4543 Verum
2887 4489 2961 4541 illi
2998 4489 3217 4558 quidem
3245 4490 3351 4544 ali-

127 4586 230 4648 τοὺς
284 4587 377 4656 μὲν
424 4583 579 4654 παρὰ
625 4582 876 4653 μητέρων
909 4577 1055 4650 εῐχον
1085 4577 1398 4649 δεξάμενον
1430 4579 1558 4640 τοὺς
1593 4577 1663 4643 δὲ1

1782 4593 1864 4639 ter
1891 4586 2252 4654 scripserant:
2281 4583 2370 4636 hic
2393 4597 2521 4637 vero
2553 4581 2732 4651 potuit
2763 4581 3022 4651 scriptum
3058 4581 3216 4636 aliter
3237 4591 3354 4636 tra-

131 4681 215 4734 ὶπὸ
245 4683 344 4736 τῶν
378 4679 622 4750 πλησίων
659 4677 848 4730 ἐθνῶν.
907 4675 1060 4729 Ἐπεὶ
1109 4674 1202 4728 οὖν
1247 4675 1348 4728 οὐκ
1399 4674 1458 4738 ἐξ
1501 4673 1675 4744 ἀρχῆς

130 4773 305 4836 πάντας
355 4771 623 4836 ἐδέξαντο,
669 4768 807 4820 ἀλλὰ
854 4767 995 4820 κατὰ
1046 4766 1239 4838 μικρὸν
1283 4765 1676 4835 εἰσηνέχθησαν

130 4863 300 4927 αὗτοίςο
326 4863 376 4916 οἱ
409 4863 529 4934 μὲν,
585 4861 677 4912 ἐπὶ
710 4859 818 4912 τῶν
861 4859 1132 4929 πατέρων,
1180 4859 1230 4911 oi
1287 4859 1365 4924 δὲ,
1424 4859 1515 4910 ἐπὶ
1569 4855 1678 4908 τῶν

132 4955 360 5021 πάππων,
399 4958 450 5008 oi
475 4955 531 5007 δὲ
558 4954 650 5006 ἐπὶ
681 4953 779 5019 τῆς
821 4951 1012 5019 γενεᾶς
1035 4949 1130 5019 τῆς
1161 4948 1358 5015 αὐτῶν,
1393 4947 1678 5000 συνελθόν-

132 5062 203 5107 τες
234 5043 398 5112 εἶπον,
430 5048 537 5110 ὃτι,
575 5045 810 5114 ιὬσπερ
880 5043 1102 5104 τούτους
1166 5041 1490 5110 ἠγνοοῦμεν,
1559 5035 1678 5092 εἶτα

136 5136 331 5210 ὕστερον
378 5139 581 5200 αὐτοὺς
617 5137 1016 5206 ἐγνωρίσαμεν,
1053 5133 1192 5186 οὕτω
1236 5132 1524 5202 συμϐαίνει
1584 5133 1680 5183 καὶ

133 5226 262 5279 ἄλλον
307 5225 443 5281 εἶναι
497 5224 885 5295 ἀγνοούμενον,
941 5225 1035 5276 καὶ
1084 5224 1212 5276 ὄντα
1272 5223 1370 5290 μὲν
1413 5223 1566 5286 Θεὸν,
1617 5221 1679 5273 ού

135 5319 499 5390 γνωριζόμενον
524 5318 580 5370 δὲ
605 5316 694 5384 ὑφ’
723 5314 904 5385 ἡμῶν.
948 5315 1040 5368 καὶ
1093 5314 1181 5367 διὰ
1232 5313 1389 5366 τοῦτο
1430 5312 1682 5365 λανθάνει

138 5405 474 5478 ἀμελούμενος
504 5406 600 5459 καὶ
641 5403 717 5474 μὴ
766 5403 1222 5473 θεραπευόμενος.
1279 5403 1551 5471 Ἐστησαν
1590 5401 1683 5454 οὖν

137 5493 311 5568 βωμὸν,
349 5500 447 5553 καὶ
479 5495 824 5566 ἐπέγραψανο
877 5493 1192 5563 Ἀγνώστῳ
1237 5493 1376 5558 Θεῷ·
1411 5493 1568 5546 τοῦτο
1601 5494 1686 5544 λέ-

137 5600 296 5654 γοντες
332 5589 420 5643 διὰ
438 5586 533 5642 τοῦ
563 5586 911 5656 γράμματος,
955 5585 1036 5636 ὅτι
1068 5585 1177 5638 Καὶ
1209 5585 1366 5656 ἐἴτις
1403 5585 1518 5636 ἐστὶ
1547 5583 1679 5647 Θεὸς

1779 4676 1980 4731 ducere
2005 4686 2165 4744 atque
2201 4675 2514 4728 immutare.
2551 4673 2789 4727 Necesse
2813 4681 2898 4726 est
2924 4680 3103 4727 autem
3142 4673 3349 4738 dicere,

1781 4765 1936 4834 cuius
1953 4766 2028 4818 rei
2050 4765 2217 4836 gratia
2238 4764 2311 4817 illi
2332 4763 2678 4833 scripserant,
2705 4761 2890 4834 Ignoto
2914 4763 3038 4819 Deo.
3057 4762 3254 4820 Multos
3277 4765 3353 4820 illi

1780 4858 1910 4912 deos
1925 4857 2193 4910 habehant
2212 4865 2323 4908 tum
2346 4856 2550 4925 patrios
2573 4865 2732 4925 atque
2747 4856 3098 4918 domesticos,
3113 4867 3227 4911 tum
3251 4857 3355 4912 ho-

1781 4951 1948 5018 Spites
1970 4963 2032 5002 ac
2065 4947 2398 5018 peregrinos.
2418 4947 2527 5002 llos
2549 4947 2711 5019 igitur
2730 4949 2921 5018 partim
2945 4951 3161 5020 quidem
3184 4966 3214 5006 a
3240 4967 3355 5006 ma-

1779 5037 1953 5090 tribus
1969 5045 2221 5104 acceptos
2254 5035 2547 5102 habebant,
2569 5036 2763 5104 partim
2787 5051 2914 5092 vero
2939 5053 2968 5091 a
2995 5038 3235 5093 ﬁnitimis
3253 5055 3352 5093 na-

1783 5127 2039 5182 tionibus.
2061 5126 2328 5192 Quoniam
2345 5143 2476 5198 ergo
2502 5143 2613 5183 non
2642 5145 2832 5185 omnes
2862 5131 2930 5184 ab
2949 5131 3107 5184 initio
3123 5145 3354 5201 accepe-

1782 5229 1935 5284 runt,
1968 5221 2062 5274 sed
2085 5220 2346 5289 paulatim
2381 5221 2450 5275 ab
2480 5221 2548 5275 iis
2577 5221 2870 5276 introducti
2899 5231 3076 5286 erant,
3111 5221 3200 5275 alii
3229 5225 3355 5292 qui-

1784 5313 1905 5367 dem
1935 5321 2092 5366 :etate
2120 5322 2358 5382 patrum,
2407 5313 2498 5366 alii
2539 5327 2664 5367 vero
2698 5323 2938 5381 tempore
2985 5327 3233 5376 avorum,
3261 5313 3352 5366 alii

1784 5405 2027 5473 ipsorum
2065 5412 2246 5468 astate,
2297 5405 2605 5474 congregati
2657 5405 2916 5458 dixerunt
2949 5421 2963 5456 :
2991 5404 3355 5469 Quemadmo-

1788 5499 1917 5552 dum
1945 5497 2477 5580 hosignorabamus,
2519 5498 2714 5552 deinde
2748 5505 2936 5566 postea
2975 5512 3070 5553 eos
3096 5501 3354 5568 cognovi-

1784 5605 1907 5644 mus
1937 5630 1952 5655 ,
1988 5589 2061 5643 ita
2112 5589 2362 5644 accidere
2395 5598 2573 5658 potest
2604 5597 2662 5643 ut
2693 5587 2856 5646 etiam
2883 5589 3352 5663 aliusignoretur,

1254 5763 1451 5827 Varite
1490 5763 1794 5828 lectiones
1838 5772 1901 5828 et
1943 5771 2131 5826 notae.

199 5869 236 5899 ¹³
261 5870 341 5924 ισ.
369 5870 692 5940 ἀνέστησαν.
769 5869 812 5901 ¹δ
846 5866 976 5938 ἡμῖν
1006 5865 1092 5920 ἵσ.

437 5973 707 6032 Panos.
756 5970 872 6028 Gn.
920 5962 1158 6026 CXXV.

2950 5957 3030 6022 24
