3856 6604
351 479 453 541 749

1069 481 1474 542 EXPOSITIO
1514 481 1594 541 IN
1628 481 1813 541 ACTA
1861 479 2434 543 APOSTOLORUM.
2459 509 2527 520 ο·-
2550 485 2705 545 CAP.
2750 484 2934 545 XVII.

3473 487 3583 551 750

360 600 594 666 ’Ἄρατος
624 597 726 668 μὲν
767 599 793 652 ὁ
822 600 983 668 σοφὸς
1014 599 1141 668 περὶ
1168 597 1263 649 τοῦ
1295 596 1412 658 Διὸς
1452 590 1606 649 εἷπε·
1658 592 1773 646 Τοῦ
1816 593 1913 663 γὰι

2029 595 2178 649 Adeo
2200 611 2371 666 prope
2400 604 2502 657 est,
2527 597 2722 667 inquit,
2751 607 2810 651 ut
2843 596 2999 667 137
3029 597 3232 667 absque
3278 596 3367 653 illo
3412 599 3593 655 vivere

345 689 438 743 καὶ
489 688 668 758 γένος
697 690 885 759 ἐσμέν
908 706 922 720 ·
957 707 1109 752 ουτος
1155 689 1211 742 δὲ
1261 688 1388 757 περὶ⁵
1435 685 1528 739 τοῦ
1573 683 1917 757 Δημιουργοῦ

344 780 473 832 αὐτὸ
494 780 669 848 λέγει,
695 782 757 834 οὒ
783 781 872 835 τὸν
898 781 1061 835 αὐτὸν
1093 779 1288 850 ἐκείνῳ
1318 778 1511 845 λόγων,
1556 776 1632 848 μὴ
1673 775 1923 845 γένοιτοι

336 870 502 924 tam
548 875 611 925 τὸ
692 872 896 943 κυρίως
949 874 1036 926 ἐπ’
1095 871 1244 942 αὐτῷ
1298 873 1340 904 ⁸³
1389 869 1598 933 λέγων’
1651 868 1774 922 ἐπεὶ
1826 869 1921 922 καὶ

344 965 526 1035 βωμὸν
554 965 746 1019 τούτου
785 961 961 1031 εἶπεν,
1009 966 1109 1019 οὐκ
1155 964 1359 1018 ἐκείνου
1392 957 1455 1016 οὗ
1518 959 1727 1019 ἔσεϐον,
1764 960 1922 1023 Γένος

341 1056 432 1109 τοῦ
462 1057 601 1110 Θεοῦ
632 1053 786 1111 εἶπεν
829 1059 1000 1129 ἡμᾶς,
1068 1056 1345 1111 τουτέστιν
1406 1052 1640 1117 οἰκείους
1687 1051 1924 1120 ἐγγυτά-

340 1162 488 1210 τους·
524 1150 711 1220 ἐπειδὴ
764 1152 828 1204 ὲκ
867 1150 961 1203 τοῦ
992 1151 1185 1220 γένους
1214 1149 1374 1221 ἡμῶν
1416 1148 1446 1198 ὁ
1492 1145 1625 1209 Θεὸς
1669 1143 1927 1214 εὐδόκησε

342 1238 604 1309 τεχθῆναι
652 1242 744 1295 ἐπὶ
790 1243 890 1311 τῆς
932 1244 1058 1313 γῆς.
1111 1242 1224 1295 Οὐκ
1268 1237 1390 1293 εἶπε
1428 1238 1507 1301 δὲ,
1541 1239 1657 1291 Οὐκ
1686 1234 1930 1306 ὀφείλετε

342 1330 529 1402 χρυσῷ
565 1332 599 1402 ἢ
650 1332 875 1405 ἀργύρῳ
923 1333 985 1386 τὸ
1043 1332 1188 1386 Θεῖον
1247 1331 1490 1401 νομίζειν
1541 1325 1680 1381 εἶναι
1722 1328 1929 1397 ὅμοιον,

2023 704 2132 743 non
2167 691 2459 759 possimus.
2486 690 2589 744 Per
2624 692 2796 759 ipsum
2840 691 2979 743 enim
3013 691 3230 744 uiuimus
3259 700 3306 746 et
3331 709 3595 746 movemur

2023 793 2071 835 et
2094 797 2293 835 sumus.
2323 781 2485 847 Quasi
2522 796 2783 851 corporea
2813 782 3175 837 similitudine
3208 792 3371 852 atque
3404 800 3595 840 exem-

2025 873 2117 942 plo
2142 872 2385 927 ostendit
2411 872 2527 927 ﬁeri
2565 888 2675 927 non
2715 889 2897 943 posse,
2930 885 2992 928 ut
3011 889 3107 928 aer
3140 874 3231 944 qui
3265 876 3466 945 ubique
3504 877 3594 930 fu-

2025 977 2139 1028 sus,
2171 977 2235 1018 ac
2264 978 2371 1018 non
2392 963 2580 1032 procul
2596 965 2665 1018 ab
2687 979 3015 1035 unoquoque
3036 975 3302 1030 nostrum,
3336 967 3446 1021 imo
3467 984 3596 1023 vero

2027 1054 2117 1123 qui
2169 1056 2336 1109 etiam
2381 1055 2433 1109 in
2482 1056 2642 1110 nobis
2675 1066 2779 1121 est,
2832 1057 3133 1128 ignoretur.
3187 1058 3592 1115 Providentiam

2025 1147 2169 1202 illius
2204 1147 2491 1217 signiﬁcat.
2535 1157 2591 1203 et
2628 1148 3010 1205 conﬁationem
3046 1160 3210 1222 atque
3250 1155 3596 1209 exercitatio-

2027 1253 2174 1301 nem,
2205 1252 2400 1306 nempe
2419 1238 2565 1308 quod
2596 1239 2665 1293 ab
2695 1241 2788 1294 illo
2811 1241 2983 1297 simus
3009 1242 3199 1303 creati,
3236 1244 3381 1312 quod
3411 1246 3597 1300 abillo

2028 1327 2404 1396 proﬁciscatur
2444 1328 2740 1384 efﬁcientia
2768 1340 2825 1385 et
2854 1341 3030 1393 actus,
3071 1334 3218 1402 quod
3260 1349 3368 1388 non
3400 1350 3595 1405 perea-

341 1420 476 1474 ὰλλὰ
523 1426 908 1495 ταπεινότερον
955 1425 1171 1485 τούτου,
1231 1425 1353 1477 Οὐκ
1398 1421 1738 1490 ὀφείλομεν.
1789 1417 1913 1485 Ὅρα

2030 1431 2171 1471 mus.
2209 1418 2273 1473 Ut
2300 1419 2462 1472 etiam
2493 1419 2712 1488 quidam
2740 1421 2893 1473 vestri
2918 1429 3084 1490 poeta:
3098 1423 3361 1477 dixerunt.
3397 1425 3597 1480 Aratus

338 1513 393 1565 δὲ
440 1513 560 1577 πῶς
600 1515 661 1569 τὸ
707 1514 998 1586 ἀσώματον
1050 1516 1366 1586 εἰσήγαγεν.
1425 1515 1490 1567 Ἦ
1535 1514 1644 1583 γὰρ
1686 1511 1913 1572 διάνοια,

2026 1508 2243 1578 quidem
2268 1508 2358 1563 ille
2392 1510 2611 1578 sapiens
2636 1510 2704 1565 de
2731 1510 2865 1567 Jove
2889 1511 3024 1566 dixit
3045 1528 3062 1566 :
3086 1512 3239 1569 Illius
3256 1517 3393 1570 enim
3418 1533 3598 1572 sumus

337 1604 466 1656 ὅταν
487 1604 808 1677 ὕποπτεύσῃ
849 1605 1029 1675 σῶμα,
1067 1605 1164 1659 καὶ
1195 1604 1469 1674 διάστημα
1499 1603 1737 1656 ὑπονοεῖ.

2026 1599 2292 1668 progenies
2325 1615 2344 1653 :
2383 1599 2481 1655 sed
2507 1599 2596 1655 hic
2635 1601 2689 1656 id
2719 1601 2852 1656 dicit
2879 1601 2948 1656 de
2984 1602 3258 1668 Creatore,
3304 1620 3411 1661 non
3438 1622 3594 1663 eum-

339 1695 462 1750 dem
496 1696 831 1768 signiﬁcans,
862 1712 1024 1768 quem
1079 1697 1189 1753 ille.
1219 1696 1411 1752 Absit!
1443 1695 1538 1751 sed
1564 1693 1617 1750 id
1651 1692 1797 1763 quod
1836 1691 2055 1763 proprie
2089 1691 2158 1746 de
2177 1691 2291 1746 Deo
2327 1691 2435 1747 diri
2464 1694 2740 1759 convenit,
2783 1694 3101 1765 signiﬁcans
3135 1697 3389 1766 quoniam
3430 1701 3595 1767 etiam

338 1789 508 1844 altare
538 1789 701 1859 hujus
722 1789 874 1854 dicit,
906 1803 1015 1844 non
1043 1788 1194 1845 illius
1217 1803 1380 1859 quem
1411 1786 1680 1842 colebant.
1702 1770 2034 1854 Progeniem
2083 1781 2179 1837 Dei
2223 1798 2326 1837 nos
2368 1798 2490 1838 esse
2535 1784 2692 1848 dixit,
2762 1785 2867 1840 hoc
2930 1795 3034 1847 est,
3062 1797 3339 1857 cognatos
3407 1791 3595 1858 prosi-

337 1894 497 1935 mos:
540 1881 797 1950 quoniam
845 1896 910 1935 ex
956 1895 1155 1952 genere
1201 1888 1393 1935 nostro
1435 1878 1549 1933 Deo
1596 1880 1776 1933 visum
1828 1883 1914 1930 est
1951 1874 2105 1928 nasci
2135 1875 2191 1928 in
2221 1882 2388 1930 terra.
2414 1874 2535 1931 Non
2565 1877 2702 1930 dixit
2725 1888 2933 1940 autem,
2956 1876 3073 1932 Non
3139 1878 3351 1936 debetis
3411 1882 3598 1946 existi-

339 1985 487 2025 mare
517 1987 719 2026 numen
746 1972 989 2028 divinum
1018 1971 1195 2028 simile
1222 1985 1344 2026 esse
1371 1985 1508 2024 auro
1559 1976 1656 2022 aut
1691 1973 1953 2037 argento:
1995 1964 2090 2021 sed
2119 1966 2267 2035 quod
2302 1966 2561 2023 humilius
2584 1974 2669 2021 est
2696 1983 2857 2037 quam
2885 1968 3012 2033 hoc,
3056 1985 3252 2037 nempe
3292 1968 3412 2025 Non
3441 1971 3599 2028 debe-

340 2079 471 2119 mus.
514 2063 649 2119 Vide
666 2072 854 2117 autem
891 2072 954 2118 ut
985 2062 1353 2118 introduxerit
1379 2061 1431 2117 id
1454 2059 1597 2131 quod
1629 2067 1713 2114 est
1739 2057 2144 2126 incorporeum.
2178 2057 2332 2114 Mens
2373 2060 2520 2115 enim
2587 2076 2711 2116 cum
2751 2077 2950 2132 corpus
2988 2076 3111 2117 esse
3174 2072 3353 2133 putat,
3426 2065 3592 2124 etiam
3703 2049 3710 2059 ’

338 2155 685 2210 intervallum
716 2169 838 2209 esse
869 2154 1185 2210 arbitratur.

412 2247 558 2313 Τοὺς
581 2246 699 2315 μὲν
720 2244 833 2303 οὖν
868 2248 1124 2317 χρόνους
1149 2247 1261 2317 τῆς
1283 2246 1530 2317 ἀγνοίας
1552 2242 1848 2317 ὑπεριδὼν
1871 2245 1906 2297 ό

2088 2239 2255 2295 Vens.
2299 2239 2389 2295 30.
2432 2240 2507 2293 Ac
2550 2248 2783 2309 tempora
2824 2241 3032 2310 quidem
3078 2244 3232 2299 istius
3274 2244 3590 2315 ignorantia:

340 2340 507 2406 Θεὸς,
555 2339 746 2393 τανῦν
790 2326 1190 2409 παραγγέλλει
1233 2339 1358 2404 τοῖς
1388 2336 1720 2406 ἀνθρώποις
1758 2334 1908 2391 πᾶσι

2026 2352 2127 2389 :um
2170 2336 2308 2389 Deus
2346 2350 2507 2406 usque
2533 2337 2629 2390 ltoe
2667 2345 2871 2405 tempus
2892 2336 3262 2403 dissimularit,
3310 2355 3448 2393 nunc
3473 2358 3590 2394 om-

338 2430 651 2500 πανταχοῦ
682 2431 1018 2499 μετανοεῖν.

2026 2425 2192 2487 tibus,
2234 2425 2324 2493 qui
2354 2424 2542 2495 ubique
2568 2434 2711 2490 sunt,
2749 2425 3042 2481 hominibus
3071 2427 3347 2482 denuntiat
3370 2469 3386 2494 ,
3424 2439 3484 2483 ut
3516 2432 3588 2484 ad
3650 2412 3659 2429 ι

2010 2516 2293 2570 sanitatem
2322 2525 2674 2569 revertantur.

408 2613 559 2665 Διότι
590 2612 858 2679 ἔστησεν
884 2611 1134 2679 ἡμέραν,
1160 2610 1230 2664 ἐν
1252 2604 1292 2682 ᾖ
1306 2610 1519 2678 μέλλει
1542 2608 1770 2676 κρίνειν
1796 2606 1912 2673 τὴν

340 2693 702 2770 οἰκουμένην
726 2701 796 2755 ἐν
830 2700 1187 2768 δικαιοσύνῃ
1212 2700 1285 2753 ἐν
1302 2699 1491 2767 Ἀνδρι
1518 2692 1780 2766 ᾧῶρισε,
1812 2699 1910 2750 πί-

339 2805 476 2845 στιν
504 2790 836 2861 παρασχὼν
866 2788 1079 2854 πᾶσιν,
1108 2788 1464 2857 ἀναστήσας
1495 2790 1681 2843 αὑτὸν
1710 2788 1776 2841 ἐκ
1810 2804 1910 2841 νε-

341 2898 516 2949 κρων.

420 2970 820 3036 Ἀκούσαντες
878 2969 947 3024 δὲ
1005 2968 1346 3024 ἀνάστασιν
1392 2966 1641 3035 νεκρῶν,
1696 2967 1750 3019 ol
1793 2965 1912 3034 μὲν

344 3060 683 3128 ἐχλεύαζον,
711 3064 765 3114 οι
797 3059 867 3114 δὲ
902 3054 1102 3114 elatos"
1138 3058 1541 3127 Ἀκουσόμεθά
1572 3074 1689 3112 σου
1728 3057 1913 3111 πάλιν

344 3153 476 3221 περὶ
503 3154 742 3208 τούτου.

410 3244 521 3298 Kal
548 3245 741 3309 οὕτως
775 3247 810 3298 ὁ
860 3234 1102 3310 Παῦλος
1144 3242 1403 3310 ἐξῆλθεν
1452 3241 1523 3294 ἐκ
1575 3242 1772 3310 μέσου
1801 3242 1908 3293 ai:-

344 3350 479 3388 των.

415 3425 581 3492 Ter-ec
598 3426 667 3479 δὲ
688 3426 897 3495 ἄνδρες
918 3426 1311 3495 κολληθέντες
1323 3423 1502 3491 αὐτῷ,
1520 3422 1909 3478 ἐπίστευσαν

343 3514 411 3571 ἐν
435 3511 527 3583 οἷς
578 3519 892 3584 Διονύσιος
913 3520 958 3552 ὀ
1009 3522 1042 3573 ό
1081 3518 1543 3587 Ἀρειοπαγίτης,
1598 3513 1698 3568 καὶ
1749 3513 1904 3582 γυνὴ

344 3605 585 3676 ὀνόματι
610 3607 888 3677 Δάμαρις,
926 3607 1025 3663 καὶ
1048 3608 1236 3676 ἕτεροι
1267 3608 1390 3662 σὺν
1422 3604 1648 3671 αὐτοῖς.

414 3698 563 3762 Τοὺς
589 3698 707 3768 μὲν
739 3694 854 3754 οὖν
896 3699 1154 3767 χρόνους
1196 3697 1309 3766 τῆς
1342 3697 1607 3769 ἀγνοίας.
1654 3695 1729 3748 Οὐ
1783 3693 1910 3764 περὶ

345 3792 450 3844 τῶν
479 3789 827 3844 ἀπελθόντων
855 3780 1024 3859 λέγει,
1055 3791 1175 3845 ἀλλ’
1203 3786 1284 3853 οἷς
1321 3788 1696 3868 παραγγέλλει
1719 3785 1762 3817 ³⁸
1780 3801 1794 3815 ο
1829 3779 1910 3847 οἷς

343 3882 439 3936 οὐκ
463 3878 611 3945 εἷπε,
656 3880 929 3952 παρεῖδεν.
971 3882 1044 3935 Οὐ
1075 3881 1223 3951 λέγει
1250 3881 1330 3947 δὲ,
1374 3880 1624 3942 Ἐκὸντες
1644 3878 1911 3946 ὲκακουρ-

346 3975 573 4044 τήσατε,
612 3973 756 4039 ἀλλ’,
822 3973 1175 4045 ’Πγνοήσατε.
1201 3970 1574 4042 Παραγγέλλω
1621 3966 1779 4037 γοῦν,
1810 3967 1933 4020 οὐκκ

344 4067 565 4119 ἀπαιτεῖ
606 4064 848 4132 κόλασιν,
906 4064 1093 4136 ὥσπερ
1142 4063 1329 4129 ἀξίους
1372 4062 1541 4124 ὄντας
1596 4059 1907 4122 κολάσεως·

344 4157 478 4213 ἀλλὰ
507 4156 676 4211 τανῦν
723 4157 879 4210 καλεῖ
912 4156 1048 4226 πρὸς
1083 4156 1391 4226 μετάνοιαν.
1435 4141 1594 4206 Διότι⁴
1646 4152 1912 4216 ἔστησεν

343 4252 590 4319 ἡμέραν,
633 4251 704 4305 ἐν
743 4242 786 4322 ᾖ
835 4249 1048 4319 μέλλει
1097 4248 1324 4315 κρίνειν
1356 4244 1472 4312 τὴν
1516 4242 1899 4312 οἰκουμένην.

356 4342 718 4410 ’Λναγκαεως,
775 4341 931 4411 φησὶ,
984 4337 1166 4410 κρίσιν
1224 4337 1369 4390 κατὰ
1417 4334 1609 4397 πασῶν
1656 4331 1911 4400 πράξεων

345 4434 437 4486 καί
461 4433 769 4504 διαλήψεων
805 4432 1021 4502 ποιήσει
1054 4431 1114 4482 ἐν
1144 4429 1348 4497 Ἀνδρὶ,
1372 4426 1434 4480 ὃν
1468 4425 1669 4495 ὥρισεν
1692 4422 1911 4475 ἔσεσθαι

347 4528 539 4601 κριτὴν
568 4527 786 4590 ζώντων
824 4527 920 4581 καὶ
942 4524 1153 4598 νεκρῶν
1174 4538 1189 4553 ⁸
1225 4519 1381 4585 οὗτος
1408 4520 1466 4575 δέ
1499 4522 1649 4573 ἐστιν
1690 4520 1719 4570 ὁ
1765 4518 1914 4571 ἐναν-

346 4621 645 4691 ορωπὴσας
674 4618 897 4687 Κύριος.
932 4616 1161 4686 Μεγὰλα
1205 4616 1265 4670 δὲ
1304 4613 1400 4668 καὶ⁷
1428 4612 1610 4683 ὑψηλὰ
1648 4610 1914 4666 ἀκούσαν-

343 4727 455 4776 τες,
482 4710 607 4764 οὐδὲ
638 4713 955 4779 προσεῖπον,
988 4707 1127 4761 ἀλλὰ
1148 4707 1248 4779 τὴν
1278 4706 1575 4760 ἀνάστασιν
1601 4701 1911 4773 ἐχλεύαζον.

348 4801 616 4875 Ψυχικὸς
649 4801 781 4873 γὰρ,
805 4800 993 4871 φησὶν,
1016 4798 1324 4870 ἄνθρωπος,
1342 4799 1414 4852 οὺ
1440 4796 1676 4865 δέχεται
1708 4795 1779 4848 τὰ
1807 4794 1914 4849 τοῦ

344 4894 710 4962 Πνεύματος.
744 4920 808 4932 --
830 4891 939 4944 Kal
975 4891 1163 4955 οὕτως
1209 4892 1243 4943 ό
1285 4887 1524 4982 Παῦλος
1558 4884 1914 4982 ἐξῆλθεν-ἐν
1943 4922 1991 4982 D

337 4986 533 5052 μέσου
560 4982 782 5038 αὐτῶν.
823 4981 1000 5048 Οὖτω,
1038 4981 1187 5046 πῶς;
1219 4981 1358 5042 Τοὺς
1394 4979 1494 5059 μὲν
1541 4978 1762 5041 πείσας,
1804 4976 1914 5029 ὑπὸ

340 5076 397 5130 δὲ
427 5076 536 5130 τῶν
553 5075 883 5146 γελώμενος.
918 5075 1085 5141 Τινὲς
1106 5073 1175 5128 δὲ
1191 5073 1586 5137 ἐπίστευσαν,
1613 5071 1682 5125 ἐν
1695 5066 1909 5141 ale-{teat

343 5168 660 5233 Διονύσιος
679 5171 711 5221 ό
735 5166 1176 5240 Ἀρεοπαγίτης.
1207 5163 1352 5230 Ἐξω
1372 5164 1472 5243 τῆς
1500 5162 1710 5225 πόλεως
1735 5157 1806 5233 ἦν
1841 5160 1908 5213 τὸ

341 5260 460 5313 κατ’
478 5261 546 5313 Ἀ
556 5277 699 5331 ρειον
724 5259 904 5327 Πάγον
927 5259 1294 5327 δικαστήριον.
1311 5255 1589 5317 Ἑδικαζον
1606 5252 1909 5323 οὒνξᾋρέο-

344 5355 571 5419 παγίται
605 5357 734 5420 περὶ
767 5350 877 5403 τῶν
912 5348 1243 5419 σφαλμάτων
1272 5347 1490 5401 πάντων
1520 5345 1616 5398 καὶ
1642 5341 1904 5413 ἀνομιῶν.

345 5440 442 5493 Διὰ
461 5440 622 5494 τοῦτο
648 5441 743 5495 ἅτε
777 5438 942 5506 ξένων
961 5440 1254 5510 δαιμονίων
1279 5435 1618 5506 καταγγελέα
1645 5436 1738 5488 τὸν
1761 5432 1911 5489 Παῦ-

347 5532 439 5586 λον
467 5534 605 5604 πρὶς
649 5532 753 5603 τὴν
811 5533 873 5597 ἐξ
912 5531 1122 5602 Ἀρείου
1156 5530 1347 5599 Πάγου
1393 5528 1589 5600 βουλὴν
1627 5526 1907 5582 ἕλκουσινο

2084 2604 2242 2661 Vsus.
2293 2606 2382 2661 5i.
2428 2604 2713 2674 Propterea
2765 2606 2903 2672 quod
2943 2609 3130 2661 statuit
3168 2608 3344 2672 diem,
3384 2612 3440 2665 in
3472 2630 3574 2683 quo

2004 2695 2150 2765 juste
2164 2696 2504 2764 judicaturus
2525 2710 2600 2750 est
2629 2697 2805 2751 orbem
2827 2707 3090 2765 terrarum
3113 2712 3206 2765 per
3236 2699 3413 2756 Virum
3431 2719 3585 2773 quem

2012 2787 2131 2840 huic
2161 2787 2365 2857 negotio
2395 2788 2693 2851 destinavit,
2725 2787 2984 2856 ﬁdemque
3015 2789 3136 2856 fecit
3167 2791 3424 2857 omnibus,
3458 2795 3583 2849 dum

2012 2875 2161 2929 illunt
2197 2892 2263 2931 ea:
2294 2878 2514 2931 mortuis
2546 2879 2896 2932 resuscitavit.

2085 2967 2244 3023 Vsus.
2268 2968 2357 3023 5‘2.
2386 2970 2585 3024 Audita
2606 2979 2784 3026 autem
2821 2975 3194 3029 resurrectione
3230 2986 3593 3041 mortuorum,

2013 3059 2109 3111 alii
2151 3061 2359 3129 quidem
2404 3061 2719 3127 irridebant,
2768 3063 2863 3117 alii
2904 3082 3022 3119 vero
3050 3067 3342 3122 dixerunt:
3383 3069 3582 3123 Audie-

2015 3166 2130 3203 mus
2161 3160 2209 3205 te
2234 3167 2415 3206 rursus
2438 3152 2503 3207 de
2529 3153 2633 3206 hac
2657 3170 2733 3208 re.

2085 3239 2244 3295 Vens.
2275 3242 2361 3296 53.
2386 3242 2552 3311 Atque
2580 3244 2658 3298 ita
2683 3243 2884 3301 Paulus
2909 3247 3069 3302 exiuit
3096 3248 3162 3304 de
3188 3251 3359 3308 medio
3379 3269 3577 3311 eorum.

2087 3414 2249 3473 Vsus.
2287 3418 2377 3474 54.
2421 3419 2528 3475 Sed
2563 3422 2780 3491 quidam
2819 3424 2918 3479 uiri
2955 3441 3068 3481 sese
3109 3428 3190 3482 illi
3225 3430 3583 3498 adiunxerunt

2017 3517 2172 3577 atque
2197 3510 2564 3566 crediderunt:
2596 3513 2652 3566 in
2673 3530 2898 3583 quorum
2921 3532 3136 3571 numero
3160 3529 3274 3573 erat
3303 3520 3581 3592 Dionysius

2014 3600 2351 3669 Areopagita,
2374 3611 2422 3655 et
2440 3603 2625 3658 mulier
2639 3608 2846 3661 nomine
2865 3606 3130 3674 Damaris,
3147 3620 3195 3664 et
3207 3612 3304 3665 alii
3321 3629 3438 3666 eum
3450 3615 3576 3670 illis.

2084 3690 2160 3742 Ac
2186 3700 2421 3758 tempora
2452 3692 2662 3762 quidem
2684 3694 2838 3749 istius
2865 3698 3199 3767 ignorantiae,
3234 3712 3340 3757 etc.
3365 3703 3482 3759 Non
3512 3706 3581 3760 de

2014 3780 2244 3835 mortuis
2264 3781 2525 3851 loquitur,
2557 3784 2651 3839 sed
2675 3786 2745 3841 de
2775 3786 2859 3849 iis,
2882 3788 3082 3858 quibus
3105 3790 3391 3850 denuntiat
3416 3794 3575 3852 Deus.

2021 3872 2343 3944 ἰ’περιδών,
2363 3875 2416 3932 id
2437 3891 2559 3931 cum
2585 3878 2915 3948 despexerit,
2929 3897 3052 3936 cum
3070 3882 3442 3952 dissimulauit,
3471 3902 3580 3942 non

2014 3964 2169 4031 dixit,
2204 3967 2477 4037 παρεῖδεν,
2504 3969 2558 4022 id
2592 3971 2813 4040 proprie
2839 3972 3140 4043 signiﬁcat,
3185 3991 3470 4046 perperam
3501 3979 3581 4034 vi-

2014 4058 2113 4122 dit,
2146 4056 2471 4115 allucinatus
2499 4071 2601 4126 est,
2631 4063 2761 4117 dum
2787 4063 2934 4120 aliud
2969 4081 3065 4134 pro
3093 4066 3201 4123 alio
3227 4068 3462 4125 videndo
3488 4085 3582 4126 ac-

2017 4151 2167 4220 cipit,
2200 4151 2345 4222 quod
2377 4152 2446 4207 de
2478 4152 2588 4208 Deo
2614 4155 2878 4224 suspicari
2911 4157 3207 4214 absurdum
3235 4169 3320 4215 est
3364 4168 3425 4217 et
3450 4162 3582 4217 alie--

2014 4257 2168 4296 num.
2210 4240 2329 4298 Non
2361 4243 2496 4298 dicit
2523 4253 2705 4299 autem
2727 4285 2743 4309 ,
2777 4245 2985 4316 Sponte
3008 4262 3073 4304 ac
3096 4248 3376 4306 voluntate
3405 4260 3595 4307 vestra.

2016 4343 2177 4404 atque
2226 4336 2475 4391 consulto
2522 4337 2786 4404 peccastis
2832 4346 2888 4393 et
2936 4340 3166 4395 maleﬁci
3212 4341 3431 4406 fuistis,
3461 4343 3581 4405 sed,

2016 4426 2300 4494 ignorastis
2334 4427 2462 4495 quid
2504 4426 2664 4495 fuerit
2700 4426 3022 4496 faciendum.
3060 4428 3355 4486 Denttntiat
3397 4431 3580 4503 igitur,

2016 4533 2127 4573 non
2154 4533 2345 4591 poenas
2361 4520 2586 4589 expetit,
2615 4528 2870 4589 tanquam
2896 4534 2926 4574 a
2948 4521 3214 4591 supplicio
3242 4524 3418 4595 dignis
3444 4543 3458 4579 :
3488 4532 3581 4582 sed

2017 4621 2164 4663 nunc
2190 4607 2384 4665 invitat
2405 4609 2473 4663 ad
2505 4608 2901 4678 paenitentiam,
2923 4609 2990 4665 ad
3016 4610 3289 4666 saniorem
3320 4623 3582 4675 mentem,

2016 4709 2073 4755 et
2108 4707 2169 4754 ut
2209 4714 2308 4754 vos
2346 4700 2415 4755 ad
2460 4700 2667 4773 frugem
2715 4700 2912 4756 bonam
2955 4703 3249 4773 recipiatis.
3296 4704 3584 4773 Propterea

2017 4792 2155 4861 quod
2189 4792 2378 4846 statuit
2400 4793 2561 4859 diem,
2594 4794 2649 4847 in
2681 4808 2783 4862 quo
2803 4793 3149 4863 iudicaturus
3173 4806 3249 4851 est
3281 4800 3455 4853 orbem
3483 4809 3584 4854 ter-

2017 4901 2220 4939 rarum.
2266 4886 2610 4951 Necessario,
2659 4886 2862 4957 inquit,
2909 4886 3175 4958 judicium
3221 4890 3289 4946 de
3334 4892 3599 4947 omnibus

2016 4974 2173 5030 factis
2205 4985 2366 5046 atque
2391 4977 2641 5049 cogitatis
2676 4978 2837 5048 138
2858 4979 3018 5036 faetet
3050 4995 3146 5050 per
3174 4981 3383 5047 Virum,
3421 4998 3581 5052 quem

2017 5068 2310 5124 destinavit
2335 5069 2575 5139 iudicem
2607 5072 2855 5126 vivorum
2890 5081 2946 5127 et
2976 5081 3314 5129 mortuorum
3346 5092 3360 5129 :
3395 5075 3442 5130 is
3480 5092 3581 5130 au-

2019 5167 2126 5216 tem
2175 5170 2259 5216 est
2300 5160 2585 5228 Dominus,
2628 5164 2721 5234 qui
2766 5166 2928 5220 homo
2967 5165 3143 5221 factus
3169 5175 3271 5221 est.
3311 5166 3581 5223 Caeterum

2017 5265 2140 5305 cum
2184 5266 2375 5322 magna
2416 5262 2578 5323 atque
2614 5254 2864 5309 sublimia
2898 5255 3205 5331 audissent,
3240 5271 3311 5312 ne
3338 5258 3577 5330 alloquio

2015 5343 2233 5412 quidem
2262 5344 2412 5399 illum
2434 5346 2637 5416 dignati
2663 5354 2809 5411 sunt,
2838 5348 2933 5403 sed
2962 5350 3447 5421 ressurrectionem
3482 5354 3581 5407 de-

2018 5435 2286 5491 ridebant.
2320 5436 2583 5493 Animalis
2611 5438 2783 5504 enim,
2815 5439 3014 5510 inquit,
3046 5441 3211 5496 homo
3242 5458 3354 5498 non
3387 5445 3582 5514 probat

2018 5542 2197 5605 neque
2223 5528 2569 5599 amplectitur
2593 5530 2915 5599 spiritualia.
2944 5531 3112 5603 Atque
3136 5534 3214 5589 ita
3242 5534 3447 5591 Paulus
3471 5537 3583 5590 exi-

1522 5691 1724 5754 Vurim
1768 5691 2075 5755 lectiones
2118 5703 2180 5756 et
2216 5702 2410 5756 notae.

417 5847 462 5878 ¹’
497 5846 710 5904 Videtur
728 5847 869 5901 locus
887 5855 1179 5917 corruptus.
1254 5847 1300 5879 ³⁸
1331 5845 1393 5901 1η
1420 5845 1643 5917 vulgatis
1676 5840 1844 5909 est,év
1867 5835 1913 5893 oi

2026 5844 2068 5896 tl.
2091 5844 2381 5908 Διονύσιος.

355 5914 641 5987 ὑπεριδὼν,
674 5928 767 5972 aut
797 5917 966 5972 simile
985 5914 1129 5988 quid.

2458 5846 2498 5877 “
2542 5846 2758 5902 Videtur
2778 5850 2918 5905 locus
2937 5852 3250 5933 mutilus,ae
3273 5851 3583 5929 desiderari,
3628 5897 3635 5902 .
