3856 6550
289 402 427 511 τεῷ

876 448 1283 511 uxrosmo
1323 446 1400 509 IN
1439 448 1628 508 ACTA
1666 439 2252 506 APOSI‘OLORUM.
2301 394 2365 473 '—
2401 436 2559 499 CAP.
2603 433 2832 499 xvui.

3436 415 3546 484 ’754

292 561 350 615 τὸ
380 559 651 632 σιδηροῦν,
704 561 821 617 ἀλλ’
859 563 921 617 οὐ
963 564 1025 618 τὺ
1057 562 1318 637 χρυσοῦν.
1362 560 1868 631 Ἔιιτιναξιὶμενος

2011 557 2142 613 ebat.
2166 554 2375 611 Idcirco
2395 552 2671 618 manebat,
2693 550 2819 621 quia
2838 543 3186 607 commodum
3212 552 3269 600 et
3289 540 3549 598 idoneum

288 653 363 707 τὰ
389 651 588 722 ἱμάτια
611 650 742 709 εἷπε
767 656 918 724 πρὸς
946 658 1191 723 αὐτούς.
1217 657 1381 710 Ὥστε
1419 655 1495 726 μὴ
1530 656 1737 727 ῥήματι
1767 653 1864 723 μό-

291 761 398 809 νον,
436 744 589 830 ,ἀλλὰ
637 747 733 798 καὶ
758 746 1046 821 πράγματι
1080 748 1316 818 φοϐῆσαι
1355 763 1371 780 ·
1411 746 1485 801 Τὸ
1525 742 1668 812 αἷμα
1699 743 1871 813 ὑμῶν

291 834 384 887 ἐπὶ
417 834 532 904 τὴν
569 836 850 906 κεφαλὴν
894 838 1085 908 ὑμῶν.
1145 839 1381 909 Ἀσαφές
1411 840 1527 891 ἐστι
1570 838 1631 890 τὸ
1681 835 1870 909 ῥητόν.

293 917 458 992 Οἶμαι
493 923 551 977 δὲ
595 926 761 979 αὐτὸν
810 927 969 981 τοῦτο
1000 926 1212 996 λέγειν’
1250 928 1522 983 Ἕκαστος
1569 925 1679 979 τῶν
1732 927 1871 979 ἁπο-

295 1012 634 1068 στατούντων
682 1016 905 1087 Χριστῷ
930 1017 997 1082 ³¹,
1046 1018 1106 1081 ὃς
1153 1019 1267 1071 ἐστι
1305 1017 1441 1088 ζωὴ,
1488 1016 1636 1069 δοκεί
1682 1014 1873 1067 ἑαυτὸν

296 1102 563 1172 φονεύειν,
598 1107 710 1161 ἀπὸ
741 1108 842 1178 τῆς
865 1109 1011 1180 ζωῆς
1047 1108 1391 1180 μεταϐαίνων
1420 1111 1499 1172 εἰς
1531 1106 1779 1167 θάνατον,
1810 1103 1870 1157 τὸ

298 1190 434 1263 αἷμα
466 1197 632 1250 αὑτοῦ
670 1201 872 1269 τρόπον
918 1202 1043 1255 τινὰ
1089 1201 1297 1272 ἐκχέων
1343 1201 1430 1254 διὰ
1469 1201 1568 1270 τῆς
1618 1197 1872 1267 σφαγῆςν

295 1289 359 1357 ἣν
390 1289 645 1360 ἐπιψέρει
680 1291 764 1360 ἐφ’
793 1292 1003 1347 ἑαυτόν.
1039 1293 1213 1347 Τοῦτο
1245 1289 1339 1348 οὖν
1385 1308 1580 1364 φησιν·
1624 1289 1770 1343 Ἀνθ⁹
1799 1282 1877 1342 ὧν

297 1378 535 1446 σφάζετε
585 1382 812 1446 ἑαυτοὺς
862 1384 950 1439 διὰ
1006 1386 1106 1456 τῆς
1150 1385 1430 1448 ἀπιστίας,
1484 1380 1649 1437 αὐτοῦ
1685 1380 1877 1434 τούτου

296 1469 456 1539 ὕμετς
486 1473 765 1546 ἀπόσχητε
791 1475 946 1548 δίκην
976 1478 1110 1548 ἐμοῦ
1141 1476 1318 1531 ἁοώου
1345 1475 1515 1538 ὄντος.
1560 1476 1654 1528 Ἐκ
1685 1472 1877 1526 τούτου

294 1560 527 1617 δυνατὸν
567 1567 740 1621 εἰπεῖν
797 1568 881 1623 ὅτι
956 1571 986 1623 ὁ
1044 1568 1266 1637 σφάζων
1312 1566 1507 1622 ἑαυτὸν
1554 1566 1884 1637 τιμωρεῖται

297 1655 451 1724 παρὰ
479 1656 577 1711 τοῦ
607 1659 743 1712 Θεοῦ
775 1659 848 1724 ὡς
882 1662 1101 1730 φονεύς.

1968 660 2162 707 nactus
2209 657 2332 705 erat
2367 644 2691 717 hospitium.
2722 641 2908 704 Multis
2959 638 3107 696 enim
3142 633 3307 708 regiis
3340 632 3552 690 aedibus

1970 749 2087 797 erat
2118 740 2193 795 illi
2224 737 2600 801 commodius,
2645 729 3107 805 quemadmodum
3136 726 3302 782 etiam
3333 722 3554 777 athleta:

1971 833 2222 904 palaestra
2267 830 2523 886 mollibus
2565 826 2751 886 stratis
2797 824 2983 881 utilior
3026 828 3109 878 est
3144 836 3159 875 :
3206 827 3263 874 et
3305 812 3555 873 bellatori

1974 924 2184 997 gladius
2215 922 2457 986 ferreus,
2488 937 2600 977 non
2637 933 2837 974 aureus
2867 915 3015 971 utilis
3041 920 3145 969 est.
3184 907 3434 965 Excussis
3471 920 3559 959 oe-

1974 995 2236 1072 stimentis
2280 1015 2416 1068 dixit
2454 1015 2523 1067 ad
2568 1028 2690 1067 eos:
2738 1017 2799 1066 ut
2843 1024 2952 1065 non
2998 1004 3167 1063 verbo
3216 1002 3427 1063 solum,
3459 995 3557 1053 sed

1976 1111 2140 1165 etiam
2179 1121 2239 1162 re
2270 1114 2504 1160 terreret
2536 1104 2660 1159 illus
2692 1122 2706 1156 :
2750 1100 2979 1173 Sanguis
3008 1107 3180 1154 vester
3206 1109 3365 1164 super
3395 1097 3555 1159 caput

1978 1210 2228 1255 oestrum.
2272 1199 2577 1254 Obscurum
2616 1204 2703 1251 est
2741 1194 2969 1249 dictum.
3033 1189 3141 1245 Sed
3176 1186 3373 1258 opinor
3429 1195 3556 1237 cum

1982 1292 2087 1347 hoc
2134 1290 2446 1362 signiﬁcare
2486 1306 2502 1344 :
2548 1287 2873 1356 Quicunque
2947 1279 3206 1339 desciscit
3255 1291 3289 1332 a
3340 1271 3561 1331 Christo

1979 1385 2074 1455 qui
2118 1394 2204 1439 est
2249 1383 2381 1448 vita,
2428 1382 2672 1451 seipsum
2720 1376 3032 1432 interﬁcere
3074 1371 3319 1449 videtur,
3372 1381 3404 1421 a
3452 1362 3562 1418 vita

1981 1475 2260 1531 transiens
2295 1473 2364 1528 ad
2407 1483 2671 1534 mortem,
2701 1469 2831 1524 dum
2872 1464 3194 1537 sanguinem
3234 1473 3396 1515 suum
3422 1469 3563 1531 quo«

1980 1567 2272 1622 dummodo
2302 1565 2537 1621 ell‘undit
2566 1579 2664 1634 per
2692 1562 2897 1619 caedem
2927 1567 2982 1615 et
3004 1565 3235 1613 mortem
3266 1566 3431 1623 quam
3458 1545 3564 1603 sibi

1983 1658 2246 1714 couciscit
2270 1667 2324 1713 et
2346 1657 2532 1713 infert.
2560 1655 2674 1710 lloc
2697 1654 2861 1727 igitur
2887 1649 3023 1708 dicit
3048 1668 3063 1706 :
3090 1646 3247 1714 Quod
3274 1638 3567 1707 vosmetip-

296 1751 677 1824 sosjugnlatis
711 1769 808 1824 per
835 1753 1293 1818 incredulitatem.
1326 1752 1492 1824 hujus
1516 1751 1669 1822 ipsus
1691 1747 1876 1805 delicti
1919 1764 2017 1805 vos
2053 1765 2243 1821 paruas
2280 1750 2518 1816 dabitis,
2562 1763 2687 1804 cum
2747 1762 2848 1819 ego
2908 1746 3173 1801 innocens
3240 1738 3368 1796 sim.
3430 1733 3569 1791 Hinc

298 1843 405 1900 dici
446 1852 647 1914 potest,
692 1861 816 1902 eum
850 1848 947 1917 qui
982 1847 1222 1918 seipsum
1252 1847 1463 1918 jugulat
1494 1855 1549 1901 et
1586 1842 1807 1907 occidit,
1849 1857 1880 1895 a
1922 1843 2028 1899 Deo
2060 1842 2241 1913 puniri
2263 1853 2532 1912 tanquam
2564 1838 2919 1896 homicidam.

372 1938 485 1991 Kal
534 1941 791 2006 μεταϐὰς
836 1941 1087 2006 ἐκεῖθεν,
1120 1939 1312 2011 ἦλθεν
1348 1934 1436 2007 εὶς
1477 1940 1675 1994 οίκίαν
1718 1936 1883 2003 τινὸς

2059 1937 2219 1993 Vnus.
2264 1940 2315 1992 7.
2358 1939 2524 2008 Atque
2559 1935 2705 1990 illinc
2739 1934 3024 2003 digressus,
3079 1928 3220 1984 venit
3258 1926 3314 1981 in
3354 1924 3570 1979 domum

301 2028 551 2096 ὀνόματι
587 2032 882 2096 Ἰούστου,
912 2035 1244 2101 σεϐομένου
1274 2034 1381 2086 τὸν
1413 2032 1583 2099 Θεὸν,
1613 2026 1685 2087 οὗ
1730 2030 1769 2098 ή
1801 2030 1886 2083 οἱ·
1933 2064 1941 2072 -

301 2121 406 2173 nia
432 2115 516 2190 ἦν
544 2122 974 2192 συνομοροῦσα
998 2123 1075 2193 τῇ
1096 2124 1443 2195 συναγωγῇ.

274 2284 283 2291 _
383 2213 651 2282 1’Ῑρίσ-πτος
699 2215 770 2268 δὲ
823 2218 855 2270 ὁ
907 2216 1403 2288 ἀρχισυνάγωγος
1435 2218 1764 2273 ἐπίστευσε
1808 2214 1889 2281 τῷ

303 2305 508 2371 Κυρίῳ
547 2304 671 2359 σὺν
699 2305 823 2373 ὅλῳ
856 2305 937 2374 τῷ
973 2309 1120 2376 olm,»
1146 2310 1357 2375 αὐτοῦ,
1395 2310 1492 2364 καὶ
1521 2310 1738 2366 πολλοὶ
1770 2307 1892 2363 τῶν

306 2398 639 2549 Ιὲἵιινθίων
680 2398 1080 2469 ἀκούσαντες,
1113 2400 1492 2457 ἐπίστευσαν
1519 2401 1619 2455 καὶ
1652 2400 1892 2454 ἐϐαπτί-

413 2505 500 2541 το.

413 2505 500 2541 το.

383 2577 533 2641 Εἶπε
565 2580 635 2635 δὲ
676 2584 710 2636 ὀ
742 2583 959 2651 Κύριος
1000 2583 1078 2639 δι’
1108 2585 1405 2655 δράματος
1449 2586 1530 2653 τῷ
1577 2588 1795 2651 Παύλῳ
1823 2588 1894 2642 ἐν

308 2676 491 2728 νυκτί
512 2689 528 2705 ·
577 2674 676 2743 Μὴ
725 2673 936 2744 φοσοῦ,
968 2676 1130 2732 ἀλλὰ
1167 2677 1366 2745 λάλει,
1406 2679 1503 2734 καὶ
1534 2678 1621 2750 μὴ
1668 2679 1895 2749 σιωπή-

307 2780 453 2835 σῃς.

385 2860 543 2914 Διότι
579 2860 696 2931 ἐγώ
733 2862 853 2931 ειμι
876 2861 1026 2930 μετὰ
1055 2861 1170 2917 σοῦ
1193 2877 1207 2893 ⁸
1243 2863 1343 2917 καὶ
1377 2863 1580 2930 οὐδείς
1618 2866 1895 2935 ἐπιθήσε-

308 2949 411 3002 ταί
467 2967 570 3005 σοι
608 2951 721 3006 τοῦ
767 2950 1037 3007 κακῶσαί
1084 2967 1180 3021 σε,
1236 2953 1387 3009 διότι
1424 2956 1576 3022 λαός
1602 2958 1738 3012 ἐστι
1793 2976 1895 3029 μοι

312 3042 511 3110 πολὺς
539 3043 611 3098 ἐν
639 3041 716 3113 τῇ
743 3045 916 3100 πόλει
943 3046 1152 3115 ταύτῃ.

399 3135 723 3192 Ἐκάθισέν
781 3154 848 3192 τε
899 3120 1184 3194 ἐνιαυίὸν
1228 3140 1328 3195 και
1368 3139 1569 3212 μῆνας
1615 3141 1705 3210 ἐξ,
1734 3141 1897 3198 diod-

311 3241 482 3281 σκων
505 3228 580 3282 ἐν
610 3229 817 3297 αὐτοῖς
839 3230 885 3263 ³³
917 3232 1028 3285 τὸν
1048 3233 1239 3302 λόγον
1264 3232 1377 3288 τοῦ
1414 3235 1585 3289 Θεοῦ.

1988 2031 2267 2099 cujusdam
2295 2030 2502 2085 nomine
2526 2027 2558 2082 J
2568 2028 2691 2092 usti,
2717 2024 2944 2079 hominis
2970 2020 3223 2093 religiosi,
3258 2017 3409 2086 cujus
3432 2015 3569 2070 azdcs

1989 2124 2307 2178 continentes
2338 2131 2497 2192 atque
2529 2121 2797 2189 adjuncta:
2824 2124 2976 2171 erant
3009 2126 3317 2184 synagoga.

2060 2216 2224 2271 Visus.
2265 2213 2320 2267 8.
2355 2211 2572 2282 Crispus
2614 2220 2792 2264 autem
2815 2210 3064 2277 magister
3090 2216 3371 2278 synagoga:
3401 2199 3571 2254 credi--

1989 2307 2069 2361 dit
2097 2308 2321 2362 Domino
2361 2322 2465 2359 una
2491 2321 2607 2358 cum
2641 2312 2752 2357 tota
2786 2301 2995 2374 familia
3023 2315 3152 2362 sua,
3184 2312 3249 2350 ac
3285 2292 3439 2347 multi
3471 2290 3574 2348 Co-

1990 2395 2331 2458 rinthiorum,
2362 2393 2454 2458 qui
2486 2390 2716 2447 Paulum
2749 2387 3088 2451 audiverant,
3122 2382 3459 2438 crediderunt
3511 2393 3573 2432 ac

1992 2487 2424 2559 baptizabantur.

2067 2578 2228 2635 Vsus.
2264 2579 2318 2635 9.
2357 2577 2501 2632 Dixit
2540 2584 2717 2630 autem
2749 2573 3003 2628 Dominus
3043 2569 3220 2625 Paulo
3264 2584 3358 2637 per
3405 2566 3574 2621 visum

1994 2682 2306 2729 nocturnum
2335 2687 2354 2726 :
2388 2669 2467 2724 Ne
2497 2670 2707 2732 timeas,
2739 2666 2832 2721 sed
2864 2664 3092 2735 loquere,
3120 2678 3186 2716 ac
3211 2676 3276 2715 ne
3303 2673 3501 2726 taceas,

2068 2852 2233 2909 Vsus.
2275 2849 2363 2905 10.
2405 2847 2673 2914 Quoniam
2710 2861 2803 2916 ego
2837 2843 2933 2898 tibi
2972 2840 3161 2895 adsum
3192 2852 3211 2893 :
3242 2852 3309 2892 ac
3344 2851 3495 2890 nemo
3528 2843 3577 2887 re

1996 2945 2207 3001 invadet
2222 2954 2294 2997 ut
2324 2949 2509 2996 noceat
2539 2938 2664 3005 tibi,
2701 2936 2827 3009 quia
2859 2933 2989 2991 mihi
3020 2930 3216 2988 multus
3251 2926 3472 2998 populus
3501 2933 3593 2979 est-
3655 2965 3658 2967 λ

1997 3033 2053 3087 in
2082 3032 2187 3085 hac
2208 3028 2355 3085 urbe.

2068 3124 2232 3181 Vsus.
2268 3123 2355 3179 11.
2396 3120 2767 3178 Commoratus
2806 3125 2883 3172 est
2932 3115 3099 3186 igitur
3132 3111 3246 3168 illic
3285 3124 3486 3166 annum
3529 3116 3580 3162 et

2000 3234 2200 3274 menses
2222 3232 2333 3284 sem,
2367 3232 2429 3270 ac
2451 3214 2665 3270 uerbum
2693 3212 2793 3266 Dei
2812 3209 3027 3265 docebat
3054 3209 3193 3261 inter
3219 3205 3361 3260 illos.

391 3315 475 3375 Οὗ
512 3319 553 3389 ἡ
591 3320 752 3374 οίκία
787 3280 885 3391 ’ἦν
927 3280 1376 3392 συνομοροῦσῷ
1418 3280 1589 3378 Ῑίῖιξέ
1643 3324 1739 3378 καὶ
1788 3325 1891 3380 ἀπὸ

2069 3309 2234 3380 Cujus
2256 3280 2394 3364 tedas
2418 3305 2742 3361 continentes
2768 3311 2943 3358 erant.
2971 3298 3043 3357 Ut
3061 3300 3225 3353 etiam
3249 3296 3377 3351 hinc
3400 3291 3582 3348 studio

315 3413 509 3468 τούτου
541 3414 706 3487 ζῆλον
736 3417 904 3489 ἔχειν,
939 3420 1047 3473 ἀπὸ
1086 3418 1189 3489 τῆς
1219 3422 1593 3489 γειτνιάσεως.
1627 3424 1896 3491 Κρίσπος

316 3508 387 3561 δὲ
412 3510 446 3564 ὁ
470 3508 958 3582 ἀρχισυνάγωγος
982 3512 1308 3568 ἐπίστευσε
1344 3514 1425 3586 τῷ
1451 3515 1663 3583 Κυρίῳ.
1696 3515 1897 3570 Τοῦτον

317 3599 468 3669 λέγει
515 3602 781 3672 Κρίσπον,
832 3607 962 3674 περὶ
989 3597 1053 3660 οὗ
1085 3604 1268 3674 λέγει’
1320 3605 1551 3660 Οὐδένα
1582 3605 1895 3674 ἐϐάπτισα,

317 3694 367 3747 el
405 3691 496 3763 μὴ
544 3694 817 3762 Κρίσπον
859 3696 958 3750 καί
998 3694 1204 3751 Γάϊον.
1237 3727 1307 3740 —-
1353 3698 1451 3767 Μὴ
1493 3698 1704 3768 φοϐοῦ,
1738 3700 1901 3756 ἀλλὰ

318 3783 518 3848 λάλει,
549 3786 648 3839 καὶ
682 3784 763 3855 μὴ
797 3787 1144 3856 σιωπήσῃς.
1192 3789 1259 3844 ⁸0
1302 3788 1541 3856 μάλιστα
1575 3789 1738 3844 αὑτὸν
1767 3790 1896 3855 ἔδει,

319 3876 480 3931 τοῦτο
515 3875 753 3949 ὕστερον
788 3879 938 3951 αὐτῷ
965 3879 1135 3949 λέγει.
1184 3880 1352 3935 Οὐδὲν
1397 3881 1507 3954 γὰρ
1536 3880 1724 3937 ἐλύπει
1757 3880 1903 3937 οὕτω

318 3970 412 4026 τὸν
442 3971 678 4038 Παῦλον,
716 3972 794 4038 ὡς
821 3974 873 4028 0i
903 3973 1281 4039 ἀπειθοῦντες.

388 4151 751 4218 Γαλλίωνος
796 4149 866 4206 δὲ
908 4151 1434 4220 ἀνθυπατεύοντος
1481 4151 1592 4222 τῆς
1645 4153 1900 4222 Ἀχαΐας,

320 4242 783 4312 ἑατεπέστησαν
878 4243 1262 4315 ὁμοθυμαδὸν
1337 4246 1393 4298 ol
1464 4243 1744 4299 Ἰουδαῖοι
1818 4242 1901 4309 τῷ

322 4334 581 4397 Παύλον
616 4334 714 4389 καὶ
741 4334 970 4405 ἤγαγον
998 4335 1187 4390 αὐτὸν
1213 4333 1313 4389 ἐπὶ
1343 4332 1411 4389 τὸ
1435 4332 1631 4403 βῆμα,

394 4423 709 4493 Λὲγοντες,
736 4424 847 4490 ὅτι,
890 4423 1053 4490 Παρὰ
1078 4424 1186 4479 τὸν
1214 4425 1402 4495 νόμον
1443 4420 1623 4491 οὗτος
1667 4422 1905 4479 ἀναπεί-

326 4516 415 4568 θει
443 4513 588 4580 τοὺς
620 4513 971 4582 ἀνθρώπους
995 4515 1277 4571 σέϐεσθαι
1310 4515 1419 4569 τὸν
1446 4516 1615 4570 Θεόν.

397 4603 746 4670 ΜέλλοντΟς
772 4604 842 4657 δὲ
864 4604 971 4659 τοῦ
1011 4605 1256 4659 Παύλου
1297 4604 1565 4674 ἀνοίγειν
1592 4603 1659 4657 τὸ
1690 4604 1901 4673 στόμα,

330 4694 503 4749 εἷπεν
526 4695 558 4748 ὀ
589 4695 875 4749 Γαλλίων
910 4696 1062 4764 πρὸς
1105 4695 1249 4761 τοὺς
1286 4695 1651 4764 Ἰουδαίους
1698 4695 1766 4749 El
1794 4696 1911 4765 μὲν

330 4782 411 4855 ἦν
438 4785 702 4855 ἀδίκημά
723 4786 769 4820 ³³
799 4804 853 4841 τι
870 4788 910 4855 ἢ
934 4787 1344 4858 ῥᾳδιούργημα
1365 4787 1655 4856 πονηρὸν,
1676 4782 1724 4842 ὦ
1759 4789 1914 4844 Ἰου-

333 4876 507 4944 δαῖοι,
543 4878 696 4934 κατὰ
719 4879 907 4949 λόγον
937 4879 1014 4935 ἂν
1033 4880 1391 4950 ἠνεσχόμην
1433 4878 1603 4952 ὑμῶν
1630 4897 1647 4918 ο

399 5059 470 5115 El
492 5057 563 5112 δὲ
588 5057 890 5129 ζητήματά
917 5060 1053 5115 ἐστι
1076 5061 1123 5094 ⁸⁸
1150 5061 1283 5129 περὶ
1312 5062 1522 5132 λόγου,
1555 5060 1654 5115 καὶ
1691 5060 1911 5130 ὀνομά-

334 5167 472 5217 των,
514 5151 613 5206 καὶ
658 5154 853 5221 νόμου
895 5151 1006 5207 τοῦ
1049 5154 1180 5209 καθ’
1207 5151 1382 5222 ὑμᾶς,
1426 5153 1654 5222 ἄψεσοε
1694 5155 1870 5208 αὐτοι
1892 5169 1907 5183 ⁸

336 5245 541 5313 κριτὴς
564 5246 676 5314 γὰρ
709 5245 825 5316 ἐγὼ
847 5246 1076 5301 τούτων
1103 5248 1176 5301 οὐ
1199 5246 1503 5313 ,ϐούλομαι
1539 5240 1716 5300 εἶναι.

403 5337 516 5406 Καὶ
539 5336 867 5405 ἀπήλασεν
890 5337 1122 5415 αὐτοὺς
1156 5337 1274 5393 ἀπὸ
1307 5337 1414 5393 τοῦ
1435 5337 1732 5406 βήματος.

417 5428 868 5499 Ἐπιλαϐόμενοι
903 5428 973 5484 δὲ
1000 5428 1226 5498 πάντες
1259 5433 1314 5486 ol
1347 5430 1645 5499 Ἕλληνες
1674 5429 1910 5486 Σωσθέ-

409 5609 453 5646 ⁸¹
496 5607 673 5666 lCor.
707 5624 746 5677 i,
788 5609 879 5667 M.

1998 3414 2055 3461 et
2083 3405 2280 3459 ardore
2307 3400 2716 3464 incenderetur,
2747 3409 2944 3466 nempe
2970 3401 3194 3464 propter
3217 3388 3580 3444 vicinitatem.

1999 3496 2215 3565 Crispus
2257 3502 2435 3549 autem
2474 3493 2714 3563 princeps
2752 3501 3034 3561 synagoga:
3068 3483 3292 3539 credidit
3333 3481 3582 3536 Domino.

2000 3590 2157 3646 Hunc
2180 3586 2596 3658 dicitCrispum,
2614 3584 2683 3639 de
2699 3597 2807 3655 quo
2824 3579 3266 3637 dicitzNeminem
3296 3573 3583 3645 baptizavi,
3631 3620 3657 3643 ,

2002 3684 2104 3739 nisi
2153 3682 2399 3754 Crispum
2438 3690 2485 3735 et
2523 3678 2720 3734 Caium
2757 3677 2825 3730 δ’.
2867 3703 2938 3715 --
2966 3672 3049 3728 Ne
3095 3673 3323 3754 linteas,
3359 3667 3451 3723 sed
3498 3666 3580 3720 lo-

2000 3795 2178 3850 quere,
2214 3793 2278 3831 ac
2308 3764 2425 3830 noli.
2459 3782 2653 3828 tacere.
2713 3767 2870 3836 Quod
2913 3767 3149 3823 maxime
3176 3746 3373 3835 ipsum
3406 3761 3587 3817 facere

2003 3848 2311 3940 oportebat,
2344 3866 2395 3920 id
2428 3861 2587 3937 ιω
2613 3859 2886 3933 posterius
2913 3857 2963 3914 ei
2988 3856 3139 3913 dicit.
3174 3853 3319 3909 Nihil
3343 3851 3487 3908 enim
3513 3848 3589 3904 ita

2001 3962 2230 4020 Paulum
2261 3961 2495 4033 angebat
2517 3968 2681 4029 atque
2710 3951 3001 4011 sollicitum
3032 3947 3287 4015 habebat,
3318 3950 3375 4001 ut
3396 3942 3472 3999 illi
3499 3941 3591 4013 qui

2002 4072 2113 4113 non
2143 4052 2462 4110 credebant.

2077 4148 2242 4204 Vtilis.
2278 4147 2367 4202 12.
2406 4143 2512 4199 Sed
2542 4140 2785 4198 Gallione
2822 4122 3129 4209 proconsule
3153 4129 3387 4195 Achaia‘,
3419 4122 3596 4183 Juda't'

2006 4239 2235 4296 universi
2270 4236 2445 4291 adorti
2473 4233 2706 4291 Paulum
2732 4233 2995 4286 duxerunt
3018 4224 3090 4281 ad
3119 4221 3374 4288 tribunal,

2076 4419 2241 4475 Vsus.
2278 4419 2365 4475 15.
2399 4416 2637 4470 Dii-entes
2660 4429 2679 4468 :
2704 4411 2802 4467 Hic
2828 4410 3015 4465 suadet
3044 4405 3360 4469 hominibus,
3389 4409 3444 4456 ut
3468 4415 3595 4454 con-

2009 4524 2093 4570 tra
2124 4516 2287 4586 legem
2323 4512 2490 4567 Deum
2520 4509 2720 4563 colant.

2082 4606 2248 4661 Vens.
2277 4603 2361 4657 14.
2395 4600 2528 4658 Cum
2552 4608 2725 4653 autem
2751 4594 2953 4650 Paulus
2976 4609 3069 4661 pro
3099 4607 3154 4646 se
3179 4589 3352 4644 dicere
3374 4603 3594 4641 conare-

2015 4708 2130 4762 tur,
2164 4694 2338 4752 Gallio
2376 4692 2509 4746 dixit
2541 4689 2613 4744 ad
2648 4686 2903 4742 Judteos:
2938 4682 2997 4739 Si
3024 4682 3235 4754 quidem
3271 4678 3605 4748 maleﬁcium-

2013 4788 2229 4860 aliquod
2259 4804 2291 4840 ιι
2315 4785 2479 4849 vobis,
2504 4780 2698 4844 Judaei,
2726 4788 2819 4833 aut
2842 4777 2993 4832 dolus
3020 4774 3189 4830 malus
3213 4773 3519 4828 commissus
3543 4783 3610 4825 et?

2011 4879 2248 4950 improbe
2271 4877 2421 4950 fraus
2444 4876 2585 4945 facta
2610 4879 3010 4942 proponeretur,
3031 4876 3168 4922 recte
3194 4881 3294 4920 vos
3337 4863 3522 4930 ferrem
3546 4869 3597 4915 ct

2015 4971 2258 5027 audirem
2290 4975 2598 5022 accusantes
2618 4981 2637 5020 :
3398 5018 3405 5029 ,

2088 5062 2253 5118 Vsus.
2289 5060 2381 5115 15.
2416 5057 2513 5114 Sin
2550 5066 2729 5111 autem
2770 5054 3087 5125 quaestiones
3116 5058 3237 5104 sunt
3265 5049 3329 5102 de
3361 5045 3515 5101 verbo
3548 5054 3603 5097 ct

2021 5156 2321 5214 nominibus
2351 5163 2398 5208 et
2435 5153 2545 5224 lege
2580 5161 2775 5215 vestra,
2802 5164 2891 5203 eos
2922 5146 3023 5216 ipsi
3042 5142 3315 5198 videritis:
3348 5154 3474 5193 nam
3506 5154 3600 5208 ego

2018 5255 2081 5303 de
2106 5248 2222 5301 istis
2254 5244 2407 5299 rebus
2434 5256 2740 5314 coynoscere
2768 5249 2929 5309 atque
2951 5245 3189 5291 statuere
3221 5230 3362 5285 nolo.

2096 5336 2255 5392 Vens.
2294 5336 2379 5391 16.
2405 5335 2471 5389 Et
2502 5335 2577 5387 ita
2604 5329 2884 5387 summovit
2914 5344 3000 5383 eos
3026 5345 3060 5380 a
3093 5323 3373 5381 tribunali.

2090 5426 2253 5482 Vens.
2279 5425 2365 5480 17.
2390 5425 2463 5479 Ac
2485 5422 2654 5481 (ἕναιεὶ
2682 5436 2858 5475 omnes
2884 5417 3272 5489 apprehensum
3296 5412 3600 5471 Sostlienem

1519 5704 1723 5767 Varia:
1746 5703 2049 5766 lectiones
2092 5708 2153 5764 et
2198 5708 2386 5764 notae.
3515 5698 3548 5726 ⁸

409 5808 454 5843 ⁸⁸
489 5810 577 5864 la.
603 5808 863 5880 Χριστοῦ.
960 5808 1004 5840 ³²
1034 5809 1098 5866 1η
1120 5806 1347 5880 vulgatis
1379 5814 1474 5875 est,
1522 5807 1787 5862 διδάσκων
1815 5806 1891 5859 αὑ

2020 5844 2031 5856 .
2125 5804 2170 5837 ³³
2194 5805 2258 5862 In
2295 5802 2520 5875 vulgatis
2549 5809 2649 5871 est,
2676 5803 2725 5857 ei
2774 5801 2876 5875 μὲν
2904 5801 2998 5858 οὖν
3028 5781 3094 5876 ἦν
3120 5800 3384 5871 ἀδίκημα.
3458 5797 3506 5829 ³δ
3533 5794 3599 5850 In

346 5879 585 5955 vulgatis,
615 5878 837 5952 ζήτημά
867 5882 1003 5936 ἐστι.
