3856 6544
326 380 433 444 ’155

1229 374 1806 451 THEOPHYLACTI
1847 392 2257 457 BULGARLE
2290 398 2646 461 ARCHIEP.

3462 400 3565 466 756

327 497 644 567 magistrum
677 514 977 572 synagogaz,
1000 502 1279 571 pulsabant
1302 516 1461 576 atque
1485 507 1756 562 ca'tlebant
1779 519 1877 563 aut

1998 527 2116 578 νην
2144 513 2251 568 τὸν
2275 514 2786 586 ἀρχισυνάγωγον,
2813 515 3073 572 ἔτυπτον
3095 517 3437 587 ἔμπροσθεν
3467 520 3569 574 τοῦ

327 586 603 645 tribunal:
629 599 679 644 et
707 590 882 648 Gallio
906 594 1036 648 nihil
1055 595 1240 650 horum
1274 597 1516 651 curabat.

395 762 558 821 Vens.
595 750 683 823 18.
716 771 787 825 At
832 768 1034 826 Paulus
1078 789 1197 827 cum
1239 776 1411 830 adhuc
1446 779 1555 832 dies
1599 779 1892 849 complures

324 855 679 922 remansisset,
708 859 900 929 fratres
935 861 1107 916 valere
1122 864 1303 932 jussit,
1337 875 1383 919 et
1416 866 1470 919 in
1501 864 1712 937 Syriam
1745 872 1894 924 nati-

320 947 486 1014 gavit,
517 956 565 1001 et
589 965 693 1003 una
719 966 832 1004 cum
862 951 953 1005 illo
980 952 1225 1008 Priscilla
1251 965 1297 1008 et
1325 956 1537 1026 Aquila,
1572 976 1688 1013 cum
1719 969 1893 1015 toton-

323 1035 481 1091 disset
513 1049 673 1108 caput
699 1040 755 1094 in
784 1032 1062 1097 Cenchreis
1086 1061 1104 1098 :
1128 1045 1181 1099 id
1206 1046 1344 1100 enim
1375 1061 1605 1105 voverat.

388 1227 836 1303 Iudiciunit-ersi
884 1237 1056 1291 adorti
1099 1237 1350 1295 Paulum.
1405 1241 1688 1309 Quomodo
1730 1246 1893 1315 igitur

225 1351 231 1358 -
321 1316 546 1375 Paulum
594 1323 772 1379 adorti
820 1335 985 1393 sunt,
1033 1327 1228 1386 dixerit
1265 1332 1505 1403 aliquis?
1537 1335 1673 1391 Cum
1710 1339 1891 1394 subito

321 1412 646 1480 rapuissent.
672 1416 833 1486 Atqui
858 1418 994 1473 nihil
1021 1422 1328 1487 valuerunt,
1354 1427 1448 1481 sed
1470 1427 1743 1483 duxerunt
1765 1446 1888 1486 eum

317 1502 388 1556 ad
434 1507 852 1575 proconsulem,
893 1510 985 1578 qui
1020 1525 1116 1567 eos
1146 1513 1294 1568 curia
1333 1516 1641 1585 prohibuit,
1698 1536 1760 1575 ac
1813 1522 1892 1575 vir

322 1594 591 1652 humanus
617 1609 673 1653 et
702 1615 890 1670 aequus
927 1602 1019 1657 hic
1048 1604 1181 1659 mihi
1212 1604 1384 1662 fuisse
1424 1608 1656 1666 videtur.
1690 1613 1890 1683 Appre-

318 1686 534 1743 hensum
574 1688 902 1750 Sosthenem.
948 1695 1119 1753 Porro
1156 1700 1298 1767 quod
1336 1699 1660 1757 Sostheuem
1705 1705 1887 1775 pulsa-
1930 1695 1943 1701 ’

1991 600 2302 671 βήματος·
2343 607 2438 661 καί
2486 605 2671 661 οὐδὲν
2718 608 2948 664 τούτων
2985 609 3067 676 τῷ
3107 612 3407 666 Γαλλίωνι
3440 614 3571 684 ἐμε-

1994 695 2107 746 λεν
2127 693 2190 748 ⁸³.

2080 785 2143 845 ῩΟ
2175 786 2244 839 δὲ
2281 789 2521 857 Παῦλος
2548 791 2635 845 ἔτι
2674 794 3046 863 προσμείνας
3079 792 3307 863 ἡμέρας
3340 794 3568 861 ικανὰς,

1994 875 2119 943 τοῖς
2167 878 2454 949 ἀδελφοῖς
2500 884 2979 955 ἀποταξάμενος,
3023 885 3270 950 ἐξέπλει
3319 889 3409 954 είς
3457 887 3570 955 τὴν

1995 970 2248 1035 Συρίυνο
2291 973 2386 1027 καί
2425 972 2548 1026 σὺν
2576 975 2736 1040 αὐτῷ
2781 966 3122 1042 Πρίσκιλλα
3164 978 3264 1031 καί
3318 979 3567 1045 Ἀκύλας

1996 1059 2343 1129 κειράμενος
2376 1062 2489 1130 τὴν
2516 1065 2796 1134 κεφαλὴν
2818 1066 2887 1118 ἐν
2910 1066 3226 1136 Κεγχρεαῖς
3258 1082 3272 1095 ⁸
3303 1063 3430 1136 εἶχε
3459 1070 3567 1137 γὰρ

1995 1149 2207 1217 εὐχήν.

2063 1262 2535 1331 Κατεπέστησαν
2574 1267 2954 1336 ὁμοθυμαδὸν
2990 1271 3045 1322 οἱ
3099 1267 3395 1323 Ἰουδαῖοι.
3446 1268 3569 1329 Πῶς

1992 1351 2084 1406 οὖν
2112 1343 2406 1423 titillatio;
2439 1358 2581 1411 εἴποι
2603 1376 2687 1422 τις
2717 1359 2803 1414 ἄν.
2837 1361 3026 1429 ’Ἄφνω
3058 1360 3430 1430 ἁρπάσαντες.
3459 1362 3570 1413 Καὶ

1996 1442 2101 1512 μὴν
2133 1444 2288 1497 οὐδὲν
2319 1447 2543 1516 ἴσχυσαν
2563 1486 2581 1514 ,
2617 1449 2732 1503 ἀλλ’
2776 1448 2912 1520 ἦγον
2965 1451 3129 1505 αὐτὸν
3159 1452 3294 1525 πρὸς
3322 1452 3415 1505 τδν
3439 1452 3569 1505 ἀνθ-

1994 1533 2216 1588 ύπατον.
2287 1536 2624 1609 ’Λπετείχισε
2684 1539 2741 1594 δὲ
2803 1542 2988 1606 αὐτοῖς
3055 1541 3119 1594 τὸ
3194 1542 3566 1611 δικαστήριον.

2006 1625 2286 1697 Ἑπιεικὴς
2332 1628 2387 1681 δέ
2438 1647 2521 1693 τις
2551 1630 2837 1701 ἄνθρωπος
2873 1628 3029 1697 οὗτος
3074 1628 3216 1688 εἶναί
3260 1650 3350 1701 μοι
3393 1634 3566 1687 δοκεῖ.

2004 1718 2457 1789 Ἐπιλαόόμενοι
2507 1721 2576 1774 δὲ
2624 1724 2968 1792 Σωσθένην.
3007 1724 3082 1777 Τὸ
3109 1724 3166 1778 δὲ
3198 1724 3425 1778 τύπτειν
3470 1726 3570 1780 τὸν

316 1777 467 1845 bant,
502 1783 585 1836 vel
618 1782 821 1840 idcirco
854 1787 1162 1856 pulsabant,
1191 1792 1335 1860 quod
1365 1793 1482 1863 ipse
1514 1794 1683 1850 Paulo
1720 1797 1877 1866 magis

1993 1777 2304 1881 Σωσθένηνξ
2329 1812 2363 1882 ἢ
2394 1811 2485 1866 διὰ
2536 1813 2694 1868 τοῦτο
2736 1777 2991 1880 ιτυπὲον,
3045 1806 3236 1887 ἐπειδὴ
3273 1816 3570 1879 καὶαῦτδς

315 1879 434 1924 erat
480 1871 695 1953 deditus
752 1884 806 1933 et
875 1875 1155 1946 addictus,
1216 1859 1668 1951 quemadmodum
1725 1859 1888 1941 etiam
1924 1859 1963 1914 Β

316 1957 542 2029 Crispus
580 1962 834 2033 magister
863 1980 1147 2038 synagoga:
1177 1987 1191 2024 :
1232 1970 1316 2024 vel
1342 1975 1406 2025 ad
1437 1987 1563 2027 eum
1593 1990 1766 2045 usque
1796 1976 1886 2031 fu—

315 2066 491 2105 rorem
534 2056 804 2123 progressi
850 2066 1027 2124 erant,
1081 2068 1139 2114 ut
1185 2076 1294 2117 non
1324 2067 1558 2121 assecuti
1616 2070 1758 2138 quod
1802 2071 1887 2125 in-

311 2141 598 2197 tenderant
629 2156 792 2215 atque
822 2161 1196 2218 Speraverant,
1227 2169 1326 2223 pro
1354 2153 1521 2211 Paulo
1557 2158 1882 2216 Sosthenem

310 2232 592 2300 pulsarent
615 2252 628 2289 :
663 2235 744 2291 vel
773 2237 979 2294 idcirco
1004 2243 1385 2311 percutiebant
1406 2263 1555 2313 eum,
1597 2250 1719 2320 quia
1746 2251 1883 2308 Pau-

309 2323 424 2379 lum
454 2326 705 2384 occidere
729 2329 1035 2401 voluerant,
1072 2340 1129 2391 et
1165 2335 1468 2395 Sostbenes
1496 2357 1590 2396 eos
1629 2343 1885 2413 prohibe-

311 2415 423 2469 bat.
472 2421 538 2470 At
580 2433 764 2475 coram
808 2422 929 2492 ipso
975 2426 1292 2497 magistratu
1339 2433 1484 2500 quod
1531 2450 1638 2486 nou
1687 2435 1883 2491 licebat

307 2510 747 2578 eommithntcs,
780 2515 1106 2573 Sostheucm
1136 2520 1451 2590 pulsabant,
1485 2524 1587 2580 hoc
1616 2528 1773 2596 quasi
1800 2529 1882 2584 di-

309 2610 497 2656 centes
524 2621 537 2656 :
569 2601 624 2657 Si
654 2606 746 2675 qui
780 2607 896 2665 vult
925 2607 1053 2665 facit
1082 2612 1229 2680 quod
1261 2615 1395 2680 vult,
1425 2626 1481 2670 et
1506 2632 1618 2670 non
1648 2621 1880 2689 amplius

306 2690 486 2747 locum
526 2694 694 2751 habet
753 2697 873 2765 lex,
929 2715 1058 2756 ecce
1094 2703 1258 2758 etiam
1284 2721 1383 2761 nos
1404 2707 1551 2763 hunc
1576 2711 1875 2779 pulsamus.

303 2782 423 2840 Non
445 2786 752 2847 vindicabat
765 2800 948 2848 autem
966 2797 1280 2865 proconsul,
1300 2813 1403 2865 nec
1416 2800 1880 2862 animadvertebat
1908 2844 1913 2851 .

306 2876 363 2938 in
390 2893 516 2946 eos,
545 2882 643 2937 sed
679 2883 895 2941 sinebat
924 2901 1018 2943 eos
1059 2903 1119 2942 se
1149 2900 1338 2945 mutuo
1378 2892 1597 2962 pulsare
1628 2912 1641 2948 :
1673 2896 1798 2965 quia
1831 2898 1876 2952 si

306 2977 497 3025 contra
523 2972 758 3043 aliquem
801 2976 965 3030 alium
1001 2978 1101 3032 hoc
1130 2977 1421 3046 fecissent,
1462 2998 1687 3052 prorsus
1720 2998 1876 3057 pote-

306 3068 393 3114 rat
427 3075 523 3118 eos
562 3064 859 3134 reprimere
897 3078 1060 3136 atque
1096 3085 1371 3130 coercere.
1411 3074 1582 3145 Atque
1614 3096 1718 3135 una
1757 3099 1874 3138 cum

1999 1901 2200 1969 μᾶλλον
2230 1902 2656 1975 προστιθέμενος
2694 1901 2763 1976 ἦν
2815 1906 2894 1977 τῷ
2927 1905 3145 1976 Παύλῳ,
3176 1906 3252 1969 ὡς
3283 1907 3378 1959 καὶ
3426 1906 3568 1976 Κρί-

1997 2010 2132 2056 σπος
2150 1995 2178 2047 ὁ
2202 1996 2651 2065 ἀρχισυνάγωγος
2672 2014 2687 2027 ’
2721 1999 2755 2068 ἢ
2783 2000 2861 2061 είς
2890 1998 3147 2053 τοσοῦτον
3188 1994 3329 2070 ἦσαν
3373 1999 3569 2068 ἐληλαο

1995 2084 2152 2146 κότες
2187 2086 2382 2155 μανίας
2406 2087 2472 2152 ³⁸,
2499 2089 2582 2141 ὃτι
2610 2089 2974 2160 ἀποτυχόντες
2999 2088 3094 2142 τοῦ
3125 2088 3330 2144 σκοποῦ
3361 2090 3567 2155 αὐτῶν,

1993 2178 2115 2231 ἀντὶ
2164 2177 2260 2232 τοῦ
2312 2178 2523 2234 Παύλου
2560 2181 2846 2253 Σωσθένην
2876 2182 3142 2236 ἔτυπτον·
3194 2181 3227 2252 ἢ
3270 2182 3362 2236 διὰ
3407 2181 3571 2235 τοῦτο

1992 2269 2222 2325 ἔτυπτον
2267 2272 2452 2337 αὐτὸν,
2505 2273 2695 2345 ἐπειδὴ
2739 2275 3119 2347 ἠϐουλήθησαν
3168 2274 3432 2343 φονεῦσαι
3474 2274 3571 2328 τὸν

1993 2362 2227 2427 Παῦλον,
2269 2363 2367 2416 καὶ
2394 2364 2677 2437 Σωσθένης
2706 2366 2997 2422 διεκώλυεν
3023 2367 3220 2431 αὐτούς
3240 2383 3255 2397 ο
3284 2366 3374 2420 ἐπ’
3396 2365 3567 2420 αὑτοῦ

1988 2454 2045 2507 δὲ
2081 2454 2177 2507 τοῦ
2228 2454 2488 2526 ἄρχοντος
2536 2456 2925 2522 ἁκαθοσιώτως
2971 2456 3275 2521 ποιοῦντες,
3334 2456 3571 2511 ἔτυπτον

1987 2545 2079 2599 τὸν
2108 2546 2415 2616 Σωσθένην,
2451 2547 2609 2601 τοῦτο
2656 2547 2936 2617 λέγοντες·
2990 2548 3055 2603 El
3099 2549 3128 2601 ὁ
3158 2547 3330 2603 θέλων
3365 2550 3510 2602 ποιεῖ
3539 2548 3572 2600 δ

1989 2636 2157 2701 θέλει,
2199 2638 2297 2692 καὶ
2323 2638 2427 2693 οὐκ
2456 2638 2572 2693 ἔστι
2599 2639 2783 2710 νόμος,
2817 2641 2917 2695 καὶ
2950 2640 3113 2710 ἡμεῖς
3143 2640 3252 2693 ἰδοὺ
3286 2639 3568 2707 τύπτομεν

1987 2730 2196 2785 τοῦτον.
2253 2729 2329 2783 Οὐ
2382 2734 2760 2801 προσεποιεῖτο
2798 2731 2855 2785 δὲ
2913 2732 3113 2795 αὐτοὺς
3158 2733 3188 2785 ὁ
3229 2731 3564 2794 ἀνθύπατος,

1987 2820 2101 2874 ἀλλ’
2126 2822 2214 2875 εἴα
2243 2821 2472 2875 τύπτειν
2497 2822 2791 2893 ἀλλήλους’
2829 2823 2953 2877 ἐπεὶ
2992 2825 3041 2877 εί
3067 2818 3209 2895 ἦσαν
3246 2821 3396 2876 κατά
3420 2839 3567 2882 τινος

1985 2913 2147 2966 ἄλλου
2171 2913 2265 2967 καὶ
2292 2913 2368 2983 μὴ
2399 2912 2524 2967 καθ’
2553 2914 2763 2969 ἑαυτῶν
2785 2915 3111 2984 ποιήσαντες
3129 2913 3312 2981 τοῦτο,
3341 2914 3565 2976 πάντως

1983 3000 2130 3074 εἶχεν
2178 3005 2378 3069 αὐτοὺς
2412 3006 2764 3075 σωφρονίσαι.
2808 3005 3084 3071 Ἐξέπλει
3113 3004 3182 3059 δὲ
3230 3004 3358 3058 σὺν
3401 3001 3566 3067 αὐτῷ

1980 3097 2318 3164 Πρίσκιλλα
2355 3096 2453 3151 καὶ
2495 3096 2743 3162 Ἀκύλας
2777 3096 3124 3168 κειράμενος
3144 3094 3262 3165 τὴν
3284 3094 3565 3163 κεφαλὴν

304 3154 422 3221 ipso
448 3156 768 3212 avehebalur
792 3158 1039 3223 Priscilla
1064 3172 1115 3217 et
1132 3164 1348 3235 Aquila.
1374 3183 1491 3223 cum
1521 3182 1680 3241 caput
1716 3175 1876 3229 rasis-

307 3253 381 3271 η,
403 3245 455 3271 _._
479 3245 746 3271 κριημ
797 3250 997 3271 n____.,
1032 3270 1056 3271 η
1100 3255 1117 3271 .
1182 3257 1196 3271 .
1252 3259 1264 3271 .
1424 3264 1436 3271 .
1508 3264 1519 3271 .

1993 3154 2049 3242 ἐν
2075 3187 2417 3257 Κεγχρεαῖς.
2468 3187 2685 3259 Ἐπειδὴ
2717 3154 2909 3242 ’ἐδόκει
2938 3154 3071 3252 ’τοῖς
3097 3154 3391 3250 ὰἸούδαίοι-ς·
3420 3190 3562 3241 ἀπο-

303 3253 381 3297 set
401 3245 457 3299 in
476 3245 768 3305 Cenchreis.
796 3250 1067 3318 Quoniam
1092 3255 1267 3314 Judaei
1287 3264 1703 3331 suspicabantur
1725 3266 1877 3322 illum

303 3334 664 3395 deiectionem
695 3356 725 3395 a
764 3341 882 3413 lege
910 3344 1139 3411 docere,
1174 3363 1240 3404 ac
1268 3350 1426 3406 multi
1463 3352 1877 3413 oﬂendebantur

305 3427 361 3481 in
394 3441 493 3495 eo,
540 3445 605 3484 ac
634 3432 1080 3501 praedicationem
1114 3455 1222 3495 non
1251 3442 1760 3513 amplectebantur:
1797 3450 1878 3505 id-

303 3514 448 3576 circo
471 3526 528 3572 et
554 3519 644 3575 hic
672 3530 726 3575 et
756 3522 807 3576 in
839 3524 1041 3595 templo
1076 3514 1468 3601 Hierosolymis
1491 3536 1742 3592 consulto
1773 3539 1877 3595 hoc

210 3596 234 3622 ’
301 3603 449 3671 facit,
468 3617 522 3662 et
539 3609 643 3666 hoc
659 3621 775 3667 erat
793 3615 938 3684 quod
966 3615 1083 3687 ipse
1111 3596 1355 3676 dicebat‘:
1391 3619 1495 3678 Fui
1514 3624 1614 3696 legi
1641 3629 1877 3683 subditus

307 3697 459 3772 ιᾷι
480 3703 633 3773 quasi
653 3703 1037 3776 legiobnoxius,
1065 3721 1119 3764 ut
1134 3711 1236 3783 legi
1247 3714 1478 3770 subditos
1491 3718 1872 3790 lucrifacerem.

299 3823 371 3833 —
405 3792 472 3850 Id
496 3797 636 3852 enim
658 3810 871 3869 uouerat
894 3802 936 3857 ².
997 3800 1193 3859 Votum
1222 3805 1358 3862 dicit
1404 3804 1872 3878 pollicitationem.

299 3882 581 3943 Pollicitus
616 3891 761 3945 enim
800 3902 920 3949 erat
952 3907 1013 3949 se
1041 3896 1293 3965 capillum
1331 3897 1698 3954 abscissurum
1729 3916 1870 3966 esse,

299 3992 370 4032 ne
415 3989 605 4048 postea
647 3982 883 4053 amplius
936 3993 1195 4054 tanquam
1245 3987 1591 4056 mundanus,
1642 4006 1706 4046 ea
1753 4008 1873 4061 qua:

298 4069 559 4125 mundani
582 4071 758 4127 solent
783 4087 967 4146 agere,
995 4085 1275 4141 tractaret,
1318 4079 1415 4135 sed
1442 4089 1699 4152 tauquam
1722 4099 1871 4140 more

297 4159 484 4213 divino
514 4159 735 4229 vivens,
773 4176 1124 4232 permaneret
1153 4169 1298 4239 apud
1338 4170 1663 4230 Ecclesiam.
1695 4176 1871 4246 Atque

296 4251 463 4306 etiam
500 4254 692 4323 Aquila
729 4272 793 4312 ex
826 4258 1217 4328 pollicitatione
1259 4263 1361 4320 sibi
1404 4266 1586 4323 crines
1612 4268 1864 4327 abscidit.

298 4341 404 4409 Qui
433 4346 579 4400 enim
613 4348 698 4417 pie
730 4336 1212 4409 nimirum'vivere
1250 4357 1536 4424 volebant,
1573 4360 1676 4416 hoc
1701 4360 1869 4418 facie-

296 4434 467 4491 bant:
500 4438 801 4507 quinetiam
837 4442 1142 4513 antiquitus
1184 4446 1287 4501 hoc
1314 4446 1494 4504 facere
1520 4449 1691 4505 Judaei
1732 4468 1868 4508 con-

294 4540 605 4587 sueverant.
641 4532 828 4605 itaque
861 4545 914 4591 et
945 4536 1337 4593 monachorum
1367 4550 1422 4596 et
1458 4544 1860 4609 canonicarum,

292 4618 346 4673 id
395 4629 482 4675 est
544 4625 872 4695 regularium
921 4627 1192 4697 virginum
1242 4639 1297 4684 et
1345 4631 1858 4699 sanctimonialium,
1892 4622 1942 4682 θ

294 4711 473 4781 capilli
503 4702 651 4770 recte
685 4716 1071 4775 detondeutur.

366 4818 529 4878 Vens.
560 4824 646 4878 i9.
675 4823 920 4882 Pervenit
948 4837 1124 4884 autem
1151 4830 1435 4902 Ephesum,
1454 4843 1502 4887 et
1530 4834 1652 4889 illos
1679 4837 1749 4890 ibi
1778 4853 1862 4891 re-

297 4912 471 4981 liquit,
508 4914 602 4968 sed
630 4915 739 4984 ipse
765 4917 1032 4987 ingressus
1063 4922 1119 4974 in
1155 4938 1500 4995 synagogam.
1531 4929 1860 4984 sermocina-

292 5002 453 5058 batur
471 5020 590 5059 cum
617 5005 836 5064 Judwis.

364 5113 525 5170 Vens.
556 5114 647 5172 20.
683 5116 1009 5190 Rogantibns
1043 5132 1217 5178 autem
1253 5123 1360 5179 illis
1404 5134 1459 5180 ut
1494 5127 1689 5183 diutius
1720 5136 1865 5199 apud

288 5221 348 5259 se
380 5219 636 5271 maneret,
669 5227 866 5266 morem
886 5214 959 5268 eis
988 5231 1091 5269 non
1118 5217 1296 5285 gessit,

356 5315 517 5373 Vens.
542 5317 635 5374 21.
668 5316 771 5374 Sed
793 5337 876 5375 eos
901 5323 1076 5377 valere
1096 5325 1256 5393 jussit
1284 5342 1400 5380 cum
1426 5328 1616 5383 diceret
1646 5349 1659 5384 :
1690 5330 1859 5401 Opor-

351 5496 397 5527 ³¹
425 5494 446 5550 1
476 5495 604 5553 Cor.
636 5499 806 5566 13,19
830 5501 991 5556 etSt.

1981 3282 2204 3337 στασίαν
2252 3281 2348 3335 τοῦ
2398 3281 2565 3351 νόμου
2610 3280 2904 3344 διδάσκειν,
2953 3280 3048 3335 καὶ
3110 3277 3563 3342 ἐσκανδαλίζοντο

1979 3373 2168 3428 πολλοὶ
2195 3375 2276 3437 είς
2304 3371 2489 3435 αὐτὸν,
2529 3370 2624 3426 καὶ
2654 3372 2714 3424 οὐ
2746 3371 3113 3441 παρεδέχοντο
3143 3370 3205 3424 τὸ
3252 3369 3523 3440 κήρυγμα
3543 3387 3555 3401 ·

1977 3466 2168 3521 τούτου
2201 3465 2361 3538 χάριν
2387 3466 2484 3519 καὶ
2512 3462 2746 3517 ἐνταῦθα
2787 3463 2882 3517 καὶ
2911 3465 2969 3517 ὲν
3006 3462 3083 3534 τῷ
3129 3463 3262 3533 ἱερῷ
3292 3463 3353 3515 ἐν
3398 3463 3564 3534 Ἰερο-

1980 3557 2234 3628 σολύμοις
2274 3554 2634 3626 οἰκονομικῶς
2666 3554 2826 3608 τοῦτο
2856 3554 3088 3625 πράσσει
3111 3569 3125 3583 ⁸
3161 3553 3255 3607 καὶ
3286 3552 3448 3608 τοῦτο
3466 3548 3556 3624 ἦν,

1976 3647 2005 3700 ὃ
2051 3646 2213 3710 αὐτὸς
2263 3645 2483 3714 ἔλεγεν·
2530 3645 2855 3713 Ἐγενόμην
2899 3641 3026 3708 τοῖς
3080 3641 3199 3696 ὑπὸ
3245 3647 3436 3709 νέμον
3480 3643 3560 3708 ὡς

1976 3735 2095 3790 ὑπὸ
2124 3737 2335 3805 νόμον,
2358 3736 2461 3789 ἵνα
2480 3734 2623 3802 τοὺς
2649 3733 2771 3790 ὑπὸ
2796 3733 2985 3802 νόμον
3013 3730 3304 3801 κερδήσω.
3325 3763 3398 3772 —
3414 3729 3558 3800 εἷχε

1974 3825 2086 3896 γὰρ
2127 3826 2343 3896 εὐχήν.
2394 3825 2574 3897 Εύχὴν
2605 3824 2753 3893 λέγει
2795 3823 2894 3894 τὴν
2944 3823 3257 3893 ὑπόσχεσιν.
3294 3821 3558 3894 ’Υποσχό-

1979 3931 2138 3984 μενος
2172 3915 2283 3986 γὰρ
2316 3906 2384 3984 ἦν
2417 3914 2694 3984 ἀποκόψαι
2747 3913 2848 3983 τὴν
2899 3911 3083 3984 τρίχα,
3125 3911 3212 3966 ἵνα
3247 3914 3443 3983 μηκέτι
3481 3913 3556 3976 ὡς

1973 4008 2239 4078 κοσμικὺς
2289 4008 2358 4061 τὰ
2406 4007 2513 4060 τῶν
2546 4004 2830 4077 κοσμικῶν
2876 4005 3117 4077 πράττῃ.
3150 4003 3267 4057 ἀλλ’
3295 4003 3371 4069 ὡς
3412 4006 3554 4058 κατὰ

1971 4100 2103 4154 Θεὸν
2131 4099 2241 4165 ζῶν
2273 4100 2590 4171 παραμείνῃ
2610 4100 2652 4132 ³⁷
2679 4102 2747 4170 τῇ
2800 4098 3115 4168 Ἐκκλησίᾳ.
3156 4097 3268 4151 Καὶ
3311 4096 3547 4161 Ἀκύλας

1968 4182 2029 4249 δὲ
2060 4193 2120 4259 ἐξ
2154 4174 2515 4271 ὑποσχέσεως.
2541 4191 2822 4262 ἀπέκοψεν
2865 4192 3061 4245 ἑαυτοῦ
3097 4191 3197 4254 τὰς
3241 4190 3451 4262 τρίχας.
3489 4193 3548 4245 0i

1972 4284 2219 4349 θέλοντες
2247 4285 2357 4356 γὰρ
2403 4285 2566 4355 δῆθεν
2596 4283 2865 4347 θεοσεϐῶς
2913 4284 3034 4354 ζῇν,
3082 4281 3298 4336 ἐποίουν
3348 4282 3544 4337 τοῦτο·

1970 4376 2110 4430 ἀλλὰ
2149 4376 2246 4431 καὶ
2282 4375 2402 4440 ἔθος
2449 4371 2520 4446 ἦν
2562 4375 2791 4431 παλαιὸν
2844 4373 3118 4437 Ἰουδαίοις
3162 4372 3342 4430 τοῦτο.
3385 4374 3545 4427 Ὥστε

1972 4466 2154 4532 καλῶς
2193 4467 2289 4522 καὶ
2312 4467 2365 4521 oi.
2388 4466 2737 4543 μονάζοντες
2780 4464 2875 4520 καὶ
2907 4465 2966 4519 αι
3003 4464 3285 4518 κανονικαὶ
3319 4463 3543 4519 ἀποκεί-

1977 4576 2161 4631 ρονται
2186 4560 2287 4624 τὰς
2316 4560 2515 4631 κόμας.

2051 4839 2404 4907 Κατήντησε
2458 4837 2527 4892 δὲ
2581 4843 2671 4906 εις
2731 4839 3020 4908 Ἔφεσον,
3093 4838 3192 4891 καὶ
3264 4838 3535 4902 ἐκείνους

1985 4932 2310 4986 κατέλιπεν
2334 4930 2521 4986 αὐτοῦ
2546 4948 2560 4964 ’
2591 4932 2775 4998 αὐτὸς
2802 4930 2871 4984 δὲ
2894 4930 3088 4985 ἐλθὼν
3113 4930 3159 4962 ⁸³
3205 4931 3324 4997 τὴν
3373 4944 3523 4985 συν-

1966 5023 2228 5094 αγωγὴν,
2250 5024 2528 5094 διελέχθη
2550 5024 2674 5091 τοῖς
2688 5024 3009 5090 Ἰουδαίοις.

2036 5134 2414 5203 Ἐρωτώντων
2455 5134 2524 5188 δὲ
2579 5132 2783 5190 αὐτῶν
2839 5134 2938 5189 ἐπὶ
2997 5134 3241 5188 πλείονα
3312 5132 3529 5203 χρόνον

1968 5227 2119 5281 εἶναι
2157 5227 2202 5258 ⁸⁸
2235 5228 2371 5294 παρ’
2396 5226 2624 5292 αὐτοῖς,
2658 5228 2768 5280 οὐκ
2792 5225 3155 5292 ἐπένευσεν,

2036 5333 2213 5388 Ἀλλὰ
2291 5332 2627 5396 ἀπετάξατο
2691 5332 2927 5401 αὐτοῖς,
2979 5332 3164 5388 εἰπών
3196 5350 3211 5366 ·
3287 5335 3387 5388 Δεῖ
3445 5348 3523 5401 με

1453 5619 1652 5680 Variae
1683 5617 1986 5683 lectiones
2029 5630 2088 5683 et
2134 5633 2321 5695 notua,

310 5680 341 5705 δ

357 5742 401 5773 ³³
428 5741 679 5810 ipsi)»,
709 5749 845 5796 erat.
923 5742 967 5773 ³⁸⁸
1011 5744 1240 5814 μανίαν,
1273 5756 1410 5800 erat.
1486 5744 1531 5778 ³⁷
1561 5746 1877 5818 παραμείνει

1993 5757 2102 5803 rat.
2179 5749 2223 5781 ³³
2254 5743 2323 5803 1η
2372 5746 2596 5820 vulgatis
2637 5758 2730 5816 est,
2762 5746 3036 5802 εἰσελθών.
3114 5747 3157 5778 ³³
3182 5745 3260 5819 ⁸Ιιι
3286 5743 3501 5816 vulgatis

286 5819 386 5877 est,
421 5813 624 5882 μεῖναι.
