3856 6552
531 390 644 465 πε

1429 387 2011 449 THEOPHYLACTI
2048 384 2460 448 BULGARIlE
2489 380 2843 446 ARCHIEP.
3644 389 3737 451 “iii

516 513 689 568 stituit
713 518 943 577 tempora
970 505 1299 574 pra'scripta,
1342 513 1488 558 certa
1529 515 1686 575 atque
1712 507 1977 559 destinata
2013 505 2096 558 in-

2210 520 2350 556 νοιαν
2382 517 2398 534 ο
2454 501 2515 554 ού
2569 497 2878 567 κατεγέλων
2935 494 3102 551 αὐτοῦ
3161 497 3213 550 οἱ
3263 495 3546 566 φιλόσοφοι
3593 499 3741 566 οὕτως

517 602 812 673 quilinatus
843 606 891 652 et
918 596 1262 650 habitationis
1295 611 1475 648 eorum
1503 611 1516 648 :
1550 597 1750 665 quibus
1785 596 1967 651 verbis
2002 593 2093 648 Dei

518 687 914 761 providentiam
939 684 1199 741 ostendit.
1241 685 1364 738 Non
1410 685 1734 740 deridebant
1763 701 1887 740 eum
1921 684 2098 754 philo-

516 781 679 850 sopiri
715 781 788 834 ita
818 781 1128 848 loquentem
1166 794 1181 831 :
1222 793 1400 849 neque
1429 779 1573 834 enim
1605 780 1894 849 quidquam
1932 779 2097 832 intel-

517 873 752 943 iigebattt
780 886 990 935 eorum,
1039 887 1161 941 qua:
1190 871 1533 926 dicebantur.
1565 871 1668 938 Qui
1710 870 1855 927 enim
1887 869 2097 940 potuis-

516 970 638 1016 sent
681 977 911 1031 quorum
947 963 1037 1015 alii
1084 961 1301 1032 quidem
1346 961 1515 1018 Deum
1579 978 1780 1035 corpus
1822 977 1963 1026 esse,
2007 961 2097 1016 alii

518 1068 647 1107 vero
707 1052 1037 1122 voluptatem
1086 1053 1478 1109 beatitudinem
1512 1070 1637 1110 esse
1681 1054 1974 1110 dicebant?
2023 1055 2098 1106 Ac

517 1143 756 1196 nonnulli
800 1143 1082 1200 dicebant:
1127 1144 1264 1209 Quid
1315 1146 1437 1200 velit
1488 1147 1842 1216 spermologus
1887 1147 2098 1203 dicere?

518 1235 960 1305 Spermologum,
1009 1236 1114 1291 hoc
1157 1245 1316 1292 sonat
1345 1239 1718 1310 seminilegam
1744 1255 1840 1294 seu
1873 1240 2097 1310 frugile-

517 1343 662 1397 gam,
713 1327 981 1380 aviculam
1026 1329 1178 1382 aiunt
1210 1345 1330 1383 esse
1362 1329 1703 1394 vilissimam,
1743 1345 1863 1400 quae
1889 1332 2096 1386 semina

518 1419 573 1472 in
623 1417 800 1473 triviis
833 1417 992 1490 134.
1033 1420 1292 1491 dissipata
1342 1421 1597 1490 colligere
1648 1418 1806 1476 solita
1844 1423 1917 1476 sit
1951 1437 1965 1475 :
2004 1421 2095 1476 cui

518 1507 611 1577 qui
653 1507 816 1562 inane
867 1509 1224 1578 supercilium
1259 1510 1457 1563 tollunt
1489 1519 1544 1564 et
1588 1510 1821 1564 multum‘
1841 1510 1943 1565 sibi
1977 1511 2096 1580 pla-

518 1607 666 1664 cent,
701 1615 1037 1670 magnosque
1086 1601 1314 1670 spiritus
1366 1609 1589 1655 sumunt
1631 1614 1851 1672 propter
1883 1603 2094 1672 copiam

520 1699 577 1745 et
604 1692 905 1746 ubertatem
934 1690 1154 1746 dicendi
1190 1693 1526 1762 ρΙιὶΙοεονὶιί,
1560 1691 1786 1746 Paulum
1824 1692 2096 1747 assimila-

2199 593 2366 648 αὑτοῦ
2423 591 2795 662 φθεγγομένου
2817 603 2831 619 ·
2864 588 2984 642 οὐδὲ
3031 587 3140 659 γὰρ
3171 589 3354 642 ἐνόουν
3384 605 3440 641 τι
3481 588 3588 642 τῶν
3611 591 3742 660 λεγο-

2202 681 2399 752 μένων.
2454 679 2580 744 Πῶς
2613 679 2722 750 γὰρ
2747 679 2796 731 οί
2838 677 2937 748 μὲν
2970 676 3129 748 σῶμα
3170 679 3262 732 τὸν
3297 677 3434 732 Θεὸν
3479 678 3738 747 λέγοντεςο

2199 775 2247 826 οἱ
2285 774 2341 826 δὲ
2370 773 2560 843 ἡδονὴν
2587 771 2687 844 τὴν
2715 770 3127 842 μακαριότητας
3185 770 3294 824 Καί
3329 787 3494 836 τινες
3517 772 3735 842 Hercv-

2205 865 2267 919 Τί
2295 864 2372 917 ἂν
2394 865 2558 918 θέλοι
2597 865 2629 917 ό
2657 861 3075 931 σπερμολόγος
3104 856 3284 926 οὗτος
3320 863 3524 930 λέγειν
3540 878 3560 927 ;
3590 863 3737 934 Σπερ-

2203 955 2429 1027 μολόγον
2475 954 2676 1025 πτηνὸν
2719 949 2860 1006 εἶναί
2911 969 3078 1022 φασιν
3132 952 3562 1018 εὐτελέστατον,
3607 955 3667 1006 τὰ
3694 959 3740 1008 ἐν

2198 1049 2318 1109 ταῖς
2356 1046 2587 1117 τριόδοις
2627 1045 3112 1116 κατεσκεδασμένα
3146 1045 3256 1100 τῶν
3286 1046 3612 1118 σπερμάτων
3638 1049 3741 1101 εἰω-

2199 1136 2291 1200 θὸς
2340 1135 2654 1205 συλλέγειν·
2704 1128 2748 1205 ᾧ
2794 1137 2815 1170 ³
2871 1136 3110 1206 ματαίαν
3161 1137 3410 1209 αἴροντες
3457 1138 3624 1208 ὀφρὺν
3664 1141 3740 1192 ἐπὶ

2198 1225 2412 1298 γλώττῃ
2463 1225 2715 1298 πλατείᾳ,
2771 1226 3097 1298 φρονοῦντες
3129 1243 3191 1280 τε
3238 1227 3402 1296 μέγα,
3439 1228 3740 1298 παρείκαζον

2197 1317 2289 1371 τὸν
2332 1316 2543 1372 Παῦλον
2577 1317 2618 1370 ⁷.
2657 1317 2796 1381 Τοὺς
2830 1318 2936 1388 γὰρ
2999 1318 3196 1387 σοφοὺς
3239 1317 3477 1387 φαύλους
3519 1319 3740 1386 καλοῦσι,

2199 1408 2335 1478 φησὶ
2365 1409 2393 1460 ὁ
2430 1407 2863 1478 Παροιμιαστής.
2922 1406 3141 1478 Ἐπειδὴ
3189 1404 3284 1459 οὖν
3327 1405 3513 1476 δρνεόν
3551 1409 3687 1460 ἐστιν
3718 1410 3740 1460 ὁ

2200 1497 2570 1569 σπερμολόγος
2625 1497 2823 1568 βραχὺ,
2865 1499 2958 1552 καὶ
3009 1497 3134 1552 οὔτε
3195 1498 3333 1568 πρδς
3383 1497 3607 1570 βρῶσιν,
3637 1498 3737 1553 οὔτε

2199 1590 2334 1660 πρὸς
2375 1589 2566 1661 τέρψιν
2613 1591 2941 1661 ἐπιτήδειον,
3001 1592 3129 1655 τοὺς
3167 1591 3411 1655 εὐτελεῖς
3459 1591 3733 1662 σπερμολό-

2197 1699 2326 1752 γους
2353 1682 2603 1738 ἐκάλουν.
2625 1685 2690 1738 οι
2719 1681 2806 1747 δὲ,
2843 1683 3044 1738 Ξένων
3069 1683 3390 1752 δαιμονίων
3427 1682 3595 1738 δοκεῖ
3620 1699 3730 1737 κατ-

520 1782 672 1836 bant.
712 1781 998 1854 Sapientes
1035 1784 1180 1838 enim
1209 1784 1342 1840 viles
1386 1793 1601 1849 vocant,
1638 1784 1817 1854 inquit
1857 1783 2096 1855 scriptor

2210 1775 2488 1845 αγγειεὺς
2528 1769 2700 1830 εἶναι.
2762 1775 2872 1828 Καὶ
2922 1773 3032 1847 γὰρ
3092 1770 3191 1846 τὴν
3244 1775 3575 1840 ἀνάστασιν,
3629 1773 3730 1827 Θεόν

518 1874 971 1930 Proverbiorum.
1018 1874 1286 1941 Quoniam
1342 1876 1510 1946 igitur
1550 1876 1928 1946 Spermologus
1975 1875 2092 1932 sive

2210 1883 2316 1919 ma
2349 1863 2488 1921 εἶναι
2519 1864 2788 1937 ἐνόμιζον,
2847 1865 2945 1919 ἇτε
2997 1866 3248 1929 εἰωθότες
3292 1866 3389 1919 καὶ
3416 1864 3628 1937 θηλείας
3665 1866 3731 1918 σέ·

513 1965 778 2037 frugilega
810 1982 974 2036 parva
1005 1976 1088 2022 est
1129 1967 1267 2032 avis,
1309 1983 1486 2038 neque
1512 1968 1578 2023 ad
1605 1971 1958 2046 vescendum,
1993 1984 2092 2024 ne-

513 2073 621 2127 que
649 2056 714 2111 ad
746 2058 1125 2113 delectandum
1155 2059 1372 2123 idonea,
1407 2060 1542 2115 viles
1573 2059 2091 2129 liomincs.spermo-

517 2146 665 2216 logos
687 2147 1054 2216 appellabant.
1072 2147 1178 2201 Alii
1194 2165 1335 2216 vero,
1352 2148 1752 2220 Peregrinorum
1775 2150 2089 2216 dwmonum,

512 2237 778 2309 inquiunt,
820 2242 1168 2294 annuntiutor
1196 2257 1305 2296 esse
1353 2243 1576 2296 videtur.
1604 2243 1821 2298 Etenim
1851 2257 2093 2298 resurre-

2198 1954 2332 2010 6atv.
2353 1957 2611 2028 Δαιμόνια
2640 1957 2746 2028 γὰρ
2766 1955 2889 2020 τοὺς
2921 1955 3076 2020 θεοὺς
3102 1956 3280 2010 αὐτῶν
3308 1956 3556 2010 ἐκάλουν.
3585 1957 3728 2025 Ἠγα-

2198 2067 2307 2118 γον
2334 2049 2521 2104 αὑτὸν
2552 2048 2652 2101 ἐπὶ
2671 2050 2780 2102 τὸν
2812 2051 3040 2117 Ἀρειον
3056 2048 3277 2118 Πάγον,
3303 2050 3403 2118 οὐχ
3433 2050 3514 2102 ὅτι
3547 2049 3725 2119 μαθεῖν,

2197 2140 2314 2192 ἀλλ’
2345 2139 2485 2191 ὥστε
2511 2137 2864 2204 κολάσασθαι,
2887 2139 3012 2191 ἔνθα
3036 2140 3091 2192 αί
3117 2141 3336 2207 φονικαὶ
3365 2139 3532 2192 δίκαι.
3575 2141 3730 2209 ’Δρειο

2197 2247 2256 2293 ος
2289 2231 2311 2263 ⁸
2348 2229 2406 2283 δὲ
2439 2231 2608 2298 πάγος
2653 2229 2917 2297 ἐκαλεῖτο,
2949 2230 3132 2300 ἐπειδὴ
3175 2231 3204 2284 ὁ
3251 2232 3426 2302 ’Λρης
3462 2232 3626 2284 ἐκεῖσε
3650 2234 3729 2301 τῆς

515 2330 754 2385 ctionem
783 2330 939 2386 deam
997 2333 1288 2402 quamdam
1319 2349 1440 2388 esse
1487 2334 1896 2399 existimabant,
1925 2343 1981 2388 ut
2005 2333 2096 2404 qui

2210 2323 2448 2394 μοιχείας
2482 2323 2527 2384 ⁸,
2578 2321 2653 2384 ῶς
2703 2339 2856 2390 φασι,
2920 2323 3119 2376 δέδωκε
3175 2323 3351 2386 δίκας.
3415 2323 3590 2390 Πάγος
3623 2323 3720 2376 δὲό

513 2425 678 2476 etiam
707 2421 950 2492 feminas
998 2425 1179 2480 colere
1231 2426 1492 2481 solerent.
1555 2425 1824 2480 Daunonia
1864 2441 2096 2495 namque

2210 2414 2400 2486 ὒψηλὸς
2432 2419 2622 2478 τόποςο
2649 2416 2706 2466 ἐν
2737 2414 2845 2486 γὰρ
2888 2414 3032 2486 ὄχθῳ
3073 2416 3182 2468 τινὶ
3211 2410 3280 2485 ἦν
3313 2418 3491 2468 ἐκεῖνο
3525 2415 3580 2468 τὸ
3605 2415 3724 2468 δικα-

514 2509 648 2566 deos
672 2527 801 2568 suos
841 2515 1126 2570 vocabant.
1167 2514 1441 2570 Duxerunt
1471 2533 1589 2570 eum
1622 2517 1693 2570 ad
1738 2515 1922 2570 collem
1947 2515 2093 2569 Mar-

2210 2509 2437 2579 ςτήριον.
2466 2506 2807 2578 Σημειωτέον
2839 2507 2943 2571 ὅτι,
2987 2506 3164 2560 καίτοι
3194 2509 3252 2560 ἐν
3280 2507 3356 2577 τῷ
3391 2506 3569 2561 λαλεῖν
3592 2509 3722 2576 a319-

521 2601 676 2654 tium.
707 2602 826 2657 Non
856 2603 1106 2659 discendi
1133 2620 1321 2671 causa,
1356 2607 1448 2661 sed
1494 2607 1752 2675 puniendi
1791 2607 1845 2659 in
1873 2620 1940 2660 eo
1976 2606 2096 2660 loco

2210 2601 2447 2670 ίιούμενοι
2476 2603 2570 2652 καὶ
2601 2600 2842 2665 ἀκούειν,
2875 2601 3024 2671 ὅμως
3049 2599 3326 2665 ξενίζοντα
3353 2599 3595 2669 ἐνόμιζον
3611 2595 3723 2653 εῖναι

517 2692 610 2746 ubi
641 2694 942 2764 agebantur
978 2704 1034 2751 et
1067 2698 1537 2768 cOgnoscebantur
1576 2713 1759 2753 causa:
1785 2696 2084 2752 homicidii.

2210 2695 2402 2757 ἐκεῖνα,
2434 2690 2578 2762 ἅπερ
2603 2691 2856 2744 οὐδέποτε
2896 2693 3136 2763 ἥκουσαν
3162 2709 3176 2725 ο
3212 2684 3390 2756 ἄλλως
3417 2709 3476 2745 τε
3509 2693 3562 2745 δὲ
3589 2694 3666 2744 καὶ
3687 2694 3725 2744 εί

515 2782 742 2839 Martius
783 2794 965 2840 autem
1017 2788 1172 2843 collis
1214 2789 1506 2843 vocabatur
1538 2789 1584 2843 is
1626 2788 1801 2854 locus,
1832 2787 2087 2856 quoniam

2210 2784 2476 2856 ίνθρωπον
2525 2785 2826 2854 ἐκήρυττεν
2863 2785 3260 2856 ἐσταυρῶσθαι,
3297 2785 3358 2838 οὐ
3406 2785 3553 2851 ξένον
3589 2780 3648 2855 ἦν
3680 2785 3726 2835 τὸ

518 2873 660 2930 Mars
690 2877 820 2942 illic,
856 2888 912 2933 ut
943 2880 1085 2933 fama
1112 2889 1214 2945 est,
1257 2880 1512 2935 adulterii
1551 2895 1740 2950 plenas
1771 2880 1939 2934 dedit.
1972 2881 2086 2932 Πά-

2210 2877 2486 2944 ιεγόμενον
2517 2892 2531 2906 ·
2561 2877 2609 2928 εί
2639 2875 2695 2928 δὲ
2734 2875 2867 2930 Θεὸν
2895 2876 3079 2945 ἔλεγεν
3101 2877 3480 2947 ἐσταυρῶσθαι
3513 2879 3600 2931 καὶ
3620 2879 3728 2947 ἐγη-

517 2982 612 3034 γος
651 2979 832 3024 autem
885 2971 1037 3026 locus
1063 2983 1146 3027 est
1176 2973 1355 3028 editus
1389 2992 1402 3025 :
1440 2988 1564 3026 nam
1596 2973 1650 3027 in
1685 2971 1822 3026 colle
1852 2971 2085 3042 quodam

2210 2970 2405 3041 répbat,
2438 2968 2606 3033 ὅντως
2638 2967 2915 3036 ξενίζοντα
2944 2969 3145 3026 ἐλάλει.

516 3069 636 3114 erat
663 3060 753 3114 illa
784 3060 1282 3117 curia.Notaudum
1307 3071 1392 3119 est
1415 3075 1595 3117 autem
1620 3064 1767 3128 illos,
1797 3079 2106 3133 quanquam
2148 3061 2696 3117 sermocinationibus
2741 3069 2795 3115 et
2828 3062 3198 3117 auditionibus
3234 3061 3416 3119 dediti
3470 3059 3723 3120 et'addicti

517 3161 698 3218 erant,
729 3161 906 3207 tamen
936 3154 1046 3220 illa,
1083 3170 1203 3225 qua:
1280 3170 1557 3225 nunquam
1639 3155 1984 3219 audiverant,
2061 3158 2348 3224 peregrina
2387 3168 2450 3206 ac
2491 3167 2628 3206 nova
2653 3163 2899 3223 putasse.
2940 3152 3074 3208 Nam
3104 3156 3348 3227 alioquin
3382 3158 3586 3213 etiamsi
3614 3175 3721 3229 prte-

517 3241 736 3297 dicabat
765 3244 1041 3300 hominem
1071 3249 1218 3302 cruci
1258 3247 1474 3301 atlixum
1516 3247 1706 3311 fuisse,
1738 3263 1848 3301 non
1880 3262 2076 3302 novum
2117 3256 2234 3299 erat
2259 3245 2402 3314 quod
2436 3244 2762 3299 dicebatur:
2793 3245 2877 3300 sin
2907 3255 3088 3301 autem
3151 3247 3318 3302 Deum
3336 3249 3552 3305 dicebat
3603 3252 3723 3306 cruci

515 3333 735 3388 allixum
782 3349 924 3402 esse,
961 3345 1016 3391 et
1051 3339 1436 3405 resurrexisse,
1495 3353 1685 3393 revera
1735 3353 1877 3392 nova
1925 3347 2087 3407 atque
2125 3336 2409 3406 peregrina
2450 3335 2790 3405 loquebatur.

589 3421 754 3479 Vens.
783 3426 872 3480 22.
919 3427 1079 3483 Stans
1106 3440 1284 3484 autem
1306 3429 1506 3484 Paulus
1530 3432 1584 3484 in
1607 3431 1776 3484 medio
1789 3431 1969 3485 Martii
1996 3431 2096 3482 col-

2283 3429 2527 3491 Σταθεὶς
2545 3427 2614 3480 δὲ
2641 3427 2876 3494 Παῦλος
2899 3427 2970 3481 ἐν
2985 3426 3151 3498 μέσῳ
3173 3429 3278 3483 τοῦ
3299 3429 3520 3498 Ἀρείου
3542 3429 3725 3500 Πάγου,

518 3517 604 3582 lis,
641 3517 844 3572 dicebat
876 3535 894 3573 :
927 3519 1033 3574 Viri
1084 3521 1432 3590 Athenienses,
1481 3525 1537 3576 in
1579 3523 1818 3577 omnibus
1867 3538 1956 3576 vos
1993 3523 2099 3592 fere

516 3609 666 3662 video
689 3609 1036 3682 religiosiores
1056 3628 1184 3667 esse.

590 3702 753 3756 Vsus.
774 3703 865 3757 25.
898 3703 1180 3759 Transiens
1223 3706 1383 3769 enim,
1419 3715 1465 3760 et
1495 3705 1854 3775 contemplans
1879 3706 2097 3758 numina

515 3809 634 3862 quia
662 3791 855 3857 colitis,
885 3797 1054 3864 reperi
1080 3797 1240 3849 etiam
1275 3813 1428 3850 aram
1451 3813 1568 3850 cum
1599 3799 1698 3850 hac
1720 3797 2099 3864 inscriptione:

517 3883 704 3952 Ignoro
728 3883 857 3937 Deo.
890 3884 1053 3950 Quem
1087 3887 1250 3957 igitur
1293 3888 1594 3958 ignorantes
1628 3889 1812 3953 colitis,
1843 3889 1981 3943 hunc
2006 3905 2098 3962 ego

518 3976 777 4026 annuntio
807 3975 966 4029 vobis.
1523 3981 1526 3984 ’

601 4063 765 4117 Vsus.
803 4066 890 4118 ‘24.
937 4068 1079 4120 Deus
1109 4068 1198 4137 qui
1228 4069 1350 4138 fecit
1382 4070 1656 4137 mundum,
1693 4079 1739 4124 et
1775 4071 1950 4125 omnia
1981 4088 2098 4142 qua:

517 4163 638 4206 sum
672 4159 831 4218 ineo,
881 4154 964 4208 hic
1000 4172 1116 4209 cum
1156 4160 1268 4212 caeli
1313 4170 1565 4230 terrwque
1601 4160 1855 4216 Dominus
1879 4165 1966 4229 sit,
1995 4179 2098 4217 non

525 4243 580 4293 in
614 4243 931 4310 manufactis
962 4245 1166 4314 templis
1196 4247 1424 4300 habitat.

599 4331 762 4386 Vens.
786 4333 874 4388 25.
911 4334 1091 4405 Neque
1125 4341 1361 4392 manibus
1398 4340 1662 4394 hominum
1694 4342 1900 4407 colitur,
1925 4351 1980 4396 ut
2008 4346 2097 4414 qui

526 4422 757 4492 alicujus
780 4427 854 4478 rei
889 4444 1077 4494 egenus
1104 4430 1191 4494 sit,
1213 4445 1331 4483 cum
1356 4432 1464 4500 ipse
1499 4435 1734 4486 omnibus
1759 4435 1942 4500 vitam,
1973 4436 2096 4490 ani-

520 4531 661 4568 mam
692 4526 740 4569 et
773 4517 995 4571 halitum
1023 4530 1179 4590 atque
1211 4526 1388 4578 omnia
1422 4526 1527 4578 det.
1571 4571 1576 4574 .

593 4603 756 4660 Vsus.
787 4607 879 4661 26.
911 4607 1157 4678 Fecitque
1206 4629 1269 4665 ea:
1319 4630 1419 4666 uno
1464 4616 1718 4685 sanguine
1757 4633 1907 4671 omne
1933 4635 2096 4689 genus

517 4695 804 4760 hominum,
843 4709 899 4750 ut
923 4700 975 4751 in
1005 4701 1149 4753 omni
1174 4702 1281 4755 solo
1308 4713 1463 4758 terra:
1491 4706 1808 4772 habitarent,
1831 4709 2096 4776 deﬁnivit-

2199 3522 2348 3592 ἔφη·
2401 3518 2650 3587 Ἀνδρες
2693 3519 3009 3585 Ἀθηναῖοι,
3051 3521 3201 3574 κατὰ
3230 3521 3428 3576 πάντα
3464 3524 3542 3590 ὡς
3579 3524 3728 3578 delat-

2200 3611 2708 3681 δαιμονεστέρους
2741 3608 2894 3678 ὑμᾶς
2922 3610 3135 3678 θεωρῶ.

2270 3703 2663 3773 Διερχόμενος
2692 3703 2800 3772 γὰρ
2820 3702 2916 3755 καί
2942 3703 3292 3772 ἀναθεωρῶν
3320 3706 3392 3761 τὰ
3421 3707 3728 3776 σεϐάσματα

2199 3793 2364 3863 ὑμῶν
2391 3834 2406 3860 ,
2452 3789 2634 3861 εὗρον
2677 3793 2775 3846 καὶ
2821 3793 3031 3863 ,βωμὸν
3056 3837 3070 3861 ,
3113 3797 3184 3849 ἐν
3232 3790 3281 3864 ᾧ
3317 3797 3722 3869 ἐπεγέγραπτο·

2200 3885 2504 3956 Ἀγνώστῳ
2549 3883 2692 3950 Θεῷ.
2740 3887 2850 3939 Ὃν
2881 3885 2995 3942 οὖν
3033 3888 3400 3958 ἀγνοοῦντες
3445 3892 3725 3953 εὐσεϐεῖτε,

2197 3977 2413 4032 τοῦτον
2432 3975 2547 4046 ἐγὼ
2570 3976 2955 4047 καταγγέλλω
2982 3980 3141 4048 ὑμῖν.

2284 4069 2346 4122 '0
2379 4072 2523 4136 Θεὸς
2570 4073 2602 4123 ὀ
2645 4071 2910 4139 ποιήσας
2939 4071 3046 4125 τὸν
3078 4072 3313 4142 κόσμον
3339 4075 3438 4131 καί
3475 4075 3656 4129 πάντα
3675 4075 3726 4127 τὰ

2197 4159 2266 4212 ἐν
2290 4158 2470 4226 αὐτῷ,
2498 4154 2678 4228 οὗτος
2707 4161 2966 4228 οὐρανοῦ
2999 4162 3097 4215 καί
3122 4161 3235 4233 γῆς
3265 4166 3481 4233 Κύριος
3505 4168 3546 4198 ¹⁰
3579 4166 3727 4236 vado

2197 4269 2344 4320 χων,
2372 4253 2483 4304 οὐκ
2505 4251 2575 4305 ἐν
2597 4253 3034 4322 χειροποιήτοις
3065 4253 3231 4321 ναοῖς
3263 4258 3545 4324 κατοικεῖ,
3613 4268 3630 4278 ‘

2273 4341 2426 4395 Οὐδὲ
2439 4344 2558 4396 ὑπὸ
2574 4341 2788 4411 χειρῶν
2813 4343 3139 4412 ἀνθρώπων
3155 4349 3555 4414 θεραπεύεται,
3579 4364 3723 4416 ,τρεσ-

2198 4433 2481 4502 δεόμενός
2522 4450 2728 4499 τινος,
2779 4435 2962 4501 αὐτὸς
3009 4435 3212 4502 διδοὺς
3258 4436 3411 4491 πᾶσι
3465 4437 3611 4508 ζωὴν
3650 4441 3722 4491 καί

2198 4523 2403 4592 πνοὴν
2429 4523 2527 4578 καί
2558 4523 2630 4577 τὰ
2655 4524 2853 4578 πάντα
2885 4525 2948 4579 “.

2265 4613 2548 4682 Ἔποίησέ
2570 4632 2634 4669 τε
2671 4615 2739 4680 ἐξ
2767 4616 2904 4683 ἐνὸς
2932 4619 3177 4689 αἵματος
3201 4621 3328 4676 πᾶν
3349 4624 3525 4691 ἔθνος
3549 4621 3727 4692 ἀνθρώ-

2197 4715 2332 4757 πων
2382 4705 2683 4760 κατοικεῖν
2733 4707 2833 4760 ἐπὶ
2873 4709 3000 4764 πᾶν
3028 4709 3094 4763 τὸ
3125 4713 3454 4780 πρόσωπον
3495 4715 3599 4784 τῆς
3622 4712 3723 4784 γῆς,

518 4798 617 4852 que
643 4800 706 4836 ac
729 4788 915 4839 statuit
941 4797 1174 4859 tempora
1213 4802 1355 4846 certa
1387 4804 1541 4864 atque
1566 4798 1872 4866 pra’scripta
1902 4814 1964 4852 ac
1992 4809 2095 4852 ter-

2210 4799 2411 4864 dplo'ac
2459 4801 3014 4869 προστεταγμένους
3059 4802 3104 4833 λ’
3164 4805 3412 4873 καιροὺς
3438 4846 3454 4873 ,
3512 4808 3602 4861 καί
3646 4806 3726 4867 τὰς

520 4875 691 4928 minos
719 4876 1064 4932 habitationis
1101 4897 1301 4948 eorum,

537 5020 540 5024 ,
587 4961 750 5020 Vens.
794 4967 885 5022 27.
926 4969 986 5024 Ut
1010 4981 1297 5040 quwrerent
1350 4971 1665 5039 Dominum,
1714 4977 1761 5030 si
1805 4977 1938 5047 forte
1981 4977 2100 5047 pal-

518 5059 694 5128 pando
725 5069 773 5112 et
803 5066 1166 5115 contrectando
1195 5079 1312 5117 eum
1338 5065 1622 5124 inveniant.
1650 5064 1964 5137 Quanquam
1996 5085 2100 5123 non

518 5151 708 5219 procul
733 5154 880 5206 abest
910 5153 975 5206 ab
1010 5170 1316 5226 unoquoque
1346 5167 1602 5212 nostrum.

590 5239 758 5297 Vens.
792 5243 884 5298 28.
931 5242 1032 5298 Per
1071 5262 1191 5299 eum
1235 5249 1373 5301 enim
1413 5249 1633 5303 vivimus
1666 5262 1714 5303 et
1751 5267 2018 5305 movemur
2045 5262 2094 5306 et

516 5345 719 5399 sumus,
753 5341 810 5386 ut
851 5334 1067 5404 quidam
1098 5335 1256 5389 etiam
1284 5346 1574 5391 vestrorum
1622 5349 1896 5407 poetarum
1941 5341 2095 5396 dixe-

518 5432 686 5478 runt:
718 5440 843 5478 nam
873 5425 1032 5497 hujus
1060 5442 1261 5496 quoque
1285 5429 1555 5499 progenies
1585 5446 1788 5486 sumus.

2202 4890 2515 4956 ὁροθεσίας
2535 4890 2641 4956 τὰς
2670 4892 2974 4957 κατοικίας
3005 4891 3223 4962 αὐτῶν,

2271 4979 2484 5046 Ζητεῖν
2543 4980 2649 5033 τὸν
2704 4981 2951 5049 Κύριον,
2998 4983 3051 5034 εί
3095 4983 3276 5053 ἄραγε
3332 4988 3728 5058 ψηλαφήσειαν

2201 5069 2388 5122 αὑτὸν
2418 5069 2514 5122 καὶ
2545 5071 2782 5138 εὕροιεν
2809 5087 2824 5102 ⁸
2881 5073 2984 5125 καί
3012 5088 3078 5144 γε
3115 5075 3188 5128 οὐ
3209 5079 3453 5145 μακρὰν
3479 5080 3590 5134 ἀπὸ
3615 5077 3724 5142 ἐνὸς

2200 5158 2465 5212 ἑκάστου
2503 5159 2672 5228 ἡμῶν
2702 5161 3070 5229 ὑπάρχοντα.

2273 5251 2377 5305 Ἑν
2403 5250 2562 5316 αὐτῷ
2605 5255 2712 5321 γὰρ
2737 5252 2923 5323 ζῶμεν
2953 5257 3048 5309 καὶ
3075 5260 3400 5328 κινούμεθα
3426 5262 3519 5316 καὶ
3551 5259 3719 5329 ἐσμὲν.

2201 5342 2282 5406 ὡς
2318 5341 2418 5394 καί
2457 5358 2616 5407 τινες
2648 5343 2765 5397 τῶν
2794 5346 2926 5398 καθ’
2975 5344 3131 5414 ὑμᾶς
3161 5347 3422 5417 ποιητῶν
3448 5350 3718 5419 εἰρήκασι·

2205 5433 2316 5488 Τοῦ
2344 5435 2454 5504 γὰρ
2485 5436 2583 5488 καί
2617 5434 2789 5506 γένος
2808 5437 3018 5506 ἐσμέν.

1665 5571 1866 5632 Varia:
1898 5571 2206 5635 lectiones
2251 5580 2312 5635 et
2352 5579 2546 5635 noun.

595 5667 616 5698 ⁸
645 5664 712 5742 ᾧ,
743 5680 888 5742 ᾼεῇαι.
963 5676 983 5705 '
1010 5669 1437 5742 παρεικάζοντες
1476 5672 1707 5737 Παῦλον,
1739 5683 1873 5728 erat.

1976 5676 1998 5706 ⁸
2022 5677 2218 5746 ὄρειος,
2245 5687 2382 5732 erat.

2480 5681 2501 5711 ⁹
2535 5678 2770 5747 μοιχίας,
2819 5689 2954 5733 erat.
3067 5680 3110 5711 ¹⁶
3140 5679 3202 5734 In
3247 5682 3469 5752 vulgatis
3494 5677 3714 5733 nonnulli“

519 5743 621 5799 est.
667 5736 696 5786 ὁ
742 5739 964 5822 Κύριος.
1042 5736 1178 5797 ιε’ν.
1210 5736 1274 5798 U.
1307 5755 1354 5798 et
1401 5745 1459 5798 Β.
1504 5736 1700 5812 legunt,
1751 5747 1844 5798 καὶ
1879 5736 2076 5810 πάντα,

2210 5736 2272 5798 nn
2298 5736 2565 5802 lectionem
2597 5736 2688 5817 ego
2715 5736 2914 5818 quoque
2943 5766 3146 5819 sequor.
3227 5753 3270 5783 “
3301 5736 3365 5810 Ιῖι
3383 5751 3587 5822 vulgatis
3626 5755 3707 5801 est.

523 5810 1015 5878 προτεταγμένους,
