3856 6542
106 460 193 524 745

784 454 1186 517 EXPOSITIO
1225 452 1300 512 ΙΝ
1334 452 1520 541 ACTA
1548 446 2122 532 APOSTOLORUM.
2153 445 2413 507 —'CAP.
2444 442 2634 506 XVII.

3231 440 3340 508 748

159 574 327 636 Pet-cc
380 563 499 627 οὖν
544 571 925 640 ὑπάρχοντες
976 572 1080 626 τοῦ
1116 570 1289 636 Θεοῦ,
1332 570 1446 622 οὐκ
1494 568 1654 638 ὀφει-

1829 565 1990 620 Vsns.
2019 563 2109 619 29.
2149 565 2279 618 Cum
2295 562 2459 633 igitur
2484 560 2650 615 simus
2673 557 2767 613 Dei
2793 558 3084 641 progenies.
3114 570 3219 612 non
3246 561 3342 612 de-

93 671 255 733 λοιιεν
278 662 540 732 νομιζειν
582 664 810 732 χρυσῷ,
844 665 882 732 ἢ
914 663 1170 731 ἀργύρῳ,
1207 661 1246 729 ἢ
1292 660 1440 727 λίθῳ
1472 657 1652 728 χαρά-

98 770 247 827 utan
310 756 533 823 τέχνης
589 755 689 809 καὶ
752 755 1141 825 ἐνθυμήσεως
1202 751 1520 821 ἀνθρώπου
1583 750 1651 803 τὸ

98 848 246 901 Beier
266 841 416 897 εἶναι
441 842 674 911 ὅμοιον.

163 937 241 999 Ὠς
271 932 959 1003 δεισιδαιμονεστέρους.
1010 930 1368 1000 Δεισιδαίμων
1437 928 1653 996 λέγεται

97 1021 311 1084 ὁδεδιὼς
332 1022 399 1075 τὰ
436 1019 710 1091 δαιμόνια,
739 1023 767 1073 ὁ
802 1021 980 1074 πάντα
1017 1018 1276 1083 θειάζων,
1331 1017 1428 1069 καὶ
1474 1015 1649 1080 ξύλον,

98 1117 174 1170 καὶ
193 1115 349 1177 λίθον,
379 1110 472 1166 καὶ
503 1110 741 1181 πνεῦμα.
779 1112 995 1181 Ὥσπερ
1039 1108 1412 1180 ἐγκωμιάζειν
1456 1106 1655 1165 αὐτοὺς

98 1209 238 1261 δοκεῖ.
268 1202 929 1273 Δεισιδανμονεστέρους
964 1202 1042 1268 δὲ,
1094 1203 1214 1269 ἀντὶ
1251 1202 1367 1263 τοῦ,
1429 1198 1655 1253 εὐλαϐε-

98 1298 312 1366 στέρους·
336 1292 494 1348 τοῦτο
537 1294 597 1349 δέ
637 1290 758 1347 εἷπε
797 1294 886 1347 διὰ
929 1295 1021 1347 τὸν
1061 1291 1262 1362 βωμόν.
1319 1288 1656 1358 ’Δνειστήκει

100 1390 146 1442 δὲ
170 1388 336 1449 αὐτοῖς
363 1388 392 1439 ὁ
422 1385 606 1456 βωμὸς
650 1386 714 1437 ἐκ
751 1383 1009 1453 τοιαύτης
1037 1382 1237 1445 αἰτίας·
1276 1382 1517 1450 Πόλεμος
1547 1380 1658 1441 τοῖς

110 1479 381 1548 Ἀθηναίοις
440 1478 574 1531 ποτέ
621 1477 932 1548 συνεῤῥὰγη
989 1475 1130 1546 πρὸς
1180 1473 1477 1536 ἐναντίους·
1537 1467 1655 1524 εἶτα

104 1570 379 1641 πράξαντες
408 1566 595 1630 κακῶς
633 1566 1009 1636 ἀνεχώρησαν.
1061 1566 1170 1620 Καὶ
1209 1563 1395 1634 ἐπειδὴ
1445 1563 1660 1627 παίζειν

103 1661 269 1722 αὐτοὺς
288 1660 397 1721 τοῖς
420 1657 673 1727 δαέμοσιν
700 1657 816 1720 ἐθος
853 1653 944 1727 ἦν,
971 1658 1083 1710 τῶν
1123 1656 1394 1725 δαιμόνων
1423 1672 1509 1717 τις
1540 1657 1661 1708 ἐπι-

109 1752 291 1818 φανεὶς,
317 1747 669 1802 οὐδεπώποτε
698 1748 803 1819 ἔφη
835 1749 968 1819 παρ’
997 1748 1176 1802 αὐτῶν
1209 1745 1658 1817 τεθεραπεῦσθαι·

105 1844 327 1904 κᾰκεῖνος
368 1840 555 1903 αὐτοῖς
581 1840 879 1919 ὀργισθεὶς,
911 1840 1008 1909 τῆς
1040 1839 1210 1910 ἥττης
1248 1838 1453 1907 ταύτης
1489 1836 1662 1901 αἴτιος

1753 655 1930 709 bemus
1955 654 2258 708 existimare
2285 667 2443 715 auro,
2468 660 2563 705 aut
2616 656 2857 719 argento,
2900 660 2993 700 aut
3025 648 3193 718 lapidi
3228 645 3348 701 arte

1752 753 1804 800 et
1830 744 2093 798 industria
2125 745 2358 796 humana
2397 740 2598 809 sculpta
2628 738 2803 795 simile
2826 754 2935 793 esse
2973 754 3168 793 numen
3197 738 3340 792 diri-

1760 852 1908 890 num.

1827 924 1983 996 135
2010 925 2139 978 Fere
2160 922 2521 994 religiosiores.
2549 922 2909 992 Δεισιδαεμων
2924 921 3126 976 dicitur
3152 920 3220 983 is,
3248 921 3343 990 qui

1757 1018 1913 1071 timet
1943 1015 2234 1079 daemonia,
2264 1016 2356 1085 qui
2387 1016 2569 1069 o'nnia
2605 1030 2702 1083 pro
2727 1014 2953 1068 numine
3008 1005 3219 1069 colite't
3252 1026 3348 1065 τοι

1758 1117 2009 1171 neratnr,
2053 1115 2109 1161 et
2138 1106 2370 1179 lignum,
2404 1114 2460 1161 et
2488 1106 2748 1174 lapidem,
2778 1116 2837 1159 et
2881 1105 3153 1175 spiritum.
3178 1103 3346 1171 Quasi

1758 1198 1984 1253 laudare
2014 1212 2112 1253 eos
2151 1196 2384 1251 videtur.
2419 1195 3017 1266 Δεισιδαιμονεστέρους
3047 1202 3256 1259 autem,
3287 1194 3342 1248 itl

1758 1298 1866 1353 est,
1902 1288 2167 1343 daemonia
2201 1278 2479 1350 timentes,
2508 1288 2688 1356 posuit
2718 1301 2814 1356 pro
2844 1287 3175 1355 religiosores
3198 1301 3216 1338 :
3242 1283 3347 1339 hoc

1759 1393 1941 1436 autem
1982 1379 2118 1435 dixit
2149 1388 2372 1450 propter
2405 1381 2597 1433 altare.
2627 1376 2797 1431 Porro
2820 1377 2987 1431 altare
3011 1384 3346 1431 exstructum

1759 1472 1937 1526 fuerat
1963 1471 2031 1525 ab
2052 1468 2161 1524 illis
2181 1484 2249 1524 ex
2284 1469 2592 1539 huiusmodi
2623 1484 2818 1524 causa:
2853 1469 3042 1524 Praelin
3072 1470 3346 1540 quondam

1761 1563 2124 1618 conﬂixerant
2150 1560 2528 1616 Athenienses
2573 1576 2697 1614 cum
2729 1561 3065 1616 adversariis
3094 1577 3111 1615 :
3151 1560 3349 1615 deinde

1761 1665 1982 1725 accepta
2015 1654 2169 1710 clade
2214 1660 2581 1709 recesserant.
2633 1651 2699 1704 Et
2731 1653 2994 1722 quoniam
3043 1651 3203 1707 lndos
3237 1652 3352 1706 daa-

1764 1747 2021 1802 monibus
2067 1745 2346 1800 celebrare
2385 1756 2808 1808 consueverant.
2865 1744 3084 1815 quidam
3136 1745 3347 1800 damon

1763 1853 1888 1892 cum
1919 1838 2289 1907 apparuisset,
2330 1851 2610 1906 nunquam
2646 1838 2715 1891 ab
2743 1837 2854 1891 illis
2897 1850 2958 1891 se
2986 1836 3196 1892 cultum
3225 1851 3352 1892 esse

105 1931 423 2000 γεγενῆσθαι.
484 1909 710 2000 Ἐκεξνῳ
744 1947 801 1983 τε
836 1909 928 1984 οὖν
976 1909 1273 1997 ἀνίστησαν
1314 1928 1357 1959 ⁸³
1382 1928 1529 1981 ναόν·
1572 1927 1664 1980 καὶ

1774 1929 1984 1984 dicebat
2021 1947 2035 1983 :
2067 1943 2134 1984 ac
2165 1943 2292 1985 sese
2322 1928 2431 1982 illis
2464 1927 2662 1981 iratum
2702 1927 2826 1981 mali
2856 1927 3027 1998 praelii
3076 1927 3224 1981 illius
3251 1941 3353 1981 au-

106 2022 167 2085 ὠς
202 2019 586 2089 φυλαττόμενοι
641 2021 716 2091 μὴ
750 2019 812 2073 τὸ
864 2020 997 2073 αὐτὸ
1046 2019 1141 2073 καὶ
1194 2018 1383 2072 ἄλλοτε
1416 2018 1660 2083 πάθοιεν,

106 2113 339 2181 παρέντες
368 2112 493 2166 τινὰ
520 2111 656 2165 Θεὸν
685 2112 960 2180 ἄγνωστον
990 2111 1194 2175 αὐτοῖς,
1229 2111 1535 2182 ἀνέστησαν
1570 2110 1663 2161 τὸν

108 2205 264 2274 βωμὸν
293 2206 501 2258 ἐκεῖνον
542 2202 941 2275 ἐπιγράφοντες
962 2217 976 2231 ·
1020 2200 1331 2270 Ἀγνώστφ
1361 2198 1515 2265 θεῷ·
1539 2197 1664 2251 τοῦ-

107 2313 159 2349 το
201 2296 465 2365 λέγοντες,
496 2294 600 2359 ὅτι,
651 2294 716 2348 El
748 2294 841 2346 καί
892 2308 974 2354 τις
1012 2292 1197 2362 ἕτερος
1238 2291 1483 2358 ἀγνοοῖτο
1532 2288 1663 2361 παρ’

114 2388 268 2457 ἡμῶν,
309 2385 587 2457 εξςητιμὴν
612 2385 817 2439 ἐκείνου
866 2384 1019 2445 οὗτος
1069 2386 1096 2437 ὁ
1140 2383 1320 2453 βωμὸς
1356 2379 1663 2452 ἐγηγέρθω,

111 2481 174 2543 ὡς
201 2481 262 2534 ἂν
285 2480 442 2543 ἵλεως
468 2478 631 2549 ἡμῶν
658 2477 703 2510 ⁸⁸
736 2478 844 2548 εῐη,
876 2476 1032 2548 εἴπερ
1056 2475 1418 2545 ἀγνοούμενος
1463 2472 1538 2527 ὢν
1589 2474 1665 2543 μὴ

112 2570 460 2643 θεραπεύοιτο.
488 2566 597 2623 Ἦν
619 2568 677 2623 δὲ
711 2569 745 2640 ἠ
797 2571 945 2621 πᾶσα
990 2568 1083 2621 τοῦ
1135 2566 1323 2639 βωμοῦ
1358 2566 1663 2637 ἐπιγραφή·

116 2664 256 2729 Θεοῖς
301 2663 527 2728 Ἀσιας,
568 2662 666 2717 καὶ
716 2661 1026 2729 Εὐρώπης,
1083 2661 1184 2714 καὶ
1239 2660 1496 2727 Λιϐύης·
1541 2655 1666 2723 Θεῷ

114 2754 371 2822 ἀγνώστῳ
419 2752 518 2806 καὶ
548 2751 724 2817 ξένῳ.
757 2782 821 2793 -
851 2752 1240 2820 Διερχόμενος
1265 2750 1376 2819 γὰρ
1404 2750 1502 2803 καὶ
1524 2750 1667 2804 tira-

118 2843 323 2914 θεωρῶν
356 2846 429 2899 τὰ
462 2844 811 2911 σεϐάσματα
853 2841 1039 2911 ὑμῶν.
1081 2836 1256 2912 Εὗρεν
1298 2842 1359 2893 ἐν
1400 2843 1466 2912 τῇ
1516 2840 1669 2894 πόλει

117 2939 218 3008 οὐχὶ
247 2936 457 3008 βιϐλίον,
472 2936 633 3003 θεῖον,
671 2934 808 2989 ἀλλὰ
853 2933 1035 3004 βωμὸν
1077 2932 1379 3003 ἑστηκότα·
1426 2934 1520 2986 καὶ
1563 2933 1672 2985 ἀπὸ

117 3027 203 3096 τῆς
232 3026 535 3097 ἐπιγραφῆς
573 3023 664 3078 τοῦ
708 3022 894 3095 βωμοῦ
938 3024 1030 3077 τὸν
1071 3023 1255 3093 βωμὸν
1305 3021 1543 3076 καθεῖλε.
1603 3022 1670 3076 Τί

1765 2030 1976 2075 ctorem
2010 2028 2066 2075 et
2116 2035 2337 2075 causam
2380 2019 2573 2074 fuisse.
2608 2019 2795 2089 Itaque
2834 2027 2891 2074 et
2941 2018 3018 2073 illi
3061 2018 3350 2073 delubrum

1762 2110 2154 2167 exstruxerunt
2187 2129 2203 2166 :
2235 2120 2290 2166 et
2328 2120 2389 2165 ut
2423 2118 2681 2167 caventes
2708 2125 2779 2165 ne
2802 2109 3024 2181 quando
3045 2110 3175 2165 alias
3209 2123 3353 2177 quo-

1762 2220 1893 2275 que,
1925 2206 2069 2275 quod
2097 2205 2333 2276 aliquem
2359 2205 2694 2277 incognitum
2718 2204 2819 2259 sibi
2851 2202 3021 2259 Deum
3054 2202 3352 2274 przeteriisa-

1764 2305 1887 2351 sent
1909 2311 1973 2350 ac
2003 2296 2392 2367 neglexissent,
2422 2294 2563 2349 idem
2593 2294 2728 2365 ipsis
2757 2294 3047 2358 accideret,
3065 2304 3353 2350 exstruxe-

1767 2395 1897 2441 runt
1924 2386 2057 2441 illud
2096 2387 2294 2453 altare,
2320 2387 2716 2442 inscribentes:
2745 2383 2933 2456 Ignoto
2959 2385 3066 2440 Deo
3096 2400 3116 2440 :
3148 2385 3252 2440 hoc
3279 2384 3357 2440 si-

1766 2479 2112 2549 gnilicantes.
2147 2477 2374 2533 Etiamsi
2399 2478 2523 2547 quis
2548 2477 2686 2532 alius
2715 2492 2747 2532 a
2770 2477 2930 2533 nobis
2954 2476 3258 2548 igndretur,
3294 2472 3357 2530 in'

1768 2571 2030 2625 honorem
2060 2570 2207 2626 illius
2234 2574 2337 2626 hoc
2361 2570 2532 2625 altare
2557 2578 2905 2625 exstructum
2929 2577 3068 2635 esto,
3109 2577 3168 2625 ut
3194 2568 3354 2624 nobis

1768 2663 2042 2734 propitius
2071 2663 2163 2728 sit,
2198 2662 2242 2717 si
2272 2678 2395 2717 cum
2426 2662 2587 2718 nobis
2611 2663 2921 2733 incognitus
2954 2664 3027 2718 sit
3055 2677 3166 2717 non
3197 2662 3353 2716 cola-

1770 2764 1877 2810 tur.
1933 2755 2063 2809 Erat
2112 2764 2293 2810 autem
2342 2769 2450 2809 nne
2492 2763 2605 2809 tota
2671 2754 2959 2825 inscriptio
3006 2754 3123 2811 haec
3169 2771 3186 2810 :
3237 2753 3354 2808 Diis

1771 2848 1931 2911 Asiae,
1958 2846 2185 2915 Europa:
2213 2855 2262 2901 et
2292 2845 2468 2917 Libya:
2500 2865 2517 2901 :
2550 2845 2658 2900 Deo
2688 2846 2949 2917 incognito
2971 2862 3036 2900 ac
3058 2845 3352 2916 peregrino.

1771 2968 1838 2981 —
1865 2937 2002 2993 Cum
2039 2938 2320 2992 transirem
2346 2938 2483 2991 enim
2504 2946 2554 2992 et
2581 2937 2960 3006 contemplarer
2986 2935 3203 2990 numina
3235 2949 3357 2991 οιιω

1774 3031 1965 3085 colitis.
1998 3028 2211 3084 Invenit
2256 3030 2313 3084 in
2357 3030 2493 3085 urbe
2541 3045 2651 3084 non
2698 3029 2897 3083 librum
2940 3029 3212 3093 divinum,
3255 3027 3355 3083 sed

3360 837 3372 868 ἶ

119 3120 212 3189 γὰρ
232 3118 331 3172 ἔδει
358 3119 579 3188 ποιῆσαι
607 3116 808 3182 αὐτόνς
844 3115 1108 3185 Ἕλληνες
1149 3114 1350 3177 πάντες
1372 3109 1511 3186 ἦσαν
1542 3115 1670 3166 ἀσε-

1775 3137 1925 3176 aram
1964 3129 2201 3176 stantem
2231 3138 2244 3174 :
2277 3130 2441 3191 atque
2478 3120 2769 3176 occasione
2815 3129 3033 3191 sumpta
3073 3120 3142 3174 ab
3168 3119 3359 3174 altaris

123 3211 235 3277 βεῑς.
263 3209 319 3261 Εἰ
346 3208 456 3262 ἀπὸ
485 3205 832 3274 Εὐαγγελεων
875 3204 1129 3275 διηλέχθη
1168 3204 1354 3265 αὐτοῖς
1375 3242 1391 3266 ,
1445 3203 1670 3270 κατεγὲ-

1778 3214 2157 3285 inscriptione,
2183 3213 2352 3268 altare
2381 3213 2671 3268 demolitus
2709 3220 2813 3268 est.
2846 3212 2987 3279 Quid
3015 3212 3162 3267 enim
3201 3212 3354 3267 illum

122 3301 230 3353 λων·
267 3300 372 3355 ἀπὸ
410 3298 730 3370 προφητῶν,
773 3294 873 3350 οὐκ
921 3296 1225 3350 ἐπίστευον.
1281 3293 1414 3347 Ἀπὸ
1455 3292 1563 3346 τῶν
1608 3293 1667 3346 ὅ-

1774 3306 1955 3361 facere
1981 3302 2309 3374 oportebat?
2336 3303 2510 3358 Graeci
2534 3316 2725 3357 omnes
2757 3308 2913 3357 erant
2962 3302 3114 3372 impii
3151 3311 3207 3357 et
3236 3303 3353 3358 veri

124 3391 252 3445 πλων
269 3389 356 3445 οὖν
377 3389 487 3443 τῶν
524 3387 798 3458 πολεμίων
830 3386 968 3441 αὐτὰ
1012 3385 1375 3456 ἐχειρώσατο·
1406 3385 1502 3440 καὶ
1542 3383 1669 3437 τού-

1774 3398 1867 3452 Dei
1898 3397 2079 3452 cultus
2103 3401 2380 3465 expertes.
2408 3392 2467 3448 Si
2504 3395 2575 3449 ab
2605 3393 2916 3463 Evangeliis
2945 3402 3167 3463 sumpto
3191 3408 3354 3465 argn—

125 3503 178 3538 το
198 3486 325 3538 ἐστιν
355 3484 384 3537 δ
406 3483 584 3551 λέγει·
616 3478 943 3551 Ἐπενόμῄν
981 3478 1107 3544 τοῖς
1146 3478 1393 3548 ἀνόμοις
1420 3478 1503 3543 ὡς
1531 3477 1670 3531 tiro-

1774 3496 1958 3543 mento
1990 3484 2152 3540 verba
2184 3483 2253 3538 ad
2275 3497 2369 3537 eos
2403 3481 2645 3547 fecisset,
2668 3481 2991 3537 derisissent
3028 3499 3042 3536 :
3085 3485 3132 3538 si
3166 3498 3199 3537 a
3223 3498 3355 3554 pro-
3425 3488 3441 3496 '

123 3594 236 3645 μσς.
271 3570 387 3628 Eia:
419 3574 513 3627 τδν
547 3572 751 3642 βωμὸν,
793 3571 887 3623 καὶ
918 3570 1216 3641 μετέστησε
1259 3570 1326 3622 τὰ
1368 3569 1670 3638 γράμματα

1774 3579 1976 3650 phetis,
2013 3590 2123 3631 non
2154 3574 2535 3630 credidissent.
2569 3574 2749 3629 Armis
2769 3574 2934 3646 igitur
2963 3575 3206 3631 hostium
3233 3577 3355 3648 ipsa

128 3669 241 3738 πρὸς
261 3667 441 3722 ἑαυτόν
458 3682 475 3697 ο
511 3665 710 3736 μᾶλλον
731 3663 788 3717 δὲ
817 3665 878 3716 τὸ
906 3662 1084 3732 νόημα
1115 3661 1318 3716 τούτων
1351 3661 1672 3731 μετέθηκεν.

138 3760 466 3830 Ἐγέγραπτο,
509 3756 695 3825 φησιν,
745 3756 803 3807 ἐν
827 3752 906 3822 τῷ
937 3752 1134 3822 βωμῷ·
1168 3752 1483 3820 Ἀγνώστῳ
1529 3748 1672 3815 Θεῷ.

129 3850 209 3913 Τίς
228 3850 277 3903 δὲ
305 3845 370 3921 ἦν
393 3848 552 3910 ἄλλος
579 3844 942 3915 ἀγνοούμενος
963 3844 1115 3906 Θεὸς,
1160 3842 1275 3895 ἀλλ’
1296 3843 1328 3912 ἦ
1352 3844 1379 3895 ὀ
1407 3842 1672 3910 Χριστός-ς

129 3941 184 3994 τι
206 3939 325 4005 adv;
360 3942 411 3993 ot
436 3937 712 4007 Ἀθηναῖοι
755 3936 844 3988 διὰ
887 3935 979 3988 τὸν
1012 3935 1246 4004 Χριστὸν
1273 3932 1518 4004 ἔγραψαν
1550 3933 1678 3985 τοῦ-

130 4048 208 4098 m;
237 4033 293 4086 Ei
333 4032 421 4086 διὰ
457 4031 550 4084 τὸν
568 4028 801 4098 Χριστὸν
830 4025 1098 4095 ἔγραψαν,
1135 4025 1236 4078 οὐκ
1273 4020 1341 4094 ἦν
1368 4022 1510 4075 οὕτω
1548 4022 1679 4076 θαυ-

133 4124 307 4191 μαστὸν
353 4124 412 4179 τὺ
465 4121 798 4194 κατόρθωμα
838 4120 1075 4173 Παύλου.
1133 4118 1274 4171 Ἀλλ’
1334 4119 1527 4170 ἐκεῖνοι
1580 4118 1683 4187 μὲν

129 4215 275 4279 ἄλλως
307 4213 552 4286 ἔγραψαν
575 4230 588 4244 ·
618 4207 773 4276 οὗτος
794 4211 853 4265 δὲ
882 4209 1100 4281 ἴσχυσεν
1129 4210 1304 4272 ἄλλως
1351 4209 1486 4263 αὐτὸ
1515 4224 1681 4278 μετα-

131 4307 307 4364 ϐαλεῖν.
364 4307 686 4374 ⁹Δναγιιολον
736 4303 793 4358 δέ
826 4304 1002 4358 εἰπεῖν
1043 4302 1188 4366 τινος
1239 4301 1429 4355 ἕνεκεν
1481 4301 1682 4355 ἐκεῖνοι

132 4398 377 4469 ἔγραψαν·
455 4396 769 4467 ’Δγνώστφ
825 4392 968 4460 Θεῷ.
1030 4392 1264 4456 Πολλοὺς
1324 4386 1471 4462 εἶχον
1526 4390 1683 4454 θεοὺς

132 4492 322 4557 ἐκεῖνοι,
360 4491 455 4546 καὶ
482 4488 810 4561 ἐπιχωρίους
843 4487 938 4540 καὶ
964 4485 1171 4551 ξένους.
1223 4482 1463 4547 Τούτους
1502 4483 1685 4536 τοίνυν

1774 3686 1924 3727 arma
1963 3667 2216 3738 subegit;
2246 3675 2410 3735 atque
2439 3666 2541 3719 hoc
2572 3673 2654 3719 est
2691 3666 2835 3734 quod
2870 3666 3040 3721 dicit:
3082 3665 3187 3722 Fui
3227 3667 3358 3741 legis

1787 3760 2082 3830 expertibus
2110 3765 2159 3812 et
2214 3756 2388 3825 impiis
2430 3765 2682 3826 tanquam
2709 3754 2903 3826 impius
2932 3765 2982 3810 et
3001 3756 3125 3827 legis
3148 3772 3355 3812 expers.

1782 3853 1924 3907 Vidit
1973 3850 2163 3915 altare,
2205 3855 2261 3902 et
2303 3848 2368 3901 ad
2420 3862 2579 3904 suum
2626 3861 2782 3900 usum
2817 3846 3021 3917 scripta
3068 3848 3355 3905 traduxit:

1780 3945 1889 3998 imo
1913 3957 2042 4000 vero
2085 3939 2412 3995 sententiam
2471 3939 2689 3992 illorum
2737 3937 2980 3993 traduxit
3006 3947 3063 3994 et
3110 3939 3351 3995 invertit.

1778 4037 2128 4105 lnscriptum,
2178 4033 2376 4103 inquit,
2402 4033 2557 4086 altari
2591 4038 2710 4086 erat
2753 4069 2769 4096 ,
2828 4031 3013 4103 Ignoto
3048 4031 3179 4087 Deo.
3224 4032 3357 4100 Quis

1780 4137 1961 4182 autem
1990 4137 2104 4182 crat
2131 4125 2269 4179 alius
2292 4124 2435 4180 Deus
2464 4124 2554 4193 qui
2584 4122 2956 4194 ignorabatur.
2997 4133 3357 4195 prmterquam

1780 4216 2067 4272 Christus?
2113 4215 2259 4281 Quid
2320 4212 2530 4285 igitur?
2588 4227 2656 4266 an
2706 4212 3072 4269 Athenienses
3136 4220 3362 4284 propter

1782 4305 2058 4359 Christum
2100 4303 2433 4372 scripserant
2488 4300 2644 4355 hoc?
2694 4298 2751 4354 Si
2809 4309 3033 4372 propter
3081 4301 3358 4358 Christum

1786 4396 2154 4467 scripsissent,
2203 4408 2314 4448 non
2342 4394 2480 4446 adeo
2510 4391 2795 4445 mirandus
2820 4401 2970 4445 esset
3013 4390 3090 4446 rei
3124 4407 3155 4445 a
3187 4391 3365 4447 Paulo

1787 4489 2014 4557 inceptat
2045 4499 2270 4556 prosper
2297 4497 2606 4539 successus.
2645 4480 2843 4537 Verum
2893 4482 2969 4535 illi
3005 4482 3223 4552 quidem
3250 4482 3358 4537 ali-

132 4581 235 4644 τοὺς
290 4581 386 4651 μὲν
430 4578 588 4649 παρὰ
632 4577 884 4648 μητέρων
916 4572 1062 4645 εἶχον
1091 4572 1406 4643 δεξάμενοι·
1437 4573 1565 4634 τοὺς
1600 4570 1670 4637 δὲ,

1789 4588 1872 4634 ter
1899 4580 2259 4648 scripserant:
2288 4576 2378 4630 hic
2399 4590 2528 4630 vero
2559 4574 2740 4645 potuit
2769 4574 3029 4645 scriptum
3065 4574 3223 4629 aliter
3242 4583 3361 4629 tra-

134 4676 220 4732 ἱπδ
250 4677 352 4732 τῶν
385 4673 630 4746 πλησίων
666 4672 857 4726 ἐθνῶν.
914 4670 1068 4724 Ἐπεὶ
1115 4669 1210 4723 οὖν
1253 4669 1355 4723 οὐκ
1406 4669 1467 4733 ἐξ
1508 4668 1683 4739 ἀρχῆς

134 4768 313 4832 πάντας
362 4766 632 4832 ἐδέξαντο,
676 4762 815 4816 ἀλλὰ
861 4761 1003 4815 κατὰ
1053 4760 1246 4832 μικρὸν
1290 4760 1684 4831 εἰσηνέχθησαν

133 4859 308 4923 z’noig'
333 4858 384 4912 οῑ
416 4857 538 4929 μὲν,
592 4853 827 4908 ἐπὶτῶν
868 4854 1140 4925 πατέρων,
1186 4854 1237 4906 οἱ
1295 4853 1372 4919 δὲ,
1431 4853 1523 4905 ἐπὶ
1575 4849 1686 4903 τῶν

135 4952 368 5017 πάππων,
406 4952 458 5004 οι
483 4950 540 5002 δέ
566 4949 658 5001 ἐπὶ
689 4947 787 5015 τῆς
828 4946 1019 5014 γενεᾶς
1042 4943 1138 5014 τῆς
1168 4930 1367 5009 αὐτῶν,
1401 4942 1686 4996 συνελθόν·-

134 5059 206 5104 τες
238 5038 408 5109 εἷπον,
439 5042 546 5105 ὅτι,
583 5039 819 5109 ι’Ὢσπερ
887 5038 1110 5099 τούτους
1172 5035 1499 5105 ἠγνοοῦμεν,
1567 5029 1685 5086 εἶτα

138 5133 341 5206 ὕστερον
386 5133 589 5195 αὐτοὺς
625 5132 1024 5202 ἐγνωρίσαμεν,
1059 5127 1200 5183 οὕτω
1244 5126 1532 5197 συμϐαίνει
1591 5127 1688 5178 καὶ

138 5221 273 5276 ἀλλον
315 5220 451 5277 εἶναι
504 5219 893 5291 ἀγνοούμενον,
948 5219 1043 5272 καὶ
1091 5218 1220 5272 ὄντα
1279 5216 1379 5285 μὲν
1419 5217 1574 5282 Θεὸν,
1625 5215 1687 5268 ού

139 5314 508 5385 γνωριζόμενον
532 5313 589 5366 δέ
613 5310 704 5381 ὑφ’
731 5309 911 5381 ἡμῶν.
955 5309 1048 5363 καὶ
1100 5308 1189 5362 διὰ
1239 5308 1398 5361 τοῦτο
1438 5306 1689 5360 λανθάνει

143 5401 483 5473 ἀμελούμενος
512 5401 608 5455 καὶ
648 5398 725 5470 μὴ
773 5398 1230 5469 θεραπευόμενος.
1287 5398 1561 5466 Ἕστησαν
1597 5395 1692 5450 οὖν

142 5490 321 5564 βωμὸν,
357 5495 455 5549 καὶ
486 5490 832 5561 ἐπέγραψαν·
884 5487 1200 5558 Ἀγνώστῳ
1243 5487 1384 5553 Θεῷ·
1418 5486 1577 5541 τοῦτο
1608 5489 1695 5540 λέ-

141 5596 305 5649 γοντες
339 5584 428 5639 διὰ
445 5581 542 5638 τοῦ
566 5581 919 5653 γράμματος,
962 5579 1045 5632 ὃτι
1075 5580 1185 5633 Καὶ
1216 5580 1375 5652 ⁵εἴτις
1411 5579 1527 5630 ἐστὶ
1554 5578 1688 5643 Θεὸς

1786 4670 1988 4726 ducere
2011 4680 2172 4738 atque
2208 4668 2522 4722 immutare.
2558 4666 2797 4721 Necesse
2820 4674 2906 4720 est
2931 4672 3111 4721 autem
3147 4664 3356 4732 dicere,

1788 4760 1944 4829 cujus
1960 4760 2037 4813 rei
2056 4758 2224 4830 gratia
2244 4757 2319 4811 illi
2338 4756 2686 4827 scripserant,
2711 4753 2898 4828 Ignoto
2920 4756 3046 4813 Deo.
3063 4755 3261 4815 Multos
3282 4758 3360 4813 illi

1787 4852 1917 4907 deos
1932 4851 2201 4904 habebant
2219 4859 2331 4903 tum
2352 4850 2558 4919 patrios
2581 4858 2740 4919 atque
2753 4849 3233 4912 domesticos.tum
3256 4850 3362 4906 ho-

1788 4944 1956 5012 spites
1978 4957 2040 4997 ac
2070 4941 2405 5013 peregrinos.
2424 4941 2535 4996 Hos
2556 4941 2719 5013 igitur
2738 4942 2929 5012 partim
2951 4944 3168 5014 quidem
3191 4959 3221 5000 a
3246 4960 3363 5000 ma.

1787 5031 1961 5085 tribus
1976 5039 2229 5098 acceptos
2260 5029 2555 5097 habebant,
2576 5030 2771 5099 partim
2792 5046 2923 5086 vero
2946 5046 2975 5085 a
3002 5032 3242 5088 ﬁnitimis
3260 5048 3361 5087 na-

1791 5121 2047 5177 tionibus.
2067 5119 2337 5187 Quoniam
2352 5135 2483 5192 ergo
2509 5137 2620 5177 non
2649 5137 2840 5180 omnes
2869 5125 2938 5179 ab
2955 5124 3115 5179 initio
3130 5137 3362 5195 accepe-

1790 5222 1942 5280 runt,
1975 5214 2069 5270 sed
2093 5213 2353 5283 paulatim
2388 5215 2458 5269 ab
2487 5215 2556 5269 iis
2584 5214 2878 5270 introducti
2907 5224 3083 5279 erant,
3118 5214 3208 5269 alii
3236 5218 3363 5286 qui-

1791 5308 1913 5362 dem
1941 5315 2100 5361 mtate
2127 5316 2365 5377 patrum,
2414 5307 2505 5360 alii
2546 5322 2675 5362 vero
2705 5316 2947 5376 tempore
2992 5320 3241 5371 avorum,
3268 5307 3360 5361 alii

1792 5399 2035 5468 ipsorum
2072 5406 2254 5463 aetate,
2304 5399 2614 5469 congregati
2665 5399 2925 5452 dixerunt
2957 5414 2971 5451 :
2998 5398 3363 5464 Quemadmo-

1795 5493 1925 5546 dum
1952 5491 2485 5575 hosignorabamus,
2526 5492 2722 5548 deinde
2756 5499 2945 5561 postea
2982 5506 3079 5548 eos
3103 5495 3362 5564 cognovi-

1792 5599 1916 5639 mus
1945 5624 1960 5650 ,
1996 5583 2069 5638 ita
2119 5583 2369 5639 accidere
2401 5592 2581 5653 potest
2611 5590 2671 5639 ut
2701 5580 2865 5640 etiam
2891 5583 3360 5658 aliustignoretur,

1262 5758 1460 5821 Variae
1498 5757 1803 5823 lectiones
1845 5766 1909 5823 et
1951 5765 2140 5822 notae.

205 5864 243 5896 ³³
268 5865 349 5920 ῑσ.
376 5865 701 5935 ἀνέστησαν.
777 5863 821 5897 ⁸⁸
853 5861 984 5933 ἡμῖν
1014 5860 1101 5915 τσ.

444 5967 716 6027 Parnm.
764 5964 880 6024 Gn.
927 5956 1166 6022 CXXV.

2958 5951 3039 6018 24
