3856 6604
341 476 443 538 749

1058 478 1464 539 EXPOSiTIO
1504 478 1585 537 IN
1618 478 1802 537 ACTA
1850 476 2424 540 APOSTOLORUM.
2449 505 2517 517 ο·-
2540 482 2695 542 CAP.
2740 482 2924 542 XVII.

3463 484 3572 549 750

350 596 584 663 ’Ἄρατος
613 594 715 665 μὲν
756 596 783 649 ὁ
813 597 972 665 σοφὸς
1003 596 1130 665 περὶ
1158 594 1252 646 τοῦ
1285 593 1402 655 Διὸς
1442 587 1596 645 εἷπε·
1647 589 1763 644 Τοῦ
1805 590 1902 660 γὰι

2019 592 2167 646 Adeo
2188 608 2361 662 prope
2391 601 2492 653 est.
2518 594 2711 664 inquit,
2741 604 2800 649 ut
2833 593 2988 664 137
3019 594 3222 664 absque
3268 595 3357 651 illo
3401 597 3582 653 viVi-rc

334 685 427 739 καὶ
478 684 656 755 γένος
687 686 875 756 ἐσμέν
898 703 911 717 ·
947 704 1098 749 ουτος
1145 686 1201 738 δὲ
1250 684 1377 754 περὶ
1424 681 1517 736 τοῦ
1562 680 1907 753 Δημιουργοιῖ

333 777 463 829 αὐτὸ
484 777 659 845 λέγει,
685 779 746 831 οὐ
772 778 862 832 τὸν
887 777 1050 832 αὐτὸν
1082 776 1278 847 ἐκείνῳ
1308 776 1500 842 λέγων,
1546 772 1621 846 μὴ
1663 772 1911 842 γένοιτοὶ

332 867 492 921 Ἀλλὰ
537 872 600 922 τὸ
681 869 885 939 κυρίως
939 871 1025 924 ἐπ’
1085 868 1234 939 αὐτῷ
1287 870 1331 902 ι’
1379 867 1587 930 λέγων·
1640 865 1763 919 ἐπεὶ
1816 865 1910 919 καὶ

335 962 516 1032 βωμὸν
544 962 735 1016 τούτου
774 958 950 1028 εἶπεν,
998 963 1098 1016 οὐκ
1144 960 1349 1014 ἐκείνου
1382 954 1444 1014 οὖ
1508 956 1717 1015 ἔσεϐον.
1754 957 1792 1009 Γ
1795 957 1911 1020 ἐνος

332 1053 421 1105 τοῦ
452 1053 591 1107 Θεοῦ
621 1050 775 1108 εἶπεν
818 1056 989 1126 ἡμᾶς,
1057 1054 1335 1108 τουτέστιν
1396 1049 1630 1114 οἰκείους
1677 1048 1913 1117 ἐγγυτά-

331 1160 478 1206 τουςο
513 1147 700 1217 ἐπειδὴ
753 1149 817 1200 ἐκ
856 1147 951 1200 τοῦ
981 1148 1175 1217 γένους
1204 1146 1364 1219 ἡμῶν
1405 1145 1435 1196 ὁ
1482 1142 1614 1205 Θεὸς
1658 1140 1916 1211 εὐδόκησε

332 1235 594 1306 τεχθῆναι
642 1238 733 1292 ἐπὶ
779 1240 881 1308 τῆς
922 1242 1047 1310 γῆς.
1100 1239 1213 1291 Οὐκ
1258 1235 1379 1290 εἷπε
1418 1234 1496 1298 δὲ,
1531 1236 1646 1288 Οὐκ
1675 1231 1918 1313 ὀφείλετε

333 1327 588 1399 χρυσῷἢ
639 1330 865 1402 ἀργύρῳ
913 1330 974 1383 τὸ
1032 1330 1178 1383 θεῖον
1237 1328 1480 1398 νομίζειν
1531 1322 1669 1379 εἶναι
1711 1325 1918 1394 ὅμοιον,

2013 701 2122 739 non
2158 688 2449 757 possimus.
2476 687 2578 740 Per
2614 689 2785 756 ipsum
2830 688 2969 741 enim
3003 688 3220 742 vivimus
3249 698 3296 742 et
3321 705 3584 743 movemur

2013 790 2061 832 et
2084 795 2283 832 sumus.
2313 778 2475 843 Quasi
2511 780 2772 848 corporea
2803 779 3164 835 similitudine
3198 789 3360 850 atque
3394 798 3584 837 exem-

2014 870 2107 939 plo
2133 869 2374 924 ostendit
2401 869 2517 924 ﬁeri
2554 885 2664 923 non
2704 886 2886 941 posse,
2920 883 2981 925 ut
3001 886 3096 926 aer
3130 870 3220 941 qui
3255 873 3455 942 ubique
3493 874 3583 927 lu-

2014 974 2128 1024 sus,
2161 974 2225 1014 ac
2254 975 2360 1015 non
2382 960 2570 1029 procul
2586 962 2654 1016 ab
2676 976 3004 1032 unoquoque
3025 973 3292 1027 nostrum,
3325 964 3435 1019 imo
3457 981 3585 1020 vero

2016 1051 2107 1120 qui
2158 1053 2326 1106 etiam
2369 1052 2423 1106 in
2471 1053 2630 1107 nobis
2665 1063 2768 1118 est,
2822 1054 3122 1126 ignoretur.
3177 1055 3581 1112 Providentiam

2015 1144 2159 1198 illius
2194 1144 2480 1215 signiﬁcat.
2525 1154 2581 1200 et
2619 1145 3000 1202 conﬂationem
3035 1158 3200 1219 atque
3239 1152 3585 1205 exercitatio-

2018 1250 2164 1298 nem,
2195 1250 2390 1303 nempe
2409 1236 2551 1305 quod
2586 1236 2654 1291 ab
2684 1237 2777 1291 illo
2800 1238 2972 1294 simus
2999 1239 3188 1301 creati,
3226 1241 3369 1309 quod
3400 1244 3467 1296 ab
3492 1243 3585 1297 illo

2018 1324 2394 1393 proficiscatur
2435 1325 2730 1381 efﬁcientia
2758 1337 2815 1382 et
2844 1338 3019 1390 actus.
3060 1330 3207 1399 quod
3249 1346 3357 1385 non
3390 1348 3585 1402 perea-

331 1418 466 1471 ἁλλὰ
512 1423 897 1493 ταπεινότερον
945 1422 1160 1482 τούτου,
1221 1422 1343 1474 Οὐκ
1388 1419 1728 1487 ὀφείλομεν.
1778 1415 1902 1482 Ὅρα

2018 1428 2160 1468 mus.
2199 1415 2262 1470 Ut
2290 1416 2452 1469 etiam
2484 1416 2701 1485 quidam
2730 1418 2882 1470 vestri
2907 1426 3073 1486 poetis
3087 1419 3350 1474 dixerunt.
3386 1422 3585 1477 Aratus

329 1492 384 1562 δὲ
430 1510 549 1574 πῶς
589 1512 650 1565 τὸ
696 1511 988 1584 ἀσώματον
1039 1514 1355 1583 εἰσήγαγεν.
1415 1512 1480 1563 Ἦ
1525 1511 1633 1580 γὰρ
1676 1508 1902 1570 διάνοιαι

2016 1506 2233 1575 quidem
2259 1505 2348 1560 ille
2382 1507 2601 1575 sapiens
2626 1506 2694 1562 de
2721 1507 2855 1563 Jove
2877 1508 3050 1563 dixit:
3076 1508 3228 1565 Illius
3245 1514 3383 1567 enim
3407 1530 3587 1569 sumus

328 1601 455 1653 ὅταν
476 1602 797 1675 ὑποπτεύσῃ
838 1602 1018 1672 σῶμα,
1056 1602 1153 1656 καὶ
1183 1601 1458 1671 διάστημα
1489 1600 1726 1653 ὑπονοεῖ.

2016 1596 2282 1666 progenies
2315 1612 2333 1650 :
2373 1596 2471 1651 sed
2498 1596 2586 1652 hic
2624 1598 2678 1653 id
2708 1597 2842 1653 dicit
2869 1598 2937 1653 de
2973 1598 3247 1664 Creatore,
3293 1618 3400 1658 non
3427 1618 3583 1660 eum-

330 1692 452 1747 dem
486 1694 820 1764 signiﬁcans,
851 1709 1014 1765 quem
1068 1694 1179 1750 ille.
1209 1693 1401 1749 Absit!
1432 1693 1527 1748 sed
1553 1691 1606 1747 id
1640 1689 1786 1760 quod
1825 1688 2044 1759 proprie
2079 1688 2147 1742 de
2168 1688 2280 1743 Deo
2317 1688 2425 1744 diei
2453 1691 2729 1755 convenit,
2772 1691 3087 1762 signiﬁcans
3125 1693 3378 1762 quoniam
3419 1698 3584 1763 etiam

328 1786 497 1841 altare
527 1785 691 1856 hujus
712 1786 864 1851 dicit,
896 1800 1004 1841 non
1033 1785 1183 1841 illius
1206 1800 1369 1856 quem
1400 1783 1669 1839 colebant.
1692 1767 2041 1851 ‘Progeniem.
2072 1778 2168 1833 Dei
2213 1795 2315 1834 nos
2358 1795 2479 1835 esse
2525 1781 2697 1845 dixit,
2751 1781 2856 1837 hoc
2920 1792 3023 1844 est,
3052 1794 3329 1854 cognatos
3396 1788 3585 1855 proxi.

327 1892 486 1931 mos:
529 1878 787 1946 quoniam
834 1893 899 1933 ex
946 1892 1144 1949 genere
1191 1885 1382 1932 nostro
1424 1875 1538 1930 Deo
1585 1876 1764 1930 visum
1817 1879 1903 1927 est
1940 1871 2093 1927 nasci
2125 1871 2180 1925 in
2210 1879 2378 1927 terra.
2404 1870 2523 1927 Non
2553 1873 2690 1927 dixit
2715 1884 2922 1937 autem,
2946 1873 3063 1929 Non
3129 1875 3341 1932 debetis
3400 1879 3588 1942 existi.

327 1981 476 2022 mare
506 1984 709 2023 numen
736 1968 979 2024 divinum
1008 1968 1185 2025 simile
1212 1982 1333 2023 esse
1361 1981 1497 2021 auro
1548 1974 1644 2019 aut
1679 1970 1942 2033 argento:
1984 1961 2079 2018 sed
2108 1964 2256 2032 quod
2292 1963 2550 2019 humilius
2573 1972 2658 2018 est
2686 1979 2846 2034 quam
2875 1965 3001 2029 hoc,
3046 1982 3241 2034 nempe
3281 1965 3401 2023 Nau
3431 1969 3588 2024 debe-

329 2076 462 2115 mus.
504 2060 638 2115 Vide
655 2069 844 2114 autem
881 2069 944 2115 ut
975 2059 1342 2114 introduxerit
1368 2058 1420 2114 id
1443 2055 1586 2128 quod
1618 2064 1701 2111 est
1729 2054 2133 2122 incorporeum.
2167 2054 2320 2111 Mens
2362 2057 2509 2112 enim
2576 2072 2700 2113 cum
2740 2074 2940 2128 corpus
2978 2073 3101 2114 esse
3164 2069 3342 2130 putat,
3415 2062 3581 2121 etiam
3692 2046 3699 2055 ’

327 2152 675 2206 intervallum
706 2166 828 2207 esse
859 2151 1174 2206 arbitratur.

401 2244 547 2309 Τοὺς
571 2244 688 2313 μὲν
709 2241 823 2300 οὖν
857 2245 1114 2314 χρόνους
1138 2243 1250 2313 τῆς
1273 2243 1519 2314 ἀγνοίας
1542 2239 1837 2316 ὑπεριδὼν
1860 2241 1895 2294 ό

2078 2235 2244 2292 Vens.
2288 2236 2378 2292 30.
2421 2237 2496 2290 Ac
2539 2244 2772 2306 tempora
2813 2237 3021 2306 quidem
3068 2241 3221 2296 istius
3264 2240 3580 2311 ignorantia:

329 2338 496 2403 Θεὸς,
544 2335 737 2390 τανῦν
780 2320 1179 2406 παίαγτὲλλει
1222 2335 1347 2402 τοῖς
1377 2334 1709 2403 ἀνθρώποις
1747 2331 1897 2388 πᾶσι

2016 2348 2117 2386 :um
2159 2333 2298 2386 Deus
2336 2347 2496 2402 usque
2522 2333 2618 2387 hoc
2656 2341 2859 2402 tempus
2881 2332 3251 2400 dissimularit,
3299 2352 3438 2390 nunc
3462 2355 3579 2391 om-
3642 2412 3649 2425 ι

327 2427 640 2497 πανταχοῦ
672 2427 1008 2496 μετανοεῖν.

2017 2421 2180 2484 tibus,
2223 2422 2313 2489 qui
2343 2421 2531 2491 ubique
2557 2431 2699 2487 sunt,
2738 2422 3031 2477 hominibus
3061 2424 3375 2490 denuntiat,
3414 2436 3473 2479 ut
3505 2429 3577 2480 ad

2000 2513 2281 2569 sanitatem
2311 2522 2664 2566 revertantur.

397 2609 549 2663 Διότι
580 2609 848 2676 ἔστησεν
874 2608 1124 2677 ἡμέραν,
1149 2607 1220 2661 ἐν
1241 2601 1282 2678 ᾖ
1296 2607 1508 2675 μέλλει
1532 2606 1760 2673 κρίνειν
1785 2602 1901 2670 τὴν

329 2698 691 2767 οἰκουμένην
716 2697 786 2751 ἐν
819 2696 1176 2765 δικαιοσύνῃ
1202 2696 1275 2749 ἐν
1291 2696 1480 2764 Ἀνδρι
1507 2689 1769 2763 ᾦῶρισε,
1801 2695 1899 2746 πί-

329 2802 466 2842 στιν
495 2786 826 2857 παρασχὼν
854 2785 1068 2851 πᾶσιν,
1098 2784 1453 2854 ἀναστήσας
1484 2786 1669 2839 αὑτὸν
1699 2785 1765 2837 ἐκ
1799 2800 1899 2837 νει

330 2895 506 2946 κρων.

410 2967 809 3032 Ἀκούσαντες
867 2965 936 3020 δὲ
994 2964 1336 3021 ἀνάστασιν
1382 2963 1630 3032 νεκρῶν,
1685 2964 1738 3015 ol
1782 2962 1901 3031 μὲν

333 3057 672 3125 ἐχλεύαζον,
700 3060 755 3111 οἱ
786 3056 856 3111 δὲ
890 3051 1092 3111 εἶπον*
1128 3055 1529 3124 Ἀκουσόμεθὰ
1561 3071 1678 3109 σου
1716 3054 1903 3108 πάλιν

333 3150 465 3217 περὶ
492 3150 732 3205 τούτου.

400 3241 510 3295 Kal
538 3242 729 3306 οὕτως
764 3244 799 3295 ὁ
849 3242 1091 3306 Παῦλος
1133 3238 1392 3307 ἐξῆλθεν
1442 3238 1513 3291 ἐκ
1564 3239 1761 3307 μέσου
1790 3239 1897 3291 αὐ-

333 3348 468 3385 των.

405 3422 571 3489 Τινὲς
588 3423 656 3476 δὲ
677 3423 885 3492 ἄνδρες
907 3423 1300 3491 κολληθέντες
1312 3420 1491 3488 αὐτῷ,
1509 3420 1898 3475 ἐπίστευσαν

331 3512 400 3568 ἐν
425 3508 516 3580 οἷς
568 3516 881 3581 Διονύσιος
902 3517 948 3549 ὀ
999 3519 1032 3570 ό
1071 3515 1532 3585 Ἀρσιοπατίτης,
1587 3511 1686 3566 και
1738 3510 1892 3579 γυνὴ

333 3603 575 3672 ὀνόματι
600 3604 878 3674 Δάμαρις,
915 3605 1014 3660 καὶ
1038 3605 1226 3673 ἕτεροι
1257 3605 1379 3659 σὺν
1411 3602 1638 3668 αὐτοῖς.

404 3695 553 3759 Τοὺς
579 3695 696 3765 μὲν
727 3691 844 3751 οὖν
886 3696 1144 3764 χρόνους
1185 3694 1298 3764 τῆς
1331 3694 1596 3766 ἀγνοίας.
1643 3692 1719 3745 Οὐ
1772 3690 1899 3762 περὶ

333 3789 439 3841 τῶν
468 3769 816 3841 ἀπελόόντων
845 3788 1014 3856 λέγει,
1045 3788 1164 3842 ἀλλ’
1192 3783 1274 3850 οἷς
1310 3785 1685 3865 παραγγέλλει
1709 3783 1752 3814 ’⁸
1769 3798 1783 3813 ⁸
1818 3776 1900 3844 οἷς

330 3879 428 3933 οὐκ
453 3875 600 3942 εἶπε,
645 3877 918 3949 παρεῖδεν.
960 3879 1034 3932 Οὐ
1064 3878 1212 3947 λέγει
1239 3878 1319 3944 δὲ,
1364 3876 1613 3940 Ἐκόντες
1634 3875 1901 3943 ἑκακουρ-

334 3972 562 4041 τήσατε,
601 3969 745 4036 ἀλλ’,
811 3970 1164 4042 Ἦγνοήσατε.
1190 3968 1563 4038 Παραγγέλλω
1610 3963 1766 4035 γοῦν,
1799 3964 1919 4017 οὐχι

333 4064 555 4116 ἀπαιτεῖ
594 4062 837 4128 κόλασιν,
895 4060 1082 4133 ὥσπερ
1132 4060 1318 4125 ἀξίους
1372 4058 1530 4122 ὄντας
1581 4056 1860 4141 ,κολάσεως
1882 4071 1896 4085 ⁶

334 4154 467 4209 ἀλλὰ
496 4153 665 4209 τανῦν
712 4154 868 4207 καλεῖ
901 4153 1036 4223 πρὸς
1072 4152 1380 4223 μετάνοιαν.
1424 4150 1579 4203 Διότι
1635 4148 1902 4213 ἔστησεν

334 4249 579 4316 ἡμέραν,
621 4248 692 4302 ἐν
732 4241 775 4319 ᾖ
823 4246 1036 4316 μέλλει
1086 4245 1313 4312 κρίνειν
1346 4241 1462 4309 τὴν
1505 4239 1888 4309 οἰκουμένην.

346 4339 707 4407 Ἀναγκαὶως,
764 4338 921 4408 φησι,
972 4334 1155 4407 κρίσιν
1213 4333 1358 4387 κατὰ
1407 4331 1598 4387 πασῶν
1645 4327 1900 4397 πράξεων

335 4431 427 4483 καὶ
449 4430 758 4501 διαλήψεων
795 4428 1011 4499 ποιήσει
1043 4429 1102 4479 ἑν
1133 4425 1337 4494 Ἀνδρὶ,
1360 4422 1423 4476 ὃν
1457 4421 1658 4492 ὥρισεν
1681 4419 1900 4472 ἔσεσθαι

336 4525 528 4599 κριτὴν
557 4524 775 4587 ζώντων
813 4524 909 4577 καὶ
931 4522 1142 4595 νεκρῶν
1162 4535 1177 4549 °
1214 4516 1370 4582 οὗτος
1397 4516 1456 4572 δέ
1488 4519 1638 4570 ἐστιν
1679 4516 1708 4567 ὁ
1755 4515 1903 4567 ἐναν-

335 4617 634 4688 ορωπήσας
663 4615 886 4683 Κύριος.
922 4613 1150 4683 Μεγάλα
1194 4613 1253 4667 δὲ
1294 4610 1389 4665 καὶ
1417 4608 1598 4680 ὑψηλά
1637 4607 1903 4663 ἀκούσαν-

331 4724 442 4773 τες,
470 4706 597 4761 οὐδὲ
627 4709 943 4776 προσεῖπον,
977 4704 1115 4758 ἀλλὰ
1136 4704 1237 4776 τὴν
1267 4702 1564 4757 ἀνάστασιν
1589 4698 1900 4770 ἐχλεύαζον.

336 4798 605 4873 Ψυχικὸς
639 4798 770 4870 γὰρ,
794 4797 982 4867 φησὶν,
1006 4795 1313 4868 ἄνθρωπος,
1331 4796 1403 4849 οὐ
1429 4793 1664 4863 δέχεται
1696 4791 1768 4845 τὰ
1796 4791 1903 4846 τοῦ

332 4891 699 4958 Uret-parce.
732 4917 798 4928 -
819 4887 929 4941 Kal
964 4888 1152 4952 οὔτως
1199 4889 1231 4940 ό
1274 4884 1513 4950 Παῦλος
1547 4881 1902 4979 ἐξῆλθεν-ἐτι
1932 4919 1980 4979 D

326 4982 521 5048 μέσου
549 4977 772 5034 αὐτῶν.
812 4978 989 5045 Οὕτω,
1027 4977 1176 5043 πῶς;
1208 4978 1347 5039 Τοὺς
1382 4976 1483 5059 μὲν
1530 4975 1751 5038 πείσας,
1796 4973 1904 5026 ὑπὸ

329 5073 386 5126 δὲ
415 5073 525 5126 τῶν
542 5072 872 5143 γελώμενος.
908 5071 1074 5137 Τινὲς
1096 5070 1164 5125 δὲ
1180 5070 1574 5135 ἐπίστευσαν,
1602 5068 1671 5122 ἐν
1685 5063 1899 5138 elciunt

332 5165 650 5230 Διονύσιος
668 5168 700 5218 ό
724 5163 1165 5237 Ἀρεοπαγίτης.
1196 5160 1341 5227 Ἐξω
1361 5161 1460 5239 τῆς
1490 5159 1700 5221 πόλεως
1724 5153 1796 5230 ἦν
1830 5157 1897 5210 τὸ

329 5256 449 5310 κατ’
467 5257 535 5310 ’Δ
545 5273 688 5327 ρειον
712 5254 894 5324 Πάγον
917 5256 1282 5324 δικαστήριον.
1300 5252 1577 5315 Ἐδίκαζον
1595 5249 1899 5320 οὒνΓΔρεο-

333 5351 560 5416 παγίται
594 5353 723 5417 περὶ
757 5347 866 5399 τῶν
901 5344 1232 5417 σφαλμάτων
1262 5344 1479 5398 πάντων
1509 5342 1605 5395 καὶ
1631 5338 1892 5409 ἀνομιῶν.

333 5438 431 5490 Διὰ
450 5437 611 5491 τοῦτο
638 5438 733 5492 ἅτε
766 5435 931 5502 ξένων
950 5436 1243 5507 δαιμονίων
1268 5433 1607 5502 καταγγελέα
1634 5432 1727 5485 τὸν
1748 5429 1901 5486 Παῦ-

334 5528 426 5583 λον
456 5531 595 5600 πρξς
639 5530 742 5600 τὴν
801 5529 862 5593 ἐξ
901 5527 1111 5598 Ἀρείου
1146 5527 1336 5596 Πάγου
1382 5524 1578 5597 βουλὴν
1616 5523 1896 5579 ἕλκουσιν)

2074 2600 2231 2658 Vens.
2282 2603 2370 2659 51.
2416 2601 2703 2670 Propterea
2755 2603 2892 2669 quod
2932 2607 3119 2658 statuit
3158 2604 3333 2669 diem,
3373 2609 3429 2662 in
3462 2627 3564 2681 quo

1994 2693 2139 2761 juste
2152 2693 2493 2762 judicaturus
2514 2708 2589 2747 est
2618 2694 2794 2748 orbem
2817 2704 3080 2762 terrarum
3103 2710 3196 2762 per
3226 2695 3402 2753 Virum
3422 2717 3574 2770 quem

2002 2784 2121 2836 huic
2149 2784 2354 2854 negotio
2384 2785 2683 2847 destinavit,
2714 2784 2973 2853 ﬁdemque
3005 2786 3126 2854 fecit
3156 2788 3414 2854 omnibus,
3448 2793 3572 2846 dum

2001 2872 2150 2926 illuni
2186 2889 2252 2928 ea:
2283 2875 2503 2928 οισι-ταὶς
2535 2876 2886 2930 resuscitavit.

2074 2964 2233 3019 Vsus.
2257 2966 2346 3021 δε.
2376 2967 2573 3021 Audita
2595 2976 2774 3023 autem
2810 2972 3183 3026 resurrectione
3219 2983 3568 3039 mortuorum,

2002 3055 2099 3109 alii
2140 3058 2348 3127 quidem
2393 3058 2709 3124 irridebaut,
2757 3060 2852 3115 alii
2893 3079 3012 3117 vero
3039 3064 3331 3119 dixerunt:
3372 3066 3571 3121 Audie-

2005 3164 2119 3201 mus
2151 3157 2198 3202 te
2224 3164 2404 3204 rursus
2428 3149 2492 3204 de
2519 3151 2622 3204 hac
2647 3166 2723 3205 re.

2074 3236 2233 3293 Vens.
2264 3240 2350 3293 55.
2375 3240 2647 3308 Atqueita
2673 3241 2874 3298 Paulus
2899 3244 3059 3299 exivit
3086 3246 3348 3305 demedio
3368 3267 3567 3307 eorum.

2075 3412 2239 3470 Vens.
2277 3416 2366 3472 54.
2410 3416 2517 3473 Sed
2552 3419 2769 3488 quidam
2808 3421 2907 3476 uiri
2945 3439 3059 3478 sese
3097 3425 3179 3479 illi
3213 3426 3571 3495 adjumrunt

2006 3514 2161 3574 atque
2186 3508 2516 3562 crediderunt
2534 3525 2553 3563 :
2586 3511 2641 3563 in
2662 3527 2887 3580 quorum
2911 3529 3126 3568 numero
3149 3526 3263 3569 erat
3292 3517 3571 3589 Dionysius

2003 3598 2340 3666 Areopagita,
2363 3608 2412 3653 et
2429 3600 2614 3655 mulier
2629 3604 2835 3657 nomine
2854 3604 3120 3671 Damaris,
3136 3609 3293 3662 etalii
3310 3625 3426 3664 cum
3439 3612 3565 3667 illis.

2074 3686 2149 3740 Ae
2176 3697 2410 3756 tempora
2441 3689 2652 3759 quidem
2674 3692 2828 3747 istius
2855 3695 3189 3764 ignorantiae,
3223 3709 3329 3754 etc.
3354 3699 3471 3756 Non
3501 3703 3570 3757 de

2004 3777 2233 3832 mortuis
2254 3778 2514 3848 loquitur,
2545 3781 2640 3837 sed
2665 3783 2735 3838 de
2764 3783 2848 3847 iis,
2871 3785 3071 3855 quibus
3094 3771 3380 3847 denuntiat
3404 3792 3564 3849 Deus.

2010 3869 2332 3941 ’λ’περιδών,
2352 3872 2406 3931 id
2426 3888 2548 3928 cum
2573 3875 2901 3945 despexerit,
2918 3894 3041 3934 eum
3059 3879 3432 3948 dissimularit,
3459 3899 3570 3939 non

2003 3961 2158 4028 dixit,
2193 3965 2466 4034 παρεῖδεν,
2493 3965 2547 4020 id
2582 3968 2802 4038 proprie
2829 3969 3129 4040 signiﬁcat,
3175 3987 3458 4044 perperam
3490 3976 3570 4030 vi-

2003 4055 2102 4119 dit,
2135 4053 2460 4112 allncinatus
2488 4067 2590 4124 est,
2619 4060 2749 4115 dum
2776 4060 2923 4117 aliud
2958 4078 3054 4131 pro
3082 4063 3190 4120 alio
3217 4064 3451 4122 videndo
3478 4082 3571 4122 ac-

2005 4149 2156 4217 cipit,
2189 4148 2334 4218 quod
2367 4149 2435 4204 de
2467 4149 2577 4206 Deo
2604 4152 2867 4222 suspicari
2900 4154 3196 4212 absurdum
3225 4166 3309 4213 est
3354 4166 3414 4214 et
3438 4158 3571 4214 alie-

2003 4254 2157 4293 num.
2199 4237 2318 4295 Non
2350 4240 2485 4295 dicit
2513 4250 2695 4297 autem
2716 4283 2733 4306 ,
2766 4243 2974 4313 Sponte
2998 4260 3062 4302 ac
3086 4245 3365 4303 voluntate
3394 4258 3572 4304 vestra

2005 4340 2167 4401 atque
2215 4332 2465 4387 consulto
2512 4334 2775 4402 peccastis
2821 4344 2877 4390 et
2925 4337 3155 4393 maleﬁci
3202 4338 3420 4403 fuistis,
3449 4340 3570 4403 sed,

2006 4422 2289 4491 ignorastis
2323 4423 2451 4492 quid
2493 4423 2654 4492 fuerit
2689 4423 3012 4493 faciendum.
3049 4425 3344 4482 Denuntiat
3387 4428 3569 4499 igitur,

2005 4529 2115 4570 non
2142 4530 2333 4587 ρωπος
2350 4517 2576 4586 expetit,
2604 4526 2860 4587 tanquam
2885 4532 2915 4571 a
2937 4518 3203 4588 supplicio
3231 4520 3407 4592 dignis
3432 4539 3447 4575 :
3477 4528 3570 4578 sed

2007 4618 2153 4659 nunc
2179 4604 2374 4660 invitat
2394 4606 2462 4660 ad
2494 4605 2890 4676 pmoitentiam,
2912 4606 2979 4661 ad
3005 4607 3278 4663 saniorem
3309 4621 3571 4672 mentem,

2005 4706 2062 4752 et
2097 4704 2159 4750 ut
2199 4710 2297 4751 vos
2336 4697 2405 4751 ad
2449 4697 2656 4769 Frugem
2704 4697 2901 4753 bonam
2943 4699 3239 4770 recipiatis.
3285 4701 3572 4770 Propterea

2006 4789 2145 4859 quod
2179 4789 2368 4843 statuit
2391 4790 2551 4855 diem,
2584 4791 2639 4844 in
2670 4805 2773 4859 quo
2793 4790 3138 4860 judicaturus
3163 4803 3239 4848 est
3271 4797 3444 4850 orbem
3471 4806 3572 4851 ter-

2006 4898 2209 4936 rarum.
2254 4883 2600 4948 Necessario,
2648 4883 2852 4953 inquit,
2898 4884 3164 4955 judicium
3210 4887 3278 4942 de
3322 4889 3587 4944 omnibus

2005 4971 2163 5027 factis
2194 4982 2355 5043 atque
2381 4974 2631 5046 cogitatis
2665 4975 2826 5045 138
2847 4975 3007 5033 faciet
3039 4991 3135 5046 per
3162 4977 3372 5044 Virum,
3409 4995 3569 5049 quem

2006 5065 2299 5121 destinavit
2325 5066 2564 5136 iudicem
2596 5063 2844 5123 vivorum
2879 5078 2935 5124 et
2966 5078 3303 5126 mortuorum
3335 5090 3349 5125 :
3384 5072 3431 5126 is
3469 5089 3569 5127 au-

2008 5165 2115 5213 tem
2164 5166 2248 5213 est
2289 5152 2574 5225 Dominus,
2617 5161 2710 5231 qui
2755 5162 2917 5217 homo
2955 5162 3132 5218 factus
3158 5172 3260 5217 est.
3300 5163 3569 5220 Caeterum

2006 5261 2130 5302 cum
2172 5263 2364 5319 magna
2405 5259 2567 5321 atque
2603 5251 2854 5307 sublimia
2888 5251 3194 5316 audissent,
3229 5268 3300 5309 ne
3326 5255 3565 5326 alloquio

2004 5340 2222 5409 quidem
2252 5340 2401 5396 illum
2424 5342 2626 5414 dignati
2652 5351 2798 5408 sunt,
2827 5345 2934 5403 sed.
2952 5346 3436 5417 ressurrectionem
3471 5350 3569 5403 «lc-

2008 5433 2276 5488 ridebant.
2309 5433 2573 5490 Animalis
2600 5435 2771 5501 enim,
2804 5436 3003 5507 inquit,
3036 5437 3199 5493 homo
3231 5454 3343 5494 non
3375 5441 3570 5511 probat

2006 5539 2187 5595 neque
2212 5525 2558 5596 amplectitur
2583 5526 2905 5596 spiritualia.
2933 5527 3101 5599 Atque
3124 5531 3202 5585 ita
3231 5530 3435 5587 Paulus
3459 5533 3572 5586 exi-

1511 5687 1713 5750 Varia)
1757 5688 2064 5753 lectiones
2107 5700 2169 5754 et
2205 5699 2400 5753 notas.

405 5844 451 5875 ”
486 5842 699 5901 Videtur
717 5844 858 5898 locus
877 5851 1168 5913 corruptus.
1243 5843 1289 5876 ‘°
1319 5842 1381 5897 In
1409 5840 1632 5913 vulgatis
1665 5846 1758 5905 est,
1775 5837 1833 5891 ὲν
1856 5832 1902 5890 oi

2016 5841 2058 5893 tl
2080 5841 2370 5905 Διονύσιος.

342 5911 631 5985 ὑπεριδὼν,
664 5925 757 5968 aut
787 5914 955 5968 simile
974 5911 1119 5984 quid.

2447 5843 2487 5874 ²¹
2531 5842 2746 5899 Videtur
2765 5846 2907 5901 locus
2926 5848 3239 5912 mutilus,ac
3262 5847 3573 5920 desiderari,
3617 5894 3623 5899 .
