3856 6550
282 402 422 510 πεί

871 447 1277 510 EXPOSITIO
1317 443 1394 507 IN
1432 445 1623 506 ACTA
1661 437 2246 503 APOSTOLORUM.
2296 392 2359 470 .—
2395 434 2553 495 CAP.
2598 431 2826 496 XVIII.

3430 412 3541 480 ’754

285 560 344 614 τὺ
374 558 647 631 σιδηροῦν,
699 560 816 615 ἀλλ’
853 561 916 615 οὐ
958 563 1020 616 τὸ
1052 561 1312 635 χρυσοῦν.
1357 557 1863 629 Ἐκτιναξὰμενος

2008 555 2136 610 εὐαι.
2161 551 2370 609 ldcirco
2390 549 2666 615 manebat,
2688 547 2814 618 quia
2833 540 3181 603 commodum
3207 549 3263 597 et
3284 537 3544 595 idoneum

280 652 355 706 τὰ
384 650 583 721 ἱμάτια
606 649 737 707 εἶπε
762 654 913 722 πρὸς
942 657 1186 721 αὐτούς.
1212 655 1376 708 Ὥστε
1414 653 1490 724 μὴ
1525 654 1732 725 ῥήματι
1762 651 1859 721 μόο

284 760 393 807 νον,
430 743 584 829 ,ἀλλὰ
632 745 728 797 καὶ
754 745 1041 821 πράγματι
1075 747 1311 816 φοϐῆσαι
1350 761 1366 778 σ
1406 744 1479 798 Τὸ
1519 740 1663 811 αἷμα
1694 741 1866 811 ὑμῶν

285 833 379 885 ἐπὶ
411 833 527 902 τὴν
564 835 846 905 κεφαλὴν
889 836 1080 907 ὑμῶν.
1140 837 1375 907 Ἀσαφές
1406 839 1521 888 ἐστι
1565 835 1626 888 τὸ
1675 833 1865 906 ῥητόν.

287 917 453 991 Οἶμαι
488 922 545 976 δὲ
590 925 756 977 αὐτὸν
805 925 964 979 τοῦτο
995 925 1207 995 λέγειν’
1245 926 1517 981 Ἕκαστος
1564 923 1674 978 τῶν
1727 924 1866 977 ἁπο-

289 1010 630 1067 στατούντων
678 1015 901 1085 Χριστῷ
925 1014 992 1080 ³³,
1041 1017 1101 1079 ὃς
1147 1018 1262 1069 ἐστι
1299 1016 1435 1086 ζωὴ,
1484 1014 1632 1068 δοκεῖ
1677 1012 1869 1065 ἑαυτὸν

290 1101 558 1171 φονεύειν,
594 1106 706 1159 ἀπὸ
736 1106 837 1177 τῆς
860 1107 1007 1178 ζωῆς
1042 1106 1386 1178 μεταϐαίνων
1415 1109 1494 1170 εἰς
1526 1105 1774 1165 θάνατον,
1806 1101 1866 1155 τδ

292 1189 429 1262 αἷμα
461 1195 628 1249 αὐτοῦ
665 1199 867 1266 τρόπον
913 1200 1039 1253 τινὰ
1084 1199 1293 1270 ἐκχέων
1338 1199 1426 1252 διὰ
1464 1199 1563 1268 τῆς
1614 1195 1867 1265 σφαγῆςν

289 1288 354 1355 ἦν
383 1287 641 1358 ἐπιφέρει
676 1289 760 1359 ἐφ’
789 1291 999 1346 ἑαυτόν.
1034 1292 1208 1345 Τοῦτο
1240 1287 1334 1346 οὖν
1381 1307 1576 1362 φησιν’
1619 1287 1764 1341 ‘Av0‘
1794 1280 1872 1340 ὧν

291 1376 530 1445 σφάζετε
581 1381 808 1444 ἑαυτοὺς
858 1383 945 1437 διὰ
1001 1384 1100 1454 τῆς
1145 1383 1426 1445 ἀπιστίας.
1479 1378 1644 1435 αὐτοῦ
1681 1377 1872 1432 τούτου

290 1469 451 1538 ὖμεῖς
481 1471 760 1544 ἀπόσχητε
787 1474 942 1546 δίκην
972 1476 1106 1546 ἐμοῦ
1137 1474 1314 1529 ἀοὼου
1340 1474 1511 1536 ὄντος.
1556 1473 1650 1526 Ἐκ
1680 1470 1872 1524 τούτου

288 1559 515 1615 δυνατὸν
563 1566 736 1619 εἰπεῖν
793 1567 877 1621 ὅτι
952 1569 982 1621 ὁ
1040 1566 1261 1635 σφάζων
1308 1563 1502 1620 ἑαυτὸν
1549 1564 1881 1634 τιμωρεῖται

292 1654 447 1723 παρὰ
475 1655 572 1710 τοῦ
603 1657 739 1711 Θεοῦ
770 1658 843 1723 ὡς
877 1660 1097 1729 φονεύς.

1962 658 2157 705 nactus
2204 654 2327 703 erat
2362 642 2686 714 hOSpitium.
2717 638 2903 701 Multis
2954 635 3102 692 enim
3136 631 3301 705 regiis
3335 629 3547 686 edibus

1964 746 2082 795 erat
2113 738 2188 793 illi
2219 734 2595 799 commodius,
2640 725 3102 803 quemadmodum
3131 723 3297 779 etiam
3327 719 3549 774 athletae

1966 830 2217 901 palaestra
2262 827 2518 884 mollibus
2560 823 2746 882 stratis
2793 821 2978 878 utilior
3020 825 3103 874 est
3139 833 3154 872 :
3201 823 3258 871 et
3300 808 3550 870 bellatori

1969 921 2179 994 gladius
2209 919 2452 983 ferreus,
2484 934 2594 973 non
2632 930 2832 971 aureus
2862 911 3010 968 utilis
3037 916 3140 965 est.
3179 904 3429 961 Excussis
3466 916 3554 955 ve-

1970 991 2230 1070 stimentis
2275 1013 2411 1066 dixit
2449 1012 2518 1064 ad
2563 1024 2685 1064 eos:
2733 1014 2794 1062 ut
2839 1021 2946 1061 non
2993 1001 3162 1059 verbo
3211 999 3422 1059 solum,
3454 991 3552 1049 sed

1972 1108 2136 1162 etiam
2176 1119 2234 1159 re
2266 1112 2499 1157 terreret
2531 1101 2655 1157 illos
2687 1118 2701 1153 :
2746 1097 2975 1169 Sanguis
3003 1103 3175 1150 vester
3201 1105 3360 1161 super
3390 1094 3550 1156 caput

1974 1207 2223 1253 vestrum.
2267 1196 2573 1252 Obscurum
2611 1201 2698 1248 est
2736 1190 2964 1246 dictum.
3027 1186 3136 1242 Sed
3171 1182 3369 1255 opinor
3424 1192 3551 1233 eum

1977 1291 2082 1345 hoc
2129 1287 2441 1360 signiﬁcare
2482 1303 2498 1341 :
2544 1284 2868 1353 Quicunque
2943 1276 3201 1336 desciscit
3250 1288 3284 1329 ι
3335 1268 3557 1328 Christo

1974 1382 2069 1452 qui
2114 1359 2201 1436 est
2244 1381 2376 1445 vita,
2424 1379 2668 1449 seipsum
2716 1373 3028 1430 interﬁcere
3068 1368 3314 1445 videtur,
3367 1378 3399 1418 a
3447 1359 3557 1415 vita

1976 1473 2255 1529 transiens
2291 1470 2359 1526 ad
2403 1480 2666 1531 mortem,
2697 1466 2826 1521 dum
2868 1461 3189 1534 sanguinem
3229 1469 3390 1511 suum
3417 1466 3559 1529 quo-

1976 1564 2267 1619 dammodo
2298 1562 2532 1618 eﬁ‘uiidit
2562 1576 2660 1631 per
2688 1559 2892 1615 caedem
2922 1564 2978 1611 et
3001 1560 3231 1610 mortem
3261 1563 3426 1620 quam
3454 1542 3560 1600 sibi

1979 1655 2242 1711 conciscit
2265 1665 2320 1710 et
2342 1654 2527 1710 infert.
2556 1652 2671 1707 Hoc
2693 1651 2856 1724 igitur
2883 1646 3018 1704 dicit
3044 1665 3060 1703 :
3086 1643 3243 1711 Quod
3270 1635 3563 1703 vosmetip-

290 1761 387 1803 sos
410 1751 673 1823 jngailatis
707 1768 803 1822 per
831 1752 1289 1816 incredulitatem,
1322 1750 1487 1822 hujus
1512 1749 1666 1820 ipsus
1687 1744 1872 1803 delicti
1915 1762 2013 1803 vos
2050 1762 2239 1818 poenas
2276 1747 2514 1813 dabitis,
2558 1760 2683 1800 cum
2742 1759 2844 1815 ego
2904 1743 3169 1798 innocens
3236 1734 3364 1792 sim.
3425 1729 3566 1787 Hinc

293 1842 401 1899 dici
442 1851 643 1913 potest,
688 1860 812 1900 eum
846 1846 939 1915 qui
978 1846 1218 1917 seipsuin
1248 1845 1458 1916 jugulat
1490 1851 1545 1899 et
1583 1839 1802 1905 occidit,
1845 1854 1876 1893 a
1918 1840 2024 1896 Deo
2056 1840 2236 1911 puniri
2268 1851 2527 1909 tanquam
2559 1836 2915 1892 homicidam.

368 1937 480 1990 Kal
530 1940 787 2004 μεταϐὰς
832 1939 1082 2005 ἐκεῖθεν,
1117 1937 1308 2009 ἦλθεν
1345 1932 1431 2005 εἷς
1474 1938 1671 1992 οικίαν
1714 1934 1879 2000 τινὸς

2055 1934 2216 1990 Vens.
2260 1937 2311 1989 7.
2354 1935 2520 2005 Atque
2555 1932 2701 1986 illinc
2735 1931 3021 1999 digressus,
3075 1924 3216 1980 venit
3253 1923 3310 1976 in
3351 1922 3565 1975 domum

296 2026 547 2095 ὀνόματι
582 2030 878 2094 Ἰούστου,
908 2033 1240 2099 σεϐομένου
1270 2032 1378 2085 τὸν
1409 2030 1579 2096 Θεὸν,
1609 2024 1681 2084 οὗ
1726 2028 1766 2096 ἠ
1797 2028 1881 2080 ol-

297 2120 403 2172 κία
428 2113 512 2190 ἦν
540 2121 970 2190 συνομοροῦσα
994 2122 1071 2192 τῇ
1093 2123 1418 2193 συναγωγῇ
1425 2162 1438 2178 .

270 2283 278 2290 ,
379 2213 647 2281 Κρίσπος
695 2214 766 2267 δὲ
819 2218 852 2269 ὁ
903 2214 1409 2286 ἀρχισυνάγωγος
1431 2216 1761 2271 ἐπίστευσε
1805 2212 1886 2278 τῷ

300 2303 504 2370 Κυρίῳ
543 2303 667 2358 σὺν
695 2304 819 2371 ὅλῳ
852 2304 933 2372 τῷ
969 2307 1116 2374 οἴκῳ
1142 2309 1352 2373 αὑτοῦ,
1390 2308 1489 2362 καὶ
1517 2308 1734 2364 πολλοὶ
1766 2304 1889 2361 τῶν

303 2396 635 2463 Κορινθίων
676 2397 1077 2467 ἀκούσαντες,
1109 2399 1488 2455 ἐπίστευσαν
1515 2399 1615 2454 καὶ
1648 2398 1889 2452 ἐϐαπτί-

302 2485 496 2547 ζοντα.

380 2576 530 2640 Εἶπε
562 2579 632 2634 δὲ
673 2582 707 2635 ό
739 2582 956 2649 Κύριος
997 2581 1074 2638 δι’
1104 2583 1401 2654 ὁράματος
1445 2584 1527 2652 τῷ
1573 2587 1791 2650 Παύλῳ
1819 2585 1891 2640 ἐν

305 2675 488 2726 νυκτί
509 2688 525 2704 ο
574 2673 672 2741 Μὴ
721 2672 933 2743 φοϐοῦ,
964 2674 1126 2730 ἀλλὰ
1163 2675 1362 2743 λάλει,
1403 2677 1499 2732 καὶ
1530 2676 1618 2747 μὴ
1664 2677 1891 2747 σιωπή-

304 2779 450 2834 σῃς.

382 2858 539 2912 Διότι
576 2858 692 2930 ἐγώ
730 2861 849 2929 ειμι
873 2860 1024 2929 μετὰ
1052 2859 1167 2915 σοῦ
1190 2876 1204 2891 ⁸
1240 2862 1340 2915 καὶ
1374 2861 1577 2928 οὐδεῙς
1615 2863 1891 2933 ἐπιθήσε-

305 2948 409 3001 ταί
464 2965 567 3003 σοι
605 2949 717 3004 τοῦ
764 2949 1034 3005 κακῶσαι
1081 2967 1177 3019 σε,
1233 2951 1384 3007 διότι
1422 2954 1573 3020 λαός
1599 2955 1734 3009 ἐστι
1789 2974 1892 3026 μοι

310 3041 508 3108 πολὺς
536 3041 609 3097 ἐν
636 3040 713 3111 τῇ
741 3043 913 3098 πόλει
940 3044 1150 3113 ταύτῃ.

395 3133 720 3191 Ἐκάθισέν
778 3153 846 3190 τε
896 3118 1180 3192 ἐνιαυέὸν
1225 3138 1325 3193 καὶ
1365 3137 1566 3210 μῆνας
1611 3138 1702 3207 ἐξ,
1730 3139 1894 3195 διδά-

309 3241 480 3280 σκων
503 3227 578 3281 ἐν
608 3228 814 3295 αὐτοῖς
836 3228 882 3262 ³³
914 3230 1025 3284 τὸν
1045 3231 1236 3299 λόγον
1260 3229 1374 3286 τοῦ
1411 3232 1582 3287 Θεοῦ.

1984 2028 2263 2097 cujusdam
2291 2027 2498 2082 nomine
2522 2024 2554 2079 J
2562 2024 2687 2089 usti,
2713 2020 2941 2075 hominis
2965 2017 3220 2090 religiosi,
3254 2013 3405 2083 cujus
3428 2012 3565 2066 azdos

1985 2121 2303 2176 continentes
2334 2128 2493 2189 atque
2525 2117 2793 2186 adjuncta:
2820 2120 2972 2167 erant
3005 2123 3314 2181 synagoga.

2056 2213 2220 2268 Vsus.
2261 2210 2316 2264 8.
2351 2208 2568 2279 Crispus
2611 2216 2788 2261 autem
2812 2206 3060 2274 magister
3086 2213 3367 2275 synagoga:
3398 2194 3568 2250 credi»

1986 2305 2064 2359 dit
2094 2305 2317 2359 Domino
2356 2319 2461 2356 una
2487 2318 2603 2354 cum
2637 2309 2748 2354 tota
2782 2297 2992 2372 familia
3019 2312 3148 2359 sua,
3181 2308 3245 2347 ac
3282 2289 3435 2344 multi
3468 2286 3571 2344 Co—

1986 2392 2328 2456 rinthiorum,
2358 2390 2450 2455 qui
2483 2387 2713 2444 Paulum
2745 2384 3084 2447 audiverant,
3119 2378 3455 2435 crediderunt
3507 2390 3570 2428 ac

1988 2484 2420 2556 baptizabantur.

2063 2576 2225 2633 Vens.
2261 2577 2315 2633 9.
2353 2574 2498 2630 Dixit
2537 2581 2714 2628 autem
2746 2570 3000 2625 Dominus
3039 2565 3216 2622 Paulo
3261 2580 3354 2634 per
3401 2563 3571 2618 visum

1991 2679 2303 2726 nocturnum
2332 2684 2350 2723 :
2384 2666 2464 2722 Ne
2494 2667 2703 2729 timeas,
2736 2662 2828 2718 sed
2860 2662 3089 2732 loquere,
3116 2675 3183 2713 ac
3207 2673 3273 2712 ne
3299 2668 3499 2722 taceas,

2065 2850 2229 2905 Vens.
2272 2846 2359 2903 10.
2402 2844 2670 2911 Quoniam
2707 2858 2800 2913 ego
2834 2840 2929 2895 tibi
2969 2837 3158 2893 adsum
3189 2849 3208 2889 :
3239 2849 3305 2888 ac
3340 2848 3492 2887 nemo
3525 2839 3574 2884 rc

1992 2943 2291 2998 iuvadet'ut
2321 2947 2506 2993 noceat
2537 2936 2661 3002 tibi,
2698 2933 2823 3007 quia
2856 2930 2986 2988 mihi
3018 2927 3213 2984 multus
3247 2922 3469 2995 populus
3498 2929 3589 2975 est.

1993 3030 2050 3084 in
2079 3029 2185 3082 hac
2205 3027 2352 3082 urbe.

2065 3122 2229 3178 Vens.
2265 3121 2353 3176 li.
2393 3117 2764 3175 Commoratus
2804 3121 2880 3169 est
2929 3111 3096 3183 igitur
3130 3108 3243 3165 illic
3282 3121 3483 3162 annum
3526 3112 3577 3158 rt

1997 3232 2197 3271 menses
2219 3230 2330 3282 sex,
2364 3230 2427 3267 ac
2448 3211 2661 3267 verbum
2692 3209 2790 3263 Dei
2810 3206 3024 3262 docebat
3051 3206 3190 3258 inter
3216 3202 3358 3257 illos.

388 3313 473 3374 Οὖ
510 3317 550 3387 ἡ
589 3319 749 3373 οἰκία
785 3278 882 3390 ’ἦν
925 3278 1373 3390 συνομοροῦσα.
1415 3278 1586 3375 ἴδοιτε
1640 3322 1736 3375 καὶ
1785 3316 1888 3378 ἀπὸ

2067 3307 2233 3377 Cujus
2253 3278 2391 3361 ades
2415 3303 2739 3359 continentes
2766 3308 2940 3355 erant.
2968 3295 3040 3353 Ut
3057 3296 3221 3350 etiam
3247 3292 3373 3347 hinc
3397 3288 3579 3345 studio

312 3412 506 3467 τούτου
539 3412 704 3486 ζῆλον
734 3415 902 3486 ἔχειν,
937 3418 1045 3471 ἀπὸ
1084 3416 1187 3487 τῆς
1217 3420 1591 3487 γειτνιάσεως.
1624 3421 1893 3489 Κρίσπος

314 3507 383 3560 δὲ
409 3509 443 3562 ό
468 3506 955 3579 ἀρχισυνάγωγος
980 3510 1306 3566 ἐπίστευσε
1343 3512 1423 3584 τῷ
1448 3512 1660 3580 Κυρίῳ.
1694 3512 1894 3567 Τοῦτον

315 3597 465 3668 λέγει
512 3601 779 3670 Κρίσπον,
829 3605 960 3672 περὶ
987 3595 1050 3658 οὗ
1082 3603 1232 3672 λέγει
1251 3618 1266 3634 ·
1318 3603 1548 3658 Οὐδένα
1579 3603 1892 3672 ἐϐάπτισα,

315 3693 366 3745 ει
404 3689 494 3761 μὴ
542 3692 815 3761 Κρίσπον
857 3694 955 3748 καὶ
996 3692 1202 3749 Γάϊον.
1235 3725 1305 3738 —-
1352 3696 1449 3764 Μὴ
1491 3696 1701 3766 φοϐοῦ,
1736 3697 1898 3753 ἀλλὰ

316 3781 516 3847 λάλει,
547 3784 646 3838 καὶ
680 3782 760 3853 μὴ
794 3785 1142 3855 σιωπήσῃς.
1190 3787 1257 3842 Ὀ
1300 3785 1539 3854 μάλιστα
1573 3787 1735 3842 αὐτὸν
1765 3787 1893 3853 ἔδει,

317 3875 478 3930 τοῦτο
513 3874 751 3947 ὕστερον
785 3877 936 3950 αὐτῷ
963 3877 1133 3947 λέγει.
1182 3877 1350 3933 Οὐδὲν
1394 3878 1505 3952 γὰρ
1534 3878 1722 3935 ἐλύπει
1755 3878 1901 3935 οὕτω

316 3968 411 4025 τὸν
441 3969 676 4036 Παῦλον,
714 3971 792 4037 ὡς
820 3973 871 4026 oi
901 3971 1279 4037 ἀπειθοῦντες.

387 4149 750 4216 Γαλλίωνος
794 4148 865 4205 δὲ
906 4149 1432 4217 ἀνθυπατεύοντπ
1479 4149 1590 4219 τῆς
1643 4151 1898 4219 Ἀχαΐας,

319 4240 783 4310 κατεπέστησαν
877 4241 1261 4313 ὁμοθυμαδὸν
1336 4244 1391 4296 οἱ
1462 4240 1742 4297 Ἰουδαῖοι
1816 4239 1900 4306 τῷ

321 4333 545 4396 Παύλῳ
562 4348 579 4365 ο
614 4333 713 4387 καὶ
740 4332 969 4403 ἤγαγον
997 4333 1184 4387 αὑτὸν
1212 4332 1311 4387 ἐπὶ
1342 4330 1409 4386 τὸ
1434 4329 1630 4400 βῆμα,

393 4422 707 4491 Λὲγοντες,
734 4422 846 4488 ὅτι,
889 4421 1052 4487 Παρὰ
1076 4421 1185 4476 τὸν
1212 4423 1401 4493 νόμον
1441 4417 1621 4489 οὗτος
1665 4419 1903 4476 ἀναπεί-

325 4515 414 4567 θει
442 4512 587 4579 τοὺς
619 4511 969 4580 ἀνθρώπους
994 4513 1275 4569 σέϐεσθαι
1309 4513 1418 4567 τὸν
1445 4514 1613 4568 Θεόν.

397 4602 744 4668 Μέλλωτος
770 4602 840 4656 δὲ
863 4601 971 4657 τοῦ
1010 4603 1255 4657 Παύλου
1296 4602 1563 4671 ἀνοίγειν
1590 4601 1657 4655 τὸ
1689 4602 1900 4671 στόμα,

330 4692 502 4747 εἶπεν
525 4693 557 4746 ό
588 4694 873 4747 Γαλλίων
910 4694 1061 4763 πρὸς
1104 4694 1248 4759 τοὺς
1285 4692 1650 4762 Ἰουδαίους·
1697 4692 1765 4747 El
1792 4693 1910 4763 μὲν

330 4779 410 4853 ἦν
436 4783 700 4853 ἀδίκημά
722 4784 769 4818 ³³
797 4803 852 4839 τι
870 4786 909 4854 ἢ
933 4785 1343 4856 ῥᾳδιούργημα
1364 4785 1654 4854 πονηρὸν,
1675 4780 1723 4840 ὦ
1759 4786 1913 4841 Ἰου-

333 4875 506 4942 δαῖοι,
542 4876 694 4933 κατὰ
718 4878 907 4948 λόγον
936 4877 1013 4932 ἂν
1033 4878 1389 4948 ἠνεσχόμην
1431 4876 1601 4950 ὑμῶν
1628 4894 1646 4915 ι

398 5058 470 5114 ει
492 5056 562 5111 δὲ
587 5056 890 5127 ζητήματά
916 5058 1052 5114 ἐστι
1074 5058 1123 5092 ³⁸
1149 5059 1282 5127 περὶ
1311 5059 1521 5129 λόγου,
1554 5058 1652 5113 καὶ
1690 5057 1910 5127 ὄνομα·

335 5166 472 5216 ator,
514 5149 613 5205 καὶ
657 5153 852 5220 νόμον
895 5149 1005 5205 τοῦ
1049 5152 1180 5206 καθ’
1207 5149 1382 5219 ὑμᾶς,
1425 5150 1653 5220 ὄψεσθε
1693 5153 1906 5205 αὐτοί·

335 5243 541 5312 κριτὴς
563 5244 675 5313 γὰρ
708 5244 824 5314 ἐγὼ
847 5244 1076 5299 τούτων
1102 5246 1175 5299 οὐ
1198 5243 1503 5311 βούλομαι
1539 5237 1715 5297 εἶναι.

402 5336 515 5406 Kal
539 5335 867 5403 ἀπήλασεν
886 5335 1121 5413 αὐτοὺς
1155 5334 1273 5390 ἀπὸ
1306 5334 1414 5390 τοῦ
1434 5334 1732 5403 βήματος.

417 5426 867 5497 Ἐπιλαόόμενοι
903 5426 973 5482 δὲ
999 5426 1225 5496 πάντες
1258 5430 1313 5483 al
1347 5428 1644 5496 Ἕλληνες
1673 5426 1908 5483 Σωσθέ-

409 5608 452 5644 ³¹
496 5606 673 5664 lCor.
706 5622 746 5675 ι,
788 5607 878 5665 id.

1995 3410 2053 3459 et
2080 3402 2277 3456 ardore
2305 3397 2713 3461 incenderetur,
2744 3405 2941 3463 nempe
2968 3397 3191 3461 propter
3215 3384 3577 3441 vicinitatem.

1996 3493 2213 3563 Crispus
2254 3500 2432 3546 autem
2471 3489 2711 3561 princeps
2749 3498 3031 3557 synagoga:
3065 3478 3289 3535 credidit
3331 3477 3579 3532 Domino.

1997 3587 2155 3643 Hunc
2177 3583 2594 3655 dicitCrispum,
2612 3581 2680 3636 de
2696 3594 2804 3652 quo
2821 3575 3263 3634 dicit:Neminem
3293 3569 3580 3641 baptizavi,
3629 3616 3655 3639 ,

1999 3681 2103 3737 nisi
2151 3679 2397 3751 Crispum
2436 3687 2483 3732 et
2521 3675 2717 3731 Caium
2755 3674 2823 3727 ³¹.
2864 3700 2936 3711 --
2964 3669 3046 3724 Ne
3093 3669 3321 3751 timeas,
3357 3663 3449 3718 sed
3496 3662 3578 3716 lo-

1997 3792 2175 3848 quere,
2212 3790 2275 3828 ac
2305 3762 2423 3827 noli
2457 3779 2650 3824 tacere.
2711 3764 2868 3833 Quod
2910 3763 3146 3820 maxime
3174 3742 3370 3831 ipsum
3404 3757 3584 3813 facere

2001 3844 2308 3938 oportebat,
2342 3862 2393 3917 id
2426 3859 2585 3934 140
2611 3857 2883 3930 posterius
2910 3854 2960 3911 ei
2986 3852 3137 3910 dicit.
3172 3849 3317 3905 Nihil
3341 3847 3485 3903 enim
3510 3844 3587 3900 ita

1999 3937 2228 4017 Paulum
2259 3957 2492 4030 angebat
2516 3965 2679 4025 atque
2708 3948 2998 4008 sollicitum
3030 3943 3284 4011 habebat,
3315 3942 3372 3997 ut
3394 3938 3470 3995 illi
3498 3937 3589 4008 qui

2000 4069 2112 4110 non
2141 4050 2461 4107 credebant.

2075 4145 2239 4201 Vens.
2277 4144 2365 4199 12.
2404 4139 2510 4195 Sed
2540 4137 2783 4196 Gallione
2820 4120 3127 4205 proconsule
3151 4126 3385 4191 Achaia,
3417 4118 3594 4179 ludat

2004 4237 2233 4293 universi
2269 4233 2443 4289 adorti
2471 4230 2704 4288 Paulum
2731 4229 2992 4283 duxerunt
3016 4221 3087 4278 ad
3117 4217 3373 4284 tribunal,

2074 4416 2239 4473 Vens.
2276 4416 2363 4471 i3.
2397 4413 2635 4467 Direntes
2658 4426 2676 4465 :
2703 4408 2800 4463 Hic
2826 4406 3013 4462 suadet
3042 4401 3358 4465 hominibus,
3388 4406 3443 4452 ut
3466 4411 3593 4450 con-

2008 4522 2091 4567 ενα
2122 4513 2286 4583 legem
2322 4509 2488 4564 Deum
2518 4506 2717 4560 colant.

2080 4602 2246 4658 Vens.
2275 4600 2360 4654 14.
2393 4597 2526 4655 Cum
2550 4605 2723 4649 autem
2750 4591 2951 4647 Paulus
2974 4605 3068 4657 pro
3097 4603 3152 4642 se
3178 4585 3351 4640 dicere
3373 4599 3592 4637 conare-

2014 4705 2128 4759 tur,
2163 4690 2336 4749 Gallio
2374 4688 2508 4743 dixit
2540 4685 2611 4740 ad
2646 4683 2857 4739 Judceos
2882 4697 2901 4736 :
2936 4679 2995 4735 Si
3023 4679 3233 4751 quidem
3270 4674 3589 4744 maleﬁcium

2011 4785 2228 4857 aliquod
2257 4801 2289 4837 α
2313 4781 2478 4845 vobis,
2502 4777 2696 4840 Judaei,
2725 4783 2818 4829 aut
2840 4773 2991 4828 dolus
3019 4770 3188 4826 malus
3212 4769 3518 4825 commissus
3542 4778 3607 4821 et-

2010 4876 2246 4947 improbe
2270 4874 2419 4946 fraus
2443 4872 2583 4942 facta
2608 4875 3009 4938 proponeretur,
3030 4871 3166 4918 recte
3192 4878 3293 4916 vos-
3336 4859 3521 4926 (errem
3545 4866 3595 4911 ct

2014 4968 2257 5024 audirem
2288 4972 2596 5019 accusantes
2616 4978 2635 5016 :
3397 5014 3405 5027 ‘

2088 5059 2252 5115 Vens.
2288 5057 2379 5111 15.
2415 5054 2511 5110 Sin
2548 5062 2727 5108 autem
2769 5050 3085 5122 quaestiones
3114 5054 3237 5101 sunt
3265 5045 3328 5098 de
3360 5041 3514 5097 verbo
3547 5049 3601 5092 rt

2020 5152 2320 5211 nominibus
2349 5159 2397 5204 et
2433 5149 2543 5220 lege
2578 5158 2773 5211 vestra,
2801 5160 2890 5199 vos
2921 5142 3020 5212 ipsi
3041 5139 3314 5194 videritis:
3347 5150 3472 5189 nam
3505 5150 3599 5203 ego

2017 5252 2080 5300 de
2105 5245 2221 5298 istis
2252 5241 2405 5296 rebus
2432 5253 2738 5309 coynoscere
2767 5245 2926 5305 atque
2950 5241 3188 5287 statuere
3221 5227 3361 5281 nolo.

2094 5333 2254 5389 Vens.
2293 5332 2377 5388 lli.
2404 5331 2470 5386 Et
2501 5332 2576 5384 ita
2603 5325 2882 5383 summovit
2912 5341 2998 5379 eos
3025 5341 3058 5377 a
3093 5320 3371 5377 tribunali.

2088 5423 2252 5478 Vens.
2278 5421 2364 5476 17.
2389 5421 2462 5475 Ac
2483 5419 2654 5477 Gra'ci
2681 5432 2856 5472 omnes
2883 5413 3271 5485 apprehensum
3296 5409 3599 5468 Sest/tenent

1519 5701 1722 5764 Varia)
1744 5699 2049 5763 lectiones
2092 5705 2153 5761 et
2197 5704 2385 5760 notae.
3513 5693 3547 5721 ⁸

409 5807 454 5842 ³⁸
489 5808 577 5863 id.
602 5807 863 5873 Χριστοῦ.

347 5878 584 5954 vulgatis,
615 5878 837 5951 ζήτημά
867 5880 1002 5934 ἐστι.

960 5806 1004 5839 ³²
1034 5806 1097 5864 In
1120 5804 1347 5878 vulgatis
1379 5812 1473 5872 est,
1521 5804 1787 5860 διδάσκων
1814 5803 1881 5856 αὑ

2008 5818 2030 5853 ν.
2124 5801 2169 5833 ³³
2194 5802 2257 5859 1η
2294 5798 2520 5872 vulgatis
2548 5804 2649 5867 est,
2677 5800 2725 5853 ei
2773 5797 2875 5871 μὲν
2904 5798 2997 5854 οὖν
3026 5778 3093 5872 ἦν
3120 5796 3384 5867 ἀδίκημα.
3457 5792 3505 5824 ³⁸
3532 5789 3599 5846 In
