3856 6548
352 386 458 450 755

1254 378 1831 455 THEOPHYLACTI
1872 396 2282 460 BULGARLE
2315 402 2670 464 ARCHIEP.
3463 408 3557 473 75f.

353 503 669 572 magistrum
702 520 1002 577 synagogaz,
1025 507 1304 576 pulsabant
1328 520 1486 580 atque
1510 511 1781 566 ca’debant
1804 522 1906 567 autc

2023 531 2142 581 νην
2169 516 2277 570 τὸν
2301 517 2811 589 ἀρχισυνάγωγον,
2837 517 3097 574 ἔτυπτον
3118 520 3442 590 ἔμπροσθεν
3469 527 3560 581 τοῦ

352 591 629 650 tribunal:
654 605 704 650 et
733 595 907 653 Gallio
931 599 1061 653 nihil
1081 599 1266 654 herum
1299 601 1541 655 curabat.

422 768 583 827 Vsus.
621 772 708 828 18.
738 776 813 830 At
858 774 1060 831 Paulus
1103 794 1222 831 cum
1265 780 1436 834 adhuc
1471 783 1580 836 dies
1625 782 1917 852 complures

350 861 705 928 remansisset,
734 864 926 935 fratres
961 865 1132 920 valere
1148 868 1329 937 jussit,
1362 879 1409 922 et
1441 870 1496 924 iu
1526 868 1738 941 Syriam
1770 875 1920 927 nati-

348 951 512 1019 gaoit,
543 962 590 1006 et
614 970 857 1029 una_cum
887 956 979 1010 ille
1005 956 1251 1012 Priscilla
1277 970 1323 1012 et
1350 960 1562 1030 Aquila,
1598 980 1714 1017 cum
1745 972 1919 1018 toton-

348 1040 507 1095 disset
540 1054 699 1113 caput
724 1046 781 1099 in
810 1046 1088 1102 Cenchreis
1113 1066 1130 1103 :
1153 1050 1206 1103 id
1232 1051 1370 1127 enim
1400 1065 1632 1109 voverat.

415 1232 587 1289 Judrei
633 1237 862 1292 uuirersi
910 1242 1082 1295 adorti
1125 1241 1377 1299 Paulum.
1431 1246 1714 1312 Quomodo
1757 1250 1919 1319 igitur

252 1357 258 1363 -
347 1322 573 1379 Paulum
620 1328 798 1384 adorti
846 1340 1012 1398 sunt,
1059 1331 1254 1391 dixerit
1291 1337 1531 1407 aliquis?
1563 1339 1700 1395 Cum
1737 1343 1917 1397 subito

349 1418 673 1485 rapuissent.
700 1422 860 1491 Atqui
884 1423 1021 1478 nihil
1047 1426 1354 1491 valuerunt,
1380 1431 1474 1485 sed
1497 1431 1769 1487 duxerunt
1792 1451 1915 1489 eum

345 1507 414 1561 ad
460 1511 880 1580 proconsulem,
920 1514 1011 1582 qui
1046 1530 1142 1572 eos
1172 1518 1321 1573 curia
1359 1520 1667 1590 prohibuit,
1724 1539 1787 1579 ac
1840 1526 1918 1579 vir

349 1600 618 1659 humanus
645 1614 700 1658 et
729 1620 917 1675 aequus
954 1607 1044 1663 hic
1074 1609 1207 1664 mihi
1239 1609 1411 1666 fuisse
1450 1613 1684 1669 videtur.
1716 1617 1917 1686 Appre-

345 1692 562 1748 hensum
601 1694 930 1755 Sesthenem.
974 1700 1145 1757 Porro
1182 1704 1324 1772 quod
1363 1703 1687 1761 Sosthenem
1732 1709 1914 1780 pulsa-

2017 604 2328 675 βήιιατοςο
2369 611 2463 665 καί
2512 608 2696 664 οὐδὲν
2744 611 2972 666 τούτων
3010 611 3091 679 τῷ
3130 615 3416 669 Γαλλίωνι
3446 620 3561 689 ἔμεν

2020 698 2132 750 λεν
2153 697 2216 751 ⁸³⁸.

2106 788 2169 848 '_0
2201 789 2270 842 δὲ
2306 792 2548 859 Παῦλος
2574 794 2660 848 ἔτι
2699 797 3071 866 προσμείνας
3104 795 3327 865 ἡμέρας
3357 800 3560 867 ἱκανὰς,

2020 878 2145 946 τοῖς
2194 882 2480 952 ἀδελφοῖς
2526 886 3004 957 ἀποταξάμενος,
3049 887 3291 952 ἐξέπλει
3340 893 3421 957 είς
3462 892 3562 961 τὴν

2021 973 2274 1038 Συρίαν*
2317 976 2413 1028 καὶ
2452 975 2574 1029 σὺν
2601 977 2761 1042 αὐτῷ
2807 980 3147 1045 Πρίσκιλλα
3189 980 3287 1033 καὶ
3337 982 3560 1050 Ἀκύλας

2022 1062 2369 1133 κειράμενος
2402 1065 2515 1134 τὴν
2543 1067 2822 1136 κεφαλὴν
2844 1068 2913 1121 ἐν
2936 1069 3251 1139 Κεγχρεαῖς
3281 1084 3295 1097 ·
3324 1065 3441 1139 εἶχε
3466 1074 3561 1141 γὰρ

2021 1153 2235 1221 εὐχήν.
2986 1202 2989 1203 ν

2089 1265 2561 1333 Κατεπέστησαν
2600 1270 2981 1338 ὁμοθυμαδὸν
3016 1273 3071 1324 οὶ
3125 1269 3412 1325 Ἰουδαῖοι.
3457 1271 3563 1333 Πῶς

2018 1354 2111 1409 οὖν
2138 1346 2433 1425 ἐπέθεντο;
2466 1360 2607 1414 εῐποι
2629 1378 2714 1424 τις
2743 1361 2829 1416 ἄν.
2863 1364 3052 1432 Ἄφνω
3084 1362 3444 1431 ἁρπάσαντες.
3469 1365 3563 1416 Καὶ

2022 1446 2128 1516 μὴν
2160 1448 2314 1501 οὐδὲν
2346 1449 2570 1518 τσχυσαν
2590 1490 2608 1516 ,
2643 1451 2759 1506 ἀλλ’
2803 1450 2939 1523 ἦγον
2991 1454 3155 1507 αὑτὸν
3186 1453 3319 1526 πρὸς
3346 1454 3432 1507 τὸν
3453 1456 3563 1509 ἀνο-

2021 1537 2243 1591 tina-sev.
2314 1539 2650 1612 ’Δπετείχισε
2711 1541 2768 1596 δὲ
2830 1544 3014 1607 αὐτοῖς
3083 1542 3147 1596 τὸ
3221 1543 3560 1614 δικαστήριον.

1958 1698 1969 1705 ⁸
2033 1629 2313 1700 Ἐπιεικὴς
2359 1631 2415 1684 δέ
2464 1650 2548 1695 τις
2578 1633 2864 1704 ἄνθρωπος
2900 1630 3056 1699 οὗτος
3101 1630 3244 1689 εἶναι
3287 1652 3373 1703 μοι
3413 1637 3560 1690 δοκεῖ.

2031 1722 2484 1791 Ἐπιλαόόμενοι
2534 1724 2603 1776 δὲ
2652 1726 2994 1795 Σωσθένην.
3034 1726 3109 1779 Τὸ
3137 1725 3195 1780 δὲ
3227 1726 3442 1780 τύπτειν
3480 1728 3563 1783 τὸν

343 1783 495 1851 bant,
528 1789 612 1841 vel
644 1788 848 1845 idcirco
881 1793 1189 1862 pulsabant,
1217 1796 1361 1864 quod
1392 1797 1509 1867 ipse
1542 1798 1710 1854 Paulo
1748 1800 1906 1871 magis

2021 1783 2330 1885 Σωσθένην,
2357 1815 2390 1885 ἢ
2421 1815 2512 1869 διὰ
2563 1816 2721 1871 τοῦτο
2764 1783 3019 1882 ἔτυπτον,
3072 1807 3265 1888 ἐπειδὴ
3301 1817 3390 1871 καὶ
3425 1818 3564 1881 αὐτὸς

342 1885 462 1930 erat
508 1877 722 1935 deditus
779 1889 833 1937 et
902 1880 1182 1950 addictus,
1237 1863 1695 1955 quemadmodum
1752 1863 1906 1944 etiam

2258 1863 2683 1978 προστιθέμενος
2721 1903 2791 1979 ἦν
2843 1909 2921 1979 τῷ
2954 1863 3175 1978 Παύλῳ,
3311 1909 3400 1962 καὶ
3443 1908 3561 1978 Κρί-

342 1963 569 2034 Crispus
607 1967 862 2038 magister
890 1984 1174 2043 synagoga:
1204 1992 1217 2029 :
1258 1974 1343 2028 vel
1368 1979 1433 2030 ad
1464 1991 1590 2032 eum
1621 1993 1793 2049 usque
1824 1980 1913 2035 fu-

342 2071 519 2111 rorem
561 2061 831 2129 progressi
878 2071 1054 2129 erant,
1108 2072 1167 2119 ut
1212 2081 1320 2121 non
1351 2071 1586 2125 assecuti
1644 2074 1787 2142 quod
1829 2074 1915 2129 in—

339 2147 626 2203 tenderant
657 2160 820 2220 atque
850 2165 1223 2222 speraverant,
1254 2174 1353 2227 pro
1382 2157 1548 2216 Paulo
1585 2161 1910 2219 Sosthenem

339 2238 619 2306 pulsarent
643 2258 656 2295 :
690 2240 773 2296 vel
801 2242 1007 2299 idcirco
1031 2247 1413 2315 percutiebant
1433 2268 1583 2317 eum,
1624 2254 1748 2324 quia
1775 2255 1911 2311 Pauv

338 2329 452 2385 lum
481 2333 733 2389 occidere
756 2334 1063 2405 voluerant,
1101 2342 1157 2394 ‘et
1193 2339 1495 2399 Sostbenes
1524 2361 1619 2401 eos
1658 2347 1913 2418 prohibe-

338 2422 450 2475 bat.
499 2426 566 2476 At
608 2438 792 2481 coram
836 2427 956 2497 ipso
1003 2430 1319 2501 magistratu
1367 2437 1512 2504 quod
1559 2454 1666 2491 non
1716 2439 1911 2495 licebat

335 2515 599 2577 committi
618 2529 775 2584 ntes,
809 2519 1135 2578 Sostbencm
1165 2524 1479 2595 pulsabant,
1513 2529 1615 2585 hoc
1644 2532 1801 2601 quasi
1829 2533 1911 2587 di-

337 2615 525 2662 centes
552 2626 564 2662 :
597 2607 651 2663 Si
681 2610 775 2680 qui
808 2612 923 2667 vult
953 2612 1082 2670 facit
1111 2616 1257 2686 quod
1288 2619 1424 2685 vult,
1454 2630 1509 2674 et
1536 2637 1645 2676 non
1676 2625 1908 2693 amplius

334 2696 514 2753 locum
554 2699 723 2756 habet
781 2702 901 2770 lex,
957 2720 1087 2762 ecce
1122 2707 1286 2763 etiam
1313 2726 1412 2766 nos
1433 2711 1579 2768 hunc
1604 2715 1905 2783 pulsamus.

320 2788 452 2846 .Non
473 2793 780 2853 vindicabat
794 2805 976 2855 autem
995 2802 1308 2871 proconsul,
1329 2817 1432 2858 nec
1445 2805 1908 2866 animadvertebat
1936 2850 1942 2855 ο

335 2882 391 2943 in
419 2899 544 2952 eos,
574 2888 671 2943 sed
707 2889 923 2946 sinebat
952 2907 1047 2947 eos
1088 2907 1148 2946 se
1177 2906 1366 2950 mutuo
1408 2896 1626 2966 pulsare
1657 2917 1670 2953 :
1702 2901 1827 2970 quia
1860 2903 1905 2956 si

334 2983 527 3031 contra
552 2978 786 3048 aliquem
830 2982 994 3035 alium
1029 2983 1130 3037 hoc
1159 2981 1449 3050 fecissent,
1491 3003 1716 3057 prorsus
1750 3001 1905 3062 pete-

336 3072 422 3120 rat
456 3080 553 3123 eos
590 3069 887 3139 reprimere
924 3083 1089 3142 atque
1125 3090 1401 3135 coercere.
1441 3079 1611 3149 Atque
1644 3100 1747 3139 una
1786 3103 1903 3142 cum

2026 2014 2160 2059 σπος
2178 1999 2206 2050 δ
2230 1998 2679 2068 ἀρχισυνάγωγος
2700 2017 2713 2030 ·
2749 2002 2781 2070 ἢ
2810 2002 2889 2063 εἰς
2918 2000 3176 2056 τοσοῦτον
3218 1995 3356 2071 ἦσαν
3396 2000 3563 2069 ἐληλαυ

2023 2088 2180 2150 κότες
2214 2089 2410 2158 μανίας
2434 2091 2500 2155 ³⁸,
2527 2092 2609 2144 ὅτι
2638 2091 3001 2163 ἀποτυχόντες
3026 2090 3123 2145 τοῦ
3155 2088 3357 2145 σκοποῦ
3385 2091 3561 2157 αὐτῶν,

2022 2182 2143 2235 ἀντὶ
2192 2181 2288 2236 τοῦ
2340 2182 2551 2237 Παύλου
2588 2184 2873 2255 Σωσθένην
2904 2184 3172 2238 ἔτυπτον·
3224 2183 3258 2254 ἢ
3301 2184 3386 2237 διὰ
3428 2183 3564 2237 τοῦτο

2021 2272 2250 2328 ἔτυπτον
2295 2275 2480 2339 αὐτὸν,
2534 2276 2723 2348 ἐπειδὴ
2767 2277 3149 2349 ἠϐουλήθησαν
3200 2274 3449 2345 φονεῦσαι
3486 2274 3563 2329 τὸν

2022 2366 2256 2431 Παῦλον,
2298 2366 2395 2421 καὶ
2423 2367 2705 2439 Μσθένης
2734 2368 3025 2424 διεκώλυεν
3050 2369 3252 2432 αὐτούς
3272 2384 3286 2399 ·
3315 2368 3397 2421 ἐπ’
3418 2366 3560 2420 αὑτοῦ

2017 2457 2073 2510 δὲ
2109 2458 2206 2510 τοῦ
2256 2456 2517 2529 ἄρχοντος
2564 2458 2953 2524 ἁκαθοσιὼτως
2999 2457 3306 2522 ποιοῦντες,
3362 2458 3563 2511 ἔτυπτον

2015 2549 2107 2603 τὸν
2137 2549 2443 2619 Σωσθένην,
2479 2549 2637 2605 τοῦτο
2684 2549 2965 2619 λέγοντεςο
3019 2551 3084 2604 El.
3129 2551 3161 2603 ὁ
3190 2549 3358 2604 θέλων
3382 2551 3516 2602 ποιεῖ
3540 2548 3565 2600 ὁ

2017 2640 2186 2706 θέλει,
2228 2641 2325 2695 καὶ
2351 2640 2456 2696 οὐκ
2484 2640 2601 2695 ἐστι
2627 2641 2811 2712 νόμος,
2845 2642 2945 2697 καὶ
2978 2642 3144 2712 ἡμεῖς
3175 2641 3285 2694 ἰδοὺ
3318 2640 3563 2708 τύπτομεν

2016 2733 2224 2788 τοῦτον.
2282 2733 2358 2786 Οὐ
2411 2736 2788 2803 προσεποιεῖτο
2827 2733 2883 2787 δὲ
2942 2734 3144 2797 αὐτοὺς
3191 2735 3222 2786 δ
3262 2732 3559 2794 ἀνθύπατος,

2015 2823 2129 2879 ἀλλ’
2154 2825 2243 2878 εἴα
2272 2824 2500 2879 τύπτειν
2525 2824 2786 2895 ἀλλήλους
2803 2841 2819 2856 ο
2857 2825 2981 2879 ἐπεὶ
3020 2827 3070 2879 ει
3097 2819 3242 2897 ἦσαν
3280 2823 3418 2878 κατὰ
3439 2838 3562 2882 τινος

2015 2916 2177 2969 ἄλλου
2200 2916 2293 2970 καὶ
2321 2915 2397 2986 μὴ
2428 2915 2553 2970 καθ’
2582 2915 2791 2971 ἑαυτῶν
2814 2916 3143 2985 ποιήσαντες
3162 2915 3341 2985 τοῦτο,
3369 2915 3561 2976 πάντως

2012 3004 2159 3078 εἶχεν
2207 3008 2407 3072 αὐτοὺς
2441 3008 2793 3077 σωφρονίσαι.
2837 3007 3117 3073 Ἐξέπλει
3145 3006 3217 3060 δέ
3264 3005 3384 3059 σὺν
3423 2999 3562 3065 αὐτῷ

2008 3100 2347 3168 Πρίσκιλλα
2384 3098 2482 3154 καὶ
2524 3099 2772 3164 Ἁ-κύλας
2806 3098 3157 3169 κειράμενος
3179 3096 3295 3169 τὴν
3316 3092 3560 3165 κεφαλὴν

332 3159 451 3227 ipso
478 3161 796 3217 avehebatur
820 3163 1068 3229 Priscilla
1092 3177 1143 3223 et
1161 3169 1376 3241 Aquila.
1403 3188 1521 3227 cum
1551 3186 1709 3245 caput
1745 3179 1905 3233 rasis-

2021 3159 2079 3245 ιιῖ
2104 3190 2447 3261 Κεγχρεαῖς.
2498 3189 2714 3262 Ἐπειδὴ
2747 3159 2939 3245 ἰδόκέι
2967 3159 3102 3253 ’τοῖς
3130 3159 3414 3249 "regem;
3441 3189 3559 3240 ἁπο-

332 3258 410 3303 set
431 3250 486 3304 in
506 3251 796 3310 Cenchreis.
825 3254 1096 3323 Quoniam
1121 3260 1295 3319 ιιιόωί
1316 3268 1733 3336 suspicabantur
1754 3270 1907 3327 illum

332 3339 694 3399 defectionem
724 3360 755 3400 a
792 3346 911 3418 lege
939 3349 1168 3416 docere,
1203 3368 1269 3409 ac
1298 3354 1455 3411 multi
1492 3356 1906 3416 oﬂendebantur

224 3512 226 3514 ν
336 3432 392 3486 in
424 3446 523 3499 eo,
569 3449 635 3490 ac
663 3438 1109 3507 praedicationem
1142 3459 1251 3500 non
1280 3446 1790 3517 amplectebantur:
1827 3454 1907 3509 id-

333 3520 478 3582 circo
501 3531 557 3577 et
583 3524 673 3580 hic
702 3535 756 3580 et
786 3528 837 3582 in
867 3530 1070 3600 templo
1104 3530 1498 3605 Hierosolymis
1520 3540 1771 3597 consulto
1802 3543 1906 3598 hoc

241 3601 265 3626 '
331 3608 479 3675 facit,
499 3614 672 3672 ethoc
688 3626 805 3672 erat
823 3621 966 3689 quod
995 3621 1111 3691 ipse
1140 3601 1385 3680 dicebat:
1419 3623 1525 3682 Fui
1544 3627 1644 3699 legi
1670 3632 1905 3686 subditus

337 3703 489 3777 141
511 3708 663 3777 quasi
683 3708 1066 3780 legiobnoxius,
1094 3725 1148 3769 ut
1163 3715 1265 3787 legi
1276 3718 1508 3774 subditos
1521 3721 1901 3793 lucrifacerem.

330 3828 401 3837 —
435 3796 503 3855 Id
528 3802 666 3856 enim
688 3815 900 3875 voverat
923 3806 965 3862 ’.
1026 3804 1222 3863 Votum
1251 3809 1388 3866 dicit
1433 3808 1901 3881 pollicitationem.

330 3886 612 3947 Pollicitus
647 3895 792 3949 enim
829 3906 949 3953 erat
982 3912 1041 3953 se
1069 3899 1322 3969 capillum
1360 3900 1728 3958 abscissurum
1759 3919 1900 3970 esse,

330 3996 401 4036 ne
448 3993 637 4052 postea
677 3986 913 4057 amplius
966 3998 1225 4058 tanquam
1275 3991 1620 4059 mundanus,
1672 4009 1736 4049 ea
1783 4011 1903 4065 qua:

329 4073 591 4129 mundani
614 4075 789 4131 solent
813 4091 996 4149 agere,
1024 4089 1304 4145 tractaret,
1348 4083 1444 4138 sed
1472 4093 1729 4155 tanquam
1752 4102 1901 4143 more

329 4164 516 4217 divino
546 4163 766 4232 vivens,
803 4180 1154 4236 permaneret
1184 4173 1328 4243 apud
1367 4173 1693 4233 Ecclesiam.
1725 4180 1901 4249 Atque

328 4255 495 4311 etiam
531 4258 723 4327 Aquila
759 4275 824 4316 ex
856 4262 1248 4332 pollicitatione
1289 4267 1391 4323 sibi
1433 4269 1615 4327 crines
1642 4272 1893 4330 abscidit.

330 4346 435 4413 Qui
465 4350 611 4404 enim
645 4352 729 4421 pie
761 4340 1242 4413 nimirum'vivere
1279 4360 1566 4428 volebant,
1603 4364 1706 4419 hoc
1731 4364 1900 4422 facie-

326 4439 499 4495 bant:
532 4441 832 4511 quinetiam
867 4446 1173 4516 antiquitus
1215 4449 1317 4505 hoc
1344 4450 1524 4508 facere
1550 4453 1722 4510 Judaei
1763 4472 1899 4512 con-

325 4544 637 4591 sueverant.
672 4536 859 4608 Itaque
892 4549 945 4594 et
975 4540 1367 4597 monachorum
1397 4554 1452 4599 et
1488 4548 1892 4613 canonicarum.

323 4623 376 4678 id
425 4634 513 4680 est
574 4629 903 4699 regularium
952 4631 1222 4701 virginum
1272 4643 1327 4688 et
1375 4636 1890 4703 sanctimonialium,
1924 4626 1973 4687 υ

325 4716 504 4787 capilli
534 4707 682 4775 recte
717 4720 1102 4778 detondentur.

396 4823 560 4883 Vens.
591 4829 678 4883 19.
705 4827 951 4885 Pervenit
978 4841 1157 4887 autem
1183 4834 1466 4905 Ephesum,
1485 4847 1533 4892 et
1562 4838 1683 4894 illos
1710 4841 1781 4894 ibi
1810 4857 1894 4895 re-

328 4916 503 4986 liquit,
538 4918 632 4972 sed
660 4920 770 4989 ipse
796 4921 1063 4992 ingressus
1096 4926 1150 4978 in
1187 4942 1531 4998 synagogam.
1562 4933 1892 4987 sermocina-

323 5005 484 5063 batur
503 5025 622 5064 cum
649 5010 868 5068 ludatis.

395 5117 557 5175 Vens.
587 5118 677 5176 20.
714 5120 1041 5194 Rogantibus
1075 5137 1248 5182 autem
1284 5128 1391 5184 illis
1435 5138 1490 5184 ut
1527 5130 1721 5186 diutius
1752 5139 1898 5203 apud

321 5225 380 5263 se
412 5223 667 5276 maneret,
700 5231 898 5270 marem
919 5219 991 5273 eis
1019 5235 1125 5273 non
1150 5222 1328 5289 gessit,

387 5320 549 5378 Vens.
574 5322 665 5379 21.
699 5322 803 5379 Sed
825 5341 909 5380 eos
934 5327 1110 5382 valere
1128 5329 1289 5397 jussit
1316 5345 1431 5384 cum
1458 5332 1649 5386 diceret
1679 5353 1692 5387 :
1722 5333 1892 5404 Opor-

384 5501 430 5532 “
458 5499 478 5554 ί
508 5500 635 5557 Cor.
668 5518 741 5570 Ix,
770 5504 839 5559 i9
863 5506 1024 5560 et2l.

2009 3285 2233 3341 στασίαν
2281 3284 2378 3338 τοῦ
2427 3284 2594 3354 νόμου
2640 3282 2933 3346 διδάσκειν,
2983 3282 3078 3337 καὶ
3142 3277 3561 3342 ἐσκανδαλίζοντο

2009 3377 2197 3432 πολλοὶ
2223 3377 2306 3440 εἰς
2334 3374 2518 3437 αὐτὸν,
2558 3373 2654 3429 καὶ
2682 3374 2743 3427 οὐ
2775 3372 3145 3443 παρεδέχοντο
3177 3372 3239 3426 τὺ
3286 3370 3554 3441 κήρυγμα·

2006 3470 2197 3524 τούτου
2229 3468 2390 3541 χάριν
2416 3468 2514 3522 καὶ
2542 3465 2775 3520 ἐνταῦθα
2817 3465 2911 3519 καὶ
2939 3467 2999 3518 ὲν
3036 3463 3115 3535 τῷ
3163 3465 3295 3534 ἱερῷ
3325 3463 3381 3517 ἐν
3421 3463 3562 3533 Ἰερο-

2009 3560 2264 3631 σολύμοις
2304 3557 2663 3629 οἰκονομικῶς
2696 3557 2855 3610 τοῦτο
2884 3556 3120 3627 πράσσει
3144 3571 3159 3585 θ
3196 3555 3289 3609 καὶ
3319 3552 3465 3607 τοῦτο
3480 3546 3556 3622 ἦν,

2005 3650 2035 3703 ὂ
2081 3649 2243 3713 αὐτὸς
2293 3648 2513 3716 ἔλεγεν
2559 3647 2885 3716 Ἔτενόμην
2929 3644 3055 3710 τοῖς
3110 3643 3234 3700 ὑπὸ
3279 3648 3456 3711 νόμον
3491 3641 3559 3704 ὡς

2005 3738 2124 3793 ὑπὸ
2153 3741 2365 3809 νόμον,
2388 3739 2491 3791 ἵνα
2510 3736 2653 3804 τοὺς
2679 3735 2800 3792 ὑπὸ
2825 3735 3014 3804 νόμον
3043 3732 3336 3804 κερδήσω.
3357 3726 3558 3797 -ιίῐχε

2004 3828 2116 3898 γὰρ
2157 3828 2372 3899 εὐχήν.
2425 3827 2603 3899 Εὑχὴν
2635 3826 2783 3895 λέγει
2825 3825 2925 3897 τὴν
2974 3825 3291 3896 ὑπόσχεσιν.
3327 3821 3558 3891 ’Υποσχὸε

2008 3934 2168 3987 μενος
2202 3918 2313 3988 γὰρ
2346 3910 2414 3986 ’ἦν
2446 3916 2724 3986 ἀποκόψαι
2777 3916 2879 3986 τὴν
2929 3913 3114 3986 τρίχα,
3158 3914 3246 3968 ἵνα
3281 3914 3461 3985 μηκέτι
3492 3910 3556 3971 ὡς

2003 4010 2269 4080 κοσμικδς
2319 4009 2388 4064 τὰ
2435 4010 2543 4063 τῶν
2576 4007 2860 4079 κοσμικῶν
2907 4007 3151 4078 πράττῃ,
3184 4004 3300 4059 ἀλλ’
3327 4004 3398 4068 ὡς
3435 4002 3555 4057 κατὰ

2000 4103 2132 4157 Θεὸν
2161 4102 2271 4168 ζῶν
2302 4102 2620 4174 παραμείνῃ
2640 4102 2683 4135 ⁸⁷
2710 4104 2777 4172 τῇ
2830 4100 3147 4170 Ἐκκλησίᾳ.
3190 4099 3301 4153 Καὶ
3342 4096 3549 4157 ’Δκύλας

2000 4196 2059 4251 δὲ
2090 4196 2150 4262 ἐξ
2184 4177 2547 4275 ὑποσχέσεως⁸
2572 4194 2852 4264 ἀπέκοψεν
2895 4194 3091 4247 ἑαυτοῦ
3129 4192 3230 4256 τὰς
3274 4190 3469 4263 τρίχας.
3499 4188 3551 4241 Οἱ

2002 4286 2250 4352 θέλοντες
2278 4288 2388 4360 γὰρ
2434 4288 2597 4358 δῆθεν
2627 4286 2896 4349 θεοσεσῶς
2944 4286 3064 4355 ζῇν,
3113 4282 3329 4337 ἐποίουν
3376 4280 3548 4335 τοῦτο·

2001 4380 2141 4434 ἀλλὰ
2180 4379 2277 4435 καὶ
2314 4378 2434 4442 ἔθος
2480 4374 2551 4449 ἦν
2592 4377 2823 4433 παλαιὸν
2874 4375 3150 4438 Ἰουδαίοις
3195 4372 3369 4428 τοῦτο.
3409 4371 3549 4423 Ὥστε

2002 4471 2185 4536 καλῶς
2224 4471 2319 4525 καὶ
2343 4470 2396 4524 ei
2420 4469 2768 4546 ,μονάζοντες
2810 4466 2905 4523 καὶ
2936 4466 2995 4520 al
3032 4464 3316 4519 κανονικαὶ
3348 4457 3548 4516 ἀποκείσ-

2008 4580 2191 4635 ρονται
2218 4563 2318 4626 τὰς
2347 4562 2546 4633 κόμας.

2081 4842 2437 4910 Κατήντησε
2489 4839 2558 4894 δέ
2612 4844 2702 4907 εις
2761 4840 3051 4910 Ἔφεσον,
3125 4839 3225 4892 καὶ
3294 4836 3542 4896 ἐκείνους

2016 4935 2342 4989 κατέλιπεν
2366 4931 2553 4988 αὑτοῦ
2576 4950 2592 4964 ο
2621 4932 2805 4999 αὐτὸς
2832 4932 2901 4985 δὲ
2925 4931 3119 4987 ἐλθὼν
3144 4932 3191 4964 ³⁸
3237 4931 3350 4997 τὴν
3396 4940 3532 4982 συν-

1997 5026 2259 5098 αγωγὴν,
2281 5026 2558 5096 διελέχθη
2581 5024 2705 5093 τοῖς
2719 5025 3040 5091 Ἰουδαίοις.

2067 5136 2445 5207 Ἐρωτώντων
2486 5136 2555 5190 δὲ
2610 5133 2813 5191 αὐτῶν
2870 5135 2969 5190 ἐπὶ
3028 5135 3271 5189 πλείονα
3339 5129 3538 5200 χρόνον

2000 5231 2150 5283 εἶναι
2187 5230 2232 5262 ⁸⁸
2266 5230 2403 5296 παρ’
2427 5227 2656 5294 αὐτοῖς,
2689 5229 2800 5282 οὐκ
2831 5226 3187 5293 ἐπένευσεν,

2067 5336 2244 5391 Ἀλλὰ
2322 5334 2658 5397 ἀπετάξατο
2723 5333 2957 5402 αὐτοῖς,
3010 5332 3196 5389 εἰπών
3227 5349 3242 5367 ·
3315 5332 3411 5385 Δεῖ
3467 5342 3533 5397 με

1485 5621 1684 5682 Varias
1715 5620 2018 5684 lectiones
2061 5631 2121 5684 et
2166 5635 2353 5696 notua.

344 5682 375 5708 δ

390 5745 434 5776 ⁸³
461 5744 712 5814 ἔμελλεν,
742 5754 878 5800 erat.
955 5745 999 5776 ³⁸
1045 5747 1273 5817 μανίαν,
1306 5757 1441 5801 erat.
1517 5746 1563 5779 ³⁷
1593 5747 1898 5819 παραμείνε

2021 5758 2136 5803 τνιιι.
2212 5749 2256 5782 ³⁸
2287 5744 2354 5804 1η
2405 5747 2627 5820 vulgatis
2668 5758 2761 5817 est,
2793 5746 3068 5803 εἰσελθών.
3145 5748 3187 5779 ³³
3213 5744 3288 5817 ,In
3312 5738 3515 5812 vulgatis

320 5822 419 5879 est,
455 5817 658 5884 μεῖναι.
