3856 6570
188 426 272 490 'ltil
873 438 1280 501 EXPOSITIO
1311 441 1391 503 ΙΝ
1434 443 1623 504 ACTA
1652 445 2229 519 APOSTOLORUM.
2259 460 2341 525 -νς
2363 460 2520 524 CAP.
2565 392 2724 525 XIX.

3289 416 3397 518 762

245 545 391 648 μ’
417 546 563 648 οὐδᾶ
579 552 641 648 ἐι
675 555 917 625 Πνεῦμα
940 556 1113 626 ἅγιον
1145 556 1339 611 ἐστιν.
1375 556 1560 627 nona
1583 551 1731 612 οὗτοι

1903 567 1973 622 At
2000 585 2093 624 nec
2122 588 2193 626 an
2221 575 2290 629 sit
2309 577 2516 646 quidem
2552 576 2782 648 Spiritus
2806 583 3045 639 sanctus,
3085 586 3191 630 etc.
3251 571 3393 627 Mul-

184 636 386 690 tusle
414 637 791 709 διεστήκασιν,
820 648 870 699 oi
904 647 1039 717 μηδὲ
1067 646 1291 718 Πνεῦμα
1319 646 1475 715 ἅγιον
1507 649 1557 701 εἰ
1583 648 1731 705 ἐστιν

184 726 383 790 ειδότες.
411 728 558 796 Ὅτι,
591 732 702 805 γὰρ
725 734 847 789 οὐδὲ
871 738 950 799 ei;
977 738 1212 809 Χριστὸν
1243 737 1552 805 ἐπίστευον,
1572 739 1733 805 δῆλον

185 820 241 874 ἐκ
260 820 353 873 τοῦ
384 823 561 877 εἰπεῖν
581 839 597 856 ·
633 827 740 894 Εἰς
776 829 885 882 τὸν
914 830 1242 899 ἐρχόμενον
1266 830 1393 901 μετ’
1424 832 1611 885 αὑτὸν
1632 831 1732 885 ἵνα

184 912 557 971 πιστεύσωσι.
608 917 721 972 Καὶ
751 917 853 972 οὐκ
877 915 1056 982 εἶπεν,
1085 921 1168 973 ὅτι
1187 920 1354 973 Οὐδέν
1380 922 1499 973 ἐστι
1525 922 1586 973 τὸ
1636 921 1732 992 βά-

187 1019 373 1073 πτισμα
392 1004 662 1075 Ἰωάννου,
690 1009 832 1077 ἀλλ’,
855 1012 936 1065 ὅτι
957 1013 1167 1076 ἀτελές.
1189 1012 1359 1066 Πόθεν
1378 1012 1435 1064 δὲ
1452 1014 1650 1066 ἐκεῖνοι
1674 1014 1733 1067 ἐν

188 1091 374 1162 Ἐφέσῳ
430 1093 587 1161 ὖντες
630 1098 693 1152 τὸ
727 1101 1011 1173 βάπτισμα
1048 1099 1194 1174 εἶχον
1242 1103 1534 1170 Ἰωάννους
1571 1106 1731 1168 Ἴσως

189 1183 514 1256 ἐπεδήμησαν
532 1190 648 1252 τοῖς
671 1189 1068 1265 Ἰεροσολύμοις
1085 1196 1207 1248 τότε
1234 1196 1329 1249 καὶ
1351 1188 1617 1264 ἀπῆλθον,
1636 1196 1730 1248 καὶ

184 1273 289 1326 οὐδὲ
315 1275 404 1328 τὸν
435 1278 647 1349 Ἰησοῦν
674 1282 996 1352 ἠπίσταντο.
1026 1286 1100 1339 Οὐ
1128 1285 1282 1354 λέγει
1308 1285 1364 1339 δὲ
1383 1287 1591 1353 αὐτοῖς,
1631 1287 1732 1339 Πι-

183 1366 377 1422 στεύετε
399 1369 481 1434 εἰς
510 1371 604 1424 τὸν
634 1371 838 1443 Ἰησοῦν
867 1390 885 1440 ;
914 1375 1051 1429 ἀλλὰ
1078 1376 1129 1430 τί
1165 1393 1181 1443 ;
1214 1379 1281 1431 El
1304 1373 1545 1445 Πνεῦμα
1565 1376 1734 1445 ἅγιον

178 1458 403 1514 ἐλάϐετε
422 1465 875 1534 πιστεύσαντες
894 1483 914 1532 ;
933 1468 1090 1540 ᾝδει
1122 1471 1225 1524 ὅτι
1276 1470 1376 1524 οὐκ
1403 1469 1572 1541 εἶχον,
1599 1470 1736 1524 ἀλλὰ

184 1548 412 1618 βούλεται
454 1553 643 1618 αὐτοῖς
666 1557 864 1626 εἰπεῖν,
892 1558 981 1613 ἴνα
1037 1559 1302 1631 μαθόντες
1365 1553 1440 1615 ὧν
1492 1561 1730 1615 ἀπεστέ-

185 1657 380 1713 ρηνται,
406 1646 723 1717 αιτήσωσιν.

241 1850 340 1904 Kal
386 1850 697 1921 ἐπιθέντος
757 1855 960 1922 αὐτοῖς
1015 1859 1123 1912 τοῦ
1176 1857 1422 1912 Παύλου
1450 1855 1557 1924 τὰς
1600 1854 1729 1924 χεῖ-

176 1956 299 2007 ρας,
325 1937 470 2011 ἦλθε
500 1945 565 1999 τὸ
597 1945 844 2016 Πνεῦμα
871 1948 938 2000 τὸ
968 1947 1142 2018 ἅγιον
1169 1949 1263 2002 ἐπ’
1307 1949 1527 2015 αὐτούς
1548 1962 1563 1977 ·
1591 1947 1734 2001 ἐλά-

180 2032 324 2083 λουν
338 2047 401 2087 τε
421 2034 749 2105 γλώσσαις,
783 2038 879 2092 καὶ
897 2039 1324 2107 προεφήτευον.

244 2115 426 2175 Ἦσαν
451 2122 523 2176 δὲ
549 2125 604 2179 οι
630 2125 874 2194 πάντες,
923 2126 1139 2197 ἄνδρες
1179 2129 1323 2185 ὡσεὶ
1388 2132 1665 2191 δεκαδύο.

244 2306 351 2375 οὐχ
376 2306 562 2377 ἐώρων
588 2308 649 2362 τὸ
675 2310 938 2380 Πνεῦμαο
967 2312 1199 2383 ἀόρατον
1239 2314 1347 2386 γάρ
1400 2317 1549 2370 ἐστιν
1567 2333 1584 2349 ·
1646 2318 1735 2371 al-

186 2395 366 2467 σθητδν
403 2397 459 2451 δέ
487 2417 609 2453 τινα
631 2400 853 2471 ἔλεγχον
877 2401 1047 2455 ἐδίδου
1078 2403 1175 2471 τῆς
1210 2406 1491 2475 ἐνεργείας
1517 2408 1733 2479 ἐκείνης

181 2488 211 2557 ἡ
243 2488 410 2558 χάρις.
438 2491 548 2545 Καὶ
579 2492 608 2544 ὁ
641 2492 741 2561 μὲν
770 2497 838 2564 τῇ
875 2493 1121 2564 Περσῶν,
1150 2498 1178 2549 ὁ
1209 2496 1266 2549 δὲ
1295 2500 1361 2567 τῇ
1414 2496 1722 2567 Ῥωμαίων,

180 2581 205 2631 ὁ
227 2579 278 2632 δὲ
299 2580 459 2652 ἑτέρᾳ
486 2582 787 2651 ἐφθέγγετο
812 2585 1036 2655 γλώσσῃ
1055 2602 1068 2615 ·
1107 2586 1202 2640 καὶ
1227 2586 1401 2658 τούτῳ
1432 2589 1729 2659 ἐφανεροῦ-

181 2686 234 2722 το
262 2670 320 2723 τδ
351 2671 548 2736 ἔξωθεν
576 2673 646 2741 ⁵⁸,
691 2674 775 2728 ὅτι
823 2675 883 2729 τὸ
947 2676 1173 2748 Πνεῦμά
1205 2678 1354 2731 ἐστιν
1395 2681 1456 2733 ὲν
1500 2680 1648 2751 αὐτῷ
1674 2681 1736 2734 τὸ

182 2760 556 2836 φθεγγόμενον.

240 2947 538 3004 Εῑσελθὼν
598 2948 667 3003 δὲ
722 2951 810 3017 εις
861 2951 977 3020 τὴν
1035 2953 1419 3025 συναγωγὴν,
1479 2956 1733 3026 ἐπαῤῥη-

185 3038 402 3101 actitata
427 3041 528 3095 ἐπὶ
553 3041 758 3112 μῆνας
784 3043 962 3112 τρεῖς,
985 3044 1414 3116 διαλεγόμενος
1466 3047 1567 3102 καὶ
1607 3048 1738 3103 πεί-

183 3132 290 3184 θων
320 3132 391 3186 τὰ
430 3133 565 3203 περὶ
591 3132 703 3201 τῆς
724 3133 1049 3202 βασιλείας
1078 3135 1184 3190 τοῦ
1214 3138 1385 3195 Θεοῦ.

1833 668 1944 717 tum
1981 665 2181 720 abillis
2204 667 2260 722 hi
2289 669 2565 734 diﬂerunt,
2604 670 2695 740 qui
2754 684 2856 725 nec
2882 684 2951 723 an
2996 673 3142 723 esset
3176 666 3394 736 quidem

1832 750 2070 823 Spiritus
2095 770 2319 814 sanctus
2352 771 2643 817 noverant.
2672 760 2808 815 Nam
2850 775 2953 816 nec
3008 761 3062 813 in
3118 757 3395 813 Christum

1830 849 2048 917 quidem
2078 849 2244 923 [illos]
2268 846 2583 918 credidisse,
2636 854 2806 923 liquet
2832 868 2897 908 ex
2938 867 3004 906 eo
3035 849 3179 920 quod
3205 848 3341 902 dixit
3380 862 3395 899 :

1836 939 1896 995 Ut
1917 942 1970 994 in
2007 956 2147 1005 eum,
2166 945 2256 1010 qui
2298 951 2415 1010 post
2465 945 2635 1012 ipsum
2663 951 2909 996 venturus
2934 949 3083 1001 esset.
3107 944 3395 992 crederent.

1829 1030 1908 1084 Ac
1932 1045 2042 1085 non
2074 1031 2211 1086 dixit
2251 1033 2459 1087 nullum
2491 1049 2612 1089 esse
2674 1014 2941 1103 baptisma
3021 1028 3270 1088 Joannis,
3300 1026 3395 1081 sed

1831 1134 1951 1176 esse
1982 1122 2380 1192 imperlectum.
2413 1123 2519 1178 Sed
2547 1124 2690 1178 unde
2714 1123 2812 1181 illi.
2865 1122 2957 1193 qui
2988 1119 3186 1190 Ephesi
3217 1126 3395 1178 erant,
3510 1192 3513 1197 ν

1831 1211 2095 1282 baptisma
2124 1213 2350 1268 Joannis
2378 1213 2690 1269 habebant?
2720 1212 2971 1268 Forsitan
3010 1207 3399 1278 Hierosolymis

1831 1312 1988 1359 erant
2017 1305 2338 1377 peregrinati
2372 1315 2505 1361 tunc
2530 1314 2584 1360 et
2617 1304 2919 1366 abiverant,
2947 1316 3011 1356 ac
3061 1315 3162 1355 nec
3209 1298 3396 1354 Jesum

1830 1397 2048 1466 quidem
2077 1407 2358 1453 noverant.
2389 1397 2508 1452 Non
2531 1396 2666 1452 dicit
2707 1407 2887 1450 autem
2918 1393 3046 1457 illis,
3077 1390 3292 1448 Credite
3341 1389 3396 1441 in

1831 1488 2055 1544 Jesum?
2089 1490 2184 1544 sed
2213 1490 2382 1560 quid?
2412 1489 2494 1542 An
2524 1486 2780 1558 Spiritum
2810 1493 3057 1539 sanctum
3116 1481 3398 1550 accepistis

1832 1596 1898 1636 ex
1919 1598 2020 1652 quo
2047 1582 2384 1637 credidistis?
2413 1580 2646 1637 Noverat
2661 1593 2755 1635 eos
2774 1593 2887 1633 non
2911 1576 3109 1631 habere
3133 1571 3397 1643 Spiritum

1833 1682 2106 1739 sanctum,
2139 1675 2233 1729 sed
2262 1674 2377 1730 vult
2407 1673 2488 1729 eis
2520 1673 2722 1738 dicere,
2756 1679 2816 1726 ut
2842 1669 3075 1726 scientes
3095 1664 3291 1736 quibus
3318 1677 3403 1716 re-

1834 1766 1937 1821 bus
1963 1776 2202 1830 careant,
2234 1774 2443 1836 petant.

1903 1857 2065 1914 Vens.
2106 1858 2161 1912 6.
2192 1859 2396 1913 Etcum
2444 1858 2643 1916 Paulus
2679 1872 2867 1909 manus
2900 1853 2974 1907 eis
3047 1848 3398 1918 imposuisset,

1836 1951 1971 2003 venit
2001 1948 2229 2019 Spiritus
2259 1961 2474 2004 sanctus
2502 1966 2659 2019 super
2684 1949 2900 2002 illos:et
2921 1944 3265 2013 loquebantur
3299 1941 3402 1993 lin-

1836 2041 1971 2111 guis,
2003 2050 2051 2093 et
2083 2041 2480 2109 prophetabant.

1907 2133 2071 2188 Vens.
2132 2132 2183 2189 7.
2211 2131 2378 2186 Erant
2409 2142 2586 2186 autem
2642 2130 2852 2184 omnino
2903 2128 3003 2184 viri
3053 2128 3159 2199 fere
3210 2123 3404 2193 duode-

1836 2223 1961 2276 cim.

1906 2317 2023 2372 Non
2058 2316 2317 2373 videbant
2342 2317 2629 2388 Spiritum.
2663 2314 2847 2370 Videri
2877 2312 3022 2367 enim
3056 2326 3165 2365 non
3201 2316 3400 2378 potest,

1837 2409 1930 2463 sed
1981 2407 2152 2479 gratia
2178 2408 2324 2462 illius
2347 2406 2678 2477 operationis
2725 2412 3103 2477 argumentum
3132 2399 3401 2471 quoddam

1835 2507 1892 2554 et
1935 2500 2148 2570 signum
2175 2499 2348 2564 dedit,
2386 2500 2529 2570 quod
2553 2514 2715 2554 sensu
2765 2495 2970 2567 percipi
3000 2500 3197 2564 posset.
3225 2491 3402 2558 Atque

1834 2593 1972 2647 alius
1999 2592 2217 2662 quidem
2256 2593 2437 2663 lingua
2460 2582 2773 2655 Persarum,
2826 2588 2964 2641 alius
3007 2586 3399 2643 Romanorum,

1835 2684 1973 2739 alius
2002 2685 2104 2739 alia
2147 2684 2328 2755 lingua
2363 2683 2724 2753 loquebantur
2752 2696 2770 2734 :
2801 2688 2965 2748 atque
3027 2677 3133 2731 hoc
3161 2675 3402 2730 declara-

1836 2777 1996 2831 batur
2026 2778 2180 2848 signo
2206 2785 2451 2841 externo,
2488 2788 2685 2845 nempe
2728 2770 2995 2844 Spiritum
3018 2782 3138 2822 esse
3195 2765 3286 2835 qui
3324 2766 3403 2818 Io-

1834 2869 2103 2939 quebatur
2128 2868 2184 2921 in
2219 2868 2357 2934 ipso.

1910 2959 2069 3032 144
2088 2958 2253 3016 Vens.
2290 2960 2342 3015 8.
2370 2960 2640 3031 Ingressus
2670 2967 2845 3012 autem
2876 2954 2931 3009 in
2981 2966 3305 3024 synagogam
3336 2949 3402 3001 li-

1837 3052 1951 3107 bere
1977 3052 2285 3123 loquebazur
2319 3052 2389 3107 ad
2420 3048 2617 3108 menses
2639 3061 2763 3116 tres,
2812 3050 3067 3103 disserens
3101 3060 3164 3098 ac
3181 3042 3404 3097 suadens

1837 3162 1920 3210 ea,
1953 3161 2071 3216 quia
2097 3147 2355 3215 pertinent
2388 3146 2455 3199 ad
2487 3162 2701 3217 regnum
2735 3143 2851 3198 Dei.

242 3221 305 3275 Ti
365 3224 535 3289 ἔστιν,
589 3224 1133 3293 Ἐπαρῤησιὰζετο;
1164 3227 1308 3298 Πρὸς
1359 3227 1640 3299 κινδύνους
1669 3225 1735 3302 ἦν

1909 3234 2050 3301 Quid
2080 3244 2163 3290 est
2191 3236 2335 3305 quod
2363 3235 2514 3302 dicit,
2546 3234 2729 3289 Liberc
2765 3232 3109 3304 loquebatur?
3140 3231 3405 3287 Periculis

185 3311 655 3382 παρατεταγμένος
677 3328 692 3343 ο
719 3313 753 3382 ἢ
784 3315 878 3367 καὶ
904 3314 1285 3387 φανερώτερον
1335 3317 1631 3386 διελέγετο,
1673 3319 1735 3372 ού

185 3402 474 3468 συσιιάζων
525 3404 594 3457 τὰ
647 3403 913 3472 δόγματα.
965 3405 1108 3477 Ὀρα
1140 3405 1198 3461 δὲ
1227 3407 1508 3478 πανταχοῦ
1542 3409 1737 3463 ἑαυτὸν

184 3492 492 3547 εἰωθοῦντα
520 3495 568 3528 ⁸⁸
596 3494 678 3559 el;
704 3496 805 3559 τὰς
841 3499 1192 3568 συναγωγὰς,
1247 3500 1343 3552 καὶ
1365 3497 1538 3563 οὕτως
1562 3499 1736 3565 ἐξιόν-

183 3600 261 3641 τα.
283 3585 566 3660 Πανταχοῦ
594 3591 706 3660 γὰρ
732 3590 864 3662 παρ’
882 3590 1062 3645 αὐτῶν
1092 3587 1344 3644 ἐϐούλετο
1364 3588 1547 3644 λαϐεῖν
1570 3589 1740 3663 ἀφορ-

189 3676 303 3745 μάς.

257 3787 350 3854 Ὠς
402 3787 471 3842 δέ
524 3806 683 3856 τινες
742 3790 1195 3861 ἐσκληρύνοηο
1267 3792 1365 3847 καὶ
1421 3794 1736 3862 ἠπείθουν,

186 3879 651 3950 κακολοπυῦντες
680 3881 797 3949 τὴν
825 3882 971 3937 ὁδὸν
995 3882 1256 3938 ἐνώπιον
1291 3884 1397 3940 τοῦ
1428 3887 1734 3954 mitiﬁcae"

183 3970 440 4038 ἀποστὰς
465 3971 568 4025 ἀπ’
593 3970 795 4027 αὐτῶν
816 3972 1079 4042 ἀφώρισε
1110 3975 1253 4042 τοὺς
1274 3976 1567 4046 μαθητὰς,
1592 3982 1736 4034 καθ·

183 4064 393 4125 ημέραν
447 4060 874 4131 διαλεγόμενος
921 4062 992 4117 ἐν
1046 4061 1124 4133 τῇ
1179 4063 1383 4134 σχολῇ
1437 4066 1739 4134 τυράννου

187 4150 355 4216 τινός.

256 4241 427 4297 Τοῦτο
493 4243 562 4298 δὲ
615 4244 852 4314 ἐγένετο
880 4245 980 4302 ἐπὶ
1034 4245 1138 4314 ἔτη
1189 4244 1322 4313 δύο,
1373 4245 1530 4301 ὥστε
1590 4247 1742 4302 πάν-

187 4345 287 4398 τας
332 4333 475 4400 τοὺς
509 4336 938 4404 κατοικοῦντας
958 4337 1074 4406 τὴν
1123 4338 1326 4393 Ἀσίαν
1360 4337 1618 4392 ἀκοῦσαι
1638 4339 1743 4395 τὸν

195 4424 370 4492 λόγον
423 4425 532 4480 τοῦ
583 4430 693 4497 Kv;
709 4427 804 4483 Ιου
859 4429 1086 4499 Ἰησοῦ,
1152 4427 1487 4493 Ἰουδαίους
1530 4445 1594 4482 τε
1639 4432 1740 4486 καὶ

189 4513 508 4586 Ἕλληνας.
1044 4574 1053 4581 .

254 4610 735 4680 Κακολογοῢντες
782 4611 898 4681 τὴν
944 4614 1110 4670 ὁδόν.
1143 4617 1217 4671 Ἦ
1264 4618 1382 4673 ὁδὸν
1441 4620 1592 4689 λέγει
1646 4619 1742 4673 τὸν

188 4696 430 4771 Χριστὸν,
459 4700 519 4765 ὃς
576 4701 674 4754 καὶ
727 4702 845 4766 ὁδὸς
900 4705 1179 4760 καλεῖται’
1239 4710 1273 4780 ἢ
1301 4710 1417 4764 ὁδὸν
1454 4711 1601 4780 λέγει
1640 4710 1741 4781 τὴν

187 4788 350 4863 ἀληθῆ
381 4794 590 4862 πίστιν,
635 4795 736 4866 τὴν
766 4793 853 4849 διὰ
906 4795 1001 4849 τοῦ
1040 4797 1252 4852 Παύλου
1306 4800 1745 4882 καταγγελλομές

189 4897 302 4951 νην.
340 4885 411 4940 Τὸ
462 4885 540 4949 δὲ,
592 4885 885 4955 Ἀςρώρισε
943 4888 1085 4956 τοὺς
1143 4891 1434 4959 μαθητὰς,
1493 4892 1742 4947 παιδεύει

193 4975 645 5045 χωρίζεσθαιὰπδ
695 4979 807 5033 τῶν
854 4979 1327 5052 βλασφημούντων
1354 4984 1446 5038 τὸν
1469 4984 1595 5039 Υιὸν
1644 4982 1741 5038 τοῦ

185 5061 316 5116 Θεοῦ
340 5068 461 5130 τοὺς
496 5069 578 5131 εἰς
606 5068 772 5122 αὐτὸν
813 5070 1241 5136 πιστεύσαντας.

252 5155 536 5226 Δυνάμεις
576 5158 646 5211 δὲ
671 5158 719 5192 ⁸⁸
787 5161 860 5214 οὐ
911 5162 1021 5226 τὰς
1091 5161 1399 5232 τυχούσας
1472 5162 1662 5218 ἐποίει
1705 5163 1741 5217 ὁ

189 5245 330 5312 Θεὸς
353 5248 446 5303 διὰ
482 5249 601 5304 τῶν
628 5251 843 5321 χειρῶν
875 5255 1120 5310 Παύλου
1139 5270 1153 5286 ·

255 5338 432 5394 Ὥστε
475 5343 576 5396 καὶ
629 5343 729 5397 ἐπὶ
782 5345 926 5411 τοὺς
981 5345 1394 5412 ἀσθενοῦντας
1461 5346 1735 5415 ἐπιφέρε-

186 5431 327 5483 σθαι
369 5432 484 5488 ἀπὸ
532 5435 641 5490 τοῦ
689 5436 916 5505 χρωτὸς
931 5436 1115 5504 αὐτὸς
1164 5436 1476 5505 σουδάρια,
1508 5437 1547 5504 ἢ
1592 5452 1742 5505 σιμι-

1836 3340 1957 3382 scse
2006 3326 2361 3396 opponebat:
2417 3335 2512 3380 aut
2559 3325 2723 3378 etiam
2789 3326 3031 3394 apertius
3080 3320 3402 3382 disserebat,

1835 3434 1946 3473 non
1970 3419 2161 3473 umbra
2195 3417 2494 3473 sententias
2542 3416 2857 3471 obvolvens.
2890 3412 3279 3469 Animadverte
3304 3427 3404 3465 au-

1837 3518 1947 3565 tem
1978 3509 2127 3564 illum
2148 3510 2349 3579 ubique
2372 3524 2490 3563 sese
2518 3508 2570 3562 in
2602 3522 2898 3579 synagogas
2918 3503 3215 3567 intrudere,
3244 3512 3406 3572 atque

1838 3604 1910 3660 ita
1939 3603 2145 3672 egredi.
2185 3601 2398 3672 Ubique
2427 3600 2573 3656 enim
2598 3601 2666 3654 ab
2700 3599 2807 3654 illis
2830 3612 3045 3654 sumere
3073 3596 3286 3652 volebat
3308 3609 3405 3651 oc-

1838 3695 2105 3751 casiones.

1908 3786 2071 3843 Vens.
2096 3787 2150 3843 9.
2185 3785 2289 3841 Sed
2328 3794 2385 3840 ut
2431 3782 2671 3839 nonnulli
2700 3779 3127 3845 obdurescebant,
3172 3786 3220 3831 et
3249 3777 3406 3847 ﬁdem

1840 3896 1941 3935 non
1971 3878 2251 3944 habebant,
2275 3879 2629 3947 vituperantes
2660 3874 2801 3929 uiam
2826 3869 2968 3941 apud
2993 3868 3404 3927 multitudinem,

1839 3972 2104 4040 digressus
2134 3970 2196 4024 ab
2237 3970 2345 4023 illis
2388 3968 2678 4040 segregavit
2707 3963 3017 4036 discipulos,
3044 3961 3277 4034 quotidie
3298 3959 3402 4012 dis-

1837 4077 2011 4117 serens
2038 4063 2093 4117 in
2116 4060 2291 4115 schola
2317 4060 2523 4132 tyranni
2552 4057 2846 4128 cuiusdam.

1911 4248 2073 4305 Vsus.
2112 4247 2199 4302 10.
2230 4248 2398 4318 Atque
2441 4247 2536 4300 hoc
2582 4248 2781 4315 factum
2820 4251 3082 4311 estusque
3132 4240 3202 4292 ad
3243 4253 3410 4290 annos

1841 4344 1990 4407 duos,
2017 4352 2072 4394 ut
2104 4357 2279 4394 omnes
2309 4339 2399 4409 qui
2427 4338 2608 4391 Asiam
2637 4335 2955 4398 incolebant,
3014 4332 3255 4386 audirent
3296 4343 3412 4382 uer—

1843 4433 1963 4487 bum
1996 4429 2206 4484 Domini
2234 4426 2386 4493 Jesu,
2407 4426 2582 4481 Judaai
2606 4435 2655 4480 et
2688 4422 2881 4480 Graeci.

1919 4611 2287 4683 Vituperantes
2317 4610 2477 4664 viam.
2517 4607 2625 4661 Aut
2650 4603 2793 4661 viam
2816 4601 2948 4657 dicit
2981 4598 3284 4659 Christum,
3314 4593 3408 4665 qui

1847 4706 2011 4762 etiam
2046 4704 2131 4759 via
2163 4711 2386 4757 vocatur
2421 4716 2435 4755 :
2473 4708 2567 4754 aut
2596 4714 2697 4769 per
2735 4695 2876 4752 viam
2928 4690 3196 4765 signiﬁcat
3224 4703 3409 4743 veram

1848 4796 2029 4862 ﬁdem,
2065 4810 2185 4864 quae
2215 4809 2310 4864 per
2340 4790 2567 4845 Paulum
2617 4786 3066 4843 annuntiabatur.
3120 4780 3275 4847 Quod
3318 4794 3414 4832 au-
3530 4828 3533 4829 ν

1850 4895 1957 4940 tem
1986 4885 2135 4948 dicit,
2170 4881 2467 4953 Segregavit
2514 4878 2815 4949 discipulos,
2846 4875 3007 4931 docet
3041 4888 3136 4928 eos
3171 4870 3263 4941 qui
3296 4885 3415 4924 cre-

1847 4977 1984 5032 dunt
2006 4976 2060 5031 in
2089 4975 2262 5035 illum,
2325 4981 2386 5027 ut
2423 4970 2706 5027 discedant
2735 4969 2803 5023 ab
2832 4965 2921 5031 iis,
2955 4963 3048 5035 qui
3113 4956 3414 5016 maledictis

1847 5068 2048 5124 laedunt
2070 5065 2406 5132 maiestatem
2436 5062 2556 5118 Filii
2584 5060 2719 5115 Dei-

1919 5157 2083 5214 Vens.
2120 5158 2204 5212 ll.
2255 5156 2485 5210 Virtutes
2530 5161 2706 5206 autem
2756 5149 2897 5202 haud
2936 5143 3174 5214 vulgares
3230 5137 3412 5194 edebat

1848 5249 1985 5305 Deus
2022 5266 2114 5320 per
2140 5264 2326 5301 manus
2353 5244 2533 5311 Pauli,

1914 5341 2076 5399 Vens.
2112 5342 2195 5396 12.
2225 5341 2363 5394 Adeo
2405 5347 2460 5392 ut
2517 5336 2675 5390 etiam
2714 5338 2777 5388 de
2817 5343 3029 5398 corpore
3052 5325 3163 5394 ejus
3187 5322 3408 5378 sudaria

1847 5443 1937 5487 aut
1958 5431 2277 5487 semicinctia
2303 5428 2634 5498 deferrentur
2672 5432 2720 5478 et
2753 5423 3147 5488 imponerentur
3173 5412 3408 5494 a'grotis’

1334 5611 1534 5674 Varias
1570 5610 1876 5675 lectiones
1919 5616 1982 5672 et
2027 5614 2213 5671 noue.

257 5754 313 5833 ’ξ
342 5754 423 5812 la.
475 5759 635 5816 τοῦτο
690 5759 769 5833 τῷ
823 5759 1042 5827 ἔξωθεν.

188 5819 441 5893 δυνάμεις
465 5845 546 5886 τε.

1166 5760 1212 5794 ⁸⁸
1243 5757 1591 5825 Εἰσοθοῦντα,
1641 5768 1778 5814 erat.

1887 5758 1933 5791 “
1977 5755 2043 5812 In
2091 5752 2446 5822 manuscripto
2481 5760 2579 5819 cst,
2643 5750 2898 5821 δύναμεις
2931 5745 3022 5801 δὲ’
3072 5746 3127 5801 in
3160 5743 3403 5816 vulgatis,
