3856 6578
445 434 553 501 ’163

1332 430 1909 505 TIIEOPHYLACTI
1942 437 2353 500 ΒυιοΑιιιΑι
2391 436 2739 498 ABCHIEP.

3562 428 3669 493 ’164

442 555 495 600 et
513 547 590 601 illi
615 548 804 603 morbis
830 550 907 606 ita
939 547 1307 619 liberarentur,
1335 562 1389 607 et
1408 552 1627 623 spiritus
1646 551 1777 606 ntali
1809 551 2009 605 exirent

2135 548 2313 602 ιινθια
2359 549 2401 582 ⁸⁷
2442 563 2456 579 ο
2499 548 2599 601 καὶ
2644 546 3135 602 ἀπαλλάττεσθαι
3189 543 3291 599 ἀπ’
3336 540 3539 597 αὐτῶν
3572 545 3676 609 τὰς

412 701 422 710 .
444 638 510 691 ab
533 638 664 693 illis.

520 819 595 873 De
619 837 833 890 corpore
854 820 970 891 ejus
995 821 1325 892 deferrentur
1351 830 1401 877 et
1442 822 1838 891 imponerentur
1857 822 2014 875 suda-

2112 640 2360 705 νόσους,
2395 638 2546 695 τότε
2569 640 2879 710 πνεύματα
2935 638 3009 692 τὰ
3036 634 3272 705 πονηρὰ
3322 634 3678 703 ἐξέρχεσθαι

2108 731 2215 785 ἀπ’
2239 729 2460 784 αὐτῶν.

2182 821 2597 890 Ἔπιφέρεσθαι
2647 821 2769 877 ἀπὸ
2792 820 2899 875 τοῦ
2940 818 3167 889 χρωτὸς
3208 818 3395 872 αὐτοῦ
3463 815 3685 871 σουδά-

446 910 547 963 ria.
590 908 708 964 Non
742 909 902 964 modo
928 918 1231 979 gestaan
1282 911 1599 981 tangebam,
1628 926 1816 964 verum
1845 911 2009 966 etiam

2135 927 2229 967 ita.
2265 912 2401 982 οὐχὶ
2428 911 2724 983 φοροῦντος
2745 911 2989 982 ’ἥπτοντο
3016 909 3201 978 μόνον,
3240 908 3377 962 ἀλλὰ
3420 908 3518 961 καὶ
3540 906 3683 974 λαμ-

442 1007 725 1055 sumentes
778 998 1042 1072 [sudaria]
1073 1001 1441 1071 impellebant.
1499 1002 1603 1058 Sed
1640 1002 2013 1058 animadverte

441 1089 750 1145 Judzeorum
783 1091 951 1146 animi
976 1092 1258 1147 duritiem.
1292 1092 1424 1146 Cum
1472 1107 1541 1148 ex
1578 1092 1921 1147 vestimentis
1955 1092 2014 1147 il-

440 1181 619 1235 lorum
649 1180 909 1237 miracula
934 1181 1028 1236 edi
1075 1182 1367 1247 vidissent,
1398 1198 1510 1238 non
1542 1184 1805 1239 curabant
1835 1199 2012 1254 neque

440 1271 822 1327 movebantur.
851 1271 987 1327 Nam
1024 1273 1391 1340 sudariorum,
1436 1273 1901 1330 semicinctiorum
1956 1283 2013 1330 et

443 1362 759 1417 umbrarum
799 1361 1195 1433 discipulorum
1220 1364 1376 1434 signa
1421 1364 1624 1435 majora
1674 1374 1824 1428 sunt.
1849 1382 2011 1435 quam

441 1467 504 1505 ca
531 1467 653 1521 qtae
680 1452 936 1509 Christus
982 1453 1188 1510 ell‘ecit.
1216 1454 1442 1509 Sudaria
1468 1465 1524 1510 et
1550 1455 1910 1522 semicinctia,
1948 1458 2014 1511 li-

440 1556 545 1595 nea
574 1549 702 1596 sunt
732 1550 981 1613 utraque,
1012 1546 1107 1601 sed
1131 1546 1347 1601 sudaria
1382 1546 1601 1617 quidem
1640 1546 1799 1618 capiti
1840 1548 2011 1619 impo-

354 1664 360 1671 -
441 1640 672 1697 nuntur,
723 1634 1059 1690 semicinctia
1115 1652 1241 1691 vero
1266 1637 1319 1690 in
1365 1637 1622 1693 manibus
1654 1646 1864 1701 tenent,
1919 1639 2014 1710 qui

442 1739 551 1778 non
584 1733 809 1795 possunt
831 1727 1045 1781 sudaria
1072 1737 1304 1797 gestare,
1327 1729 1516 1798 quales
1543 1731 1779 1801 suntqui
1803 1738 2017 1801 gestant

441 1816 757 1871 consulares
786 1819 972 1882 stolas,
1021 1828 1080 1874 ut
1107 1821 1418 1893 abstergunt
1442 1823 1702 1878 humores
1754 1822 1929 1884 faciei,
1956 1831 2017 1878 ut

443 1907 689 1973 sudores,
715 1907 959 1975 salivam,
983 1910 1247 1981 lacrymas
1277 1921 1331 1967 et
1363 1912 1592 1983 reliqua.

512 2082 674 2138 Vens.
714 2085 801 2139 l5.
836 2084 1079 2156 Aggressi
1115 2094 1237 2153 sunt
1262 2093 1439 2138 autent
1467 2080 1683 2155 quidam
1721 2099 1785 2139 ea:
1820 2085 1903 2149 iis,
1934 2086 2024 2154 qui

441 2173 783 2228 obambulare
809 2174 1043 2228 solebant
1078 2174 1279 2229 Judwis
1321 2174 1611 2237 exorcistis,
1648 2173 1704 2226 id
1760 2182 1835 2228 est
1862 2173 2022 2243 adju-

442 2265 725 2328 ratoribus,
752 2264 1023 2334 appellare
1038 2281 1195 2332 super
1211 2281 1297 2318 eos
1327 2265 1418 2334 qui
1443 2265 1596 2319 malis
1610 2264 1880 2334 spiritibus
1906 2279 2023 2318 cor-

444 2359 577 2425 repti
605 2366 776 2421 erant,
811 2374 996 2412 nomen
1030 2355 1411 2420 Dominilesu,
1454 2358 1685 2411 dicentes
1719 2371 1738 2411 :
1785 2356 2023 2424 Adjura-

446 2463 559 2499 mus
588 2462 675 2501 vos
696 2462 791 2515 per
816 2444 853 2498 Ι
858 2463 1024 2515 esum,
1051 2463 1205 2517 quem
1232 2445 1437 2501 Paulus
1456 2447 1732 2517 pra‘dicat.

510 2537 748 2593 Credere
773 2538 993 2609 quidem
1021 2540 1109 2594 isti
1162 2539 1452 2605 nolebant,
1522 2540 1616 2595 sed
1675 2553 1772 2608 per
1821 2551 2021 2591 nomen

445 2630 815 2686 Dominilesu
879 2630 1156 2687 daemonas
1210 2632 1409 2702 ejicere
1439 2631 1713 2686 volebant.
1771 2629 2025 2685 Indicant

442 2721 587 2775 enim
613 2723 775 2777 verba
823 2719 1103 2792 scriptoris
1127 2723 1246 2777 illos
1280 2722 1600 2787 exorcistas,
1639 2737 1753 2776 non
1785 2729 1844 2776 ut
1905 2734 2024 2775 cre-

441 2808 575 2862 dent
594 2828 633 2864 ιδ
657 2810 805 2876 Jesu,
834 2812 928 2865 sed
962 2820 1304 2866 tit-tentantes
1346 2820 1399 2866 et
1419 2811 1718 2882 periculum
1739 2808 2022 2873 iacientes,

446 2897 606 2968 145
626 2913 721 2967 per
737 2915 934 2953 nomen
961 2899 1169 2954 Domini
1187 2900 1356 2954 nostri
1378 2900 1504 2954 lesu
1527 2899 1727 2954 Christi
1743 2897 2025 2968 adjurasse

445 2990 668 3059 spiritus
697 2992 960 3061 impuros.
992 2992 1146 3058 Quod
1178 2993 1339 3063 igitur
1361 2992 1514 3057 dicit,
1542 2990 1934 3062 ἐπεχείρησαν,
1970 2991 2023 3046 id

445 3090 623 3143 sonat,
655 3081 708 3132 in
756 3096 949 3136 manus
999 3092 1367 3153 sumpserunt,
1411 3080 1602 3139 manus
1623 3083 2022 3149 adhibuerunt,

446 3167 553 3223 hoc
583 3168 869 3239 signiﬁcat,
926 3186 1035 3225 non
1066 3171 1185 3227 illos
1227 3173 1448 3242 quidem
1478 3174 1714 3229 conlisos
1760 3173 1931 3229 fuisse
1964 3190 2027 3229 se

2113 1001 2371 1065 δάνοντες
2400 1000 2743 1056 ἐπετίθεσαν.
2779 1002 2925 1071 Ὅρα
2950 1000 3009 1053 δὲ
3034 998 3294 1070 πώρωσιν
3334 997 3650 1066 Ἰουδαῗκήν
3668 1012 3683 1026 ·

2113 1094 2183 1148 τὰ
2217 1094 2415 1164 ἱμάτια
2457 1094 2642 1148 αὐτῶν
2702 1093 2909 1156 ίδόντες
2948 1089 3300 1163 ἐνεργοῦντα,
3347 1087 3412 1143 οὐ
3463 1087 3684 1157 προσεί-

2113 1201 2231 1254 χον.
2264 1176 2474 1254 Τὰγὰρ
2531 1184 2642 1237 τῶν
2688 1180 2986 1253 σουδαρίων
3032 1180 3130 1234 καὶ
3188 1176 3538 1249 σιμικινθίων
3597 1174 3689 1228 καὶ

2112 1274 2226 1328 τῶν
2261 1274 2428 1329 σκιῶν
2474 1273 2587 1327 τῶν
2619 1272 2874 1344 μαθητῶν
2912 1269 3138 1341 σημεῖά,
3167 1270 3279 1323 εἱσι
3341 1268 3575 1339 μείζονα
3617 1260 3688 1317 ὢν

2114 1364 2145 1416 ὁ
2218 1363 2428 1435 Ἰησοῦς
2500 1364 2747 1435 εποίησε.
2829 1362 3097 1433 Σουδάρια
3187 1360 3283 1415 καὶ
3382 1355 3691 1428 σιμικίνθια

2114 1454 2347 1525 λινοειδῆ
2378 1456 2517 1508 εἰσιν
2564 1454 2855 1525 ἀμφότερα
2896 1468 2912 1482 ·
2943 1452 3085 1524 πλὴν
3139 1450 3209 1506 τὰ
3268 1449 3372 1521 μὲν
3430 1446 3693 1517 σουδάρια

2112 1545 2211 1598 ἐπὶ
2273 1545 2375 1616 τῆς
2435 1544 2682 1615 κεφαλῆς
2749 1542 3131 1597 ὲπιϐἀλλεταγ
3204 1539 3274 1595 τὰ
3331 1538 3390 1593 δὲ
3450 1535 3694 1608 σιμικίν-

2117 1636 2207 1690 θια
2287 1636 2346 1688 ὲν
2399 1638 2515 1698 ταῖς
2552 1635 2711 1707 χερσὶ
2784 1634 3115 1704 κατέχουσιν
3149 1633 3200 1686 οἱ
3250 1631 3328 1703 μὴ
3382 1629 3683 1698 δυνάμενοι

2118 1727 2332 1798 ώράρια
2347 1726 2394 1759 ⁸⁸
2413 1728 2640 1797 φορέσαι
2668 1742 2683 1759 ο
2727 1718 2830 1778 οἷοί
2858 1726 2997 1779 εἰσιν
3023 1724 3073 1777 οί
3103 1721 3396 1794 φοροῦντες
3417 1719 3696 1781 ὑπατικὰς

2124 1817 2342 1882 στολὰς,
2384 1818 2523 1890 πρὸς
2556 1817 2620 1871 τδ
2657 1816 3069 1887 ἀπομάττεσθαι
3100 1815 3200 1881 τὰς
3226 1812 3539 1887 ὑγρότητας
3602 1808 3697 1864 τοῦ

2051 1918 2095 1977 Β
2126 1904 2443 1976 προσώπου,
2473 1902 2591 1961 οἷον
2620 1907 2878 1978 ἱδρῶτας,
2909 1906 3167 1970 πτύελον,
3192 1906 3458 1977 δάκρυον,
3490 1903 3599 1957 καὶ
3631 1900 3695 1955 τὰ

2126 1994 2311 2050 λοιπά.

2197 2074 2645 2157 Ἐπεχείρησαν
2706 2085 2774 2141 δέ
2831 2103 2994 2154 τινες
3043 2086 3163 2143 ἀπὸ
3223 2085 3344 2141 τῶν
3388 2099 3699 2154 περιερχο-

2118 2173 2319 2243 μένων
2345 2176 2654 2230 Ἰουδαίων
2675 2175 3061 2244 ἐξορκιστῶν,
3093 2173 3404 2246 ὀνομάζειν
3426 2173 3525 2229 ἐπὶ
3555 2172 3698 2239 τοὺς

2123 2264 2376 2333 ἔχοντας
2405 2263 2476 2319 τὰ
2500 2266 2810 2334 πνεύματα
2832 2265 2906 2321 τὰ
2953 2264 3188 2335 πονηρὰ
3235 2264 3303 2320 τὸ
3352 2265 3542 2333 ὄνομα
3591 2263 3698 2319 τοῦ

2125 2352 2350 2420 Κυρίου
2410 2351 2631 2421 Ἰησοῦ,
2665 2353 2948 2424 λέγοντες
3012 2350 3339 2424 Ὀρκίζομεν
3387 2351 3545 2423 ὑμᾶς
3595 2353 3699 2406 τὸν

2124 2441 2384 2510 Ἰησοῦν,
2410 2442 2484 2497 ὃν
2514 2444 2548 2499 ὁ
2582 2443 2820 2510 Παῦλος
2850 2445 3172 2514 κηρύσσει.

2198 2532 2495 2587 Πιστεῦσαι
2535 2533 2637 2602 μὲν
2675 2527 2823 2590 οῦτοι
2848 2535 2951 2589 οὐκ
2986 2534 3179 2607 ἤθελον
3209 2551 3225 2566 ·
3256 2533 3345 2587 διὰ
3373 2532 3429 2586 δὲ
3451 2532 3547 2586 τοῦ
3579 2531 3696 2585 ὀνο·

2128 2641 2297 2696 ματος
2322 2624 2516 2695 ἤθελον
2542 2625 2825 2681 ἐκϐάλλειν
2847 2625 3130 2697 δαίμονας.
3165 2624 3416 2679 Δείκνυσι
3445 2623 3557 2693 γὰρ
3609 2624 3696 2676 αῦ-

2136 2718 2326 2788 τοῦςή
2361 2716 2526 2782 λέξις,
2563 2717 2645 2771 ὅτι
2684 2718 2783 2788 οὐχ
2822 2718 2899 2780 ὡς
2930 2717 3283 2780 πιστεύοντες
3309 2715 3388 2786 τῷ
3406 2713 3593 2785 Ἰησοῦ
3650 2715 3696 2766 οἱ

2124 2803 2436 2877 ὲξορκισταὶ
2490 2804 2780 2879 ἐξώρκιζον
2831 2806 2900 2860 τὰ
2960 2806 3247 2877 ἀκάθαρτα
3297 2803 3592 2873 πνεύματα
3629 2803 3698 2870 τῷ

2123 2899 2351 2969 ὀνόματι
2393 2895 2491 2951 τοῦ
2516 2897 2723 2969 Κυρίου
2754 2897 2914 2969 ήμῶν
2938 2897 3117 2969 Ἰησοῦ
3161 2897 3425 2969 Χριστοῦ,
3475 2896 3597 2949 ἀλλ’
3631 2895 3698 2956 ὡς

2124 2989 2499 3061 πειράζοντες.
2536 2988 2609 3044 Τὸ
2660 2989 2774 3054 οὖν,
2846 2989 3296 3060 Ἐπεχείρησαν,
3345 2987 3506 3041 τοῦτο
3553 2986 3700 3056 δηλοῖ

2123 3082 2206 3136 ὅτι
2251 3082 2353 3152 οῦκ
2381 3081 2649 3154 ἐθάρρουν
2694 3080 2816 3152 μὲν,
2849 3080 2988 3152 πλὴν
3034 3079 3329 3134 ἐπέϐαλλον
3370 3078 3472 3141 τὰς
3513 3079 3698 3147 χεῖρα..

2125 3172 2273 3234 ὅπως
2298 3170 2686 3235 ὲπιτεῦξωνται
2710 3170 2805 3224 τοῦ
2847 3167 3075 3224 σκοποῦ.
3107 3169 3198 3223 Διδ
3251 3168 3348 3222 καὶ
3375 3171 3475 3238 τῆς
3500 3183 3700 3240 προπε-

447 3258 741 3316 ell‘ecturos
785 3261 928 3332 quod
1001 3263 1430 3335 conababantur,
1487 3265 1583 3321 sed
1643 3281 1836 3321 manus
1890 3265 2020 3337 inje-

2135 3265 2277 3330 τείας
2329 3264 2463 3337 πρὸς
2495 3262 2679 3334 ὀλίγου
2705 3261 2972 3317 δεδώκασι
3001 3262 3175 3333 δίκην.

446 3356 607 3420 ci’sse,
638 3363 696 3411 ut
720 3368 1185 3428 consequerentur
1205 3359 1349 3430 quod
1376 3360 1557 3417 animo
1588 3372 2008 3434 prepnsuerant.
2049 3359 2411 3426 Quamobrem
2472 3359 2636 3416 etiam
2671 3374 2866 3431 parum
2903 3356 3098 3426 abluit,
3160 3356 3294 3429 quin
3386 3353 3701 3413 temeritatis

445 3460 560 3502 sum
592 3464 781 3517 poenas
810 3447 1020 3507 darent.

519 3537 684 3595 Vens.
751 3540 834 3597 14.
916 3543 1083 3598 Erant
1136 3555 1316 3601 autem
1375 3548 1591 3617 quidam
1661 3548 1763 3617 lilii
1842 3547 2020 3605 Saeva:

447 3631 622 3686 ,ιιιάωὶ
647 3631 901 3703 principis
936 3637 1267 3691 sacerdotum
1302 3654 1515 3694 numero
1546 3650 1765 3710 septem,
1791 3641 1883 3712 qui
1932 3642 2026 3695 hoc

451 3722 704 3791 agebant.

522 3811 686 3867 Vens.
718 3813 798 3870 15.
839 3811 943 3869 Sed
989 3815 1204 3882 spiritus
1255 3818 1438 3873 malus
1473 3824 1793 3890 respondens
1848 3824 2018 3878 dixit:

445 3903 629 3958 Iesum
652 3906 792 3972 novi,
815 3915 863 3959 et
890 3904 1095 3961 Paulus
1136 3910 1265 3962 mihi
1312 3927 1415 3964 non
1461 3922 1537 3967 est
1574 3915 1899 3986 incognitus:
1930 3933 2017 3973 vos

444 4006 631 4047 autem
657 3995 875 4064 quinam
896 3998 1021 4052 estis
1039 3998 1065 4050 7

524 4084 688 4141 Vens.
727 4086 813 4142 lli.
857 4086 926 4141 Et
947 4089 1098 4143 homo
1126 4090 1215 4146 ille
1242 4092 1298 4146 in
1320 4110 1421 4165 quo
1440 4094 1659 4165 spiritus
1688 4094 1859 4151 malus
1880 4106 2019 4165 erat,

450 4176 511 4229 in
528 4175 650 4230 illos
667 4176 867 4247 impetu
901 4180 1040 4250 facta
1069 4197 1186 4235 cum
1210 4185 1451 4253 superior
1475 4186 1551 4240 eis
1574 4186 1842 4250 evasisset,
1867 4187 2020 4247 inva-

451 4269 553 4323 luit
592 4270 837 4325 adversus
866 4272 985 4327 illos
1022 4274 1177 4342 adeo,
1201 4285 1257 4329 ut
1296 4278 1424 4332 nudi
1454 4285 1501 4332 et
1534 4277 1797 4332 vulnerati
1831 4279 2020 4351 eﬂ'uge-

450 4371 570 4416 rent
598 4379 663 4418 ea:
697 4363 894 4420 antibus
922 4365 1048 4421 illis.

525 4545 691 4601 Vens.
726 4547 816 4602 l7.
854 4548 1025 4619 Atque
1061 4548 1158 4603 hoc
1207 4557 1386 4604 notum
1418 4551 1618 4621 factum
1658 4560 1735 4606 est
1787 4554 2029 4609 omnibus

452 4636 660 4693 Iudicis
725 4647 882 4708 atque
919 4638 1141 4707 armis,
1186 4641 1278 4711 qui
1328 4640 1520 4711 Ephesi
1578 4642 1912 4712 habitabant,
1978 4655 2028 4700 et

2197 3543 2403 3603 Ἦσαν
2448 3546 2517 3601 δέ
2574 3563 2734 3613 τινες
2784 3544 2905 3600 vlol
2958 3541 3154 3601 Σκευᾶ
3194 3542 3482 3600 Ἰουδαίου
3514 3541 3699 3612 ἀρχιε-

2115 3638 2270 3709 ρέως
2290 3638 2459 3705 ἑπτὰ,
2502 3639 2556 3692 el
2584 3636 2760 3692 τοῦτο
2790 3633 3125 3702 ποιοῦντες.

2198 3823 2547 3893 Ἀποκριθὲν
2597 3819 2665 3877 δὲ
2720 3822 2785 3877 τὸ
2835 3821 3072 3891 πνεῦμα
3104 3821 3172 3876 τὸ
3223 3821 3511 3891 πονηρῦν,
3539 3816 3695 3874 εἶπε·

2123 3910 2236 3965 Τὸν
2280 3909 2515 3979 Ἰησοῦν
2555 3910 2849 3981 γινώσκω,
2880 3910 2981 3964 καὶ
3027 3910 3136 3965 τὸν
3181 3909 3432 3964 Παῦλον
3456 3907 3698 3961 ἐπίστα-

2124 4019 2231 4072 μαι
2250 4018 2264 4033 ο
2299 3999 2469 4071 ὑμεῖς
2496 3999 2565 4054 δὲ
2586 4001 2746 4066 τίνες
2774 3999 2916 4055 ἐστέ
2938 4016 2956 4064 ;

2191 4093 2299 4150 Kal
2319 4094 2729 4163 ἐφαλλόμενος
2760 4091 2851 4146 ἐπ’
2882 4089 3105 4157 αὐτοὺς
3130 4091 3164 4143 ό
3201 4087 3534 4156 ἄνθρωπος,
3566 4086 3636 4139 ἐν
3654 4078 3701 4152 ᾧ

2117 4183 2197 4260 ἦν
2221 4188 2283 4241 τὸ
2318 4185 2554 4255 πνεῦμα
2581 4185 2648 4240 τὸ
2692 4184 2982 4252 πονηρὸν,
3022 4183 3120 4236 καί
3151 4179 3634 4248 κατακυριεῦσαν
3652 4179 3696 4210 ³⁹

2119 4277 2338 4341 αὐτῶν,
2385 4278 2610 4347 ἴσχυσε
2647 4276 2774 4331 κατ’
2811 4272 3039 4341 αὐτῶν,
3085 4272 3243 4328 ὥστε
3292 4273 3557 4343 γυμνοὺς
3604 4272 3697 4324 και

2127 4366 2745 4441 τετραυματισμένους
2777 4367 3062 4439 ἐκφυγεῖν
3103 4366 3173 4421 ἐκ
3210 4362 3318 4419 τοῦ
3358 4363 3531 4418 οἷκον
3552 4363 3695 4415 ἐκεί-

2124 4479 2259 4518 νου.

2199 4550 2383 4605 Τοῦτο
2404 4549 2471 4604 δὲ
2492 4550 2731 4620 ἐγένετο
2766 4550 3041 4620 γνωστὸν
3069 4547 3264 4606 πᾶσιν
3299 4545 3616 4611 Ἰουδαίοις
3639 4560 3700 4596 τε

2126 4643 2224 4697 καὶ
2258 4644 2521 4708 Ἕλλησι
2551 4639 2676 4707 τοῖς
2714 4640 3064 4695 κατοικοῦσι
3115 4639 3231 4707 τὴν
3259 4640 3557 4709 Ἔφεσον·
3596 4635 3694 4691 καί

453 4728 693 4782 omnibus
716 4730 782 4782 iis
801 4741 968 4784 metus
986 4730 1214 4801 injectus
1237 4740 1334 4798 est,
1353 4750 1416 4787 ac
1444 4735 1784 4806 ntagnifiebat
1832 4754 2020 4793 nomen

2135 4734 2309 4788 laede
2325 4732 2369 4766 “
2395 4733 2580 4803 φόϐος
2604 4732 2700 4786 ἐπὶ
2733 4731 2964 4799 πάντας
2986 4732 3229 4797 αὐτοὺς,
3264 4730 3365 4785 καί
3412 4726 3699 4801 ἐμεγαλύ-

458 4818 669 4872 Domini
692 4818 839 4874 Jesu.

530 4909 633 4975 Qui
673 4911 769 4965 hoc
798 4910 1052 4982 agebant.
1111 4912 1190 4968 llli
1222 4913 1443 4984 quidem
1485 4915 1715 4971 latenter
1768 4919 2020 4990 agebant,

456 5000 603 5072 quod
631 5000 1103 5073 aggrediebantur,
1135 5003 1230 5058 sed
1263 5020 1451 5060 eorum
1486 5003 1826 5063 imbecillitas
1866 5009 2027 5080 vulgo

458 5090 756 5157 spectanda
780 5090 1072 5161 praebetur.
1104 5096 1278 5162 Atque
1309 5087 1453 5148 haud
1482 5094 1718 5150 alienum
1744 5106 1828 5151 est
1853 5097 2028 5153 admi-

459 5182 567 5237 rari
645 5198 746 5238 cur
825 5182 1042 5237 daemon
1116 5199 1226 5238 non
1293 5183 1567 5252 adjuverit
1626 5187 2025 5244 exorcistarum

461 5274 844 5344 imposturam,
878 5273 973 5330 sed
996 5274 1336 5345 redarguerit
1358 5282 1521 5342 atque
1557 5275 1854 5331 convicerit
1884 5276 2024 5340 illos,

462 5375 518 5422 et
546 5382 734 5421 eorum
760 5365 1010 5423 fraudem
1036 5364 1374 5437 patefecerit.
1403 5365 1534 5421 Mihi
1556 5367 1769 5423 videtur
1788 5378 1845 5423 et
1866 5368 2029 5423 vehe-

464 5468 679 5514 menter
728 5458 907 5516 iratus
935 5469 990 5516 et
1036 5459 1350 5529 indignatus
1395 5458 1593 5515 fuisse:
1629 5459 1856 5529 perinde
1892 5475 1962 5515 ac
1985 5460 2030 5516 si

2120 4843 2257 4881 νετο
2280 4823 2347 4879 τὸ
2372 4824 2561 4893 ὄνομα
2587 4822 2693 4877 τοῦ
2718 4824 2937 4890 Κυρίου
2970 4822 3195 4891 Ἰησοῦ.

2186 4916 2254 4968 Ol
2305 4914 2483 4968 τοῦτο
2523 4911 2859 4979 ποιοῦντες.
2910 4913 3140 4966 Ἐκεῖνοι
3193 4910 3295 4983 μὲν
3335 4906 3698 4965 λανθανόντως

2122 5006 2359 5071 ἐποίουν,
2386 5004 2933 5073 ἀλλ’ὲκπομπεῦεται
2963 5004 3144 5058 αὐτῶν
3164 5005 3198 5075 ἡ
3231 4995 3697 5060 ἀσθένεια.⁹Δξιον

2126 5097 2185 5151 δὲ
2224 5097 2507 5169 θαυμάσαι
2560 5097 2678 5160 πῶς
2709 5098 2737 5151 ὀ
2765 5096 2976 5167 δαίμων
3005 5095 3068 5149 οὐ
3109 5095 3452 5165 συνέπραττε
3489 5092 3549 5161 τῇ
3580 5086 3697 5140 τῶν

2093 5200 2106 5213 ·
2134 5185 2462 5257 ἐξορκιστῶν
2489 5186 2665 5258 πλάνῃ
2686 5227 2703 5254 ,
2736 5185 2875 5240 ἀλλὰ
2900 5186 3185 5257 διήλεγχεν
3219 5186 3435 5249 αὐτοὺς,
3468 5181 3556 5235 καὶ
3597 5178 3695 5247 τὴν

2137 5276 2344 5346 σκηνὴν
2394 5277 2572 5332 αὐτῶν
2617 5276 2860 5348 φανερὰν
2891 5277 3085 5332 ἐποίει.
3129 5276 3285 5347 Ἐμοὶ
3325 5275 3470 5330 δοκεῖ
3496 5268 3695 5339 σφόδρα

2137 5367 2438 5439 θυμωθεὶς,
2465 5368 2654 5441 ὥσπερ
2685 5369 2752 5423 ἂν
2774 5369 2829 5422 ετ
2842 5382 2927 5432 τις
2956 5369 3085 5439 περὶ
3114 5368 3223 5421 τῶν
3253 5366 3492 5439 ἐσχάτων
3518 5357 3697 5415 κινδῦ-

2137 5476 2245 5515 νων
2275 5459 2382 5513 ὑπό
2426 5477 2571 5524 τινος
2609 5458 2832 5533 οἰκτροῦ
2860 5458 2955 5514 καὶ
2977 5458 3327 5529 ταλαιπώρου
3359 5455 3692 5522 διελέγχοιτο,

1656 5640 1859 5702 Verim
1887 5638 2192 5703 lectiones
2215 5645 2278 5702 et
2320 5645 2510 5700 nota).

544 5765 588 5796 ’⁵⁷
613 5763 933 5848 ‘Inpulgatis
954 5777 1049 5829 est,
1077 5767 1427 5848 σημικίνθια.
1458 5777 1510 5848 et
1530 5766 1994 5848 ἀπαλλάρσεσθαι.

2094 5766 2141 5799 ⁸⁸
2175 5767 2296 5820 Ἵσ.
2345 5762 2624 5833 σουδάρια.
2663 5760 2911 5834 Ὠράρια,
2940 5762 3181 5834 quidsit,
3207 5769 3301 5834 aut
3335 5758 3452 5834 quid
3480 5752 3690 5811 omnino

473 5838 572 5893 lu.c
605 5831 1041 5909 faciatfingenuc
1066 5831 1237 5911 faléor
1268 5856 1346 5893 me
1368 5839 1587 5894 nescire.
1621 5855 1624 5858 '
1659 5839 1704 5872 θ’
1730 5835 1793 5891 1η
1822 5835 2019 5908 t'ttlgnli

2135 5844 2173 5903 t,
2205 5831 2670 5905 κατακυριεῦσας.
2727 5831 2787 5865 ⁷⁸⁸
2803 5831 2866 5888 In
2883 5832 3109 5903 vulgatis
3140 5841 3239 5901 est,
3271 5832 3513 5886 ἐπέπεσε.
