3856 6556
200 460 302 521 773

875 463 1283 526 EXPOSITIO
1313 468 1394 530 IN
1424 469 1622 530 ACTA
1666 471 2254 571 APOSTOLORUM,
2279 510 2349 522 -
2378 486 2540 549 CAP.
2572 489 2698 550 XX.

3347 497 3452 558 774

159 566 288 618 ’ἐπὶ
325 567 439 636 τῆς
487 568 750 637 θυρίδος,
803 576 1286 644 καταφερόμενος
1338 579 1507 646 ὕπνῳ
1561 583 1762 648 βαθεῖ,

1891 595 2081 648 tamine
2111 593 2378 666 Eutychus
2420 600 2474 653 iu
2502 605 2756 670 fenestra,
2807 613 2854 656 et
2891 603 3062 658 Paulo
3105 607 3308 661 diutius
3337 627 3450 663 ser-

190 658 621 728 διαλειῃομένου
662 662 770 716 τοῦ
808 665 1054 719 Παύλου
1099 666 1201 720 ἐπὶ
1249 669 1485 732 πλεῖον,
1528 688 1774 727 κατενε-

188 751 357 819 χθεὶς
384 751 502 804 ἀπὸ
525 751 571 784 ⁸⁵
624 752 733 807 τοῦ
785 754 1005 822 ὕπνου,
1039 758 1268 814 ἔπεσεν
1292 761 1412 815 ἀπὸ
1457 763 1774 834 τριστέγου

187 840 350 894 κάτω
367 857 382 871 ο
408 841 510 894 καὶ
537 841 693 912 ἤρθη
725 846 962 912 νεκρός.
1666 915 1670 920 ,

263 933 605 1004 Συνιτάραξε
637 934 738 1005 τὴν
777 935 1313 1006 ὲορτὴνὸδιάῦολος,
1349 943 1442 996 τὸν
1491 945 1774 1016 ἀκροατὴν

187 1021 346 1093 ὕπνῳ
399 1024 766 1092 κατενεγκών.
807 1026 935 1080 Ἐπὶ
963 1026 1180 1098 θυρίδος
1212 1031 1451 1102 ἐκάθητο
1489 1034 1631 1106 ἀωρὶ
1665 1039 1774 1091 τῶν

185 1113 434 1166 νυκτῶν·
464 1115 709 1180 τοιοῦτος
757 1113 826 1186 ἦν
871 1119 899 1171 ὁ
951 1118 1116 1183 πόθος
1153 1122 1254 1192 τῆς
1291 1125 1642 1195 ἀκροάσεως·
1677 1130 1774 1183 καὶ

183 1203 248 1255 τδ
298 1203 608 1274 θαυμαστὸν
636 1207 718 1259 ὅτι
753 1207 874 1271 νέος
911 1205 1009 1272 ὢν,
1063 1209 1164 1262 οὐκ
1218 1207 1288 1282 ἦν
1337 1214 1623 1285 ῥᾴθυμος*
1677 1218 1773 1270 καὶ

187 1295 345 1365 ὕπνῳ
382 1298 832 1366 καταφερόμενος
860 1301 963 1353 οὐκ
985 1300 1220 1373 ἀπέστη,
1245 1358 1256 1368 ,
1278 1305 1399 1358 οὐδὲ
1447 1307 1621 1360 ἔδεισε
1679 1308 1770 1361 τὸν

184 1386 442 1440 κίνδυνον
475 1388 551 1459 μὴ
584 1389 912 1461 κατενεχθῇ.
954 1391 1031 1444 Οὐ
1073 1393 1182 1464 γὰρ
1217 1395 1326 1448 ἀπὸ
1373 1396 1653 1468 ῥᾳθυμίας
1689 1402 1769 1450 ἐν·

186 1478 444 1546 ύπαξεν,
474 1479 592 1534 ἀλλ’
612 1480 723 1535 ἀπὸ
744 1481 995 1554 ἀνάγκης
1028 1483 1268 1555 φύσεως.

255 1657 532 1722 Κατασὰς
585 1654 656 1709 δὲ
689 1659 722 1710 ό
769 1657 1032 1724 Παῦλος,
1090 1659 1402 1717 ἐπέπεσεν
1429 1665 1611 1730 αὐτῷ,
1667 1669 1767 1722 καὶ

181 1747 654 1817 συμπεριλαϐών
692 1745 824 1802 εἷπε
844 1764 858 1780 °
913 1750 1010 1818 Μὴ
1058 1752 1400 1822 θορυϐἦσθε
1413 1755 1460 1786 ⁸⁵
1482 1774 1496 1790 ο
1565 1759 1604 1826 ἡ
1657 1759 1768 1828 γὰρ

180 1841 360 1911 ψυχὴ
399 1843 585 1896 αὐτοῦ
613 1841 686 1896 ἐν
717 1841 876 1907 αὐτῷ
904 1842 1098 1898 ἐστιν.

273 1934 528 1998 ’Δναϐὰς
575 1932 643 1986 δὲ
696 1933 797 1986 καὶ
823 1935 1064 2001 κλάσας
1094 1933 1298 2003 ἄρτον,
1332 1938 1431 1991 καὶ
1473 1941 1761 2011 τευσὰμε-
1795 1926 1840 1984 Β

178 2042 312 2090 νος,
350 2023 446 2092 ἐφ’
505 2024 717 2077 ἱκανόν
735 2024 780 2056 ⁸⁷
801 2040 866 2078 τε
914 2023 1215 2093 ὁμιλήσας
1263 2027 1440 2096 ἄχρις
1458 2029 1503 2062 ⁸⁸
1547 2032 1760 2102 αὐτῆς,

177 2117 381 2180 οὕτως
410 2114 694 2182 ἐξῆλθεν.

256 2209 528 2277 Ἥῃαγον
548 2207 615 2261 δὲ
644 2206 752 2261 τὸν
777 2207 963 2262 παῖδα
998 2207 1186 2269 ζῶντα
1206 2251 1220 2275 ,
1251 2210 1350 2266 καὶ
1391 2217 1768 2286 παρεκλήθηο

176 2315 308 2353 σαν
342 2302 419 2353 οὺ
450 2299 725 2369 μετρίως.

268 2389 474 2459 Ἡμεῖς
503 2390 572 2444 δὲ
606 2393 1057 2459 προσελθόντες
1073 2395 1120 2426 ⁸⁸
1163 2395 1263 2452 ἐπὶ
1290 2399 1356 2453 τὸ
1387 2401 1626 2465 πλοῖον,
1662 2403 1766 2457 ἀν-

175 2486 458 2555 ήχθημεν
507 2489 598 2554 εὶς
639 2487 756 2556 τὴν
787 2491 1024 2543 Ἀσσον
1041 2492 1112 2557 ⁸³,
1164 2492 1394 2547 ἐκεῖθεν
1432 2494 1767 2563 μέλλοντες

175 2578 639 2650 ἀναλαμϐάνειν
673 2581 784 2634 τὸν
816 2583 1084 2639 Παῦλον.

265 2672 341 2727 Ἦ
361 2674 475 2742 γὰρ
499 2672 674 2743 ψυχὴ
712 2675 901 2730 αὐτοῦ
924 2676 995 2730 ὲν
1023 2676 1186 2742 αὐτῷ
1214 2678 1408 2735 ἐστιν.
1440 2681 1557 2737 Οὐκ
1586 2679 1761 2750 εἶπεν,

188 2768 598 2839 ’Δναστήσεται
617 2785 632 2803 ο
681 2769 826 2840 Ἐγὼ
850 2771 1030 2843 ἐγερῶ
1063 2773 1251 2832 αὐτόν.
1299 2777 1441 2846 Ὅρα
1470 2777 1530 2832 τὸ
1559 2779 1766 2848 ἄτυφον

175 2860 349 2915 αὐτοῦ
387 2862 486 2914 καὶ
512 2861 948 2931 παρακλητικὸν.

250 2947 423 3002 Οὕτω
448 2948 560 3019 γὰρ
587 2944 668 3020 ἦν
725 2949 1205 3022 διατεταγμένος,
1258 2953 1509 3024 μέλλων
1576 2957 1754 3027 αὐτὸς

176 3038 477 3099 πεζεύειν.

260 3131 362 3196 Ὠς
390 3129 459 3184 δὲ
487 3133 830 3188 συνέϐαλεν
863 3136 1009 3205 ἡμῖν
1039 3139 1128 3204 εις
1167 3138 1285 3208 τὴν
1308 3141 1556 3210 Ἄσσον,
1617 3144 1763 3200 ἀνα-

173 3222 472 3288 λαϐόντες
497 3225 688 3278 αὐτὸν
715 3224 983 3296 ἤλθομεν
1005 3230 1095 3295 είς
1129 3231 1502 3300 Μιτυλήνην.

247 3313 546 3370 Κάκεῖθεν
575 3317 1102 3387 ἀποπλεύσαντες,
1163 3323 1240 3392 τῇ
1305 3325 1562 3395 ἐπιούσῃ
1622 3343 1761 3380 κατ-

175 3408 539 3477 ηντήσαμεν
567 3410 814 3479 ἀντικρὺ
847 3413 994 3467 Χίου
1015 3429 1029 3442 °
1058 3414 1134 3483 τῇ
1173 3415 1241 3468 δὲ
1267 3417 1438 3486 ἑτέρᾳ
1461 3419 1762 3488 παρεϐάλ-

177 3503 373 3567 λομεν
392 3501 461 3535 ⁹⁹⁶
485 3502 570 3567 εἷς
592 3501 814 3571 Σάμον,
836 3505 933 3557 καὶ
965 3507 1284 3574 μείναντες
1304 3509 1373 3562 ἐν
1400 3513 1757 3580 Τρογγυλίῳ,

175 3591 253 3661 τῇ
285 3593 551 3662 ἐχομένῃ
581 3594 852 3664 ἤλθομεν
875 3600 965 3663 εις
1000 3601 1298 3667 Μίλητον.

249 3687 512 3741 Μέλλων
556 3688 741 3754 αὐτὸς
786 3687 1075 3750 πεζεύειν.
1151 3691 1226 3744 Τὸ
1276 3691 1376 3762 μὲν
1428 3695 1762 3768 κουφότερον

179 3779 419 3841 ἐκείνοις
448 3779 796 3850 ἐπιτρέπων·
849 3782 909 3834 τὸ
932 3781 990 3834 δὲ
1026 3782 1430 3855 ἐπιπονώτερον
1457 3786 1620 3849 αὐτὸς
1669 3787 1760 3838 al-

179 3871 474 3940 ρούμενος,
537 3870 831 3933 ὲπέζευενσ
897 3872 1015 3942 ἅμα
1068 3873 1164 3927 καὶ
1213 3873 1385 3928 πολλὰ
1435 3877 1758 3949 οἰκονομῶν,

179 3962 459 4017 παιδεύων
489 3981 549 4017 τε
577 3965 775 4028 αὐτοὺς
806 3963 1140 4036 χωρίζεσθαι
1167 3965 1359 4020 αὐτοῦ.

250 4055 500 4122 Ἔκρινε
519 4054 630 4125 γὰρ
654 4059 689 4111 ό
717 4054 960 4121 Παῦλος
987 4057 1410 4124 παραπλεῦσαι
1447 4059 1565 4128 τὴν
1584 4061 1758 4130 Ἔφε-

176 4163 318 4213 σον,
361 4145 521 4213 ὅπως
564 4149 650 4215 μὴ
703 4145 949 4217 ,γένηται
982 4146 1143 4214 αὑτῷ
1169 4151 1634 4219 χρονοτριϐῆσαι
1690 4154 1761 4208 ἐν

178 4237 253 4306 τῇ
295 4239 483 4304 Ἀσίᾳ.
532 4238 840 4293 Ἕσπευδε
875 4240 1008 4309 γὰρ,
1039 4243 1092 4294 εὶ
1131 4241 1396 4297 δυνατὸν
1448 4241 1527 4314 ἦν
1575 4246 1757 4313 αὐτῷ,

177 4330 295 4396 τὴν
325 4329 558 4399 ἡμέραν
589 4329 698 4399 τῆς
727 4331 1156 4402 Πεντηκοστῆς
1194 4333 1477 4405 γενέσθαι
1525 4339 1614 4404 εις
1651 4338 1758 4392 Ἰε-

175 4422 514 4490 ροσόλυμα.

257 4513 427 4582 Ὀρᾷς
447 4512 543 4565 καὶ
572 4513 944 4585 ἐπιθυμοῦντα
967 4515 1132 4569 αὐτὸν
1165 4517 1259 4572 καὶ
1288 4518 1609 4587 σπεύδοντα,
1660 4521 1755 4574 καὶ

1879 685 2179 740 mncinante
2232 689 2348 742 alto
2376 707 2558 745 somno
2591 703 2934 762 premeretur,
2991 713 3175 750 somno
3201 711 3451 768 gravatus

1873 775 2061 828 cecidit
2114 792 2180 830 ea;
2207 780 2362 833 tertia
2419 784 2809 854 contignatione
2837 788 3102 854 deorsum,
3134 800 3182 843 et
3211 791 3450 846 sublatus

1873 875 1950 918 εει
1979 875 2238 922 mortuus.

1941 954 2493 1015 Conturbavitdiem
2526 960 2728 1016 festum
2756 965 3027 1032 diabolus,
3072 983 3196 1024 cum
3233 972 3448 1028 audito.

1875 1062 1988 1102 rem
2011 1063 2206 1105 somno
2235 1060 2539 1122 gravasset.
2566 1054 2622 1108 In
2651 1055 2887 1111 fenestra
2915 1060 3143 1115 sedebat
3177 1074 3335 1117 nocte
3361 1065 3446 1117 in-

1874 1147 2161 1208 tempesta.
2191 1142 2369 1197 Tanto
2425 1146 2683 1201 audiendi
2735 1148 3006 1205 desiderio
3039 1155 3347 1221 tenebatur,
3380 1173 3445 1212 ac

1871 1232 2014 1297 quod
2052 1233 2250 1287 mirum
2280 1243 2386 1300 est,
2409 1251 2532 1290 cum
2555 1237 2773 1306 juvenis
2794 1253 2968 1306 esset,
2995 1247 3177 1314 segnis
3205 1264 3268 1302 ac
3293 1250 3444 1319 piger

1872 1337 1981 1375 non
2023 1333 2145 1378 erat
2179 1341 2194 1377 :
2235 1336 2292 1381 et
2319 1342 2444 1381 cum
2472 1344 2667 1385 somno
2689 1345 3007 1402 gravaretur
3028 1353 3135 1391 non
3167 1338 3440 1405 discessit,

1871 1428 2051 1481 neque
2077 1415 2378 1484 periculum
2410 1421 2617 1475 veritus
2650 1431 2734 1477 est
2790 1440 2858 1478 ne
2885 1425 3290 1483 deturbaretur.
3323 1431 3441 1485 Non

1871 1506 2018 1558 enim
2069 1522 2182 1574 prae
2219 1510 2432 1579 pigritia
2465 1515 2690 1568 nutabat
2747 1525 2910 1586 atque
2939 1518 3288 1587 dormitabat,
3346 1529 3440 1578 sed

1871 1599 2204 1652 necessitate
2234 1611 2466 1657 naturae.

1944 1685 2105 1741 Vens.
2133 1688 2221 1744 l0.
2250 1691 2380 1744 Cum
2420 1696 2773 1751 descendisset
2809 1710 2987 1755 autem
3030 1702 3256 1770 Paulus,
3289 1708 3441 1761 ἰηιιι·

1870 1776 1982 1830 buit
2012 1779 2068 1831 in
2093 1795 2235 1846 eum,
2286 1792 2334 1836 et
2366 1785 2667 1854 complexus
2698 1790 2833 1844 dixit
2865 1809 2884 1848 :
2918 1791 3102 1850 Nolite
3127 1800 3393 1868 trepidare
3422 1819 3440 1853 :

1875 1885 1999 1922 nam
2029 1873 2210 1927 anima
2243 1874 2356 1944 ejus
2384 1887 2458 1930 est
2484 1879 2541 1931 in
2569 1879 2700 1948 ipso.

1943 1960 2102 2032 150
2130 1963 2295 2020 Vsus.
2332 1967 2420 2022 11.
2486 1972 2550 2024 At
2611 1991 2726 2026 cum
2781 1977 3098 2031 ascendisset
3149 1996 3442 2050 panemque

1867 2052 2106 2123 fregisset
2132 2067 2289 2127 atque
2316 2067 2599 2128 gustasset,
2659 2073 2706 2116 et
2737 2066 2870 2119 satis
2913 2068 3003 2119 diu
3051 2073 3440 2141 sermocinatus

1867 2158 1995 2200 esset
2024 2165 2187 2219 usque
2215 2152 2284 2204 ad
2303 2151 2617 2220 diluculum,
2669 2166 2781 2210 tum
2807 2160 3017 2213 demum
3045 2165 3306 2233 profectus
3339 2177 3438 2219 est.

1960 2238 2123 2296 γεω.
2157 2241 2244 2296 12.
2294 2243 2640 2300 Abduxerunt
2680 2259 2857 2303 autem
2898 2268 3117 2320 puerum
3165 2255 3437 2323 viventem,

1866 2340 2023 2402 atque
2052 2351 2157 2388 non
2195 2335 2529 2392 mediocriter
2558 2342 2781 2394 recreati
2813 2353 2957 2396 sunt.

1937 2419 2101 2476 Vens.
2136 2424 2220 2479 15.
2254 2425 2364 2479 Nos
2386 2436 2560 2479 autem
2581 2431 2859 2498 praegressi
2898 2432 2970 2485 ad
2995 2436 3191 2501 navim,
3221 2439 3389 2508 profer
3402 2439 3442 2491 ti

1863 2529 2044 2566 sumus
2077 2514 2134 2568 in
2171 2513 2355 2583 Asson,
2386 2516 2534 2570 illinc
2564 2517 2799 2573 Paulum
2832 2527 3122 2592 excepturi.

1939 2690 2085 2744 Nam
2119 2691 2301 2745 animo
2332 2693 2447 2762 ejus
2482 2702 2556 2747 est
2585 2694 2642 2747 in
2673 2695 2807 2762 ipso.
2857 2694 2974 2751 Non
3037 2699 3192 2767 dixit,
3229 2701 3439 2758 Resur-

1866 2793 1999 2854 get:
2037 2785 2150 2855 Ego
2181 2785 2523 2841 resuscitabo
2563 2802 2710 2841 eum.
2755 2787 2884 2844 Vide
2930 2792 3250 2849 modestiam
3299 2798 3438 2867 ejus,

1865 2882 1919 2928 et
1944 2873 2190 2927 animum
2230 2889 2563 2945 propensum
2587 2877 2653 2931 ad
2677 2879 3100 2935 consolandum.

1937 2963 2025 3018 Sic
2056 2966 2201 3019 enim
2232 2967 2606 3032 mandaverat,
2666 2967 2778 3039 ipse
2801 2971 3016 3038 pedibus
3049 2974 3152 3027 iter
3179 2977 3436 3046 facturus.

1936 3139 2098 3197 Vens.
2131 3144 2217 3200 M.
2276 3142 2343 3198 Ut
2367 3155 2547 3200 autem
2583 3148 2654 3201 ad
2676 3147 2840 3204 Asson
2875 3165 2970 3206 nos
3006 3155 3267 3222 convenit,
3300 3165 3440 3210 rece-
3543 3231 3548 3234 _

1785 3263 1828 3320 α
1861 3241 1948 3301 pto
1973 3249 2057 3299 eo,
2089 3235 2321 3288 uenimus
2357 3237 2661 3307 Mitylenen,

1936 3325 2096 3379 Vsus.
2129 3326 2213 3380 15.
2259 3326 2430 3396 Atque
2469 3329 2618 3384 illinc
2643 3349 2763 3388 cum
2795 3335 3148 3397 solvissemus,
3182 3339 3436 3405 postridie

1862 3418 2191 3487 pervenimus
2216 3435 2244 3472 e
2263 3420 2472 3489 regione
2501 3421 2660 3477 Chii:
2688 3429 2924 3496 sequenti
2962 3443 3080 3481 vero
3111 3429 3197 3482 die
3222 3431 3437 3499 appuli-

1862 3524 1979 3561 mus
2014 3509 2067 3562 in
2086 3508 2327 3577 Samum,
2361 3523 2410 3566 et
2435 3519 2750 3571 commorati
2781 3516 3062 3588 Trogyllii,
3091 3524 3326 3591 sequenti
3351 3525 3439 3577 die

1860 3601 2094 3656 uenimus
2119 3603 2376 3657 Miletum.

1931 3692 2052 3762 Ipse
2069 3695 2288 3761 pedibus
2317 3696 2419 3749 iter
2445 3697 2706 3767 facturus.
2749 3698 2907 3765 Quod
2959 3701 3132 3756 levius
3159 3710 3296 3769 erat,
3329 3703 3434 3758 illis

1861 3784 2168 3852 permittit:
2205 3786 2350 3854 quod
2377 3787 2704 3844 laboriosius
2730 3801 2847 3846 erat
2871 3793 2984 3861 ipse
3010 3808 3252 3860 sumens,
3283 3797 3433 3865 pecti-

1862 3875 1963 3930 bus
2001 3875 2106 3929 iter
2130 3876 2387 3933 faciebat.
2422 3879 2596 3935 Simul
2622 3882 2786 3936 etiam
2825 3884 2995 3937 multa
3030 3885 3347 3955 disponens,
3377 3895 3434 3940 et

1859 3966 2158 4022 adhortans
2194 3968 2314 4024 illos
2343 3979 2400 4025 ut
2433 3971 2781 4028 discederent
2809 3974 2878 4030 ab
2907 3990 3052 4030 sese.

1933 4059 2097 4116 Vens.
2129 4062 2216 4118 16.
2260 4061 2537 4118 Statuerat
2585 4067 2723 4121 enim
2755 4066 2962 4122 Paulus
2998 4067 3264 4138 Ephesum
3295 4086 3430 4139 prle-

1862 4153 2214 4222 ternavigare,
2267 4171 2331 4209 ne
2358 4157 2456 4209 sibi
2484 4167 2686 4223 tempus
2724 4163 2996 4212 terendum
3035 4169 3165 4214 esset
3199 4163 3255 4213 in
3285 4163 3430 4214 Asia.

1859 4241 2166 4296 Festinabat
2197 4245 2357 4308 enim,
2391 4253 2449 4298 ut
2476 4247 2523 4299 si
2573 4247 2692 4315 ﬁeri
2739 4264 2772 4300 ιι
2824 4265 2880 4302 se
2939 4259 3131 4317 posset,
3171 4253 3244 4304 ad
3293 4253 3433 4306 diem

1858 4331 2194 4387 Pentecostes
2223 4344 2352 4389 esset
2379 4337 2434 4388 in
2469 4334 2794 4393 Jerusalem.

1929 4511 2097 4568 Vides
2143 4527 2270 4570 eum
2324 4521 2381 4569 et
2430 4513 2744 4585 cupientem
2805 4525 2861 4573 et
2906 4528 3313 4588 properantem,
3377 4533 3432 4574 et

176 4602 276 4654 οὐκ
300 4602 736 4673 ὲπιτυγχάνοντα
763 4603 1025 4668 πολλάκις
1047 4623 1060 4637 ·
1095 4605 1182 4659 ἵνα
1206 4607 1280 4678 μὴ
1303 4609 1638 4680 νομίσωμεν,
1673 4612 1756 4666 ὅτι

1894 4618 2252 4674 ωρρηυιηειιο
2294 4621 2404 4662 nou
2445 4616 2831 4677 assequentem
2872 4609 3017 4680 quod
3045 4611 3276 4666 voluerit
3312 4628 3326 4665 :
3361 4629 3431 4665 ne

179 4694 320 4765 ὑπὲρ
356 4693 520 4762 φύσιν
549 4693 900 4766 ἀνθρωπίνην
928 4691 1018 4766 ἦν.
1058 4696 1120 4749 0i
1143 4696 1252 4768 γὰρ
1275 4698 1419 4766 ἅγιοι
1449 4702 1546 4754 καὶ
1584 4703 1757 4772 μεγά-

179 4787 256 4835 λοι
289 4783 482 4856 ἄνδρες
505 4786 727 4849 ἐκεῖνοι,
776 4785 880 4856 τῆς
925 4787 1024 4857 μὲν
1056 4786 1275 4856 φύσεως
1305 4791 1440 4861 ἡμῖν
1463 4795 1564 4863 τῆς
1585 4795 1757 4865 αὐτῆς

178 4872 528 4928 ἐκοινώνουν·
563 4876 667 4945 τῆς
709 4875 766 4930 δὲ
813 4878 1192 4950 προαιρέσεως
1240 4879 1448 4935 οὐκέτι.
1509 4882 1601 4936 Διὸ
1659 4885 1756 4940 καὶ

179 4966 378 5038 πολλὴν
404 4963 552 5038 εἶχον
579 4969 678 5037 τὴν
719 4969 899 5041 χάριν.

263 5254 394 5311 Ἀπὸ
439 5255 510 5310 δὲ
543 5256 651 5326 τῆς
690 5255 964 5328 Μιλήτου
1027 5258 1274 5329 πέμψας
1324 5265 1413 5330 εἰς
1470 5242 1754 5334 Ἕςέεσον,

177 5349 618 5414 μετεκαλέσατο
676 5348 820 5416 τοὺς
855 5351 1300 5421 πρεσϐυτέρους
1350 5353 1462 5425 τῆς
1510 5357 1755 5428 Ἐκκληο

177 5440 340 5506 σίας.

261 5534 354 5600 Ὠς
379 5533 448 5587 δὲ
484 5534 887 5605 παρεγένοηο
916 5539 1068 5605 πρὸς
1089 5538 1297 5605 αὐτὸν,
1322 5537 1495 5598 εἶπεν
1518 5546 1744 5615 αὐτοῖς’

1863 4697 2242 4752 existimemus
2264 4698 2416 4753 illum
2440 4715 2604 4769 supra
2628 4700 2922 4755 humanam
2953 4701 3126 4757 fuisse
3156 4712 3427 4758 naturam.

1859 4787 1993 4842 Nam
2025 4790 2199 4844 sancti
2226 4800 2284 4844 et
2314 4791 2496 4862 magni
2545 4791 2623 4846 illi
2657 4791 2759 4848 viri
2813 4795 3093 4848 communi
3119 4796 3336 4865 quidem
3377 4805 3432 4850 et

1859 4880 2048 4936 eadem
2093 4882 2379 4938 nobiscum
2410 4894 2604 4938 natura
2647 4884 2859 4954 praediti
2888 4884 3113 4941 luerunt
3144 4903 3156 4939 :
3186 4888 3279 4942 sed
3323 4905 3430 4942 nou

1859 4972 2021 5027 etiam
2062 4987 2356 5029 commune
2402 4975 2690 5030 nobiscum
2728 4977 3041 5032 habuerunt
3085 4979 3427 5048 preposiu'nu

1857 5072 1914 5118 ct
1970 5062 2304 5120 institutum.
2379 5063 2750 5131 Quamobrem
2795 5067 2962 5122 etiam
3011 5083 3204 5138 magna
3257 5073 3426 5138 gratia

1857 5158 2069 5230 prtediti
2113 5159 2359 5215 fuerunt.

1926 5249 2092 5306 Vens.
2126 5251 2213 5307 17.
2256 5250 2338 5306 Ex
2365 5252 2543 5307 Mileto
2574 5260 2749 5307 autem
2790 5252 2967 5307 missis
2991 5251 3254 5321 Ephesum
3292 5269 3427 5307 nun-

1855 5344 1962 5411 tiis,
1993 5345 2265 5400 advocavit
2290 5347 2521 5401 seniores
2552 5343 2801 5400 Ecclesiae
2828 5358 2849 5398 :

1926 5548 2092 5605 Vens.
2119 5547 2207 5604 18.
2228 5547 2333 5615 Qui
2363 5548 2452 5602 ubi
2475 5549 2546 5604 ad
2567 5565 2685 5603 eum
2702 5557 2974 5616 uenerunt,
3003 5549 3139 5606 dixit
3172 5550 3249 5606 eis
3282 5568 3294 5603 :
3323 5547 3427 5604 Vos

1328 5658 1534 5722 Variae
1566 5660 1874 5732 lectiones
1919 5674 1984 5730 et
2027 5672 2222 5730 noue.

249 5781 291 5867 f'
305 5781 391 5867 .ln
406 5781 650 5867 pulggtis
664 5782 919 5867 esu-quo,
964 5785 1214 5867 et‘paulo.
1224 5798 1357 5855 post,
1377 5789 1607 5867 ἀπὺ-τοῦ
1629 5810 1762 5867 τρια

1891 5813 1941 5850 υ.
2014 5793 2160 5867 “fin
2189 5794 2424 5866 vulgato,
2457 5793 2803 5867 θορυϐεῖσθε.
2859 5797 2926 5867 *⁸⁷
2949 5797 3016 5852 In
3069 5800 3430 5867 manuscripto

178 5861 274 5938 est,
297 5851 710 5938 tenuis-13:;
777 5851 826 5884 ⁸⁸
851 5852 915 5938 1η
939 5851 1156 5938 uulgato
1183 5851 1352 5938 εχριζ
1407 5859 1454 5893 ⁸³
1485 5861 1549 5915 In
1575 5851 1762 5938 vulgat:

1891 5865 2125 5938 ignullis
2144 5851 2694 5938 _est,‘npeakﬂdvreg.
2769 5864 2880 5924 ",1
2885 5886 2915 5922 ιι
2945 5851 3164 5938 uulgato
3195 5851 3424 5931 ᾇᾸοεξιν,

180 5932 237 5975 ut
265 5932 309 5976 et
340 5923 502 5995 infra.
578 5924 648 5957 ὀ·
678 5921 748 5978 In
773 5922 1004 5994 vulgato,
1034 5921 1444 6001 ῖιωρεόἆλομεν,
1480 5940 1529 5986 et
1555 5921 1718 6001 paulo
1743 5952 1762 6002 ι

1909 5921 2266 6007 τρωγυλλίῳί
