3856 6544
391 420 400 424 ’
436 459 546 520 775

1338 451 1911 514 THEOPHYLACTI
1951 447 2360 512 BUI.GARI/E
2401 448 2601 511 ARCH
2613 449 2758 509 [EP.

3567 442 3664 507 776

435 570 581 623 scitis
612 586 642 622 a
664 568 834 638 primo
860 567 964 632 die,
991 583 1052 620 ea:
1085 575 1187 630 nuo
1212 565 1265 618 iu
1305 566 1483 619 Asiam
1535 567 1803 635 ingressus
1851 581 1988 627 sum,

2138 561 2306 631 Υμεῒς
2329 562 2663 617 ἐπίστασθε
2681 559 2799 615 ἀπὸ
2826 556 2932 627 τῆς
2954 558 2998 592 ⁸⁸
3024 556 3262 626 πρώτης
3293 556 3541 626 ἡμέρας,
3568 557 3663 626 ἀφ’

437 660 873 729 quemadmodum
926 675 1018 729 per
1074 674 1226 712 omne
1275 668 1474 726 tempus
1536 657 1796 710 vobiscum
1829 673 2003 710 versa-

439 763 522 805 tus
554 753 674 812 sim.

513 841 676 895 Vens.
713 843 794 897 19.
843 841 1083 896 Serviens
1117 839 1342 894 Domino
1377 856 1493 893 cum
1530 840 1671 893 omni
1702 839 1872 893 animi
1905 839 2002 891 hu-

439 932 662 984 militate
726 931 1004 1001 multisque
1050 931 1296 999 lacrymis
1341 940 1390 983 et
1435 931 1834 996 teutationibus,
1888 945 2004 998 qua:

440 1023 568 1076 mihi
600 1024 900 1076 acciderunt
925 1040 1018 1092 per
1049 1023 1268 1076 insidias
1299 1021 1604 1075 Judteorum
1636 1037 1655 1074 :

511 1199 673 1253 Vens.
701 1199 789 1253 90.
831 1199 895 1252 Ut
928 1199 1060 1253 nihil
1093 1200 1232 1269 quod
1258 1198 1389 1251 utile
1441 1206 1571 1252 esset
1605 1197 2005 1266 suppresserim,

439 1291 562 1358 quin
596 1291 972 1343 anuuntiarem
1016 1290 1158 1343 vobis
1192 1305 1254 1341 ac
1299 1289 1534 1341 docerem
1565 1303 1653 1342 vos
1700 1286 1904 1356 publice
1956 1295 2005 1340 et

440 1381 583 1432 intra
612 1381 847 1449 privatos
871 1381 1122 1447 parietes,

514 1471 676 1526 Vens.
706 1472 794 1526 21.
835 1471 1140 1540 Testiﬁcaus
1187 1470 1386 1524 Iudicis
1422 1478 1578 1538 atque
1602 1468 1802 1524 Gra'cis
1838 1469 2007 1538 pomi-

441 1565 662 1617 tentiam
691 1580 812 1633 erga
843 1563 1028 1628 Deum,
1089 1571 1136 1616 et
1163 1562 1317 1630 ﬁdem
1362 1561 1414 1614 iu
1445 1561 1728 1615 Dominum
1769 1570 2007 1614 nostrum

438 1653 472 1706 .1
479 1671 644 1708 csum.

510 1746 642 1800 Cum
671 1745 811 1798 omni
843 1743 1008 1797 animi
1040 1743 1361 1797 humilitate.
1383 1742 1500 1798 Non
1536 1742 1660 1798 dicit
1687 1741 1841 1812 151
1871 1743 2005 1798 sim-

441 1837 676 1906 pliciter,
731 1834 888 1890 Cum.
929 1834 1096 1889 animi
1131 1834 1460 1896 humilitate,
1513 1834 1634 1898 sed,
1662 1835 1801 1889 Cum
1835 1835 2003 1890 omni.

441 1927 619 1981 Multa:
643 1935 772 1981 sunt
805 1926 946 1981 enim
973 1926 1183 1996 species
1217 1925 1383 1979 animi
1427 1925 1777 1981 demissionis
1807 1936 1864 1980 et
1902 1925 2008 1980 ltu-

443 2019 683 2073 militans
726 2034 739 2070 :
785 2019 840 2072 in
907 2019 1108 2084 verbis,
1139 2019 1193 2072 in
1234 2018 1414 2082 factis,
1474 2018 1685 2073 scilicet
1743 2018 2010 2074 adversus

442 2109 736 2179 principes,
771 2109 1032 2164 adversus
1065 2109 1330 2164 subditos.
1370 2107 1615 2162 Evocavit
1650 2109 1878 2164 seniores
1908 2110 2010 2164 Ec-

442 2201 636 2254 rlesitu.
677 2198 944 2266 Quoniam
997 2200 1162 2268 vulgo
1197 2199 1471 2269 incognita
1527 2207 1610 2253 est
1649 2200 2011 2266 consuetudo,

445 2291 680 2344 maxime
718 2289 854 2344 Novi
878 2288 1210 2343 Tcstamenti
1238 2305 1332 2343 seu
1358 2288 1730 2358 dispositionis
1769 2305 2007 2360 evange-

446 2381 604 2435 licae:
642 2394 749 2448 qua
779 2379 1177 2434 consuetudine
1213 2378 1479 2448 episcopi,
1538 2380 1837 2450 presbyteri
1913 2395 2010 2435 seu

447 2480 577 2523 natu
628 2469 865 2538 majores
918 2467 1287 2532 nominantur,
1317 2479 1371 2524 et
1415 2469 1651 2542 [contra]
1684 2469 2008 2541 presbyteri,

444 2559 686 2630 episcopi
715 2577 728 2614 :
776 2561 936 2614 etiam
963 2561 1064 2614 hoc
1094 2569 1339 2615 notatum
1369 2569 1474 2626 est,
1497 2577 1620 2615 cum
1644 2577 1709 2616 ex
1740 2560 1843 2616 hoc
1871 2563 2010 2624 loco,

443 2661 557 2706 tum
611 2668 677 2706 ex
736 2651 976 2721 Epistola
1025 2652 1093 2707 ad
1149 2652 1371 2706 Titum:
1409 2662 1670 2721 praeterea
1721 2653 1882 2708 etiam
1942 2669 2009 2708 ex

443 2746 680 2814 Epistola
708 2746 776 2801 ad
810 2745 1186 2816 Pliilippenses
1215 2761 1229 2796 :
1267 2745 1409 2800 scire
1437 2745 1566 2800 item
1603 2746 1903 2814 poterimus
1940 2763 2008 2800 an

439 2841 603 2894 etiam
637 2855 699 2894 ex
725 2855 812 2903 eo,
843 2838 987 2909 quod
1009 2852 1350 2907 consequens
1389 2847 1552 2907 atque
1576 2847 2008 2893 consentaneum

442 2937 548 2993 est,
586 2928 727 2982 idem
781 2927 1144 2998 colligendum
1195 2925 1265 2980 sit
1294 2927 1458 2981 etiam
1499 2941 1562 2982 ex
1605 2927 1842 2996 Epistola
1876 2927 1901 2980 1
1944 2928 2012 2982 ad

442 3020 812 3073 Timotheum.
854 3019 1025 3096 Et};
1061 3017 1213 3072 Actis
1238 3018 1457 3088 quidem
1506 3019 1574 3073 de
1631 3019 1731 3072 hac
1764 3036 1820 3073 re
1879 3020 2011 3074 tidcs

445 3109 559 3162 ﬁeri
589 3118 789 3178 potest.
821 3108 1096 3179 Scriptum
1117 3117 1200 3163 est
1226 3109 1373 3163 enim
1405 3109 1485 3164 sic
1522 3126 1537 3164 :
1589 3109 1672 3163 Ea:
1708 3111 1884 3164 Mileto
1915 3127 2012 3164 au-

2105 647 2180 721 ἧς
2214 651 2436 719 ἐπέϐην
2459 653 2546 717 είς
2571 649 2686 717 τὴν
2730 650 2962 712 Ἀσίαν,
3017 647 3144 715 πῶς
3200 649 3330 716 μεθ’
3376 645 3546 716 ὑμῶν
3568 649 3666 702 τὸν

2105 740 2302 794 πάντα
2325 744 2546 809 χρόνον
2569 740 2884 809 ἐγενόμην,

2177 833 2490 885 Δουλεύων
2520 830 2598 896 τῷ
2635 831 2833 898 Κυρίῳ
2863 829 3010 896 μετὰ
3037 831 3244 896 πάσης
3286 843 3667 898 ταπεινοφρο-

2107 923 2327 988 σύνης,
2385 922 2483 974 καὶ
2534 921 2787 975 πολλῶν
2830 921 3128 989 δακρύων,
3174 919 3274 973 καὶ
3333 923 3668 989 πειρασμῶν

2107 1011 2226 1064 τῶν
2254 1011 2616 1081 συμϐάντων
2639 1029 2735 1081 μοι
2761 1013 2830 1065 ἐν
2852 1011 2982 1074 ταῖς
3001 1011 3349 1078 ἐπιϐουλαῖς
3382 1012 3503 1067 τῶν
3546 1014 3668 1066 ἰου-

2107 1100 2290 1155 δαίων
2313 1116 2326 1130 ⁸

2192 1194 2290 1259 Ὠς
2339 1193 2524 1248 οὐδὲν
2574 1194 3030 1263 ὑπεστειλάμην
3073 1192 3194 1247 τῶν
3251 1195 3672 1264 συμφερόντων

2106 1285 2214 1339 τοῦ
2234 1284 2320 1352 μὴ
2347 1284 2699 1354 ἀναγγεῖλαι
2753 1285 2918 1353 ὑμῖν,
2951 1285 3050 1339 καὶ
3072 1284 3312 1351 διδάξαι
3329 1287 3376 1318 ⁸³
3421 1285 3671 1354 δημοσίᾳ

2108 1375 2205 1429 καὶ
2237 1375 2363 1427 κατ’
2390 1376 2624 1441 οἴκους.

2179 1466 2734 1536 Διαμαρτιφάμενος
2789 1466 3102 1533 Ἰουδαίοις
3145 1484 3210 1522 τε
3259 1467 3360 1522 και
3416 1470 3669 1536 Ἕλλησι

2107 1557 2222 1624 τὴν
2254 1561 2338 1624 εἰς
2371 1561 2521 1612 Θεὸν
2542 1560 2882 1629 μετάνοιαν,
2924 1560 3022 1614 καὶ
3067 1563 3277 1614 πίστιν
3311 1561 3429 1630 τὴν
3455 1565 3546 1629 εἰς
3578 1563 3672 1617 τὸν

2107 1650 2327 1716 Κύριον
2365 1649 2535 1717 ἡμῶν
2571 1650 2838 1719 Ἰησοῦν.

2179 1741 2338 1795 Μετὰ
2355 1740 2557 1809 πάσης
2582 1745 3157 1812 ταπεινοφροσύνης.
3181 1743 3296 1815 Οὐχ
3334 1745 3528 1808 ἁπλῶς
3547 1786 3565 1812 ,
3587 1764 3672 1801 τα-

2109 1833 2558 1904 πεινοφροσύνης,
2606 1833 2764 1900 ἀλλὰ,
2814 1835 2954 1904 μετὰ
2990 1835 3192 1905 πάσης.
3226 1835 3404 1890 Πολλὰ
3430 1836 3541 1906 γὰρ
3567 1839 3670 1901 εἴδη

2107 1925 2209 1994 τῆς
2241 1925 2779 1996 ταπεινοφροσύνηςο
2806 1929 2866 1979 ὲν
2897 1927 3060 1998 λόγῳ,
3093 1929 3151 1980 ὲν
3185 1928 3351 1998 ἔργῳ,
3408 1929 3547 2001 πρὸς
3584 1930 3672 2002 ἄρα

2110 2034 2342 2088 χοντας,
2405 2018 2542 2088 πρὸς
2605 2019 2966 2088 ἀρχομένους.
3032 2020 3486 2074 Μετεκαλέσατο
3540 2023 3671 2091 τοὺς

2110 2105 2553 2178 πρεσϐυτέρως
2592 2109 2706 2178 τῆς
2742 2111 3127 2178 Ἐκκλησίας.
3174 2113 3392 2182 Ἐπειδὴ
3425 2111 3668 2169 λανθάνει

2110 2201 2238 2264 τοὺς
2272 2200 2500 2264 πολλοὺς
2523 2204 2557 2271 ἡ
2585 2201 2862 2271 συνήθεια,
2902 2202 3137 2272 μάλιστα
3163 2202 3261 2272 τῆς
3300 2205 3511 2274 Καινῆς
3548 2207 3666 2258 Δια-

2112 2293 2307 2362 οήκης,
2361 2293 2489 2357 τοὺς
2543 2295 2876 2358 ἐπισκόπους
2908 2295 3034 2356 τοὺς
3098 2294 3508 2365 πρεσϐυτέρους
3559 2297 3665 2349 bvo-

2114 2383 2386 2450 μάζουσα,
2416 2384 2510 2438 καὶ
2534 2384 2661 2446 τοὺς
2691 2384 3093 2455 πρεσϐυτέρους
3121 2386 3489 2450 ἐπισκόπουςο
3526 2403 3669 2456 σεση-

2115 2473 2342 2542 μείωται
2389 2474 2482 2528 καὶ
2509 2474 2670 2528 τοῦτο
2698 2474 2950 2528 ἐντεῦθέν
2995 2493 3055 2528 τε
3089 2478 3183 2530 καὶ
3218 2478 3320 2547 τῆς
3350 2477 3486 2548 πρὸς
3516 2479 3665 2531 Τίτον

2125 2565 2469 2636 Ἐπιστολῆς,
2490 2565 2570 2620 ἔτι
2589 2584 2650 2619 τε
2685 2567 2777 2620 καὶ
2806 2567 2907 2636 τῆς
2938 2567 3076 2636 πρὸς
3097 2568 3490 2640 Φιλιππησίους
3509 2571 3664 2624 ἐισόο

2117 2657 2254 2728 μεθα
2284 2658 2365 2724 δὲ,
2398 2660 2446 2712 εἰ
2476 2657 2570 2712 καὶ
2601 2657 2746 2711 κατὰ
2776 2658 3066 2712 ἀκόλουθον
3101 2660 3162 2714 τὺ
3212 2660 3346 2715 αὐτὸ
3399 2661 3668 2715 ἐκλεκτέον

2114 2751 2208 2802 καὶ
2244 2751 2308 2801 ὲκ
2338 2752 2437 2818 τῆς
2465 2749 2605 2818 πρὸς
2639 2749 2904 2820 Τιμόθεον
2963 2748 3206 2820 πρώτης.
3255 2750 3386 2804 ’Δπὺ
3435 2753 3529 2822 μὲν
3575 2747 3667 2806 οὖν

2112 2841 2220 2894 τῶν
2245 2842 2288 2893 Π
2298 2842 2504 2910 ράξεων
2523 2840 2639 2894 ἔστι
2668 2843 2798 2912 περὶ
2820 2841 3011 2894 τούτου
3036 2840 3346 2911 πεισθῆναι.
3368 2843 3666 2911 Γέγραπται

2118 2934 2226 3005 γὰρ
2278 2934 2485 2996 οὕτως’
2532 2933 2677 2988 Ἀπὸ
2729 2933 2797 2986 δὲ
2845 2931 2953 3001 τῆς
2995 2932 3265 3000 Μιλήτου
3309 2935 3545 3004 πέμψας
3585 2937 3668 2999 εις

2119 3027 2398 3094 Ἔφεσον,
2431 3023 2878 3093 μετεκαλέσατο
2905 3023 3046 3091 τοὺς
3095 3025 3530 3094 πρεσϐυτέρους
3565 3024 3668 3093 τῆς

2127 3117 2518 3182 Ἐκκλησιάς·
2547 3117 2643 3169 καὶ
2666 3116 2764 3168 οὐκ
2795 3117 3034 3185 εἶρηκεν,
3065 3115 3146 3168 ὃτι
3176 3115 3303 3177 τοὺς
3324 3115 3663 3177 ἐπισκόπους.

445 3210 548 3254 tem
584 3200 843 3269 Ephesum
867 3202 1063 3254 nuntiis
1096 3202 1293 3264 missis,
1312 3201 1537 3256 evocavit
1563 3202 1885 3271 presbyteros
1909 3201 2009 3256 Ec-

2124 3203 2252 3262 Εἷτα
2307 3209 2596 3279 ἐπιφέρειο
2640 3209 2734 3262 Ἐν
2761 3200 2809 3273 ᾧ
2845 3206 3001 3276 ὑμᾶς
3031 3207 3094 3260 τὸ
3118 3207 3360 3274 Πνεῦμα
3401 3207 3466 3261 τὸ
3510 3207 3666 3277 ἅγιον

446 3291 654 3345 clcsite:
685 3306 748 3345 ac
792 3307 903 3345 non
953 3290 1088 3345 dixit
1131 3289 1450 3362 [advocasse
1484 3291 1660 3364 illum]
1700 3293 2004 3362 episcopos.

445 3383 648 3438 Deinde
677 3381 986 3452 subjungit:
1015 3381 1081 3435 In
1110 3399 1211 3452 quo
1233 3399 1387 3452 grege
1415 3381 1646 3451 Spiritus
1677 3394 1889 3438 sanctus
1925 3401 2014 3440 vos

446 3473 617 3540 posuit
642 3473 924 3541 episcopos,
960 3472 1030 3524 ad
1049 3471 1366 3538 pascendam
1403 3471 1690 3525 Ecclesium
1721 3472 1930 3526 Domini
1953 3491 2016 3527 ac

449 3562 567 3616 Dei.
600 3563 673 3616 Ex
716 3563 948 3632 Epistola
970 3571 1147 3616 autem
1173 3561 1239 3616 ad
1271 3562 1476 3626 Titum,
1531 3561 1600 3615 Et
1621 3564 1899 3619 constitues
1925 3581 2016 3632 per

2114 3299 2281 3353 ἔθετο
2301 3299 2672 3365 ἐπισκόπους
2693 3299 3030 3368 ποιμαίνειν
3050 3297 3163 3366 τὴν
3177 3299 3545 3364 Ἐκκλησίαν
3568 3298 3662 3352 τοῦ

2116 3391 2338 3457 Κυρίου
2381 3390 2480 3443 καὶ
2538 3390 2713 3444 Θεοῦ·
2747 3391 2853 3444 ἀπὸ
2879 3391 2935 3443 δὲ
2967 3390 3063 3458 τῆς
3085 3391 3224 3459 πρὸς
3251 3387 3410 3441 Τῖτον
3451 3389 3664 3441 Ἐπιστο-

2115 3479 2216 3549 λῆς
2236 3496 2251 3510 ·
2280 3480 2390 3534 Καὶ
2418 3481 2823 3547 καταστήσεις
2845 3479 2996 3534 κατὰ
3027 3480 3228 3541 πόλιν,
3255 3477 3409 3548 φησὶ,
3435 3480 3664 3547 πρεσϐυ-

2117 3570 2350 3637 τέρους,
2380 3571 2462 3636 ὠς
2483 3569 2598 3639 ἐγώ
2627 3587 2725 3623 σοι
2753 3569 3154 3645 διεταξάμην·
3201 3570 3312 3623 ἀπὸ
3337 3570 3390 3622 δὲ
3419 3569 3516 3638 τῆς
3546 3569 3662 3638 πρὸς

447 3655 683 3725 singulas
741 3655 998 3717 civitates,
1058 3653 1252 3722 inquit,
1296 3653 1645 3723 presbyteros,
1679 3656 2009 3724 quemadmo-

2124 3661 2537 3728 Φιλιππησὶους·
2581 3660 2816 3726 Παῦλος
2848 3662 2946 3715 καὶ
2993 3661 3288 3728 Τιμόθεος,
3315 3659 3524 3715 δοῦλοι
3548 3662 3661 3726 Χρι-

447 3749 572 3798 dum
611 3763 704 3816 ego
749 3747 841 3798 tibi
874 3746 1167 3813 praescripsi
1190 3745 1258 3797 ³⁷.
1309 3745 1384 3798 lix
1420 3743 1659 3812 Epistola
1714 3745 1780 3798 ad
1804 3743 2009 3814 Philip-

2124 3752 2270 3805 στοῦ
2309 3751 2531 3815 Ἰησοῦ,
2560 3751 2684 3816 τοῖς
2713 3747 2898 3806 οὖσιν
2940 3749 3012 3805 ἐν
3053 3752 3376 3816 Φιλίπποις
3407 3751 3528 3804 σὺν
3549 3750 3659 3801 ἐπι-

449 3851 644 3906 penses
673 3853 687 3889 :
725 3836 922 3890 Paulus
955 3847 1002 3889 et
1035 3835 1330 3888 Timotheus
1357 3835 1491 3888 servi
1516 3832 1716 3888 Christi
1759 3834 1907 3897 Jesu,
1945 3835 2009 3888 iis

2124 3844 2376 3908 σκόποις
2417 3844 2516 3896 καὶ
2538 3843 2860 3907 διακόνοις.
2894 3872 2963 3884 --
2989 3843 3088 3906 Ὧς
3119 3841 3300 3895 οὐδὲν
3325 3839 3656 3897 ὑπεστειπὰ-

447 3927 537 3994 qui
571 3937 688 3980 sunt
711 3926 968 3996 Philippis
1001 3943 1104 3980 una
1127 3943 1245 3980 cum
1267 3926 1520 3994 episcopis
1540 3935 1588 3978 et
1611 3925 1849 3978 diacouis
1866 3926 1930 3980 ".
1945 3955 2009 3965 —

2124 3952 2238 4004 μην
2267 3933 2382 3987 τῶν
2407 3935 2838 4001 συμφερόντων
2888 3931 2994 3986 τοῦ
3030 3931 3116 4001 μὴ
3147 3931 3495 3999 ἀναγγεῖλαι
3519 3929 3656 3999 ὑμῖν.

452 4016 520 4070 Ut
578 4017 710 4071 nihil
753 4020 1132 4084 suppresserim
1175 4018 1314 4087 quod
1354 4015 1481 4070 utile
1512 4026 1641 4070 esset
1682 4017 1823 4070 vobis
1859 4026 2009 4087 atque

2124 4017 2229 4072 Ἱιν
2259 4018 2371 4088 γὰρ
2389 4018 2455 4081 ⁵³,
2486 4018 2563 4090 [ἃ]
2596 4019 2695 4071 οὑκ
2724 4019 2828 4071 ἔδει
2868 4019 3080 4089 μαθεῖν.
3112 4019 3324 4087 Ὥσπερ
3359 4017 3466 4089 γὰρ
3485 4019 3543 4070 τό
3561 4031 3656 4070 τινα

450 4112 780 4177 conduceret,
807 4111 932 4181 quin
948 4113 1340 4165 annuntiarem.
1367 4110 1496 4165 Nam
1513 4110 1557 4165 si
1580 4109 1656 4181 [id
1675 4110 1875 4166 factum
1907 4110 2009 4182 est]

2124 4107 2479 4179 κρύπτεσθαι,
2500 4107 2692 4174 φθόνον
2712 4107 2777 4172 ³⁸,
2797 4105 2937 4160 οὕτω
2961 4108 3023 4159 τὸ
3051 4106 3230 4175 λέγειν
3259 4107 3319 4160 τδ
3347 4108 3456 4160 πᾶν
3480 4107 3653 4166 αὐτοῖς,

449 4218 560 4257 non
613 4203 897 4272 oportebat
939 4203 1078 4257 scire
1109 4202 1251 4274 [quae
1285 4202 1456 4257 celata
1502 4209 1664 4271 atque
1719 4217 2009 4272 suppressa

2124 4199 2328 4261 ἀνοίας.
2358 4196 2456 4250 Διὰ
2486 4197 2645 4250 τοῦτο
2672 4197 3004 4268 προσέθηκε,
3025 4197 3134 4249 τῶν
3170 4199 3574 4267 συμφερόντων.

450 4291 624 4365 sunt].
645 4291 1108 4358 Quemadmodum
1140 4292 1285 4347 enim
1315 4289 1573 4346 nonnulla
1605 4291 1804 4356 celare,
1835 4291 2038 4348 invidi:
2063 4290 2137 4345 ita
2169 4289 2351 4344 omnia
2398 4289 2582 4343 dicere
2619 4287 2746 4354 illis,
2795 4288 3029 4344 amentis
3067 4298 3171 4343 est.
3204 4287 3415 4344 Idcirco
3447 4285 3654 4342 addidit:

452 4387 650 4440 Earum
673 4399 853 4438 rerum
876 4399 994 4451 qua:
1025 4383 1181 4439 utiles
1210 4391 1412 4438 essent.

520 4477 684 4533 Vens.
716 4477 806 4534 ΞΩ.
837 4477 901 4531 Et
937 4494 1074 4532 nunc
1091 4493 1210 4532 ecce
1234 4493 1326 4548 ego
1349 4479 1550 4534 vinctus
1576 4479 1807 4548 Spiritu,
1838 4479 2004 4547 proﬁ-

2185 4474 2292 4529 Καὶ
2319 4473 2436 4528 νῦν
2456 4473 2586 4528 ἰδοὺ
2611 4472 2734 4543 ,ἐγὼ
2770 4470 3090 4541 δεδεμένος
3111 4469 3191 4538 τῷ
3222 4473 3541 4542 Πνεύματι,
3568 4491 3650 4527 πο·

447 4569 616 4624 ciscor
669 4569 725 4622 in
778 4565 1102 4632 Jerusalem,
1134 4585 1250 4639 qua:
1282 4569 1409 4623 mihi
1443 4571 1497 4622 in
1540 4587 1601 4624 ea
1629 4569 1756 4624 urbe
1823 4585 2009 4623 casura

2124 4568 2367 4636 ρεύομαι
2399 4567 2486 4631 εις
2525 4563 2943 4634 Ἰερουσαλὴμ,
2990 4565 3064 4618 τὰ
3094 4563 3165 4617 ἐν
3197 4563 3354 4634 αὐτῇ
3384 4565 3654 4632 συναντή-

451 4661 558 4714 sint
596 4656 868 4728 ignorans.

2124 4661 2314 4716 σοντά
2329 4661 2373 4691 ’⁵
2400 4658 2600 4729 μοιμή
2624 4658 2813 4722 εὶδώς.

2193 4749 2370 4817 Πλὴν
2397 4750 2485 4802 ὅτι
2519 4749 2582 4801 τὸ
2611 4746 2853 4816 Πνεῦμα
2877 4747 2943 4798 τὸ
2978 4745 3150 4816 ἅγιον
3177 4746 3328 4800 κατὰ
3362 4749 3533 4802 πόλιν
3552 4745 3653 4798 em-

2120 4843 2478 4912 μαρτύρεται
2501 4838 2706 4910 λέγον,
2766 4838 2855 4891 ὅτι
2885 4838 3077 4907 δεσμὰ
3103 4840 3199 4892 καὶ
3229 4841 3467 4908 θλίψεις
3484 4856 3552 4909 με
3566 4838 3650 4906 ι-ἐ-

2125 4951 2342 4990 νουσιν
2383 4936 2452 4988 ⁸⁸.

2204 5025 2358 5079 Ἀλλ’
2387 5021 2640 5088 οὐδενὸς
2687 5023 2871 5090 λόγον
2899 5022 3202 5091 ποιοῦμαι,
3235 5023 3379 5079 οὐδὲ
3424 5025 3524 5095 ἔχω
3555 5023 3647 5088 τὴν

2122 5114 2334 5184 ψυχήν
2376 5132 2496 5184 μου
2547 5113 2748 5182 τιμίαν
2804 5112 3072 5181 ἐμαυτῷο
3102 5114 3184 5178 ὡς
3214 5115 3512 5170 τελειῶσαι
3563 5113 3649 5165 rits-

2121 5207 2344 5276 δρόμον
2382 5223 2502 5275 μου
2525 5204 2676 5274 μετὰ
2705 5202 2914 5272 χαρᾶς,
2969 5203 3064 5257 καὶ
3099 5203 3214 5271 τὴν
3239 5205 3552 5266 διακονίαν,
3585 5203 3649 5268 ῆν

2119 5296 2343 5350 ἔλαϐον
2371 5299 2531 5362 παρὰ
2559 5296 2663 5349 τοῦ
2689 5294 2906 5363 Κυρίου
2941 5293 3157 5362 Ἰησοῦ,
3185 5293 3648 5364 διαμαρτύρασθαι

2121 5387 2187 5438 τὸ
2212 5383 2580 5455 [εὐαγγέλιον
2602 5385 2711 5454 τῆς
2737 5383 2971 5455 χάριτος
3004 5383 3110 5438 τοῦ
3139 5385 3314 5440 Θεοῦ.

524 4749 689 4804 Vsus.
714 4751 808 4804 25.
867 4749 1232 4820 Preterquam
1261 4751 1399 4819 quod
1433 4750 1663 4817 Spiritus
1707 4761 1924 4805 sanctus
1962 4753 2019 4805 in

448 4844 659 4896 civitate
707 4843 1043 4911 testiﬁcatur,
1075 4845 1250 4898 dicens
1297 4843 1507 4898 vincula
1541 4843 1666 4896 mihi
1701 4851 1750 4897 et
1784 4845 2014 4898 calami-

451 4943 583 4988 tates
614 4950 726 4988 esse
755 4934 1069 4989 destinatas.

523 5021 685 5076 Vens.
716 5021 806 5077 9A.
834 5021 938 5077 Sed
975 5022 1103 5077 nihil
1138 5022 1364 5092 (horum)
1389 5038 1535 5083 curo,
1566 5037 1730 5091 neque
1754 5022 2013 5076 mihimet-

447 5116 550 5186 ipsi
585 5116 766 5169 anima
804 5131 919 5169 mea
951 5115 1110 5168 chara
1139 5123 1239 5176 est,
1271 5113 1552 5168 dummodo
1579 5112 1856 5180 conﬁciant
1897 5130 2016 5166 cum

447 5208 644 5280 gaudio
677 5223 890 5260 cursum
925 5222 1098 5260 meum
1146 5213 1195 5259 et
1224 5203 1573 5257 ministerium
1598 5208 1736 5273 quod
1766 5204 1943 5273 accepi
1980 5220 2013 5256 a

453 5302 676 5354 Domino
702 5299 862 5364 Jesu,
915 5300 986 5352 ad
1013 5296 1398 5366 testiﬁcandum
1437 5292 1778 5364 Evangelium
1825 5295 2014 5364 gratia:

450 5390 512 5445 D.
533 5391 569 5444 i.

527 5528 570 5560 ³⁷
598 5526 704 5580 Tit.
737 5542 777 5590 ι,
803 5527 860 5592 5,
1007 5526 1054 5558 ³⁸
1095 5523 1326 5593 Philipp.
1358 5537 1396 5587 ι,
1430 5521 1482 5576 i.

1646 5612 1843 5674 Varie)
1866 5611 2174 5674 lectiones
2220 5617 2282 5673 et
2325 5617 2516 5673 notua.

525 5721 566 5752 ⁶¹
599 5717 721 5787 τῆς,
772 5719 1101 5773 desideratur
1124 5718 1180 5772 in
1211 5717 1456 5787 vulgatis.
1548 5714 1689 5787 "in
1754 5713 1978 5787 vulgatis

2124 5713 2299 5787 [sctum
2353 5722 2450 5787 est,
2521 5713 2686 5780 ὑμᾶς,
2721 5720 2770 5765 et
2801 5713 2958 5787 paulo
3010 5723 3120 5787 post
3160 5718 3562 5787 μαρτυρόμενοςἶ
3603 5718 3642 5763 α

453 5805 596 5852 mox,
624 5783 704 5850 εις
733 5788 822 5842 τὸν
851 5788 1000 5844 Θεόν.
1076 5789 1124 5822 ⁸³
1155 5788 1241 5843 τσ.
1271 5783 1338 5857 ἢν
1368 5789 1497 5857 γάρ.
1571 5786 1620 5818 ⁵⁸
1650 5786 1737 5838 ἵσ.
1769 5783 1986 5852 φθόνου.

2124 5785 2138 5815 ⁵
2170 5783 2602 5852 συναντήσαντα,
2634 5792 2766 5836 erat.
2846 5784 2892 5814 "
2925 5783 2988 5837 In
3025 5783 3252 5855 vulgatis
3291 5783 3385 5852 est,
3410 5783 3569 5856 ’δεσμά
3588 5795 3638 5852 με

459 5861 557 5914 καὶ
595 5857 804 5927 θλίψεις
835 5859 1110 5928 μένουσιν.
