  <div class='ocr_page' id='page_1' title='image "/cluster/home/n/w/nwhite01/storage/ocr_20150623/125/hvd.32044019208214/468.png"; bbox 0 0 3856 6552; ppageno 0'>
   <div class='ocr_carea' id='block_1_1' title="bbox 133 405 3324 527">
    <p class='ocr_par' dir='ltr' id='par_1_1' title="bbox 133 405 3324 527">
     <span class='ocr_line' id='line_1_1' title="bbox 133 405 3324 527; baseline -0.001 -15"><span class='ocrx_word' id='word_1_1' title='bbox 133 460 212 527; x_wconf 64' lang='lat' dir='ltr'><strong><em>3m</em></strong></span> <span class='ocrx_word' id='word_1_2' title='bbox 724 450 1131 513; x_wconf 74' lang='lat' dir='ltr'><strong><em>exrosmo</em></strong></span> <span class='ocrx_word' id='word_1_3' title='bbox 1168 450 1250 512; x_wconf 82' lang='lat' dir='ltr'><strong><em>IN</em></strong></span> <span class='ocrx_word' id='word_1_4' title='bbox 1281 449 1473 511; x_wconf 75' lang='lat' dir='ltr'><strong>ACTA</strong></span> <span class='ocrx_word' id='word_1_5' title='bbox 1512 448 2089 510; x_wconf 79' lang='lat' dir='ltr'><strong><em>APOSTOLORUM.</em></strong></span> <span class='ocrx_word' id='word_1_6' title='bbox 2122 473 2191 483; x_wconf 91' lang='lat'><strong><em>-—</em></strong></span> <span class='ocrx_word' id='word_1_7' title='bbox 2216 405 2371 508; x_wconf 53' lang='lat' dir='ltr'><strong><em>esp.</em></strong></span> <span class='ocrx_word' id='word_1_8' title='bbox 2416 448 2622 509; x_wconf 85' lang='lat' dir='ltr'><strong><em>xxm</em></strong></span> <span class='ocrx_word' id='word_1_9' title='bbox 3216 447 3324 510; x_wconf 79' lang='lat'><strong><em>802</em></strong></span> 
     </span>
    </p>
   </div>
   <div class='ocr_carea' id='block_1_2' title="bbox 187 556 1710 639">
    <p class='ocr_par' dir='ltr' id='par_1_2' title="bbox 187 561 1710 639">
     <span class='ocr_line' id='line_1_2' title="bbox 187 561 1710 639; baseline -0.011 -11"><span class='ocrx_word' id='word_1_10' title='bbox 187 572 251 639; x_wconf 77' lang='grc' dir='ltr'><strong><em>Τῇ</em></strong></span> <span class='ocrx_word' id='word_1_11' title='bbox 272 569 333 623; x_wconf 81' lang='grc' dir='ltr'><em>δὲ</em></span> <span class='ocrx_word' id='word_1_12' title='bbox 361 564 643 632; x_wconf 74' lang='grc' dir='ltr'><em>ἐπαύριον</em></span> <span class='ocrx_word' id='word_1_13' title='bbox 673 564 1056 633; x_wconf 81' lang='grc' dir='ltr'><em>βουλόμενος</em></span> <span class='ocrx_word' id='word_1_14' title='bbox 1082 561 1305 632; x_wconf 70' lang='grc' dir='ltr'><em>γνῶναι</em></span> <span class='ocrx_word' id='word_1_15' title='bbox 1350 564 1414 615; x_wconf 81' lang='grc' dir='ltr'><em>τὸ</em></span> <span class='ocrx_word' id='word_1_16' title='bbox 1451 562 1650 629; x_wconf 68' lang='grc' dir='ltr'><em>ἀσφα-</em></span> <span class='ocrx_word' id='word_1_17' title='bbox 1678 566 1710 624; x_wconf 72' lang='grc' dir='ltr'><em>Α</em></span> 
     </span>
    </p>
   </div>
   <div class='ocr_carea' id='block_1_3' title="bbox 1805 556 3328 639">
    <p class='ocr_par' dir='ltr' id='par_1_3' title="bbox 1823 556 3328 625">
     <span class='ocr_line' id='line_1_3' title="bbox 1823 556 3328 625; baseline -0.002 -11"><span class='ocrx_word' id='word_1_18' title='bbox 1823 560 1984 614; x_wconf 76' lang='lat' dir='ltr'><strong><em>Vens.</em></strong></span> <span class='ocrx_word' id='word_1_19' title='bbox 2009 560 2097 612; x_wconf 77' lang='lat'><strong><em>50.</em></strong></span> <span class='ocrx_word' id='word_1_20' title='bbox 2135 557 2347 611; x_wconf 85' lang='lat' dir='ltr'><strong><em>Postero</em></strong></span> <span class='ocrx_word' id='word_1_21' title='bbox 2376 559 2461 611; x_wconf 87' lang='lat' dir='ltr'><strong><em>die</em></strong></span> <span class='ocrx_word' id='word_1_22' title='bbox 2487 568 2628 611; x_wconf 83' lang='lat' dir='ltr'><strong><em>certo</em></strong></span> <span class='ocrx_word' id='word_1_23' title='bbox 2652 557 2785 611; x_wconf 87' lang='lat' dir='ltr'><strong><em>scire</em></strong></span> <span class='ocrx_word' id='word_1_24' title='bbox 2810 556 3005 622; x_wconf 83' lang='lat' dir='ltr'><strong><em>volens,</em></strong></span> <span class='ocrx_word' id='word_1_25' title='bbox 3038 556 3189 625; x_wconf 80' lang='lat' dir='ltr'><strong><em>cujus</em></strong></span> <span class='ocrx_word' id='word_1_26' title='bbox 3226 560 3328 611; x_wconf 90' lang='lat' dir='ltr'><strong><em>cri-</em></strong></span> 
     </span>
    </p>
   </div>
   <div class='ocr_carea' id='block_1_4' title="bbox 122 647 1645 731">
    <p class='ocr_par' dir='ltr' id='par_1_4' title="bbox 122 651 1645 731">
     <span class='ocr_line' id='line_1_4' title="bbox 122 651 1645 731; baseline -0.009 -12"><span class='ocrx_word' id='word_1_27' title='bbox 122 663 309 731; x_wconf 77' lang='grc' dir='ltr'><em>λὲς,τὸ</em></span> <span class='ocrx_word' id='word_1_28' title='bbox 353 659 406 713; x_wconf 92' lang='grc' dir='ltr'><strong><em>τί</em></strong></span> <span class='ocrx_word' id='word_1_29' title='bbox 444 656 852 727; x_wconf 72' lang='grc' dir='ltr'><strong><em>κατηγορεῖται</em></strong></span> <span class='ocrx_word' id='word_1_30' title='bbox 887 657 931 687; x_wconf 82' lang='grc'>⁶¹</span> <span class='ocrx_word' id='word_1_31' title='bbox 961 654 1122 723; x_wconf 77' lang='grc' dir='ltr'><em>παρὰ</em></span> <span class='ocrx_word' id='word_1_32' title='bbox 1166 653 1285 715; x_wconf 67' lang='grc' dir='ltr'><strong><em>τῶι⁴</em></strong></span> <span class='ocrx_word' id='word_1_33' title='bbox 1337 651 1645 715; x_wconf 60' lang='grc' dir='ltr'><em>Ἰουδαίων,</em></span> 
     </span>
    </p>
   </div>
   <div class='ocr_carea' id='block_1_5' title="bbox 1809 647 3332 731">
    <p class='ocr_par' dir='ltr' id='par_1_5' title="bbox 1814 647 3332 713">
     <span class='ocr_line' id='line_1_5' title="bbox 1814 647 3332 713; baseline -0.001 -11"><span class='ocrx_word' id='word_1_34' title='bbox 1814 649 1914 703; x_wconf 87' lang='lat' dir='ltr'><strong><em>inis</em></strong></span> <span class='ocrx_word' id='word_1_35' title='bbox 1942 658 2007 702; x_wconf 77' lang='lat' dir='ltr'><strong><em>ab</em></strong></span> <span class='ocrx_word' id='word_1_36' title='bbox 2032 647 2235 703; x_wconf 61' lang='lat' dir='ltr'><strong><em>Iudaeis</em></strong></span> <span class='ocrx_word' id='word_1_37' title='bbox 2256 648 2672 711; x_wconf 73' lang='lat' dir='ltr'><strong><em>insimularetur,</em></strong></span> <span class='ocrx_word' id='word_1_38' title='bbox 2711 647 2863 702; x_wconf 86' lang='lat' dir='ltr'><strong><em>solvit</em></strong></span> <span class='ocrx_word' id='word_1_39' title='bbox 2890 663 3005 702; x_wconf 87' lang='lat' dir='ltr'><strong><em>eum</em></strong></span> <span class='ocrx_word' id='word_1_40' title='bbox 3033 665 3065 701; x_wconf 93' lang='lat' dir='ltr'><strong><em>a</em></strong></span> <span class='ocrx_word' id='word_1_41' title='bbox 3093 647 3332 713; x_wconf 78' lang='lat' dir='ltr'><strong><em>vinculis,</em></strong></span> 
     </span>
    </p>
   </div>
   <div class='ocr_carea' id='block_1_6' title="bbox 124 734 1647 817">
    <p class='ocr_par' dir='ltr' id='par_1_6' title="bbox 124 743 1647 817">
     <span class='ocr_line' id='line_1_6' title="bbox 124 743 1647 817; baseline -0.011 -4"><span class='ocrx_word' id='word_1_42' title='bbox 124 759 317 813; x_wconf 79' lang='grc' dir='ltr'><em>έλυσεν</em></span> <span class='ocrx_word' id='word_1_43' title='bbox 339 752 519 808; x_wconf 84' lang='grc' dir='ltr'><em>αὐτὸν</em></span> <span class='ocrx_word' id='word_1_44' title='bbox 548 750 667 807; x_wconf 74' lang='grc' dir='ltr'><strong><em>ἀπὸ</em></strong></span> <span class='ocrx_word' id='word_1_45' title='bbox 701 747 821 802; x_wconf 89' lang='grc' dir='ltr'><strong><em>τῶν</em></strong></span> <span class='ocrx_word' id='word_1_46' title='bbox 857 745 1120 817; x_wconf 81' lang='grc' dir='ltr'><strong><em>δεσμῶν,</em></strong></span> <span class='ocrx_word' id='word_1_47' title='bbox 1174 746 1272 800; x_wconf 80' lang='grc' dir='ltr'><em>καὶ</em></span> <span class='ocrx_word' id='word_1_48' title='bbox 1328 743 1647 798; x_wconf 69' lang='grc' dir='ltr'><em>ἐκέλευσεν</em></span> 
     </span>
    </p>
   </div>
   <div class='ocr_carea' id='block_1_7' title="bbox 1808 734 3331 817">
    <p class='ocr_par' dir='ltr' id='par_1_7' title="bbox 1855 734 3331 805">
     <span class='ocr_line' id='line_1_7' title="bbox 1855 734 3331 805; baseline -0.001 -17"><span class='ocrx_word' id='word_1_49' title='bbox 1855 735 2021 805; x_wconf 92' lang='lat' dir='ltr'><strong><em>jussit</em></strong></span> <span class='ocrx_word' id='word_1_50' title='bbox 2068 735 2325 804; x_wconf 76' lang='lat' dir='ltr'><strong><em>principes</em></strong></span> <span class='ocrx_word' id='word_1_51' title='bbox 2385 735 2713 788; x_wconf 70' lang='lat' dir='ltr'><strong><em>sacerdotum</em></strong></span> <span class='ocrx_word' id='word_1_52' title='bbox 2758 744 2805 789; x_wconf 90' lang='lat' dir='ltr'><strong><em>et</em></strong></span> <span class='ocrx_word' id='word_1_53' title='bbox 2844 743 3010 788; x_wconf 89' lang='lat' dir='ltr'><strong><em>totum</em></strong></span> <span class='ocrx_word' id='word_1_54' title='bbox 3058 734 3331 788; x_wconf 64' lang='lat' dir='ltr'><strong><em>concilim:-</em></strong></span> 
     </span>
    </p>
   </div>
   <div class='ocr_carea' id='block_1_8' title="bbox 123 824 1646 912">
    <p class='ocr_par' dir='ltr' id='par_1_8' title="bbox 123 835 1646 912">
     <span class='ocr_line' id='line_1_8' title="bbox 123 835 1646 912; baseline -0.011 -7"><span class='ocrx_word' id='word_1_55' title='bbox 123 847 291 905; x_wconf 80' lang='grc' dir='ltr'><em>ἐλθεῖν</em></span> <span class='ocrx_word' id='word_1_56' title='bbox 315 843 459 912; x_wconf 67' lang='grc' dir='ltr'><em>πρὸς</em></span> <span class='ocrx_word' id='word_1_57' title='bbox 495 842 562 874; x_wconf 80' lang='grc'><strong><em>⁶²⁶</em></strong></span> <span class='ocrx_word' id='word_1_58' title='bbox 592 840 733 905; x_wconf 87' lang='grc' dir='ltr'><em>τοὺς</em></span> <span class='ocrx_word' id='word_1_59' title='bbox 754 838 1050 909; x_wconf 73' lang='grc' dir='ltr'><em>ᾁρχιερεῖς</em></span> <span class='ocrx_word' id='word_1_60' title='bbox 1082 838 1180 891; x_wconf 78' lang='grc' dir='ltr'><strong><em>καί</em></strong></span> <span class='ocrx_word' id='word_1_61' title='bbox 1215 837 1362 891; x_wconf 89' lang='grc' dir='ltr'><em>ὅλον</em></span> <span class='ocrx_word' id='word_1_62' title='bbox 1388 835 1454 889; x_wconf 80' lang='grc' dir='ltr'><em>τὸ</em></span> <span class='ocrx_word' id='word_1_63' title='bbox 1508 851 1646 890; x_wconf 90' lang='grc' dir='ltr'><em>συν-</em></span> 
     </span>
    </p>
   </div>
   <div class='ocr_carea' id='block_1_9' title="bbox 1807 824 3330 912">
    <p class='ocr_par' dir='ltr' id='par_1_9' title="bbox 1807 824 3330 899">
     <span class='ocr_line' id='line_1_9' title="bbox 1807 824 3330 899; baseline 0 -23"><span class='ocrx_word' id='word_1_64' title='bbox 1807 839 1939 878; x_wconf 69' lang='lat' dir='ltr'><strong><em>vrum</em></strong></span> <span class='ocrx_word' id='word_1_65' title='bbox 1975 825 2175 889; x_wconf 81' lang='lat' dir='ltr'><strong><em>venire,</em></strong></span> <span class='ocrx_word' id='word_1_66' title='bbox 2221 840 2287 880; x_wconf 87' lang='lat' dir='ltr'><strong><em>ac</em></strong></span> <span class='ocrx_word' id='word_1_67' title='bbox 2356 824 2909 899; x_wconf 64' lang='lat' dir='ltr'><strong><em>deductumJ’aulum</em></strong></span> <span class='ocrx_word' id='word_1_68' title='bbox 2970 825 3110 880; x_wconf 89' lang='lat' dir='ltr'><strong><em>sistit</em></strong></span> <span class='ocrx_word' id='word_1_69' title='bbox 3149 839 3330 878; x_wconf 75' lang='lat' dir='ltr'><strong><em>coram</em></strong></span> 
     </span>
    </p>
   </div>
   <div class='ocr_carea' id='block_1_10' title="bbox 124 912 1888 1004">
    <p class='ocr_par' dir='ltr' id='par_1_10' title="bbox 124 912 1888 1004">
     <span class='ocr_line' id='line_1_10' title="bbox 124 912 1888 1004; baseline -0.01 -11"><span class='ocrx_word' id='word_1_70' title='bbox 124 937 289 1004; x_wconf 81' lang='grc' dir='ltr'><em>έδριον</em></span> <span class='ocrx_word' id='word_1_71' title='bbox 309 931 501 987; x_wconf 86' lang='grc' dir='ltr'><em>αὐτῶν</em></span> <span class='ocrx_word' id='word_1_72' title='bbox 523 947 540 963; x_wconf 88' lang='grc'><strong>·</strong></span> <span class='ocrx_word' id='word_1_73' title='bbox 564 929 663 986; x_wconf 78' lang='grc' dir='ltr'><strong><em>καί</em></strong></span> <span class='ocrx_word' id='word_1_74' title='bbox 692 927 1043 999; x_wconf 65' lang='grc' dir='ltr'><em>καταγαγὼν</em></span> <span class='ocrx_word' id='word_1_75' title='bbox 1065 925 1171 981; x_wconf 84' lang='grc' dir='ltr'><em>τὸν</em></span> <span class='ocrx_word' id='word_1_76' title='bbox 1193 926 1458 993; x_wconf 87' lang='grc' dir='ltr'><em>Παῦλον,</em></span> <span class='ocrx_word' id='word_1_77' title='bbox 1483 925 1660 993; x_wconf 82' lang='grc' dir='ltr'><em>έστη-</em></span> <span class='ocrx_word' id='word_1_78' title='bbox 1757 912 1888 968; x_wconf 63' lang='lat' dir='ltr'><strong><em>illi!-</em></strong></span> 
     </span>
    </p>
   </div>
   <div class='ocr_carea' id='block_1_11' title="bbox 125 1020 572 1088">
    <p class='ocr_par' dir='ltr' id='par_1_11' title="bbox 125 1020 572 1088">
     <span class='ocr_line' id='line_1_11' title="bbox 125 1020 572 1088; baseline -0.018 -6"><span class='ocrx_word' id='word_1_79' title='bbox 125 1042 215 1082; x_wconf 86' lang='grc' dir='ltr'><strong><em>σεν</em></strong></span> <span class='ocrx_word' id='word_1_80' title='bbox 239 1026 316 1088; x_wconf 81' lang='grc' dir='ltr'><strong><em>είς</em></strong></span> <span class='ocrx_word' id='word_1_81' title='bbox 335 1020 572 1087; x_wconf 87' lang='grc' dir='ltr'><em>αὐτούς.</em></span> 
     </span>
    </p>
   </div>
   <div class='ocr_carea' id='block_1_12' title="bbox 664 1115 2187 1185">
    <p class='ocr_par' dir='ltr' id='par_1_12' title="bbox 664 1127 1093 1185">
     <span class='ocr_line' id='line_1_12' title="bbox 664 1127 1093 1185; baseline -0.005 0"><span class='ocrx_word' id='word_1_82' title='bbox 664 1129 918 1185; x_wconf 74' lang='grc' dir='ltr'><strong><em>ΚΕΦΔΛ.</em></strong></span> <span class='ocrx_word' id='word_1_83' title='bbox 962 1127 1093 1183; x_wconf 78' lang='lat' dir='ltr'><strong><em>Kl&quot;.</em></strong></span> 
     </span>
    </p>
   </div>
   <div class='ocr_carea' id='block_1_13' title="bbox 1248 1115 2771 1185">
    <p class='ocr_par' dir='ltr' id='par_1_13' title="bbox 2318 1115 2771 1173">
     <span class='ocr_line' id='line_1_13' title="bbox 2318 1115 2771 1173; baseline 0.002 -3"><span class='ocrx_word' id='word_1_84' title='bbox 2318 1115 2547 1173; x_wconf 81' lang='lat' dir='ltr'><strong><em>CAPUT</em></strong></span> <span class='ocrx_word' id='word_1_85' title='bbox 2583 1115 2771 1171; x_wconf 79' lang='lat' dir='ltr'><strong><em>XXlll.</em></strong></span> 
     </span>
    </p>
   </div>
   <div class='ocr_carea' id='block_1_14' title="bbox 192 1225 1715 1311">
    <p class='ocr_par' dir='ltr' id='par_1_14' title="bbox 192 1233 1653 1311">
     <span class='ocr_line' id='line_1_14' title="bbox 192 1233 1653 1311; baseline -0.009 -9"><span class='ocrx_word' id='word_1_86' title='bbox 192 1247 466 1311; x_wconf 82' lang='grc' dir='ltr'><em>Ἀτενίσας</em></span> <span class='ocrx_word' id='word_1_87' title='bbox 512 1243 583 1298; x_wconf 89' lang='grc' dir='ltr'><em>δὲ</em></span> <span class='ocrx_word' id='word_1_88' title='bbox 615 1246 647 1299; x_wconf 85' lang='grc' dir='ltr'><em>ὁ</em></span> <span class='ocrx_word' id='word_1_89' title='bbox 685 1241 927 1308; x_wconf 88' lang='grc' dir='ltr'><em>Παῦλος</em></span> <span class='ocrx_word' id='word_1_90' title='bbox 986 1241 1068 1307; x_wconf 85' lang='grc' dir='ltr'><em>τῷ</em></span> <span class='ocrx_word' id='word_1_91' title='bbox 1101 1239 1422 1309; x_wconf 81' lang='grc' dir='ltr'><strong><em>συνεδρίῳ,</em></strong></span> <span class='ocrx_word' id='word_1_92' title='bbox 1449 1233 1653 1292; x_wconf 72' lang='grc' dir='ltr'><em>εἶπεν·</em></span> 
     </span>
    </p>
   </div>
   <div class='ocr_carea' id='block_1_15' title="bbox 1812 1225 3335 1311">
    <p class='ocr_par' dir='ltr' id='par_1_15' title="bbox 1829 1225 3335 1285">
     <span class='ocr_line' id='line_1_15' title="bbox 1829 1225 3335 1285; baseline -0.002 -1"><span class='ocrx_word' id='word_1_93' title='bbox 1829 1229 1971 1285; x_wconf 74' lang='lat' dir='ltr'><strong><em>Vens</em></strong></span> <span class='ocrx_word' id='word_1_94' title='bbox 2028 1229 2079 1283; x_wconf 83' lang='lat' dir='ltr'><strong><em>l.</em></strong></span> <span class='ocrx_word' id='word_1_95' title='bbox 2119 1228 2193 1282; x_wconf 80' lang='lat' dir='ltr'><strong><em>Ac</em></strong></span> <span class='ocrx_word' id='word_1_96' title='bbox 2219 1226 2420 1281; x_wconf 85' lang='lat' dir='ltr'><strong><em>Paulus</em></strong></span> <span class='ocrx_word' id='word_1_97' title='bbox 2475 1227 2529 1281; x_wconf 91' lang='lat' dir='ltr'><strong><em>in</em></strong></span> <span class='ocrx_word' id='word_1_98' title='bbox 2569 1228 2844 1280; x_wconf 77' lang='lat' dir='ltr'><strong><em>consilium</em></strong></span> <span class='ocrx_word' id='word_1_99' title='bbox 2898 1225 3103 1281; x_wconf 79' lang='lat' dir='ltr'><strong><em>intuens</em></strong></span> <span class='ocrx_word' id='word_1_100' title='bbox 3164 1226 3335 1281; x_wconf 80' lang='lat' dir='ltr'><strong><em>dicere</em></strong></span> 
     </span>
    </p>
   </div>
   <div class='ocr_carea' id='block_1_16' title="bbox 130 1318 1653 1408">
    <p class='ocr_par' dir='ltr' id='par_1_16' title="bbox 130 1328 1653 1408">
     <span class='ocr_line' id='line_1_16' title="bbox 130 1328 1653 1408; baseline -0.009 -12"><span class='ocrx_word' id='word_1_101' title='bbox 130 1340 339 1408; x_wconf 76' lang='grc' dir='ltr'><em>Ἄνδρες</em></span> <span class='ocrx_word' id='word_1_102' title='bbox 369 1336 641 1406; x_wconf 68' lang='grc' dir='ltr'><em>ἀδελφοί,</em></span> <span class='ocrx_word' id='word_1_103' title='bbox 690 1334 805 1405; x_wconf 76' lang='grc' dir='ltr'><strong><em>ἐγὼ</em></strong></span> <span class='ocrx_word' id='word_1_104' title='bbox 852 1334 1023 1402; x_wconf 81' lang='grc' dir='ltr'><em>πάσῃ</em></span> <span class='ocrx_word' id='word_1_105' title='bbox 1066 1331 1422 1397; x_wconf 76' lang='grc' dir='ltr'><strong><em>συνειδήσει</em></strong></span> <span class='ocrx_word' id='word_1_106' title='bbox 1465 1328 1653 1400; x_wconf 72' lang='grc' dir='ltr'><em>ἀγαθῇ</em></span> 
     </span>
    </p>
   </div>
   <div class='ocr_carea' id='block_1_17' title="bbox 1815 1318 3338 1408">
    <p class='ocr_par' dir='ltr' id='par_1_17' title="bbox 1815 1318 3338 1389">
     <span class='ocr_line' id='line_1_17' title="bbox 1815 1318 3338 1389; baseline 0 -17"><span class='ocrx_word' id='word_1_107' title='bbox 1815 1337 1974 1374; x_wconf 82' lang='lat' dir='ltr'><strong><em>:crsus</em></strong></span> <span class='ocrx_word' id='word_1_108' title='bbox 2006 1330 2076 1373; x_wconf 86' lang='lat' dir='ltr'><strong><em>cst</em></strong></span> <span class='ocrx_word' id='word_1_109' title='bbox 2106 1321 2201 1373; x_wconf 83' lang='lat' dir='ltr'><strong><em>hoc</em></strong></span> <span class='ocrx_word' id='word_1_110' title='bbox 2227 1321 2379 1372; x_wconf 89' lang='lat' dir='ltr'><strong><em>modo</em></strong></span> <span class='ocrx_word' id='word_1_111' title='bbox 2405 1334 2422 1371; x_wconf 93' lang='lat'><strong><em>:</em></strong></span> <span class='ocrx_word' id='word_1_112' title='bbox 2452 1318 2559 1371; x_wconf 81' lang='lat' dir='ltr'><strong><em>Viri</em></strong></span> <span class='ocrx_word' id='word_1_113' title='bbox 2586 1321 2797 1387; x_wconf 70' lang='lat' dir='ltr'><strong><em>fratres.</em></strong></span> <span class='ocrx_word' id='word_1_114' title='bbox 2835 1335 2925 1389; x_wconf 86' lang='lat' dir='ltr'><strong><em>ego</em></strong></span> <span class='ocrx_word' id='word_1_115' title='bbox 2955 1318 3088 1373; x_wconf 86' lang='lat' dir='ltr'><strong><em>bona</em></strong></span> <span class='ocrx_word' id='word_1_116' title='bbox 3126 1335 3338 1387; x_wconf 86' lang='lat' dir='ltr'><strong><em>prorsus</em></strong></span> 
     </span>
    </p>
   </div>
   <div class='ocr_carea' id='block_1_18' title="bbox 132 1410 1655 1497">
    <p class='ocr_par' dir='ltr' id='par_1_18' title="bbox 132 1418 1655 1497">
     <span class='ocr_line' id='line_1_18' title="bbox 132 1418 1655 1497; baseline -0.014 -13"><span class='ocrx_word' id='word_1_117' title='bbox 132 1428 532 1497; x_wconf 63' lang='grc' dir='ltr'><strong><em>πεπολίτευμαι</em></strong></span> <span class='ocrx_word' id='word_1_118' title='bbox 562 1424 643 1491; x_wconf 84' lang='grc' dir='ltr'><em>τῷ</em></span> <span class='ocrx_word' id='word_1_119' title='bbox 674 1423 795 1490; x_wconf 87' lang='grc' dir='ltr'><strong><em>Θεῷ</em></strong></span> <span class='ocrx_word' id='word_1_120' title='bbox 853 1423 988 1493; x_wconf 76' lang='grc' dir='ltr'><em>ἄχρι</em></span> <span class='ocrx_word' id='word_1_121' title='bbox 1019 1424 1238 1488; x_wconf 76' lang='grc' dir='ltr'><em>ταύτης</em></span> <span class='ocrx_word' id='word_1_122' title='bbox 1272 1419 1382 1489; x_wconf 80' lang='grc' dir='ltr'><em>τῆς</em></span> <span class='ocrx_word' id='word_1_123' title='bbox 1412 1418 1655 1488; x_wconf 76' lang='grc' dir='ltr'><em>ἡμέρας,</em></span> 
     </span>
    </p>
   </div>
   <div class='ocr_carea' id='block_1_19' title="bbox 1814 1410 3337 1497">
    <p class='ocr_par' dir='ltr' id='par_1_19' title="bbox 1814 1410 3337 1480">
     <span class='ocr_line' id='line_1_19' title="bbox 1814 1410 3337 1480; baseline 0.001 -19"><span class='ocrx_word' id='word_1_124' title='bbox 1814 1413 2081 1465; x_wconf 81' lang='lat' dir='ltr'><strong><em>mscientia</em></strong></span> <span class='ocrx_word' id='word_1_125' title='bbox 2110 1421 2349 1465; x_wconf 83' lang='lat' dir='ltr'><strong><em>versatus</em></strong></span> <span class='ocrx_word' id='word_1_126' title='bbox 2392 1428 2507 1464; x_wconf 89' lang='lat' dir='ltr'><strong><em>sum</em></strong></span> <span class='ocrx_word' id='word_1_127' title='bbox 2551 1428 2729 1464; x_wconf 84' lang='lat' dir='ltr'><strong><em>coram</em></strong></span> <span class='ocrx_word' id='word_1_128' title='bbox 2776 1410 2881 1463; x_wconf 72' lang='lat' dir='ltr'><strong><em>Deo</em></strong></span> <span class='ocrx_word' id='word_1_129' title='bbox 2912 1427 3070 1480; x_wconf 81' lang='lat' dir='ltr'><strong><em>usque</em></strong></span> <span class='ocrx_word' id='word_1_130' title='bbox 3117 1412 3170 1463; x_wconf 90' lang='lat' dir='ltr'><strong><em>in</em></strong></span> <span class='ocrx_word' id='word_1_131' title='bbox 3199 1412 3337 1464; x_wconf 84' lang='lat' dir='ltr'><strong><em>diem</em></strong></span> 
     </span>
    </p>
   </div>
   <div class='ocr_carea' id='block_1_20' title="bbox 1760 1505 1918 1559">
    <p class='ocr_par' dir='ltr' id='par_1_20' title="bbox 1760 1505 1918 1559">
     <span class='ocr_line' id='line_1_20' title="bbox 1760 1505 1918 1559; baseline 0.013 -2"><span class='ocrx_word' id='word_1_132' title='bbox 1760 1505 1918 1559; x_wconf 79' lang='lat' dir='ltr'><strong><em>hunc.</em></strong></span> 
     </span>
    </p>
   </div>
   <div class='ocr_carea' id='block_1_21' title="bbox 192 1592 1715 1668">
    <p class='ocr_par' dir='ltr' id='par_1_21' title="bbox 192 1592 1661 1667">
     <span class='ocr_line' id='line_1_21' title="bbox 192 1592 1661 1667; baseline -0.005 -14"><span class='ocrx_word' id='word_1_133' title='bbox 192 1601 239 1653; x_wconf 85' lang='grc' dir='ltr'><strong><em>ὀ</em></strong></span> <span class='ocrx_word' id='word_1_134' title='bbox 268 1598 330 1653; x_wconf 73' lang='grc' dir='ltr'><strong><em>δέ</em></strong></span> <span class='ocrx_word' id='word_1_135' title='bbox 360 1595 672 1667; x_wconf 82' lang='grc' dir='ltr'><em>ἀρχιερεὺς</em></span> <span class='ocrx_word' id='word_1_136' title='bbox 731 1594 1012 1660; x_wconf 79' lang='grc' dir='ltr'><strong><em>Ἀνανίας</em></strong></span> <span class='ocrx_word' id='word_1_137' title='bbox 1050 1592 1304 1657; x_wconf 79' lang='grc' dir='ltr'><strong><em>ἐπέταξε</em></strong></span> <span class='ocrx_word' id='word_1_138' title='bbox 1347 1592 1473 1659; x_wconf 86' lang='grc' dir='ltr'><em>τοῖς</em></span> <span class='ocrx_word' id='word_1_139' title='bbox 1512 1609 1661 1663; x_wconf 68' lang='grc' dir='ltr'><em>παρα</em></span> 
     </span>
    </p>
   </div>
   <div class='ocr_carea' id='block_1_22' title="bbox 1819 1592 3342 1668">
    <p class='ocr_par' dir='ltr' id='par_1_22' title="bbox 1833 1595 3342 1668">
     <span class='ocr_line' id='line_1_22' title="bbox 1833 1595 3342 1668; baseline -0.003 -15"><span class='ocrx_word' id='word_1_140' title='bbox 1833 1597 1994 1653; x_wconf 68' lang='lat' dir='ltr'><strong><em>Vens.</em></strong></span> <span class='ocrx_word' id='word_1_141' title='bbox 2027 1596 2083 1651; x_wconf 71' lang='grc'><em>2.</em></span> <span class='ocrx_word' id='word_1_142' title='bbox 2114 1598 2188 1650; x_wconf 79' lang='lat' dir='ltr'><strong><em>Ac</em></strong></span> <span class='ocrx_word' id='word_1_143' title='bbox 2229 1598 2469 1668; x_wconf 78' lang='lat' dir='ltr'><strong><em>princeps</em></strong></span> <span class='ocrx_word' id='word_1_144' title='bbox 2494 1602 2827 1649; x_wconf 80' lang='lat' dir='ltr'><strong><em>sacerdotum</em></strong></span> <span class='ocrx_word' id='word_1_145' title='bbox 2867 1595 3105 1650; x_wconf 81' lang='lat' dir='ltr'><strong><em>Ananias</em></strong></span> <span class='ocrx_word' id='word_1_146' title='bbox 3138 1596 3229 1662; x_wconf 91' lang='lat' dir='ltr'><strong><em>iis,</em></strong></span> <span class='ocrx_word' id='word_1_147' title='bbox 3252 1596 3342 1667; x_wconf 83' lang='lat' dir='ltr'><strong><em>qui</em></strong></span> 
     </span>
    </p>
   </div>
   <div class='ocr_carea' id='block_1_23' title="bbox 131 1686 1654 1757">
    <p class='ocr_par' dir='ltr' id='par_1_23' title="bbox 131 1686 1386 1754">
     <span class='ocr_line' id='line_1_23' title="bbox 131 1686 1386 1754; baseline -0.005 -7"><span class='ocrx_word' id='word_1_148' title='bbox 131 1694 350 1747; x_wconf 85' lang='grc' dir='ltr'><em>εστῶσιν</em></span> <span class='ocrx_word' id='word_1_149' title='bbox 383 1687 543 1754; x_wconf 83' lang='grc' dir='ltr'><em>αὐτῷ</em></span> <span class='ocrx_word' id='word_1_150' title='bbox 567 1689 816 1742; x_wconf 76' lang='grc' dir='ltr'><strong><em>τύπτειν</em></strong></span> <span class='ocrx_word' id='word_1_151' title='bbox 848 1688 1035 1741; x_wconf 87' lang='grc' dir='ltr'><em>αὐτοῦ</em></span> <span class='ocrx_word' id='word_1_152' title='bbox 1076 1686 1143 1739; x_wconf 89' lang='grc' dir='ltr'><em>τὸ</em></span> <span class='ocrx_word' id='word_1_153' title='bbox 1170 1687 1386 1753; x_wconf 83' lang='grc' dir='ltr'><strong><em>στόμα.</em></strong></span> 
     </span>
    </p>
   </div>
   <div class='ocr_carea' id='block_1_24' title="bbox 1538 1686 3061 1757">
    <p class='ocr_par' dir='ltr' id='par_1_24' title="bbox 1761 1686 3061 1757">
     <span class='ocr_line' id='line_1_24' title="bbox 1761 1686 3061 1757; baseline -0.001 -16"><span class='ocrx_word' id='word_1_154' title='bbox 1761 1688 1842 1742; x_wconf 83' lang='lat' dir='ltr'><strong><em>illi</em></strong></span> <span class='ocrx_word' id='word_1_155' title='bbox 1868 1687 2135 1748; x_wconf 78' lang='lat' dir='ltr'><strong><em>astabant.</em></strong></span> <span class='ocrx_word' id='word_1_156' title='bbox 2168 1688 2443 1757; x_wconf 78' lang='lat' dir='ltr'><strong><em>imperarit</em></strong></span> <span class='ocrx_word' id='word_1_157' title='bbox 2469 1697 2523 1740; x_wconf 91' lang='lat' dir='ltr'><strong><em>ut</em></strong></span> <span class='ocrx_word' id='word_1_158' title='bbox 2557 1687 2813 1741; x_wconf 72' lang='lat' dir='ltr'><strong><em>caderent</em></strong></span> <span class='ocrx_word' id='word_1_159' title='bbox 2842 1704 2898 1740; x_wconf 83' lang='lat' dir='ltr'><strong><em>os</em></strong></span> <span class='ocrx_word' id='word_1_160' title='bbox 2926 1686 3061 1756; x_wconf 84' lang='lat' dir='ltr'><strong><em>ejus.</em></strong></span> 
     </span>
    </p>
   </div>
   <div class='ocr_carea' id='block_1_25' title="bbox 192 1775 1715 1850">
    <p class='ocr_par' dir='ltr' id='par_1_25' title="bbox 192 1775 1661 1850">
     <span class='ocr_line' id='line_1_25' title="bbox 192 1775 1661 1850; baseline -0.005 -12"><span class='ocrx_word' id='word_1_161' title='bbox 192 1786 308 1839; x_wconf 82' lang='grc' dir='ltr'><em>Τότε</em></span> <span class='ocrx_word' id='word_1_162' title='bbox 336 1785 366 1836; x_wconf 86' lang='grc' dir='ltr'><strong><em>ό</em></strong></span> <span class='ocrx_word' id='word_1_163' title='bbox 399 1782 643 1848; x_wconf 85' lang='grc' dir='ltr'><em>Παῦλος</em></span> <span class='ocrx_word' id='word_1_164' title='bbox 685 1781 835 1850; x_wconf 79' lang='grc' dir='ltr'><em>πρὸς</em></span> <span class='ocrx_word' id='word_1_165' title='bbox 883 1780 1071 1833; x_wconf 81' lang='grc' dir='ltr'><em>αὑτὸν</em></span> <span class='ocrx_word' id='word_1_166' title='bbox 1093 1775 1222 1833; x_wconf 77' lang='grc' dir='ltr'><em>εἷπε</em></span> <span class='ocrx_word' id='word_1_167' title='bbox 1241 1797 1255 1810; x_wconf 91' lang='grc'><strong>·</strong></span> <span class='ocrx_word' id='word_1_168' title='bbox 1287 1780 1537 1833; x_wconf 81' lang='grc' dir='ltr'><strong><em>Τύπτειν</em></strong></span> <span class='ocrx_word' id='word_1_169' title='bbox 1584 1794 1661 1831; x_wconf 86' lang='grc' dir='ltr'><strong><em>σε</em></strong></span> 
     </span>
    </p>
   </div>
   <div class='ocr_carea' id='block_1_26' title="bbox 1821 1775 3344 1850">
    <p class='ocr_par' dir='ltr' id='par_1_26' title="bbox 1834 1776 3344 1836">
     <span class='ocr_line' id='line_1_26' title="bbox 1834 1776 3344 1836; baseline -0.001 0"><span class='ocrx_word' id='word_1_170' title='bbox 1834 1781 1997 1836; x_wconf 68' lang='grc' dir='ltr'><em>νεεδ.</em></span> <span class='ocrx_word' id='word_1_171' title='bbox 2021 1782 2074 1835; x_wconf 80' lang='lat'><strong><em>5.</em></strong></span> <span class='ocrx_word' id='word_1_172' title='bbox 2113 1779 2241 1834; x_wconf 88' lang='lat' dir='ltr'><strong><em>Tum</em></strong></span> <span class='ocrx_word' id='word_1_173' title='bbox 2276 1779 2477 1833; x_wconf 84' lang='lat' dir='ltr'><strong><em>Paulus</em></strong></span> <span class='ocrx_word' id='word_1_174' title='bbox 2508 1781 2579 1833; x_wconf 89' lang='lat' dir='ltr'><strong><em>ad</em></strong></span> <span class='ocrx_word' id='word_1_175' title='bbox 2615 1796 2731 1833; x_wconf 91' lang='lat' dir='ltr'><strong><em>eum</em></strong></span> <span class='ocrx_word' id='word_1_176' title='bbox 2776 1776 2912 1833; x_wconf 76' lang='lat' dir='ltr'><strong><em>dixit</em></strong></span> <span class='ocrx_word' id='word_1_177' title='bbox 2948 1794 2966 1832; x_wconf 83' lang='lat'><strong><em>.&#39;</em></strong></span> <span class='ocrx_word' id='word_1_178' title='bbox 3007 1778 3269 1833; x_wconf 89' lang='lat' dir='ltr'><strong><em>Percutiet</em></strong></span> <span class='ocrx_word' id='word_1_179' title='bbox 3295 1790 3344 1834; x_wconf 85' lang='lat' dir='ltr'><strong><em>te</em></strong></span> 
     </span>
    </p>
   </div>
   <div class='ocr_carea' id='block_1_27' title="bbox 132 1869 1655 1966">
    <p class='ocr_par' dir='ltr' id='par_1_27' title="bbox 132 1870 1655 1945">
     <span class='ocr_line' id='line_1_27' title="bbox 132 1870 1655 1945; baseline -0.001 -18"><span class='ocrx_word' id='word_1_180' title='bbox 132 1878 303 1945; x_wconf 82' lang='grc' dir='ltr'><em>μέλλει</em></span> <span class='ocrx_word' id='word_1_181' title='bbox 331 1878 361 1929; x_wconf 85' lang='grc' dir='ltr'><em>ό</em></span> <span class='ocrx_word' id='word_1_182' title='bbox 380 1876 542 1939; x_wconf 68' lang='grc' dir='ltr'><em>Θεὸς,</em></span> <span class='ocrx_word' id='word_1_183' title='bbox 572 1873 738 1942; x_wconf 81' lang='grc' dir='ltr'><em>τοῖχε</em></span> <span class='ocrx_word' id='word_1_184' title='bbox 765 1873 811 1906; x_wconf 83' lang='grc'><strong>⁸⁸</strong></span> <span class='ocrx_word' id='word_1_185' title='bbox 829 1871 1217 1941; x_wconf 79' lang='grc' dir='ltr'><strong><em>κεκονιαμένε</em></strong></span> <span class='ocrx_word' id='word_1_186' title='bbox 1236 1889 1252 1904; x_wconf 77' lang='grc' dir='ltr'><strong><em>ο</em></strong></span> <span class='ocrx_word' id='word_1_187' title='bbox 1277 1872 1375 1925; x_wconf 74' lang='grc' dir='ltr'><em>καὶ</em></span> <span class='ocrx_word' id='word_1_188' title='bbox 1396 1870 1478 1925; x_wconf 88' lang='grc' dir='ltr'><em>σὺ</em></span> <span class='ocrx_word' id='word_1_189' title='bbox 1509 1870 1655 1939; x_wconf 83' lang='grc' dir='ltr'><strong><em>κὰοῃ</em></strong></span> 
     </span>
    </p>
   </div>
   <div class='ocr_carea' id='block_1_28' title="bbox 1821 1869 3344 1966">
    <p class='ocr_par' dir='ltr' id='par_1_28' title="bbox 1821 1869 3344 1940">
     <span class='ocr_line' id='line_1_28' title="bbox 1821 1869 3344 1940; baseline 0 -17"><span class='ocrx_word' id='word_1_190' title='bbox 1821 1888 1929 1935; x_wconf 89' lang='lat' dir='ltr'><strong><em>eus,</em></strong></span> <span class='ocrx_word' id='word_1_191' title='bbox 1958 1871 2135 1939; x_wconf 75' lang='lat' dir='ltr'><strong><em>paries</em></strong></span> <span class='ocrx_word' id='word_1_192' title='bbox 2172 1870 2435 1924; x_wconf 89' lang='lat' dir='ltr'><strong><em>dealbate.</em></strong></span> <span class='ocrx_word' id='word_1_193' title='bbox 2486 1869 2553 1924; x_wconf 85' lang='lat' dir='ltr'><strong><em>Et</em></strong></span> <span class='ocrx_word' id='word_1_194' title='bbox 2593 1878 2647 1922; x_wconf 91' lang='lat' dir='ltr'><strong><em>tu</em></strong></span> <span class='ocrx_word' id='word_1_195' title='bbox 2676 1873 2843 1934; x_wconf 85' lang='lat' dir='ltr'><strong><em>sedes,</em></strong></span> <span class='ocrx_word' id='word_1_196' title='bbox 2867 1878 2923 1922; x_wconf 91' lang='lat' dir='ltr'><strong><em>ut</em></strong></span> <span class='ocrx_word' id='word_1_197' title='bbox 2952 1885 3016 1922; x_wconf 77' lang='lat' dir='ltr'><strong><em>ex</em></strong></span> <span class='ocrx_word' id='word_1_198' title='bbox 3053 1869 3180 1940; x_wconf 83' lang='lat' dir='ltr'><strong><em>legis</em></strong></span> <span class='ocrx_word' id='word_1_199' title='bbox 3203 1885 3344 1940; x_wconf 62' lang='lat' dir='ltr'><strong><em>prmo</em></strong></span> 
     </span>
    </p>
   </div>
   <div class='ocr_carea' id='block_1_29' title="bbox 136 1959 1659 2036">
    <p class='ocr_par' dir='ltr' id='par_1_29' title="bbox 136 1962 1653 2036">
     <span class='ocr_line' id='line_1_29' title="bbox 136 1962 1653 2036; baseline -0.001 -18"><span class='ocrx_word' id='word_1_200' title='bbox 136 1969 309 2033; x_wconf 78' lang='grc' dir='ltr'><em>κρίνων</em></span> <span class='ocrx_word' id='word_1_201' title='bbox 325 1983 395 2036; x_wconf 80' lang='grc' dir='ltr'><strong><em>με</em></strong></span> <span class='ocrx_word' id='word_1_202' title='bbox 424 1965 574 2020; x_wconf 83' lang='grc' dir='ltr'><em>κατὰ</em></span> <span class='ocrx_word' id='word_1_203' title='bbox 595 1969 707 2019; x_wconf 80' lang='grc' dir='ltr'><em>τὸν</em></span> <span class='ocrx_word' id='word_1_204' title='bbox 744 1965 952 2034; x_wconf 81' lang='grc' dir='ltr'><em>νόμον,</em></span> <span class='ocrx_word' id='word_1_205' title='bbox 993 1964 1091 2019; x_wconf 77' lang='grc' dir='ltr'><strong><em>καί</em></strong></span> <span class='ocrx_word' id='word_1_206' title='bbox 1150 1962 1510 2033; x_wconf 79' lang='grc' dir='ltr'><em>παρανομῶν</em></span> <span class='ocrx_word' id='word_1_207' title='bbox 1555 1980 1653 2017; x_wconf 88' lang='grc' dir='ltr'><em>κε-</em></span> 
     </span>
    </p>
   </div>
   <div class='ocr_carea' id='block_1_30' title="bbox 1822 1959 3345 2036">
    <p class='ocr_par' dir='ltr' id='par_1_30' title="bbox 1822 1959 3345 2035">
     <span class='ocr_line' id='line_1_30' title="bbox 1822 1959 3345 2035; baseline -0.002 -20"><span class='ocrx_word' id='word_1_208' title='bbox 1822 1964 1957 2033; x_wconf 86' lang='lat' dir='ltr'><strong><em>ripto</em></strong></span> <span class='ocrx_word' id='word_1_209' title='bbox 1986 2034 1989 2035; x_wconf 15' lang='grc' dir='ltr'><em>ν</em></span> <span class='ocrx_word' id='word_1_210' title='bbox 2011 1963 2215 2032; x_wconf 85' lang='lat' dir='ltr'><strong><em>judices</em></strong></span> <span class='ocrx_word' id='word_1_211' title='bbox 2264 1962 2329 2017; x_wconf 87' lang='lat' dir='ltr'><strong><em>de</em></strong></span> <span class='ocrx_word' id='word_1_212' title='bbox 2386 1979 2488 2026; x_wconf 87' lang='lat' dir='ltr'><strong><em>me,</em></strong></span> <span class='ocrx_word' id='word_1_213' title='bbox 2543 1970 2592 2015; x_wconf 90' lang='lat' dir='ltr'><strong><em>et</em></strong></span> <span class='ocrx_word' id='word_1_214' title='bbox 2633 1969 2814 2014; x_wconf 88' lang='lat' dir='ltr'><strong><em>contra</em></strong></span> <span class='ocrx_word' id='word_1_215' title='bbox 2858 1959 3021 2031; x_wconf 86' lang='lat' dir='ltr'><strong><em>legem</em></strong></span> <span class='ocrx_word' id='word_1_216' title='bbox 3063 1959 3218 2030; x_wconf 84' lang='lat' dir='ltr'><strong><em>jubes</em></strong></span> <span class='ocrx_word' id='word_1_217' title='bbox 3265 1975 3345 2013; x_wconf 81' lang='lat' dir='ltr'><strong><em>me</em></strong></span> 
     </span>
    </p>
   </div>
   <div class='ocr_carea' id='block_1_31' title="bbox 134 2053 1940 2124">
    <p class='ocr_par' dir='ltr' id='par_1_31' title="bbox 134 2053 1940 2124">
     <span class='ocr_line' id='line_1_31' title="bbox 134 2053 1940 2124; baseline -0.003 -14"><span class='ocrx_word' id='word_1_218' title='bbox 134 2057 293 2122; x_wconf 72' lang='grc' dir='ltr'><em>,ιεύεις</em></span> <span class='ocrx_word' id='word_1_219' title='bbox 310 2072 379 2124; x_wconf 82' lang='grc' dir='ltr'><strong><em>με</em></strong></span> <span class='ocrx_word' id='word_1_220' title='bbox 409 2054 454 2088; x_wconf 69' lang='grc'><strong><em>⁸⁸</em></strong></span> <span class='ocrx_word' id='word_1_221' title='bbox 478 2055 846 2117; x_wconf 70' lang='grc' dir='ltr'><em>τύπτεσθαις</em></span> <span class='ocrx_word' id='word_1_222' title='bbox 1756 2053 1889 2108; x_wconf 81' lang='lat' dir='ltr'><strong><em>cwdi</em></strong></span> <span class='ocrx_word' id='word_1_223' title='bbox 1914 2055 1940 2106; x_wconf 89' lang='lat'><strong><em>?</em></strong></span> 
     </span>
    </p>
   </div>
   <div class='ocr_carea' id='block_1_32' title="bbox 192 2141 1715 2216">
    <p class='ocr_par' dir='ltr' id='par_1_32' title="bbox 192 2142 1656 2216">
     <span class='ocr_line' id='line_1_32' title="bbox 192 2142 1656 2216; baseline 0.001 -17"><span class='ocrx_word' id='word_1_224' title='bbox 192 2151 243 2201; x_wconf 86' lang='lat' dir='ltr'><strong><em>Ol</em></strong></span> <span class='ocrx_word' id='word_1_225' title='bbox 257 2147 316 2199; x_wconf 81' lang='grc' dir='ltr'><em>δὲ</em></span> <span class='ocrx_word' id='word_1_226' title='bbox 329 2144 699 2216; x_wconf 78' lang='grc' dir='ltr'><em>παρεστῶτες</em></span> <span class='ocrx_word' id='word_1_227' title='bbox 717 2142 892 2200; x_wconf 76' lang='grc' dir='ltr'><em>εἷπον</em></span> <span class='ocrx_word' id='word_1_228' title='bbox 914 2161 928 2175; x_wconf 74' lang='grc' dir='ltr'><strong><em>ο</em></strong></span> <span class='ocrx_word' id='word_1_229' title='bbox 960 2145 1069 2199; x_wconf 75' lang='grc' dir='ltr'><em>Τὸν</em></span> <span class='ocrx_word' id='word_1_230' title='bbox 1079 2143 1353 2216; x_wconf 81' lang='grc' dir='ltr'><strong><em>ἀρχιερέα</em></strong></span> <span class='ocrx_word' id='word_1_231' title='bbox 1375 2143 1483 2200; x_wconf 89' lang='grc' dir='ltr'><strong><em>τοῦ</em></strong></span> <span class='ocrx_word' id='word_1_232' title='bbox 1507 2144 1656 2200; x_wconf 87' lang='grc' dir='ltr'><em>Θεοῦ</em></span> 
     </span>
    </p>
   </div>
   <div class='ocr_carea' id='block_1_33' title="bbox 1823 2141 3346 2216">
    <p class='ocr_par' dir='ltr' id='par_1_33' title="bbox 1833 2141 3346 2216">
     <span class='ocr_line' id='line_1_33' title="bbox 1833 2141 3346 2216; baseline -0.001 -15"><span class='ocrx_word' id='word_1_233' title='bbox 1833 2145 2005 2201; x_wconf 74' lang='lat' dir='ltr'><strong><em>Vens.</em></strong></span> <span class='ocrx_word' id='word_1_234' title='bbox 2042 2146 2099 2201; x_wconf 73' lang='grc'><em>4.</em></span> <span class='ocrx_word' id='word_1_235' title='bbox 2132 2146 2199 2202; x_wconf 86' lang='lat' dir='ltr'><strong><em>Et</em></strong></span> <span class='ocrx_word' id='word_1_236' title='bbox 2235 2147 2324 2216; x_wconf 87' lang='lat' dir='ltr'><strong><em>qui</em></strong></span> <span class='ocrx_word' id='word_1_237' title='bbox 2355 2146 2623 2213; x_wconf 74' lang='lat' dir='ltr'><strong><em>astabant,</em></strong></span> <span class='ocrx_word' id='word_1_238' title='bbox 2677 2144 2922 2199; x_wconf 72' lang='lat' dir='ltr'><strong><em>dixerunt</em></strong></span> <span class='ocrx_word' id='word_1_239' title='bbox 2964 2158 2983 2197; x_wconf 91' lang='lat'><strong><em>:</em></strong></span> <span class='ocrx_word' id='word_1_240' title='bbox 3007 2141 3223 2197; x_wconf 88' lang='lat' dir='ltr'><strong><em>Summo</em></strong></span> <span class='ocrx_word' id='word_1_241' title='bbox 3256 2161 3346 2199; x_wconf 89' lang='lat' dir='ltr'><strong><em>sa-</em></strong></span> 
     </span>
    </p>
   </div>
   <div class='ocr_carea' id='block_1_34' title="bbox 136 2236 1659 2303">
    <p class='ocr_par' dir='ltr' id='par_1_34' title="bbox 136 2236 408 2303">
     <span class='ocr_line' id='line_1_34' title="bbox 136 2236 408 2303; baseline -0.004 -14"><span class='ocrx_word' id='word_1_242' title='bbox 136 2236 371 2303; x_wconf 74' lang='grc' dir='ltr'><em>λοιδορεῖς</em></span> <span class='ocrx_word' id='word_1_243' title='bbox 387 2252 408 2298; x_wconf 82' lang='grc'><strong><em>;</em></strong></span> 
     </span>
    </p>
   </div>
   <div class='ocr_carea' id='block_1_35' title="bbox 898 2236 2421 2303">
    <p class='ocr_par' dir='ltr' id='par_1_35' title="bbox 1757 2238 2421 2294">
     <span class='ocr_line' id='line_1_35' title="bbox 1757 2238 2421 2294; baseline 0.002 -3"><span class='ocrx_word' id='word_1_244' title='bbox 1757 2239 1953 2292; x_wconf 86' lang='lat' dir='ltr'><strong><em>cerdoti</em></strong></span> <span class='ocrx_word' id='word_1_245' title='bbox 1981 2238 2077 2293; x_wconf 85' lang='lat' dir='ltr'><strong><em>Dei</em></strong></span> <span class='ocrx_word' id='word_1_246' title='bbox 2102 2240 2421 2294; x_wconf 77' lang='lat' dir='ltr'><strong><em>maledicis?</em></strong></span> 
     </span>
    </p>
   </div>
   <div class='ocr_carea' id='block_1_36' title="bbox 188 2325 1711 2398">
    <p class='ocr_par' dir='ltr' id='par_1_36' title="bbox 188 2325 1657 2397">
     <span class='ocr_line' id='line_1_36' title="bbox 188 2325 1657 2397; baseline 0 -18"><span class='ocrx_word' id='word_1_247' title='bbox 188 2329 313 2395; x_wconf 73' lang='grc' dir='ltr'><strong><em>Ἔφη</em></strong></span> <span class='ocrx_word' id='word_1_248' title='bbox 351 2329 395 2361; x_wconf 82' lang='grc'><strong><em>⁸³</em></strong></span> <span class='ocrx_word' id='word_1_249' title='bbox 456 2330 489 2383; x_wconf 81' lang='grc' dir='ltr'><em>ὁ</em></span> <span class='ocrx_word' id='word_1_250' title='bbox 532 2326 809 2394; x_wconf 88' lang='grc' dir='ltr'><em>Παῦλος·</em></span> <span class='ocrx_word' id='word_1_251' title='bbox 852 2328 975 2382; x_wconf 79' lang='grc' dir='ltr'><strong><em>οὐκ</em></strong></span> <span class='ocrx_word' id='word_1_252' title='bbox 1018 2326 1209 2396; x_wconf 71' lang='grc' dir='ltr'><em>ᾔδειν,</em></span> <span class='ocrx_word' id='word_1_253' title='bbox 1261 2325 1539 2397; x_wconf 73' lang='grc' dir='ltr'><em>ἀδελφοί.</em></span> <span class='ocrx_word' id='word_1_254' title='bbox 1567 2326 1657 2380; x_wconf 80' lang='grc' dir='ltr'><em>ὅτι</em></span> 
     </span>
    </p>
   </div>
   <div class='ocr_carea' id='block_1_37' title="bbox 1820 2325 3343 2398">
    <p class='ocr_par' dir='ltr' id='par_1_37' title="bbox 1832 2325 3343 2398">
     <span class='ocr_line' id='line_1_37' title="bbox 1832 2325 3343 2398; baseline -0.001 -13"><span class='ocrx_word' id='word_1_255' title='bbox 1832 2331 2001 2386; x_wconf 71' lang='lat' dir='ltr'><strong><em>Vens.</em></strong></span> <span class='ocrx_word' id='word_1_256' title='bbox 2038 2331 2093 2386; x_wconf 82' lang='grc'><em>5.</em></span> <span class='ocrx_word' id='word_1_257' title='bbox 2127 2330 2258 2384; x_wconf 89' lang='lat' dir='ltr'><strong><em>Tum</em></strong></span> <span class='ocrx_word' id='word_1_258' title='bbox 2293 2330 2517 2396; x_wconf 86' lang='lat' dir='ltr'><strong><em>Paulus,</em></strong></span> <span class='ocrx_word' id='word_1_259' title='bbox 2548 2325 2880 2392; x_wconf 85' lang='lat' dir='ltr'><strong><em>Nesciebam,</em></strong></span> <span class='ocrx_word' id='word_1_260' title='bbox 2909 2327 3101 2395; x_wconf 83' lang='lat' dir='ltr'><strong><em>inquit,</em></strong></span> <span class='ocrx_word' id='word_1_261' title='bbox 3130 2328 3343 2398; x_wconf 66' lang='lat' dir='ltr'><strong><em>fratres,</em></strong></span> 
     </span>
    </p>
   </div>
   <div class='ocr_carea' id='block_1_38' title="bbox 137 2417 1660 2490">
    <p class='ocr_par' dir='ltr' id='par_1_38' title="bbox 137 2418 1657 2490">
     <span class='ocr_line' id='line_1_38' title="bbox 137 2418 1657 2490; baseline 0.001 -19"><span class='ocrx_word' id='word_1_262' title='bbox 137 2419 271 2474; x_wconf 84' lang='grc' dir='ltr'><em>ἔστιν</em></span> <span class='ocrx_word' id='word_1_263' title='bbox 300 2420 621 2489; x_wconf 81' lang='grc' dir='ltr'><em>ἀρχιερεύς.</em></span> <span class='ocrx_word' id='word_1_264' title='bbox 681 2419 1020 2489; x_wconf 68' lang='grc' dir='ltr'><em>Γέγραπται</em></span> <span class='ocrx_word' id='word_1_265' title='bbox 1044 2418 1155 2490; x_wconf 81' lang='grc' dir='ltr'><strong><em>γάρ</em></strong></span> <span class='ocrx_word' id='word_1_266' title='bbox 1175 2435 1190 2450; x_wconf 74' lang='grc'><strong>⁸</strong></span> <span class='ocrx_word' id='word_1_267' title='bbox 1226 2420 1513 2489; x_wconf 77' lang='grc' dir='ltr'><em>Ἄρχοντα</em></span> <span class='ocrx_word' id='word_1_268' title='bbox 1549 2418 1657 2473; x_wconf 85' lang='grc' dir='ltr'><strong><em>τοῦ</em></strong></span> 
     </span>
    </p>
   </div>
   <div class='ocr_carea' id='block_1_39' title="bbox 1820 2417 3343 2490">
    <p class='ocr_par' dir='ltr' id='par_1_39' title="bbox 1822 2417 3343 2490">
     <span class='ocr_line' id='line_1_39' title="bbox 1822 2417 3343 2490; baseline 0 -17"><span class='ocrx_word' id='word_1_269' title='bbox 1822 2437 1906 2473; x_wconf 88' lang='lat' dir='ltr'><strong><em>um</em></strong></span> <span class='ocrx_word' id='word_1_270' title='bbox 1935 2436 2044 2473; x_wconf 88' lang='lat' dir='ltr'><strong><em>esse</em></strong></span> <span class='ocrx_word' id='word_1_271' title='bbox 2063 2422 2348 2490; x_wconf 82' lang='lat' dir='ltr'><strong><em>principem</em></strong></span> <span class='ocrx_word' id='word_1_272' title='bbox 2369 2421 2718 2475; x_wconf 84' lang='lat' dir='ltr'><strong><em>sacerdotum.</em></strong></span> <span class='ocrx_word' id='word_1_273' title='bbox 2741 2417 3005 2487; x_wconf 85' lang='lat' dir='ltr'><strong><em>Scriptum</em></strong></span> <span class='ocrx_word' id='word_1_274' title='bbox 3037 2428 3113 2473; x_wconf 87' lang='lat' dir='ltr'><strong><em>est</em></strong></span> <span class='ocrx_word' id='word_1_275' title='bbox 3147 2421 3285 2474; x_wconf 86' lang='lat' dir='ltr'><strong><em>enim</em></strong></span> <span class='ocrx_word' id='word_1_276' title='bbox 3323 2427 3343 2466; x_wconf 72' lang='grc' dir='ltr'><strong><em>ἰ</em></strong></span> 
     </span>
    </p>
   </div>
   <div class='ocr_carea' id='block_1_40' title="bbox 139 2507 1662 2580">
    <p class='ocr_par' dir='ltr' id='par_1_40' title="bbox 139 2508 958 2580">
     <span class='ocr_line' id='line_1_40' title="bbox 139 2508 958 2580; baseline 0.002 -17"><span class='ocrx_word' id='word_1_277' title='bbox 139 2510 258 2564; x_wconf 78' lang='grc' dir='ltr'><em>λαοῦ</em></span> <span class='ocrx_word' id='word_1_278' title='bbox 287 2524 394 2566; x_wconf 89' lang='grc' dir='ltr'><strong><em>σου</em></strong></span> <span class='ocrx_word' id='word_1_279' title='bbox 417 2514 525 2567; x_wconf 72' lang='grc' dir='ltr'><em>οὐκ</em></span> <span class='ocrx_word' id='word_1_280' title='bbox 550 2510 711 2580; x_wconf 77' lang='grc' dir='ltr'><em>ἐρεῖς</em></span> <span class='ocrx_word' id='word_1_281' title='bbox 735 2508 958 2576; x_wconf 77' lang='grc' dir='ltr'><em>κακῶς.</em></span> 
     </span>
    </p>
   </div>
   <div class='ocr_carea' id='block_1_41' title="bbox 1220 2507 2743 2580">
    <p class='ocr_par' dir='ltr' id='par_1_41' title="bbox 1759 2507 2743 2577">
     <span class='ocr_line' id='line_1_41' title="bbox 1759 2507 2743 2577; baseline 0.001 -16"><span class='ocrx_word' id='word_1_282' title='bbox 1759 2507 1998 2577; x_wconf 86' lang='lat' dir='ltr'><strong><em>Principi</em></strong></span> <span class='ocrx_word' id='word_1_283' title='bbox 2022 2508 2201 2576; x_wconf 88' lang='lat' dir='ltr'><strong><em>populi</em></strong></span> <span class='ocrx_word' id='word_1_284' title='bbox 2225 2510 2303 2561; x_wconf 89' lang='lat' dir='ltr'><strong><em>tui</em></strong></span> <span class='ocrx_word' id='word_1_285' title='bbox 2331 2526 2392 2563; x_wconf 84' lang='lat' dir='ltr'><strong><em>ne</em></strong></span> <span class='ocrx_word' id='word_1_286' title='bbox 2424 2510 2743 2564; x_wconf 86' lang='lat' dir='ltr'><strong><em>maledicito.</em></strong></span> 
     </span>
    </p>
   </div>
   <div class='ocr_carea' id='block_1_42' title="bbox 200 2616 1723 2692">
    <p class='ocr_par' dir='ltr' id='par_1_42' title="bbox 200 2620 1658 2690">
     <span class='ocr_line' id='line_1_42' title="bbox 200 2620 1658 2690; baseline -0.001 -13"><span class='ocrx_word' id='word_1_287' title='bbox 200 2624 461 2690; x_wconf 79' lang='grc' dir='ltr'><em>Ἀτενίσας</em></span> <span class='ocrx_word' id='word_1_288' title='bbox 507 2622 576 2676; x_wconf 81' lang='grc' dir='ltr'><em>δὲ</em></span> <span class='ocrx_word' id='word_1_289' title='bbox 619 2625 654 2678; x_wconf 82' lang='grc' dir='ltr'><em>ό</em></span> <span class='ocrx_word' id='word_1_290' title='bbox 705 2620 945 2689; x_wconf 87' lang='grc' dir='ltr'><em>Παῦλος</em></span> <span class='ocrx_word' id='word_1_291' title='bbox 979 2620 1059 2687; x_wconf 82' lang='grc' dir='ltr'><em>τῷ</em></span> <span class='ocrx_word' id='word_1_292' title='bbox 1090 2621 1417 2690; x_wconf 80' lang='grc' dir='ltr'><em>συνεδρίῳ.</em></span> <span class='ocrx_word' id='word_1_293' title='bbox 1459 2621 1658 2675; x_wconf 79' lang='grc' dir='ltr'><strong><em>Οὐκέτι</em></strong></span> 
     </span>
    </p>
   </div>
   <div class='ocr_carea' id='block_1_43' title="bbox 1821 2616 3344 2692">
    <p class='ocr_par' dir='ltr' id='par_1_43' title="bbox 1830 2616 3344 2692">
     <span class='ocr_line' id='line_1_43' title="bbox 1830 2616 3344 2692; baseline 0.002 -18"><span class='ocrx_word' id='word_1_294' title='bbox 1830 2621 1904 2674; x_wconf 82' lang='lat' dir='ltr'><strong><em>Ac</em></strong></span> <span class='ocrx_word' id='word_1_295' title='bbox 1923 2616 2127 2675; x_wconf 83' lang='lat' dir='ltr'><strong><em>Paulus</em></strong></span> <span class='ocrx_word' id='word_1_296' title='bbox 2156 2624 2211 2674; x_wconf 84' lang='lat' dir='ltr'><strong><em>in</em></strong></span> <span class='ocrx_word' id='word_1_297' title='bbox 2242 2622 2521 2676; x_wconf 89' lang='lat' dir='ltr'><strong><em>concilium</em></strong></span> <span class='ocrx_word' id='word_1_298' title='bbox 2555 2624 2789 2679; x_wconf 81' lang='lat' dir='ltr'><strong><em>intuens.</em></strong></span> <span class='ocrx_word' id='word_1_299' title='bbox 2816 2622 2934 2679; x_wconf 84' lang='lat' dir='ltr'><strong><em>Jam</em></strong></span> <span class='ocrx_word' id='word_1_300' title='bbox 2965 2638 3075 2678; x_wconf 83' lang='lat' dir='ltr'><strong><em>non</em></strong></span> <span class='ocrx_word' id='word_1_301' title='bbox 3110 2622 3344 2692; x_wconf 79' lang='lat' dir='ltr'><strong><em>amplius</em></strong></span> 
     </span>
    </p>
   </div>
   <div class='ocr_carea' id='block_1_44' title="bbox 142 2709 1665 2786">
    <p class='ocr_par' dir='ltr' id='par_1_44' title="bbox 142 2711 1654 2786">
     <span class='ocr_line' id='line_1_44' title="bbox 142 2711 1654 2786; baseline 0.002 -22"><span class='ocrx_word' id='word_1_302' title='bbox 142 2716 311 2783; x_wconf 73' lang='grc' dir='ltr'><em>πρδςτδ</em></span> <span class='ocrx_word' id='word_1_303' title='bbox 347 2714 581 2786; x_wconf 78' lang='grc' dir='ltr'><em>πλῆθος.</em></span> <span class='ocrx_word' id='word_1_304' title='bbox 626 2713 747 2768; x_wconf 75' lang='grc' dir='ltr'><em>οὐδὲ</em></span> <span class='ocrx_word' id='word_1_305' title='bbox 794 2713 930 2783; x_wconf 75' lang='grc' dir='ltr'><em>πρὸς</em></span> <span class='ocrx_word' id='word_1_306' title='bbox 980 2715 1071 2766; x_wconf 76' lang='grc' dir='ltr'><em>τὸν</em></span> <span class='ocrx_word' id='word_1_307' title='bbox 1106 2714 1276 2783; x_wconf 84' lang='grc' dir='ltr'><em>δῆμον</em></span> <span class='ocrx_word' id='word_1_308' title='bbox 1333 2711 1654 2781; x_wconf 81' lang='grc' dir='ltr'><em>διαλέγεται.</em></span> 
     </span>
    </p>
   </div>
   <div class='ocr_carea' id='block_1_45' title="bbox 1820 2709 3343 2786">
    <p class='ocr_par' dir='ltr' id='par_1_45' title="bbox 1820 2709 3343 2784">
     <span class='ocr_line' id='line_1_45' title="bbox 1820 2709 3343 2784; baseline 0.001 -22"><span class='ocrx_word' id='word_1_309' title='bbox 1820 2726 1886 2764; x_wconf 77' lang='lat' dir='ltr'><strong><em>Im</em></strong></span> <span class='ocrx_word' id='word_1_310' title='bbox 1915 2709 2263 2765; x_wconf 81' lang='lat' dir='ltr'><strong><em>multitudine</em></strong></span> <span class='ocrx_word' id='word_1_311' title='bbox 2290 2726 2470 2782; x_wconf 89' lang='lat' dir='ltr'><strong><em>neque</em></strong></span> <span class='ocrx_word' id='word_1_312' title='bbox 2494 2727 2615 2766; x_wconf 89' lang='lat' dir='ltr'><strong><em>cum</em></strong></span> <span class='ocrx_word' id='word_1_313' title='bbox 2644 2712 2800 2783; x_wconf 82' lang='lat' dir='ltr'><strong><em>plebe</em></strong></span> <span class='ocrx_word' id='word_1_314' title='bbox 2820 2713 2950 2784; x_wconf 79' lang='lat' dir='ltr'><strong><em>agit.</em></strong></span> <span class='ocrx_word' id='word_1_315' title='bbox 2977 2712 3135 2780; x_wconf 84' lang='lat' dir='ltr'><strong><em>Quod</em></strong></span> <span class='ocrx_word' id='word_1_316' title='bbox 3158 2721 3343 2766; x_wconf 86' lang='lat' dir='ltr'><strong><em>autem</em></strong></span> 
     </span>
    </p>
   </div>
   <div class='ocr_carea' id='block_1_46' title="bbox 143 2801 1666 2875">
    <p class='ocr_par' dir='ltr' id='par_1_46' title="bbox 143 2802 1658 2875">
     <span class='ocr_line' id='line_1_46' title="bbox 143 2802 1658 2875; baseline 0.001 -18"><span class='ocrx_word' id='word_1_317' title='bbox 143 2806 197 2857; x_wconf 72' lang='grc' dir='ltr'><strong><em>Τὸ</em></strong></span> <span class='ocrx_word' id='word_1_318' title='bbox 225 2806 290 2869; x_wconf 68' lang='grc' dir='ltr'><em>ἃ,</em></span> <span class='ocrx_word' id='word_1_319' title='bbox 318 2804 449 2875; x_wconf 65' lang='grc' dir='ltr'><strong><em>Ἐγὼ</em></strong></span> <span class='ocrx_word' id='word_1_320' title='bbox 490 2805 662 2874; x_wconf 80' lang='grc' dir='ltr'><em>πάσῃ</em></span> <span class='ocrx_word' id='word_1_321' title='bbox 691 2803 1042 2873; x_wconf 78' lang='grc' dir='ltr'><em>συνειδήσει</em></span> <span class='ocrx_word' id='word_1_322' title='bbox 1083 2802 1279 2872; x_wconf 80' lang='grc' dir='ltr'><strong><em>ἀγαθῇ</em></strong></span> <span class='ocrx_word' id='word_1_323' title='bbox 1308 2805 1658 2859; x_wconf 80' lang='grc' dir='ltr'><em>πεπολίτευ-</em></span> 
     </span>
    </p>
   </div>
   <div class='ocr_carea' id='block_1_47' title="bbox 1822 2801 3345 2875">
    <p class='ocr_par' dir='ltr' id='par_1_47' title="bbox 1822 2801 3345 2874">
     <span class='ocr_line' id='line_1_47' title="bbox 1822 2801 3345 2874; baseline -0.001 -19"><span class='ocrx_word' id='word_1_324' title='bbox 1822 2802 1895 2855; x_wconf 84' lang='lat' dir='ltr'><strong><em>cit</em></strong></span> <span class='ocrx_word' id='word_1_325' title='bbox 1923 2819 1937 2856; x_wconf 88' lang='lat'>:</span> <span class='ocrx_word' id='word_1_326' title='bbox 1971 2801 2082 2874; x_wconf 87' lang='lat' dir='ltr'><strong><em>Ego</em></strong></span> <span class='ocrx_word' id='word_1_327' title='bbox 2107 2802 2240 2856; x_wconf 88' lang='lat' dir='ltr'><strong><em>bona</em></strong></span> <span class='ocrx_word' id='word_1_328' title='bbox 2258 2818 2475 2873; x_wconf 84' lang='lat' dir='ltr'><strong><em>prorsus</em></strong></span> <span class='ocrx_word' id='word_1_329' title='bbox 2511 2804 2827 2859; x_wconf 87' lang='lat' dir='ltr'><strong><em>conscientia</em></strong></span> <span class='ocrx_word' id='word_1_330' title='bbox 2855 2816 3093 2862; x_wconf 76' lang='lat' dir='ltr'><strong><em>uersatus</em></strong></span> <span class='ocrx_word' id='word_1_331' title='bbox 3117 2819 3235 2857; x_wconf 84' lang='lat' dir='ltr'><strong><em>sum</em></strong></span> <span class='ocrx_word' id='word_1_332' title='bbox 3254 2817 3345 2854; x_wconf 84' lang='lat' dir='ltr'><strong><em>co-</em></strong></span> 
     </span>
    </p>
   </div>
   <div class='ocr_carea' id='block_1_48' title="bbox 140 2892 1663 2967">
    <p class='ocr_par' dir='ltr' id='par_1_48' title="bbox 140 2893 1660 2967">
     <span class='ocr_line' id='line_1_48' title="bbox 140 2893 1660 2967; baseline 0 -18"><span class='ocrx_word' id='word_1_333' title='bbox 140 2912 237 2964; x_wconf 81' lang='grc' dir='ltr'><em>μαι,</em></span> <span class='ocrx_word' id='word_1_334' title='bbox 253 2897 528 2959; x_wconf 81' lang='grc' dir='ltr'><em>τουτέστιν,</em></span> <span class='ocrx_word' id='word_1_335' title='bbox 579 2896 659 2950; x_wconf 83' lang='grc' dir='ltr'><strong><em>Οὐ</em></strong></span> <span class='ocrx_word' id='word_1_336' title='bbox 694 2893 912 2950; x_wconf 82' lang='grc' dir='ltr'><em>σύνοιδά</em></span> <span class='ocrx_word' id='word_1_337' title='bbox 947 2913 999 2948; x_wconf 84' lang='grc' dir='ltr'><strong><em>τι</em></strong></span> <span class='ocrx_word' id='word_1_338' title='bbox 1029 2893 1307 2966; x_wconf 76' lang='grc' dir='ltr'><em>ἠδικηκὼς</em></span> <span class='ocrx_word' id='word_1_339' title='bbox 1346 2895 1511 2967; x_wconf 82' lang='grc' dir='ltr'><em>ὑμᾶς,</em></span> <span class='ocrx_word' id='word_1_340' title='bbox 1540 2896 1660 2949; x_wconf 78' lang='grc' dir='ltr'><em>οὐδὲ</em></span> 
     </span>
    </p>
   </div>
   <div class='ocr_carea' id='block_1_49' title="bbox 1822 2892 3345 2967">
    <p class='ocr_par' dir='ltr' id='par_1_49' title="bbox 1831 2892 3345 2955">
     <span class='ocr_line' id='line_1_49' title="bbox 1831 2892 3345 2955; baseline 0 -9"><span class='ocrx_word' id='word_1_341' title='bbox 1831 2910 1878 2947; x_wconf 93' lang='lat' dir='ltr'><strong><em>m</em></strong></span> <span class='ocrx_word' id='word_1_342' title='bbox 1913 2892 2023 2947; x_wconf 90' lang='lat' dir='ltr'><strong><em>Deo</em></strong></span> <span class='ocrx_word' id='word_1_343' title='bbox 2050 2909 2069 2948; x_wconf 91' lang='lat'><strong><em>:</em></strong></span> <span class='ocrx_word' id='word_1_344' title='bbox 2120 2894 2225 2950; x_wconf 84' lang='lat' dir='ltr'><strong><em>hoc</em></strong></span> <span class='ocrx_word' id='word_1_345' title='bbox 2254 2902 2357 2955; x_wconf 85' lang='lat' dir='ltr'><strong><em>est,</em></strong></span> <span class='ocrx_word' id='word_1_346' title='bbox 2388 2893 2507 2950; x_wconf 82' lang='lat' dir='ltr'><strong><em>Non</em></strong></span> <span class='ocrx_word' id='word_1_347' title='bbox 2564 2911 2683 2949; x_wconf 68' lang='lat' dir='ltr'><strong><em>sum</em></strong></span> <span class='ocrx_word' id='word_1_348' title='bbox 2732 2897 2865 2952; x_wconf 88' lang='lat' dir='ltr'><strong><em>mibi</em></strong></span> <span class='ocrx_word' id='word_1_349' title='bbox 2904 2895 3156 2953; x_wconf 87' lang='lat' dir='ltr'><strong><em>conscius</em></strong></span> <span class='ocrx_word' id='word_1_350' title='bbox 3184 2893 3345 2948; x_wconf 87' lang='lat' dir='ltr'><strong><em>alicu-</em></strong></span> 
     </span>
    </p>
   </div>
   <div class='ocr_carea' id='block_1_50' title="bbox 146 2980 1669 3057">
    <p class='ocr_par' dir='ltr' id='par_1_50' title="bbox 146 2983 1660 3056">
     <span class='ocr_line' id='line_1_50' title="bbox 146 2983 1660 3056; baseline 0.005 -23"><span class='ocrx_word' id='word_1_351' title='bbox 146 2983 257 3046; x_wconf 78' lang='grc' dir='ltr'><em>ἄξιον</em></span> <span class='ocrx_word' id='word_1_352' title='bbox 286 2983 383 3038; x_wconf 82' lang='grc' dir='ltr'><strong><em>τῶν</em></strong></span> <span class='ocrx_word' id='word_1_353' title='bbox 407 2984 620 3055; x_wconf 84' lang='grc' dir='ltr'><strong><em>δεσμῶν</em></strong></span> <span class='ocrx_word' id='word_1_354' title='bbox 652 2983 855 3038; x_wconf 77' lang='grc' dir='ltr'><em>τούτων</em></span> <span class='ocrx_word' id='word_1_355' title='bbox 913 2985 1191 3054; x_wconf 78' lang='grc' dir='ltr'><em>πράττων.</em></span> <span class='ocrx_word' id='word_1_356' title='bbox 1246 2985 1356 3039; x_wconf 83' lang='lat' dir='ltr'><strong><em>Kal</em></strong></span> <span class='ocrx_word' id='word_1_357' title='bbox 1391 2985 1472 3040; x_wconf 90' lang='grc' dir='ltr'><em>σὺ</em></span> <span class='ocrx_word' id='word_1_358' title='bbox 1505 2988 1660 3056; x_wconf 80' lang='grc' dir='ltr'><strong><em>κάθῃ</em></strong></span> 
     </span>
    </p>
   </div>
   <div class='ocr_carea' id='block_1_51' title="bbox 1821 2980 3344 3057">
    <p class='ocr_par' dir='ltr' id='par_1_51' title="bbox 1825 2980 3344 3057">
     <span class='ocr_line' id='line_1_51' title="bbox 1825 2980 3344 3057; baseline -0.002 -19"><span class='ocrx_word' id='word_1_359' title='bbox 1825 3001 1850 3038; x_wconf 91' lang='lat' dir='ltr'><strong><em>s</em></strong></span> <span class='ocrx_word' id='word_1_360' title='bbox 1878 2985 2091 3056; x_wconf 62' lang='lat' dir='ltr'><strong><em>injuriae</em></strong></span> <span class='ocrx_word' id='word_1_361' title='bbox 2118 3000 2222 3054; x_wconf 88' lang='lat' dir='ltr'><strong><em>qua</em></strong></span> <span class='ocrx_word' id='word_1_362' title='bbox 2261 3000 2357 3041; x_wconf 82' lang='lat' dir='ltr'><strong><em>vos</em></strong></span> <span class='ocrx_word' id='word_1_363' title='bbox 2399 2986 2706 3053; x_wconf 73' lang='lat' dir='ltr'><strong><em>aﬂecerim,</em></strong></span> <span class='ocrx_word' id='word_1_364' title='bbox 2739 3002 2843 3042; x_wconf 89' lang='lat' dir='ltr'><strong><em>nee</em></strong></span> <span class='ocrx_word' id='word_1_365' title='bbox 2863 2985 3160 3057; x_wconf 82' lang='lat' dir='ltr'><strong><em>quidquam</em></strong></span> <span class='ocrx_word' id='word_1_366' title='bbox 3210 2980 3344 3037; x_wconf 90' lang='lat' dir='ltr'><strong><em>mibi</em></strong></span> 
     </span>
    </p>
   </div>
   <div class='ocr_carea' id='block_1_52' title="bbox 147 3074 1670 3148">
    <p class='ocr_par' dir='ltr' id='par_1_52' title="bbox 147 3075 1654 3148">
     <span class='ocr_line' id='line_1_52' title="bbox 147 3075 1654 3148; baseline 0.005 -24"><span class='ocrx_word' id='word_1_367' title='bbox 147 3075 318 3141; x_wconf 74' lang='grc' dir='ltr'><em>κρίνων</em></span> <span class='ocrx_word' id='word_1_368' title='bbox 330 3092 402 3145; x_wconf 84' lang='grc' dir='ltr'><strong><em>με</em></strong></span> <span class='ocrx_word' id='word_1_369' title='bbox 447 3077 594 3131; x_wconf 84' lang='grc' dir='ltr'><em>κατὰ</em></span> <span class='ocrx_word' id='word_1_370' title='bbox 632 3076 741 3131; x_wconf 83' lang='grc' dir='ltr'><em>τὸν</em></span> <span class='ocrx_word' id='word_1_371' title='bbox 777 3076 986 3146; x_wconf 82' lang='grc' dir='ltr'><em>νόμον,</em></span> <span class='ocrx_word' id='word_1_372' title='bbox 1021 3076 1119 3131; x_wconf 78' lang='grc' dir='ltr'><em>καὶ</em></span> <span class='ocrx_word' id='word_1_373' title='bbox 1152 3076 1514 3148; x_wconf 83' lang='grc' dir='ltr'><em>παρανομῶν</em></span> <span class='ocrx_word' id='word_1_374' title='bbox 1562 3095 1654 3132; x_wconf 84' lang='grc' dir='ltr'><em>κεο</em></span> 
     </span>
    </p>
   </div>
   <div class='ocr_carea' id='block_1_53' title="bbox 1824 3074 3347 3148">
    <p class='ocr_par' dir='ltr' id='par_1_53' title="bbox 1824 3074 3347 3146">
     <span class='ocr_line' id='line_1_53' title="bbox 1824 3074 3347 3146; baseline -0.003 -14"><span class='ocrx_word' id='word_1_375' title='bbox 1824 3093 1943 3133; x_wconf 87' lang='lat' dir='ltr'><strong><em>cere</em></strong></span> <span class='ocrx_word' id='word_1_376' title='bbox 1973 3077 2161 3133; x_wconf 88' lang='lat' dir='ltr'><strong><em>videor</em></strong></span> <span class='ocrx_word' id='word_1_377' title='bbox 2204 3078 2424 3146; x_wconf 83' lang='lat' dir='ltr'><strong><em>dignum</em></strong></span> <span class='ocrx_word' id='word_1_378' title='bbox 2474 3078 2562 3135; x_wconf 89' lang='lat' dir='ltr'><strong><em>bis</em></strong></span> <span class='ocrx_word' id='word_1_379' title='bbox 2616 3078 2871 3135; x_wconf 76' lang='lat' dir='ltr'><strong><em>vinculis.</em></strong></span> <span class='ocrx_word' id='word_1_380' title='bbox 2899 3079 2965 3134; x_wconf 83' lang='lat' dir='ltr'><strong><em>Et</em></strong></span> <span class='ocrx_word' id='word_1_381' title='bbox 2996 3087 3051 3131; x_wconf 86' lang='lat' dir='ltr'><strong><em>tu</em></strong></span> <span class='ocrx_word' id='word_1_382' title='bbox 3086 3076 3229 3131; x_wconf 82' lang='lat' dir='ltr'><strong><em>sedes</em></strong></span> <span class='ocrx_word' id='word_1_383' title='bbox 3248 3074 3347 3143; x_wconf 84' lang='lat' dir='ltr'><strong><em>ju-</em></strong></span> 
     </span>
    </p>
   </div>
   <div class='ocr_carea' id='block_1_54' title="bbox 147 3165 1670 3242">
    <p class='ocr_par' dir='ltr' id='par_1_54' title="bbox 147 3165 1663 3236">
     <span class='ocr_line' id='line_1_54' title="bbox 147 3165 1663 3236; baseline 0.004 -21"><span class='ocrx_word' id='word_1_384' title='bbox 147 3165 301 3231; x_wconf 75' lang='grc' dir='ltr'><em>,ἰεὺεις</em></span> <span class='ocrx_word' id='word_1_385' title='bbox 338 3182 409 3235; x_wconf 83' lang='grc' dir='ltr'><em>με</em></span> <span class='ocrx_word' id='word_1_386' title='bbox 456 3168 786 3223; x_wconf 80' lang='grc' dir='ltr'><em>τύπτεσθαι</em></span> <span class='ocrx_word' id='word_1_387' title='bbox 818 3168 901 3236; x_wconf 80' lang='grc'><strong><em>⁶⁶;</em></strong></span> <span class='ocrx_word' id='word_1_388' title='bbox 957 3168 1079 3221; x_wconf 76' lang='grc' dir='ltr'><em>ἀντὶ</em></span> <span class='ocrx_word' id='word_1_389' title='bbox 1101 3168 1216 3234; x_wconf 82' lang='grc' dir='ltr'><em>τοῦ,</em></span> <span class='ocrx_word' id='word_1_390' title='bbox 1253 3168 1551 3233; x_wconf 79' lang='grc' dir='ltr'><em>ὑπεύθυνος</em></span> <span class='ocrx_word' id='word_1_391' title='bbox 1588 3166 1663 3222; x_wconf 82' lang='grc' dir='ltr'><strong><em>ῶν</em></strong></span> 
     </span>
    </p>
   </div>
   <div class='ocr_carea' id='block_1_55' title="bbox 1827 3165 3350 3242">
    <p class='ocr_par' dir='ltr' id='par_1_55' title="bbox 1827 3168 3350 3242">
     <span class='ocr_line' id='line_1_55' title="bbox 1827 3168 3350 3242; baseline -0.001 -21"><span class='ocrx_word' id='word_1_392' title='bbox 1827 3185 1949 3221; x_wconf 85' lang='lat' dir='ltr'><strong><em>cans</em></strong></span> <span class='ocrx_word' id='word_1_393' title='bbox 1982 3184 2063 3221; x_wconf 90' lang='lat' dir='ltr'><strong><em>me</em></strong></span> <span class='ocrx_word' id='word_1_394' title='bbox 2080 3168 2360 3224; x_wconf 87' lang='lat' dir='ltr'><strong><em>secundum</em></strong></span> <span class='ocrx_word' id='word_1_395' title='bbox 2390 3168 2573 3240; x_wconf 85' lang='lat' dir='ltr'><strong><em>legem.</em></strong></span> <span class='ocrx_word' id='word_1_396' title='bbox 2595 3180 2643 3224; x_wconf 87' lang='lat' dir='ltr'><strong><em>et</em></strong></span> <span class='ocrx_word' id='word_1_397' title='bbox 2660 3170 2826 3242; x_wconf 87' lang='lat' dir='ltr'><strong><em>legem</em></strong></span> <span class='ocrx_word' id='word_1_398' title='bbox 2854 3170 3053 3226; x_wconf 84' lang='lat' dir='ltr'><strong><em>violans</em></strong></span> <span class='ocrx_word' id='word_1_399' title='bbox 3075 3168 3227 3238; x_wconf 83' lang='lat' dir='ltr'><strong><em>jubes</em></strong></span> <span class='ocrx_word' id='word_1_400' title='bbox 3267 3183 3350 3221; x_wconf 85' lang='lat' dir='ltr'><strong><em>me</em></strong></span> 
     </span>
    </p>
   </div>
   <div class='ocr_carea' id='block_1_56' title="bbox 149 3244 1672 3331">
    <p class='ocr_par' dir='ltr' id='par_1_56' title="bbox 149 3254 1662 3329">
     <span class='ocr_line' id='line_1_56' title="bbox 149 3254 1662 3329; baseline 0.007 -26"><span class='ocrx_word' id='word_1_401' title='bbox 149 3254 301 3307; x_wconf 63' lang='grc' dir='ltr'><em>ὡσανεὶ</em></span> <span class='ocrx_word' id='word_1_402' title='bbox 325 3258 413 3310; x_wconf 65' lang='grc' dir='ltr'><strong><em>καὶ</em></strong></span> <span class='ocrx_word' id='word_1_403' title='bbox 448 3258 662 3329; x_wconf 87' lang='grc' dir='ltr'><em>μυρίων</em></span> <span class='ocrx_word' id='word_1_404' title='bbox 684 3257 906 3327; x_wconf 81' lang='grc' dir='ltr'><strong><em>πληγῶν</em></strong></span> <span class='ocrx_word' id='word_1_405' title='bbox 932 3258 1101 3323; x_wconf 80' lang='grc' dir='ltr'><em>ἄξιος.</em></span> <span class='ocrx_word' id='word_1_406' title='bbox 1130 3258 1242 3313; x_wconf 79' lang='grc' dir='ltr'><em>Τὸν</em></span> <span class='ocrx_word' id='word_1_407' title='bbox 1262 3258 1539 3327; x_wconf 75' lang='grc' dir='ltr'><em>ἀρχιερέα</em></span> <span class='ocrx_word' id='word_1_408' title='bbox 1558 3258 1662 3313; x_wconf 92' lang='grc' dir='ltr'><strong><em>τοῦ</em></strong></span> 
     </span>
    </p>
   </div>
   <div class='ocr_carea' id='block_1_57' title="bbox 1820 3244 3343 3331">
    <p class='ocr_par' dir='ltr' id='par_1_57' title="bbox 1820 3256 3343 3331">
     <span class='ocr_line' id='line_1_57' title="bbox 1820 3256 3343 3331; baseline -0.002 -19"><span class='ocrx_word' id='word_1_409' title='bbox 1820 3259 1969 3312; x_wconf 81' lang='lat' dir='ltr'><strong><em>tlsari</em></strong></span> <span class='ocrx_word' id='word_1_410' title='bbox 1989 3258 2014 3312; x_wconf 77' lang='lat'><strong><em>7</em></strong></span> <span class='ocrx_word' id='word_1_411' title='bbox 2035 3259 2374 3331; x_wconf 82' lang='grc' dir='ltr'><em>Παρανομῶν</em></span> <span class='ocrx_word' id='word_1_412' title='bbox 2405 3258 2479 3331; x_wconf 87' lang='lat' dir='ltr'><strong><em>[id</em></strong></span> <span class='ocrx_word' id='word_1_413' title='bbox 2516 3270 2692 3326; x_wconf 86' lang='lat' dir='ltr'><strong><em>sonat,</em></strong></span> <span class='ocrx_word' id='word_1_414' title='bbox 2712 3263 3081 3330; x_wconf 76' lang='lat' dir='ltr'><strong><em>contralegem</em></strong></span> <span class='ocrx_word' id='word_1_415' title='bbox 3115 3256 3343 3329; x_wconf 60' lang='lat' dir='ltr'><strong><em>faciens]</em></strong></span> 
     </span>
    </p>
   </div>
   <div class='ocr_carea' id='block_1_58' title="bbox 152 3345 1675 3421">
    <p class='ocr_par' dir='ltr' id='par_1_58' title="bbox 152 3345 1659 3421">
     <span class='ocr_line' id='line_1_58' title="bbox 152 3345 1659 3421; baseline 0.003 -25"><span class='ocrx_word' id='word_1_416' title='bbox 152 3345 264 3399; x_wconf 81' lang='grc' dir='ltr'><em>Θεοῦ</em></span> <span class='ocrx_word' id='word_1_417' title='bbox 286 3348 589 3418; x_wconf 83' lang='grc' dir='ltr'><em>λοιδορεῖς;</em></span> <span class='ocrx_word' id='word_1_418' title='bbox 655 3350 777 3404; x_wconf 87' lang='grc' dir='ltr'><strong><em>οὐκ</em></strong></span> <span class='ocrx_word' id='word_1_419' title='bbox 830 3350 998 3421; x_wconf 73' lang='grc' dir='ltr'><em>ᾔδειν</em></span> <span class='ocrx_word' id='word_1_420' title='bbox 1028 3350 1117 3404; x_wconf 85' lang='grc' dir='ltr'><em>ὅτι</em></span> <span class='ocrx_word' id='word_1_421' title='bbox 1162 3350 1475 3418; x_wconf 82' lang='grc' dir='ltr'><em>ἀρχιερεύς</em></span> <span class='ocrx_word' id='word_1_422' title='bbox 1506 3348 1659 3403; x_wconf 85' lang='grc' dir='ltr'><em>ἐστι.</em></span> 
     </span>
    </p>
   </div>
   <div class='ocr_carea' id='block_1_59' title="bbox 1823 3345 3346 3421">
    <p class='ocr_par' dir='ltr' id='par_1_59' title="bbox 1823 3350 3346 3421">
     <span class='ocr_line' id='line_1_59' title="bbox 1823 3350 3346 3421; baseline 0.001 -20"><span class='ocrx_word' id='word_1_423' title='bbox 1823 3352 1913 3405; x_wconf 73' lang='lat' dir='ltr'><strong><em>ixit</em></strong></span> <span class='ocrx_word' id='word_1_424' title='bbox 1972 3366 2095 3421; x_wconf 88' lang='lat' dir='ltr'><strong><em>pro,</em></strong></span> <span class='ocrx_word' id='word_1_425' title='bbox 2146 3351 2471 3406; x_wconf 80' lang='lat' dir='ltr'><strong><em>criminibus</em></strong></span> <span class='ocrx_word' id='word_1_426' title='bbox 2524 3352 2832 3408; x_wconf 75' lang='lat' dir='ltr'><strong><em>obnoxius:</em></strong></span> <span class='ocrx_word' id='word_1_427' title='bbox 2887 3350 3039 3421; x_wconf 88' lang='lat' dir='ltr'><strong><em>quasi</em></strong></span> <span class='ocrx_word' id='word_1_428' title='bbox 3094 3350 3346 3411; x_wconf 83' lang='lat' dir='ltr'><strong><em>diceret,</em></strong></span> 
     </span>
    </p>
   </div>
   <div class='ocr_carea' id='block_1_60' title="bbox 154 3436 1677 3515">
    <p class='ocr_par' dir='ltr' id='par_1_60' title="bbox 154 3436 1668 3511">
     <span class='ocr_line' id='line_1_60' title="bbox 154 3436 1668 3511; baseline 0.003 -23"><span class='ocrx_word' id='word_1_429' title='bbox 154 3437 244 3499; x_wconf 81' lang='grc' dir='ltr'><strong><em>Πῶς</em></strong></span> <span class='ocrx_word' id='word_1_430' title='bbox 272 3436 352 3493; x_wconf 85' lang='grc' dir='ltr'><em>οὖν</em></span> <span class='ocrx_word' id='word_1_431' title='bbox 378 3440 575 3510; x_wconf 77' lang='grc' dir='ltr'><em>ἔλεγες,</em></span> <span class='ocrx_word' id='word_1_432' title='bbox 603 3442 713 3498; x_wconf 79' lang='lat' dir='ltr'><strong><em>Kal</em></strong></span> <span class='ocrx_word' id='word_1_433' title='bbox 740 3441 820 3496; x_wconf 87' lang='grc' dir='ltr'><em>σὺ</em></span> <span class='ocrx_word' id='word_1_434' title='bbox 854 3442 1005 3511; x_wconf 76' lang='grc' dir='ltr'><em>κάθῃ</em></span> <span class='ocrx_word' id='word_1_435' title='bbox 1038 3442 1260 3510; x_wconf 86' lang='grc' dir='ltr'><em>κρίνων</em></span> <span class='ocrx_word' id='word_1_436' title='bbox 1282 3457 1356 3511; x_wconf 89' lang='grc' dir='ltr'><strong><em>με</em></strong></span> <span class='ocrx_word' id='word_1_437' title='bbox 1384 3440 1533 3495; x_wconf 84' lang='grc' dir='ltr'><em>κατὰ</em></span> <span class='ocrx_word' id='word_1_438' title='bbox 1561 3438 1668 3493; x_wconf 85' lang='grc' dir='ltr'><em>τὸν</em></span> 
     </span>
    </p>
   </div>
   <div class='ocr_carea' id='block_1_61' title="bbox 1825 3436 3348 3515">
    <p class='ocr_par' dir='ltr' id='par_1_61' title="bbox 1825 3440 3348 3515">
     <span class='ocr_line' id='line_1_61' title="bbox 1825 3440 3348 3515; baseline 0.001 -21"><span class='ocrx_word' id='word_1_439' title='bbox 1825 3442 2046 3496; x_wconf 69' lang='grc' dir='ltr'><em>εκευηιίε</em></span> <span class='ocrx_word' id='word_1_440' title='bbox 2072 3444 2234 3496; x_wconf 87' lang='lat' dir='ltr'><strong><em>etiam</em></strong></span> <span class='ocrx_word' id='word_1_441' title='bbox 2268 3443 2436 3514; x_wconf 80' lang='lat' dir='ltr'><strong><em>plagis</em></strong></span> <span class='ocrx_word' id='word_1_442' title='bbox 2464 3444 2677 3515; x_wconf 74' lang='lat' dir='ltr'><strong><em>dignus.</em></strong></span> <span class='ocrx_word' id='word_1_443' title='bbox 2712 3443 2927 3500; x_wconf 85' lang='lat' dir='ltr'><strong><em>Summo</em></strong></span> <span class='ocrx_word' id='word_1_444' title='bbox 2946 3443 3205 3498; x_wconf 83' lang='lat' dir='ltr'><strong><em>sacerdoti</em></strong></span> <span class='ocrx_word' id='word_1_445' title='bbox 3251 3440 3348 3495; x_wconf 82' lang='lat' dir='ltr'><strong><em>Dei</em></strong></span> 
     </span>
    </p>
   </div>
   <div class='ocr_carea' id='block_1_62' title="bbox 153 3530 1676 3606">
    <p class='ocr_par' dir='ltr' id='par_1_62' title="bbox 153 3530 1663 3606">
     <span class='ocr_line' id='line_1_62' title="bbox 153 3530 1663 3606; baseline -0.002 -20"><span class='ocrx_word' id='word_1_446' title='bbox 153 3530 323 3598; x_wconf 71' lang='lat' dir='ltr'><strong><em>rdpor;</em></strong></span> <span class='ocrx_word' id='word_1_447' title='bbox 361 3533 509 3587; x_wconf 85' lang='grc' dir='ltr'><strong><em>Ἀλλὰ</em></strong></span> <span class='ocrx_word' id='word_1_448' title='bbox 531 3536 913 3606; x_wconf 81' lang='grc' dir='ltr'><em>προσποιεῖται</em></span> <span class='ocrx_word' id='word_1_449' title='bbox 943 3535 1186 3602; x_wconf 78' lang='grc' dir='ltr'><em>ἄγνοιαν,</em></span> <span class='ocrx_word' id='word_1_450' title='bbox 1211 3533 1271 3586; x_wconf 83' lang='grc' dir='ltr'><em>οὐ</em></span> <span class='ocrx_word' id='word_1_451' title='bbox 1299 3532 1663 3603; x_wconf 82' lang='grc' dir='ltr'><em>βλάπτουσαν,</em></span> 
     </span>
    </p>
   </div>
   <div class='ocr_carea' id='block_1_63' title="bbox 1828 3530 3351 3606">
    <p class='ocr_par' dir='ltr' id='par_1_63' title="bbox 1830 3532 3351 3590">
     <span class='ocr_line' id='line_1_63' title="bbox 1830 3532 3351 3590; baseline 0.003 -6"><span class='ocrx_word' id='word_1_452' title='bbox 1830 3533 2085 3586; x_wconf 86' lang='lat' dir='ltr'><strong><em>alcdicis?</em></strong></span> <span class='ocrx_word' id='word_1_453' title='bbox 2111 3532 2413 3587; x_wconf 79' lang='lat' dir='ltr'><strong><em>Nesciebam</em></strong></span> <span class='ocrx_word' id='word_1_454' title='bbox 2428 3534 2575 3588; x_wconf 88' lang='lat' dir='ltr'><strong><em>illum</em></strong></span> <span class='ocrx_word' id='word_1_455' title='bbox 2596 3551 2707 3590; x_wconf 86' lang='lat' dir='ltr'><strong><em>esse</em></strong></span> <span class='ocrx_word' id='word_1_456' title='bbox 2724 3551 2986 3590; x_wconf 87' lang='lat' dir='ltr'><strong><em>summum</em></strong></span> <span class='ocrx_word' id='word_1_457' title='bbox 3002 3536 3351 3589; x_wconf 82' lang='lat' dir='ltr'><strong><em>sacerdotem.</em></strong></span> 
     </span>
    </p>
   </div>
   <div class='ocr_carea' id='block_1_64' title="bbox 156 3620 1679 3696">
    <p class='ocr_par' dir='ltr' id='par_1_64' title="bbox 156 3620 1666 3696">
     <span class='ocr_line' id='line_1_64' title="bbox 156 3620 1666 3696; baseline -0.001 -22"><span class='ocrx_word' id='word_1_458' title='bbox 156 3621 642 3696; x_wconf 67' lang='grc' dir='ltr'><em>ἀλλὀικοδομοῦσαν.</em></span> <span class='ocrx_word' id='word_1_459' title='bbox 675 3626 817 3694; x_wconf 81' lang='grc' dir='ltr'><strong><em>Ἐγὼ</em></strong></span> <span class='ocrx_word' id='word_1_460' title='bbox 849 3626 905 3680; x_wconf 79' lang='grc' dir='ltr'><em>δὲ</em></span> <span class='ocrx_word' id='word_1_461' title='bbox 930 3625 1025 3679; x_wconf 74' lang='grc' dir='ltr'><em>καὶ</em></span> <span class='ocrx_word' id='word_1_462' title='bbox 1063 3624 1271 3695; x_wconf 73' lang='grc' dir='ltr'><em>σφόδρα</em></span> <span class='ocrx_word' id='word_1_463' title='bbox 1306 3622 1563 3693; x_wconf 75' lang='grc' dir='ltr'><em>πείθομαι</em></span> <span class='ocrx_word' id='word_1_464' title='bbox 1592 3620 1666 3692; x_wconf 82' lang='grc' dir='ltr'><em>μὴ</em></span> 
     </span>
    </p>
   </div>
   <div class='ocr_carea' id='block_1_65' title="bbox 1828 3620 3351 3696">
    <p class='ocr_par' dir='ltr' id='par_1_65' title="bbox 1828 3622 3351 3694">
     <span class='ocr_line' id='line_1_65' title="bbox 1828 3622 3351 3694; baseline 0.001 -19"><span class='ocrx_word' id='word_1_465' title='bbox 1828 3639 1881 3675; x_wconf 78' lang='grc' dir='ltr'><em>ιιι·</em></span> <span class='ocrx_word' id='word_1_466' title='bbox 1908 3623 2068 3693; x_wconf 80' lang='lat' dir='ltr'><strong><em>igitur</em></strong></span> <span class='ocrx_word' id='word_1_467' title='bbox 2090 3622 2309 3677; x_wconf 87' lang='lat' dir='ltr'><strong><em>dicebas</em></strong></span> <span class='ocrx_word' id='word_1_468' title='bbox 2339 3641 2354 3681; x_wconf 88' lang='lat'><strong>:</strong></span> <span class='ocrx_word' id='word_1_469' title='bbox 2398 3624 2468 3678; x_wconf 85' lang='lat' dir='ltr'><strong><em>Et</em></strong></span> <span class='ocrx_word' id='word_1_470' title='bbox 2496 3634 2551 3678; x_wconf 90' lang='lat' dir='ltr'><strong><em>tu</em></strong></span> <span class='ocrx_word' id='word_1_471' title='bbox 2583 3626 2749 3692; x_wconf 88' lang='lat' dir='ltr'><strong><em>sedes,</em></strong></span> <span class='ocrx_word' id='word_1_472' title='bbox 2800 3634 2855 3678; x_wconf 91' lang='lat' dir='ltr'><strong><em>ut</em></strong></span> <span class='ocrx_word' id='word_1_473' title='bbox 2877 3624 3140 3694; x_wconf 80' lang='lat' dir='ltr'><strong><em>judicium</em></strong></span> <span class='ocrx_word' id='word_1_474' title='bbox 3170 3623 3235 3678; x_wconf 88' lang='lat' dir='ltr'><strong><em>de</em></strong></span> <span class='ocrx_word' id='word_1_475' title='bbox 3270 3639 3351 3677; x_wconf 81' lang='lat' dir='ltr'><strong><em>me</em></strong></span> 
     </span>
    </p>
   </div>
   <div class='ocr_carea' id='block_1_66' title="bbox 155 3710 1678 3788">
    <p class='ocr_par' dir='ltr' id='par_1_66' title="bbox 155 3710 1667 3788">
     <span class='ocr_line' id='line_1_66' title="bbox 155 3710 1667 3788; baseline 0.001 -27"><span class='ocrx_word' id='word_1_476' title='bbox 155 3712 481 3771; x_wconf 71' lang='grc' dir='ltr'><em>εξδέναιαῠτδν</em></span> <span class='ocrx_word' id='word_1_477' title='bbox 509 3718 591 3769; x_wconf 82' lang='grc' dir='ltr'><em>ὅτι</em></span> <span class='ocrx_word' id='word_1_478' title='bbox 645 3715 933 3788; x_wconf 78' lang='grc' dir='ltr'><em>ἀρχιερεύς</em></span> <span class='ocrx_word' id='word_1_479' title='bbox 970 3715 1120 3767; x_wconf 74' lang='grc' dir='ltr'><em>ἐστι’</em></span> <span class='ocrx_word' id='word_1_480' title='bbox 1171 3713 1258 3766; x_wconf 75' lang='grc' dir='ltr'><em>διὰ</em></span> <span class='ocrx_word' id='word_1_481' title='bbox 1309 3710 1521 3783; x_wconf 80' lang='grc' dir='ltr'><em>μακροῦ</em></span> <span class='ocrx_word' id='word_1_482' title='bbox 1569 3710 1667 3781; x_wconf 81' lang='grc' dir='ltr'><em>μὲν</em></span> 
     </span>
    </p>
   </div>
   <div class='ocr_carea' id='block_1_67' title="bbox 1828 3710 3351 3788">
    <p class='ocr_par' dir='ltr' id='par_1_67' title="bbox 1836 3713 3351 3786">
     <span class='ocr_line' id='line_1_67' title="bbox 1836 3713 3351 3786; baseline -0.001 -20"><span class='ocrx_word' id='word_1_483' title='bbox 1836 3713 1944 3766; x_wconf 87' lang='lat' dir='ltr'><strong><em>cias</em></strong></span> <span class='ocrx_word' id='word_1_484' title='bbox 1965 3728 2030 3766; x_wconf 75' lang='lat' dir='ltr'><strong><em>ea:</em></strong></span> <span class='ocrx_word' id='word_1_485' title='bbox 2069 3715 2372 3783; x_wconf 68' lang='lat' dir='ltr'><strong><em>pra’scripto</em></strong></span> <span class='ocrx_word' id='word_1_486' title='bbox 2398 3714 2566 3786; x_wconf 78' lang='lat' dir='ltr'><strong><em>legis?</em></strong></span> <span class='ocrx_word' id='word_1_487' title='bbox 2605 3715 2810 3784; x_wconf 82' lang='lat' dir='ltr'><strong><em>Nempe</em></strong></span> <span class='ocrx_word' id='word_1_488' title='bbox 2836 3714 3056 3768; x_wconf 77' lang='lat' dir='ltr'><strong><em>simulat</em></strong></span> <span class='ocrx_word' id='word_1_489' title='bbox 3102 3713 3351 3783; x_wconf 77' lang='lat' dir='ltr'><strong><em>ignoran—</em></strong></span> 
     </span>
    </p>
   </div>
   <div class='ocr_carea' id='block_1_68' title="bbox 157 3802 1680 3879">
    <p class='ocr_par' dir='ltr' id='par_1_68' title="bbox 157 3802 1671 3879">
     <span class='ocr_line' id='line_1_68' title="bbox 157 3802 1671 3879; baseline 0.002 -27"><span class='ocrx_word' id='word_1_490' title='bbox 157 3802 465 3859; x_wconf 68' lang='grc' dir='ltr'><em>ἐπανελθόντα</em></span> <span class='ocrx_word' id='word_1_491' title='bbox 497 3809 717 3878; x_wconf 77' lang='grc' dir='ltr'><em>χρόνου,</em></span> <span class='ocrx_word' id='word_1_492' title='bbox 751 3806 826 3879; x_wconf 78' lang='grc' dir='ltr'><em>μὴ</em></span> <span class='ocrx_word' id='word_1_493' title='bbox 851 3806 1246 3876; x_wconf 72' lang='grc' dir='ltr'><em>συγγενόμενον</em></span> <span class='ocrx_word' id='word_1_494' title='bbox 1280 3804 1338 3858; x_wconf 80' lang='grc' dir='ltr'><em>δὲ</em></span> <span class='ocrx_word' id='word_1_495' title='bbox 1375 3803 1671 3869; x_wconf 73' lang='grc' dir='ltr'><em>Ἰουδαίοις,</em></span> 
     </span>
    </p>
   </div>
   <div class='ocr_carea' id='block_1_69' title="bbox 1830 3802 3353 3879">
    <p class='ocr_par' dir='ltr' id='par_1_69' title="bbox 1830 3806 3353 3879">
     <span class='ocr_line' id='line_1_69' title="bbox 1830 3806 3353 3879; baseline -0.001 -19"><span class='ocrx_word' id='word_1_496' title='bbox 1830 3820 1929 3872; x_wconf 71' lang='lat' dir='ltr'><strong><em>an),</em></strong></span> <span class='ocrx_word' id='word_1_497' title='bbox 1951 3822 2073 3876; x_wconf 71' lang='lat' dir='ltr'><strong><em>qua:</em></strong></span> <span class='ocrx_word' id='word_1_498' title='bbox 2103 3822 2213 3862; x_wconf 82' lang='lat' dir='ltr'><strong><em>non</em></strong></span> <span class='ocrx_word' id='word_1_499' title='bbox 2238 3808 2495 3874; x_wconf 81' lang='lat' dir='ltr'><strong><em>nocebat,</em></strong></span> <span class='ocrx_word' id='word_1_500' title='bbox 2524 3808 2616 3864; x_wconf 84' lang='lat' dir='ltr'><strong><em>sed</em></strong></span> <span class='ocrx_word' id='word_1_501' title='bbox 2663 3806 2963 3879; x_wconf 79' lang='lat' dir='ltr'><strong><em>aediﬁcabat</em></strong></span> <span class='ocrx_word' id='word_1_502' title='bbox 2984 3815 3039 3862; x_wconf 78' lang='grc' dir='ltr'><strong><em>ιι</em></strong></span> <span class='ocrx_word' id='word_1_503' title='bbox 3064 3806 3213 3862; x_wconf 84' lang='lat' dir='ltr'><strong><em>utilis</em></strong></span> <span class='ocrx_word' id='word_1_504' title='bbox 3237 3816 3353 3861; x_wconf 84' lang='lat' dir='ltr'><strong><em>erat</em></strong></span> 
     </span>
    </p>
   </div>
   <div class='ocr_carea' id='block_1_70' title="bbox 156 3891 1679 3971">
    <p class='ocr_par' dir='ltr' id='par_1_70' title="bbox 156 3891 1675 3967">
     <span class='ocr_line' id='line_1_70' title="bbox 156 3891 1675 3967; baseline 0 -21"><span class='ocrx_word' id='word_1_505' title='bbox 156 3891 323 3958; x_wconf 77' lang='grc' dir='ltr'><em>ὁρῶντα</em></span> <span class='ocrx_word' id='word_1_506' title='bbox 343 3896 394 3950; x_wconf 75' lang='grc' dir='ltr'><em>δὲ</em></span> <span class='ocrx_word' id='word_1_507' title='bbox 439 3898 596 3951; x_wconf 81' lang='grc' dir='ltr'><em>αὑτὸν</em></span> <span class='ocrx_word' id='word_1_508' title='bbox 621 3900 680 3950; x_wconf 84' lang='grc' dir='ltr'><em>ὲν</em></span> <span class='ocrx_word' id='word_1_509' title='bbox 714 3896 793 3967; x_wconf 84' lang='grc' dir='ltr'><em>τῷ</em></span> <span class='ocrx_word' id='word_1_510' title='bbox 824 3896 977 3967; x_wconf 82' lang='grc' dir='ltr'><em>μέσῳ</em></span> <span class='ocrx_word' id='word_1_511' title='bbox 1009 3894 1149 3966; x_wconf 74' lang='grc' dir='ltr'><em>μετὰ</em></span> <span class='ocrx_word' id='word_1_512' title='bbox 1191 3893 1403 3948; x_wconf 83' lang='grc' dir='ltr'><em>πολλῶν</em></span> <span class='ocrx_word' id='word_1_513' title='bbox 1429 3893 1523 3947; x_wconf 78' lang='grc' dir='ltr'><em>καὶ</em></span> <span class='ocrx_word' id='word_1_514' title='bbox 1552 3895 1675 3947; x_wconf 81' lang='grc' dir='ltr'><em>ἑτέ--</em></span> 
     </span>
    </p>
   </div>
   <div class='ocr_carea' id='block_1_71' title="bbox 1836 3891 3359 3971">
    <p class='ocr_par' dir='ltr' id='par_1_71' title="bbox 1836 3896 3359 3971">
     <span class='ocr_line' id='line_1_71' title="bbox 1836 3896 3359 3971; baseline 0.001 -21"><span class='ocrx_word' id='word_1_515' title='bbox 1836 3896 2149 3953; x_wconf 77' lang='lat' dir='ltr'><strong><em>ldientibus.</em></strong></span> <span class='ocrx_word' id='word_1_516' title='bbox 2184 3897 2361 3969; x_wconf 82' lang='lat' dir='ltr'><strong><em>Atque</em></strong></span> <span class='ocrx_word' id='word_1_517' title='bbox 2391 3914 2492 3971; x_wconf 76' lang='lat' dir='ltr'><strong><em>ego</em></strong></span> <span class='ocrx_word' id='word_1_518' title='bbox 2519 3900 2683 3955; x_wconf 86' lang='lat' dir='ltr'><strong><em>etiam</em></strong></span> <span class='ocrx_word' id='word_1_519' title='bbox 2724 3898 2960 3953; x_wconf 81' lang='lat' dir='ltr'><strong><em>maxime</em></strong></span> <span class='ocrx_word' id='word_1_520' title='bbox 2992 3898 3157 3954; x_wconf 89' lang='lat' dir='ltr'><strong><em>credo</em></strong></span> <span class='ocrx_word' id='word_1_521' title='bbox 3175 3898 3359 3954; x_wconf 86' lang='lat' dir='ltr'><strong><em>nesci-</em></strong></span> 
     </span>
    </p>
   </div>
   <div class='ocr_carea' id='block_1_72' title="bbox 161 3983 1684 4061">
    <p class='ocr_par' dir='ltr' id='par_1_72' title="bbox 161 3983 1675 4061">
     <span class='ocr_line' id='line_1_72' title="bbox 161 3983 1675 4061; baseline 0.001 -24"><span class='ocrx_word' id='word_1_522' title='bbox 161 3999 258 4050; x_wconf 74' lang='grc' dir='ltr'><em>ρων.</em></span> <span class='ocrx_word' id='word_1_523' title='bbox 281 3987 458 4041; x_wconf 69' lang='grc' dir='ltr'><em>Οἱκὲτι</em></span> <span class='ocrx_word' id='word_1_524' title='bbox 479 3988 586 4061; x_wconf 76' lang='grc' dir='ltr'><em>γὰρ</em></span> <span class='ocrx_word' id='word_1_525' title='bbox 614 3988 774 4058; x_wconf 83' lang='grc' dir='ltr'><em>δῆλος</em></span> <span class='ocrx_word' id='word_1_526' title='bbox 802 3983 869 4057; x_wconf 83' lang='grc' dir='ltr'><em>ἦν</em></span> <span class='ocrx_word' id='word_1_527' title='bbox 892 3988 921 4040; x_wconf 83' lang='grc' dir='ltr'><strong>ὁ</strong></span> <span class='ocrx_word' id='word_1_528' title='bbox 951 3985 1240 4056; x_wconf 82' lang='grc' dir='ltr'><em>ἀρχιερεὺς</em></span> <span class='ocrx_word' id='word_1_529' title='bbox 1275 3983 1485 4038; x_wconf 86' lang='grc' dir='ltr'><em>πολλῶν</em></span> <span class='ocrx_word' id='word_1_530' title='bbox 1505 3983 1675 4039; x_wconf 75' lang='grc' dir='ltr'><em>ὄντων</em></span> 
     </span>
    </p>
   </div>
   <div class='ocr_carea' id='block_1_73' title="bbox 1831 3983 3354 4061">
    <p class='ocr_par' dir='ltr' id='par_1_73' title="bbox 1831 3988 3354 4059">
     <span class='ocr_line' id='line_1_73' title="bbox 1831 3988 3354 4059; baseline 0.002 -18"><span class='ocrx_word' id='word_1_531' title='bbox 1831 4001 1921 4044; x_wconf 72' lang='lat' dir='ltr'><strong><em>isse</em></strong></span> <span class='ocrx_word' id='word_1_532' title='bbox 1945 4004 2070 4043; x_wconf 85' lang='lat' dir='ltr'><strong><em>eum</em></strong></span> <span class='ocrx_word' id='word_1_533' title='bbox 2111 3989 2262 4044; x_wconf 90' lang='lat' dir='ltr'><strong><em>illum</em></strong></span> <span class='ocrx_word' id='word_1_534' title='bbox 2314 4006 2441 4047; x_wconf 89' lang='lat' dir='ltr'><strong><em>esse</em></strong></span> <span class='ocrx_word' id='word_1_535' title='bbox 2469 4006 2745 4047; x_wconf 84' lang='lat' dir='ltr'><strong><em>summum</em></strong></span> <span class='ocrx_word' id='word_1_536' title='bbox 2773 3991 3136 4053; x_wconf 84' lang='lat' dir='ltr'><strong><em>sacerdotem.</em></strong></span> <span class='ocrx_word' id='word_1_537' title='bbox 3171 3999 3229 4046; x_wconf 88' lang='lat' dir='ltr'><strong><em>ut</em></strong></span> <span class='ocrx_word' id='word_1_538' title='bbox 3260 3988 3354 4059; x_wconf 88' lang='lat' dir='ltr'><strong><em>qui</em></strong></span> 
     </span>
    </p>
   </div>
   <div class='ocr_carea' id='block_1_74' title="bbox 160 4074 1683 4154">
    <p class='ocr_par' dir='ltr' id='par_1_74' title="bbox 160 4074 1673 4151">
     <span class='ocr_line' id='line_1_74' title="bbox 160 4074 1673 4151; baseline 0.001 -25"><span class='ocrx_word' id='word_1_539' title='bbox 160 4075 510 4151; x_wconf 73' lang='grc' dir='ltr'><em>ιαὶδιαφόρων.</em></span> <span class='ocrx_word' id='word_1_540' title='bbox 538 4082 734 4151; x_wconf 82' lang='grc' dir='ltr'><em>Τοϊχον</em></span> <span class='ocrx_word' id='word_1_541' title='bbox 777 4078 832 4132; x_wconf 71' lang='grc' dir='ltr'><em>δὲ</em></span> <span class='ocrx_word' id='word_1_542' title='bbox 876 4077 1267 4147; x_wconf 82' lang='grc' dir='ltr'><em>κεκονιαμένον</em></span> <span class='ocrx_word' id='word_1_543' title='bbox 1305 4076 1468 4129; x_wconf 67' lang='grc' dir='ltr'><em>αὑτὸν</em></span> <span class='ocrx_word' id='word_1_544' title='bbox 1500 4074 1673 4141; x_wconf 76' lang='grc' dir='ltr'><em>καλεῖ,</em></span> 
     </span>
    </p>
   </div>
   <div class='ocr_carea' id='block_1_75' title="bbox 1831 4074 3354 4154">
    <p class='ocr_par' dir='ltr' id='par_1_75' title="bbox 1852 4080 3354 4154">
     <span class='ocr_line' id='line_1_75' title="bbox 1852 4080 3354 4154; baseline -0.002 -20"><span class='ocrx_word' id='word_1_545' title='bbox 1852 4080 2013 4151; x_wconf 75' lang='lat' dir='ltr'><strong><em>longo</em></strong></span> <span class='ocrx_word' id='word_1_546' title='bbox 2030 4081 2293 4152; x_wconf 89' lang='lat' dir='ltr'><strong><em>temporis</em></strong></span> <span class='ocrx_word' id='word_1_547' title='bbox 2310 4082 2594 4138; x_wconf 86' lang='lat' dir='ltr'><strong><em>intervallo</em></strong></span> <span class='ocrx_word' id='word_1_548' title='bbox 2629 4082 3054 4154; x_wconf 78' lang='lat' dir='ltr'><strong><em>Hierosolymam</em></strong></span> <span class='ocrx_word' id='word_1_549' title='bbox 3086 4080 3354 4144; x_wconf 87' lang='lat' dir='ltr'><strong><em>rediisset,</em></strong></span> 
     </span>
    </p>
   </div>
   <div class='ocr_carea' id='block_1_76' title="bbox 161 4161 1684 4241">
    <p class='ocr_par' dir='ltr' id='par_1_76' title="bbox 161 4161 1676 4241">
     <span class='ocr_line' id='line_1_76' title="bbox 161 4161 1676 4241; baseline 0.002 -25"><span class='ocrx_word' id='word_1_550' title='bbox 161 4161 305 4236; x_wconf 72' lang='grc' dir='ltr'><em>ἐπειδὴ</em></span> <span class='ocrx_word' id='word_1_551' title='bbox 326 4167 572 4240; x_wconf 76' lang='grc' dir='ltr'><em>λαμπρὰν</em></span> <span class='ocrx_word' id='word_1_552' title='bbox 605 4170 708 4241; x_wconf 78' lang='grc' dir='ltr'><em>μὲν</em></span> <span class='ocrx_word' id='word_1_553' title='bbox 731 4165 843 4239; x_wconf 70' lang='grc' dir='ltr'><em>εἶχε</em></span> <span class='ocrx_word' id='word_1_554' title='bbox 868 4167 964 4237; x_wconf 75' lang='grc' dir='ltr'><em>τὴν</em></span> <span class='ocrx_word' id='word_1_555' title='bbox 993 4166 1135 4237; x_wconf 73' lang='grc' dir='ltr'><em>ὄψιν,</em></span> <span class='ocrx_word' id='word_1_556' title='bbox 1160 4167 1234 4231; x_wconf 82' lang='grc' dir='ltr'><em>ὡς</em></span> <span class='ocrx_word' id='word_1_557' title='bbox 1268 4170 1432 4237; x_wconf 84' lang='grc' dir='ltr'><em>νόμου</em></span> <span class='ocrx_word' id='word_1_558' title='bbox 1460 4166 1676 4229; x_wconf 80' lang='grc' dir='ltr'><em>ἔκδικος</em></span> 
     </span>
    </p>
   </div>
   <div class='ocr_carea' id='block_1_77' title="bbox 1829 4161 3352 4241">
    <p class='ocr_par' dir='ltr' id='par_1_77' title="bbox 1829 4171 3352 4241">
     <span class='ocr_line' id='line_1_77' title="bbox 1829 4171 3352 4241; baseline -0.001 -17"><span class='ocrx_word' id='word_1_559' title='bbox 1829 4187 1965 4225; x_wconf 88' lang='lat' dir='ltr'><strong><em>.non</em></strong></span> <span class='ocrx_word' id='word_1_560' title='bbox 2000 4182 2247 4229; x_wconf 82' lang='lat' dir='ltr'><strong><em>versatus</em></strong></span> <span class='ocrx_word' id='word_1_561' title='bbox 2273 4173 2467 4231; x_wconf 80' lang='lat' dir='ltr'><strong><em>luisset</em></strong></span> <span class='ocrx_word' id='word_1_562' title='bbox 2495 4189 2620 4229; x_wconf 87' lang='lat' dir='ltr'><strong><em>eum</em></strong></span> <span class='ocrx_word' id='word_1_563' title='bbox 2654 4174 2878 4241; x_wconf 67' lang='lat' dir='ltr'><strong><em>iudicis,</em></strong></span> <span class='ocrx_word' id='word_1_564' title='bbox 2899 4184 2951 4229; x_wconf 90' lang='lat' dir='ltr'><strong><em>et</em></strong></span> <span class='ocrx_word' id='word_1_565' title='bbox 2977 4173 3180 4228; x_wconf 62' lang='lat' dir='ltr'><strong><em>viderrt</em></strong></span> <span class='ocrx_word' id='word_1_566' title='bbox 3204 4171 3352 4226; x_wconf 88' lang='lat' dir='ltr'><strong><em>illum</em></strong></span> 
     </span>
    </p>
   </div>
   <div class='ocr_carea' id='block_1_78' title="bbox 162 4253 1685 4333">
    <p class='ocr_par' dir='ltr' id='par_1_78' title="bbox 162 4253 1675 4330">
     <span class='ocr_line' id='line_1_78' title="bbox 162 4253 1675 4330; baseline 0.003 -26"><span class='ocrx_word' id='word_1_567' title='bbox 162 4253 374 4330; x_wconf 74' lang='grc' dir='ltr'><em>καὶνόμφ</em></span> <span class='ocrx_word' id='word_1_568' title='bbox 415 4260 734 4330; x_wconf 76' lang='grc' dir='ltr'><em>δικάζωνοή</em></span> <span class='ocrx_word' id='word_1_569' title='bbox 790 4261 846 4313; x_wconf 83' lang='grc' dir='ltr'><em>δὲ</em></span> <span class='ocrx_word' id='word_1_570' title='bbox 894 4260 1100 4315; x_wconf 81' lang='grc' dir='ltr'><em>διάνοια</em></span> <span class='ocrx_word' id='word_1_571' title='bbox 1157 4259 1385 4329; x_wconf 81' lang='grc' dir='ltr'><em>ἀνομίας</em></span> <span class='ocrx_word' id='word_1_572' title='bbox 1436 4259 1675 4329; x_wconf 74' lang='grc' dir='ltr'><em>ἐπεπλή-</em></span> 
     </span>
    </p>
   </div>
   <div class='ocr_carea' id='block_1_79' title="bbox 1831 4253 3354 4333">
    <p class='ocr_par' dir='ltr' id='par_1_79' title="bbox 1836 4261 3354 4333">
     <span class='ocr_line' id='line_1_79' title="bbox 1836 4261 3354 4333; baseline -0.001 -15"><span class='ocrx_word' id='word_1_573' title='bbox 1836 4261 1942 4333; x_wconf 83' lang='lat'><strong><em>65</em></strong></span> <span class='ocrx_word' id='word_1_574' title='bbox 1976 4262 2029 4316; x_wconf 92' lang='lat' dir='ltr'><strong><em>in</em></strong></span> <span class='ocrx_word' id='word_1_575' title='bbox 2079 4263 2259 4318; x_wconf 88' lang='lat' dir='ltr'><strong><em>medio</em></strong></span> <span class='ocrx_word' id='word_1_576' title='bbox 2291 4279 2418 4320; x_wconf 88' lang='lat' dir='ltr'><strong><em>cum</em></strong></span> <span class='ocrx_word' id='word_1_577' title='bbox 2475 4264 2662 4320; x_wconf 78' lang='lat' dir='ltr'><strong><em>multis</em></strong></span> <span class='ocrx_word' id='word_1_578' title='bbox 2690 4265 2854 4320; x_wconf 84' lang='lat' dir='ltr'><strong><em>etiam</em></strong></span> <span class='ocrx_word' id='word_1_579' title='bbox 2885 4264 3004 4318; x_wconf 83' lang='lat' dir='ltr'><strong><em>aliis</em></strong></span> <span class='ocrx_word' id='word_1_580' title='bbox 3051 4265 3354 4319; x_wconf 78' lang='lat' dir='ltr'><strong><em>sedentem.</em></strong></span> 
     </span>
    </p>
   </div>
   <div class='ocr_carea' id='block_1_80' title="bbox 164 4349 1687 4423">
    <p class='ocr_par' dir='ltr' id='par_1_80' title="bbox 164 4349 1675 4422">
     <span class='ocr_line' id='line_1_80' title="bbox 164 4349 1675 4422; baseline 0.003 -25"><span class='ocrx_word' id='word_1_581' title='bbox 164 4358 285 4409; x_wconf 75' lang='grc' dir='ltr'><em>ρωτο.</em></span> <span class='ocrx_word' id='word_1_582' title='bbox 307 4350 387 4404; x_wconf 74' lang='grc' dir='ltr'><strong><em>Διὸ</em></strong></span> <span class='ocrx_word' id='word_1_583' title='bbox 420 4353 510 4405; x_wconf 78' lang='grc' dir='ltr'><em>καὶ</em></span> <span class='ocrx_word' id='word_1_584' title='bbox 536 4352 751 4422; x_wconf 76' lang='grc' dir='ltr'><em>ἐλέγχει</em></span> <span class='ocrx_word' id='word_1_585' title='bbox 782 4349 945 4405; x_wconf 78' lang='grc' dir='ltr'><em>αὐτοῦ</em></span> <span class='ocrx_word' id='word_1_586' title='bbox 967 4351 1027 4404; x_wconf 77' lang='grc' dir='ltr'><em>τὸ</em></span> <span class='ocrx_word' id='word_1_587' title='bbox 1058 4351 1241 4421; x_wconf 69' lang='grc' dir='ltr'><em>σχῆμα</em></span> <span class='ocrx_word' id='word_1_588' title='bbox 1260 4352 1326 4406; x_wconf 76' lang='grc' dir='ltr'><em>ἐκ</em></span> <span class='ocrx_word' id='word_1_589' title='bbox 1348 4350 1448 4420; x_wconf 83' lang='grc' dir='ltr'><em>τῆς</em></span> <span class='ocrx_word' id='word_1_590' title='bbox 1476 4349 1675 4416; x_wconf 78' lang='grc' dir='ltr'><em>ἔξωθεν</em></span> 
     </span>
    </p>
   </div>
   <div class='ocr_carea' id='block_1_81' title="bbox 1831 4349 3354 4423">
    <p class='ocr_par' dir='ltr' id='par_1_81' title="bbox 1836 4352 3354 4423">
     <span class='ocr_line' id='line_1_81' title="bbox 1836 4352 3354 4423; baseline 0 -19"><span class='ocrx_word' id='word_1_591' title='bbox 1836 4366 1898 4405; x_wconf 74' lang='lat' dir='ltr'><strong><em>on</em></strong></span> <span class='ocrx_word' id='word_1_592' title='bbox 1943 4353 2093 4405; x_wconf 88' lang='lat' dir='ltr'><strong><em>enim</em></strong></span> <span class='ocrx_word' id='word_1_593' title='bbox 2138 4352 2250 4423; x_wconf 88' lang='lat' dir='ltr'><strong><em>jam</em></strong></span> <span class='ocrx_word' id='word_1_594' title='bbox 2281 4352 2517 4423; x_wconf 75' lang='lat' dir='ltr'><strong><em>amplius</em></strong></span> <span class='ocrx_word' id='word_1_595' title='bbox 2541 4353 2694 4408; x_wconf 87' lang='lat' dir='ltr'><strong><em>nosci</em></strong></span> <span class='ocrx_word' id='word_1_596' title='bbox 2744 4360 2960 4423; x_wconf 84' lang='lat' dir='ltr'><strong><em>poterat</em></strong></span> <span class='ocrx_word' id='word_1_597' title='bbox 2989 4366 3240 4406; x_wconf 88' lang='lat' dir='ltr'><strong><em>summus</em></strong></span> <span class='ocrx_word' id='word_1_598' title='bbox 3264 4366 3354 4404; x_wconf 87' lang='lat' dir='ltr'><strong><em>sa-</em></strong></span> 
     </span>
    </p>
   </div>
   <div class='ocr_carea' id='block_1_82' title="bbox 162 4430 3357 4514">
    <p class='ocr_par' dir='ltr' id='par_1_82' title="bbox 162 4430 3357 4514">
     <span class='ocr_line' id='line_1_82' title="bbox 162 4430 3357 4514; baseline 0.002 -26"><span class='ocrx_word' id='word_1_599' title='bbox 162 4430 414 4504; x_wconf 78' lang='grc' dir='ltr'><em>διαοέσεως.</em></span> <span class='ocrx_word' id='word_1_600' title='bbox 1786 4443 1997 4509; x_wconf 82' lang='lat' dir='ltr'><strong><em>cerdos,</em></strong></span> <span class='ocrx_word' id='word_1_601' title='bbox 2030 4445 2173 4514; x_wconf 84' lang='lat' dir='ltr'><strong><em>quod</em></strong></span> <span class='ocrx_word' id='word_1_602' title='bbox 2194 4445 2350 4499; x_wconf 89' lang='lat' dir='ltr'><strong><em>multi</em></strong></span> <span class='ocrx_word' id='word_1_603' title='bbox 2382 4444 2455 4498; x_wconf 87' lang='lat' dir='ltr'><strong><em>ibi</em></strong></span> <span class='ocrx_word' id='word_1_604' title='bbox 2494 4444 2751 4499; x_wconf 88' lang='lat' dir='ltr'><strong><em>adessent</em></strong></span> <span class='ocrx_word' id='word_1_605' title='bbox 2797 4452 2962 4512; x_wconf 79' lang='lat' dir='ltr'><strong><em>atque</em></strong></span> <span class='ocrx_word' id='word_1_606' title='bbox 2993 4442 3215 4497; x_wconf 77' lang='lat' dir='ltr'><strong><em>diversi.</em></strong></span> <span class='ocrx_word' id='word_1_607' title='bbox 3257 4440 3357 4493; x_wconf 81' lang='lat' dir='ltr'><strong><em>Pa-</em></strong></span> 
     </span>
    </p>
   </div>
   <div class='ocr_carea' id='block_1_83' title="bbox 165 4522 3359 4606">
    <p class='ocr_par' dir='ltr' id='par_1_83' title="bbox 165 4522 3359 4606">
     <span class='ocr_line' id='line_1_83' title="bbox 165 4522 3359 4606; baseline 0.003 -30"><span class='ocrx_word' id='word_1_608' title='bbox 165 4522 315 4581; x_wconf 82' lang='lat' dir='ltr'><strong><em>rietem</em></strong></span> <span class='ocrx_word' id='word_1_609' title='bbox 341 4541 510 4587; x_wconf 90' lang='lat' dir='ltr'><strong><em>autem</em></strong></span> <span class='ocrx_word' id='word_1_610' title='bbox 538 4531 853 4589; x_wconf 83' lang='lat' dir='ltr'><strong><em>dealbatum</em></strong></span> <span class='ocrx_word' id='word_1_611' title='bbox 887 4546 1013 4588; x_wconf 87' lang='lat' dir='ltr'><strong><em>eum</em></strong></span> <span class='ocrx_word' id='word_1_612' title='bbox 1057 4539 1239 4598; x_wconf 72' lang='lat' dir='ltr'><strong><em>vocat,</em></strong></span> <span class='ocrx_word' id='word_1_613' title='bbox 1282 4531 1489 4588; x_wconf 88' lang='lat' dir='ltr'><strong><em>idcirco</em></strong></span> <span class='ocrx_word' id='word_1_614' title='bbox 1540 4532 1685 4601; x_wconf 88' lang='lat' dir='ltr'><strong><em>quod</em></strong></span> <span class='ocrx_word' id='word_1_615' title='bbox 1725 4534 2008 4603; x_wconf 76' lang='lat' dir='ltr'><strong><em>splendida</em></strong></span> <span class='ocrx_word' id='word_1_616' title='bbox 2037 4536 2219 4606; x_wconf 78' lang='lat' dir='ltr'><strong><em>specie</em></strong></span> <span class='ocrx_word' id='word_1_617' title='bbox 2250 4545 2414 4606; x_wconf 89' lang='lat' dir='ltr'><strong><em>atque</em></strong></span> <span class='ocrx_word' id='word_1_618' title='bbox 2438 4549 2666 4605; x_wconf 87' lang='lat' dir='ltr'><strong><em>persona</em></strong></span> <span class='ocrx_word' id='word_1_619' title='bbox 2704 4535 2964 4605; x_wconf 72' lang='lat' dir='ltr'><strong><em>praeditus</em></strong></span> <span class='ocrx_word' id='word_1_620' title='bbox 2988 4542 3150 4599; x_wconf 80' lang='lat' dir='ltr'><strong><em>esset,</em></strong></span> <span class='ocrx_word' id='word_1_621' title='bbox 3204 4542 3359 4602; x_wconf 88' lang='lat' dir='ltr'><strong><em>utpo-</em></strong></span> 
     </span>
    </p>
   </div>
   <div class='ocr_carea' id='block_1_84' title="bbox 166 4621 3357 4700">
    <p class='ocr_par' dir='ltr' id='par_1_84' title="bbox 166 4621 3357 4700">
     <span class='ocr_line' id='line_1_84' title="bbox 166 4621 3357 4700; baseline 0.003 -27"><span class='ocrx_word' id='word_1_622' title='bbox 166 4621 329 4693; x_wconf 74' lang='lat' dir='ltr'><strong><em>telegis</em></strong></span> <span class='ocrx_word' id='word_1_623' title='bbox 352 4625 555 4692; x_wconf 80' lang='lat' dir='ltr'><strong><em>vindex,</em></strong></span> <span class='ocrx_word' id='word_1_624' title='bbox 587 4638 641 4685; x_wconf 89' lang='lat' dir='ltr'><strong><em>et</em></strong></span> <span class='ocrx_word' id='word_1_625' title='bbox 665 4629 781 4700; x_wconf 82' lang='lat' dir='ltr'><strong><em>lege</em></strong></span> <span class='ocrx_word' id='word_1_626' title='bbox 811 4628 1087 4700; x_wconf 84' lang='lat' dir='ltr'><strong><em>judicans,</em></strong></span> <span class='ocrx_word' id='word_1_627' title='bbox 1126 4629 1221 4685; x_wconf 83' lang='lat' dir='ltr'><strong><em>sed</em></strong></span> <span class='ocrx_word' id='word_1_628' title='bbox 1249 4643 1404 4684; x_wconf 91' lang='lat' dir='ltr'><strong><em>mens</em></strong></span> <span class='ocrx_word' id='word_1_629' title='bbox 1442 4627 1563 4696; x_wconf 85' lang='lat' dir='ltr'><strong><em>ejus</em></strong></span> <span class='ocrx_word' id='word_1_630' title='bbox 1595 4628 1741 4683; x_wconf 85' lang='lat' dir='ltr'><strong><em>vitiis</em></strong></span> <span class='ocrx_word' id='word_1_631' title='bbox 1769 4637 1931 4700; x_wconf 81' lang='lat' dir='ltr'><strong><em>atque</em></strong></span> <span class='ocrx_word' id='word_1_632' title='bbox 1996 4631 2293 4687; x_wconf 84' lang='lat' dir='ltr'><strong><em>sceleribus</em></strong></span> <span class='ocrx_word' id='word_1_633' title='bbox 2350 4629 2698 4686; x_wconf 79' lang='lat' dir='ltr'><strong><em>redundaret.</em></strong></span> <span class='ocrx_word' id='word_1_634' title='bbox 2760 4627 3125 4695; x_wconf 87' lang='lat' dir='ltr'><strong><em>Quamobrem</em></strong></span> <span class='ocrx_word' id='word_1_635' title='bbox 3193 4628 3357 4683; x_wconf 84' lang='lat' dir='ltr'><strong><em>etiam</em></strong></span> 
     </span>
    </p>
   </div>
   <div class='ocr_carea' id='block_1_85' title="bbox 166 4709 2047 4791">
    <p class='ocr_par' dir='ltr' id='par_1_85' title="bbox 166 4709 2047 4791">
     <span class='ocr_line' id='line_1_85' title="bbox 166 4709 2047 4791; baseline 0.006 -28"><span class='ocrx_word' id='word_1_636' title='bbox 166 4709 356 4772; x_wconf 80' lang='lat' dir='ltr'><strong><em>habitum</em></strong></span> <span class='ocrx_word' id='word_1_637' title='bbox 380 4720 489 4790; x_wconf 84' lang='lat' dir='ltr'><strong><em>ejus</em></strong></span> <span class='ocrx_word' id='word_1_638' title='bbox 513 4720 782 4791; x_wconf 80' lang='lat' dir='ltr'><strong><em>insignem</em></strong></span> <span class='ocrx_word' id='word_1_639' title='bbox 803 4718 981 4790; x_wconf 78' lang='lat' dir='ltr'><strong><em>arguit</em></strong></span> <span class='ocrx_word' id='word_1_640' title='bbox 1008 4734 1071 4774; x_wconf 90' lang='lat' dir='ltr'><strong><em>ac</em></strong></span> <span class='ocrx_word' id='word_1_641' title='bbox 1102 4717 1450 4789; x_wconf 86' lang='lat' dir='ltr'><strong><em>reprehendit</em></strong></span> <span class='ocrx_word' id='word_1_642' title='bbox 1478 4718 1547 4773; x_wconf 86' lang='lat' dir='ltr'><strong><em>ab</em></strong></span> <span class='ocrx_word' id='word_1_643' title='bbox 1577 4728 1803 4774; x_wconf 72' lang='lat' dir='ltr'><strong><em>externo</em></strong></span> <span class='ocrx_word' id='word_1_644' title='bbox 1826 4720 2047 4775; x_wconf 80' lang='lat' dir='ltr'><strong><em>allectu.</em></strong></span> 
     </span>
    </p>
   </div>
   <div class='ocr_carea' id='block_1_86' title="bbox 221 4822 1744 4906">
    <p class='ocr_par' dir='ltr' id='par_1_86' title="bbox 221 4822 1744 4906">
     <span class='ocr_line' id='line_1_86' title="bbox 221 4822 1744 4906; baseline 0.001 -24"><span class='ocrx_word' id='word_1_645' title='bbox 221 4832 385 4899; x_wconf 82' lang='grc' dir='ltr'><em>Γνοὺς</em></span> <span class='ocrx_word' id='word_1_646' title='bbox 410 4836 474 4890; x_wconf 84' lang='grc' dir='ltr'><em>δὲ</em></span> <span class='ocrx_word' id='word_1_647' title='bbox 497 4840 528 4892; x_wconf 85' lang='grc' dir='ltr'><em>ό</em></span> <span class='ocrx_word' id='word_1_648' title='bbox 553 4836 798 4902; x_wconf 84' lang='grc' dir='ltr'><em>Παῦλος</em></span> <span class='ocrx_word' id='word_1_649' title='bbox 825 4833 916 4888; x_wconf 82' lang='grc' dir='ltr'><em>ὅτι</em></span> <span class='ocrx_word' id='word_1_650' title='bbox 954 4834 1021 4888; x_wconf 84' lang='grc' dir='ltr'><em>τὸ</em></span> <span class='ocrx_word' id='word_1_651' title='bbox 1049 4834 1119 4889; x_wconf 81' lang='grc' dir='ltr'><em>ἐν</em></span> <span class='ocrx_word' id='word_1_652' title='bbox 1153 4834 1335 4906; x_wconf 80' lang='grc' dir='ltr'><em>μέρος</em></span> <span class='ocrx_word' id='word_1_653' title='bbox 1373 4834 1502 4888; x_wconf 75' lang='grc' dir='ltr'><em>ἐστὶ</em></span> <span class='ocrx_word' id='word_1_654' title='bbox 1529 4835 1682 4889; x_wconf 87' lang='grc' dir='ltr'><em>Σαδ-</em></span> <span class='ocrx_word' id='word_1_655' title='bbox 1720 4822 1744 4884; x_wconf 79' lang='grc' dir='ltr'><strong>Ι</strong></span> 
     </span>
    </p>
   </div>
   <div class='ocr_carea' id='block_1_87' title="bbox 1838 4822 3361 4906">
    <p class='ocr_par' dir='ltr' id='par_1_87' title="bbox 1865 4830 3361 4900">
     <span class='ocr_line' id='line_1_87' title="bbox 1865 4830 3361 4900; baseline -0.003 -9"><span class='ocrx_word' id='word_1_656' title='bbox 1865 4837 2030 4892; x_wconf 66' lang='lat' dir='ltr'><strong><em>Vnus.</em></strong></span> <span class='ocrx_word' id='word_1_657' title='bbox 2075 4834 2125 4890; x_wconf 91' lang='lat'><strong><em>6.</em></strong></span> <span class='ocrx_word' id='word_1_658' title='bbox 2166 4834 2336 4889; x_wconf 91' lang='lat' dir='ltr'><strong><em>Porro</em></strong></span> <span class='ocrx_word' id='word_1_659' title='bbox 2374 4833 2542 4888; x_wconf 82' lang='lat' dir='ltr'><strong><em>sciens</em></strong></span> <span class='ocrx_word' id='word_1_660' title='bbox 2581 4830 2784 4886; x_wconf 81' lang='lat' dir='ltr'><strong><em>Paulus</em></strong></span> <span class='ocrx_word' id='word_1_661' title='bbox 2821 4848 2979 4886; x_wconf 86' lang='lat' dir='ltr'><strong><em>unam</em></strong></span> <span class='ocrx_word' id='word_1_662' title='bbox 3018 4841 3222 4900; x_wconf 87' lang='lat' dir='ltr'><strong><em>partem</em></strong></span> <span class='ocrx_word' id='word_1_663' title='bbox 3253 4848 3361 4886; x_wconf 87' lang='lat' dir='ltr'><strong><em>esse</em></strong></span> 
     </span>
    </p>
   </div>
   <div class='ocr_carea' id='block_1_88' title="bbox 169 4915 1692 4995">
    <p class='ocr_par' dir='ltr' id='par_1_88' title="bbox 169 4915 1686 4995">
     <span class='ocr_line' id='line_1_88' title="bbox 169 4915 1686 4995; baseline 0.005 -26"><span class='ocrx_word' id='word_1_664' title='bbox 169 4915 432 4987; x_wconf 77' lang='grc' dir='ltr'><em>ὄουκαίων.</em></span> <span class='ocrx_word' id='word_1_665' title='bbox 480 4927 543 4980; x_wconf 84' lang='grc' dir='ltr'><em>τό</em></span> <span class='ocrx_word' id='word_1_666' title='bbox 576 4926 645 4980; x_wconf 80' lang='grc' dir='ltr'><em>δὲ</em></span> <span class='ocrx_word' id='word_1_667' title='bbox 695 4925 902 4995; x_wconf 78' lang='grc' dir='ltr'><em>ἕτερον</em></span> <span class='ocrx_word' id='word_1_668' title='bbox 939 4925 1297 4994; x_wconf 83' lang='grc' dir='ltr'><em>Φαρισαίων,</em></span> <span class='ocrx_word' id='word_1_669' title='bbox 1332 4922 1585 4991; x_wconf 76' lang='grc' dir='ltr'><em>ἔκραξεν</em></span> <span class='ocrx_word' id='word_1_670' title='bbox 1616 4924 1686 4978; x_wconf 81' lang='grc' dir='ltr'><em>ἐν</em></span> 
     </span>
    </p>
   </div>
   <div class='ocr_carea' id='block_1_89' title="bbox 1838 4915 3361 4995">
    <p class='ocr_par' dir='ltr' id='par_1_89' title="bbox 1838 4921 3361 4991">
     <span class='ocr_line' id='line_1_89' title="bbox 1838 4921 3361 4991; baseline -0.003 -12"><span class='ocrx_word' id='word_1_671' title='bbox 1838 4926 2231 4987; x_wconf 76' lang='lat' dir='ltr'><strong><em>adducworum,</em></strong></span> <span class='ocrx_word' id='word_1_672' title='bbox 2257 4922 2480 4978; x_wconf 81' lang='lat' dir='ltr'><strong><em>alteram</em></strong></span> <span class='ocrx_word' id='word_1_673' title='bbox 2511 4938 2629 4976; x_wconf 78' lang='lat' dir='ltr'><strong><em>vero</em></strong></span> <span class='ocrx_word' id='word_1_674' title='bbox 2665 4921 3075 4987; x_wconf 76' lang='lat' dir='ltr'><strong><em>Pharisceorum,</em></strong></span> <span class='ocrx_word' id='word_1_675' title='bbox 3106 4925 3361 4991; x_wconf 80' lang='lat' dir='ltr'><strong><em>vocifera-</em></strong></span> 
     </span>
    </p>
   </div>
   <div class='ocr_carea' id='block_1_90' title="bbox 168 5007 1691 5089">
    <p class='ocr_par' dir='ltr' id='par_1_90' title="bbox 168 5007 1686 5087">
     <span class='ocr_line' id='line_1_90' title="bbox 168 5007 1686 5087; baseline 0.014 -23"><span class='ocrx_word' id='word_1_676' title='bbox 168 5007 226 5072; x_wconf 76' lang='grc' dir='ltr'><em>τῷ</em></span> <span class='ocrx_word' id='word_1_677' title='bbox 253 5016 519 5086; x_wconf 83' lang='grc' dir='ltr'><em>συνεδρίῳ</em></span> <span class='ocrx_word' id='word_1_678' title='bbox 542 5035 555 5050; x_wconf 71' lang='grc'><strong><em>⁸</em></strong></span> <span class='ocrx_word' id='word_1_679' title='bbox 608 5016 852 5087; x_wconf 79' lang='grc' dir='ltr'><em>Ἄνδρες</em></span> <span class='ocrx_word' id='word_1_680' title='bbox 888 5016 1162 5086; x_wconf 69' lang='grc' dir='ltr'><em>ἀδελφοὶ,</em></span> <span class='ocrx_word' id='word_1_681' title='bbox 1201 5014 1317 5086; x_wconf 74' lang='grc' dir='ltr'><strong><em>ἐγὼ</em></strong></span> <span class='ocrx_word' id='word_1_682' title='bbox 1360 5014 1686 5083; x_wconf 77' lang='grc' dir='ltr'><em>Φαρισαῖός</em></span> 
     </span>
    </p>
   </div>
   <div class='ocr_carea' id='block_1_91' title="bbox 1834 5007 3357 5089">
    <p class='ocr_par' dir='ltr' id='par_1_91' title="bbox 1834 5017 3357 5089">
     <span class='ocr_line' id='line_1_91' title="bbox 1834 5017 3357 5089; baseline -0.001 -16"><span class='ocrx_word' id='word_1_683' title='bbox 1834 5037 1877 5074; x_wconf 78' lang='lat' dir='ltr'><strong><em>ts</em></strong></span> <span class='ocrx_word' id='word_1_684' title='bbox 1901 5028 1975 5073; x_wconf 88' lang='lat' dir='ltr'><strong><em>est</em></strong></span> <span class='ocrx_word' id='word_1_685' title='bbox 2000 5021 2053 5072; x_wconf 85' lang='lat' dir='ltr'><strong><em>in</em></strong></span> <span class='ocrx_word' id='word_1_686' title='bbox 2085 5019 2306 5073; x_wconf 84' lang='lat' dir='ltr'><strong><em>concilio</em></strong></span> <span class='ocrx_word' id='word_1_687' title='bbox 2331 5035 2351 5073; x_wconf 89' lang='lat'><strong><em>:</em></strong></span> <span class='ocrx_word' id='word_1_688' title='bbox 2390 5017 2503 5072; x_wconf 80' lang='lat' dir='ltr'><strong><em>Viri</em></strong></span> <span class='ocrx_word' id='word_1_689' title='bbox 2523 5021 2736 5089; x_wconf 81' lang='lat' dir='ltr'><strong><em>fratres,</em></strong></span> <span class='ocrx_word' id='word_1_690' title='bbox 2771 5034 2864 5087; x_wconf 88' lang='lat' dir='ltr'><strong><em>ego</em></strong></span> <span class='ocrx_word' id='word_1_691' title='bbox 2896 5017 3192 5072; x_wconf 69' lang='lat' dir='ltr'><strong><em>Pharisa&#39;us</em></strong></span> <span class='ocrx_word' id='word_1_692' title='bbox 3218 5035 3357 5080; x_wconf 84' lang='lat' dir='ltr'><strong><em>sum.</em></strong></span> 
     </span>
    </p>
   </div>
   <div class='ocr_carea' id='block_1_92' title="bbox 169 5093 1692 5179">
    <p class='ocr_par' dir='ltr' id='par_1_92' title="bbox 169 5102 1685 5179">
     <span class='ocr_line' id='line_1_92' title="bbox 169 5102 1685 5179; baseline 0.005 -25"><span class='ocrx_word' id='word_1_693' title='bbox 169 5102 253 5167; x_wconf 75' lang='grc' dir='ltr'><em>εἰμι</em></span> <span class='ocrx_word' id='word_1_694' title='bbox 276 5108 389 5173; x_wconf 84' lang='grc' dir='ltr'><em>υίὸς</em></span> <span class='ocrx_word' id='word_1_695' title='bbox 420 5110 741 5179; x_wconf 84' lang='grc' dir='ltr'><em>Φαρισαίου</em></span> <span class='ocrx_word' id='word_1_696' title='bbox 769 5127 782 5142; x_wconf 88' lang='grc'>·</span> <span class='ocrx_word' id='word_1_697' title='bbox 827 5108 961 5177; x_wconf 77' lang='grc' dir='ltr'><em>περὶ</em></span> <span class='ocrx_word' id='word_1_698' title='bbox 989 5107 1231 5175; x_wconf 76' lang='grc' dir='ltr'><em>ἐλπίδος</em></span> <span class='ocrx_word' id='word_1_699' title='bbox 1267 5106 1368 5161; x_wconf 81' lang='grc' dir='ltr'><em>καὶ</em></span> <span class='ocrx_word' id='word_1_700' title='bbox 1414 5108 1685 5162; x_wconf 79' lang='grc' dir='ltr'><em>ἀναστά-</em></span> 
     </span>
    </p>
   </div>
   <div class='ocr_carea' id='block_1_93' title="bbox 1838 5093 3361 5179">
    <p class='ocr_par' dir='ltr' id='par_1_93' title="bbox 1838 5093 3361 5179">
     <span class='ocr_line' id='line_1_93' title="bbox 1838 5093 3361 5179; baseline -0.001 -16"><span class='ocrx_word' id='word_1_701' title='bbox 1838 5120 1949 5179; x_wconf 87' lang='lat' dir='ltr'><strong><em>tque</em></strong></span> <span class='ocrx_word' id='word_1_702' title='bbox 1977 5093 2137 5164; x_wconf 77' lang='lat' dir='ltr'><strong><em>etiam</em></strong></span> <span class='ocrx_word' id='word_1_703' title='bbox 2178 5109 2436 5164; x_wconf 64' lang='lat' dir='ltr'><strong><em>Pharisa’i</em></strong></span> <span class='ocrx_word' id='word_1_704' title='bbox 2465 5109 2609 5179; x_wconf 82' lang='lat' dir='ltr'><strong><em>ﬁlius</em></strong></span> <span class='ocrx_word' id='word_1_705' title='bbox 2632 5124 2649 5162; x_wconf 86' lang='lat'><strong><em>:</em></strong></span> <span class='ocrx_word' id='word_1_706' title='bbox 2675 5109 2740 5163; x_wconf 89' lang='lat' dir='ltr'><strong><em>de</em></strong></span> <span class='ocrx_word' id='word_1_707' title='bbox 2766 5123 2856 5177; x_wconf 85' lang='lat' dir='ltr'><strong><em>spe</em></strong></span> <span class='ocrx_word' id='word_1_708' title='bbox 2886 5118 2937 5162; x_wconf 90' lang='lat' dir='ltr'><strong><em>et</em></strong></span> <span class='ocrx_word' id='word_1_709' title='bbox 2987 5123 3223 5161; x_wconf 69' lang='lat' dir='ltr'><strong><em>resurrec</em></strong></span> <span class='ocrx_word' id='word_1_710' title='bbox 3246 5108 3361 5162; x_wconf 80' lang='lat' dir='ltr'><strong><em>ioue</em></strong></span> 
     </span>
    </p>
   </div>
   <div class='ocr_carea' id='block_1_94' title="bbox 170 5198 1693 5271">
    <p class='ocr_par' dir='ltr' id='par_1_94' title="bbox 170 5198 986 5271">
     <span class='ocr_line' id='line_1_94' title="bbox 170 5198 986 5271; baseline 0.011 -28"><span class='ocrx_word' id='word_1_711' title='bbox 170 5205 289 5261; x_wconf 87' lang='grc' dir='ltr'><em>σεως</em></span> <span class='ocrx_word' id='word_1_712' title='bbox 313 5198 526 5268; x_wconf 77' lang='grc' dir='ltr'><em>νεκρῶν</em></span> <span class='ocrx_word' id='word_1_713' title='bbox 546 5200 661 5271; x_wconf 80' lang='grc' dir='ltr'><strong><em>ἐγὼ</em></strong></span> <span class='ocrx_word' id='word_1_714' title='bbox 693 5201 986 5269; x_wconf 81' lang='grc' dir='ltr'><em>κρίνομαι.</em></span> 
     </span>
    </p>
   </div>
   <div class='ocr_carea' id='block_1_95' title="bbox 1151 5198 2674 5271">
    <p class='ocr_par' dir='ltr' id='par_1_95' title="bbox 1796 5198 2674 5270">
     <span class='ocr_line' id='line_1_95' title="bbox 1796 5198 2674 5270; baseline 0 -16"><span class='ocrx_word' id='word_1_715' title='bbox 1796 5211 2127 5255; x_wconf 86' lang='lat' dir='ltr'><strong><em>mortuorum</em></strong></span> <span class='ocrx_word' id='word_1_716' title='bbox 2160 5215 2255 5270; x_wconf 89' lang='lat' dir='ltr'><strong><em>ego</em></strong></span> <span class='ocrx_word' id='word_1_717' title='bbox 2287 5215 2507 5254; x_wconf 88' lang='lat' dir='ltr'><strong><em>causam</em></strong></span> <span class='ocrx_word' id='word_1_718' title='bbox 2536 5198 2674 5254; x_wconf 87' lang='lat' dir='ltr'><strong><em>dico.</em></strong></span> 
     </span>
    </p>
   </div>
   <div class='ocr_carea' id='block_1_96' title="bbox 228 5307 1751 5382">
    <p class='ocr_par' dir='ltr' id='par_1_96' title="bbox 228 5308 1691 5382">
     <span class='ocr_line' id='line_1_96' title="bbox 228 5308 1691 5382; baseline 0.001 -21"><span class='ocrx_word' id='word_1_719' title='bbox 228 5309 381 5364; x_wconf 83' lang='grc' dir='ltr'><em>Τοῦτο</em></span> <span class='ocrx_word' id='word_1_720' title='bbox 426 5313 491 5367; x_wconf 73' lang='grc' dir='ltr'><strong><em>δέ</em></strong></span> <span class='ocrx_word' id='word_1_721' title='bbox 539 5312 735 5370; x_wconf 78' lang='grc' dir='ltr'><em>αὐτοῦ</em></span> <span class='ocrx_word' id='word_1_722' title='bbox 755 5312 1164 5380; x_wconf 78' lang='grc' dir='ltr'><em>λαλήσαντος,</em></span> <span class='ocrx_word' id='word_1_723' title='bbox 1198 5313 1437 5382; x_wconf 77' lang='grc' dir='ltr'><em>ἐγένετο</em></span> <span class='ocrx_word' id='word_1_724' title='bbox 1472 5308 1691 5374; x_wconf 83' lang='grc' dir='ltr'><em>στάσις</em></span> 
     </span>
    </p>
   </div>
   <div class='ocr_carea' id='block_1_97' title="bbox 1836 5307 3359 5382">
    <p class='ocr_par' dir='ltr' id='par_1_97' title="bbox 1866 5307 3359 5378">
     <span class='ocr_line' id='line_1_97' title="bbox 1866 5307 3359 5378; baseline -0.001 -14"><span class='ocrx_word' id='word_1_725' title='bbox 1866 5312 2026 5367; x_wconf 72' lang='grc' dir='ltr'><em>νεεδ.</em></span> <span class='ocrx_word' id='word_1_726' title='bbox 2067 5312 2123 5366; x_wconf 87' lang='lat'><strong><em>7.</em></strong></span> <span class='ocrx_word' id='word_1_727' title='bbox 2160 5311 2312 5378; x_wconf 84' lang='lat' dir='ltr'><strong><em>Quod</em></strong></span> <span class='ocrx_word' id='word_1_728' title='bbox 2345 5312 2433 5366; x_wconf 88' lang='lat' dir='ltr'><strong><em>ubi</em></strong></span> <span class='ocrx_word' id='word_1_729' title='bbox 2469 5311 2674 5366; x_wconf 88' lang='lat' dir='ltr'><strong><em>locutus</em></strong></span> <span class='ocrx_word' id='word_1_730' title='bbox 2694 5320 2805 5377; x_wconf 88' lang='lat' dir='ltr'><strong><em>est,</em></strong></span> <span class='ocrx_word' id='word_1_731' title='bbox 2854 5320 2970 5363; x_wconf 86' lang='lat' dir='ltr'><strong><em>orta</em></strong></span> <span class='ocrx_word' id='word_1_732' title='bbox 3000 5319 3076 5363; x_wconf 89' lang='lat' dir='ltr'><strong><em>est</em></strong></span> <span class='ocrx_word' id='word_1_733' title='bbox 3109 5307 3359 5363; x_wconf 85' lang='lat' dir='ltr'><strong><em>dissensio</em></strong></span> 
     </span>
    </p>
   </div>
   <div class='ocr_carea' id='block_1_98' title="bbox 174 5395 1697 5471">
    <p class='ocr_par' dir='ltr' id='par_1_98' title="bbox 174 5395 1687 5471">
     <span class='ocr_line' id='line_1_98' title="bbox 174 5395 1687 5471; baseline 0.001 -17"><span class='ocrx_word' id='word_1_734' title='bbox 174 5395 264 5450; x_wconf 76' lang='grc' dir='ltr'><strong><em>τῶν</em></strong></span> <span class='ocrx_word' id='word_1_735' title='bbox 283 5404 592 5471; x_wconf 71' lang='grc' dir='ltr'><em>Φαρισαίων</em></span> <span class='ocrx_word' id='word_1_736' title='bbox 622 5407 721 5461; x_wconf 75' lang='grc' dir='ltr'><strong><em>καί</em></strong></span> <span class='ocrx_word' id='word_1_737' title='bbox 755 5408 796 5440; x_wconf 82' lang='lat'><strong>&quot;</strong></span> <span class='ocrx_word' id='word_1_738' title='bbox 826 5403 1266 5468; x_wconf 82' lang='grc' dir='ltr'><em>Σαδδουκαίων,</em></span> <span class='ocrx_word' id='word_1_739' title='bbox 1298 5402 1395 5457; x_wconf 77' lang='grc' dir='ltr'><strong><em>καί</em></strong></span> <span class='ocrx_word' id='word_1_740' title='bbox 1428 5400 1687 5469; x_wconf 76' lang='grc' dir='ltr'><em>ἐσχίσθη</em></span> 
     </span>
    </p>
   </div>
   <div class='ocr_carea' id='block_1_99' title="bbox 1832 5395 3355 5471">
    <p class='ocr_par' dir='ltr' id='par_1_99' title="bbox 1832 5399 3355 5470">
     <span class='ocr_line' id='line_1_99' title="bbox 1832 5399 3355 5470; baseline -0.003 -13"><span class='ocrx_word' id='word_1_741' title='bbox 1832 5412 1934 5457; x_wconf 64' lang='lat' dir='ltr'><strong><em>iter</em></strong></span> <span class='ocrx_word' id='word_1_742' title='bbox 1953 5403 2250 5458; x_wconf 73' lang='lat' dir='ltr'><strong><em>Pltariswos</em></strong></span> <span class='ocrx_word' id='word_1_743' title='bbox 2271 5413 2318 5458; x_wconf 89' lang='lat' dir='ltr'><strong><em>et</em></strong></span> <span class='ocrx_word' id='word_1_744' title='bbox 2337 5402 2672 5470; x_wconf 75' lang='lat' dir='ltr'><strong><em>Sadducwos,</em></strong></span> <span class='ocrx_word' id='word_1_745' title='bbox 2693 5412 2742 5457; x_wconf 86' lang='lat' dir='ltr'><strong><em>et</em></strong></span> <span class='ocrx_word' id='word_1_746' title='bbox 2768 5399 3047 5455; x_wconf 88' lang='lat' dir='ltr'><strong><em>multitudo</em></strong></span> <span class='ocrx_word' id='word_1_747' title='bbox 3071 5400 3238 5454; x_wconf 80' lang='lat' dir='ltr'><strong><em>divisa</em></strong></span> <span class='ocrx_word' id='word_1_748' title='bbox 3258 5408 3355 5454; x_wconf 86' lang='lat' dir='ltr'><strong><em>est.</em></strong></span> 
     </span>
    </p>
   </div>
   <div class='ocr_carea' id='block_1_100' title="bbox 175 5488 472 5549">
    <p class='ocr_par' dir='ltr' id='par_1_100' title="bbox 175 5488 472 5549">
     <span class='ocr_line' id='line_1_100' title="bbox 175 5488 472 5549; baseline 0.047 -14"><span class='ocrx_word' id='word_1_749' title='bbox 175 5488 226 5538; x_wconf 88' lang='grc' dir='ltr'><em>τὸ</em></span> <span class='ocrx_word' id='word_1_750' title='bbox 247 5492 472 5549; x_wconf 77' lang='grc' dir='ltr'><em>πλῆθος.</em></span> 
     </span>
    </p>
   </div>
   <div class='ocr_carea' id='block_1_101' title="bbox 320 5510 2213 5651">
    <p class='ocr_par' dir='ltr' id='par_1_101' title="bbox 320 5510 2213 5651">
     <span class='ocr_line' id='line_1_101' title="bbox 320 5510 472 5563; baseline 0.013 -16"><span class='ocrx_word' id='word_1_751' title='bbox 320 5510 472 5563; x_wconf 85' lang='grc' dir='ltr'><em>ηυος.</em></span> 
     </span>
     <span class='ocr_line' id='line_1_102' title="bbox 1330 5586 2213 5651; baseline 0 -2"><span class='ocrx_word' id='word_1_752' title='bbox 1330 5586 1531 5651; x_wconf 61' lang='lat' dir='ltr'><strong><em>Variae</em></strong></span> <span class='ocrx_word' id='word_1_753' title='bbox 1565 5586 1874 5650; x_wconf 89' lang='lat' dir='ltr'><strong><em>lectiones</em></strong></span> <span class='ocrx_word' id='word_1_754' title='bbox 1919 5593 1982 5647; x_wconf 84' lang='lat' dir='ltr'><strong><em>et</em></strong></span> <span class='ocrx_word' id='word_1_755' title='bbox 2023 5593 2213 5649; x_wconf 72' lang='lat' dir='ltr'><strong><em>notua.</em></strong></span> 
     </span>
    </p>
   </div>
   <div class='ocr_carea' id='block_1_102' title="bbox 231 5702 1754 5787">
    <p class='ocr_par' dir='ltr' id='par_1_102' title="bbox 231 5704 1742 5787">
     <span class='ocr_line' id='line_1_103' title="bbox 231 5704 1742 5787; baseline 0.002 -25"><span class='ocrx_word' id='word_1_756' title='bbox 231 5704 338 5787; x_wconf 57' lang='lat' dir='ltr'><strong><em>&quot;in</em></strong></span> <span class='ocrx_word' id='word_1_757' title='bbox 370 5728 462 5767; x_wconf 81' lang='lat' dir='ltr'><strong><em>uno</em></strong></span> <span class='ocrx_word' id='word_1_758' title='bbox 486 5715 689 5787; x_wconf 78' lang='lat' dir='ltr'><strong><em>vulgato</em></strong></span> <span class='ocrx_word' id='word_1_759' title='bbox 710 5715 998 5787; x_wconf 70' lang='lat' dir='ltr'><strong><em>exemplari</em></strong></span> <span class='ocrx_word' id='word_1_760' title='bbox 1052 5723 1152 5787; x_wconf 66' lang='lat' dir='ltr'><strong><em>est,</em></strong></span> <span class='ocrx_word' id='word_1_761' title='bbox 1180 5714 1563 5787; x_wconf 65' lang='grc' dir='ltr'><em>κατηγορεῖτο.</em></span> <span class='ocrx_word' id='word_1_762' title='bbox 1676 5712 1742 5744; x_wconf 77' lang='grc'><strong><em>⁸³·</em></strong></span> 
     </span>
    </p>
   </div>
   <div class='ocr_carea' id='block_1_103' title="bbox 1835 5702 3358 5787">
    <p class='ocr_par' dir='ltr' id='par_1_103' title="bbox 1835 5702 3358 5787">
     <span class='ocr_line' id='line_1_104' title="bbox 1835 5702 3358 5787; baseline -0.005 -22"><span class='ocrx_word' id='word_1_763' title='bbox 1835 5712 2088 5787; x_wconf 26' lang='lat' dir='ltr'><strong><em>t‘uulgatis</em></strong></span> <span class='ocrx_word' id='word_1_764' title='bbox 2125 5728 2226 5787; x_wconf 72' lang='lat' dir='ltr'><strong><em>non</em></strong></span> <span class='ocrx_word' id='word_1_765' title='bbox 2273 5718 2370 5774; x_wconf 83' lang='lat' dir='ltr'><strong><em>est,</em></strong></span> <span class='ocrx_word' id='word_1_766' title='bbox 2425 5710 2582 5787; x_wconf 68' lang='grc' dir='ltr'><em>πρδς.</em></span> <span class='ocrx_word' id='word_1_767' title='bbox 2683 5708 2738 5787; x_wconf 44' lang='grc' dir='ltr'><strong><em>,ξ’</em></strong></span> <span class='ocrx_word' id='word_1_768' title='bbox 2765 5709 2933 5787; x_wconf 70' lang='grc' dir='ltr'><em>τεῐχε,</em></span> <span class='ocrx_word' id='word_1_769' title='bbox 2958 5714 3097 5763; x_wconf 84' lang='lat' dir='ltr'><strong><em>erat.</em></strong></span> <span class='ocrx_word' id='word_1_770' title='bbox 3190 5702 3240 5739; x_wconf 75' lang='lat'><strong>“</strong></span> <span class='ocrx_word' id='word_1_771' title='bbox 3269 5720 3358 5787; x_wconf 71' lang='grc' dir='ltr'><strong><em>με,</em></strong></span> 
     </span>
    </p>
   </div>
   <div class='ocr_carea' id='block_1_104' title="bbox 183 5771 1706 5867">
    <p class='ocr_par' dir='ltr' id='par_1_104' title="bbox 183 5771 1706 5867">
     <span class='ocr_line' id='line_1_105' title="bbox 183 5771 1706 5867; baseline 0.005 -38"><span class='ocrx_word' id='word_1_772' title='bbox 183 5771 465 5867; x_wconf 51' lang='grc' dir='ltr'><em>έςξὶςετιψιν</em></span> <span class='ocrx_word' id='word_1_773' title='bbox 486 5790 537 5865; x_wconf 71' lang='lat' dir='ltr'><strong><em>in</em></strong></span> <span class='ocrx_word' id='word_1_774' title='bbox 570 5771 945 5867; x_wconf 53' lang='lat' dir='ltr'><strong><em>manusct&#39;ip&#39;to.</em></strong></span> <span class='ocrx_word' id='word_1_775' title='bbox 995 5854 1019 5865; x_wconf 36' lang='grc'>⁸</span> <span class='ocrx_word' id='word_1_776' title='bbox 1056 5787 1101 5816; x_wconf 74' lang='grc'>⁸⁸</span> <span class='ocrx_word' id='word_1_777' title='bbox 1126 5771 1189 5838; x_wconf 73' lang='lat' dir='ltr'><strong><em>lu</em></strong></span> <span class='ocrx_word' id='word_1_778' title='bbox 1214 5771 1459 5854; x_wconf 78' lang='lat' dir='ltr'><strong><em>vulgatis,</em></strong></span> <span class='ocrx_word' id='word_1_779' title='bbox 1491 5783 1593 5853; x_wconf 74' lang='grc' dir='ltr'><strong><em>ἔφη</em></strong></span> <span class='ocrx_word' id='word_1_780' title='bbox 1626 5798 1706 5836; x_wconf 76' lang='grc' dir='ltr'><strong><em>τε.</em></strong></span> 
     </span>
    </p>
   </div>
   <div class='ocr_carea' id='block_1_105' title="bbox 1835 5771 3358 5867">
    <p class='ocr_par' dir='ltr' id='par_1_105' title="bbox 1838 5771 3358 5851">
     <span class='ocr_line' id='line_1_106' title="bbox 1838 5771 3358 5851; baseline -0.008 -12"><span class='ocrx_word' id='word_1_781' title='bbox 1838 5785 1883 5816; x_wconf 74' lang='grc'><strong><em>⁵⁸</em></strong></span> <span class='ocrx_word' id='word_1_782' title='bbox 1911 5771 2115 5851; x_wconf 66' lang='lat' dir='ltr'><strong><em>Opinor</em></strong></span> <span class='ocrx_word' id='word_1_783' title='bbox 2156 5782 2239 5835; x_wconf 75' lang='lat' dir='ltr'><strong><em>hic</em></strong></span> <span class='ocrx_word' id='word_1_784' title='bbox 2282 5771 2615 5849; x_wconf 74' lang='lat' dir='ltr'><strong><em>repetendam</em></strong></span> <span class='ocrx_word' id='word_1_785' title='bbox 2659 5771 2961 5845; x_wconf 68' lang='lat' dir='ltr'><strong><em>dictionem,</em></strong></span> <span class='ocrx_word' id='word_1_786' title='bbox 3003 5771 3358 5848; x_wconf 77' lang='grc' dir='ltr'><em>παρανομῶν.</em></span> 
     </span>
    </p>
   </div>
   <div class='ocr_carea' id='block_1_106' title="bbox 207 5840 1080 5926">
    <p class='ocr_par' dir='ltr' id='par_1_106' title="bbox 207 5840 1080 5926">
     <span class='ocr_line' id='line_1_107' title="bbox 207 5840 1080 5926; baseline 0.014 -29"><span class='ocrx_word' id='word_1_787' title='bbox 207 5840 217 5869; x_wconf 67' lang='grc' dir='ltr'><strong><em>ί</em></strong></span> <span class='ocrx_word' id='word_1_788' title='bbox 242 5840 296 5897; x_wconf 75' lang='lat' dir='ltr'><strong><em>lu</em></strong></span> <span class='ocrx_word' id='word_1_789' title='bbox 319 5851 521 5915; x_wconf 68' lang='lat' dir='ltr'><strong><em>attigatis</em></strong></span> <span class='ocrx_word' id='word_1_790' title='bbox 537 5856 791 5925; x_wconf 73' lang='lat' dir='ltr'><strong><em>adjectum</em></strong></span> <span class='ocrx_word' id='word_1_791' title='bbox 819 5840 921 5926; x_wconf 71' lang='lat' dir='ltr'><strong><em>est,</em></strong></span> <span class='ocrx_word' id='word_1_792' title='bbox 953 5854 1080 5909; x_wconf 85' lang='grc' dir='ltr'><em>τῶν.</em></span> 
     </span>
    </p>
   </div>
  </div>
