3856 6542
480 413 590 476 803

1359 417 1940 481 ΤΗΕΟΡΗΥΙΑΟΤΙ
1981 417 2042 476 BI

2159 417 2392 477 iABI/E
2427 417 2786 480 ARCHIEP.
3593 421 3684 486 804

544 525 707 581 Vens.
745 525 798 579 8.
841 525 979 579 Nam
1017 524 1296 580 Sadducwi
1331 529 1541 598 quidem
1575 530 1758 583 dicunt
1799 545 1899 582 non
1939 546 2042 584 esse

2219 530 2616 586 Σαδδουκαῖοι
2647 531 2763 601 μέν
2805 531 2917 601 γὰρ
2961 531 3232 603 λέγουσι,
3273 533 3362 604 μὴ
3390 530 3536 590 εἶναι
3564 539 3689 594 ἀνά-

473 616 932 681 resurrectionem,
1002 626 1192 688 negant
1234 635 1344 674 esse
1386 621 1633 691 angelum
1689 633 1842 688 atque
1882 623 2043 689 spiri-

475 717 623 763 tum:
645 708 904 764 Pharisati
929 720 1106 764 autem
1131 719 1408 781 utrumque
1437 713 1767 781 conﬁtentur.

549 801 658 872 Ego
679 818 791 856 sum
815 801 1142 856 Pltaristeus.
1175 803 1386 858 Rursus
1410 805 1651 859 humano
1680 821 1829 859 more
1864 803 2041 874 loqui-

477 900 595 956 tur,
639 900 693 946 et
725 892 924 960 ubique
960 894 1130 962 gratia
1166 893 1241 946 illi
1273 909 1381 948 non
1423 894 1597 948 deest.
1632 898 1711 948 Ac
1740 910 1810 948 ne
1850 895 1905 948 in
1941 892 2043 946 hoc

473 982 690 1050 quidem
726 984 842 1037 loco
872 984 1132 1038 mentitur
1160 1002 1175 1042 :
1210 1001 1334 1038 nam
1371 995 1487 1040 erat
1515 1001 1544 1039 a
1582 986 1876 1054 majoribus
1905 983 2043 1037 Pha-

475 1074 685 1126 risaaus.
736 1074 1184 1144 Quandoquidem
1235 1077 1379 1129 enim
1433 1076 1505 1132 illi
1555 1076 1738 1130 dicere
1789 1075 2043 1128 nolebant

467 1180 566 1217 cur
603 1180 726 1219 eum
767 1166 819 1218 in
856 1167 1121 1232 judicium
1166 1176 1452 1232 vocarent,
1489 1167 1699 1237 cogitur
1746 1165 1863 1235 ipse
1892 1173 2040 1235 post-

475 1256 693 1309 modum
749 1273 1021 1326 exponere
1079 1259 1210 1327 quid
1244 1259 1344 1313 sibi
1384 1259 1596 1314 crimini
1628 1259 1803 1313 detur.
1844 1258 1921 1312 De
1953 1274 2042 1327 spe

468 1355 622 1414 atque
648 1351 1024 1401 resurrectione
1052 1357 1371 1402 mortuorum
1395 1366 1485 1419 ego
1509 1351 1560 1401 in
1582 1349 1842 1417 judicium
1866 1366 2036 1403 vocor.

476 1437 546 1490 Et
585 1438 651 1490 ab
693 1440 1038 1493 accusatione
1067 1455 1255 1494 eorum
1289 1451 1343 1495 et
1383 1442 1652 1495 calumnia
1693 1455 1812 1495 sese
1851 1442 2042 1510 probat

463 1535 630 1595 atque
677 1529 1043 1583 commendat.
1097 1529 1214 1584 Non
1268 1542 1468 1586 norunt
1522 1541 1702 1586 autem
1757 1531 2038 1589 Sadducaei

2148 637 2394 685 στασιν,
2417 621 2575 689 μηδὲ
2611 621 2890 691 ἄγγελον,
2918 621 3073 690 μήτε
3100 623 3338 692 πνεῦμα
3363 637 3377 654 ·
3413 627 3693 695 Φαρισαῖοι

2147 712 2217 766 δὲ
2243 713 2607 782 ὁμολογοῦσι
2639 711 2712 766 τὰ
2733 712 3057 782 ἀμφότερα.

2231 801 2372 873 Ἐγὼ
2426 801 2748 871 Φαρισαῖός
2803 806 2945 872 εἰμι.
2999 803 3168 857 Πάλιν
3211 803 3564 873 ἀνθρωπίνως
3597 806 3696 860 δια-

2147 893 2384 960 λέγεται,
2418 895 2515 948 καὶ
2568 893 2844 965 πανταχοῦ
2896 898 2994 967 τῆς
3026 897 3248 967 χάριτος
3293 896 3575 950 ἀπολαύει.
3629 899 3693 952 Οὐ

2146 983 2401 1052 ψεύδεται
2433 985 2488 1038 δὲ
2537 985 2646 1037 οὐδ’
2689 985 2966 1039 ἐνταῦθα’
3012 988 3308 1060 Φαρισαῖος
3359 989 3470 1058 γὰρ
3531 984 3598 1058 ἦν
3641 991 3696 1043 ἐκ

2149 1076 2450 1145 προγόνων.
2489 1075 2707 1147 Ἐπειδὴ
2743 1077 2853 1146 γὰρ
2879 1080 3076 1132 ἐκεῖνοι
3108 1079 3208 1132 οὐκ
3235 1078 3526 1148 ἠϐούλοντο
3543 1082 3697 1135 εἰπεῖν

2147 1167 2237 1220 διὰ
2285 1169 2338 1220 τι
2375 1168 2649 1240 κρίνουσιν
2701 1169 2886 1233 αὐτὸν,
2915 1169 3282 1239 ἀναγκάζεται
3339 1169 3522 1223 λοιπὸν
3552 1172 3697 1232 aliti;

2147 1259 2402 1324 ἐξειπεῖν.
2461 1260 2597 1327 Περὶ
2642 1259 2890 1324 ἐλπίδος
2921 1260 3019 1313 καὶ
3071 1260 3462 1327 ἀναστάσεως
3490 1260 3700 1331 νεκρῶν

2146 1349 2260 1419 ἐγὼ
2273 1351 2562 1420 κρίνομαι.
2584 1353 2689 1406 Καὶ
2715 1351 2825 1406 ἀπὸ
2844 1353 2936 1421 τῆς
2955 1351 3288 1422 κατηγορίας
3311 1352 3487 1407 αὐτῶν
3506 1355 3597 1406 καὶ
3611 1353 3698 1421 τῆς

2150 1441 2406 1512 διαὸολῆς
2443 1443 2756 1512 συνίστησιν
2791 1444 3004 1497 ἑαυτόν.
3054 1444 3166 1496 Οὐκ
3217 1445 3366 1496 ι’σασι
3409 1444 3464 1496 δὲ
3490 1445 3696 1496 Σαδδου·

2148 1535 2293 1586 καῖοι
2326 1535 2466 1604 τάχα
2501 1535 2622 1588 οὐδὲ
2651 1535 2742 1588 τὸν
2780 1534 2933 1599 Θεὸν,
2967 1539 3160 1604 παχεῖς
3192 1551 3338 1598 τινες
3368 1534 3514 1596 ὄντες
3542 1551 3558 1565 '
3587 1535 3690 1587 ὅθεν

468 1616 694 1671 forsitan
737 1634 839 1673 nec
873 1620 1037 1674 Deum
1069 1622 1312 1690 quidem,
1345 1633 1404 1678 ut
1443 1624 1533 1692 qui
1567 1625 1860 1680 crassiores
1889 1624 2035 1680 sint:

2159 1625 2268 1677 asas
2321 1625 2618 1678 ἀνάστασιν
2671 1625 2922 1694 γενέσθαι
2953 1625 3321 1679 πιστεύουσιν.
3350 1625 3694 1695 Φαρισαῖοιῶ

469 1710 614 1764 unde
640 1726 742 1765 nec
770 1713 1224 1768 resurrectionem
1257 1716 1477 1786 quidem
1510 1719 1746 1774 futuram
1773 1733 1894 1773 esse
1921 1733 2042 1774 cre-

2159 1713 2466 1781 Βμολογοῡσι
2496 1715 2564 1768 τὰ
2592 1715 2900 1787 ἀμφότερα.
2949 1716 3062 1769 Καὶ
3097 1715 3203 1785 μὴν
3240 1713 3370 1785 τρία
3403 1714 3518 1767 ἐστί
3540 1730 3553 1744 ·
3593 1715 3693 1776 πῶς

468 1802 622 1856 dunt.
662 1802 916 1859 Pharisaai
947 1814 1130 1860 autem
1166 1817 1457 1878 utrumque
1488 1810 1840 1866 conﬁtentur.
1873 1811 2037 1879 Atqui

2159 1803 2242 1857 οὖν
2269 1804 2438 1872 λέγει,
2482 1805 2825 1875 ἀμφότερα;
2873 1805 3035 1860 Ἀλλὰ
3071 1805 3288 1875 πνεῦμα
3339 1805 3434 1859 καὶ
3478 1805 3688 1873 ἄγγελος

470 1895 572 1948 tria
629 1906 791 1961 sunt,
843 1914 980 1967 qua:
1015 1903 1463 1956 commemoravit
1499 1920 1511 1955 :
1551 1903 1641 1973 qui
1671 1903 1834 1975 igitur
1881 1903 2038 1968 dicit,

2159 1893 2223 1960 ἓν,
2269 1896 2454 1964 φησὶν,
2486 1895 2623 1949 ἐστι.
2657 1897 2748 1961 Τὸ,
2776 1897 3098 1965 ἀμφότερα,
3129 1896 3224 1948 καὶ
3244 1894 3338 1947 ἐπὶ
3367 1893 3529 1965 τριῶν
3556 1893 3690 1959 λέγει

476 1983 760 2054 Utrumque
785 1985 810 2038 ?
839 1985 981 2042 Sane
1013 1990 1237 2059 spiritus
1268 2000 1322 2045 et
1347 1993 1570 2062 angelus
1599 2009 1767 2047 unum
1786 2006 1840 2048 et
1871 1993 2036 2058 idem,

2159 2003 2260 2040 rat.
2319 1987 2394 2039 υὺ
2429 1985 2510 2039 δεῖ
2536 1986 2644 2057 γὰρ
2670 1988 2732 2040 ἐκ
2760 1988 2858 2055 τῆς
2881 1987 3078 2055 ἔξωθεν
3111 1986 3498 2058 ἁκριϐολέκτου
3529 1985 3692 2052 κυριό·

472 2075 674 2144 inqnit,
715 2087 862 2133 sunt.
899 2078 1075 2136 Dictio
1111 2083 1394 2153 Utrumque
1425 2084 1540 2138 sive
1577 2085 1836 2155 Utraque.
1874 2085 2038 2140 etiam

2159 2095 2304 2148 ιητος
2348 2079 2556 2149 κρίνειν
2609 2079 2708 2143 τὰς
2769 2079 2878 2131 τῶν
2936 2080 3316 2150 ἀγραμμάτων
3366 2077 3466 2129 καὶ
3512 2074 3688 2128 ἀλιέων

468 2166 535 2220 de
566 2169 735 2222 tribus
769 2171 986 2225 dicitur.
1025 2171 1138 2226 Non
1183 2174 1327 2228 enim
1369 2184 1586 2243 oportet
1624 2176 1692 2230 ab
1731 2185 1920 2231 exacta
1956 2177 2040 2229 lo-

2159 2170 2492 2241 ςυγγραφας.
2533 2171 2627 2224 Ἐκ
2653 2169 2858 2224 τούτων
2890 2170 3000 2243 γὰρ
3033 2171 3270 2243 αἱρέσεις
3289 2167 3596 2238 γεννῶνται.

469 2260 670 2325 quendi
706 2262 1056 2330 proprietate,
1081 2279 1200 2332 quae
1229 2265 1462 2334 pertinet
1490 2267 1557 2320 ad
1587 2277 1863 2333 externos,
1889 2266 2137 2338 judicare
2177 2264 2244 2319 de
2310 2263 2528 2332 scriptis
2553 2263 2977 2319 'illitteratorutn
3041 2271 3096 2319 et
3157 2261 3508 2332 piscatum.
3569 2258 3689 2315 Hinc

470 2353 616 2406 enim
649 2354 812 2408 etiam
845 2355 1082 2414 haereses
1106 2365 1160 2413 et
1190 2369 1353 2414 δεοιοε
1381 2370 1702 2416 nascuntur.

540 2449 704 2504 Vsus.
747 2451 802 2506 9.
856 2451 1089 2508 Exortus
1137 2466 1211 2508 est
1259 2463 1436 2508 autem
1485 2457 1662 2528 ingens
1701 2459 1932 2523 clamor,
1994 2467 2044 2512 et

464 2555 587 2592 cum
641 2542 983 2595 surrexissent
1025 2541 1240 2609 Scribaa,
1266 2561 1392 2615 pars
1415 2545 1805 2601 Pharisteorum
1838 2565 2045 2618 pugna-

466 2632 596 2685 bant
626 2631 854 2687 dicentes
878 2651 896 2688 :
936 2633 1083 2688 Nihil
1111 2638 1242 2690 mali
1276 2637 1569 2691 invenimus
1599 2638 1653 2692 in
1683 2639 1891 2694 homine
1923 2642 2041 2693 isto.

469 2725 623 2790 Quod
661 2726 706 2779 si
736 2727 954 2796 spiritus
1006 2729 1053 2780 ei
1085 2727 1288 2783 locutus
1319 2740 1392 2783 est
1433 2740 1524 2782 aut
1575 2729 1821 2801 angelus,
1855 2746 1915 2785 ne
1945 2747 2044 2799 pu-

467 2831 685 2882 gnemus
711 2832 828 2869 cum
856 2816 984 2873 Deo.

539 2906 701 2960 Vens.
758 2909 847 2960 10.
905 2907 1038 2962 Cum
1091 2909 1250 2980 igitur
1302 2926 1497 2981 magna
1551 2911 1812 2964 contentio
1860 2919 2041 2964 coorta

471 3017 498 3054 e
526 3010 622 3065 set,
670 3001 864 3054 veritus
910 3001 1145 3056 tribunus
1192 3017 1252 3054 ne
1306 3000 1509 3055 Paulus
1552 3003 1930 3071 discerperetur
1973 3003 2038 3056 ab

470 3092 596 3157 illis,
629 3092 788 3161 jussit
821 3111 1036 3148 manum
1075 3095 1362 3149 militarem
1401 3093 1739 3159 descendere,
1777 3107 1822 3148 et
1857 3111 2040 3163 rapere

470 3198 589 3239 eum
622 3189 685 3243 de
706 3184 874 3242 medio
908 3185 1142 3252 illorum,
1169 3203 1232 3241 ac
1259 3186 1449 3240 ducere
1475 3188 1528 3240 in
1559 3196 1754 3239 castra.

540 3364 691 3429 Quod
728 3364 774 3418 si
805 3364 1024 3434 spiritus
1057 3364 1105 3417 ei
1145 3363 1349 3417 locutus
1395 3372 1490 3417 est.
1531 3362 1690 3418 Deest
1731 3363 1936 3433 aliquid
1975 3363 2042 3416 ad

471 3453 836 3524 expletionem
866 3453 1170 3515 sententias,
1203 3461 1263 3508 ut
1289 3453 1359 3507 sit
1392 3453 1514 3508 talis
1547 3470 1560 3507 :
1593 3454 1673 3506 An
1698 3454 1922 3523 spiritus
1950 3462 2046 3508 aut

469 3543 696 3613 angelus
733 3544 982 3598 elocutus
1011 3543 1084 3598 sit
1118 3544 1168 3598 ei
1200 3543 1466 3597 rationem
1499 3551 1554 3598 et
1598 3543 1887 3597 artiﬁcium
1917 3556 2043 3596 ora-

473 3636 636 3690 tionis
668 3646 727 3689 ut
766 3634 1034 3705 ellugeret
1077 3634 1335 3700 insidias,
1366 3637 1630 3690 incertum
1671 3645 1786 3700 est,
1828 3634 2041 3705 inquit:

470 3735 583 3792 aut,
616 3727 766 3796 quasi
793 3743 822 3781 a
853 3727 1140 3782 Pharisaais
1166 3727 1532 3796 proferantur,
1565 3729 1681 3783 hmc
1709 3728 1870 3782 verba
1898 3728 2042 3782 acci-

469 3819 669 3890 pienda
695 3829 824 3873 sunt
850 3837 865 3872 :
894 3819 1051 3885 Quod
1081 3818 1125 3872 si
1156 3819 1380 3888 spiriws
1407 3819 1459 3872 ei
1483 3819 1696 3874 locutus
1723 3828 1824 3883 est,
1884 3819 2045 3890 166

470 3923 565 3965 aut
593 3911 841 3981 angelus,
873 3925 939 3965 ac
967 3911 1013 3966 si
1047 3911 1253 3966 diceret
1281 3926 1295 3963 :
1341 3911 1500 3974 Ecce,
1532 3926 1657 3964 cum
1690 3911 1944 3980 loquatur
1978 3913 2045 3965 de

471 4002 908 4064 resurrectione,
940 4011 1150 4056 certum
1185 4013 1269 4056 est
1293 4015 1418 4056 eum
1458 4011 1553 4056 aut
1596 4001 1832 4073 Spiritus
1867 4003 2050 4058 sancti

474 4095 763 4157 instinctu,
797 4089 892 4148 a’ut
921 4093 1114 4165 angelo
1152 4102 1473 4164 suggerente
1501 4093 1777 4164 accepisse
1807 4110 1928 4150 eam
1960 4109 2046 4148 ra-

473 4186 677 4240 tionem
725 4184 1164 4240 resurrectionis.
1217 4183 1418 4240 Veritus
1456 4185 1718 4240 tribunus.
1755 4185 1937 4242 Timet
1974 4201 2045 4242 ne

472 4277 836 4345 discerpatur,
862 4274 1121 4345 quoniam
1149 4273 1360 4329 dixerat
1381 4288 1439 4329 se
1469 4288 1591 4330 esse
1623 4273 1952 4340 Romanum,
1982 4289 2045 4329 ac

475 4385 564 4424 res
594 4367 838 4438 periculo
865 4381 972 4421 non
1002 4366 1248 4422 vacabat.
1269 4363 1337 4420 Et
1367 4365 1564 4421 milites
1594 4381 1718 4421 eum
1746 4377 1936 4436 postea
1961 4382 2046 4422 ra-

475 4461 650 4534 piunt,
679 4472 934 4532 tanquam
964 4475 1142 4520 suum,
1173 4459 1391 4530 Opinor.

548 4553 711 4607 Vsus.
759 4554 842 4606 ΙΙ.
883 4551 946 4606 1η
973 4552 1204 4622 sequenti
1240 4559 1384 4604 nocte
1415 4549 1657 4604 assistens
1687 4550 1734 4602 ei
1765 4549 2040 4614 Dominus,

473 4647 618 4701 Bono
648 4646 852 4708 animo,
875 4646 1065 4714 inquit,
1098 4655 1228 4709 esto,
1259 4642 1458 4697 Paule:
1492 4652 1549 4695 ut
1576 4641 1710 4695 enim
1737 4641 2042 4709 testiﬁcatus

474 4755 526 4791 es
553 4738 614 4790 de
642 4752 722 4788 me
756 4739 809 4788 in
848 4735 1209 4801 Hierusalem,
1239 4743 1314 4789 ita
1343 4744 1390 4789 te
1426 4741 1628 4802 oportet
1657 4733 1821 4787 etiam
1866 4731 2043 4786 Roma:

477 4828 770 4894 testiﬁcari.

550 4922 711 4977 Vens.
751 4919 838 4974 42.
881 4917 984 4973 Sed
1006 4928 1061 4972 ut
1085 4918 1296 4984 diluxit,
1319 4917 1492 4972 Iudici
1511 4918 1730 4988 quidam
1758 4917 1900 4988 facta
1939 4918 2046 4970 coi-

478 5016 616 5070 tione
643 5015 951 5067 devoverunt
976 5028 1058 5076 se,
1097 5011 1323 5064 dicentes
1365 5025 1524 5078 neque
1555 5025 1733 5062 esuros
1787 5024 1840 5062 se
1883 5024 2046 5078 neque

476 5108 728 5164 bibituros
765 5121 874 5161 esse
899 5105 1072 5174 quoad
1103 5102 1334 5156 Paulum
1359 5101 1690 5154 occidissent.

544 5285 705 5339 Vens.
749 5284 830 5338 15.
873 5282 1045 5336 Erant
1090 5290 1267 5334 autent
1313 5279 1491 5348 plures
1529 5278 1921 5350 quadraginta,
1951 5279 2042 5349 qui

476 5373 610 5425 lianc
644 5370 1058 5434 coniurationem
1082 5369 1338 5440 fecerunt.

2223 2450 2492 2520 Ἐγένετο
2529 2447 2598 2502 δὲ
2626 2445 2856 2517 κραυγὴ
2905 2443 3160 2515 μεγάλη.
3201 2442 3302 2496 καὶ
3336 2439 3687 2506 ἀναστάντες

2141 2549 2198 2600 οι
2233 2546 2277 2576 ⁸⁸
2331 2539 2693 2614 γραμματεῖς
2741 2539 2808 2592 τὸ
2868 2536 3052 2606 μέρος
3081 2537 3126 2566 ⁶⁹
3180 2533 3298 2589 τῶν
3352 2532 3681 2602 Φαρισαίων,

2143 2634 2497 2704 διεμάχοντο
2523 2630 2809 2702 λέγοντες
2837 2645 2851 2659 ·
2891 2627 3082 2682 Οὐδὲν
3115 2625 3306 2679 κακὸν
3354 2625 3685 2693 εὑρίσκομεν

2143 2730 2211 2784 ἐν
2238 2725 2317 2792 τῷ
2341 2723 2629 2794 ἀνθρώπῳ
2660 2723 2866 2786 τούτῳ.
2907 2722 2976 2774 Et
3007 2717 3075 2772 δὲ
3103 2715 3341 2786 πνεῦμα
3370 2713 3527 2780 αὐτῷ
3566 2710 3684 2768 ud-

2143 2822 2340 2886 λησεν
2367 2817 2409 2849 ⁷ο
2441 2817 2478 2884 ἣ
2509 2813 2788 2882 ἄγγελος,
2811 2809 2896 2881 μὴ
2929 2806 3334 2880 θεομαχῶμεν.

2213 2909 2457 2978 Πολλῆς
2493 2907 2562 2962 δὲ
2593 2905 2920 2978 γενομένης
2953 2901 3249 2967 στάσεως,
3286 2895 3628 2964 εὐλαϐηθεὶς
3657 2896 3683 2946 ὁ

2144 3005 2454 3072 χιλίαρχος
2498 2999 2584 3071 μὴ
2634 2994 2988 3065 διασπασθῇ
3033 2997 3066 3051 ό
3097 2993 3335 3057 Παῦλος
3361 2991 3462 3046 ὑπ’
3490 2985 3680 3050 αὐτῶν,

2142 3094 2430 3150 ἐκέλευσε
2460 3092 2525 3145 τὸ
2561 3090 2900 3161 στράτευμα
2933 3085 3286 3154 καταϐῆναι,
3317 3083 3415 3138 και
3445 3079 3680 3150 ἁρπάσαι

2143 3189 2331 3242 αὐτὸν
2363 3186 2430 3240 ἐκ
2455 3183 2649 3254 μέσου
2679 3180 2898 3250 αὐτῶν,
2953 3180 3122 3251 ἄγειν
3153 3193 3215 3231 τε
3242 3179 3329 3242 εὶς
3356 3173 3470 3243 τὴν
3493 3184 3680 3239 παρεμο

2070 3270 2117 3330 C
2149 3277 2359 3344 ϐολήν.

2219 3374 2287 3424 Et
2326 3369 2394 3422 δὲ
2426 3368 2662 3438 πνεῦμα
2693 3363 2853 3430 αὺτῷ
2897 3363 3227 3431 ἐλάλησεν.
3264 3359 3460 3413 Λείπει
3486 3373 3536 3409 τι
3568 3354 3681 3427 πρὸς

2145 3462 2532 3531 ἀναπλήρωσιν
2573 3457 2668 3512 τοῦ
2720 3459 3027 3526 νοήματος,
3077 3454 3162 3506 ἵνα
3295 3447 3469 3511 οὕτως
3493 3465 3506 3482 ο
3546 3445 3603 3498 Et
3635 3442 3682 3496 δὲ

2146 3554 2366 3625 πνεῦμα.
2417 3553 2451 3624 ἦ
2491 3551 2718 3621 ἄγγελος
2775 3547 3036 3618 ἐλάλησεν
3091 3543 3242 3614 αὐτῷ
3296 3541 3400 3610 τὴν
3463 3533 3679 3610 μηχανὴν

2145 3647 2238 3700 τοῦ
2266 3647 2450 3714 λόγου,
2477 3645 2562 3698 ἴνα
2575 3641 2792 3712 ἐκφύγῃ
2811 3640 2907 3711 τὴν
2936 3637 3251 3707 ἐπιϐουλὴν,
3275 3634 3489 3704 ἄδηλον,
3518 3627 3677 3699 φησιν·

2145 3738 2284 3809 ἢὼς
2313 3737 2421 3791 ἀπὸ
2461 3739 2572 3789 τῶν
2597 3731 2910 3804 Φαρισαίων
2953 3728 3014 3782 τὸ
3050 3727 3202 3798 ῥῆμα
3250 3724 3470 3779 λεκτέον
3497 3738 3512 3754 ο
3554 3719 3609 3771 Εἰ
3633 3715 3680 3809 δὲ

2147 3805 2365 3898 ανεῦμα
2412 3828 2674 3898 ἐλάλησεν
2700 3821 2870 3893 αὐτῷ,
2911 3821 2947 3892 ἦ
2981 3818 3228 3886 ἄγγελος,
3250 3816 3373 3873 ἀντὶ
3398 3811 3514 3877 τοῦ,
3549 3805 3678 3898 Ἰδοξι,
3733 3822 3740 3828 ’

2143 3927 2213 3978 τὰ
2239 3894 2368 3992 περὶ
2397 3894 2746 3978 ἀναστάσεως
2775 3912 2974 3976 λαλῶν,
3003 3909 3156 3980 δῆλός
3187 3908 3336 3998 ἐστιν
3367 3894 3678 3998 natarunt-

2149 4030 2314 4085 ματος
2350 4011 2508 4080 ἁγίου
2547 4008 2582 4078 ἢ
2637 4006 2706 4062 δι’
2752 4003 2988 4074 ἀγγέλου
3043 3996 3377 4069 κατηχηθεὶς
3408 3996 3450 4028 τι
3489 3993 3577 4085 τὸν
3597 3993 3678 4055 τῆς

2145 4084 2497 4162 ἀναστάσεως
2546 4097 2703 4164 λόγον
2739 4095 2806 4148 ⁷⁸.
2869 4088 3242 4156 Εὐλαεηθεὶς
3284 4089 3316 4140 ὁ
3373 4084 3675 4156 χιλίαρχοςο

2144 4191 2394 4246 Φοσεῖται
2441 4188 2517 4258 μὴ
2560 4183 2894 4256 διασπασθῇ,
2920 4179 3107 4250 ἐπειδὴ
3136 4173 3290 4230 εἶπεν
3318 4176 3403 4228 ὅτι
3443 4166 3678 4240 Ῥωμαῖός

2145 4285 2295 4336 ἐστι’
2347 4280 2442 4334 καὶ
2488 4279 2590 4331 οὐκ
2639 4275 2922 4328 ἀκίνδυνον
2963 4266 3032 4343 ἦν
3077 4269 3138 4322 τὸ
3193 4269 3448 4338 πρᾶγμα.
3502 4262 3602 4315 Καὶ
3629 4258 3679 4309 τὺ

2147 4373 2463 4444 στράτευμα
2493 4368 2679 4422 λοιπον
2706 4363 2943 4438 ἁρπάζει
2966 4361 3148 4427 αὑτὸν,
3173 4359 3248 4422 ὡς
3278 4357 3429 4422 ἴδιον,
3460 4347 3618 4422 οἶμαι.

2221 4551 2300 4621 Τῇ
2329 4550 2398 4606 δὲ
2427 4549 2683 4618 ἐπιούσῃ
2713 4545 2883 4601 νυκτὶ
2919 4543 3170 4608 ἐπιστὰς
3215 4537 3376 4604 αὐτῷ
3413 4540 3445 4592 ό
3472 4535 3675 4621 Κύριος..

2145 4619 2313 4698 εἷπε-⁸
2351 4641 2569 4711 Θάρσει
2593 4680 2608 4707 ,
2649 4638 2850 4693 Παῦλε
2877 4653 2890 4667 ⁸
2941 4636 3022 4700 ὡς
3077 4635 3186 4703 γὰρ
3237 4627 3585 4700 διεμαρτύρω
3620 4619 3678 4673 τὰ

2146 4733 2280 4802 περὶ
2309 4732 2455 4803 ἐμοῦ
2488 4733 2576 4798 εις
2622 4726 3039 4797 Ἰερουσαλὴμ,
3089 4725 3244 4778 οὕτω
3281 4737 3355 4776 σε
3384 4718 3473 4774 δεῖ
3504 4714 3594 4770 καὶ
3623 4711 3679 4764 ἐν

2157 4827 2348 4894 Ῥώμῃ
2374 4825 2422 4857 ⁷³
2444 4819 2846 4894 μαρτυρῆσαι.

2213 4916 2555 4986 Γενομένης
2604 4912 2673 4966 δὲ
2726 4910 2860 4982 me,
2877 4928 2968 4978 ας,
3013 4906 3381 4978 ποιήσαντές
3402 4918 3551 4966 τινες
3579 4895 3680 4952 τῶν

2155 5009 2462 5066 Ἰουδαίων
2507 5005 2900 5074 συστροφὴν,
2964 5000 3402 5071 ἀνεθεμάτισαν
3451 4987 3675 5050 ἑαυτοὺς

2144 5102 2445 5170 λέγοντες,
2470 5097 2624 5165 μήτε
2651 5095 2882 5164 φαγεῖν,
2926 5093 3074 5163 μήτε
3107 5090 3284 5154 πιεῖν,
3314 5089 3424 5153 ἕως
3455 5080 3524 5140 οὗ
3554 5081 3678 5133 ἁπο-

2147 5191 2428 5246 κτείνωσι
2457 5187 2566 5241 τὸν
2591 5186 2859 5241 Παῦλον.

2219 5277 2423 5333 Ἦσαν
2467 5275 2537 5330 δὲ
2584 5277 2834 5342 πλείους
2885 5270 3342 5341 τεσσαράκοντα
3392 5268 3443 5322 ot
3477 5262 3676 5324 ταύτην

2149 5367 2265 5434 τὴν
2298 5367 2689 5436 συνωμοσίαν
2725 5364 3119 5432 πεποιηκότες
3140 5377 3156 5394 ·

1635 5563 1832 5625 Vat-ite
1862 5563 2170 5626 lectiones
2214 5571 2277 5625 et
2319 5569 2510 5625 notas.

548 5701 594 5734 ⁸⁸
622 5701 673 5754 οἱ
723 5700 778 5753 in
833 5700 1060 5770 vulgatis
1113 5698 1462 5753 desideratur.
1539 5697 1582 5730 ⁶⁹
1613 5695 1678 5750 1η
1721 5697 1948 5764 vulgatis
1986 5713 2042 5749 το

553 5770 687 5818 θεὶς-
721 5779 860 5818 erat.
936 5772 980 5801 ⁷³
1007 5768 1322 5818 ΒτΙιοιέαςιεε
1342 5769 1427 5818 hic
1459 5784 1561 5818 non
1584 5768 1788 5818 videtur
1818 5767 2003 5818 leaisse
2034 5787 2042 5818 ι

2159 5695 2359 5818 sigea;

2159 5783 2206 5818 er
2241 5783 2270 5818 a
2291 5783 2358 5818 au

936 5767 980 5801 ⁷³
1007 5768 1322 5824 Stltoliastes
1342 5769 1427 5821 hic
1459 5784 1561 5822 non
1584 5768 1788 5820 videtur
1818 5767 2003 5836 legisse
2034 5783 2094 5819 ea
2119 5767 2270 5836 verba

478 5770 688 5841 οηοεὶς,
721 5779 860 5824 erat.

2435 5695 2480 5726 "
2513 5694 2574 5746 In
2615 5692 2840 5761 vulgatis
2875 5687 3391 5766 ἐλάλησεν-αὑτῷ...
3415 5682 3459 5717 ⁷⁸
3494 5697 3670 5766 κατηχέ

2291 5782 2406 5835 qua
2453 5760 2738 5835 sequuntur
2774 5777 2792 5816 :
2825 5761 3130 5835 netnpe,_pi1
3155 5760 3517 5830 Θεομαχῶμεν,
3576 5763 3671 5821 qua

477 5829 779 5916 in'vulgata
807 5840 965 5897 etiam
993 5839 1336 5895 translatione
1354 5839 1620 5906 prteterita
1643 5847 1786 5893 sunt.
1860 5829 1906 5868 ‘7"
1927 5834 1994 5889 In
2023 5851 2042 5890 ι

2159 5835 2250 5891 Itis
2281 5829 2374 5902 est,
2403 5829 2544 5887 οὓτώ
2575 5849 2634 5886 σε
2659 5833 2737 5886 δεῖ
2773 5831 2868 5886 καὶ
2905 5829 2984 5894 si;
3016 5829 3257 5902 Ῥώμην.
