3848 6542
364 412 470 478 819

1246 411 1823 473 THEOPHYLACTI
1857 414 2269 475 BULGARIA!
2299 411 2653 475 ARCHIEP.

3487 414 3583 479 διο

367 527 437 582 ad
498 525 698 581 caedem
747 524 987 590 tradens,
1030 522 1318 579 liomicidis
1394 523 1633 595 placeret
1671 541 1687 579 :
1730 524 1944 581 etiamsi

2072 527 2130 589 :l;
2159 526 2404 591 θάνατον,
2440 525 2614 598 ἀρέσῃ
2647 529 2762 588 τοῖς
2789 525 3109 595 φονιυταῐςο
3138 526 3242 580 κᾶν
3266 528 3586 597 παρανομίας

366 618 609 672 futurum
639 626 755 671 erat
776 626 835 672 ut
863 616 931 671 ab
960 614 1345 671 Romanorum
1393 616 1719 687 imperatore
1770 618 1825 673 in
1847 616 1938 687 ju-

367 709 569 765 dicium
597 709 806 763 violata:
834 708 969 779 legis
998 716 1307 770 vocaretur,
1330 723 1361 762 a
1387 724 1496 779 quo
1515 710 1683 764 etiam
1703 709 1937 766 emissus

365 811 504 865 erat,
561 810 619 856 ut
654 802 850 856 ﬁnibus
911 800 1405 872 Hierosolymorum
1459 803 1801 872 praesideret.
1864 803 1939 858 De

365 912 468 964 quo
497 904 693 949 stantes
716 902 1071 960 accusatores,
1100 893 1301 948 nullum
1342 912 1404 948 ea:
1434 896 1499 949 iis
1545 911 1663 965 qua:
1694 897 1935 965 suspica-

368 986 491 1050 bar,
522 986 717 1039 crimen
748 986 1048 1056 offerebant.
1093 986 1258 1056 Atqui
1286 987 1495 1041 crimen
1549 986 1769 1057 quidem
1807 984 1940 1042 alle-

2048 618 2240 690 ἔμε).λε
2300 617 2583 692 κρίνεσθαι
2637 619 2789 690 παρὰ
2832 618 2926 674 τοῦ
2991 616 3276 689 Ῥωμαίων
3325 618 3586 687 βασιλέως,

2047 712 2178 783 παρ’
2200 705 2261 765 οὗ
2310 712 2405 765 καὶ
2432 708 2501 785 ἦν
2552 710 2891 784 ἐκπεμφθεὶς
2926 708 3091 782 ἄρξαι
3133 710 3239 766 τῶν
3282 712 3378 785 τῆς
3416 710 3589 782 Ἰερου-

2048 803 2232 873 σαλὴμ
2285 805 2448 876 ὅρων.
2501 804 2640 875 Περι
2689 800 2761 861 οὗ
2821 805 3149 870 σταθέντες
3198 806 3251 858 ol
3297 803 3590 871 κατήγοροι

2046 894 2330 965 οὐδεμίαν
2368 896 2566 951 αἰτίαν
2590 896 2907 966 ἐπέφερον.
2963 896 3073 950 Καὶ
3111 894 3217 965 μὴν
3255 894 3461 966 ἔφερον,
3489 892 3588 952 ἀλλ’

2042 987 2143 1041 οὐκ
2171 987 2428 1060 ἤλεγξαν,
2473 987 2539 1041 Ἥ
2574 988 2673 1058 μὲν
2713 988 2825 1058 γὰρ
2859 988 3120 1058 ἐπιϐουλὴ
3149 988 3242 1042 καὶ
3272 985 3334 1039 τὸ
3357 985 3588 1056 τόλμημα

364 1076 580 1146 rebant,
605 1078 696 1132 sed
720 1093 829 1134 non
858 1077 1180 1147 probabant,
1218 1092 1396 1148 neque
1424 1077 1770 1133 documentis
1786 1092 1939 1131 reum

2075 1079 2199 1132 οὓτο
2237 1078 2569 1133 ὑποπτεύειν
2592 1079 2783 1150 ἐδήλου
2805 1095 2820 1112 ο
2845 1080 2879 1147 ἡ
2926 1078 2984 1133 δὲ
3016 1078 3261 1143 ἐξέτασις
3285 1075 3431 1129 οὐδὶν
3490 1072 3588 1145 εἶχε
3690 1102 3699 1119 ι

365 1169 783 1225 convincebant.
838 1170 976 1226 Nam
1030 1170 1245 1226 insidia:
1277 1170 1498 1241 quidem
1548 1177 1710 1238 atque
1758 1168 1936 1224 audax
2043 1170 2308 1226 τοιοῦτον.

364 1263 583 1318 illorum
610 1262 823 1319 facinus
847 1265 952 1320 boc
976 1265 1361 1335 suspicandum
1386 1279 1505 1320 esse
1533 1263 1929 1335 signiﬁcabant,
1973 1265 2069 1320 sed
2109 1267 2373 1324 scrutatio
2406 1277 2572 1339 atque
2604 1266 2887 1339 inquisitio
2912 1264 3117 1338 iudicis
3159 1262 3298 1319 nihil
3350 1261 3453 1317 tale
3502 1262 3589 1318 ha-

362 1358 548 1422 bebat,
572 1358 673 1411 hec
696 1358 839 1428 quod
877 1359 1260 1429 suspicabatur
1278 1373 1503 1429 praeses,
1528 1372 1585 1412 re
1606 1357 1832 1428 qua‘sita
1850 1358 2316 1428 deprehendebat.
2410 1426 2413 1431 _

435 1448 699 1507 Vens.l9.
727 1451 830 1507 Sed
860 1454 1174 1523 qumtiones
1225 1453 1511 1508 nonnullas
1566 1455 1630 1507 de
1680 1469 1777 1506 sua
1818 1453 1940 1507 reli-

2111 1456 2432 1525 Ζητήματα
2467 1456 2536 1511 δέ
2570 1474 2704 1512 τινα
2734 1455 2869 1525 περὶ
2910 1432 3023 1526 τῆς
3062 1455 3217 1521 ιδίας
3259 1455 3592 1523 δεισιδαιμο-

364 1543 516 1613 gione
543 1560 606 1596 ac
627 1545 691 1598 de
721 1544 843 1598 Iesu
861 1546 1087 1617 quodam
1113 1555 1339 1605 mortuo.
1369 1562 1519 1617 quem
1542 1543 1744 1599 Paulus
1774 1545 1942 1599 vivere

2072 1547 2177 1612 ’ίας
2225 1543 2395 1615 εἶχον
2443 1548 2593 1616 πρὸς
2647 1550 2854 1613 αὐτὸν,
2892 1548 2987 1602 καὶ
3028 1547 3159 1615 περὶ
3223 1547 3385 1614 τινὸς
3419 1546 3592 1615 Ἰησοῦ

365 1634 564 1700 aiebat,
595 1637 842 1691 adversus
881 1655 998 1692 eum
1029 1639 1308 1693 habebant.

443 1725 605 1782 Vens.
633 1729 727 1782 20.
781 1726 914 1783 Cum
965 1739 1142 1784 autem
1185 1747 1277 1801 ego
1302 1731 1549 1786 hwrerem
1579 1733 1633 1785 in
1691 1733 1939 1802 quwstio-

2042 1639 2424 1706 τεθνηκότος,
2461 1638 2534 1693 δν
2570 1638 2842 1708 ἔφασκεν
2877 1643 2911 1693 ό
2937 1639 3183 1705 Παῦλος
3221 1636 3344 1706 ζῆν.

2113 1728 2554 1796 Ἀπορούμενος
2581 1728 2649 1781 δὲ
2679 1727 2793 1797 ἐγὼ
2819 1726 2934 1795 τὴν
2962 1726 3095 1796 περὶ
3123 1728 3343 1782 τούτου
3374 1724 3595 1792 ζήτησιν

364 1834 428 1874 ne
456 1818 599 1874 illius
620 1821 714 1885 rei,
750 1837 843 1874 nec
867 1837 947 1874 me
977 1822 1219 1891 expedire
1257 1838 1481 1890 possem,
1512 1822 1745 1876 dicebam
1778 1837 1796 1875 :
1859 1822 1939 1875 An

2072 1818 2287 1888 λεγον·
2321 1822 2390 1875 El
2407 1820 2625 1885 βούλει
2641 1822 2998 1889 πορεύεσθαι
3022 1820 3093 1876 ἐν
3132 1817 3591 1889 ἰερουσαλὴμ³⁶,

362 1915 442 1968 vis
481 1913 536 1967 in
579 1911 873 1968 Jerusalem
902 1912 998 1980 ire,
1026 1921 1072 1968 et
1103 1912 1214 1967 illic
1242 1914 1306 1968 de
1332 1914 1447 1968 istis
1481 1914 1630 1968 rebus
1670 1913 1937 1983 judicium

2072 1907 2227 1963 τάκεῖ
2250 1910 2561 1978 κρίνεσθαι
2593 1910 2728 1978 περὶ
2768 1911 3030 1975 τούτων;

364 2006 538 2060 subire
555 2008 581 2062 ?

439 2095 603 2152 Vens.
636 2096 730 2151 21.
766 2096 869 2153 Sed
899 2114 1015 2151 cum
1044 2095 1252 2150 Paulus
1283 2106 1612 2167 provocasset
1639 2106 1941 2153 utservare-

366 2197 453 2242 tur
484 2187 1025 2258 cognitioniAugusti,
1043 2187 1177 2256 iussi
1213 2187 1614 2243 asservarieum
1628 2190 1802 2261 quoad
1821 2205 1940 2243 eum

363 2280 576 2333 mittam
615 2280 685 2333 ad
718 2277 1000 2335 Cursarem.

442 2457 609 2515 Vsus.
628 2458 719 2514 22.
744 2458 979 2531 Agrippa
1007 2468 1184 2514 autem
1209 2459 1280 2513 ad
1296 2459 1506 2515 Festum
1524 2461 1727 2516 dicebat
1745 2479 1764 2515 :
1790 2461 1940 2517 Vole-

366 2553 488 2606 bam
508 2552 667 2606 etiam
694 2551 803 2620 ipse
816 2552 1073 2607 hominem
1090 2552 1297 2608 audire.
1314 2552 1382 2608 At
1416 2553 1538 2608 ille:
1564 2553 1717 2621 Cras,
1747 2554 1938 2625 inquit,

367 2644 553 2699 audies
584 2642 756 2698 illum.

440 2730 609 2788 Vsus.
630 2731 722 2787 25.
759 2729 936 2804 Igitur
965 2734 1219 2804 postridie
1248 2751 1366 2789 cum
1387 2734 1621 2805 Agrippa
1654 2744 1702 2791 et
1720 2732 1942 2790 Bernice

369 2841 486 2878 cum
534 2841 729 2897 magna
795 2841 988 2896 pompa
1054 2828 1336 2894 venissent,
1407 2837 1455 2883 et
1519 2845 1627 2883 una
1671 2844 1789 2882 cum
1841 2828 1941 2881 tri-

370 2918 522 2972 bunis
581 2926 631 2971 et
681 2917 1048 2974 excellentibus
1104 2921 1331 2976 civitatis
1393 2921 1522 2975 viris
1602 2922 1658 2975 in
1734 2922 1943 2976 audito-

369 3010 508 3064 rium
539 3009 756 3081 ingressi
804 3019 991 3079 essent,
1041 3011 1197 3083 jussu
1224 3011 1364 3067 Festi
1418 3011 1619 3067 Paulus
1660 3014 1816 3067 etiam
1847 3013 1943 3066 ad-

370 3102 555 3156 ductus
575 3112 669 3157 est.

444 3264 612 3322 Vens.
635 3266 727 3321 ει.
759 3267 835 3321 Ac
861 3267 1048 3323 Festus
1072 3285 1090 3324 :
1115 3269 1349 3341 Agrippa
1388 3286 1503 3333 rex.
1535 3271 1726 3341 inquit,
1767 3280 1815 3325 et
1858 3286 1947 3325 vos

369 3357 474 3411 viri
505 3373 702 3423 omnes,
729 3356 821 3430 qui
873 3360 1037 3414 simul
1094 3376 1273 3415 coram
1327 3362 1539 3426 adestis,
1590 3362 1774 3416 videtis
1811 3362 1947 3415 hunc

371 3451 437 3503 de
460 3465 560 3521 quo
583 3451 750 3505 omnis
788 3449 1099 3507 Judworum
1126 3452 1404 3509 multitudo
1424 3465 1535 3508 tum
1568 3452 1946 3526 Hierosolymis

370 3551 482 3596 tum
508 3542 591 3596 hic
602 3546 1040 3611 mchonvenerunt
1063 3553 1109 3599 et
1126 3545 1557 3616 interpellarunt,
1590 3544 1946 3601 acclamantes

276 3644 281 3647 ‘
371 3650 489 3690 eum
522 3635 750 3706 amplius
786 3638 955 3692 vivere
989 3653 1093 3695 non
1115 3647 1373 3707 oportere.

441 3726 515 3781 Ac
543 3729 606 3782 de
633 3727 757 3782 Jesu
797 3728 1048 3799 quodam.
1107 3730 1225 3785 Non
1273 3731 1475 3786 mirum
1519 3733 1663 3801 quod
1709 3730 1838 3787 dicit
1880 3730 1948 3785 de

369 3816 503 3875 Jesu
539 3819 776 3891 quodam
800 3860 815 3885 ,
847 3829 1035 3891 utpote
1082 3821 1248 3877 homo
1278 3831 1544 3891 potestate
1574 3820 1733 3893 174
1751 3820 1946 3891 pracdi-

372 3921 483 3976 tus,
531 3918 586 3967 et
626 3912 774 3967 illum
819 3927 930 3968 non
968 3926 1186 3969 curans.
1237 3912 1369 3968 Cum
1422 3923 1598 3968 autem
1653 3929 1746 3983 ego
1779 3914 1947 3968 haere-

371 4021 505 4059 rem.
571 4002 878 4075 Superabat
931 4004 1076 4060 enim
1132 4005 1329 4060 harum
1368 4020 1551 4085 rerum
1600 4004 1829 4075 quaastio
1856 4004 1947 4075 ju-

371 4096 510 4153 dicis
536 4110 716 4152 aures.
748 4095 810 4153 Ut
833 4106 1131 4152 servaretur
1158 4098 1456 4169 cognitioni.
1474 4098 1717 4169 Augusti.
1764 4097 1948 4152 Minus

372 4190 574 4247 usitate
605 4189 907 4262 Augustum
955 4190 1337 4261 imperatorem
1364 4199 1523 4247 vocat
1567 4208 1582 4253 ;
1624 4191 1766 4247 sicut
1784 4190 1947 4247 etiam

372 4284 668 4361 Cursarem,
700 4299 863 4355 quem
898 4283 1061 4340 etiam
1091 4283 1372 4340 dominum
1400 4292 1580 4339 vocat.

445 4375 615 4435 Vsus.
668 4377 761 4433 25.
823 4376 937 4449 Ego
1002 4392 1121 4431 vero
1171 4393 1285 4431 cum
1348 4386 1670 4448 compertum
1728 4375 1947 4429 habeam

371 4481 492 4525 ett'm
519 4469 677 4524 -nihil
724 4469 939 4541 dignum
967 4478 1132 4525 morte
1185 4469 1521 4533 commisisse,
1571 4476 1728 4539 atque
1791 4466 1950 4521 etiam

2122 2094 2236 2149 Τοῦ
2292 2092 2363 2148 δὲ
2421 2094 2666 2149 Παύλου
2718 2092 3244 2160 ἐπικαλεσαμένου
3293 2091 3595 2162 τηρηθῆναι

2045 2182 2232 2236 αὐτὸν
2246 2184 2333 2249 εὶς
2353 2182 2467 2252 τὴν
2489 2183 2596 2239 τοῦ
2623 2183 2927 2239 Σεϐαστοῦ
2949 2182 3295 2252 διάγνωσιν,
3325 2181 3595 2236 ἐκέλευσα

2046 2274 2351 2343 τηρεῖσθαι
2390 2274 2597 2342 αὑτὸν,
2627 2274 2738 2342 ἕως
2767 2270 2840 2331 οὗ
2871 2274 3086 2344 πέμψω
3107 2275 3299 2328 αὑτὸν
3319 2272 3460 2341 πρὸς
3476 2272 3594 2326 Καί-

2046 2383 2226 2422 σαοα.
3526 2410 3531 2417 .

2118 2384 2130 2418 ι
2168 2384 2226 2422 α.
3526 2410 3531 2417 .

2118 2384 2439 2529 ξγρίππας
2459 2455 2528 2509 δὲ
2565 2456 2717 2525 πρὸς
2743 2456 2851 2511 τὸν
2877 2454 3125 2525 Φῆστον
3151 2454 3272 2525 ἔφη
3291 2471 3306 2486 ο
3349 2454 3590 2509 Ἐϐουλόο

2042 2568 2168 2622 μην
2222 2551 2321 2605 καὶ
2376 2547 2558 2617 αὐτὸς
2604 2548 2712 2604 τοῦ
2748 2547 3065 2617 ἀνθρώπου
3095 2547 3376 2604 ἀκοῦσαι.
3415 2545 3473 2599 '0
3514 2544 3590 2608 δὲ,

2041 2645 2280 2713 Αὔριον,
2320 2642 2531 2714 φησιν,
2571 2642 2809 2710 ἀκούσῃ
2847 2641 3056 2697 αὐτοῦ.

2121 2734 2207 2805 Τῇ
2235 2732 2350 2792 οὖν
2384 2734 2673 2803 ἐπαύριον
2706 2734 2993 2799 ἐλθόντος
3039 2732 3146 2788 τοῦ
3185 2731 3465 2803 Ἀγρίππα
3508 2727 3592 2784 και

2048 2828 2161 2899 τῆς
2189 2830 2479 2898 Βερνίκης
2504 2828 2653 2900 μετὰ
2689 2826 2927 2896 πολλῆς
2973 2828 3338 2898 φαντασίας,
3375 2824 3467 2879 καὶ
3487 2824 3592 2878 εισ-

2048 2926 2352 2978 ελθόντων
2400 2926 2490 2990 εις
2525 2920 2595 2976 τὸ
2642 2920 3041 2992 ἀκροατήριον
3086 2923 3215 2977 σύν
3261 2937 3328 2975 τε
3359 2919 3476 2986 τοῖς
3517 2934 3593 2985 χι-

2048 3016 2316 3085 λιάρχοις
2353 3014 2451 3070 καί
2480 3013 2739 3083 ἀνδράσι
2770 3012 2896 3081 τοῖς
2922 3014 3049 3068 κατ’
3077 3013 3310 3084 ἐξοχὴν
3337 3006 3469 3067 οὖσι
3497 3007 3593 3078 τῆς

2051 3110 2303 3174 πόλεως,
2340 3107 2440 3163 καὶ
2494 3107 2904 3173 κελεύσαντος
2947 3104 3056 3161 τοῦ
3092 3105 3363 3175 Φήστου,
3400 3102 3541 3173 ἤχθη
3562 3103 3590 3156 ὀ

1972 3219 2017 3278 c
2051 3197 2314 3263 Παῦλος.

2120 3290 2233 3345 Καί
2255 3292 2446 3360 φῇσιν
2476 3291 2512 3345 ό
2539 3288 2811 3358 Φῆστος·
2859 3288 3154 3359 Ἀγρίππα
3184 3286 3465 3354 βασιλεῦ,
3508 3282 3590 3339 και

2050 3383 2276 3450 πάντες
2295 3386 2351 3438 ol
2372 3382 2797 3452 συμπαρόντες
2829 3380 3001 3451 ὑμεῖς
3019 3380 3061 3413 θ’
3098 3379 3338 3449 ἀνδρες,
3362 3374 3592 3445 θεωρεῖτε

2048 3476 2285 3544 τοῦτον,
2316 3476 2451 3544 περὶ
2495 3469 2569 3531 οὗ
2615 3472 2741 3531 πᾶν
2779 3472 2847 3528 τὸ
2898 3471 3134 3542 πλῆθος
3170 3472 3294 3527 τῶν
3327 3469 3591 3528 Ἰουδαίων

2048 3567 2340 3638 ἐνέτυχόν
2376 3583 2452 3638 με
2476 3568 2523 3601 ⁸⁸
2553 3566 2625 3621 ἐν
2672 3583 2737 3621 τε
2779 3567 3225 3636 Ἰεροσολύμοις
3250 3565 3349 3621 και
3389 3560 3588 3624 ἐνθάδε,

2050 3659 2407 3727 ἐπιϐοῶντες
2428 3659 2515 3730 μὴ
2548 3657 2676 3713 δεῖν
2696 3657 2803 3727 ζῆν
2827 3658 3015 3713 αὐτὸν
3034 3657 3275 3727 μηκέτι.

2120 3752 2232 3825 Kal
2270 3752 2409 3821 περί
2437 3768 2600 3817 τινος
2621 3749 2850 3819 Ἰησοῦ.
2881 3750 3120 3815 Εἰκότως
3147 3750 3282 3821 περὶ
3309 3750 3446 3812 τινὸς
3468 3747 3590 3815 λέγει

2061 3842 2261 3915 Ἰησοῦ,
2297 3842 2583 3912 ἄνθρωπος
2615 3843 2674 3897 ἐν
2708 3842 2850 3913 ἀρχῇ
2882 3839 2978 3908 ὢν,
3015 3841 3113 3896 καὶ
3142 3841 3338 3896 τοῦτον
3368 3841 3426 3896 οὐ
3453 3854 3591 3911 φρον-

2050 3935 2238 4001 τίζων.
2266 3934 2312 3967 ⁸⁸
2348 3933 2708 4005 ’Υπερέϐαινε
2736 3933 2795 3988 δὲ
2812 3933 2859 3966 ⁸⁸
2886 3933 3143 3988 δικαστοῦ
3169 3934 3390 4005 ἀκοᾶςή
3417 3931 3591 3987 τούτων

2052 4027 2304 4100 ζήτησις.
2335 4028 2442 4093 Είς
2478 4025 2596 4095 τήν
2639 4028 2749 4083 τοῦ
2791 4027 3095 4084 Σεϐαστοῦ
3136 4026 3472 4098 διάγνωσιν.
3507 4025 3590 4078 Σε-

2054 4117 2250 4173 ϐαστὸν
2289 4117 2746 4190 καταχρηστικῶς
2791 4118 2887 4173 τὸν
2925 4117 3148 4187 βασιλέα
3203 4118 3385 4174 καλετυ
3431 4115 3590 4183 ὥσπερ

2053 4210 2334 4282 Καίσαρα,
2369 4209 2430 4264 δν
2464 4212 2559 4264 καὶ
2589 4209 2781 4281 κύριον
2811 4209 2989 4265 καλεῖ.

2122 4392 2267 4461 Ἐγὼ
2289 4391 2359 4446 δὲ
2397 4392 2882 4461 καταλαϐόμενος
2926 4390 3124 4461 μηδὲν
3152 4391 3330 4456 ἀξιον
3364 4388 3589 4447 θανάτου

2052 4486 2243 4542 αὐτὸν
2279 4484 2672 4555 πεπραχέναι,
2697 4483 2795 4539 καὶ
2829 4482 3015 4539 αὐτοῦ
3071 4483 3142 4537 δὲ
3178 4485 3390 4540 τούτου
3413 4482 3588 4535 ἐπικα-

370 4560 578 4615 istemet
639 4562 750 4631 ipse
794 4561 1080 4631 appellarit
1130 4561 1441 4632 Augustum,
1474 4559 1640 4615 statui
1684 4573 1800 4612 eum
1831 4556 1944 4610 mit-

2072 4576 2401 4647 ιεσαμένου
2452 4576 2561 4631 τὸν
2604 4575 2929 4640 Σεϐαστὸν,
2966 4574 3178 4644 ἔκρινα
3228 4575 3475 4646 πέμπειν
3498 4571 3589 4625 αύ-

372 4657 499 4706 tere.

442 4738 615 4795 Vens.
646 4739 738 4795 26.
773 4739 853 4794 De
874 4756 976 4811 quo
1005 4740 1131 4811 quid
1157 4741 1284 4795 certi
1315 4742 1542 4795 scribam
1581 4740 1809 4803 domino,
1844 4753 1949 4792 non

373 4830 563 4886 habeo.
590 4827 939 4894 Quamobrem
968 4832 1193 4900 produxi
1222 4848 1339 4885 eum
1356 4831 1427 4886 ad
1451 4847 1560 4896 vos,
1590 4847 1654 4885 ac
1716 4828 1947 4883 maxime

373 4923 448 4977 ad
482 4930 550 4989 te,
570 4938 664 4976 rex
687 4922 944 4994 Agrippa,
970 4934 1025 4976 ut
1055 4924 1389 4995 inquisitione
1404 4927 1544 4997 facta
1570 4924 1790 4977 habeam
1809 4922 1947 4993 quod

370 5011 599 5067 scribam
626 5032 645 5066 :

445 5106 615 5162 Vsus.
651 5107 742 5161 27.
794 5108 1039 5163 Alienum
1094 5108 1232 5162 enim
1293 5126 1325 5162 a
1390 5111 1597 5164 ratione
1652 5112 1780 5166 mihi
1834 5130 1948 5169 esse

373 5197 602 5263 videtur,
683 5200 944 5255 hominem
1019 5217 1083 5255 ex
1135 5201 1354 5255 vinculis
1405 5218 1623 5257 causam
1685 5206 1947 5261 dicturum

372 5290 601 5355 mittere,
637 5300 686 5345 et
741 5292 966 5347 crimina
1029 5294 1277 5347 adversus
1317 5309 1433 5347 eum
1455 5294 1625 5349 allata
1656 5312 1759 5350 non
1781 5297 1947 5367 signi-

373 5382 555 5453 ﬁcare.

449 5471 589 5526 Eum
617 5475 749 5528 nihil
781 5476 994 5547 dignum
1017 5485 1181 5531 morte
1211 5477 1548 5533 commisisse.
1574 5478 1695 5535 Jam
1736 5482 1952 5538 tandem

2056 4672 2183 4723 τόν.

2125 4759 2266 4827 Περὶ
2314 4752 2389 4814 οὗ
2434 4755 2711 4826 ἀσφαλές
2757 4772 2815 4809 τι
2860 4756 3084 4826 γράψαι
3158 4755 3241 4821 τῷ
3289 4755 3463 4824 κυρίῳ
3496 4752 3588 4806 οὐκ

2054 4854 2193 4924 ἔχω.
2223 4854 2323 4907 Διὸ
2359 4851 2709 4921 προήγαγον
2750 4849 2937 4904 αὑτὸν
2971 4850 3066 4920 ἐφ’
3096 4850 3254 4919 ὑμᾶς
3281 4852 3348 4914 δ¹,
3377 4847 3468 4902 καί
3489 4843 3587 4915 pd-

2058 4952 2242 5002 λιστα
2297 4946 2397 5000 ἐπὶ
2442 4944 2581 5010 σοῦ,
2631 4941 2896 5007 βασιλεῦ
2952 4942 3254 5013 Ἀγρίππα,
3301 4942 3453 5006 ὅπως
3497 4935 3589 5005 τῆς

2056 5039 2427 5107 ἀνακρίσεως
2458 5024 2807 5108 γενομένης,
2836 5033 2970 5103 σχῶ
2992 5051 3049 5087 τι
3073 5032 3316 5103 γράψαι.

2133 5132 2385 5200 “107.0,-
2412 5130 2522 5200 γὰρ
2557 5128 2730 5184 δοκεῖ
2747 5146 2849 5199 μοι
2880 5125 3190 5196 πέμποντα
3218 5127 3477 5198 δέσμιονι
3503 5121 3576 5195 μὴ

2057 5218 2157 5274 καὶ
2177 5220 2284 5285 τὰς
2310 5218 2435 5273 κατ’
2455 5218 2642 5273 αὐτοῦ
2666 5219 2859 5286 αὶτίας
2887 5219 3172 5291 σημᾶναι.

2129 5481 2337 5551 Μηδὲν
2360 5480 2535 5547 ἀξιον
2557 5478 2817 5535 θανάτου
2845 5476 3034 5533 αὐτὸν
3061 5472 3439 5544 πεπραχέναι.
3464 5462 3586 5523 Τέως

1526 5626 1725 5689 Varius
1753 5628 2060 5691 lectiones
2105 5636 2165 5693 et
2208 5634 2397 5691 uota.

450 5725 494 5758 ³⁸
519 5723 585 5780 In
621 5724 844 5791 vulgatis
897 5725 948 5777 εί

411 5865 467 5941 φ’
496 5866 671 5943 ὑμῶν.

999 5724 1237 5800 βούλοιτο
1278 5725 1618 5800 Διιιτορειῖιξσθαι
1661 5730 1741 5791 εἰς
1806 5728 2188 5800 Ἰερουσαλήμ.

398 5796 471 5875 [riu
503 5812 614 5875 pot:
694 5795 736 5828 ”
766 5795 1015 5853 Videntur
1066 5799 1145 5854 hic
1179 5797 1332 5853 verba
1362 5795 1433 5852 ὀ.
1463 5797 1619 5853 Luca:
1668 5795 1944 5874 repetenda

2072 5795 2231 5875 πόροὺ
2240 5817 2398 5874 μενος
2455 5800 2510 5853 δὲ
2572 5795 2703 5871 ἔγω.

3003 5725 3050 5758 ³⁸
3078 5723 3143 5779 In
3191 5720 3407 5787 vulgatis
3430 5711 3583 5787 ἐνέτρ-

2289 5731 2333 5761 ⁸⁷
2376 5729 2437 5784 1η
2486 5728 2714 5798 vulgatis
2750 5726 2902 5830 qua.
3003 5726 3050 5758 ³⁸
3078 5726 3143 5779 In
3191 5726 3407 5787 vulgatis
3430 5726 3580 5790 ἐνετρ-

2289 5817 2398 5854 ενοε
2455 5800 2510 5853 δὲ
2572 5803 2703 5854 ἐγω.
2802 5799 2929 5853 ’ἴσ.
2971 5795 3099 5854 γάρ.
3206 5795 3246 5827 ⁸⁸
3278 5792 3339 5847 In
3386 5783 3580 5854 vulgatis

2802 5800 2823 5831 ⁹
2844 5799 2929 5853 τσ.
2971 5795 3099 5867 γάρ.
