3848 6574
179 430 269 496 82!

776 425 1182 488 EXPOSITIO
1216 426 1298 487 IN
1337 427 1529 488 ACTA
1564 427 2151 496 APOSTOLORUM.
2176 459 2246 471 -
2278 434 2437 496 CAP.
2464 433 2677 499 XXVI.

3312 434 3457 500 822?

176 545 468 617 όδικαστῇς
497 543 666 609 αὐτὸς
696 549 967 616 μαρτυρεῖ
996 544 1170 629 αὐτῷ,
1197 544 1283 597 ὅτι
1307 542 1601 607 ἀνεύθυνος
1628 540 1697 616 ἦν
1718 560 1731 576 ⁸

1855 550 2002 611 iudex
2048 552 2167 623 ipse
2203 552 2525 608 testiﬁcatur
2555 568 2681 608 eum
2719 566 2847 609 esse
2895 551 3280 610 innocentem:
3328 572 3442 613 νεα·

178 645 299 715 πλὴν
325 643 424 695 οὐκ
448 639 726 695 ἀπέλυσεν
750 638 936 704 αὑτὸν,
961 637 1134 701 οὕτως
1163 638 1624 710 οἰκονομήσαντος
1641 636 1738 691 τοῦ

179 736 386 806 Κυρίου,
420 733 509 786 ἵνα
560 730 930 800 ὲκκαλέσηται
964 732 1084 798 (καὶ
1128 731 1344 800 ἀνάγκη
1379 730 1507 795 τοὺς
1536 731 1740 805 ἐκκλή-

180 845 284 890 τους
311 824 629 896 πεμφθῆναι
654 827 730 888 εἰς
762 822 1038 894 Ῥώμην),
1082 822 1183 878 καὶ
1218 823 1480 895 πληρωθῇ
1517 823 1577 876 τὸ
1607 840 1739 894 προ-

174 916 418 989 φητευθὲν
448 915 542 968 ὑπ’
584 915 772 981 αὐτοῦ,
796 916 878 969 ὅτι
908 917 1010 970 Δεῖ
1044 932 1120 986 με
1166 915 1263 969 καὶ
1300 913 1533 985 Ῥώμην
1564 914 1735 972 ίδεῖν.

176 1015 299 1082 Ὅρα
326 1010 379 1064 δὲ
416 1008 535 1073 πῶς
571 1012 751 1064 πάντα
782 1008 829 1042 ⁸⁸
881 1010 1300 1081 ἀποδυσάμενος
1349 1008 1564 1073 Παῦλος
1607 1010 1736 1082 παρ’

96 1104 99 1108 ⁴
173 1100 243 1168 οἷς
264 1101 451 1172 ἐτέχθη
478 1100 578 1155 καὶ
617 1101 853 1173 ἐτράφη,
890 1102 1132 1175 καθαρὸς
1164 1102 1346 1172 πάσης
1373 1100 1606 1173 ὑποψίας
1636 1119 1736 1156 πο·

175 1197 324 1269 νηρᾶς
351 1194 627 1250 ἐπιϐαίνει
668 1198 734 1267 τῇ
776 1193 986 1267 Ῥώμῃ.

712 1379 969 1434 ΚΕΦΑΛ.
1023 1380 1172 1453 Kq'.

238 1472 547 1539 Ἀγρίππας
580 1470 651 1525 δὲ
685 1470 837 1540 πρὸς
875 1472 983 1524 τὸν
1012 1470 1259 1524 Παῦλον
1288 1468 1434 1538 ἔφη·
1475 1470 1735 1538 Ἐπιτρέ-

172 1565 318 1619 πεταί
358 1581 456 1617 σοι
486 1562 646 1631 ὑπὲρ
692 1561 956 1618 σεαυτοῦ
991 1562 1211 1631 λέγειν.
1247 1561 1387 1616 Τότε
1423 1564 1457 1618 ὁ
1489 1563 1734 1630 Παῦλος

169 1652 490 1722 ἀπελογεῖτο
517 1654 794 1722 ἐκτείνας
814 1656 928 1726 τὴν
955 1653 1123 1726 χεῷα
1139 1675 1155 1690 ·

224 1746 347 1816 Περὶ
388 1747 639 1801 πάντων
690 1742 779 1802 ὧν
814 1750 1181 1821 ἐγκαλοῦμαι
1219 1753 1338 1809 ὑπὸ
1402 1751 1729 1816 Ἰουδαίων,

165 1836 399 1901 ,ϐασιλεῦ
438 1839 736 1906 Ἀγρίππα
762 1880 777 1905 ,
834 1840 1059 1910 ἥγημαι
1121 1842 1384 1912 ἐμαυτὸν
1436 1841 1731 1912 μακάριον

170 1929 249 1984 ἐπὶ
285 1928 394 1984 σοῦ
427 1928 680 2000 μέλλων
701 1933 1129 2004 ἀπολογεῖσθαι
1156 1937 1445 2004 σήμερον,

225 2020 485 2075 Μάλιστα
522 2022 810 2092 γνώστην
841 2024 989 2079 ὄντα
1019 2043 1095 2080 σε
1133 2025 1376 2080 πάντων
1414 2024 1535 2080 τῶν
1571 2024 1720 2079 κατὰ

179 2112 478 2181 Ἰουδαίους
527 2115 575 2148 ⁸³
627 2115 784 2170 ἐθῶν
835 2133 899 2170 τε
953 2117 999 2150 ⁸⁸
1058 2120 1158 2172 καί
1213 2117 1574 2188 ζητημάτων.
1623 2115 1723 2170 Διό

169 2203 347 2273 δέομαί
368 2218 484 2260 σου
503 2208 905 2279 μακροθύμως
930 2209 1194 2265 ἀκοῦσαί
1220 2227 1366 2283 μου.

234 2391 339 2455 Τὴν
365 2390 481 2458 μὲν
506 2385 627 2446 οὖν
652 2391 876 2457 βίωσίν
897 2410 1018 2463 μου
1044 2390 1162 2459 τὴν
1190 2393 1259 2446 ἐκ
1294 2390 1575 2457 νεότητος
1606 2390 1724 2459 τὴν

169 2480 251 2534 ἀπ’
274 2480 452 2552 ἀρχῆς
476 2484 817 2553 γενομένην
847 2485 918 2539 ἐν
934 2485 1012 2551 τῷ
1031 2484 1190 2539 ἔθνει
1205 2501 1326 2555 μου
1351 2483 1423 2538 ἐν
1464 2482 1722 2551 Ἰεροσο-

171 2574 371 2641 λύμοις,
399 2575 572 2629 ἴσασι
604 2575 832 2643 πάντες
869 2580 924 2632 οἱ
947 2577 1249 2645 Ἰουδαῖοι,

228 2664 738 2734 Πρυτινώσκοντές
769 2684 843 2737 με
886 2669 1139 2736 ἀνωθεν,
1179 2669 1288 2725 ἐὰν
1320 2672 1540 2728 θέλωσι
1579 2690 1724 2742 μαρ-

172 2757 357 2824 τιφεῖν,
384 2758 472 2812 ὅτι
507 2760 690 2816 κατὰ·
717 2760 833 2831 τὴν
867 2762 1300 2833 ἀκριϐεστάτην
1327 2765 1564 2834 αἵρεσιν
1617 2764 1725 2836 τῆς

172 2849 428 2919 ἡμετέρας
460 2854 800 2923 θρησκείας
832 2855 1021 2925 ἔζησα
1053 2856 1403 2926 Φαρισαῖος.

229 3032 320 3086 Kal
375 3034 491 3089 νῦν
515 3035 612 3090 ἐπ’
669 3035 871 3091 ἐλπίδι
932 3037 1042 3107 τῆς
1087 3039 1239 3107 πρὸς
1289 3039 1434 3106 τοὺς
1459 3041 1720 3110 πατέρας

175 3122 500 3194 ἐπαγγελίας
553 3128 886 3199 γενομένης
939 3131 1058 3186 ὑπὸ
1115 3131 1223 3187 τοῦ
1265 3132 1442 3200 Θεοῦ,
1490 3133 1729 3203 ἕστηκα

175 3219 491 3285 κρινόμενος
505 3238 520 3254 ⁸

1842 651 2151 697 rumtamen
2202 657 2315 698 non
2388 642 2598 699 dimisit
2646 658 2771 699 eum
2831 645 2976 715 quod
3024 646 3290 702 Dominus
3346 648 3443 704 ita-

1841 743 2216 800 procurasset,
2265 741 2325 788 ut
2365 732 2571 789 Paulus
2593 745 2948 805 provocarat:
2980 751 3209 793 necesse
3236 747 3443 793 autem.

1839 832 1958 880 erat
1986 840 2083 880 eos
2109 826 2203 895 qui
2244 837 2640 895 provocassem
2670 826 2900 883 Romam
2934 828 3103 895 milli;
3138 839 3193 884 et
3225 828 3423 901 imple-

1839 924 1995 971 retur
2053 917 2106 972 id
2153 918 2299 988 quod
2357 918 2475 988 ipse
2531 920 2882 989 praedixerat,
2941 938 3164 993 nempe,
3202 921 3426 991 Oportet

1839 1025 1922 1062 me
1950 1008 2109 1062 etiam
2138 1008 2363 1063 Romam
2389 1011 2584 1064 videre.
2611 1010 2749 1067 Vide
2777 1019 2961 1065 autem
2989 1012 3432 1075 utPaulus,cnm

1839 1103 2037 1157 missos
2066 1101 2289 1157 fecisset
2313 1117 2509 1159 omnes
2555 1105 2698 1175 apud
2726 1120 2861 1175 quos
2894 1116 3054 1161 natus
3082 1114 3137 1160 et
3156 1105 3422 1160 educatus

1837 1202 1973 1260 erat,
2003 1209 2175 1264 purus
2208 1194 2277 1250 ab
2302 1194 2450 1250 omni
2476 1195 2783 1266 suspicione
2807 1195 3170 1266 improbitatis
3191 1195 3420 1253 Romam

1834 1287 2002 1343 venit.

2384 1375 2613 1433 CAPUT
2670 1375 2862 1431 XXVI.

1908 1468 2070 1525 Vens.
2105 1471 2155 1524 i.
2212 1470 2446 1541 Agrippa
2470 1479 2647 1525 autem
2664 1471 2733 1524 ad
2760 1469 2996 1525 Paulum
3020 1510 3035 1535 ,
3068 1470 3422 1537 Permutatur,

1832 1560 2235 1630 inquiebat,tibi
2256 1578 2351 1631 pro
2367 1562 2636 1632 temetipso
2655 1563 2850 1617 dicere.
2884 1561 3025 1616 Tunc
3071 1561 3276 1616 Paulus
3325 1575 3429 1617 τας

1836 1662 1987 1706 tensa
2019 1669 2181 1707 manu
2204 1654 2468 1723 respondit
2504 1669 2522 1708 :

1904 1744 2070 1799 Vens.
2100 1743 2155 1798 2.
2178 1744 2254 1798 De
2270 1745 2509 1799 omnibus
2531 1760 2752 1817 quorum
2766 1742 2802 1797 J
2808 1745 2945 1799 ιιάωὶ
2974 1760 3056 1798 me
3085 1743 3429 1805 insimulant,-

1833 1837 2064 1909 Agrippa
2082 1852 2196 1900 rex,
2226 1836 2470 1892 existimo
2495 1853 2578 1892 me
2605 1840 2839 1906 beatum,
2881 1838 2971 1907 qui
3008 1852 3227 1891 causam
3247 1836 3423 1890 dictu--

1752 1912 1799 1972 Β
1830 1947 1918 1985 rus
1947 1931 2047 1985 sim
2076 1931 2231 1986 hodie
2272 1933 2414 2003 apud
2445 1940 2514 1998 te,

1918 2114 2086 2171 Vens.
2120 2115 2175 2171 3.
2235 2115 2340 2181 Qui
2372 2116 2604 2171 maxime
2639 2118 2875 2189 coqnitas
2902 2118 3062 2174 habes
3107 2137 3285 2176 omnes
3312 2121 3427 2176 tur

1823 2210 2055 2263 divorum
2085 2208 2481 2263 consuetudines
2510 2217 2668 2279 atque
2688 2211 3018 2279 qua’stiones.
3045 2211 3399 2280 Quamobrem
3419 2242 3431 2251 ο

1824 2315 1916 2353 oro
1951 2306 2020 2363 te,
2079 2305 2136 2351 ut
2164 2297 2428 2367 patienter
2454 2313 2534 2352 me
2555 2299 2766 2354 audias.

1896 2389 2067 2447 Vsus.
2088 2390 2141 2446 4.
2166 2389 2244 2443 Ac
2270 2393 2432 2444 vitam
2447 2392 2656 2462 quidem
2677 2408 2846 2446 meant
2865 2393 3237 2463 abjuventute,
3254 2410 3428 2465 quam

1825 2484 1890 2538 ab
1921 2484 2075 2538 initio
2104 2484 2160 2538 in
2181 2494 2331 2556 gente
2355 2501 2471 2538 mea
2497 2482 2880 2555 Hierosolymis
2901 2486 3006 2556 egi,
3038 2486 3209 2540 sciunt
3236 2502 3425 2541 omnes

1821 2574 2021 2642 Judwi,

1896 2663 2139 2719 Vens.5.
2171 2664 2272 2728 Qui
2327 2664 2476 2735 longe
2508 2664 2629 2734 jam
2684 2673 2845 2719 antea
2911 2681 2994 2718 me
3040 2676 3313 2731 noverunt,
3363 2664 3414 2722 si

1780 2749 1990 2810 'velint
2059 2756 2368 2824 testiﬁcari,
2446 2772 2629 2825 nempe
2702 2758 2988 2810 secundum
3059 2759 3416 2812 accuratissi-

1827 2864 1970 2903 mam
2028 2856 2230 2903 sectam
2287 2856 2483 2905 nostra:
2540 2849 2810 2921 religionis
2875 2866 2958 2905 me
3018 2852 3211 2907 uixisse
3268 2852 3409 2907 Pha—

1830 2952 2066 2993 mtuum.

1908 3029 2075 3085 Vens.
2100 3029 2155 3085 6.
2207 3029 2275 3085 Et
2307 3047 2445 3085 nunc
2457 3040 2670 3102 propter
2696 3046 2838 3100 spem
2865 3034 3417 3103 reprasentandarunt

1831 3138 2016 3176 earum
2032 3136 2227 3185 rerum,
2258 3138 2390 3193 quas
2420 3122 2562 3178 Deus
2596 3122 2888 3194 majoribus
2913 3126 3103 3179 nostris
3147 3126 3421 3195 promisit.

1832 3227 1914 3272 sto
1942 3234 2156 3272 causam
2185 3217 2360 3273 dicens
2394 3232 2413 3271 :

233 3307 323 3371 Εἰς
369 3306 446 3376 ἢν
498 3310 568 3365 τὸ
631 3308 1066 3380 δωδεκάφυλον
1117 3313 1286 3382 ἡμῶν
1337 3316 1408 3369 ἐν
1457 3316 1727 3386 ἐκτενείᾳ

1909 3309 2074 3365 Vens.
2100 3311 2155 3364 7.
2189 3309 2339 3376 Quas
2368 3325 2449 3363 res
2467 3310 2756 3379 promissas
2788 3310 3059 3365 duodecim
3088 3321 3282 3389 natura:
3314 3329 3411 3366 na-

179 3399 338 3457 νύκτα
360 3405 456 3458 καί
495 3406 731 3477 ἡμέραν
758 3408 1052 3474 λατρεῦον
1081 3409 1299 3471 ἐλπίζει
1333 3413 1726 3481 καταντῆσαι.

179 3493 292 3563 Περὶ
312 3490 381 3566 ἧς
406 3497 663 3565 ἐλπίδος
685 3499 1074 3571 ἐγκαλοῦμαι,
1097 3502 1363 3567 ,ϐασιλεῦ
1411 3503 1725 3573 Ἀγρίππα,

180 3586 275 3639 ὑπὸ
315 3588 619 3645 Ἰουδαίων
645 3591 713 3648 ⁸⁸.

241 3680 293 3732 Τί
307 3697 326 3746 ;
371 3682 636 3739 ἄπιστον
683 3684 1114 3756 κρίνεται.παρ’
1152 3689 1314 3757 ὑμῖν,
1360 3690 1415 3743 el
1455 3687 1598 3756 Θεὸς
1628 3704 1725 3743 νε-

180 3771 335 3839 κροὺς
362 3774 570 3845 ἐγειρει
592 3793 615 3843 ;

236 3861 477 3934 Ἥγημιιι
528 3867 800 3937 ἐμαυτόν
843 3868 1163 3939 μακάριον,
1196 3871 1294 3925 ἐπὶ
1336 3872 1453 3927 σοῦ
1485 3871 1730 3942 μέλλων

179 3950 598 4025 ἀπολογεῖσθαι.
632 3959 818 4014 Ταῦτα
867 3960 1054 4030 ἔλεγεν
1099 3963 1160 4016 οὐ
1191 3963 1506 4018 κολακεύων
1533 3966 1596 4019 α.ιῖ
1610 3965 1722 4033 τὸν,

181 4040 350 4112 (ἄπαγε
370 4047 406 4116 ε)
439 4049 577 4104 ἀλλὰ
628 4050 718 4104 διὰ
754 4050 857 4121 τῆς
882 4052 1223 4126 ἡμερότητος
1256 4054 1516 4128 κερδᾶναι
1545 4055 1732 4128 βουλόο

184 4148 334 4220 ξενος.
377 4139 485 4193 Καὶ
533 4143 603 4195 ὲκ
650 4141 851 4214 μέρους
902 4144 1160 4216 ἐκέρδοινε
1200 4146 1294 4200 καὶ
1328 4147 1419 4200 τὸν
1469 4147 1732 4220 δικαστὴν

181 4216 320 4289 εἷλεν,
340 4230 367 4282 ὁ
392 4232 528 4299 τέως
558 4234 856 4300 κατάδικος
883 4231 1022 4298 εἶναι
1048 4216 1732 4312 νομιζόμενος.Παρόντων

182 4315 271 4387 γὰρ
305 4322 555 4381 ἁπάντων
604 4326 824 4397 ἔλεγενο
868 4330 966 4382 Ἐν
1000 4330 1182 4401 ὀλίγῳ
1220 4348 1293 4401 με
1338 4333 1566 4399 πείθεις
1603 4335 1733 4402 Χρι·

181 4414 402 4468 amaror
428 4421 733 4488 γενέσθαι.
752 4449 823 4461 -
853 4420 1137 4478 Μάλιστα
1166 4424 1450 4495 γνώστην
1480 4426 1625 4481 ὄντα
1657 4441 1733 4481 σε

182 4499 394 4559 πάντων
420 4509 537 4565 τῶν
571 4512 724 4568 κατὰ
756 4513 1091 4582 Ἰουδαίους
1133 4515 1286 4570 ἐθῶν
1329 4534 1394 4571 τε
1424 4517 1525 4572 καὶ
1564 4518 1734 4588 ζητη-

180 4592 374 4657 μάτων.
436 4603 632 4660 Καίτοι
674 4622 740 4675 γε
798 4608 848 4661 εἰ
887 4608 1108 4680 συνῄδει
1156 4609 1367 4680 ἑαυτῷ,
1425 4611 1732 4682 φοϐηθῆναι

186 4683 349 4754 έκρῆν.
403 4697 554 4768 παρὰ
587 4696 666 4768 τῷ
714 4699 893 4753 πάντα
948 4700 1109 4754 εἰδότι
1148 4700 1538 4773 δικαζόμενος·
1596 4704 1735 4758 ἀλλὰ

186 4775 399 4864 καθαροῦ
443 4787 751 4852 συνειδότος
781 4789 941 4844 τοῦτό
991 4791 1130 4856 ἐστι,
1165 4792 1242 4864 μὴ
1276 4793 1664 4861 παραιτεῖσθαι
1689 4794 1737 4827 *⁸

186 4862 450 4947 δικαστὴν,
515 4883 612 4935 τὸν
680 4883 926 4957 ἀκριϐῶς
986 4862 1173 4939 εἰδότα
1230 4862 1307 4940 ⁷’τὰ
1370 4887 1735 4958 γεγενημένα.

190 4958 369 5051 ¹ἶίσασι
407 4971 630 5042 πάντες
675 4977 730 5030 οί
766 4976 1074 5045 Ἰουδαῖοι,
1114 4979 1636 5050 προγινώσκοντές
1661 4999 1738 5051 με

187 5049 412 5117 ἀνωθεν.
442 5064 589 5120 ’Δντὶ
617 5067 735 5136 τοῦ,
766 5069 913 5122 ἴσασι
933 5069 993 5123 τὸ
1028 5049 1249 5141 ἀληθὲς,
1277 5070 1393 5124 ἀλλ’
1423 5072 1485 5124 οὐ
1525 5049 1737 5128 θέλουσι

193 5158 479 5226 μαρτυρεῖν,
512 5163 739 5234 ἑκουσίᾳ
762 5162 955 5235 γνώμῃ
989 5162 1310 5234 ψευδόμενοι
1344 5164 1439 5219 καὶ
1480 5166 1735 5238 ἁμαρτά-

191 5254 367 5309 νοντες.
418 5256 579 5311 Κατὰ
633 5258 749 5326 τὴν
784 5257 1224 5327 ἀκριϐεστάτην
1274 5260 1510 5329 αἵρεσιν
1553 5261 1738 5329 ἔζησα

192 5332 506 5412 Φαρισαῖος.
545 5348 889 5419 Σημειωτέον
941 5348 999 5402 δὲ
1058 5350 1140 5402 ὅτι
1195 5351 1288 5406 καὶ
1339 5353 1388 5405 οἱ
1451 5354 1739 5422 Φαρισαῖοι

194 5423 432 5495 αἱρετικοὶ
466 5440 594 5504 εἰσι,
644 5443 739 5494 καὶ
784 5440 1179 5511 ἀκριϐέστερον
1213 5441 1322 5496 τῶν
1364 5442 1539 5497 ἄλλων
1586 5444 1738 5514 αἱρέ-

197 5529 315 5573 σεων
328 5524 428 5579 τῶν
452 5530 752 5586 Ἰουδαϊκῶν
771 5532 867 5597 τὰς
890 5532 1109 5605 Γραφὰς
1134 5535 1537 5606 ἀνακρίνουσιν.
1553 5535 1738 5606 Ἀκρι-

1835 3402 1991 3457 tionis
2021 3402 2185 3456 tribus
2224 3402 2436 3455 assidue
2458 3411 2604 3456 nocte
2661 3419 2729 3455 ac
2752 3403 2839 3456 die
2876 3403 2983 3457 Deo
3028 3405 3308 3459 seruientes
3362 3421 3421 3458 se

1831 3502 2049 3564 sperant
2070 3501 2455 3548 consecuturus.
2471 3493 2548 3548 De
2565 3510 2668 3564 qua
2687 3511 2798 3564 spe,
2814 3510 2906 3550 rex
2923 3495 3177 3566 Agrippa,
3200 3513 3419 3551 accusor

1833 3587 1899 3641 ab
1927 3585 2153 3641 Iudaeis.

1937 3682 2096 3739 Vens.
2122 3687 2175 3739 8.
2202 3684 2343 3750 Quid
2359 3685 2385 3741 2
2422 3685 2725 3742 incredibile
2737 3687 3013 3756 judicatur
3032 3689 3175 3753 apud
3195 3701 3302 3751 vos,
3350 3686 3415 3740 ab

1835 3776 1944 3833 Deo
1976 3787 2206 3833 mortuos
2230 3770 2541 3834 exsuscitari
2566 3778 2590 3834 7
3084 3766 3085 3769 η

1910 3870 2069 3941 175
2093 3871 2352 3926 Existimo
2389 3888 2473 3926 me
2501 3877 2734 3937 beatum,
2782 3873 2872 3942 qui
2900 3888 3114 3927 causam
3182 3872 3420 3926 dicturus

1834 3963 1933 4017 sim
1968 3962 2122 4017 hodie
2148 3963 2291 4032 apud
2327 3971 2396 4018 te.
2429 3962 2557 4019 Haec
2583 3963 2798 4020 dicebat
2816 3978 2926 4019 non
2967 3962 3109 4033 quod
3142 3961 3418 4018 adulando

1835 4070 1961 4111 eum
1995 4055 2095 4110 sibi
2125 4054 2460 4123 conciliaret,
2485 4052 2695 4128 [absit].
2717 4054 2814 4111 sed
2837 4056 2982 4118 quod
2998 4054 3417 4111 mansuetudine
3442 4086 3447 4089 -

1836 4157 1999 4219 atque
2023 4147 2401 4203 moderatione
2447 4162 2547 4203 sua
2592 4162 2720 4203 eum
2759 4147 3078 4205 lucrifacere
3106 4147 3288 4203 vellet.
3320 4147 3417 4201 At-

1836 4257 1943 4312 que
1966 4255 2037 4296 ex
2064 4247 2220 4311 parte
2250 4239 2542 4304 lucrifecit,
2566 4248 2621 4296 et
2642 4240 2883 4310 iudicem
2928 4239 3096 4310 cepit,
3140 4254 3266 4295 cum
3301 4240 3416 4309 jam

1837 4346 1999 4391 antea
2053 4335 2456 4391 condemnatus
2506 4351 2629 4391 esse
2700 4344 3011 4406 putaretur.
3044 4335 3455 4391 Praesentibus-

1841 4429 1989 4484 enim
2013 4427 2268 4482 omnibus
2285 4426 2498 4482 dicebat
2518 4442 2531 4480 :
2555 4426 2758 4480 Parum
2789 4427 2932 4481 abest
2948 4427 3077 4498 quin
3098 4426 3419 4494 persuadeas

1840 4523 1990 4586 mihi,
2025 4532 2081 4575 ut
2115 4519 2444 4582 Christianus
2471 4517 2912 4584 evadam.'—Qui
2935 4520 3167 4574 mamime
3181 4518 3421 4590 cognitas

1840 4612 2001 4667 habes
2043 4610 2354 4666 Iudaeorum
2410 4620 2523 4664 tam
2593 4609 2990 4665 consuetudines
3050 4624 3212 4678 quam
3273 4622 3422 4679 qum-

1837 4703 2057 4757 stiones.
2091 4701 2254 4771 Atqui
2306 4700 2351 4755 si
2398 4700 2501 4754 sibi
2553 4699 2692 4754 male
2760 4699 3015 4756 conseius
3045 4706 3186 4764 erat,
3228 4699 3422 4754 timere

1840 4793 2149 4864 oportebat,
2172 4806 2295 4847 cum
2322 4806 2544 4846 causam
2576 4789 2789 4847 diceret
2839 4789 2984 4860 apud
3036 4787 3273 4860 judiccm
3329 4788 3422 4858 qui

1839 4885 2022 4943 omnia
2052 4885 2250 4941 sciret:
2283 4898 2472 4940 verum
2523 4896 2674 4952 purae
2720 4881 3070 4937 conscientia:
3098 4880 3310 4952 signum
3337 4888 3422 4935 est

1836 4982 1942 5036 hoc
1976 4995 2087 5036 non
2119 4993 2375 5035 recusare
2426 4976 2705 5047 iudicem,
2751 4975 2848 5046 qui
2896 4984 3149 5031 accurate
3187 4974 3326 5029 sciat
3355 4988 3419 5028 ca

1840 5088 1963 5144 qua:
1988 5071 2129 5127 facta
2163 5081 2312 5127 sunt.
2342 5069 2527 5124 Sciunt
2558 5085 2737 5124 omnes
2759 5069 2957 5134 Judwi,
2991 5068 3082 5138 qui
3105 5068 3258 5138 longe
3316 5066 3425 5131 iam

1845 5176 2004 5221 antea
2035 5181 2118 5219 me
2141 5172 2411 5218 noverunt.
2443 5162 2501 5217 ld
2528 5169 2632 5226 est,
2662 5160 2845 5215 sciunt
2903 5174 3090 5213 verum
3121 5173 3243 5213 esse
3279 5158 3421 5228 quod

1847 5260 1997 5318 dico.
2041 5258 2137 5313 sed
2162 5257 2358 5312 nolunt
2411 5255 2714 5318 testificari,
2754 5258 2948 5322 sponte
2971 5265 3067 5306 sua
3096 5233 3449 5326 mentientes;

1848 5363 2014 5424 atque
2032 5350 2283 5407 consulto
2299 5356 2612 5420 peccantes.
2645 5345 2941 5401 Secundum
2956 5342 3425 5413 exquisitissimam

1847 5454 2044 5498 sectam
2073 5459 2153 5497 me
2181 5442 2372 5496 vixisse
2402 5439 2758 5494 Pharisa’um.
2788 5435 3099 5490 Notandum
3128 5444 3212 5490 est
3240 5443 3420 5489 autem

1846 5535 2011 5591 etiam
2069 5532 2374 5587 Phariszcos
2415 5530 2705 5585 haereticos
2761 5538 2817 5582 ct
2867 5525 3131 5583 scctarios
3180 5539 3324 5590 esse,
3370 5534 3426 5580 ct

1364 5671 1567 5734 νοτία)
1614 5673 1924 5735 lectiones
1968 5676 2031 5733 et
2075 5676 2269 5731 ηοῐεο.

207 5800 429 5897 “illo.
461 5817 684 5897 πάντας,
790 5818 928 5897 “.ln
951 5819 1187 5897 _vulga_t_is

262 5870 393 5943 ἠθῶν
432 5901 488 5939 τε
508 5870 629 5947 Vest
647 5870 713 5945 vin
763 5870 1008 5959 rutila—tis.

1257 5821 1468 5890 μέλλων
1523 5820 1728 5887 ἀπο).ογ

1855 5837 1908 5872 αι
1969 5818 2061 5870 ἐπὶ
2091 5814 2210 5890 σοῦ,
2241 5824 2312 5890 _et
2349 5813 2508 5890 paulo
2573 5820 2715 5890 post,
2754 5813 2896 5890 κατὰ
2961 5814 3085 5879 τοὺς
3114 5812 3427 5879 Ἰουδαίους.

1114 5892 1157 5924 ⁸⁸
1189 5882 1295 5945 ὑπὸ
1350 5891 1458 5945 τῶν
1509 5882 1731 5946 Ἰυυδῖιίὶι

1855 5898 1903 5944 st
1944 5890 1996 5942 in
2046 5886 2296 5959 vulgatis.
2349 5882 2436 5942 "°,
2481 5882 2871 5954 παραιτῆσῦαι,
2903 5892 3034 5939 erat.
