3848 6552
168 412 256 479 825

790 412 1194 475 EXPOSITIO
1223 414 1303 475 ΙΝ
1349 416 1540 477 ACTA
1569 415 2148 481 APOSTOLORUM.
2175 442 2255 484 -.
2275 417 2432 481 CAP.
2462 418 2677 483 XXVI.

3270 397 3394 485 διε

169 526 355 581 δύναται
379 524 775 596 παραδέξασθαι
796 529 934 598 ἀκοὴ
961 529 1252 601 ἀνθρώπου
1279 531 1485 599 λαλεῖν,
1503 530 1700 603 ’Υπερ-

1822 549 2145 606 :ompararc,
2176 536 2636 606 quemadmodum
2680 548 2845 591 aures
2880 532 3130 591 hominis
3146 533 3380 590 locutio-

169 619 273 691 νικᾷ
294 618 347 671 τὸ
374 617 590 688 ἡλιακὸν
617 621 793 675 ἐκεῖνο
817 621 954 691 φῶς,
986 623 1168 694 φήσας
1190 623 1261 680 ⁸⁸.

223 798 397 862 Ὅθεν,
428 798 692 864 ,ϐασιλεῦ
719 801 1024 871 Ἀγρίππα,
1059 805 1172 861 οὐκ
1194 802 1494 878 ἐγενόμην
1523 800 1692 861 ἀπει-

166 889 255 957 θὴς
274 887 341 956 τῇ
367 891 613 957 οὐρανίῳ
643 891 927 962 ὀπτασίᾳ,

220 982 372 1036 Ἀλλὰ
392 982 510 1049 τοῖς
534 984 605 1037 έν
629 984 923 1055 Δαμασκῷ
947 988 1185 1057 πρῶτον
1212 989 1310 1044 καί
1341 988 1411 1045 ἐν
1432 989 1478 1023 ⁸³
1517 989 1694 1059 Ἰερο-

164 1075 446 1144 σολύμοις,
503 1077 590 1143 είς
635 1077 844 1135 πᾶσάν
881 1097 946 1137 τε
981 1080 1099 1148 τὴν
1150 1082 1351 1151 χώραν
1396 1081 1510 1151 τῆς
1544 1081 1695 1138 Ἰου-

165 1167 321 1234 δαίας.
362 1166 603 1236 καὶτοῖς
648 1172 891 1228 ἔθνεσιν
931 1175 1326 1247 ἀπήγγελλον
1367 1173 1690 1246 μετανοεῖν

165 1259 240 1313 καὶ
264 1258 624 1328 ἐπιστρέφειν
648 1262 744 1318 ἐπὶ
774 1266 883 1319 τὸν
908 1268 1077 1335 Θεὸν,
1102 1267 1240 1334 ἄξια
1255 1266 1363 1338 τῆς
1374 1267 1697 1339 μετανοίας

164 1348 279 1418 ἔργα
305 1347 705 1419 πράσσοντας.

222 1529 325 1583 Οὐκ
357 1530 649 1600 ἐγενόμην
682 1533 960 1602 ἀπειθὴς.
980 1533 1204 1601 Τούτοις
1226 1535 1505 1608 ἐπείσθην,
1531 1534 1693 1605 φησί·

163 1618 299 1688 ταύτῃ
325 1622 385 1689 τῇ
428 1620 669 1693 ὀπτασίᾳ
700 1640 770 1692 με
812 1627 1152 1697 ἐπηγάγετο,
1186 1629 1279 1681 καὶ
1305 1626 1477 1691 οὕτως
1509 1627 1697 1681 ἔπεισε

166 1708 224 1780 μὴ
244 1706 615 1764 ἀναϐάλλεσθαι
645 1712 921 1770 Ὂπτασία
939 1717 997 1770 δέ
1025 1718 1174 1799 ὲσςιιν
1197 1719 1229 1789 ἡ
1255 1716 1471 1789 καθαρὰ
1494 1716 1698 1788 Θεωρία

165 1802 191 1868 ἡ
217 1800 587 1869 ὑπερϐαίνουσα
615 1803 903 1875 ἄνθρωπον
922 1825 938 1840 ο
978 1810 1116 1878 ὅπερ
1129 1826 1211 1873 τις
1242 1811 1300 1863 ὲν
1330 1810 1495 1880 σαρκὶ
1527 1808 1603 1863 ὢν
1640 1809 1685 1842 ⁸⁵

1791 642 1916 681 nem
1943 628 2198 700 accipere
2224 638 2479 699 possunt,
2502 626 2638 685 Illud
2702 627 2912 695 lumen,
2974 626 3174 698 inquit,
3222 627 3382 699 longe

1794 731 2023 790 superat
2050 722 2239 779 lumen
2274 722 2484 779 solare.

1870 809 2030 869 Vens.
2062 812 2151 868 t9.
2192 813 2356 880 Unde,
2381 829 2475 868 rea:
2494 813 2756 885 Agrippa,
2791 828 2895 868 non
2939 812 3018 883 {ui
3069 811 3262 867 cwlesti
3303 811 3383 867 vi-

1794 902 1930 957 sioni
1952 903 2256 958 inobediens
2281 914 2335 973 ε,

1866 990 2030 1049 Vnus.
2079 994 2171 1050 20.
2213 994 2319 1050 Sed
2368 996 2600 1066 priurum
2656 997 2723 1052 iis
2768 996 2858 1068 qui
2891 995 3142 1050 Damasci
3176 1004 3225 1050 et
3259 994 3386 1051 Hie-

1796 1083 2074 1154 rosolymis
2091 1084 2430 1150 habitabant,
2457 1095 2506 1141 et
2528 1103 2736 1142 omnem
2781 1102 2971 1159 agrum
2996 1086 3196 1140 ,Ιιιιιιειε
3232 1086 3382 1139 inco-

1798 1172 2049 1240 lentibus,
2074 1183 2235 1243 alque
2255 1174 2417 1228 etiam
2434 1175 2737 1229 nationibus
2761 1175 2989 1229 externis
3002 1172 3383 1243 denuntiabant

1797 1272 1854 1318 ut
1881 1255 2318 1334 resipiscerent'et
2346 1265 2416 1319 ad
2455 1265 2736 1319 sanitatem
2754 1265 3019 1330 redirent,
3042 1272 3091 1318 et
3110 1265 3182 1318 ad
3211 1262 3384 1319 Deum

1796 1372 1850 1410 se
1867 1365 2250 1422 conuerterent,
2283 1373 2347 1411 ac
2373 1358 2606 1428 facerent
2643 1372 2804 1426 opera
2827 1372 2944 1426 qua:
3003 1357 3166 1426 digna
3216 1365 3384 1413 essent

1798 1447 1885 1510 iis,
1919 1447 2009 1517 qui
2035 1448 2373 1518 resipuissent
2392 1456 2439 1503 et
2462 1448 2531 1503 ad
2551 1448 2832 1502 sanitatem
2867 1447 3164 1502 rediissem.

1872 1537 1999 1594 Non
2029 1539 2106 1609 fui
2165 1540 2489 1594 inobediens.
2515 1541 2635 1603 His,
2660 1538 2857 1609 inquit,
2885 1537 3040 1609 parui
3068 1544 3125 1592 et
3168 1538 3386 1592 obtent-

1798 1628 2025 1702 peravi:
2068 1643 2132 1684 ac
2172 1629 2387 1685 visione
2416 1644 2505 1685 me
2533 1629 2781 1696 adduxit,
2816 1637 2982 1699 atque
3011 1628 3086 1683 ita
3116 1625 3388 1698 persuasit

1802 1730 1864 1776 ut
1894 1736 2014 1776 rem
2038 1735 2153 1776 non
2183 1720 2485 1777 differrem.
2522 1719 2677 1778 Visio
2696 1729 2881 1776 autem
2907 1728 2991 1775 est
3024 1734 3161 1790 pura
3188 1733 3388 1790 specu;

1804 1813 1932 1869 latio
1956 1821 2120 1884 atque
2148 1813 2539 1885 contemplatio
2586 1827 2855 1884 superans
2886 1812 3181 1867 humanam
3227 1817 3388 1865 natu-

164 1889 261 1958 δέχα
284 1889 366 1943 τοῦ
398 1893 853 1967 ἀποκαλυφθῆναι
886 1899 1053 1954 αὑτοῦ
1076 1900 1204 1965 τοὺς
1235 1901 1566 1974 ὀφθαλμοὺς,
1598 1902 1700 1957 οὐκ

1822 1919 1965 1959 am:
2015 1918 2160 1974 quae,
2198 1904 2305 1957 nisi
2342 1902 2487 1958 oculi
2534 1901 2841 1972 cuiuspiam
2884 1899 3090 1956 fuerint
3138 1899 3385 1968 revelati,

161 1983 278 2037 ἔστιν
309 1983 427 2038 ἰδεῖν
453 1986 679 2042 δυνατόν
701 2027 720 2044 .

221 2078 405 2131 Ἕνεκα
435 2080 665 2133 τούτων
704 2099 782 2150 με
829 2085 886 2138 οι
929 2083 1206 2140 Ἰουδαῖοι
1243 2088 1694 2158 συλλαϐόμενοι

161 2169 214 2222 ἐν
235 2168 301 2234 τῷ
333 2169 457 2238 ίερῷ
480 2171 804 2240 ἐπειρῶντο
835 2174 1340 2245 διαχειρίσασθαι.

210 2261 558 2331 Ἐπιιιουρίιις
607 2261 729 2321 οὖν
779 2268 980 2336 τυχὼν
1019 2268 1129 2338 τῆς
1166 2272 1327 2340 παρὰ
1379 2270 1487 2327 τοῦ
1523 2274 1696 2341 Θεοῦ,

163 2354 271 2422 ἄχρι
299 2353 398 2422 τῆς
420 2356 647 2425 ἡμέρας
674 2359 901 2427 ταύτης
932 2360 1164 2429 ἕστηκα
1184 2366 1636 2436 μαρτυρόμενος
1651 2367 1698 2399 ⁵⁸

160 2443 311 2515 μικρῷ
339 2463 398 2500 τε
424 2448 520 2501 καί
545 2450 817 2520 μεγάλῳ,
857 2453 1040 2507 οὐδὲν
1067 2454 1244 2522 ἐκτὸς
1278 2457 1476 2526 λέγων
1522 2451 1611 2512 ὧν
1635 2475 1700 2511 τε

164 2540 204 2591 el
225 2539 490 2609 προφῆται
535 2542 864 2613 ἐλάλησαν
888 2550 1245 2616 μελλόντων
1270 2550 1566 2620 γίνεσθαι,
1600 2550 1701 2606 καὶ

163 2633 382 2699 Μωῦσῆς
400 2652 413 2666 ·

220 2727 277 2778 Et
297 2726 547 2795 παθητὸς
575 2731 608 2783 ό
661 2731 941 2799 Χριστὸς.
970 2735 1021 2787 sl
1053 2732 1285 2803 πρῶτος
1323 2734 1394 2802 ἐξ
1434 2734 1700 2791 ἀναστά-

162 2830 284 2883 σεως
309 2819 525 2886 νεκρῶν
560 2820 693 2890 φῶς
726 2821 940 2892 μέλλει
987 2827 1423 2897 καταγγέλλειν
1447 2826 1525 2894 τῷ
1573 2826 1703 2893 λαῷ

164 2910 236 2962 καί
261 2909 372 2976 τοῖς
388 2912 655 2968 ἔθνεσιν.

221 3091 385 3147 Οὐδὲν
411 3094 582 3161 ἐκτὸς
621 3096 820 3165 λέγων
885 3088 974 3152 ὧν
1008 3115 1072 3153 τε
1116 3102 1171 3154 οἱ
1214 3100 1536 3172 προφῆται.
1577 3103 1703 3159 Ὅτι

167 3181 242 3250 μὲν
257 3185 298 3235 οἱ
326 3186 590 3268 προφῆται
626 3186 900 3257 ἐλάλησαν
936 3190 1065 3259 περὶ
1091 3191 1184 3242 τοῦ
1212 3191 1418 3255 πάθους
1440 3194 1533 3246 τοῦ
1565 3196 1703 3265 Χρι-

167 3273 283 3337 στοῦ,
314 3276 556 3346 περιττὸν
594 3277 668 3329 τὰ
722 3278 965 3350 πρόδηλα
1000 3280 1180 3349 λέγειν
1201 3299 1216 3313 ο
1247 3283 1329 3337 ὅτι
1364 3284 1422 3338 δὲ
1470 3287 1700 3358 Μωσῆς,

166 3363 290 3434 δῆλον
332 3368 388 3420 ἐκ
437 3368 528 3422 τοῦ
564 3372 747 3424 εἰπεῖν
790 3372 954 3426 αὐτὸν
1003 3373 1080 3437 ὡς
1131 3375 1196 3428 ὲκ
1249 3377 1547 3448 προσώπου
1605 3378 1701 3432 τοῦ

176 3454 343 3509 Ἰούδα·
384 3458 474 3526 Ὠς
540 3460 706 3515 λέων
754 3463 1084 3527 ἀναπεσὼν
1137 3465 1423 3537 ἐκοιμήθη
1470 3469 1567 3524 καὶ
1623 3469 1703 3538 ὡς

166 3546 392 3618 σκύμνος
416 3553 670 3621 λέοντος
688 3572 702 3587 ·
727 3558 820 3623 τίς
845 3557 1034 3627 ἐγερεῖ
1052 3561 1097 3591 ⁸⁷
1120 3561 1347 3625 αὐτάνὲ
1371 3562 1565 3630 Σαφῶς
1591 3562 1702 3634 γὰρ

166 3638 236 3690 τὸν
264 3641 470 3700 θάνατον
503 3646 597 3701 τοῦ
628 3648 867 3719 Χριστοῦ
915 3651 1009 3707 καὶ
1034 3651 1148 3722 τῆν’
1167 3652 1463 3706 ἀνάστασιν
1502 3654 1703 3725 σημαί-

166 3745 258 3783 νει·
304 3735 388 3788 καὶ
423 3725 526 3808 μὴν
560 3740 663 3792 καὶ
713 3739 773 3792 τὸ
816 3740 1011 3805 πάθος,
1050 3742 1119 3795 δι’
1169 3736 1244 3797 ὧν
1296 3742 1457 3799 πάλιν
1497 3745 1700 3814 φησίνο

168 3821 392 3890 Ὀψεσθε
425 3827 538 3897 τὴν
587 3828 746 3897 ζωὴν
775 3831 946 3900 ὑμῶν
982 3833 1274 3889 ἀπέναντι
1314 3835 1431 3890 τῶν
1476 3837 1702 3905 ὀφθαλ-

162 3910 277 3979 μῶν
298 3914 453 3986 ὑμῶν
473 3920 856 3992 κρεμαμένην
885 3923 953 3978 ⁸⁸.
977 3924 1211 3993 Πρῶτος
1243 3926 1311 3980 δὲ
1341 3927 1410 3992 ἐξ
1437 3928 1704 3983 ἀναστά-

165 4018 291 4075 σεως
309 4011 545 4081 νεκρῶν.
573 4043 649 4054 --
684 4014 907 4085 Πρῶτος
924 4014 1031 4086 γὰρ
1054 4010 1208 4083 οὗτος
1238 4020 1459 4089 ἀνέστη,
1488 4021 1582 4074 καὶ
1608 4020 1707 4074 οὐκ

166 4095 229 4149 ἔτι
255 4101 590 4176 ἀποθνήσκει.
630 4107 694 4161 Οἱ
715 4107 822 4178 γὰρ
847 4108 1182 4173 ἀναστάντες
1207 4110 1273 4163 δι’
1302 4111 1490 4176 αὑτοῦ,
1537 4112 1569 4183 ἦ
1596 4111 1704 4167 τῶν

169 4190 406 4262 μαθητῶν,
451 4199 619 4252 πάλιν
652 4200 925 4255 ἀπέθανον
960 4202 1064 4266 ἕως
1102 4203 1200 4274 τῆς
1239 4202 1534 4274 καθολικῆς
1572 4204 1705 4258 ἀνα-

168 4284 370 4353 στάσεως
395 4289 703 4360 μέλλοντες.

225 4470 394 4527 Ταῦτα
451 4474 519 4528 δὲ
566 4474 758 4529 αὐτοῦ
805 4475 1300 4546 ἀπολογουμένου
1333 4520 1345 4543 ,
1394 4479 1426 4532 ό
1467 4477 1708 4547 Φῆστος

161 4559 360 4632 μεγάλῃ
396 4565 469 4635 τῇ
529 4565 704 4637 φωνῇ
745 4582 898 4637 φησι
936 4567 1013 4600 ⁸⁸·
1058 4568 1284 4636 Μαίνῃ,
1342 4568 1583 4632 Παῦλε-ς
1631 4570 1705 4625 τὰ

165 4655 335 4739 πολλὰ
359 4673 428 4712 σε
466 4658 779 4728 γράμματα
821 4662 907 4726 είς
939 4661 1166 4730 μανίαν
1196 4660 1501 4730 ἐπιτρέπει
1523 4663 1594 4716 ⁸ο.

232 4742 287 4797 '0
331 4746 413 4815 δὲ,
448 4752 529 4805 Οὐ
565 4751 870 4819 μαίνομαι,
929 4752 1104 4821 φησι,
1159 4751 1439 4820 κράτιστε
1481 4752 1707 4823 Φῆστε,

167 4832 300 4891 ἀλλὰ
342 4841 626 4911 ἀληθείας
667 4844 765 4897 καὶ
818 4843 1224 4913 σωφροσύνης
1268 4843 1510 4914 ῥήματα
1562 4845 1711 4903 ἀπο-

167 4929 481 5002 φθέγγομαι.

234 5021 563 5083 Ἑπίσταται
582 5027 693 5100 γὰρ
723 5028 858 5097 περὶ
893 5028 1123 5083 τούτων
1148 5031 1181 5084 ό
1204 5030 1527 5097 βασιλεὺς,
1558 5031 1710 5100 πρὸς

165 5109 225 5163 ὃν
267 5118 353 5170 καὶ
381 5118 930 5190 παρρησιαζόμενος
976 5119 1148 5177 λαλῶ
1167 5137 1181 5152 ·
1221 5122 1549 5179 λανθάνειν
1596 5122 1708 5195 γὰρ

167 5205 326 5262 αὐτόν
348 5229 400 5266 τι
425 5215 651 5269 τούτων
675 5216 748 5270 οὺ
779 5215 1055 5285 πείθομαι
1084 5214 1286 5271 οὐδέν.

223 5347 264 5383 ⁸³
288 5350 417 5410 Gen.
453 5372 599 5425 χιιι,
639 5355 695 5412 9.
757 5357 802 5390 ⁸⁸
834 5356 992 5413 Deut.
1017 5370 1212 5425 χχχιιι,
1251 5357 1341 5414 66.

1797 1996 1970 2052 videri
1992 2009 2057 2051 ac
2087 1994 2377 2051 cerni‘non
2402 2003 2604 2065 potest.

1798 2148 1801 2151 _
1859 2087 2028 2142 Vsus.
2071 2086 2164 2142 21.
2198 2084 2426 2157 Propter
2453 2087 2566 2140 hare
2605 2083 2788 2139 Judaei
2855 2082 3285 2155 comprehensum
3332 2081 3387 2136 in

1800 2180 1994 2250 templo
2018 2196 2100 2235 me
2122 2179 2302 2233 conati
2329 2187 2451 2233 sunt
2478 2178 2778 2248 interﬁcere
2802 2193 2821 2231 ε

1870 2270 2034 2327 Vens.
2065 2270 2157 2324 22.
2183 2268 2288 2325 Sed
2307 2269 2573 2323 auxilium
2593 2285 2624 2321 a
2644 2268 2751 2323 Deo
2774 2275 3101 2332 consecutus,
3133 2265 3204 2319 ad
3248 2263 3389 2318 hunc

1800 2382 1963 2436 usque
1990 2364 2131 2419 diem
2159 2372 2241 2418 sto
2272 2363 2560 2433 testi/icon:
2601 2370 2711 2417 tam
2752 2377 2913 2431 paruo
2956 2375 3117 2431 quam
3175 2372 3386 2428 magno,

1801 2459 1935 2517 nihil
1962 2461 2137 2514 dicens
2150 2466 2431 2527 praeterea,
2462 2472 2580 2527 qua:
2616 2465 2726 2510 tum
2748 2454 2938 2527 reliqui
2951 2451 3238 2524 prophetat,
3274 2461 3387 2506 tum

1801 2553 2003 2623 Moyses
2019 2551 2204 2621 futura
2220 2565 2328 2604 esse
2361 2549 2726 2619 pra’dixerunt
2741 2560 2763 2601 :

1876 2731 2039 2787 Vens.
2070 2731 2162 2786 2'5.
2204 2730 2285 2784 An
2318 2728 2577 2798 supplicio
2619 2727 2919 2798 afﬁciendus
2939 2726 3098 2797 [suerit
3123 2724 3387 2790 Christus,

1804 2839 1876 2877 an
1900 2823 2104 2891 primus
2125 2836 2189 2875 ex
2206 2822 2292 2888 iis,
2314 2821 2406 2889 qui
2417 2834 2482 2873 ea:
2499 2819 2725 2873 mortuis
2766 2817 3196 2881 resurrexissent,
3222 2813 3391 2868 lucem

1804 2913 1927 2967 huic
1948 2912 2141 2982 populo
2185 2920 2345 2982 atque
2365 2909 2667 2967 nationibus
2680 2908 2945 2964 extraneis
2967 2908 3390 2961 annuntiaturus

1806 3016 1958 3062 88881.

1876 3098 2027 3153 Nihil
2053 3099 2229 3154 dicens
2253 3103 2608 3169 pra’terquam
2632 3112 2715 3161 ea,
2778 3109 2895 3166 qua:
2939 3100 3225 3164 prophetat.
3256 3090 3396 3148 Prov

1806 3193 2002 3265 phetas
2021 3193 2242 3263 quidem
2264 3192 2334 3247 de
2366 3188 2639 3261 supplicio
2667 3187 2875 3244 Christi
2906 3187 3120 3244 locutos
3135 3200 3277 3252 esse,
3296 3200 3393 3241 su-

1809 3301 2149 3357 pervacuum
2167 3293 2252 3340 est
2274 3284 2460 3338 dicere
2495 3296 2558 3337 ea
2595 3295 2718 3351 quae
2746 3278 3034 3335 manifesta
3070 3287 3201 3333 sunt
3235 3293 3251 3333 :
3295 3276 3392 3332 sed

1808 3372 2028 3447 Moysen
2066 3372 2117 3427 id
2144 3371 2486 3442 praedixisse,
2518 3377 2671 3441 patet
2699 3385 2765 3423 ex
2785 3384 2870 3433 eo,
2922 3367 3067 3439 quod
3102 3367 3220 3436 ipse
3259 3366 3396 3423 dixit

1807 3464 1964 3537 quasi
1989 3479 2056 3519 ex
2089 3477 2321 3533 persona
2341 3460 2495 3517 Judre
2522 3478 2537 3517 :
2578 3464 2850 3532 Tanquam
2867 3460 2948 3514 leo
2965 3460 3242 3529 resupinus
3268 3459 3394 3512 dor-

1807 3553 1953 3608 mivit
1974 3562 2023 3608 et
2050 3562 2306 3625 tanquam
2332 3551 2537 3607 catulus
2551 3551 2748 3606 leonis:
2772 3551 2887 3622 quis
2903 3550 3152 3605 excitabit
3171 3549 3348 3604 eunt“
3370 3549 3395 3604 Ἰ

1814 3660 1940 3699 nam
1973 3657 2163 3716 aperte
2199 3652 2433 3700 mortem
2465 3642 2671 3700 Christi
2704 3658 2767 3700 ac
2794 3643 3256 3699 resurrectionem
3317 3642 3395 3698 si-

1811 3735 2056 3807 gniﬁcat,
2110 3744 2273 3806 atque
2302 3736 2465 3790 etiam
2510 3733 2837 3806 supplicium
2886 3750 2982 3805 per
3014 3749 3102 3798 ea,
3130 3749 3251 3804 quae
3271 3748 3395 3789 rur-

1809 3842 1905 3884 sus
1928 3828 2061 3884 dicit
2094 3829 2182 3882 ":
2233 3826 2483 3883 Videbitis
2554 3829 2715 3881 sitam
2756 3837 2987 3901 vestram
3035 3836 3157 3882 ante
3218 3825 3394 3881 oculos

1804 3931 1998 3977 uestros
2023 3924 2352 3991 pendentem.
2380 3953 2452 3962 —
2482 3922 2693 3976 Primus
2723 3923 2842 3977 item
2861 3938 2925 3976 ex
2946 3922 3011 3976 iis
3055 3922 3143 3991 qui
3161 3935 3225 3976 ea;
3251 3934 3395 3975 mor-

1804 4017 1910 4069 tuis
1936 4015 2368 4071 resurrexissent.
2450 4014 2551 4071 Hic
2574 4015 2723 4070 enim
2753 4015 2910 4085 177
2951 4015 3163 4085 primus
3208 4027 3398 4068 resur-

1811 4107 1975 4172 rexit,
2007 4115 2189 4162 etnon
2212 4106 2445 4178 amplius
2474 4106 2710 4163 moritur
2737 4124 2750 4160 :
2774 4121 2901 4161 nam
2942 4106 3037 4176 qui
3076 4120 3173 4176 per
3217 4105 3396 4175 ipsum

1810 4206 1907 4255 aut
1955 4197 2257 4269 discipulos
2278 4198 2400 4269 ejus
2424 4198 2744 4255 exsuscitati
2783 4207 2936 4264 sunt,
2962 4214 3153 4254 rursus
3194 4196 3396 4253 mortui

1812 4300 1963 4357 sunt,
1993 4291 2456 4347 resurrectionem
2489 4292 2803 4347 dill‘erentes
2823 4307 2995 4362 usque
3020 4292 3086 4346 ad
3114 4291 3397 4349 universa-

1808 4383 1919 4440 lem
1958 4385 2438 4439 resurrectionem.

1879 4472 2043 4528 Vnus.
2087 4474 2176 4528 24.
2214 4472 2346 4529 Cum
2385 4483 2561 4528 autem
2593 4474 2671 4528 ita
2706 4489 2924 4554 causam
2949 4489 3049 4543 pro
3072 4490 3129 4529 se
3174 4473 3393 4537 diceret,

1819 4564 2009 4621 Festus
2044 4583 2238 4639 magna
2265 4582 2384 4622 voce
2411 4566 2545 4620 dixit
2570 4582 2588 4620 :
2618 4565 2858 4627 Insanis.
2893 4564 3108 4621 Paule?
3138 4564 3320 4620 multa
3348 4575 3398 4620 te

1822 4663 2013 4719 litterte
2042 4664 2284 4735 redigunt
2309 4664 2380 4717 ad
2404 4664 2689 4719 insaniam.

1888 4754 2052 4811 Vsus.
2081 4756 2171 4812 25.
2194 4759 2262 4810 At
2289 4754 2378 4811 ille
2403 4771 2422 4810 :
2447 4754 2568 4810 Non
2594 4756 2824 4819 insanio,
2851 4755 3042 4826 inquit,
3069 4753 3399 4824 prwstantis-

1817 4849 1946 4904 sime
1980 4849 2153 4914 Feste,
2178 4850 2269 4905 sed
2297 4866 2418 4905 vera
2443 4866 2507 4904 ac
2537 4866 2668 4904 sana
2695 4849 2853 4905 verba
2875 4848 3106 4919 profero.

1887 5029 2047 5085 Vens.
2080 5029 2171 5084 96.
2209 5028 2318 5084 Scit
2350 5030 2490 5084 enim
2526 5030 2590 5084 de
2616 5030 2695 5084 his
2720 5044 2836 5097 rex,
2864 5029 2936 5084 ad
2967 5044 3122 5099 quem
3146 5028 3307 5083 etiam
3333 5026 3403 5081 Ii-

1819 5123 1937 5177 bere
1968 5121 2151 5193 loquor
2171 5139 2191 5178 .'
2223 5139 2325 5176 non
2346 5124 2483 5177 enim
2516 5123 2667 5177 credo
2692 5123 2983 5195 quidquam
3007 5122 3196 5176 harum
3220 5135 3399 5174 rerum

1815 5214 1968 5268 illum
2001 5215 2270 5285 ignorare.

1376 5454 1576 5518 Variae
1607 5452 1921 5519 lectiones
1963 5463 2028 5519 et
2071 5462 2264 5518 notae.

221 5592 264 5626 ⁸⁸
286 5595 363 5651 ἵσ.
387 5600 538 5667 φησι.

164 5659 218 5716 ὲν
241 5659 406 5737 σαρκί.

170 5744 289 5790 erat.
382 5738 428 5771 "
443 5744 839 5815 κρεμμαμὲνην
876 5752 1017 5800 erat.

230 5858 247 5887 ε
276 5847 332 5906 ν.
357 5853 667 5913 incredulus.

505 5601 552 5702 ει
581 5601 693 5702 ..2
715 5601 2106 5702 ‘13"iiii“???iﬁ?i‘.£f“.‘i'fi‘ﬂf_":..3312?“
2135 5612 2182 5702 at

580 5671 716 5736 ὄντι,
743 5683 835 5727 aut
881 5671 1030 5727 certe
1066 5689 1165 5745 pro
1192 5673 1437 5737 δυνατὸν,
1474 5672 1698 5743 legenda

580 5744 839 5815 ημαμένην
876 5752 1017 5800 erat.
1123 5744 1170 5778 "
1191 5743 1256 5799 ιιι
1290 5742 1517 5815 vulgatis
1546 5744 1676 5813 ἔφη.

1822 5671 2034 5736 υνατός.
2145 5674 2193 5705 ⁸⁸
2230 5671 2299 5728 In
2317 5671 2547 5743 vulgatis

1826 5743 1892 5799 In
1942 5743 2168 5817 vulgatis
2216 5746 2562 5817 περιτρέπει.

3103 5600 3149 5642 ⁸⁵
3178 5599 3267 5656 ισ.
3303 5599 3412 5654 τινὶ

2285 5619 2351 5656 au
2359 5601 2410 5656 Io
2449 5610 2562 5672 post
2619 5600 3000 5670 ἀπαγγέλλων.

3151 5671 3416 5743 "Excipe!

2145 5674 2193 5705 ⁸⁸
2230 5672 2299 5728 In
2317 5672 2547 5743 vulgatis
2582 5673 3051 5746 μαρτυρούμενος.
