  <div class='ocr_page' id='page_1' title='image "/cluster/home/n/w/nwhite01/storage/ocr_20150623/125/hvd.32044019208214/481.png"; bbox 0 0 3848 6570; ppageno 0'>
   <div class='ocr_carea' id='block_1_1' title="bbox 482 427 675 502">
    <p class='ocr_par' dir='ltr' id='par_1_1' title="bbox 482 427 675 502">
     <span class='ocr_line' id='line_1_1' title="bbox 482 427 675 502; baseline 0.01 -2"><span class='ocrx_word' id='word_1_1' title='bbox 482 427 675 502; x_wconf 58' lang='grc'><strong>827’</strong></span> 
     </span>
    </p>
   </div>
   <div class='ocr_carea' id='block_1_2' title="bbox 1413 436 2829 505">
    <p class='ocr_par' dir='ltr' id='par_1_2' title="bbox 1413 436 2829 505">
     <span class='ocr_line' id='line_1_2' title="bbox 1413 436 2829 505; baseline -0.004 -2"><span class='ocrx_word' id='word_1_2' title='bbox 1413 439 1995 505; x_wconf 80' lang='lat' dir='ltr'><strong>THEOPHYLACTI</strong></span> <span class='ocrx_word' id='word_1_3' title='bbox 2032 437 2441 504; x_wconf 76' lang='lat' dir='ltr'><strong>BULGARI/E</strong></span> <span class='ocrx_word' id='word_1_4' title='bbox 2474 436 2829 499; x_wconf 81' lang='lat' dir='ltr'><strong>ARCHIEP.</strong></span> 
     </span>
    </p>
   </div>
   <div class='ocr_carea' id='block_1_3' title="bbox 3588 437 3680 500">
    <p class='ocr_par' dir='ltr' id='par_1_3' title="bbox 3588 437 3680 500">
     <span class='ocr_line' id='line_1_3' title="bbox 3588 437 3680 500; baseline 0 0"><span class='ocrx_word' id='word_1_5' title='bbox 3588 437 3680 500; x_wconf 68' lang='lat'><strong>828</strong></span> 
     </span>
    </p>
   </div>
   <div class='ocr_carea' id='block_1_4' title="bbox 535 518 2062 631">
    <p class='ocr_par' dir='ltr' id='par_1_4' title="bbox 535 518 2050 631">
     <span class='ocr_line' id='line_1_4' title="bbox 535 518 2050 631; baseline 0.003 -20"><span class='ocrx_word' id='word_1_6' title='bbox 535 555 767 623; x_wconf 77' lang='lat' dir='ltr'><strong>Insanis,</strong></span> <span class='ocrx_word' id='word_1_7' title='bbox 804 518 983 612; x_wconf 73' lang='lat' dir='ltr'><strong>Paule.</strong></span> <span class='ocrx_word' id='word_1_8' title='bbox 1020 556 1288 623; x_wconf 84' lang='lat' dir='ltr'><strong>Quoniam</strong></span> <span class='ocrx_word' id='word_1_9' title='bbox 1310 571 1526 629; x_wconf 81' lang='lat' dir='ltr'><strong>semper</strong></span> <span class='ocrx_word' id='word_1_10' title='bbox 1552 559 1618 615; x_wconf 85' lang='lat' dir='ltr'><strong>ad</strong></span> <span class='ocrx_word' id='word_1_11' title='bbox 1647 571 1829 629; x_wconf 83' lang='lat' dir='ltr'><strong>regem</strong></span> <span class='ocrx_word' id='word_1_12' title='bbox 1857 559 2050 631; x_wconf 88' lang='lat' dir='ltr'><strong>loque-</strong></span> 
     </span>
    </p>
   </div>
   <div class='ocr_carea' id='block_1_5' title="bbox 2168 518 3676 631">
    <p class='ocr_par' dir='ltr' id='par_1_5' title="bbox 2223 551 3676 628">
     <span class='ocr_line' id='line_1_5' title="bbox 2223 551 3676 628; baseline -0.001 -15"><span class='ocrx_word' id='word_1_13' title='bbox 2223 559 2444 628; x_wconf 80' lang='grc' dir='ltr'><strong>Μαίνῃ,</strong></span> <span class='ocrx_word' id='word_1_14' title='bbox 2482 556 2707 613; x_wconf 84' lang='grc' dir='ltr'><em>Παῦλε.</em></span> <span class='ocrx_word' id='word_1_15' title='bbox 2784 552 3005 625; x_wconf 79' lang='grc' dir='ltr'><em>Ἐπειδὴ</em></span> <span class='ocrx_word' id='word_1_16' title='bbox 3061 551 3148 608; x_wconf 75' lang='grc' dir='ltr'><strong>ἀεὶ</strong></span> <span class='ocrx_word' id='word_1_17' title='bbox 3183 552 3321 625; x_wconf 77' lang='grc' dir='ltr'><em>πρὸς</em></span> <span class='ocrx_word' id='word_1_18' title='bbox 3367 551 3453 608; x_wconf 82' lang='grc' dir='ltr'><strong>τδν</strong></span> <span class='ocrx_word' id='word_1_19' title='bbox 3491 553 3676 625; x_wconf 66' lang='lat' dir='ltr'><strong>Basilio</strong></span> 
     </span>
    </p>
   </div>
   <div class='ocr_carea' id='block_1_6' title="bbox 464 649 2041 723">
    <p class='ocr_par' dir='ltr' id='par_1_6' title="bbox 464 649 2041 723">
     <span class='ocr_line' id='line_1_6' title="bbox 464 649 2041 723; baseline 0.003 -18"><span class='ocrx_word' id='word_1_20' title='bbox 464 651 646 715; x_wconf 80' lang='lat' dir='ltr'><strong>batur,</strong></span> <span class='ocrx_word' id='word_1_21' title='bbox 697 649 928 719; x_wconf 88' lang='lat' dir='ltr'><strong>quadam</strong></span> <span class='ocrx_word' id='word_1_22' title='bbox 970 650 1124 720; x_wconf 91' lang='lat' dir='ltr'><strong>quasi</strong></span> <span class='ocrx_word' id='word_1_23' title='bbox 1156 650 1567 720; x_wconf 78' lang='lat' dir='ltr'><strong>perturbatione</strong></span> <span class='ocrx_word' id='word_1_24' title='bbox 1602 661 1887 723; x_wconf 87' lang='lat' dir='ltr'><strong>correptus</strong></span> <span class='ocrx_word' id='word_1_25' title='bbox 1936 661 2041 720; x_wconf 91' lang='lat' dir='ltr'><strong>est,</strong></span> 
     </span>
    </p>
   </div>
   <div class='ocr_carea' id='block_1_7' title="bbox 464 743 2046 816">
    <p class='ocr_par' dir='ltr' id='par_1_7' title="bbox 464 743 2046 816">
     <span class='ocr_line' id='line_1_7' title="bbox 464 743 2046 816; baseline 0.002 -17"><span class='ocrx_word' id='word_1_26' title='bbox 464 752 521 799; x_wconf 89' lang='lat' dir='ltr'><strong>et</strong></span> <span class='ocrx_word' id='word_1_27' title='bbox 545 743 736 799; x_wconf 86' lang='lat' dir='ltr'><strong>videns</strong></span> <span class='ocrx_word' id='word_1_28' title='bbox 772 744 969 813; x_wconf 83' lang='lat' dir='ltr'><strong>linguae</strong></span> <span class='ocrx_word' id='word_1_29' title='bbox 999 744 1307 801; x_wconf 88' lang='lat' dir='ltr'><strong>libertatem</strong></span> <span class='ocrx_word' id='word_1_30' title='bbox 1336 745 1576 815; x_wconf 88' lang='lat' dir='ltr'><strong>atquein</strong></span> <span class='ocrx_word' id='word_1_31' title='bbox 1604 745 1875 816; x_wconf 89' lang='lat' dir='ltr'><strong>loquendo</strong></span> <span class='ocrx_word' id='word_1_32' title='bbox 1912 762 2046 802; x_wconf 87' lang='lat' dir='ltr'><strong>con-</strong></span> 
     </span>
    </p>
   </div>
   <div class='ocr_carea' id='block_1_8' title="bbox 464 830 2047 909">
    <p class='ocr_par' dir='ltr' id='par_1_8' title="bbox 464 830 2047 909">
     <span class='ocr_line' id='line_1_8' title="bbox 464 830 2047 909; baseline 0.004 -20"><span class='ocrx_word' id='word_1_33' title='bbox 464 830 769 899; x_wconf 79' lang='lat' dir='ltr'><strong>ﬁdentiam,</strong></span> <span class='ocrx_word' id='word_1_34' title='bbox 816 851 928 905; x_wconf 76' lang='lat' dir='ltr'><strong>pra:</strong></span> <span class='ocrx_word' id='word_1_35' title='bbox 966 835 1042 890; x_wconf 85' lang='lat' dir='ltr'><strong>ira</strong></span> <span class='ocrx_word' id='word_1_36' title='bbox 1094 846 1259 908; x_wconf 86' lang='lat' dir='ltr'><strong>atque</strong></span> <span class='ocrx_word' id='word_1_37' title='bbox 1305 837 1681 909; x_wconf 71' lang='lat' dir='ltr'><strong>indignatione</strong></span> <span class='ocrx_word' id='word_1_38' title='bbox 1716 837 1913 895; x_wconf 83' lang='lat' dir='ltr'><strong>Festus</strong></span> <span class='ocrx_word' id='word_1_39' title='bbox 1941 839 2047 896; x_wconf 90' lang='lat' dir='ltr'><strong>hoc</strong></span> 
     </span>
    </p>
   </div>
   <div class='ocr_carea' id='block_1_9' title="bbox 463 925 2047 1004">
    <p class='ocr_par' dir='ltr' id='par_1_9' title="bbox 463 925 2047 1004">
     <span class='ocr_line' id='line_1_9' title="bbox 463 925 2047 1004; baseline 0.003 -24"><span class='ocrx_word' id='word_1_40' title='bbox 463 925 633 989; x_wconf 78' lang='lat' dir='ltr'><strong>dixit;</strong></span> <span class='ocrx_word' id='word_1_41' title='bbox 667 926 762 981; x_wconf 91' lang='lat' dir='ltr'><strong>scd</strong></span> <span class='ocrx_word' id='word_1_42' title='bbox 792 925 995 982; x_wconf 88' lang='lat' dir='ltr'><strong>Paulus</strong></span> <span class='ocrx_word' id='word_1_43' title='bbox 1022 942 1243 983; x_wconf 86' lang='lat' dir='ltr'><strong>causam</strong></span> <span class='ocrx_word' id='word_1_44' title='bbox 1288 929 1470 999; x_wconf 89' lang='lat' dir='ltr'><strong>docet,</strong></span> <span class='ocrx_word' id='word_1_45' title='bbox 1502 945 1599 986; x_wconf 88' lang='lat' dir='ltr'><strong>cur</strong></span> <span class='ocrx_word' id='word_1_46' title='bbox 1626 930 1695 987; x_wconf 89' lang='lat' dir='ltr'><strong>ad</strong></span> <span class='ocrx_word' id='word_1_47' title='bbox 1719 944 1902 1004; x_wconf 84' lang='lat' dir='ltr'><strong>regem</strong></span> <span class='ocrx_word' id='word_1_48' title='bbox 1927 946 2047 988; x_wconf 89' lang='lat' dir='ltr'><strong>ser-</strong></span> 
     </span>
    </p>
   </div>
   <div class='ocr_carea' id='block_1_10' title="bbox 463 1020 1258 1077">
    <p class='ocr_par' dir='ltr' id='par_1_10' title="bbox 463 1020 1258 1077">
     <span class='ocr_line' id='line_1_10' title="bbox 463 1020 1258 1077; baseline 0.004 -3"><span class='ocrx_word' id='word_1_49' title='bbox 463 1035 680 1074; x_wconf 87' lang='lat' dir='ltr'><strong>monem</strong></span> <span class='ocrx_word' id='word_1_50' title='bbox 707 1028 978 1076; x_wconf 77' lang='lat' dir='ltr'><strong>averteret</strong></span> <span class='ocrx_word' id='word_1_51' title='bbox 1013 1036 1044 1076; x_wconf 87' lang='lat' dir='ltr'><strong>a</strong></span> <span class='ocrx_word' id='word_1_52' title='bbox 1075 1020 1258 1077; x_wconf 90' lang='lat' dir='ltr'><strong>Festo.</strong></span> 
     </span>
    </p>
   </div>
   <div class='ocr_carea' id='block_1_11' title="bbox 536 1113 1589 1187">
    <p class='ocr_par' dir='ltr' id='par_1_11' title="bbox 536 1113 1589 1187">
     <span class='ocr_line' id='line_1_11' title="bbox 536 1113 1589 1187; baseline 0.006 -21"><span class='ocrx_word' id='word_1_53' title='bbox 536 1113 677 1167; x_wconf 88' lang='lat' dir='ltr'><strong>Nam</strong></span> <span class='ocrx_word' id='word_1_54' title='bbox 712 1113 808 1168; x_wconf 88' lang='lat' dir='ltr'><strong>hoc</strong></span> <span class='ocrx_word' id='word_1_55' title='bbox 838 1115 893 1168; x_wconf 85' lang='lat' dir='ltr'><strong>in</strong></span> <span class='ocrx_word' id='word_1_56' title='bbox 928 1116 1122 1187; x_wconf 84' lang='lat' dir='ltr'><strong>angulo</strong></span> <span class='ocrx_word' id='word_1_57' title='bbox 1159 1126 1333 1170; x_wconf 88' lang='lat' dir='ltr'><strong>actum</strong></span> <span class='ocrx_word' id='word_1_58' title='bbox 1360 1133 1463 1171; x_wconf 79' lang='lat' dir='ltr'><strong>non</strong></span> <span class='ocrx_word' id='word_1_59' title='bbox 1492 1126 1589 1173; x_wconf 86' lang='lat' dir='ltr'><strong>est.</strong></span> 
     </span>
    </p>
   </div>
   <div class='ocr_carea' id='block_1_12' title="bbox 538 1203 2047 1280">
    <p class='ocr_par' dir='ltr' id='par_1_12' title="bbox 538 1203 2047 1280">
     <span class='ocr_line' id='line_1_12' title="bbox 538 1203 2047 1280; baseline 0.005 -23"><span class='ocrx_word' id='word_1_60' title='bbox 538 1203 701 1262; x_wconf 76' lang='lat' dir='ltr'><strong>Vens.</strong></span> <span class='ocrx_word' id='word_1_61' title='bbox 741 1204 833 1261; x_wconf 78' lang='lat'><strong>27.</strong></span> <span class='ocrx_word' id='word_1_62' title='bbox 865 1205 1065 1274; x_wconf 81' lang='lat' dir='ltr'><strong>Credis,</strong></span> <span class='ocrx_word' id='word_1_63' title='bbox 1102 1224 1195 1263; x_wconf 73' lang='lat' dir='ltr'><strong>rex</strong></span> <span class='ocrx_word' id='word_1_64' title='bbox 1217 1207 1479 1279; x_wconf 77' lang='lat' dir='ltr'><strong>Agrippa,</strong></span> <span class='ocrx_word' id='word_1_65' title='bbox 1514 1210 1820 1280; x_wconf 80' lang='lat' dir='ltr'><strong>prophetis?</strong></span> <span class='ocrx_word' id='word_1_66' title='bbox 1855 1208 2047 1277; x_wconf 84' lang='lat' dir='ltr'><strong>credis,</strong></span> 
     </span>
    </p>
   </div>
   <div class='ocr_carea' id='block_1_13' title="bbox 461 1310 590 1349">
    <p class='ocr_par' dir='ltr' id='par_1_13' title="bbox 461 1310 590 1349">
     <span class='ocr_line' id='line_1_13' title="bbox 461 1310 590 1349; baseline 0 -1"><span class='ocrx_word' id='word_1_67' title='bbox 461 1310 590 1349; x_wconf 65' lang='grc'><strong><em>8610.</em></strong></span> 
     </span>
    </p>
   </div>
   <div class='ocr_carea' id='block_1_14' title="bbox 539 1384 2053 1459">
    <p class='ocr_par' dir='ltr' id='par_1_14' title="bbox 539 1384 2053 1459">
     <span class='ocr_line' id='line_1_14' title="bbox 539 1384 2053 1459; baseline 0.005 -20"><span class='ocrx_word' id='word_1_68' title='bbox 539 1384 702 1442; x_wconf 75' lang='lat' dir='ltr'><strong>Vens.</strong></span> <span class='ocrx_word' id='word_1_69' title='bbox 725 1385 816 1442; x_wconf 71' lang='lat'><strong>28.</strong></span> <span class='ocrx_word' id='word_1_70' title='bbox 852 1387 1089 1459; x_wconf 84' lang='lat' dir='ltr'><strong>Agrippa</strong></span> <span class='ocrx_word' id='word_1_71' title='bbox 1136 1397 1313 1442; x_wconf 87' lang='lat' dir='ltr'><strong>autem</strong></span> <span class='ocrx_word' id='word_1_72' title='bbox 1340 1390 1412 1443; x_wconf 86' lang='lat' dir='ltr'><strong>ad</strong></span> <span class='ocrx_word' id='word_1_73' title='bbox 1446 1389 1681 1445; x_wconf 87' lang='lat' dir='ltr'><strong>Paulum</strong></span> <span class='ocrx_word' id='word_1_74' title='bbox 1721 1392 1857 1446; x_wconf 73' lang='lat' dir='ltr'><strong>dixit</strong></span> <span class='ocrx_word' id='word_1_75' title='bbox 1890 1408 1908 1446; x_wconf 91' lang='lat'><strong>:</strong></span> <span class='ocrx_word' id='word_1_76' title='bbox 1940 1391 2053 1446; x_wconf 81' lang='lat' dir='ltr'><strong>Pa-</strong></span> 
     </span>
    </p>
   </div>
   <div class='ocr_carea' id='block_1_15' title="bbox 465 1480 2053 1552">
    <p class='ocr_par' dir='ltr' id='par_1_15' title="bbox 465 1480 2053 1552">
     <span class='ocr_line' id='line_1_15' title="bbox 465 1480 2053 1552; baseline 0.004 -20"><span class='ocrx_word' id='word_1_77' title='bbox 465 1495 584 1532; x_wconf 84' lang='lat' dir='ltr'><strong>rum</strong></span> <span class='ocrx_word' id='word_1_78' title='bbox 607 1480 750 1534; x_wconf 90' lang='lat' dir='ltr'><strong>abest</strong></span> <span class='ocrx_word' id='word_1_79' title='bbox 789 1480 916 1552; x_wconf 90' lang='lat' dir='ltr'><strong>quin</strong></span> <span class='ocrx_word' id='word_1_80' title='bbox 954 1482 1274 1551; x_wconf 85' lang='lat' dir='ltr'><strong>persuadeas</strong></span> <span class='ocrx_word' id='word_1_81' title='bbox 1298 1483 1448 1552; x_wconf 89' lang='lat' dir='ltr'><strong>mihi,</strong></span> <span class='ocrx_word' id='word_1_82' title='bbox 1480 1492 1541 1537; x_wconf 88' lang='lat' dir='ltr'><strong>ut</strong></span> <span class='ocrx_word' id='word_1_83' title='bbox 1569 1483 1904 1541; x_wconf 85' lang='lat' dir='ltr'><strong>Christianus</strong></span> <span class='ocrx_word' id='word_1_84' title='bbox 1930 1502 2053 1539; x_wconf 89' lang='lat' dir='ltr'><strong>eva-</strong></span> 
     </span>
    </p>
   </div>
   <div class='ocr_carea' id='block_1_16' title="bbox 466 1567 613 1622">
    <p class='ocr_par' dir='ltr' id='par_1_16' title="bbox 466 1567 613 1622">
     <span class='ocr_line' id='line_1_16' title="bbox 466 1567 613 1622; baseline 0.014 -2"><span class='ocrx_word' id='word_1_85' title='bbox 466 1567 613 1622; x_wconf 85' lang='lat' dir='ltr'><strong>dam.</strong></span> 
     </span>
    </p>
   </div>
   <div class='ocr_carea' id='block_1_17' title="bbox 537 1658 2052 1739">
    <p class='ocr_par' dir='ltr' id='par_1_17' title="bbox 537 1658 2052 1739">
     <span class='ocr_line' id='line_1_17' title="bbox 537 1658 2052 1739; baseline 0.007 -27"><span class='ocrx_word' id='word_1_86' title='bbox 537 1658 702 1714; x_wconf 76' lang='lat' dir='ltr'><strong>Vens.</strong></span> <span class='ocrx_word' id='word_1_87' title='bbox 735 1659 824 1716; x_wconf 70' lang='lat'><strong>29.</strong></span> <span class='ocrx_word' id='word_1_88' title='bbox 859 1660 933 1716; x_wconf 87' lang='lat' dir='ltr'><strong>Ac</strong></span> <span class='ocrx_word' id='word_1_89' title='bbox 962 1661 1207 1719; x_wconf 82' lang='lat' dir='ltr'><strong>Paulus:</strong></span> <span class='ocrx_word' id='word_1_90' title='bbox 1244 1665 1507 1736; x_wconf 87' lang='lat' dir='ltr'><strong>Optarim,</strong></span> <span class='ocrx_word' id='word_1_91' title='bbox 1543 1669 1731 1739; x_wconf 82' lang='lat' dir='ltr'><strong>inquit,</strong></span> <span class='ocrx_word' id='word_1_92' title='bbox 1766 1686 1798 1722; x_wconf 92' lang='lat' dir='ltr'><strong>a</strong></span> <span class='ocrx_word' id='word_1_93' title='bbox 1828 1669 1959 1735; x_wconf 88' lang='lat' dir='ltr'><strong>Deo,</strong></span> <span class='ocrx_word' id='word_1_94' title='bbox 1997 1677 2052 1723; x_wconf 88' lang='lat' dir='ltr'><strong>ut</strong></span> 
     </span>
    </p>
   </div>
   <div class='ocr_carea' id='block_1_18' title="bbox 467 1752 2053 1827">
    <p class='ocr_par' dir='ltr' id='par_1_18' title="bbox 467 1752 2053 1827">
     <span class='ocr_line' id='line_1_18' title="bbox 467 1752 2053 1827; baseline 0.008 -24"><span class='ocrx_word' id='word_1_95' title='bbox 467 1760 517 1804; x_wconf 89' lang='lat' dir='ltr'><strong>et</strong></span> <span class='ocrx_word' id='word_1_96' title='bbox 547 1767 738 1819; x_wconf 84' lang='lat' dir='ltr'><strong>parum</strong></span> <span class='ocrx_word' id='word_1_97' title='bbox 761 1752 897 1808; x_wconf 86' lang='lat' dir='ltr'><strong>absit</strong></span> <span class='ocrx_word' id='word_1_98' title='bbox 926 1771 973 1808; x_wconf 67' lang='lat' dir='ltr'><strong>et</strong></span> <span class='ocrx_word' id='word_1_99' title='bbox 999 1772 1159 1827; x_wconf 86' lang='lat' dir='ltr'><strong>prope</strong></span> <span class='ocrx_word' id='word_1_100' title='bbox 1190 1760 1330 1814; x_wconf 88' lang='lat' dir='ltr'><strong>adsit</strong></span> <span class='ocrx_word' id='word_1_101' title='bbox 1354 1768 1411 1813; x_wconf 88' lang='lat' dir='ltr'><strong>ut</strong></span> <span class='ocrx_word' id='word_1_102' title='bbox 1453 1777 1557 1814; x_wconf 88' lang='lat' dir='ltr'><strong>non</strong></span> <span class='ocrx_word' id='word_1_103' title='bbox 1584 1762 1736 1814; x_wconf 85' lang='lat' dir='ltr'><strong>modo</strong></span> <span class='ocrx_word' id='word_1_104' title='bbox 1769 1770 1845 1826; x_wconf 88' lang='lat' dir='ltr'><strong>tu,</strong></span> <span class='ocrx_word' id='word_1_105' title='bbox 1874 1779 2053 1816; x_wconf 86' lang='lat' dir='ltr'><strong>verum</strong></span> 
     </span>
    </p>
   </div>
   <div class='ocr_carea' id='block_1_19' title="bbox 468 1841 2051 1918">
    <p class='ocr_par' dir='ltr' id='par_1_19' title="bbox 468 1841 2051 1918">
     <span class='ocr_line' id='line_1_19' title="bbox 468 1841 2051 1918; baseline 0.008 -25"><span class='ocrx_word' id='word_1_106' title='bbox 468 1841 628 1893; x_wconf 80' lang='lat' dir='ltr'><strong>etiam</strong></span> <span class='ocrx_word' id='word_1_107' title='bbox 664 1858 839 1897; x_wconf 85' lang='lat' dir='ltr'><strong>omnes</strong></span> <span class='ocrx_word' id='word_1_108' title='bbox 887 1846 979 1916; x_wconf 87' lang='lat' dir='ltr'><strong>qui</strong></span> <span class='ocrx_word' id='word_1_109' title='bbox 1020 1863 1103 1900; x_wconf 86' lang='lat' dir='ltr'><strong>me</strong></span> <span class='ocrx_word' id='word_1_110' title='bbox 1141 1847 1294 1902; x_wconf 85' lang='lat' dir='ltr'><strong>hodie</strong></span> <span class='ocrx_word' id='word_1_111' title='bbox 1327 1851 1576 1916; x_wconf 88' lang='lat' dir='ltr'><strong>audiunt,</strong></span> <span class='ocrx_word' id='word_1_112' title='bbox 1619 1852 1753 1906; x_wconf 81' lang='lat' dir='ltr'><strong>tales</strong></span> <span class='ocrx_word' id='word_1_113' title='bbox 1802 1851 2051 1918; x_wconf 84' lang='lat' dir='ltr'><strong>evadant,</strong></span> 
     </span>
    </p>
   </div>
   <div class='ocr_carea' id='block_1_20' title="bbox 471 1931 1806 2012">
    <p class='ocr_par' dir='ltr' id='par_1_20' title="bbox 471 1931 1806 2012">
     <span class='ocr_line' id='line_1_20' title="bbox 471 1931 1806 2012; baseline 0.01 -28"><span class='ocrx_word' id='word_1_114' title='bbox 471 1931 648 2001; x_wconf 80' lang='lat' dir='ltr'><strong>qualis</strong></span> <span class='ocrx_word' id='word_1_115' title='bbox 677 1950 767 2005; x_wconf 80' lang='lat' dir='ltr'><strong>ego</strong></span> <span class='ocrx_word' id='word_1_116' title='bbox 801 1953 1004 2009; x_wconf 90' lang='lat' dir='ltr'><strong>quoque</strong></span> <span class='ocrx_word' id='word_1_117' title='bbox 1027 1955 1165 2005; x_wconf 88' lang='lat' dir='ltr'><strong>sum,</strong></span> <span class='ocrx_word' id='word_1_118' title='bbox 1202 1943 1427 2012; x_wconf 69' lang='lat' dir='ltr'><strong>exceptis</strong></span> <span class='ocrx_word' id='word_1_119' title='bbox 1452 1942 1674 1998; x_wconf 82' lang='lat' dir='ltr'><strong>vinculis</strong></span> <span class='ocrx_word' id='word_1_120' title='bbox 1704 1944 1806 1998; x_wconf 85' lang='lat' dir='ltr'><strong>his.</strong></span> 
     </span>
    </p>
   </div>
   <div class='ocr_carea' id='block_1_21' title="bbox 538 2109 2060 2189">
    <p class='ocr_par' dir='ltr' id='par_1_21' title="bbox 538 2109 2060 2189">
     <span class='ocr_line' id='line_1_21' title="bbox 538 2109 2060 2189; baseline 0.01 -23"><span class='ocrx_word' id='word_1_121' title='bbox 538 2109 700 2167; x_wconf 69' lang='lat' dir='ltr'><strong>Vens.</strong></span> <span class='ocrx_word' id='word_1_122' title='bbox 735 2115 823 2171; x_wconf 81' lang='grc'><strong>50.</strong></span> <span class='ocrx_word' id='word_1_123' title='bbox 859 2116 928 2171; x_wconf 88' lang='lat' dir='ltr'><strong>Et</strong></span> <span class='ocrx_word' id='word_1_124' title='bbox 953 2135 1071 2173; x_wconf 86' lang='lat' dir='ltr'><strong>cum</strong></span> <span class='ocrx_word' id='word_1_125' title='bbox 1093 2120 1203 2173; x_wconf 73' lang='lat' dir='ltr'><strong>ha&#39;c</strong></span> <span class='ocrx_word' id='word_1_126' title='bbox 1232 2120 1323 2175; x_wconf 87' lang='lat' dir='ltr'><strong>ille</strong></span> <span class='ocrx_word' id='word_1_127' title='bbox 1350 2122 1591 2189; x_wconf 73' lang='lat' dir='ltr'><strong>dixisset,</strong></span> <span class='ocrx_word' id='word_1_128' title='bbox 1618 2125 1850 2179; x_wconf 72' lang='lat' dir='ltr'><strong>surrexit</strong></span> <span class='ocrx_word' id='word_1_129' title='bbox 1874 2141 1967 2180; x_wconf 77' lang='lat' dir='ltr'><strong>rex</strong></span> <span class='ocrx_word' id='word_1_130' title='bbox 1996 2143 2060 2181; x_wconf 90' lang='lat' dir='ltr'><strong>ac</strong></span> 
     </span>
    </p>
   </div>
   <div class='ocr_carea' id='block_1_22' title="bbox 466 2205 1625 2273">
    <p class='ocr_par' dir='ltr' id='par_1_22' title="bbox 466 2205 1625 2273">
     <span class='ocr_line' id='line_1_22' title="bbox 466 2205 1625 2273; baseline 0.015 -21"><span class='ocrx_word' id='word_1_131' title='bbox 466 2215 656 2267; x_wconf 75' lang='lat' dir='ltr'><strong>prazses</strong></span> <span class='ocrx_word' id='word_1_132' title='bbox 681 2214 730 2259; x_wconf 89' lang='lat' dir='ltr'><strong>et</strong></span> <span class='ocrx_word' id='word_1_133' title='bbox 756 2205 979 2263; x_wconf 84' lang='lat' dir='ltr'><strong>Bernice</strong></span> <span class='ocrx_word' id='word_1_134' title='bbox 1007 2218 1055 2263; x_wconf 84' lang='lat' dir='ltr'><strong>et</strong></span> <span class='ocrx_word' id='word_1_135' title='bbox 1083 2226 1263 2266; x_wconf 87' lang='lat' dir='ltr'><strong>eorum</strong></span> <span class='ocrx_word' id='word_1_136' title='bbox 1293 2229 1578 2267; x_wconf 86' lang='lat' dir='ltr'><strong>assessores</strong></span> <span class='ocrx_word' id='word_1_137' title='bbox 1607 2231 1625 2273; x_wconf 89' lang='lat'><strong>:</strong></span> 
     </span>
    </p>
   </div>
   <div class='ocr_carea' id='block_1_23' title="bbox 540 2384 2060 2467">
    <p class='ocr_par' dir='ltr' id='par_1_23' title="bbox 540 2384 2060 2467">
     <span class='ocr_line' id='line_1_23' title="bbox 540 2384 2060 2467; baseline 0.011 -28"><span class='ocrx_word' id='word_1_138' title='bbox 540 2384 703 2441; x_wconf 74' lang='lat' dir='ltr'><strong>Vens.</strong></span> <span class='ocrx_word' id='word_1_139' title='bbox 742 2388 802 2443; x_wconf 83' lang='grc'><strong>’51</strong></span> <span class='ocrx_word' id='word_1_140' title='bbox 816 2429 831 2444; x_wconf 89' lang='grc'><strong>.</strong></span> <span class='ocrx_word' id='word_1_141' title='bbox 870 2389 936 2444; x_wconf 78' lang='lat' dir='ltr'><strong>Et</strong></span> <span class='ocrx_word' id='word_1_142' title='bbox 980 2408 1099 2447; x_wconf 85' lang='lat' dir='ltr'><strong>cum</strong></span> <span class='ocrx_word' id='word_1_143' title='bbox 1142 2395 1491 2461; x_wconf 87' lang='lat' dir='ltr'><strong>secessissent,</strong></span> <span class='ocrx_word' id='word_1_144' title='bbox 1541 2395 1889 2467; x_wconf 84' lang='lat' dir='ltr'><strong>loquebantur</strong></span> <span class='ocrx_word' id='word_1_145' title='bbox 1922 2400 2060 2455; x_wconf 74' lang='lat' dir='ltr'><strong>alius</strong></span> 
     </span>
    </p>
   </div>
   <div class='ocr_carea' id='block_1_24' title="bbox 470 2479 2059 2553">
    <p class='ocr_par' dir='ltr' id='par_1_24' title="bbox 470 2479 2059 2553">
     <span class='ocr_line' id='line_1_24' title="bbox 470 2479 2059 2553; baseline 0.011 -23"><span class='ocrx_word' id='word_1_146' title='bbox 470 2479 541 2531; x_wconf 84' lang='lat' dir='ltr'><strong>ad</strong></span> <span class='ocrx_word' id='word_1_147' title='bbox 573 2479 739 2534; x_wconf 88' lang='lat' dir='ltr'><strong>alium</strong></span> <span class='ocrx_word' id='word_1_148' title='bbox 781 2481 862 2537; x_wconf 84' lang='lat' dir='ltr'><strong>Itis</strong></span> <span class='ocrx_word' id='word_1_149' title='bbox 926 2484 1035 2553; x_wconf 82' lang='lat' dir='ltr'><strong>fere</strong></span> <span class='ocrx_word' id='word_1_150' title='bbox 1076 2487 1243 2540; x_wconf 83' lang='lat' dir='ltr'><strong>verbis</strong></span> <span class='ocrx_word' id='word_1_151' title='bbox 1295 2497 1538 2543; x_wconf 88' lang='lat' dir='ltr'><strong>utentes:</strong></span> <span class='ocrx_word' id='word_1_152' title='bbox 1566 2488 1721 2544; x_wconf 84' lang='lat' dir='ltr'><strong>Nihil</strong></span> <span class='ocrx_word' id='word_1_153' title='bbox 1765 2502 1934 2547; x_wconf 87' lang='lat' dir='ltr'><strong>morte</strong></span> <span class='ocrx_word' id='word_1_154' title='bbox 1965 2503 2059 2547; x_wconf 87' lang='lat' dir='ltr'><strong>aut</strong></span> 
     </span>
    </p>
   </div>
   <div class='ocr_carea' id='block_1_25' title="bbox 352 2570 1580 2645">
    <p class='ocr_par' dir='ltr' id='par_1_25' title="bbox 352 2570 1580 2645">
     <span class='ocr_line' id='line_1_25' title="bbox 352 2570 1580 2645; baseline 0.011 -24"><span class='ocrx_word' id='word_1_155' title='bbox 352 2638 355 2645; x_wconf 25' lang='grc' dir='ltr'>ι</span> <span class='ocrx_word' id='word_1_156' title='bbox 469 2570 689 2625; x_wconf 83' lang='lat' dir='ltr'><strong>vinculis</strong></span> <span class='ocrx_word' id='word_1_157' title='bbox 722 2573 939 2644; x_wconf 81' lang='lat' dir='ltr'><strong>dignum</strong></span> <span class='ocrx_word' id='word_1_158' title='bbox 968 2578 1248 2631; x_wconf 89' lang='lat' dir='ltr'><strong>committit</strong></span> <span class='ocrx_word' id='word_1_159' title='bbox 1283 2579 1379 2632; x_wconf 89' lang='lat' dir='ltr'><strong>iste</strong></span> <span class='ocrx_word' id='word_1_160' title='bbox 1410 2580 1580 2634; x_wconf 86' lang='lat' dir='ltr'><strong>homo.</strong></span> 
     </span>
    </p>
   </div>
   <div class='ocr_carea' id='block_1_26' title="bbox 540 2662 2059 2749">
    <p class='ocr_par' dir='ltr' id='par_1_26' title="bbox 540 2662 2059 2749">
     <span class='ocr_line' id='line_1_26' title="bbox 540 2662 2059 2749; baseline 0.012 -34"><span class='ocrx_word' id='word_1_161' title='bbox 540 2662 698 2719; x_wconf 76' lang='lat' dir='ltr'><strong>Vens.</strong></span> <span class='ocrx_word' id='word_1_162' title='bbox 726 2667 816 2721; x_wconf 61' lang='grc' dir='ltr'><strong>δὲ.</strong></span> <span class='ocrx_word' id='word_1_163' title='bbox 852 2666 1091 2739; x_wconf 80' lang='lat' dir='ltr'><strong>Agrippa</strong></span> <span class='ocrx_word' id='word_1_164' title='bbox 1131 2680 1308 2726; x_wconf 86' lang='lat' dir='ltr'><strong>autem</strong></span> <span class='ocrx_word' id='word_1_165' title='bbox 1350 2673 1505 2728; x_wconf 87' lang='lat' dir='ltr'><strong>Festo</strong></span> <span class='ocrx_word' id='word_1_166' title='bbox 1540 2675 1707 2729; x_wconf 71' lang='lat' dir='ltr'><strong>dixit:</strong></span> <span class='ocrx_word' id='word_1_167' title='bbox 1737 2674 1947 2732; x_wconf 82' lang='lat' dir='ltr'><strong>Absolvi</strong></span> <span class='ocrx_word' id='word_1_168' title='bbox 1966 2695 2059 2749; x_wconf 88' lang='lat' dir='ltr'><strong>po-</strong></span> 
     </span>
    </p>
   </div>
   <div class='ocr_carea' id='block_1_27' title="bbox 471 2758 1748 2838">
    <p class='ocr_par' dir='ltr' id='par_1_27' title="bbox 471 2758 1748 2838">
     <span class='ocr_line' id='line_1_27' title="bbox 471 2758 1748 2838; baseline 0.01 -28"><span class='ocrx_word' id='word_1_169' title='bbox 471 2766 607 2811; x_wconf 88' lang='lat' dir='ltr'><strong>terat</strong></span> <span class='ocrx_word' id='word_1_170' title='bbox 640 2758 737 2814; x_wconf 84' lang='lat' dir='ltr'><strong>iste</strong></span> <span class='ocrx_word' id='word_1_171' title='bbox 757 2760 930 2829; x_wconf 89' lang='lat' dir='ltr'><strong>homo,</strong></span> <span class='ocrx_word' id='word_1_172' title='bbox 962 2764 1065 2817; x_wconf 84' lang='lat' dir='ltr'><strong>nisi</strong></span> <span class='ocrx_word' id='word_1_173' title='bbox 1096 2761 1363 2819; x_wconf 63' lang='lat' dir='ltr'><strong>Caesarem</strong></span> <span class='ocrx_word' id='word_1_174' title='bbox 1402 2767 1748 2838; x_wconf 87' lang='lat' dir='ltr'><strong>appellasset.</strong></span> 
     </span>
    </p>
   </div>
   <div class='ocr_carea' id='block_1_28' title="bbox 544 2936 2061 3019">
    <p class='ocr_par' dir='ltr' id='par_1_28' title="bbox 544 2936 2061 3019">
     <span class='ocr_line' id='line_1_28' title="bbox 544 2936 2061 3019; baseline 0.014 -31"><span class='ocrx_word' id='word_1_175' title='bbox 544 2936 653 2991; x_wconf 83' lang='lat' dir='ltr'><strong>Scit</strong></span> <span class='ocrx_word' id='word_1_176' title='bbox 678 2941 816 2992; x_wconf 85' lang='lat' dir='ltr'><strong>enim</strong></span> <span class='ocrx_word' id='word_1_177' title='bbox 839 2942 903 2996; x_wconf 86' lang='lat' dir='ltr'><strong>de</strong></span> <span class='ocrx_word' id='word_1_178' title='bbox 925 2942 1003 2997; x_wconf 85' lang='lat' dir='ltr'><strong>his</strong></span> <span class='ocrx_word' id='word_1_179' title='bbox 1035 2959 1148 3000; x_wconf 72' lang='lat' dir='ltr'><strong>rex.</strong></span> <span class='ocrx_word' id='word_1_180' title='bbox 1180 2942 1280 3000; x_wconf 85' lang='lat' dir='ltr'><strong>Hic</strong></span> <span class='ocrx_word' id='word_1_181' title='bbox 1305 2945 1374 3001; x_wconf 86' lang='lat' dir='ltr'><strong>de</strong></span> <span class='ocrx_word' id='word_1_182' title='bbox 1424 2962 1588 3004; x_wconf 91' lang='lat' dir='ltr'><strong>cruce</strong></span> <span class='ocrx_word' id='word_1_183' title='bbox 1616 2948 1864 3019; x_wconf 86' lang='lat' dir='ltr'><strong>loquitur</strong></span> <span class='ocrx_word' id='word_1_184' title='bbox 1896 2966 1960 3007; x_wconf 90' lang='lat' dir='ltr'><strong>ac</strong></span> <span class='ocrx_word' id='word_1_185' title='bbox 1990 2952 2061 3009; x_wconf 90' lang='lat' dir='ltr'><strong>de</strong></span> 
     </span>
    </p>
   </div>
   <div class='ocr_carea' id='block_1_29' title="bbox 474 3031 2061 3114">
    <p class='ocr_par' dir='ltr' id='par_1_29' title="bbox 474 3031 2061 3114">
     <span class='ocr_line' id='line_1_29' title="bbox 474 3031 2061 3114; baseline 0.014 -36"><span class='ocrx_word' id='word_1_186' title='bbox 474 3031 903 3098; x_wconf 88' lang='lat' dir='ltr'><strong>resurrectione,</strong></span> <span class='ocrx_word' id='word_1_187' title='bbox 930 3034 1052 3103; x_wconf 87' lang='lat' dir='ltr'><strong>quia</strong></span> <span class='ocrx_word' id='word_1_188' title='bbox 1086 3051 1189 3114; x_wconf 25' lang='lat' dir='ltr'><strong>per.</strong></span> <span class='ocrx_word' id='word_1_189' title='bbox 1208 3045 1383 3091; x_wconf 91' lang='lat' dir='ltr'><strong>totum</strong></span> <span class='ocrx_word' id='word_1_190' title='bbox 1418 3040 1605 3094; x_wconf 87' lang='lat' dir='ltr'><strong>orbem</strong></span> <span class='ocrx_word' id='word_1_191' title='bbox 1654 3049 1814 3097; x_wconf 59' lang='lat' dir='ltr'><strong>terra;</strong></span> <span class='ocrx_word' id='word_1_192' title='bbox 1847 3043 2061 3099; x_wconf 86' lang='lat' dir='ltr'><strong>habita-</strong></span> 
     </span>
    </p>
   </div>
   <div class='ocr_carea' id='block_1_30' title="bbox 474 3119 2060 3199">
    <p class='ocr_par' dir='ltr' id='par_1_30' title="bbox 474 3119 2060 3199">
     <span class='ocr_line' id='line_1_30' title="bbox 474 3119 2060 3199; baseline 0.012 -28"><span class='ocrx_word' id='word_1_193' title='bbox 474 3127 591 3171; x_wconf 86' lang='lat' dir='ltr'><strong>tum</strong></span> <span class='ocrx_word' id='word_1_194' title='bbox 619 3119 867 3177; x_wconf 81' lang='lat' dir='ltr'><strong>doctrina</strong></span> <span class='ocrx_word' id='word_1_195' title='bbox 922 3135 1253 3194; x_wconf 76' lang='lat' dir='ltr'><strong>pervaserat.</strong></span> <span class='ocrx_word' id='word_1_196' title='bbox 1301 3130 1477 3199; x_wconf 86' lang='lat' dir='ltr'><strong>Atque</strong></span> <span class='ocrx_word' id='word_1_197' title='bbox 1513 3129 1632 3185; x_wconf 66' lang='lat' dir='ltr'><strong>hazc</strong></span> <span class='ocrx_word' id='word_1_198' title='bbox 1660 3132 1757 3198; x_wconf 83' lang='lat' dir='ltr'><strong>ait,</strong></span> <span class='ocrx_word' id='word_1_199' title='bbox 1784 3141 1842 3187; x_wconf 92' lang='lat' dir='ltr'><strong>ut</strong></span> <span class='ocrx_word' id='word_1_200' title='bbox 1872 3143 2060 3189; x_wconf 90' lang='lat' dir='ltr'><strong>osten-</strong></span> 
     </span>
    </p>
   </div>
   <div class='ocr_carea' id='block_1_31' title="bbox 476 3207 2058 3282">
    <p class='ocr_par' dir='ltr' id='par_1_31' title="bbox 476 3207 2058 3282">
     <span class='ocr_line' id='line_1_31' title="bbox 476 3207 2058 3282; baseline 0.012 -22"><span class='ocrx_word' id='word_1_201' title='bbox 476 3207 570 3262; x_wconf 86' lang='lat' dir='ltr'><strong>dat</strong></span> <span class='ocrx_word' id='word_1_202' title='bbox 615 3210 905 3282; x_wconf 85' lang='lat' dir='ltr'><strong>Agrippam</strong></span> <span class='ocrx_word' id='word_1_203' title='bbox 942 3215 1126 3269; x_wconf 88' lang='lat' dir='ltr'><strong>omnia</strong></span> <span class='ocrx_word' id='word_1_204' title='bbox 1162 3217 1325 3282; x_wconf 87' lang='lat' dir='ltr'><strong>scire,</strong></span> <span class='ocrx_word' id='word_1_205' title='bbox 1358 3233 1422 3272; x_wconf 90' lang='lat' dir='ltr'><strong>ac</strong></span> <span class='ocrx_word' id='word_1_206' title='bbox 1456 3227 1664 3275; x_wconf 89' lang='lat' dir='ltr'><strong>tantum</strong></span> <span class='ocrx_word' id='word_1_207' title='bbox 1711 3237 1823 3277; x_wconf 88' lang='lat' dir='ltr'><strong>non</strong></span> <span class='ocrx_word' id='word_1_208' title='bbox 1871 3223 2058 3279; x_wconf 89' lang='lat' dir='ltr'><strong>dicens</strong></span> 
     </span>
    </p>
   </div>
   <div class='ocr_carea' id='block_1_32' title="bbox 477 3298 2059 3380">
    <p class='ocr_par' dir='ltr' id='par_1_32' title="bbox 477 3298 2059 3380">
     <span class='ocr_line' id='line_1_32' title="bbox 477 3298 2059 3380; baseline 0.013 -29"><span class='ocrx_word' id='word_1_209' title='bbox 477 3298 643 3354; x_wconf 86' lang='lat' dir='ltr'><strong>etiam</strong></span> <span class='ocrx_word' id='word_1_210' title='bbox 685 3303 752 3357; x_wconf 89' lang='lat' dir='ltr'><strong>ad</strong></span> <span class='ocrx_word' id='word_1_211' title='bbox 797 3304 960 3361; x_wconf 89' lang='lat' dir='ltr'><strong>illus:</strong></span> <span class='ocrx_word' id='word_1_212' title='bbox 998 3305 1288 3365; x_wconf 84' lang='lat' dir='ltr'><strong>Debebatis</strong></span> <span class='ocrx_word' id='word_1_213' title='bbox 1343 3311 1563 3380; x_wconf 86' lang='lat' dir='ltr'><strong>quidem</strong></span> <span class='ocrx_word' id='word_1_214' title='bbox 1608 3313 1772 3369; x_wconf 88' lang='lat' dir='ltr'><strong>etiam</strong></span> <span class='ocrx_word' id='word_1_215' title='bbox 1820 3330 1916 3371; x_wconf 70' lang='lat' dir='ltr'><strong>vos</strong></span> <span class='ocrx_word' id='word_1_216' title='bbox 1944 3316 2059 3371; x_wconf 75' lang='lat' dir='ltr'><strong>lizec</strong></span> 
     </span>
    </p>
   </div>
   <div class='ocr_carea' id='block_1_33' title="bbox 478 3390 2063 3476">
    <p class='ocr_par' dir='ltr' id='par_1_33' title="bbox 478 3390 2063 3476">
     <span class='ocr_line' id='line_1_33' title="bbox 478 3390 2063 3476; baseline 0.011 -32"><span class='ocrx_word' id='word_1_217' title='bbox 478 3390 645 3447; x_wconf 80' lang='lat' dir='ltr'><strong>scire.</strong></span> <span class='ocrx_word' id='word_1_218' title='bbox 688 3392 822 3450; x_wconf 85' lang='lat' dir='ltr'><strong>Nam</strong></span> <span class='ocrx_word' id='word_1_219' title='bbox 865 3397 969 3452; x_wconf 90' lang='lat' dir='ltr'><strong>hoc</strong></span> <span class='ocrx_word' id='word_1_220' title='bbox 1014 3408 1118 3465; x_wconf 91' lang='lat' dir='ltr'><strong>est,</strong></span> <span class='ocrx_word' id='word_1_221' title='bbox 1148 3401 1293 3470; x_wconf 90' lang='lat' dir='ltr'><strong>quod</strong></span> <span class='ocrx_word' id='word_1_222' title='bbox 1332 3402 1721 3476; x_wconf 77' lang='lat' dir='ltr'><strong>subiungitur:</strong></span> <span class='ocrx_word' id='word_1_223' title='bbox 1758 3405 1879 3460; x_wconf 84' lang='lat' dir='ltr'><strong>Non</strong></span> <span class='ocrx_word' id='word_1_224' title='bbox 1925 3408 2063 3462; x_wconf 88' lang='lat' dir='ltr'><strong>enim</strong></span> 
     </span>
    </p>
   </div>
   <div class='ocr_carea' id='block_1_34' title="bbox 479 3486 2066 3565">
    <p class='ocr_par' dir='ltr' id='par_1_34' title="bbox 479 3486 2066 3565">
     <span class='ocr_line' id='line_1_34' title="bbox 479 3486 2066 3565; baseline 0.013 -30"><span class='ocrx_word' id='word_1_225' title='bbox 479 3494 653 3538; x_wconf 84' lang='lat' dir='ltr'><strong>aetum</strong></span> <span class='ocrx_word' id='word_1_226' title='bbox 694 3489 884 3542; x_wconf 81' lang='lat' dir='ltr'><strong>esthoc</strong></span> <span class='ocrx_word' id='word_1_227' title='bbox 908 3490 961 3544; x_wconf 88' lang='lat' dir='ltr'><strong>in</strong></span> <span class='ocrx_word' id='word_1_228' title='bbox 989 3486 1270 3561; x_wconf 41' lang='lat' dir='ltr'><strong>angulo.-&#39;</strong></span> <span class='ocrx_word' id='word_1_229' title='bbox 1313 3493 1562 3563; x_wconf 87' lang='lat' dir='ltr'><strong>Optarim</strong></span> <span class='ocrx_word' id='word_1_230' title='bbox 1587 3513 1619 3551; x_wconf 92' lang='lat' dir='ltr'><strong>a</strong></span> <span class='ocrx_word' id='word_1_231' title='bbox 1655 3496 1785 3563; x_wconf 85' lang='lat' dir='ltr'><strong>Deo,</strong></span> <span class='ocrx_word' id='word_1_232' title='bbox 1814 3508 1946 3565; x_wconf 76' lang='lat' dir='ltr'><strong>etc...</strong></span> <span class='ocrx_word' id='word_1_233' title='bbox 1975 3516 2066 3555; x_wconf 73' lang='lat' dir='ltr'><strong>ea:-</strong></span> 
     </span>
    </p>
   </div>
   <div class='ocr_carea' id='block_1_35' title="bbox 480 3576 2064 3656">
    <p class='ocr_par' dir='ltr' id='par_1_35' title="bbox 480 3576 2064 3656">
     <span class='ocr_line' id='line_1_35' title="bbox 480 3576 2064 3656; baseline 0.014 -32"><span class='ocrx_word' id='word_1_234' title='bbox 480 3576 642 3642; x_wconf 78' lang='lat' dir='ltr'><strong>ceptis</strong></span> <span class='ocrx_word' id='word_1_235' title='bbox 668 3579 885 3634; x_wconf 83' lang='lat' dir='ltr'><strong>vinculis</strong></span> <span class='ocrx_word' id='word_1_236' title='bbox 911 3580 1013 3637; x_wconf 90' lang='lat' dir='ltr'><strong>his.</strong></span> <span class='ocrx_word' id='word_1_237' title='bbox 1058 3583 1219 3654; x_wconf 81' lang='lat' dir='ltr'><strong>Atqui</strong></span> <span class='ocrx_word' id='word_1_238' title='bbox 1262 3585 1315 3640; x_wconf 91' lang='lat' dir='ltr'><strong>id</strong></span> <span class='ocrx_word' id='word_1_239' title='bbox 1360 3584 1661 3656; x_wconf 77' lang='lat' dir='ltr'><strong>gloriosum</strong></span> <span class='ocrx_word' id='word_1_240' title='bbox 1687 3598 1842 3643; x_wconf 87' lang='lat' dir='ltr'><strong>erat:</strong></span> <span class='ocrx_word' id='word_1_241' title='bbox 1872 3606 2064 3646; x_wconf 77' lang='lat' dir='ltr'><strong>verum</strong></span> 
     </span>
    </p>
   </div>
   <div class='ocr_carea' id='block_1_36' title="bbox 481 3664 2065 3748">
    <p class='ocr_par' dir='ltr' id='par_1_36' title="bbox 481 3664 2065 3748">
     <span class='ocr_line' id='line_1_36' title="bbox 481 3664 2065 3748; baseline 0.012 -29"><span class='ocrx_word' id='word_1_242' title='bbox 481 3664 584 3723; x_wconf 91' lang='lat' dir='ltr'><strong>hoc</strong></span> <span class='ocrx_word' id='word_1_243' title='bbox 623 3669 778 3739; x_wconf 69' lang='lat' dir='ltr'><strong>dixit,</strong></span> <span class='ocrx_word' id='word_1_244' title='bbox 809 3687 1004 3746; x_wconf 87' lang='lat' dir='ltr'><strong>nempe</strong></span> <span class='ocrx_word' id='word_1_245' title='bbox 1040 3677 1282 3748; x_wconf 78' lang='lat' dir='ltr'><strong>exceptis</strong></span> <span class='ocrx_word' id='word_1_246' title='bbox 1311 3679 1552 3735; x_wconf 78' lang='lat' dir='ltr'><strong>vinculis</strong></span> <span class='ocrx_word' id='word_1_247' title='bbox 1581 3680 1689 3746; x_wconf 89' lang='lat' dir='ltr'><strong>his,</strong></span> <span class='ocrx_word' id='word_1_248' title='bbox 1733 3681 1949 3737; x_wconf 90' lang='lat' dir='ltr'><strong>illorum</strong></span> <span class='ocrx_word' id='word_1_249' title='bbox 1975 3697 2065 3738; x_wconf 89' lang='lat' dir='ltr'><strong>re-</strong></span> 
     </span>
    </p>
   </div>
   <div class='ocr_carea' id='block_1_37' title="bbox 476 3759 2069 3840">
    <p class='ocr_par' dir='ltr' id='par_1_37' title="bbox 476 3759 2069 3840">
     <span class='ocr_line' id='line_1_37' title="bbox 476 3759 2069 3840; baseline 0.01 -25"><span class='ocrx_word' id='word_1_250' title='bbox 476 3759 718 3828; x_wconf 84' lang='lat' dir='ltr'><strong>spiciens</strong></span> <span class='ocrx_word' id='word_1_251' title='bbox 742 3780 960 3822; x_wconf 87' lang='lat' dir='ltr'><strong>sensum</strong></span> <span class='ocrx_word' id='word_1_252' title='bbox 983 3776 1147 3839; x_wconf 89' lang='lat' dir='ltr'><strong>atque</strong></span> <span class='ocrx_word' id='word_1_253' title='bbox 1170 3770 1505 3839; x_wconf 88' lang='lat' dir='ltr'><strong>opinionem.</strong></span> <span class='ocrx_word' id='word_1_254' title='bbox 1528 3770 1667 3838; x_wconf 85' lang='lat' dir='ltr'><strong>Quid</strong></span> <span class='ocrx_word' id='word_1_255' title='bbox 1679 3773 1837 3840; x_wconf 90' lang='lat' dir='ltr'><strong>dicis,</strong></span> <span class='ocrx_word' id='word_1_256' title='bbox 1853 3789 1885 3828; x_wconf 93' lang='grc' dir='ltr'><strong>ο</strong></span> <span class='ocrx_word' id='word_1_257' title='bbox 1907 3774 2069 3831; x_wconf 85' lang='lat' dir='ltr'><strong>beate</strong></span> 
     </span>
    </p>
   </div>
   <div class='ocr_carea' id='block_1_38' title="bbox 481 3850 2069 3941">
    <p class='ocr_par' dir='ltr' id='par_1_38' title="bbox 481 3850 2069 3941">
     <span class='ocr_line' id='line_1_38' title="bbox 481 3850 2069 3941; baseline 0.01 -35"><span class='ocrx_word' id='word_1_258' title='bbox 481 3850 669 3922; x_wconf 80' lang='lat' dir='ltr'><strong>Paule,</strong></span> <span class='ocrx_word' id='word_1_259' title='bbox 704 3856 907 3928; x_wconf 80' lang='lat' dir='ltr'><strong>Absque</strong></span> <span class='ocrx_word' id='word_1_260' title='bbox 928 3861 1196 3916; x_wconf 78' lang='lat' dir='ltr'><strong>vinculis?</strong></span> <span class='ocrx_word' id='word_1_261' title='bbox 1227 3871 1281 3918; x_wconf 89' lang='lat' dir='ltr'><strong>et</strong></span> <span class='ocrx_word' id='word_1_262' title='bbox 1307 3875 1563 3941; x_wconf 64' lang='lat' dir='ltr'><strong>quaenam</strong></span> <span class='ocrx_word' id='word_1_263' title='bbox 1593 3865 1821 3935; x_wconf 89' lang='lat' dir='ltr'><strong>posthac</strong></span> <span class='ocrx_word' id='word_1_264' title='bbox 1860 3867 1956 3921; x_wconf 84' lang='lat' dir='ltr'><strong>tibi</strong></span> <span class='ocrx_word' id='word_1_265' title='bbox 1979 3882 2069 3922; x_wconf 89' lang='lat' dir='ltr'><strong>re-</strong></span> 
     </span>
    </p>
   </div>
   <div class='ocr_carea' id='block_1_39' title="bbox 479 3944 2067 4025">
    <p class='ocr_par' dir='ltr' id='par_1_39' title="bbox 479 3944 2067 4025">
     <span class='ocr_line' id='line_1_39' title="bbox 479 3944 2067 4025; baseline 0.01 -26"><span class='ocrx_word' id='word_1_266' title='bbox 479 3944 630 4015; x_wconf 88' lang='lat' dir='ltr'><strong>liqua</strong></span> <span class='ocrx_word' id='word_1_267' title='bbox 667 3958 787 4005; x_wconf 89' lang='lat' dir='ltr'><strong>erat</strong></span> <span class='ocrx_word' id='word_1_268' title='bbox 823 3951 1057 4021; x_wconf 83' lang='lat' dir='ltr'><strong>quodvis</strong></span> <span class='ocrx_word' id='word_1_269' title='bbox 1094 3955 1356 4025; x_wconf 88' lang='lat' dir='ltr'><strong>loquendi</strong></span> <span class='ocrx_word' id='word_1_270' title='bbox 1413 3956 1631 4021; x_wconf 76' lang='lat' dir='ltr'><strong>ﬁducia,</strong></span> <span class='ocrx_word' id='word_1_271' title='bbox 1672 3957 1716 4012; x_wconf 90' lang='lat' dir='ltr'><strong>si</strong></span> <span class='ocrx_word' id='word_1_272' title='bbox 1760 3966 1812 4013; x_wconf 91' lang='lat' dir='ltr'><strong>te</strong></span> <span class='ocrx_word' id='word_1_273' title='bbox 1872 3959 2067 4014; x_wconf 90' lang='lat' dir='ltr'><strong>borum</strong></span> 
     </span>
    </p>
   </div>
   <div class='ocr_carea' id='block_1_40' title="bbox 479 4037 2070 4116">
    <p class='ocr_par' dir='ltr' id='par_1_40' title="bbox 479 4037 2070 4116">
     <span class='ocr_line' id='line_1_40' title="bbox 479 4037 2070 4116; baseline 0.009 -26"><span class='ocrx_word' id='word_1_274' title='bbox 479 4037 673 4106; x_wconf 87' lang='lat' dir='ltr'><strong>pudet,</strong></span> <span class='ocrx_word' id='word_1_275' title='bbox 720 4048 886 4110; x_wconf 89' lang='lat' dir='ltr'><strong>atque</strong></span> <span class='ocrx_word' id='word_1_276' title='bbox 941 4042 1060 4097; x_wconf 66' lang='lat' dir='ltr'><strong>haec</strong></span> <span class='ocrx_word' id='word_1_277' title='bbox 1114 4043 1277 4116; x_wconf 80' lang='lat' dir='ltr'><strong>fugis,</strong></span> <span class='ocrx_word' id='word_1_278' title='bbox 1340 4047 1644 4115; x_wconf 72' lang='lat' dir='ltr'><strong>praesertim</strong></span> <span class='ocrx_word' id='word_1_279' title='bbox 1697 4062 1880 4103; x_wconf 88' lang='lat' dir='ltr'><strong>coram</strong></span> <span class='ocrx_word' id='word_1_280' title='bbox 1923 4059 2070 4106; x_wconf 86' lang='lat' dir='ltr'><strong>tanta</strong></span> 
     </span>
    </p>
   </div>
   <div class='ocr_carea' id='block_1_41' title="bbox 480 4130 2072 4212">
    <p class='ocr_par' dir='ltr' id='par_1_41' title="bbox 480 4130 2072 4212">
     <span class='ocr_line' id='line_1_41' title="bbox 480 4130 2072 4212; baseline 0.008 -28"><span class='ocrx_word' id='word_1_281' title='bbox 480 4130 873 4188; x_wconf 81' lang='lat' dir='ltr'><strong>multitudine?</strong></span> <span class='ocrx_word' id='word_1_282' title='bbox 913 4150 1101 4191; x_wconf 87' lang='lat' dir='ltr'><strong>annon</strong></span> <span class='ocrx_word' id='word_1_283' title='bbox 1136 4137 1192 4192; x_wconf 81' lang='lat' dir='ltr'><strong>in</strong></span> <span class='ocrx_word' id='word_1_284' title='bbox 1239 4139 1498 4194; x_wconf 89' lang='lat' dir='ltr'><strong>omnibus</strong></span> <span class='ocrx_word' id='word_1_285' title='bbox 1548 4139 1806 4210; x_wconf 87' lang='lat' dir='ltr'><strong>Epistolis</strong></span> <span class='ocrx_word' id='word_1_286' title='bbox 1849 4152 2072 4212; x_wconf 84' lang='lat' dir='ltr'><strong>pr0ptcr</strong></span> 
     </span>
    </p>
   </div>
   <div class='ocr_carea' id='block_1_42' title="bbox 485 4222 2070 4303">
    <p class='ocr_par' dir='ltr' id='par_1_42' title="bbox 485 4222 2070 4303">
     <span class='ocr_line' id='line_1_42' title="bbox 485 4222 2070 4303; baseline 0.009 -27"><span class='ocrx_word' id='word_1_287' title='bbox 485 4222 603 4279; x_wconf 66' lang='lat' dir='ltr'><strong>haec</strong></span> <span class='ocrx_word' id='word_1_288' title='bbox 631 4224 901 4296; x_wconf 83' lang='lat' dir='ltr'><strong>gloriaris,</strong></span> <span class='ocrx_word' id='word_1_289' title='bbox 934 4236 989 4284; x_wconf 86' lang='lat' dir='ltr'><strong>et</strong></span> <span class='ocrx_word' id='word_1_290' title='bbox 1026 4231 1273 4286; x_wconf 83' lang='lat' dir='ltr'><strong>vinctum</strong></span> <span class='ocrx_word' id='word_1_291' title='bbox 1302 4232 1657 4303; x_wconf 89' lang='lat' dir='ltr'><strong>temetipsum</strong></span> <span class='ocrx_word' id='word_1_292' title='bbox 1686 4249 1871 4300; x_wconf 82' lang='lat' dir='ltr'><strong>vocas,</strong></span> <span class='ocrx_word' id='word_1_293' title='bbox 1900 4244 1956 4290; x_wconf 89' lang='lat' dir='ltr'><strong>et</strong></span> <span class='ocrx_word' id='word_1_294' title='bbox 1976 4251 2070 4290; x_wconf 85' lang='lat' dir='ltr'><strong>ca-</strong></span> 
     </span>
    </p>
   </div>
   <div class='ocr_carea' id='block_1_43' title="bbox 482 4319 2074 4396">
    <p class='ocr_par' dir='ltr' id='par_1_43' title="bbox 482 4319 2074 4396">
     <span class='ocr_line' id='line_1_43' title="bbox 482 4319 2074 4396; baseline 0.006 -27"><span class='ocrx_word' id='word_1_295' title='bbox 482 4324 664 4370; x_wconf 83' lang='lat' dir='ltr'><strong>tenam</strong></span> <span class='ocrx_word' id='word_1_296' title='bbox 692 4319 853 4374; x_wconf 86' lang='lat' dir='ltr'><strong>nobls</strong></span> <span class='ocrx_word' id='word_1_297' title='bbox 886 4321 1090 4390; x_wconf 88' lang='lat' dir='ltr'><strong>ubique</strong></span> <span class='ocrx_word' id='word_1_298' title='bbox 1129 4323 1251 4380; x_wconf 90' lang='lat' dir='ltr'><strong>loco</strong></span> <span class='ocrx_word' id='word_1_299' title='bbox 1283 4323 1607 4380; x_wconf 87' lang='lat' dir='ltr'><strong>diadematis</strong></span> <span class='ocrx_word' id='word_1_300' title='bbox 1646 4324 1811 4396; x_wconf 78' lang='lat'><strong>178</strong></span> <span class='ocrx_word' id='word_1_301' title='bbox 1837 4325 2074 4381; x_wconf 75' lang='lat' dir='ltr'><strong>cireum-</strong></span> 
     </span>
    </p>
   </div>
   <div class='ocr_carea' id='block_1_44' title="bbox 484 4406 2072 4488">
    <p class='ocr_par' dir='ltr' id='par_1_44' title="bbox 484 4406 2072 4488">
     <span class='ocr_line' id='line_1_44' title="bbox 484 4406 2072 4488; baseline 0.008 -28"><span class='ocrx_word' id='word_1_302' title='bbox 484 4406 634 4462; x_wconf 81' lang='lat' dir='ltr'><strong>fers?</strong></span> <span class='ocrx_word' id='word_1_303' title='bbox 662 4407 800 4476; x_wconf 88' lang='lat' dir='ltr'><strong>Quid</strong></span> <span class='ocrx_word' id='word_1_304' title='bbox 833 4412 999 4485; x_wconf 76' lang='lat' dir='ltr'><strong>igitur</strong></span> <span class='ocrx_word' id='word_1_305' title='bbox 1030 4431 1178 4472; x_wconf 92' lang='lat' dir='ltr'><strong>nunc</strong></span> <span class='ocrx_word' id='word_1_306' title='bbox 1207 4416 1410 4473; x_wconf 88' lang='lat' dir='ltr'><strong>accidit</strong></span> <span class='ocrx_word' id='word_1_307' title='bbox 1451 4420 1814 4488; x_wconf 87' lang='lat' dir='ltr'><strong>quamobrem</strong></span> <span class='ocrx_word' id='word_1_308' title='bbox 1856 4419 2072 4475; x_wconf 70' lang='lat' dir='ltr'><strong>vincula</strong></span> 
     </span>
    </p>
   </div>
   <div class='ocr_carea' id='block_1_45' title="bbox 483 4499 2072 4583">
    <p class='ocr_par' dir='ltr' id='par_1_45' title="bbox 483 4499 2072 4583">
     <span class='ocr_line' id='line_1_45' title="bbox 483 4499 2072 4583; baseline 0.009 -29"><span class='ocrx_word' id='word_1_309' title='bbox 483 4499 829 4571; x_wconf 83' lang='lat' dir='ltr'><strong>depreceris?</strong></span> <span class='ocrx_word' id='word_1_310' title='bbox 858 4505 975 4562; x_wconf 85' lang='lat' dir='ltr'><strong>Non</strong></span> <span class='ocrx_word' id='word_1_311' title='bbox 1007 4507 1142 4579; x_wconf 90' lang='lat' dir='ltr'><strong>ipse,</strong></span> <span class='ocrx_word' id='word_1_312' title='bbox 1184 4510 1384 4581; x_wconf 76' lang='lat' dir='ltr'><strong>inquit,</strong></span> <span class='ocrx_word' id='word_1_313' title='bbox 1439 4511 1843 4582; x_wconf 82' lang='lat' dir='ltr'><strong>deprecorilla,</strong></span> <span class='ocrx_word' id='word_1_314' title='bbox 1889 4527 2072 4583; x_wconf 88' lang='lat' dir='ltr'><strong>neque</strong></span> 
     </span>
    </p>
   </div>
   <div class='ocr_carea' id='block_1_46' title="bbox 2151 642 3673 721">
    <p class='ocr_par' dir='ltr' id='par_1_46' title="bbox 2151 642 3673 721">
     <span class='ocr_line' id='line_1_46' title="bbox 2151 642 3673 721; baseline -0.007 -19"><span class='ocrx_word' id='word_1_315' title='bbox 2151 648 2445 717; x_wconf 75' lang='grc' dir='ltr'><strong>διελέγετο,</strong></span> <span class='ocrx_word' id='word_1_316' title='bbox 2497 646 2688 718; x_wconf 84' lang='grc' dir='ltr'><em>ὥσπερ</em></span> <span class='ocrx_word' id='word_1_317' title='bbox 2738 644 2911 700; x_wconf 74' lang='grc' dir='ltr'>ἔπαθέ</span> <span class='ocrx_word' id='word_1_318' title='bbox 2955 661 3031 713; x_wconf 80' lang='grc' dir='ltr'><strong>τι,</strong></span> <span class='ocrx_word' id='word_1_319' title='bbox 3076 642 3171 698; x_wconf 70' lang='grc' dir='ltr'><strong>καὶ</strong></span> <span class='ocrx_word' id='word_1_320' title='bbox 3225 643 3349 698; x_wconf 74' lang='grc' dir='ltr'><strong>ἰδὼν</strong></span> <span class='ocrx_word' id='word_1_321' title='bbox 3376 644 3470 716; x_wconf 77' lang='grc' dir='ltr'><strong>τὴν</strong></span> <span class='ocrx_word' id='word_1_322' title='bbox 3494 647 3673 721; x_wconf 75' lang='grc' dir='ltr'><strong>παῤῥη.</strong></span> 
     </span>
    </p>
   </div>
   <div class='ocr_carea' id='block_1_47' title="bbox 2155 730 3673 811">
    <p class='ocr_par' dir='ltr' id='par_1_47' title="bbox 2155 730 3673 811">
     <span class='ocr_line' id='line_1_47' title="bbox 2155 730 3673 811; baseline -0.001 -15"><span class='ocrx_word' id='word_1_323' title='bbox 2155 742 2298 809; x_wconf 81' lang='grc' dir='ltr'><em>σίαν,</em></span> <span class='ocrx_word' id='word_1_324' title='bbox 2339 741 2448 795; x_wconf 79' lang='grc' dir='ltr'><strong>ἀπὸ</strong></span> <span class='ocrx_word' id='word_1_325' title='bbox 2495 740 2668 811; x_wconf 79' lang='grc' dir='ltr'><em>ὀργῆς</em></span> <span class='ocrx_word' id='word_1_326' title='bbox 2712 739 2808 793; x_wconf 76' lang='grc' dir='ltr'><strong>καὶ</strong></span> <span class='ocrx_word' id='word_1_327' title='bbox 2848 737 3022 809; x_wconf 81' lang='grc' dir='ltr'><em>θυμοῦ</em></span> <span class='ocrx_word' id='word_1_328' title='bbox 3064 735 3223 791; x_wconf 78' lang='grc' dir='ltr'><em>τοῦτο</em></span> <span class='ocrx_word' id='word_1_329' title='bbox 3250 730 3402 790; x_wconf 76' lang='grc' dir='ltr'><em>εἶπεν</em></span> <span class='ocrx_word' id='word_1_330' title='bbox 3442 739 3673 809; x_wconf 65' lang='grc' dir='ltr'><em>ὀφῆστος.</em></span> 
     </span>
    </p>
   </div>
   <div class='ocr_carea' id='block_1_48' title="bbox 2168 828 3675 903">
    <p class='ocr_par' dir='ltr' id='par_1_48' title="bbox 2168 828 3675 903">
     <span class='ocr_line' id='line_1_48' title="bbox 2168 828 3675 903; baseline 0 -16"><span class='ocrx_word' id='word_1_331' title='bbox 2168 832 2227 887; x_wconf 88' lang='lat'><strong>&#39;0</strong></span> <span class='ocrx_word' id='word_1_332' title='bbox 2259 832 2315 887; x_wconf 76' lang='grc' dir='ltr'><strong>δὲ</strong></span> <span class='ocrx_word' id='word_1_333' title='bbox 2358 831 2569 896; x_wconf 75' lang='grc' dir='ltr'><em>Παῦλος</em></span> <span class='ocrx_word' id='word_1_334' title='bbox 2598 831 2696 903; x_wconf 77' lang='grc' dir='ltr'><strong>τὴν</strong></span> <span class='ocrx_word' id='word_1_335' title='bbox 2725 831 2907 887; x_wconf 76' lang='grc' dir='ltr'><em>αἰτίαν</em></span> <span class='ocrx_word' id='word_1_336' title='bbox 2945 830 3211 897; x_wconf 83' lang='grc' dir='ltr'><strong>διδάσκει,</strong></span> <span class='ocrx_word' id='word_1_337' title='bbox 3248 828 3317 884; x_wconf 86' lang='grc' dir='ltr'><strong>δι’</strong></span> <span class='ocrx_word' id='word_1_338' title='bbox 3346 828 3414 901; x_wconf 72' lang='grc' dir='ltr'><strong>ἢν</strong></span> <span class='ocrx_word' id='word_1_339' title='bbox 3453 831 3576 902; x_wconf 65' lang='grc' dir='ltr'><em>πρὸς</em></span> <span class='ocrx_word' id='word_1_340' title='bbox 3605 833 3675 890; x_wconf 63' lang='grc' dir='ltr'><strong>τὸν</strong></span> 
     </span>
    </p>
   </div>
   <div class='ocr_carea' id='block_1_49' title="bbox 2156 923 3081 996">
    <p class='ocr_par' dir='ltr' id='par_1_49' title="bbox 2156 923 3081 996">
     <span class='ocr_line' id='line_1_49' title="bbox 2156 923 3081 996; baseline 0.001 -19"><span class='ocrx_word' id='word_1_341' title='bbox 2156 923 2379 993; x_wconf 79' lang='grc' dir='ltr'><strong>βασιλέα</strong></span> <span class='ocrx_word' id='word_1_342' title='bbox 2409 923 2503 979; x_wconf 80' lang='grc' dir='ltr'><strong>τὸν</strong></span> <span class='ocrx_word' id='word_1_343' title='bbox 2536 923 2695 994; x_wconf 81' lang='grc' dir='ltr'><em>λόγον</em></span> <span class='ocrx_word' id='word_1_344' title='bbox 2716 923 3081 996; x_wconf 80' lang='grc' dir='ltr'><strong>ἀπέστρεφεν.</strong></span> 
     </span>
    </p>
   </div>
   <div class='ocr_carea' id='block_1_50' title="bbox 2225 1101 3652 1177">
    <p class='ocr_par' dir='ltr' id='par_1_50' title="bbox 2225 1101 3652 1177">
     <span class='ocr_line' id='line_1_50' title="bbox 2225 1101 3652 1177; baseline -0.002 -17"><span class='ocrx_word' id='word_1_345' title='bbox 2225 1108 2308 1163; x_wconf 80' lang='grc' dir='ltr'><strong>Οὐ</strong></span> <span class='ocrx_word' id='word_1_346' title='bbox 2342 1106 2456 1177; x_wconf 75' lang='grc' dir='ltr'><em>γάρ</em></span> <span class='ocrx_word' id='word_1_347' title='bbox 2499 1106 2673 1161; x_wconf 75' lang='grc' dir='ltr'><em>ἐστιν</em></span> <span class='ocrx_word' id='word_1_348' title='bbox 2723 1106 2795 1161; x_wconf 71' lang='grc' dir='ltr'><em>ἐν</em></span> <span class='ocrx_word' id='word_1_349' title='bbox 2838 1105 3019 1175; x_wconf 77' lang='grc' dir='ltr'><em>γωνίᾳ</em></span> <span class='ocrx_word' id='word_1_350' title='bbox 3040 1101 3457 1174; x_wconf 72' lang='grc' dir='ltr'><strong>πεπραγμένον</strong></span> <span class='ocrx_word' id='word_1_351' title='bbox 3488 1102 3652 1163; x_wconf 79' lang='grc' dir='ltr'><em>τοῦτο.</em></span> 
     </span>
    </p>
   </div>
   <div class='ocr_carea' id='block_1_51' title="bbox 2228 1195 3679 1268">
    <p class='ocr_par' dir='ltr' id='par_1_51' title="bbox 2228 1195 3679 1268">
     <span class='ocr_line' id='line_1_51' title="bbox 2228 1195 3679 1268; baseline -0.004 -13"><span class='ocrx_word' id='word_1_352' title='bbox 2228 1200 2561 1267; x_wconf 86' lang='grc' dir='ltr'><em>Πιστεύεις,</em></span> <span class='ocrx_word' id='word_1_353' title='bbox 2579 1198 2845 1266; x_wconf 81' lang='grc' dir='ltr'><em>,ϐασιλεῦ</em></span> <span class='ocrx_word' id='word_1_354' title='bbox 2877 1196 3185 1268; x_wconf 76' lang='grc' dir='ltr'><strong>Ἀγρίππα,</strong></span> <span class='ocrx_word' id='word_1_355' title='bbox 3218 1195 3343 1262; x_wconf 82' lang='grc' dir='ltr'><em>τοῖς</em></span> <span class='ocrx_word' id='word_1_356' title='bbox 3362 1196 3679 1265; x_wconf 67' lang='grc' dir='ltr'><em>προφήταιςς</em></span> 
     </span>
    </p>
   </div>
   <div class='ocr_carea' id='block_1_52' title="bbox 2159 1287 2783 1358">
    <p class='ocr_par' dir='ltr' id='par_1_52' title="bbox 2159 1287 2783 1358">
     <span class='ocr_line' id='line_1_52' title="bbox 2159 1287 2783 1358; baseline 0 -13"><span class='ocrx_word' id='word_1_357' title='bbox 2159 1287 2295 1346; x_wconf 73' lang='grc' dir='ltr'><strong>οῖδα</strong></span> <span class='ocrx_word' id='word_1_358' title='bbox 2327 1291 2417 1345; x_wconf 83' lang='grc' dir='ltr'><strong>ὅτι</strong></span> <span class='ocrx_word' id='word_1_359' title='bbox 2453 1292 2783 1358; x_wconf 80' lang='grc' dir='ltr'><strong>πιστεύεις.</strong></span> 
     </span>
    </p>
   </div>
   <div class='ocr_carea' id='block_1_53' title="bbox 2245 1380 3680 1455">
    <p class='ocr_par' dir='ltr' id='par_1_53' title="bbox 2245 1380 3680 1455">
     <span class='ocr_line' id='line_1_53' title="bbox 2245 1380 3680 1455; baseline 0.001 -17"><span class='ocrx_word' id='word_1_360' title='bbox 2245 1384 2298 1438; x_wconf 89' lang='lat'><strong>&#39;0</strong></span> <span class='ocrx_word' id='word_1_361' title='bbox 2328 1383 2398 1437; x_wconf 67' lang='lat' dir='ltr'><strong>es</strong></span> <span class='ocrx_word' id='word_1_362' title='bbox 2453 1384 2785 1455; x_wconf 79' lang='grc' dir='ltr'><em>Ἀγρίππας</em></span> <span class='ocrx_word' id='word_1_363' title='bbox 2828 1384 2978 1453; x_wconf 85' lang='grc' dir='ltr'><em>πρὸς</em></span> <span class='ocrx_word' id='word_1_364' title='bbox 3011 1381 3118 1436; x_wconf 81' lang='grc' dir='ltr'><em>τὸν</em></span> <span class='ocrx_word' id='word_1_365' title='bbox 3153 1380 3399 1436; x_wconf 86' lang='grc' dir='ltr'><em>Παῦλον</em></span> <span class='ocrx_word' id='word_1_366' title='bbox 3435 1381 3566 1452; x_wconf 68' lang='grc' dir='ltr'><em>ἔφη’</em></span> <span class='ocrx_word' id='word_1_367' title='bbox 3602 1384 3680 1439; x_wconf 77' lang='grc' dir='ltr'><em>Ἓν</em></span> 
     </span>
    </p>
   </div>
   <div class='ocr_carea' id='block_1_54' title="bbox 2161 1473 3409 1547">
    <p class='ocr_par' dir='ltr' id='par_1_54' title="bbox 2161 1473 3409 1547">
     <span class='ocr_line' id='line_1_54' title="bbox 2161 1473 3409 1547; baseline -0.002 -17"><span class='ocrx_word' id='word_1_368' title='bbox 2161 1475 2346 1547; x_wconf 77' lang='grc' dir='ltr'><em>ὀλίγῳ</em></span> <span class='ocrx_word' id='word_1_369' title='bbox 2370 1493 2448 1547; x_wconf 86' lang='grc' dir='ltr'><strong>με</strong></span> <span class='ocrx_word' id='word_1_370' title='bbox 2476 1477 2705 1544; x_wconf 81' lang='grc' dir='ltr'><strong>πείθεις</strong></span> <span class='ocrx_word' id='word_1_371' title='bbox 2726 1475 3088 1546; x_wconf 80' lang='grc' dir='ltr'><strong>Χριστιανὸν</strong></span> <span class='ocrx_word' id='word_1_372' title='bbox 3106 1473 3409 1545; x_wconf 78' lang='grc' dir='ltr'><strong>γενέσθαι.</strong></span> 
     </span>
    </p>
   </div>
   <div class='ocr_carea' id='block_1_55' title="bbox 2186 1616 3678 1724">
    <p class='ocr_par' dir='ltr' id='par_1_55' title="bbox 2186 1616 3678 1724">
     <span class='ocr_line' id='line_1_55' title="bbox 2186 1616 3678 1724; baseline -0.001 -14"><span class='ocrx_word' id='word_1_373' title='bbox 2186 1616 2189 1619; x_wconf 49' lang='grc'><em>’</em></span> <span class='ocrx_word' id='word_1_374' title='bbox 2244 1656 2307 1710; x_wconf 84' lang='grc'><strong>’0</strong></span> <span class='ocrx_word' id='word_1_375' title='bbox 2331 1656 2399 1709; x_wconf 77' lang='grc' dir='ltr'><strong>δὲ</strong></span> <span class='ocrx_word' id='word_1_376' title='bbox 2428 1656 2671 1724; x_wconf 79' lang='grc' dir='ltr'><em>Παῦλος</em></span> <span class='ocrx_word' id='word_1_377' title='bbox 2696 1652 2899 1711; x_wconf 76' lang='grc' dir='ltr'><em>εῐπεν·</em></span> <span class='ocrx_word' id='word_1_378' title='bbox 2929 1654 3241 1721; x_wconf 73' lang='grc' dir='ltr'><strong>εὐξαίμην</strong></span> <span class='ocrx_word' id='word_1_379' title='bbox 3259 1654 3336 1710; x_wconf 84' lang='grc' dir='ltr'><em>ἂν</em></span> <span class='ocrx_word' id='word_1_380' title='bbox 3359 1653 3437 1721; x_wconf 76' lang='grc' dir='ltr'><strong>τῷ</strong></span> <span class='ocrx_word' id='word_1_381' title='bbox 3459 1654 3584 1720; x_wconf 85' lang='grc' dir='ltr'><strong>Θεῷ,</strong></span> <span class='ocrx_word' id='word_1_382' title='bbox 3607 1656 3678 1709; x_wconf 76' lang='grc' dir='ltr'><strong>καὶ</strong></span> 
     </span>
    </p>
   </div>
   <div class='ocr_carea' id='block_1_56' title="bbox 2159 1743 3678 1818">
    <p class='ocr_par' dir='ltr' id='par_1_56' title="bbox 2159 1743 3678 1818">
     <span class='ocr_line' id='line_1_56' title="bbox 2159 1743 3678 1818; baseline -0.002 -16"><span class='ocrx_word' id='word_1_383' title='bbox 2159 1748 2232 1802; x_wconf 84' lang='grc' dir='ltr'><em>ἐν</em></span> <span class='ocrx_word' id='word_1_384' title='bbox 2266 1748 2447 1818; x_wconf 82' lang='grc' dir='ltr'><em>ὀλίγῳ</em></span> <span class='ocrx_word' id='word_1_385' title='bbox 2483 1747 2580 1803; x_wconf 80' lang='grc' dir='ltr'><em>καί</em></span> <span class='ocrx_word' id='word_1_386' title='bbox 2618 1748 2689 1802; x_wconf 81' lang='grc' dir='ltr'><em>ἐν</em></span> <span class='ocrx_word' id='word_1_387' title='bbox 2738 1747 2949 1813; x_wconf 81' lang='grc' dir='ltr'><em>πολλῷ</em></span> <span class='ocrx_word' id='word_1_388' title='bbox 2977 1749 3050 1802; x_wconf 88' lang='grc' dir='ltr'><strong>οὐ</strong></span> <span class='ocrx_word' id='word_1_389' title='bbox 3085 1747 3281 1817; x_wconf 83' lang='grc' dir='ltr'><em>μόνον</em></span> <span class='ocrx_word' id='word_1_390' title='bbox 3306 1745 3399 1810; x_wconf 71' lang='grc' dir='ltr'><em>σὲ,</em></span> <span class='ocrx_word' id='word_1_391' title='bbox 3443 1746 3583 1800; x_wconf 80' lang='grc' dir='ltr'><em>ἀλλὰ</em></span> <span class='ocrx_word' id='word_1_392' title='bbox 3609 1743 3678 1799; x_wconf 76' lang='grc' dir='ltr'><em>καί</em></span> 
     </span>
    </p>
   </div>
   <div class='ocr_carea' id='block_1_57' title="bbox 2162 1837 3681 1915">
    <p class='ocr_par' dir='ltr' id='par_1_57' title="bbox 2162 1837 3681 1915">
     <span class='ocr_line' id='line_1_57' title="bbox 2162 1837 3681 1915; baseline -0.001 -21"><span class='ocrx_word' id='word_1_393' title='bbox 2162 1839 2394 1907; x_wconf 76' lang='grc' dir='ltr'><em>πάντας</em></span> <span class='ocrx_word' id='word_1_394' title='bbox 2430 1840 2573 1915; x_wconf 67' lang='grc' dir='ltr'><strong>Δξοὺς</strong></span> <span class='ocrx_word' id='word_1_395' title='bbox 2609 1838 2944 1906; x_wconf 82' lang='grc' dir='ltr'><em>ἀκούοντάς</em></span> <span class='ocrx_word' id='word_1_396' title='bbox 2979 1856 3098 1909; x_wconf 79' lang='grc' dir='ltr'><strong>μου</strong></span> <span class='ocrx_word' id='word_1_397' title='bbox 3145 1838 3412 1908; x_wconf 79' lang='grc' dir='ltr'><strong>σήμερον</strong></span> <span class='ocrx_word' id='word_1_398' title='bbox 3457 1837 3681 1908; x_wconf 77' lang='grc' dir='ltr'><strong>γενέσθαι</strong></span> 
     </span>
    </p>
   </div>
   <div class='ocr_carea' id='block_1_58' title="bbox 2088 1926 3677 2003">
    <p class='ocr_par' dir='ltr' id='par_1_58' title="bbox 2088 1926 3677 2003">
     <span class='ocr_line' id='line_1_58' title="bbox 2088 1926 3677 2003; baseline -0.002 -18"><span class='ocrx_word' id='word_1_399' title='bbox 2088 1936 2132 1995; x_wconf 79' lang='grc' dir='ltr'><strong><em>Β</em></strong></span> <span class='ocrx_word' id='word_1_400' title='bbox 2161 1933 2489 1999; x_wconf 82' lang='grc' dir='ltr'><em>τοιούτους,</em></span> <span class='ocrx_word' id='word_1_401' title='bbox 2526 1932 2733 1999; x_wconf 80' lang='grc' dir='ltr'><em>ὁποῖος</em></span> <span class='ocrx_word' id='word_1_402' title='bbox 2778 1932 2941 2003; x_wconf 61' lang='grc' dir='ltr'><em>κάγὼ</em></span> <span class='ocrx_word' id='word_1_403' title='bbox 2981 1933 3119 2001; x_wconf 77' lang='grc' dir='ltr'><em>ειμι,</em></span> <span class='ocrx_word' id='word_1_404' title='bbox 3159 1928 3451 1999; x_wconf 82' lang='grc' dir='ltr'><em>παρεκτὸς</em></span> <span class='ocrx_word' id='word_1_405' title='bbox 3479 1926 3579 1983; x_wconf 85' lang='grc' dir='ltr'><strong>τῶν</strong></span> <span class='ocrx_word' id='word_1_406' title='bbox 3606 1929 3677 1983; x_wconf 75' lang='grc' dir='ltr'><strong>δε-</strong></span> 
     </span>
    </p>
   </div>
   <div class='ocr_carea' id='block_1_59' title="bbox 2160 2024 2607 2095">
    <p class='ocr_par' dir='ltr' id='par_1_59' title="bbox 2160 2024 2607 2095">
     <span class='ocr_line' id='line_1_59' title="bbox 2160 2024 2607 2095; baseline 0.007 -17"><span class='ocrx_word' id='word_1_407' title='bbox 2160 2024 2334 2095; x_wconf 83' lang='grc' dir='ltr'><em>σμῶν</em></span> <span class='ocrx_word' id='word_1_408' title='bbox 2362 2027 2607 2082; x_wconf 79' lang='grc' dir='ltr'><em>τούτων.</em></span> 
     </span>
    </p>
   </div>
   <div class='ocr_carea' id='block_1_60' title="bbox 2236 2111 3677 2182">
    <p class='ocr_par' dir='ltr' id='par_1_60' title="bbox 2236 2111 3677 2182">
     <span class='ocr_line' id='line_1_60' title="bbox 2236 2111 3677 2182; baseline -0.003 -12"><span class='ocrx_word' id='word_1_409' title='bbox 2236 2115 2344 2170; x_wconf 79' lang='grc' dir='ltr'><strong>Καὶ</strong></span> <span class='ocrx_word' id='word_1_410' title='bbox 2372 2115 2560 2170; x_wconf 81' lang='grc' dir='ltr'><em>ταῦτα</em></span> <span class='ocrx_word' id='word_1_411' title='bbox 2590 2116 2867 2181; x_wconf 74' lang='grc' dir='ltr'><em>εἰπόντος</em></span> <span class='ocrx_word' id='word_1_412' title='bbox 2886 2113 3094 2177; x_wconf 81' lang='grc' dir='ltr'><strong>αὑτοῦ.</strong></span> <span class='ocrx_word' id='word_1_413' title='bbox 3126 2113 3355 2182; x_wconf 81' lang='grc' dir='ltr'><strong>ἀνέστη</strong></span> <span class='ocrx_word' id='word_1_414' title='bbox 3390 2111 3677 2179; x_wconf 82' lang='grc' dir='ltr'><em>δβασιλεὺς</em></span> 
     </span>
    </p>
   </div>
   <div class='ocr_carea' id='block_1_61' title="bbox 2160 2204 3679 2280">
    <p class='ocr_par' dir='ltr' id='par_1_61' title="bbox 2160 2204 3679 2280">
     <span class='ocr_line' id='line_1_61' title="bbox 2160 2204 3679 2280; baseline -0.003 -16"><span class='ocrx_word' id='word_1_415' title='bbox 2160 2209 2261 2264; x_wconf 75' lang='grc' dir='ltr'><strong>καὶ</strong></span> <span class='ocrx_word' id='word_1_416' title='bbox 2291 2212 2325 2264; x_wconf 86' lang='grc' dir='ltr'><strong>ό</strong></span> <span class='ocrx_word' id='word_1_417' title='bbox 2354 2207 2591 2280; x_wconf 77' lang='grc' dir='ltr'><strong>ἡγεμὼν</strong></span> <span class='ocrx_word' id='word_1_418' title='bbox 2618 2208 2657 2278; x_wconf 82' lang='grc' dir='ltr'><em>ἢ</em></span> <span class='ocrx_word' id='word_1_419' title='bbox 2688 2225 2751 2262; x_wconf 87' lang='grc' dir='ltr'><strong>τε</strong></span> <span class='ocrx_word' id='word_1_420' title='bbox 2781 2207 3057 2277; x_wconf 82' lang='grc' dir='ltr'><strong>Βερνίκη,</strong></span> <span class='ocrx_word' id='word_1_421' title='bbox 3082 2205 3187 2262; x_wconf 78' lang='grc' dir='ltr'><strong>καὶ</strong></span> <span class='ocrx_word' id='word_1_422' title='bbox 3219 2209 3274 2262; x_wconf 83' lang='grc' dir='ltr'><strong>οι</strong></span> <span class='ocrx_word' id='word_1_423' title='bbox 3296 2204 3679 2277; x_wconf 78' lang='grc' dir='ltr'><strong>συγκαθήμενοι</strong></span> 
     </span>
    </p>
   </div>
   <div class='ocr_carea' id='block_1_62' title="bbox 2160 2297 2385 2366">
    <p class='ocr_par' dir='ltr' id='par_1_62' title="bbox 2160 2297 2385 2366">
     <span class='ocr_line' id='line_1_62' title="bbox 2160 2297 2385 2366; baseline 0 -13"><span class='ocrx_word' id='word_1_424' title='bbox 2160 2297 2385 2366; x_wconf 84' lang='grc' dir='ltr'><em>αὐτοῖς,</em></span> 
     </span>
    </p>
   </div>
   <div class='ocr_carea' id='block_1_63' title="bbox 2233 2387 3678 2462">
    <p class='ocr_par' dir='ltr' id='par_1_63' title="bbox 2233 2387 3678 2462">
     <span class='ocr_line' id='line_1_63' title="bbox 2233 2387 3678 2462; baseline -0.003 -16"><span class='ocrx_word' id='word_1_425' title='bbox 2233 2391 2338 2447; x_wconf 78' lang='grc' dir='ltr'><strong>Καὶ</strong></span> <span class='ocrx_word' id='word_1_426' title='bbox 2374 2391 2903 2462; x_wconf 80' lang='grc' dir='ltr'><em>ἀναχωρήσαντες,</em></span> <span class='ocrx_word' id='word_1_427' title='bbox 2934 2390 3205 2446; x_wconf 81' lang='grc' dir='ltr'><em>ἐλάλουν</em></span> <span class='ocrx_word' id='word_1_428' title='bbox 3237 2389 3384 2458; x_wconf 86' lang='grc' dir='ltr'><em>πρὸς</em></span> <span class='ocrx_word' id='word_1_429' title='bbox 3408 2387 3678 2455; x_wconf 75' lang='grc' dir='ltr'><em>ἀλλήλους,</em></span> 
     </span>
    </p>
   </div>
   <div class='ocr_carea' id='block_1_64' title="bbox 2159 2477 3680 2553">
    <p class='ocr_par' dir='ltr' id='par_1_64' title="bbox 2159 2477 3680 2553">
     <span class='ocr_line' id='line_1_64' title="bbox 2159 2477 3680 2553; baseline -0.003 -15"><span class='ocrx_word' id='word_1_430' title='bbox 2159 2483 2466 2553; x_wconf 76' lang='grc' dir='ltr'><em>λέγοντες,</em></span> <span class='ocrx_word' id='word_1_431' title='bbox 2498 2484 2587 2538; x_wconf 80' lang='grc' dir='ltr'><strong>ὅτι</strong></span> <span class='ocrx_word' id='word_1_432' title='bbox 2635 2483 2831 2539; x_wconf 82' lang='grc' dir='ltr'><em>Οὐδὲν</em></span> <span class='ocrx_word' id='word_1_433' title='bbox 2888 2483 3151 2539; x_wconf 80' lang='grc' dir='ltr'><em>θανάτου</em></span> <span class='ocrx_word' id='word_1_434' title='bbox 3202 2482 3376 2546; x_wconf 77' lang='grc' dir='ltr'><em>ἄξιον</em></span> <span class='ocrx_word' id='word_1_435' title='bbox 3407 2481 3445 2551; x_wconf 77' lang='grc' dir='ltr'><em>ἢ</em></span> <span class='ocrx_word' id='word_1_436' title='bbox 3497 2477 3680 2551; x_wconf 78' lang='grc' dir='ltr'><em>δεσμῶν</em></span> 
     </span>
    </p>
   </div>
   <div class='ocr_carea' id='block_1_65' title="bbox 2161 2569 3077 2646">
    <p class='ocr_par' dir='ltr' id='par_1_65' title="bbox 2161 2569 3077 2646">
     <span class='ocr_line' id='line_1_65' title="bbox 2161 2569 3077 2646; baseline -0.004 -14"><span class='ocrx_word' id='word_1_437' title='bbox 2161 2580 2423 2646; x_wconf 73' lang='grc' dir='ltr'><em>πράσσει</em></span> <span class='ocrx_word' id='word_1_438' title='bbox 2462 2579 2496 2633; x_wconf 83' lang='grc' dir='ltr'><strong>ό</strong></span> <span class='ocrx_word' id='word_1_439' title='bbox 2532 2577 2846 2645; x_wconf 85' lang='grc' dir='ltr'><em>ἅνθρωπος</em></span> <span class='ocrx_word' id='word_1_440' title='bbox 2877 2569 3077 2642; x_wconf 82' lang='grc' dir='ltr'><em>οὗτος.</em></span> 
     </span>
    </p>
   </div>
   <div class='ocr_carea' id='block_1_66' title="bbox 2242 2660 3680 2738">
    <p class='ocr_par' dir='ltr' id='par_1_66' title="bbox 2242 2660 3680 2738">
     <span class='ocr_line' id='line_1_66' title="bbox 2242 2660 3680 2738; baseline -0.006 -15"><span class='ocrx_word' id='word_1_441' title='bbox 2242 2669 2567 2738; x_wconf 77' lang='grc' dir='ltr'><em>Ἀγρίππας</em></span> <span class='ocrx_word' id='word_1_442' title='bbox 2625 2667 2693 2723; x_wconf 81' lang='grc' dir='ltr'><strong>δὲ</strong></span> <span class='ocrx_word' id='word_1_443' title='bbox 2728 2667 2809 2733; x_wconf 82' lang='grc' dir='ltr'><em>τῷ</em></span> <span class='ocrx_word' id='word_1_444' title='bbox 2855 2666 3073 2732; x_wconf 78' lang='grc' dir='ltr'><em>Φήστῳ</em></span> <span class='ocrx_word' id='word_1_445' title='bbox 3120 2665 3241 2735; x_wconf 68' lang='grc' dir='ltr'><strong>ἔφη</strong></span> <span class='ocrx_word' id='word_1_446' title='bbox 3262 2680 3277 2694; x_wconf 73' lang='grc' dir='ltr'><em>ο</em></span> <span class='ocrx_word' id='word_1_447' title='bbox 3305 2660 3680 2717; x_wconf 81' lang='grc' dir='ltr'><em>Ἀπολελύσθαι</em></span> 
     </span>
    </p>
   </div>
   <div class='ocr_carea' id='block_1_67' title="bbox 2158 2751 3678 2828">
    <p class='ocr_par' dir='ltr' id='par_1_67' title="bbox 2158 2751 3678 2828">
     <span class='ocr_line' id='line_1_67' title="bbox 2158 2751 3678 2828; baseline -0.005 -16"><span class='ocrx_word' id='word_1_448' title='bbox 2158 2758 2418 2815; x_wconf 77' lang='grc' dir='ltr'><em>ἐδύνατο</em></span> <span class='ocrx_word' id='word_1_449' title='bbox 2456 2761 2490 2814; x_wconf 87' lang='grc' dir='ltr'><strong>ό</strong></span> <span class='ocrx_word' id='word_1_450' title='bbox 2524 2758 2839 2828; x_wconf 76' lang='grc' dir='ltr'><em>ἅνθρωπος</em></span> <span class='ocrx_word' id='word_1_451' title='bbox 2867 2752 3070 2824; x_wconf 81' lang='grc' dir='ltr'><em>οὗτος,</em></span> <span class='ocrx_word' id='word_1_452' title='bbox 3100 2757 3155 2811; x_wconf 80' lang='grc' dir='ltr'><strong>ει</strong></span> <span class='ocrx_word' id='word_1_453' title='bbox 3195 2753 3284 2826; x_wconf 78' lang='grc' dir='ltr'><em>μὴ</em></span> <span class='ocrx_word' id='word_1_454' title='bbox 3312 2752 3624 2820; x_wconf 81' lang='grc' dir='ltr'><strong>ἐπικέκλητο</strong></span> <span class='ocrx_word' id='word_1_455' title='bbox 3646 2751 3678 2783; x_wconf 79' lang='grc'><strong>⁶¹</strong></span> 
     </span>
    </p>
   </div>
   <div class='ocr_carea' id='block_1_68' title="bbox 2159 2853 2453 2921">
    <p class='ocr_par' dir='ltr' id='par_1_68' title="bbox 2159 2853 2453 2921">
     <span class='ocr_line' id='line_1_68' title="bbox 2159 2853 2453 2921; baseline -0.003 -14"><span class='ocrx_word' id='word_1_456' title='bbox 2159 2853 2453 2921; x_wconf 87' lang='grc' dir='ltr'><em>Καίσαρα.</em></span> 
     </span>
    </p>
   </div>
   <div class='ocr_carea' id='block_1_69' title="bbox 2243 2935 3675 3014">
    <p class='ocr_par' dir='ltr' id='par_1_69' title="bbox 2243 2935 3675 3014">
     <span class='ocr_line' id='line_1_69' title="bbox 2243 2935 3675 3014; baseline -0.008 -16"><span class='ocrx_word' id='word_1_457' title='bbox 2243 2942 2597 2998; x_wconf 84' lang='grc' dir='ltr'><em>Ἐπίσταται</em></span> <span class='ocrx_word' id='word_1_458' title='bbox 2630 2942 2741 3014; x_wconf 79' lang='grc' dir='ltr'><strong>γὰρ</strong></span> <span class='ocrx_word' id='word_1_459' title='bbox 2784 2940 2919 3013; x_wconf 74' lang='grc' dir='ltr'><em>περὶ</em></span> <span class='ocrx_word' id='word_1_460' title='bbox 2950 2941 3184 2997; x_wconf 82' lang='grc' dir='ltr'><em>τούτων</em></span> <span class='ocrx_word' id='word_1_461' title='bbox 3214 2941 3251 2996; x_wconf 85' lang='grc' dir='ltr'><strong>ό</strong></span> <span class='ocrx_word' id='word_1_462' title='bbox 3269 2936 3564 3007; x_wconf 77' lang='grc' dir='ltr'><em>βασιλεύς.</em></span> <span class='ocrx_word' id='word_1_463' title='bbox 3592 2935 3675 2989; x_wconf 83' lang='grc' dir='ltr'><strong>Ἐν-</strong></span> 
     </span>
    </p>
   </div>
   <div class='ocr_carea' id='block_1_70' title="bbox 2162 3027 3684 3106">
    <p class='ocr_par' dir='ltr' id='par_1_70' title="bbox 2162 3027 3684 3106">
     <span class='ocr_line' id='line_1_70' title="bbox 2162 3027 3684 3106; baseline -0.005 -17"><span class='ocrx_word' id='word_1_464' title='bbox 2162 3034 2338 3090; x_wconf 80' lang='grc' dir='ltr'><strong>ταῦθα</strong></span> <span class='ocrx_word' id='word_1_465' title='bbox 2371 3034 2502 3106; x_wconf 80' lang='grc' dir='ltr'><em>περὶ</em></span> <span class='ocrx_word' id='word_1_466' title='bbox 2533 3033 2632 3089; x_wconf 81' lang='grc' dir='ltr'><strong>τοῦ</strong></span> <span class='ocrx_word' id='word_1_467' title='bbox 2667 3033 2903 3106; x_wconf 79' lang='grc' dir='ltr'><em>σταυροῦ</em></span> <span class='ocrx_word' id='word_1_468' title='bbox 2936 3051 3071 3105; x_wconf 82' lang='grc' dir='ltr'><strong>φησι</strong></span> <span class='ocrx_word' id='word_1_469' title='bbox 3098 3034 3169 3101; x_wconf 79' lang='grc'><strong>⁸³,</strong></span> <span class='ocrx_word' id='word_1_470' title='bbox 3217 3033 3347 3105; x_wconf 74' lang='grc' dir='ltr'><em>περὶ</em></span> <span class='ocrx_word' id='word_1_471' title='bbox 3382 3031 3475 3102; x_wconf 85' lang='grc' dir='ltr'><strong>τῆς</strong></span> <span class='ocrx_word' id='word_1_472' title='bbox 3502 3027 3684 3083; x_wconf 74' lang='grc' dir='ltr'><strong>ἀναστά-</strong></span> 
     </span>
    </p>
   </div>
   <div class='ocr_carea' id='block_1_71' title="bbox 2162 3119 3679 3196">
    <p class='ocr_par' dir='ltr' id='par_1_71' title="bbox 2162 3119 3679 3196">
     <span class='ocr_line' id='line_1_71' title="bbox 2162 3119 3679 3196; baseline -0.007 -15"><span class='ocrx_word' id='word_1_473' title='bbox 2162 3127 2428 3193; x_wconf 71' lang='grc' dir='ltr'><em>σεως-,ὃτι</em></span> <span class='ocrx_word' id='word_1_474' title='bbox 2454 3125 2730 3196; x_wconf 81' lang='grc' dir='ltr'><em>πανταχοῦ</em></span> <span class='ocrx_word' id='word_1_475' title='bbox 2756 3127 2855 3195; x_wconf 67' lang='grc' dir='ltr'><em>τῆς</em></span> <span class='ocrx_word' id='word_1_476' title='bbox 2876 3123 3210 3195; x_wconf 75' lang='grc' dir='ltr'><strong>οἰκουμένης</strong></span> <span class='ocrx_word' id='word_1_477' title='bbox 3230 3124 3416 3195; x_wconf 81' lang='grc' dir='ltr'><em>γέγονε</em></span> <span class='ocrx_word' id='word_1_478' title='bbox 3444 3121 3496 3175; x_wconf 75' lang='grc' dir='ltr'><em>τὸ</em></span> <span class='ocrx_word' id='word_1_479' title='bbox 3516 3119 3679 3189; x_wconf 66' lang='grc' dir='ltr'><em>δόγμαι</em></span> 
     </span>
    </p>
   </div>
   <div class='ocr_carea' id='block_1_72' title="bbox 2159 3210 3677 3289">
    <p class='ocr_par' dir='ltr' id='par_1_72' title="bbox 2159 3210 3677 3289">
     <span class='ocr_line' id='line_1_72' title="bbox 2159 3210 3677 3289; baseline -0.003 -17"><span class='ocrx_word' id='word_1_480' title='bbox 2159 3218 2331 3273; x_wconf 79' lang='grc' dir='ltr'><em>ταῦτα</em></span> <span class='ocrx_word' id='word_1_481' title='bbox 2353 3215 2411 3273; x_wconf 69' lang='grc' dir='ltr'><strong>δέ</strong></span> <span class='ocrx_word' id='word_1_482' title='bbox 2437 3234 2591 3289; x_wconf 80' lang='grc' dir='ltr'><em>φησι,</em></span> <span class='ocrx_word' id='word_1_483' title='bbox 2621 3216 2836 3281; x_wconf 76' lang='grc' dir='ltr'><strong>δεικνὺς</strong></span> <span class='ocrx_word' id='word_1_484' title='bbox 2860 3216 2942 3270; x_wconf 82' lang='grc' dir='ltr'><em>ὅτι</em></span> <span class='ocrx_word' id='word_1_485' title='bbox 2965 3216 3144 3271; x_wconf 82' lang='grc' dir='ltr'><em>πάντα</em></span> <span class='ocrx_word' id='word_1_486' title='bbox 3169 3210 3310 3268; x_wconf 80' lang='grc' dir='ltr'><em>οἶδεν</em></span> <span class='ocrx_word' id='word_1_487' title='bbox 3350 3213 3378 3266; x_wconf 81' lang='grc' dir='ltr'><strong>ό</strong></span> <span class='ocrx_word' id='word_1_488' title='bbox 3407 3212 3677 3284; x_wconf 73' lang='grc' dir='ltr'><strong>Ἀγρίππας,</strong></span> 
     </span>
    </p>
   </div>
   <div class='ocr_carea' id='block_1_73' title="bbox 2165 3300 3678 3385">
    <p class='ocr_par' dir='ltr' id='par_1_73' title="bbox 2165 3300 3678 3385">
     <span class='ocr_line' id='line_1_73' title="bbox 2165 3300 3678 3385; baseline -0.007 -23"><span class='ocrx_word' id='word_1_489' title='bbox 2165 3308 2267 3385; x_wconf 59' lang='grc' dir='ltr'><strong>και</strong></span> <span class='ocrx_word' id='word_1_490' title='bbox 2293 3307 2579 3380; x_wconf 81' lang='grc' dir='ltr'><em>μονονουχὶ</em></span> <span class='ocrx_word' id='word_1_491' title='bbox 2608 3305 2784 3376; x_wconf 79' lang='grc' dir='ltr'><strong>λέγων</strong></span> <span class='ocrx_word' id='word_1_492' title='bbox 2805 3308 2902 3361; x_wconf 75' lang='grc' dir='ltr'><strong>καὶ</strong></span> <span class='ocrx_word' id='word_1_493' title='bbox 2926 3304 3064 3378; x_wconf 78' lang='grc' dir='ltr'><em>πρὸς</em></span> <span class='ocrx_word' id='word_1_494' title='bbox 3094 3305 3327 3370; x_wconf 76' lang='grc' dir='ltr'><em>αὐτούς’</em></span> <span class='ocrx_word' id='word_1_495' title='bbox 3355 3303 3489 3358; x_wconf 83' lang='grc' dir='ltr'><em>Ἔδει</em></span> <span class='ocrx_word' id='word_1_496' title='bbox 3513 3300 3678 3373; x_wconf 61' lang='lat' dir='ltr'><strong>plani</strong></span> 
     </span>
    </p>
   </div>
   <div class='ocr_carea' id='block_1_74' title="bbox 2166 3395 3676 3475">
    <p class='ocr_par' dir='ltr' id='par_1_74' title="bbox 2166 3395 3676 3475">
     <span class='ocr_line' id='line_1_74' title="bbox 2166 3395 3676 3475; baseline -0.017 -6"><span class='ocrx_word' id='word_1_497' title='bbox 2166 3405 2312 3474; x_wconf 81' lang='grc' dir='ltr'><strong>ὑμᾶς</strong></span> <span class='ocrx_word' id='word_1_498' title='bbox 2329 3401 2502 3457; x_wconf 72' lang='grc' dir='ltr'><em>ταῦτα</em></span> <span class='ocrx_word' id='word_1_499' title='bbox 2530 3401 2751 3456; x_wconf 80' lang='grc' dir='ltr'><em>εἰδέναι.</em></span> <span class='ocrx_word' id='word_1_500' title='bbox 2770 3402 2845 3456; x_wconf 89' lang='grc' dir='ltr'><strong>Τδ</strong></span> <span class='ocrx_word' id='word_1_501' title='bbox 2876 3399 2986 3475; x_wconf 79' lang='grc' dir='ltr'><strong>γὰρ</strong></span> <span class='ocrx_word' id='word_1_502' title='bbox 3008 3400 3352 3472; x_wconf 74' lang='grc' dir='ltr'><em>ἐπαγόμενον</em></span> <span class='ocrx_word' id='word_1_503' title='bbox 3378 3398 3521 3452; x_wconf 81' lang='grc' dir='ltr'><em>τοῦτο</em></span> <span class='ocrx_word' id='word_1_504' title='bbox 3541 3395 3676 3447; x_wconf 75' lang='grc' dir='ltr'><em>ἔστιν·</em></span> 
     </span>
    </p>
   </div>
   <div class='ocr_carea' id='block_1_75' title="bbox 2168 3486 3679 3565">
    <p class='ocr_par' dir='ltr' id='par_1_75' title="bbox 2168 3486 3679 3565">
     <span class='ocr_line' id='line_1_75' title="bbox 2168 3486 3679 3565; baseline -0.007 -17"><span class='ocrx_word' id='word_1_505' title='bbox 2168 3494 2252 3548; x_wconf 83' lang='grc' dir='ltr'><strong>Οὐ</strong></span> <span class='ocrx_word' id='word_1_506' title='bbox 2288 3493 2398 3563; x_wconf 77' lang='grc' dir='ltr'><em>γάρ</em></span> <span class='ocrx_word' id='word_1_507' title='bbox 2425 3493 2597 3547; x_wconf 81' lang='grc' dir='ltr'><em>ἐστιν</em></span> <span class='ocrx_word' id='word_1_508' title='bbox 2621 3493 2693 3547; x_wconf 84' lang='grc' dir='ltr'><em>ἐν</em></span> <span class='ocrx_word' id='word_1_509' title='bbox 2728 3493 2919 3565; x_wconf 61' lang='grc' dir='ltr'><em>γωνίᾳ</em></span> <span class='ocrx_word' id='word_1_510' title='bbox 2958 3492 3397 3563; x_wconf 74' lang='grc' dir='ltr'><em>πεπραγμένον.</em></span> <span class='ocrx_word' id='word_1_511' title='bbox 3429 3519 3495 3531; x_wconf 92' lang='lat'><strong>-</strong></span> <span class='ocrx_word' id='word_1_512' title='bbox 3514 3486 3679 3552; x_wconf 78' lang='grc' dir='ltr'><strong>Εὐξαί-</strong></span> 
     </span>
    </p>
   </div>
   <div class='ocr_carea' id='block_1_76' title="bbox 2162 3576 3677 3657">
    <p class='ocr_par' dir='ltr' id='par_1_76' title="bbox 2162 3576 3677 3657">
     <span class='ocr_line' id='line_1_76' title="bbox 2162 3576 3677 3657; baseline -0.017 -1"><span class='ocrx_word' id='word_1_513' title='bbox 2162 3604 2290 3657; x_wconf 78' lang='grc' dir='ltr'><strong>μην</strong></span> <span class='ocrx_word' id='word_1_514' title='bbox 2316 3585 2395 3641; x_wconf 79' lang='grc' dir='ltr'><em>ἂν</em></span> <span class='ocrx_word' id='word_1_515' title='bbox 2435 3585 2515 3653; x_wconf 78' lang='grc' dir='ltr'><em>τῷ</em></span> <span class='ocrx_word' id='word_1_516' title='bbox 2548 3586 2694 3652; x_wconf 82' lang='grc' dir='ltr'><strong>Θεῷ,</strong></span> <span class='ocrx_word' id='word_1_517' title='bbox 2742 3585 2842 3641; x_wconf 79' lang='grc' dir='ltr'><em>καί</em></span> <span class='ocrx_word' id='word_1_518' title='bbox 2868 3586 2939 3641; x_wconf 80' lang='grc' dir='ltr'><em>ἐν</em></span> <span class='ocrx_word' id='word_1_519' title='bbox 2985 3585 3173 3657; x_wconf 79' lang='grc' dir='ltr'><em>ὀλίγῳ</em></span> <span class='ocrx_word' id='word_1_520' title='bbox 3220 3584 3316 3641; x_wconf 78' lang='grc' dir='ltr'><em>καί</em></span> <span class='ocrx_word' id='word_1_521' title='bbox 3354 3583 3420 3639; x_wconf 80' lang='grc' dir='ltr'><em>ἐν</em></span> <span class='ocrx_word' id='word_1_522' title='bbox 3447 3576 3677 3645; x_wconf 80' lang='grc' dir='ltr'><strong>πολλῷ⁶³.</strong></span> 
     </span>
    </p>
   </div>
   <div class='ocr_carea' id='block_1_77' title="bbox 2168 3669 3679 3752">
    <p class='ocr_par' dir='ltr' id='par_1_77' title="bbox 2168 3669 3679 3752">
     <span class='ocr_line' id='line_1_77' title="bbox 2168 3669 3679 3752; baseline -0.001 -17"><span class='ocrx_word' id='word_1_523' title='bbox 2168 3680 2366 3735; x_wconf 78' lang='grc' dir='ltr'><strong>Καίτοι</strong></span> <span class='ocrx_word' id='word_1_524' title='bbox 2425 3678 2577 3746; x_wconf 78' lang='grc' dir='ltr'><em>ἄξιον</em></span> <span class='ocrx_word' id='word_1_525' title='bbox 2635 3674 2703 3752; x_wconf 81' lang='grc' dir='ltr'><strong>ἦν</strong></span> <span class='ocrx_word' id='word_1_526' title='bbox 2746 3678 2947 3750; x_wconf 83' lang='grc' dir='ltr'><strong>δόξης,</strong></span> <span class='ocrx_word' id='word_1_527' title='bbox 2988 3676 3126 3733; x_wconf 76' lang='grc' dir='ltr'><em>ἀλλὰ.</em></span> <span class='ocrx_word' id='word_1_528' title='bbox 3194 3676 3354 3732; x_wconf 76' lang='grc' dir='ltr'><em>τοῦτο</em></span> <span class='ocrx_word' id='word_1_529' title='bbox 3408 3669 3548 3739; x_wconf 76' lang='grc' dir='ltr'><em>εἷπε,</em></span> <span class='ocrx_word' id='word_1_530' title='bbox 3580 3669 3679 3741; x_wconf 58' lang='grc' dir='ltr'><strong>πρὶς</strong></span> 
     </span>
    </p>
   </div>
   <div class='ocr_carea' id='block_1_78' title="bbox 2169 3762 3679 3843">
    <p class='ocr_par' dir='ltr' id='par_1_78' title="bbox 2169 3762 3679 3843">
     <span class='ocr_line' id='line_1_78' title="bbox 2169 3762 3679 3843; baseline 0.001 -17"><span class='ocrx_word' id='word_1_531' title='bbox 2169 3772 2269 3840; x_wconf 77' lang='grc' dir='ltr'><em>τὴν</em></span> <span class='ocrx_word' id='word_1_532' title='bbox 2305 3773 2533 3828; x_wconf 75' lang='grc' dir='ltr'><em>ἐκείνων</em></span> <span class='ocrx_word' id='word_1_533' title='bbox 2587 3771 2860 3843; x_wconf 77' lang='grc' dir='ltr'><strong>ὑπόληψιν</strong></span> <span class='ocrx_word' id='word_1_534' title='bbox 2894 3771 3137 3842; x_wconf 80' lang='grc' dir='ltr'><em>ἀφορῶν,</em></span> <span class='ocrx_word' id='word_1_535' title='bbox 3186 3771 3282 3825; x_wconf 80' lang='grc' dir='ltr'><strong>καὶ</strong></span> <span class='ocrx_word' id='word_1_536' title='bbox 3326 3770 3405 3835; x_wconf 81' lang='grc' dir='ltr'><strong>τὸ,</strong></span> <span class='ocrx_word' id='word_1_537' title='bbox 3448 3762 3679 3836; x_wconf 67' lang='grc' dir='ltr'><em>πῳεκτῦς</em></span> 
     </span>
    </p>
   </div>
   <div class='ocr_carea' id='block_1_79' title="bbox 2170 3854 3676 3934">
    <p class='ocr_par' dir='ltr' id='par_1_79' title="bbox 2170 3854 3676 3934">
     <span class='ocr_line' id='line_1_79' title="bbox 2170 3854 3676 3934; baseline -0.008 -16"><span class='ocrx_word' id='word_1_538' title='bbox 2170 3863 2291 3918; x_wconf 83' lang='grc' dir='ltr'><strong>τῶν</strong></span> <span class='ocrx_word' id='word_1_539' title='bbox 2320 3862 2566 3934; x_wconf 81' lang='grc' dir='ltr'><em>δεσμῶν</em></span> <span class='ocrx_word' id='word_1_540' title='bbox 2592 3864 2841 3919; x_wconf 86' lang='grc' dir='ltr'><em>τούτων.</em></span> <span class='ocrx_word' id='word_1_541' title='bbox 2873 3860 2941 3918; x_wconf 82' lang='grc' dir='ltr'><em>Τί</em></span> <span class='ocrx_word' id='word_1_542' title='bbox 2971 3863 3175 3933; x_wconf 80' lang='grc' dir='ltr'><em>λέγεις,</em></span> <span class='ocrx_word' id='word_1_543' title='bbox 3201 3856 3247 3917; x_wconf 82' lang='grc' dir='ltr'><strong>ὧ</strong></span> <span class='ocrx_word' id='word_1_544' title='bbox 3282 3861 3499 3934; x_wconf 79' lang='grc' dir='ltr'><strong>μακάριε</strong></span> <span class='ocrx_word' id='word_1_545' title='bbox 3526 3854 3676 3915; x_wconf 78' lang='grc' dir='ltr'><em>Παῦλε,</em></span> 
     </span>
    </p>
   </div>
   <div class='ocr_carea' id='block_1_80' title="bbox 2171 3946 3680 4027">
    <p class='ocr_par' dir='ltr' id='par_1_80' title="bbox 2171 3946 3680 4027">
     <span class='ocr_line' id='line_1_80' title="bbox 2171 3946 3680 4027; baseline -0.003 -17"><span class='ocrx_word' id='word_1_546' title='bbox 2171 3956 2318 4014; x_wconf 78' lang='grc' dir='ltr'><em>ἄνευ</em></span> <span class='ocrx_word' id='word_1_547' title='bbox 2369 3957 2492 4012; x_wconf 88' lang='grc' dir='ltr'><em>τῶν</em></span> <span class='ocrx_word' id='word_1_548' title='bbox 2532 3954 2803 4027; x_wconf 82' lang='grc' dir='ltr'><em>δεσμῶν;</em></span> <span class='ocrx_word' id='word_1_549' title='bbox 2831 3956 2926 4011; x_wconf 77' lang='grc' dir='ltr'><strong>καὶ</strong></span> <span class='ocrx_word' id='word_1_550' title='bbox 2957 3954 3088 4011; x_wconf 84' lang='grc' dir='ltr'><em>ποία</em></span> <span class='ocrx_word' id='word_1_551' title='bbox 3126 3973 3214 4011; x_wconf 91' lang='grc' dir='ltr'><em>σοι</em></span> <span class='ocrx_word' id='word_1_552' title='bbox 3240 3953 3421 4010; x_wconf 76' lang='grc' dir='ltr'><em>λοιπὸν</em></span> <span class='ocrx_word' id='word_1_553' title='bbox 3442 3946 3680 4024; x_wconf 65' lang='grc' dir='ltr'><em>παρρησίιι</em></span> 
     </span>
    </p>
   </div>
   <div class='ocr_carea' id='block_1_81' title="bbox 2175 4041 3678 4122">
    <p class='ocr_par' dir='ltr' id='par_1_81' title="bbox 2175 4041 3678 4122">
     <span class='ocr_line' id='line_1_81' title="bbox 2175 4041 3678 4122; baseline -0.011 -17"><span class='ocrx_word' id='word_1_554' title='bbox 2175 4052 2225 4105; x_wconf 80' lang='grc' dir='ltr'><em>ει</em></span> <span class='ocrx_word' id='word_1_555' title='bbox 2259 4049 2434 4105; x_wconf 82' lang='grc' dir='ltr'><em>ταῦτα</em></span> <span class='ocrx_word' id='word_1_556' title='bbox 2465 4047 2700 4122; x_wconf 78' lang='grc' dir='ltr'><strong>αἰσχύνῃ</strong></span> <span class='ocrx_word' id='word_1_557' title='bbox 2730 4047 2827 4103; x_wconf 75' lang='grc' dir='ltr'><strong>καὶ</strong></span> <span class='ocrx_word' id='word_1_558' title='bbox 2854 4046 3103 4117; x_wconf 79' lang='grc' dir='ltr'><em>φεύγεις,</em></span> <span class='ocrx_word' id='word_1_559' title='bbox 3139 4048 3236 4103; x_wconf 80' lang='grc' dir='ltr'><strong>καὶ</strong></span> <span class='ocrx_word' id='word_1_560' title='bbox 3259 4047 3424 4102; x_wconf 80' lang='grc' dir='ltr'><em>ταῦτα</em></span> <span class='ocrx_word' id='word_1_561' title='bbox 3448 4041 3529 4097; x_wconf 71' lang='grc' dir='ltr'><strong>ἐπὶ</strong></span> <span class='ocrx_word' id='word_1_562' title='bbox 3549 4041 3678 4109; x_wconf 70' lang='grc' dir='ltr'><em>δήμου</em></span> 
     </span>
    </p>
   </div>
   <div class='ocr_carea' id='block_1_82' title="bbox 2171 4129 3682 4211">
    <p class='ocr_par' dir='ltr' id='par_1_82' title="bbox 2171 4129 3682 4211">
     <span class='ocr_line' id='line_1_82' title="bbox 2171 4129 3682 4211; baseline -0.013 -15"><span class='ocrx_word' id='word_1_563' title='bbox 2171 4142 2428 4197; x_wconf 81' lang='grc' dir='ltr'><em>τοσούτου</em></span> <span class='ocrx_word' id='word_1_564' title='bbox 2453 4158 2469 4211; x_wconf 86' lang='grc'><strong>;</strong></span> <span class='ocrx_word' id='word_1_565' title='bbox 2490 4140 2565 4195; x_wconf 80' lang='grc' dir='ltr'>οὐ</span> <span class='ocrx_word' id='word_1_566' title='bbox 2592 4138 2867 4210; x_wconf 83' lang='grc' dir='ltr'><strong>πανταχοῦ</strong></span> <span class='ocrx_word' id='word_1_567' title='bbox 2904 4138 3014 4194; x_wconf 84' lang='grc' dir='ltr'><strong>τῶν</strong></span> <span class='ocrx_word' id='word_1_568' title='bbox 3051 4136 3379 4192; x_wconf 71' lang='grc' dir='ltr'><em>Ἐπιστολῶν</em></span> <span class='ocrx_word' id='word_1_569' title='bbox 3406 4134 3490 4187; x_wconf 75' lang='grc' dir='ltr'><strong>ἐπὶ</strong></span> <span class='ocrx_word' id='word_1_570' title='bbox 3523 4129 3682 4188; x_wconf 73' lang='grc' dir='ltr'><em>τούτοις</em></span> 
     </span>
    </p>
   </div>
   <div class='ocr_carea' id='block_1_83' title="bbox 2174 4221 3795 4307">
    <p class='ocr_par' dir='ltr' id='par_1_83' title="bbox 2174 4221 3795 4307">
     <span class='ocr_line' id='line_1_83' title="bbox 2174 4221 3795 4307; baseline -0.012 -18"><span class='ocrx_word' id='word_1_571' title='bbox 2174 4235 2473 4307; x_wconf 81' lang='grc' dir='ltr'><strong>καυχᾶσαι,</strong></span> <span class='ocrx_word' id='word_1_572' title='bbox 2498 4232 2594 4288; x_wconf 56' lang='grc' dir='ltr'><strong>καν⁸</strong></span> <span class='ocrx_word' id='word_1_573' title='bbox 2618 4232 2840 4303; x_wconf 81' lang='grc' dir='ltr'><strong>δέσμιον</strong></span> <span class='ocrx_word' id='word_1_574' title='bbox 2869 4230 3063 4285; x_wconf 80' lang='grc' dir='ltr'><em>ἑαυτὸν</em></span> <span class='ocrx_word' id='word_1_575' title='bbox 3090 4228 3301 4295; x_wconf 83' lang='grc' dir='ltr'><em>καλεῖς,</em></span> <span class='ocrx_word' id='word_1_576' title='bbox 3328 4226 3417 4282; x_wconf 79' lang='grc' dir='ltr'><strong>καὶ</strong></span> <span class='ocrx_word' id='word_1_577' title='bbox 3435 4225 3521 4294; x_wconf 72' lang='grc' dir='ltr'><em>τὴν</em></span> <span class='ocrx_word' id='word_1_578' title='bbox 3540 4221 3679 4277; x_wconf 69' lang='grc' dir='ltr'><em>ἅλυσιν</em></span> <span class='ocrx_word' id='word_1_579' title='bbox 3794 4234 3795 4247; x_wconf 56' lang='grc' dir='ltr'><strong>π</strong></span> 
     </span>
    </p>
   </div>
   <div class='ocr_carea' id='block_1_84' title="bbox 2174 4309 3682 4397">
    <p class='ocr_par' dir='ltr' id='par_1_84' title="bbox 2174 4309 3682 4397">
     <span class='ocr_line' id='line_1_84' title="bbox 2174 4309 3682 4397; baseline -0.012 -17"><span class='ocrx_word' id='word_1_580' title='bbox 2174 4326 2307 4397; x_wconf 80' lang='grc' dir='ltr'><strong>ἡμῖν</strong></span> <span class='ocrx_word' id='word_1_581' title='bbox 2337 4325 2459 4379; x_wconf 81' lang='grc' dir='ltr'><em>ἀντὶ</em></span> <span class='ocrx_word' id='word_1_582' title='bbox 2489 4324 2827 4395; x_wconf 81' lang='grc' dir='ltr'><strong>διαδήματος</strong></span> <span class='ocrx_word' id='word_1_583' title='bbox 2856 4322 3139 4393; x_wconf 86' lang='grc' dir='ltr'><em>πανταχοῦ</em></span> <span class='ocrx_word' id='word_1_584' title='bbox 3173 4320 3507 4391; x_wconf 77' lang='grc' dir='ltr'><em>περιφέρειςς</em></span> <span class='ocrx_word' id='word_1_585' title='bbox 3530 4313 3585 4368; x_wconf 85' lang='grc' dir='ltr'><em>Τί</em></span> <span class='ocrx_word' id='word_1_586' title='bbox 3602 4309 3682 4363; x_wconf 77' lang='grc' dir='ltr'><em>τοί·</em></span> 
     </span>
    </p>
   </div>
   <div class='ocr_carea' id='block_1_85' title="bbox 2173 4401 3682 4489">
    <p class='ocr_par' dir='ltr' id='par_1_85' title="bbox 2173 4401 3682 4489">
     <span class='ocr_line' id='line_1_85' title="bbox 2173 4401 3682 4489; baseline -0.006 -19"><span class='ocrx_word' id='word_1_587' title='bbox 2173 4433 2271 4470; x_wconf 86' lang='grc' dir='ltr'><em>νυν</em></span> <span class='ocrx_word' id='word_1_588' title='bbox 2300 4415 2493 4486; x_wconf 75' lang='grc' dir='ltr'><strong>γέγονε</strong></span> <span class='ocrx_word' id='word_1_589' title='bbox 2539 4414 2657 4482; x_wconf 78' lang='grc' dir='ltr'><em>νῦν,</em></span> <span class='ocrx_word' id='word_1_590' title='bbox 2701 4415 2783 4469; x_wconf 81' lang='grc' dir='ltr'><strong>ὅτι</strong></span> <span class='ocrx_word' id='word_1_591' title='bbox 2814 4416 3034 4489; x_wconf 78' lang='grc' dir='ltr'><strong>ἀπεύχῃ</strong></span> <span class='ocrx_word' id='word_1_592' title='bbox 3077 4411 3148 4467; x_wconf 82' lang='grc' dir='ltr'><em>τὰ</em></span> <span class='ocrx_word' id='word_1_593' title='bbox 3186 4411 3387 4483; x_wconf 82' lang='grc' dir='ltr'><em>δεσμά;</em></span> <span class='ocrx_word' id='word_1_594' title='bbox 3438 4408 3537 4462; x_wconf 85' lang='grc' dir='ltr'><strong>Οὐκ</strong></span> <span class='ocrx_word' id='word_1_595' title='bbox 3561 4401 3682 4461; x_wconf 68' lang='grc' dir='ltr'><strong>αὐτὸς</strong></span> 
     </span>
    </p>
   </div>
   <div class='ocr_carea' id='block_1_86' title="bbox 2174 4494 3681 4578">
    <p class='ocr_par' dir='ltr' id='par_1_86' title="bbox 2174 4494 3681 4578">
     <span class='ocr_line' id='line_1_86' title="bbox 2174 4494 3681 4578; baseline -0.011 -17"><span class='ocrx_word' id='word_1_596' title='bbox 2174 4505 2514 4577; x_wconf 82' lang='grc' dir='ltr'><em>ἀπεύχομαι,</em></span> <span class='ocrx_word' id='word_1_597' title='bbox 2551 4504 2740 4577; x_wconf 80' lang='grc' dir='ltr'><strong>φησὶν,</strong></span> <span class='ocrx_word' id='word_1_598' title='bbox 2794 4505 2916 4560; x_wconf 77' lang='grc' dir='ltr'><strong>οὐδὲ</strong></span> <span class='ocrx_word' id='word_1_599' title='bbox 2974 4503 3326 4578; x_wconf 79' lang='grc' dir='ltr'><em>αἰσχύνομαι,</em></span> <span class='ocrx_word' id='word_1_600' title='bbox 3360 4499 3467 4556; x_wconf 79' lang='grc' dir='ltr'><em>ἀλλ’</em></span> <span class='ocrx_word' id='word_1_601' title='bbox 3514 4494 3681 4552; x_wconf 75' lang='grc' dir='ltr'><strong>ἐκείνων</strong></span> 
     </span>
    </p>
   </div>
   <div class='ocr_carea' id='block_1_87' title="bbox 483 4581 2062 4674">
    <p class='ocr_par' dir='ltr' id='par_1_87' title="bbox 483 4597 2062 4671">
     <span class='ocr_line' id='line_1_87' title="bbox 483 4597 2062 4671; baseline 0.009 -24"><span class='ocrx_word' id='word_1_602' title='bbox 483 4609 574 4651; x_wconf 83' lang='lat' dir='ltr'><strong>me</strong></span> <span class='ocrx_word' id='word_1_603' title='bbox 608 4597 776 4666; x_wconf 85' lang='lat' dir='ltr'><strong>pudet</strong></span> <span class='ocrx_word' id='word_1_604' title='bbox 830 4602 1145 4671; x_wconf 86' lang='lat' dir='ltr'><strong>eorum,sed</strong></span> <span class='ocrx_word' id='word_1_605' title='bbox 1179 4604 1538 4660; x_wconf 89' lang='lat' dir='ltr'><strong>accommodo</strong></span> <span class='ocrx_word' id='word_1_606' title='bbox 1565 4619 1654 4660; x_wconf 90' lang='lat' dir='ltr'><strong>me</strong></span> <span class='ocrx_word' id='word_1_607' title='bbox 1681 4604 1979 4661; x_wconf 88' lang='lat' dir='ltr'><strong>demittens</strong></span> <span class='ocrx_word' id='word_1_608' title='bbox 2000 4606 2062 4661; x_wconf 86' lang='lat' dir='ltr'><strong>ad</strong></span> 
     </span>
    </p>
   </div>
   <div class='ocr_carea' id='block_1_88' title="bbox 2168 4581 3681 4674">
    <p class='ocr_par' dir='ltr' id='par_1_88' title="bbox 2176 4581 3681 4674">
     <span class='ocr_line' id='line_1_88' title="bbox 2176 4581 3681 4674; baseline -0.012 -22"><span class='ocrx_word' id='word_1_609' title='bbox 2176 4600 2244 4669; x_wconf 75' lang='grc' dir='ltr'><em>τῇ</em></span> <span class='ocrx_word' id='word_1_610' title='bbox 2270 4597 2527 4669; x_wconf 81' lang='grc' dir='ltr'><strong>ἀσθενείᾳ</strong></span> <span class='ocrx_word' id='word_1_611' title='bbox 2569 4597 3039 4666; x_wconf 78' lang='grc' dir='ltr'><em>συγκαταϐαίνων.</em></span> <span class='ocrx_word' id='word_1_612' title='bbox 3075 4593 3244 4649; x_wconf 75' lang='grc' dir='ltr'><strong>Οὔπω</strong></span> <span class='ocrx_word' id='word_1_613' title='bbox 3281 4593 3386 4664; x_wconf 78' lang='grc' dir='ltr'><strong>γὰρ</strong></span> <span class='ocrx_word' id='word_1_614' title='bbox 3406 4586 3605 4662; x_wconf 77' lang='grc' dir='ltr'><em>χωροῦσι</em></span> <span class='ocrx_word' id='word_1_615' title='bbox 3620 4581 3681 4674; x_wconf 51' lang='lat' dir='ltr'><strong>il:</strong></span> 
     </span>
    </p>
   </div>
   <div class='ocr_carea' id='block_1_89' title="bbox 485 4685 2076 4751">
    <p class='ocr_par' dir='ltr' id='par_1_89' title="bbox 485 4685 2076 4751">
     <span class='ocr_line' id='line_1_89' title="bbox 485 4685 2076 4751; baseline 0.007 -11"><span class='ocrx_word' id='word_1_616' title='bbox 485 4685 701 4741; x_wconf 91' lang='lat' dir='ltr'><strong>illorum</strong></span> <span class='ocrx_word' id='word_1_617' title='bbox 734 4688 1166 4745; x_wconf 82' lang='lat' dir='ltr'><strong>imbecillitatem</strong></span> <span class='ocrx_word' id='word_1_618' title='bbox 1197 4708 1210 4744; x_wconf 91' lang='lat'><strong>:</strong></span> <span class='ocrx_word' id='word_1_619' title='bbox 1244 4693 1495 4748; x_wconf 86' lang='lat' dir='ltr'><strong>nondum</strong></span> <span class='ocrx_word' id='word_1_620' title='bbox 1526 4693 1675 4749; x_wconf 91' lang='lat' dir='ltr'><strong>enim</strong></span> <span class='ocrx_word' id='word_1_621' title='bbox 1714 4693 1901 4750; x_wconf 88' lang='lat' dir='ltr'><strong>idonei</strong></span> <span class='ocrx_word' id='word_1_622' title='bbox 1943 4704 2076 4751; x_wconf 87' lang='lat' dir='ltr'><strong>sunt</strong></span> 
     </span>
    </p>
   </div>
   <div class='ocr_carea' id='block_1_90' title="bbox 484 4776 2075 4861">
    <p class='ocr_par' dir='ltr' id='par_1_90' title="bbox 484 4776 2075 4861">
     <span class='ocr_line' id='line_1_90' title="bbox 484 4776 2075 4861; baseline 0.008 -32"><span class='ocrx_word' id='word_1_623' title='bbox 484 4776 555 4831; x_wconf 85' lang='lat' dir='ltr'><strong>ad</strong></span> <span class='ocrx_word' id='word_1_624' title='bbox 594 4777 961 4845; x_wconf 83' lang='lat' dir='ltr'><strong>recipiendam</strong></span> <span class='ocrx_word' id='word_1_625' title='bbox 1005 4790 1169 4853; x_wconf 90' lang='lat' dir='ltr'><strong>atque</strong></span> <span class='ocrx_word' id='word_1_626' title='bbox 1197 4784 1537 4861; x_wconf 79' lang='lat' dir='ltr'><strong>probandam</strong></span> <span class='ocrx_word' id='word_1_627' title='bbox 1575 4800 1754 4842; x_wconf 89' lang='lat' dir='ltr'><strong>meam</strong></span> <span class='ocrx_word' id='word_1_628' title='bbox 1791 4785 2075 4857; x_wconf 77' lang='lat' dir='ltr'><strong>gloriatio-</strong></span> 
     </span>
    </p>
   </div>
   <div class='ocr_carea' id='block_1_91' title="bbox 486 4869 2077 4935">
    <p class='ocr_par' dir='ltr' id='par_1_91' title="bbox 486 4869 2077 4935">
     <span class='ocr_line' id='line_1_91' title="bbox 486 4869 2077 4935; baseline 0.008 -13"><span class='ocrx_word' id='word_1_629' title='bbox 486 4884 635 4924; x_wconf 90' lang='lat' dir='ltr'><strong>nem.</strong></span> <span class='ocrx_word' id='word_1_630' title='bbox 665 4869 837 4926; x_wconf 87' lang='lat' dir='ltr'><strong>Didici</strong></span> <span class='ocrx_word' id='word_1_631' title='bbox 861 4881 1046 4928; x_wconf 86' lang='lat' dir='ltr'><strong>autem</strong></span> <span class='ocrx_word' id='word_1_632' title='bbox 1081 4891 1111 4930; x_wconf 89' lang='lat' dir='ltr'><strong>a</strong></span> <span class='ocrx_word' id='word_1_633' title='bbox 1149 4875 1382 4933; x_wconf 82' lang='lat' dir='ltr'><strong>Domino</strong></span> <span class='ocrx_word' id='word_1_634' title='bbox 1402 4893 1525 4935; x_wconf 90' lang='lat' dir='ltr'><strong>meo</strong></span> <span class='ocrx_word' id='word_1_635' title='bbox 1550 4895 1662 4934; x_wconf 88' lang='lat' dir='ltr'><strong>non</strong></span> <span class='ocrx_word' id='word_1_636' title='bbox 1694 4894 1816 4935; x_wconf 89' lang='lat' dir='ltr'><strong>esse</strong></span> <span class='ocrx_word' id='word_1_637' title='bbox 1844 4894 2077 4935; x_wconf 85' lang='lat' dir='ltr'><strong>assuen-</strong></span> 
     </span>
    </p>
   </div>
   <div class='ocr_carea' id='block_1_92' title="bbox 488 4953 2078 5037">
    <p class='ocr_par' dir='ltr' id='par_1_92' title="bbox 488 4953 2078 5037">
     <span class='ocr_line' id='line_1_92' title="bbox 488 4953 2078 5037; baseline 0.007 -22"><span class='ocrx_word' id='word_1_638' title='bbox 488 4960 620 5015; x_wconf 89' lang='lat' dir='ltr'><strong>dum</strong></span> <span class='ocrx_word' id='word_1_639' title='bbox 668 4953 1105 5020; x_wconf 85' lang='lat' dir='ltr'><strong>additamentum</strong></span> <span class='ocrx_word' id='word_1_640' title='bbox 1154 4967 1326 5037; x_wconf 87' lang='lat' dir='ltr'><strong>panni</strong></span> <span class='ocrx_word' id='word_1_641' title='bbox 1367 4967 1521 5024; x_wconf 86' lang='lat' dir='ltr'><strong>rudis</strong></span> <span class='ocrx_word' id='word_1_642' title='bbox 1558 4968 1624 5024; x_wconf 89' lang='lat' dir='ltr'><strong>ad</strong></span> <span class='ocrx_word' id='word_1_643' title='bbox 1673 4976 1882 5025; x_wconf 82' lang='lat' dir='ltr'><strong>vestem</strong></span> <span class='ocrx_word' id='word_1_644' title='bbox 1918 4977 2078 5025; x_wconf 76' lang='lat' dir='ltr'><strong>vetu-</strong></span> 
     </span>
    </p>
   </div>
   <div class='ocr_carea' id='block_1_93' title="bbox 486 5053 1152 5112">
    <p class='ocr_par' dir='ltr' id='par_1_93' title="bbox 486 5053 1152 5112">
     <span class='ocr_line' id='line_1_93' title="bbox 486 5053 1152 5112; baseline 0.006 -4"><span class='ocrx_word' id='word_1_645' title='bbox 486 5061 659 5108; x_wconf 73' lang='lat' dir='ltr'><strong>Stam:</strong></span> <span class='ocrx_word' id='word_1_646' title='bbox 690 5053 896 5110; x_wconf 90' lang='lat' dir='ltr'><strong>idcirco</strong></span> <span class='ocrx_word' id='word_1_647' title='bbox 921 5056 991 5111; x_wconf 85' lang='lat' dir='ltr'><strong>ita</strong></span> <span class='ocrx_word' id='word_1_648' title='bbox 1018 5056 1152 5112; x_wconf 81' lang='lat' dir='ltr'><strong>dixi.</strong></span> 
     </span>
    </p>
   </div>
   <div class='ocr_carea' id='block_1_94' title="bbox 1039 5149 1532 5209">
    <p class='ocr_par' dir='ltr' id='par_1_94' title="bbox 1039 5149 1532 5209">
     <span class='ocr_line' id='line_1_94' title="bbox 1039 5149 1532 5209; baseline 0.01 -6"><span class='ocrx_word' id='word_1_649' title='bbox 1039 5149 1274 5208; x_wconf 85' lang='lat' dir='ltr'><strong>CAPUT</strong></span> <span class='ocrx_word' id='word_1_650' title='bbox 1310 5151 1532 5209; x_wconf 81' lang='lat' dir='ltr'><strong>XXVII.</strong></span> 
     </span>
    </p>
   </div>
   <div class='ocr_carea' id='block_1_95' title="bbox 560 5239 2163 5320">
    <p class='ocr_par' dir='ltr' id='par_1_95' title="bbox 560 5239 2163 5320">
     <span class='ocr_line' id='line_1_95' title="bbox 560 5239 2163 5320; baseline 0.006 -25"><span class='ocrx_word' id='word_1_651' title='bbox 560 5239 720 5297; x_wconf 74' lang='lat' dir='ltr'><strong>Vens.</strong></span> <span class='ocrx_word' id='word_1_652' title='bbox 762 5243 809 5296; x_wconf 85' lang='grc' dir='ltr'><strong>Ι.</strong></span> <span class='ocrx_word' id='word_1_653' title='bbox 846 5243 914 5299; x_wconf 84' lang='lat' dir='ltr'><strong>Ut</strong></span> <span class='ocrx_word' id='word_1_654' title='bbox 951 5255 1126 5300; x_wconf 87' lang='lat' dir='ltr'><strong>autem</strong></span> <span class='ocrx_word' id='word_1_655' title='bbox 1158 5246 1421 5300; x_wconf 86' lang='lat' dir='ltr'><strong>decretum</strong></span> <span class='ocrx_word' id='word_1_656' title='bbox 1453 5256 1529 5300; x_wconf 86' lang='lat' dir='ltr'><strong>est</strong></span> <span class='ocrx_word' id='word_1_657' title='bbox 1579 5257 1633 5301; x_wconf 93' lang='lat' dir='ltr'><strong>ut</strong></span> <span class='ocrx_word' id='word_1_658' title='bbox 1667 5264 1760 5303; x_wconf 85' lang='lat' dir='ltr'><strong>nos</strong></span> <span class='ocrx_word' id='word_1_659' title='bbox 1794 5250 2071 5320; x_wconf 87' lang='lat' dir='ltr'><strong>navigare-</strong></span> <span class='ocrx_word' id='word_1_660' title='bbox 2160 5264 2163 5267; x_wconf 86' lang='lat'>&#39;</span> 
     </span>
    </p>
   </div>
   <div class='ocr_carea' id='block_1_96' title="bbox 490 5334 2070 5410">
    <p class='ocr_par' dir='ltr' id='par_1_96' title="bbox 490 5334 2070 5410">
     <span class='ocr_line' id='line_1_96' title="bbox 490 5334 2070 5410; baseline 0.004 -23"><span class='ocrx_word' id='word_1_661' title='bbox 490 5350 605 5389; x_wconf 80' lang='lat' dir='ltr'><strong>mus</strong></span> <span class='ocrx_word' id='word_1_662' title='bbox 636 5336 691 5389; x_wconf 89' lang='lat' dir='ltr'><strong>in</strong></span> <span class='ocrx_word' id='word_1_663' title='bbox 722 5334 962 5403; x_wconf 88' lang='lat' dir='ltr'><strong>Italiam,</strong></span> <span class='ocrx_word' id='word_1_664' title='bbox 1003 5340 1335 5393; x_wconf 85' lang='lat' dir='ltr'><strong>tradiderunt</strong></span> <span class='ocrx_word' id='word_1_665' title='bbox 1383 5338 1614 5394; x_wconf 83' lang='lat' dir='ltr'><strong>Paulum</strong></span> <span class='ocrx_word' id='word_1_666' title='bbox 1654 5349 1703 5395; x_wconf 87' lang='lat' dir='ltr'><strong>et</strong></span> <span class='ocrx_word' id='word_1_667' title='bbox 1735 5341 1870 5396; x_wconf 85' lang='lat' dir='ltr'><strong>alios</strong></span> <span class='ocrx_word' id='word_1_668' title='bbox 1914 5357 2070 5410; x_wconf 91' lang='lat' dir='ltr'><strong>quos-</strong></span> 
     </span>
    </p>
   </div>
   <div class='ocr_carea' id='block_1_97' title="bbox 2176 4672 3680 4763">
    <p class='ocr_par' dir='ltr' id='par_1_97' title="bbox 2176 4672 3680 4763">
     <span class='ocr_line' id='line_1_97' title="bbox 2176 4672 3680 4763; baseline -0.007 -18"><span class='ocrx_word' id='word_1_669' title='bbox 2176 4692 2372 4757; x_wconf 80' lang='grc' dir='ltr'><em>ξασθαι</em></span> <span class='ocrx_word' id='word_1_670' title='bbox 2420 4691 2482 4743; x_wconf 84' lang='grc' dir='ltr'><em>τὸ</em></span> <span class='ocrx_word' id='word_1_671' title='bbox 2518 4690 2782 4763; x_wconf 84' lang='grc' dir='ltr'><strong>καύχημα</strong></span> <span class='ocrx_word' id='word_1_672' title='bbox 2810 4690 2871 4743; x_wconf 82' lang='grc' dir='ltr'><em>τὸ</em></span> <span class='ocrx_word' id='word_1_673' title='bbox 2911 4690 3062 4761; x_wconf 78' lang='grc' dir='ltr'><em>ἐμόν.</em></span> <span class='ocrx_word' id='word_1_674' title='bbox 3093 4687 3338 4760; x_wconf 80' lang='grc' dir='ltr'><em>Ἐμαθον</em></span> <span class='ocrx_word' id='word_1_675' title='bbox 3379 4686 3432 4740; x_wconf 78' lang='grc' dir='ltr'><strong>δὲ</strong></span> <span class='ocrx_word' id='word_1_676' title='bbox 3459 4680 3585 4753; x_wconf 75' lang='grc' dir='ltr'><em>παρὰ</em></span> <span class='ocrx_word' id='word_1_677' title='bbox 3615 4672 3680 4728; x_wconf 71' lang='grc' dir='ltr'>τοῦ</span> 
     </span>
    </p>
   </div>
   <div class='ocr_carea' id='block_1_98' title="bbox 2175 4772 3680 4873">
    <p class='ocr_par' dir='ltr' id='par_1_98' title="bbox 2175 4772 3680 4873">
     <span class='ocr_line' id='line_1_98' title="bbox 2175 4772 3680 4873; baseline -0.008 -35"><span class='ocrx_word' id='word_1_678' title='bbox 2175 4786 2452 4839; x_wconf 87' lang='grc' dir='ltr'><em>Δεσπότου</em></span> <span class='ocrx_word' id='word_1_679' title='bbox 2500 4801 2640 4854; x_wconf 85' lang='grc' dir='ltr'><em>μου,</em></span> <span class='ocrx_word' id='word_1_680' title='bbox 2708 4784 2785 4857; x_wconf 80' lang='grc' dir='ltr'><em>μὴ</em></span> <span class='ocrx_word' id='word_1_681' title='bbox 2845 4784 3160 4839; x_wconf 78' lang='grc' dir='ltr'><em>ἐπιϐάλλειν</em></span> <span class='ocrx_word' id='word_1_682' title='bbox 3218 4780 3502 4873; x_wconf 71' lang='grc' dir='ltr'><strong>ἐπίϐλημα⁴</strong></span> <span class='ocrx_word' id='word_1_683' title='bbox 3533 4772 3680 4873; x_wconf 47' lang='grc' dir='ltr'><strong>ῥάκοῖς</strong></span> 
     </span>
    </p>
   </div>
   <div class='ocr_carea' id='block_1_99' title="bbox 2173 4866 3680 4949">
    <p class='ocr_par' dir='ltr' id='par_1_99' title="bbox 2173 4866 3680 4949">
     <span class='ocr_line' id='line_1_99' title="bbox 2173 4866 3680 4949; baseline -0.015 -12"><span class='ocrx_word' id='word_1_684' title='bbox 2173 4879 2422 4948; x_wconf 79' lang='grc' dir='ltr'><strong>ἀγνάφου</strong></span> <span class='ocrx_word' id='word_1_685' title='bbox 2467 4878 2563 4932; x_wconf 71' lang='grc' dir='ltr'><strong>ἐπὶ</strong></span> <span class='ocrx_word' id='word_1_686' title='bbox 2610 4878 2813 4949; x_wconf 74' lang='grc' dir='ltr'><em>ίματίῳ</em></span> <span class='ocrx_word' id='word_1_687' title='bbox 2845 4875 3084 4947; x_wconf 78' lang='grc' dir='ltr'><em>παλαιῷ.</em></span> <span class='ocrx_word' id='word_1_688' title='bbox 3128 4875 3228 4930; x_wconf 74' lang='grc' dir='ltr'><strong>Διὰ</strong></span> <span class='ocrx_word' id='word_1_689' title='bbox 3271 4872 3421 4930; x_wconf 80' lang='grc' dir='ltr'><em>τοῦτο</em></span> <span class='ocrx_word' id='word_1_690' title='bbox 3453 4866 3596 4926; x_wconf 79' lang='grc' dir='ltr'><em>οὕτως</em></span> <span class='ocrx_word' id='word_1_691' title='bbox 3626 4866 3680 4912; x_wconf 75' lang='grc' dir='ltr'><strong>εἰ·</strong></span> 
     </span>
    </p>
   </div>
   <div class='ocr_carea' id='block_1_100' title="bbox 2176 4985 2298 5024">
    <p class='ocr_par' dir='ltr' id='par_1_100' title="bbox 2176 4985 2298 5024">
     <span class='ocr_line' id='line_1_100' title="bbox 2176 4985 2298 5024; baseline 0.016 -2"><span class='ocrx_word' id='word_1_692' title='bbox 2176 4985 2298 5024; x_wconf 91' lang='grc' dir='ltr'><strong>πον.</strong></span> 
     </span>
    </p>
   </div>
   <div class='ocr_carea' id='block_1_101' title="bbox 2666 5136 3184 5206">
    <p class='ocr_par' dir='ltr' id='par_1_101' title="bbox 2666 5136 3184 5206">
     <span class='ocr_line' id='line_1_101' title="bbox 2666 5136 3184 5206; baseline 0.004 -2"><span class='ocrx_word' id='word_1_693' title='bbox 2666 5144 2669 5147; x_wconf 79' lang='lat'><em>‘</em></span> <span class='ocrx_word' id='word_1_694' title='bbox 2760 5149 3017 5205; x_wconf 75' lang='grc' dir='ltr'><strong>ΚΕΦΑΛ.</strong></span> <span class='ocrx_word' id='word_1_695' title='bbox 3042 5136 3184 5206; x_wconf 80' lang='lat' dir='ltr'><strong>&#39;Kz&#39;.</strong></span> 
     </span>
    </p>
   </div>
   <div class='ocr_carea' id='block_1_102' title="bbox 2268 5222 3679 5312">
    <p class='ocr_par' dir='ltr' id='par_1_102' title="bbox 2268 5222 3679 5312">
     <span class='ocr_line' id='line_1_102' title="bbox 2268 5222 3679 5312; baseline -0.021 -10"><span class='ocrx_word' id='word_1_696' title='bbox 2268 5244 2362 5312; x_wconf 84' lang='grc' dir='ltr'><em>Ὡς</em></span> <span class='ocrx_word' id='word_1_697' title='bbox 2391 5241 2462 5298; x_wconf 79' lang='grc' dir='ltr'><strong>δὲ</strong></span> <span class='ocrx_word' id='word_1_698' title='bbox 2486 5242 2691 5311; x_wconf 79' lang='grc' dir='ltr'><strong>ἐκρίθη</strong></span> <span class='ocrx_word' id='word_1_699' title='bbox 2719 5241 2826 5297; x_wconf 86' lang='grc' dir='ltr'><em>τοῦ</em></span> <span class='ocrx_word' id='word_1_700' title='bbox 2859 5240 3159 5297; x_wconf 81' lang='grc' dir='ltr'><em>ἀποπλεῖν</em></span> <span class='ocrx_word' id='word_1_701' title='bbox 3173 5238 3329 5308; x_wconf 71' lang='grc' dir='ltr'><em>ἡμᾶς</em></span> <span class='ocrx_word' id='word_1_702' title='bbox 3356 5237 3435 5301; x_wconf 81' lang='grc' dir='ltr'><strong>είς</strong></span> <span class='ocrx_word' id='word_1_703' title='bbox 3460 5229 3554 5295; x_wconf 73' lang='grc' dir='ltr'><em>τὴν</em></span> <span class='ocrx_word' id='word_1_704' title='bbox 3576 5222 3679 5278; x_wconf 81' lang='grc' dir='ltr'><em>Ἰτο·</em></span> 
     </span>
    </p>
   </div>
   <div class='ocr_carea' id='block_1_103' title="bbox 2184 5311 3676 5407">
    <p class='ocr_par' dir='ltr' id='par_1_103' title="bbox 2184 5311 3676 5407">
     <span class='ocr_line' id='line_1_103' title="bbox 2184 5311 3676 5407; baseline -0.015 -15"><span class='ocrx_word' id='word_1_705' title='bbox 2184 5311 2349 5404; x_wconf 78' lang='grc' dir='ltr'><em>λίαν,</em></span> <span class='ocrx_word' id='word_1_706' title='bbox 2373 5334 2696 5407; x_wconf 83' lang='grc' dir='ltr'><em>παρεδίδου</em></span> <span class='ocrx_word' id='word_1_707' title='bbox 2720 5333 2767 5366; x_wconf 74' lang='grc'><strong>⁸⁸</strong></span> <span class='ocrx_word' id='word_1_708' title='bbox 2793 5333 2902 5388; x_wconf 82' lang='grc' dir='ltr'><strong>τόν</strong></span> <span class='ocrx_word' id='word_1_709' title='bbox 2920 5350 2995 5388; x_wconf 68' lang='grc' dir='ltr'><em>ατε</em></span> <span class='ocrx_word' id='word_1_710' title='bbox 3033 5332 3278 5388; x_wconf 82' lang='grc' dir='ltr'><em>Παῦλον</em></span> <span class='ocrx_word' id='word_1_711' title='bbox 3298 5328 3393 5385; x_wconf 80' lang='grc' dir='ltr'><em>καί</em></span> <span class='ocrx_word' id='word_1_712' title='bbox 3426 5340 3566 5386; x_wconf 82' lang='grc' dir='ltr'><em>τινας</em></span> <span class='ocrx_word' id='word_1_713' title='bbox 3585 5311 3676 5370; x_wconf 69' lang='grc' dir='ltr'><strong>ἑτέ·</strong></span> 
     </span>
    </p>
   </div>
   <div class='ocr_carea' id='block_1_104' title="bbox 1700 5482 2568 5546">
    <p class='ocr_par' dir='ltr' id='par_1_104' title="bbox 1700 5482 2568 5546">
     <span class='ocr_line' id='line_1_104' title="bbox 1700 5482 2568 5546; baseline 0 -5"><span class='ocrx_word' id='word_1_714' title='bbox 1700 5482 1895 5545; x_wconf 68' lang='lat' dir='ltr'><strong>Variie</strong></span> <span class='ocrx_word' id='word_1_715' title='bbox 1920 5483 2229 5546; x_wconf 83' lang='lat' dir='ltr'><strong>lectiones</strong></span> <span class='ocrx_word' id='word_1_716' title='bbox 2272 5486 2333 5543; x_wconf 88' lang='lat' dir='ltr'><strong>et</strong></span> <span class='ocrx_word' id='word_1_717' title='bbox 2375 5487 2568 5542; x_wconf 70' lang='lat' dir='ltr'><strong>notua.</strong></span> 
     </span>
    </p>
   </div>
   <div class='ocr_carea' id='block_1_105' title="bbox 566 5590 2062 5688">
    <p class='ocr_par' dir='ltr' id='par_1_105' title="bbox 566 5605 2062 5688">
     <span class='ocr_line' id='line_1_105' title="bbox 566 5605 2062 5688; baseline 0.001 -30"><span class='ocrx_word' id='word_1_718' title='bbox 566 5606 611 5688; x_wconf 54' lang='grc' dir='ltr'><strong>σς</strong></span> <span class='ocrx_word' id='word_1_719' title='bbox 645 5605 707 5659; x_wconf 85' lang='grc' dir='ltr'><strong>1η</strong></span> <span class='ocrx_word' id='word_1_720' title='bbox 743 5605 973 5688; x_wconf 69' lang='lat' dir='ltr'><strong>vulgatis</strong></span> <span class='ocrx_word' id='word_1_721' title='bbox 1012 5607 1367 5688; x_wconf 61' lang='grc' dir='ltr'><strong>ὲπεπιέκληξο.</strong></span> <span class='ocrx_word' id='word_1_722' title='bbox 1454 5609 1507 5688; x_wconf 40' lang='grc' dir='ltr'><strong>,θ’</strong></span> <span class='ocrx_word' id='word_1_723' title='bbox 1532 5608 1744 5663; x_wconf 83' lang='lat' dir='ltr'><strong>Videtur</strong></span> <span class='ocrx_word' id='word_1_724' title='bbox 1791 5607 2062 5688; x_wconf 69' lang='lat' dir='ltr'><strong>desideror</strong></span> 
     </span>
    </p>
   </div>
   <div class='ocr_carea' id='block_1_106' title="bbox 2168 5590 3673 5688">
    <p class='ocr_par' dir='ltr' id='par_1_106' title="bbox 2169 5590 3673 5688">
     <span class='ocr_line' id='line_1_106' title="bbox 2169 5590 3673 5688; baseline -0.004 -31"><span class='ocrx_word' id='word_1_725' title='bbox 2169 5606 2247 5658; x_wconf 76' lang='lat' dir='ltr'><strong>at.</strong></span> <span class='ocrx_word' id='word_1_726' title='bbox 2271 5677 2282 5686; x_wconf 41' lang='lat'><strong><em>.</em></strong></span> <span class='ocrx_word' id='word_1_727' title='bbox 2324 5602 2369 5634; x_wconf 83' lang='lat'>“</span> <span class='ocrx_word' id='word_1_728' title='bbox 2389 5600 2589 5688; x_wconf 67' lang='lat' dir='ltr'><strong>Qpinor</strong></span> <span class='ocrx_word' id='word_1_729' title='bbox 2617 5602 2779 5688; x_wconf 61' lang='lat' dir='ltr'><strong>etiarn</strong></span> <span class='ocrx_word' id='word_1_730' title='bbox 2804 5601 2885 5688; x_wconf 78' lang='lat' dir='ltr'><strong>hic</strong></span> <span class='ocrx_word' id='word_1_731' title='bbox 2911 5597 3207 5688; x_wconf 55' lang='lat' dir='ltr'><strong>adiifienda</strong></span> <span class='ocrx_word' id='word_1_732' title='bbox 3237 5590 3673 5688; x_wconf 47' lang='lat' dir='ltr'><strong>essejllftnl&#39;tf‘fﬂf</strong></span> 
     </span>
    </p>
   </div>
   <div class='ocr_carea' id='block_1_107' title="bbox 492 5663 2062 5757">
    <p class='ocr_par' dir='ltr' id='par_1_107' title="bbox 492 5663 2062 5757">
     <span class='ocr_line' id='line_1_107' title="bbox 492 5663 2062 5757; baseline -0.001 -27"><span class='ocrx_word' id='word_1_733' title='bbox 492 5676 673 5757; x_wconf 65' lang='lat' dir='ltr'><strong>verba,</strong></span> <span class='ocrx_word' id='word_1_734' title='bbox 699 5663 973 5757; x_wconf 51' lang='grc' dir='ltr'><em>παρεκτὸς</em></span> <span class='ocrx_word' id='word_1_735' title='bbox 993 5678 1106 5731; x_wconf 79' lang='grc' dir='ltr'><strong>τῶν</strong></span> <span class='ocrx_word' id='word_1_736' title='bbox 1132 5663 1606 5757; x_wconf 38' lang='grc' dir='ltr'><em>δεσμὶῦν-τοιῦτων,</em></span> <span class='ocrx_word' id='word_1_737' title='bbox 1627 5695 1744 5757; x_wconf 60' lang='lat' dir='ltr'><strong>qlia:</strong></span> <span class='ocrx_word' id='word_1_738' title='bbox 1768 5677 2062 5757; x_wconf 52' lang='lat' dir='ltr'><strong>ampliatum</strong></span> 
     </span>
    </p>
   </div>
   <div class='ocr_carea' id='block_1_108' title="bbox 2168 5663 3653 5757">
    <p class='ocr_par' dir='ltr' id='par_1_108' title="bbox 2168 5663 3653 5757">
     <span class='ocr_line' id='line_1_108' title="bbox 2168 5663 3653 5757; baseline -0.013 -31"><span class='ocrx_word' id='word_1_739' title='bbox 2168 5685 2176 5726; x_wconf 76' lang='grc' dir='ltr'><strong>ι</strong></span> <span class='ocrx_word' id='word_1_740' title='bbox 2207 5675 2408 5757; x_wconf 76' lang='lat' dir='ltr'><strong>alioqui</strong></span> <span class='ocrx_word' id='word_1_741' title='bbox 2436 5663 2599 5726; x_wconf 57' lang='lat' dir='ltr'><strong>&#39;locus</strong></span> <span class='ocrx_word' id='word_1_742' title='bbox 2641 5680 2921 5757; x_wconf 57' lang='lat' dir='ltr'><strong>corruptus</strong></span> <span class='ocrx_word' id='word_1_743' title='bbox 2954 5663 3178 5733; x_wconf 78' lang='lat' dir='ltr'><strong>videtur,</strong></span> <span class='ocrx_word' id='word_1_744' title='bbox 3223 5675 3273 5720; x_wconf 86' lang='lat' dir='ltr'><strong>et</strong></span> <span class='ocrx_word' id='word_1_745' title='bbox 3299 5665 3387 5719; x_wconf 69' lang='grc' dir='ltr'><strong>καὶ</strong></span> <span class='ocrx_word' id='word_1_746' title='bbox 3413 5666 3518 5714; x_wconf 80' lang='lat' dir='ltr'><strong>ante</strong></span> <span class='ocrx_word' id='word_1_747' title='bbox 3546 5663 3653 5722; x_wconf 70' lang='grc' dir='ltr'><em>παρα</em></span> 
     </span>
    </p>
   </div>
   <div class='ocr_carea' id='block_1_109' title="bbox 494 5741 2877 5822">
    <p class='ocr_par' dir='ltr' id='par_1_109' title="bbox 494 5741 2877 5822">
     <span class='ocr_line' id='line_1_109' title="bbox 494 5741 2877 5822; baseline -0.002 -21"><span class='ocrx_word' id='word_1_748' title='bbox 494 5745 626 5808; x_wconf 64' lang='lat' dir='ltr'><strong>me;</strong></span> <span class='ocrx_word' id='word_1_749' title='bbox 679 5741 978 5803; x_wconf 82' lang='lat' dir='ltr'><strong>redundare</strong></span> <span class='ocrx_word' id='word_1_750' title='bbox 1006 5757 1100 5803; x_wconf 91' lang='lat' dir='ltr'><strong>aut</strong></span> <span class='ocrx_word' id='word_1_751' title='bbox 1128 5741 1265 5804; x_wconf 70' lang='lat' dir='ltr'><strong>certe</strong></span> <span class='ocrx_word' id='word_1_752' title='bbox 1292 5751 1495 5822; x_wconf 86' lang='lat' dir='ltr'><strong>a&#39;iquid</strong></span> <span class='ocrx_word' id='word_1_753' title='bbox 1525 5741 1676 5808; x_wconf 78' lang='lat' dir='ltr'><strong>aliud</strong></span> <span class='ocrx_word' id='word_1_754' title='bbox 1700 5741 2005 5807; x_wconf 77' lang='lat' dir='ltr'><strong>desiderari.</strong></span> <span class='ocrx_word' id='word_1_755' title='bbox 2082 5747 2129 5778; x_wconf 73' lang='lat'><strong>“</strong></span> <span class='ocrx_word' id='word_1_756' title='bbox 2160 5746 2225 5802; x_wconf 82' lang='lat' dir='ltr'><strong>In</strong></span> <span class='ocrx_word' id='word_1_757' title='bbox 2260 5742 2490 5814; x_wconf 85' lang='lat' dir='ltr'><strong>vulgatis</strong></span> <span class='ocrx_word' id='word_1_758' title='bbox 2536 5741 2877 5812; x_wconf 79' lang='grc' dir='ltr'><em>παρεδίδουν.</em></span> 
     </span>
    </p>
   </div>
   <div class='ocr_carea' id='block_1_110' title="bbox 571 5890 979 5950">
    <p class='ocr_par' dir='ltr' id='par_1_110' title="bbox 571 5890 979 5950">
     <span class='ocr_line' id='line_1_110' title="bbox 571 5890 979 5950; baseline 0.005 -5"><span class='ocrx_word' id='word_1_759' title='bbox 571 5890 597 5933; x_wconf 71' lang='grc' dir='ltr'><strong><em>ἀ</em></strong></span> <span class='ocrx_word' id='word_1_760' title='bbox 633 5891 691 5948; x_wconf 78' lang='grc' dir='ltr'><strong>ν.</strong></span> <span class='ocrx_word' id='word_1_761' title='bbox 733 5893 979 5950; x_wconf 75' lang='lat' dir='ltr'><strong>dimittit.</strong></span> 
     </span>
    </p>
   </div>
  </div>
