3848 6552
138 416 241 484 83ῗί

753 409 1158 474 EXPOSITIO
1192 409 1275 472 IN
1310 408 1503 469 ACTA
1530 405 2115 468 APOSTOLORUM.
2152 430 2222 441 -
2258 404 2418 464 CAP.
2458 398 2739 463 XXVIII.

3291 393 3398 458 838

137 531 295 593 λίων,
318 521 417 579 καί
445 521 779 592 ἐπάραντες
799 523 907 575 τὸν
929 520 1225 591 αρτέμονα
1244 518 1323 588 τῇ
1346 518 1620 587 πνεούσῃ
1641 518 1714 585 ⁸9,

1853 535 2010 585 trum,
2044 526 2094 573 et
2118 516 2327 572 sublato
2349 524 2657 571 ammonet!
2691 515 2762 569 ad
2790 529 2938 569 aura:
2968 514 3183 582 ﬂatum,
3221 519 3401 566 tende-

138 617 408 686 κατεῖχον
443 617 528 681 είς
555 614 663 669 τὸν
691 614 986 683 αἰγιαλόν.

198 706 636 775 Περιπεσόντες
663 703 733 757 δὲ
747 706 834 769 εὶς
863 703 1052 757 τόπον
1079 699 1523 763 διαθάλασσον,
1556 696 1707 751 suos-

139 804 339 857 κειλαν
376 798 493 865 τὴν
554 796 745 851 ναῦν·
782 796 885 851 καί
924 797 962 865 ἡ
994 794 1111 865 μὲν
1140 778 1379 864 πρώραί
1420 793 1714 862 ἐρείσασα

136 896 360 963 ἔμεινεν
390 888 760 954 ἀσάλευτος,
785 890 824 957 ἠ
849 887 917 941 δὲ
938 888 1182 957 πρύμνα
1219 886 1431 941 ἐλύετο
1462 883 1579 942 ὑπὸ
1604 883 1714 953 τῆς

131 983 267 1047 βίας
294 977 417 1032 τῶν
442 976 739 1046 κυμάτων.

203 1067 326 1122 Τῶν
350 1066 419 1122 δὲ
449 1064 829 1134 στρατιωτῶν
856 1063 1064 1133 ,βουλή
1113 1063 1375 1133 ἐγένετο,
1421 1063 1522 1117 ἵνα
1569 1061 1715 1128 τοὺς

135 1159 436 1229 δεσμώτας
482 1157 908 1230 ἀποκτείνωσι,
954 1154 1042 1226 μή
1103 1173 1193 1222 τις
1247 1152 1716 1223 ἐκκολυμϐήσας

135 1253 388 1322 διαφύγῃ
416 1253 460 1304 ¹.

219 1346 272 1397 Ὀ
305 1346 375 1398 δὲ
408 1345 851 1412 ἑκατόνταρχος
875 1342 1262 1412 ,Βουλόμενος
1290 1339 1586 1395 διασῶσαι
1608 1338 1715 1393 τὸν

136 1438 411 1501 Παῦλον,
464 1433 780 1489 ἐκώλυσεν
834 1433 1053 1499 αὐτοὺς
1113 1432 1221 1488 τοῦ
1279 1428 1712 1500 βουλήματος,

134 1527 420 1584 ἐκέλευσέ
445 1546 504 1583 τε
538 1527 682 1593 τοὺς
722 1525 1111 1597 δυναμένους
1145 1522 1484 1594 κολυμϐᾷν,
1524 1524 1714 1593 ἀπορ-

133 1625 427 1692 ῥίψαντας
482 1618 753 1689 πρώτους
778 1618 877 1673 ἐπὶ
909 1617 1024 1687 τὴν
1047 1617 1163 1688 γῆν
1187 1617 1433 1682 ἐξιέναι.

202 1716 309 1769 Καὶ
366 1714 506 1780 τοὺς
543 1710 818 1778 λοιποὺς,
871 1710 981 1777 οὓς
1016 1714 1133 1781 μὲν
1174 1710 1274 1764 ἐπὶ
1303 1709 1580 1773 σανίσιν,
1606 1706 1714 1773 οὓς

136 1809 201 1864 δὲ
220 1810 322 1863 ἐπί
352 1824 530 1862 τινων
550 1804 670 1861 τῶν
693 1807 810 1862 ἀπὸ
836 1805 946 1861 τοῦ
969 1806 1207 1861 πλοίου.
1237 1804 1348 1860 Καί
1379 1804 1570 1870 οὕτως
1589 1801 1717 1873 ἐγέ-

136 1919 267 1957 νετο
287 1898 524 1967 πάντας
543 1897 913 1969 διασωθῆναι
953 1897 1054 1952 ἐπὶ
1085 1895 1196 1964 τῆς
1225 1894 1337 1966 γῆς
1355 1898 1399 1951 ³.

217 1992 463 2063 Ἡμέρας
506 1989 837 2060 γενομένης,
867 1990 1080 2061 ἀνῆκαν
1109 1988 1210 2052 τὰς
1232 1985 1591 2059 ζευκτηρίας,
1617 1986 1714 2041 καὶ

136 2084 321 2138 λύεται
350 2081 413 2136 τὸ
442 2082 626 2137 πλοῖον
652 2082 710 2134 ὲν
733 2080 941 2151 ἡμέρᾳ,
1006 2081 1094 2134 ἵνα
1126 2079 1201 2152 μὴ
1222 2078 1299 2151 τῷ
1321 2078 1474 2150 φόὸῳ
1526 2077 1713 2133 διαλυ-

138 2179 289 2240 θῶσι,
346 2177 442 2229 καὶ
481 2175 571 2230 ἵνα
619 2174 713 2230 καὶ
774 2173 956 2227 ῐδωτιν
1004 2171 1155 2244 ἔργῳ
1212 2173 1314 2244 τὴν
1346 2168 1712 2243 προφητείαν.

137 2267 479 2338 Σημειωτέον
509 2266 589 2320 ὅτι
624 2263 769 2321 ἑκών
795 2280 879 2327 τις
897 2256 1116 2334 φονεύει
1138 2262 1282 2329 τινὰ,
1304 2263 1365 2316 οὐ
1396 2262 1497 2333 τῆς
1518 2263 1719 2333 εἱμαρ-

141 2360 307 2431 μένης
345 2356 664 2428 κωλυούσης
693 2355 857 2410 τοῦτο
879 2355 1155 2425 γενέσθαι.
1201 2355 1334 2409 Ἰδοὺ
1367 2354 1477 2425 γὰρ
1503 2353 1718 2424 βουλευ-

140 2453 322 2515 θέντες
361 2448 593 2521 πρᾶξαι,
633 2443 800 2520 ἦλθον
826 2448 921 2501 ἐπὶ
940 2448 999 2502 τὸ
1027 2447 1189 2517 ἔργον
1237 2445 1333 2500 τοῦ
1379 2445 1544 2514 φόνου
1569 2445 1721 2500 αὐτό-

140 2542 350 2598 ϐουλοισ
393 2543 490 2595 καὶ
542 2540 880 2604 ἀκούσαντες
945 2539 1040 2594 τοῦ
1076 2538 1508 2609 ἑκατοντάρχου,
1553 2538 1719 2595 πάλιν

139 2637 358 2701 ἑκόντες
385 2635 718 2691 ἐπαύσαντο.
764 2634 853 2698 Ὠς
876 2632 1007 2705 ἐξῆν
1045 2634 1245 2697 αὐτοὺς
1283 2632 1361 2704 μὴ
1405 2633 1719 2704 πεισθῆναι,

141 2716 371 2795 πολλοὺς
427 2729 591 2792 ὄντας
642 2728 736 2784 καὶ
781 2726 1037 2799 ἰσχυρούς
1062 2743 1076 2755 ·
1112 2726 1291 2797 ἀλλ’ἢ
1341 2725 1509 2797 βουλὴ
1558 2724 1655 2779 καὶ
1686 2726 1720 2796 ή

138 2826 464 2896 αὐθαίρετος
513 2822 710 2894 γνώμη
774 2821 870 2877 καὶ
922 2818 1155 2892 πράττει
1196 2816 1233 2873 ἃ
1290 2818 1458 2884 θέλει,
1514 2819 1611 2874 καὶ
1657 2819 1721 2872 οὐ

140 2920 375 2991 πράττει
398 2916 436 2973 ἃ.
457 2915 534 2989 μὴ
558 2914 833 2988 βούλεται.

711 3086 969 3144 ΚΕΦΔΑ.
988 3087 1127 3141 κη’.

1812 614 1940 666 bant
1964 614 2036 666 ad
2072 611 2242 666 littus.

1887 702 2051 758 Vens.
2085 704 2175 756 Η.
2212 701 2315 758 Sed
2346 718 2467 756 cum
2495 700 2802 754 incidissent
2833 699 2888 752 in
2918 697 3090 752 locum
3123 696 3400 760 bimarem,

1814 811 1999 851 navem
2043 793 2303 848 illiserunt
2336 810 2355 847 :
2400 810 2465 847 ac
2501 809 2660 863 prora
2700 792 2914 862 quidem
2964 790 3123 860 affixa
3155 790 3401 842 manebat

1813 886 2120 951 immobilis,
2140 888 2230 941 sed
2259 886 2446 956 puppis
2474 887 2739 939 undarum
2771 885 2818 938 vi
2844 883 3161 937 solvebatur.

1883 1067 2049 1124 Vens.
2088 1067 2182 1122 ἃ.
2226 1064 2456 1120 Militum
2495 1074 2673 1118 autem
2724 1064 3000 1118 consilium
3046 1074 3161 1117 erat
3207 1063 3406 1117 vinctos

1814 1160 2129 1230 interﬁcere,
2161 1175 2225 1213 ne
2251 1160 2389 1230 quis,
2411 1173 2539 1234 cum
2566 1165 2850 1221 enatasset,
2881 1154 3153 1227 effugeret.

1887 1342 2047 1397 Vens.
2079 1341 2168 1396 45.
2214 1337 2318 1395 Sed
2370 1338 2612 1392 centurio
2668 1336 2842 1391 volens
2895 1350 3101 1389 servare
3150 1332 3404 1399 Paulum,

1817 1429 2081 1493 prohibuit
2130 1445 2214 1482 eos
2246 1427 2464 1481 consilio
2495 1426 2611 1489 hoc,
2653 1442 2714 1478 ac
2754 1424 2907 1487 iussit
2945 1440 3030 1478 eos
3071 1424 3159 1493 qui
3218 1433 3409 1479 natare

1815 1530 2044 1595 possent,
2074 1520 2302 1592 abjicere
2323 1535 2377 1574 se
2405 1520 2600 1590 primos
2631 1526 2679 1573 et
2709 1518 2927 1572 evadere
2959 1518 3016 1571 in
3043 1526 3262 1584 terram,

1890 1698 2059 1755 Vens.
2082 1698 2173 1753 ﬂ.
2206 1698 2281 1752 Ac
2307 1696 2535 1768 reliquos
2564 1693 2761 1766 partim
2792 1693 2849 1746 in
2875 1691 3090 1752 tabulis,
3123 1689 3320 1760 partim
3352 1690 3410 1746 in

1818 1788 2084 1860 aliquibus
2115 1788 2315 1858 navigii
2345 1787 2673 1858 fragmentis.
2704 1784 2772 1839 Et
2799 1783 2878 1839 sic
2908 1781 3123 1847 accidit,
3148 1789 3204 1834 ut
3234 1795 3413 1834 omnes

1745 1867 1790 1922 Β
1816 1882 1952 1938 salvi
1973 1886 2252 1936 evaderent
2274 1881 2329 1935 in
2356 1894 2581 1947 terram,

1846 1973 2023 2029 _Cum
2061 1972 2179 2028 dies
2240 1956 2533 2034 illuxisset,
2591 1969 2917 2024 Iaxaverunt
2974 1966 3286 2039 iuncturas,
3353 1974 3414 2021 et

1815 2068 2044 2125 solvitur
2062 2065 2218 2122 navis
2236 2062 2469 2119 interdiu
2480 2102 2496 2128 ,
2507 2076 2576 2115 ne
2590 2070 2737 2116 metu
2749 2059 3178 2117 dissolverentur
3200 2069 3256 2115 et
3270 2059 3414 2113 inte-

1817 2160 2068 2223 rirent,et
2082 2166 2141 2213 ut
2155 2156 2328 2227 reipsa
2347 2170 2561 2226 quoque
2578 2137 2824 2209 viderent
2841 2163 3095 2209 eventum
3117 2150 3418 2223 prophetia:

1819 2259 1982 2322 atque
2007 2247 2434 2306 vaticinationis.
2474 2245 2790 2302 Notandum
2822 2254 2906 2300 est
2950 2244 3187 2315 aliquem
3218 2252 3416 2315 sponte

1820 2360 1919 2400 sua
1946 2345 2177 2400 alterum
2215 2341 2488 2406 occidere,
2517 2341 2630 2396 fato
2658 2338 2711 2395 id
2742 2337 2858 2393 ﬁeri
2900 2353 3013 2394 non
3058 2337 3408 2408 prohibente.

1819 2436 1962 2493 Ecce
2005 2435 2152 2491 enim
2207 2450 2334 2490 cum
2392 2432 2713 2489 statuissent
2772 2431 2994 2496 facere,
3045 2443 3185 2501 opus
3241 2429 3411 2485 cadis

1821 2536 2016 2598 suopte
2043 2525 2274 2583 consilio
2297 2525 2534 2598 aggressi
2559 2533 2686 2579 sunt
2710 2539 2725 2589 ;
2758 2534 2813 2579 et
2840 2522 3027 2579 audito
3055 2521 3413 2584 centurione,

1822 2635 2012 2691 rursus
2057 2635 2156 2675 sua
2202 2619 2481 2674 voluntate
2534 2615 2640 2669 hoc
2687 2614 2918 2669 consilio
2966 2613 3414 2683 supersederunt.

1825 2711 1960 2767 Nam
1994 2711 2122 2782 quia
2154 2711 2308 2766 multi
2356 2726 2419 2765 ac
2467 2708 2630 2763 validi
2662 2716 2845 2771 erant,
2876 2714 3136 2776 poterant
3167 2720 3279 2761 non
3318 2721 3418 2775 pa-

1824 2818 1987 2859 rere:
2029 2786 2123 2857 sed
2157 2800 2442 2856 consilium
2474 2805 2530 2854 et
2567 2797 2776 2868 integra
2824 2795 3107 2867 cogitatio,
3152 2794 3417 2849 liberum-

1826 2909 1933 2964 que
1962 2892 2251 2948 arbitrium
2285 2903 2339 2948 ct
2369 2892 2480 2964 agit
2525 2904 2646 2961 quas
2679 2889 2815 2954 vult,
2850 2892 2904 2944 et
2953 2902 3076 2958 qua:
3124 2902 3236 2943 non
3258 2878 3413 2955 vult,

1829 2996 1993 3054 agere
2015 2982 2253 3039 desistit.

2356 3070 2588 3129 CAPUT
2616 3068 2855 3126 XXVIII.

213 3185 323 3243 Kal
352 3183 787 3251 διασωθέντεςδ
810 3184 866 3237 ol
1207 3177 1458 3233 Παῦλον
1491 3174 1564 3229 ἐκ
1614 3172 1722 3230 τοῦ

1904 3174 2071 3230 Vens.
2112 3173 2164 3227 1.
2196 3168 2264 3223 Et
2309 3184 2427 3222 cum
2463 3165 2600 3220 salvi
2641 3164 2930 3219 evasissent
2972 3178 3038 3217 ex
3085 3161 3421 3234 navigatione

144 3282 359 3349 πλοὸς,
391 3282 529 3335 τότε
556 3278 915 3349 ἐπέγνωσαν
956 3277 1044 3331 ὅτι
1070 3272 1300 3341 Μελίτη
1335 3270 1375 3339 ’ἠ
1409 3267 1606 3340 νῆσος
1630 3285 1733 3323 κα-

146 3375 356 3432 λεῖται.

220 3465 288 3519 Ol
314 3481 380 3518 τε
414 3462 437 3495 ⁸
489 3460 786 3530 Βάρόαροι
815 3455 1104 3526 παρεῖχον
1133 3454 1206 3509 οὐ
1260 3452 1377 3521 τὴν
1424 3450 1736 3521 τυχοῦσαν

148 3555 605 3629 φιλανθρωπίαν
653 3551 801 3622 ἡμῖν
825 3566 840 3582 ⁸
910 3547 1266 3617 άνάψαντες
1315 3544 1428 3615 γὰρ
1489 3541 1693 3612 πυρὰν
1715 3578 1732 3606 ,

1831 3269 1921 3340 qui
1946 3268 2150 3321 circum
2185 3262 2421 3318 Paulum
2443 3268 2616 3319 erant,
2648 3267 2771 3310 tunc
2796 3263 3141 3326 cognoverunt
3189 3253 3421 3309 insulam

1830 3360 2065 3416 Melitam
2089 3356 2288 3411 vocari.

1903 3449 2066 3505 Vens.
2092 3448 2147 3502 9..
2180 3443 2411 3500 Barbari
2436 3458 2555 3498 vero
2595 3439 2921 3511 pra’stabant
2947 3439 3095 3493 nobis
3128 3440 3269 3492 haud
3298 3437 3418 3492 vul-

1835 3559 2015 3618 garem
2042 3537 2447 3595 humanitatem.
2483 3533 2628 3588 Nam
2672 3526 2790 3587 cum
2841 3532 3195 3586 accendissent
3223 3539 3422 3584 struem

149 3646 602 3719 προσελάϐοντο
623 3642 858 3708 πάντας
889 3636 1048 3710 ἡμᾶς
1098 3637 1198 3693 διὰ
1240 3635 1349 3691 τὸν
1394 3633 1576 3690 ὑετὸν
1621 3632 1724 3686 τὸν

1853 3637 2127 3709 lignorum,
2151 3631 2447 3685 invitarunt
2464 3636 2511 3681 et
2530 3633 2835 3694 receperunt
2865 3640 2957 3677 nos
2974 3638 3150 3678 omnes
3171 3630 3194 3660 τ
3212 3630 3424 3692 propter

148 3740 487 3813 ἐφεστῶτα,
520 3741 621 3793 καὶ
649 3733 747 3789 διὰ
775 3733 841 3788 τὸ
865 3731 1090 3803 ψύχος.

220 3832 690 3904 Συστρέψαντος
723 3827 791 3882 δὲ
816 3825 923 3881 τοῦ
948 3824 1197 3879 Παύλου
1226 3818 1550 3892 φρυγάνων
1579 3816 1741 3887 πλῆ-

1837 3728 2070 3800 pluviam
2098 3724 2451 3779 imminentem
2470 3728 2519 3771 et
2545 3727 2756 3787 propter
2783 3717 2972 3787 frigus.

1914 3818 2074 3874 Vens.
2106 3818 2159 3873 ὅ.
2190 3815 2320 3870 Cum
2343 3821 2522 3867 autem
2547 3808 2751 3864 Paulus
2790 3808 3129 3872 aliquantum
3171 3805 3425 3876 virgulto-

149 3930 276 3995 θος,
330 3899 431 3980 κᾶι
462 3899 773 3986 ἐπιθέντος
835 3917 934 3972 ἐπὶ
974 3915 1091 3985 τὴν
1154 3912 1376 3981 πυρὰν,
1431 3909 1645 3980 ἔχιδνα
1670 3909 1724 3962 ἐκ

1853 3930 1961 3969 rum
2012 3912 2071 3966 in
2122 3911 2314 3981 fascem
2372 3903 2720 3959 contraxisset
2772 3911 2821 3955 et
2878 3902 2935 3954 in
3002 3899 3178 3971 ignem
3255 3901 3425 3967 impo-

150 3989 270 4090 τῆς
289 4017 519 4090 θερμῆς
573 4011 973 4079 διεξελθοῦσα
1001 4010 1045 4075 ⁸,
1098 4005 1340 4076 καθῆψε
1362 4002 1477 4073 τῆς
1536 4001 1724 4074 χειρὸς

1853 4008 2049 4068 suisset,
2077 4003 2259 4072 vipera
2287 4015 2352 4054 ea:
2377 3996 2553 4054 calore
2579 4011 2688 4050 sese
2712 3993 3032 4064 proripiens,
3064 4007 3283 4045 manum
3309 3989 3427 4059 ejus

154 4113 369 4171 αὐτοῦ.

236 4208 333 4273 Ὠς
372 4205 445 4259 δὲ
494 4199 662 4259 εἶδον
686 4204 741 4256 ol
770 4198 1063 4268 Βάρϐαροι
1087 4195 1158 4251 τὸ
1183 4194 1395 4264 θηρίον
1447 4192 1743 4264 κρεμάμε-

1843 4097 2056 4154 invasit.

1915 4193 2079 4247 Vens.
2111 4190 2165 4244 4.
2222 4185 2291 4240 Ut
2329 4200 2448 4240 vero
2500 4182 2728 4237 Barbari
2773 4180 2991 4235 bestiam
3025 4178 3087 4232 de
3125 4192 3286 4230 manu
3313 4172 3429 4244 ejus

151 4268 406 4360 νονίέκ
437 4295 550 4367 τῆς
575 4293 775 4366 χειρὸς
822 4289 1034 4356 αὐτοῦ,
1078 4286 1231 4356 πρὸς
1254 4283 1573 4352 ἀλλήλους
1613 4283 1724 4337 ἕλε

1853 4287 2155 4359 pendentem
2205 4278 2466 4339 viderant,
2516 4274 2654 4328 alter
2688 4272 2786 4337 _ad
2845 4271 3076 4324 alterum
3145 4268 3429 4323 dicebant:

153 4413 269 4467 τον
288 4411 305 4426 ο
369 4391 618 4454 Πάντως
645 4384 870 4458 φονεύς
923 4381 1098 4437 ἐστιν
1127 4382 1160 4434 ὀ
1190 4378 1504 4447 ἄνθρωπος
1546 4371 1747 4442 οὗτος,

1851 4380 2079 4435 Prorsus
2116 4372 2379 4430 homicida
2414 4378 2489 4423 est
2539 4368 2622 4420 hic
2656 4367 2828 4428 homo,
2859 4378 3012 4434 quem
3051 4370 3321 4414 servatum
3363 4375 3431 4414 ea:

153 4457 622 4544 ῦνδιασωθέντα
645 4478 715 4532 ἐκ
740 4473 851 4545 τῆς
897 4470 1220 4537 θαλάσσης
1253 4469 1292 4537 ἠ
1318 4467 1457 4538 δίκη
1488 4465 1597 4535 ζῆν
1632 4468 1724 4521 oi):

1854 4470 2012 4535 mari,
2029 4466 2294 4538 justitt'tt'
2342 4463 2511 4516 virere
2555 4475 2658 4513 non
2706 4457 2826 4512 sivit

153 4580 390 4637 είασεν.

242 4674 303 4726 '0
335 4670 457 4742 μὲν
485 4664 601 4755 οὖν
630 4661 1001 4728 ἀποτινάξας
1043 4660 1109 4715 τὸ
1144 4658 1355 4728 θηρίον
1385 4657 1474 4722 είς
1499 4653 1568 4708 τὸ
1597 4652 1741 4723 πῦρ,

155 4766 383 4821 ἔπαθεν
403 4761 588 4817 οὐδὲν
615 4759 824 4813 κακόν.

230 4855 706 4925 Συστρέψαντος
733 4850 803 4904 δὲ
829 4849 937 4904 τοῦ
987 4847 1256 4901 Παύλου.
1287 4838 1747 4916 Φρυγανιζομὲνῳ

1773 4552 1821 4611 Ι)

1918 4615 2085 4701 Vens.
2138 4642 2190 4698 5.
2243 4640 2417 4710 Atque
2463 4637 2622 4708 183
2651 4636 2733 4691 illi
2763 4634 2993 4705 quidem,
3049 4650 3168 4687 cum
3211 4634 3429 4689 bestiam

1853 4735 2157 4793 excussisset
2189 4733 2243 4787 in
2269 4731 2463 4802 ignem,
2490 4727 2620 4781 nihil
2642 4725 2770 4780 mali
2791 4726 3002 4780 accidit.

1924 4831 2059 4887 Cum
2112 4835 2289 4881 autem
2339 4823 2562 4885 Paulus,
2625 4829 2733 4876 etc.
2782 4818 3024 4890 Virgulta
3070 4819 3430 4876 contrectanti

158 4911 270 5022 tu]:
285 4911 497 5018 Παῦλῷ
544 4911 791 5015 ἐνάψασα
840 4942 956 5012 ἔχις
1030 4938 1289 5009 οὐδεμίαν
1339 4911 1724 5007 προσετρίψατε

1854 4927 2021 4982 Paulo
2041 4928 2187 4989 {cum
2217 4920 2401 4991 vipera
2434 4916 2758 4980 inhresisset,
2791 4913 2942 4968 nullo
2985 4912 3331 4968 incommodo
3364 4911 3430 4964 il.

165 5042 396 5113 βλάϐην,
420 5038 512 5094 διὰ
542 5038 604 5092 τὸ
633 5033 928 5106 πληρωτὴν
962 5031 1201 5093 πίστεως
1235 5025 1375 5082 εἶναι
1426 5025 1520 5080 τὸν
1565 5024 1743 5093 ἅγιον.

1848 5021 1962 5077 lum
2004 5018 2203 5080 allecit,
2241 5021 2532 5087 propterea
2582 5009 2726 5081 quod
2778 5018 2999 5063 sanctus
3048 5006 3250 5061 Paulus
3308 5001 3433 5057 ﬁdei

163 5095 427 5206 ‘rl‘ﬁhxe'tpl
469 5130 582 5201 γὰρ
610 5128 706 5183 τοῦ
731 5095 1083 5180 allato-016100
1133 5122 1261 5185 τοὺς
1307 5121 1527 5182 ὀδόντας
1570 5119 1599 5171 ὁ
1633 5116 1724 5187 ἔχις

1853 5112 2125 5185 perfector
2152 5114 2290 5164 crat.
2331 5105 2467 5160 Cum
2511 5102 2657 5158 enim
2685 5101 2873 5170 vipera
2909 5098 3093 5153 manui
3114 5095 3265 5167 Pauli
3297 5095 3433 5150 don-

166 5205 446 5296 ὲμῦαλὼν,
477 5220 575 5274 καὶ
605 5218 706 5287 τῆς
745 5215 1024 5286 ἁμαρτίας
1058 5212 1121 5267 τὸ
1148 5212 1352 5283 χαῦνον
1403 5210 1500 5280 οὐχ
1547 5205 1744 5277 εὑρὼν,

168 5315 493 5387 ἀπεπήδησε
528 5308 869 5381 παραυτίκα,
896 5306 991 5360 καὶ
1019 5307 1162 5358 κατὰ
1201 5305 1300 5374 τῆς
1345 5301 1525 5373 πυρᾶς
1555 5298 1745 5369 ἥλατο,

1848 5210 1929 5255 tes
1958 5194 2349 5267 impressisset,
2380 5201 2432 5247 et
2461 5190 2666 5260 peccati
2712 5187 2996 5241 mollitiem
3047 5194 3213 5254 atque
3262 5191 3435 5237 tumo-

1851 5308 1966 5347 rem
1999 5306 2108 5346 non
2139 5288 2462 5352 invenisset,
2497 5283 2773 5353 extemplo
2821 5280 3052 5342 resiluit,
3084 5288 3138 5334 et
3167 5278 3221 5333 in
3253 5279 3435 5350 ignem

1328 5414 1532 5479 Varias
1575 5412 1884 5476 lectiones
1928 5416 1990 5471 et
2032 5414 2227 5471 notae.

241 5560 290 5593 ”
322 5554 393 5614 In
426 5554 656 5624 vulgatis
688 5559 804 5622 post
853 5552 927 5624 τῇ
953 5546 1313 5624 πνεούσῃχδι
1345 5544 1606 5624 distinctio
1638 5548 1689 5594 et
1716 5558 1724 5610 ι

1853 5556 1876 5592 o
1900 5545 2016 5608 post
2077 5536 2418 5624 διθάλρσοον.

2525 5531 2539 5561 ¹
2572 5526 2790 5598 πρῶρα,
2816 5532 2952 5580 erat.
3058 5525 3079 5556 ²
3110 5522 3174 5577 1η
3206 5520 3437 5598 vulgatis

175 5593 939 5698 staeﬁnfmtriviligans":
1340 5593 1538 5698 Filios}
1561 5593 1724 5698 ’διασιί

1853 5593 1948 5670 τεξ.
1975 5625 2140 5677 usque
2172 5609 2241 5660 ad
2273 5608 2427 5698 τότεὶ
2455 5593 2931 5698 desiderantur'hw
2957 5603 3157 5698 septem
3188 5593 3438 5698 diction?

1854 5680 1878 5698 Α
1921 5680 1945 5691 -
2149 5678 2169 5698 ιι
2203 5691 2385 5698 ----....
2437 5688 2595 5698 ..-..-..
2643 5677 2753 5698 ,ωηο
2856 5684 2884 5698 κ
2918 5684 2981 5698 ..η
3010 5666 3145 5698 nnh'o
3211 5676 3307 5698 una
3326 5676 3356 5698 η
3407 5684 3434 5698 ο

174 5702 227 5756 in
261 5688 508 5769 vulgatis.
586 5696 638 5769 _'
664 5696 727 5769 Οἱ
754 5688 822 5769 δὲ.
839 5694 891 5746 in
921 5688 1169 5769 vulgatis.

1285 5687 1305 5716 ⁶
1331 5685 1396 5739 In
1440 5683 1665 5751 vulgatis
1726 5680 2043 5745 ἐξελθοῦσα.

2149 5678 2169 5708 ⁷
2203 5660 2595 5745 κρεμμάμενον
2639 5677 2774 5723 erat.
2821 5667 2886 5721 In
2918 5660 3145 5735 vulgatis
3211 5660 3434 5734 κρεμά-

179 5751 657 5843 ξίενονδτδίθηρίον
679 5766 744 5817 ὲκ
768 5763 864 5831 τῆς
894 5751 1078 5833 χειρῖς
1109 5756 1294 5819 αὑτοῦ,
1347 5756 1533 5822 ἔλεγον
1561 5753 1697 5818 πρὸς
1732 5751 2016 5822 ἀλλήλους.
2100 5782 2104 5785 -

251 5883 360 5937 eid
415 5889 491 5936 est
540 5878 650 5934 velo
696 5874 912 5945 majori.
1014 5883 1037 5913 τ
1085 5869 1149 5930 V.
1201 5869 1504 5939 reﬁciebant
1553 5883 1648 5922 nos
1673 5881 1875 5923 omnes.
1919 5875 1940 5903 ³
1984 5860 2051 5917 V.
2090 5858 2245 5915 ultio.
