3848 6616
220 582 323 647 8ΰ1

908 590 1450 652 Exrosmoms
1490 591 1574 652 IN
1615 594 1804 653 ACTA
1843 595 2146 658 TEXTUS
2180 584 2555 661 ALTER"—
2580 603 2742 664 CAP.
2783 603 2861 663 η.

3396 604 3500 667 8ῧὲ

235 699 569 770 Ἐπλήρωσε
629 700 723 755 τὸν
777 702 958 772 χορὸν,
1016 703 1110 756 καὶ
1141 703 1416 774 ἀπήρτισε
1465 703 1567 775 τὴν
1588 701 1742 769 τάξιν
1786 704 1815 758 ὀ

1938 703 1977 760 Si
2025 706 2212 772 enim,
2260 707 2354 763 ubi
2405 725 2584 780 neque
2634 711 2811 765 oratio
2862 710 3061 776 fiebat,
3115 726 3292 782 neque
3341 708 3500 783 probi

222 793 595 865 ἁναδειχθείς.
648 797 740 848 Δεῖ
766 794 947 849 τοίνυν
983 797 1077 850 τὸν
1116 796 1472 869 κληρωθέντα
1526 796 1618 849 τὸν
1652 796 1818 849 τόπον

1938 806 2076 849 :rant
2116 797 2366 855 homines
2411 804 2492 872 (ut
2527 817 2693 872 super
2725 801 2908 874 luna),
2937 804 3099 875 196
3155 805 3293 859 adeo
3319 813 3500 859 tamen

223 887 398 959 ἔχειν,
441 888 500 942 δι)
527 889 840 962 ἐκληρώθη,
883 891 999 959 καὶχ
1013 892 1091 963 μὴ
1130 890 1568 955 κατασκευάζειν
1592 888 1769 960 ἑαυτῷ
1801 905 1817 921 -

223 981 287 1032 ού
318 979 441 1050 γάρ
474 980 542 1035 ἂν
571 981 660 1051 εἴη
691 981 896 1052 κλῆρος
929 981 1091 1036 τοῦτο
1111 998 1128 1016 ο
1153 983 1291 1054 μήτε
1319 982 1545 1050 φεύγειν
1571 981 1814 1038 δοθέντα.

225 1073 290 1127 Εἰ
330 1073 448 1144 γὰρ
472 1073 539 1127 τὰ
568 1073 664 1130 τοῦ
703 1074 910 1146 κλήρου
942 1073 1131 1146 κύρια,
1175 1073 1357 1145 πολλῷ
1394 1074 1595 1145 μᾶλλον
1632 1073 1698 1126 τὰ
1724 1071 1818 1125 τοῦ

224 1165 393 1230 Θεοῦ,
430 1169 564 1221 ὅταν
594 1170 623 1222 ό
642 1167 777 1232 Θεὸς
803 1167 1086 1238 κληρώσῃ.
1116 1168 1208 1220 Δεῖ
1230 1168 1288 1221 δὲ
1314 1167 1409 1220 καὶ
1445 1166 1538 1220 τὸν
1563 1165 1821 1219 ποιοῦντα

225 1259 615 1328 άπροσπαθῶν
644 1262 664 1292 ²
686 1262 882 1315 ποιεῖν.
907 1260 1079 1314 Τοῦτο
1109 1258 1217 1329 γὰρ
1243 1259 1464 1329 κλῆρος,
1505 1257 1580 1327 μὴ
1604 1258 1663 1311 δν
1695 1256 1821 1326 βού-

224 1349 383 1401 λεται
405 1349 595 1413 αὐτὸς,
624 1349 744 1402 ἀλλ’
798 1349 859 1403 ὃν
889 1351 922 1420 ἡ
956 1353 1118 1420 χάρις
1167 1347 1402 1401 δίδωσιν.
1426 1345 1571 1409 Ἕως
1605 1346 1703 1416 μὲν
1729 1345 1823 1399 οὖν

226 1442 560 1511 Πνεύματος
574 1443 792 1514 ἄμοιροι
808 1438 949 1513 ἦσαν
973 1443 1024 1495 οἱ
1042 1439 1354 1504 ἀπόστολοι,
1378 1440 1565 1508 κλήρῳ
1587 1440 1654 1491 τὰ
1681 1437 1792 1508 πρά
1812 1466 1824 1477 ο

224 1550 426 1602 γματα
467 1535 770 1605 ἐπέτρεπον
796 1551 810 1566 ο
862 1534 1094 1605 ὕστερον
1146 1532 1207 1586 δὲ
1246 1532 1339 1585 καὶ
1379 1531 1457 1599 τῷ
1485 1529 1699 1598 πλήθει,
1728 1529 1824 1583 καὶ

224 1625 290 1692 τῇ
328 1622 520 1694 οῖκεία
548 1624 753 1695 χάριτι.
785 1622 1009 1693 Ἐπειδὴ
1039 1621 1095 1676 δὲ
1133 1621 1350 1674 πολλῶν
1407 1621 1579 1674 όντων
1615 1620 1825 1682 πάντας

225 1713 576 1784 κληροῦσθαι
600 1717 704 1770 οὐκ
730 1715 834 1783 ενι,
866 1715 1096 1778 εἰκότως
1120 1715 1188 1767 ὲκ
1210 1711 1424 1767 πολλῶν
1447 1712 1664 1780 ὀλίγους
1697 1711 1820 1763 ἑπι-

227 1804 535 1873 λεγόμεοα.

1923 899 2047 941 sors
2093 890 2301 954 valuit,
2348 894 2493 962 quod
2538 902 2686 949 recta
2738 898 3046 952 intentione
3095 898 3281 964 fleret;
3331 898 3504 952 multo

1922 979 2098 1049 magis
2133 979 2222 1035 hic
2255 984 2453 1038 merito
2485 986 2716 1055 replevit
2743 989 2997 1052 chorum,
3024 999 3079 1044 et
3108 990 3356 1044 ordinem
3383 1005 3507 1058 per—

1923 1068 2074 1134 fecit,
2107 1071 2202 1142 qui
2233 1074 2333 1129 hac
2365 1077 2580 1131 ratione
2615 1087 2950 1134 monstratus
2981 1082 3102 1136 fuit.
3135 1080 3319 1147 Quare
3339 1095 3506 1149 oporo

1924 1170 2000 1217 tet
2047 1179 2492 1238 unumquemque
2543 1176 2728 1226 tenere
2792 1172 3007 1240 locum,
3058 1191 3221 1245 quem
3273 1176 3505 1230 sortitus

1924 1261 2040 1321 est,
2080 1272 2146 1311 ac
2177 1274 2277 1315 nec
2297 1262 2399 1316 sibi
2429 1279 2730 1331 procurare
2778 1266 2910 1338 (non
2933 1267 3076 1320 enim
3110 1282 3232 1322 sors
3258 1267 3310 1321 id
3335 1266 3502 1336 esset)

1926 1363 2029 1402 nec
2070 1349 2325 1420 refugere
2356 1372 2503 1422 eum,
2535 1359 2627 1428 qui
2658 1358 2818 1412 datus
2852 1367 2956 1414 est.
2989 1357 3045 1413 Si
3080 1360 3226 1415 enim
3263 1368 3377 1413 rata
3409 1360 3507 1413 ha-

1925 1437 2125 1495 bentur
2145 1481 2158 1506 ,
2207 1459 2329 1513 quae
2360 1456 2491 1503 sunt
2517 1463 2546 1503 a
2588 1458 2759 1516 sorte,
2786 1450 2959 1506 multo
2994 1452 3166 1520 magis
3186 1464 3307 1520 qum
3334 1464 3363 1503 a
3396 1449 3507 1504 Deo

1928 1540 2079 1597 sunt,
2116 1548 2213 1588 seu
2244 1550 2370 1592 eum
2408 1541 2549 1597 Deus
2578 1542 2750 1613 eligit.
2786 1540 3023 1599 Necesse
3052 1558 3188 1598 vero
3222 1550 3326 1605 est,
3365 1550 3423 1596 ut
3452 1549 3507 1596 et

1927 1622 1996 1687 is,
2040 1625 2133 1694 qui
2179 1628 2365 1699 eligit,
2414 1631 2466 1687 id
2515 1635 2635 1690 sine
2668 1636 2906 1706 partium
2953 1634 3138 1691 studio
3183 1636 3368 1689 faciat.
3414 1633 3506 1688 Illa

1929 1716 2074 1771 enim
2117 1733 2241 1775 vera
2266 1737 2390 1780 sors
2418 1734 2521 1791 est,
2552 1743 2662 1782 non
2700 1743 2863 1797 quam
2899 1730 3014 1781 vult
3047 1729 3186 1797 ipse.
3218 1719 3311 1781 sed
3344 1740 3506 1795 quam

1932 1807 2105 1875 gratia
2139 1812 2475 1870 moderatur.
2508 1819 2753 1888 Apostoli
2786 1822 2972 1889 igitur,
3010 1828 3304 1887 antequam
3336 1815 3510 1884 Spiri-

231 1911 349 1955 tum
374 1909 635 1955 sanrtum
670 1898 998 1969 reciperent,
1033 1904 1184 1954 sorte
1217 1899 1435 1968 negotia
1471 1895 1831 1951 administrab

1958 1911 2192 1969 :postea
2254 1924 2382 1963 vero
2420 1918 2472 1964 et
2511 1910 2895 1974 tntiltittnline,
2966 1921 3020 1966 et
3090 1909 3312 1980 propria
3383 1912 3512 1978 ἕνθ’

232 1998 328 2050 ιτο.
384 1994 665 2063 Quoniam
709 2007 880 2063 vero,
926 1996 1153 2067 quando
1199 1992 1358 2077 multi
1403 2004 1534 2050 sunt
1561 2032 1578 2058 ,
1637 1990 1831 2049 ouines

1938 2003 2014 2050 ιἰε
2039 2001 2289 2070 accipere
2322 2022 2431 2061 non
2462 2008 2612 2072 licet,
2644 2008 2772 2065 hinc
2802 2016 2948 2063 recte
2980 2023 3045 2062 ex
3123 2005 3309 2061 multis
3374 2019 3510 2074 pau-

236 2105 338 2147 cos
372 2089 687 2158 seligimus.

849 2180 1106 2237 ΚΕΦΑΛ.
1145 2177 1223 2235 1".

234 2277 377 2345 Περὶ
413 2273 530 2345 τῆς
566 2276 732 2341 θείας
771 2275 880 2331 τοῦ
909 2276 1083 2346 ἁγίου
1126 2274 1473 2345 Πνεύματος
1527 2264 1830 2339 ἐπιφοιτήν

304 2386 475 2437 σεως
508 2368 585 2439 τῇ
622 2366 814 2439 ἡμέρᾳ
839 2367 970 2438 ’τῆς
1018 2365 1452 2440 Πεντηκοστῆς
1504 2363 1832 2438 γενομένης

308 2463 403 2530 εις
434 2461 580 2529 τοὺς
606 2462 1015 2529 ἀποστόλους.

578 2616 583 2623 ί
628 2551 888 2623 Κυριακὴ
912 2554 1016 2621 τῆς
1059 2551 1462 2623 Πεντηκοστῆς.

848 2642 1241 2699 KEIMENON.

312 2735 427 2792 Καὶ
456 2738 519 2791 ἐν
543 2735 623 2807 τῷ
655 2734 1111 2807 συμπληροῦσθαι
1136 2734 1236 2807 τὴν
1265 2735 1482 2808 ἡμέραν
1496 2735 1598 2806 τῆς
1623 2737 1832 2804 Πεντη··

244 2834 479 2901 κοστῆς,
517 2825 656 2901 ἦσαν
698 2828 937 2892 ἅπαντες
969 2829 1019 2882 οἱ
1050 2828 1341 2884 ἀπόστολοι
1369 2828 1717 2900 ὁμοθυμαδὸν
1739 2829 1833 2881 ἐπὶ

246 2922 306 2976 τὸ
333 2921 497 2976 αὐτό.
529 2921 642 2975 Καὶ
682 2921 901 2991 ἐγένετο
960 2919 1118 2991 ἄφνω
1162 2923 1227 2975 ὲκ
1258 2920 1353 2975 τοῦ
1407 2922 1639 2993 ούρανοῦ
1676 2916 1829 2991 ἦχος.

247 3014 443 3084 ὥσπερ
499 3013 808 3085 φερομένης
859 3013 1029 3082 πνοῆς
1079 3010 1281 3082 βιαίας.
1349 3012 1460 3066 Καὶ
1516 3011 1835 3084 ἐπλήρωσεν

236 3106 370 3175 κδλον
405 3107 502 3160 τὸν
550 3103 697 3160 οἷκον
755 3098 817 3159 οὗ
846 3100 985 3178 ἦσαν
1031 3105 1356 3179 καθήμενοι.
1423 3103 1532 3158 Καὶ
1571 3102 1834 3173 ὤφθησαν

251 3203 438 3265 αὐτοῖς
461 3198 907 3272 διαμεριζόμενοι
931 3199 1176 3270 γλῶσσαι
1199 3199 1331 3255 ὡσεὶ
1358 3197 1548 3270 πυρός.
1579 3197 1833 3253 Ἐκάθισὲ

251 3313 307 3348 τε
350 3298 442 3364 ἐφ’
473 3297 571 3350 ἕνα
602 3296 836 3349 ἕκαστον
870 3294 1073 3349 αὐτῶν.
1112 3293 1225 3347 Καὶ
1277 3292 1632 3363 ἐπλήσθησαν
1660 3292 1835 3346 ἃπαν-

252 3404 340 3450 τες
376 3387 701 3457 ηνεύματος
735 3386 914 3455 ἁγίου,
970 3385 1081 3439 καῖ’
1116 3383 1351 3455 ἤρξαντο
1400 3384 1584 3436 λαλεῖν
1610 3382 1833 3452 ἑτέραις

252 3480 557 3548 γλώσσαις,
594 3478 774 3541 καθὼς
799 3478 861 3532 τὸ
887 3476 1113 3548 Πνεῦμα
1143 3476 1315 3530 ἐδίδου
1346 3474 1529 3537 αὐτοῖς
1551 3473 1834 3542 ἁποερθέγ-
1860 3515 1905 3578 C

252 3570 473 3638 γεσθαι.
503 3565 686 3623 Ἦσαν
711 3568 767 3622 δὲ
789 3570 846 3622 ἐν
883 3568 1245 3641 Ἰερουσαλὴμ
1287 3566 1665 3628 κατοικοῦντες
1694 3565 1833 3618 ’1ου-

251 3663 396 3717 διῖοι
460 3662 652 3733 ἄνδρες
693 3660 939 3724 εὐλαϐεῖς
995 3661 1106 3716 ἀπὸ
1148 3661 1348 3725 παντὸς
1383 3659 1570 3723 ἔθνους
1593 3658 1701 3710 τῶν
1731 3657 1835 3711 ὑπὸ

251 3756 344 3809 τὸν
373 3754 628 3828 οὐρανόν.
656 3754 961 3824 Γενομένης
991 3753 1046 3806 δὲ
1091 3755 1189 3823 τῆς
1211 3756 1394 3825 φωνῆς
1444 3752 1669 3822 ταύτης,
1712 3770 1839 3806 συν-

252 3844 463 3914 sunt
481 3844 701 3914 πλῆθος,
731 3845 825 3896 καὶ
850 3842 1138 3913 συνεχύθη,
1167 3843 1248 3896 ὅτι
1272 3844 1472 3914 ἢκουον
1497 3837 1578 3906 εἷς
1608 3842 1836 3907 ἕκαστος

255 3941 324 4010 τῇ
372 3937 483 4009 ίδξα
522 3936 788 4009 διαλέκτῳ
846 3934 1151 3993 λαλούντων
1198 3937 1397 3991 αὐτῶν.
1437 3937 1750 4002 Ἐξεσταντο
1780 3937 1837 3990 δὲ

256 4032 485 4096 πάντες,
520 4029 619 4083 καὶ
640 4028 950 4099 ἐθαύμαζον
974 4028 1223 4097 λέγοντες
1243 4028 1379 4100 πρὸς
1407 4028 1672 4100 ἀλλήλους
1689 4045 1702 4059 ’
1723 4029 1837 4084 Ούκ

258 4125 372 4177 ἰδοὺ
403 4122 606 4185 πάντες
629 4114 776 4175 οὗτοί
801 4123 941 4175 εἰσιν
972 4122 1023 4175 οί
1056 4121 1346 4185 λαλοῦντες
1374 4120 1684 4189 Γαλιλαῖοι;
1725 4123 1839 4176 Καὶ

256 4215 380 4278 πῶς
414 4216 578 4287 ἡμεῖς
606 4213 1123 4286 άκούομενέκαστος
1145 4217 1211 4286 τῇ
1250 4214 1357 4286 ίδία
1388 4214 1656 4283 διαλέκτῳ
1682 4218 1711 4284 ἡ
1721 4213 1838 4284 μῶν

255 4310 313 4362 ὲν
353 4301 830 4382 ᾖὲγεννήθημενς
880 4308 1122 4379 Πάρθοι,
1161 4310 1258 4362 καὶ
1297 4307 1509 4376 Μῆδοι,
1549 4310 1646 4361 καὶ
1684 4306 1840 4360 Ἐλα-

259 4404 439 4472 μῖται,
496 4403 593 4455 καὶ
644 4402 696 4456 οἱ
761 4400 1147 4466 κατοικοῦντες
1194 4400 1295 4473 τὴν
1355 4400 1835 4472 Μεσοποταμίαν,

268 4494 533 4549 Ἰουδαίαν
557 4512 619 4548 τε
654 4495 751 4549 καὶ
804 4493 1227 4558 Καππαδοκίαν,
1277 4495 1477 4548 Πόντον
1506 4512 1567 4548 τε
1601 4495 1697 4549 καὶ
1741 4494 1841 4564 τὴν

268 4568 487 4649 Ἀσίαν,
511 4586 756 4657 Φρυγίαν
779 4602 840 4639 τε
885 4585 981 4640 καὶ
1024 4584 1375 4656 Παμφυλίαν,
1415 4586 1713 4656 Αῖγυπτον,
1746 4586 1840 4638 καὶ

259 4678 329 4731 τὰ
357 4678 499 4750 μέρη
531 4678 630 4749 τῆς
655 4678 864 4750 Λιϐύης
894 4678 996 4751 τῆς
1025 4677 1168 4733 κατὰ
1204 4679 1487 4751 Κυρήνην,
1519 4680 1616 4733 καὶ
1652 4680 1841 4750 ὲπιδη-
1878 4694 1881 4699 ·

265 4769 498 4840 μοῦντις
563 4772 857 4841 Ῥωμαῖοι,
898 4771 1142 4825 Ἰουδαῖοί
1209 4788 1270 4825 τε
1313 4771 1409 4826 καὶ
1462 4771 1836 4843 προσήλυτοι,

259 4865 503 4934 Κρῆτες,
551 4868 647 4918 καὶ
678 4864 942 4933 Ἄραϐες,
966 4863 1243 4937 ἀκούομεν
1296 4862 1604 4920 λαλούντων
1660 4866 1840 4920 αὐτῶν
1877 4870 1919 4925 D

259 4961 380 5023 ταῖς
402 4959 701 5030 ἡμετέραις
726 4959 1005 5030 γλώσσαις
1026 4961 1095 5015 τὰ
1131 4961 1392 5033 μεγαλεῖα
1421 4960 1516 5016 τοῦ
1539 4959 1698 5016 Θεοῦ.

862 5051 1245 5106 ΕΡΜΗΝΕΙΑ.

337 5143 620 5204 Τουτέστι,
650 5140 760 5214 [ού]
792 5143 898 5215 πρὸ
925 5143 1026 5213 τῆς
1058 5144 1458 5216 Πεντηκοστῆς,
1492 5143 1675 5218 [ἀλλὰ]
1709 5147 1838 5217 περὶ

265 5235 456 5301 αὐτὴν,
489 5234 566 5296 ὡς
590 5235 787 5298 εἰπεῖν,
820 5235 922 5306 τὴν
950 5236 1142 5307 ἑορτήν
1164 5236 1364 5290 ’.Ἔδει
1386 5237 1496 5309 γὰρ
1523 5238 1716 5309 ἑορτῆς
1750 5238 1841 5293 οῦ-

1859 2175 1907 2235 Β

2516 2186 2746 2242 CAPUT
2786 2184 2878 2243 111.

1934 2274 2012 2330 De
2044 2277 2223 2332 divino
2274 2278 2509 2348 Spiritu:
2564 2282 2747 2334 sanclt'
2806 2283 2862 2334 in
2936 2279 3206 2350 apostolos
3256 2277 3510 2331 descensu

2488 2371 2575 2426 die
2608 2370 2960 2428 Pentecosm.

2382 2543 2664 2599 Dominiea
2697 2543 3063 2599 Pentecostes.

2562 2648 2865 2704 TEXTllS.

2007 2743 2069 2807 Il,
2099 2744 2250 2798 i-H.
2283 2743 2346 2797 Et
2375 2758 2498 2797 cum
2538 2744 2947 2812 cmnplerentur
2967 2741 3084 2796 dies
3115 2739 3472 2795 Pentecostes
3493 2778 3507 2801 .

1936 2846 2093 2890 erant
2136 2852 2326 2891 omnes
2365 2838 2569 2904 pariter
2603 2834 2653 2888 in
2686 2834 2875 2891 eodem
2913 2834 3056 2889 loco.
3100 2830 3167 2886 Et
3206 2829 3383 2885 factus
3429 2838 3513 2883 est

1936 2938 2161 2997 repente
2179 2927 2245 2982 de
2273 2929 2414 2982 emlo
2432 2943 2621 2990 sonus,
2635 2935 2895 2996 tanquam
2922 2923 3265 2980 advenientis
3287 2920 3515 2992 spiritus

1935 3018 2297 3080 vehementis,
2335 3028 2389 3072 et
2413 3018 2640 3082 replevit
2671 3025 2841 3069 totam
2872 3016 3093 3070 domum
3129 3014 3217 3069 ubi
3244 3022 3401 3068 erant
3424 3026 3513 3065 se-

1936 3111 2150 3166 dentes.
2178 3109 2245 3164 Et
2283 3096 2655 3180 apparuei’unt
2693 3111 2802 3164 illis
2837 3108 3139 3179 dispertin
3164 3107 3362 3176 lingua:
3394 3114 3515 3158 tan~

1936 3220 2101 3274 quam
2152 3205 2328 3272 ignis,
2376 3203 2626 3274 seditque
2670 3216 2836 3270 supra
2890 3200 3136 3272 singulos
3192 3213 3403 3255 eorum.
3449 3194 3516 3249 Et

1935 3297 2127 3365 repleti
2178 3303 2307 3350 sunt
2358 3309 2551 3351 omnes
2600 3294 2809 3364 Spiritu
2856 3302 3085 3355 sancto,
3134 3299 3189 3346 et
3233 3295 3516 3357 cmperunt

1937 3388 2087 3459 loqui
2125 3387 2291 3443 variis
2332 3387 2567 3457 linguis,
2614 3396 2776 3456 prout
2819 3384 3061 3455 Spiritus
3096 3389 3321 3436 sanctus
3349 3379 3517 3434 dabat

1937 3481 2119 3551 eloqui
2159 3481 2288 3537 illis.
2333 3480 2505 3535 Erant
2545 3490 2726 3534 autem
2762 3478 2816 3532 in
2855 3476 3166 3532 Jerusalem
3204 3473 3516 3528 habitantes

1937 3570 2134 3636 Judzei,
2174 3570 2275 3625 viri
2305 3570 2546 3640 religiosi
2576 3586 2642 3624 ex
2673 3569 2821 3624 omni
2857 3569 3077 3623 natione
3099 3581 3220 3636 quae
3244 3564 3349 3619 sub
3372 3564 3514 3618 coelo

1937 3672 2044 3721 est.
2070 3663 2234 3719 Facta
2268 3672 2448 3741 autem
2492 3662 2593 3718 hac
2639 3677 2772 3717 voce
2829 3661 3084 3716 convenit
3112 3656 3424 3722 multitudo,
3460 3664 3514 3711 et

1937 3766 2120 3814 mente
2143 3757 2375 3813 confusa
2411 3766 2526 3824 est,
2556 3755 2813 3828 quoniam
2846 3752 3104 3808 audiebat
3134 3750 3513 3819 unusquisque

1936 3853 2120 3925 lingua
2152 3867 2249 3907 sua
2276 3851 2401 3907 illos
2426 3851 2729 3921 loquentes.
2756 3846 3055 3919 Stupebant
3086 3853 3267 3899 autem
3326 3857 3515 3897 omnes

1938 3952 1994 4000 et
2027 3943 2402 4011 mirabantur,
2445 3944 2692 3998 dicentes
2722 3960 2734 3995 :
2770 3938 2963 3993 Nonne
3002 3952 3133 3992 ecce
3167 3949 3360 3989 omnes
3395 3932 3512 3995 isti,
3600 3926 3605 3929 ’

1938 4037 2034 4109 qui
2074 4037 2404 4107 loquuntur,
2436 4034 2643 4090 Galilari
2677 4032 2831 4089 sunt?
2871 4030 2935 4085 Et
2972 4027 3248 4097 quomodo
3278 4041 3379 4080 nos
3412 4038 3513 4076 au-
3628 4074 3635 4079 .

1940 4130 2183 4185 divimus
2218 4126 2599 4198 unusquisque
2627 4125 2864 4198 linguam
2899 4130 3167 4182 nostram,
3190 4118 3244 4171 in
3272 4131 3379 4186 qua
3404 4114 3514 4168 nati

1943 4221 2183 4278 sumus?
2211 4196 2401 4274 Parthi
2432 4258 2447 4283 ,
2474 4226 2528 4272 et
2559 4216 2726 4278 Medi,
2760 4224 2814 4271 et
2847 4196 3117 4273 Elamitm,
3150 4218 3205 4263 et
3236 4208 3329 4277 qui
3363 4205 3517 4260 habi-

1944 4326 2065 4372 tant
2152 4314 2642 4385 Mesopotamiam,
2690 4310 2934 4365 Judzeam
2987 4316 3039 4361 et
3089 4302 3514 4374 Cappadociam,

1941 4409 2176 4464 Pontum
2250 4418 2302 4462 et
2349 4404 2567 4465 Asiam,
2630 4403 2920 4473 Phrygiam
2985 4406 3041 4451 et
3124 4392 3514 4473 Pamphyliam,

1942 4486 2238 4571 Egyptnnt
2274 4505 2329 4552 et
2357 4505 2541 4567 partes
2577 4493 2758 4564 Libya:
2785 4505 2907 4562 quae
2943 4496 3027 4543 est
3057 4488 3203 4542 circa
3243 4485 3514 4554 Cyl-enm,

1943 4596 1999 4645 et
2020 4589 2244 4643 advenae
2277 4586 2527 4641 Ronuani.
2561 4583 2731 4639 Judaei
2789 4595 3006 4652 quoque
3048 4586 3103 4634 et
3139 4576 3295 4647 197
3332 4588 3519 4642 prose-

1944 4679 2070 4751 lyti,
2101 4678 2319 4741 Cretes,
2362 4686 2417 4733 et
2471 4676 2680 4730 Arabes
2730 4693 2744 4729 :
2781 4672 3034 4729 audimus
3078 4683 3174 4726 eos
3237 4667 3521 4736 loquentes
3618 4707 3623 4712 .

1947 4773 2152 4830 nostris
2180 4771 2385 4843 linguis
2416 4768 2683 4840 :nagnalia
2724 4767 2841 4823 Dei.

2447 5036 3019 5098 COMMENTARIUS.

2023 5144 2138 5200 Hoc
2169 5150 2272 5205 est,
2303 5155 2412 5195 non
2444 5144 2570 5191 ante
2602 5152 2621 5187 ι
2651 5135 3032 5194 Ρειιιεοοειεο,
3088 5147 3107 5181 ι
3143 5128 3238 5183 sed
3268 5127 3409 5182 circa
3435 5126 3523 5196 ip-

1951 5256 2091 5306 sam,
2127 5249 2186 5292 ut
2214 5235 2291 5290 ita
2330 5232 2531 5295 dicam,
2561 5228 2936 5284 festivitatem.
2998 5221 3235 5277 Deeebat
3266 5223 3432 5284 enim,
3468 5231 3525 5273 ut

268 5342 366 5394 σης
403 5324 580 5378 ταῦτα
607 5323 874 5392 γίνεσθαι,
903 5324 990 5377 ἵνα
1014 5325 1065 5377 οἱ
1092 5326 1358 5394 παρόντες
1384 5326 1464 5397 τῷ
1502 5329 1720 5399 σταυρῷ
1745 5329 1833 5384 τοῦ

1954 5336 2056 5390 ista
2092 5330 2288 5387 festivo
2328 5334 2576 5396 tempore
2609 5320 3010 5389 contingerent,
3054 5322 3111 5369 ut
3180 5314 3274 5384 qui
3318 5311 3522 5368 Christi

267 5417 506 5486 Χριστοῦ
550 5419 715 5472 πάλιν
780 5416 1089 5472 καὶταῦτα
1143 5417 1346 5472 ἴδωσιν.
1390 5419 1609 5492 Ἐπειδὴ
1662 5424 1833 5477 τοίνυν

1954 5420 2296 5482 crueilixioni
2344 5426 2638 5489 praesentes
2689 5414 2923 5472 fuerant,
2958 5410 3065 5464 ista
3112 5419 3328 5477 quoque
3372 5403 3526 5457 vide—

266 5505 323 5558 ιν
352 5507 417 5577 τῇ
443 5505 631 5577 ἡμέρᾳ
660 5507 760 5577 τῆς
784 5503 1165 5575 Πεντηκοστῆς
1217 5505 1373 5578 ἐδόθη
1406 5508 1434 5562 ό
1468 5509 1633 5579 νόμος
1655 5512 1683 5563 ό
1738 5527 1833 5565 πα-

1954 5527 2094 5574 rent.
2125 5513 2397 5583 Quoniam
2425 5511 2592 5581 igitur
2628 5505 2717 5561 die
2743 5503 3101 5559 Pentecostes
3133 5499 3215 5553 lex
3252 5504 3412 5553 vetns
3441 5502 3526 5550 est

267 5596 439 5664 λαιὸς,
472 5597 595 5651 κατ’
620 5596 791 5668 αὐτὴν
818 5597 925 5651 ἔδει
957 5596 1176 5667 δοθῆναι
1215 5598 1314 5667 τὴν
1344 5599 1437 5652 τοῦ
1472 5600 1629 5668 ἁγίου
1664 5605 1833 5658 Ilvati-

1951 5612 2100 5674 data,
2125 5620 2431 5678 congruum
2468 5610 2610 5667 erat,
2643 5608 2700 5654 ut
2732 5595 2921 5652 eadem
2964 5592 3053 5648 die
3079 5591 3319 5660 Spiritus
3350 5588 3523 5644 sancti

272 5704 434 5755 ματος
465 5688 667 5761 χάριν·
722 5690 818 5742 καὶ
872 5688 960 5741 ἵνα
1004 5688 1192 5759 δειχθῇ
1254 5689 1558 5760 ἀδιαίρετος
1590 5695 1623 5761 ἡ
1678 5695 1833 5764 φύσις

1951 5702 2126 5775 gratia
2157 5701 2381 5755 daretur
2407 5714 2423 5750 :
2455 5710 2518 5749 ac
2548 5699 2808 5764 prazterea
2840 5695 2897 5742 ut
2944 5686 3142 5740 divinae
3172 5692 3364 5737 natura
3396 5681 3525 5775 sull-

269 5781 362 5851 τῆς
387 5780 739 5843 ὑποστάσεως
758 5780 860 5851 τῆς
887 5780 1096 5851 θεῖκῆς,
1134 5784 1194 5836 ὲν
1224 5782 1432 5855 Παλαιᾷ
1462 5787 1555 5840 καὶ
1575 5786 1714 5857 Νέᾳ,
1748 5792 1833 5841 καὶ

1946 5770 2160 5851 stantia!
2186 5787 2567 5846 ostenderetur
2602 5782 2878 5839 indivisa:
2916 5779 3117 5849 quippe
3142 5791 3267 5847 qua:
3318 5783 3428 5827 tunc
3465 5770 3521 5824 in

269 5871 547 5944 διαφόροις
572 5873 784 5943 χρόνοις
807 5872 935 5943 μίαν
994 5873 1338 5945 ἐργαζομένη
1373 5877 1470 5939 τὴν
1522 5882 1833 5949 συμφωνίαι

1953 5883 2151 5949 Veteri,
2188 5891 2303 5936 tum
2338 5879 2391 5933 in
2420 5875 2570 5934 Novo
2608 5873 2857 5940 Fmdere,
2893 5887 2954 5927 ae
2980 5870 3214 5927 diversis
3264 5861 3523 5934 tempori-

1432 5997 1632 6059 νειοῖο)
1682 5999 1986 6066 lecliones
2032 6006 2089 6087 et
2136 6003 2325 6060 notw.

335 6092 356 6125 τ
386 6093 472 6148 ίσ.
520 6092 905 6166 ἀπροσπαθῶς.
986 6092 1005 6124 ³
1034 6095 1433 6168 Πεντηκοστὴν.
