3848 6536
163 396 251 461 8ῖ3
780 391 1319 457 EXPOSITIONIS
1355 395 1434 456 IN
1466 396 1653 457 ACTA
1696 397 1997 460 TEXTUS
2030 397 2298 458 ALTER.
2328 419 2398 430 --
2435 395 2591 455 CAP.
2634 394 2711 454 Ιῐ.

3263 398 3368 462 8ἷ4

160 532 243 585 οὐκ
306 523 366 597 ἦν
413 522 654 587 ἀντίθεος
714 523 743 577 6
804 523 1060 592 Χριστὸς,
1138 525 1251 579 ἀλλ’
1312 525 1425 590 ίσος
1473 525 1551 580 ὢν
1600 527 1695 581 καὶ

1804 505 2273 572 rctimbecillitati,
2308 512 2361 561 et
2388 518 2697 560 sermonem
2726 520 2883 563 suum
2976 505 3226 564 redderet
3254 509 3373 567 faci-

161 619 421 691 ὁμοούσιος,
453 615 546 670 καὶ
576 613 878 686 ἀχιῦριττος
912 615 1013 685 τῆς
1038 617 1225 682 οὐσίας
1254 617 1347 672 τοῦ
1378 618 1588 688 Πατρὸς
1616 617 1694 682 ὡς

160 715 281 776 Υἱδς,
351 711 440 764 καὶ
514 711 653 779 μετὰ
719 708 780 762 τὸ
850 710 1104 777 γενέσθαι
1174 712 1484 783 ἄνθρωπος,
1534 711 1694 791 ,οὐδὲν

159 809 389 876 ἐνήργησε
443 803 549 865 τῶν
600 804 936 877 θεοπρεπῶν,
991 807 1119 861 ἄνευ
1174 807 1278 878 τῆς
1325 807 1420 861 τοῦ
1480 806 1695 877 Πατρός

158 899 340 959 οὐσίας’
377 895 505 947 ἀλλὰ
538 895 702 965 συνῆν
727 895 877 967 αὐτῷ
904 898 992 950 ἀεὶ
1023 897 1118 952 καὶ
1172 898 1433 970 συνήργει
1494 898 1695 963 πάντα,

158 992 219 1054 ὡς
256 990 344 1041 οὐκ
396 986 657 1051 ἀντίθεος,
712 988 829 1042 ἀλλ’
880 989 1128 1061 δμοφυὴς
1182 976 1274 1045 καὶ
1333 990 1694 1062 ὀμοδύναμος.

162 1099 178 1132 ι
207 1081 271 1132 υύ
294 1079 388 1150 γὰρ
413 1078 593 1131 Δαεεδ.
635 1096 652 1128 ι
698 1078 982 1147 Ἐνταῦθα,
1022 1081 1123 1134 οὐκ
1169 1079 1251 1135 ἔτι
1298 1080 1419 1151 μεθ’
1469 1080 1698 1135 ὑποστο-

156 1172 235 1240 λῆς
292 1171 447 1238 λέγει,
502 1168 641 1240 ἔχων
690 1171 749 1223 τὸ
798 1171 906 1224 ἀπὸ
956 1169 1065 1225 τῶν
1116 1172 1421 1244 εἰρημένων
1474 1172 1695 1243 θάρσος,

155 1264 231 1315 καὶ
272 1261 327 1314 οὐ
358 1260 523 1327 λέγει,
557 1279 575 1312 ι
619 1260 768 1326 Ἐξὺν
826 1265 1021 1330 εἰπεῖν,
1061 1282 1079 1316 ι
1130 1266 1226 1317 καὶ
1278 1265 1377 1317 ὅσα
1431 1264 1695 1318 τοιαῦτα·

155 1350 266 1405 ἀλλὰ
322 1349 660 1423 θαρρούντως
689 1351 899 1417 λοιπὸν,
941 1355 1080 1425 μετὰ
1111 1354 1210 1427 τὴν
1256 1355 1351 1409 τοῦ
1381 1355 1698 1426 Πνεύματος

155 1442 291 1508 δόσιν,
364 1443 455 1496 καὶ
542 1443 675 1514 περὶ
761 1444 860 1514 τῆς
932 1447 1013 1509 είς
1078 1447 1308 1517 οὐρανὸν
1378 1446 1701 1517 ἀναλήψεως

155 1531 453 1600 διαλέγεταιο
519 1534 617 1586 καὶ
653 1533 753 1604 ούχ
807 1533 1013 1600 ἁπλῶς,
1059 1534 1196 1589 ἀλλὰ
1242 1536 1336 1589 καὶ
1396 1535 1561 1589 πάλιν
1609 1535 1700 1589 τὸν

159 1626 372 1695 μάρτυρα
399 1623 779 1694 παραγαγὼν,
822 1627 920 1679 καὶ
958 1625 1199 1690 ἐκείνους
1239 1627 1696 1698 ἀναμιμνήσκων,

157 1714 260 1783 περὶ
313 1709 366 1769 οὗ
405 1715 497 1766 καὶ
550 1714 580 1766 6
633 1714 867 1785 Χριστὸς
913 1711 1055 1769 εἷπε.
1114 1715 1277 1785 Λέγει
1327 1716 1438 1788 γὰρ
1495 1716 1698 1779 αὐτός’

1797 599 2023 663 liorem;
2076 607 2357 669 praeterea,
2396 604 2457 653 ut
2508 596 2821 654 ostenderet
2861 597 3139 654 Christum
3195 602 3373 657 nulla-

1802 702 1963 749 tenus
2026 692 2134 749 Deo
2168 691 2509 748 contrarium
2567 707 2711 758 esse,
2748 696 2864 760 sed,
2912 708 3037 750 eum
3064 695 3292 765 aequalis
3316 703 3376 750 et

1798 785 2290 841 consubstantialis
2349 793 2404 841 et
2444 784 2711 841 indivisus
2756 800 2787 840 a
2843 786 3153 842 substantia
3195 786 3375 844 Patris

1801 880 1873 932 sit
1948 886 2208 949 tanquam
2278 876 2485 946 Filius,
2552 880 2717 934 etiam
2771 891 3126 951 posteaquam
3194 881 3376 938 factus

1800 979 1885 1026 est
1941 972 2138 1036 homo,
2200 970 2337 1025 nihil
2404 986 2595 1028 eorum
2682 986 2804 1042 qua:
2876 971 3044 1026 Deum
3108 973 3375 1029 decebant

1803 1064 2011 1132 absque
2031 1062 2193 1117 Patre
2212 1068 2502 1132 nperatum
2533 1075 2690 1119 esse:
2726 1061 2822 1116 sed
2850 1076 3065 1132 semper
3094 1078 3218 1117 cum
3253 1064 3373 1134 ipso

1803 1170 1947 1218 esse,
1976 1163 2030 1208 et
2055 1154 2220 1211 simul
2256 1169 2379 1206 eum
2421 1156 2541 1224 ipso
2562 1154 2767 1220 omnia,
2801 1153 2950 1209 velut
3010 1154 3119 1210 Deo
3151 1157 3375 1211 minime

1806 1247 2170 1311 contrarium,
2188 1246 2284 1301 sed
2305 1246 2829 1302 consubstantialem
2866 1255 2919 1301 et
2943 1248 3189 1317 ejusdem
3211 1249 3372 1320 203

1805 1356 1930 1394 cum
1966 1341 2088 1410 ipso
2135 1340 2418 1409 potentiae,
2454 1339 2694 1410 operari.
2735 1356 2753 1390 ι
2786 1338 2901 1394 Non
2929 1340 3076 1394 enim
3111 1340 3300 1396 David.
3348 1359 3368 1392 ο

1806 1429 1928 1497 llic,
1964 1439 2185 1500 sumpto
2204 1429 2318 1500 jam
2351 1446 2418 1486 ex
2456 1431 2732 1502 praedictis
2760 1432 2967 1496 animo,
3011 1432 3151 1487 haud
3183 1433 3377 1489 timide

1806 1522 2071 1594 loquitur,
2094 1538 2272 1594 neque
2289 1523 2387 1591 ait,
2414 1542 2432 1575 ι
2455 1522 2643 1579 Liceat
2658 1522 2892 1587 dicere,»
2916 1523 2999 1577 vel
3016 1524 3144 1594 quid
3167 1525 3377 1593 simile;

1806 1618 1899 1673 sed
1958 1616 2314 1682 confidenter,
2359 1625 2652 1687 postquam
2712 1616 2842 1673 doni
2912 1617 3150 1688 Spiritus
3204 1618 3382 1673 sancti

1807 1708 2080 1773 meminit,
2103 1709 2273 1764 etiam
2305 1709 2373 1764 de
2406 1709 2730 1765 ascensione
2764 1711 2817 1764 in
2866 1711 3068 1766 coelum
3117 1709 3380 1767 disserit:

161 1824 176 1854 ι
198 1802 339 1858 Εἶπεν
372 1805 399 1859 6
421 1805 623 1876 Κύριος
656 1807 735 1878 τῷ
780 1808 970 1879 Κυρίῳ
996 1824 1097 1879 μου
1118 1825 1132 1840 ο
1166 1809 1349 1863 Κάθου
1403 1811 1467 1862 ὲκ
1512 1808 1695 1874 δεξιῶν

1807 1812 1860 1857 et
1879 1818 1987 1856 non
2013 1801 2232 1872 quidem
2264 1810 2568 1873 utcunque,
2597 1802 2693 1859 sed
2717 1818 2912 1858 rursus
2935 1812 3128 1858 testem
3180 1801 3386 1873 produc

1998 1902 2039 1912 ,,
2098 1892 2204 1912 ρης,
2265 1890 2328 1912 ,,.
2390 1892 2702 1912 μημηεη,
2776 1900 2992 1912 -,,,,,,.
3062 1891 3114 1912 ε,
3176 1892 3352 1912 ._-_-_.

159 1913 257 1965 μου,
298 1896 393 1959 ἕως
433 1897 499 1950 ἂν
547 1896 629 1950 θῶ
666 1900 794 1962 τοὺς
832 1899 1062 1970 ἐχθροὺς
1117 1917 1211 1954 σου
1252 1901 1540 1956 ὑποπόδιον
1587 1901 1695 1956 τῶν

1805 1893 1930 1957 cit,
1989 1902 2043 1948 et
2098 1892 2208 1947 illis
2262 1890 2331 1946 ad
2389 1892 2709 1973 memoriam
2776 1900 2997 1946 revocat
3062 1891 3115 1946 id
3175 1892 3379 1962 ipsum,

158 1986 301 2039 ποδῶν
326 2005 434 2041 σου.
481 2008 500 2040 ι
537 1988 806 2043 Ἐνταῦθα
844 1992 938 2044 καὶ
977 1990 1140 2060 φόϐον
1190 1992 1364 2062 μέγαν
1424 1992 1695 2062 ἐπέστησε

1805 1984 1950 2056 quod
2000 1984 2253 2041 Christus
2294 1984 2350 2039 in
2396 1982 2691 2056 Evangelio
2741 1984 2987 2053 protulit.
3050 1985 3139 2038 Ait
3184 1982 3376 2038 enim:

157 2073 426 2151 [καθάπερ]
468 2081 525 2133 ὲν
573 2083 645 2153 τῇ
679 2081 847 2152 ἀρχῇ.
895 2080 1078 2135 Εἰπὼν
1107 2081 1236 2152 γὰρ,
1286 2101 1305 2136 ι
1357 2083 1500 2146 Ἕως
1524 2081 1588 2136 ἂν
1621 2081 1695 2136 θῶ

1813 2098 1831 2131 ι
1869 2077 2016 2132 Dixit
2077 2076 2345 2133 Dominus
2399 2076 2631 2133 Domino
2691 2091 2812 2132 meo
2848 2092 2869 2135 τι
2916 2075 3057 2132 Sede
3105 2090 3137 2130 a
3169 2072 3382 2130 dextris

157 2168 255 2232 τοὺς
275 2170 487 2244 ἐχθρούς
516 2191 611 2227 σου
646 2172 935 2228 ὑποπόδιον
971 2174 1080 2229 τῶν
1112 2175 1286 2230 ποδῶν
1312 2193 1427 2239 σου,
1466 2194 1482 2227 ι
1519 2173 1695 2237 καλῶς

1810 2172 1968 2235 meis,
1996 2171 2171 2225 donec
2197 2183 2395 2238 ponam
2426 2170 2679 2224 inimicos
2702 2179 2825 2225 tuos
2845 2168 3145 2224 scabellum
3177 2166 3377 2238 pedum

156 2262 347 2316 ἐνταῦθα
372 2264 523 2336 ἔληξε
552 2264 809 2319 διασείων
832 2266 1013 2319 αὐτῶν
1056 2265 1153 2339 τὴν
1190 2266 1452 2323 διάνοιαν.

1814 2270 2036 2317 tuorum
2054 2260 2122 2314 ὀ.
2166 2278 2184 2312 ι
2212 2258 2313 2315 llic
2354 2275 2609 2332 pavorem
2655 2273 2916 2332 maguum
2943 2260 3129 2330 injecit
3152 2260 3294 2314 sicut
3322 2255 3380 2310 iu

164 2355 426 2425 principio;
452 2358 649 2417 dicens
680 2374 936 2430 namque,
974 2376 992 2411 ι
1030 2357 1215 2415 Donec
1248 2374 1446 2431 ponam
1485 2359 1737 2416 inimicos
1785 2365 1912 2411 tuos
1965 2354 2265 2413 scabellum
2310 2353 2506 2424 pedum
2555 2364 2809 2423 tuorum,
2845 2373 2864 2406 ι
2900 2353 3129 2425 pulchra
3147 2349 3383 2409 conclu-

159 2447 284 2502 sione
303 2464 424 2503 usus
445 2458 547 2516 est,
579 2450 832 2520 ipsorum
862 2458 1097 2507 mentem
1128 2452 1476 2508 concutiens.
2942 2516 2945 2517 ν

457 2540 535 2612 Τῇ
588 2543 820 2615 πέμπτῃ
869 2544 1319 2616 Διακαινησίμου.

2026 2539 2186 2596 Feria
2224 2540 2418 2611 quinta
2453 2538 2811 2595 hebdomadas
2859 2537 3166 2594 Paschalis.

157 2628 265 2693 Περὲ
318 2629 568 2697 πίστεως
630 2632 751 2685 τῶν
804 2635 1122 2703 παρόντων
1167 2634 1403 2706 καὶτῆς
1457 2635 1557 2691 διὰ
1583 2635 1692 2691 τοῦ

1804 2630 1879 2686 De
1908 2647 2089 2686 eorum
2118 2631 2210 2702 qui
2239 2630 2494 2687 astabant
2517 2629 2624 2699 ﬁde
2652 2640 2702 2685 et
2732 2629 2926 2694 salute,
2960 2644 3054 2697 per
3087 2626 3375 2697 baptisma.

407 2720 835 2792 βαπτίσματος
856 2723 1058 2779 αὐτῶν
1078 2728 1397 2796 σωτηρίας.

703 2814 1088 2872 ΚΕΙΜΒΝΟΝ.

233 2899 551 2968 Ᾱκούσαντες
580 2904 664 2966 δὲ.
701 2910 1087 2979 κατενύγησαν
1131 2911 1198 2981 τῇ
1256 2910 1479 2984 καρδίᾳ,
1539 2908 1692 2967 εἶπόν

159 3005 204 3041 τε
226 2993 345 3059 πρὸς
371 2994 457 3047 τὸν
519 2996 732 3067 Πέτρον
764 3000 860 3053 καὶ
900 3001 1028 3065 τοὺς
1055 3001 1279 3067 λοιποὺς
1314 3003 1644 3071 ἀποστόλους
1675 3021 1690 3035 ⁸

2446 2810 2745 2866 TEXTUS.

1866 2903 1936 2969 ll,
1978 2902 2172 2958 37-45.
2216 2900 2311 2957 llis
2353 2902 2592 2967 auditis,
2622 2900 2933 2971 compuncti
2997 2908 3124 2957 sunt
3184 2899 3374 2967 corde,

1792 3005 1847 3053 et
1887 2997 2142 3054 dixerunt
2192 2995 2258 3051 ad
2308 2992 2530 3051 Petrum
2563 3002 2620 3050 et
2647 2993 2714 3048 ad
2759 2993 3000 3065 reliquos
3051 2994 3377 3073 apostolos:

160 3080 211 3133 Ti
234 3084 529 3157 ποιήσομεν,
555 3089 754 3161 ἄνδρες
802 3091 1061 3163 ἀδελφοί;
1101 3094 1310 3165 Πέτρος
1339 3095 1396 3149 δὲ
1429 3095 1531 3169 ἔφη
1557 3097 1694 3169 πρὸς

1804 3087 1930 3157 Quid
1961 3087 2249 3155 faciemus,
2282 3086 2385 3141 viri
2444 3086 2682 3142 fratres?
2713 3086 2905 3141 Petrus
2953 3102 3080 3142 vero
3110 3086 3176 3142 ad
3206 3086 3328 3143 illos
3358 3101 3377 3140 :

162 3175 320 3241 αὐτούς
348 3194 363 3210 ’
392 3181 788 3252 Μετανοήσατε
819 3225 833 3250 ,
902 3185 999 3241 καὶ
1051 3185 1404 3259 βαπτισθήτω
1457 3188 1691 3253 ἕκαστος

1804 3182 2203 3246 Paenitentiam,
2238 3180 2433 3251 inquit,
2472 3179 2635 3249 agite,
2654 3187 2708 3237 et
2730 3178 3038 3251 baptizetur
3083 3182 3381 3252 unusquis-

162 3264 286 3320 δυῶν
337 3271 423 3325 ἐπὶ
448 3271 525 3344 τῷ
562 3250 794 3343 ὀνύματι
862 3250 1324 3349 ἸησοῦνΧριστού
1374 3280 1454 3344 είς
1496 3250 1692 3347 ἄφεσιν

1807 3291 1914 3345 que
1937 3288 2174 3330 vestrum
2202 3275 2257 3328 in
2276 3275 2493 3330 nomine
2512 3271 2642 3330 Jesu
2661 3274 2888 3339 Christi,
2911 3274 2964 3329 in
2991 3273 3376 3330 remissionem

162 3356 418 3429 ἁμαρτιῶν,
449 3367 541 3417 καὶ
572 3363 816 3435 λήψεσθε
849 3365 947 3438 τὴν
970 3366 1180 3439 δωρεὰν
1213 3367 1305 3422 τού
1329 3369 1484 3438 ἁγίου
1523 3370 1695 3425 meo.

1808 3379 2158 3438 peccatorum
2190 3376 2528 3430 vestrorum,
2565 3373 2621 3421 et
2652 3366 2938 3437 accipietis
2968 3366 3167 3420 donum
3192 3364 3374 3437 Spiri-

167 3465 317 3515 ματος.
352 3454 505 3526 Ὑμῖν
562 3458 680 3529 γάρ
716 3458 928 3532 ἐστινὴ
965 3460 1268 3530 ἐπαγγελία
1318 3463 1413 3516 καὶ
1470 3465 1581 3525 τοῖς
1610 3467 1695 3517 τὲ-

1808 3468 1894 3513 tus
1918 3458 2120 3514 sancti.
2163 3458 2329 3513 \‘obis
2360 3457 2506 3512 enim
2560 3464 2646 3513 est
2706 3457 3085 3527 repromissio,
3135 3465 3191 3512 et
3244 3457 3375 3512 fl!iis

164 3553 282 3602 κνοις
321 3544 483 3615 ὑμῶν,
534 3551 637 3602 καὶ
683 3551 819 3604 πᾶσι
860 3553 974 3615 τοῖς
1025 3555 1104 3615 είς
1169 3552 1408 3624 μακρὰν,
1445 3555 1605 3619 ὅσους
1630 3555 1695 3609 ἂν

164 3632 551 3715 ῇροσκαλέσηται
617 3637 877 3709 Κύριοςύ
916 3640 1050 3705 Θεὸς
1094 3643 1276 3713 ἡμῶν.
1345 3643 1588 3715 Ἑτέροις
1635 3663 1695 3700 τε

163 3714 307 3808 ξόγοις
338 3723 539 3780 πλείοσι
562 3729 996 3802 διεμαρτύρατο,
1020 3735 1119 3787 καὶ
1149 3735 1451 3808 παρεκάλει
1478 3714 1659 3806 λέγων
1679 3755 1694 3770 ·

97 3872 103 3877 ,
165 3805 342 3897 Σιῦθητε
371 3813 475 3868 ἀπὸ
506 3818 613 3889 τῆς
661 3822 855 3887 γενεᾶς
886 3822 1089 3893 ταύτης
1110 3822 1212 3891 τῆς
1234 3805 1473 3889 σκολιᾶς.
1501 3805 1566 3881 Oi
1598 3827 1697 3897 μὲν

162 3894 235 3952 οὖν
255 3904 484 3974 ἁσμένως
537 3910 937 3983 ὑποδεξάμενοι
988 3914 1265 3983 τὸνλόγον
1307 3916 1509 3981 αὐτῶν,
1562 3894 1695 3972 ἑδα-

164 3992 443 4066 πτίσθησαν,
470 4004 566 4057 καὶ
622 4005 1033 4075 προσετέθησαν
1056 4008 1123 4077 τῇ
1149 4007 1335 4080 ἡμέρᾳ
1382 4009 1565 4080 ἐκείνῃ
1589 4010 1697 4079 slu-

163 4084 236 4150 καὶ
295 4090 416 4143 ὡσεὶ
463 4094 789 4165 τρισχίλιαι.
841 4090 1027 4151 ἾΙσαν
1061 4098 1119 4152 δὲ
1153 4100 1696 4171 προσκαρτεροῦντες

163 4177 215 4263 τῇ
232 4176 399 4263 διδαχῇ
422 4186 528 4239 τῶν
559 4187 904 4255 ἀποστόλων,
953 4191 1047 4244 καὶ
1079 4193 1146 4263 τῇ
1200 4192 1480 4261 κοινωνίᾳ,
1512 4192 1606 4246 καὶ
1624 4193 1691 4262 τῇ

166 4261 317 4323 κλάσαι
337 4274 425 4326 τοῦ
461 4274 656 4346 ἄρτου,
683 4279 777 4332 καὶ
812 4281 933 4344 ταῖς
965 4261 1319 4352 προσευχαῖς.
1367 4281 1617 4350 Ἐγένετο
1637 4261 1694 4337 δὲ

168 4353 286 4445 ﬁt!!!
332 4358 467 4436 Ψυκῇ
516 4366 685 4437 φόσος
716 4384 755 4403 ’ν
782 4370 952 4425 πολλά
982 4388 1043 4425 τε
1092 4373 1298 4445 τέρατα
1361 4377 1457 4428 καὶ
1492 4377 1695 4445 σημεῖα

162 4439 231 4497 διὰ
251 4448 346 4504 τῶν
374 4455 691 4513 ἀποστόλων
717 4464 936 4529 ἐγένετο
962 4466 1021 4518 ὲν
1055 4439 1416 4536 Ἰερουσαλήμ

724 4553 1101 4611 ΕΡΜΗΝΕΙΔ.

1804 3548 2030 3613 vestris,
2062 3559 2115 3602 et
2172 3548 2427 3602 omnibus
2480 3547 2573 3617 qui
2610 3547 2768 3618 longe
2815 3556 2968 3615 sunt,
3016 3561 3379 3617 quoscunque

1806 3637 2152 3692 advocaverit
2210 3638 2469 3692 Dominus
2537 3637 2678 3692 Deus
2734 3646 2943 3692 noster.
3011 3637 3152 3694 Aliis
3208 3640 3373 3694 etiam

1806 3732 1991 3786 verbis
2055 3730 2307 3801 plurimis
2362 3730 2693 3785 testificatus
2738 3739 2843 3793 est,
2874 3739 2927 3784 et
2979 3730 3377 3787 exhortabatur

1804 3838 1900 3880 eos
1939 3824 2169 3879 dicens:
2226 3820 2530 3877 Salvamini
2594 3836 2624 3874 a
2656 3822 3007 3891 generatione
3046 3823 3150 3876 ista
3184 3838 3372 3892 prava.

1805 3912 1908 3981 Qui
1971 3930 2103 3986 ergo
2160 3922 2484 3985 receperunt
2541 3928 2849 3970 sermonem
2910 3914 3069 3983 ejus,
3113 3914 3376 3986 baptizati

1805 4020 1970 4063 sunt:
1996 4019 2051 4065 et
2080 4009 2343 4081 appositae
2372 4016 2504 4062 sunt
2542 4007 2632 4064 die
2666 4007 2756 4062 illa
2791 4006 2987 4061 animae
3024 4007 3246 4062 circiter
3272 4007 3376 4063 tria

1805 4101 1999 4155 millia.
2034 4100 2206 4155 Erant
2235 4111 2418 4155 autem
2467 4109 2891 4171 perseverantes
2921 4100 2974 4153 in
3033 4098 3289 4155 doctrina
3319 4110 3375 4156 et

1803 4193 2306 4248 communicatione
2368 4192 2656 4249 fractionis
2714 4194 2873 4263 panis
2920 4201 2974 4247 et
3005 4192 3373 4251 orationibus.

1802 4281 1992 4337 Fiebat
2020 4291 2202 4339 autem
2229 4284 2377 4339 omni
2412 4285 2611 4338 animae
2672 4285 2869 4339 timor:
2928 4286 3099 4339 multa
3158 4300 3375 4355 quoque

1803 4375 2052 4446 prodigia
2113 4384 2169 4431 et
2227 4376 2381 4446 signa
2459 4390 2558 4446 per
2612 4376 2894 4446 apostolos
2959 4378 3012 4431 in
3065 4377 3372 4433 Jerusalem

1804 4467 2023 4522 ﬂebant.
2698 4462 2701 4467 ’

2295 4556 2873 4616 COMMENTARIUS.

226 4626 543 4702 Ἀξιόπιστος
573 4640 603 4692 6
628 4638 785 4709 λόγος
826 4641 908 4713 (ἐξ
935 4638 1010 4697 ὧν
1062 4645 1226 4699 αὐτὸν
1264 4645 1502 4718 ἔλαϐον),
1555 4648 1695 4712 τέως

1877 4652 2009 4708 Fide
2035 4653 2234 4723 dignus
2258 4662 2377 4707 erat
2435 4668 2618 4709 sermo
2646 4653 2793 4717 Petri
2846 4668 2913 4707 ex
2944 4652 3011 4710 iis
3041 4669 3163 4722 qua:
3211 4664 3370 4710 antea

161 4714 206 4768 δὲ
225 4722 274 4773 τὸ
290 4723 496 4783 εὔκολον
523 4730 696 4800 λέγει,
733 4735 934 4805 πολλὴν
956 4734 1077 4807 ἔχον
1102 4738 1333 4810 δωρεὰν,
1370 4714 1468 4794 καί
1499 4758 1631 4795 ποτε
1651 4743 1695 4773 ¹⁸

165 4811 237 4865 ἐπὶ
264 4818 346 4873 τὸν
373 4822 483 4892 βίον
520 4827 664 4896 ἄγει.
710 4828 997 4894 ’Υπόθεσις
1041 4833 1147 4904 γὰρ
1179 4834 1363 4899 αὐτοῖς
1400 4833 1554 4890 ἔσται
1602 4835 1697 4889 καὶ

167 4908 336 4982 σπουδὴ
369 4915 425 4967 τὸ
454 4917 553 4989 ήδη
611 4919 914 4988 γεύσασθαι
969 4923 1080 4977 τῶν
1129 4924 1401 4980 τοσούτων
1453 4925 1696 4993 ἁγαθῶν;

173 4996 361 5076 Ἐπειδὴ
386 5008 441 5061 δὲ
468 5012 655 5067 ἐπόθει
686 5016 714 5068 6
742 5015 1047 5088 ἀκροατὴς,
1079 5017 1132 5069 τι
1154 5014 1225 5091 ἦν
1266 5018 1328 5072 τὸ
1349 5020 1455 5073 τῶν
1506 5020 1694 5074 πλειό-

164 5100 251 5181 Ῠωῗ
273 5092 437 5164 λόγων
467 5103 796 5171 κεφάλαιον·
833 5107 1006 5162 Τοῦτό
1046 5110 1183 5175 ἔστι,
1215 5109 1368 5180 φησὶ,
1400 5109 1579 5181 δωρεὰ
1600 5108 1695 5162 τοῦ

164 5176 292 5276 frti?”
334 5188 659 5261 Πνεύματος.
717 5199 826 5253 «Ol
877 5199 975 5269 μὲν
1038 5198 1152 5254 οὖν.
1192 5176 1568 5271 ι”Επῄνεσαν
1626 5200 1697 5252 τὰ

165 5274 403 5345 λεχθέντα,
453 5286 632 5342 καίτοι
695 5289 862 5361 φόϐου
905 5290 1145 5362 γέμοντα
1176 5332 1191 5358 ,
1254 5294 1347 5346 καὶ
1401 5293 1539 5363 μετά
1598 5290 1697 5362 τὴν

169 5373 519 5455 “inrideant
571 5382 693 5435 τότε
747 5385 843 5437 ἐπὶ
866 5384 925 5437 τὸ
953 5383 1237 5454 βάπτισμα
1264 5384 1535 5455 ἔρχονται.
1578 5383 1695 5435 Ἑν-

164 5454 311 5544 τῆυθα
346 5465 434 5516 καὶ
474 5469 795 5543 πληροῦται,
829 5476 863 5544 ἡ
906 5474 1000 5527 τοῦ
1067 5474 1290 5528 Ἡσαΐου
1340 5473 1647 5544 προφητεία
1673 5488 1688 5503 ·

171 5542 292 5611 ’Τίς
344 5552 537 5624 ἥκουσα
574 5542 862 5632 τοιοῦτονς
882 5568 979 5620 καὶ
1000 5566 1085 5631 τίς
1116 5565 1361 5637 ἑώρακεν
1383 5542 1591 5631 οὕτωςς
1634 5564 1695 5617 El

254 5660 294 5691 “
324 5662 506 5723 Matth.
541 5687 676 5741 nu,
712 5675 803 5731 40.

222 5830 258 5860 “
292 5833 371 5890 τσ.
419 5842 557 5896 τότε.

444 5934 711 5998 Ρηιιοι..
743 5939 860 5999 Gn.
896 5938 1141 6005 CXXV.

1802 4751 2151 4815 acceperant.
2206 4742 2431 4798 Interim
2489 4742 2544 4798 id
2592 4744 2736 4814 quod
2773 4743 2934 4799 facile
2967 4752 3073 4810 est,
3108 4752 3164 4799 et
3220 4746 3370 4817 quod

1802 4851 2061 4902 magnum
2126 4834 2293 4890 habet
2343 4833 2573 4899 donum,
2604 4835 2775 4902 dicit;
2818 4845 2874 4891 et
2926 4847 3057 4892 tunc
3085 4839 3152 4892 ad
3200 4839 3369 4895 vitam

1800 4918 1975 4984 ducit.
2008 4927 2147 4994 Quia
2189 4941 2319 4983 vero
2342 4926 2640 4997 cupiebant
2691 4927 2974 4985 auditores
3016 4930 3182 4997 scire,
3212 4947 3367 5002 quas-

1800 5035 1929 5075 nam
1971 5027 2118 5074 esset
2151 5028 2262 5073 tam
2295 5018 2684 5090 multiplicium
2714 5021 3006 5076 verborum
3030 5020 3196 5092 204
3215 5037 3369 5076 sum-

1803 5127 1891 5165 ma
1940 5130 1953 5164 :
2020 5110 2145 5166 llaec
2211 5120 2318 5178 est,
2377 5112 2577 5182 inquit,
2632 5112 2834 5167 donum
2874 5110 3114 5181 Spiritus
3163 5113 3361 5170 sancti.

1806 5215 1824 5247 ι
1872 5196 1977 5263 Qui
2006 5214 2157 5267 ergo.
2196 5217 2215 5249 ›
2250 5196 2504 5253 Laudant
2540 5198 2685 5254 dicta
2730 5201 3085 5270 quantumvis
3134 5203 3361 5257 terribi-

1795 5288 1889 5352 lia,
1915 5299 1969 5343 et
2002 5298 2291 5359 postquam
2318 5305 2605 5346 assensum
2636 5291 2703 5344 iis
2732 5293 3058 5361 praestitere,
3094 5293 3366 5364 baptisma

1798 5381 2135 5448 suscipiunt.
2163 5380 2265 5436 Hic
2296 5397 2424 5438 vero
2447 5383 2668 5454 impleta
2706 5392 2790 5437 est
2826 5384 2916 5438 illa
2946 5383 3097 5439 Isaia:
3122 5386 3362 5457 prophe-

1796 5472 1870 5523 tia
1902 5489 1915 5526 :
1958 5490 1975 5521 ι
1997 5470 2132 5537 Quis
2159 5472 2361 5528 audivit
2390 5489 2630 5541 unquam
2665 5474 2811 5529 tale?
2847 5482 2901 5529 et
2924 5477 3047 5544 quis
3067 5477 3203 5532 vidit
3234 5478 3363 5533 huic

1807 5563 2018 5619 simile?
2070 5562 2325 5635 Nunquid
2366 5566 2601 5637 parturit
2652 5573 2797 5622 terra
2846 5566 2901 5621 in
2950 5567 3037 5623 die
3067 5569 3211 5625 una?
3265 5581 3359 5625 aut

1277 5750 1478 5814 Varia:
1524 5750 1828 5815 lectiones
1872 5756 1933 5812 et
1975 5760 2144 5810 norm

2956 5945 3028 6004 28
