3848 6570
455 346 562 409 875

1378 346 1481 406 ΤΠ
1493 347 1679 408 EOPH
1693 349 1950 411 YLACTI
1992 352 2403 415 BULGARIrE
2443 353 2794 416 ARCHIEP.
3594 357 3701 426 376'

447 461 698 533 parietur
731 472 864 532 gens
887 455 1071 524 simul,
1103 457 1231 529 quia
1265 460 1554 530 parturivit
1582 470 1636 516 et
1658 464 1869 533 peperit
1895 463 2022 519 Sion

2135 466 2291 521 ὧδενε
2338 469 2542 537 γυνὴίι
2569 470 2628 522 ἐν
2673 444 2772 541 μιᾷ
2819 467 3039 540 ἡμέρας
3072 468 3121 521 ει
3163 466 3360 539 ἐτέχθη
3430 468 3572 534 ἔῡνος
3619 479 3686 538 εἰς

458 552 600 605 tilios
671 550 839 606 suos?
918 549 1031 622 Ego
1099 561 1280 605 autem
1355 550 1480 605 dedi
1555 555 2026 623 exspectationem

452 646 611 700 istam
644 644 729 698 η’.
766 660 787 695 ι
826 643 997 699 Porro
1034 643 1179 713 quod
1215 644 1398 699 verbis
1429 646 1693 716 propheta
1741 648 2027 718 praedixit.

446 739 583 793 illud
640 740 803 794 modo
862 738 1197 810 experientia
1261 740 1593 809 completum
1663 742 2026 798 demonstrat.

459 853 476 884 ι
524 831 751 887 Ιδὶοιιοιιι
806 840 1010 887 autem.
1052 851 1071 884 ι
1138 830 1274 899 Quia
1303 834 1503 891 Petrus
1552 834 1721 891 multa
1770 840 2030 908 superius

454 926 691 991 dixerat,
726 939 788 980 ac
817 925 1218 994 promissioues
1276 937 1328 980 et
1384 943 1446 981 ea
1485 942 1607 998 quze
1647 938 1834 999 postea
1867 945 2031 986 even-

450 1030 574 1074 tura
604 1029 762 1075 erant
810 1019 1151 1086 ostenderat,
1201 1021 1395 1076 timore
1428 1023 1667 1090 correpti
1720 1033 1873 1090 sunt,
1906 1040 2029 1080 cer-

451 1122 644 1167 nentes
679 1122 790 1166 ttnn
825 1112 1090 1167 miracula
1112 1127 1233 1181 qua:
1261 1112 1413 1169 dicta
1450 1112 1875 1182 conﬁrmabant,
1913 1126 2027 1171 tum

449 1218 637 1255 eorum
673 1202 767 1273 qui
794 1213 927 1258 tunc
968 1202 1316 1258 crediderant
1350 1211 1556 1259 tantam
1585 1214 1637 1261 et
1670 1211 1780 1260 tam
1827 1221 2023 1277 repen-

442 1294 619 1346 tinam
652 1293 1042 1348 mutationem.

460 1380 533 1435 De
566 1383 854 1437 concordia
885 1385 956 1438 ad
987 1400 1315 1440 communem
1345 1386 1649 1455 utilitatem,
1687 1387 1850 1459 deque
1871 1397 2027 1444 aucto

938 1493 1154 1533 numero
1186 1479 1535 1534 credentium.

1086 1565 1385 1623 TEXTUS.

521 1656 582 1721 li,
614 1657 801 1713 44-47.
825 1656 1026 1715 Omnes
1055 1659 1221 1714 etiam
1248 1660 1339 1731 qui
1368 1659 1665 1717 credebant
1696 1668 1855 1718 erant
1877 1661 2027 1734 pari-

2136 557 2305 626 ἅπαξ,
2340 558 2422 612 ὅτι
2450 557 2604 612 ὥδινε
2640 560 2735 613 καὶ
2767 557 2921 611 ἔτεκε
2947 559 2989 590 (⁸
3016 558 3086 613 τά
3110 559 3295 612 παιδία
3320 560 3486 632 αὐτῆς
3517 579 3532 627 ;
3565 563 3685 633 Ἐγὼ

2134 647 2192 701 δὲ
2227 647 2404 702 ἔδωκα
2446 649 2545 721 τὴν
2578 648 2912 722 προσδοκίαν
2934 649 3159 722 ταύτηψ
3192 669 3210 702 ι
3243 650 3396 705 καὶᾶ
3416 651 3504 704 διὰ
3534 654 3682 722 λόγων

2133 739 2162 790 ὁ
2212 740 2500 811 προφήτης
2555 740 2793 806 ἐδίδαξεν
2825 781 2839 803 ,
2898 740 3135 794 ἐνταῦθα
3200 744 3365 812 πεῖρα
3441 741 3685 797 δείκνυσιν

2134 830 2407 900 ἐναργῶς.
2452 849 2472 882 ι
2512 830 2764 900 Ἐγένετο
2790 830 2869 886 δέ.
2892 849 2912 884 t
2959 830 3181 901 Ἐπειδὴ
3210 830 3418 886 ἄνωθεν
3454 826 3520 903 ἦν
3542 833 3681 897 πολὺς

2135 921 2276 993 ῥέων
2308 923 2337 975 ὁ
2371 923 2601 995 Πέτρος,
2636 925 2737 977 καὶ
2765 923 2978 977 ἐδείκνυ
3012 923 3111 988 τὰς
3167 923 3499 993 ἐπαγγελίας
3530 927 3614 978 καὶ
3632 929 3685 980 τὲ

2136 1015 2426 1087 μέλλοντα,
2480 1019 2710 1083 εἰκότως
2756 1016 3057 1090 ἐξέστησαν
3090 1017 3169 1088 τῷ
3205 1017 3377 1089 φόϐῳ,
3414 1019 3507 1071 καὶ
3530 1020 3681 1089 ἐμαρ-

2133 1108 2287 1182 τύρει
2317 1113 2431 1176 τοῖς
2474 1111 2792 1183 λεγομένοις
2821 1111 2891 1167 τὰ
2925 1112 3203 1183 θαύματα,
3242 1113 3339 1166 καὶ
3367 1112 3474 1165 τῶν
3502 1112 3588 1167 νῦν
3609 1132 3681 1168 rct-

2132 1202 2476 1257 σπευσάντων
2524 1203 2793 1275 δηλονότι,
2850 1203 3120 1275 τοσαύτην
3180 1202 3486 1276 μεταϐολὴν
3512 1205 3681 1275 ἀθρῶν

2135 1293 2376 1348 ἰδόντων.

2136 1385 2275 1455 Περὶ
2305 1386 2584 1457 ὁμονοίας
2614 1386 3044 1456 κοινωφελοῦς,
3074 1386 3170 1441 καὶ
3201 1383 3552 1455 προσθήκης
3586 1382 3680 1439 τῶν

2709 1480 3142 1532 πιστευόντων.

2710 1570 3106 1625 KEIMENON.

2205 1663 2414 1727 Πάντες
2433 1662 2491 1717 δὲ
2518 1664 2567 1717 oi
2600 1661 2992 1727 πιστεύσαντες
3032 1658 3175 1735 ἦσαν
3206 1661 3300 1716 ἐπὶ
3338 1661 3401 1714 τὸ
3432 1660 3576 1723 αὐτὸ,
3598 1665 3673 1716 καὶ

447 1760 530 1803 ter
558 1760 610 1805 et
642 1750 913 1805 habebant
962 1750 1145 1806 omnia
1202 1751 1533 1806 communia.
1566 1752 1947 1812 Posscssiones
1974 1764 2022 1811 et

2135 1750 2278 1825 εἶχον
2297 1756 2512 1809 ἅπαντα
2528 1754 2703 1809 κοινά·
2725 1755 2820 1808 καὶ
2833 1753 2901 1807 τά
2919 1755 3196 1826 κτήματα,
3220 1752 3316 1805 καὶ
3333 1753 3431 1815 τάς
3448 1751 3673 1823 ὑπάρξεις

450 1842 787 1899 substantias
844 1843 1154 1900 vendebant
1176 1853 1240 1900 et
1271 1842 1589 1901 dividebant
1618 1845 1710 1901 illa
1740 1848 2022 1913 omnihus,

2135 1818 2500 1914 ἐπίπρασκον,
2534 1845 2633 1898 καὶ
2689 1818 3362 1915 διεμέριζον-ἀύτὰπᾶσῃ
3388 1842 3503 1895 καθ’
3528 1818 3600 1894 ὅτι
3624 1844 3673 1895 ἄν

443 1944 610 2005 prout
634 1936 833 2007 cuique
871 1952 1012 2005 opus
1064 1946 1212 1994 erat.
1243 1937 1499 2003 Quotidie
1549 1954 1769 2009 quoque
1822 1938 2023 2011 perdu-

451 2035 635 2084 rantes
666 2028 1001 2084 unanimiter
1029 2030 1082 2083 in
1114 2030 1337 2100 templo,
1390 2040 1445 2085 et
1502 2029 1819 2099 frangentes
1876 2032 2023 2087 circa

444 2117 645 2173 domos
676 2133 893 2188 panem,
929 2117 1221 2173 sumebant
1260 2119 1442 2171 cibum
1478 2134 1601 2173 cum
1657 2120 2027 2175 exsultatione

447 2219 503 2262 et
566 2209 921 2281 simplicitate
969 2210 1207 2275 cordis,
1290 2211 1669 2267 collaudautcs
1736 2210 1903 2266 Deum
1969 2220 2024 2266 et

453 2303 718 2360 habentes
774 2304 1004 2376 gratiam
1058 2304 1126 2359 ad
1175 2319 1393 2360 omnem
1455 2305 1689 2376 plebem.
1754 2305 2022 2361 Dominus

452 2403 631 2452 autem
682 2396 954 2469 angebat,
1017 2397 1112 2469 qui
1164 2397 1301 2454 salvi
1363 2399 1579 2464 tierent,
1656 2396 1906 2469 quotidie
1967 2398 2022 2454 in

451 2492 710 2562 itlipsum.

953 2580 1527 2641 COMMENTARIUS.

517 2677 635 2734 Non
668 2675 1188 2750 qnomodocunque,
1224 2674 1689 2747 quemadmodum
1720 2673 2006 2747 gentilium

448 2771 787 2842 philos0phi,
842 2781 1078 2841 quorum
1123 2768 1215 2824 alii
1270 2768 1660 2838 relinquebant
1708 2782 1894 2838 agros,
1929 2767 2023 2822 alii

449 2878 641 2916 aurum
672 2864 752 2917 in‘
786 2876 941 2918 mare
990 2858 1372 2931 projieiebaut.
1422 2857 1537 2913 Hoc
1580 2873 1711 2913 vero
1775 2873 1884 2913 non
1930 2867 2017 2915 est

449 2955 739 3012 laudabilis
774 2953 1092 3009 divitiarum
1125 2959 1479 3022 contemptus
1503 2990 1518 3017 ,
1575 2952 1668 3007 sed
1719 2950 1933 3006 insania
1968 2960 2022 3007 et

448 3046 708 3101 amentia.
739 3045 965 3115 Semper
992 3044 1139 3099 enim
1173 3050 1227 3099 et
1266 3042 1468 3111 ubique
1530 3042 1780 3099 diabolus
1814 3042 2023 3098 studuit

2128 1953 2211 1999 τις
2237 1937 2429 2008 χρείαν
2480 1934 2593 2009 εἶχε
2618 1953 2631 1968 ο
2664 1937 2988 2008 καθημέραν
3019 1934 3125 2009 [τε]
3170 1936 3673 2008 προσκαρτεροῦντες

2128 2028 2472 2100 ὁμοθυμαδὸν
2516 2031 2575 2083 ὲν
2617 2028 2698 2100 τῷ
2736 2028 2889 2099 ἱερῷ,
2940 2026 3175 2091 κλῶντές
3203 2043 3263 2079 τε
3291 2027 3415 2079 κατ’
3444 2019 3580 2078 οἷκον
3599 2026 3673 2077 τὸν

2126 2121 2312 2191 ἄρτον,
2337 2122 2431 2175 καὶ⁸
2462 2120 2981 2192 μεταλαμϐάνοντες
3023 2118 3232 2191 τροφὴν
3273 2120 3334 2173 ὲν
3386 2119 3672 2187 ἀγαλλιάσει

2128 2214 2222 2266 καὶ
2248 2214 2543 2286 ἀφελότητι
2565 2214 2813 2286 καρδίας,
2832 2213 3109 2278 αἰνοῦντες
3132 2215 3223 2268 τὸν
3248 2213 3405 2278 Θεδν,
3438 2214 3527 2266 καὶ
3549 2212 3672 2284 ἔχον·

2124 2321 2217 2366 τες
2249 2304 2413 2376 χάριν
2457 2305 2598 2376 πρὸς
2624 2305 2747 2359 ὅλον
2794 2304 2888 2359 τδν
2913 2304 3061 2360 λαόν.
3109 2303 3167 2359 ’0
3197 2305 3254 2358 δὲ
3287 2305 3491 2376 Κύριος
3523 2322 3663 2375 προς-

2126 2401 2447 2469 ετίθει-τοὺς
2464 2445 2468 2449 .
2488 2400 2835 2474 σωζομένους
2861 2399 3182 2475 καθημεραν
3204 2401 3272 2473 τῇ
3314 2397 3612 2472 Ἐκκλησία.

2709 2589 3094 2645 ΕΡΜΠΝΕΙΑ.

2195 2683 2308 2754 Οὐχ
2341 2680 2549 2748 ἁπλῶς,
2586 2680 2841 2752 καθάπερ
2869 2683 2917 2734 oi
2948 2678 3081 2751 παρ’
3113 2678 3347 2750 Ἕλλησι
3378 2680 3602 2751 cocci",
3628 2681 3668 2733 et

2129 2777 2228 2847 μὲν
2254 2776 2468 2847 ἀνῆκαν
2506 2775 2605 2848 τὴν
2631 2774 2759 2845 γῆν,
2788 2776 2836 2828 οἱ
2862 2775 2919 2828 δὲ
2949 2775 3032 2838 εἰς
3079 2773 3361 2828 θάλασσαν
3386 2774 3602 2847 ἔρριψαν
3622 2778 3668 2826 τὴ

2122 2871 2369 2942 χρυσίον.
2418 2870 2591 2924 Τοῦτο
2611 2870 2668 2923 δὲ
2712 2868 2808 2938 οὐχ
2871 2868 3141 2939 ὑπεροψία
3187 2868 3507 2942 χρημάτων,
3558 2869 3669 2921 ἀλλὰ

2128 2962 2308 3034 μωρία
2336 2962 2429 3015 καὶ
2483 2960 2660 3017 ἄνοια.
2696 2958 3028 3032 [Παειταχοῦ]
3056 2958 3166 3032 γάρ
3194 2957 3521 3022 ἐσπούδαζεν
3550 2955 3662 3029 [ἀεὶ]

2124 3058 2153 3110 ὁ
2176 3054 2421 3118 διάϐολος
2447 3055 2542 3107 τοῦ
2578 3053 2715 3108 θεοῦ
2740 3054 2810 3106 τὰ
2833 3052 3110 3122 κτίσματα
3142 3049 3467 3116 διαϐάλλειν,
3494 3049 3562 3112 ὡς
3585 3049 3666 3101 οῦκ

452 3137 542 3193 Dei
580 3143 867 3193 creaturas
895 3135 1245 3203 calumniari,
1280 3135 1442 3207 quasi
1493 3134 1613 3191 ﬁeri
1652 3151 1758 3190 non
1812 3146 2021 3206 posset,

2135 3147 2247 3202 ὲνδν
2270 3144 2451 3212 καλῶς
2477 3143 2788 3219 χρήσασθαι
2817 3145 3115 3216 χρήμασιν.
3153 3142 3421 3197 Ἐνταῦοα
3441 3140 3495 3194 δὲ
3519 3140 3667 3200 οὐδεὶς

450 3236 509 3286 ut
541 3229 663 3301 quis
693 3228 946 3300 pecuniis
980 3228 1212 3284 honeste
1241 3236 1508 3284 uteretur.
1556 3226 1656 3283 llic
1686 3244 1818 3285 vero
1859 3244 2021 3285 nemo
2056 3270 2063 3276 ς

450 3323 621 3378 λήξει-ο
660 3322 783 3393 plus
811 3320 1082 3386 habebat;
1113 3328 1167 3376 et
1201 3319 1389 3377 statim
1419 3320 1583 3375 simul
1617 3329 2022 3388 convenerunt,

449 3413 791 3470 etomnibus
851 3412 1165 3469 necessaria
1213 3412 1651 3484 suppeditarent.
1709 3411 1880 3468 Porro
1910 3413 2025 3469 luce

445 3513 530 3561 est
559 3505 869 3576 respublica
894 3505 1164 3577 angelica,
1196 3505 1289 3561 ubi
1332 3521 1496 3563 nemo
1555 3504 1856 3577 quidquam
1892 3506 2065 3578 pro-’

448 3597 625 3669 prium
660 3597 766 3655 sibi
799 3613 921 3656 esse
968 3598 1203 3655 dicebat.
1249 3597 1448 3657 Dicens
1487 3615 1615 3656 vero
1645 3600 2026 3657 tantummodo

450 3706 645 3762 panem
680 3693 736 3747 in
762 3692 945 3746 cibum
978 3691 1198 3759 habere,
1231 3690 1361 3746 mihi
1400 3692 1619 3748 videtur
1664 3693 1751 3748 hic
1783 3700 1838 3748 et
1877 3691 2026 3762 jeju-

449 3784 599 3835 nium
627 3789 682 3836 et
708 3789 985 3837 austeram
1034 3780 1256 3837 illorum
1286 3782 1451 3837 vitam
1505 3782 1782 3850 indicare;
1816 3783 2026 3838 scilicet

447 3875 628 3929 cibum
688 3873 1004 3941 sumebant,
1046 3889 1162 3929 non
1206 3873 1453 3930 delicias.
1510 3873 1810 3944 Postquam
1860 3875 2019 3944 dixit,

452 3964 648 4020 «’Cum
679 3964 1064 4031 exsultatione,
1100 3983 1119 4016 ι
1148 3964 1322 4033 addit,
1358 3983 1378 4011 ι
1421 3974 1475 4023 ct
1503 3964 1855 4038 simplicitate
1881 3972 2021 4039 geor-

447 4061 566 4123 dis;
600 4077 618 4111 ι
670 4058 811 4129 quia
876 4071 1000 4117 esse
1070 4075 1179 4115 non
1236 4068 1418 4131 potest
1477 4061 1772 4118 exsultatio
1818 4061 2024 4134 absque

449 4151 825 4221 simplicitate.

946 4247 1106 4319 205
1153 4245 1383 4305 CAPUT
1433 4247 1523 4305 tv.

451 4338 527 4393 De
559 4340 735 4395 claudi
776 4358 808 4395 a
844 4344 1135 4398 'nativitate
1187 4343 1459 4399 curatione
1492 4360 1525 4398 a
1558 4343 1774 4400 Christo
1833 4347 1981 4417 facta
2002 4386 2019 4413 ,

516 4438 678 4505 deque
736 4446 927 4508 arguta
1006 4436 1157 4493 Petri
1229 4438 1576 4494 instructions
1635 4438 1707 4493 ad
1791 4441 2022 4495 salutem

518 4540 711 4579 ιυδιιιδ.

578 4542 711 4579 stus.

540 4542 575 4595 Ρ
694 4617 851 4673 Fcria
884 4627 1039 4676 sexta
1072 4620 1428 4680 hebdomade
1458 4619 1770 4679 Paschalis.

1083 4711 1387 4771 TEXTUS.

518 4803 738 4869 Ill,l-8.
777 4805 971 4861 Petrus
1005 4816 1185 4861 autem
1221 4814 1272 4861 ct
1298 4803 1541 4864 Joannes
1563 4807 1932 4863 ascendebant
1965 4807 2017 4860 in

447 4898 814 4969 tctnp'um,ad
842 4900 1031 4955 horam
1052 4899 1320 4955 orationis
1336 4916 1558 4956 nonam.
1585 4900 1648 4954 Et
1668 4901 1889 4971 quidam
1917 4900 2020 4967 vir.

446 4988 540 5058 qui
573 4996 690 5044 erat
712 4988 945 5045 claudus
967 5004 1031 5044 ex
1062 4997 1218 5045 utero
1243 4991 1437 5047 matris
1468 5008 1604 5055 suae,
1625 4991 2016 5061 bajulabatur:

444 5096 604 5151 quem
640 5080 913 5151 ponebant
959 5082 1203 5152 antidie
1250 5081 1319 5137 ad
1374 5092 1588 5153 portam
1640 5084 1850 5154 templi,
1896 5097 2020 5153 quae

443 5174 649 5228 dicitur
729 5170 1015 5243 Speciosa,
1069 5183 1129 5227 ut
1194 5180 1403 5244 peteret
1478 5173 1885 5243 eleetnosynam
1949 5176 2018 5229 ab

447 5264 855 5319 introeuntibus
888 5261 940 5317 in
972 5262 1256 5332 templum.
1282 5260 1330 5316 Is
1369 5277 1496 5316 cum
1524 5261 1749 5317 vidisset
1796 5261 2017 5317 Petrum

447 5367 499 5409 et
536 5354 802 5411 Joannem
837 5355 1161 5426 incipientes
1192 5352 1425 5408 introire
1461 5353 1513 5406 in
1540 5354 1825 5425 templum,
1857 5368 2017 5425 roga-

447 5448 537 5501 lat
578 5457 636 5501 ut
665 5446 1069 5518 clccmosynam
1124 5445 1423 5517 acciperet.
1455 5445 1678 5501 lntuens
1732 5458 1912 5500 autem
1963 5449 2020 5501 in

506 5633 582 5663 ’θ’
616 5629 775 5685 Joan.
808 5644 957 5697 ιινι,
1000 5631 1051 5695 8,
1088 5633 1143 5684 9.

2128 3240 2215 3294 ἓτε
2228 3257 2319 3311 ρος
2350 3240 2539 3311 ἑτέρου
2592 3239 2774 3292 πλεῖον
2800 3231 2934 3310 εἶχε,
2963 3236 3056 3291 καὶ
3084 3235 3295 3307 ταχέως
3319 3229 3479 3307 ἦλθον
3507 3232 3587 3285 ἰπὶ
3619 3229 3669 3284 τὸ

2127 3332 2301 3396 αὐτὸ,
2354 3333 2447 3386 ἐπὶ
2494 3331 2554 3385 τὸ
2616 3333 2749 3385 πᾶσι
2804 3328 3149 3402 μεταδοῦναι.
3231 3327 3406 3381 Τοῦτο
3456 3323 3668 3378 πολιτεία

2128 3423 2397 3496 ἀγγελικὴ
2436 3464 2448 3489 ,
2511 3423 2679 3496 μηδὲν
2751 3422 2918 3478 αὑτὸν
2968 3421 3148 3491 λέγειν
3209 3420 3344 3474 ἴδιον
3386 3412 3536 3472 εἶναι.
3581 3416 3667 3467 Τὸν

2127 3518 2291 3589 ἄρτον
2338 3518 2396 3572 δὲ
2481 3517 2641 3589 μόνον
2669 3515 2873 3588 τροφὴν
2902 3514 3047 3586 ἔχειν
3070 3513 3268 3583 λέγων,
3308 3512 3455 3566 δοκεί
3490 3509 3665 3581 μοικαὶ

2127 3609 2382 3680 νηστείαν
2411 3609 2648 3664 ἐνταῦθα
2679 3607 2973 3680 σημαίνειν
3006 3606 3102 3660 καὶ
3126 3605 3365 3676 σκληρὸν
3399 3603 3507 3674 βίον
3527 3616 3540 3632 ο
3562 3615 3668 3668 τρο-

2076 3734 2087 3759 t
2128 3703 2236 3773 φῆς
2268 3702 2400 3775 γὰρ.
2431 3702 2494 3756 ού
2535 3700 2746 3773 τρυφῆς
2812 3696 3251 3770 μετελάμϐανον.
3304 3693 3500 3756 Εἰπὼν,
3542 3708 3560 3741 ι
3592 3688 3666 3740 Ἐν

2128 3793 2472 3875 ἀγαλλιάσει,
2497 3811 2516 3845 ι
2550 3794 2824 3873 ἐπήγαγε,
2888 3808 2908 3841 ι
2944 3788 3053 3842 Καὶ
3080 3787 3375 3857 ἀφελότητι
3398 3781 3619 3875 καρδίας..
3644 3796 3662 3830 ι
3734 3856 3751 3875 ⁸

2127 3887 2203 3942 Ού
2238 3886 2352 3959 γὰρ
2382 3871 2461 3942 ενι
2480 3884 2655 3948 ἄλλως
2683 3879 2935 3954 γενέσθαι
2956 3878 3305 3951 άγαλλίασιν,
3338 3877 3416 3951 μὴ
3441 3872 3665 3971 eadem;

2127 3979 2317 4051 ούσης.

2730 4242 2987 4299 ΚΕΦΑᾹ.
3028 4245 3065 4295 Δ
3085 4278 3103 4295 .

2129 4340 2294 4412 Περὶ,
2327 4339 2438 4409 τῆς
2470 4338 2541 4392 ἐν
2572 4337 2814 4408 Χριστῷ
2873 4335 3187 4405 θεραπείας
3228 4332 3334 4387 τοῦ
3361 4332 3429 4385 ἐκ
3458 4321 3665 4396 ςενετῆς

2199 4433 2424 4505 χωλοῦ,
2445 4432 2674 4503 Πέτρου
2695 4448 2759 4486 τε
2783 4428 3176 4498 κατηχήσεως
3190 4418 3527 4495 ἐλεγκτικῆς
3544 4416 3666 4486 πρὸς

2053 4516 2096 4570 ο
2196 4525 2502 4596 σωτηρίαν
2524 4523 2735 4582 αὐτοῦ.

2395 4618 2476 4691 Τῇ
2504 4617 2829 4688 παρασκευῇ
2859 4615 2958 4687 τῆς
2984 4608 3439 4681 Διακαινησίμου.

2720 4704 3108 4763 ΚΕΙΜΕΝΟΝ.

2211 4801 2339 4856 Ἐπὶ
2369 4800 2430 4854 τὸ
2457 4800 2591 4854 αὑτδ
2635 4799 2693 4852 δὲ
2730 4799 2935 4869 Πέτρος
2989 4797 3084 4850 καὶ
3130 4792 3385 4864 Ἰωάννης
3421 4787 3663 4859 ἀνέϐησαν

2128 4897 2208 4959 εἰς
2240 4894 2300 4948 τὸ
2324 4893 2467 4964 ἱερὸν
2490 4890 2583 4946 ἐπὶ
2609 4891 2710 4963 τὴν
2758 4889 2909 4964 ὤραν
2957 4889 3058 4960 τῆς
3088 4888 3404 4960 προσευχῆς
3426 4884 3519 4954 τὴν
3543 4880 3667 4935 ἐννά-

2126 5003 2249 5058 την.
2303 4984 2413 5039 Καί
2447 5000 2531 5045 τις
2588 4982 2730 5053 ἀνὴρ
2761 4979 2933 5052 χωλὸς
2958 4979 3023 5033 ἐκ
3052 4977 3263 5040 κοιλίας
3310 4972 3509 5046 μητρὸς
3529 4964 3664 5058 αὐτοῦ

2130 5057 2391 5150 ὑπάρχων
2441 5075 2795 5140 ἐϐαστάζετο,
2833 5072 2892 5125 ὃν
2921 5070 3137 5125 ἐτίθουν
3171 5067 3298 5123 καθ’
3330 5067 3531 5139 ἡμέραν
3553 5057 3662 5150 πρὸξ

2126 5171 2225 5241 τὴν
2247 5147 2258 5150 ν
2287 5147 2455 5242 Θύραν
2507 5166 2601 5221 τοῦ
2659 5164 2808 5239 ἱεροῦ
2862 5164 2964 5235 τὴν
2990 5160 3293 5234 λεγομένην
3332 5156 3560 5229 Ὠραίαν,
3587 5147 3660 5242 τοῦ

2129 5238 2305 5313 αἰτεῖν
2354 5238 2729 5328 ἐλεημοσύνην
2760 5254 2912 5325 παρὰ
2958 5252 3069 5307 τῶν
3128 5246 3581 5320 εἰσπορευομένων
3600 5238 3663 5299 εἰς

2128 5351 2190 5405 τὸ
2249 5352 2417 5421 ἱερὸν.
2463 5351 2560 5413 Ὃς
2601 5347 2725 5401 ἰδὼν
2762 5347 2967 5417 Πέτρον
2995 5343 3091 5396 καὶ
3133 5342 3386 5409 Ἰωάννην
3412 5333 3661 5428 μέλλοντξς

2133 5443 2361 5496 εἰσιέναι
2399 5443 2477 5505 εἰς
2509 5440 2567 5494 τὸ
2609 5439 2775 5511 ἱερὸν,
2836 5434 3026 5508 ἠρώτα
3059 5429 3452 5502 ἐλεημοσύνην.
3492 5424 3659 5475 Ἀτενί⁴

1610 5721 1807 5785 Varia:
1850 5720 2163 5785 lectiones
2207 5729 2267 5784 et
2313 5729 2505 5782 noue.

495 5824 536 5858 ”
573 5823 657 5879 Ζσ.
691 5826 781 5897 γῇ.
860 5825 903 5857 ¹⁶
935 5822 1107 5881 Σιών.
1186 5824 1226 5856 ¹⁷
1260 5821 1562 5894 φιλόσοφοι.
