3848 6546
129 421 213 487 8⁸17
725 413 1179 477 ΕΧΡΟΞΙΤΙΟΝ
1188 414 1258 474 IS
1289 413 1370 472 ΙΝ
1409 410 1597 470 ACTA
1627 411 1648 469 Ἴ

1793 407 1929 468 I‘US
1969 407 2234 468 ALTER.
2284 430 2340 442 -
2369 407 2526 465 CAP.
2563 406 2679 466 III.
3207 409 3312 472 878

127 554 207 600 σας
222 533 270 589 δὲ
293 530 479 602 Πέτρος
505 529 584 592 εἷς
618 527 776 580 αὖτδν
799 528 896 581 σὺν
920 526 997 598 τῷ
1012 527 1237 597 Ἰωάννῃ
1258 520 1400 576 εἴπεο
1435 521 1639 590 Βλέψον

1796 535 1865 572 nn
1904 517 2098 574 Petrus
2132 535 2256 573 cum
2284 517 2516 584 Joanne,
2541 517 2716 573 dixit:
2747 515 2982 588 Respice
3013 517 3066 573 in
3089 534 3212 575 nos.
3242 524 3312 575 At

127 633 189 693 εἰς
209 629 356 699 ἡμᾶς.
399 624 456 678 Ὀ
483 623 538 676 δὲ
575 623 792 692 ἐπεῖχεν
841 622 1025 684 αὐτοῖς
1074 617 1389 690 προσδοκῶν
1421 633 1472 669 τι
1507 616 1636 684 παρ’

1793 612 1836 666 Ie
1863 611 2182 666 intemlebat
2213 611 2264 664 in
2299 625 2415 676 eos,
2447 624 2680 680 sperans
2729 623 2789 666 se
2813 609 3023 680 aliquid
3065 624 3312 683 acceptu-

127 721 274 777 αὒτῶν
293 714 485 771 λαϐεῖν.
519 707 654 766 Εἷπε
681 713 736 765 δὲ
773 712 979 782 Πέτρος
1005 727 1018 741 ·
1058 709 1349 781 ’Λργύριοίν
1381 708 1474 761 καὶ
1510 723 1642 777 χρυ-

1797 716 1864 754 nn
1911 701 1980 755 ab
2030 703 2132 756 cis.
2213 699 2407 756 Petrus
2463 709 2646 756 autem
2697 700 3205 771 dixitzArgcntum
3259 709 3316 754 ct

129 814 218 866 σέον
257 808 345 878 οὐχ
401 805 632 875 ὑπάρχει
668 821 779 872 μοι,
803 803 831 856 ὃ
856 803 910 856 δὲ
945 803 1072 873 ἔχω,
1103 801 1261 855 τοῦτό
1290 817 1372 852 σοι
1411 799 1636 868 δίδωμι·

1790 808 1941 846 nrum
1974 808 2082 848 non
2111 803 2195 848 est
2227 793 2397 846 mihi:
2429 794 2572 863 quod
2620 800 2804 848 autem
2841 793 3037 860 habeo,
3067 791 3170 847 hoc
3218 792 3309 846 tibi

128 907 171 956 ἐν
217 900 282 970 τῷ
324 897 537 966 ὀνόματι
599 893 768 965 Ἰησοῦ
832 894 1069 964 Χριστοῦ
1148 892 1243 946 τοῦ
1317 890 1640 961 Ναζωραῖον

1790 899 1862 938 o:
1905 881 1963 936 In
1998 885 2218 938 nomine
2273 883 2400 938 Jesu
2455 883 2656 940 Christi
2714 884 2980 939 Nazareni
3038 899 3201 955 surge
3261 895 3309 938 cl

128 996 270 1061 ἔγειρε
309 989 397 1042 καὶ
422 985 732 1058 περιπάτει.
768 987 876 1038 Καὶ
907 986 1110 1047 πιάσας
1143 983 1308 1036 αὐτὸν
1333 982 1433 1049 τῆς
1462 979 1644 1046 δεξιᾶς

1790 973 1986 1027 mbula.
2017 973 2082 1026 Et
2111 973 2453 1043 apprehensa
2487 989 2649 1027 manu
2679 972 2798 1042 ejus
2845 975 3092 1039 dextera,
3117 975 3309 1029 alleva-

126 1084 288 1155 χειρὸς,
318 1081 515 1151 ἤγειρε.
551 1079 896 1149 Παραχρῆμα
941 1077 998 1128 δὲ
1026 1073 1446 1144 ἐστερεώθησαν
1477 1070 1640 1124 αὑτοῦ

1792 1066 1822 1118 it
1855 1081 2003 1127 eum,
2031 1074 2082 1120 et
2111 1065 2362 1135 protinus
2391 1065 2900 1129 consolidataasnnt
2933 1065 3093 1120 bases
3118 1065 3237 1133 ejus
3263 1072 3311 1118 ct

129 1179 170 1230 at
195 1175 353 1246 βάσεις
389 1171 478 1224 καὶ
503 1169 573 1222 τά
616 1168 817 1236 σφυρά,
855 1167 952 1220 καὶ
991 1165 1350 1234 ἐξαλλόμενος
1382 1163 1512 1233 ἔστη
1549 1162 1643 1215 καὶ

1792 1157 1962 1211 laniat.
1998 1157 2065 1211 Et
2097 1157 2358 1212 exsiliens
2391 1156 2542 1210 stetit
2592 1162 2647 1210 et
2680 1155 3030 1210 ambulabat:
3063 1166 3116 1212 et
3138 1157 3311 1210 intra-

129 1265 397 1335 περιεπάτει
417 1278 430 1292 °
462 1264 556 1313 καὶ
584 1260 799 1330 εἰσῆλθε
835 1260 932 1311 σὺν
961 1258 1146 1319 αὐτοῖς
1172 1258 1252 1320 εἰς
1273 1255 1334 1308 τὸ
1369 1255 1516 1324 ἱερὸν
1550 1270 1643 1307 πε-

1794 1252 1824 1301 it
1851 1264 1974 1303 cum
2018 1249 2126 1304 illis
2158 1252 2211 1303 in
2253 1249 2515 1318 templum
2557 1247 2848 1302 ambulans
2877 1255 2932 1304 ct
2966 1247 3232 1304 exsiliens
3261 1257 3313 1301 et

130 1353 347 1427 ρεπατῶν,
373 1352 464 1404 καὶ
497 1351 811 1421 ἁλλόμενος,
853 1350 946 1402 καὶ
968 1349 1133 1402 αἰνῶν
1161 1347 1254 1400 τὸν
1276 1347 1430 1399 Θεόν.

686 1367 811 1414 ενος,
853 1350 946 1402 καὶ
968 1349 1133 1402 αἰνῶν
1161 1347 1254 1400 τὸν
1276 1347 1430 1399 Θεόν.
1748 1341 1979 1397 laudans
2017 1341 2205 1396 Deum.

677 1458 1054 1512 EPMHNEIA.
1636 1445 1734 1544 θ

1636 1445 1734 1544 θ
2257 1451 2826 1507 COMMENTARIUS.

183 1571 247 1624 Τά
272 1568 358 1640 μὲν
392 1561 481 1622 οὖν
518 1566 655 1621 ἄλλα
691 1568 894 1637 σημεῖα
950 1566 1204 1635 παρεῖδεν
1235 1568 1260 1617 ὁ
1295 1563 1388 1616 τοῦ
1435 1564 1643 1634 βιϐλίον

1819 1562 1934 1616 Alia
1965 1561 2184 1632 quidem
2219 1563 2376 1632 signa
2408 1565 2757 1633 prmlermisit
2805 1564 2929 1618 libri
2988 1564 3155 1632 hujus
3219 1578 3315 1618 au-

132 1660 448 1732 σνγγραφεύς.
471 1657 660 1731 [Λέγει
673 1659 730 1712 δέ
746 1662 993 1730 σημεῖον,
1011 1655 1468 1721 ὂπάνταςέξένισε
1485 1656 1501 1726 (
1516 1655 1644 1726 l0).]

1798 1669 1892 1710 ιον.
1924 1655 2064 1708 Illud
2096 1669 2226 1708 vero
2257 1665 2466 1718 narrat,
2498 1659 2645 1724 quod
2672 1671 2864 1710 omnes
2894 1655 2949 1709 in
3009 1655 3317 1710 admiratio-

128 1753 310 1808 Φυσικὸν
331 1752 387 1805 τὸ
433 1751 607 1814 πάθος
652 1747 744 1822 ἦν,
798 1753 1048 1822 κρεῖττον
1107 1748 1302 1821 τέχνης
1365 1749 1640 1820 ἰατρικῆς.

1797 1763 1871 1802 ent
1902 1746 2158 1818 coniecit.
2191 1745 2470 1803 Naturalis
2501 1756 2620 1802 erat
2666 1749 2914 1812 morbus,
2956 1755 3076 1802 arte
3108 1747 3316 1801 medica

129 1844 494 1915 Τεσσεράκοντα
523 1838 594 1914 ἦν
644 1843 738 1914 ἐτη
775 1841 1094 1913 πεποιηκὼς
1118 1843 1176 1894 ἐν
1199 1843 1266 1912 τῇ
1297 1839 1558 1910 Γαλιλαίᾳ
1577 1838 1640 1903 ⁸⁸,

1798 1840 1942 1894 ιι·ιὶοτ
1969 1858 1982 1894 :
2021 1854 2194 1896 annos
2222 1841 2577 1912 quadraginta
2609 1842 2664 1895 in
2703 1841 3104 1896 claudicatione
3134 1848 3317 1895 trans—

129 1937 268 1999 καθὼς
317 1932 513 2005 προϊών
569 1950 759 2005 φησιν.
822 1933 1011 1996 Οὐδεὶς
1042 1931 1134 1986 οὖν
1189 1931 1351 1986 αὑτὸν
1377 1933 1435 1984 ἐν
1476 1930 1641 1984 παντῖ¹

1798 1941 1948 2001 εει-ιιι,
2019 1939 2078 1985 ιιι
2144 1940 2334 2001 postea
2390 1931 2585 2001 inquit.
2641 1928 2816 1988 Nemo
2851 1931 3002 1985 illum
3060 1939 3172 1986 toto
3225 1930 3317 1984 illo

129 2028 261 2098 χρόνῳ
303 2026 653 2096 ἐθεράπευσε.
703 2024 888 2079 Ταῦτα
937 2026 1046 2096 γάρ
1107 2025 1342 2095 μάλιστα
1399 2021 1638 2078 δύσκολόι

1797 2039 1990 2094 ιιιιροιιθ
2016 2033 2338 2083 curaverat:
2373 2025 2513 2079 mala
2543 2026 2692 2080 enim
2747 2039 2776 2078 a
2832 2025 3122 2081 'nativitate
3177 2022 3316 2078 ditii-

128 2124 238 2174 ἐπιν
260 2121 387 2192 άπερ
418 2121 481 2174 ἂν
509 2122 574 2174 ἐκ
605 2121 830 2190 γενετῆς
946 2119 1242 2190 Ἐπίσημος
1270 2119 1324 2172 δὲ
1345 2113 1456 2190 ἦνό
1477 2118 1638 2187 ἀνὴρ,

1802 2116 1947 2170 llima
1981 2125 2132 2171 sunt.
2162 2114 2332 2172 Valde
2376 2125 2558 2172 autem
2610 2123 2776 2172 notus
2822 2123 2941 2171 erat
2993 2115 3076 2170 rir
3126 2115 3216 2170 ille
3264 2123 3321 2170 et

129 2211 275 2264 ὁπότε
296 2212 379 2265 τοῦ
428 2212 636 2282 τρόπου
670 2212 736 2278 ’³,
778 2212 886 2265 ἀπό
911 2229 970 2264 τε
992 2211 1086 2265 τοῦ
1145 2210 1373 2275 πάθους.
1397 2205 1532 2264 Εἶτα
1554 2210 1642 2264 ἵνα

1807 2207 1932 2264 loco
1961 2216 2016 2264 et
2052 2208 2122 2264 ab
2169 2209 2504 2265 infirmitate.
2553 2209 2756 2265 Deinde
2784 2225 2851 2264 ne
2877 2209 3155 2264 videretur
3214 2207 3320 2263 hoc

132 2301 187 2370 μὴ
215 2301 321 2372 δόξῃ
377 2301 481 2354 ἀπὸ
539 2302 886 2372 ταυτομάτου
927 2301 1088 2356 τοῦτο
1112 2300 1381 2370 γίνεσθαι,
1410 2301 1471 2353 οὐ
1499 2300 1643 2370 λόγῳ

1799 2309 1939 2355 ponte
1971 2317 2072 2356 sua
2097 2301 2326 2367 factum,
2361 2317 2472 2356 non
2517 2302 2635 2357 solo
2669 2316 2924 2358 sermone
2969 2306 3163 2366 curat;
3221 2301 3318 2354 scd

132 2395 251 2460 μόνον
293 2393 592 2463 θεραπεύει,
641 2393 781 2449 ἀλλὰ
844 2393 938 2448 καὶ
999 2394 1156 2464 «Τῆς
1219 2391 1398 2457 δεξιᾶς
1459 2393 1643 2462 χειρὸς

1801 2394 2154 2463 Apprehensa
2183 2411 2344 2450 manu
2374 2396 2495 2460 ejus
2518 2395 2765 2460 dextera,
2808 2395 3062 2450 allevavit
3105 2410 3257 2458 eum,
3295 2414 3313 2445 ι

131 2485 306 2550 πιάσας,
342 2488 553 2558 ἡγειρεν
629 2487 824 2552 αὑτὸν,
848 2505 866 2539 ι
901 2486 1056 2557 φησι.
1090 2486 1199 2540 Καὶ
1241 2485 1398 2539 τοῦτο
1421 2484 1644 2554 ἐποίησε

1807 2487 1947 2556 quit.
1989 2485 2066 2540 Ex
2106 2488 2209 2542 hoc
2239 2488 2587 2543 manifestam
2640 2487 2769 2543 fecit
2823 2488 3319 2553 resurrectionem;

131 2581 255 2650 δήλην
279 2581 365 2652 τὴν
400 2582 696 2636 ἀνάστασιν
722 2598 736 2612 ·
773 2583 1124 2646 ἀναστάσεως
1161 2581 1271 2650 γὰρ
1306 2575 1418 2653 [ἦν]
1455 2577 1641 2632 εἰκών.

1800 2588 1866 2630 σοι
1922 2578 2127 2648 quippe
2189 2579 2616 2633 resurrectionis
2660 2580 2862 2648 imago.
2913 2579 3038 2632 Pari
3100 2580 3319 2634 ratione

131 2667 248 2721 Οὕτω
267 2672 349 2722 καὶ
377 2671 402 2723 ό
423 2671 659 2740 Χριστὸς
690 2672 916 2742 ἐποίησε
936 2690 950 2703 ·
994 2671 1254 2735 πολλάκις
1283 2672 1429 2742 λόγῳ
1453 2669 1644 2743 ἐθερά-

1807 2669 1915 2724 iam
1940 2669 2196 2725 Christus
2220 2685 2279 2725 se
2308 2671 2514 2740 gessit..
2535 2670 2691 2740 Saepe
2719 2671 2907 2732 verbo.
2964 2686 3108 2742 saepe
3152 2671 3318 2725 etiam

132 2776 277 2822 πευσε,
296 2760 540 2825 πολλάκις
566 2763 738 2834 ἔργῳ,
768 2762 1025 2826 πολλάκις
1046 2761 1140 2816 καὶ
1157 2761 1259 2832 τὴν
1289 2763 1448 2832 χεῖρα
1475 2778 1646 2833 προσ·-

1793 2769 1897 2814 ιοιο
1929 2762 2177 2824 curabat,
2231 2771 2394 2833 atque
2426 2760 2819 2816 infirmioribus
2865 2776 3087 2816 manum
3147 2762 3312 2817 etiam

131 2851 308 2920 ήγαγεν,
335 2853 460 2906 ὅπου
491 2849 636 2924 ἦσαν
686 2854 1084 2923 ἀσθενέστεροι.
1119 2849 1255 2908 Εἶτα
1287 2854 1315 2905 ό
1341 2851 1531 2918 ἰαθεὶς,
1585 2853 1646 2905 οὐ

1800 2854 2088 2926 arrigebat.
2120 2855 2294 2911 Porro
2329 2854 2562 2910 claudus
2590 2854 2680 2910 ille
2712 2863 2942 2910 sanatus
2998 2869 3107 2910 non
3141 2856 3319 2910 solum

134 2943 255 3010 μόνον
277 2945 446 3010 ἁπλῶς
480 2945 826 3018 περιεπάτει,
881 2945 1015 2998 ἀλλὰ
1067 2947 1160 3000 καὶ
1218 2945 1452 3014 ἅλμασιν
1487 2944 1652 3015 ἐχρῆα

1806 2946 2088 3014 nbulabat,
2132 2947 2229 3004 sed
2281 2948 2448 3004 etiam
2503 2949 2796 3004 exsiliebat
2847 2963 2958 3019 prae
2991 2948 3214 3020 gaudio,
3256 2963 3325 3003 ac

131 3050 174 3084 το
206 3037 431 3107 σκιρτῶν,
475 3036 764 3108 πειράζων
801 3037 993 3090 ἐαυτὸν
1021 3036 1096 3109 μὴ
1125 3035 1279 3109 [ἄρα]
1313 3036 1497 3099 ἁπλῶς
1535 3037 1650 3088 ἐστι

1798 3037 2057 3093 (sitiendo
2103 3038 2372 3104 tentabat,
2433 3053 2566 3094 num
2613 3039 2838 3094 omnino
2871 3049 3096 3095 sanatus
3150 3049 3317 3095 esset.

132 3126 563 3196 τόχεγονόςπινές
601 3128 657 3182 δέ
690 3145 874 3200 φασιν,
925 3128 1007 3182 ὅτι
1051 3129 1234 3200 ἠγνόει
1293 3129 1640 3199 περιπατεῖν.

1807 3131 1986 3186 uidam
2062 3141 2245 3186 autem
2321 3133 2534 3198 dicunt,
2609 3149 2734 3189 cum
2805 3133 3058 3188 incedere
3141 3134 3320 3189 nesci-

1757 3237 1924 3277 νιεεε.

671 3316 1040 3371 KEIMENON
1674 3283 1721 3346 (ἶ
2281 3317 2446 3389 206
2492 3316 2790 3376 TEXTUS.

185 3425 272 3480 Καὶ
315 3425 441 3482 εἶδεν
497 3430 666 3485 αὐτὸν
730 3432 1040 3495 πᾶςὸλαὸς
1082 3432 1520 3503 περιπατοῦντα.
1553 3435 1650 3488 καὶ

1821 3423 1909 3490 III,
1949 3425 2003 3489 9,
2031 3424 2121 3482 10.
2145 3425 2212 3480 ΕΙ.
2242 3425 2379 3480 vidit
2411 3427 2592 3482 omnis
2618 3427 2852 3497 papulus
2877 3441 3002 3482 cum
3037 3426 3327 3483 ambulan-

138 3516 337 3574 αἰνοῦντα
369 3523 454 3578 τὸν
481 3524 640 3578 Θεόν.
681 3524 1082 3594 Ἐπεγίνωσκόν
1109 3541 1169 3578 τε
1208 3525 1392 3587 αὐτὸν,
1451 3525 1533 3578 ὅτι
1561 3519 1652 3579 οὗ·

1803 3535 1858 3571 ςιιι
1911 3526 1967 3574 et
2018 3518 2332 3574 laudantem
2394 3519 2583 3574 Deum.
2646 3520 3062 3591 Cognoseebant
3138 3531 3322 3578 autem

138 3624 203 3672 τος
247 3606 352 3682 ἦνὸ
383 3616 512 3686 πρὸς
548 3615 652 3687 τὴν
704 3616 1080 3687 ἐλεημοσύνην
1143 3616 1451 3686 καθήμενος
1482 3618 1540 3669 ἐν
1582 3619 1650 3687 τῇ

1814 3624 1926 3677 ιιιη,
1951 3609 2099 3681 quod
2133 3611 2249 3682 ipse
2273 3617 2413 3675 erat,
2437 3611 2529 3682 qui
2558 3612 2624 3666 ad
2652 3611 3054 3683 eleemosyuam
3102 3613 3328 3669 sedebat

146 3697 294 3772 Ὡραίᾳ.
348 3707 485 3777 πύλῃ
509 3707 608 3761 τοῦ
639 3707 786 3779 ἱεροῦ
808 3725 820 3738 ·
855 3709 950 3761 καὶ
1005 3709 1358 3780 ἐπλήσθησαν
1405 3708 1652 3778 θάμὸους

1808 3702 1820 3756 ι
1861 3703 2177 3774 Speciosam
2214 3712 2426 3774 portam
2469 3704 2697 3773 templi:
2730 3713 2785 3759 ct
2807 3705 3012 3773 impleti
3047 3717 3176 3760 sunt
3211 3715 3327 3761 slu-

139 3793 206 3842 καὶ
223 3794 496 3862 ἐκστάσεως
525 3800 622 3852 ἐπὶ
651 3799 728 3868 τῷ
769 3799 1142 3871 συμϐεϐηκότι
1168 3799 1341 3871 αὐτῷ.

1754 3810 1887 3866 pore
1945 3804 2000 3851 et
2039 3797 2269 3862 exstasi,
2297 3796 2353 3851 in
2383 3811 2450 3852 eo
2480 3796 2627 3867 quod
2667 3796 2977 3868 contigerat
3010 3798 3108 3853 illi.

690 3909 1072 3964 EPMHNEIA.
2249 3905 2826 3963 COMMENTARIUS.

189 4010 351 4078 Καλῶς
378 4035 558 4087 φησιν,
586 4017 669 4070 ὅτι
700 4037 718 4069 ι
740 4018 1137 4087 Ἐπεγενωσκον
1171 4019 1355 4086 αὑτὸν,
1387 4021 1468 4074 ὅτι
1498 4016 1655 4086 οὗτος

1827 4016 1994 4072 Recte
2037 4015 2236 4088 inquit,
2271 4015 2418 4087 quod
2454 4034 2473 4068 ι
2509 4016 2931 4086 Cognoscebant
2977 4019 3154 4083 illum,
3182 4020 3327 4090 quod

137 4093 186 4169 ἦν
210 4105 232 4155 ὁ
257 4107 374 4176 πρὸς
401 4111 496 4180 τὴν
521 4109 896 4179 ἐλεημοσύνην
921 4109 1230 4181 καθήμενος
1254 4113 1347 4164 ἐπὶ
1374 4115 1440 4182 τῇ
1464 4113 1656 4184 Ὡραίᾳ

1815 4121 1876 4162 se
1913 4115 2056 4173 erat,
2079 4107 2174 4177 qui
2209 4107 2276 4162 ad
2307 4107 2711 4180 eleemosynam
2753 4109 2976 4165 sedebat
3012 4110 3077 4164 ad
3109 4111 3330 4181 Specio-

141 4190 246 4263 πύλῃ
266 4210 280 4225 ο
295 4215 310 4246 ι
334 4198 391 4250 οὐ
417 4201 522 4272 γάρ
543 4217 664 4264 πως
691 4199 772 4252 ἔτι
799 4199 1122 4269 ἐγνωρῖζετο
1142 4205 1451 4272 μετέπειτα.
1473 4201 1659 4276 Ταύτῃ

1809 4214 1875 4252 im
1933 4205 2147 4268 portam
2223 4199 2442 4268 templi,
2494 4217 2514 4250 ι
2575 4200 2703 4268 quia
2766 4209 2953 4270 postea
3013 4215 3151 4270 pene
3219 4219 3328 4257 nou

139 4280 286 4355 τάρτῇ
303 4289 434 4354 λέξει
457 4292 780 4363 κεχρήμεθα
801 4294 1014 4346 ἐπὶτῶν
1037 4293 1188 4364 μόλις
1218 4295 1655 4366 γνωριζομένων.

1811 4291 1996 4363 nplius
2017 4291 2481 4360 dignoscebatur:
2523 4293 2626 4346 hac
2687 4293 2831 4346 enim
2871 4306 3004 4346 voce
3027 4294 3234 4347 utimur
3263 4295 3330 4347 de

145 4372 303 4430 ’ἰστέον
322 4379 461 4436 όὲὸτι
484 4385 586 4436 καὶ
610 4381 784 4448 οὗτος,
811 4383 900 4437 διὰ
925 4384 1082 4439 τοῦτο
1114 4386 1449 4457 προσήδρευε
1474 4388 1539 4456 τῇ
1563 4384 1658 4438 τοῦ

1810 4386 1969 4456 squi
2029 4385 2120 4438 vix
2177 4391 2608 4455 cognoscuntur.
2677 4384 2971 4439 Sciendum
3045 4401 3174 4439 vero
3245 4398 3329 4440 est

139 4461 601 4546 Σολομῶντοςιστοᾷ,
622 4478 751 4540 iam;
769 4478 1011 4548 οἰόμενος
1031 4477 1314 4545 τεύξεσθαι
1335 4497 1476 4540 τινος
1494 4478 1657 4549 θερα-

1806 4477 1967 4532 Icirco
2002 4476 2240 4533 fortasse
2268 4493 2391 4533 eum
2410 4476 2622 4532 sedisse
2652 4476 2708 4530 in
2741 4477 2953 4545 porticu
2997 4475 3325 4541 Salomonis,

140 4559 263 4624 τείας
287 4564 372 4616 ἐπὶ
395 4569 457 4637 τῇ
483 4567 578 4620 τοῦ
613 4567 832 4638 Σιλωάμ
873 4569 1250 4640 κολυμϐήθρᾳ,
1300 4569 1483 4632 καθὼς
1513 4570 1659 4639 καὶὸ

1807 4568 1910 4623 ιιοὰ
1977 4575 2222 4638 speraret
2301 4569 2594 4623 sanitatem
2663 4582 2722 4621 se
2783 4558 3212 4623 consecuturum
3272 4571 3326 4624 in

139 4652 383 4715 τριάκοντα
406 4658 500 4710 καὶ
527 4658 676 4712 όκτὼ
698 4659 793 4728 ἐτη
821 4659 959 4731 ἔχων
982 4661 1306 4730 παράλυτος,
1327 4662 1388 4714 ὃν
1416 4661 1602 4716 ἰάσατο
1630 4665 1658 4715 ὀ

1809 4661 2090 4727 atatoriis,
2142 4675 2238 4717 seu
2301 4660 2514 4731 piscina
2567 4658 2716 4715 Siloe
2741 4661 2811 4725 “,
2863 4661 3328 4730 quemadmodum

139 4738 308 4812 Σωτήρ.
330 4750 418 4800 ’ον
437 4751 485 4802 οἱ
513 4750 804 4804 ἀπόστολοι
849 4751 1054 4821 Πέτρος
1077 4754 1170 4805 καὶ
1199 4754 1434 4822 Ιωάννης
1464 4754 1658 4817 ἰδόντες

1810 4753 2094 4823 aralyticus
2121 4753 2212 4808 ille
2241 4754 2336 4824 qui
2402 4751 2635 4808 habebat
2681 4753 2904 4823 triginta
2927 4764 2981 4809 et
3009 4765 3132 4809 octo
3151 4770 3329 4808 annos

140 4828 186 4898 [Ῑ.
209 4835 315 4890 add.
341 4842 431 4892 xui.
458 4843 705 4914 γνόντες]
745 4844 843 4912 τὴν
867 4844 1047 4897 αἰτίαν
1073 4846 1170 4915 τῆς
1198 4847 1543 4917 προσεδρίας,
1577 4849 1659 4900 ὅτι

1808 4862 1816 4897 ι
1853 4843 2174 4898 inﬁrmitate
2239 4859 2361 4910 sua,
2420 4859 2581 4914 quem
2613 4846 2828 4900 sanavit
2855 4846 3143 4901 Dominus.
3174 4846 3327 4900 Illqu

139 4927 302 4998 καίπερ
320 4935 626 5003 προσαιτῶν
647 4936 931 5008 ἐπορίζετο
949 4936 1047 5008 τὴν
1063 4939 1292 5010 τροφὴν,
1313 4941 1414 4992 οὐκ
1439 4941 1658 5008 ἀπέγνω

1813 4952 1894 5008 'go
1923 4951 2049 4991 cum
2091 4937 2357 4992 vidissent
2386 4934 2583 4991 Petrus
2610 4943 2665 4992 et
2693 4935 2963 5001 Joannes,
2993 4953 3332 5006 causamque

140 5015 212 5082 τῆς
239 5019 534 5090 θεραπείας,
582 5027 956 5098 ἐθεράπευσαν
987 5031 1152 5083 αὑτὸν
1201 5033 1294 5084 ἐπὶ
1325 5031 1402 5102 τῷ
1434 5032 1659 5102 ὀνόματι

1812 5035 2100 5097 impertam
2146 5029 2432 5094 baberent,
2490 5027 2560 5082 ob
2622 5042 2788 5096 quam
2851 5029 2988 5081 inibi
3046 5030 3331 5094 assideret,

139 5107 211 5157 τοῦ
233 5111 470 5181 Χριστοῦ.
510 5139 528 5172 ι
559 5120 760 5173 Τοῦτον
789 5121 920 5192 γὰρ,
949 5124 1135 5193 φησὶν,
1173 5123 1232 5176 ὃν
1273 5121 1529 5194 θεωρεῖτε
1565 5125 1658 5178 καὶ

1812 5121 1973 5176 :ilicet
2013 5131 2074 5176 ttt
2105 5137 2213 5176 non
2273 5123 2451 5177 solum
2501 5122 2734 5192 petendo
2780 5121 2985 5175 victum
3034 5121 3135 5175 sibi
3177 5135 3331 5174 com-

139 5196 301 5266 οἴδατε,
357 5208 652 5280 ἐστερέωσε
676 5215 736 5266 τὸ
756 5213 926 5285 ὄνομα
977 5215 1142 5270 αὑτοῦ
1167 5232 1182 5247 ο
1221 5215 1317 5269 καὶ
1351 5218 1385 5286 ἠ
1419 5217 1597 5279 πίστις
1625 5217 1657 5287 ἠ

1809 5222 2004 5280 araret,
2069 5213 2162 5268 sed
2196 5216 2322 5284 quia
2387 5215 2454 5270 de
2502 5215 2738 5270 sanitate
2789 5213 3160 5283 recuperanda
3222 5229 3328 5268 non

197 5373 232 5403 ¹¹
255 5375 398 5438 ιοειιι.
437 5402 512 5452 ix,
539 5389 592 5443 7.

1245 5528 1447 5590 Vat-ite
1492 5529 1798 5592 lectiones
1845 5537 1906 5592 et
1950 5539 2140 5592 note).

227 5606 265 5640 ω
293 5614 502 5691 Χωλεῖᾳ.
578 5623 623 5655 "
658 5623 843 5680 τόπου.

200 5765 296 5837 “ei
374 5774 445 5830 Ita
503 5784 716 5854 corrigo
779 5799 845 5838 cx
918 5782 1334 5856 Cbrysostomo.
1398 5783 1453 5838 ln
1530 5785 1664 5840 cedit

145 5833 290 5891 πάντα
315 5844 544 5900 ἐκίνησε.
1655 5863 1658 5866 ’

1816 5795 1982 5842 nostro
2053 5787 2358 5844 habebatur
2411 5787 2630 5856 λέγεται
2689 5789 2746 5842 δὲ
2820 5793 3067 5862 σημεῖον,
3135 5793 3229 5864 ἀφ’
3275 5792 3335 5850 οὗ

445 5883 457 5919 ι

497 5868 544 5906 ε.
