3848 6540
436 361 548 424 879

1364 360 1703 420 TilEOPII‘l
1715 360 1923 420 LACTI
1954 361 2364 423 BULGARL’E
2393 362 2745 426 ARCIIIEP.

3578 365 3676 431 880

449 470 819 541 desperabat,
849 471 1137 527 sanitatem
1171 468 1246 523 illi
1307 469 1619 539 impertiere
1683 470 1737 524 in
1805 469 2025 525 nomine

2140 469 2192 522 it‘
2222 470 2388 524 αὐτοῦ
2421 471 2619 527 ἔδωκεν
2648 469 2799 543 αὑτῷ
2831 470 2930 543 τὴν
2962 471 3284 555 ὁλοκληρίαν
3343 472 3542 548 ταύτην
3577 479 3676 534 ἀπ-

452 562 662 617 Domiui
695 560 825 617 Jesu
856 562 1082 619 Christi.
1122 579 1141 613 ι
1180 559 1335 618 Hunc
1375 564 1541 628 enim,
1574 563 1672 629 ait,
1717 577 1882 634 quem
1910 576 2006 617 vos

2140 562 2299 616 Lvavn
2328 562 2549 619 πάντων
2575 563 2748 633 ὑμῶν.
2778 582 2797 617 ι
2993 560 3003 570 ’

451 657 668 711 vidistis
689 662 742 710 et
778 656 977 723 nostis,
1003 656 1352 733 conﬁrmavit
1382 670 1578 711 nomen
1594 656 1749 726 ejus:
1779 661 1832 709 et
1854 653 2013 720 ﬁdes,
2054 667 2174 723 quae
2209 668 2306 723 per
2332 670 2456 711 eum
2489 666 2595 723 est,
2636 653 2783 712 dedit
2852 655 3119 728 integram
3165 658 3463 717 sanitatem
3533 661 3675 719 istam

452 752 506 805 in
538 758 831 822 conspectu
874 752 1117 806 omnium
1151 762 1393 809 vestrum
1422 753 1489 806 θ’.
1534 771 1552 804 ι

760 842 1002 900 Sahhato
1030 844 1387 901 hebdomadas
1418 843 1726 901 Paschalis.

1100 933 1284 990 ΤΕΧΤ
1295 934 1398 990 US.

526 1030 591 1084 lll
612 1071 627 1098 ,
667 1027 855 1084 ιιι-16.
888 1026 1024 1082 Cum
1064 1036 1274 1084 teneret
1303 1038 1483 1084 autem
1510 1027 1733 1085 Petrum
1763 1037 1815 1084 et
1859 1025 2028 1084 Joan-

452 1138 598 1187 nem,
633 1122 879 1177 cucurrit
920 1121 1100 1176 omnis
1148 1121 1381 1190 populus
1410 1121 1477 1175 ad
1504 1137 1599 1177 cos
1646 1121 1713 1175 ad
1751 1120 2024 1191 porticum

452 1233 575 1287 qua:
615 1214 921 1286 appellatur
971 1211 1282 1269 Salomonis
1305 1253 1320 1278 .
1353 1221 1658 1283 stupentes.
1690 1213 1896 1269 Videns
1927 1229 2028 1267 au-

455 1321 561 1366 tem
610 1311 826 1376 Petrus,
863 1308 1145 1379 respondit
1177 1308 1247 1364 ad
1271 1308 1571 1379 populum:
1604 1307 1721 1364 Viri
1744 1308 2024 1374 Israelita,

457 1403 587 1474 quid
612 1402 883 1457 miramini
919 1402 973 1455 in
1002 1401 1127 1466 hoc,
1155 1409 1251 1457 aut
1269 1416 1370 1457 nos
1390 1401 1517 1471 quid
1538 1398 2025 1468 intuemini,quasi

455 1502 644 1549 iiustra
680 1493 879 1546 virtute
908 1497 1002 1544 aut
1035 1495 1300 1560 potestate
1330 1487 1619 1545 fecerimus
1645 1488 1792 1541 hunc
1825 1485 2021 1538 ambu-

457 1584 603 1639 lare?
640 1584 781 1639 Deus
804 1582 1099 1647 Abraham,
1133 1590 1186 1636 et
1206 1581 1348 1637 Deus
1377 1581 1617 1646 lsaae,et
1654 1579 1795 1633 Deus
1829 1575 2018 1635 Jacob.

455 1671 600 1727 Deus
622 1682 832 1740 patrum
856 1677 1165 1725 nostrorum
1195 1669 1462 1740 glorificat
1482 1683 1707 1739 puerum
1729 1666 1841 1736 (fi)
1860 1678 2020 1721 suum

2408 838 2500 910 Τῷ
2541 838 2802 908 Σαϐϐάτῳ
2838 839 2937 910 τῆς
2965 841 3418 913 Διακαινησίμου.

2713 931 3105 987 ΚΕΙΜΕΝΟΝ.

2200 1020 2552 1093 Κρατοῦντος
2580 1020 2636 1074 δὲ
2660 1019 2756 1075 τοῦ
2788 1020 3030 1085 ἰαοέντος
3054 1021 3229 1093 χωλοῦ
3262 1021 3355 1075 τὸν
3384 1022 3581 1094 Πέτρον
3598 1027 3679 1080 καὶ

2138 1115 2416 1185 Ἰωάννην,
2446 1113 2750 1186 συνέδραμε
2781 1115 2887 1177 πᾶς
2916 1114 2946 1166 δ
2966 1114 3096 1177 λαὸς
3121 1114 3257 1185 πρὸς
3277 1115 3478 1180 αὐτοὺς
3507 1118 3591 1172 ἐπὶ
3619 1122 3677 1191 τῇ

2129 1207 2261 1277 στοᾷ
2293 1209 2357 1277 τῇ
2387 1206 2699 1277 καλουμένῃ
2745 1204 3092 1277 Σολομῶντος
3127 1207 3421 1279 ἔκθαμϐοι.
3466 1210 3604 1265 ’ἰδὼν
3630 1212 3676 1267 δὲ

2123 1298 2351 1366 Πέτρος,
2380 1296 2718 1369 ἀπεκρίνατο
2752 1300 2889 1370 πρὸς
2919 1301 3010 1352 τὸν
3045 1290 3194 1353 λαόν⁹
3238 1301 3678 1375 ἈνδρεςῚσραη-

2123 1390 2289 1455 λῖται,
2320 1391 2373 1443 τί
2405 1390 2723 1460 θαυμάζετε
2777 1392 2868 1445 ἐπὶ
2924 1391 3118 1460 τούτῳ,
3167 1391 3200 1465 ἢ
3263 1395 3397 1464 ἡμῖν
3422 1394 3476 1447 τί
3517 1395 3676 1447 ἀτενί-

2124 1481 2267 1548 ζετε,
2295 1483 2371 1547 ὡς
2405 1484 2511 1554 ἰδίᾳ
2574 1482 2828 1554 δυνάμει,
2861 1485 2894 1559 ἢ
2928 1484 3179 1555 εὐσεϐείᾳ
3222 1486 3551 1557 πεποιηκόσι
3599 1488 3675 1541 τοῦ

2133 1576 2462 1646 περιπατεῖν
2524 1575 2725 1643 αὐτόνς
2770 1577 2827 1629 Ὀ
2881 1577 3015 1640 Θεὸς
3069 1576 3343 1649 Ἀϐραὰμ,
3399 1578 3679 1644 καὶόΘεὸς

2141 1666 2349 1732 Ἰσαὰκ,
2373 1667 2467 1722 καὶ
2491 1668 2520 1721 ὸ
2541 1668 2673 1732 Θεὸς
2688 1667 2903 1734 Ἰακὼϐ,
2930 1670 2958 1722 δ
2977 1667 3108 1732 Θεὸς
3132 1669 3242 1722 τῶν
3274 1668 3679 1742 πατὲρωνήμῶν

452 1766 666 1826 Jesum,
699 1778 858 1835 quem
910 1778 1007 1820 vos
1040 1762 1260 1834 quidem
1328 1760 1633 1816 tradidistis
1682 1766 1737 1815 et
1780 1757 2023 1828 negastis

2140 1760 2349 1826 ἑδόξασε
2414 1760 2506 1814 τὸν
2563 1761 2737 1814 Παϊδα
2795 1760 2961 1814 αὐτοῦ
3006 1759 3233 1832 Ἰησοῦν,
3270 1760 3333 1816 δν
3376 1762 3532 1832 ὑμεῖς
3596 1764 3680 1833 μὲν

458 1864 585 1911 ante
632 1855 823 1911 faciem
888 1854 1070 1922 Pilati,
1120 1854 1406 1925 iudicante
1452 1854 1546 1907 illo
1611 1850 1850 1906 dimitti.
1913 1846 2026 1903 Vos

454 1957 641 2002 autem
672 1956 921 2002 sanetum
996 1958 1050 2002 et
1097 1939 1334 2016 justum'
1367 1943 1633 2015 negastis,
1707 1949 1762 1998 et
1808 1939 2028 2011 petistis

454 2042 635 2095 virum
674 2038 1005 2094 homicidam
1057 2037 1252 2095 donari
1296 2037 1493 2095 vobis:
1539 2036 1836 2090 Auctorem
1899 2045 2029 2086 vero

464 2132 988 2196 vitzeinterfecistis,
1033 2147 1193 2203 quem
1227 2133 1368 2187 Deus
1392 2128 1729 2185 suscitavita
1775 2126 2029 2190 mortuis,

455 2229 615 2296 ciijtts
653 2244 756 2283 nos
783 2236 952 2283 testes
996 2241 1212 2283 sumus.
1247 2227 1315 2280 Et
1344 2225 1399 2280 in
1437 2223 1543 2278 tide
1593 2221 1833 2276 nominis
1883 2219 2026 2290 ejus,

461 2323 628 2386 hunc,
691 2335 853 2391 quem
921 2334 1020 2376 vos
1056 2318 1272 2373 vidistis
1324 2324 1380 2373 et
1430 2315 1630 2380 nostis,
1684 2311 2032 2370 confirmavit

456 2429 655 2468 nomen
709 2413 866 2483 eius;
924 2421 977 2468 et
1027 2409 1185 2477 ﬁdes,
1242 2423 1365 2480 qua:
1413 2423 1511 2479 per
1557 2421 1680 2463 eum
1724 2414 1829 2471 est,
1882 2401 2033 2458 dedit

455 2508 727 2575 integram
785 2504 946 2575 207
1002 2505 1295 2561 sanitatem
1362 2500 1529 2557 istam
1601 2500 1655 2553 in
1732 2502 2031 2566 conspectu

456 2596 703 2650 omnium
731 2603 997 2651 vestrum.

949 2773 1522 2835 COMMENTARIUS.

530 2889 552 2925 ι
594 2868 854 2935 Puerum,
894 2888 913 2923 ι
953 2884 1048 2925 seu
1090 2881 1311 2924 servum
1348 2867 1442 2922 Dei
1498 2865 1686 2922 Iesum
1751 2860 2032 2919 Christum

457 2962 700 3035 (tametsi
734 2960 903 3016 Deum
936 2970 991 3014 et
1048 2960 1142 3015 Dei
1180 2958 1401 3030 Filium)
1426 2957 1622 3013 Petrus
1654 2955 1915 3027 appellat,
1936 2968 2030 3009 ιδυ-

462 3057 610 3110 tione
636 3053 1031 3121 humanitatis;
1059 3051 1289 3108 fortnam
1322 3055 1467 3108 enim
1492 3050 1638 3107 servi
1665 3066 1788 3107 cum
1822 3049 1913 3105 ille
1943 3062 2037 3103 ac-

2130 1851 2507 1923 παρεδώκατε,
2540 1853 2637 1906 καὶ
2693 1851 3009 1926 ἠρνήσασθε
3041 1853 3203 1907 αὑτὸν
3234 1854 3379 1908 κατά
3411 1855 3681 1924 πρόσωπον

2129 1942 2362 1998 Πιλάτου
2404 1943 2693 2013 κρίναντος
2736 1943 2949 1998 ἐκείνου
2980 1943 3262 2002 ἀπολύειν.
3299 1943 3492 2015 Ὑμεῖς
3516 1946 3569 2000 δὲ
3602 1947 3683 1999 τὸν

2129 2035 2285 2105 ἅγιον
2317 2034 2410 2089 καὶ
2467 2035 2675 2089 δίκαιον
2728 2035 3066 2107 ἠρνήσασθε,
3110 2036 3205 2089 καὶ
3231 2036 3509 2109 ᾐτήσασθε
3534 2037 3680 2108 ἄνδρα

2130 2128 2300 2198 φονέα
2356 2127 2690 2201 χαρισθῆναι
2719 2129 2874 2200 ἡμῖν.
2917 2128 3022 2181 Τὸν
3052 2127 3110 2182 δὲ
3145 2129 3396 2200 ἀρχηγὸν
3427 2130 3527 2199 τῆς
3556 2130 3682 2201 ζωῆς

2130 2220 2511 2286 ἀπεκτείνατε,
2543 2219 2602 2274 δν
2623 2221 2652 2274 ό
2678 2220 2812 2284 Θεὸς
2845 2220 3068 2292 ἤγειρεν
3094 2222 3160 2276 ἐκ
3180 2223 3414 2294 νεκρῶν,
3445 2218 3506 2277 οὖ
3543 2225 3683 2295 ἡμεῖς

2131 2310 2300 2381 ἐσμὲν
2356 2311 2656 2384 μάρτυρες.
2718 2311 2829 2365 Καὶ
2867 2313 2959 2365 ἐπὶ
2980 2314 3047 2384 τῇ
3075 2313 3259 2367 πίστει
3298 2313 3396 2367 τοῦ
3444 2314 3682 2383 ὀνόματος

2133 2404 2323 2472 αὐτοῦ,
2376 2403 2568 2458 τοῦτον
2612 2404 2675 2460 δν
2704 2403 2961 2477 θεωρεῖτε
3015 2406 3113 2459 καὶ
3160 2406 3364 2472 οῖδατε,
3409 2407 3684 2477 ὲστερέωσε

2131 2495 2192 2550 τὸ
2222 2493 2395 2568 ὄνομα
2442 2494 2644 2550 αὐτοῦ’
2702 2497 2799 2551 καὶ
2829 2498 2863 2568 ἡ
2894 2497 3079 2561 πίστις
3113 2498 3239 2570 ἠδι*
3287 2497 3461 2554 αὐτοῦ
3506 2499 3682 2567 ξδωκεν

2132 2588 2280 2659 αὐτῷ
2334 2586 2433 2660 τὴν
2497 2587 2824 2660 ὁλοκληρίαν
2876 2589 3107 2660 ταύτηΨ
3144 2587 3414 2646 ἀπέναντι
3480 2591 3674 2647 πάντων

2135 2682 2311 2753 ὑμῶν.

2650 2840 2655 2845 ,
2714 2771 3098 2833 mxuma:

2212 2889 2231 2922 ο
2256 2870 2428 2923 Παῖδα
2454 2888 2472 2921 ι
2498 2869 2658 2937 Θεοῦ,
2683 2870 2803 2941 ἦτοι
2833 2870 3039 2937 δοῦλον,
3074 2870 3164 2924 τὸν
3208 2867 3419 2942 Ἰησοῦν
3448 2871 3591 2927 καλεῖ
3608 2871 3679 2926 διὰ

2136 2960 2195 3015 τὸ
2239 2960 2598 3033 ἀνθρώπινον,
2647 2960 2780 3014 Θεὸν
2818 2958 2951 3016 ὂντα
2989 2960 3087 3015 καὶ
3117 2960 3253 3015 Θεοῦ
3288 2961 3419 3015 Υίόν
3446 2978 3462 2993 ·
3510 2961 3671 3032 ἔπειδή

2136 3054 2322 3109 δούλου
2358 3054 2571 3128 μορφὴν
2596 3053 2904 3122 ἀναλαδὼν,
2943 3053 3039 3109 καὶ
3074 3055 3367 3127 γενόμενος
3396 3056 3671 3125 ἄνθρωπος.

457 3148 718 3217 cepisset,
772 3146 950 3202 factus
984 3145 1168 3208 homo,
1201 3146 1384 3199 omnia
1432 3145 1669 3199 humana
1706 3141 1895 3199 subiit.
1937 3142 2027 3196 Sic

2140 3148 2316 3204 πάντα
2338 3148 2549 3218 ὑπέστη
2571 3147 2641 3202 τὰ
2663 3147 2999 3217 ἀνθρώπινα.
3037 3145 3196 3201 Οὕτω
3227 3148 3337 3217 γὰρ
3377 3148 3468 3202 καὶ
3489 3150 3533 3201 οί
3561 3162 3669 3215 προ-

458 3254 583 3294 eum
621 3239 785 3294 etiam
837 3238 1112 3308 propheta:
1137 3252 1280 3307 saepe
1311 3246 1528 3292 vocant.
1568 3237 1663 3290 Vel
1694 3235 1768 3290 ita
1810 3236 2027 3290 loeutus

456 3338 540 3387 est
565 3329 782 3394 Petrus,
812 3338 873 3384 ut
906 3344 1030 3385 sese
1063 3329 1379 3383 auditorum
1414 3328 1780 3384 imbecillitati
1832 3334 2030 3383 attem-

458 3430 693 3495 peraret,
720 3431 772 3478 et
793 3436 1101 3478 sermonem
1134 3436 1297 3478 suum
1332 3421 1547 3477 facilem
1610 3420 1893 3488 redderet,
1930 3418 2025 3490 qui

456 3516 525 3570 ab
550 3515 688 3586 ipsis
719 3513 1079 3586 reciperetur.

1091 3602 1391 3660 TEXTUS.

528 3695 614 3759 fil.
647 3696 729 3763 ΓΙ,
754 3696 843 3752 f8.
885 3694 949 3750 Et
982 3711 1148 3760 nunc,
1201 3694 1420 3764 fratres,
1451 3697 1566 3753 seio
1590 3698 1718 3767 quia
1751 3710 1851 3768 per
1879 3701 2030 3767 igno-

459 3788 695 3846 rantiam
752 3785 963 3843 fecistis
1012 3787 1155 3842 sicut
1201 3794 1256 3842 et
1305 3787 1584 3857 principes
1626 3787 1822 3842 vestri.
1882 3788 2028 3843 Deus

459 3893 666 3947 autem,
705 3897 824 3951 quae
854 3882 1236 3952 praenuntiavit
1263 3897 1360 3952 per
1402 3896 1464 3936 os
1487 3881 1730 3938 omnium
1789 3881 2028 3953 propheu

460 3985 637 4028 tarum
666 3973 777 4043 pati
800 3972 1080 4029 Christum
1114 3987 1300 4037 suum,
1326 3972 1410 4028 sic
1442 3972 1709 4043 implevit.

953 4063 1530 4122 COMMENTARIUS.

530 4156 801 4224 Quoniam
832 4156 996 4212 valde
1032 4171 1127 4213 eos
1170 4158 1567 4227 perstrinxerat
1600 4165 1655 4212 et
1707 4157 2029 4215 ostenderat

457 4268 605 4315 cum,
631 4267 792 4323 quem
823 4251 924 4322 ipsi
961 4250 1368 4315 crucifixeraut,
1434 4249 1847 4317 resurrexisse;
1885 4249 2030 4306 facta

459 4346 571 4400 illis
601 4352 870 4414 potestate
918 4341 1246 4413 pmniteudi,
1278 4341 1474 4396 iterum
1518 4355 1827 4397 sermonem
1879 4340 2028 4396 miti-

458 4445 549 4507 gat
585 4446 637 4491 et
660 4435 739 4490 ait
770 4451 784 4487 :
838 4453 856 4485 ι
886 4434 952 4489 Et
980 4449 1128 4490 nunc
1156 4432 1293 4499 scio,
1328 4432 1552 4501 fratres,
1584 4434 1708 4505 quia
1742 4449 1840 4505 per
1873 4435 2028 4504 igno-

460 4528 694 4583 rantiam
738 4526 968 4591 fecistis,
992 4527 1136 4583 sicut
1170 4534 1226 4579 et
1254 4524 1531 4596 principes
1552 4528 1742 4581 vestri.
1773 4545 1792 4577 ι
1829 4525 2031 4581 Deinde

458 4634 527 4672 ne
561 4617 807 4678 dicereut
862 4614 1196 4682 :Quomodo
1257 4614 1402 4670 Deus
1461 4628 1607 4669 nunc
1644 4615 1796 4668 illum
1852 4614 2033 4671 susci-

458 4717 582 4761 tans
627 4723 657 4759 a
720 4705 974 4767 mortuis,
1016 4704 1285 4776 gloriﬁcat
1313 4706 1405 4775 qui
1449 4716 1579 4761 tunc
1632 4720 1741 4762 non
1776 4705 2032 4776 adjuvit?

460 4799 759 4870 PrOphetas
789 4797 1009 4852 adducit
1034 4798 1409 4861 testiﬁcantes.
1452 4799 1525 4853 ita
1552 4798 1668 4855 ﬁeri
1696 4798 2028 4869 oportuisse.

400 4882 403 4885 ⁴
457 4892 655 4948 Postea
695 4892 957 4956 ostendit,
1013 4891 1155 4960 quod
1184 4906 1296 4946 non
1332 4888 1720 4963 prophetarum
1751 4891 2034 4962 praedictio

458 4985 512 5037 in
538 4997 705 5037 causa
735 4980 923 5045 fuerit,
956 4995 1056 5036 cur
1087 4981 1201 5036 haec
1239 4981 1311 5034 ita
1340 4980 1568 5048 ﬁerent;
1602 4981 1696 5036 sed
1737 4982 1884 5052 quod
1909 4982 2033 5037 illo-

459 5090 576 5127 rum
613 5071 855 5143 nequitia
885 5071 1183 5143 prophetas
1209 5072 1359 5142 ipsos
1405 5071 1671 5141 tot-gerit,
1713 5082 1775 5127 ut
1811 5087 1875 5126 ea
1912 5087 2033 5142 quae

451 5184 550 5237 per
570 5168 790 5222 illorum
818 5167 1154 5235 impietatem
1186 5165 1239 5218 in
1266 5164 1544 5220 Christum
1577 5164 1828 5220 facienda
1850 5177 2028 5232 erant,

456 5258 910 5327 praettuntiarent,
944 5256 1130 5311 subdit
1169 5276 1180 5310 :

514 5370 569 5400 ""
594 5369 716 5422 Act.
760 5366 913 5424 "1.6.

2134 3241 2305 3311 φῆται
2328 3240 2599 3312 πολλαχοῦ
2643 3240 2903 3295 καλοῦσιν
2930 3240 3115 3295 αὐτόν.
3150 3241 3220 3294 Ἣ
3255 3239 3669 3308 συγκαταϐαίνων

2134 3336 2201 3404 τῇ
2245 3334 2354 3385 τῶν
2399 3333 2708 3387 ἀκουόντων
2758 3331 3034 3403 ἀσθενείᾳ,
3093 3331 3244 3397 ὃπως
3302 3331 3668 3404 εὑωράδεκτον

2136 3427 2339 3499 ποιήσῃ
2365 3428 2458 3481 τὸν
2480 3426 2661 3496 λόγον.

2726 3614 3115 3670 ΚΕΙΜΕΝΟΝ.

2206 3707 2319 3764 Καὶ
2336 3707 2432 3763 νῦν
2461 3702 2599 3772 οἶδα,
2629 3707 2870 3779 ἀδελφοὶ,
2890 3708 2973 3761 ὅτι
3001 3709 3142 3762 κατὰ
3163 3707 3388 3776 ἄγνοιαν
3414 3703 3676 3777 ἐπράξατε,

2132 3798 2324 3871 ὥσπερ
2358 3800 2452 3856 καὶ⁸
2479 3801 2533 3853 οἱ
2568 3800 2863 3871 ἄρχονττες
2902 3801 3077 3870 ὑμῶν.
3118 3801 3182 3854 '0
3219 3799 3276 3854 δὲ
3311 3798 3463 3863 Θεὸς,
3503 3797 3537 3852 ἃ
3563 3812 3677 3865 upo-

2136 3892 2467 3961 κατήγγειλε
2488 3892 2576 3946 διὰ
2600 3893 2869 3964 στόματος
2899 3893 3118 3947 πάντων
3144 3894 3256 3947 τῶν
3283 3891 3567 3964 προφητῶν
3593 3888 3675 3943 αὖ·

2133 3979 2229 4033 τοῦ
2254 3979 2447 4035 παοεῐν
2475 3978 2569 4034 τὸν
2597 3980 2855 4051 Χριστὸν,
2889 3981 3209 4052 ἐπλήρωσεν
3237 3982 3408 4041 οὕτω.

2717 4073 3100 4128 ΕΡΜΗΝΕΙΔ.

2224 4162 2451 4235 Ἐπειδὴ
2513 4163 2720 4236 σφόδρα
2769 4165 2948 4221 αὐτῶν
3000 4166 3285 4238 καθήψατο
3309 4207 3326 4233 ,
3371 4169 3465 4223 καὶ
3510 4163 3683 4230 ἔδειξεν

2135 4255 2445 4309 ἀναστάντα
2483 4256 2576 4310 τὸν
2601 4258 3006 4327 σταυρωθέντα,
3040 4258 3217 4324 διδοὺς
3246 4260 3434 4324 αὐτοῖς
3463 4253 3678 4324 tionem

2139 4346 2455 4414 μετανοίας,
2493 4347 2654 4400 πάλιν
2687 4347 2894 4415 ἀνίησι,
2925 4348 3020 4402 καί
3054 4364 3217 4419 φησι*
3258 4367 3279 4401 t
3312 4350 3423 4404 Καὶ
3450 4347 3536 4401 νῦν
3560 4339 3678 4405 οἶδα,

2138 4436 2377 4505 ἀδελφοὶ,
2409 4440 2491 4492 ὅτι
2540 4438 2678 4492 κατά
2705 4436 2933 4507 ἄγνοιαν
2971 4437 3270 4507 ἐπράξατε,
3298 4438 3491 4507 ὥσπερ
3533 4434 3617 4489 καὶ
3637 4431 3678 4484 οἱ

2134 4526 2392 4599 ἄρχοντες
2418 4529 2593 4599 ὑμῶν.
2630 4547 2649 4580 ι
2675 4525 2830 4596 Εἶτα,
2857 4529 2946 4585 ἵνα
2959 4529 3034 4601 μὴ
3052 4529 3399 4595 “mmmam
3420 4529 3535 4591 Πῶς
3561 4521 3680 4598 [νῦν]

2132 4622 2161 4672 ό
2193 4619 2327 4684 Θεὸς
2357 4620 2522 4675 αὑτὸν
2550 4620 2763 4687 δοξάζει
2792 4622 3104 4693 ἀναστήσας
3141 4623 3209 4677 ὲκ
3244 4621 3477 4691 νεκρῶν,
3513 4624 3542 4675 ό
3578 4619 3679 4672 τότε

2138 4712 2212 4782 μὴ
2247 4711 2563 4782 βοηθήσα;;
2604 4715 2843 4784 παράγει
2881 4714 3007 4778 τοὺς
3046 4715 3331 4785 προφήτας
3374 4708 3678 4786 μαρτυροῦν-

2132 4819 2272 4867 τας,
2314 4805 2395 4858 ὅτι
2443 4803 2615 4867 οὓτως
2660 4805 2768 4858 ἔδει
2818 4805 3094 4874 γενέσθαι.
3148 4802 3282 4859 Εἶτα
3329 4805 3574 4868 δεικνὺς,
3611 4802 3679 4855 ὅτι

2133 4896 2232 4966 οὐχ
2270 4896 2303 4966 ὴ
2353 4895 2462 4950 τῶν
2515 4896 2810 4966 προφητῶν
2868 4896 3300 4967 προσαγόρευσις
3324 4897 3372 4928 ⁸ο
3418 4895 3562 4951 αἰτία
3599 4888 3676 4944 τοῦ

2133 4988 2304 5041 ταῦτα
2327 4986 2601 5056 γενέσθαι,
2623 4987 2783 5058 ἀλλ’ἢ
2803 4988 2985 5042 αὐτῶν
3000 4986 3165 5043 κακία
3181 4989 3497 5058 ὴνάγκασεν
3511 4982 3675 5042 aonie;

2130 5078 2240 5132 τῶν
2273 5080 2575 5148 μελλόντων
2606 5078 2851 5147 γίνεσθαι
2884 5079 2953 5131 δι’
2982 5080 3166 5134 αὐτῶν
3208 5081 3291 5143 εἰς
3319 5077 3548 5150 Χριστὸν
3566 5078 3674 5129 ἀσε-

2129 5169 2293 5222 ϐειῶν
2334 5170 2619 5239 προφήτας
2649 5168 2926 5238 γενέσθαι,
2961 5169 3191 5236 ὲπάγεν

1612 5460 1809 5522 Variae
1845 5462 2148 5529 lectiones
2185 5473 2246 5528 et
2291 5471 2479 5526 notae.

528 5541 576 5572 ¹⁹
611 5541 698 5594 ῑσ.
730 5542 1153 5613 προαγόρευε-ις.

530 5667 641 5739 (tl)
679 5665 794 5720 Vox
838 5669 1131 5739 nai;._qua
1182 5663 1268 5717 hic
1320 5662 1496 5714 utitur
1551 5675 1706 5739 sacer
1756 5662 2018 5739 scriptor,

458 5731 674 5809 proprie
705 5752 923 5809 puerum
958 5731 1267 5809 significat;
1300 5748 1408 5801 quo
1433 5732 1654 5787 nomine
1687 5731 2017 5809 intelligitur

456 5803 785 5879 Quandoque
841 5803 1024 5875 ﬁlius,
1079 5803 1407 5874 quandoque

2132 5666 2406 5736 interpres
2438 5665 2621 5735 priore
2644 5678 2808 5737 sensu
2841 5661 3336 5737 reddiditAFilinm.
3374 5662 3474 5717 Sed
3503 5665 3663 5737 noster

2129 5734 2532 5790 commentator
2557 5734 2865 5804 posteriore
2897 5747 3063 5791 sensu
3086 5734 3375 5802 intellexit,
3403 5744 3455 5790 ut
3474 5747 3531 5786 ex
3554 5734 3661 5797 ejus

1484 5816 1684 5857 servus.
1753 5799 2018 5871 Vulgatus
2127 5799 2711 5874 explicatioueliquet.
