3848 6538
139 470 222 541 881
734 470 1187 531 EXPOSITION
1198 472 1268 530 IS
1306 472 1387 531 IN
1419 472 1605 531 ACTA
1629 473 1658 530 Ἰ

1845 475 1926 534 US
1970 476 2237 540 ALTER.
2268 507 2331 516 -
2366 483 2523 543 CAP.
2564 483 2680 542 ili.
3247 486 3364 550 882

537 583 613 654 Τῇ
639 583 684 653 β’
722 584 822 653 τῆς
854 584 899 654 βο
926 585 1242 655 ἑδδόμαδος.
1703 590 1747 642 Α

1703 590 1747 642 Α
2096 585 2251 644 Feria
2284 591 2318 644 2
2356 590 2708 647 hebdomadas
2741 592 3014 665 secundae.

687 673 1081 734 ΚΕΙΜΕΝΟΝ.

2404 681 2708 738 TEXTUS.

189 768 554 840 Μετανοήσατε
594 763 688 821 οὖν
723 769 816 822 καὶ
849 770 1240 842 ἐπιστρέψατε,
1266 770 1344 834 εἰς
1373 773 1434 826 τὸ
1465 770 1670 837 ἐξαλει-

1843 772 1931 838 lll,
1969 773 2154 828 i996.
2193 773 2542 830 Pmnitemini
2609 778 2778 848 igitur
2833 786 2888 833 et
2940 778 3345 847 convertimini,

135 862 301 932 φθῆναι
335 860 485 930 ὑμῶν
510 862 608 925 τᾶς
641 861 940 931 ἁμαρτίας,
966 864 1111 927 ὅπως
1152 864 1216 918 ἂν
1251 863 1445 919 ἔλθωσι
1487 866 1654 937 καιρο¹

1830 910 1831 915 η
1864 866 2150 922 deleantur
2195 877 2412 938 peccata
2445 877 2646 926 vestra.
2681 869 2751 926 Ut
2778 884 2900 925 cum
2937 872 3189 925 venerint
3213 880 3349 927 tem-

133 954 407 1024 ἀναψύξεως
444 953 552 1008 ἀπὸ
596 954 889 1024 προσώπου
952 957 1046 1009 τοῦ
1100 958 1327 1027 Κυρίου,
1388 959 1482 1011 καὶ
1529 960 1652 1013 ἀπο·

1829 974 1907 1014 ira
1938 959 2206 1031 refrigerii
2241 975 2270 1014 a
2306 974 2604 1033 conspectu
2643 962 2881 1026 Domini,
2913 972 2966 1018 et
2994 963 3205 1018 miserit
3227 980 3348 1018 eum

134 1046 286 1115 στείλῃ
309 1045 396 1099 τὸν
426 1047 957 1118 προκεχειρισμένον
984 1050 1118 1120 ήμῖν
1152 1048 1387 1120 Χριστὸν
1438 1051 1653 1122 ἸησοῦνΤ

1828 1051 1863 1105 ιί
1912 1052 2240 1120 praedicatus
2301 1062 2384 1107 est
2419 1054 2595 1120 vobis,
2626 1052 2810 1108 Iesum
2839 1053 3151 1120 Christum,
3188 1069 3347 1124 quem

128 1138 175 1191 ὃν
204 1139 273 1190 δεῖ
309 1138 532 1206 οὐρανὸν
583 1139 682 1209 μὲν
712 1139 967 1205 δέξασθαι
996 1142 1124 1215 ἄχρι
1148 1144 1355 1213 χρόνων
1384 1146 1647 1200 ἀποκατα-

1828 1152 1985 1199 »οτιοι
2018 1146 2240 1212 quidem
2270 1145 2471 1200 etelum
2504 1147 2788 1216 suscipere
2812 1158 2988 1216 usque
3020 1148 3074 1201 in
3106 1160 3347 1216 tempora

132 1230 332 1294 στάσεως
362 1232 603 1294 πάντων,
635 1227 709 1287 ὧν
749 1235 1010 1307 ἐλάλησεν
1040 1239 1068 1290 6
1105 1238 1236 1303 Θεὸς
1277 1238 1365 1293 διὰ
1400 1240 1651 1311 στόματος

1830 1235 2137 1291 stitutionis
2155 1235 2421 1301 omnium,
2446 1251 2566 1306 quae
2597 1237 2815 1291 locutus
2867 1247 2950 1293 est
2976 1238 3120 1294 Deus
3160 1253 3255 1308 per
3283 1250 3346 1292 os

131 1325 314 1376 πάντων
354 1322 459 1377 τῶν
511 1325 684 1392 ἀγέων
737 1327 904 1383 αὑτοῦ
958 1330 1253 1399 προφητῶν
1296 1332 1391 1385 ἀπ’
1435 1333 1650 1398 αἰῶνος.

1823 1335 2087 1381 motorum
2132 1342 2163 1381 a
2212 1327 2415 1383 saecuio
2446 1328 2861 1399 prephetarum.
2895 1329 3107 1401 Moyses
3123 1330 3342 1398 quidem

130 1412 299 1481 Μωσῆς
327 1412 421 1482 μὲν
446 1413 557 1485 γὰρ
591 1417 727 1486 πρὸς
768 1418 897 1482 τοὺς
930 1420 1180 1489 πατέρας
1212 1415 1385 1486 εἶπεν,
1416 1423 1495 1476 ὄτι
1530 1424 1649 1495 Προε

1829 1420 2019 1475 nribus
2058 1419 2197 1476 dixit
2220 1436 2234 1474 :
2254 1418 2586 1491 Prophetam
2605 1422 2892 1478 suseitabit
2913 1423 3065 1478 vobis
3084 1421 3348 1477 Dominus

131 1505 273 1574 φήτην
302 1505 426 1575 ὑμῖν
453 1508 755 1579 ἀναστήσει
787 1509 994 1582 Κύριος
1034 1514 1063 1565 6
1092 1513 1228 1576 Θεὸς
1274 1515 1430 1586 ήμῶν
1462 1519 1526 1571 ὲκ
1555 1519 1650 1571 τῶν

1821 1528 1912 1567 eus
1929 1521 2110 1568 vester
2125 1513 2193 1568 de
2213 1513 2476 1570 fratribus
2498 1515 2724 1580 vestris,
2743 1525 3002 1585 tanquam
3033 1529 3137 1577 me,
3164 1516 3340 1585 ipsum

130 1596 335 1663 ἀδελφῶν
388 1596 543 1667 ὑμῶν
600 1599 678 1663 ὡς
727 1601 852 1672 ἐμὲ.
922 1602 1099 1657 Αὐτοῦ
1160 1605 1457 1659 ἀκούσεσθε
1523 1608 1649 1663 κατά

1827 1604 1935 1675 08
1972 1602 2212 1659 audietis
2266 1604 2425 1675 juxta
2472 1607 2682 1670 omnia,
2710 1622 3055 1677 quaecunque
3126 1607 3346 1660 locutus

132 1689 292 1753 πάντα,
319 1691 417 1744 ὅσα
445 1690 512 1744 ἂν
538 1691 750 1765 λαλήσῃ
794 1694 930 1764 πρὸς
957 1696 1124 1766 ὑμᾶς.
1157 1698 1354 1752 Ἔσται
1396 1699 1475 1767 δὲ,
1512 1702 1651 1754 πᾶσα

1828 1698 1934 1750 erit
1990 1695 2170 1751 vobis.
2218 1693 2335 1750 Erit
2382 1705 2591 1763 autem,
2645 1698 2827 1754 omnis
2864 1699 3044 1752 anima
3076 1712 3195 1766 qua:
3238 1712 3343 1750 non

130 1780 263 1851 ψυχή,
308 1782 425 1851 ἥτις
473 1783 570 1838 ἐὰν
609 1786 684 1856 μὴ
724 1787 935 1860 ἀκούσῃ
972 1789 1069 1843 τοῦ
1114 1792 1394 1863 προφήτου
1428 1794 1649 1863 ἐκείνου,

1816 1785 2003 1840 idierit
2029 1786 2351 1857 prophetam
2389 1787 2565 1853 illum,
2595 1787 3049 1843 exterminabitur
3069 1789 3135 1843 de
3160 1788 3335 1857 plebe.

131 1871 601 1943 ἐξολεθρευθήσεται
627 1879 693 1931 ὲκ
716 1877 810 1932 τοῦ
846 1880 999 1945 λαοῦ,
1032 1883 1127 1935 καὶ
1154 1885 1351 1948 πάντες
1372 1886 1427 1938 δὲ
1454 1888 1501 1939 οί
1532 1905 1650 1958 προ-

1824 1888 1834 1931 L
1872 1894 2067 1937 omnes
2105 1879 2385 1951 propheta:
2407 1895 2437 1934 a
2461 1877 2710 1943 Samuel,
2740 1891 2792 1934 et
2822 1880 3081 1950 deinceps
3112 1881 3206 1950 qui
3261 1881 3343 1933 ln-

139 1964 275 2034 φῆται
300 1965 400 2020 ἀπὸ
428 1969 690 2042 Σαμουὴλ
712 1972 934 2028 καὶτῶν
961 1975 1195 2045 καθεξῆς
1225 1978 1340 2030 ὅσοι
1372 1979 1658 2049 ἐλάλησαν,

1821 1973 1877 2026 tti
1917 1980 2068 2034 sunt,
2103 1971 2573 2027 aununtiaverunt
2602 1971 2720 2027 dies
2752 1968 2909 2028 istos.
2938 1971 3047 2026 Vos
3075 1973 3210 2027 estis
3247 1972 3340 2025 ﬁlii

133 2058 204 2109 καὶ
223 2061 686 2131 προκατήγγειλαν
712 2064 811 2128 τὰς
835 2067 1053 2138 ἡμέρας
1070 2069 1296 2134 ταύτας.
1333 2070 1519 2143 Ὑμεῖς
1541 2076 1652 2128 ἐστε

1823 2063 2162 2133 ὀριιοιοισιιπι
2188 2071 2242 2119 et
2269 2064 2604 2125 testamenti,
2628 2065 2773 2134 quod
2798 2064 3074 2134 disposuit
3108 2064 3249 2121 Deus
3274 2068 3340 2119 ad

135 2149 218 2201 υἱοὶ
245 2151 343 2203 τῶν
368 2154 692 2224 προφητῶν,
723 2155 820 2210 καὶ
848 2158 944 2226 τῆς
972 2159 1261 2232 διαθήκης,
1291 2157 1359 2234 ἧς
1391 2162 1599 2218 διέθετο
1636 2166 1654 2218 ἐ

1821 2164 1954 2211 utres
1989 2163 2233 2222 nostros,
2262 2155 2452 2212 dicens
2476 2156 2545 2211 ad
2580 2157 2853 2212 Abraham
2883 2174 2897 2211 :
2930 2157 2995 2210 Et
3030 2157 3085 2212 in
3127 2159 3340 2213 semine

132 2240 232 2303 Θεὸς
250 2241 372 2312 πρὸς
394 2246 520 2309 τοὺς
548 2249 798 2318 πατέρας
822 2250 850 2303 ὑ
859 2250 997 2320 μῶν,
1017 2251 1190 2317 λέγων
1220 2255 1359 2324 πρὸς
1387 2255 1651 2327 Ἀδραέιμ⁴

1828 2261 1861 2301 ο
1892 2246 2284 2302 benedicentur
2324 2263 2518 2304 omnes
2547 2248 2767 2304 familia:
2796 2257 2976 2305 terrae.
3009 2247 3178 2305 Vobis
3226 2250 3340 2320 pri-

133 2331 219 2385 Καὶ
246 2334 297 2385 ὲν
335 2334 408 2404 τῷ
452 2339 737 2410 σπέρματί
771 2358 866 2395 σου
899 2342 1360 2416 εὐλογηθήσονται
1393 2350 1564 2403 πᾶσαι
1604 2353 1652 2405 αἱ

1826 2354 1915 2391 um
1940 2337 2082 2394 Deus
2107 2339 2387 2395 suscitans
2408 2337 2608 2395 Filium
2636 2356 2819 2407 suum,
2849 2340 2999 2396 misit
3023 2355 3147 2395 eum
3177 2340 3340 2396 bene-

132 2425 316 2494 ειατριαὶ
343 2426 440 2493 τῆς
472 2428 604 2499 γῆς.
647 2429 810 2502 Ὑμῖν
846 2433 1063 2506 πρῶτον
1105 2437 1134 2489 6
1175 2437 1308 2501 Θεὸς
1350 2439 1651 2513 ἀναστήσας

1824 2439 2037 2485 centem
2100 2430 2282 2499 vobis,
2328 2438 2391 2487 ut
2436 2441 2725 2488 convertat
2760 2448 2829 2490 se
2874 2432 3256 2504 unusquisque
3308 2446 3342 2487 α

132 2514 379 2572 τδνΙιαῑδα
426 2520 601 2576 αὑτοῦ
641 2523 876 2593 Ἰησοῦν,
934 2526 1253 2581 ἀπέστειλεν
1296 2529 1458 2582 αὐτὸν
1505 2532 1651 2585 εὐλο-

641 2523 876 2593 Ἰησοῦν,
934 2526 1253 2581 ἀπέστειλεν
1296 2529 1458 2582 αὐτὸν
1505 2532 1661 2585 εὑλο-
1764 2522 2006 2594 nequitia
2038 2536 2160 2579 sua.

131 2605 290 2672 γοῦντα
332 2611 470 2681 ὑμᾶς
508 2615 570 2668 ὲν
619 2615 699 2686 τῷ
730 2617 1102 2690 ἀποστρέφειν
1150 2620 1383 2675 ἕκαστον
1412 2624 1520 2677 ἀπὸ
1554 2625 1660 2678 τῶν

132 2702 359 2771 πονηριῶν
381 2704 555 2774 ὑμῶν.

680 2801 1061 2857 ΕΡΜΗΝΕΙΑ.

2253 2792 2823 2853 COMMENTARIUS.

184 2887 325 2946 Ὅταν
350 2888 439 2948 οὖν
471 2894 649 2965 λέγει,
689 2894 910 2952 πάντων
960 2898 1071 2954 τῶν
1119 2900 1417 2972 προφητῶν
1448 2902 1658 2972 πεπλη-

1830 2883 1970 2939 Cum
2044 2885 2121 2940 ait
2170 2884 2417 2940 omnium
2468 2885 2859 2957 prophetarum
2904 2900 3186 2943 sermones
3231 2886 3339 2942 im-

133 2984 296 3051 ρῶσθαι
319 2991 439 3055 τοὺς
471 2991 674 3061 λόγους
707 2994 801 3047 τοῦ
833 2996 1089 3065 Σωτῆρος
1116 2997 1399 3062 παθόντος,
1424 2999 1484 3052 οὐ
1521 3000 1652 3053 καθ-

1817 2984 1935 3033 etos
1973 2991 2097 3034 esse
2148 2976 2208 3032 in
2238 2978 2500 3049 passione
2558 2977 2796 3045 Domini,
2851 2992 2960 3033 non
3011 2977 3336 3048 simpliciter

131 3076 246 3143 ἅπαξ
286 3082 480 3148 πάντας
512 3085 647 3149 τοὺς
674 3088 961 3157 προφήτας
996 3087 1142 3156 λέγει
1188 3091 1270 3160 (οὐ
1302 3090 1412 3160 γὰρ
1454 3092 1650 3157 πάντες

1817 3086 1952 3129 nues
2000 3072 2291 3142 intelligit;
2320 3088 2426 3129 non
2457 3073 2607 3130 enim
2661 3089 2854 3131 omnes
2893 3076 3336 3146 pra'nuntiaruut

132 3172 462 3243 προεκήρυξαν
495 3177 604 3248 τήν
651 3179 947 3249 ἐπιδημίαν
984 3181 1079 3234 καὶ
1121 3181 1189 3235 τὰ
1241 3181 1415 3253 πάθη,
1442 3183 1478 3239 ἀ
1512 3183 1651 3256 ὑπὲρ

1819 3185 1883 3225 us
1931 3168 2254 3233 adventum,
2307 3182 2487 3239 neque
2534 3168 2862 3239 supplicium
2895 3170 3040 3239 quod
3078 3178 3197 3224 erat
3237 3184 3338 3238 pro

131 3259 382 3332 ἀνθρώπων
410 3267 642 3337 ἔμελλεν
671 3269 1079 3340 ἀναδέξασθαι),
1112 3273 1251 3328 ἀλλὰ
1283 3274 1490 3340 πάντας
1526 3277 1650 3342 τοὺς

1812 3256 2044 3311 >ωῐιιυιιι
2073 3256 2255 3311 salute
2285 3258 2611 3324 subiturus;
2652 3256 2748 3313 sed
2798 3257 3049 3329 intelligit
3081 3269 3331 3322 cunctos,

132 3359 656 3430 προαναφωνήσαντας
700 3362 772 3417 τὰ
812 3362 905 3416 τοῦ
941 3364 1185 3435 Χριστοῦ
1217 3365 1432 3421 ἅπαντα
1472 3386 1492 3421 ι
1525 3368 1651 3439 ἄχρι

1815 3348 1856 3402 ii
1884 3349 2069 3403 omnia
2091 3348 2301 3403 Christi
2338 3368 2358 3402 ι
2385 3363 2557 3419 usque
2579 3349 2645 3404 ad
2668 3358 2913 3421 tempora
2937 3350 3334 3406 restitutionis:

133 3444 296 3512 χρόνων
323 3449 843 3519 ἀποκαταστάσεως.
888 3473 907 3506 ι
955 3457 1026 3509 Τὸ
1052 3457 1132 3520 δὲ,
1172 3476 1191 3509 ι
1224 3460 1408 3530 Ἄχρι,
1443 3477 1464 3511 ι
1503 3461 1652 3532 παρὰ

1815 3440 2042 3496 -αειοουιί
2090 3448 2239 3496 sunt.
2269 3439 2411 3496 Illud
2462 3453 2642 3497 autem
2681 3457 2855 3512 usque
2882 3443 2938 3497 iu
2989 3457 3145 3497 sacra
3180 3443 3334 3498 Scri-

133 3534 181 3602 τῇ
206 3534 305 3606 θείᾳ
340 3539 547 3613 Γραφῇ,
589 3544 651 3596 οὐ
697 3545 893 3616 χρόνου
922 3546 1040 3599 ἐστὶ
1079 3528 1435 3618 σημαντικὸν,
1467 3528 1652 3622 ὥσπερ

1820 3544 1916 3584 ura
1947 3528 2094 3584 haud
2132 3538 2349 3600 tempus
2381 3530 2806 3586 determinatum
2866 3531 3174 3600 significat;
3236 3534 3336 3587 sed

130 3625 204 3678 καὶ
223 3628 290 3691 τὸ.
312 3630 428 3699 ἕως,
450 3635 572 3689 ἀλλ’
599 3637 750 3691 ἔστιν
772 3639 800 3691 6
826 3639 950 3702 νοῦς
974 3638 1068 3692 τοῦ
1093 3643 1454 3712 προκειμένου
1480 3621 1649 3699 τοιοῦδε

1815 3635 1863 3678 te
1895 3630 1979 3678 est
2005 3623 2107 3679 loci
2138 3622 2300 3679 istius
2329 3637 2563 3680 sensus:
2587 3621 2773 3690 Multa,
2808 3623 3018 3694 inquit,
3056 3624 3334 3695 prophetae

133 3733 227 3782 τος’
253 3725 431 3793 Πολλὰ,
463 3728 658 3802 φησὶν.
702 3724 858 3784 εἶπον
904 3732 953 3784 ot
988 3731 1270 3802 προφῆται
1311 3732 1578 3800 γίνεσθαι,
1617 3735 1652 3790 ἃ

1812 3715 2131 3773 'tedixerunt
2161 3729 2283 3787 quae
2307 3728 2416 3770 non
2446 3715 2630 3770 omnia
2650 3715 2874 3785 impleta
2894 3724 3058 3781 sunt;
3085 3715 3180 3771 sed
3209 3732 3331 3784 qua:

131 3808 250 3867 οὔπω
293 3821 679 3893 ¹κειτλήρωνται
730 3821 931 3885 πάντα,
989 3822 1104 3875 ἀλλ’
1155 3822 1529 3892 ἔτικγίνονται
1561 3827 1650 3880 καὶ

1809 3809 2016 3864 :eniunt
2050 3819 2106 3865 et
2142 3804 2400 3865 evenient
2432 3822 2608 3878 usque
2645 3806 2714 3863 ad
2746 3809 2905 3863 tinem
2938 3809 3149 3863 mundi.
3193 3808 3328 3863 Cum

131 3906 394 3976 γενήσονται
440 3914 545 3978 ἕως
598 3914 700 3984 τῆς
755 3915 1065 3976 συντελείας
1093 3914 1187 3969 τοῦ
1219 3916 1448 3987 κόσμου.
1497 3919 1650 3973 Ἀνα-

1808 3900 1903 3955 tim
1939 3900 2353 3968 resurrexisset,
2388 3898 2639 3955 ascendit
2658 3900 2719 3954 in
2748 3899 2966 3959 coelum.
3003 3899 3183 3970 ibique
3214 3915 3327 3955 ma-

131 3997 234 4064 στὰς
256 4002 338 4058 οὖν
365 4007 427 4061 ἐκ
470 4010 710 4080 νεκρῶν,
745 4009 1023 4080 ἀνελήφθη
1066 4010 1148 4074 είς
1193 4010 1321 4075 τοὺς
1366 4011 1650 4082 οὐρανοὺς,

1810 4002 1853 4048 3t
1895 4008 2074 4064 usque
2126 3992 2197 4048 ad
2245 3992 2770 4049 consummationem
2819 3994 3024 4050 saeculi.
3067 4014 3085 4047 ι
3118 3994 3329 4066 Moyses

130 4089 203 4141 καὶ
245 4093 378 4161 μένει
426 4099 546 4153 ἐκεῖ
596 4099 704 4161 ἕως
747 4100 848 4170 τῆς
903 4098 999 4153 τοῦ
1055 4100 1264 4169 κόσμου
1321 4103 1649 4165 συντελείας.

1812 4084 2001 4140 tidem.
2039 4103 2059 4137 ι
2094 4083 2232 4140 Illud
2295 4103 2315 4137 ι
2346 4091 2607 4155 tanquam
2662 4100 2749 4142 me
2780 4105 2798 4138 ι
2867 4088 3086 4141 modum
3122 4085 3331 4158 legisla-

132 4195 149 4229 ⁴
187 4182 362 4256 Μωσῆς
410 4190 508 4260 μὲν
569 4193 704 4261 γάρ.
750 4209 773 4246 ›
807 4193 904 4257 Τὸ,
942 4211 964 4244 ι
1000 4193 1076 4256 ὠς
1133 4192 1259 4263 ἐμὲ,
1306 4212 1327 4246 ι
1368 4193 1430 4247 τὺ
1468 4194 1651 4265 σχῆμα

1809 4177 1925 4231 unis
1958 4175 2205 4242 denotat,
2257 4175 2352 4246 qui
2385 4177 2442 4231 in
2477 4177 2596 4232 solo
2642 4176 2867 4234 Christo
2900 4179 3078 4232 locum
3113 4178 3328 4245 habuit,

130 4266 206 4337 τῆς
226 4276 524 4343 νομοθεσίας
557 4279 734 4350 δηλοῖ,
778 4280 838 4333 τὸ
873 4280 1035 4349 μόνον
1067 4279 1369 4351 ἐκϐεϐηκὸς
1412 4283 1491 4345 είς
1522 4282 1649 4353 Χρι-

1809 4282 1867 4322 in
1900 4268 1955 4321 in
1997 4282 2326 4338 quocunque
2359 4268 2470 4323 alio
2498 4270 2786 4339 propheta.
2818 4268 3015 4324 Notum
3069 4280 3153 4326 est
3182 4273 3328 4326 enim

130 4357 245 4425 στὸν,
271 4364 359 4417 καὶ
381 4366 478 4421 οὐκ
508 4371 594 4431 εἰς
640 4370 930 4440 προφήτην
964 4369 1151 4440 ἕτερόν
1185 4388 1327 4427 τινα.
1379 4372 1649 4444 Πρόδηλον

1811 4370 1858 4413 ar
1902 4355 2126 4428 Moysen
2179 4357 2362 4412 datam
2389 4373 2513 4415 esse
2540 4359 2737 4428 legem,
2776 4373 2936 4428 quam
2969 4360 3135 4414 etiam
3173 4360 3330 4430 juxta

128 4450 211 4518 γάρ
232 4453 299 4520 ὧς
324 4457 407 4512 διὰ
425 4463 713 4527 Μωῦσέως
739 4465 768 4517 6
800 4463 964 4534 νόμος
990 4463 1176 4535 ἐδόθη,
1205 4463 1263 4518 δν
1294 4466 1390 4519 καὶ
1423 4469 1565 4521 κατὰ
1590 4467 1647 4520 τὸ

1812 4448 2246 4506 euteronomium
2294 4464 2359 4505 ex
2390 4450 2576 4504 divina
2611 4450 2971 4521 inspiratione
3008 4472 3026 4505 ‹
3069 4455 3331 4523 explana-

128 4541 494 4622 Δεντερονόμιον
540 4556 614 4608 ἐκ
660 4554 813 4617 θείας
865 4556 1150 4621 ἐπιπνοίας
1202 4556 1508 4611 ἐπλάτυνεο
1554 4558 1647 4613 καὶ

1807 4550 1838 4599 ιι
1855 4543 1923 4610 ’³,
1954 4562 1972 4596 ι
1993 4552 2046 4598 et
2063 4543 2391 4616 legislatoris
2405 4542 2635 4614 gloriam
2650 4550 2956 4613 numenque
2969 4543 3205 4614 adeptus
3222 4555 3299 4600 est
3312 4587 3326 4605 ,

128 4617 388 4705 νομιὶῦίτου⁷
404 4646 571 4712 δόξαν
628 4646 943 4719 ἐκαρποῦτο
987 4651 1083 4704 καὶ
1127 4617 1319 4720 δνομα,
1357 4651 1647 4721 προτυπῶν

1806 4636 2095 4708 Γῶείειιοιιε
2156 4651 2343 4693 verum
2398 4633 2792 4706 Legislatorem
2846 4635 3174 4702 Christum,
3236 4641 3325 4708 qui

126 4724 196 4778 τδν
225 4733 381 4808 ἀληθῆ
428 4739 732 4810 νομοθέτην
774 4741 1033 4809 Χριστὸν,
1084 4741 1176 4794 τὸν
1214 4742 1308 4794 καὶ
1349 4741 1441 4795 τὸν
1487 4741 1645 4811 νόμον

1812 4732 1917 4785 iam
1942 4730 2116 4803 legem
2149 4731 2326 4800 ipsam
2357 4730 2612 4785 elocutus
2657 4736 2782 4785 est:
2822 4745 2917 4800 per
2953 4731 3132 4801 ipsum
3181 4732 3325 4785 enim

125 4815 401 4891 λαλήσαντα.
434 4833 511 4885 Δι’
540 4833 706 4888 αὐτοῦ
753 4834 864 4905 γὰρ
901 4834 996 4888 καὶ
1024 4836 1083 4888 ὲν
1128 4835 1279 4908 νόμῳ
1310 4834 1405 4888 καὶ
1433 4835 1490 4889 ὲν
1520 4853 1644 4909 προ-

1812 4839 2015 4895 nquam
2074 4839 2172 4894 per
2212 4820 2452 4879 Verbum
2512 4823 2819 4894 proprium,
2872 4824 3215 4896 unigenitum
3274 4834 3328 4878 et

126 4913 308 4983 φήταις.
341 4922 413 4988 ὥς
452 4925 542 4981 διὰ
583 4928 718 4981 ἰδίου
754 4927 930 4995 Λόγου
973 4927 1297 4998 μονογενοῦς
1337 4929 1432 4983 καὶ
1460 4931 1645 4999 ὁμοθυ-

1808 4915 2223 4972 msubstantiale
2249 4923 2303 4970 et
2340 4915 2392 4970 in
2417 4915 2601 4988 seipso
2636 4915 2964 4982 subsistens,
2993 4927 3106 4971 tum
3135 4916 3189 4970 in
3212 4917 3327 4985 lege

129 5003 221 5056 σίου
248 5010 335 5063 καὶ
359 5016 724 5071 ινυποστάτου
751 5015 1050 5087 λελάληκεν
1079 5019 1108 5070 6
1136 5017 1268 5080 Θεὸς
1292 5018 1389 5071 καὶ
1431 5018 1647 5090 Πατήρο

1804 5023 1869 5062 im
1908 5009 1963 5063 in
1996 5007 2282 5079 praphetis
2306 5008 2526 5063 locutus
2558 5016 2644 5063 est
2677 5007 2823 5063 Deus
2842 5006 3026 5063 Pater.
3053 5006 3323 5073 Quoniam

133 5091 259 5152 Ἐπεὶ
278 5102 362 5158 οὖν
389 5106 446 5161 ἐν
473 5110 717 5180 σχήματι
736 5109 1030 5180 νομοθέτου
1059 5109 1219 5179 μόνος
1245 5110 1304 5163 ἐν
1333 5111 1645 5183 προφήταις

1803 5100 1915 5155 itur
1950 5100 2093 5155 inter
2115 5099 2417 5171 prophetas
2440 5100 2638 5155 unicus
2662 5098 2939 5170 legislator
2966 5096 3064 5152 fuit
3084 5092 3322 5168 Moyses,

125 5184 398 5267 δΜωῦσῆς,
426 5198 517 5255 διὰ
551 5201 714 5256 τοῦτο
742 5202 838 5256 καὶ
885 5200 1187 5272 μοναδικῶς
1214 5201 1351 5272 πρὸς
1387 5201 1478 5255 τὸν
1510 5203 1642 5273 Χρι-

1808 5191 1960 5246 circo
2002 5190 2069 5246 ad
2104 5190 2389 5246 Christum
2446 5192 2743 5261 reSpiciens
2796 5204 3025 5243 numero
3056 5187 3322 5258 singulari

128 5278 226 5335 στδν
253 5286 560 5349 ἀποϐλέπων
580 5293 736 5363 ιλεγι
753 5310 769 5326 ο
808 5312 830 5347 ι
870 5295 1166 5365 Προφήτην
1191 5293 1319 5363 ὑμῖν
1347 5294 1644 5364 ἀναστήσει

1803 5299 1924 5348 sse,
1953 5282 2170 5340 dicebat
2203 5300 2219 5337 :
2267 5302 2285 5335 ι
2319 5282 2647 5354 Prophetam
2710 5281 3003 5338 suscitahit
3034 5282 3188 5337 vobis
3216 5280 3322 5336 Do—

126 5365 291 5441 Κὺριος
330 5381 358 5433 6
407 5383 537 5450 Θεὸς
585 5388 745 5458 ήμῶν
797 5387 863 5441 ἐκ
898 5385 1009 5441 τῶν
1062 5385 1309 5454 ἀδελφῶν
1343 5383 1520 5455 ὑμῶν,
1567 5385 1645 5448 ὼς

1808 5378 1935 5435 inus
1976 5375 2120 5434 Deus
2161 5385 2345 5433 vester
2389 5378 2458 5433 de
2504 5377 2769 5432 fratribus
2798 5376 3022 5438 vestris,
3062 5386 3321 5446 tauquam

126 5458 226 5527 ἐμέ.
259 5484 277 5517 ι
319 5472 424 5526 Καὶ
452 5476 560 5547 γὰρ
593 5477 784 5549 ὥσπερ
812 5476 974 5540 αὐτὸς
1004 5475 1106 5548 τὴν
1130 5477 1359 5547 νομικὴν
1381 5476 1645 5548 εἰσήγαγε

1810 5487 1862 5528 e.
1896 5489 1914 5523 ι
1950 5470 2165 5526 Etenim
2191 5469 2655 5542 quemadmodum
2686 5469 2775 5523 ille
2808 5468 2981 5539 legale
3019 5468 3325 5523 introduxit

128 5552 378 5628 πολιτείαν,
419 5566 557 5621 οὓτω
595 5569 692 5622 καὶ
735 5571 765 5623 6
812 5567 1054 5639 Χριστὸς
1108 5569 1209 5637 τὴν
1254 5567 1637 5639 εὐαγγελικήν,

1804 5564 2089 5627 stitutum,
2152 5562 2226 5616 ita
2278 5571 2332 5616 et
2385 5561 2640 5617 Christus
2692 5560 3113 5632 evangelicum,
3165 5560 3323 5628 juxta

126 5646 240 5701 κατὰ
262 5650 431 5725 τὸτῆς
457 5658 737 5723 κενώσεως
786 5660 1005 5731 μέτρον,
1041 5659 1271 5731 μεσίτης
1298 5644 1397 5728 τῆς
1433 5659 1642 5729 Καινῆς

1803 5655 2126 5711 ιαοιιιιιὶοιιὶε
2182 5668 2496 5710 mensuram
2519 5693 2534 5719 ,
2581 5653 2845 5709 mediator
2878 5652 3055 5710 factus
3093 5664 3148 5709 et
3185 5652 3322 5708 Novi

126 5730 352 5814 Διαοήκης
375 5748 573 5820 καὶτῆς
594 5768 610 5802 ι
634 5751 693 5807 ἐν
716 5750 1026 5823 πνεύματι.»
1056 5749 1310 5823 λατρείας
1331 5750 1638 5821 γενόμενος.

1802 5745 2095 5804 estamenti
2148 5753 2198 5802 et
2254 5741 2348 5801 Dei
2407 5743 2591 5801 cultus
2632 5763 2651 5797 ι
2697 5743 2754 5801 in
2808 5745 3007 5816 spiritu
3030 5746 3097 5801 ".
3139 5764 3158 5797 ι
3202 5743 3321 5812 Qua

189 5912 225 5942 ⁸³
258 5916 395 5977 Deut.
423 5944 460 5991 ι,
612 5928 653 5962 ⁸³
684 5927 838 5995 Joau.
903 5945 977 5998 ιν,
1016 5930 1100 5985 15-
