3848 6574
508 436 614 499 883

1429 435 2005 499 THEOPHYLACTI
2037 438 2078 497 B

2186 439 2449 500 GARl/E
2487 440 2719 500 ARCHI
2734 442 2846 501 ΕΡ.
3632 441 3717 509 8δὶ

511 566 646 605 vero
702 550 869 615 Dens,
908 552 1027 621 ipse
1080 552 1370 624 utriusque
1436 554 1675 611 instituti
1725 564 1919 610 auctor
1970 564 2075 611 est.

2186 556 2336 610 Καθὸ
2384 558 2440 611 δὲ
2478 557 2609 622 Θεὸς
2634 554 2723 629 ἦν,
2764 558 2927 621 αὐτὸς
2952 554 3021 629 ἦν
3053 559 3319 626 ἑκατέρας
3352 560 3615 623 πολιτεῖαι
3636 562 3717 614 δωο

512 640 672 698 llunc
718 653 770 697 et
799 642 963 697 David
996 652 1259 713 expetens
1294 644 1361 699 ad
1401 644 1566 700 Deum
1594 646 1875 702 dicebat“
1899 666 1912 701 :
1936 647 2078 701 Cun-

520 733 707 800 slitttc,
772 733 1019 800 Domine,
1056 735 1419 807 lcgislatorcm
1455 753 1623 808 super
1657 754 1774 794 eos.
1810 758 1829 790 ι
1875 737 2080 794 Deinde

514 825 800 897 subjungit
854 827 1081 882 exilium
1112 828 1366 897 illorum,
1408 830 1503 901 qui
1534 829 1755 886 Christo
1814 831 2079 887 credituri

508 933 622 974 non
651 929 830 985 erant,
852 919 1078 978 dicens:
1102 941 1120 974 ι
1143 922 1260 978 Erit
1306 934 1510 991 autem,
1538 924 1718 981 ountis
1740 926 1943 992 anima,
1962 941 2081 996 qua:

511 1025 624 1067 non
681 1011 916 1067 audierit
943 1013 1108 1084 209
1131 1015 1446 1085 prophetam
1476 1017 1653 1084 illum,
1686 1017 2080 1073 exterminabi-

513 1114 606 1158 tur
643 1103 712 1160 de
750 1105 926 1176 plebe.
967 1124 986 1159 ι
1044 1105 1312 1173 Quoniam
1355 1124 1487 1165 vero
1524 1108 1707 1165 anima
1758 1109 2080 1165 immortalis

508 1205 618 1262 est,
665 1198 1025 1253 exterminari
1062 1200 1415 1271 intelligitur,
1446 1217 1572 1258 cum
1605 1203 1853 1274 privatur
1896 1202 2077 1268 bonis,

510 1305 656 1357 quae,
684 1289 730 1345 si
755 1299 903 1348 recte
917 1291 1144 1362 egisset,
1162 1303 1532 1351 consecutura
1554 1303 1695 1352 erat.
1720 1294 1862 1352 «Vos
1887 1294 2074 1352 estis.»

512 1380 653 1448 Quia
683 1392 906 1453 propter
949 1386 1305 1443 commissum
1337 1387 1550 1443 facinus
1576 1389 1630 1443 in
1658 1388 1938 1445 Christum
1983 1404 2082 1457 pu-

506 1475 692 1530 tabant
727 1491 786 1531 se
838 1476 1048 1535 alienos
1072 1478 1247 1536 factos
1276 1494 1417 1547 esse,
1438 1495 1535 1536 seu
1569 1482 1798 1537 omnino
1820 1495 1850 1535 a
1879 1481 2080 1537 divinis

507 1565 975 1633 promissionibus
1006 1568 1303 1636 excidisse,
1337 1581 1391 1625 et
1421 1571 1619 1625 rationi
1646 1580 2077 1628 consentaneum

506 1658 657 1714 haud
682 1672 804 1714 esse
850 1658 1030 1727 ipsum
1085 1677 1233 1719 nunc
1278 1662 1500 1732 quidem
1549 1662 1619 1718 ab
1671 1663 1782 1719 illis
1811 1662 2077 1734 eruciﬁgi,

509 1764 661 1804 nunc
689 1765 819 1806 vero
843 1751 968 1806 illos
990 1759 1250 1823 tanquam
1303 1752 1602 1812 familiares
1634 1771 1861 1822 curare,
1893 1765 2075 1812 osten-

507 1842 588 1895 dit
608 1850 903 1913 utrumque
920 1846 1221 1900 secundum
1239 1846 1581 1917 prophetiam
1600 1862 1787 1902 verum
1804 1848 1946 1905 essel
1955 1846 2040 1916 12)
2060 1864 2075 1901 :

508 1933 575 1987 Et
592 1934 705 2004 jam
725 1935 879 2002 olim,
907 1937 1100 2007 inquit,
1125 1938 1283 1995 vobis
1303 1938 1548 1994 debitum
1579 1947 1717 2004 erat,
1738 1940 1872 1995 utin
1898 1939 2075 2009 ipsum

506 2026 807 2084 crederetis
833 2043 850 2082 :
879 2046 900 2082 ι
929 2026 1050 2086 Vos'
1089 2030 1234 2086 enim
1274 2031 1410 2087 estis
1464 2032 1560 2086 ﬁlii
1593 2032 1986 2102 prophetarum
2024 2039 2079 2086 ct

506 2121 850 2184 testamenti.
875 2121 1020 2193 quod
1040 2122 1315 2193 disposuit
1344 2123 1486 2178 Deus
1503 2122 1570 2177 ad
1592 2130 1777 2194 patres
1800 2132 2069 2189 nostros,»

502 2208 611 2264 hoc
638 2221 744 2279 est,
773 2211 882 2267 Vos
916 2213 1052 2269 estis
1075 2212 1322 2270 heredes
1352 2214 1596 2269 omnium
1614 2253 1630 2278 ,
1673 2230 1795 2285 quin
1824 2230 2079 2286 praenun-

505 2301 717 2356 tiarunt
768 2304 1080 2374 prophetae;
1114 2314 1170 2362 et
1208 2312 1560 2377 propter'vos
1609 2307 1794 2363 omnia
1839 2308 2079 2377 contige-

505 2401 658 2446 runt.
691 2390 761 2447 Ut
811 2403 994 2455 autem
1017 2396 1309 2455 crederent
1345 2398 1420 2454 ita
1454 2408 1509 2454 et
1533 2398 1646 2455 Deo
1677 2398 1871 2466 videri,
1893 2399 2078 2455 subdit

505 2483 669 2538 etiam
693 2486 841 2542 aliud
871 2489 1271 2557 testimonium,
1304 2492 1509 2547 docens
1529 2491 1584 2546 in
1607 2492 1829 2549 Christo
1860 2512 1880 2546 ι
1907 2493 2075 2549 bene-

505 2574 768 2632 tlicendas
805 2594 927 2634 esse
953 2596 1147 2637 omnes
1179 2581 1417 2639 familias
1447 2594 1644 2639 teme:
1678 2603 1697 2635 ι
1731 2593 1785 2640 et
1817 2600 1917 2638 vos
1955 2585 2078 2654 qui-

504 2665 629 2719 dem
679 2667 943 2736 primum,
978 2670 1182 2741 inquit,
1238 2673 1334 2743 qui
1379 2673 1531 2729 cruci
1562 2689 1688 2730 eum
1728 2674 1994 2742 allixistis,
2030 2679 2075 2731 si

504 2763 690 2812 tamen
725 2760 795 2815 ab
824 2760 1210 2829 iniquitatibus
1232 2765 1435 2821 vestris
1473 2767 1899 2822 convertamini.

825 2847 985 2905 Feria
1010 2852 1043 2907 5
1068 2851 1421 2910 hebdomadte
1444 2854 1723 2911 secundae.

503 2932 582 2986 De
604 2934 958 2993 sollicitudine
978 2940 1284 3009 pontiﬁcum
1311 2940 1376 2996 ob
1396 2943 1452 2996 id
1482 2943 1619 3010 quod
1639 2942 1842 3013 factum
1864 2954 1997 3010 erat,
2024 2954 2076 3000 et

574 3025 892 3093 dijudicatio
920 3028 984 3084 de
1017 3031 1301 3099 miraculo,
1348 3033 1499 3090 Petri
1517 3037 1640 3090 item
1668 3036 1928 3101 confessio
1953 3039 2071 3092 vir—

581 3119 707 3172 tutis
733 3128 781 3172 et
811 3122 1002 3189 gratim
1035 3121 1257 3180 Christi.

1139 3306 1442 3364 TEXTUS.

577 3383 670 3451 IV,
700 3387 853 3444 l-lO.
884 3389 1259 3462 Loquentibus
1306 3406 1485 3451 autem
1540 3396 1651 3453 illis
1698 3398 1765 3455 ad
1793 3401 2080 3472 populum,

506 3490 940 3548 supervenerunt
991 3485 1305 3541 sacerdotes
1349 3494 1403 3542 et
1431 3488 1785 3559 magistratus
1814 3493 1996 3563 templi
2027 3502 2083 3550 et

507 3567 812 3638 Sadducarl,
826 3575 1071 3634 dolentes
1089 3578 1236 3650 quod
1255 3579 1511 3636 docerent
1532 3582 1791 3653 populum
1807 3591 1861 3637 et
1877 3599 2085 3641 annun-

506 3665 706 3724 tiarent
729 3667 780 3721 in
793 3666 922 3726 Jesu
950 3673 1406 3729 resurrectionem
1419 3687 1485 3729 ex
1511 3676 1765 3732 mortuis.
1791 3673 1856 3732 Et
1876 3677 2083 3748 injece-

508 3768 638 3812 runt
668 3759 725 3813 in
750 3775 845 3817 eos
874 3776 1090 3829 manus,
1108 3773 1163 3819 et
1183 3773 1487 3835 posuerunt
1505 3780 1601 3822 eos
1628 3768 1684 3823 in
1699 3769 2005 3825 custodiam
2024 3771 2079 3826 in

507 3852 975 3916 crastinum;erat
1001 3856 1148 3911 enim
1170 3856 1286 3926 jam
1310 3873 1560 3930 vespera.
1588 3859 1743 3916 Multi
1770 3869 1953 3917 autem
1986 3877 2081 3918 eo-

508 3953 628 3991 rum
653 3941 745 4009 qui
774 3941 1060 3997 audierant
1075 3943 1319 4011 verbum,
1340 3948 1713 4016 crediderunt,
1727 3957 1781 4005 et
1803 3947 1980 4007 factus
1998 3960 2081 4007 est

509 4043 776 4085 numerus
808 4031 1053 4089 virorum
1094 4035 1341 4108 quinque
1370 4038 1564 4097 millia.
1600 4039 1828 4097 Factum
1864 4052 1950 4099 est
1984 4058 2080 4099 au-

509 4131 619 4178 tem
652 4122 706 4176 in
729 4124 1058 4192 crastinum,
1090 4136 1149 4181 ut
1171 4140 1638 4202 congregarentur
1668 4132 1947 4203 principes
1979 4149 2075 4191 eo-

508 4225 634 4265 rum
661 4220 714 4266 et
749 4213 997 4271 seniores
1029 4227 1082 4272 et
1108 4214 1316 4275 Scriba:
1356 4218 1410 4275 in
1435 4217 1760 4278 Jerusalem.
1800 4222 1867 4278 Et
1889 4224 2078 4281 Annas

507 4301 764 4372 princeps
810 4306 1178 4375 sacerdotum,
1206 4318 1261 4364 et
1310 4308 1568 4381 Caiphas,
1615 4320 1670 4368 et
1697 4310 1966 4382 Joannes,
2023 4323 2080 4369 ct

506 4394 840 4464 Alexander,
863 4412 917 4453 et
941 4408 1212 4471 quotquot
1228 4413 1385 4459 erant
1415 4403 1483 4459 de
1504 4420 1703 4476 genere
1725 4406 2073 4463 sacerdotali.

506 4482 577 4537 Et
618 4492 921 4544 statuentes
953 4505 1050 4546 eos
1081 4491 1137 4547 in
1164 4492 1368 4562 medio,
1400 4495 1810 4567 interrogabant
1834 4514 1848 4552 :
1876 4497 1936 4552 In
1968 4511 2075 4567 qua

506 4575 735 4646 virtute,
779 4591 873 4634 aut
901 4581 956 4635 in
988 4598 1097 4652 quo
1123 4585 1346 4641 nomine
1377 4585 1590 4644 fecistis
1615 4587 1721 4642 hoc
1746 4589 1888 4645 vos?
1922 4588 2080 4647 Tunc

506 4669 750 4738 repletus
784 4669 993 4740 Spiritu
1029 4686 1223 4730 sancto
1262 4675 1460 4733 Petrus
1488 4677 1630 4733 dixit.
1656 4678 1725 4734 ad
1748 4695 1885 4736 eos:
1928 4680 2084 4736 Prin-

504 4758 659 4829 cipes
682 4763 864 4833 pupuli
904 4773 959 4818 et
989 4767 1256 4835 seniores,
1292 4769 1496 4824 audite.
1538 4767 1595 4826 Si
1622 4786 1724 4826 nos
1750 4770 1910 4826 hodie
1934 4770 2084 4841 diju-

509 4851 760 4908 dicamur
792 4855 847 4909 in
879 4854 1166 4914 benefacto
1200 4859 1442 4917 hominis
1472 4860 1676 4916 infirmi
1709 4902 1725 4928 ,
1750 4862 1807 4917 in
1847 4878 1956 4932 quo
1983 4862 2086 4919 iste

508 4942 698 5000 salvus
733 4944 914 5001 factus
962 4956 1082 5012 est.
1137 4959 1326 5005 notum
1369 4951 1443 5007 sit
1488 4952 1744 5008 omnibus
1795 4954 1972 5014 vobis.
2033 4963 2089 5009 et

503 5034 655 5089 omni
704 5036 846 5107 plebi
876 5038 1041 5109 210
1070 5040 1260 5107 Israel,
1322 5044 1452 5111 quia
1505 5043 1561 5097 in
1594 5044 1816 5100 nomine
1857 5044 2076 5100 Domini

458 5120 463 5125 ⁷
504 5125 682 5182 nostri
710 5124 839 5184 Jesu
874 5130 1077 5186 Christi
1118 5131 1430 5198 Nazareni,
1464 5150 1629 5204 quem
1659 5150 1761 5191 vos
1788 5136 2077 5190 crucifixi-

504 5219 626 5281 stis,
651 5233 815 5289 quem
858 5219 1004 5278 Deus
1032 5223 1320 5279 suscitavit
1376 5240 1408 5280 a
1437 5225 1697 5292 mortuis,
1732 5226 1787 5280 in
1830 5225 1934 5281 hoc
1977 5227 2080 5282 istc

504 5320 649 5368 astat
674 5327 859 5369 coram
892 5315 1052 5372 vobis
1080 5330 1275 5374 sanus.

578 5515 624 5546 ³⁸
640 5512 789 5571 Psal.
813 5530 889 5580 lx,
919 5516 1012 5571 2L

2181 646 2308 715 τήρ,
2360 646 2561 702 Τοῦτον
2609 647 2885 718 ἐπιζητῶν
2939 648 3033 702 καὶ
3083 648 3267 715 Δασὶδ,
3312 648 3450 719 πρὸς
3491 650 3577 702 τὸν
3613 650 3721 703 Θεὸν

2181 736 2366 805 ἔλεγε,
2394 756 2412 789 ι
2439 739 2820 808 Κατάστησον,
2846 739 3040 809 Κύριε,
3064 739 3363 811 νομοθέτην
3394 740 3715 805 ἐπάὐτούς.»

2184 824 2321 883 Εἶτα
2343 828 2539 897 ἐπάγει
2564 830 2657 883 τὸν
2688 829 2909 902 ὗλεθρον
2939 830 3050 884 τῶν
3079 830 3381 901 μελλόντων
3409 830 3642 885 ἀπειθεῖν
3661 833 3720 901 τῷ

2181 920 2423 992 Χριστῷ,
2444 919 2617 989 λέγων
2638 937 2650 950 ·
2694 941 2713 974 ι
2755 921 2948 976 Ἔσται
2982 906 3072 989 δὲ,
3121 924 3270 975 πᾶσα
3307 921 3478 993 ψυχὴ,
3509 923 3624 992 ἥτις
3643 925 3723 977 οὒκ

2181 1010 2406 1066 ἀκούσει
2431 1012 2528 1066 τοῦ
2563 1014 2841 1084 προφήτου
2876 1014 3110 1081 ἐκείνου,
3149 1014 3647 1085 ὲξολοθρευθήσεται
3673 1018 3723 1069 ἐκ

2179 1105 2273 1159 τοῦ
2303 1104 2434 1163 λαοῦ
2465 1105 2655 1178 αὐτῆς.
2696 1124 2715 1159 ι
2769 1106 2925 1159 Ἐπεὶ
2951 1106 3005 1159 δὲ
3040 1105 3308 1170 ἀθάνατός
3342 1107 3546 1176 ἐστινὴ
3581 1106 3723 1177 ψυχὴ,

2186 1196 2566 1267 ὲξολὸθρι-,υσιν
2614 1199 2785 1269 αὐτῆς
2828 1198 3078 1270 νοοῦμεν,
3120 1199 3184 1253 τὸ
3212 1199 3319 1266 ἔξω
3361 1198 3611 1268 γενέσθαι
3634 1200 3723 1252 τῶν

2179 1290 2425 1359 ἀγαθῶν,
2465 1284 2540 1345 ὧν
2567 1290 2803 1362 ἠμελλεν
2833 1290 3126 1345 ἀπολαύειν
3158 1292 3206 1345 εἰ
3262 1289 3445 1355 καλῶς
3476 1289 3725 1342 ἐπολιτεῦ-

2184 1398 2335 1437 σατο.
2375 1399 2393 1433 ι
2446 1379 2637 1450 Ὑμεῖς
2678 1383 2822 1434 ὲστε.
2853 1402 2873 1433 ι
2927 1379 3147 1453 Ἐπειδὴ
3190 1380 3278 1435 διὰ
3319 1379 3382 1433 τὸ
3416 1380 3656 1449 τόλμημα
3680 1379 3725 1431 τὺ

2182 1474 2260 1538 εἰς
2293 1472 2529 1545 Χριστὸν
2584 1471 2836 1543 ἐνόμιζον
2892 1474 3117 1536 ἑαυτοὺς
3175 1472 3592 1545 [ἠλλοτριῶσθαι
3638 1471 3725 1523 τῶν

2182 1560 2545 1633 ἐπαγγελιῶν,
2597 1564 2693 1617 καὶ
2744 1565 2845 1618 οὐκ
2892 1563 3006 1635 ἔχει
3061 1563 3241 1633 λόγον,
3295 1562 3393 1616 νῦν
3449 1563 3547 1633 μὲν
3590 1556 3724 1616 αὑτὸν

2179 1653 2605 1727 ὲσταυρῶσθαι],
2689 1654 2784 1710 νῦν
2833 1654 2890 1708 δὲ
2960 1655 3037 1718 ὡς
3109 1654 3345 1717 οἰκείους
3405 1653 3721 1724 θεραπεύειν,

2179 1746 2391 1811 δεικνὺς
2414 1749 2484 1811 ¹¹,
2538 1747 2623 1800 ὃτι
2663 1746 2760 1801 καὶ
2806 1747 2987 1800 έκεῖνο
3039 1745 3182 1800 κατὰ
3237 1745 3606 1816 προφητείαν,
3648 1746 3722 1799 καὶ

2180 1840 2357 1907 τοῦτο,
2386 1841 2479 1892 καὶ
2528 1839 2876 1893 ὅτιἊνωθεν
2923 1840 3056 1909 ἡμῖν
3095 1840 3142 1871 ⁸¹
3196 1837 3483 1906 ὠφείλετο,
3538 1836 3598 1890 τὸ
3648 1837 3722 1890 καὶ

2183 1933 2330 2004 ἡμᾶς
2347 1933 2393 1964 ’³
2426 1930 2717 1986 πιστεῦσαι
2765 1934 2847 1995 εἰς
2876 1931 3059 1985 αὐτόν.
3100 1950 3119 1983 ι
3142 1930 3334 2001 Ὑμεῖς
3369 1929 3479 2001 γάρ
3529 1930 3641 1982 ἐστε
3682 1929 3722 1982 οι

2182 2026 2289 2081 υἱοὶ
2317 2026 2423 2079 τῶν
2456 2026 2772 2096 προυητῶν,
2814 2025 2908 2078 καὶ
2958 2023 3058 2093 τῆς
3088 2023 3387 2093 Διαθὴκης,
3432 2016 3502 2093 ἧς
3546 2020 3723 2075 διέθετο

2178 2116 2351 2182 seet;
2378 2117 2515 2188 πρὸς
2542 2117 2668 2179 τοῦς
2685 2113 2928 2187 πατέρας
2956 2113 3131 2183 ὑμῶν,
3161 2131 3181 2164 ι
3203 2113 3504 2178 τουτέστιν,
3533 2111 3719 2181 Ὑμεῖς,

2178 2211 2301 2263 ἐστε
2352 2208 2683 2280 κληρονόμοι
2735 2208 2975 2269 πάντων,
3004 2198 3082 2259 ὧν
3111 2204 3327 2275 ἔφησαν
3368 2204 3419 2257 οἰ
3452 2204 3718 2274 προφῆται,

2180 2303 2272 2355 καὶ
2296 2300 2364 2353 δι’
2396 2300 2539 2371 ὑμᾶς
2570 2300 2749 2355 πάντα
2796 2297 3040 2367 γέγονεν.
3088 2297 3205 2350 Ἵνα
3250 2294 3307 2349 δὲ
3362 2294 3718 2357 πιστεύσωσιν,

2178 2395 2260 2448 ὅτι
2289 2394 2384 2447 καὶ
2410 2393 2490 2464 τῷ
2519 2392 2635 2465 Θεῷ
2665 2388 2822 2446 τοῦτο
2847 2389 3018 2452 δοκεῖ,
3044 2389 3243 2458 ἐπάγει
3268 2388 3361 2440 καὶ
3388 2386 3574 2457 ἑτέραν
3597 2403 3717 2454 μαρ-

2178 2483 2370 2555 τυρίαν
2394 2483 2777 2548 διδάσκουσαν,
2810 2483 2869 2535 ὲν
2898 2477 3121 2551 Χριστῷ
3155 2497 3174 2531 ι
3205 2477 3544 2546 εὐλογεῖσθαι
3565 2476 3718 2538 πάσας

2177 2576 2273 2639 τὰς
2295 2575 2531 2648 πατριὰς
2559 2575 2659 2646 τῆς
2681 2574 2805 2644 γῆς,
2843 2591 2862 2625 ›
2891 2573 2983 2626 καὶ
3011 2571 3158 2642 ὑμᾶς
3188 2570 3405 2644 πρῶτον
3433 2569 3555 2632 τοὺς
3582 2584 3714 2621 σταυ-

2179 2669 2483 2739 ρώσαντας,
2523 2687 2542 2719 ι
2576 2670 2634 2721 ὲν
2676 2665 2756 2737 τῷ
2812 2663 3184 2735 ἀποστρέφειν
3231 2663 3463 2718 ἕκαστον
3491 2661 3590 2716 ἀπὸ
3627 2659 3716 2712 τῶν

2179 2758 2456 2830 πονηριῶν
2486 2758 2518 2811 ὑ
2526 2757 2665 2829 μῶν.
2696 2776 2718 2809 ι

2471 2848 2552 2920 Τῇ
2582 2847 2630 2918 γ’
2661 2848 2762 2919 τῆς
2797 2849 3058 2923 δευτέρας
3103 2843 3454 2915 Ἐδδομάδος.

2189 2946 2292 2999 Ἐν
2342 2937 2391 3011 ᾧ
2442 2944 2575 3010 περὶ
2630 2940 2993 3009 ἐπιστασίας
3054 2939 3176 2995 τῶν
3228 2934 3551 3006 ἀρχιερέων
3585 2928 3718 2999 ζήλῳ

2247 3034 2352 3089 τοῦ
2380 3033 2716 3106 γεγονότος,
2756 3033 2854 3089 καὶ
2897 3033 3096 3102 κρίσις
3131 3029 3242 3085 τοῦ
3276 3028 3589 3097 θαύματος,
3625 3021 3712 3076 ιιι.

2244 3143 2388 3196 τρου
2442 3141 2507 3179 τε
2553 3124 2841 3196 ὁμολογία
2871 3121 2982 3193 τῆς
3017 3119 3277 3191 Χριστοῦ
3333 3113 3631 3187 δυνάμεώς
3663 3128 3714 3165 τε

2106 3226 2157 3289 c
2254 3212 2353 3270 καὶ
2381 3212 2641 3285 χάριτος.

2779 3302 3169 3359 KEIMENON.

2257 3396 2577 3452 Λαλοῦντων
2610 3396 2669 3451 δὲ
2726 3395 2912 3451 αὐτῶν
2966 3394 3105 3467 πρὸς
3141 3392 3233 3448 τὸν
3270 3391 3403 3447 λαὸν
3445 3389 3719 3457 lusorum

2182 3489 2366 3554 αὐτοῖς
2409 3489 2459 3542 οἱ
2493 3490 2680 3559 ἱερεῖς,
2703 3487 2799 3541 καὶ
2828 3490 2857 3541 ὁ
2887 3488 3192 3557 στρατηγὸς
3234 3484 3330 3538 τοῦ
3381 3481 3546 3553 ῖεροῦ,
3571 3479 3655 3533 καὶ
3677 3476 3720 3528 οε

2184 3581 2555 3648 Σαδδουκαῖοι,
2587 3579 3003 3650 διαπονούμενοι
3038 3579 3128 3632 διὰ
3163 3579 3227 3631 τδ
3255 3576 3528 3631 διδάσκειν
3552 3569 3723 3629 αὐτοὺς

2181 3677 2273 3730 τὸν
2300 3673 2452 3740 λαὸν,
2495 3673 2591 3727 καὶ
2624 3672 3018 3741 καταγγέλλειν
3057 3671 3115 3724 tv
3156 3669 3237 3741 τῷ
3277 3666 3457 3737 Ἰησοῦ
3496 3654 3724 3735 τὴνῖνά-

2185 3784 2376 3822 στατιν
2420 3766 2520 3838 τὴν
2566 3768 2631 3820 ὲκ
2678 3765 2912 3836 νεκρῶν.
2958 3764 3070 3818 Καὶ
3118 3760 3383 3816 ἐπέϐαλον
3423 3759 3596 3820 αὐτοῖς
3635 3751 3721 3812 τὰς

2182 3864 2393 3932 χεῖρας,
2433 3860 2527 3912 καὶ
2561 3857 2748 3912 ἔθεντο
2786 3857 2984 3920 αὐτοὺς
3026 3858 3108 3920 εἰς
3134 3856 3373 3926 τήρησιν
3416 3854 3498 3915 εἰς
3527 3849 3617 3917 τὴν
3639 3843 3722 3897 αῦ-

2183 3967 2297 4021 ριον
2316 3966 2329 3979 ·
2354 3945 2425 4019 ἦν
2450 3947 2557 4017 γὰρ
2587 3947 2796 4019 ἑσπέρα
2816 3947 2938 4019 ήδη.
2968 3944 3164 4000 Πολλοὶ
3188 3944 3246 3997 δὲ
3274 3944 3385 3997 τῶν
3406 3939 3723 4036 ἀκουσάντιξν

2178 4041 2274 4096 τὸν
2302 4040 2459 4107 λόγον
2488 4039 2836 4102 ἐπίστευσαν,
2885 4037 2979 4090 καὶ
3030 4034 3263 4107 ἐγενήθη
3301 4036 3332 4088 ὁ
3372 4031 3595 4101 ἀριθμὸς
3628 4031 3722 4079 τῶν

2179 4131 2395 4207 ἀνδρῶν
2443 4130 2576 4184 ὡσεὶ
2613 4128 2855 4200 χιλιάδες
2901 4127 3085 4182 πέντε.
3130 4126 3379 4194 Ἐγένετο
3424 4123 3483 4176 δὲ
3532 4118 3617 4173 ἐπὶ
3638 4114 3726 4207 τὴν

2180 4206 2371 4294 αὔριον
2400 4222 2733 4294 συναχθῆναι
2758 4218 2938 4273 αὐτῶν
2959 4219 3085 4282 τοὺς
3107 4219 3379 4288 ἄρχοντας
3403 4215 3496 4269 καὶ
3516 4206 3727 4282 epse-60-

2180 4317 2374 4387 τέρους
2401 4317 2485 4378 εἰς
2508 4312 2888 4385 Ἰερουσαλὴμ,
2914 4310 3008 4364 καὶ
3034 4310 3410 4380 Γραμματεὶξ,
3441 4307 3534 4359 καὶ
3556 4303 3726 4387 Ἅνναν

2179 4385 2273 4461 τὸν
2304 4403 2588 4478 ἀρχιερέα,
2616 4402 2711 4457 καὶ
2743 4401 3031 4469 Καϊάφαν,
3067 4398 3162 4453 καὶ
3196 4397 3472 4463 Ἰωάννην,
3494 4385 3726 4478 καὶἎλὲέ

2184 4477 2435 4567 ξανδρον,
2470 4493 2565 4547 καὶ
2588 4493 2703 4546 ὅσοι
2731 4485 2872 4562 ἦσαν
2896 4492 2961 4544 ὲκ
2984 4488 3176 4558 γένους
3204 4481 3606 4557 ἀρχιερατικοῦ.
3626 4477 3727 4533 Καὶ

2108 4564 2160 4625 D
2185 4564 2483 4659 στήσαντες
2518 4583 2720 4647 αὐτοὺς
2763 4583 2823 4635 ὲν
2867 4582 3018 4652 μέσῳ
3064 4578 3460 4632 ἐπυνθάνοντοο
3498 4573 3579 4627 Ἔν
3614 4568 3730 4637 ποίᾳ

2178 4680 2427 4751 δυνάμει,
2462 4677 2496 4748 ἢ
2527 4678 2586 4731 ὲν
2612 4676 2754 4747 ποίῳ
2789 4674 3017 4744 ὀνόματι
3042 4672 3340 4741 ὺποιήσατε
3365 4666 3524 4722 τοῦτο
3553 4664 3727 4751 armis;

2182 4750 2325 4825 Τότε
2349 4772 2377 4824 ὁ
2404 4768 2611 4839 Πέτρος
2636 4764 2899 4837 πλησθεὶς
2921 4763 3237 4834 Πνεῦματος
3265 4760 3426 4830 ἁγίου
3464 4754 3576 4811 εἷπε
3602 4750 3729 4852 πρὶς

2184 4864 2411 4928 αὐτούς·
2446 4865 2740 4935 ’Δρχοντες
2785 4859 2880 4915 τοῦ
2924 4856 3077 4924 λαοῦ,
3126 4856 3221 4910 καὶ
3268 4853 3613 4925 πρεσϐύτεροι
3642 4861 3729 4898 του

2195 4956 2438 5028 Ἰσραὴλ,
2469 4956 2518 5008 εἰ
2557 4956 2725 5024 ἡμεῖς
2759 4952 3002 5023 σήμερον
3034 4947 3444 5018 ἀνακρινόμεθα
3468 4944 3555 4998 ἐπὶ
3587 4939 3733 5004 εὔερ-

2185 5047 2345 5118 γεσίᾳ
2371 5041 2665 5113 ἀνθρώπου
2706 5039 2989 5104 ἀσθενοῦς,
3038 5039 3099 5090 ὲν
3130 5037 3239 5090 τινι
3267 5032 3424 5098 οὗτος
3453 5035 3730 5118 σέσωσται·

2186 5115 2429 5204 γνωστὸν
2456 5131 2598 5185 ἔστω
2645 5130 2775 5198 ὑμῖν
2803 5127 2903 5182 καὶ⁸
2934 5126 3099 5181 παντὶ
3130 5126 3212 5198 τῷ
3245 5124 3362 5195 λαῷ
3401 5118 3622 5193 Ἰσραὴλ,
3655 5115 3736 5169 ὅτι

2187 5226 2246 5277 ὲν
2276 5223 2354 5294 τῷ
2379 5222 2604 5291 ὀνόματι
2647 5219 2746 5274 τοῦ
2787 5215 2963 5288 Ἰησοῦ
2993 5216 3233 5286 Χριστοῦ
3269 5215 3366 5269 τοῦ
3404 5207 3735 5278 Nati-spata),

2184 5319 2243 5373 δν
2281 5317 2439 5388 ὑμεῖς
2467 5311 2877 5384 ἐσταυρώσατε,
2907 5310 2967 5364 δν
2998 5309 3132 5373 Θεὸς
3164 5310 3390 5379 ἤγειρεν
3422 5307 3485 5358 ὲκ
3511 5298 3732 5368 νεκρῶν.

2186 5410 2243 5461 ὲν
2278 5405 2450 5476 τούτῳ
2471 5396 2628 5469 οὗτος
2651 5401 2998 5474 παρέστηκεν
3025 5399 3259 5453 ἐνώπιον
3286 5396 3435 5467 ὑμῶν
3459 5390 3631 5460 ὑγιής.

1692 5605 1893 5668 Varim
1936 5606 2251 5673 lectiones
2295 5613 2357 5670 et
2398 5614 2589 5670 nolze.

574 5707 619 5739 ²¹
646 5707 937 5763 δείκνυσιν.
1021 5712 1067 5742 ⁸³
1099 5711 1187 5766 ἵσ.
1243 5709 1391 5779 ὑμῖν.
1468 5708 1631 5763 "10'.
1674 5707 1838 5777 ὑμᾶς.

574 5821 691 5891 (ιε)
730 5822 934 5899 Locum
996 5825 1164 5887 hunc,
1222 5832 1281 5876 ut
1341 5823 1576 5890 videtur,
1623 5834 1950 5894 corruptum
2000 5833 2053 5879 ct
2120 5831 2399 5899 mutilum,
2471 5850 2534 5889 ex
2609 5833 2798 5889 codice
2864 5830 3180 5888 Florentino
3234 5835 3495 5894 utcunque
3548 5831 3735 5871 cmen-

505 5892 639 5949 dure
671 5904 721 5948 et
765 5896 972 5950 sarcire
1003 5904 1236 5950 conatus
1262 5911 1400 5948 sum.
