3848 6544
137 488 245 553 885

738 594 1134 653 'EI’MHNEIA.

212 686 384 741 Πάλιν
404 686 754 757 δικαστηρίου
783 687 1025 758 σχήματι
1051 688 1112 741 τὸ
1142 690 1373 759 πρᾶγμα
1410 686 1520 757 (13)
1555 704 1711 759 περι-

140 778 409 841 τιθέασιν,
438 777 524 830 ῖνα
563 777 894 841 ὑπευθύνους
919 779 1115 843 αὐτοὺς
1145 782 1209 852 τῇ
1237 780 1407 851 ἀδίκῳ
1442 781 1714 851 καταστή-

146 887 281 923 σωσι
313 869 514 941 κρίσει.
583 869 861 940 Ἐνόμιζον
904 874 1033 943 γὰρ,
1082 874 1170 929 διὰ
1212 874 1273 928 τὸ
1307 872 1507 946 πλῆθος
1540 873 1713 944 φοϐη-

145 961 339 1025 θέντας
379 960 599 1026 αὐτοὺς,
634 961 893 1034 ἐξάρνους
933 964 1211 1032 γενέσθαι,
1250 966 1345 1020 καὶ
1383 966 1443 1019 τὸ
1487 967 1593 1021 πᾶν
1625 966 1714 1021 διὰ

144 1053 305 1106 τοῦτο
334 1053 742 1124 προσδοκῶντες
774 1055 1219 1127 κατωρθωκέναι.
1268 1057 1333 1110 Τί
1380 1053 1472 1112 οῦν
1511 1076 1711 1128 φασιν;

151 1164 168 1195 ι
216 1142 311 1198 Ἐν
349 1143 488 1217 ποίῳ
539 1146 764 1216 ὀνόματι
803 1147 1095 1219 ἐποιήσατε
1123 1147 1280 1203 τοῦτο
1323 1150 1517 1220 ὑμεῖς;
1553 1170 1572 1204 ι
1606 1151 1715 1207 Καὶ

142 1236 202 1287 οὐ
230 1235 452 1304 λέγουσι
491 1240 664 1304 ποῖον,
692 1238 829 1294 ἀλλὰ
876 1239 1241 1308 ἑνσκιάξουσι,
1275 1245 1350 1314 μὴ
1397 1242 1713 1314 βουλόμενοι

144 1326 298 1381 τοῦτο
354 1329 552 1397 εἰπεῖν,
603 1331 805 1404 καίπερ
850 1333 1072 1399 είδότες,
1119 1333 1209 1390 διὰ
1250 1335 1345 1392 τὸν
1386 1336 1531 1391 λαόν.
1580 1338 1712 1393 Τότε

143 1419 352 1489 Πέτρος
411 1422 674 1491 μνησθεὶς
722 1422 833 1478 τῶν
863 1423 958 1478 τοῦ
999 1425 1206 1496 Κυρίου
1247 1427 1421 1496 λόγων
1474 1422 1550 1484 ὧν
1579 1431 1715 1500 πρὸς

142 1509 344 1573 αὐτοὺς
373 1512 610 1566 ἐποιεῖτο
662 1511 874 1583 λέγων’
943 1532 965 1567 ι
1003 1515 1172 1570 Ὅταν
1214 1516 1270 1570 δὲ
1322 1517 1529 1587 ἄγωσιν
1569 1519 1714 1590 ὑμᾶς

143 1603 221 1664 είς
241 1601 350 1667 τὰς
375 1603 731 1676 Συναγωγὰς,
770 1605 847 1679 μὴ
887 1608 1263 1682 μεριμνήσητε
1290 1610 1426 1673 πῶς.
1465 1610 1500 1681 ἢ
1529 1611 1581 1665 τί
1613 1610 1713 1666 λα-

142 1696 343 1764 λήσετε
367 1714 381 1727 ·
418 1696 478 1751 τὸ
517 1696 628 1770 γὰρ
680 1699 906 1772 Πνεῦμα
943 1700 1039 1756 τοῦ
1075 1702 1288 1775 [ἰατρὸς
1323 1703 1477 1774 ὒμῶν
1510 1706 1628 1758 ἐστι
1654 1705 1716 1758 τὸ

143 1786 341 1841 λαλοῦν
408 1790 466 1842 έν
532 1792 698 1861 ῦμίνο
766 1812 786 1846 ι
852 1793 1116 1866 πλησθεὶς
1177 1794 1496 1866 Πνεῦματος
1557 1797 1714 1867 ἁγίου

143 1875 256 1932 εἶπε
315 1881 449 1952 πρὸς
492 1883 724 1948 αὐτούς’
769 1886 1020 1942 Μάλιστα
1066 1888 1166 1959 μὲν
1215 1890 1382 1960 ἐχρῆν
1415 1890 1714 1960 στεφανοῦ-

146 1969 266 2024 σθαι
301 1973 448 2042 ἡμᾶς
474 1974 566 2028 ἐπὶ
594 1975 824 2043 τούτοις,
860 1979 956 2032 καὶ
986 1977 1061 2042 ὼς
1090 1979 1382 2050 εὐεργέτας
1403 1981 1714 2053 ἀνακηρύτ-

143 2060 355 2114 τεσθαι.
408 2060 559 2117 Ἐπεὶ
591 2064 764 2121 δὲκαὶ
795 2085 814 2119 ι
848 2068 1150 2139 κρινόμεθα
1185 2069 1274 2125 ἐπ’
1302 2071 1593 2146 εὐεργεσίᾳ
1621 2077 1716 2129 ἀν-

142 2149 365 2221 θρώπου
391 2153 672 2222 ἀσθενοῦς,
708 2175 727 2208 ι
762 2158 816 2211 τί
851 2158 933 2214 δεῖ
965 2165 1171 2229 notatio;
1212 2161 1309 2220 νῦν
1346 2165 1539 2237 καιρός
1568 2167 1714 2221 ἐστιν

143 2241 549 2315 ἀνακηρύττειν
578 2248 668 2304 τὸν
696 2250 1027 2323 Εὐεργέτην.

727 2340 1116 2397 KEIMENON.

208 2419 389 2491 Οὗτός
413 2428 560 2483 ἐστιν
590 2433 618 2485 δ
647 2430 793 2497 λίθος
820 2435 849 2489 ὁ
888 2433 1269 2502 ὲξουδενωθεὶς
1299 2439 1390 2508 ire?
1425 2441 1579 2512 ὑμῶν
1606 2443 1715 2497 τῶν
1812 2436 1815 2441 ’

141 2517 594 2589 οἱκοδομοὺντων,
651 2523 680 2575 ὁ
726 2525 1018 2597 γενόμενος
1069 2528 1151 2592 είς
1191 2530 1433 2601 κεφαλὴν
1477 2534 1711 2600 γωνίας·

147 2608 238 2700 καί
274 2610 378 2664 οὐκ
411 2613 558 2667 ἐστιν
604 2617 662 2669 ἐν
713 2616 859 2689 ἄλλῳ
904 2619 1079 2674 οὐδενὶ
1127 2623 1391 2694 σωτηρία.
1438 2623 1577 2680 Οὔτε
1608 2629 1717 2700 γὰρ

144 2698 316 2791 δνομά
341 2703 491 2758 ἐστιν
520 2706 710 2778 ἕτερον
735 2709 796 2763 τὸ
824 2709 1107 2784 δεδομένον
1136 2716 1196 2768 ἐν
1232 2715 1560 2788 ἀνθρώποις,
1587 2719 1644 2774 ἐν

142 2789 219 2845 δεῖ
244 2794 490 2867 σωθῆναι
518 2801 685 2870 ἡμᾶς.

752 2898 1135 2957 ΕΡΜΗΝΕΙΔ.

219 2981 665 3059 ’Δναμιμνήσκει
708 2989 906 3056 αὐτοὺς
953 2994 1195 3065 ῥήματος
1241 2996 1429 3052 ἱκανοῦ
1475 3000 1717 3071 φοϐῆσαι

146 3075 369 3141 αὐτούς.
412 3097 435 3133 ι
481 3081 593 3136 Καὶ
638 3084 666 3137 ὁ
706 3085 888 3138 πεσὼν
915 3086 1044 3158 γὰρ,
1085 3089 1272 3159 φησιν,
1316 3092 1413 3145 ἐπὶ
1444 3093 1536 3148 τὸν
1572 3094 1719 3149 λίθον

145 3166 357 3237 τοῦτον,
391 3169 847 3244 συνθλασθήσεται
867 3191 881 3206 '
914 3177 999 3247 ἐφ’
1028 3176 1089 3234 ὃν
1112 3179 1157 3233 δ’
1180 3179 1250 3235 ἂν
1277 3182 1437 3255 πέσῃ,
1460 3184 1717 3256 λικμήσει

819 487 1355 550 EXPOSITIONIS
1386 487 1466 549 IN
1508 487 1694 546 ACTA
1728 487 2027 551 TEXTUS
2074 486 2437 552 ALTERC—
2459 493 2614 555 CAP.
2661 495 2760 556 IV.

1735 595 1787 653 Α

1742 1934 1790 1994 Β

2300 596 2868 659 COMMENTARIUS.

1886 693 2085 747 Judieii
2125 691 2355 748 formam
2382 694 2601 764 negotio
2635 695 2725 749 isti
2755 704 3056 766 apponunt,
3084 705 3140 749 ut
3175 698 3382 767 injuste

1816 804 1912 842 eos
1990 785 2202 857 judicio
2269 786 2536 842 obnoxios
2600 786 2821 843 faciant.
2869 786 3172 859 Sperabam
3238 791 3388 844 enim

1819 875 2106 950 apostolos
2164 879 2515 935 multitudine
2563 881 2786 937 territos
2825 881 3026 936 factum
3070 891 3384 953 negaturos.

1818 972 2006 1041 sicque
2055 985 2177 1025 sese
2222 985 2336 1024 rem
2388 986 2609 1025 omnem
2638 972 3026 1028 cntcndaturos
3067 973 3202 1029 fore.
3242 975 3383 1040 Quid

1818 1063 1982 1132 igitur
2005 1062 2305 1133 inquiunt?
2329 1084 2347 1116 ι
2372 1064 2427 1120 In
2453 1079 2563 1134 quo
2590 1066 2813 1120 nomine
2845 1065 3053 1123 fecistis
3077 1071 3178 1121 hoc
3209 1069 3378 1123 vos?»

1816 1151 2027 1225 Neque,
2081 1170 2187 1224 qua
2218 1155 2286 1210 de
2333 1171 2392 1211 re
2439 1155 2754 1226 loquantur,
2787 1158 3131 1227 exprimunt;
3162 1160 3254 1214 sed
3292 1174 3389 1214 oc-

1817 1251 2029 1305 cultant
2084 1250 2232 1320 quod
2267 1251 2465 1316 nolint,
2526 1267 2842 1321 quanquam
2889 1253 2940 1308 id
2983 1255 3149 1324 probe
3186 1257 3385 1322 sciant,

1815 1342 2020 1408 dicere,
2043 1350 2270 1413 propter
2301 1343 2581 1413 populum.
2602 1343 2758 1398 Tunc
2785 1345 3000 1411 Petrus,
3036 1361 3243 1401 memor
3265 1363 3381 1403 ver-

1818 1434 2012 1489 borum
2058 1449 2180 1503 qua:
2206 1435 2343 1502 ipsis
2366 1434 2507 1490 dixit
2542 1434 2838 1503 Dominus,
2873 1454 3065 1509 nempe
3088 1440 3172 1494 ’σε
3205 1460 3224 1492 ι
3252 1441 3386 1495 Cum

1817 1527 2036 1581 tradent
2056 1542 2155 1582 vos
2184 1527 2240 1581 in
2264 1529 2579 1600 synagogis,
2607 1529 2776 1584 nolite
2798 1530 3061 1600 cogitare,
3089 1530 3386 1601 quomodo,

1816 1627 1912 1674 aut
1946 1618 2080 1688 quid
2120 1619 2499 1689 l0quamini...
2551 1620 2791 1692 Spiritus
2820 1622 2964 1677 enim
3004 1621 3183 1679 Patris
3222 1625 3388 1679 vestri

1814 1719 1903 1767 est
1923 1711 2015 1781 qni
2041 1711 2286 1781 loquitur
2333 1711 2387 1767 in
2434 1712 2611 1779 vobis,
2638 1732 2656 1764 ι
2685 1722 2850 1784 atque
2898 1714 3135 1783 repletus
3171 1715 3380 1784 Spiritu

1817 1813 2007 1859 sancto
2052 1802 2191 1857 dixit
2220 1804 2287 1859 ad
2329 1819 2426 1860 eos
2456 1823 2470 1859 :
2500 1802 2797 1860 Maximum
2861 1808 3049 1876 utique
3080 1807 3242 1863 hodie
3280 1824 3381 1863 nos

1818 1894 2100 1965 praemium
2128 1893 2353 1961 referre,
2387 1895 2457 1951 ob
2477 1910 2542 1952 ea
2568 1913 2690 1967 qua:
2720 1896 2982 1964 fecimus,
3016 1914 3080 1955 ac
3119 1906 3383 1970 tanquam

1818 1988 2196 2044 benefactores
2228 1988 2538 2060 praedicari.
2591 1988 2841 2047 decebat.
2900 1991 3169 2059 Quoniam
3209 2002 3390 2049 autem

1822 2095 1842 2130 ι
1873 2078 2243 2149 dijudicamur
2273 2081 2330 2136 in
2360 2080 2648 2138 henefacto
2679 2081 2915 2141 hominis
2944 2083 3170 2151 inﬁrmi,
3197 2088 3234 2139 ἰ
3259 2084 3390 2156 quid

1817 2177 2035 2239 oportet
2076 2169 2302 2227 facere?
2328 2185 2478 2227 nunc
2510 2182 2728 2244 tempus
2766 2183 3137 2245 opportunum
3170 2182 3258 2234 est
3291 2176 3392 2233 de-

1817 2262 2106 2322 nuntiandi
2143 2263 2579 2321 Benefactorem.

2452 2353 2759 2412 TEXTUS.

1888 2445 1981 2510 IV,
2018 2446 2108 2512 ll,
2145 2446 2235 2501 ιε.
2270 2444 2369 2502 llic
2391 2454 2474 2502 est
2512 2447 2653 2518 lapis
2682 2487 2698 2511 ,
2733 2447 2823 2519 qui
2865 2449 3190 2519 reprobatus
3236 2459 3319 2504 est
3361 2465 3394 2505 a

1816 2539 1973 2595 vobis
2022 2537 2443 2604 aedificantibus,
2473 2539 2567 2611 qui
2593 2538 2770 2595 factus
2793 2546 2880 2596 est
2909 2540 2962 2594 in
2985 2549 3151 2610 caput
3178 2540 3385 2609 anguli.

1819 2630 1885 2684 Et
1916 2646 2024 2686 non
2078 2631 2242 2687 estin
2274 2630 2459 2702 aliquo
2507 2630 2616 2686 alio
2675 2630 2848 2686 salus.
2883 2627 2995 2685 Nec
3048 2630 3195 2686 enim
3244 2631 3395 2687 aliud

1818 2736 2017 2777 nomen
2077 2730 2160 2778 est
2215 2721 2321 2777 sub
2361 2722 2501 2778 cmlo
2557 2721 2743 2777 datum
2810 2720 3149 2789 hominibus,
3193 2721 3249 2777 in
3278 2735 3388 2792 quo

1817 2822 2064 2887 oporteat
2111 2830 2212 2872 nos
2248 2815 2432 2871 salvos
2452 2814 2590 2870 ﬁeri.

2311 2902 2888 2962 COMMENTARIUS.

1889 2994 1947 3050 ln
1973 2996 2291 3052 memoriam
2325 3005 2550 3053 revocat
2571 2995 2783 3052 dictum
2813 2996 2948 3052 illud
2980 2995 3125 3068 quod
3159 3008 3255 3052 eos
3283 3004 3394 3050 ter-

1820 3102 1943 3144 rere
1980 3088 2127 3159 juste
2156 3097 2374 3160 poterat
2403 3106 2419 3144 :
2449 3108 2470 3143 ι
2502 3088 2568 3145 Et
2605 3090 2699 3161 qui
2757 3089 3021 3146 ceciderit
3057 3104 3224 3161 super
3253 3087 3394 3158 lapi-

1821 3179 1943 3235 dem
1966 3181 2133 3237 istum
2167 3182 2546 3252 eonfringetur
2579 3199 2593 3236 :
2633 3197 2800 3253 super
2834 3196 2998 3253 quem
3026 3197 3156 3237 vero
3181 3180 3397 3238 cecide-

145 3258 332 3315 αὐτόν.
371 3279 392 3314 ι
447 3263 756 3332 Τουτέστιν,
796 3268 875 3322 ὅτι
902 3270 1116 3342 Σφόδρα
1166 3271 1388 3344 δόκιμος
1428 3276 1566 3339 ἐστι,
1614 3277 1715 3332 κᾶν

1830 3272 1918 3339 rlt,
1941 3282 2191 3332 conteret
2218 3276 2425 3331 eum".
2453 3295 2473 3328 ι
2499 3277 2617 3331 Hoc
2652 3283 2757 3339 est,
2791 3274 2946 3329 valde
2987 3274 3249 3344 probatus
3287 3285 3394 3340 est,

146 3350 307 3418 ὓμεϊς
350 3351 555 3408 δοκεῖτε
591 3358 682 3427 ὑφ’
727 3359 884 3428 ὑμῶν
921 3361 1319 3428 ὲξουθενεῖσθαι
1343 3382 1356 3396 ·
1395 3366 1720 3440 βουλόμενος

151 3444 242 3495 καὶ
274 3444 511 3517 φοσῆσαι
559 3450 775 3519 αὐτοὺς,
810 3452 895 3509 ἴνα
940 3454 1043 3510 κᾶν
1086 3455 1258 3524 οὕτως
1292 3459 1581 3534 ἀναγκάσῃ
1618 3462 1720 3517 αὐ-

151 3551 274 3600 τους
296 3554 604 3598 πιστευσαι.

746 3637 998 3697 ΚΕΦΑΔ.
1041 3643 1122 3699 E'.

577 3728 656 3798 Τῇ
689 3729 732 3782 δ’
758 3731 859 3801 τῆς
890 3731 937 3803 β’
968 3733 1265 3807 ἑϐδομάδος

1822 3380 2138 3437 quanquam
2179 3382 2210 3422 a
2249 3366 2401 3423 vobis
2445 3367 2726 3439 reprohari
2776 3366 3048 3421 videatur.
3083 3365 3207 3420 Vult
3244 3367 3396 3420 scili-

1819 3466 1910 3512 cet
1937 3471 2033 3513 eos
2073 3457 2529 3528 perterrefacere,
2561 3466 2621 3512 ut
2660 3456 2747 3513 vel
2772 3456 2854 3514 sic
2887 3456 2956 3513 ad
2994 3454 3152 3511 fidem
3192 3456 3399 3527 ample-

1822 3551 2076 3607 ciendam
2116 3551 2496 3622 compelleret.

2345 3642 2503 3713 211
2539 3639 2768 3697 CAPUT
2792 3639 2856 3696 ν.

2068 3733 2225 3790 Feria
2255 3744 2452 3804 quarta
2487 3731 2842 3789 hebdomade:
2866 3733 3146 3789 secundae.

154 3812 292 3881 Περὶ
322 3815 445 3870 τῶν
482 3819 800 3890 ἀρχιερέων
839 3824 1381 3903 [προσταττόντων]
1408 3832 1490 3899 ὡς
1521 3835 1594 3888 οὐ
1632 3833 1715 3889 δεῖ

1830 3832 1901 3886 De
1932 3828 2250 3902 pontificum
2284 3827 2512 3889 decreto,
2544 3840 2605 3879 ne
2657 3825 2905 3895 cuiquam
2961 3823 3141 3883 liceret
3193 3823 3257 3879 de
3306 3840 3400 3880 no-

215 3909 725 3977 παρῤησιάζεσθαι
773 3915 873 3972 ἐπὶ
904 3917 986 3985 τῷ
1015 3921 1262 3991 ὀνόματι
1291 3924 1398 3981 τοῦ
1421 3928 1682 3997 Χριστοῦ
1699 3945 1717 3964 δ

218 3998 318 4055 καὶ
344 4000 609 4072 ἀνέσεως
641 4005 762 4061 τῶν
791 4007 1170 4068 ἀποστόλων.

741 4098 1127 4159 ΚΕΙΜΕΝΟΝ.

224 4183 573 4255 Θεωροῦντες
605 4188 662 4242 δὲ
713 4189 813 4260 τὴν
846 4192 941 4245 τοῦ
996 4194 1203 4267 Πέτρου
1256 4201 1588 4272 παρρησίαν,
1627 4205 1721 4258 καὶ

168 4272 442 4341 Ἰωάννου,
475 4278 567 4331 καὶ
593 4278 1023 4352 καταλαϐόμενοι
1059 4285 1141 4339 ὅτι
1172 4287 1452 4357 ἄνθρωποι
1499 4293 1721 4364 ἀγράμ-

164 4368 321 4434 ματοί
345 4368 455 4420 είσι
492 4370 584 4422 καὶ
627 4370 857 4438 ἰδιῶται,
889 4374 1198 4447 ἐθαύμαζον
1221 4396 1235 4409 ο
1268 4383 1637 4451 ἐπεγίνωσκόν
1660 4405 1720 4440 τε

1896 3925 2040 3980 mine
2072 3920 2203 3977 Iesu
2237 3920 2417 3989 palam
2452 3917 2595 3989 loqui
2625 3932 2645 3971 :
2670 3927 2718 3972 et
2750 3916 2814 3973 de
2852 3916 3161 4009 dimission’e
3191 3928 3401 3986 aposto-

1897 4018 2092 4072 lorum.

2475 4103 2775 4162 'I'EXTUS.

1896 4198 1989 4268 ιν,
2015 4198 2207 4254 15-22.
2236 4197 2505 4254 Videntes
2555 4206 2734 4253 autent
2788 4199 2931 4254 Petri
2961 4200 3325 4255 constantiam
3352 4210 3405 4253 et

1823 4292 2080 4359 Joannis,
2107 4299 2388 4363 comperto
2411 4290 2554 4362 quod
2584 4290 2834 4346 homines
2862 4303 3045 4348 essent
3066 4293 3184 4347 sine
3208 4293 3406 4349 litteris

1824 4395 1879 4441 et
1912 4385 2115 4450 idiota,
2143 4383 2560 4439 admirabantur
2584 4390 2638 4437 et
2684 4382 3089 4451 cognoscebant
3121 4396 3236 4447 eos,
3269 4399 3405 4452 quo-

162 4460 381 4527 αὐτοὺς,
405 4461 487 4514 ὅτι
521 4463 618 4517 σὺν
648 4465 724 4533 τῷ
755 4465 931 4537 Ἰησοῦ
979 4464 1143 4539 ἦσαν.
1186 4474 1289 4527 Τόν
1339 4493 1398 4529 τε
1433 4478 1715 4549 ἄνθρωπον

1830 4476 1974 4532 niam
2015 4491 2140 4531 cum
2173 4474 2304 4531 Jesu
2333 4474 2571 4530 fuerant.
2599 4472 2884 4528 Hominem
2913 4489 3133 4545 quoque
3152 4475 3404 4530 videntes

160 4549 446 4619 βλέποντες
476 4555 572 4608 σὺν
620 4557 804 4622 αὐτοῖς
850 4561 1059 4615 ἑστῶτα
1105 4562 1198 4617 τὸν
1227 4567 1715 4642 τεθεραπευμένον,

197 4643 267 4659 ...
367 4641 389 4659 ν
554 4649 566 4659 .
767 4653 789 4659 μ
866 4654 907 4659 --
946 4654 960 4659 -
1025 4655 1036 4659 -

1833 4575 2069 4626 stantem
2100 4582 2225 4627 cum
2254 4566 2336 4623 eis
2380 4565 2731 4637 qui'curatus
2761 4564 2962 4632 fuerat,
2988 4566 3122 4620 nihil
3149 4576 3407 4637 poterant

158 4643 309 4698 οὐδὲν
338 4641 486 4715 εῐχον
542 4649 840 4706 ἀντειπεῖν.
865 4654 1239 4722 Κελεύσαντες
1286 4660 1343 4713 δὲ
1387 4641 1586 4728 αὐτοῦς
1619 4664 1715 4731 ἔξω

1834 4660 2237 4718 contradicere.
2300 4658 2595 4715 Iusserunt
2653 4665 2835 4712 autem
2898 4672 2993 4713 €03
3048 4657 3198 4713 foras
3252 4668 3405 4714 extra

161 4734 254 4824 τοῦ
287 4737 566 4807 συνεδρίου
603 4740 880 4809 ἀπελθεῖν,
928 4746 1218 4801 συνέϐαλον
1265 4750 1401 4821 πρὸς
1439 4752 1715 4824 ἀλλήλους,

1834 4752 2129 4809 concilium
2184 4750 2487 4807 secedere:
2523 4756 2576 4805 et
2630 4747 2987 4804 conferebant
3026 4748 3092 4803 ad
3151 4749 3403 4811 invicem,

161 4823 408 4895 λέγοντες
432 4843 449 4858 ⁶
499 4829 564 4882 Τί
608 4834 913 4904 ποιήσομεν
969 4840 1083 4902 τοῖς
1139 4840 1445 4914 ἀνθρώποις
1480 4823 1724 4916 reticere;
1834 4847 2114 4902 dicentes:
2146 4844 2287 4911 Quid
2321 4842 2587 4898 faciemus
2616 4841 2931 4898 hominibus
2958 4840 3405 4912 istis2quoninm

165 4918 287 4972 Ὅτι
324 4919 427 4990 μὲν
461 4923 702 4989 γνωστὸν
744 4930 970 4998 σημεῖον
1004 4931 1194 5001 γέγονε
1247 4935 1315 4989 δι’
1359 4938 1557 5002 αὐτῶν,
1593 4944 1715 4997 πᾶσε

1836 4939 2056 5008 quidem
2093 4944 2280 4993 notum
2316 4936 2532 5004 signum
2567 4935 2770 4990 factum
2804 4941 2886 4988 est
2911 4949 3005 5003 per
3024 4947 3121 4988 eos
3152 4935 3409 4989 omnibus

162 5013 273 5075 τοῖς
301 5014 652 5071 κατοικοῦσιν
686 5018 1050 5095 Ἰερουσαλὴμ
1071 5027 1326 5099 φανερὸν,
1358 5031 1454 5084 καὶ
1480 5032 1541 5085 οὐ
1569 5034 1728 5090 δυνά-

167 5102 310 5196 μεθα
343 5105 708 5175 ἀρνήσασθαι.
752 5109 893 5165 Ἀλλ’
929 5113 1019 5169 ἵνα
1057 5117 1134 5188 μή
1184 5119 1278 5171 ἐπὶ
1326 5121 1512 5177 πλεῖον
1554 5126 1715 5181 διανε·

1840 5138 2132 5196 possumus
2156 5135 2375 5192 negare.
2401 5118 2508 5174 Sed
2538 5133 2606 5173 ne
2632 5118 2865 5189 amplius
2895 5118 3201 5188 divulgetur
3224 5117 3277 5170 in
3313 5132 3411 5186 po-

170 5193 313 5288 μηθῇ
359 5198 439 5288 εἰς
488 5196 581 5251 τὸν
605 5198 757 5266 λαὸν.
800 5203 999 5278 ἀπειλῇ
1048 5209 1478 5283 ἀπειλησώμεθα
1526 5217 1729 5287 αὐτοῖς,
1840 5193 2049 5288 pulum,
2101 5213 2505 5268 comminemur
2549 5209 2653 5274 eis,
2704 5224 2771 5261 ne
2815 5209 2956 5262 ultra
3004 5209 3302 5277 loquantur
3354 5207 3409 5261 in

171 5286 373 5382 μηκέτι
404 5287 589 5382 λαλεῖν
614 5292 710 5346 ἐπὶ
733 5293 810 5367 τῷ
839 5297 1067 5367 ὀνόματι
1101 5300 1278 5374 τούτῳ
1309 5307 1496 5376 μηδενὶ
1516 5308 1715 5382 ἀνθρώ-

1841 5286 2069 5367 nemine
2105 5310 2205 5362 hoc
2242 5306 2335 5361 ulli
2384 5304 2690 5360 hominum.
2740 5304 2807 5359 Et
2867 5312 3130 5358 vocantes
3157 5316 3276 5368 eos,
3313 5301 3410 5358 de-

168 5393 302 5431 των.
332 5379 443 5433 Καὶ
494 5382 825 5451 καλέσαντες
858 5388 1082 5456 αὐτοὺς,
1126 5396 1504 5465 παρήγγειλαν
1547 5379 1715 5464 αὐτοῖς

1843 5402 2256 5464 ιιιιιῖιίιινοτυιιι,
2313 5413 2381 5452 ne
2425 5396 2648 5451 omnino
2690 5394 3066 5465 loquerentur,
3107 5409 3283 5465 neque
3309 5393 3411 5449 do-

168 5469 228 5520 τὸ
265 5470 496 5527 καθόλου
540 5474 616 5548 αὴ
646 5476 1004 5550 φθέγγεσθαι,
1036 5483 1172 5554 μηδὲ
1212 5485 1482 5547 διδάσκειν
1525 5494 1617 5548 ἐπὶ
1657 5496 1715 5566 ri}

1844 5503 2034 5552 eerent
2088 5493 2142 5547 in
2194 5490 2414 5546 nomine
2457 5486 2606 5544 Jesu.
2649 5482 3023 5545 Petrus'vero
3059 5497 3114 5545 et
3168 5487 3413 5546 Joannes

235 5612 284 5645 "
301 5610 493 5672 Matth.
517 5632 574 5681 ι,
598 5618 783 5686 18,19.
858 5624 905 5658 ³⁷
928 5624 1125 5681 Matth.
1168 5643 1280 5693 ut,
1311 5630 1401 5685 ﬂ.

1352 5764 1551 5828 Variae
1594 5769 1902 5832 lecliO'es
1934 5774 2005 5853 et
2051 5775 2241 5828 notua.

170 5844 508 5970 τιθίὲΙΞέὲἹοιι
537 5854 749 5923 dubito,
802 5857 888 5914 hie
939 5860 1246 5933 legendum,
1288 5871 1340 5917 ut
1377 5865 1533 5921 habet
1575 5870 1712 5939 tlltry

1830 5844 2018 5933 ,mtttts,
2089 5862 2444 5934 δικαστηρίου
2495 5861 2676 5933 σχῆμα
2754 5862 2833 5934 τῷ
2893 5862 3177 5935 πράγματι
3261 5880 3417 5938 περὶ·

1837 5029 2210 5088 hahitantibus
2259 5026 2589 5091 Jerusalem,
2653 5025 3005 5080 manifestum
3057 5038 3143 5082 est
3184 5034 3238 5079 et
3298 5041 3407 5079 non
3503 5060 3511 5067 ι
