3848 6556
498 431 607 497 887

503 547 923 620 respbndentes,
968 546 1225 603 dixerunt
1268 545 1338 601 ad
1377 560 1514 601 eos:
1546 543 1607 600 Si
1648 546 1859 613 justum
1897 554 1983 601 est
2027 545 2079 600 in
2112 549 2154 603 Δ

500 649 799 712 conspectu
851 639 949 696 Dei
1001 653 1098 694 vos
1167 638 1350 708 potius
1413 637 1607 692 audire
1656 651 1822 708 quam
1882 636 2076 701 Deum,

500 731 761 803 iudicate.
822 728 939 785 Non
972 730 1116 784 enim
1147 743 1445 800 possumus
1467 743 1589 797 qua:
1620 727 1859 782 vidimus
1896 736 1950 782 et
1983 742 2081 781 au-

502 828 744 883 divimus
812 840 921 880 non
965 822 1134 893 loqui.
1166 823 1236 876 At
1283 822 1365 876 illi
1403 821 1807 877 comminantes
1858 820 2082 876 dimise-

501 929 631 974 runt
660 933 777 983 eos,
834 931 944 970 non
975 914 1324 991 invenientes
1356 912 1638 984 quomodo
1670 912 1931 984 punirent
1960 927 2077 979 eos,

503 1018 726 1079 propter
750 1006 1038 1077 p0pulum,
1071 1005 1199 1075 quia
1223 1021 1416 1060 omnes
1443 1004 1819 1060 clariﬁcabant
1854 1006 1907 1059 id
1938 1004 2079 1077 quod

500 1101 705 1154 factum
732 1099 911 1153 fuerat
943 1099 996 1151 in
1029 1112 1093 1151 eo
1118 1098 1263 1166 quod
1300 1097 1597 1153 acciderat.
1626 1098 1908 1152 Annorum
1933 1097 2079 1151 enim
2124 1160 2129 1165 ,

509 1200 633 1249 erat
660 1188 896 1259 amplius
953 1188 1318 1259 quadraginta
1356 1189 1542 1254 homo,
1598 1190 1653 1244 in
1705 1204 1816 1260 quo
1876 1186 2078 1243 factum

500 1280 681 1339 fuerat
710 1281 924 1354 signum
961 1280 1107 1337 istud
1140 1283 1414 1337 sanitatis.

849 1356 931 1433 *ἒ
1011 1372 1586 1430 COMMENTARIUS.

572 1467 729 1534 Quod
770 1465 933 1522 Pater
974 1466 1259 1522 Christum
1293 1481 1358 1521 ex
1399 1464 1628 1521 mortuis
1664 1465 1965 1521 suscitasse
1995 1465 2077 1519 di-

502 1567 682 1623 catur,
717 1557 791 1612 ita
847 1566 909 1612 ut
955 1558 1123 1613 etiam
1161 1557 1277 1628 ipse
1308 1555 1562 1612 Christus
1616 1556 1765 1611 circa
1799 1558 2078 1628 propriam

502 1666 727 1707 carnem
759 1660 1019 1721 operatus
1050 1650 1142 1714 sit,
1170 1665 1331 1705 nemo
1358 1650 1694 1705 dubitaverit
1726 1668 1740 1704 :
1773 1665 1897 1706 cum
1934 1665 2079 1705 enim

503 1744 626 1816 ipse
651 1744 722 1801 sit
742 1744 1028 1800 vivificans
1047 1751 1102 1797 et
1131 1740 1322 1798 ellicax
1355 1742 1534 1798 virtus
1562 1741 1761 1809 Patris,
1799 1741 2080 1813 proprium

500 1837 667 1893 etiam
702 1836 1000 1892 vivilicavit
1029 1836 1289 1905 templum
1318 1851 1332 1887 :
1367 1853 1385 1887 ι
1419 1832 1626 1891 Solvite
1672 1835 1844 1902 enim,
1878 1834 2077 1907 inquit,

503 1928 764 1999 templum
806 1930 932 1993 hoc,
1001 1938 1056 1984 et
1110 1930 1165 1983 in
1227 1928 1406 1993 tribus
1463 1928 1660 1985 diebus
1717 1929 1966 1999 excitabo
2015 1929 2082 1984 il-

498 2019 596 2076 lud
640 2019 707 2075 ³⁸.
745 2040 764 2073 ι
809 2021 906 2076 Est
951 2031 1008 2076 et
1066 2020 1171 2076 hoc
1232 2019 1397 2092 igitur
1458 2019 1807 2075 manifestum
1856 2036 2080 2091 corpus,

504 2115 650 2185 quod
683 2114 1017 2171 vivificatum
1048 2124 1154 2180 est,
1176 2130 1306 2187 ,non
1337 2113 1575 2169 alienum
1609 2113 1714 2184 ipsi
1771 2129 1947 2184 neque
1977 2114 2081 2168 ali-

499 2207 648 2276 quod
674 2223 740 2263 ex
769 2210 973 2264 nostris
1001 2207 1190 2272 fuisse,
1225 2206 1321 2264 sed
1349 2207 1629 2276 prOpriuiu
1650 2207 1824 2274 ipsius
1865 2204 2051 2262 Verbi.

658 2298 821 2366 212
853 2296 1008 2352 Feria
1032 2297 1224 2368 quinta
1260 2295 1614 2353 hebdomadas:
1643 2298 1915 2352 secundae.

504 2386 817 2447 Gratiarum
856 2390 999 2444 actio
1032 2390 1096 2444 ab
1146 2387 1386 2443 Ecclesia
1418 2389 1565 2457 facta
1589 2406 1687 2456 pro
1712 2390 1833 2459 .ﬁda
1866 2402 2079 2458 aposto-

1056 2500 1205 2538 orum
1233 2483 1549 2540 constantia.

1140 2572 1182 2628 Τ
1185 2571 1439 2629 EXTUS.

575 2665 860 2739 lV,25-‘51.
885 2665 1102 2721 Dimissi
1126 2673 1307 2720 autem
1337 2672 1605 2720 venerunt
1638 2660 1706 2720 ad
1732 2680 1862 2723 suos
1893 2673 1948 2721 et
1977 2681 2078 2721 an-

501 2758 899 2814 nuntiaverunt
916 2744 996 2813 eis
1012 2765 1215 2828 quanta
1234 2757 1302 2813 ad
1321 2773 1417 2814 eos
1434 2756 1714 2831 principes
1729 2759 2077 2815 sacerdotum

502 2858 558 2905 et
589 2850 835 2906 seniores
860 2850 1148 2906 dixissent.
1170 2850 1274 2918 Qui
1308 2865 1434 2905 cum
1472 2851 1776 2917 audissent,
1805 2852 2079 2906 unanimi-

501 2950 589 2998 ter
609 2942 923 2998 Ievavernnt
944 2957 1129 2997 vocem
1152 2942 1220 2996 ad
1248 2940 1413 2998 Deum
1430 2942 1754 2999 etdixerunt
1784 2960 1799 3002 ι
1830 2942 2077 3007 Domine,

505 3045 564 3090 tu
595 3050 677 3099 es,
710 3034 803 3103 qui
831 3033 1007 3090 fecisti
1046 3033 1245 3090 caelum
1280 3044 1334 3089 et
1365 3042 1591 3101 terram,
1619 3049 1769 3090 mare
1814 3043 1867 3091 et
1894 3036 2078 3090 omnia

504 3141 628 3197 quae
654 3127 707 3180 in
739 3126 819 3182 eis
851 3134 1018 3181 sunt:
1049 3126 1141 3197 qui
1190 3116 1398 3196 Spiritu
1449 3134 1644 3182 sancto
1674 3142 1772 3197 per
1805 3142 1868 3183 os
1902 3128 2077 3196 patris

506 3217 683 3273 nostri
723 3217 912 3282 David,
939 3218 1094 3288 pueri
1128 3218 1230 3285 tui,
1258 3216 1445 3274 dixisti
1473 3235 1490 3274 :
1522 3216 1702 3284 Quare
1730 3219 2076 3272 fremuerunt

508 3319 727 3383 gentes,
757 3319 811 3367 et
837 3311 1021 3381 pepuli
1052 3310 1301 3366 meditati
1335 3320 1465 3368 sunt
1509 3309 1738 3366 inania?
1769 3310 2074 3365 Astiterunt

502 3417 663 3473 reges
710 3411 889 3468 terrae,
945 3412 1000 3458 et
1054 3402 1331 3473 principes
1366 3410 1745 3457 convenerunt
1790 3402 1843 3456 in
1903 3417 2074 3456 unum

501 3492 768 3550 adversus
825 3494 1115 3551 Dominum
1164 3506 1218 3551 et
1281 3496 1549 3551 adversus
1582 3493 1859 3551 Christum
1900 3495 2075 3564 ejus?

499 3583 888 3642 Convenerunt
937 3589 1082 3643 enim
1133 3603 1257 3644 vere
1288 3588 1592 3643 incivitate
1647 3586 1752 3642 ista
1808 3586 2076 3642 adversus

499 3685 755 3734 sanctum
798 3677 1035 3734 Puerum
1094 3688 1246 3733 tuum
1277 3677 1463 3735 Jesuin
1510 3694 1671 3748 quem
1707 3679 1909 3735 unxisti
1966 3678 2074 3733 lle-

501 3772 662 3826 rodes
699 3779 755 3824 et
803 3770 1030 3826 Pontius
1079 3771 1310 3834 Pilatus,
1336 3786 1459 3827 cum
1493 3772 1746 3842 gentibus
1777 3779 1831 3825 et
1859 3772 2074 3842 populis

496 3861 689 3929 Israel,
723 3862 903 3919 facere
945 3878 1065 3932 quae
1109 3878 1306 3916 manus
1347 3871 1438 3917 tua
1499 3873 1552 3917 et
1586 3863 1876 3918 consilium
1920 3873 2071 3917 tuum

498 3956 860 4011 decreverunt
881 3955 1017 4009 lleri.
1047 3955 1115 4009 Et
1130 3970 1299 4024 nunc,
1318 3955 1564 4022 Domine,
1588 3956 1792 4026 respice
1820 3956 1874 4010 in
1897 3957 2074 4011 minas

496 4061 711 4113 eorum,
752 4054 808 4102 et
850 4048 919 4101 da
955 4046 1131 4103 servis
1180 4048 1290 4103 tuis
1338 4062 1461 4101 cum
1518 4048 1665 4102 omni
1699 4047 1893 4102 ﬁducia
1924 4046 2071 4118 loqui

499 4139 728 4194 verbum
764 4148 941 4204 tuum,
995 4139 1052 4192 in
1091 4153 1158 4194 eo
1199 4137 1344 4209 quod
1377 4154 1597 4195 manum
1629 4148 1775 4194 tuam
1810 4141 2072 4196 extendas

496 4230 566 4285 ad
597 4231 863 4287 sanitates
909 4242 962 4286 et
999 4232 1155 4302 signa
1195 4240 1247 4285 ct
1290 4231 1533 4304 prodigia
1579 4231 1692 4286 fieri
1730 4248 1827 4303 per
1870 4247 2070 4286 nomen

497 4324 672 4380 sancti
704 4320 829 4378 Filii
857 4325 935 4378 tui
968 4321 1121 4381 Jesu.
1170 4323 1238 4379 Et
1297 4339 1420 4379 cum
1480 4333 1749 4389 orassent,
1779 4333 1962 4380 motus
1989 4336 2071 4380 est

496 4414 654 4472 locus
704 4416 759 4473 in
810 4433 919 4487 quo
963 4425 1123 4473 erant
1165 4418 1522 4489 congregati:
1583 4428 1638 4474 et
1692 4418 1883 4490 repleti
1940 4424 2069 4474 sunt

494 4522 687 4562 omnes
718 4504 926 4577 Spiritu
960 4517 1176 4574 sancto,
1207 4516 1261 4563 et
1298 4507 1665 4579 loquebantur
1715 4510 1941 4565 verbum
1973 4508 2067 4564 Dei

492 4614 620 4655 cum
653 4600 870 4656 ﬁducia.

2107 1885 2157 1947 B

994 4692 1559 4750 COMMENTARIUS.
2095 4596 2150 4661 υ

569 4785 787 4839 Clamor
832 4783 1010 4840 factus
1053 4793 1139 4841 est
1179 4802 1244 4841 ex
1282 4788 1558 4856 voluptate
1606 4796 1661 4843 et
1691 4787 1890 4843 affectu
1950 4804 2066 4843 ma-

494 4892 711 4948 gnaque
738 4887 1001 4947 concepta
1034 4879 1336 4935 alacritate.
1386 4876 1600 4934 Etenim
1634 4882 1917 4936 orationes
1947 4896 2070 4951 qua:

495 4970 563 5024 de
590 4967 714 5023 istis
756 4967 921 5023 rebus
955 4974 1010 5023 et
1064 4968 1119 5022 in
1169 4968 1264 5022 tali
1312 4978 1556 5038 tempore
1620 4968 1774 5035 fiunt,
1822 4967 2067 5023 eﬂicaces

490 5068 642 5115 sunt.
697 5057 1023 5130 Huiusmodi
1067 5076 1197 5116 vero
1240 5068 1373 5118 sunt
1424 5075 1587 5115 voces
1618 5060 1737 5130 ejus
1772 5058 2055 5122 Ecclesia,

487 5149 635 5207 unde
657 5151 910 5207 universa
950 5150 1195 5206 Ecclesia
1241 5151 1458 5205 initium
1502 5148 1712 5204 habuit.
1743 5149 1901 5204 Tales
1928 5158 2060 5206 sunt

489 5258 657 5300 voces
713 5245 1085 5315 apostolorum
1142 5251 1198 5297 et
1253 5242 1648 5312 discipulorum
1685 5239 1911 5309 Christi,
1970 5240 2062 5311 qui

495 5345 620 5405 post
640 5337 1018 5392 ascensionem
1056 5333 1271 5390 Domini
1302 5330 1432 5389 vere
1455 5324 1682 5404 perfecti
1721 5344 1880 5389 erant
1918 5332 2063 5406 (per-

488 5424 701 5485 fecerat
749 5427 894 5482 enim
937 5442 1036 5482 eos
1077 5424 1321 5497 Spiritus
1357 5432 1607 5496 sanctus)
1637 5433 1814 5495 ,atque
1850 5423 2066 5479 invoca-

491 5520 626 5575 bant
656 5519 852 5585 Deum,
883 5519 976 5589 qui
1013 5539 1031 5570 ι
1069 5519 1197 5574 fecit
1228 5519 1427 5575 coelum
1463 5528 1517 5572 et
1551 5528 1749 5572 terram
1775 5525 1829 5573 et
1855 5534 2055 5584 mare,»

490 5612 547 5666 et
568 5627 663 5681 per
697 5613 996 5680 prophetas
1027 5610 1357 5682 praedicatus
1380 5618 1485 5667 est.
1523 5609 1866 5680 Quapropter
1893 5611 2057 5666 etiam

487 5702 614 5758 illos
662 5700 872 5757 audivit
918 5702 1164 5758 omnium
1218 5701 1401 5775 opifex
1456 5702 1621 5758 Deus.
1686 5701 1915 5758 «Motus
1970 5712 2055 5757 est

562 5887 606 5917 "
637 5883 794 5941 Joan.
823 5899 881 5950 ιι,
922 5885 1008 5944 l9.

1425 432 2014 495 THEOPHYLACTI
2045 432 2457 493 BULGAllI£
2497 434 2860 498 AltClIlEP.

2187 549 2410 618 ὀνόματι
2438 550 2531 603 τοῦ
2579 549 2777 620 Ἰησοῦ.
2808 550 2867 602 '0
2905 548 2961 602 δὲ
2993 548 3193 619 Πέτρος
3222 552 3315 602 καὶ
3340 549 3716 619 Ἰωᾶννηςαποσ

2184 639 2465 711 κριθέντες
2494 640 2629 713 πρὸς
2658 639 2855 705 αὐτοὺς
2912 634 3102 693 εἵπονο
3140 640 3200 693 Εἰ
3230 641 3439 695 δίκαιόν
3477 642 3610 696 ἐστιν
3649 646 3718 697 ὲν.

2182 732 2355 786 ώπιον
2395 731 2489 786 τοῦ
2525 730 2660 785 Θεοῦ
2693 731 2847 802 ὑμῶν
2894 730 3112 785 ἀκούειν
3146 730 3370 802 μᾶλλον,
3403 732 3436 803 ἢ
3484 733 3571 787 τοῦ
3593 734 3718 800 Θεοῦ,

2183 822 2425 894 κρίνατε.
2481 822 2557 876 Ού
2607 821 2884 891 δυνάμεθα
2940 823 3048 892 γὰρ
3083 825 3267 891 ἡμεῖς,
3321 821 3359 876 ἃ
3414 822 3615 892 εἴδομεν
3648 828 3719 878 καὶ

2182 914 2520 985 ἠκούσαμεν,
2546 915 2621 985 μὴ
2651 913 2854 970 λαλεῖν.
2897 916 2960 967 Ol
2980 914 3037 967 δὲ
3059 914 3614 986 προσαπειλησάμενοι
3637 918 3722 969 ᾶπ-

2183 1010 2382 1064 έλυσαν
2408 1008 2631 1073 αὐτοὺς,
2656 1008 2823 1079 μηδὲν
2846 1008 3190 1081 εὑρίσκοντες
3209 1007 3268 1060 τὸ
3280 1010 3397 1070 πῶς
3426 1006 3719 1063 κολάσωνται

2181 1103 2400 1165 αὐτοὺς,
2418 1100 2507 1153 διὰ
2528 1100 2620 1153 τὸν
2637 1100 2787 1163 λαὸν,
2806 1102 2885 1154 ὅτι
2912 1103 3111 1164 πάντες
3139 1098 3391 1167 ἐδόξαζον
3409 1100 3497 1153 τὸν
3512 1100 3630 1153 Θεὸν
3647 1105 3719 1156 ἐπὶ

2182 1194 2261 1264 τῷ
2284 1193 2551 1262 γεγονότι.
2581 1194 2749 1247 Ἐτῶν
2776 1194 2885 1265 γὰρ
2910 1188 2978 1266 ἦν
3011 1193 3274 1246 πλειόνων
3300 1194 3678 1263 ιιεσσαράκοντα
3700 1198 3720 1247 ὁ

2182 1289 2467 1363 ἄνθρωπος
2490 1287 2575 1357 ἔφ’
2595 1287 2654 1341 ὃν
2679 1287 2920 1356 ἐγεγόνει
2937 1286 2997 1339 τὸ
3016 1288 3239 1355 σημεῖον
3252 1282 3413 1339 τοῦτο
3429 1274 3718 1349 τίςὶασεως.

2778 1380 3159 1435 ΕΡΜΗΝΕΙΛ.

2255 1477 2380 1529 Ὀτι
2417 1475 2518 1546 μὲν
2564 1478 2593 1529 ὁ
2646 1475 2836 1546 Πατὴρ
2861 1476 2925 1527 ἐκ
2958 1474 3169 1545 νεκρῶν
3199 1473 3505 1542 ἀναστῆσαι
3538 1471 3717 1539 λεγεται

2181 1567 2273 1619 τὸν
2296 1566 2553 1636 Χριστὸν,
2590 1566 2985 1636 ὲνεργορμένου
3024 1564 3266 1635 δηλονότι
3298 1564 3425 1632 περὶ
3455 1563 3550 1635 τὴν
3577 1565 3719 1633 σάρκα

2183 1654 2348 1707 αὑτοῦ
2382 1655 2476 1708 τοῦ
2509 1654 2858 1727 πράγματος,
2891 1656 2993 1709 οὐκ
3023 1654 3090 1709 ἂν
3115 1654 3410 1708 immissis
3441 1670 3552 1717 τις*
3589 1654 3717 1715 αὑτός

2183 1760 2245 1797 τε
2287 1742 2550 1816 ὑπάρχων
2578 1746 2611 1814 ἡ
2649 1744 2911 1810 ζωοποιός
2940 1764 3000 1799 τε
3028 1747 3121 1800 καὶ
3155 1745 3387 1817 ἐνεργὴς
3414 1745 3630 1810 δύναμις
3646 1745 3716 1797 τοῦ

2184 1839 2418 1910 Πατρδς,
2443 1839 2536 1892 τὸν
2562 1837 2692 1892 ἴδιον
2720 1839 3005 1902 ὲξωοποίει
3028 1839 3173 1894 ναόν.
3205 1858 3223 1890 ι
3250 1838 3594 1891 Καταλύσατε
3614 1839 3717 1906 γὰρ,

2187 1934 2345 2004 φησι,
2380 1932 2471 1985 τὸν
2503 1932 2629 1986 ναὸν
2651 1931 2861 1996 τοῦτον,
2890 1932 2985 1986 καὶ
3015 1932 3071 1985 ἐν
3097 1930 3277 2000 τρισὶν
3314 1929 3549 2000 ἡμέραις
3576 1930 3718 1997 ἐγερῶ

2183 2024 2369 2077 αὐτόν.
2398 2041 2417 2074 ι
2462 2023 2574 2078 Καὶ
2607 2022 2766 2076 τοῦτο
2809 2017 2902 2076 οὖν
2951 2020 3216 2094 πρόδηλον
3256 2016 3328 2093 ἦν
3375 2020 3505 2091 ἄρα,
3532 2020 3588 2074 τὺ
3614 2015 3729 2085 ξω»

2184 2114 2510 2185 ποιούμενον
2538 2114 2637 2168 ούκ
2675 2114 2976 2186 ἀλλότριον,
3002 2113 3126 2168 οὔτε
3160 2114 3265 2187 μὴν
3295 2114 3408 2167 τῶν
3458 2111 3574 2167 καθ’
3602 2114 3721 2184 ἡμᾶς

2183 2206 2507 2276 ἀνθρώπων,
2537 2205 2654 2259 ἀλλ’
2690 2203 2820 2259 ἴδιον
2850 2203 3016 2259 αὑτοῦ
3049 2206 3144 2259 τοῦ
3172 2205 3350 2275 Λόγου
3382 2204 3558 2274 σῶμα.

2605 2298 2686 2368 Τῇ
2721 2297 2763 2351 ε’
2793 2298 2891 2367 τῆς
2936 2295 2979 2367 β’
3011 2297 3329 2369 ἑϐδομάδος.

2183 2390 2554 2460 Εὐχαριστία
2579 2389 2699 2445 ἀπὸ
2726 2387 2833 2458 τῆς
2876 2391 3242 2456 Ἐκκλησῖας
3273 2391 3428 2460 ὑπὲρ
3456 2390 3599 2466 [τῆς]
3625 2391 3720 2447 τῶν

2478 2482 2840 2536 ἀποστόλων
2871 2484 3097 2549 πιστῆς
3129 2485 3463 2553 καρτερίας.

2772 2573 3160 2628 KEIMENON.

2266 2664 2656 2730 Ἀπολυθέντες
2679 2665 2736 2719 δὲ
2760 2663 2925 2735 ἦλθον
2945 2665 3079 2737 πρὸς
3109 2664 3235 2732 τοὺς
3259 2666 3445 2731 ἰδίους,
3467 2666 3556 2719 καὶ
3574 2667 3718 2737 ἀπήγ-

2182 2754 2368 2822 γειλαν
2401 2756 2501 2808 ὅσα
2552 2755 2688 2825 πρὸς
2739 2756 2937 2819 αὐτοὺς
2970 2757 3017 2811 οἱ
3068 2758 3344 2829 ἀρχιερεῖς
3396 2759 3493 2812 καὶ
3534 2760 3579 2811 οἱ
3608 2775 3718 2829 πρε-

2185 2848 2440 2920 σϐύτεροι
2472 2843 2647 2905 εἷπον.
2678 2851 2741 2902 lli
2766 2850 2820 2903 δὲ
2855 2849 3209 2914 ἀκούσαντες,
3241 2850 3579 2920 ὁμοθυμαδὸν
3602 2847 3716 2920 ἦραν

2182 2942 2368 3012 φωνὴν
2398 2941 2536 3011 πρὸς
2559 2942 2652 2994 τὸν
2679 2939 2811 2994 Θεὸν
2842 2942 2936 2995 καὶ
2959 2937 3113 2996 εἷπον
3133 2960 3149 2974 ·
3180 2942 3450 3010 Δέσποτα,
3482 2943 3541 2995 σὺ
3568 2944 3594 2994 ὁ
3613 2941 3717 3003 Θεὸς

2181 3034 2208 3086 ὁ
2227 3034 2459 3104 ποιήσας
2480 3033 2570 3086 τὸν
2590 3033 2839 3104 οὐρανὸν,
2862 3035 2955 3089 καὶ
2978 3033 3077 3105 τὴν
3092 3034 3195 3103 γῆν
3218 3035 3313 3088 καὶ
3333 3034 3431 3104 τὴν
3457 3035 3712 3098 θάλασσαν,

2181 3126 2275 3179 καὶ
2303 3126 2480 3180 πάντα
2496 3125 2563 3180 τὰ
2590 3126 2647 3178 ἐν
2669 3126 2871 3190 αὐτοῖς,
2900 3127 2927 3179 ὁ
2945 3125 3031 3179 διὰ
3056 3126 3321 3195 στόματος
3343 3126 3505 3181 Δαᾶδ
3518 3126 3602 3179 τοῦ
3622 3143 3713 3178 παι-

2179 3218 2268 3281 δός
2290 3235 2383 3270 σου
2405 3216 2573 3272 εἰπών
2590 3233 2603 3247 ·
2623 3216 2741 3272 Ἵνα
2769 3218 2820 3270 τί
2839 3217 3117 3290 ἐφρύαξαν
3144 3219 3293 3289 ἔθνη,
3314 3220 3410 3274 καὶ
3432 3219 3544 3273 λαοὶ
3567 3217 3710 3290 ἐμελέ·

2177 3326 2349 3378 τησαν
2368 3309 2499 3363 κενά
2521 3325 2535 3374 ;
2571 3308 2926 3379 Παρέστησαν
2952 3310 3000 3362 οἱ
3025 3309 3264 3381 βασιλεῖς
3298 3313 3397 3381 τῆς
3436 3311 3551 3379 γῆς,
3575 3309 3709 3363 καὶαι

2176 3401 2432 3469 ἄρχοντες
2458 3401 2802 3472 συνήχθησαν
2824 3402 2912 3454 ἐπὶ
2932 3402 2991 3455 τὸ
3008 3402 3137 3456 αὐτὸ
3155 3402 3293 3455 κατὰ
3326 3402 3419 3456 τοῦ
3446 3402 3625 3472 Κυρίου
3639 3400 3711 3454 καὶ

2177 3493 2317 3546 κατὰ
2344 3492 2437 3546 τοῦ
2477 3492 2715 3564 Χριστοῦ
2748 3492 2937 3548 αὐτοῦ·
2973 3494 3320 3565 συνήχθησαν
3358 3495 3467 3564 γὰρ
3498 3496 3575 3547 ἐπ’
3600 3492 3708 3562 ἀλη-

2179 3585 2329 3649 θείας
2357 3585 2449 3638 ἐπὶ
2481 3586 2572 3639 τὸν
2604 3584 2762 3654 ἅγιον
2795 3586 2969 3642 Παῖδά
3000 3604 3093 3640 σου
3151 3585 3383 3658 Ἰησοῦν,
3413 3587 3469 3642 ὃν
3502 3586 3708 3658 ἔχρισας,

2188 3677 2438 3749 Ἡρώδης
2490 3698 2548 3732 τε
2596 3682 2689 3733 καὶ
2741 3679 2965 3743 Πόντιος
3014 3682 3248 3747 Πιλᾶτος
3291 3683 3387 3735 σὺν
3432 3680 3592 3734 ἔθνεσι
3636 3685 3710 3732 καὶ

2175 3773 2326 3835 λαοῖς
2359 3771 2601 3842 Ἰσραὴλ,
2649 3771 2874 3840 ποιῆσαι
2903 3774 3003 3826 ὅσα
3038 3775 3070 3841 ἠ
3113 3774 3235 3845 χείρ
3272 3792 3365 3826 σου
3396 3775 3490 3828 καὶ
3517 3777 3543 3844 ἡ
3571 3771 3705 3844 βουλή

2178 3881 2271 3915 σου
2300 3863 2576 3934 προώρισε
2630 3863 2885 3931 γενέσθαι
2914 3882 2928 3895 ·
2986 3864 3080 3917 καὶ
3117 3865 3186 3918 τὰ
3220 3862 3337 3931 νῦν,
3366 3866 3548 3938 Κύριε,
3584 3863 3706 3917 ἔπιδε

2174 3955 2267 4007 ἐπὶ
2296 3955 2394 4018 τὰς
2415 3954 2644 4017 ἀπειλὰς
2677 3954 2875 4017 αὐτῶν,
2897 3956 2989 4009 καὶ
3013 3954 3101 4019 δὸς
3121 3959 3234 4020 τοῖς
3260 3955 3463 4018 δούλοις
3488 3973 3572 4010 σου
3592 3952 3706 4025 μετὰ

2179 4047 2494 4117 παρρησίας
2538 4048 2721 4116 πάσης
2769 4046 2948 4100 λαλεῖν
2982 4048 3071 4100 τὸν
3100 4049 3257 4115 λόγον
3284 4066 3398 4107 σου,
3434 4050 3490 4101 ἐν
3522 4049 3589 4115 τῷ
3625 4046 3704 4115 τὴν

2173 4134 2331 4204 χεῖρά
2365 4151 2458 4187 σου
2504 4135 2766 4188 ἐκτείνειν
2802 4152 2860 4187 σε
2910 4136 2989 4197 εἰς
3036 4136 3203 4199 ἴασιν,
3254 4137 3348 4190 καὶ
3392 4139 3578 4207 σημεῖα
3622 4135 3703 4188 καὶ

2170 4224 2379 4295 τέρατα
2415 4224 2661 4292 γίνεσθαι
2687 4223 2771 4277 διὰ
2811 4225 2905 4277 τοῦ
2934 4226 3197 4296 ὀνόματος
3223 4227 3318 4280 τοῦ
3368 4229 3518 4290 ἁγίου
3544 4226 3704 4287 Παιδός

2175 4335 2268 4370 σου
2301 4315 2501 4385 Ἰησοῦ.
2535 4316 2644 4370 Καὶ
2671 4317 2978 4389 δεηθέντων
3006 4319 3188 4373 αὐτῶν
3220 4320 3487 4388 ἐσαλεύθη
3516 4321 3540 4372 ό
3567 4317 3702 4378 τόπος

2172 4412 2231 4462 ὲν
2268 4402 2313 4477 ᾧ
2350 4404 2489 4481 ἦσαν
2543 4411 2907 4481 συνηγμένοι·
2964 4411 3058 4464 καὶ
3112 4411 3461 4484 ἐπλήσθησαν
3504 4412 3703 4469 ἅπαντες

2174 4504 2493 4573 Πνεύματος
2543 4502 2724 4570 ἁγίου,
2761 4504 2855 4555 καὶ
2902 4503 3128 4558 ἐλάλουν
3164 4503 3260 4559 τὸν
3302 4505 3461 4576 λόγον
3486 4503 3571 4558 τοῦ
3593 4500 3701 4556 Θεοῦ

2180 4595 2317 4666 μετὰ
2352 4594 2682 4666 παρρησίας.

2783 4686 3162 4743 EPMllNElA.

2247 4778 2480 4850 Κραυγὴ
2502 4779 2728 4846 γέγονεν
2762 4777 2870 4832 ἀπὸ
2907 4779 3120 4849 ἡδονῆς,
3159 4779 3250 4834 καὶ
3293 4779 3594 4841 διαθέσεως,
3628 4775 3700 4829 καὶ

2168 4871 2406 4941 σπουδῆς
2431 4869 2660 4941 πολλῆς.
2690 4871 2755 4924 Ai
2788 4869 3033 4925 τοιαῦται
3059 4872 3168 4943 γὰρ
3198 4872 3454 4926 ἀνύουσιν
3478 4872 3632 4943 εὐχαὶ,
3654 4867 3700 4919 αἱ

2168 4965 2299 5033 περὶ
2327 4961 2586 5014 τοιούτων
2630 4960 2933 5031 γινόμεναι,
2962 4964 3056 5015 καὶ
3108 4964 3167 5015 ἐν
3212 4963 3476 5027 τοιούτοις
3501 4964 3696 5033 καιροῖς.

2167 5055 2423 5109 Τοιαῦται
2435 5054 2491 5108 δὲ
2508 5055 2684 5124 φωναὶ
2700 5054 2795 5124 τῆς
2814 5053 3165 5126 Ἔκκλησίας,
3184 5055 3243 5121 ἐξ
3260 5051 3324 5128 ἧς
3352 5056 3495 5110 πᾶσα
3507 5056 3698 5125 ἔσχηκεν

2170 5153 2204 5224 ἡ
2241 5150 2537 5221 Ἐκκλησία
2569 5150 2667 5220 τὴν
2690 5151 2885 5221 ἀρχήν.
2911 5145 3078 5204 Αὒται
3105 5152 3160 5203 αἱ
3184 5153 3357 5219 φωναὶ
3386 5151 3491 5203 τῶν
3506 5146 3698 5203 ἀποστό-

2171 5252 2278 5296 λων
2306 5243 2401 5295 καὶ
2436 5241 2696 5311 μαθητῶν
2721 5241 2814 5294 τοῦ
2842 5241 3102 5313 Χριστοῦ,
3126 5243 3235 5294 τῶν
3262 5241 3473 5311 ἀληθῶς
3493 5239 3695 5296 τελεέων,

2177 5334 2315 5397 μετὰ
2344 5331 2442 5403 τὴν
2475 5331 2741 5404 ἀνάληψιν
2776 5331 2868 5385 τοῦ
2906 5332 3131 5405 Κυρίου,
3162 5332 3251 5385 διὰ
3299 5332 3393 5387 τοῦ
3424 5330 3696 5399 Πνεύματος

2171 5420 2590 5486 τελειωθέντων,
2643 5423 2741 5475 καὶ
2795 5415 3243 5495 ἐπικαλουμένων
3281 5423 3372 5476 τὸν
3420 5422 3566 5483 Θεὸν,
3614 5416 3696 5469 τὸν

2176 5537 2195 5568 ι
2229 5518 2533 5588 ποιήσαντα
2564 5516 2655 5569 τὸν
2682 5516 2932 5587 οὐρανὸν,
2967 5519 3062 5571 καὶ
3086 5508 3192 5587 ’τὴν
3221 5518 3345 5587 γῆν,
3387 5517 3474 5570 καὶ
3503 5513 3585 5583 τὴν
3608 5509 3699 5564 ﬁu-

2169 5609 2397 5673 λασσαν,
2434 5627 2456 5661 ι
2490 5606 2582 5660 τὸν
2611 5607 2702 5662 διὰ
2723 5608 2832 5662 τῶν
2862 5606 3159 5680 προφητῶν
3185 5608 3585 5681 κεκηρυγμένον.
3608 5603 3695 5656 Διὸ

2166 5701 2261 5753 καὶ
2323 5699 2633 5770 ἐπήκουσεν
2682 5697 2864 5754 αὐτῶν
2918 5697 2947 5751 ὁ
3008 5698 3242 5774 ποιητὴς
3296 5700 3500 5754 πάντων
3554 5693 3688 5755 Θεός.
