3848 6546
177 416 268 481 839

817 408 1353 470 EXPOSITIONIS
1379 408 1463 467 IN
1493 408 1681 468 ACTA
1708 407 2007 471 TEXTUS
2042 410 2315 472 ALTER.
2352 436 2420 446 -
2459 410 2615 470 CAP.
2644 409 2739 468 ιν.

3262 406 3366 470 890

183 553 202 585 1
234 526 501 596 Ἐσαλεύθη
534 527 659 595 γὰρ,
700 526 887 595 φησιν,
933 526 962 577 6
990 526 1177 588 τόπος,
1225 525 1283 577 ἐν
1317 516 1362 592 ᾧ
1407 518 1549 595 ἦσαν
1581 538 1703 574 συν-

1821 525 1974 589 :nim,
2021 526 2230 597 inquit,
2282 528 2434 581 locus
2498 526 2554 579 in
2618 540 2725 595 quo
2766 532 2922 579 erant
2966 524 3312 592 congregati;
3345 542 3363 575 ι

177 621 396 694 ηγμένοι.
428 638 447 671 ι
483 618 792 688 Τεκμήριον
822 617 917 670 τοῦ
942 617 1284 687 ’ἀκουσθῆναι
1320 616 1519 679 αὐτοὺς
1542 613 1704 668 τοῦτο

1821 617 1949 688 ιιιοά
1983 618 2103 673 illos
2144 617 2310 673 fuisse
2339 618 2619 672 exauditos
2662 617 3029 688 signiﬁcabat.
3068 634 3086 665 ο
3133 615 3234 681 Qui
3277 631 3367 684 per

177 712 387 783 γεγονός.
445 729 462 761 1
494 710 554 763 Ὀ
598 708 686 762 διὰ
736 708 1024 779 στόματος.
1061 727 1079 759 ›
1132 708 1403 780 Καθάπερ
1430 707 1704 777 συνθήκας

1821 703 1892 764 )s.
1928 728 1947 762 ι
1983 706 2155 785 Porro
2216 711 2372 780 quasi
2419 717 2573 779 pacta
2623 724 2653 763 a
2680 707 2791 763 Deo
2833 708 3136 776 exigentes,
3165 707 3220 759 in
3255 722 3369 760 me-

178 801 501 864 ἀπαιτοῦντες
538 801 627 856 τὸν
681 801 837 868 Θεὸν,
875 800 974 871 τὴν
1025 801 1362 872 προφητείαν
1406 802 1486 863 είς
1541 799 1707 870 μέσον

1821 802 1955 857 lium
1999 799 2231 856 aﬂerunt
2282 801 2622 872 prophetiam
2678 814 2846 870 seque
2901 799 3051 867 ipsos
3078 795 3370 851 consolan-

178 896 391 964 ἄγουσιν,
422 892 538 964 ἅμα
560 892 652 947 καὶ
684 894 911 955 ἑαυτοὺς
942 891 1444 964 παραμυθούμενοι,
1474 893 1556 945 ὅτι
1582 890 1706 960 εικῆ

1821 901 1920 955 lur,
1956 892 2099 962 quod
2127 893 2309 947 omnia
2336 891 2537 946 (rustra
2568 891 2901 945 nieditentur
2931 888 3158 943 inimici.
3194 886 3373 950 istud,

179 989 331 1043 πάντα
358 1003 379 1038 1
402 985 713 1040 Μελετῶσιν
751 1002 772 1037 ι
811 985 860 1038 oi
899 984 1101 1056 ἐχθροί.
1152 985 1403 1050 Ἐκεῖνα,
1452 984 1617 1055 φησὶν
1638 982 1705 1047 ιι,

1810 986 2023 1040 scilicet
2057 984 2229 1048 aiunt,
2263 983 2331 1038 ad
2376 984 2584 1038 exitum
2635 982 2830 1047 deduc,
2866 990 2920 1035 et
2960 981 3205 1039 ostende.
3240 993 3372 1048 quo-

178 1082 246 1143 εἰς
269 1078 429 1148 πέραν
449 1075 621 1144 ἄγαγε
653 1078 748 1131 καὶ
767 1077 960 1142 δεῖξον,
985 1079 1066 1131 ὄτι
1094 1095 1113 1129 ι
1141 1076 1286 1132 Κενὰ
1314 1077 1668 1147 ἐμελέτησαν·
1684 1094 1703 1128 ι

1821 1076 1956 1128 niam
1995 1092 2013 1125 1
2052 1074 2298 1128 meditati
2330 1080 2462 1129 sunt
2497 1073 2684 1126 inania
2712 1073 2756 1104 “
2790 1091 2803 1125 ε
2836 1090 2856 1123 ι
2904 1072 2977 1125 ita
3006 1078 3061 1125 et
3088 1086 3238 1124 nunc
3269 1070 3373 1131 fac,

179 1169 300 1224 οὕτω
322 1168 410 1223 καὶ
450 1169 545 1223 νῦν
579 1168 711 1222 κενὰ
739 1167 1032 1240 μελετῆσαι
1066 1169 1251 1232 αὐτοῖς
1285 1169 1372 1232 δός
1393 1186 1407 1200 ·
1441 1169 1707 1231 τουτέστι,

1813 1172 1871 1218 ιιι
1907 1164 1995 1219 isti
2032 1164 2217 1219 inania
2240 1162 2574 1217 meditentur
2605 1178 2622 1228 ;
2659 1161 2763 1216 hoc
2796 1170 2899 1228 est,
2938 1177 3008 1216 ne
3057 1159 3123 1214 ad
3153 1175 3290 1230 Opus
3323 1160 3375 1212 id

182 1263 244 1334 μὴ
285 1263 357 1325 είς
401 1261 558 1334 ἔργον
589 1262 794 1317 ἔλθοιεν
844 1263 899 1316 αἱ
956 1263 1177 1317 ἀπειλαὶ
1213 1262 1413 1317 αὐτῶν.
1441 1262 1625 1317 Ταῦτα
1655 1263 1711 1316 δέ

1821 1255 1972 1326 213
2003 1257 2146 1327 quod
2189 1254 2596 1310 comminantur
2653 1253 2925 1309 deducere
2976 1253 3212 1323 possint.
3252 1249 3378 1305 Haec

180 1353 337 1419 ἔλεγον
359 1352 454 1404 οὐκ
485 1352 642 1405 αὐτοὶ
670 1352 1097 1422 παραιτούμενοι
1124 1353 1383 1424 δυσχερές
1412 1371 1463 1406 τι
1496 1354 1709 1418 παθεῖν,

1821 1359 1993 1407 autem
2029 1348 2302 1412 dicebant,
2332 1362 2440 1401 non
2474 1345 2621 1416 quod
2653 1345 2880 1399 molesta
2905 1345 3013 1414 pati
3044 1346 3378 1413 refugerent,

180 1442 276 1496 ἀλλ’
299 1442 431 1513 ὑπὲρ
472 1439 567 1494 τοῦ
598 1442 975 1513 κηρύγματος.
1014 1444 1089 1497 Οὐ
1121 1443 1229 1513 γὰρ
1255 1443 1431 1509 εἷπον,
1462 1443 1574 1497 Καὶ
1624 1442 1713 1509 ἐξ·

1812 1439 1909 1495 sed
1957 1455 2028 1494 ne
2080 1438 2357 1510 Evangelii
2422 1436 2738 1508 prardicatio
2826 1435 3203 1505 impediretur.
3263 1432 3380 1487 Non
3492 1494 3496 1497 _

180 1535 282 1587 ελοῦ
300 1535 402 1587 τῶν
429 1534 693 1588 κινδύνων
722 1536 889 1604 ἡμᾶς,
922 1534 1078 1598 ἀλλὰ,
1119 1536 1218 1599 Δὸς
1248 1537 1358 1599 τοῖς
1382 1536 1585 1598 δούλοις
1618 1553 1712 1589 σου

1821 1532 1956 1587 enim
1982 1530 2205 1586 dicunt:
2247 1549 2265 1583 1
2298 1530 2364 1585 Et
2384 1546 2516 1587 erue
2541 1546 2642 1585 nos
2670 1546 2702 1584 a
2729 1528 3008 1600 periculis,
3033 1546 3054 1579 ι
3083 1527 3178 1583 sed
3203 1543 3218 1580 :
3248 1543 3269 1579 1
3306 1524 3383 1579 Da

184 1625 300 1695 μετὰ
337 1626 645 1697 παρρησίας
691 1643 870 1696 πασης
899 1624 1083 1680 λαλεῖν
1120 1628 1212 1680 τὸν
1238 1627 1396 1694 λόγον
1431 1644 1547 1680 σου.
1576 1626 1716 1698 Φρύ-

181 1734 307 1786 αγμα
335 1716 387 1769 δέ
416 1719 531 1769 ἐστι
561 1717 624 1770 τὸ
655 1717 939 1785 ἀλόγιστον
971 1716 1196 1788 κίνημα.
1221 1718 1470 1787 Τέσσαρα
1495 1718 1552 1771 δέ
1583 1734 1715 1787 φησι

181 1808 310 1878 γένη,
339 1808 402 1861 τὰ
429 1809 707 1862 συστάντα
740 1808 883 1862 κατὰ
915 1808 1010 1860 τοῦ
1045 1809 1307 1881 Χριστοῦ,
1342 1808 1492 1878 ἔθνη,
1528 1809 1713 1873 λαοὺς,

184 1898 391 1969 βασιλεῖς
416 1916 472 1953 τε
500 1902 597 1954 καὶ
622 1902 890 1972 ἄρχοντας
913 1917 926 1933 ι
956 1900 1066 1954 τῶν
1103 1902 1202 1970 μὲν
1234 1899 1403 1954 ἐθνῶν
1435 1900 1563 1963 ἴσως
1594 1901 1717 1963 τοὺς

171 1990 459 2061 υὰλλοτρίους
503 1992 809 2063 δηλούντων
877 1994 977 2063 τῆς
1029 1992 1312 2057 πίστεως,
1361 1990 1551 2062 ὥσπερ
1594 1992 1721 2054 τοὺς

185 2084 483 2153 στρατιώτας
521 2086 652 2149 τοὺς
703 2086 1055 2157 φρυάξαντας
1105 2086 1225 2138 κατ’
1278 2083 1479 2139 αὐτοῦ’
1527 2082 1635 2137 τῶν
1663 2083 1720 2136 δὲ

184 2177 302 2229 λαῶν
324 2177 442 2241 τοὺς
468 2177 533 2230 ἐκ
560 2178 900 2247 περιτομῆς’
938 2195 959 2230 1
995 2176 1144 2231 Κενὰ
1170 2174 1280 2247 γὰρ
1308 2174 1664 2245 ἐμελέτησαν,
1697 2192 1716 2226 ι

184 2269 289 2330 τοὺς
322 2271 604 2339 προφήτας
635 2269 1020 2339 φονεύσαντες,
1047 2270 1143 2322 τὸν
1165 2270 1224 2322 ἐν
1268 2268 1452 2330 αὐτοῖς
1489 2266 1724 2337 Χριστὸν

189 2360 251 2431 μὴ
272 2363 586 2432 νοήσαντες’
620 2362 732 2417 τῶν
755 2362 832 2417 .δέ
880 2360 1147 2432 βασιλέων
1203 2361 1304 2429 τῆς
1337 2363 1441 2430 γῆς
1474 2359 1569 2412 καὶ
1615 2358 1722 2411 τῶν

186 2453 444 2522 ἀρχόντων,
464 2453 715 2525 Ἡρώδην
739 2472 799 2509 τε
829 2455 925 2507 καὶ
948 2453 1171 2507 Πόντιον
1193 2452 1448 2514 Πιλᾶτον,
1474 2452 1571 2504 καὶ
1597 2451 1726 2515 τοὺς

188 2544 420 2613 ἄρχοντας
471 2545 583 2599 τῶν
633 2546 924 2601 Ἰουδαίων.
979 2545 1053 2599 Τὸ
1096 2545 1153 2598 δὲ
1199 2548 1544 2617 παραστῆναι
1600 2545 1726 2607 τοὺς

191 2635 395 2704 βασιλεῖς
429 2638 630 2700 εἰπεῖν,
687 2638 847 2690 τοῦτο
900 2633 1057 2707 οἶμαι
1105 2636 1516 2705 συνεμφαίνειν,
1561 2637 1596 2708 ἢ
1642 2636 1727 2688 ὅτι

193 2724 664 2793 συμπεφωνήκασιν
691 2722 963 2794 ἀλλήλοις,
999 2725 1095 2779 καὶ
1147 2726 1227 2787 εἰς
1260 2725 1586 2793 συμὸίὸασιν
1633 2725 1727 2779 καὶ

191 2812 344 2881 φιλίαν
381 2815 579 2885 ἧκασιν
618 2816 863 2888 Ἡρώδης
900 2833 961 2868 τε
1003 2817 1099 2869 καὶ
1138 2815 1360 2879 Πόντιος
1385 2816 1614 2879 Πιλάτος
1648 2816 1728 2886 (ἐν

1818 1623 1994 1679 servis
2024 1622 2134 1678 tuis
2162 1637 2284 1678 cum
2315 1624 2464 1677 omni
2490 1623 2687 1676 liducia
2716 1619 2865 1692 loqui
2891 1622 3115 1676 verbum
3156 1627 3330 1673 tuum.
3363 1637 3383 1671 ι

1819 1714 2093 1772 Fremitus
2149 1725 2331 1770 autem
2391 1723 2474 1771 est
2502 1724 2704 1778 motus,
2741 1729 2839 1769 seu
2899 1718 3132 1766 conatus
3188 1711 3389 1766 rationi

1821 1806 2155 1862 contrarius.
2193 1805 2441 1871 Quatuor
2498 1819 2627 1859 vero
2669 1803 2920 1858 nominat
2963 1816 3163 1872 genera
3201 1815 3391 1857 eorum

1821 1902 1913 1972 qui
1946 1901 2237 1956 astiterunt
2272 1899 2535 1954 adversus
2562 1896 2839 1953 Christum
2887 1914 2900 1950 :
2948 1908 3144 1963 nempe
3170 1901 3390 1962 gentes,

1824 1995 2074 2065 populos,
2131 2008 2287 2063 reges
2324 2001 2377 2047 et
2436 1992 2734 2062 principes.
2781 1988 2884 2044 Per
2926 1995 3116 2057 gentes
3180 1985 3392 2039 alienos

1822 2102 1853 2141 ιι
1890 2086 1993 2140 [ide
2025 2083 2263 2140 fortasse
2303 2083 2616 2153 signiﬁcat,
2666 2080 2834 2136 veluti
2891 2078 3089 2133 milites
3129 2076 3222 2146 qui
3279 2075 3393 2129 fre-

1822 2186 2077 2234 muerunt
2108 2176 2372 2232 adversus
2402 2174 2707 2230 Christum.
2742 2171 2933 2240 Populi
2990 2176 3141 2235 sunt,
3187 2167 3281 2237 qui
3325 2182 3394 2222 ex

1823 2268 2287 2335 circumcisione;
2319 2267 2504 2321 inania
2532 2264 2679 2321 enim
2709 2260 2956 2318 meditati
2988 2266 3137 2322 sunt,
3164 2258 3398 2326 prophe-

1823 2374 1910 2421 tas
1938 2363 2272 2427 occidentes,
2326 2360 2717 2428 Christumque
2763 2355 2820 2410 in
2865 2353 2998 2424 ipsis
3050 2367 3159 2406 non
3190 2344 3398 2405 intelli-

1826 2468 2035 2531 gentes.
2082 2460 2255 2527 Reges
2282 2462 2463 2510 autem
2502 2461 2661 2507 terra:
2700 2458 2754 2504 et
2802 2446 3085 2519 principes
3127 2451 3255 2500 sunt
3295 2441 3400 2496 He-

1822 2552 1990 2607 rodes
2018 2559 2072 2606 et
2119 2548 2328 2602 Pilatus
2378 2553 2434 2598 et
2482 2542 2796 2598 Judazorum
2829 2538 3209 2606 magistratus.
3240 2532 3399 2599 Quod

1824 2658 1958 2699 vero
1997 2656 2151 2710 reges
2211 2638 2454 2694 astitisse
2494 2634 2678 2698 dicat,
2726 2628 3065 2700 signiﬁcasse
3111 2633 3261 2694 puto,
3316 2622 3401 2676 vel

1825 2735 1977 2808 quod
2009 2733 2171 2790 simul
2196 2726 2633 2800 conspiraverint
2679 2732 2842 2792 atque
2866 2722 2921 2774 in
2952 2717 3304 2773 concordiam
3345 2722 3402 2767 et

1830 2830 2125 2887 amicitiam
2164 2825 2411 2881 venerint
2444 2819 2687 2875 Heredes
2731 2824 2788 2871 et
2822 2815 3035 2869 Pilatus
3065 2829 3080 2866 :
3114 2825 3240 2865 nam
3272 2822 3400 2863 cum

191 2905 337 2979 ῑχθρᾳ
359 2907 462 2979 γὰρ
513 2907 672 2970 ὄντες
725 2907 864 2978 πρὸς
897 2906 1160 2978 ἀλλήλους
1201 2906 1262 2960 τὸ
1294 2908 1582 2978 πρότερον,
1628 2907 1726 2976 τῆς

1828 2928 1989 2975 antea
2035 2915 2244 2972 inimici
2293 2919 2478 2968 essent
2522 2909 2590 2964 ad
2635 2906 2897 2970 invicem,
2930 2918 2997 2958 eo
3053 2899 3401 2957 atrocissime

190 3000 540 3069 ωμὸιὸἀσεως
570 2999 756 3053 αὐτῶν
816 2999 919 3065 τῆς
968 3000 1048 3063 εῑς
1097 3000 1300 3068 φιλίαν,
1337 2999 1398 3052 τὸ
1427 2998 1569 3052 κατὰ
1598 3000 1726 3069 Χρι-

1830 3022 2022 3068 contra
2083 3009 2362 3065 Christum
2422 3003 2672 3059 facinore
2732 2997 2862 3053 facti
2916 3005 3046 3052 sunt
3097 2993 3259 3050 amici
3305 2989 3399 3045 ³⁶ι

194 3091 299 3145 στὸν
324 3092 577 3164 πρόξενον
618 3096 810 3162 γέγονε
838 3091 1061 3163 θράσος)
1076 3109 1093 3123 η·
1122 3091 1155 3163 ἢ
1191 3091 1296 3156 ὅτι,
1324 3092 1501 3147 καίτοι
1528 3091 1591 3145 τὸ
1638 3093 1726 3160 ἁρ-

1826 3107 1916 3162 vel
1946 3105 2111 3175 quod,
2154 3099 2368 3156 tametsi
2398 3096 2671 3169 principiis
2699 3093 2962 3163 dignitate
2983 3088 3164 3146 ornati
3188 3092 3398 3146 essent,

193 3183 323 3252 χικὸν
346 3183 556 3255 ἀξίωμα
588 3184 990 3256 περικείμενα,
1013 3185 1241 3248 ἑαυτοὺς
1272 3184 1622 3254 παρέστησαν
1651 3185 1726 3247 είς

1831 3216 1892 3256 se
1937 3200 2090 3270 ipsos
2141 3193 2496 3250 administros
2550 3189 2767 3243 illorum
2821 3184 3252 3245 constituerunt,
3308 3175 3404 3248 qui

196 3277 462 3346 ὑπουργίαν
504 3281 625 3342 τοῖς
651 3278 897 3331 ἐθέλουσι
917 3281 1220 3347 μιαιφονεῖν
1241 3277 1380 3332 κατὰ
1401 3277 1495 3331 τοῦ
1525 3278 1726 3347 Κυρίου

1832 3291 1982 3345 caede
2017 3286 2228 3342 Domini
2278 3290 2333 3340 et
2370 3280 2575 3338 Christi
2611 3279 2734 3348 ejus
2774 3291 2834 3331 se
2883 3273 3259 3331 contaminare
3301 3282 3401 3322 vo-

196 3369 426 3425 καὶκατὰ
450 3370 543 3424 τοῦ
581 3369 819 3440 Χριστοῦ
847 3368 1034 3424 αὑτοῦ.
1066 3367 1161 3433 Et;
1184 3369 1294 3442 ιῑσ.
1315 3369 1372 3441 ἡ]
1405 3367 1512 3441 γὰρ
1544 3370 1625 3431 είς
1643 3369 1726 3421 τὸν

1834 3382 2076 3437 luerunt.
2099 3375 2336 3432 Perﬁdia
2371 3374 2518 3429 enim
2552 3373 2605 3426 in
2644 3368 2845 3424 Filium
2890 3366 2947 3420 iu
2980 3366 3158 3435 ipsum
3188 3360 3403 3414 Patrem

197 3463 400 3532 Χριστὸν
424 3462 694 3532 ἐπιϐουλὴ
741 3463 836 3517 καὶ
860 3465 943 3526 εἰς
971 3463 1134 3516 αὐτὸν
1175 3463 1463 3533 ἀνατρέχει
1503 3463 1596 3515 τὸν
1632 3461 1726 3515 Πα-

1832 3473 2090 3532 recurrit.
2118 3469 2253 3525 Nam
2289 3466 2337 3524 si
2370 3467 2530 3522 Pater
2567 3467 2622 3519 in
2647 3460 2810 3525 Filio,
2845 3468 2900 3512 et
2934 3456 3105 3511 Filius
3152 3454 3205 3507 in
3244 3453 3408 3507 Patre

195 3553 325 3622 τέρα.
360 3555 417 3608 Εἰ
444 3556 551 3626 γὰρ
582 3557 612 3607 6
648 3552 834 3625 Πατὴρ
860 3554 919 3607 ἐν
955 3551 1033 3622 τῷ
1057 3553 1193 3621 Titi),
1229 3554 1323 3607 καὶ
1350 3555 1381 3606 6
1420 3553 1548 3617 Υἱὸς
1576 3554 1636 3606 ἐν
1659 3552 1726 3623 τῷ

1836 3574 1942 3630 est,
1987 3560 2267 3633 quomodo
2296 3571 2405 3613 una
2439 3555 2741 3623 eademque
2780 3547 2982 3618 injuria
3020 3547 3074 3600 iu
3116 3551 3412 3610 utrumque

199 3645 370 3716 Πατρὶ,
407 3647 523 3708 πῶς
556 3647 624 3700 οὐ
658 3646 759 3718 μία
789 3647 872 3709 εἰς
902 3646 1099 3708 αὐτοὺς
1140 3644 1298 3716 ῦΰρις
1331 3645 1579 3714 ἐγένετος
1613 3647 1726 3713 Χρι·

1837 3674 1945 3715 non
1993 3655 2158 3711 fuerit
2187 3650 2485 3708 ?Christus
2534 3660 2699 3718 porro
2745 3641 2922 3698 Patris
2984 3645 3068 3693 est
3113 3633 3353 3691 Verbum
3392 3648 3410 3686 :

200 3737 301 3801 στὸς
336 3738 388 3791 δέ
436 3738 528 3792 τοῦ
585 3738 798 3809 Πατρὸς
827 3742 855 3793 6
882 3740 1029 3803 Υίός.
1088 3739 1163 3792 Οὐ
1196 3739 1481 3809 κέχρισται
1522 3740 1630 3808 γὰρ
1672 3739 1726 3792 δι

1837 3756 2040 3805 unctus
2116 3754 2201 3802 est
2272 3744 2419 3799 enim
2489 3745 2714 3811 propter
2778 3748 2883 3789 nos
2963 3745 3073 3785 non
3163 3730 3410 3782 humano

198 3828 325 3897 ἡμᾶς
368 3831 727 3901 ἀνθρωπίνως
779 3830 861 3901 τῷ
903 3831 1183 3902 Πνεύματι
1227 3831 1306 3903 τῷ
1351 3833 1510 3903 ἁγίῳ,
1561 3832 1726 3887 καίτοι

1841 3840 2026 3905 modo,
2057 3838 2155 3893 sed
2190 3835 2399 3906 Spiritu
2455 3838 2691 3895 sancto;
2747 3840 2858 3882 non
2904 3821 3051 3895 quod
3103 3817 3412 3875 sanctitatis

199 3920 310 3985 Θεὸς
340 3921 411 3976 ὢν
455 3922 485 3977 6
518 3923 962 3995 Λόγοςγοὺχὼς
1007 3925 1293 3994 ἁγιότητος
1336 3924 1557 3995 ἐπιδεὴς
1601 3923 1726 3989 (ἔστι

1842 3934 2090 4006 indigens
2161 3936 2311 3988 esset
2385 3928 2501 4000 (est
2562 3923 2706 3979 enim
2786 3917 3087 3977 secundum
3161 3919 3412 3968 naturam

199 4012 290 4081 γὰρ
314 4015 444 4069 κατὰ
478 4014 649 4085 φύσιν
671 4015 848 4083 ἅγιος,
872 4016 965 4069 καὶ
994 4014 1089 4069 τοῦ
1116 4016 1433 4085 Πνεύματος
1460 4015 1726 4088 χορηγὸς)

1844 4039 2092 4093 sanctus,
2120 4036 2174 4081 et
2204 4022 2443 4094 Spiritus
2480 4017 2658 4074 sancti
2686 4009 3058 4081 distributor).
3088 4007 3181 4063 sed
3208 4011 3415 4060 unctus

200 4104 295 4158 ἀλλ’
345 4108 423 4162 ὅτι
477 4106 723 4178 γεγονὼς
778 4107 901 4161 καθ’
951 4110 1103 4172 ἡμᾶς
1160 4107 1469 4180 ἄνθρωπος,
1516 4109 1726 4179 ἐχρίσθτ

1843 4132 1926 4178 est
1955 4121 2242 4176 nobiscum
2284 4112 2584 4170 secundum
2626 4105 3045 4163 humanitatem.
3106 4119 3125 4153 1
3162 4099 3226 4154 Et
3289 4110 3415 4153 cum

205 4202 306 4267 μεθ’
338 4202 488 4274 ἡμῶν
518 4202 665 4259 κατὰ
695 4201 757 4255 τὸ
790 4201 1152 4271 ἀνθρώπινον.
1192 4222 1210 4253 1
1232 4203 1342 4256 Καὶ
1365 4202 1689 4273 δεηθέντων.
1719 4220 1726 4253 ι

1845 4220 2118 4269 orassent.
2177 4226 2198 4261 ε
2264 4205 2380 4261 Hoc
2436 4204 2653 4273 signum
2715 4198 2822 4255 fuit
2880 4196 3080 4250 divina:
3138 4191 3417 4245 visitatio-

203 4288 351 4345 Τοῦτο
387 4296 690 4365 τεκμήριον
720 4293 912 4361 γέγονε
939 4293 1040 4363 τῆς
1075 4293 1420 4362 ἐπισκέψεως
1459 4293 1553 4347 τοῦ
1583 4292 1719 4346 Θεοῦ

1844 4307 1954 4367 nis,
1987 4299 2215 4372 etquod
2244 4295 2486 4353 exauditi
2529 4300 2735 4348 essent.
2780 4286 2937 4356 Quod
2978 4295 3159 4340 autem
3195 4282 3269 4335 ita
3320 4280 3416 4344 sit,

203 4377 281 4429 καὶ
322 4379 409 4433 τοῦ
449 4380 791 4449 ἀκουσθῆναι
834 4381 1053 4445 αὐτούς.
1084 4382 1212 4435 Ὅτι
1259 4382 1318 4436 δὲ
1368 4382 1529 4436 τοῦτό
1574 4384 1721 4438 ἐστιν

1848 4390 2362 4463 ιιιιιίἱὶρτοριιθιιιω
2415 4384 2690 4438 dicentem
2744 4396 2762 4439 ς
2819 4375 2972 4441 1Qui
3017 4372 3243 4442 respicit
3298 4379 3418 4424 ter-

202 4468 344 4523 ᾱκουε
378 4472 470 4526 τοῦ
503 4474 791 4543 προφήτου
838 4473 1087 4541 λέγοντος
1107 4490 1124 4505 ο
1164 4493 1182 4525 ι
1210 4473 1269 4529 '0
1313 4474 1618 4528 ἐπιϐλέπων
1651 4478 1726 4529 ἐπ

1848 4498 1964 4539 ram
1999 4459 2055 4537 et
2106 4459 2238 4535 facit
2295 4490 2415 4531 eam
2476 4483 2709 4527 tremere
2739 4468 2807 4522 ³⁸.
2840 4484 2860 4518 ι
2893 4464 3044 4519 Fecit
3091 4469 3269 4517 autem
3318 4459 3421 4513 hoc

201 4555 286 4626 τὴν
320 4560 417 4630 γῆν
468 4562 568 4614 καὶ
615 4561 784 4615 ποιῶν
832 4562 1004 4631 αὐτὴν
1060 4563 1307 4633 τρέμειν.
1345 4582 1363 4614 ι
1422 4564 1633 4618 Ἐποίει
1689 4565 1726 4619 δὲ

1821 4560 1825 4584 ’
1850 4578 1994 4632 Deus
2023 4582 2078 4629 et
2106 4570 2176 4627 ad
2208 4568 2471 4638 majorem
2498 4561 2702 4620 Iudaeis
2737 4555 3115 4615 incutiendum
3139 4554 3415 4611 timorem.

202 4652 340 4708 τοῦτο
372 4657 401 4709 6
421 4656 578 4721 Θεὸς,
600 4657 695 4711 καὶ
710 4657 798 4711 διὰ
829 4656 996 4725 φόὸον
1018 4654 1265 4719 πλείονα,
1300 4655 1392 4709 καὶ
1420 4658 1501 4719 είς
1549 4656 1726 4725 θάρσος

1851 4679 1908 4725 et
1949 4675 2010 4721 ut
2046 4662 2314 4736 apostolis
2352 4667 2479 4730 post
2512 4656 2690 4711 minus
2740 4652 2865 4707 illas
2928 4647 3211 4703 audaciam
3248 4643 3421 4711 majo-

202 4744 375 4810 αὐτοὺς
409 4750 623 4818 ἐνάγων
659 4748 797 4819 μετὰ
844 4749 942 4810 τὰς
981 4747 1215 4811 ἀπειλὰς
1259 4748 1498 4810 ἐκείνας,
1538 4748 1634 4801 καὶ
1666 4751 1726 4802 εί.

1850 4735 2375 4828 ι’θιιιαιιείθιιιισῑειιι
2435 4749 2756 4819 ingereret,
2814 4752 2869 4800 et
2928 4740 3193 4813 quoniam
3255 4735 3416 4790 initio

205 4840 493 4909 παρρησίαν
517 4841 763 4896 πλείονα.
809 4841 962 4893 Ἐπεὶ
992 4839 1101 4911 γὰρ
1134 4839 1277 4911 ἀρχὴ
1302 4835 1393 4909 ἦν,
1434 4841 1528 4893 καὶ
1556 4842 1726 4913 αίσθη

1850 4846 2096 4905 sensibili
2149 4859 2290 4915 opus
2339 4840 2615 4898 habebant
2662 4838 2842 4909 signo,
2872 4842 2933 4889 ut
2952 4834 3036 4888 eis
3082 4830 3419 4887 crederetur.

204 4927 287 4980 τοῦ
325 4930 527 4986 ἐδέοντο
578 4930 808 5002 σημείου
860 4930 998 5000 πρὸς
1026 4930 1088 4984 τὸ
1125 4931 1482 5001 πιστευθῆναι
1524 4932 1726 4991 αὐτούς

1850 4941 2047 4996 Postea
2081 4950 2208 4992 vero
2235 4947 2513 5004 nunquam
2544 4929 2599 4985 id
2645 4929 2847 4984 factum
2894 4934 3000 4980 est.
3051 4922 3187 4976 Illud
3240 4927 3422 4973 autem

205 5016 344 5073 Μετὰ
404 5022 460 5077 δὲ
515 5022 707 5085 ταῦτα,
757 5020 996 5089 οὐδαμοῦ
1051 5022 1212 5076 τοῦτο
1260 5025 1497 5091 γίνεται.
1548 5024 1623 5077 Τὸ
1665 5025 1726 5079 δὲ,

1857 5049 1880 5082 1
1918 5027 2129 5098 Repleti
2176 5032 2306 5079 sunt
2340 5020 2546 5092 Spiritu
2595 5024 2788 5073 sancto
2827 5034 2848 5068 ›
2887 5013 3110 5084 perinde
3156 5009 3299 5062 valet
3337 5020 3421 5069 ac,

210 5124 228 5156 ι
269 5109 633 5184 Ἐπλήσθησαν
679 5112 998 5182 Πνεύματος
1042 5112 1225 5181 ἁγίου,
1276 5133 1297 5166 ι
1347 5115 1505 5168 τοῦτο
1555 5115 1707 5184 δηλοῖ

1848 5095 2170 5178 inﬂammati
2195 5124 2324 5173 sunt
2349 5113 2575 5184 Spiritu,
2597 5119 2652 5166 et
2674 5112 2867 5164 iterum
2896 5114 3189 5160 accensum
3213 5099 3266 5153 in
3292 5095 3425 5167 ipsis

218 5194 647 5275 ’Δνεπυρώθησαν
681 5201 758 5273 τῷ
799 5201 1097 5272 Πνεύματι,
1127 5204 1221 5257 καὶ
1248 5204 1530 5258 ἀνεκαίετο
1554 5206 1612 5258 ἐν
1646 5209 1726 5263 αὕη

1851 5218 1936 5267 est
1965 5222 2186 5263 sacrum
2208 5205 2436 5260 donum.

206 5292 307 5353 τοῖς
333 5295 391 5348 τὸ
408 5297 665 5368 χάρισμα.

211 5387 337 5456 Περὶ
383 5390 696 5459 ὀμοψύχου
750 5389 851 5444 καὶ
892 5387 1222 5456 κώολικῆς
1274 5393 1587 5459 κοινωνίας
1636 5393 1726 5448 τῶι

1854 5393 2018 5466 214
2072 5392 2145 5447 De
2217 5389 2454 5444 unanimi
2519 5396 2569 5440 et
2644 5382 2797 5436 tetuli
2867 5376 3227 5431 communione
3295 5372 3433 5440 ﬁde,

724 5479 1208 5537 πιστευσάντων.

2577 5479 2705 5530 lium
2716 5515 2732 5528 .

779 5572 1163 5629 KEIMENON.
2462 5604 2467 5611 ν
2498 5565 2801 5626 TEX’IUS.

276 5661 375 5716 Τοῦ
404 5663 461 5718 δὲ
492 5664 725 5735 πλήθους
760 5665 871 5719 τῶν
927 5665 1336 5720 πιστευσάντων
1380 5663 1448 5738 ῆν
1489 5670 1521 5738 ἡ
1553 5668 1718 5737 καρία

1926 5666 2017 5730 ιν,
2040 5666 2129 5729 5'2,
2153 5666 2241 5719 55.
2260 5659 2619 5717 Multitudinis
2642 5664 2822 5712 autem
2847 5653 3184 5712 credentium
3200 5659 3315 5710 erat
3334 5663 3430 5705 cor

279 5773 321 5805 "
369 5774 507 5831 Psal.
540 5793 600 5847 tl,
632 5779 683 5833 1.
760 5779 805 5811 ³⁸
842 5777 974 5836 Luc.
1019 5796 1169 5846 um,
1200 5779 1286 5835 12.
1363 5780 1403 5814 ³³
1431 5779 1573 5836 Psal.
1597 5795 1715 5842 cm.
1761 5779 1853 5835 '52.

1366 5870 1563 5932 Variae
1614 5869 1921 5933 lectiones
1968 5875 2027 5931 et
2069 5873 2265 5931 nota).

280 5964 421 6020 "10'.
447 5966 629 6037 φασίν.
