3848 6544
429 458 535 526 891
1326 457 1901 518 ΤΙΙΕΟΡῙΙΥΙ.ΛΕΤΙ
1944 459 1948 464 ’

2133 459 2190 514 LA
2201 458 2351 517 [ΠΕ
2381 459 2579 517 AllCll
2593 459 2726 518 lEP.
3563 450 3652 514 892

438 593 606 630 unuut
651 583 707 631 et
765 573 944 630 anima
971 589 1096 640 una,
1119 587 1216 627 nec
1232 575 1520 642 quisquam
1545 587 1733 625 eorum
1753 585 1872 639 qua:
1888 585 1957 638 po

2132 571 2282 641 καὶὴ
2335 570 2481 642 ψυχὴ
2527 570 2647 640 μία,
2685 570 2776 621 καὶ
2834 567 3007 629 οὐδείς
3072 582 3122 618 τι
3174 567 3280 618 τῶν
3329 565 3651 635 ὑπαρχόντων

437 667 710 727 sidebant,
735 665 940 734 aliquid
986 681 1145 719 suum
1173 679 1295 718 esse
1329 663 1561 724 dicebat,
1594 661 1687 716 sed
1719 671 1874 715 erant
1901 661 1955 714 ill

2134 663 2294 716 ιὺτῶν
2358 664 2542 731 ἔλεγεν
2597 661 2730 716 ἴδιον
2772 656 2935 724 εἶναι,
2990 659 3106 712 ἀλλ’
3157 654 3225 730 ἦν
3265 659 3446 718 αὐτοῖς
3502 659 3653 712 πάντα

438 759 623 813 omnia
688 755 1019 811 communia.
1080 755 1148 809 Et
1202 755 1408 809 virtute
1469 767 1662 821 magna
1713 751 1957 807 retldehai

2134 755 2286 808 ιοινά.
2317 754 2429 806 Καὶ
2467 753 2682 825 μεγάλῃ
2707 751 2936 822 δυνάμει
2972 748 3257 804 ἀπεδίδουν
3283 749 3344 800 τ’)
3373 749 3653 818 μαρτύριον

437 845 672 916 apostoli
709 846 1078 900 testimonium
1138 843 1560 898 resurrectionis
1601 838 1731 896 Jesu
1777 840 1956 894 Christ

2130 849 2159 899 »ἰ
2209 846 2500 900 ἀπόστολοι
2555 847 2652 915 τῆς
2703 846 3049 907 ἀναστάσεως
3092 843 3187 896 τοῦ
3234 843 3442 913 Κυρίου
3476 841 3649 913 Ἰησοῦ,

441 939 656 992 Domini
703 937 901 1003 nostri,
959 947 1013 991 et
1063 937 1238 1006 gratia
1275 950 1471 1005 magna
1505 935 1705 990 eratin
1753 933 1960 986 omnilu

1809 933 2008 986 nnihus
2111 939 2270 1009 χάρις
2298 955 2357 990 τε
2395 936 2608 1008 μεγάλη
2641 932 2708 1007 ἦν
2738 935 2834 990 ἐπὶ
2867 935 3076 999 πάντας
3105 933 3327 995 αὐτούς.

440 1033 568 1086 illis.

929 1113 1501 1173 COMMENTARIUS.
2703 1112 3084 1169 EI’MHNEIA.

509 1211 624 1268 lloc
658 1221 763 1278 est,
807 1211 980 1282 signis
1013 1207 1463 1264 demonstrabant
1514 1208 1698 1264 Jesum
1726 1209 2006 1264 Christum

2179 1205 2461 1272 Τουτέστι,
2495 1205 2582 1260 διὰ
2615 1207 2724 1259 τῶν
2761 1205 3004 1276 σημείων
3035 1204 3334 1270 ἐδείκνυον,
3361 1203 3442 1257 ὅτι
3478 1205 3649 1276 ἀνέστη

437 1302 848 1358 resurrexisse:
898 1315 1007 1354 non
1050 1298 1193 1353 enim
1231 1298 1336 1352 alia
1369 1300 1580 1354 ratione
1611 1311 1916 1356 monstrare
1955 1302 1956 1352 ἲ

2130 1297 2138 1346 i
2169 1296 2437 1366 Χριστός·
2476 1297 2778 1366 οὐδαμόθεν
2816 1297 2924 1370 γὰρ
2958 1292 3104 1368 εἰχον
3135 1295 3360 1352 ἄλλοθεν
3413 1297 3649 1365 ἐπιδεῖξαι

435 1402 712 1462 poterant.

2111 1389 2194 1442 ὄτι
2225 1387 2447 1459 ἀνέστη,
2485 1388 2598 1442 ἀλλ’
2627 1388 2660 1460 ἢ
2696 1389 2802 1442 ἀπὸ
2825 1388 2935 1441 τῶν
2971 1389 3234 1458 σημείων.

1075 1482 1372 1540 ΤΕΧΤΟΞ.

2707 1481 3088 1535 KEIMENON.

510 1570 602 1637 IV,
624 1569 821 1637 154,55.
839 1569 1026 1641 Neque
1052 1573 1195 1628 enim
1214 1573 1500 1642 quisquam
1529 1587 1694 1641 egens
1721 1572 2011 1640 cratjnter

2184 1573 2372 1637 Οὐδεὶς
2413 1573 2599 1644 ἐνδεής
2631 1591 2714 1637 τις
2761 1575 3004 1644 ὑπῆρχεν
3048 1574 3105 1628 έν
3137 1573 3340 1636 αὐτοῖς.
3380 1573 3528 1626 Ὅσοι
3562 1573 3648 1642 γὰρ

437 1661 583 1717 illos.
605 1660 882 1732 Quotquot
901 1662 1046 1717 enim
1076 1679 1420 1733 possessores
1438 1678 1692 1732 agrorqu
1713 1672 1800 1716 aut
1824 1663 1956 1717 doml

2132 1666 2373 1736 ιτὴτορες
2433 1667 2650 1736 χωρίων
2710 1667 2745 1736 ἢ
2798 1665 2982 1719 οἰκιῶν
3032 1664 3298 1734 ὑπῆρχον,
3378 1662 3651 1727 πωλοῦντες

438 1767 561 1805 runt
593 1763 771 1818 erant,
803 1752 1099 1807 vendentcs
1127 1752 1424 1807 aﬂerebant
1465 1753 1639 1822 pretia
1669 1769 1856 1805 eorum
1889 1770 1957 1820 qu

2133 1757 2307 1828 Ξφερον
2337 1759 2434 1822 τὰς
2467 1758 2634 1827 τιμὰς
2677 1757 2785 1810 τῶν
2824 1758 3309 1828 πιπρασκομένων,
3342 1757 3436 1809 καὶ
3473 1756 3652 1809 ἐτίθουν

437 1843 744 1896 vendebant
801 1851 854 1896 et
886 1843 1158 1912 ponebant
1211 1853 1336 1897 ante
1394 1843 1560 1912 pedes
1609 1845 1956 1913 apostolorun

2132 1848 2267 1919 ταρὰ
2295 1849 2420 1911 τοὺς
2457 1850 2623 1912 πόδας
2651 1849 2760 1902 τῶν
2807 1849 3142 1903 ἀποστόλων.
3184 1847 3448 1902 Διεδίδοτο
3474 1847 3526 1901 δὲ
3551 1848 3651 1902 ἐκά-

441 1931 795 1988 Dividebatur
817 1942 998 1988 autem
1025 1934 1253 2004 singulis
1289 1943 1450 2004 prout
1483 1935 1678 2005 cuique
1703 1951 1840 2004 opus
1865 1951 1958 1990 cra

1422 1943 1450 1987 ιι
1483 1935 1678 2005 cuique
1703 1951 1840 2004 opus
1865 1946 2002 1990 erat.
2041 1920 2083 1980 Β
2117 1956 2224 2010 στῳ
2255 1939 2377 1992 καθ’
2403 1939 2431 1993 ὅ
2455 1957 2538 2004 τις
2566 1939 2754 2010 χρείαν
2781 1936 2941 2011 εἶχεν.

929 2044 1496 2102 COMMENTARIUS.
2701 2052 3090 2106 EPMllNElA.

507 2154 588 2212 Bx
617 2173 811 2228 magna
846 2173 953 2227 qua
1005 2159 1287 2227 apostolos
1331 2159 1804 2228 prosequebantur
1861 2174 2012 2214 reve-

2195 2163 2290 2215 Ἐκ
2316 2163 2515 2232 πολλῆς
2531 2163 2836 2228 εὐλαϐείας,
2862 2163 2984 2217 οὔτε
3005 2165 3084 2230 εἰς
3107 2163 3209 2228 τὰς
3227 2168 3416 2236 χεῖρας
3438 2166 3650 2233 ἐτόλμων

438 2251 615 2305 rentia
655 2251 842 2306 ﬁdeles
879 2266 1056 2320 neque
1103 2249 1159 2304 in
1201 2266 1399 2305 manus
1430 2251 1538 2305 illis
1572 2250 1803 2306 tradere
1846 2249 1951 2304 aud

2130 2252 2334 2314 ἱοῦναι,
2380 2253 2504 2306 οὔτε
2551 2257 2952 2325 τετυφωμένως
3003 2260 3291 2329 παρεῖχον*
3335 2258 3472 2312 ἀλλὰ
3523 2260 3649 2324 παρᾶ

440 2341 576 2396 bant
604 2356 786 2396 rerum
827 2341 1170 2395 venditarum
1200 2343 1400 2412 pretia,
1437 2341 1532 2396 sed
1562 2343 1628 2395 ad
1656 2342 1822 2411 pedes
1856 2341 1959 2396 deft

2130 2347 2239 2406 τοὺς
2275 2345 2439 2409 πόδας
2475 2345 2691 2417 ἔφερον,
2733 2349 2825 2400 καὶ
2857 2349 3054 2412 αὐτοὺς
3093 2350 3416 2420 οἰκονόμους
3451 2351 3649 2419 ἠφίεσαν

441 2435 674 2500 rebant;
707 2444 760 2489 et
794 2435 938 2504 ipsos
972 2435 1358 2489 distributores
1401 2434 1764 2503 dominosque
1803 2443 1959 2490 const

2132 2438 2390 2504 Γενέσθαι,
2423 2440 2520 2492 καὶ
2542 2439 2765 2509 κυρίους
2803 2441 2909 2493 τῶν
2947 2442 3093 2495 ἰδίων
3123 2443 3339 2496 ἐποίουν
3358 2459 3372 2474 ⁸
3405 2443 3488 2496 ἵνα
3516 2444 3580 2504 ὡς
3600 2445 3651 2496 lx

441 2526 690 2586 luebant,
753 2535 812 2580 ut
858 2535 1115 2596 tanquam
1163 2527 1470 2581 communia
1527 2535 1582 2580 et
1641 2525 1794 2579 nullo
1851 2540 1960 2579 IIIOt

2128 2530 2310 2582 towth
2371 2530 2554 2583 λοιπὸν
2609 2531 2992 2602 ἀναλίσκηται,
3032 2535 3230 2602 μηκέτι
3267 2532 3343 2599 ὡς
3401 2536 3458 2600 ἐξ
3510 2535 3647 2588 ἰδίων.

436 2618 656 2686 propria
729 2619 918 2673 eadem
953 2618 1346 2686 expenderent.
1417 2616 1572 2682 Quod
1635 2617 1854 2687 quidem
1905 2617 1955 2670 ill

2115 2617 2288 2673 Τοῦτο
2320 2619 2378 2672 δὲ
2406 2621 2543 2691 πρὸς
2575 2621 2669 2674 τὸν
2698 2621 3013 2686 ἀκενόδοξον
3039 2622 3223 2687 αὐτοῖς
3269 2623 3619 2678 συνεϐάλλετο.

443 2710 512 2763 ad
550 2724 742 2764 vanam
775 2710 1002 2780 gloriam
1044 2709 1354 2764 evitandam
1397 2711 1630 2764 maxime
1675 2709 2014 2765 conferebat.

1077 2799 1380 2858 TEXTUS.

2706 2795 3071 2849 KEIMENON

509 2892 599 2956 ιγ,
624 2892 716 2957 36,
744 2894 834 2948 37.
862 2892 1059 2962 Joseph
1099 2901 1304 2956 autem,
1336 2892 1428 2962 qui
1475 2891 1893 2960 cognominatus
1931 2900 2017 2947 est

2201 2885 2389 2956 ’ἰωσῆς
2417 2886 2475 2940 δὲ
2514 2898 2543 2940 ο
2593 2884 2912 2956 ἐπικληθεὶς
2956 2887 3243 2958 Βαρνάϐας
3268 2885 3380 2940 ἀπὸ
3409 2887 3513 2939 τῶν
3547 2885 3655 2941 ἀπ’

440 2983 720 3038 Barnabas
751 2984 820 3037 ab
839 2983 1122 3052 apostolis.
1153 2984 1298 3053 quod
1321 2992 1407 3038 est
1433 2983 1847 3052 interpretatum
1875 3000 1894 3034 ι
1929 2983 1959 3037 F

2135 2977 2343 3039 ττόλων,
2375 2978 2403 3029 ὅ
2442 2978 2558 3030 ἐστι
2593 2976 3160 3049 μεθερμηνευόμενον,
3197 2977 3365 3040 «Υἱὸς
3395 2976 3654 3048 παρακλή-

438 3073 548 3127 lius
574 3073 986 3140 consolationis,
1028 3091 1048 3125 ι
1092 3073 1328 3138 Levites,
1347 3073 1580 3144 Cyprius
1619 3088 1852 3143 genere,
1891 3089 1957 3128 cu

2136 3087 2276 3135 ςεως,
2297 3089 2315 3121 ι
2341 3071 2594 3138 Λευῖτης,
2622 3069 2867 3140 Κύπριος
2886 3068 2964 3140 τῷ
2986 3070 3153 3137 γένει,
3173 3069 3504 3139 ὑπάρχοντος
3527 3069 3655 3140 αὑτῷ

442 3166 666 3219 haberet
709 3182 918 3236 agrum,
950 3165 1193 3220 vendidit
1225 3181 1369 3230 eum,
1400 3173 1454 3221 et
1481 3165 1660 3218 attulit
1682 3166 1934 3234 pretium,

2133 3161 2314 3231 ὶγροῦ,
2363 3162 2644 3230 πωλήσας,
2702 3163 2902 3233 ἤνεγκε
2949 3163 3015 3216 τὰ
3057 3163 3340 3233 χρήματα,
3371 3163 3466 3217 καὶ
3512 3161 3652 3233 έθηκε

440 3258 623 3328 posuit
671 3270 796 3313 ante
833 3259 994 3328 pedes
1023 3260 1423 3328 apostolorum.

2043 3253 2088 3318 C
2123 3256 2276 3326 παρὰ
2310 3256 2435 3318 τοὺς
2457 3254 2625 3318 πόδας
2645 3256 2754 3308 τῶν
2785 3255 3117 3309 ἀποστόλων.

940 3348 1508 3408 COMMENTARIUS.
2713 3348 3094 3402 EPMHNEIA.

508 3439 708 3512 Joscph
737 3442 839 3498 istc
878 3442 1022 3497 haud
1062 3444 1194 3497 mihi
1245 3444 1334 3499 ille
1376 3445 1592 3502 videtur
1632 3461 1777 3509 esse,
1819 3443 1912 3513 qui
1949 3441 2013 3496 ad

2192 3438 2267 3490 Οὐ
2299 3438 2448 3490 δοκεῖ
2474 3456 2565 3508 μοι
2594 3439 2800 3502 ἐκεῖνος
2835 3433 2996 3504 εἰναι,
3026 3439 3055 3490 δ
3087 3436 3224 3507 μετά
3267 3436 3482 3492 Ματθία
3507 3437 3655 3506 ψηφι-

441 3535 761 3602 replendum
814 3535 1129 3591 duodenum
1185 3517 1564 3606 apostolorum
1614 3537 1866 3598 chorum,
1925 3549 1960 3589 Si

2138 3530 2271 3592 τθείς
2302 3531 2383 3592 εἰς
2409 3529 2796 3600 ἀναπλήρωσιν
2827 3529 2922 3582 τοῦ
2940 3529 3100 3601 χοροῦ
3117 3530 3226 3583 τῶν
3251 3529 3476 3583 δώδεκα.
3511 3527 3657 3581 Ἐκεῖ-

442 3625 621 3680 lectus
678 3641 801 3680 eum
839 3627 1065 3681 Matthia
1118 3628 1241 3682 fuit.
1284 3629 1335 3682 ls
1392 3630 1539 3682 enim
1580 3634 1635 3683 et
1679 3624 1880 3694 Joseplt
1933 3626 1961 3676 d

2139 3639 2206 3684 νος
2229 3621 2338 3692 γὰρ
2370 3623 2466 3675 καὶ
2491 3622 2682 3691 ’Ῑωσῆς
2711 3621 2948 3690 ἐλέγετο,
2971 3623 3064 3676 καὶ
3095 3620 3405 3693 Βαρσαϐᾶς.
3428 3621 3658 3691 Ὕστερον

441 3714 670 3769 cebatur
727 3725 782 3770 et
811 3715 1130 3783 Barsahas;
1183 3725 1372 3787 postea
1423 3733 1550 3771 vero
1604 3714 1960 3786 cognominati

2136 3714 2176 3766 se
2206 3713 2482 3784 ἐπεκλήθη
2529 3713 2774 3777 Ἰοῦστος.
2814 3708 2982 3777 Οὗτος
3024 3714 3079 3767 δὲ
3115 3713 3425 3784 Βαρνάϐας,
3452 3715 3478 3767 ὅ
3508 3716 3655 3778 ἐστιν,

440 3812 526 3858 est
571 3804 782 3862 Justus.
821 3807 925 3862 Iste
968 3820 1146 3862 autem
1185 3810 1366 3864 dictus
1420 3818 1503 3863 est
1545 3807 1857 3871 Barnabas,
1915 3805 1959 3858 lu

2139 3825 2144 3856 ι
2175 3805 2299 3867 Υἱὸς
2321 3803 2739 3875 παρακλήσεως,
2763 3825 2782 3858 ι
2806 3805 2892 3859 καὶ
2913 3806 3059 3859 δοκεῖ
3087 3822 3196 3876 μοι,
3227 3805 3336 3858 ἀπὸ
3364 3805 3462 3874 τῆς
3482 3804 3658 3875 ἀρετῆς

440 3897 605 3966 215
635 3906 718 3953 est
759 3918 776 3950 ι
817 3898 987 3955 Filius
1036 3900 1428 3956 consolationis
1461 3918 1474 3953 :
1533 3919 1552 3951 ν
1589 3899 1734 3968 quod
1797 3897 1959 3963 quide

2135 3898 2402 3968 εἰληφέναι
2429 3897 2490 3950 τὸ
2526 3897 2720 3969 ὄνομα,
2747 3897 2822 3964 ὡς
2854 3898 2990 3970 πρὸς
3019 3897 3177 3952 τοῦτο
3217 3897 3418 3961 ἱκανῶς
3446 3897 3533 3950 καί
3558 3897 3654 3948 ἔπι-

444 4002 646 4041 nomeu
683 4005 750 4044 ex
781 3990 983 4045 virtute
1012 3991 1244 4046 sortitus
1279 3991 1409 4043 mihi
1442 4007 1564 4046 esse
1598 3991 1836 4056 videtur,
1872 3992 1952 4045 vel

1012 3991 1244 4046 sortitus
1279 3991 1409 4043 mihi
1442 4007 1564 4046 esse
1598 3991 1836 4056 videtur,
1872 3992 2019 4045 velut
2118 3989 2347 4061 τηδείως
2371 3990 2529 4062 ἔχων.

441 4076 512 4132 ad
533 4080 964 4134 consolationem
993 4079 1360 4150 praestandum
1398 4082 1596 4136 eximie
1625 4083 1872 4137 idoneus.

723 4170 880 4226 Feria
900 4181 1049 4226 sexta
1087 4172 1437 4226 hebdomadas
1461 4174 1733 4230 secundat.

2423 4173 2500 4243 Τῇ
2534 4174 2860 4244 Ιιαρασκευῇ
2891 4173 2990 4242 τῆς
3029 4171 3072 4244 β’
3098 4172 3406 4243 ἑϐδομάδος.

511 4259 594 4317 De
616 4262 826 4316 Anam'a
850 4263 1182 4332 etSaphira,
1219 4281 1502 4336 eorumque
1532 4269 1723 4322 acerba
1754 4279 1944 4325 morte.

2143 4263 2258 4332 Ἱερί
2291 4263 2568 4320 Ἀνανίου
2601 4264 2700 4320 καί
2721 4266 3084 4334 Σαπφείρης,
3115 4266 3214 4320 καί
3248 4264 3459 4334 πικρᾶς
3490 4262 3662 4318 αὐτῶν

2747 4353 3058 4421 τελευτῆς.

1080 4438 1380 4496 TEXTUS.
2713 4447 3097 4502 KEIMENON.

512 4550 745 4616 V,l-ll.
775 4551 868 4608 Vir
910 4562 1088 4609 autem
1133 4555 1353 4624 quidam
1377 4557 1596 4613 nomine
1613 4557 1873 4624 Ananias,
1891 4574 2014 4614 cum

2208 4557 2373 4628 Ἀνὴρ
2406 4557 2462 4610 δέ
2489 4574 2574 4621 τις
2616 4557 2867 4620 Ἀνανίας
2895 4558 3142 4629 ὀνόματι,
3183 4559 3278 4612 σὺν
3311 4559 3659 4631 Σαπφείρῃτῇ

446 4641 678 4711 δίψιιὶτεδ
716 4658 886 4699 uxore
910 4659 1033 4710 sua,
1064 4645 1310 4701 vendidit
1339 4662 1528 4717 agrum
1560 4657 1616 4703 et
1656 4649 1965 4706 fraudavit:

2144 4649 2347 4715 {uvatxi
2376 4647 2569 4710 αὑτοῦ,
2600 4647 2850 4719 ὲπώλησε
2877 4649 3082 4720 κτῆμα,
3109 4649 3204 4702 καὶ
3231 4649 3546 4718 ἐνοσφίσατο
3574 4645 3663 4699 ἀπὸ

345 4775 354 4790 .
439 4733 614 4803 pretio
654 4736 768 4802 agri
796 4737 1019 4791 conscia
1074 4751 1243 4791 uxore
1265 4752 1362 4792 sua
1397 4748 1492 4801 ;et
1544 4738 1782 4796 all‘erens
1814 4756 1864 4811 p:

2143 4739 2225 4810 ςῆς
2253 4740 2440 4809 τιμῆς,
2472 4739 2776 4805 συνειδυίας
2805 4740 2900 4793 καὶ
2944 4741 3041 4810 τῆς
3079 4740 3336 4807 γυναικὸς
3364 4739 3545 4793 αὑτοῦ.
3572 4736 3662 4790 Καὶ

437 4823 758 4890 quamdam,
787 4827 855 4878 ad
897 4827 1061 4895 pedes
1087 4829 1462 4896 apostolorum
1494 4831 1704 4899 posuit.
1738 4833 1889 4887 Dixit
1922 4850 1951 4887 a

2143 4833 2350 4899 ,véyxa;
2393 4836 2556 4903 μέρος
2596 4848 2650 4885 τι
2704 4832 2853 4902 παρὰ
2876 4832 3004 4894 τοὺς
3035 4831 3205 4894 πόδας
3235 4831 3346 4884 τῶν
3379 4829 3662 4884 ἀποστόλων

439 4925 549 4968 tem
593 4914 784 4971 Petrus
845 4933 860 4974 :
921 4918 1153 4983 Anania,
1195 4934 1295 4973 cur
1360 4923 1593 4977 tentavit
1651 4923 1886 4980 Satanas
1929 4942 1958 4980 c

2142 4929 2334 4998 ἔθηκεν.
2363 4922 2499 4982 Eine
2539 4927 2595 4980 δὲ
2621 4926 2828 4996 Πέτρος
2860 4926 2997 4996 πρὸς
3023 4926 3186 4978 αὐτόν
3207 4942 3221 4956 ·
3261 4925 3500 4988 Ἀνανία,
3527 4922 3602 4975 διὰ
3621 4919 3661 4970 τί

441 5017 616 5070 tuum,
650 5007 870 5062 mentiri
904 5016 958 5062 te
1000 5008 1228 5079 Spiritui
1279 5022 1498 5081 sancto,
1549 5024 1604 5069 et
1657 5015 1960 5072 fraudaret

2166 5020 2438 5091 πλήρωσεν
2467 5019 2496 5072 δ
2540 5019 2784 5082 Σατανᾶς
2827 5018 2927 5088 τὴν
2973 5017 3202 5086 καρδίαν
3231 5033 3348 5081 σου,
3387 5010 3685 5086 ψεύσασθαί·

441 5099 618 5166 pretio
647 5099 808 5169 agri?
867 5101 1062 5157 Nonne
1097 5117 1325 5160 manens
1361 5106 1457 5161 tibi
1511 5109 1786 5172 manebat,
1838 5120 1891 5164 et
1920 5126 1960 5162 Vl

2142 5129 2183 5164 re
2247 5111 2309 5164 τὸ
2339 5111 2564 5182 Πνεῦμα
2599 5112 2662 5164 τὸ
2694 5111 2883 5179 ἅγιον,
2936 5111 3029 5162 καὶ
3073 5108 3434 5179 νοσφίσασθαί
3481 5124 3534 5160 σε
3571 5101 3661 5157 ἀπὸ

448 5191 757 5244 nuudatum
793 5191 844 5246 in
880 5201 969 5246 tua
995 5202 1114 5248 erat
1138 5197 1446 5262 potestate?
1481 5197 1663 5262 Quare
1688 5201 1918 5267 posuisti
1963 5203 1967 5253 i

2139 5205 2216 5276 ςῆς
2248 5205 2418 5274 τιμῆς
2449 5205 2542 5258 τοῦ
2589 5205 2832 5274 χωρίου;
2875 5203 3010 5273 Οὐχὶ
3057 5201 3217 5270 μένον
3263 5217 3345 5254 σοι
3381 5199 3555 5269 ἔμενε,
3583 5193 3658 5246 καὶ

438 5279 604 5335 οοίἰο
627 5290 721 5336 tuo
751 5281 891 5336 hanc
941 5282 1096 5338 rem?
1129 5281 1246 5336 Non
1277 5299 1336 5338 es
1391 5287 1656 5341 mentitus
1683 5288 1957 5342 hominihu

2140 5297 2329 5368 πραθὲν
2375 5299 2433 5350 ἐν
2493 5298 2559 5366 τῇ
2601 5298 2666 5366 σῇ
2715 5294 2938 5364 ἐξουσίᾳ
2975 5294 3219 5362 ὑπῆρχε;
3253 5291 3319 5344 Τί
3365 5293 3448 5344 ὅτι
3476 5287 3589 5341 ἔθου
3613 5285 3659 5336 ἐν

440 5369 535 5424 sed
569 5371 698 5426 Deo.
727 5373 970 5430 Audiens
1008 5381 1191 5428 autem
1224 5373 1468 5431 Auanias
1495 5377 1610 5432 haec
1638 5381 1826 5442 verba,
1875 5396 1959 5435 eet

2134 5389 2184 5456 πῇ
2229 5386 2429 5457 καρδίᾳ
2475 5402 2568 5439 σου
2612 5385 2674 5438 τὸ
2707 5386 2942 5455 πρᾶγμα
2969 5381 3164 5447 τοῦτο;
3201 5383 3315 5436 Οὐκ
3343 5381 3547 5450 ἐψεύσω
3577 5377 3653 5427 ἀν·

439 5461 520 5514 dit
547 5472 602 5516 ct
628 5465 948 5532 exstiiravit.
998 5465 1064 5520 Et
1084 5465 1262 5520 factus
1287 5478 1370 5520 est
1399 5467 1562 5524 timor
1593 5487 1821 5541 magnus
1853 5489 1958 5544 sup

2137 5476 2377 5548 θρώποις,
2396 5477 2532 5531 ἀλλὰ
2559 5477 2636 5546 τῷ
2657 5475 2776 5545 Θεῷ
2789 5477 2858 5530 ⁸⁸.
2876 5472 3114 5528 Ἀκούων
3138 5474 3196 5527 δὲ
3222 5475 3251 5526 ὁ
3289 5473 3525 5532 Ἀνανίας
3552 5465 3656 5526 τοὺς

439 5566 631 5608 omnes
696 5555 791 5624 qui
840 5557 1154 5612 audierunt.
1209 5556 1507 5628 Surgentes
1545 5570 1724 5618 autem
1784 5565 1958 5636 juveni

2136 5567 2316 5636 ἰόγους
2365 5569 2610 5635 τούτους,
2646 5565 2830 5620 πεσὼν
2859 5564 3084 5636 ἐξέψυξε
3107 5581 3121 5596 ·
3157 5566 3249 5617 καὶ
3281 5562 3488 5633 ἐγένετο
3518 5554 3655 5627 φόεος

1639 5743 1839 5803 Varia)
1889 5743 2194 5806 lectiones
2241 5753 2300 5806 et
2348 5752 2533 5806 notze.

519 5858 562 5888 ’³
585 5857 712 5919 θεὸς
754 5856 843 5910 οὖν
885 5861 1182 5930 tell-4:551:
1227 5865 1283 5914 τὸ
1320 5864 1494 5931 ἄπιτον,
1523 5865 1550 5914 ὃ
1586 5864 1854 5931 ἰῷ;ὑσατο
1887 5866 2156 5929 Ἁνανίας.
