3848 6548
189 421 278 487 893

803 421 1349 483 EXPOSITIONIS
1395 421 1476 482 IN
1508 423 1698 484 ACTA
1745 424 2049 484 TEXTUS
2086 424 2356 484 ALTER.
2391 450 2456 460 --
2480 424 2638 484 CAP.
2705 424 2775 484 V.

3297 423 3405 486 84

194 540 337 610 μέγας
377 535 463 587 ἐπὶ
483 533 685 598 πάντας
713 535 840 599 τοὺς
873 537 1171 600 ἀκούοντας
1196 539 1389 593 ταῦτα.
1433 540 1727 594 ’Λναστάνο

1845 551 2153 595 nnoveruut
2185 557 2334 602 cum,
2359 550 2411 594 et
2462 539 2751 594 efferentes
2785 541 3142 610 sepelierunt.
3180 538 3402 594 Factum

190 651 264 692 τες
305 630 356 683 δὲ
399 631 445 682 οἱ
497 627 752 698 νεώτεροι
798 630 1146 682 συνέστειλαν
1171 633 1355 698 αὑτὸν,
1388 633 1483 685 καὶ
1516 634 1729 702 ἐξενέγ-

191 741 356 786 καντες
382 721 599 790 ἔθαψαν.
633 719 880 787 Ἐγένετο
923 721 979 775 δὲ
1019 723 1096 786 ὡς
1136 725 1295 794 ωρῶν
1318 725 1484 796 τριῶν
1507 725 1727 796 διάστη-

197 834 276 887 μα,
305 815 390 868 καὶ
417 815 446 881 ἠ
478 813 612 882 γυνὴ
663 811 826 865 αὐτοῦ
873 813 949 883 μὴ
983 815 1158 868 εἰδυῖα
1192 820 1252 868 τὸ
1278 818 1500 886 γεγονὸς
1547 818 1729 887 εἰσῆλ-

200 909 291 960 θεν.
331 903 618 974 Ἀπεκρίθη
669 902 726 956 δὲ
785 905 923 974 αὐτῇ
983 906 1011 957 ὁ
1047 906 1286 974 Πέτρος·
1339 903 1476 962 Εἷπέ
1530 926 1641 978 μοι,
1679 910 1726 962 εἰ

189 997 408 1050 τοσούτου
433 995 491 1048 τὸ
511 997 707 1066 χωρίον
749 997 1011 1051 ἀπέδοσθε
1039 1015 1052 1062 ;
1096 997 1156 1051 Ἥ
1191 999 1246 1052 δὲ
1276 995 1398 1052 εἷπε
1419 1019 1432 1032 ·
1461 1002 1570 1054 Ναὶ
1600 1019 1726 1054 τοσ-

189 1087 410 1143 οὑτου.Ὀ
437 1087 490 1140 δὲ
526 1088 730 1158 Πέτρος
794 1085 915 1143 εἷπε
971 1091 1108 1161 πρὸς
1147 1091 1352 1160 αὐτήνο
1382 1094 1446 1146 Ti
1471 1095 1552 1147 ὅτι
1598 1111 1726 1148 συν-

191 1177 414 1248 εφωνήθη
447 1179 572 1246 ὑμῖν
598 1179 857 1250 πειράσαι
883 1180 943 1233 τὸ
983 1181 1206 1251 Πνεῦμα
1240 1184 1478 1254 Κυρίου;
1519 1185 1648 1239 Ἰδοὺ
1676 1187 1725 1238 οἱ

188 1270 318 1332 πόδες
355 1268 455 1321 τῶν
488 1269 774 1339 θαψάντων
805 1271 895 1323 τὸν
923 1272 1092 1342 ἄνδρα
1127 1292 1224 1326 σου
1275 1275 1412 1345 πρὸς
1449 1278 1517 1347 τῇ
1563 1275 1724 1348 θύρᾳ,

191 1361 269 1416 καὶ
294 1361 546 1426 ἐξοίσουσί
578 1381 660 1416 σε.
705 1365 909 1417 Ἔπεσε
937 1366 992 1418 δὲ
1045 1369 1392 1439 παραχρῆμα
1424 1371 1574 1439 παρὰ
1603 1373 1729 1434 τοὺς

191 1456 333 1518 πόδας
382 1449 472 1508 τοῦ
501 1457 802 1510 ἀποστόλου
835 1459 930 1512 καὶ
963 1459 1243 1528 ἐξέψυξεν.
1299 1462 1648 1524 Εἱσελθὸντες
1673 1463 1728 1517 δὲ

187 1547 514 1614 οῐνεανέσκοι,
557 1544 716 1620 εὗρον
749 1551 916 1621 αὐτὴν
945 1553 1168 1622 νεκρὰν,
1221 1557 1316 1606 καὶ
1343 1554 1729 1622 ἐξενέγκαντες

189 1643 364 1711 ἔθαψαν
396 1643 526 1711 πρὸς
566 1642 658 1696 τὸν
720 1643 890 1711 ἄνδρα
944 1645 1134 1713 αὐτῆς.
1173 1646 1283 1698 Καὶ
1317 1646 1533 1718 ἐγένετο
1566 1647 1728 1714 φόϐος

193 1735 338 1806 μέγας
390 1735 472 1804 ἐφ’
505 1735 635 1804 ὅλην
688 1737 787 1806 τὴν
826 1735 1173 1808 Ἐκκλησίαν,
1222 1738 1314 1791 καὶ
1367 1739 1459 1791 ἐπὶ
1521 1739 1730 1802 πάντας

191 1824 296 1884 τοὺς
321 1824 614 1890 ἀκούοντας
649 1828 842 1881 ταῦτα.

751 1920 1135 1975 EPMHNEIA.
1765 1891 1805 1945 Β

246 2010 300 2062 ΕΞ
345 2008 432 2062 καὶ
472 2011 500 2063 ὁ
556 2011 804 2074 Σατανᾶς
852 2010 1012 2064 τοῦτο
1069 2013 1346 2084 ἐποίησεν,
1390 2013 1528 2068 ἀλλὰ
1566 2013 1730 2077 αὐτὸς
1771 2071 1777 2079 ,

192 2103 334 2164 αἴτιος
363 2100 582 2170 γέγονεν
606 2104 633 2156 δ
659 2103 956 2172 δεξάμενος
987 2105 1155 2159 αὐτοῦ
1191 2105 1290 2177 τὴν
1322 2107 1606 2178 ὶνέργειαν
1636 2109 1730 2162 καὶ

193 2193 432 2265 πτερωθείς
447 2193 523 2248 ⁸⁸.
558 2194 720 2265 ’ῌδει
752 2195 810 2247 δὲ
857 2198 885 2248 ὀ
931 2197 1255 2262 ἀπόστολος,
1284 2198 1368 2252 ὅτι
1405 2198 1580 2260 ἄλλως
1613 2218 1732 2264 πως

193 2286 274 2338 οὐκ
291 2284 350 2338 ἂν
383 2285 650 2358 διορθωθῇ
669 2303 683 2316 ’
705 2287 785 2340 διδ
810 2288 904 2342 καὶ
923 2287 1057 2341 ὡσεὶ
1085 2290 1358 2358 σηπεδόνα
1391 2290 1498 2344 ἔδει
1529 2293 1734 2363 ἐκτμη-

196 2375 345 2442 θῆναι,
375 2375 456 2427 ἵνα
497 2379 574 2446 μὴ
630 2376 691 2428 τὸ
743 2376 932 2429 λοιπὸν
987 2376 1301 2446 λυμήνηται
1333 2378 1395 2431 τὸ
1428 2377 1590 2448 σῶμα
1633 2379 1733 2447 τῆς

204 2467 516 2537 Ἐκκλησίας,
561 2467 620 2520 '0
643 2468 754 2538 γὰρ
781 2466 1009 2521 τοιαῦτα
1029 2468 1193 2539 ὀρῶν,
1222 2469 1317 2521 καὶ
1343 2469 1418 2540 μὴ
1441 2469 1731 2538 κερδάνας,

195 2559 346 2628 πολλῷ
378 2560 572 2630 μᾶλλον
633 2563 734 2614 οὐκ
762 2561 826 2615 ἂν
860 2561 1063 2632 ἑτέρως
1105 2563 1418 2634 ἐκέρδανεν.
1472 2563 1586 2616 Οὐκ
1621 2563 1731 2617 ἔδει

194 2653 344 2704 τοίνυν
379 2653 560 2716 ἁπλῶς
610 2655 906 2725 παρελθεῖν
949 2655 1010 2708 τὸ
1054 2656 1209 2725 γένος
1226 2656 1295 2710 ’⁷.
1349 2655 1465 2708 Νῦν
1497 2656 1595 2726 μὲν
1623 2656 1732 2726 γὰρ

196 2736 322 2809 οὗτος
363 2745 666 2816 ὠφέληται,
710 2747 786 2817 μὴ
842 2747 1222 2819 προσελθὼν²⁸
1282 2747 1595 2818 περαιτέρω
1627 2765 1731 2802 κα-

196 2844 314 2907 κίας,
351 2842 440 2896 καὶ
467 2844 514 2895 οξ
539 2843 721 2896 λοιποὶ
761 2844 1170 2912 σπουδαιότεροι
1222 2843 1531 2910 γεγόνασιν.
1575 2841 1732 2895 Οὕτω

197 2935 271 2987 καὶ
315 2933 400 2987 ἐπὶ
442 2935 541 3004 τῆς
587 2935 824 2988 κιϐωτοῦ
879 2936 1133 3003 γέγονεν’
1179 2935 1339 2998 Ὀζᾶν
1389 2937 1728 3006 ἐτιμωρήθη,

196 3024 274 3078 καὶ
299 3027 501 3094 ἐγένετο
528 3029 645 3092 τοῖς
673 3027 850 3088 ἄλλοις
874 3027 1058 3096 φόϐος.
1088 3028 1204 3080 Uine
1231 3027 1435 3098 ἢρκεσε
1463 3027 1520 3080 δὲ
1539 3027 1730 3081 τούτου

201 3117 336 3186 μόνον
358 3121 389 3190 ἠ
419 3121 660 3192 τιμωρία
687 3139 702 3152 ο
737 3120 875 3176 ἀλλὰ
905 3122 1000 3174 καὶ
1029 3121 1330 3175 συνειδέναι
1355 3120 1455 3192 τὴν
1471 3123 1729 3190 γυναῖκα,

1828 642 1914 689 est
1947 643 2129 688 autem
2162 633 2317 701 quasi
2371 633 2626 685 horarum
2661 633 2825 686 trium
2866 633 3124 701 spatium,
3172 643 3225 686 et
3270 648 3406 686 uxor

1833 725 2030 793 ipsius,
2065 727 2318 780 nesciens
2351 726 2496 793 quod
2529 722 2726 778 factum
2754 725 2948 786 fuerat,
2992 723 3256 777 introivit.
3311 722 3405 775 Di-

1830 817 1910 870 xit
1965 828 2146 870 autem
2194 816 2242 870 ei
2287 816 2525 871 Petrus:
2584 815 2680 869 Dic
2734 816 2890 878 mihi,
2928 812 3142 875 mulier,
3185 813 3232 868 si
3270 811 3407 866 tanti

1830 922 2022 976 agrum
2052 906 2425 962 vendidistis?
2472 909 2538 961 At
2570 907 2658 960 illa
2690 904 2825 960 dixit
2858 922 2874 965 ;
2903 904 3078 960 Etiam
3113 905 3267 958 tanti.
3307 903 3407 957 νυ-

1831 1011 1948 1053 trus
1983 1010 2162 1052 autem
2196 999 2264 1052 ad
2299 1015 2416 1052 eam
2455 1017 2469 1052 :
2506 998 2647 1063 Quid
2701 997 2892 1067 utique
2941 997 3196 1050 convenit
3251 996 3408 1051 vobis

1829 1100 2042 1146 tentare
2086 1090 2349 1158 Spiritum
2396 1089 2650 1142 Domini?
2698 1089 2834 1143 Ecce
2876 1087 3044 1158 pedes
3075 1103 3268 1142 eorum
3312 1087 3407 1158 qui

1829 1181 2167 1250 sepelierunt
2195 1180 2374 1234 virum
2410 1188 2560 1232 tuum
2609 1178 2674 1231 ad
2722 1178 2950 1240 osﬁum,
2982 1188 3036 1231 et
3066 1177 3295 1232 eﬂ‘erent
3331 1186 3402 1230 te.

1828 1271 2133 1326 Confestim
2169 1269 2367 1325 cecidit
2411 1279 2538 1323 ante
2583 1270 2744 1340 pedes
2799 1270 2921 1337 ejus
2977 1276 3032 1322 et
3085 1267 3407 1338 exspiravit.

1832 1361 2106 1417 lutrantes
2155 1369 2336 1416 autem
2386 1361 2639 1431 juvenes,
2689 1359 3016 1414 invenerunt
3062 1359 3205 1412 illam
3260 1375 3406 1414 mor-

1832 1461 2006 1518 tuam,
2035 1463 2088 1506 et
2111 1451 2448 1518 extulerunt,
2478 1461 2533 1507 et
2565 1451 2906 1522 sepelierunt
2929 1449 2996 1503 ad
3021 1450 3195 1505 virum
3220 1467 3398 1505 suum.

1831 1546 1896 1600 Et
1928 1546 2109 1602 factus
2140 1557 2223 1604 est
2263 1548 2428 1602 timor
2475 1563 2706 1618 magnus
2745 1547 2804 1602 in
2844 1549 3104 1603 universa
3159 1544 3406 1601 Ecclesia

1831 1644 1887 1690 et
1924 1635 1977 1688 in
2011 1651 2205 1693 onmes
2243 1637 2336 1706 qui
2365 1637 2654 1692 audierunt
2677 1635 2816 1692 haec.
2864 1665 2868 1668 -

2336 1906 2912 1963 COMMENTARIUS.

1906 1997 2147 2056 Tametsi
2181 1998 2289 2055 hoc
2321 1997 2557 2055 Satanas
2587 1999 2798 2063 fecerit,
2834 1995 3194 2052 nihilominus
3234 2003 3289 2049 et
3322 1995 3412 2050 ille

1833 2105 1958 2147 rens
1984 2092 2104 2157 fuit,
2136 2092 2230 2163 qui
2271 2092 2418 2147 illius
2476 2091 2529 2146 in
2586 2106 2646 2147 se
2679 2091 3049 2160 operationem
3086 2088 3324 2154 admisit,
3357 2097 3412 2143 et

1832 2200 1892 2238 ea
1931 2184 2145 2254 impleri
2206 2201 2265 2241 se
2313 2187 2461 2241 sivit.
2510 2182 2680 2238 Norat
2735 2192 2918 2238 autent
2963 2181 3242 2252 apostolus
3283 2198 3408 2237 eum

1833 2277 1985 2330 nullo
2020 2276 2184 2332 modo
2230 2277 2620 2346 corrigendum
2676 2276 2792 2330 fore
2834 2293 2847 2329 :
2902 2284 3239 2345 quapropter
3293 2283 3409 2326 tau-

1833 2383 1996 2434 quam
2036 2377 2194 2437 putre
2229 2367 2532 2421 ntembrum
2564 2365 2816 2421 exscindi
2869 2365 3181 2435 oportebat,
3225 2379 3293 2418 ne
3327 2378 3410 2416 re-

1834 2458 2043 2528 liquum
2090 2459 2352 2514 Ecclesia:
2385 2474 2587 2529 corpus
2639 2467 3036 2527 corrumperet.
3101 2457 3204 2521 Qui
3264 2455 3410 2508 enim

1835 2553 1968 2606 talia
1995 2552 2187 2607 videns
2229 2553 2367 2606 nihil
2426 2551 2758 2621 profecerat,
2811 2551 3059 2620 proiecto
3095 2563 3271 2617 neque
3306 2548 3410 2600 alia

1835 2645 2049 2699 ratione
2084 2643 2430 2713 profecisset.
2466 2642 2583 2698 Non
2621 2644 2908 2714 oportebat
2933 2651 3114 2696 autem
3142 2640 3412 2709 ejusutodi

1835 2735 2040 2789 factum
2075 2735 2393 2790 omnimode
2424 2735 2728 2805 prwterire.
2784 2731 2898 2787 Hac
2923 2748 3054 2788 vero
3105 2733 3319 2786 ratione
3357 2739 3413 2785 et

1835 2826 1954 2897 ipse
1980 2827 2416 2881 emolumentum
2445 2825 2656 2892 habuit,
2677 2826 2821 2895 quod
2850 2840 2958 2878 non
2992 2823 3413 2893 progrederetur

1835 2923 1889 2977 in
1923 2921 2206 2992 nequitia;
2262 2928 2317 2975 et
2354 2919 2467 2984 alii,
2503 2920 2646 2990 quod
2683 2917 2881 2975 exinde
2933 2916 3099 2986 216
3137 2915 3413 2970 cautiores

1834 3014 2215 3069 redderentur.
2255 3011 2446 3067 Simile
2479 3011 2611 3081 quid
2646 3019 2700 3066 et
2731 3011 2882 3065 circa
2923 3023 3103 3062 arcam
3147 3007 3367 3075 «zoiitigit
3397 3022 3410 3057 :

1833 3121 1962 3161 cum
1993 3107 2137 3161 enim
2162 3104 2272 3160 02a
2302 3106 2526 3177 punitus
2547 3113 2653 3167 est,
2679 3103 2772 3158 alii
2806 3103 2922 3156 utili
2955 3103 3149 3156 timore
3176 3101 3410 3170 perculsi

198 3209 274 3260 καὶ
297 3208 363 3280 μὴ
393 3212 582 3276 εἰπεῖν,
614 3212 719 3281 τῆς
761 3212 954 3282 ὁμοίας
987 3211 1130 3276 ἀξιοῖ
1162 3211 1453 3282 τιμωρίας.
1480 3213 1731 3282 Σημειω-

1845 3206 1987 3253 sunt.
2026 3197 2132 3252 Sed
2155 3199 2291 3253 satis
2323 3211 2434 3251 non
2461 3195 2564 3250 luit
2602 3195 2765 3249 istius
2796 3193 2963 3248 solius
2990 3193 3202 3263 punitio
3233 3209 3248 3245 :
3281 3207 3419 3246 uxor

109 3357 113 3360 η
197 3299 314 3363 τέον,
339 3301 415 3354 ὅτι
445 3301 502 3354 τὸ
529 3302 834 3356 συνειδέναι
875 3303 936 3356 τὺ
967 3303 1251 3373 γινόμενον
1279 3302 1408 3370 παρ’
1443 3301 1599 3358 ἄλλου
1640 3319 1739 3356 κα-

201 3391 294 3456 κὸν,
327 3395 411 3446 καὶ
434 3397 670 3467 σιωπᾷν,
710 3395 952 3467 ἁμαρτία
984 3395 1152 3451 ἐστίν.

755 3662 1007 3719 non.
1049 3660 1143 3730 ς’.

551 3755 814 3825 Κυριακὴ
842 3753 937 3808 τοῦ
983 3755 1338 3825 Ἀντιπάσχα.

207 3839 313 3896 ὀτι
330 3844 460 3911 τοὺς
476 3846 866 3912 ἀποστόλους
889 3846 1294 3914 ἐμϐληθέντος
1315 3846 1384 3900 ἐν
1403 3843 1484 3911 τῷ
1511 3845 1744 3913 δεσμω·

261 3938 442 4002 τηρίφ,
486 3937 742 4008 ἄγγελος
786 3937 893 3991 τοῦ
953 3935 1102 3992 Θεοῦ
1167 3938 1405 4004 νύκτωρ
1444 3917 1741 3999 ’ἐξέωσεη

260 4028 563 4099 ἐπιτρέψας
600 4030 925 4096 ἀκωλύτως
971 4030 1306 4098 κηρύσσειν
1334 4029 1444 4082 τὸν
1475 4027 1742 4096 Ἰησοῦν.

755 4119 1144 4173 ΚΕΙΜΕΝΟΝ.

261 4208 349 4262 Διὰ
393 4211 445 4265 δὲ
489 4211 601 4267 τῶν
651 4211 850 4283 χειρῶν
877 4213 987 4264 τῶν
1034 4210 1374 4276 ἀποστόλων,
1405 4209 1620 4277 ἐγένετο
1651 4223 1746 4278 σησ

209 4299 318 4364 μεῖα
340 4302 430 4354 καὶ
447 4303 652 4372 τέρατα
674 4303 732 4355 ὲν
757 4300 836 4372 τῷ
871 4301 987 4372 λαῷ
1017 4300 1186 4357 πολλὰ
1209 4317 1224 4332 ⁶
1255 4301 1352 4355 καὶ
1378 4295 1519 4371 ἦσαν
1549 4298 1745 4368 ὁμοθυο

210 4387 351 4455 μαδὸν
389 4390 624 4455 ἅπαντες
657 4394 716 4445 έν
742 4396 810 4462 τῇ
860 4393 991 4462 στοᾷ
1019 4391 1112 4445 τοῦ
1146 4389 1490 4461 Σολομῶντος
1518 4405 1530 4419 ·
1561 4389 1669 4443 τῶν
1690 4388 1748 4442 δὲ

207 4478 384 4535 λοιπῶν
418 4485 595 4549 οὐδεὶς
645 4485 846 4555 ἐτόλμα
891 4484 1185 4539 κολλᾶσθαι
1219 4485 1438 4548 αὐτοῖς·
1474 4484 1585 4538 ἀλλ’
1619 4485 1747 4553 ἔμε·

1842 3293 1988 3346 enim
2013 3289 2158 3359 ejus,
2193 3288 2340 3360 quod
2370 3288 2599 3343 conseia
2639 3285 2769 3340 facti
2799 3296 2946 3340 esset
2996 3292 3052 3336 et
3097 3299 3202 3335 non
3244 3279 3418 3336 u-ani-

1843 3384 2122 3447 festassct,
2152 3395 2368 3452 pmnam
2397 3379 2642 3435 eamdem
2671 3376 2990 3448 promeruit.
3033 3372 3185 3428 Unde
3223 3380 3418 3426 notan-

1843 3475 1971 3530 dum
2002 3481 2086 3529 est
2113 3486 2342 3543 peccare
2389 3485 2538 3536 eum,
2574 3469 2668 3542 qui
2698 3467 2950 3524 criminis
2983 3465 3054 3520 ab
3085 3464 3192 3518 alio
3219 3463 3417 3533 patrati

1845 3565 2103 3622 conscius
2125 3563 2269 3620 silet.

2445 3655 2676 3711 CAPUT
2716 3651 2810 3709 Vl.

2057 3748 2343 3806 Dominica
2381 3747 2621 3804 secunda
2649 3754 2771 3815 post
2799 3743 3012 3798 Pascha
3043 3741 3089 3813 (l
3102 3741 3180 3810 lo).

1847 3845 2002 3913 Quod
2035 3842 2303 3914 apostolos
2333 3842 2385 3895 in
2418 3855 2677 3895 carcerem
2713 3837 2977 3908 conjecto:
3029 3833 3247 3904 angelus
3286 3832 3388 3885 edn
3409 3861 3422 3872 ‘-

1917 3939 2078 4001 xerit,
2110 3936 2390 4005 injungens
2426 3933 2555 3999 illis,
2593 3942 2645 3984 ut
2678 3928 2866 3985 Iesum
2907 3928 3051 3982 omni
3095 3941 3216 3981 cum
3263 3924 3422 3979 liber-

1916 4038 2024 4082 tate
2047 4027 2422 4117 prcedi’carcnt.

2474 4111 2775 4168 TEXTUS.

1923 4203 1988 4270 γ,
2019 4202 2204 4257 12ν20.
2233 4202 2333 4257 Per
2373 4216 2570 4254 manus
2603 4207 2786 4254 autem
2820 4196 3196 4268 apostolorum
3225 4194 3426 4247 ﬁebant

1848 4297 2003 4366 signa
2021 4305 2074 4349 et
2091 4292 2340 4363 prodigia
2364 4290 2530 4344 multa
2553 4293 2609 4342 in
2635 4287 2808 4358 plebe.
2831 4286 2900 4339 Et
2919 4294 3074 4340 erant
3090 4283 3426 4338 unanimiter

1849 4403 2040 4443 omnes
2059 4387 2113 4442 in
2130 4388 2342 4457 porticu
2363 4381 2688 4438 Salomonis.
2709 4380 3038 4435 Cieterorum
3061 4384 3242 4430 autem
3263 4386 3426 4428 nemo

1851 4479 2086 4533 audebat
2135 4493 2194 4532 se
2223 4477 2559 4546 conjungere
2589 4471 2699 4526 illis
2734 4486 2750 4536 ;
2791 4467 2885 4523 sed
2915 4466 3298 4536 magniﬁeabat
3328 4479 3425 4518 eos

207 4571 412 4636 γάλυνεν
468 4577 668 4639 αὐτοὺς
719 4551 956 4640 δ’λαός·
1017 4575 1218 4646 μᾶλλον
1278 4576 1336 4629 δὲ
1372 4551 1738 4646 προσετίθε-ντε

1853 4569 2104 4640 populus.
2155 4565 2325 4634 Magis
2381 4570 2561 4616 autem
2603 4558 2906 4628 augebatur
2952 4552 3290 4608 credentium
3342 4551 3412 4602 -in

207 4665 526 4730 πιστεύοντες
567 4668 650 4736 τῷ
688 4669 879 4738 Κυρίῳ
909 4668 1087 4739 πλήθη
1114 4668 1326 4739 ἀνδρῶν
1357 4685 1417 4720 τε
1447 4669 1541 4721 καὶ
1570 4685 1756 4734 γυναι-

207 4753 304 4804 κῶν
329 4769 342 4784 ⁸
372 4756 510 4811 ὥστε
560 4759 704 4812 κατὰ
735 4759 831 4820 τὰς
860 4759 1121 4821 πλατείας
1156 4758 1410 4828 ἐκφέρειν
1435 4757 1560 4819 τοὺς
1590 4755 1755 4807 ἀσθε-

207 4844 322 4906 νεῐς,
363 4850 452 4900 καὶ
501 4850 710 4902 τιθέναι
764 4848 858 4901 ἐπὶ
908 4849 1104 4902 κλινῶν
1136 4851 1227 4902 καὶ
1261 4848 1588 4919 κραϐϐἀτων
1616 4886 1631 4910 ,
1666 4847 1754 4899 ἵνα

208 4933 482 5005 ἐρχομένου
505 4939 600 4992 τοῦ
645 4921 851 5010 Πέτροῗο
884 4939 987 4993 κᾶν
1012 4941 1046 5009 ἡ
1068 4939 1196 4994 σκιὰ
1233 4934 1402 4994 αὐτοῦ
1453 4937 1754 5007 ὲπισκιάσῃ

207 5025 298 5076 τινὶ
325 5027 516 5082 αὐτῶν.
550 5031 891 5101 Συνήρχοντο
927 5031 984 5084 δὲ
1032 5031 1127 5082 καὶ
1157 5031 1227 5085 τὰ
1256 5030 1436 5101 πλήθη
1461 5029 1570 5083 τῶν
1597 5027 1752 5097 πέριξ

212 5117 395 5173 πόλεων
451 5124 532 5186 εἰς
579 5124 969 5196 Ἰερουσαλὴμ,
1025 5124 1284 5194 φέροντες
1351 5122 1599 5184 ἀσθενεῖς
1660 5121 1754 5174 καὶ

208 5202 541 5276 ὀχλουμένους
591 5212 696 5265 ὑπὸ
758 5212 1085 5282 πνευμάτων
1152 5211 1515 5281 ἀκαθάρτωνο
1555 5208 1752 5270 οἵτινες

209 5294 576 5366 ἐθεραπεύοντο
604 5302 863 5368 ἅπαντες.
910 5302 1170 5365 ’Δναστὰς
1197 5303 1254 5356 δὲ
1284 5304 1313 5353 ὁ
1341 5301 1628 5372 ἀρχιερεὺς
1657 5301 1754 5352 καὶ

213 5386 388 5453 πάντες
415 5393 464 5446 οἱ
501 5394 598 5449 σὺν
636 5393 783 5466 αὐτῷ
817 5395 874 5465 (ἡ
927 5389 1064 5448 οὖσα
1102 5395 1314 5464 αἵρεσις
1362 5392 1470 5446 τῶν
1521 5391 1749 5445 Σαδδουο

1851 4659 2084 4714 Domino
2116 4653 2410 4710 multitudo
2438 4653 2681 4707 virormn
2715 4663 2779 4704 ac
2813 4646 3124 4709 mulierum,
3159 4644 3232 4697 ita
3274 4650 3332 4696 ut
3369 4641 3424 4696 in

1850 4750 2058 4820 plateas
2088 4747 2348 4815 ejicerent
2373 4743 2619 4798 inﬁrmos
2651 4748 2705 4795 et
2739 4748 3003 4808 ponerent
3027 4739 3078 4792 in
3119 4735 3333 4789 lectulis
3361 4750 3426 4787 ac

1862 4838 2128 4908 grabatis,
2163 4846 2245 4902 ut,
2281 4835 2534 4890 veniente
2581 4832 2765 4898 Petro,
2803 4833 2994 4886 saltem
3057 4828 3247 4882 mubra
3282 4826 3427 4880 illius

1853 4928 2204 4983 obumbraret
2233 4940 2563 4996 quemquam
2594 4925 2834 4989 illorum,
2855 4921 2933 4994 [et
2964 4923 3329 4976 liberarentur
3358 4919 3428 4970 ab

1859 5019 2273 5074 inﬁrmitatibus
2303 5015 2465 5088 suis.]
2484 5015 2862 5071 Concurrcbat
2890 5024 3068 5067 autem
3097 5021 3152 5065 et
3184 5009 3430 5062 multitu»

1860 5110 1929 5164 do
1957 5110 2266 5164 vicinarum
2290 5108 2572 5164 civitatum
2602 5105 2927 5170 Jerusalem,
2949 5103 3234 5157 aﬂereutcs
3253 5111 3428 5169 ωσι-οδ

1859 5213 1912 5258 et
1935 5211 2158 5257 vexatos
2187 5217 2216 5254 a
2269 5201 2556 5272 spiritibus
2596 5196 2928 5258 immundis,
2966 5193 3056 5263 qui
3093 5192 3428 5246 curabantur

1861 5310 2074 5351 omnes.
2102 5296 2418 5364 Exsurgens
2476 5301 2654 5346 autem
2691 5291 2944 5360 princeps
2997 5285 3342 5342 sacerdotum
3374 5296 3430 5340 et

1855 5402 2048 5442 omnes
2095 5387 2190 5458 qui
2224 5402 2347 5440 eum
2392 5386 2484 5439 illo
2533 5392 2710 5446 erant,
2746 5395 2868 5450 quae
2902 5389 2986 5432 cst
3025 5379 3251 5435 haeresis
3289 5375 3432 5434 Sad-

1374 5567 1575 5629 Variaz
1620 5567 1932 5631 lectiones
1971 5578 2032 5630 et
2080 5573 2266 5629 notio.

276 5662 318 5694 “
339 5667 654 5740 πληρωθείς,
730 5675 776 5707 ³⁷
835 5673 1059 5743 γεγονός
1134 5673 1180 5704 ⁸⁸
1235 5671 1534 5742 προελθών.

279 5824 382 5896 (1-4)
405 5827 537 5901 Lege
573 5832 838 5888 Dmninira
864 5835 1086 5887 secunda
1118 5833 1358 5886 Pltschtl’.
1387 5829 1517 5884 Vide
1541 5829 1636 5884 Pr.-
1663 5829 1730 5881 fat

1851 5843 1986 5897 tpra,
2021 5843 2166 5880 nunt.
2208 5823 2308 5889 VII,
2335 5824 2434 5878 tjtli.
2459 5822 2584 5889 H3,
2621 5828 2729 5875 not.
