3848 6542
445 431 553 491 895

1356 436 1900 497 THEOi-‘HYLACT
1916 430 2062 495 HBU
2074 434 2375 495 LGARI/E
2407 436 2759 498 ARCHIEP.
3566 439 3657 505 896

444 540 759 595 ducenorum
796 541 982 611 repleti
1023 553 1149 597 sunt
1185 542 1327 599 zelo.
1376 544 1438 599 Et
1487 546 1791 616 injecerunt
1824 564 2017 602 manus

2133 547 2339 616 καίων),
2369 547 2721 618 ἐπλήσθησαν
2758 545 2921 617 ζήλου
2944 561 2955 575 ³
2998 546 3095 599 καὶ
3136 545 3403 599 ἐπέϐαλον
3453 550 3542 612 τὰς
3573 557 3665 622 χεῖ.

446 633 506 687 in
542 635 821 704 apostolos
869 644 924 690 et
963 648 1263 705 posuerunt
1283 652 1377 692 eos
1415 640 1465 693 in
1501 640 1747 695 custodia
1774 643 2013 710 publica.

446 721 689 793 Angelus
718 731 899 777 autem
933 724 1146 778 Domini
1178 741 1274 796 per
1302 737 1516 783 noctem
1551 729 1801 796 aperiens
1819 728 2018 797 januas

446 815 684 869 carceris
730 824 787 869 et
816 815 1058 871 educens
1087 832 1203 881 eos,
1258 818 1391 873 dixit
1422 836 1437 874 :
1466 818 1565 879 Ite.
1598 828 1651 873 ct
1690 827 1902 874 stantes
1935 818 2017 872 lo-

444 905 679 977 quimini
707 907 761 961 in
795 907 996 977 templo
1046 907 1192 977 plebi
1226 912 1405 964 omnia
1449 911 1612 966 verba
1661 912 1786 965 vitae
1829 909 2016 981 hujus.

958 1086 1533 1147 COMMENTARIUS.
1877 1165 1884 1171 _

520 1175 649 1234 Post
695 1177 954 1249 injectum
1014 1184 1293 1250 timorem,
1328 1184 1483 1253 plura
1538 1184 1654 1256 ipse
1709 1194 1763 1241 et
1820 1185 2017 1256 reliqui

447 1268 606 1340 signa
646 1271 939 1327 faciebant.
964 1273 1035 1328 Ex
1068 1275 1261 1331 timore
1283 1278 1428 1332 enim
1477 1277 1725 1335 Ecclesia
1773 1281 2021 1350 proﬁt-ie-

445 1360 539 1415 bat
568 1362 622 1416 in
654 1362 759 1417 ﬁde
797 1375 852 1418 et
881 1366 1014 1422 ﬁdes
1052 1368 1119 1422 ad
1157 1369 1418 1423 miracula
1443 1373 1862 1440 comparabatur.
1900 1369 2016 1426 Non

442 1453 591 1507 enim
627 1465 816 1524 postea
844 1456 1024 1523 facile,
1044 1467 1103 1512 ut
1163 1471 1346 1523 antea,
1370 1464 1710 1532 contemptui
1745 1464 2020 1517 hahel'an-

443 1550 537 1596 tur
571 1552 671 1599 :et
721 1547 889 1603 multa
932 1559 1049 1603 erat
1080 1550 1233 1617 ﬁdes,
1270 1561 1324 1606 et
1357 1554 1532 1623 major
1579 1571 1740 1624 quam
1777 1565 2021 1627 tempore

445 1634 676 1691 Christi.
726 1637 917 1694 Simile
962 1641 1107 1695 enim
1140 1644 1357 1699 vivente
1402 1644 1626 1703 Christo
1676 1645 1877 1701 factum
1912 1662 2019 1700 non

444 1733 551 1781 est.
580 1725 926 1786 Manentibus
976 1735 1117 1789 enim
1152 1736 1258 1791 illis
1286 1752 1384 1791 nec
1410 1737 1901 1804 circutueuntibus,
1928 1755 2027 1792 un-

444 1817 610 1886 dique
634 1820 1006 1879 aﬂerebantur
1045 1844 1063 1877 ι
1102 1826 1301 1880 inﬁrmi
1337 1827 1390 1881 in
1450 1829 1663 1901 lectulis
1709 1843 1772 1883 ac
1820 1831 2012 1898 graba-

2124 655 2223 708 ρας
2254 638 2347 689 ἐπὶ
2378 637 2505 699 τοὺς
2542 635 2896 701 ἀποστόλους,
2924 636 3021 688 καὶ
3071 633 3257 689 ἔθεντο
3284 634 3479 700 αὐτοὺς
3510 641 3561 691 ὲν
3585 658 3666 712 τη.

2127 730 2283 799 ρήσει
2318 728 2575 800 δημοσίᾳ.
2611 729 2880 796 Ἀγγελος
2910 727 2967 780 δὲ
3002 726 3211 799 Κυρίου
3251 726 3342 780 διὰ
3369 727 3465 798 τῆς
3494 733 3665 797 νυκτδς

2120 821 2299 891 ήνοιξε
2326 822 2424 885 τὰς
2454 821 2627 890 θύρας
2646 819 2743 890 τῆς
2766 818 3043 890 φυλακῆς*
3074 818 3361 890 ἐξαγαγών
3389 838 3448 875 τε
3473 822 3665 889 αὐτοὺς,

2121 909 2244 967 εἷπε
2264 929 2278 945 ο
2302 912 2631 986 Πορεύεσθε,
2659 916 2752 966 καὶ
2784 911 3074 973 σταθέντες
3128 910 3342 965 λαλεῖτε
3365 913 3422 965 ὲν
3454 914 3526 985 τῷ
3558 915 3666 988 ἱερῇ

2121 1004 2197 1075 τῷ
2223 1004 2337 1076 λαῷ
2372 1005 2547 1059 πάντα
2578 1003 2645 1057 τὰ
2669 1003 2890 1073 ῥήματα
2921 1001 3020 1070 τῆς
3055 998 3200 1074 ζωῆς
3226 1003 3450 1072 ταύτης.

2721 1094 3100 1150 ΕΡΜΗΝΕΙΔ.

2193 1188 2349 1243 Μετὰ
2382 1188 2442 1241 τὸ
2488 1186 2746 1257 γενέσθαι
2776 1187 2869 1241 τὸν
2907 1187 3072 1256 φόϐον
3127 1186 3332 1252 αὓτῶν,
3357 1186 3563 1242 πλείονα
3593 1206 3669 1262 ση-

2125 1286 2252 1354 μεῖα
2284 1280 2482 1343 ὲποίει,
2523 1279 2621 1331 καὶ
2664 1278 2825 1342 αὐτὸς
2854 1281 2948 1332 καὶ
2982 1280 3032 1333 οί
3064 1279 3265 1333 λοιποί.
3309 1276 3440 1332 ’Ᾱπδ
3469 1280 3569 1350 γὰρ
3590 1281 3667 1334 τοῦ

2123 1374 2291 1441 φόϐου
2320 1373 2400 1435 είς
2432 1371 2653 1423 πλείονα
2686 1369 2869 1423 πίστιν
2907 1369 3149 1423 ἐπεδίδου
3187 1370 3221 1441 ή
3262 1369 3553 1439 Ἐκκλησία
3573 1372 3669 1425 ’διὸ

2120 1468 2216 1519 καὶ
2270 1466 2302 1533 ή
2352 1463 2535 1527 πίστις
2574 1465 2833 1534 συνήργει
2861 1465 2975 1525 τοῖς
3004 1462 3303 1533 θαύμασιν.
3340 1463 3451 1516 Οὐκ
3474 1462 3550 1515 ἔτι
3580 1464 3668 1533 γὰρ

2119 1556 2216 1609 τοῦ
2245 1554 2435 1609 λοιποῦ
2475 1553 2944 1624 εὐκαταφρόνητοι
2982 1548 3123 1624 ἦσαν
3157 1553 3417 1623 καθάπερ
3443 1554 3532 1607 καὶ
3554 1555 3665 1622 πρό-

2121 1666 2282 1720 τερον
2303 1666 2318 1680 ·
2354 1647 2489 1702 ἀλλὰ
2519 1647 2691 1716 πολλὴ
2712 1650 2745 1718 ή
2783 1646 2969 1710 πίστις
3000 1649 3096 1699 καὶ
3139 1643 3369 1715 μείζων,
3399 1645 3431 1716 ἢ
3467 1646 3553 1697 ἐπὶ
3589 1646 3665 1699 τοῦ

2124 1739 2384 1808 Χριστοῦ.
2423 1736 2596 1792 Τοῦτο
2630 1738 2741 1809 γὰρ
2787 1739 2883 1790 ἐπὶ
2920 1735 3017 1790 τοῦ
3072 1736 3310 1808 Χριστοῦ
3372 1736 3430 1788 οὐ
3484 1736 3662 1804 γέγονε.

2124 1830 2413 1884 Μενόντων
2449 1830 2581 1900 γὰρ’
2617 1829 2819 1891 αὐτῶν,
2884 1827 2980 1881 καὶ
3027 1828 3089 1881 οὐ
3143 1825 3537 1899 περιῘι]όντων,
3589 1827 3666 1880 καὶ

444 1909 539 1974 tis,
588 1929 610 1964 ι
649 1920 708 1965 ut
745 1929 811 1968 ex
837 1916 1032 1970 umbra
1072 1917 1219 1972 Petri
1273 1931 1622 1974 sanarentur.
1671 1918 1783 1974 lioc
1835 1930 2015 1975 autem

2133 1920 2344 1974 ἱλλοθεν
2368 1921 2626 1990 ἐφέροντο
2654 1920 2854 1983 πάντες
2885 1920 2976 1971 ἐπὶ
3006 1918 3203 1973 κλινῶν
3230 1919 3324 1971 καὶ
3347 1917 3661 1985 κραϐϐἀτων,

442 2002 697 2074 contigit,
730 2007 991 2075 quoniam
1025 2009 1143 2080 ipse
1188 2010 1444 2067 Christus
1475 2012 1739 2067 Dominus
1762 2012 1899 2066 dixit
1931 2015 1974 2045 "
2002 2032 2017 2069 :

448 2111 470 2146 ι
510 2091 614 2161 Qui
647 2097 819 2152 credit
861 2101 914 2153 in
952 2116 1060 2167 me,
1091 2118 1257 2173 opera
1286 2120 1409 2175 quae
1445 2119 1545 2173 ego
1578 2103 1740 2171 facio,
1764 2114 1818 2158 et
1857 2106 2019 2176 217

441 2186 563 2255 ipse
627 2187 811 2255 faciet,
859 2200 914 2247 et
952 2193 1161 2263 majora
1204 2198 1397 2250 horum
1436 2196 1620 2251 faciet.
1682 2214 1701 2249 ι
1752 2195 1830 2251 En
1880 2212 2011 2252 vero

442 2276 725 2350 impletum
761 2281 865 2338 hoc
894 2284 1126 2345 dictum.

770 2461 1012 2517 Sahbato
1041 2463 1397 2521 hebdomadas
1426 2470 1699 2526 secundae.

443 2550 601 2616 Quod
633 2562 847 2625 postera
870 2555 954 2608 die
990 2558 1269 2626 pontiﬁces
1299 2577 1387 2614 eos
1431 2577 1617 2615 rursus
1678 2566 2020 2634 comprehen-

515 2659 622 2711 sos,
655 2662 722 2701 ne
750 2646 980 2715 amplius
1022 2649 1293 2717 docerent,
1346 2653 1646 2723 ﬂagellato:
1688 2655 2015 2713 dimiserint.

1075 2824 1379 2883 TEXTUS.

511 2909 580 2980 Ἴ,
596 2913 788 2971 ει-δε.
806 2914 908 2982 Qui
927 2933 1053 2972 eum
1076 2919 1378 2984 audissent,
1412 2923 1757 2978 intraverunt
1776 2925 2020 2981 diluculo

2122 2012 2213 2064 ἵνα
2241 2009 2347 2063 ὑπὸ
2388 2011 2488 2079 τῆς
2529 2010 2690 2073 σκιᾶς
2729 2011 2823 2062 τοῦ
2854 2009 3063 2079 Πέτρου
3093 2007 3495 2079 θεραπευθῶσι.
3527 2006 3665 2058 Τοῦτο

2119 2103 2176 2155 δὲ
2227 2103 2473 2171 γέγονεν,
2523 2100 2712 2171 ἐπειδὴ
2756 2102 2787 2155 6
2840 2100 3073 2171 Χριστὸς
3108 2100 3448 2168 ἀπεφήνατο,
3472 2097 3664 2151 ὅτιιοί

2121 2196 2522 2256 πιστεύσαντες
2576 2193 2657 2257 είς
2704 2192 2825 2263 ἐμὲ,
2862 2193 2932 2246 τὰ
2985 2192 3126 2262 ἔργα
3157 2189 3195 2246 ἃ
3223 2189 3337 2258 ἐγὼ
3363 2191 3515 2251 ποιῶ,
3540 2208 3556 2240 ι
3582 2190 3663 2242 κά-

2120 2291 2289 2341 κεῖνοι
2341 2289 2652 2356 ποιήσουσι,
2700 2285 2793 2338 καὶ
2847 2283 3073 2353 μείζονα
3121 2283 3331 2337 τούτων
3360 2282 3662 2352 ποιήσουσιν.

2122 2377 2265 2447 Ὅρα
2284 2377 2340 2430 δὲ
2356 2376 2679 2429 ἐκϐαίνων¹⁹
2706 2376 2766 2428 τὸ
2794 2375 2913 2444 είρη
2924 2375 3101 2443 μένον.
3358 2375 3363 2379 “

2334 2467 2426 2537 Τῷ
2455 2467 2720 2537 Σαϐϐάτῳ
2750 2465 2852 2534 τῆς
2875 2466 3137 2535 δευτέρας
3171 2461 3486 2534 ἑϐδομάδος.

2125 2558 2258 2611 Ὀτι
2287 2557 2363 2625 τῇ
2397 2556 2546 2625 ἑξῆς
2575 2556 2799 2622 αὐτοὺς
2825 2557 2883 2610 οι
2926 2554 3229 2625 ἀρχιερεῖς
3254 2553 3442 2606 πάλιν
3459 2555 3662 2606 συλλα-

2192 2652 2450 2717 ϐόμενοι,
2489 2648 2582 2718 ἐφ’
2621 2641 2670 2715 ᾧ
2692 2644 2914 2718 μηκέτι
2936 2644 3271 2713 διδάσκειν,
3295 2645 3664 2715 μαστίξαντες

2193 2740 2350 2795 dm“
2358 2756 2537 2795 υσαν.
3044 2768 3047 2769 ν

2728 2833 3119 2888 ΚΕΙΜΕΝΟΝ.
3568 2854 3573 2860 ·

2193 2928 2560 2991 Ἀκούσαντες
2589 2927 2669 2990 δὲ,
2712 2926 2963 2995 εἰσῆλθον
3016 2924 3122 2978 ὑπὸ
3160 2922 3253 2976 τὸν
3310 2922 3505 2993 ὄρθρον
3528 2923 3599 2985 είς
3622 2922 3670 2975 τὸ

439 3002 497 3059 in
527 3005 808 3075 templum,
860 3015 913 3063 et
948 3008 1240 3065 docebant.
1287 3012 1601 3070 Adveniens
1657 3024 1839 3070 autem
1875 3019 2017 3087 prin-

2133 3017 2271 3086 ἱερὸν
2299 3019 2396 3072 καὶ
2427 3018 2725 3072 ἐδίδασκον.
2764 3015 3213 3086 Παραγενόμενος
3245 3012 3302 3065 δὲ
3334 3014 3365 3066 6
3414 3011 3670 3082 ἀρχιερεὺς

440 3108 574 3163 ceps
623 3095 968 3151 sacerdotum
1000 3108 1053 3153 et
1082 3099 1175 3169 qui
1225 3115 1349 3156 cum
1399 3117 1467 3158 eo
1486 3116 1663 3170 erant,
1688 3120 2017 3163 convocave—

2133 3110 2219 3162 καὶ
2249 3110 2301 3162 oi
2333 3110 2431 3163 σὺν
2455 3109 2623 3178 αὐτῷ,
2659 3107 3030 3162 συνεκάλεσαν
3057 3105 3119 3158 τὺ
3138 3105 3450 3173 συνέδριον,
3482 3104 3571 3156 καὶ
3588 3103 3671 3155 πᾶ-

444 3196 572 3242 runt
597 3191 891 3248 concilium
919 3203 972 3249 et
998 3209 1190 3251 omnes
1220 3198 1467 3254 seniores
1491 3199 1725 3257 ﬁliorum
1749 3204 1937 3270 Israel,
1966 3215 2017 3260 et

2133 3219 2226 3255 σιν
2257 3203 2357 3272 τήν
2390 3202 2685 3271 γερουσίαν
2709 3201 2817 3254 τῶν
2846 3199 2981 3254 υίῶν
3016 3197 3269 3267 Ἰσραήλ·
3301 3196 3399 3249 καὶ

442 3281 713 3339 miserunt
741 3288 807 3339 ad
833 3302 1132 3355 carcerem,
1156 3300 1213 3346 ut
1244 3291 1665 3351 adducerentur.
1682 3296 1817 3352 Cum
1838 3306 2017 3353 autem

2133 3298 2218 3348 ίαν
2245 3298 2325 3357 εἰς
2353 3295 2413 3348 τὸ
2454 3296 2829 3365 δεσμωτήριον
2857 3291 3087 3361 ἀχθῆναι
3135 3289 3359 3351 αὑτοῠς.
3412 3288 3478 3341 οἱ
3504 3286 3557 3340 δὲ
3581 3285 3667 3338 ὑπ*

443 3371 728 3428 venissent
764 3377 1021 3445 ministri,
1057 3389 1111 3434 et
1147 3390 1339 3452 aperto
1373 3400 1599 3441 carcere
1646 3403 1751 3442 non
1780 3389 2017 3446 invenis-

2133 3386 2317 3457 ηρὲται
2361 3386 2817 3455 παραγενόμενοι,
2838 3385 2935 3453 οὐχ
2956 3376 3113 3453 εὖρον
3142 3382 3346 3445 αὐτ-οἱς
3365 3382 3421 3434 ὲν
3440 3381 3506 3449 τῇ
3532 3376 3673 3447 φυλα-

443 3473 568 3518 sent
597 3464 740 3530 illos,
775 3472 978 3526 reversi
1026 3474 1446 3543 nuntiaverunt,
1479 3477 1718 3534 dicentes
1752 3496 1767 3532 :
1818 3480 2017 3536 Carce-

2133 3483 2213 3549 κῇ.
2249 3477 2684 3548 Ἀνατρὲψαντες
2734 3474 2794 3529 δὲ
2837 3472 3178 3545 ἀπήγγειλαν
3202 3472 3487 3538 λέγοντες,
3510 3468 3584 3521 ὅτι
3611 3465 3671 3516 Τὸ

441 3570 557 3610 rem
590 3558 808 3628 quidem
839 3561 1147 3620 invenimus
1174 3566 1420 3623 clausum
1454 3585 1578 3623 cum
1610 3572 1759 3625 omni
1794 3571 2017 3643 diligen-

2133 3572 2224 3640 μὲν
2272 3570 2649 3640 δεσμωτήριον
2704 3565 2943 3637 εὕρομεν
2990 3562 3379 3632 κεκλεισμένον
3434 3560 3490 3613 ὲν
3544 3558 3671 3627 πάσῃ

443 3648 542 3713 tia,
573 3658 627 3705 et
653 3655 911 3709 custodes
936 3666 1146 3714 stantes
1172 3668 1299 3715 ante
1324 3661 1561 3730 januas;
1598 3666 1903 3733 aperientes
1923 3681 2017 3721 au-

2133 3661 2416 3735 ισφαλείᾳ,
2462 3660 2559 3716 καὶ
2610 3663 2737 3722 τοὺς
2781 3655 3030 3725 φύλακας
3061 3653 3304 3715 ἑστῶτας
3324 3652 3433 3723 πρὸ
3461 3650 3564 3704 τῶν
3594 3648 3671 3700 θα·

441 3746 551 3793 tem
609 3744 879 3799 neminem
934 3748 1083 3802 intus
1129 3752 1459 3808 invenimus.
1500 3754 1571 3811 Ut
1609 3765 1789 3810 autem
1833 3756 2017 3811 audie-

2133 3757 2267 3828 ρῶνο
2316 3754 2627 3821 ἀνοίξαντες
2668 3754 2747 3817 δὲ,
2802 3752 2912 3806 ἔσω
2966 3750 3154 3805 οὐδένα
3199 3745 3463 3817 εὕρομεν.
3519 3744 3600 3805 Ὠς
3625 3741 3672 3793 δὲ

442 3839 573 3886 runt
605 3834 705 3889 hos
730 3851 1017 3895 sermones
1066 3845 1420 3913 magistratus
1451 3847 1637 3915 templi
1661 3857 1714 3902 et
1746 3850 2017 3918 principes

2133 3850 2392 3920 ἤκουσαν,
2417 3848 2545 3910 τοὺς
2605 3845 2800 3914 λόγους
2843 3842 3089 3907 τούτους,
3146 3841 3176 3894 ὅ
3220 3856 3282 3892 τε
3321 3839 3499 3908 ἱερεὺς
3538 3834 3671 3888 καὶὸ

442 3924 792 3981 sacerdotum
849 3931 1200 4001 ambigebant
1238 3934 1311 3990 de
1370 3937 1482 3992 illis
1530 3940 1789 4008 quidnam
1844 3942 2017 3996 ﬁeret.

2133 3939 2433 4012 στρατηγὸς
2466 3939 2560 3992 τοῦ
2604 3935 2773 4009 ίεροῦ,
2824 3936 2927 3991 καὶ
2989 3935 3040 3987 oi
3096 3931 3374 4003 ἀρχιερεῖς
3407 3924 3673 3996 διηπόρουν

440 4015 754 4075 Adveniens
783 4032 965 4076 autem
1001 4025 1223 4094 quidam
1254 4030 1525 4084 nuntiavit
1567 4033 1684 4088 eis:
1724 4032 1860 4100 Quia
1893 4049 2017 4089 ecce

2133 4034 2252 4105 περὶ
2282 4032 2488 4097 αὐτῶν,
2522 4031 2577 4084 τί
2619 4031 2686 4085 ἂν
2736 4029 2950 4099 γένοιτο
2999 4024 3194 4080 ταῦτα.
3253 4021 3675 4093 Παραγενόμενος

441 4106 572 4172 viri,
608 4125 749 4177 quos
791 4113 1058 4183 posuistis
1094 4118 1147 4171 in
1204 4134 1505 4187 carcerem,
1549 4136 1676 4179 sunt
1731 4127 1783 4181 in
1818 4129 2017 4198 templo

2133 4123 2178 4178 δέ.
2208 4142 2292 4188 τις
2326 4122 2664 4194 ἀπήγγειλεν
2698 4122 2881 4184 αὐτοῖς
2908 4119 3101 4187 λέγων,
3126 4118 3209 4169 ὅτι
3236 4115 3374 4168 Ἰδοὺ
3413 4114 3462 4165 ci
3512 4109 3674 4177 ἄνδρες

439 4202 653 4253 stantes
684 4209 733 4253 et
765 4199 1028 4260 docentes
1067 4209 1351 4278 populum.
1386 4211 1542 4269 Tunc
1566 4214 1702 4270 abiit
1734 4219 2017 4289 magiStra-

2133 4215 2215 4279 οὓς
2247 4215 2433 4270 ἔθεσθε
2463 4217 2521 4269 ἐν
2537 4217 2601 4286 τῇ
2636 4213 2875 4285 φυλακῇ,
2916 4213 3055 4265 εἰσὶν
3084 4210 3143 4263 ὲν
3177 4209 3255 4276 τῷ
3289 4204 3421 4275 ίερῷ
3471 4203 3673 4262 ἑστῶτες

443 4295 534 4343 tus
560 4303 683 4344 cum
721 4290 988 4349 ministris
1023 4306 1078 4353 et
1127 4301 1351 4357 adduxit
1402 4303 1524 4362 illos
1566 4309 1684 4363 sine
1712 4310 1760 4364 vi
1802 4328 1817 4365 :
1865 4314 2017 4366 timc-

2133 4297 2227 4362 και
2242 4308 2585 4370 διδάσκοντες
2617 4307 2710 4359 τδν
2734 4305 2883 4360 λαόν.
2904 4304 3036 4357 Τότε
3057 4298 3310 4355 ἀπελθὼν
3341 4298 3372 4350 6
3398 4291 3674 4366 στρατηγὸς

440 4378 574 4435 baut
602 4383 746 4438 enim
778 4389 1037 4457 populum
1063 4406 1132 4446 ne
1186 4394 1580 4466 lapidarentur.
1609 4402 1819 4457 Etcum
1854 4405 2017 4458 addu-

2133 4401 2225 4453 σὺν
2254 4401 2373 4462 τοῖς
2417 4397 2739 4467 ὑπηρέταις,
2772 4395 2982 4466 ἤγαγεν
3027 4391 3247 4455 αὐτοὺς,
3277 4391 3339 4442 οὐ
3369 4387 3507 4457 μετὰ
3536 4383 3671 4454 βίας⁶

443 4471 668 4529 xissent
694 4475 844 4544 illos,
881 4489 1189 4539 statuemnt
1216 4486 1270 4540 in
1318 4490 1575 4557 concilio,
1616 4504 1668 4546 et
1709 4494 2017 4564 interroga-

2133 4489 2418 4560 ἐφοϐοῦντο
2474 4489 2585 4557 γὰρ
2614 4487 2707 4541 τὸν
2744 4486 2892 4550 λαὸν,
2919 4485 3003 4537 ἵνα
3046 4483 3120 4554 μὴ
3138 4479 3493 4534 λιθασθῶσιν.
3532 4478 3672 4542 Ἀγα-

437 4560 520 4617 vit
546 4578 642 4619 eos
672 4568 929 4639 princeps
963 4575 1340 4640 sacerdotum,
1373 4577 1565 4637 dicens
1597 4598 1611 4636 :
1638 4560 2017 4654 Prwcipiemlo

2133 4583 2309 4649 rév-re;
2336 4581 2395 4634 δὲ
2425 4580 2624 4643 αὐτοὺς
2670 4578 2905 4647 ἔστησαν
2929 4579 2989 4629 ὲν
3030 4575 3115 4645 τῷ
3147 4571 3431 4642 συνεδρίῳ,
3473 4571 3565 4623 καὶ
3590 4568 3671 4618 ἑπ-

436 4658 803 4729 prmcepimus
833 4664 1015 4731 vobis,
1045 4682 1112 4720 ne
1144 4667 1416 4728 doceretis
1438 4672 1491 4727 in
1523 4677 1745 4732 nomine
1778 4678 1884 4734 isto
1922 4697 1934 4732 :
1964 4689 2017 4734 et

2133 4692 2152 4747 τι
2162 4675 2403 4746 ρώτησεν
2426 4673 2623 4737 αὐτοὺς
2650 4674 2677 4724 6
2708 4669 3001 4742 ἀρχιερεὺς
3025 4667 3199 4735 λέγων
3215 4681 3232 4697 θ
3248 4664 3327 4717 Οὐ
3352 4655 3671 4733 παραγγελία

438 4761 571 4804 ecce
621 4754 839 4821 repletis
883 4753 1187 4815 Jerusalem
1218 4762 1472 4820 doetrina
1506 4778 1712 4837 vestra,
1767 4779 1821 4825 et
1852 4772 2017 4829 vultis

2133 4764 2574 4837 παρηγγείλαμεν
2610 4762 2764 4831 ὑμῖν,
2806 4760 2879 4831 μὴ
2915 4759 3190 4812 διδάσκειν
3224 4757 3318 4809 ἐπὶ
3343 4754 3422 4824 τῷ
3471 4752 3671 4821 ὀνόματι

441 4836 707 4895 inducere
793 4859 959 4914 super
1006 4863 1108 4905 nos
1166 4856 1485 4924 sanguinem
1554 4858 1791 4915 hominis
1834 4861 2014 4919 istius.

2133 4858 2321 4929 τούτῳς
2350 4858 2443 4910 καὶ
2476 4856 2609 4926 ίδοὺ,
2632 4852 3038 4924 πεπληρώκατε
3067 4851 3167 4916 τὴν
3206 4846 3560 4918 Ἰερουσαλὴμ
3588 4842 3671 4911 τῆς

439 4926 803 5001 Respondeas
837 4945 1019 4994 autem
1073 4942 1267 5000 Petrus
1309 4955 1362 5002 et
1419 4952 1651 5019 apostoli
1700 4953 1961 5011 dixerunt
1997 4974 2014 5009 :

2133 4926 2331 5020 ἱιδαχῆς
2363 4948 2539 5018 ὑμῶν,
2568 4949 2661 5000 καὶ
2702 4944 2957 5017 βούλεσθε
3006 4943 3314 5011 ἐπαγαγεῖν
3346 4941 3432 5005 ἐφ’
3464 4939 3600 5010 ἡμᾶς
3618 4932 3671 4986 τδ

437 5022 677 5082 Ohedire
700 5039 919 5098 oportet
940 5032 1052 5090 Deo
1079 5038 1256 5107 magis
1282 5057 1442 5111 quam
1494 5044 1834 5102 hominibus.
1872 5048 2017 5105 Deus

2133 5038 2256 5114 ιῖμα
2280 5040 2376 5095 τοῦ
2408 5040 2701 5113 ἀνθρώπου
2732 5039 2945 5093 τούτου.
2972 5035 3330 5107 Ἀποκριθεὶς
3356 5035 3412 5087 δὲ
3431 5034 3461 5086 6
3491 5032 3669 5101 Πέτρος

436 5122 653 5183 patrum
682 5132 995 5179 nostrorum
1042 5131 1331 5187 suscitavit
1360 5133 1571 5203 Jesnm,
1614 5154 1774 5209 quem
1804 5157 1901 5197 vos
1926 5142 2013 5196 in-

2133 5142 2210 5194 ιαὶ
2231 5140 2282 5192 oi
2313 5120 2814 5202 ἀπόστολοι,ἐτπον
2833 5152 2846 5165 ·
2876 5131 3203 5202 Πειθαρχεῖν
3227 5131 3312 5184 δεῖ
3324 5128 3444 5197 Θεῷ
3470 5125 3665 5194 μᾶλλον,

436 5211 753 5276 trremistis,
792 5218 1193 5285 suspendentes
1226 5224 1278 5278 in
1302 5225 1475 5296 ligno.
1523 5227 1677 5285 Hunc
1707 5230 2015 5303 Principem

2133 5233 2147 5302 ᾗ
2178 5230 2506 5301 ἀνθρώποις.
2558 5228 2618 5282 '0
2652 5228 2785 5290 Θεὸς
2813 5226 2923 5280 τῶν
2954 5224 3213 5294 πατέρων
3260 5219 3420 5291 ήμῶν
3471 5220 3666 5289 ήγειρεν

435 5309 490 5354 et
529 5300 869 5362 Salvatorem
904 5306 1048 5368 Deus
1082 5316 1342 5373 exaltavit
1372 5318 1598 5375 dextera
1629 5337 1750 5388 sua,
1784 5324 1849 5377 ad
1881 5300 2014 5378 dan.

2134 5300 2350 5393 ίησοῧν,
2403 5323 2462 5377 δν
2513 5323 2673 5393 ὑμεῖς
2718 5317 3115 5391 διεχειρίσασθε
3157 5314 3535 5386 κρεμάσαντες
3583 5305 3662 5358 ἐπὶ

434 5394 560 5447 dam
616 5400 992 5467 paenitentiam
1062 5406 1272 5472 lsraeli,
1336 5418 1391 5465 et
1472 5413 1848 5470 remissionem
1890 5432 2013 5485 pec-

2133 5415 2303 5481 Ξύλου.
2332 5413 2535 5469 Τοῦτον
2564 5414 2593 5466 6
2627 5413 2758 5477 Θεὸς
2810 5410 3053 5482 ἀρχηγὸν
3090 5407 3184 5462 καὶ
3219 5404 3446 5475 Σωτῆρα
3500 5399 3661 5469 injku

434 5493 710 5557 calorum,
742 5500 798 5546 et
832 5510 931 5551 nos
955 5514 1146 5557 sumus
1181 5508 1349 5560 testes
1379 5502 1574 5559 horum
1596 5506 1908 5572 verborum,
1959 5517 2014 5563 et

2133 5511 2185 5578 τῇ
2233 5507 2382 5580 δεξιᾷ
2411 5505 2600 5574 αὐτοῦ,
2645 5504 2831 5560 δοῦναι
2872 5501 3161 5575 μετάνοιαν
3212 5497 3291 5571 τῷ
3319 5493 3548 5570 Ἰσραήλ,
3579 5486 3659 5543 καὶ

505 5681 551 5713 ³⁸
596 5680 753 5740 Joan.
785 5702 894 5755 XIV,
925 5692 1012 5748 12.

1634 5788 1835 5852 Variae
1879 5788 2189 5852 lectiones
2236 5795 2296 5852 et
2340 5793 2509 5851 noue

510 5874 555 5907 ⁸³
585 5876 671 5932 ἵσ.
722 5877 993 5935 ἐκϐαῖνον.
