3848 6570
175 459 264 523 909
765 453 1302 514 EXPOSI'I‘IONIS
1342 457 1421 515 IN
1463 456 1970 518 ACTATEXTUS
2000 460 2270 524 ALTER.
2313 466 2540 526 -CAP.
2577 468 2708 530 VII.
3277 473 3378 535 910

173 575 310 632 εἴποι,
335 570 412 622 ὅτι
436 567 592 619 καλὸν
623 566 782 620 αὑτὸν
804 568 850 602 ⁸³
883 567 1098 638 μαθεῖν,
1137 569 1272 636 πρὸς
1313 569 1373 621 τὸ
1407 568 1688 639 ἀνατρέψα

1859 571 2171 628 rudltionem
2238 575 2633 632 addidicissent
2701 593 2960 648 unquam,
3036 581 3141 636 nisi
3193 584 3258 638 ad
3326 585 3378 640 id

174 663 253 724 τὰς
270 661 473 713 ἐκείνων
501 659 737 721 ἀπάτας.

1857 663 2158 729 eeessitate,
2189 682 2252 720 ac
2291 668 2635 723 dmninorum
2657 669 2819 740 225
2855 670 3085 741 imperio
3111 675 3376 742 compulsi

174 758 373 810 fuissent
402 771 416 811 ;
461 767 628 822 quare
655 769 932 823 nunquam
962 768 1025 808 ea
1057 754 1364 809 eruditione
1403 755 1486 808 usi
1524 761 1651 808 sunt
1679 772 1692 809 :
1732 753 1838 811 nisi
1869 757 1994 826 quis
2019 757 2186 825 dicat,
2211 759 2342 816 utile
2358 759 2494 816 Mosi
2520 760 2687 818 fuisse
2707 778 2825 818 eam
2896 778 3240 835 comparare,
3309 766 3378 821 ad

170 849 504 920 Aigyptiorum
536 859 752 900 errores
779 846 899 912 ejus
931 845 1185 914 prmsidio
1214 845 1556 902 evertendos.

723 963 1111 1018 ΚΕΙΜΕΝΟΝ.

2474 964 2777 1023 TEXTUS.

223 1075 318 1128 Καὶ
356 1073 470 1126 ίδὼν
495 1091 615 1127 τινα
653 1073 1030 1144 ἀδικούμενον,
1066 1075 1332 1146 ἠμύνατο,
1368 1076 1462 1130 καὶ
1509 1075 1699 1144 ἐποίη·

1871 1072 1987 1138 Vll,
2019 1074 2213 1130 26-29.
2249 1075 2316 1128 Et
2346 1090 2466 1129 cum
2502 1077 2732 1133 vidisset
2775 1083 3064 1150 quemdam
3114 1084 3368 1154 injuriam

171 1183 242 1217 σεν
291 1163 554 1233 ἐκδίκησιν
629 1163 707 1232 τῷ
771 1165 1261 1235 καταπονουμένῳ,
1313 1167 1560 1231 πατάξας
1607 1167 1690 1218 τὸν

1855 1163 2113 1229 ιιίεηιειη,
2146 1165 2440 1219 vindicavit
2471 1167 2620 1221 illum
2654 1187 2668 1221 :
2700 1170 3170 1228 etfeeitnltionem
3201 1177 3248 1229 ei
3282 1178 3374 1245 qui

169 1257 440 1323 Αἰγύπτιον.
473 1255 721 1325 Ἐνόμιςε
751 1256 808 1308 δὲ
850 1258 1092 1311 συνιέναι
1121 1259 1247 1321 τοὺς
1271 1257 1532 1326 ἀδελφοὺς
1594 1259 1688 1311 αὑ-

1859 1252 2056 1322 juriam
2083 1255 2416 1319 sustinebat,
2435 1271 2696 1324 percusso
2719 1258 2994 1330 Egyptio.
3019 1261 3378 1320 Existimabat

168 1348 259 1408 τοῦ,
286 1348 360 1400 ὅτι
385 1349 411 1400 6
440 1347 569 1410 Θεὸς
597 1347 684 1400 διὰ
722 1349 903 1418 χειρὸς
933 1349 1101 1404 αὐτοῦ
1131 1351 1346 1403 δίδωσιν
1380 1351 1564 1413 αὐτοῖς
1596 1367 1687 1403 σωι

1854 1355 1979 1397 Item
2005 1344 2306 1412 intelligere
2337 1345 2554 1410 fratres,
2587 1349 2842 1416 quoniam
2872 1349 3014 1404 Deus
3034 1368 3127 1420 per
3155 1369 3373 1408 manum

167 1438 325 1507 τηρίαν
349 1453 362 1467 ο
383 1439 428 1490 οἱ
450 1438 504 1489 δὲ
527 1439 588 1490 οὐ
632 1441 892 1509 συνῆκαν.
919 1442 998 1511 Τῇ
1029 1459 1089 1494 τε
1118 1441 1348 1512 ἐπιούσῃ
1401 1439 1556 1512 ὤφθη
1601 1443 1686 1494 αύ-

1857 1435 1972 1490 sius
2011 1435 2168 1489 daret
2195 1436 2426 1490 salutem
2469 1437 2576 1492 illis
2610 1455 2624 1490 :
2660 1448 2715 1491 at
2738 1439 2816 1492 illi
2839 1455 2947 1494 non
2969 1442 3372 1499 intellexerunt.

168 1531 256 1590 τοῖς
277 1529 613 1598 μαχομένοις,
638 1533 733 1583 καὶ
766 1531 1065 1601 συνήλασεν
1097 1512 1298 1596 αὐτοὺς
1358 1534 1438 1597 είς
1473 1535 1687 1604 εἰρήνην

1857 1524 2058 1593 :quenti
2077 1525 2302 1579 verodie
2319 1527 2568 1595 apparuit
2587 1527 2697 1582 illis
2715 1528 3053 1598 litigantibus
3074 1549 3088 1586 :
3109 1541 3164 1587 et
3184 1549 3376 1589 recon-

166 1618 333 1671 εἰπών·
373 1621 618 1691 Ἀνδρες,
653 1622 871 1692 ἀδελφοί
903 1626 1024 1677 ἐστε
1047 1625 1204 1693 ὑμεῖς
1231 1662 1244 1676 .
1279 1624 1366 1678 ἴνα
1391 1626 1443 1678 τί
1465 1626 1685 1680 ἀδικεῖτε

1857 1615 2019 1670 liabat
2046 1631 2142 1671 eos
2183 1617 2236 1670 in
2265 1631 2420 1687 pace,
2447 1618 2637 1674 dicens
2668 1632 2683 1672 :
2731 1619 2866 1686 Viri,
2903 1620 3098 1677 fratres
3125 1625 3286 1688 estis,
3319 1635 3376 1679 ut

168 1713 390 1784 ἀλλήλους
421 1728 436 1779 ;
471 1713 528 1765 '0
558 1714 613 1766 δὲ
637 1714 840 1768 ἀδικῶν
873 1716 964 1768 τὸν
997 1717 1245 1787 πλησίον,
1304 1719 1565 1771 ἀπώσατο
1598 1719 1687 1771 αύ-

1858 1706 1927 1759 ιὶᾶ
1959 1707 2167 1762 nocetis
2196 1708 2562 1762 alterutrum?
2588 1709 2689 1775 Qui
2724 1719 2905 1766 autem
2931 1711 3184 1780 injuriatn
3211 1715 3377 1770 facie-

167 1804 237 1856 τὸν
261 1803 412 1858 εἰπὼν
438 1822 453 1834 ο
487 1805 584 1866 Τίς
616 1823 676 1858 σε
705 1805 1042 1879 κατέστησεν
1060 1810 1298 1880 ἄρχοντα
1319 1811 1409 1862 καὶ
1437 1809 1686 1878 δικαστὴν

1858 1803 1889 1848 .t
1928 1796 2202 1863 proximo,
2245 1797 2446 1865 repulit
2471 1812 2617 1864 eum,
2647 1798 2879 1854 dicens:
2925 1800 3060 1866 Quis
3091 1810 3144 1856 te
3170 1806 3377 1860 consli—

166 1893 232 1960 ἐφ’
257 1894 422 1962 ὴμᾶς;
454 1893 529 1964 μὴ
558 1895 772 1948 ἀνελεῖν
805 1914 872 1962 με
901 1898 964 1950 σὺ
999 1897 1198 1962 Θέλεις,
1258 1897 1319 1951 ὃν
1371 1898 1570 1969 τρόπον
1599 1899 1685 1951 ἀν-

1861 1887 1898 1938 it
1940 1886 2240 1956 principem
2273 1897 2326 1941 et
2351 1887 2594 1957 jndicem
2628 1905 2791 1959 super
2825 1908 2925 1946 nos
2951 1893 2974 1945 ἲ
3003 1892 3260 1965 Nunquid
3292 1897 3375 1951 in-

167 1983 275 2044 εἷλες
295 1983 410 2050 χθὲς
433 1983 520 2036 τὸν
553 1985 886 2054 Αίγύπτιον;
924 1987 1129 2055 Ἔφυγε
1156 1988 1211 2040 δὲ
1241 1990 1479 2059 Μωῦσῆς
1509 1990 1565 2042 ἐν
1615 1988 1686 2060 τῷ

1850 1977 2044 2032 rﬁeere
2067 1993 2156 2031 me
2192 1986 2249 2032 tu
2277 1979 2380 2043 vis,
2409 1980 2868 2048 quemadmodum
2900 1985 3224 2042 interfecisti
3256 1987 3369 2042 heri

165 2073 278 2143 λόγῳ
329 2075 515 2146 τούτῳ,
545 2077 645 2129 καὶ
693 2078 911 2145 ἐγένετο
943 2079 1207 2151 πάροικος
1235 2082 1292 2134 ἐν
1325 2083 1395 2152 γῇ
1444 2081 1684 2151 Μαδιὰμ,

1846 2071 2160 2142 fgyptium?
2207 2070 2365 2142 Fugit
2416 2081 2596 2128 autem
2650 2074 2866 2147 Moyses
2907 2076 2962 2130 in
3000 2078 3168 2132 verbo
3218 2079 3365 2134 isto:

164 2161 212 2218 οὗ
232 2167 493 2238 ἐγέννησεν
523 2168 678 2232 υἱοὺς
714 2169 827 2226 δύο.

1868 2161 2044 2218 factus
2065 2173 2150 2218 est
2175 2163 2382 2219 advena
2412 2165 2465 2218 in
2503 2174 2648 2222 terra
2671 2166 2886 2223 Madian
2911 2207 2926 2236 ,
2971 2169 3062 2224 ubi
3087 2171 3369 2242 generavit

1797 2253 1940 2310 ﬁlios
1970 2255 2128 2312 duos.

686 2363 1068 2420 EPMHNEIA.
2322 2367 2870 2426 COMMENTARIUS
2897 2411 2910 2426 .

215 2469 390 2524 ’Λνεῖλε
433 2474 676 2544 Μωῦσῆς
701 2478 792 2528 τὸν
821 2477 1140 2545 Αίγύπτιον,
1198 2477 1258 2530 οὒ
1312 2476 1466 2548 θυμῷ
1523 2477 1690 2544 εἴξας,

1866 2478 2144 2534 lutei-feeit
2169 2481 2343 2536 Moses
2365 2481 2702 2553 Egyptian),
2725 2498 2836 2537 non
2855 2483 3040 2539 furore
3066 2491 3243 2549 actus,
3275 2485 3367 2539 sed

167 2562 265 2614 οὐδὲ
288 2564 408 2636 ὀργῇ
436 2567 702 2636 κινηθεὶς,
735 2568 883 2639 ζήλῳ
911 2570 990 2624 δέ.
1024 2572 1139 2624 Πᾶν
1172 2571 1251 2633 δὲ,
1279 2569 1308 2622 ὃ
1351 2569 1418 2624 ἂν
1465 2570 1686 2640 γένηται

1848 2572 1932 2624 :lu.
1963 2572 2240 2642 Quidquid
2282 2587 2412 2627 vero
2447 2581 2667 2643 propter
2699 2573 2870 2629 Deum
2914 2575 2994 2639 lit,
3034 2577 3208 2645 pietas
3236 2587 3320 2631 est
3350 2592 3367 2641 ;

163 2653 226 2713 είς
247 2651 382 2720 λόγον
413 2656 566 2720 Θεοῦ,
650 2658 906 2713 εὐσέϐειά
954 2661 1071 2714 ἐστι
1100 2676 1116 2692 ⁸
1146 2661 1249 2714 κᾶν
1279 2661 1440 2730 φόϐος
1469 2658 1575 2734 “ﬁ
1605 2663 1682 2715 διὰ

1869 2665 2044 2718 e'edes
2073 2674 2295 2735 propter
2330 2667 2499 2720 Deum
2526 2665 2693 2733 facta,
2717 2667 2894 2722 caedes
2919 2682 3026 2722 non
3057 2676 3160 2722 est.
3188 2667 3369 2734 Quare

165 2741 286 2805 Θεὸν,
311 2745 406 2798 nix
437 2746 553 2801 ἐοτι
585 2749 753 2818 φόϐος
786 2749 850 2803 ⁸⁸.
896 2750 956 2804 '0
985 2752 1115 2819 γοῦν
1161 2753 1360 2818 Φινεὲς,
1395 2753 1487 2805 δύο
1511 2755 1568 2807 ἐν
1591 2756 1684 2824 μιᾷ

1843 2754 2132 2820 :Phinees,
2157 2758 2250 2827 qui
2273 2756 2414 2812 duos
2432 2772 2541 2812 uno
2573 2759 2686 2812 ictu
2707 2758 2968 2824 confodit,
2994 2760 3194 2814 dictum
3228 2770 3312 2815 est
3347 2776 3362 2813 :

165 2835 279 2902 χειρὶ
305 2837 576 2905 φονεύσας,
631 2841 906 2910 ἤκουσεν
963 2861 982 2893 ι
1041 2843 1272 2915 Ἀνέστη
1344 2845 1548 2910 Φινεὲς,
1598 2847 1684 2898 καὶ

1846 2849 2076 2903 Surrexit
2090 2848 2319 2905 Phinecs
2333 2858 2384 2904 et
2409 2850 2636 2919 placavit
2654 2859 2706 2904 et
2727 2853 2962 2906 cessavit
2978 2851 3290 2922 quassatio;
3312 2861 3365 2904 et

165 2925 420 2991 ἑξελάσατο,
454 2934 545 2985 καὶ
580 2921 857 2989 ἐκόπασεν
893 2937 925 3006 ἡ
960 2937 1210 3006 θραῦσις,
1275 2938 1371 2990 καὶ
1434 2938 1684 3008 ἐλογίσθη

1853 2949 2094 3009 putatum
2109 2951 2190 2997 est
2207 2941 2254 2996 ei
2277 2943 2329 2995 in
2346 2943 2612 3013 justitiam
2628 2943 2691 2996 ³⁷.
2704 2963 2723 2995 ι
2735 2941 2959 2998 Diversa
2975 2921 3118 2997 enim
3137 2942 3367 2997 intentio

164 3014 279 3084 αὐτῷ
303 3020 373 3080 εἰς
394 3019 764 3092 δικαιοσύνην.
812 3043 832 3076 ι
859 3025 1134 3094 Διάφορος
1161 3026 1270 3096 γὰρ
1299 3027 1332 3096 ἡ
1366 3026 1683 3106 προαίρεσις

1844 3041 1872 3086 .t
1903 3032 2209 3098 homicidae,
2250 3047 2316 3088 ac
2374 3033 2495 3104 ejus
2539 3035 2629 3106 qui
2661 3034 2880 3105 pietatis
2912 3043 3095 3088 actum
3126 3042 3363 3098 exercet,

167 3110 331 3176 φονέως
361 3115 449 3166 καὶ
476 3115 852 3182 εύσεϐοὖντος,
886 3118 992 3170 κᾶν
1044 3117 1104 3169 τὸ
1132 3118 1415 3186 γινόμενον
1452 3105 1686 3184 πρᾶγμα

1847 3127 2140 3180 tantumvis
2183 3140 2322 3196 Opus
2355 3105 2634 3196 peractum
2667 3125 2814 3180 idem
2849 3126 2941 3180 sit.
2988 3123 3145 3190 Quod
3198 3124 3366 3194 igitur

164 3198 224 3250 ἓν.
245 3203 305 3254 Τὸ
330 3205 495 3258 τοίνυν
529 3207 842 3279 [γινόμενον
868 3209 956 3261 διὰ
1005 3210 1304 3274 Μωῦσέως,
1359 3212 1582 3280 σημεῖον
1617 3203 1683 3278 ἦν

1843 3221 1918 3272 cit
1946 3219 2032 3273 hic
2073 3218 2274 3281 Moses,
2305 3217 2522 3289 signum
2555 3227 2691 3285 erat,
2721 3218 2834 3288 (l6)
2854 3217 3000 3288 quod
3029 3217 3171 3272 Deus
3196 3217 3362 3288 Egy-

165 3290 228 3378 6zt
253 3293 410 3361 μέλλει
441 3300 468 3350 6
489 3299 647 3371 Θεὸς]
681 3301 1016 3368 Αἰγυπτίους
1045 3299 1417 3367 ἀποκτείνειν,
1442 3301 1571 3362 τοὺς
1619 3301 1678 3353 δὲ

1849 3309 1931 3364 ios
1983 3319 2126 3363 esset
2182 3305 2592 3371 interfecturus,
2655 3321 2720 3361 ac
2771 3307 3084 3361 salvaturus
3135 3319 3230 3360 eos
3268 3303 3363 3375 qui

165 3377 436 3450 λεγομένους
466 3387 809 3460 Ἰσραηλίτας
868 3390 1084 3456 σώζειν.
1133 3391 1243 3444 Καὶ
1288 3386 1390 3445 ὧδε
1453 3391 1550 3462 μὲν
1591 3388 1684 3444 οὖν

1844 3400 2044 3455 raelitaa
2080 3401 2446 3470 appellantur.
2499 3399 2565 3453 Et
2601 3398 2820 3469 quidem
2852 3398 3055 3453 factum
3091 3396 3256 3452 Mosis
3289 3399 3363 3451 ita

165 3470 215 3521 τὰ
232 3473 495 3544 Μωῦσέως,
522 3481 771 3552 θεωρίας
825 3483 880 3535 δὲ
954 3484 1053 3554 τῆς
1108 3483 1368 3537 ἀνωτάτω
1429 3482 1684 3553 συνθήσει

1844 3513 1848 3543 ι
1881 3491 2064 3545 habet.
2091 3493 2158 3544 At
2196 3507 2325 3546 vero
2351 3505 2532 3547 sermo
2571 3491 2677 3544 iste
2704 3490 2863 3544 aliam
2895 3491 3054 3545 nobis
3080 3489 3363 3544 sublimis-

167 3564 292 3616 πάλιν
312 3570 428 3638 ἡμῖν
453 3575 480 3624 6
507 3573 665 3642 λόγος
697 3574 795 3644 τὴν
817 3575 1132 3652 οἰκονομίαν
1161 3575 1258 3646 τὴν
1297 3577 1392 3629 ἐπὶ
1437 3574 1678 3646 Χριστῷ.

1839 3598 1978 3636 mam
2031 3581 2252 3636 exhibet
2310 3582 2724 3652 intelligentiam
2772 3582 2827 3635 in
2881 3581 3211 3644 oeconomia,
3255 3596 3353 3635 seu

166 3653 314 3723 Εὗρὼν
346 3662 447 3732 γὰρ
471 3668 498 3718 6
527 3666 720 3736 Σωτὴρ
744 3650 938 3738 δεινὴεῖ
957 3667 1326 3738 ὑπομένοντας
1373 3668 1472 3736 τὴν
1523 3668 1683 3720 πλεο-

1844 3672 2186 3743 spensatione
2225 3671 2452 3727 Christi.
2495 3650 2739 3736 Scilicet,
2775 3686 2898 3726 eum
2952 3673 3247 3741 reperisset
3272 3671 3363 3724 ille

166 3746 422 3822 νεξίαντῆς
469 3756 514 3788 ⁸⁸
581 3759 805 3828 Ἰσραήλ
861 3759 1130 3830 (ἐπεπήδα
1194 3760 1303 3830 γάρ
1359 3761 1438 3823 εἰς
1491 3760 1685 3822 αὐτοὺς

1841 3759 2066 3817 ra'elitas
2092 3761 2244 3832 gravi
2277 3775 2574 3832 oppressos
2602 3761 2829 3815 avaritia
2858 3760 3182 3830 (intraverat
3213 3761 3359 3814 enim

163 3835 310 3911 ὥςπερ
337 3849 625 3917 συντρίϐων
653 3853 680 3903 ὁ
707 3849 999 3920 Σατανᾶς),
1057 3851 1308 3921 ἐλεήσας,
1361 3850 1682 3922 ἐλευθεροῦν

1840 3851 2052 3905 olcnter
2099 3852 2151 3904 in
2198 3851 2321 3905 illos
2366 3848 2618 3917 Satanas)
2659 3849 3012 3905 miseratione
3063 3859 3358 3919 permotus.

166 3927 411 3988 ἑσκόπτετο
433 3937 496 3993 ⁸⁷.
525 3940 872 4006 Ἀπεκτονὼς
904 3944 962 3996 δὲ
994 3944 1200 4014 τρόπον
1231 3943 1375 4010 τινὰ,
1425 3945 1517 3996 τὸν
1572 3943 1685 3996 ἀδι-

1842 3959 2018 4000 κητιιό
2042 3960 2136 3999 eos
2165 3943 2425 3999 decrevit.
2458 3941 2671 3998 Occidit
2704 3943 2870 4013 igitur
2910 3957 3056 4008 eum,
3092 3943 3186 4012 qui
3217 3942 3361 4012 ipsos

166 4022 252 4072 κεῖν
275 4025 546 4100 ᾑρημένον,
570 4035 919 4105 κατέκρυψεν
976 4037 1058 4099 είς
1111 4037 1238 4106 γῆν,
1296 4036 1574 4089 τουτέστιν
1628 4037 1685 4088 ἐν

1842 4036 1982 4091 :dere
2010 4051 2306 4106 aggressus
2335 4035 2513 4089 fuerat
2544 4051 2559 4100 ;
2613 4035 2966 4104 occisumque
2992 4032 3277 4089 abscondit
3307 4034 3361 4086 in

163 4111 246 4172 τοῖς
270 4112 581 4188 ὑποχθονίοις
620 4126 960 4180 κατακλείων
990 4126 1035 4159 ⁸⁸
1069 4128 1151 4190 είς
1207 4127 1340 4198 ᾅδην
1389 4126 1480 4179 τὸν
1510 4128 1682 4180 Σατα-

1847 4142 1987 4190 rra;
2041 4127 2146 4180 hoc
2191 4135 2296 4192 est,
2334 4125 2389 4180 in
2439 4125 2836 4190 subterraneis,
2899 4139 2993 4179 seu
3043 4124 3096 4178 in
3147 4123 3361 4178 inferno

163 4202 237 4289 γᾶν
261 4206 285 4256 6
306 4208 500 4283 Σωτὴρ,
524 4217 874 4289 δικαιοσύνης
891 4218 1142 4286 ἐφαίνετο
1173 4218 1479 4289 βραϐευτὴς
1507 4219 1551 4252 ⁸⁹
1571 4220 1682 4280 τοῖς

1843 4217 2060 4272 melusit
2091 4215 2350 4270 Satanam
2387 4217 2636 4272 Salvator
2664 4225 2890 4281 noster;
2931 4214 3167 4286 indeque
3192 4215 3362 4284 justi-

162 4287 207 4379 ξε
246 4292 454 4372 Ἰσραήλ.
512 4309 574 4360 Οἱ
633 4309 691 4362 δὲ
749 4287 839 4376 ego;
896 4305 976 4372 οἷς
1035 4287 1260 4379 ἔμελλον
1319 4287 1681 4378 εὐχαριστεῖν,

1841 4326 1874 4363 e
1898 4311 2184 4363 ductorem
2217 4309 2479 4363 lsraelitis
2508 4324 2568 4363 se
2601 4308 2869 4362 exhibuit.
2911 4307 2993 4360 llli
3027 4315 3208 4360 autem
3237 4321 3360 4360 cum

165 4375 388 4442 ίὲασκον·
420 4411 438 4443 ι
472 4397 584 4449 Οὐκ
623 4375 878 4450 ἐκϐάλλει
909 4397 978 4450 τὰ
1022 4375 1278 4468 δαιμόνια
1308 4375 1484 4462 οὗτος,
1517 4397 1564 4448 εἰ
1607 4395 1684 4466 μὴ

1842 4399 1993 4452 ἰιῑὶαε
2022 4412 2182 4467 agere
2217 4397 2559 4460 debuissent,
2589 4412 2618 4450 e
2649 4405 2839 4450 contra
2869 4395 3124 4448 dicebant
3150 4411 3164 4447 :
3209 4411 3227 4442 ι
3262 4389 3361 4448 Hic

165 4468 210 4519 έν
225 4474 290 4542 τῷ
313 4478 628 4548 Βεελζεϐοὺλ
657 4490 878 4560 ἄρχοντι
912 4488 1023 4543 τῶν
1057 4489 1372 4559 δαιμονίων.
1411 4507 1430 4540 ι
1483 4488 1584 4540 Διά
1605 4504 1684 4540 τοι

1842 4503 1894 4542 in
1923 4487 2072 4554 ejicit
2097 4487 2394 4560 Dmmonia,
2426 4487 2528 4540 nisi
2555 4486 2608 4539 in
2635 4483 2941 4540 Beelzebub
2967 4483 3213 4554 principe
3246 4480 3361 4534 Da:-

146 4625 149 4629 ι
164 4563 289 4652 τοῦτο
313 4581 771 4652 μεταπεφοίτηκεν
799 4583 864 4634 ἐκ
885 4581 984 4651 τῆς
1009 4579 1269 4644 ἰουδαίας
1304 4583 1385 4643 είς
1409 4580 1508 4650 τὴν
1529 4579 1665 4632 Γαλι

1845 4579 2099 4632 oniorum
2131 4578 2197 4630 ⁸⁸.
2237 4595 2258 4630 ι
2292 4576 2656 4642 Quamobrem
2684 4592 2748 4630 ex
2771 4572 2958 4628 Judma
2989 4573 3044 4626 in
3084 4571 3359 4626 Galilaeam

164 4648 308 4745 λῗίαν,
333 4648 570 4745 καθάπερ
585 4648 793 4744 Μωσῆς
827 4648 1030 4744 μετέϐη
1066 4675 1146 4738 είς
1182 4674 1286 4743 γῆν
1312 4648 1560 4744 Μαδιάμ,
1591 4672 1665 4725 κα¹

1834 4668 2150 4722 ὀυεηιθθνὶι
2203 4665 2709 4738 (quemadmodum
2761 4664 2945 4718 Moses
3014 4660 3252 4732 perrexit
3297 4661 3353 4712 in

138 4741 236 4816 Ἀκὴν
255 4751 307 4819 ἑξ
344 4757 502 4817 ἐθνῶν
529 4741 715 4820 ἐκάλει
743 4741 1084 4836 συναγωγήν.
1196 4741 1203 4743 ἡ
1242 4741 1250 4743 ὴ
1502 4741 1512 4744 ν

1844 4775 1988 4814 rram
2017 4759 2282 4828 Madian),
2333 4773 2426 4813 seu
2455 4772 2521 4812 ex
2543 4754 2848 4811 Gentilibus
2874 4752 3172 4810 Ecclesiam
3203 4765 3359 4810 suam

1695 4865 1750 4926 ι)
1788 4850 2163 4922 congregavit.

735 4943 1118 4997 KEIMENON.
2313 4939 2476 5010 226
2527 4934 2826 4991 TEXTUS.

211 5036 304 5096 Kal.
321 5049 702 5124 πληρωθέντων
734 5058 871 5112 ἐτῶν
888 5059 1316 5129 τεσσαράκοντα,
1347 5057 1501 5128 ὤφθη
1523 5057 1673 5127 αύτῷ

1847 5055 1964 5121 Vll,
1994 5053 2190 5110 50-32.
2214 5051 2278 5106 Et
2316 5051 2547 5121 expletis
2590 5051 2751 5105 annis
2772 5049 3156 5118 quadraginta,
3189 5059 3355 5114 appa-

159 5123 485 5220 ὲ’ξ’τθὲρὴμῳ
508 5149 601 5203 τοῦ
655 5150 814 5220 ὅρους
855 5151 984 5204 Σινᾶ
1046 5123 1308 5217 ἀγγελοςν
1353 5123 1559 5220 κυρίου
1615 5123 1674 5204 ἐν

1836 5147 1890 5202 ιὶι
1907 5146 1984 5200 illi
2003 5146 2057 5199 in
2071 5142 2503 5199 desertomontis
2520 5140 2652 5196 Sina
2671 5141 2894 5209 angelus
2915 5139 2966 5192 in
2986 5139 3109 5208 igne
3127 5137 3355 5203 ﬂamma:

161 5216 288 5312 φλογὶ
315 5237 471 5303 πυρὸς
501 5216 702 5310 βάτου.⁷
727 5243 786 5296 ’0
815 5243 871 5296 δὲ
897 5244 1138 5312 Μωῦσῆς
1189 5241 1334 5307 ἰδὼν,
1397 5216 1676 5312 ἐθαύμασε

1834 5239 1934 5293 ibi.
1969 5237 2187 5307 Moyses
2204 5243 2386 5290 autem
2406 5233 2618 5296 videns,
2649 5231 2951 5286 admiratus
2969 5237 3052 5282 cst
3069 5227 3268 5293 visum,
3299 5235 3353 5279 et

159 5307 207 5358 τὸ
229 5312 404 5389 ὅραμα,
459 5307 905 5406 Πνροσερχομένου
977 5334 1034 5388 δὲ
1094 5307 1264 5387 αὐτοῦ
1321 5307 1673 5403 ωτανοῆσαι,

1835 5329 2078 5386 :eedcnte
2117 5329 2231 5394 illo,
2272 5325 2748 5388 utconsideraret,
2776 5322 2917 5375 facta
2934 5319 3093 5374 estad
3108 5331 3354 5374 eumvox

217 5487 250 5519 ⁸⁷
284 5491 409 5556 Psal.
449 5520 532 5576 cv,
587 5511 678 5567 50.
787 5510 833 5544 ³⁸
859 5509 1048 5565 Matth.
1077 5525 1174 5574 xu,
1199 5508 1291 5564 24.

1294 5597 1497 5660 Varia;
1540 5595 1855 5658 lectiones
1887 5600 1950 5655 et
1992 5602 2187 5661 notae.

217 5681 447 5766 ηαὺτήν.
514 5703 559 5735 ⁸⁸
588 5704 766 5774 φόνος.
840 5705 888 5737 ⁸⁵
927 5704 1107 5774 φόνος.
1182 5700 1230 5732 ⁸⁸
1261 5697 1532 5760 ἵσντούς.
1603 5694 1984 5749 δ’ἐσκέπτετο.
2062 5694 2108 5724 ⁸⁸
2138 5691 2500 5746 κατέκλεισεν.
2575 5691 2620 5722 δ’
2655 5686 2911 5758 βραϐεύς.

219 5837 312 5915 (ίδ)
345 5848 532 5914 Locum
564 5861 707 5916 hunc
738 5877 802 5917 ex
849 5859 1188 5916 (Ecumenio
1217 5897 1231 5926 ,
1263 5855 1357 5928 qui
1384 5855 1534 5926 paria
1583 5852 1672 5908 hic
1711 5847 2176 5945 habet,suppleo.
