3848 6570
508 463 611 529 915

507 597 604 638 seu
642 580 886 635 nuntius.
947 577 1012 633 Et
1060 578 1163 634 hoc
1208 587 1290 633 est
1340 577 1514 631 illud:
1555 597 1574 629 ι
1622 575 1904 646 Tanquam
1974 590 2079 633 me.

508 690 702 744 nempe
765 673 1152 742 legislaturem.
1199 691 1217 722 ι
1285 671 1609 740 Prophetam
1684 679 1863 722 autem
1928 679 2083 720 τοι-ει

505 765 682 833 ip’snm
728 762 1114 833 prOphetarum
1166 761 1454 816 Dominum
1499 769 1717 831 propter
1765 757 2081 813 humanita-

508 867 636 912 tem.

1137 1029 1437 1088 TEXTUS.

584 1123 695 1191 Vll,
731 1127 819 1180 43.
872 1123 937 1181 Et
991 1125 1316 1196 suscepistis
1373 1121 1784 1178 tabernaculum
1844 1118 2079 1182 Molocb,

507 1227 560 1269 et
586 1215 738 1272 sidus
772 1215 864 1272 Dei
900 1217 1066 1272 vestri
1093 1215 1411 1284 ltempham,
1443 1214 1662 1284 ﬁguras,
1694 1226 1831 1281 quas
1874 1210 2084 1264 fecistis

512 1309 746 1364 adorare
787 1325 902 1365 eas.
935 1309 998 1363 Et
1030 1308 1358 1364 transferam
1394 1323 1490 1362 vos
1526 1315 1679 1360 trans
1717 1303 2080 1374 Babylonem.

1007 1486 1573 1544 COMMENTARIUS.

585 1579 882 1650 Postquam
916 1580 968 1634 in
1024 1594 1260 1636 montem
1311 1582 1561 1637 ascendit
1610 1579 1809 1646 Moses,
1846 1580 2077 1634 vitulum

502 1672 812 1729 cmdlarunt
863 1673 1139 1740 Israelitae,
1186 1690 1418 1742 seseque
1466 1683 1740 1728 astrorum
1765 1674 1918 1728 cultu
1949 1689 2080 1729 con-

504 1767 844 1820 taminaruut
883 1785 894 1822 :
931 1774 1092 1836 atque
1147 1767 1502 1821 tabernaculo
1546 1767 1720 1830 facto,
1777 1766 1981 1820 idolum
2025 1768 2077 1820 in

500 1875 566 1912 eo
596 1865 928 1922 statuerunt,
960 1859 1102 1928 quod
1139 1859 1478 1929 appellarunt
1498 1859 1709 1913 Moloch
1745 1874 1757 1909 :
1786 1859 1926 1928 quod
1957 1857 2082 1928 qui-

501 1951 622 2004 dem
684 1950 887 2004 idolum
942 1959 1057 2004 erat
1104 1949 1484 2010 Moabitarum.
1539 1951 1749 2007 habens
1806 1952 1860 2006 in
1902 1951 2083 2004 l'rente

501 2039 760 2093 eximium
803 2041 1242 2110 pellucidumque
1303 2041 1532 2111 lapidem
1585 2042 1638 2096 in
1675 2050 1861 2114 typum
1913 2043 2082 2098 stellzu

503 2128 760 2186 Lucileri.
784 2131 1082 2202 Exponilur
1105 2148 1234 2187 vero
1267 2149 1465 2189 nomen
1501 2134 1738 2197 Molocb,
1767 2153 1784 2185 ι
1829 2150 1916 2188 rex
1939 2134 2084 2203 ipso-

505 2237 624 2275 rum
643 2233 659 2284 ς
686 2222 980 2292 ltempltam
1001 2230 1206 2287 autem,
1230 2243 1248 2275 ι
1269 2225 1645 2279 obtenebratio
1661 2235 1714 2278 et
1730 2225 2042 2279 obcmcatio.
2057 2243 2075 2274 ι

501 2341 569 2352 -
594 2331 613 2363 ι
637 2312 965 2384 Suscepistis
997 2329 1128 2384 ergo
1163 2316 1565 2371 tabernaculum
1583 2317 1815 2379 Molocll,
1844 2336 1861 2366 ι
1900 2316 1950 2371 id
1977 2304 2079 2384 est,

506 2404 650 2474 regis
670 2405 855 2460 vestri.
887 2424 906 2456 ι
936 2407 1068 2471 Quis
1104 2417 1281 2462 autem
1311 2418 1393 2462 est
1419 2409 1565 2463 iste?
1598 2407 1762 2463 Sidus
1797 2408 1886 2462 Dei
1913 2409 2079 2462 vestri

505 2491 807 2562 Relnpliam
836 2511 850 2548 :
873 2496 1015 2562 quod
1038 2495 1235 2551 factum
1258 2509 1340 2552 est
1359 2497 1511 2552 vobis
1531 2500 1582 2552 in
1603 2498 2028 2553 obcazcationom
2062 2517 2076 2554 :

503 2574 861 2638 obtencbrata
916 2601 1152 2657 namque
1201 2598 1329 2644 sunt
1353 2589 1520 2643 corda
1565 2600 1768 2644 vestra.
1809 2589 2076 2654 Quoniam

500 2689 630 2728 vero
657 2675 1036 2742 Moabitarum,
1084 2681 1178 2750 qui
1227 2696 1394 2750 prope
1443 2681 1770 2736 Damascum
1805 2680 2076 2746 habitant,

500 2767 666 2837 229
687 2769 951 2824 insaniam
969 2771 1163 2826 imitati
1185 2774 1338 2840 estis;
1360 2774 1565 2828 idcirco
1584 2781 1735 2829 trans
1758 2774 2078 2827 Damascum

503 2860 953 2930 proﬁciscemiui,
1000 2863 1103 2916 huc
1151 2872 1236 2920 est
1305 2865 1357 2918 iu
1421 2865 1772 2934 Babylonem.
1817 2864 2080 2930 Quamvis

1455 465 2034 527 TI-lEOPlIYLACTI
2079 463 2175 523 BU
2186 464 2324 522 LG.\
2338 462 2490 524 [ΠΕ
2531 462 2883 524 ARCHIEP.

2117 581 2155 634 Α
2187 576 2506 644 δειγμένος,
2559 576 2652 628 καὶ
2704 575 2912 644 Καινῆς
2952 572 3223 644 Διαθῆκηῖ
3273 580 3606 648 χρηματίσαςν
3651 591 3670 639 ὁ

2189 666 2433 736 μεγάλης
2489 665 2686 737 βουλῆς
2749 665 2850 733 τῆς
2916 663 3010 717 τοῦ
3064 665 3269 736 Πατρδς
3295 667 3547 736 Ἄγγελος.
3591 677 3671 728 Καὶ

2182 755 2340 809 τοῦτό
2366 757 2478 808 ἐστι
2510 758 2591 817 τὸ,
2618 775 2634 807 ι
2658 756 2747 818 Ὠς
2783 757 2903 824 ὲμέ,
2929 775 2946 806 ι
2987 755 3224 807 τουτέστι
3251 758 3539 830 νομοθέτην.
3567 765 3669 834 Προ.

2187 849 2362 920 φήτην
2402 849 2460 901 δὲ
2513 848 2670 902 καλεῖ
2719 846 2812 901 τὸν
2840 847 2950 900 τῶν
2991 847 3281 918 προφητῶν
3309 849 3510 919 Κύριον.
3540 854 3607 907 διὰ
3631 857 3672 909 τὸ

2186 940 2548 1010 ἀνθρώπινον.

2790 1030 3174 1085 ΚΕΙΜΕΝΟΝ.

2255 1123 2365 1176 Καὶ
2423 1119 2715 1176 ἀνελάϐετε
2769 1121 2868 1193 τὴν
2922 1123 3128 1193 σκηνὴν
3175 1121 3268 1174 τοῦ
3327 1123 3506 1195 Μολδχ,
3536 1130 3672 1183 καὶτὸ

2184 1217 2384 1287 ἄστρον
2419 1214 2513 1268 τοῦ
2557 1214 2693 1268 Θεοῦ
2751 1215 2905 1286 ὑμῶν
2933 1215 3203 1284 Ῥεμφὰν,
3244 1217 3363 1279 τοὺς
3386 1217 3576 1283 τύπους,
3607 1223 3673 1287 οὓς

2186 1308 2478 1377 ἐποιήσατε
2525 1309 2854 1376 προσκυνεῖν
2903 1307 3105 1368 αὐτοῖς.
3167 1307 3273 1360 Καὶ
3317 1313 3545 1378 μετοικιῶ
3569 1315 3673 1384 ὑμᾶς

2185 1399 2442 1457 ἐπέκεινα
2471 1397 2807 1461 Βαϐυλῶνος.

2786 1490 3168 1543 ΕΡΒΙΗΝΕΙᾹ.

2268 1579 2606 1643 Ἀνελθὸντος
2643 1581 2722 1642 εἰς
2763 1581 2824 1631 τὸ
2855 1579 2980 1647 ὄρος
3012 1579 3309 1642 Μωῦσέως,
3351 1586 3673 1650 μεμοςχοποιήσ

2185 1671 2313 1726 κασι
2344 1689 2425 1734 τε,
2462 1672 2554 1724 καὶ
2620 1674 2741 1735 ταῖς
2799 1671 2909 1723 τῶν
2965 1671 3186 1741 ἄστρων
3249 1672 3672 1742 προσεκυλὶσθησαι

2184 1763 2460 1832 λατρείαις
2483 1780 2495 1792 ο
2529 1764 2625 1815 καὶ
2649 1764 3209 1831 σκηνοποιησάμενοι,
3243 1761 3463 1831 ἔστησαν
3489 1763 3676 1828 εἴδωλον,

2184 1854 2212 1907 ὃ
2241 1854 2543 1924 κεκλήκασι
2576 1853 2779 1923 Μολόχ.
2813 1853 2986 1906 Τοῦτο
3012 1855 3070 1907 δὲ
3106 1855 3170 1907 τὸ
3203 1854 3409 1907 εἴδωλον
3440 1855 3677 1907 Μωαϐιτῶν

2184 1935 2434 2012 ἦν,λίθον
2456 1941 2733 2011 ἐξαίρετον
2765 1941 2888 2010 ἔχον
2915 1942 3010 1995 καὶ
3040 1943 3282 2013 διαφανῆ
3335 1944 3422 1995 ἐπὶ
3467 1943 3547 1995 τοῦ
3589 1961 3679 2012 μετ-

2185 2032 2358 2100 ώπου,
2394 2035 2476 2096 εἰς
2509 2033 2787 2102 ὲωσφόρου
2839 2033 3032 2088 τύπον.
3089 2037 3200 2088 Καὶ
3265 2035 3582 2104 ἑρμηνεύεται
3609 2036 3678 2104 μὲν

2184 2124 2385 2194 Μολδχ,
2418 2143 2436 2175 ι
2469 2124 2722 2194 βασιλεὺς
2753 2125 2932 2178 αὑτῶν
2953 2142 2967 2156 ·
2999 2146 3016 2178 ι
3041 2125 3286 2196 Ῥεμφᾶν
3309 2127 3390 2190 δὲ,
3421 2146 3437 2179 ι
3459 2127 3679 2196 σκοτισμὺς

2185 2218 2282 2271 καὶ
2305 2217 2601 2286 τύφλωσις.
2635 2236 2654 2269 ι
2691 2247 2753 2257 —
2790 2237 2808 2268 ι
2847 2217 3166 2271 ’Λνελάϐετε
3208 2219 3384 2271 τοίνυν
3409 2219 3494 2289 τήν
3532 2217 3680 2286 σκηνήν

2181 2307 2274 2360 τοῦ
2326 2309 2524 2377 Μολδχ,
2553 2327 2570 2358 ι
2621 2309 2866 2361 τουτέστι
2901 2308 2993 2360 τοῦ
3045 2308 3311 2378 βασιλέως
3351 2308 3508 2378 ὑμῶν.
3535 2306 3608 2369 Ti;
3637 2305 3679 2360 δι

2183 2393 2375 2466 οὗτος
2431 2401 2505 2453 Τὸ
2534 2401 2734 2472 ἄστρον
2774 2403 2868 2454 τοῦ
2911 2401 3046 2454 Θεοῦ
3107 2403 3264 2472 ὑμῶν
3311 2402 3542 2470 Ῥεμφάν,
3571 2399 3678 2451 ὁκαὶ

2182 2492 2410 2561 γέγονεν
2443 2495 2572 2564 ὑμῖν
2621 2497 2702 2558 εἰς
2754 2495 3050 2562 τύφλωσιν.
3094 2494 3502 2563 Ἐσκοτίσϐησαν
3536 2492 3617 2562 γὰρ
3639 2493 3678 2544 αἱ

2182 2585 2401 2655 καρδίαι
2429 2586 2604 2655 ὑμῶν.
2624 2587 2843 2658 Ἐπειδὴ
2867 2587 2922 2640 δὲ
2957 2586 3055 2656 τὴν
3081 2586 3193 2639 τῶν
3225 2584 3511 2639 Μωαϐιτῶν
3539 2583 3678 2652 μανίαν

2182 2675 2607 2745 πεπληρώκατε,
2657 2678 2778 2747 ἥτις
2827 2676 2945 2730 ἐστὶ
3007 2677 3208 2745 γείτων
3236 2675 3528 2746 Δαμασκοῦ,
3554 2673 3617 2725 διὰ
3635 2673 3678 2722 τὸ

2184 2767 2515 2836 πορεύεσθαι
2573 2767 2652 2840 [ι’.
2703 2768 2790 2822 διὰ
2854 2769 3014 2822 τοῦτο
3070 2767 3410 2838 πορεύεσθε]
3456 2761 3677 2834 Δαμασκοῦ

2183 2861 2465 2924 ἐπέκεινα,
2500 2862 2778 2914 τουτέστιν
2803 2863 2883 2925 εἰς
2911 2861 3238 2915 Βαϐυλῶνα.
3271 2861 3329 2913 Ei
3351 2860 3403 2913 δὲ
3432 2859 3514 2912 καὶ
3539 2857 3561 2909 ὁ
3585 2872 3680 2924 προ-

499 2965 634 3004 vero
693 2952 955 3021 preplieta
1006 2973 1024 3004 ι
1057 2962 1210 3010 trans
1263 2956 1588 3012 Damascum
1630 2976 1648 3008 ι
1710 2957 1931 3016 dixerit.
2006 2956 2074 3009 ita

2188 2950 2387 3018 φήτης,
2438 2969 2456 3000 ι
2495 2949 2782 3005 Ἐπέκεινα
2813 2951 3129 3021 Δαμασκοῦ,
3159 2971 3178 3004 ι
3212 2952 3419 3022 εἰρήκει
3448 2949 3584 3019 (οὕτω
3604 2947 3679 3015 γὰρ

498 3041 647 3096 enim
684 3041 835 3108 ,LXX
909 3045 1272 3116 luterpretum
1325 3047 1507 3102 versio
1565 3047 1768 3114 habet,
1836 3054 2074 3100 attamen

501 3133 698 3188 beatus
721 3134 1031 3204 Stephanus
1051 3140 1159 3192 ait:
1191 3158 1209 3191 ι
1235 3139 1410 3194 Trans
1429 3139 1811 3212 Babylonem,»
1841 3153 2078 3209 sequens

499 3221 857 3281 llebraaorum
906 3229 1241 3285 lectionem:
1291 3231 1373 3286 vel
1425 3232 1552 3300 quia
1603 3233 1874 3286 terminus
1920 3242 2077 3286 terra:

499 3311 964 3375 Damascenorum
999 3329 1052 3376 ct
1089 3320 1350 3393 Syrorum
1386 3334 1468 3379 est
1493 3323 1756 3396 Babylon.

1145 3413 1447 3470 TEXTUS.

571 3505 685 3574 VII,
717 3506 904 3562 4H6.
948 3505 1383 3563 Tabernaculum
1435 3506 1756 3564 Testimonii
1805 3509 1906 3563 fuit
1949 3525 2073 3564 cum

498 3599 756 3670 patribus
778 3597 984 3655 nostris
1009 3598 1062 3652 in
1089 3597 1326 3662 deserto,
1342 3598 1482 3654 sicut
1501 3598 1769 3668 disposuit
1784 3600 1890 3654 illis
1910 3599 2075 3661 Deus,

499 3693 737 3762 loquens
773 3691 840 3746 ad
873 3689 1120 3762 Moysen,
1153 3701 1210 3744 ιιι
1237 3690 1442 3745 faceret
1471 3691 1605 3745 illud
1635 3691 1936 3745 secundum
1971 3691 2079 3743 for-

498 3801 644 3840 mam
673 3784 1086 3854 qnamjviderat.
1107 3783 1261 3849 Qubd
1281 3793 1332 3838 et
1353 3783 2080 3854 induxerunt,suscipientes

497 3884 684 3946 patres
719 3877 894 3930 nostri
934 3891 1058 3929 cum
1093 3873 1222 3929 Jesu
1261 3875 1314 3929 in
1353 3879 1758 3944 possessionem
1793 3875 2074 3941 Gentium,

497 3979 637 4034 quas
671 3964 876 4032 expulit
906 3963 1049 4018 Deus
1081 3979 1110 4018 a
1145 3963 1283 4018 facie
1307 3972 1518 4032 patrum
1555 3974 1867 4019 nostrorum
1905 3980 2078 4034 usque

497 4054 555 4108 in
593 4055 786 4109 diebus
823 4054 1012 4120 David,
1071 4056 1162 4124 qui
1213 4055 1420 4110 invenit
1459 4057 1691 4126 gratiam
1725 4067 1850 4111 ante
1881 4058 2071 4124 Deum,

496 4157 554 4202 et
583 4149 736 4218 petiit
766 4156 823 4202 ut
847 4148 1116 4203 inveniret
1150 4149 1568 4204 tabernaculum
1611 4150 1720 4205 Deo
1754 4149 1945 4206 Jacob.

1001 4238 1552 4295 COMMENTARIUS

570 4332 864 4388 Dicebatur
905 4331 1341 4388 Tabernaculum
1384 4332 1706 4389 Testimonii
1770 4350 1864 4390 seu
1919 4349 2076 4388 man-

490 4423 746 4478 datorum
780 4422 898 4490 Dei,
933 4423 1064 4478 illud
1092 4423 1239 4494 quod
1267 4425 1321 4478 in
1369 4431 1557 4479 monte
1589 4423 1718 4479 Sina
1750 4425 1884 4480 Mosi
1923 4441 2079 4479 mon-

495 4525 728 4572 stratum
762 4533 789 4569 a
822 4515 930 4572 Deo
994 4524 1108 4584 est;
1141 4516 1268 4587 quia
1316 4517 1456 4571 De‘us
1497 4517 1627 4572 illud
1694 4517 1986 4586 disposuit,
2021 4524 2082 4570 ut

498 4609 667 4662 Deum
699 4609 876 4677 ipsum
937 4615 1132 4664 testem
1173 4607 1622 4678 liaberent,quod
1671 4607 1724 4660 in
1773 4615 1959 4660 monte
1993 4607 2081 4659 de-

496 4698 724 4754 lineatio
754 4699 875 4769 ejus
904 4699 1046 4755 facta
1083 4699 1269 4767 fuerit,
1299 4714 1364 4754 ac
1399 4700 1542 4754 Deus
1603 4697 1738 4754 Mosi
1769 4697 1900 4752 illud
1939 4711 2078 4766 pra:-

497 4791 806 4862 scripserit.

1138 4882 1441 4942 TEXTUS.

566 4973 686 5041 VII,
713 4975 894 5032 47-59.
920 4975 1177 5031 Salomon
1197 4986 1374 5032 autem
1399 4975 1694 5032 aediﬁcavit
1723 4973 1799 5028 illi
1833 4973 2076 5028 domum.

495 5069 603 5124 Sed
641 5083 748 5123 non
774 5068 1038 5125 Excelsus
1065 5069 1118 5122 in
1148 5068 1478 5124 manufactis
1506 5068 1741 5131 habitat,
1778 5067 1920 5120 sicut
1949 5079 2080 5136 pro-

499 5163 666 5231 pheta
689 5162 824 5216 dicit
847 5161 1086 5216 :leum
1104 5160 1235 5216 milii
1254 5161 1414 5216 sedes
1434 5167 1555 5226 est;
1582 5169 1727 5213 terra
1748 5169 1928 5212 autem
1955 5172 2082 5211 sca-

496 5253 700 5307 bellum
747 5251 946 5322 pedum
979 5268 1248 5307 meorum.
1276 5252 1452 5318 Quam
1483 5251 1705 5306 domum
1734 5247 2080 5320 :cditicabitis

498 5345 653 5408 mihi,
686 5345 818 5398 dicit
863 5342 1165 5399 Dominus?
1207 5351 1300 5398 aut
1339 5343 1464 5413 quis
1518 5342 1674 5395 locus
1717 5338 2076 5408 requietionis

497 5452 632 5490 mea:
686 5436 803 5491 est?
854 5435 1045 5491 Nonne
1100 5451 1296 5490 manus
1350 5449 1468 5489 mea
1521 5432 1650 5487 fecit
1693 5432 1807 5485 luec
1850 5429 2074 5483 omnia?

503 5527 646 5580 Dura
681 5529 893 5583 cervice
923 5537 977 5582 et
1007 5528 1412 5583 iucircumcisis
1443 5525 1706 5581 eoi-dibus
1742 5533 1794 5578 et
1820 5523 2070 5585 auribus.

501 5633 599 5673 vos
631 5634 844 5686 semper
882 5619 1112 5688 Spiritui
1159 5627 1352 5672 sancto
1399 5617 1682 5680 resistitis,
1718 5615 1855 5670 sicut
1889 5624 2072 5684 patres

503 5707 694 5770 vestri,
744 5707 818 5761 ita
870 5714 925 5761 et
977 5723 1094 5763 vos.
1134 5708 1307 5774 Que‘n
1354 5708 1740 5777 prophetarum
1788 5722 1896 5760 non
1943 5714 2074 5760 sunt

503 5797 774 5864 persecuti
829 5806 1009 5866 patres
1065 5799 1270 5852 vestri?
1329 5799 1397 5852 Et
1447 5798 1768 5851 occiderunt
1816 5812 1932 5862 eos,
1979 5795 2072 5865 qui

499 5887 940 5954 praenuntiabant
975 5887 1040 5944 de
1089 5888 1322 5944 adventu
1373 5887 1540 5953 Justi,
1574 5887 1732 5956 cujus
1778 5903 1871 5944 vos
1927 5903 2073 5942 nunc

2183 3040 2276 3093 καὶ
2301 3043 2334 3104 ἡ
2367 3041 2475 3092 τῶν
2503 3042 2908 3113 Ἐϐδομὴκοντα
2944 3043 3158 3108 ἔκδοσις
3186 3045 3344 3115 ἔχει,)
3373 3043 3474 3097 ἀλλ’
3498 3045 3520 3096 ὁ
3555 3042 3681 3112 μυιά-

2182 3150 2296 3204 ριος
2318 3133 2610 3203 Στέφανος,
2646 3152 2664 3184 ι
2704 3135 2993 3188 Ἐπέκεινα
3022 3137 3367 3200 Βαϐυλῶνος,
3392 3157 3408 3188 ι
3426 3134 3684 3205 φησὶν,ἁκο-

2179 3225 2447 3295 λουθήσας
2474 3229 2538 3296 τῇ
2581 3227 2847 3296 Ἐϐραίων
2871 3228 3084 3282 ἐκθέσει
3105 3246 3120 3260 ⁶
3150 3231 3185 3301 ἢ
3215 3231 3296 3283 ὅτι
3326 3230 3488 3298 τέρμα
3507 3227 3587 3295 τῆς
3615 3227 3683 3276 Δα-

2183 3320 2476 3390 μασκηνῶν
2505 3321 2598 3375 καὶ
2625 3320 2814 3388 Σύρων
2841 3322 3070 3392 χώραςή
3099 3322 3356 3377 Βαϐυλὼν
3379 3322 3610 3390 τυγχάνει.

2780 3415 3183 3469 ΚΕΙΜΕΝΟΝ.

2263 3502 2328 3555 Ἥ
2361 3504 2538 3573 σκηνὴ
2586 3505 2682 3556 τοῦ
2743 3506 3072 3577 Μαρτυρίου
3101 3503 3174 3578 ἧν
3198 3509 3258 3560 ἐν
3321 3509 3427 3570 τοῖς
3481 3502 3686 3572 πατράσιν

2181 3595 2238 3646 ἐν
2265 3596 2330 3665 τῇ
2365 3597 2580 3666 ἐρήμῳ,
2625 3596 2806 3661 καθὼς
2840 3598 3125 3664 διετάξατο
3159 3600 3188 3651 ὁ
3221 3599 3394 3652 λαλῶν
3425 3595 3495 3665 τῷ
3516 3591 3685 3658 Μωῡπῇ.

2181 3688 2407 3757 ποιῆσαι
2441 3689 2613 3760 αὑτὴν
2641 3691 2782 3745 κατὰ
2815 3695 2905 3745 τὸν
2930 3691 3099 3746 τύπον
3143 3693 3206 3747 δν
3231 3693 3475 3762 ἑωράκει.
3517 3689 3597 3740 Ἦν
3622 3686 3687 3736 καὶ

2181 3782 2475 3850 εἰσήγαγον
2537 3783 2910 3856 διαδεξάμενοι
2938 3787 2988 3839 οἱ
3023 3787 3270 3857 πατέρες
3301 3786 3447 3856 ἡμῶν
3476 3780 3586 3852 μετά
3613 3777 3687 3844 Ἰη-

2182 3873 2276 3925 σοῦ
2308 3875 2365 3925 ὲν
2389 3877 2451 3944 τῇ
2493 3877 2824 3946 κατασχέσει
2856 3879 2966 3932 τῶν
2996 3873 3283 3945 ὲθνῶν,ὦν
3311 3878 3494 3944 ἕξωσεν
3526 3875 3549 3925 ὁ
3577 3869 3686 3928 Θεὸς»

2180 3963 2288 4015 ἀπὸ
2317 3965 2611 4034 προσώπου
2644 3966 2753 4019 τῶν
2807 3973 3062 4038 πατέρων
3090 3968 3255 4038 ήμῶν
3282 3968 3385 4028 ἕως
3406 3965 3500 4016 τῶν
3521 3956 3687 4031 ἡμερῶν

2180 4053 2368 4117 Δαϐὶδ,
2396 4054 2456 4116 ὂς
2482 4047 2609 4125 εῦρε
2641 4058 2802 4128 χάριν
2830 4058 3066 4111 ἐνώπιον
3091 4059 3188 4111 τοῦ
3213 4057 3371 4122 Θεοῦ,
3401 4058 3484 4109 καὶ
3507 4052 3689 4124 ᾐτήσατο

2145 4145 2148 4150 ’
2181 4144 2362 4215 εὑρεῖν
2393 4147 2660 4216 σκήνωμα
2686 4149 2763 4219 τῷ
2791 4149 2911 4219 Θεῷ
2954 4149 3177 4203 Ἰακώϐ.

2743 4242 3130 4296 EPMHNEIA.

2110 4293 2152 4346 Β
2252 4336 2433 4407 Σκηνὴ
2469 4334 2561 4390 τοῦ
2595 4335 2941 4406 Μαρτυρεου,
2966 4336 3222 4389 τουτέστι
3253 4335 3363 4388 τῶν
3396 4325 3688 4403 προπαγμᾶο

2178 4444 2287 4482 των
2315 4427 2409 4480 τοῦ
2429 4427 2586 4492 Θεοῦ,
2628 4431 2659 4494 ή
2698 4429 2756 4480 ἐν
2790 4427 2866 4496 τῷ
2895 4428 3012 4498 ὄρει
3047 4429 3180 4499 Σινᾷ
3226 4429 3306 4498 τῷ
3341 4428 3532 4495 Μωῠσῇ
3559 4436 3690 4487 παρα-

2179 4518 2456 4588 δειχθεῖστ
2489 4520 2586 4571 ὕπ’)
2615 4519 2750 4571 Θεοῦ
2788 4520 3029 4586 ἐλέγετο,
3078 4519 3168 4572 διὰ
3199 4519 3260 4572 τὸ
3293 4520 3395 4571 ὑπδ
3418 4515 3539 4569 Θεοῦ
3559 4514 3689 4565 διατε-

2178 4610 2376 4680 τάχθαι
2434 4611 2626 4678 αζτὴν,
2692 4611 2778 4662 ἵνα
2821 4611 3077 4680 μάρτυρα
3126 4610 3220 4664 τὸν
3271 4612 3402 4664 Θεὸν
3430 4603 3690 4678 έχωσιν,ὂτι

2179 4703 2237 4752 ἐν
2261 4701 2336 4770 τῷ
2384 4701 2502 4771 δρει
2529 4703 2560 4768 ἡ
2589 4702 2884 4771 ὑπογραφὴ
2943 4701 3152 4772 ταύτης
3211 4703 3425 4769 γέγονε,
3465 4699 3546 4751 καὶ
3571 4691 3690 4751 αὐτὸς

2182 4792 2355 4860 αὑτήν
2382 4793 2672 4859 διετάξατο
2706 4793 2785 4862 τῷ
2816 4795 3043 4863 Μωῦσῇ.

2779 4886 2955 4939 KElM
2965 4886 3168 4938 ENUN.

2252 4973 2506 5045 Σολομὼν
2534 4975 2591 5028 δὲ
2617 4975 2969 5046 ᾠκοδόμησεν
3014 4976 3165 5046 αὑτῷ
3214 4973 3384 5030 οἷκον.
3441 4971 3564 5026 Ἀλλ’
3586 4966 3692 5032 οόχδ

2187 5063 2452 5133 ’Ύψιστος
2482 5065 2540 5116 ἐν
2589 5066 2992 5134 χειροποιήτοις
3031 5067 3182 5127 ναοῖς
3211 5063 3475 5124 κατοικεῖ,
3515 5053 3692 5114 καθὼςῦ

2179 5155 2466 5224 προφήτης
2527 5154 2702 5222 λέγει·
2747 5156 2806 5207 Ὀ
2832 5156 3060 5222 οὐρανός
3107 5173 3200 5223 μοι
3253 5154 3459 5224 Θρόνος,
3508 5147 3608 5221 ἠδὲ
3642 5140 3693 5208 ill

2183 5247 2472 5300 ὑποπόδιον
2496 5247 2606 5299 τῶν
2638 5248 2813 5302 ποδῶν
2847 5266 2970 5316 μου.
2998 5250 3156 5302 Ποῖον
3184 5244 3336 5303 οἷκον
3368 5233 3689 5311 οἰκοδομήσετέ

2192 5355 2304 5407 μοι,
2323 5336 2686 5406 λέγειΚύριος
2713 5354 2728 5403 ;
2753 5339 2784 5408 ἢ
2805 5339 2885 5402 τίς
2909 5341 3072 5403 τόπος
3099 5341 3195 5409 τῆς
3214 5333 3587 5394 καταπαύσεώς
3601 5340 3690 5398 μου;

2181 5431 2316 5498 Οἶδκῖ
2402 5427 2523 5500 χείρ
2557 5447 2658 5498 μου
2689 5430 2913 5498 ἐποίησε
2941 5430 3114 5483 ταῦτα
3146 5431 3324 5484 πάντα
3350 5448 3364 5494 ;
3398 5418 3690 5493 Exinporpt't-

2181 5521 2333 5591 χηλοι
2381 5521 2477 5573 καὶ
2525 5519 2890 5591 ἀπερίτμητοι
2925 5525 2991 5592 τῇ
3033 5521 3230 5594 καρδίᾳ
3296 5521 3391 5574 καὶ
3446 5518 3546 5578 τοῖς
3567 5511 3688 5570 ὠδὶν.

2184 5611 2344 5679 ὑμεῖς
2389 5610 2478 5662 ἀεὶ
2512 5611 2590 5680 τῷ
2622 5610 2901 5680 Πνεὺματι
2930 5613 3009 5683 τῷ
3033 5615 3172 5684 ἁγίῳ
3203 5611 3558 5666 ἀντιπίπτετε·
3583 5599 3693 5657 dmi

2184 5705 2416 5776 πατέρες
2442 5706 2616 5775 ὑμῶν,
2669 5706 2765 5757 καὶ
2794 5705 2974 5774 ὑμεῖς.
3007 5704 3142 5757 Τίνα
3189 5703 3302 5756 τῶν
3327 5694 3594 5771 προφητῶν
3620 5688 3694 5741 οὐκ

2177 5797 2405 5860 ἐδίωξαν
2452 5799 2499 5849 δί
2548 5797 2784 5867 πατέρες
2835 5797 3020 5866 ὖμῶν;
3075 5796 3181 5849 Καὶ
3236 5795 3551 5848 ἀπέκτειναν
3600 5782 3691 5833 τοὺς

2178 5891 2752 5961 προκαταγγείλαντας
2784 5892 2912 5961 περὶ
2947 5891 3046 5961 τῆς
3081 5887 3343 5951 ἐλεύσεως
3382 5884 3470 5939 τοῦ
3519 5873 3690 5932 ,δικαίου
