3848 6594
381 436 488 505 923

1231 430 1810 493 THEOPHYLACTI
1850 431 2259 493 BULGARIE
2297 430 2657 494 ARCHIEP.

3521 423 3615 489 92$

384 554 527 607 ritus
589 548 763 604 sanrti
823 546 1053 617 gratiam
1117 543 1320 598 eisdem
1368 544 1585 596 darent.
1637 541 1953 610 Baptizabat

2082 542 2334 613 ταρὲσχον
2376 544 2556 615 χάριν.
2616 536 2785 607 Οὗτος
2842 538 2938 597 οὖν
3016 540 3267 611 βαπτίζει
3338 538 3495 609 μόνον
3562 542 3627 607 ὡς

388 644 557 713 igitur
632 642 736 697 iste
797 637 1207 700 tantummodo,
1268 627 1525 705 tanquam
1605 634 1949 703 discipulus;

391 732 750 804 perficiebaat
781 739 961 787 autem
1020 729 1247 797 gratiam
1295 728 1553 798 apostoli,
1604 726 1808 796 quibus
1839 726 1954 781 [nec

386 826 622 881 facultas
645 823 843 880 collata
878 822 1074 879 fuerat.
1113 840 1130 873 ι
1172 820 1299 875 Erat
1324 828 1501 875 autem
1526 818 1613 873 vir
1645 818 1887 888 quidam.
1930 837 1949 869 ι

390 911 1191 987 Adnota,appropinquandum
1226 927 1333 966 non
1366 925 1489 966 esse
1509 912 1703 981 magis.
1735 910 1890 976 Quod
1910 909 1956 966 si

387 1008 512 1077 quis
546 1008 809 1077 deceptus
837 1007 903 1061 ad
939 1005 1090 1075 ipsos
1123 1003 1441 1065 accesserit,
1462 1000 1958 1057 eonfestimdisce-

387 1099 501 1154 dat.
532 1098 780 1169 Ipsorum
812 1097 959 1154 enim
994 1094 1338 1149 familiaritas
1384 1093 1770 1149 alienationem
1804 1108 1959 1149 inea-

387 1188 461 1243 tis
491 1189 715 1260 ingerit,
748 1204 856 1259 qua
912 1187 1116 1242 veritas
1151 1187 1391 1242 discerni
1444 1201 1550 1241 non
1590 1194 1791 1257 potest.
1854 1186 1961 1241 lste

389 1280 558 1349 igitur
601 1279 789 1334 Simon
836 1276 1234 1335 subblandiens
1295 1278 1583 1348 apostolis,
1647 1292 1959 1347 quanquam

393 1386 584 1441 magus
613 1379 780 1438 esset,
809 1370 1121 1441 baptizatus
1150 1377 1236 1426 est
1265 1370 1411 1423 sicut
1441 1378 1496 1424 et
1526 1369 1618 1423 alii
1651 1383 1680 1422 a
1712 1368 1962 1439 Philippo

392 1479 505 1517 uno
535 1478 598 1518 ex
630 1471 864 1533 septem,
888 1462 979 1532 qui
1013 1477 1137 1517 cum
1166 1468 1311 1517 esset
1339 1461 1629 1525 diaconus,
1662 1475 1766 1514 non
1798 1460 1963 1514 babe-

396 1552 489 1606 bat
516 1561 839 1622 potestatem
888 1550 1050 1606 dandi
1090 1565 1186 1621 per
1239 1565 1502 1605 manuum
1556 1550 1961 1620 impositioncm

392 1645 662 1715 Spiritum
702 1657 977 1699 sanctum.
1032 1641 1190 1710 Quod
1246 1653 1426 1698 autem
1484 1643 1588 1698 boc
1621 1658 1810 1698 verum
1867 1642 1965 1710 sit,

390 1734 619 1805 etquod
672 1749 772 1789 nec
823 1734 1209 1788 miraculorum
1246 1733 1449 1787 donum
1495 1731 1684 1787 Simon
1733 1748 1967 1803 accepe-

396 1828 492 1891 rit,
514 1825 712 1881 exinde
740 1824 993 1895 colligere
1018 1823 1175 1881 facile
1202 1832 1307 1891 est,
1339 1824 1485 1894 quod
1518 1839 1676 1880 sacer
1730 1827 1968 1895 scriptor

392 1920 540 1974 dicat
589 1937 601 1972 :
641 1915 847 1972 Videas
894 1917 1056 1970 etiam
1106 1916 1261 1991 signa
1300 1932 1420 1987 quae
1472 1916 1697 1982 fiebant,
1742 1929 1969 1987 stupeas

394 2009 788 2064 atiltlitaballll'.
837 2007 987 2064 Unde
1055 2009 1322 2074 accessit,
1377 2018 1436 2063 ut
1512 2008 1681 2064 hocce
1764 2009 1968 2064 donum

396 2101 727 2172 postularet.
770 2120 787 2151 ι
820 2099 954 2154 Cum
994 2108 1177 2153 autem
1211 2099 1516 2154 audissent.
1559 2118 1577 2152 ι
1614 2098 1968 2156 Manifestum

395 2201 504 2257 est,
535 2207 628 2247 eos
662 2192 753 2261 qui
783 2206 813 2244 a
854 2189 1107 2261 Philippo
1140 2191 1561 2259 baptizabantur
1609 2190 1670 2244 in
1702 2191 1970 2258 Samaria,

396 2299 506 2338 non
543 2283 818 2353 recepisse
845 2282 1113 2353 Spiritum
1146 2290 1424 2347 sanctum,
1462 2285 1607 2351 quod
1642 2299 1766 2338 eum
1797 2284 1962 2338 dandi

399 2376 665 2432 facultate
700 2379 820 2448 ipse
848 2386 1082 2444 careret,
1115 2392 1181 2432 eo
1215 2378 1386 2446 quod,
1432 2387 1492 2431 ut
1533 2377 1796 2445 diximus,
1828 2395 1973 2434 unus

397 2476 519 2522 erat
540 2484 608 2524 ex
630 2478 840 2538 Septem
892 2469 1180 2524 diacoais:
1222 2470 1311 2538 qui
1340 2470 1503 2542 234
1545 2470 1765 2540 quidem
1800 2471 1975 2525 virtu-

398 2570 508 2614 tem
544 2571 875 2631 acceperant
911 2561 1141 2616 faciendi
1175 2562 1461 2626 miracula,
1508 2577 1617 2616 non
1657 2563 1784 2616 item
1808 2564 1973 2618 dandi

404 2651 670 2719 Spiritum
730 2658 1013 2706 sanetum.
1049 2651 1175 2705 Haec
1231 2653 1377 2704 enim
1434 2659 1554 2704 erat
1600 2653 1974 2722 apostolorqu

2058 632 2325 705 μαθητὴς,
2357 635 2623 689 τελειοῦσι
2666 634 2726 689 δέ
2771 634 2872 706 τὴν
2908 634 3068 707 χάριν
3106 635 3155 687 oi
3191 631 3503 696 ἀπόστολοι,
3558 630 3628 694 οἷς

2056 726 2089 795 ἠ
2135 726 2234 795 τῆς
2282 726 2537 798 τοιαύτης
2580 726 2779 791 δόσεως
2821 728 3075 781 αὐθεντία
3119 726 3349 780 ἐδέδοτο.
3406 745 3427 777 ι
3479 726 3628 797 ’Ᾱνὴρ

2057 810 2116 869 δέ
2147 834 2250 880 τις.
2291 835 2311 868 ι
2347 818 2709 887 Σημειωτὲον,
2747 818 2829 871 ὃτι
2862 819 2924 871 οὐ
2941 818 3022 872 δεῖ
3055 816 3376 886 πλησιάζειν
3412 815 3629 884 μάγοιςο

2058 909 2106 962 εί
2143 909 2200 963 δέ
2232 926 2316 972 τις
2355 910 2655 980 ἀπατηθεὶς
2678 911 3030 983 ἐπλησίασεν,
3059 910 3386 981 ἀφιστάσθω
3410 908 3631 978 ταχέως.

2073 1001 2136 1054 Ἦ
2190 999 2297 1071 γὰρ
2348 1001 2581 1073 ἐπιμονὴ
2635 1004 2667 1073 ἡ
2716 1004 2773 1056 ἐν
2821 1002 3026 1066 αὐτοῖς,
3076 1004 3156 1065 είς
3185 1001 3473 1053 ’ἔκστασιν
3521 1000 3632 1066 ἀγει

2064 1092 2297 1164 φρενῶν,
2324 1092 2464 1146 ὥστε
2499 1093 2575 1164 μὴ
2621 1094 2860 1148 συνιέναι
2905 1095 3195 1163 διακρῖναι.
3251 1085 3430 1155 Οὗτος
3476 1091 3635 1143 τοίνυν

2061 1188 2089 1240 ὁ
2122 1187 2301 1256 Σίμων
2330 1186 2768 1258 ύποκρισὰμενος
2791 1186 2911 1220 ⁶⁰·⁶¹
2938 1188 3062 1248 τοὺς
3092 1184 3451 1245 ἀποστόλους,
3481 1183 3634 1252 μάγος

2064 1277 2345 1350 ὑπάρχων,
2369 1279 2461 1331 καὶ
2490 1279 2650 1342 αὐτὸς
2681 1278 2882 1347 ὁμοίως
2912 1280 3026 1341 τοῖς
3050 1277 3230 1339 ἄλλοις
3249 1276 3360 1329 ὑπὸ
3385 1275 3633 1329 Φιλίππου

2065 1369 2364 1437 ἐϐαπτίσθη
2392 1369 2486 1423 τοῦ
2526 1363 2643 1433 ὲνδς
2666 1369 2775 1422 τῶν
2819 1369 2960 1423 ἐπτά
2982 1385 2997 1399 ο
3031 1369 3089 1432 ὃς
3135 1368 3388 1430 διάκονος
3419 1365 3513 1430 ὢν,
3550 1368 3634 1420 οὐκ

2065 1456 2210 1531 εῖχεν
2244 1461 2494 1527 ἐξουσίαν
2535 1462 2623 1517 διὰ
2679 1462 2778 1531 τῆς
2836 1461 3177 1532 χειροθεσίας
3227 1459 3399 1514 αὐτοῦ
3455 1458 3637 1510 διδόναι

2066 1556 2125 1609 τὸ
2168 1555 2388 1624 Πνεῦμα
2417 1555 2477 1607 τὸ
2513 1553 2686 1622 ἅγιον.
2729 1553 2853 1607 Ὀτι
2895 1570 2955 1606 τε
2991 1552 3047 1604 δὲ
3083 1551 3247 1605 τοῦτο
3296 1549 3517 1619 ἀληθὲς,
3558 1551 3637 1603 καὶ

2066 1645 2127 1699 τὸ
2141 1645 2250 1699 τῶν
2276 1646 2517 1715 σημείων
2551 1644 2773 1715 Πνεῦμα
2803 1644 2904 1697 οὐκ
2930 1642 3145 1706 ἐλαϐεν,
3191 1644 3296 1714 ὅρα
3320 1642 3437 1703 πῶς
3469 1657 3634 1709 φησιν,

2068 1739 2151 1792 ὅτι
2187 1738 2418 1808 Θεωρῶν
2448 1737 2703 1807 δυνάμεις
2725 1738 2821 1790 καὶ
2843 1737 3045 1805 σημεῖα
3076 1733 3361 1803 γινόμενα,
3388 1730 3633 1795 ἐξίστατο,

2071 1831 2166 1883 καὶ
2200 1831 2471 1899 προσῆλθε
2505 1828 2661 1884 τοῦτο
2703 1829 2931 1882 ultime
2988 1825 3404 1886 Ἀκούσαντες.»
3445 1823 3633 1894 Πρόδη-

2072 1922 2181 1987 λον,
2201 1922 2281 1974 ὂτι
2307 1922 2358 1975 οί
2399 1921 2503 1974 ὑπὸ
2535 1920 2798 1975 Φιλίππου
2824 1917 3212 1989 βαπτισθέντες
3247 1916 3308 1969 ἐν
3343 1915 3624 1985 Σαμαρείᾳ,

2073 2010 2323 2083 οὐκῆσαν
2339 2012 2593 2075 λαϐόντες
2616 2010 2835 2078 Πνεῦμα
2853 2008 3024 2077 ἅγιον,
3043 2009 3132 2062 διά
3152 2008 3215 2060 τὸ
3231 2007 3307 2076 μὴ
3333 2006 3475 2076 ἔχειν
3488 2007 3627 2075 χάρι-

2075 2123 2189 2175 σμα
2211 2106 2446 2158 τοιοῦτον
2466 2121 2480 2135 ο
2500 2103 2620 2157 ἐπεὶ
2637 2099 2812 2166 οὗτος,
2830 2102 2933 2173 ἔφη
2954 2102 3050 2170 μὲν
3063 2101 3129 2165 ⁸³,
3155 2093 3235 2163 εἷς
3251 2096 3322 2167 ἦν
3342 2098 3451 2151 τῶν
3474 2099 3598 2151 ἐπτά
3612 2114 3624 2128 ·

2073 2189 2219 2251 οὗτοι
2260 2196 2369 2266 γὰρ
2415 2196 2672 2264 δυνάμεις
2722 2193 2913 2248 ἔλαϐον
2964 2193 3135 2245 ποιεῖν
3167 2192 3394 2262 σημεῖα,
3446 2190 3555 2259 ούχὶ
3582 2189 3629 2241 δέ

2077 2287 2300 2357 Πνεῦμα
2331 2287 2528 2340 διδόναι
2566 2286 2792 2356 ἑτέροις.
2817 2284 2985 2337 Τοῦτο)
3018 2283 3126 2351 γάρ
3175 2278 3243 2351 ἦν
3273 2281 3338 2334 τὸ
3365 2280 3468 2333 τῶν
3515 2280 3629 2332 ἀποο
3660 2340 3665 2345 λ

2077 2378 2277 2431 στόλων
2334 2378 2628 2449 ἐξαίρετον.
2688 2376 2899 2438 Ἄλλως
2939 2393 2998 2428 τε
3033 2373 3111 2439 δὲ,
3155 2374 3217 2427 οῦ
3264 2374 3538 2443 κατήγαγε
3580 2370 3631 2422 τό

2078 2469 2302 2539 Πνεῦμα
2332 2471 2361 2523 ὁ
2380 2470 2644 2531 Φίλιππος
2669 2471 2761 2521 ἐπὶ
2780 2469 2906 2531 τοὺς
2931 2469 3020 2521 ὑπ’
3047 2467 3210 2521 αὐτοῦ
3240 2463 3629 2536 βαπτισθέντις,

2077 2561 2194 2631 ἦτοι
2226 2560 2400 2630 τιμῶν
2427 2560 2554 2624 τοὺς
2590 2560 2923 2622 ἀποστόλους
2950 2559 3029 2627 (οὐ
3071 2560 3176 2629 γὰρ
3212 2557 3288 2618 ὡς
3315 2554 3531 2622 εὐτελὴς
3556 2553 3633 2604 καὶ

2077 2652 2313 2716 ἀνάξιος,
2346 2652 2507 2705 ὁπότε
2564 2653 2658 2705 καὶ
2697 2651 2859 2715 αὐτὸς
2884 2650 3167 2721 ἀνεγράφη
3203 2650 3412 2718 σημεῖα
3433 2660 3631 2712 πεποιη-

398 2741 784 2809 przerogatira.
821 2741 916 2796 Vel
950 2740 1153 2796 aliter:
1187 2741 1464 2811 Philippus
1493 2740 1825 2797 descendere
1867 2758 1975 2797 non

402 2832 648 2888 faciebat
681 2831 947 2902 Spiritum
978 2842 1232 2888 sanctum
1274 2848 1441 2902 supra
1494 2848 1590 2887 eos
1631 2848 1771 2900 quos
1799 2834 1977 2904 bapti-

2080 2742 2212 2806 κὼς,
2269 2746 2363 2797 καὶ
2424 2744 2595 2805 ίάσεις
2643 2745 2834 2807 νόσων,
2882 2744 2975 2795 καὶ
3038 2741 3262 2801 ἐκϐολὰς
3317 2738 3576 2807 δαιμόνων
3595 2735 3628 2798 ),

2078 2835 2194 2888 ἀλλ’
2243 2837 2325 2890 ὅτι
2374 2837 2476 2889 οὐκ
2506 2835 2709 2906 ηὔξατο
2770 2835 2929 2887 τοῦτο
2980 2834 3163 2893 αὐτοῖς
3216 2830 3480 2900 ὑπάρξαι,
3530 2826 3626 2880 ἀλλ’
3712 2891 3719 2899 .

404 2923 587 2989 zabat,
614 2940 723 2978 non
749 2925 822 2979 ob
852 2924 1322 2993 imperfectionem
1355 2939 1529 2987 suam,
1566 2932 1661 2978 aut
1687 2924 1834 2993 quod
1878 2926 1973 2979 boc

2082 2927 2156 2990 ὡς
2215 2927 2401 2997 ἀκμὴν
2453 2927 2528 2997 μὴ
2583 2923 2733 2981 οὖσιν
2804 2924 3128 2996 ἐπιτηδείοις
3207 2924 3341 2992 πρὶς
3398 2921 3493 2991 τὴν
3555 2917 3629 2971 τοῦ

401 3015 728 3083 impetrandi
795 3013 935 3070 foret
990 3015 1248 3085 indignus
1320 3014 1466 3082 (cum
1518 3015 1655 3068 alias
1715 3016 1973 3069 miracula

2082 3018 2402 3087 Πνεύματος
2435 3020 2724 3089 ὑποδοχὴν,
2752 3018 2915 3072 ὁπότε
2950 3019 3043 3070 καὶ
3074 3018 3102 3068 ό
3133 3016 3314 3085 Σίμων
3344 3011 3631 3085 βαπτισθεὶς

402 3104 607 3160 faceret
638 3114 690 3160 et
748 3108 968 3161 morbos
1012 3113 1231 3161 curaret
1278 3114 1333 3160 et
1365 3106 1590 3174 ejiceret
1642 3106 1968 3178 dmmones),

2082 3109 2174 3163 ὑπ’
2214 3110 2403 3173 αὐτοῦ,
2447 3112 2632 3181 ἀκμὴν
2695 3110 2764 3164 τά
2810 3110 2911 3179 τῆς
2976 3107 3179 3177 σαρκὸς
3244 3105 3477 3176 φρονῶν,
3529 3105 3625 3174 ᾔτει

402 3196 500 3252 sed
562 3200 713 3266 quia,
752 3206 813 3253 ut
862 3198 1130 3266 apostolis
1184 3199 1329 3252 hunc
1396 3197 1635 3252 deferret
1688 3198 1973 3263 honorem,

2082 3203 2196 3263 τοῖς
2266 3201 2588 3265 ἀποστόλοις
2657 3200 2747 3253 διὰ
2822 3199 3118 3270 χρημάτων
3197 3199 3398 3260 δόσεως
3477 3194 3635 3248 λαϐεῖν

404 3303 515 3343 non
550 3289 800 3358 rogabat,
838 3296 899 3342 ut
938 3288 989 3342 id
1022 3304 1052 3343 a
1084 3304 1145 3344 se
1176 3289 1465 3359 baptizatis
1513 3289 1852 3359 contingeret
1878 3308 1891 3349 ;
1922 3300 1973 3344 et

2085 3293 2355 3359 ἐξουσίαν,
2381 3286 2424 3359 ᾧ
2457 3292 2522 3347 ἀν
2558 3292 2709 3365 θέλῃ,
2736 3293 2825 3347 διὰ
2851 3296 2948 3363 τῆς
2977 3291 3084 3345 τῶν
3122 3291 3321 3362 χειρῶν
3366 3288 3633 3346 ἐπιθέσεως

402 3378 637 3434 fortasse
673 3380 798 3447 quia
832 3379 868 3434 ii
902 3379 970 3433 ad
1000 3377 1266 3449 Spiritum
1299 3387 1550 3433 sanctum
1591 3381 1964 3451 recipiendum

2082 3384 2256 3438 δοῦναι
2291 3385 2513 3454 Πνεῦμα
2546 3385 2720 3451 ἆγιον.

402 3471 642 3526 nonduin
699 3481 861 3525 erant
909 3470 1129 3530 idonei;
1162 3471 1603 3542 quandoquidem
1662 3479 1716 3526 et
1755 3470 1949 3526 Simon
1979 3473 2287 3544 baptizatus
2356 3493 2443 3541 ea,
2481 3492 2602 3547 quae
2635 3477 2821 3530 carnis
2861 3484 2988 3530 sunt
3037 3474 3275 3542 sapiens,
3300 3472 3366 3526 ab
3399 3465 3633 3539 apostolis

403 3565 625 3636 petebat
676 3574 896 3636 erogata
954 3569 1187 3637 pecunia
1219 3610 1233 3628 .

403 3665 675 3712 sanctum.

750 3749 908 3805 Feria
960 3750 1375 3807 Aliebdomadm
1427 3751 1626 3805 tertiae.

1040 3840 1346 3895 TEXTUS.

476 3932 617 3996 Vill,
654 3934 742 3997 18,
774 3934 863 3988 19.
898 3933 1033 3988 Cum
1095 3936 1324 3990 vidisset
1355 3941 1535 3987 autem
1568 3933 1785 3997 Simon,
1833 3934 1978 4001 quod

404 4043 502 4096 per
560 4025 968 4095 impasitionem
1024 4040 1287 4078 manuum
1336 4025 1711 4092 apostolorum
1759 4023 1982 4076 daretur

409 4116 904 4185 Spiritussanctus,
926 4112 1125 4166 obtulit
1151 4113 1230 4166 eis
1252 4112 1564 4181 pecuniam,
1596 4109 1819 4163 dicens:
1849 4108 1979 4164 Date

406 4218 462 4263 ct
491 4208 623 4260 mibi
659 4206 802 4259 bane.
832 4214 1181 4278 potestatem,
1215 4213 1273 4259 ut
1299 4204 1615 4272 cuicunque
1663 4201 1979 4272 imposuero

408 4311 627 4361 manus,
650 4295 889 4364 accipiat
922 4294 1188 4364 Spiritum
1220 4301 1496 4349 sanctum.

1031 4384 1261 4440 CAPUT
1294 4382 1363 4440 X.

410 4477 564 4544 Quod
620 4495 724 4533 non
785 4478 848 4532 ob
913 4480 1232 4548 pecuniam,
1292 4495 1455 4542 neque
1525 4478 1837 4550 hypocritis,
1894 4482 1984 4534 sed

1326 3575 1383 3621 ut
1442 3575 1761 3636 potestatem
1803 3568 1973 3639 accipi

2104 3570 2268 3626 dandi
2309 3575 2395 3627 cui
2457 3574 2638 3640 vellet,
2697 3589 2956 3627 maturum
3008 3571 3356 3639 impositione
3395 3569 3630 3639 Spir'tua

2479 3757 2556 3827 Τῇ
2610 3755 2664 3811 δ’
2699 3757 2796 3825 τῆς
2860 3763 2920 3825 γ’
2967 3753 3281 3825 ἑϐδομάδος.

2683 3843 2860 3897 ΚΕΙΜ
2871 3844 3075 3897 ΕΝΟΝ.

2156 3938 2503 4007 Θεασάμενός
2544 3938 2601 3990 δὲ
2647 3939 2675 3990 ό
2729 3937 2930 4005 Σίμων,
2976 3938 3056 3989 ὅτι
3096 3936 3184 3989 διὰ
3234 3937 3332 4005 τῆς
3380 3934 3639 3995 ἐπιθέσεως

2086 4029 2193 4082 τῶν
2238 4030 2434 4099 χειρῶν
2474 4029 2582 4081 τῶν
2631 4028 2946 4081 ἀποστόλων
2996 4028 3196 4081 δίδοται
3241 4027 3302 4080 τδ
3352 4027 3558 4097 Πνεῦμα
3591 4025 3638 4076 τὸ

2088 4120 2262 4187 ἅγιον,
2323 4121 2699 4191 προσήνεγκεν
2760 4120 2942 4181 αὐτοῖς
2993 4118 3248 4188 χρήματα
3302 4116 3501 4184 λέγων·
3535 4114 3638 4166 Δότε

2086 4209 2253 4279 κάμοὶ
2292 4211 2391 4279 τὴν
2439 4208 2687 4274 ἐξουσίαν
2718 4208 2944 4275 ταύτην,
2969 4207 3078 4269 ἴνα,
3122 4200 3166 4275 ᾧ
3221 4206 3318 4261 ἐάν
3366 4205 3525 4260 ἐπιθῶ
3562 4203 3641 4262 τὰς

2087 4303 2298 4370 χεῖρας,
2343 4299 2593 4371 λαμϐάνῃ
2630 4297 2852 4367 Πνεῦμα
2903 4297 3077 4365 ἅγιον.

2689 4390 2952 4444 ΚΕΦΑΛ.’
2999 4391 3034 4443 ι’
3055 4429 3068 4442 .

2093 4488 2223 4539 Ὀτι
2278 4488 2350 4539 οὐ
2432 4484 2508 4539 δι’
2553 4482 2859 4552 ἀργυρίου,
2911 4480 3054 4535 οὐδὲ
3109 4478 3478 4549 ὑποκριταῖς,
3529 4475 3641 4532 ἀλλ’

477 4574 681 4628 sanctis
728 4590 819 4643 per
865 4573 1023 4646 ﬁdem
1081 4574 1237 4629 detur
1288 4574 1695 4629 communicatio
1755 4574 1973 4642 Spiritui

2162 4578 2355 4646 ἁγίοις
2405 4574 2504 4629 διὰ
2576 4576 2837 4640 πίστεως
2897 4574 2935 4640 ἡ
3006 4572 3233 4642 μετοχή
3334 4572 3435 4626 τοῦ
3502 4568 3643 4637 ἁγίου

481 4664 677 4718 sancti.

485 4753 615 4819 thl,
649 4756 712 4809 l9
740 4754 830 4809 25.
864 4757 1059 4810 Petrus
1093 4764 1278 4810 autem
1342 4756 1479 4811 dixit
1509 4756 1575 4811 ad
1611 4772 1736 4812 eum
1773 4775 1787 4812 :
1821 4756 1992 4812 Pecu-

415 4839 502 4892 nia
545 4850 632 4892 tua
656 4848 837 4894 tecum
872 4842 945 4895 sit
976 4843 1029 4895 in
1076 4844 1435 4911 perditionem
1458 4884 1473 4910 ,
1497 4846 1759 4915 quoniam
1785 4845 1990 4899 donum

414 4930 511 4985 Dei
535 4932 861 4987 existimasti
890 4935 1117 5004 pecunia
1138 4936 1429 5005 possideri.
1451 4936 1568 4992 Non
1595 4947 1683 4993 est
1714 4937 1809 4992 tibi
1843 4953 1991 5007 pars,

415 5038 594 5090 neque
625 5038 747 5078 sors
779 5024 832 5078 in
888 5040 1146 5082 sermone
1183 5028 1313 5081 isto.
1365 5027 1474 5083 Cor
1499 5029 1645 5083 enim
1694 5036 1849 5082 tuum
1882 5043 1992 5083 non

414 5124 499 5169 est
518 5125 723 5171 rectum
740 5133 924 5172 coram
947 5117 1192 5174 Domino.
1209 5118 1597 5176 Pmnitentiam
1616 5121 1800 5191 itaque
1812 5135 1912 5192 age
1925 5121 1994 5176 ab

422 5206 525 5260 hac
552 5208 796 5276 nequitia
831 5217 920 5264 tua
944 5218 1030 5276 ;et
1056 5225 1182 5280 roga
1202 5209 1398 5276 Deum,
1429 5213 1475 5266 si
1507 5212 1649 5268 forte
1677 5213 1995 5267 remittatur

419 5299 518 5353 tibi
557 5300 669 5355 base
697 5302 952 5370 cogitatio
976 5303 1156 5358 cordis
1183 5304 1284 5357 tui.
1315 5302 1372 5357 In
1421 5303 1547 5359 felle
1593 5304 1737 5359 enim
1792 5305 1991 5358 amari-

375 5391 632 5473 .tudinis
686 5402 743 5448 et
773 5394 1113 5464 obligatione
1168 5394 1482 5464 iniquitatis
1538 5393 1700 5448 video
1734 5403 1787 5449 te
1845 5409 1991 5450 esse.

424 5480 792 5550 Respondeas
845 5491 1028 5538 autem
1064 5484 1282 5550 Simon,
1323 5485 1495 5538 dixit:
1558 5483 1867 5538 Prceamiai
1900 5498 1997 5538 vos

426 5585 644 5640 prorae
703 5572 771 5627 ad
828 5572 1144 5643 Dominum,
1172 5583 1232 5629 ut
1256 5575 1396 5629 nihil
1448 5573 1631 5630 veniat
1684 5589 1852 5645 super
1906 5590 1993 5629 mc

2168 4670 2516 4734 Πνεύματος
2568 4666 2816 4719 δίδοται.

2173 4756 2309 4812 Εἷπε
2337 4760 2393 4811 δὲ
2422 4757 2571 4827 αὐτῷ
2603 4760 2632 4811 ὁ
2664 4759 2866 4828 Πέτρος
2892 4773 2905 4787 ο
2937 4757 3010 4808 Τὸ
3052 4754 3321 4825 ἀργύριόν
3352 4771 3443 4806 σου
3472 4753 3556 4804 σὺν
3581 4747 3645 4801 σοὶ

2098 4848 2183 4919 εἴη
2210 4850 2291 4912 είς
2315 4848 2612 4911 ἀπώλειαν,
2663 4848 2743 4900 ὅτι
2771 4845 2869 4917 τὴν
2901 4845 3110 4915 δωρεὰν
3136 4844 3233 4897 τοῦ
3262 4843 3397 4897 Θεοῦ
3430 4842 3646 4911 ἐνόμισας

2099 4938 2187 4991 διὰ
2245 4940 2543 5010 χρημάτων
2583 4937 2835 4992 κτᾶσθαι.
2891 4937 3005 4990 Οὐκ
3061 4935 3177 4989 ἔστι
3231 4952 3315 4989 σοι
3365 4933 3513 5004 μερὶς
3551 4927 3647 4982 οὐδὲ

2102 5029 2302 5099 κλῆρος
2329 5030 2388 5080 ἐν
2421 5026 2497 5098 τῷ
2534 5027 2678 5097 λόγῳ
2724 5025 2926 5095 τούτῳ.
2970 5026 3033 5078 Ἢ
3060 5025 3169 5095 γάρ
3211 5023 3409 5095 καρδία
3454 5039 3538 5075 σου
3566 5018 3646 5070 οὐκ

2079 5120 2254 5184 ,ἐστιν
2306 5121 2491 5174 εὐθεῖα
2546 5120 2776 5174 ἐνώπιον
2833 5118 2928 5173 τοῦ
2977 5117 3133 5171 Θεοῦ.
3200 5117 3539 5184 Μετανόησον
3573 5108 3646 5162 οὖν

2104 5211 2214 5265 ἀπὸ
2239 5211 2338 5279 τῆς
2377 5210 2576 5270 κακίας
2606 5226 2699 5263 σου
2742 5209 2965 5277 ταύτης,
3002 5208 3096 5260 καὶ
3137 5206 3365 5278 δεήθητι
3406 5203 3495 5258 τοῦ
3514 5195 3643 5261 Θειῦ,

2104 5304 2153 5356 εἰ
2189 5304 2298 5373 ἄρα
2326 5299 2659 5371 ἀφεθήσεταί
2700 5317 2781 5354 σοι
2825 5302 2858 5369 ἡ
2899 5299 3112 5352 ἐπίνοια
3158 5300 3259 5369 τῆς
3304 5297 3521 5368 καρδίας
3554 5304 3645 5343 σου.

2100 5394 2198 5456 Εἰς
2223 5392 2330 5462 γὰρ
2370 5391 2532 5462 χολὴν
2565 5390 2813 5461 πικρίας,
2867 5390 2960 5442 καὶ
3000 5389 3300 5459 σύνδεσμον
3328 5387 3531 5447 ἀδικίας
3558 5377 3643 5450 ὁρῶ

2104 5502 2163 5539 σε
2187 5483 2683 5553 ὅντα.Ἀποκριθεὶς
2712 5482 2769 5535 δὲ
2796 5484 2825 5536 ὁ
2851 5480 3036 5552 Σίμων
3061 5478 3212 5534 εἷπε·
3244 5480 3480 5552 Δεήθητε
3517 5471 3640 5543 ὑμεῖς

2103 5574 2244 5644 ὑπὲρ
2298 5573 2433 5643 ἐμοῦ
2471 5574 2606 5644 πρὸς
2644 5573 2867 5643 Κύριον,
2929 5570 3080 5636 ὅπως
3133 5568 3302 5641 μηδὲν
3351 5565 3533 5635 ἐπέλθῃ
3575 5555 3642 5613 ἐπ’

1607 5705 1808 5770 Varim
1853 5706 2156 5769 lectiones
2203 5711 2261 5767 et
2306 5710 2472 5767 notae

516 5853 1141 5928 θοοείύποκορισάμενος.
1218 5856 1261 5888 ⁶²
1283 5856 1370 5910 ἷσ.
1405 5856 1479 5920 ὡς
1513 5856 1747 5928 ἔφημεν.
