3848 6554
210 423 326 489 925
848 427 1383 490 EXPOSITIONIS
1418 426 1503 488 IN
1541 427 1733 487 ACTA
1770 427 2070 490 TEXTUS
2111 430 2380 490 ALTER.
2423 453 2491 467 -
2522 429 2683 490 CAP.
2725 428 2894 491 VIII.
3387 418 3495 485 996

214 540 320 611 ἐμὲ
373 533 458 596 ὧν
515 539 799 612 εἰρήκατε.
857 542 922 593 Οί
986 543 1084 610 μὲρν
1144 535 1237 594 οῦν
1289 539 1814 612 διαμαρτυράμενοι,

1945 555 2115 594 lorum
2168 556 2289 611 quas
2342 540 2582 596 dixistis.
2614 540 2679 594 Et
2735 537 2810 592 illi
2868 533 3085 605 quidem
3131 530 3407 587 testiﬁcati
3436 540 3492 587 et

216 634 319 688 ita}.
350 633 694 703 λαλήσαντες
732 633 827 685 τὸν
873 633 1029 700 λόγον
1059 633 1152 687 τοῦ
1200 633 1425 703 Κυρίου,
1471 630 1817 701 ὑπέστρεψαν

1945 634 2085 686 oculi
2127 634 2352 688 verbum
2389 631 2627 695 Domini,
2681 630 2933 684 redibant
2987 622 3408 693 Jerosolymam,
3436 631 3493 675 ct

215 726 302 786 είς
377 724 760 795 Ἰερουσαλὴμ,
805 725 1006 787 πολλάς
1048 742 1107 778 τε
1159 724 1353 794 κώμας
1396 722 1505 776 τῶν
1546 724 1822 794 Σαμαρειο

214 815 333 869 τῶν
381 817 836 887 εὑηγγελίσαντο.

806 924 1189 979 EPMHNEIA.

303 1012 368 1066 ’0
402 1012 600 1082 μιαρὸς
636 1005 791 1075 οὗτος
831 1012 1033 1083 Σίμων,
1066 1014 1128 1066 οὑ
1159 1012 1394 1077 πίστεως
1423 1012 1608 1065 ἕνεκεν
1651 1026 1820 1082 προσ-

215 1104 409 1174 φέρων
431 1104 504 1157 τὰ
530 1104 807 1174 χρήματα.
834 1104 951 1175 ᾔτει
971 1102 1133 1158 τοῦτο
1181 1104 1436 1173 γενέσθαι
1472 1103 1641 1172 αὐτῷ,
1695 1102 1823 1156 ἀλλ’

217 1197 365 1250 ὥστε
403 1196 678 1267 πορισμὸν
725 1196 874 1266 αὑτῷ
922 1200 1222 1268 χρημάτων
1269 1197 1512 1269 οἰόμενος
1567 1198 1822 1269 ἀφορμὴν

215 1287 388 1341 τοῦτο
427 1288 706 1356 γενέσθαι.
756 1288 1034 1360 Προσῆλθε
1073 1290 1182 1359 γὰρ
1215 1289 1356 1341 ὥστε
1410 1289 1709 1357 πλουτῆσαι
1736 1290 1824 1343 διὰ

216 1379 333 1431 τῶν
361 1378 634 1448 σημείων,
665 1378 919 1448 τοιαύτην
969 1379 1127 1449 χάριν
1154 1379 1471 1448 δεξάμενος,
1518 1378 1701 1442 καθὼς
1729 1380 1824 1432 καὶ

218 1473 423 1542 πρώην
457 1473 759 1541 φαντασίας
792 1471 1028 1540 ἐνεργῶν
1062 1470 1150 1523 διὰ
1177 1470 1286 1523 τῶν
1327 1469 1624 1540 δαιμόνων.
1663 1469 1824 1523 Ἤτοι

222 1561 518 1631 πειράζων
544 1562 669 1625 τοὺς
703 1560 1033 1624 ἀποστόλους
1062 1559 1219 1613 τοῦτο
1253 1559 1450 1621 ἐποίει,
1502 1558 1825 1627 βουλόμενος

172 1652 177 1659 ’
218 1652 574 1723 κατηγορίαν
608 1651 942 1722 περιϐαλεῖν.
985 1652 1076 1705 Διὸ
1117 1652 1210 1705 καὶ
1242 1649 1457 1703 ἀκούει·
1497 1668 1516 1701 ι
1558 1650 1673 1703 Οὐκ
1709 1649 1824 1701 ἔστι

218 1761 305 1797 σοι
339 1745 513 1816 μερὶς
541 1745 600 1798 ὲν
628 1744 873 1814 τῷλόγῳ
910 1743 1118 1814 τούτῳ·
1152 1744 1185 1813 ἡ
1219 1743 1328 1813 γὰρ
1378 1741 1574 1811 καρδία
1609 1758 1701 1794 σου
1727 1742 1827 1794 οὐκ

216 1833 375 1885 ἐστιν
416 1832 618 1886 εὐθεῖα
683 1830 913 1885 ἐνώπιον
964 1832 1059 1884 τοῦ
1093 1830 1253 1885 θεοῦ.
1312 1830 1660 1899 Μετανὸησον
1709 1823 1826 1892 οῦν,

1921 722 2108 780 multis
2193 724 2509 795 regionibus
2585 721 3058 778 Samaritanorum
3152 714 3496 786 evangeliea-

1919 815 2070 870 bant.

2420 897 2986 959 COMMENTARIUS.

1994 992 2273 1050 Scelestus
2306 995 2398 1049 hic
2434 994 2649 1058 Simon,
2710 993 2920 1063 prolata
2976 985 3233 1058 pecunia,
3272 980 3495 1053 petebat

1923 1087 2086 1154 hujus
2119 1087 2248 1140 doni
2281 1100 2509 1155 compos
2555 1085 2692 1145 ﬁeri.
2727 1098 2835 1137 non
2879 1081 3023 1145 ﬁdei,
3054 1078 3147 1134 sed
3204 1074 3341 1130 lucri
3375 1086 3500 1143 gra-

1927 1179 2022 1233 tia.
2060 1178 2292 1234 Putabat
2348 1178 2580 1242 scilicet,
2636 1175 2804 1246 235
2851 1174 2895 1227 si
2943 1168 3215 1240 ejusmodi
3266 1165 3497 1237 gratiam

1927 1274 2216 1342 reciperet,
2279 1268 2551 1333 futurum,
2611 1274 2694 1332 ιιι,
2768 1260 3225 1331 quemadmodum
3287 1258 3496 1328 pridem

1924 1361 2279 1418 dasmoniacis
2311 1358 2627 1430 praestigiis,
2658 1356 2731 1409 ita
2792 1353 3052 1421 deinceps
3102 1349 3497 1403 miraculorum

1925 1452 2233 1524 patratione
2255 1449 2577 1505 ditesceret.
2616 1445 2734 1508 Vel,
2769 1459 2867 1514 per
2901 1444 3003 1497 hoc
3046 1441 3328 1511 apostolos
3379 1446 3502 1491 ten-

1928 1555 2044 1601 tare
2102 1541 2300 1604 voluit,
2358 1554 2616 1610 quaerens
2683 1537 3015 1592 calumniam
3078 1535 3315 1602 aliquam
3368 1530 3503 1599 ipsis

1927 1635 2201 1704 aliingere.
2247 1633 2314 1687 Et
2343 1629 2547 1686 idcirco
2594 1630 2781 1684 audit:
2818 1648 2836 1678 ι
2872 1626 2992 1683 Νοιι
3041 1635 3127 1681 est
3163 1625 3259 1678 tibi
3289 1637 3416 1693 pars
3445 1622 3500 1675 in

1929 1740 2185 1784 sermone
2242 1725 2384 1789 isto;
2441 1739 2538 1778 cor
2580 1722 2727 1777 enim
2795 1729 3091 1774 tuumnon
3147 1725 3233 1771 est
3290 1720 3501 1767 rectum

1928 1833 2113 1874 coram
2143 1817 2275 1871 Deo.
2308 1813 2691 1870 Paenitentiam
2720 1813 2904 1880 itaque
2933 1825 3033 1880 age
3057 1809 3127 1863 ab
3170 1807 3274 1859 hac
3311 1802 3502 1872 nequi-

217 1927 266 1977 εἰ
293 1925 415 1996 ἄρα
440 1925 772 1994 ἀφεθήσεταί
808 1942 890 1977 σοι
925 1943 944 1975 ι
989 1880 1053 1976 te
1509 1880 1691 1974 V'IIot'Iro

1945 1912 2027 1975 .ia,
2052 1910 2096 1965 si
2125 1908 2266 1964 forte
2295 1907 2608 1961 remittatur
2644 1905 2741 1958 tibi
2782 1922 2801 1955 ι
2833 1904 2937 1958 hoc
2961 1908 3267 1972 peccatum.
3292 1895 3502 1961 Quibus

216 2018 544 2079 δεικνύντος
568 2019 733 2078 ἐστὶν,
762 2017 837 2080 ὡς
864 2015 1309 2088 δυσκατόρθωτον
1353 2017 1412 2067 τὸ
1444 2015 1696 2084 πρᾶγμα,
1734 2014 1829 2067 καὶ

220 2109 441 2178 πολλῆς
475 2109 726 2178 δεόμενον
757 2109 1064 2179 μετανοίας,
1101 2110 1217 2171 τοῖς
1262 2107 1343 2167 είς
1385 2106 1518 2159 αὐτὸ
1576 2106 1636 2158 τὸ
1689 2106 1830 2158 θεῖον

221 2199 724 2267 ἑξαμαρτάνουσιν,
755 2202 834 2262 είς
861 2199 890 2252 θ
919 2200 1013 2252 καὶ
1030 2199 1235 2268 Σίμων,
1255 2197 1516 2267 ἀργυρίου
1539 2197 1833 2250 ὑπακούειν

221 2293 302 2354 είς
342 2292 457 2354 τὰς
491 2292 766 2361 ἐνεργείας
803 2291 863 2343 τὸ
903 2288 1127 2360 Πνεῦμα
1158 2290 1220 2342 τὸ
1270 2289 1423 2356 ἆγιον
1463 2287 1829 2357 ἡγησάμενος.

223 2382 343 2436 Καὶ
405 2381 605 2444 άλλωςο
669 2400 688 2434 ι
740 2381 815 2434 Τὸ
865 2380 1127 2452 ἀργύριόν
1188 2398 1281 2434 σου
1341 2380 1438 2433 σὺν
1490 2380 1574 2432 σοὶ
1618 2381 1702 2449 είη
1752 2379 1833 2441 εἰς

222 2473 516 2527 ἀπώλειαν
536 2489 550 2503 '
590 2492 609 2525 ι
643 2475 742 2527 οὐκ
768 2472 882 2526 ἔστι
909 2472 1082 2526 ταῦτα
1123 2471 1399 2542 ἀραμένου
1431 2473 1495 2534 ⁸³,
1547 2470 1683 2524 ἀλλὰ
1705 2488 1834 2522 παι-

226 2560 524 2625 δεῦοντος,
569 2561 643 2622 ὡς
671 2562 736 2616 ἄν
773 2578 855 2625 τις
910 2562 1074 2632 εἴπῃσ
1131 2561 1205 2613 Τὸ
1260 2561 1524 2631 ἀργύριόν
1571 2577 1663 2613 σου
1713 2577 1836 2613 συν-

230 2652 507 2706 απόλοιτό
535 2669 615 2705 σοι
641 2652 779 2721 μετὰ
806 2653 907 2721 τῆς
932 2652 1323 2722 προαιρέσεως.
1360 2670 1378 2703 ι
1414 2652 1471 2704 Ἀ
1484 2650 1779 2721 ποκριθείς.
1810 2669 1829 2701 ι

227 2744 305 2796 θὺ
373 2743 599 2809 κολάζει
660 2743 756 2797 νῦν
802 2744 893 2797 τὸν
956 2743 1196 2812 Σίμωνα,
1254 2742 1439 2805 καθὼς
1498 2741 1686 2813 πρώην
1739 2743 1832 2794 τὸν

239 2834 530 2899 ⁹Δνοινίαν,
559 2836 645 2888 ἵνα
669 2836 817 2906 δείξῃ
847 2835 929 2887 ὅτι
965 2835 1066 2887 οὐκ
1094 2835 1342 2902 ἀνάγκης
1381 2836 1413 2903 ἡ
1472 2834 1675 2897 πίστις,
1722 2831 1838 2886 ἀλλ’

229 2914 324 2977 ἵνα
354 2923 459 2976 καὶ
491 2924 558 2976 τά
591 2922 690 2988 τῆς
720 2923 1005 2991 μετανοίας
1033 2923 1324 2993 εἰσαγάγῃ.
1355 2923 1538 2993 Ἀρκεῖ
1565 2921 1674 2992 γὰρ
1703 2922 1839 2991 πρὸς

229 3011 537 3082 διόρθωσιν
567 3012 628 3066 τὸ
656 3012 892 3079 ἐλέγξαι,
934 3012 1027 3066 καὶ
1052 3013 1112 3065 τὸ
1139 3011 1207 3064 τά
1228 3014 1284 3065 ὲν
1314 3015 1380 3081 τῇ
1410 3010 1607 3081 καρδία
1632 3012 1840 3092 εἰπεῖν,

231 3102 331 3154 καὶ
360 3103 428 3155 τὸ
452 3101 658 3156 ἐκεῖνον
685 3103 1018 3173 ὁμολογῆσαι
1054 3104 1135 3156 ὅτι
1181 3102 1344 3156 ἑάλω.
1383 3102 1456 3154 Τὸ
1492 3102 1600 3171 γὰρ
1644 3103 1840 3162 εἰπεῖν,

1929 2000 2110 2056 verbis
2149 1997 2632 2059 ostenditPetrus,
2658 1994 2892 2049 difﬁcilis
2941 1988 3342 2047 emendationis
3388 2000 3502 2039 rem

1929 2105 2052 2146 esse
2104 2088 2478 2158 sacrilegium,
2538 2097 2593 2140 et
2648 2085 2716 2138 iis
2763 2084 2857 2153 qui
2911 2083 2965 2135 in
3016 2078 3150 2134 illud
3216 2077 3502 2139 labuntur,

1932 2181 2104 2235 multa
2139 2195 2279 2250 opus
2302 2194 2427 2234 esse
2452 2174 2794 2247 paenitentia.
2849 2171 2993 2226 Sane
3036 2170 3089 2223 in
3143 2183 3259 2222 rem
3292 2179 3505 2221 sacram

1932 2270 2178 2342 peccavit
2210 2284 2275 2324 ac
2325 2266 2614 2336 sacrilegio
2663 2279 2723 2320 se
2773 2260 3072 2318 obstrinxit
3133 2258 3345 2321 Simon,
3378 2253 3505 2305 dum

1930 2360 2290 2425 existimavit,
2346 2357 2611 2429 Spiritnm
2672 2368 2925 2411 sanctum
2969 2352 3022 2406 in
3087 2346 3509 2417 operationibus

1939 2453 2054 2508 suis
2078 2451 2323 2521 pecunia!
2337 2450 2866 2516 obtemperaturum.
2897 2443 3070 2498 Aliter
3096 2459 3111 2497 :
3136 2441 3251 2494 IIoc
3277 2438 3508 2498 dictum,

1940 2564 1959 2597 ι
1990 2544 2228 2599 Pecunia
2247 2552 2334 2596 tua
2351 2549 2531 2595 tecum
2551 2540 2623 2592 sit
2645 2539 2698 2591 in
2718 2536 3101 2606 perditionem,
3129 2554 3146 2585 ι
3167 2549 3277 2587 non
3294 2527 3514 2583 maledi-

1942 2632 2120 2687 centis
2149 2637 2253 2695 est,
2282 2629 2377 2684 sed
2395 2626 2775 2695 corripientis,
2795 2639 2859 2679 ac
2887 2625 2932 2679 si
2963 2623 3193 2677 dixisset
3229 2639 3245 2677 :
3276 2619 3512 2673 Pecunia

1938 2727 2031 2782 tibi
2076 2735 2279 2797 pereat,
2306 2740 2412 2779 una
2446 2739 2569 2778 cum
2595 2736 2760 2790 prava
2788 2720 2891 2774 hac
2916 2728 3008 2772 tua
3044 2718 3342 2776 voluntate.
3365 2732 3382 2764 ι
3408 2712 3514 2765 Bc-

1939 2820 2234 2890 spondens.
2264 2836 2282 2870 ι
2321 2818 2586 2872 Caeterum
2614 2814 2811 2869 Petrus
2833 2814 3079 2882 increpat
3106 2808 3325 2879 quidem
3345 2820 3467 2861 eum
3493 2820 3511 2871 ;

1941 2929 2051 2967 non
2085 2921 2265 2966 tamen
2291 2908 2582 2964 couIestim
2618 2907 2798 2977 punit,
2834 2904 2911 2958 uti
2939 2909 3097 2956 antea
3123 2899 3386 2955 Auaniam
3410 2912 3515 2964 pu~

1952 3005 2109 3067 nivit,
2130 3012 2184 3058 et
2215 3011 2274 3055 ut
2296 3002 2548 3057 ostendat
2578 3001 2735 3055 ﬁdem
2759 3004 3004 3054 coactam
3023 3008 3147 3049 esse
3169 3007 3276 3045 non
3297 2989 3517 3051 debere,

1944 3105 1995 3152 et
2020 3105 2077 3149 ut
2098 3097 2272 3165 ipsum
2294 3094 2359 3148 ad
2382 3092 2761 3164 paenitentiam
2781 3091 2863 3147 sic
2887 3086 3130 3143 inducat.
3161 3082 3241 3137 Ad
3258 3081 3533 3137 emcnda-.

231 3190 319 3244 ὅτι
395 3209 416 3242 ι
476 3190 715 3261 Δεήθητε
790 3192 945 3258 ὑμεῖς
1014 3190 1153 3262 ὑπὲρ
1198 3190 1355 3259 ἐμοῦ,
1405 3210 1423 3242 ι
1487 3190 1644 3244 τοῦτό
1694 3194 1843 3244 ἐστιν

1948 3190 2151 3244 tionem
2181 3187 2325 3242 enim
2355 3185 2681 3248 sulliciebat,
2715 3182 2863 3255 quod
2910 3188 3153 3251 gesserat
3182 3175 3517 3246 improbare,

232 3279 657 3349 ὁμολογοῦντος,
711 3281 759 3333 si
787 3282 879 3333 καὶ
930 3279 1005 3351 μὴ
1068 3279 1176 3332 ἀπὸ
1227 3279 1394 3350 ὀρθῆς
1447 3279 1543 3332 καὶ
1600 3278 1841 3348 σφοδρᾶς

232 3371 543 3434 διαθέσεως
592 3371 827 3440 ἐλέγετο.

1950 3298 2073 3352 qua:
2113 3281 2165 3334 in
2203 3279 2370 3334 corde
2399 3287 2559 3332 erant
2614 3276 2865 3347 proferre
2903 3281 2958 3327 et
3001 3270 3253 3328 conﬁteri
3285 3282 3344 3323 se
3393 3281 3522 3334 cap-

1936 3381 2049 3426 tum
2090 3387 2253 3437 esse;
2287 3378 2343 3426 et
2367 3386 2500 3424 sane
2529 3369 2701 3422 illud:
2760 3385 2779 3418 ι
2815 3363 3123 3419 Precamini
3178 3376 3277 3414 vos
3306 3372 3404 3427 pro
3433 3370 3520 3410 me

235 3461 306 3523 εισι
339 3462 657 3523 Dmninttm,
689 3480 707 3512 ι
737 3471 1019 3531 peccatum
1054 3461 1398 3532 agnoscentis
1452 3470 1509 3516 et
1567 3460 1883 3518 conﬁtentis
1918 3472 2057 3530 erat,
2096 3456 2412 3533 quanquam
2452 3477 2560 3516 non
2599 3459 2735 3514 adeo
2781 3457 2997 3513 sincero
3053 3461 3110 3510 et
3158 3450 3334 3507 valido
3396 3447 3524 3501 all‘e'

237 3561 363 3615 ctu,
391 3559 450 3603 ut
481 3552 787 3621 oportebat,
821 3553 1092 3622 prolatum
1127 3552 1197 3605 ab
1221 3567 1286 3606 eo
1314 3550 1503 3605 fuerit.

841 3642 1089 3697 ΚΕΦΛΔ.
1125 3640 1227 3695 ιη’.

2553 3630 2783 3690 CAPUT
2810 3629 2925 3686 XII.

244 3735 386 3790 Ὀτι
415 3734 541 3802 τοῖς
573 3735 818 3805 ἀγαθοῖς
843 3735 942 3790 καὶ
963 3736 1205 3802 πιστοῖς
1231 3734 1436 3794 abode?
1458 3737 1490 3789 ό
1538 3734 1683 3801 Θεὸς
1714 3734 1830 3802 τὴν

1945 3730 2073 3797 Quod
2134 3729 2272 3783 Deus
2330 3726 2491 3783 bonos
2559 3735 2609 3780 et
2657 3724 2837 3795 ﬁdeles
2883 3721 2954 3775 ad
3005 3718 3234 3774 salutem
3278 3728 3527 3785 prospere

316 3830 653 3897 σωτηρίαν,
684 3828 880 3898 δῆλον
919 3829 990 3883 ἐκ
1032 3828 1146 3897 τῆς
1210 3827 1360 3882 κατὰ
1400 3829 1508 3882 τὸν
1533 3827 1831 3897 εὐνοῦχον

319 3921 701 3988 ὑποθέσεως.

686 4011 767 4084 Τῇ
814 4017 856 4065 ε’
877 4012 975 4083 τῆς
1007 4009 1056 4080 γ’
1086 4011 1406 4084 ἑϐδομάδος.

248 4102 499 4174 Λέγεται
549 4104 648 4158 καὶ
703 4106 786 4169 είς
835 4103 937 4174 τὴν
987 4104 1183 4173 ἑορτὴν
1215 4104 1312 4158 τοῦ
1347 4106 1503 4174 ἁγίου
1533 4104 1831 4159 Φιλίππου.

849 4194 1241 4251 ΚΕΙΜΕΝΟΝ.

330 4287 608 4357 Ἀγγελος
646 4287 705 4341 δὲ
751 4288 959 4360 Κυρίου
996 4288 1227 4356 ὲλάλησε
1276 4289 1414 4360 πρὸς
1460 4289 1725 4343 Φίλιππον
1752 4288 1839 4343 λέ-

254 4396 398 4449 γων·
446 4379 740 4450 ’Δνάστηθι
769 4382 865 4434 καὶ
890 4381 1125 4451 πορεύου
1156 4382 1300 4436 κατὰ
1342 4382 1712 4452 μεσημϐρίαν,
1745 4381 1840 4434 ἐπὶ

251 4473 365 4545 τὴν
392 4472 512 4527 δδδν
544 4472 662 4543 τὴν
698 4472 1136 4526 καταϐαίνουσαν
1191 4473 1302 4526 ἀπὸ
1345 4473 1705 4543 Ἰερουσαλὴμ
1760 4472 1842 4535 είς

253 4565 471 4629 Γάζαν
507 4564 649 4634 αῦτη
682 4558 830 4618 ἐστὶν
861 4564 1085 4636 ἔρημος.
1131 4566 1239 4618 Καὶ
1273 4565 1513 4628 ἀναστὰς
1540 4563 1842 4634 ἐπορεύθη·
1876 4607 1930 4667 D

256 4659 363 4713 καὶ
406 4658 517 4712 ἰδοὺ
545 4656 685 4730 ἀνὴρ
718 4655 912 4724 Αίθίοψ
945 4656 1197 4726 εὐνοῦχος
1243 4654 1512 4718 δυνάστης
1563 4652 1851 4721 Κανδάκης

264 4748 376 4820 τῆς
436 4748 758 4819 βασιλίσσης
791 4747 1088 4810 Αἰθιόπων,
1129 4747 1188 4809 ὃς
1238 4741 1310 4817 ἦν
1366 4745 1461 4799 ἐπὶ
1512 4744 1697 4814 πάσης
1751 4745 1851 4813 τῆς

260 4842 448 4912 γάζης
474 4839 671 4909 αὐτῆς,
720 4840 780 4902 ὃς
824 4838 1074 4908 ἐληλύθει
1111 4838 1511 4909 προσκυνήσων
1545 4837 1624 4901 εἰς
1653 4836 1851 4905 Ἱερουο

267 4933 481 5004 σαλήρκ
510 4926 580 5003 ἦν
609 4948 670 4984 τε
702 4930 1088 5002 ὑποστρέφων,
1140 4930 1232 4982 καὶ
1270 4928 1577 5000 καθήμενος
1615 4929 1708 4981 ὲπὶ
1756 4925 1849 4979 τοῦ

267 5024 522 5095 ἅρματος
591 5023 761 5077 αὑτοῦ
793 5061 809 5087 ,
861 5022 958 5076 καὶ
1018 5021 1351 5089 ἀνεγίνωσκε
1410 5022 1504 5074 τὸν
1560 5020 1851 5091 προφήτην

280 5117 534 5169 Ἡσαΐαν.
550 5111 685 5169 Εῐπε
718 5114 777 5168 δὲ
803 5114 864 5168 τὸ
880 5112 1106 5184 Πνεῦμα
1128 5113 1207 5184 τῷ
1223 5113 1475 5184 Φιλίππῳ
1498 5128 1512 5141 ·
1544 5111 1850 5183 Πρόσελθε,

270 5209 365 5263 καὶ
382 5208 674 5278 κολλήθητι
702 5207 780 5278 τῷ
797 5207 1001 5277 ἅρματι
1027 5206 1218 5276 τούτῳ.
1242 5202 1611 5275 Προσδραμὼν
1630 5201 1688 5255 δὲ
1712 5202 1740 5253 ὁ
1769 5201 1859 5254 Φί-

270 5296 495 5360 λιππος,
517 5296 749 5366 ἡκουσεν
778 5294 945 5349 αὑτοῦ
969 5294 1435 5363 ἀναγινώσγοντος
1455 5292 1547 5345 τὸν
1571 5293 1855 5365 προφήτην

287 5386 646 5450 Thaumaci
686 5384 858 5440 εἶπεν·
896 5384 1051 5459 *Αρά
1091 5404 1156 5454 γε
1195 5385 1484 5452 γινὼσηις
1519 5384 1555 5438 ἂ
1586 5384 1855 5451 ἀναγινώ-

278 5492 431 5540 σκεις
445 5494 460 5543 ;
476 5476 539 5531 Ὀ
554 5478 610 5531 δὲ
628 5473 772 5531 εἷπε·
792 5478 916 5542 Πῶς
941 5480 1051 5549 γὰρ
1072 5479 1138 5533 ἂν
1154 5478 1442 5549 δυναίμην,
1462 5477 1559 5530 ἐὰν
1584 5478 1755 5546 μήτις
1772 5477 1858 5529 ὁδ-

279 5568 468 5640 ηγήσῃ
503 5583 611 5638 pe;
664 5567 1009 5639 παρεκάλεσέ
1040 5586 1101 5622 τε
1145 5571 1236 5625 τὸν
1277 5569 1543 5623 Φίλιππον
1574 5565 1852 5620 ἀναϐάντα

1995 3822 2157 3876 ducat
2189 3837 2207 3876 :
2238 3820 2397 3890 idque
2424 3818 2766 3889 manifestum
2788 3830 2854 3871 ea:
2881 3829 2942 3869 eo
2972 3810 3112 3883 quod
3161 3807 3379 3878 contigit
3426 3822 3523 3860 ειι-

1998 3913 2188 3969 nncho.

2318 4000 2479 4056 Feria
2503 4000 2536 4055 5
2563 3994 2920 4054 hebdomada:
2951 3993 3146 4049 tertias.

2210 4095 2421 4150 Dicitur
2451 4092 2615 4148 etiam
2647 4090 2701 4143 in
2734 4087 2873 4143 festo
2898 4086 2958 4141 S.
2985 4081 3243 4153 Philippi.

2588 4179 2887 4234 'I'EXTUS.

2012 4278 2348 4345 νιιιλοοδε).
2373 4275 2615 4347 Angelus
2646 4280 2828 4326 autem
2865 4267 3081 4323 Domini
3112 4252 3325 4319 locutus
3349 4267 3432 4314 est
3462 4257 3529 4312 ad

1942 4374 2252 4444 Philippum
2280 4370 2469 4424 dicens
2493 4385 2507 4421 :
2560 4366 2733 4433 Surge
2764 4372 2820 4417 et
2848 4360 2985 4416 vade
3014 4366 3205 4412 contra
3227 4351 3529 4413 meridiem,

1954 4466 2023 4519 ad
2066 4441 2207 4517 viam
2230 4475 2353 4531 qua:
2371 4456 2657 4513 descendit
2673 4454 2743 4507 ab
2762 4449 3064 4508 Jerusalem
3086 4447 3139 4500 in
3156 4445 3357 4500 Gazam
3384 4460 3397 4495 :
3419 4441 3533 4493 hazc

1952 4563 2035 4611 est
2063 4556 2301 4608 deserta.
2333 4549 2398 4603 Et
2426 4560 2658 4617 surgens
2683 4543 2839 4598 abiit.
2875 4541 2938 4594 Et
2967 4553 3096 4593 ecce
3132 4535 3216 4591 vir
3248 4531 3528 4600 A‘Jthiops,

1957 4646 2267 4710 eunuchus,
2306 4626 2503 4713 potens
2534 4635 2805 4692 Candacis
2831 4632 3034 4703 reginae
3064 4628 3404 4696 Ethiopum,
3436 4620 3529 4692 qui

1957 4748 2077 4794 erat
2106 4751 2270 4806 super
2294 4747 2488 4789 omnes
2517 4744 2680 4802 gazas
2718 4728 2861 4798 ejus,
2898 4730 3123 4778 venerat
3184 4719 3420 4776 adorare
3473 4715 3529 4768 in

1958 4828 2292 4884 Jerusalem:
2333 4834 2389 4880 et
2423 4823 2801 4878 revertebatur
2856 4817 3054 4873 sedens
3091 4826 3257 4882 super
3311 4821 3530 4865 currum

1966 4938 2149 4988 suum,
2200 4921 2497 4988 legensque
2552 4914 2747 4969 Isaiam
2789 4910 3131 4982 prophetam.
3163 4903 3309 4957 Dixit
3349 4909 3531 4953 autem

1959 5013 2198 5084 Spiritus
2228 5009 2513 5078 Philippo:
2539 5004 2748 5061 Accede
2793 5009 2848 5055 et
2873 4991 3110 5067 adiunge
3139 5004 3189 5048 te
3214 4991 3279 5084 ad
3307 5002 3529 5084 currum

1960 5080 2153 5162 istum.
2212 5103 2523 5158 Accurrens
2569 5104 2751 5150 autem
2786 5090 3095 5158 Philippus,
3148 5080 3354 5137 audivit
3405 5091 3531 5132 eum

1959 5199 2228 5268 legentem
2262 5192 2458 5248 Isaiam
2491 5189 2829 5260 prophetam,
2859 5190 2914 5236 et
2958 5177 3099 5233 dixit
3126 5191 3139 5227 :
3169 5175 3407 5228 Putasne
3452 5168 3540 5268 in:

1964 5260 2162 5359 teIligis
2191 5300 2315 5356 quae
2338 5281 2515 5352 legis?
2544 5280 2645 5347 Qui
2677 5278 2754 5331 ait
2779 5294 2791 5329 :
2828 5272 2887 5326 Et
2910 5267 3186 5359 quomodo
3192 5276 3457 5359 possunt,
3491 5260 3535 5313 si

1965 5352 2324 5446 non'aliquis
2374 5372 2537 5443 236
2577 5366 2879 5423 ostenderit
2946 5358 3127 5415 mihi?
3191 5352 3572 5446 Rogavitqne.

1963 5471 2277 5541 Philippum
2305 5475 2365 5520 ut
2398 5460 2742 5524 ascenderet,
2777 5464 2833 5511 et
2861 5452 3075 5514 sederet
3109 5462 3323 5504 secum.
3358 5445 3535 5498 Locus
3606 5448 3609 5451 '

1966 5538 2149 5616 autem
2182 5558 2484 5628 Scriptura:
2502 5568 2663 5623 quam
2690 5547 2900 5621 legebat
2930 5552 3049 5600 erat
3087 5541 3214 5599 hic:
3257 5538 3544 5608 Tanquam

1469 5723 1669 5786 Variae
1701 5721 2003 5786 lectiones
2048 5727 2109 5783 et
2152 5722 2338 5780 notae.

357 5846 405 5880 “
433 5846 743 5920 άρωμένου.
