3848 6556
446 450 548 514 931

1371 446 1947 507 TllEOPllYl.ACTi
1984 445 2397 507 BULGARL'E
2438 447 2794 509 ARCHIEP.

3537 462 3623 525 932

432 564 570 636 gas:
598 570 657 618 ιιι
680 562 725 616 si
758 575 899 629 quos
932 558 1233 615 invenisset
1268 558 1433 626 hujus
1484 558 1583 610 via:
1614 557 1761 609 viros
1799 570 1863 609 ac
1895 570 2017 608 mu-

2123 555 2268 618 ὅπως
2291 554 2388 607 ἐάν
2427 571 2581 618 τινας
2608 555 2746 629 εὕρῃ
2788 556 2888 627 τῆς
2922 556 3045 610 ὀδοῦ
3067 558 3242 624 ὂντας,
3274 562 3456 633 ἄνδρας
3486 585 3535 621 τε
3558 576 3634 626 καὶ

438 660 621 718 lieres,
645 655 855 709 vinctos
876 651 1199 719 perduceret
1234 649 1288 701 in
1310 646 1639 702 Jerusalem.
1673 646 1739 699 Et
1767 660 1888 700 cum
1918 645 2023 699 iter

436 748 665 809 faceret,
717 739 948 809 contigit
995 746 1056 792 ut
1093 737 1562 808 appr0pinqnaret
1641 735 1906 789 Damasco
1964 744 2022 789 et

434 836 619 891 subito
677 830 1044 886 cirenml’ulsit
1078 844 1202 883 eum
1260 829 1349 881 lux
1398 826 1465 881 de
1504 827 1668 883 cudo.
1718 827 1782 880 Et
1818 824 2021 880 cadens

435 930 489 981 in
542 936 746 980 terram
803 922 1015 976 audivit
1073 934 1261 975 vocem
1314 920 1587 974 dicentem
1636 917 1741 972 sibi
1787 915 2019 983 :Saulc,

433 1025 615 1087 Saule,
652 1019 784 1090 quid
834 1034 919 1072 me
963 1016 1354 1088 persequeris?
1403 1014 1506 1080 Qui
1560 1012 1728 1067 dicit:
1766 1009 1902 1077 Quis
1938 1022 2039 1074 es,

434 1112 700 1168 Domine?
729 1110 795 1165 Et
825 1111 960 1165 ille:
1007 1108 1119 1177 Ego
1175 1123 1296 1163 sum
1348 1105 1510 1162 Jcsus
1570 1120 1731 1174 quem
1792 1114 1848 1158 tu
1898 1118 2023 1172 per-

435 1205 726 1273 sequeris;
783 1202 982 1256 durum
1023 1211 1109 1255 est
1164 1199 1261 1253 tibi
1316 1207 1509 1253 contra
1572 1196 1856 1250 stimulum
1916 1194 2025 1247 cal-

434 1296 656 1349 citi-are.
718 1293 785 1346 Et
878 1306 1119 1347 tremens
1187 1304 1252 1344 ac
1330 1297 1563 1359 stupens
1640 1287 1836 1341 dixit:
1912 1285 2026 1341 Do-

436 1387 604 1451 tninc,
637 1386 767 1454 quid
804 1400 891 1438 me
939 1385 1017 1439 vis
1066 1381 1284 1437 facere?
1322 1379 1387 1434 Et
1434 1379 1699 1434 Dominus
1735 1378 1804 1433 ad
1845 1392 1967 1433 eum
2004 1396 2020 1435 :

440 1476 721 1546 Surge‘ct
766 1475 1055 1545 ingredere
1106 1473 1407 1533 civitatem,
1436 1480 1489 1525 et
1525 1470 1598 1525 ibi
1652 1470 1871 1524 dicetur
1923 1466 2021 1521 tibi

435 1570 568 1639 quid
609 1578 664 1622 te
731 1575 979 1636 Oporteat
1020 1565 1221 1619 facere.
1258 1561 1371 1615 Viri
1431 1573 1610 1615 autem
1660 1560 1759 1627 illi,
1797 1560 1889 1629 qui
1931 1573 2024 1613 co-

437 1660 778 1733 mitabantur
809 1672 933 1710 cum
978 1672 1066 1723 eo,
1110 1655 1329 1710 stabant
1363 1652 1684 1724 stupefacti,
1735 1652 2023 1707 audientes

439 1753 661 1823 quidem
698 1765 911 1817 vocem,
948 1750 1221 1803 neminem
1253 1755 1435 1801 autem
1467 1746 1740 1800 videntes.
1776 1743 2022 1798 Surrexit

439 1850 620 1896 autem
648 1841 848 1895 Saulus
871 1840 939 1894 de
968 1846 1136 1901 terra,
1171 1836 1486 1905 apertisque
1520 1833 1696 1889 oculis
1750 1831 2021 1886 neminem

2122 649 2423 714 γυναῖκας,
2473 647 2793 717 δεδεμένους
2841 648 3027 721 ἀγάγῃ
3069 653 3147 715 είς
3182 652 3527 728 Ἰερουσαλήμ,
3565 664 3634 716 Ἐν

2123 739 2179 792 δὲ
2210 738 2290 809 τῷ
2322 737 2651 809 πορεύεσθαι
2676 741 2861 805 αὐτὸν,
2901 743 3120 810 ἐγένετο
3145 745 3378 812 ἐγγίζειν
3401 753 3461 819 τῇ
3488 754 3635 824 Δαμα.

2126 829 2261 899 σκῷ,
2297 830 2393 883 καί
2421 829 2683 901 ἐξαίφνης
2730 833 3139 904 περιήστραψεν
3167 836 3327 889 αὑτὸν
3357 840 3461 907 φῶς
3485 846 3540 896 ἐκ
3562 848 3635 899 τοῦ

2122 923 2376 993 οὐρανοῦ,
2408 924 2502 975 καὶ
2556 924 2739 977 πεσὼν
2791 924 2888 977 ἐπὶ
2927 926 3026 995 τὴν
3073 927 3207 997 γῆν,
3254 929 3442 999 ἤκουσε
3490 939 3638 1009 φωνὴν

2123 1018 2389 1085 λέγουσαν
2421 1016 2592 1087 αὐτῷ’
2627 1018 2820 1083 Σαοὺλ,
2854 1019 3059 1084 Σαοὺλ,
3090 1019 3145 1073 τί
3181 1039 3247 1092 με
3278 1023 3515 1093 διώκεις
3542 1028 3637 1084 εἷπε

2124 1110 2204 1163 δέ’
2235 1110 2332 1172 Τίς
2359 1105 2429 1176 εἴ,
2471 1109 2683 1179 Κύριε;
2735 1110 2795 1162 '0
2840 1110 2898 1164 δὶ
2948 1110 3158 1183 Κύριος
3193 1112 3362 1169 εἶπεν⁶
3394 1118 3521 1186 Ἐγὼ
3546 1124 3636 1193 είμι

2139 1200 2343 1271 Ἰησοῦς
2392 1200 2452 1254 ὃν
2504 1199 2569 1252 σὺ
2609 1200 2863 1264 διώκεις’
2899 1203 3135 1274 σκληρόν
3182 1222 3261 1258 σοι
3303 1208 3433 1278 «pb;
3480 1212 3637 1283 κέντρα

2122 1292 2418 1356 λακτίζειν.
2456 1291 2688 1362 Τρέμων
2716 1310 2798 1356 τε,
2830 1294 2928 1348 καὶ
2958 1294 3205 1367 θαμϐὦν,
3236 1294 3373 1352 εἷπε·
3406 1301 3573 1372 Κύριε,
3598 1306 3637 1357 τε

2125 1396 2194 1451 με
2252 1380 2429 1443 θέλεις
2468 1380 2734 1450 ποιῆσαις
2793 1384 2906 1436 Kal.
2968 1385 2998 1436 ό
3056 1385 3261 1455 Κύριος
3319 1390 3447 1458 πρδς
3490 1392 3635 1445 αὐτόν·

2122 1473 2436 1543 ’Λνάσθητι,
2468 1474 2564 1528 καὶ
2590 1474 2799 1530 εἴσελθε
2829 1478 2907 1540 είς
2930 1478 3026 1549 τὴν
3056 1480 3234 1543 πόλιν,
3264 1482 3416 1535 κάκεῖ
3450 1484 3639 1556 λαληθὴ-

2126 1562 2280 1613 σεταί
2315 1578 2396 1615 σοι
2420 1562 2474 1615 τί
2499 1580 2558 1616 σε
2580 1564 2662 1618 δεῖ
2686 1567 2883 1619 ποιεῖν.
2906 1567 2968 1618 Οἱ
3012 1567 3068 1619 δέ
3100 1568 3294 1639 ἀνδρες
3312 1571 3361 1623 οἱ
3385 1572 3639 1625 συνοδεύον-

2122 1669 2214 1714 τες
2254 1653 2401 1723 αύτῷ
2461 1655 2806 1725 ενίστήκεισαν
2846 1656 3007 1724 ἐνεοὶ,
3033 1657 3321 1723 ἀκούοντες
3342 1661 3432 1729 μὲν
3454 1664 3536 1731 τῆς
3552 1680 3638 1730 φω-

2124 1744 2243 1814 νῆς,
2280 1746 2488 1814 μηδένα
2541 1746 2599 1800 δέ
2657 1746 3013 1818 θεωροῦντες.
3053 1749 3297 1820 Ἠγέρθη
3327 1749 3381 1804 δὲ
3408 1752 3436 1803 ό
3479 1752 3639 1817 Σαῦλος

2124 1836 2232 1890 ἀπὸ
2277 1838 2374 1907 τῆς
2404 1838 2529 1908 γῆς,
2554 1837 2921 1908 ἀνεῳγμένων
2949 1855 3010 1892 τε
3038 1839 3148 1893 τῶν
3181 1840 3462 1912 ὀφθαλμῶν
3485 1844 3636 1907 αὐτοῦ,

442 1934 689 1987 videbat.
717 1932 797 1984 Ad
829 1944 1023 1984 manus
1065 1903 1248 1982 autem
1288 1903 1443 1980 illum
1488 1925 1788 1988 trahentes,
1850 1922 2019 1977 intro.

2127 1903 2566 1982 οὐδένα-ἔϐλεπτ.
2596 1903 3085 1997 Χε-ιραγωγοῦντες
3116 1928 3177 1981 δὲ
3209 1903 3371 1981 αὑτὸν
3394 1903 3639 1998 εἰσήγαγον

439 2024 721 2077 duxerunt
753 2021 1104 2075 Damascum.
1132 2017 1199 2072 Et
1216 2034 1264 2073 ei
1278 2027 1331 2073 at
1354 2018 1430 2071 ibi
1449 2032 1481 2069 a
1501 2016 1677 2071 tribus
1699 2014 1893 2070 diebus
1910 2028 2020 2068 non

447 2115 663 2176 videns,
696 2120 752 2167 et
785 2128 893 2165 non
953 2110 1329 2174 manducavit,
1360 2124 1535 2178 neque
1567 2108 1723 2161 bibit.
1766 2104 1894 2158 Erat
1927 2118 2024 2157 an-

441 2213 551 2259 tem
586 2204 806 2274 quidam
842 2203 1150 2272 discipulus
1186 2200 1464 2265 Damasci,
1489 2198 1711 2253 nomine
1736 2196 2019 2259 Ananias;

436 2306 494 2351 et
523 2296 662 2350 dixit
693 2297 760 2349 ad
789 2295 942 2349 illum
975 2294 1031 2348 in
1064 2293 1181 2348 visu
1216 2292 1478 2347 Dominus
1512 2310 1526 2345 :
1560 2289 1795 2344 Anania.
1829 2288 1897 2340 At
1929 2286 2020 2340 ille

440 2390 549 2444 ait:
578 2389 716 2443 Ecce
745 2403 868 2458 ego,
895 2387 1143 2442 Domine.
1170 2385 1237 2440 Et
1260 2385 1526 2441 Dominus
1550 2387 1616 2437 ad
1642 2396 1802 2439 eum:
1826 2379 2021 2452 Surge,

442 2489 498 2532 et
528 2478 660 2533 vado
682 2478 739 2531 in
770 2479 973 2544 vicum,
1005 2479 1097 2547 qui
1130 2485 1354 2533 vocatur
1381 2475 1620 2531 Rectus:
1653 2482 1709 2529 ct
1734 2487 1922 2544 quaere
1959 2473 2014 2525 in

439 2571 604 2624 domo
620 2567 772 2624 Judae
799 2568 1025 2623 Saulnm
1057 2569 1301 2633 nomine,
1324 2567 1654 2621 Tarsensem
1676 2583 1692 2620 :
1714 2580 1842 2620 ecce
1873 2563 2020 2619 enim

444 2666 587 2713 orat.
624 2658 712 2728 (Et
754 2659 892 2714 vidit
921 2660 1098 2712 virum
1128 2660 1397 2712 Anauiam
1431 2657 1675 2717 nomine.
1732 2656 2019 2709 introeun-

443 2759 551 2802 tem
583 2759 639 2804 et
669 2752 1040 2818 imponeutem
1067 2749 1173 2803 sibi
1198 2763 1416 2812 manus,
1444 2759 1507 2801 ut
1532 2746 1708 2801 visum
1743 2745 2021 2813 recipiat.)

436 2839 742 2909 Respondit
774 2852 956 2895 autem
995 2840 1274 2893 Anauias:
1312 2838 1564 2904 Domine,
1598 2835 1785 2892 audivi
1816 2850 1847 2889 a
1876 2834 2021 2889 mul-

435 2933 508 2988 tis
534 2933 601 2988 de
635 2934 753 2987 viro
809 2934 933 2994 hoe,
997 2944 1202 3001 quanta
1256 2932 1395 2985 mala
1449 2930 1640 2984 fecerit
1679 2928 1884 2983 sanctis
1916 2926 2023 2980 tuis

439 3025 492 3076 in
524 3022 853 3078 Jerusalem:
888 3030 941 3076 et
968 3023 1057 3077 hic
1099 3022 1261 3077 habet
1294 3030 1617 3091 potestatein
1666 3034 1695 3072 a
1748 3016 2016 3088 principi-

439 3116 546 3170 bus
574 3114 922 3170 sacerdotum
951 3113 1211 3184 alligandi
1262 3129 1455 3168 omnes
1494 3114 1588 3183 qui
1631 3115 1891 3168 invocant
1920 3126 2020 3166 no-

2127 2021 2207 2081 εἰς
2233 2019 2543 2088 Δαμασκόν.
2576 2019 2689 2071 Kal.
2718 2013 2787 2089 ἢν
2816 2019 3031 2090 ἡμέρας
3058 2020 3213 2089 τρεῖς
3243 2018 3316 2089 μὴ
3340 2018 3546 2088 βλέπων,
3572 2022 3639 2072 καὶ

2125 2109 2225 2160 οὐκ
2269 2108 2477 2176 ἒοραγεν
2507 2107 2628 2161 οὐδὲ
2682 2108 2854 2162 ἔπιεν.
2881 2104 2991 2161 Ἦν
3015 2107 3074 2160 δέ
3103 2125 3190 2171 τις
3223 2108 3461 2178 μαθητὴς
3484 2110 3534 2161 ἑν
3556 2112 3638 2161 Δα-

2072 2204 2087 2213 ’
2130 2199 2326 2270 μασκῷ
2362 2200 2590 2271 ὀνόματι
2637 2200 2917 2264 Ἀνανίας.
2968 2199 3078 2255 Καὶ
3117 2194 3244 2253 εἶπε
3299 2200 3429 2270 πρὸς
3469 2200 3638 2252 αύτὺνό

2128 2289 2335 2361 Κύριος
2365 2292 2425 2343 ἐν
2454 2291 2712 2361 ὁράματι·
2739 2290 2987 2346 Ἀνανία.
3032 2291 3091 2345 ’0
3119 2290 3180 2345 δὲ
3207 2286 3375 2345 εἶπεν·
3408 2291 3519 2345 ’1δοῦ
3538 2289 3635 2359 ἐγὼ,

2125 2382 2328 2451 Κύριε.
2378 2381 2439 2434 '0
2464 2382 2520 2434 δὲ
2555 2380 2763 2453 Κύριος
2803 2381 2941 2451 πρὸς
2973 2379 3158 2434 αὐτόν·
3206 2381 3456 2444 ’Δναστάς
3484 2378 3637 2450 πορεύ-

2126 2475 2246 2542 θητι
2281 2473 2375 2526 ἐπὶ
2423 2472 2522 2544 τὴν
2574 2473 2752 2545 ῥύμην
2801 2474 2900 2545 τὴν
2940 2474 3284 2545 καλουμένην
3314 2474 3534 2540 Εὐθεῖαν,
3565 2475 3635 2527 καὶ

2131 2565 2370 2637 ζήτησον
2404 2568 2463 2620 ἐν
2493 2566 2644 2638 οίκίᾳ
2692 2566 2866 2620 Ἰούδα
2918 2567 3122 2621 Σαῦλον
3164 2568 3421 2638 ὅνοματι,
3445 2568 3635 2637 Ταρσέα.

2141 2658 2271 2711 Ἰδοὺ
2299 2659 2409 2726 γὰρ
2462 2658 2847 2729 προσεύχεται,
2887 2660 2982 2712 καὶ
3015 2655 3158 2712 εἶδεν
3185 2662 3244 2713 ἐν
3270 2660 3488 2730 ὁράματι
3512 2657 3637 2728 ἄνδρα

2127 2748 2383 2802 Ἁνανίαν
2437 2747 2662 2816 ὀνόματι
2728 2748 3041 2803 εἰσελθόντα
3092 2750 3194 2802 καὶ
3250 2749 3487 2802 ἐπιθέντα
3526 2749 3638 2816 αύτῷ

2125 2840 2281 2909 χεῖρα
2308 2839 2459 2901 ὅπως
2486 2838 2785 2909 ἀναϐλέψῃ.
2833 2839 3132 2910 ’Δπεκρίθη
3173 2840 3234 2893 δὲ
3272 2840 3530 2903 ’Δνανία;·
3554 2838 3639 2894 Κύ-

2132 2947 2237 3002 ριε,
2279 2931 2495 3000 ἀκήκοα
2529 2932 2657 2999 περὶ
2684 2932 2776 2983 τοῦ
2809 2931 3002 3002 ἀνδρὸς
3033 2933 3232 2986 τούτου
3278 2935 3419 3004 παρά
3458 2932 3636 2996 πολλῶν,

2123 3023 2225 3076 ὅσα
2269 3022 2412 3076 κακά
2466 3022 2689 3091 ἐποίησε
2718 3024 2829 3085 τοῖς
2880 3023 3054 3091 ἁγίοις
3095 3041 3195 3078 σου
3239 3028 3296 3079 ἐν
3328 3024 3635 3097 Ἰερουσαλήμ.

2122 3114 2236 3167 Καὶ
2276 3106 2379 3167 ιῖδε
2421 3111 2533 3184 εχει
2594 3112 2840 3176 ἐξουσίαν
2868 3115 3020 3184 παρὰ
3044 3117 3156 3169 τῶν
3202 3118 3483 3189 ἀρχιερέων
3518 3116 3639 3187 δῆσαι

441 3224 564 3262 ιιιειι
611 3217 786 3262 ιυιιιη.
817 3206 964 3263 Dixit
1005 3217 1183 3263 autem
1217 3208 1284 3263 ad
1341 3224 1466 3263 cum
1504 3207 1813 3264 Dominus:
1850 3208 2017 3273 Vade,

2127 3206 2341 3267 πάντας
2385 3206 2511 3267 τοὺς
2543 3205 3012 3286 ἐπικαλουμένους
3044 3208 3104 3261 τὸ
3132 3208 3310 3280 ὄνομά
3334 3227 3439 3263 σου.
3466 3206 3575 3262 Eine
3597 3206 3638 3259 δὲ

440 3299 701 3369 quoniam
736 3314 832 3353 vas
892 3298 1178 3354 electionis
1206 3308 1291 3355 est
1313 3299 1444 3353 mihi
1474 3299 1598 3363 iste,
1632 3307 1691 3353 ut
1723 3306 1899 3369 portet
1919 3312 2022 3354 no-

441 3408 563 3448 incn
621 3408 801 3449 meum
855 3408 1036 3448 coram
1089 3395 1343 3465 gentibus
1395 3405 1451 3450 et
1511 3396 1735 3468 regibus
1792 3404 1848 3451 et
1895 3394 2024 3451 filiis

440 3480 628 3536 Israel.
649 3480 762 3553 Ego
795 3483 939 3537 enim
970 3484 1253 3538 ostendam
1275 3485 1377 3549 illi,
1401 3494 1604 3555 quanta
1627 3494 1874 3555 Oporteat
1901 3500 2026 3539 eum

438 3587 537 3644 pro
562 3575 782 3628 nomine
810 3589 929 3627 ineo
953 3575 1083 3644 pati.
1112 3573 1174 3628 Et
1195 3576 1331 3631 abiit
1358 3577 1602 3635 Ananiae
1630 3577 1946 3634 etintroivit
1968 3577 2027 3633 in

438 3666 692 3733 domum;
719 3679 771 3722 et
797 3669 1082 3738 imponens
1105 3669 1153 3724 ei
1188 3687 1404 3736 manus,
1437 3672 1599 3726 dixit:
1635 3670 1801 3727 Saule
1832 3670 2025 3738 frater,

438 3757 702 3813 Dominus
743 3759 889 3814 misit
934 3774 1018 3814 me
1041 3758 1205 3815 Jcsus
1239 3761 1403 3832 239
1436 3764 1528 3831 qui
1562 3764 1814 3833 apparuit
1845 3764 1944 3818 tibi
1973 3763 2027 3816 in

443 3848 551 3912 via,
592 3864 695 3917 qua
725 3850 1005 3915 veniebas,
1042 3860 1101 3905 ut
1143 3853 1331 3908 videas
1370 3863 1426 3908 et
1481 3855 1762 3925 implearis
1817 3854 2027 3923 Spiritu

438 3946 658 4007 saucto.
695 3936 756 3990 Et
789 3940 1076 3992 confestim
1104 3941 1420 3996 ceciderunt
1444 3943 1513 3997 ab
1537 3943 1709 3999 oculis
1746 3941 1867 4012 ejus
1903 3952 2029 3998 tan-

436 4041 602 4096 quam
648 4044 907 4097 squainae,
934 4037 989 4085 ct
1009 4031 1181 4086 visum
1213 4036 1437 4105 recepit:
1460 4045 1512 4092 et
1531 4037 2026 4108 surgensgbaptiza-

435 4113 522 4176 ῑυε
553 4130 660 4188 est,
685 4131 738 4176 et
776 4136 899 4177 cum
932 4127 1233 4197 accepisset
1260 4131 1467 4200 cibum,
1514 4132 1851 4190 confortatus
1890 4143 1993 4190 est.

933 4300 1511 4363 COMMENTARIUS.

505 4387 704 4447 Vocem
738 4390 892 4449 Pauli
932 4397 1226 4453 audierunt
1254 4400 1348 4469 qui
1400 4416 1524 4456 cum
1567 4417 1634 4458 eo
1675 4414 1866 4473 erant,
1907 4422 2014 4462 non

432 4490 617 4536 autem
661 4497 889 4548 vocem,
931 4501 1051 4556 quae
1089 4487 1156 4543 de
1199 4489 1340 4544 cmlo
1379 4490 1601 4561 delapsa
1645 4493 1713 4548 ad
1748 4509 1872 4550 eum
1907 4505 2014 4552 est.

431 4570 693 4627 inferiora
727 4573 873 4628 enim
909 4583 1121 4630 tantum
1179 4579 1373 4634 audire
1402 4580 1513 4636 illis
1544 4596 1873 4640 concessum
1909 4595 2013 4642 est.

2130 3299 2271 3368 πρὸς
2300 3297 2464 3351 αὐτὸν
2502 3298 2531 3350 ό
2566 3297 2791 3369 Κύριος
2826 3298 3090 3369 Πορεύου,
3120 3301 3209 3354 ὅτι
3243 3302 3427 3365 σκεῦος
3452 3298 3637 3366 ἐκλογῆς

2133 3389 2223 3457 μοί
2260 3389 2409 3442 ἐστιν
2426 3383 2602 3453 οὗτος,
2631 3390 2726 3443 τοῦ
2758 3389 3027 3459 βαστάσαι
3053 3391 3116 3444 τὸ
3136 3392 3312 3463 ὄνομά
3342 3410 3435 3463 μου
3460 3391 3639 3445 ἐνώπιον

2130 3480 2303 3535 ἐθνῶν
2330 3497 2388 3534 τε
2420 3480 2517 3533 καὶ
2558 3479 2846 3550 βασιλέων,
2882 3482 3013 3536 ulth
3042 3499 3101 3536 τε
3130 3483 3370 3555 Ἰσραήλ.
3409 3481 3531 3551 Ἐγὼ
3559 3480 3641 3551 γὰρ

2131 3572 2399 3640 ὑποδείξω
2428 3572 2580 3644 αὐτῷ
2604 3574 2704 3626 ὅσα
2747 3574 2829 3627 δεῖ
2856 3575 3023 3629 αὑτὸν
3053 3577 3252 3632 παθεῖν
3281 3578 3414 3646 ὑπὲρ
3453 3572 3641 3629 106M-

2134 3667 2305 3739 ματός
2341 3682 2464 3736 μου.
2497 3666 2735 3735 Ἀπῆλθε
2784 3666 2842 3719 δέ
2886 3667 3162 3735 Ἀνανίας,
3195 3669 3294 3723 καὶ
3334 3653 3549 3738 εἰσῆλθεν
3582 3666 3641 3726 είς

2129 3757 2230 3828 τὴν
2253 3755 2456 3811 οἰκίαν·
2480 3757 2578 3810 καὶ
2626 3755 2835 3819 ἐπιθεὶς
2864 3758 2953 3811 ἐπ’
2981 3759 3147 3814 αὑτὸν
3189 3761 3292 3825 τὰς
3314 3763 3504 3832 χεῖρας,
3531 3753 3641 3810 εἷπε·

2131 3850 2306 3904 Σαοὺλ
2342 3849 2561 3918 ἀδελφέ,
2592 3849 2621 3903 ὁ
2650 3848 2857 3920 Κύριος
2885 3851 3200 3906 ἀπέσταλκε
3232 3870 3300 3924 με
3331 3854 3362 3905 ό
3401 3850 3561 3922 ὀφθείς
3581 3863 3641 3902 σοι

2135 3944 2193 3995 ἐν
2221 3942 2288 4012 τῇ
2317 3939 2420 4011 ὀδῷ
2463 3934 2499 4014 ᾖ
2548 3941 2741 4013 ἤρχου,
2777 3941 2930 4005 ὅπως
2961 3942 3293 4016 ἀναϐλέψῃς,
3320 3944 3412 3998 καὶ
3448 3938 3642 4011 πλησθῇς

2123 4036 2443 4105 Πνεύματος
2468 4036 2653 4104 ἁγίου.
2683 4037 2793 4091 Καὶ
2824 4038 3029 4101 εὐθέως
3060 4038 3338 4093 ἀπέτεσον
3355 4037 3456 4093 ἀπὸ
3470 4032 3640 4101 16M?-

2104 4131 2329 4202 θαλμῶν
2353 4131 2520 4186 αὑτοῦ
2539 4131 2670 4186 ὡσεὶ
2690 4131 2927 4199 λεπίδες,
2943 4134 3303 4206 ἀνέϐλεψέπε
3339 4131 3639 4204 παραχρῆμα,

2127 4227 2223 4282 καὶ
2248 4226 2486 4290 ἀναστὰς
2506 4227 2832 4297 ἐϐαπτίσθη,
2858 4229 2953 4283 καὶ
2979 4229 3160 4284 λαόὼν
3181 4231 3383 4305 τροφὴν
3397 4231 3640 4289 ἐνίσγυσεν.

2711 4306 3110 4375 ΕΡΜΗΝΕΙΑΓ
3296 4306 3303 4312 “

2200 4408 2311 4479 Τὴν
2342 4408 2526 4479 φωνὴν
2551 4407 2646 4461 τοῦ
2678 4406 2893 4462 Παύλου
2913 4410 3153 4481 ἡκουσαν
3177 4413 3227 4464 oi
3256 4412 3489 4474 συνόντες
3509 4404 3639 4475 αὐτῷ.

2125 4498 2316 4553 οὐδένα
2344 4496 2402 4551 δέ
2424 4497 2695 4569 ἐθεώρουν
2738 4499 2877 4569 πρὸς
2939 4499 3000 4552 ὃν
3053 4500 3405 4572 ἀπεκρίνατο.
3434 4498 3539 4553 Τῶν
3556 4497 3638 4566 γὰρ

2122 4589 2425 4643 ἐλαττόνων
2463 4590 2718 4660 ἐποίησεν
2771 4590 2968 4654 αὐτοὺς
3024 4591 3323 4662 ἀκροατάς.
3364 4594 3424 4646 Et
3454 4591 3547 4661 γὰρ
3563 4587 3639 4654 τῆς

429 4666 712 4737 Alioquin,
745 4669 791 4722 si
819 4670 1100 4725 cmlestem
1134 4671 1281 4726 illam
1316 4672 1621 4730 audiissent
1650 4691 1861 4743 vocem,
1904 4695 2012 4734 non

2123 4681 2308 4751 φωνῆς
2352 4682 2592 4751 ἥκουσαν
2634 4680 2873 4752 ἐκείνης,
2906 4683 3010 4737 κᾶν
3055 4683 3102 4715 τε
3132 4685 3459 4756 ὴπίστησανξ
3485 4680 3570 4736 Τὸν
3597 4677 3639 4730 δὲ

432 4768 588 4826 puto,
613 4758 882 4814 increduli
908 4763 1321 4818 remansissent.
1378 4763 1568 4836 Neque
1592 4782 1714 4822 eum
1741 4741 2016 4837 viderunt,

2123 4741 2328 4826 έαῦλον
2375 4741 2621 4841 ’ὁρῶντες
2692 4741 3123 4844 ἀποκρινόμενον
3141 4741 3169 4841 ,’
3203 4741 3513 4846 ἐθαύμαζον.
3564 4767 3639 4822 Διὰ

431 4849 499 4903 ad
541 4864 700 4917 quem
749 4848 954 4906 Paulus
999 4856 1409 4925 respondebat:
1466 4860 1887 4929 respondentem
1933 4871 2017 4918 ta-

429 4955 553 4996 men
593 4956 718 4996 eum
751 4958 878 4999 cum
912 4946 1189 5015 audirent,
1221 4950 1593 5008 mirabantur.
1635 4952 1845 5010 Idcirco
1885 4971 2016 5012 vero

426 5030 628 5087 factum
666 5035 806 5090 istud
834 5037 991 5093 initio
1020 5055 1126 5094 non
1152 5041 1418 5113 contigit,
1450 5052 1510 5099 ut
1534 5045 1849 5103 evidentius
1882 5062 2014 5104 con-

426 5131 594 5176 staret
630 5127 965 5181 resurrectio
999 5128 1226 5184 Cbristi.
1271 5130 1566 5196 Quomodo
1607 5137 1752 5189 enim
1783 5135 2010 5204 Paulus,

423 5215 515 5282 qui
547 5215 724 5284 ipsum
772 5219 1087 5289 rejiciebat,
1120 5223 1215 5291 qui
1246 5226 1707 5281 resurrectionem
1752 5228 2007 5298 negabat,

425 5307 516 5371 qui
569 5308 870 5379 discipulos
925 5315 1364 5383 persequebatur
1422 5316 1637 5387 ipsius.
1687 5318 2016 5376 credidisset

426 5412 689 5465 unquam.
723 5402 830 5457 nisi
861 5418 1059 5474 magna
1090 5404 1286 5462 fuisset
1338 5407 1618 5462 evidentia
1648 5411 2013 5466 resurrectio-

423 5487 547 5542 nis?
587 5507 606 5539 ι
650 5488 768 5546 Viri
799 5503 1004 5549 autem.
1041 5514 1059 5547 ι
1096 5496 1209 5551 Cur
1237 5498 1385 5553 Deus
1409 5514 1519 5554 non
1542 5500 1778 5570 aliquem
1807 5517 2015 5573 magna:

423 5579 769 5638 auctoritatis
837 5598 903 5641 ac
947 5585 1236 5657 dignitatis
1281 5591 1459 5645 virum
1528 5591 1594 5645 ad
1644 5591 1875 5646 Paulum
1926 5594 2013 5648 in-

417 5674 741 5737 struendum
777 5676 1110 5758 destinavit,
1151 5682 1244 5737 sed
1296 5692 1507 5739 tantum
1555 5682 1830 5739 Ananiam
1857 5725 1872 5752 ,
1915 5687 2006 5757 qui

2117 4863 2280 4917 τοῦτο
2326 4862 2382 4916 δὲ
2425 4862 2525 4915 οὐκ
2580 4864 2638 4930 ἐξ
2705 4863 2881 4935 ἀρχῆς
2913 4864 3074 4919 τοῦτο
3110 4865 3353 4935 γέγονεν,
3383 4865 3464 4917 ἵνα
3492 4857 3636 4929 δειχθῇ

2118 4954 2312 5018 ὅντως,
2344 4955 2428 5008 ὅτι
2458 4954 2659 5027 ἀνέστη
2681 4956 2712 5008 ὁ
2739 4956 3001 5027 Χριστός.
3037 4959 3097 5011 '0
3126 4958 3235 5030 γὰρ
3250 4957 3478 5011 ἐλαύνων
3491 4951 3637 5013 amvi

2120 5044 2216 5100 καὶ
2246 5044 2493 5100 ἀπιστῶν
2515 5045 2681 5099 αὑτοῦ
2713 5049 2780 5119 τῇ
2811 5048 3128 5115 ἀναστάσει,
3157 5047 3260 5104 καὶ
3283 5050 3406 5112 τοὺς
3435 5042 3637 5119 μαθητὰς

2119 5135 2286 5190 αὐτοῦ
2319 5136 2554 5203 διώκων,
2586 5116 2837 5193 meum
2867 5140 3210 5207 ἐπίστευσεν,
3230 5143 3280 5195 εί
3311 5140 3383 5212 μὴ
3414 5116 3560 5205 πολλὴ
3584 5128 3636 5203 ἦν

2114 5229 2215 5298 τῆς
2245 5228 2596 5293 ἀναστάσεως
2631 5230 2822 5303 ἰσχύς;
2863 5250 2882 5283 ι
2907 5233 2971 5286 Οἱ
2989 5232 3048 5287 δὲ
3078 5233 3290 5305 ἄνδρες.
3326 5251 3345 5284 ι
3372 5231 3431 5285 Τί
3450 5230 3506 5299 δή
3535 5238 3634 5280 ποτε

2113 5321 2307 5375 οὐδένα
2343 5320 2453 5375 τῶν
2488 5321 2821 5388 ἀξιοπίστων
2856 5324 2954 5377 καὶ
2988 5325 3238 5395 μεγάλων
3278 5313 3635 5384 εἵλκυσεν,ὠῶ

2120 5412 2423 5483 μετέστησε
2474 5415 2613 5483 πρὸς
2664 5413 2762 5485 τὴν
2792 5414 2888 5468 τοῦ
2934 5415 3149 5470 Παύλου
3184 5418 3493 5486 κατήχησιν,
3527 5406 3632 5463 ἀλλὰ

2132 5504 2405 5569 Ἀνανίαν,
2437 5504 2536 5557 ἕνα
2566 5505 2695 5558 ὄντα
2737 5506 2847 5565 τῶν
2899 5507 3303 5579 ἐδδομήκοντας
3348 5502 3537 5572 Ἐπειδὴ
3553 5498 3632 5551 οὐκ

2117 5593 2307 5661 ἔμελλε
2339 5595 2406 5647 δι’
2437 5593 2743 5664 ἀνθρώπων
2774 5596 3084 5664 ἐνάγεσθαι,
3132 5597 3267 5652 ἀλλά
3290 5598 3357 5651 δι’
3383 5593 3527 5648 αὖτοῦ
3556 5583 3631 5639 τοῦ

2110 5686 2371 5757 Χριστοῦ.
2419 5688 2574 5741 Ἐπεὶ
2612 5688 2670 5741 δὲ
2707 5679 2865 5752 οὗτος
2923 5689 3131 5754 ἐδίδαξε
3174 5690 3271 5761 μὲν
3307 5688 3460 5742 αὑτὸν
3486 5679 3625 5739 οὐδὲν.

1618 5801 1819 5862 Variis
1855 5801 2159 5865 lectiones
2204 5811 2263 5864 et
2307 5807 2496 5863 notae.

490 5860 535 5894 "
563 5867 664 5918 oin:
693 5864 778 5923 ἂν.
