3848 6580
211 477 319 540 9533

879 462 1412 526 EXPOSITIONIS
1453 460 1534 520 IN
1561 458 1752 519 ACTA
1782 455 2083 516 TEXTUS
2122 454 2393 513 ALTER.
2426 476 2495 488 -
2525 451 2678 511 CAP.
2708 451 2813 511 IX.

3361 448 3467 513 934

212 586 479 639 ἐϐάπτισε
528 582 584 634 δὲ
631 583 822 651 μόνον’
874 580 990 650 ἅμα
1041 580 1151 648 γάρ
1200 577 1511 649 φωτισθεὶς,
1560 577 1787 647 ἔμελλεν

1919 586 2034 624 mus
2069 578 2188 624 erat
2220 584 2285 622 ex
2322 544 2664 637 septuaginta
2699 565 2988 635 discipulis
3019 565 3085 618 ad
3124 580 3246 619 eum
3277 566 3470 622 misit?

214 674 552 730 ἐπισπᾶσθαι
592 674 793 744 πολλὴν
842 675 936 728 1'06
994 672 1311 741 Πνεύματος
1360 670 1521 740 χάριν
1558 667 1788 722 ἀπὸτοῦ

215 769 377 838 ζήλου
405 768 500 820 καὶ
532 765 632 834 τῆς
680 765 881 835 πολλῆς
912 762 1243 834 προθυμίας.
1295 759 1662 814 Ἐντεῦθενδέ
1697 775 1794 828 ση-

219 857 501 928 μειωτέον,
543 856 623 907 ὅτι
651 855 834 906 ἐκεῖνα
856 853 924 905 τά
952 852 1139 921 ὄνειρα
1165 851 1211 882 ⁷⁸
1237 850 1317 902 δεῖ
1341 847 1619 917 λέγεσθαι,
1650 848 1793 917 άπερ

1896 661 2037 728 Quia
2065 661 2319 715 videlicet
2349 676 2457 714 non
2477 676 2576 729 per
2602 661 2870 721 homines,
2900 659 2994 714 sed
3021 659 3090 712 ab
3111 660 3230 728 ipso
3249 660 3471 715 Christo

1892 744 2208 808 edoc'endus
2256 752 2348 805 ille
2386 760 2526 805 erat.
2569 749 2752 816 Quare
2794 752 3035 806 Auanias
3068 764 3288 820 quoque
3333 752 3471 805 nihil

1895 857 2018 895 eum
2074 841 2298 907 docuit,
2339 841 2434 897 sed
2480 840 2780 909 baptizavit
2832 840 3207 894 tantummodo
3243 846 3256 894 ἑ
3289 843 3472 894 statim

218 946 522 1014 κοινωσελῆ
563 949 678 998 ἐστι
707 945 802 998 καὶ
827 944 1198 1014 συμϐάλλεται
1225 943 1304 1004 είς
1335 941 1674 1004 θεοσέϐειαν,
1697 938 1796 992 ὅσα

1919 933 2040 986 :uim
2075 949 2137 987 ae
2168 934 2475 1003 baptizatus
2502 944 2666 994 esset.
2692 934 2782 988 ille
2811 933 3099 987 maximam
3136 943 3475 988 attracturus

220 1042 337 1110 ἔχει
383 1038 478 1091 τοῦ
523 1038 725 1108 Κυρίου
779 1038 879 1106 τὴν
924 1038 1308 1105 παράστασιν,
1366 1033 1400 1104 ἥ
1449 1032 1681 1101 ἀγγέλου
1725 1031 1793 1084 ⁷⁷.

229 1132 384 1183 Ἐστι
423 1129 478 1182 ίέ
503 1130 599 1182 καὶ
637 1128 757 1180 κατ’
787 1126 922 1197 ὄναρ
956 1127 1123 1189 ίδικὰ,
1173 1125 1209 1179 ἃ.
1251 1124 1350 1176 οὐκ
1387 1124 1593 1192 ὀφείλει
1622 1121 1797 1174 λαλεῖ-

230 1222 375 1274 σθαι’
411 1219 549 1290 πλὴν
595 1220 644 1271 εἰ
685 1220 781 1271 καὶ
836 1217 979 1285 ίδικὴ
1016 1215 1111 1269 τοῦ
1150 1215 1354 1268 Σαύλου
1377 1210 1443 1284 ἦν
1473 1215 1505 1283 ἠ
1538 1212 1797 1281 ὠφέλεια,

226 1311 339 1366 ἁλλ’
378 1311 472 1364 οῦν
502 1307 822 1379 παραδόξως
843 1308 1122 1378 συμϐᾶσα,
1163 1306 1322 1359 πάλιν
1364 1307 1443 1367 είς
1487 1302 1800 1356 θεοσέϐειαν

239 1405 330 1455 τὸν
359 1401 645 1471 ἄνθρωπον
670 1399 1086 1469 προσκαλεῖται,
1121 1399 1215 1451 καὶ
1241 1396 1330 1451 διά
1360 1395 1539 1461 τοῦτο,
1557 1394 1630 1458 ὡς
1658 1410 1802 1446 κοιν-

227 1493 411 1560 ιυσρελῆ
468 1490 812 1543 ἐκλαλεῖσθαι
856 1488 987 1543 ἔδει.
1044 1508 1063 1540 ι
1103 1484 1213 1540 Ἦν
1247 1488 1305 1540 δέ
1342 1504 1424 1548 τις
1469 1484 1741 1556 μαθητής.
1777 1502 1796 1535 ι

227 1584 412 1638 Ταῦτά
436 1600 600 1653 φησιν
624 1585 652 1636 ὁ
679 1581 954 1646 Ἀνανίας,
978 1583 1076 1652 οὐχ
1113 1581 1189 1644 ὡς
1239 1580 1482 1632 ἀπιστῶν
1508 1580 1621 1641 τοῖς
1649 1578 1805 1646 λεγο-

232 1677 435 1745 μένοις.
485 1667 603 1728 ούδέ
656 1674 973 1744 ὴπατῆσθαι
1005 1674 1096 1726 τὸν
1126 1672 1366 1744 Χριστὸν
1423 1670 1682 1740 νομίζων,
1727 1670 1804 1743 μὴ

226 1766 437 1830 γένοιτο
462 1764 474 1816 ι
502 1763 634 1816 ἀλλά
660 1763 992 1834 φοϐούμενος
1020 1764 1115 1817 καὶ
1147 1763 1386 1833 τρέμων.
1417 1763 1578 1825 Εἰκὸς
1602 1762 1713 1833 γὰρ
1738 1758 1807 1832 ἦν

227 1856 448 1916 αὐτοὺς.
474 1857 530 1906 ἐν
568 1853 718 1925 φόϐῳ
752 1855 933 1921 ὄντας,
965 1852 1428 1924 περιεργάζεσθαι
1461 1852 1557 1906 καὶ
1604 1852 1805 1920 λέγειν,

1897 1033 2018 1081 erat
2058 1025 2288 1096 gratiam
2322 1023 2566 1094 Spiritus
2596 1040 2668 1082 ex
2691 1026 2829 1087 zelo,
2860 1025 3140 1093 multaque
3166 1025 3473 1078 alacritate.

1900 1117 2039 1171 Hinc
2082 1131 2213 1171 vero
2264 1116 2671 1179 adnotamlum,
2722 1130 2818 1169 eas
2869 1115 3087 1186 quidem
3138 1119 3475 1170 enarrandas

1903 1211 2168 1274 visiones,
2200 1226 2321 1279 quae
2353 1209 2632 1279 quidpiam
2665 1209 2972 1264 communis
3004 1208 3292 1262 continent
3332 1208 3478 1261 utili-

1901 1303 2067 1366 tatis,
2110 1311 2165 1357 et
2212 1301 2278 1355 ad
2321 1304 2576 1371 pietatem
2625 1300 2950 1366 conferunt,
2993 1315 3224 1369 quaeque
3264 1298 3359 1354 Dei
3394 1299 3477 1354 vel

1903 1394 2221 1464 angelorum
2260 1391 2635 1449 assistentium
2670 1391 2873 1445 habent
2904 1408 2918 1446 :
2959 1392 3196 1460 privatas
3228 1406 3359 1445 vero
3382 1433 3397 1454 ,
3430 1391 3477 1444 si

1903 1501 2024 1556 quae
2051 1484 2328 1548 accidunt,
2360 1484 2623 1548 visiones,
2653 1497 2746 1538 eas
2779 1498 2885 1536 non
2917 1490 3132 1553 oportet
3159 1482 3480 1537 manifestas

1909 1578 2109 1632 facere.
2141 1576 2391 1630 Attamen
2427 1576 2575 1640 licet,
2618 1575 2766 1645 quod
2805 1574 2894 1629 hic
2927 1583 3202 1639 narratur,
3242 1568 3481 1644 peeuh'a-

1910 1683 2022 1724 rem
2053 1677 2328 1738 spectaret
2360 1667 2510 1721 Sauli
2552 1668 2839 1722 utilitatem
2861 1705 2876 1730 ,
2915 1667 3278 1733 nihilominus
3317 1667 3484 1720 mira-

1907 1759 2198 1829 bilis-ejus
2247 1761 2462 1815 Sanatio
2507 1774 2839 1830 quemquam
2893 1767 3072 1829 potest
3116 1758 3181 1813 ad
3226 1761 3483 1827 pietatem

1908 1854 2179 1918 excitare;
2214 1862 2267 1908 et
2300 1851 2525 1917 ideirco,
2567 1860 2627 1906 ut
2654 1850 2785 1922 quid
2817 1850 2882 1905 ad
2920 1865 3265 1906 communem
3300 1847 3486 1903 confe-

225 1946 308 1999 ὅτι
340 1945 561 1999 Τούτων
591 1946 783 2009 ὄντων,
821 1945 940 2009 πῶς
972 1945 1217 2009 δύναται,
1243 1945 1397 2014 φησὶ,
1430 1942 1605 2000 ταῦτα
1643 1945 1798 2011 γενέ-

1919 1961 2035 2000 rcus
2070 1947 2382 2010 utilitatem,
2418 1961 2536 2001 eam
2572 1944 2818 1999 enarrari
2853 1944 3115 2014 Oportuit.
3156 1962 3175 1994 ι
3215 1943 3345 1996 Erat
3380 1956 3485 1994 aue

229 2037 355 2090 σθαι
380 2056 394 2100 ;
429 2038 493 2088 Τί
524 2033 617 2091 οὖν
640 2039 668 2090 ὁ
700 2038 927 2108 Κύριος,
955 2039 982 2090 ὁ
1009 2022 1128 2100 ταῖς
1174 2036 1428 2106 καρδίαις
1451 2037 1558 2089 τῶν
1587 2036 1799 2106 ἀνθρὼ-

224 2146 345 2182 πων
368 2128 714 2199 ἐμϐατεύων,
765 2129 908 2183 κατά
967 2130 1181 2183 Παύλου
1238 2129 1625 2199 ἐμαρτύρησε;
1680 2129 1801 2181 Δεί-

226 2233 419 2269 κνυσιν
452 2217 535 2268 ὅτι
559 2216 660 2274 οὐκ
693 2216 809 2268 ἐστι
843 2216 1049 2287 φυσικὴ
1077 2217 1110 2285 ἡ
1129 2214 1298 2269 κακία
1328 2214 1498 2285 αὐτῷ.
1523 2232 1542 2265 ι
1577 2212 1799 2276 Σκεῦος,

226 2305 420 2376 φησὶν,
452 2305 683 2372 ἐκλογῆς
713 2306 883 2357 ἐστιν.
930 2322 949 2354 ι
990 2303 1230 2366 Ἕδειξεν
1284 2301 1366 2355 ὅτι
1406 2299 1628 2370 δόκιμός
1663 2300 1800 2350 ἐστι.

227 2398 557 2465 Ίὺοδόκιμον
585 2399 694 2469 γάρ
724 2414 807 2460 τις
846 2396 1132 2466 ἐκλέγεται
1169 2393 1382 2457 σκεῦος.
1414 2391 1525 2446 Καὶ
1553 2392 1612 2444 οὐ
1646 2390 1806 2460 μόνον

227 2488 423 2552 πιστὸς
452 2489 628 2554 ἔσται,
660 2489 849 2559 φησὶν,
884 2488 1020 2542 ἀλλὰ
1046 2489 1141 2541 καὶ
1162 2485 1480 2548 διδάσκαλος
1518 2485 1612 2537 καὶ
1633 2482 1810 2553 κῆρυξ

226 2582 327 2647 τῆς
351 2580 697 2650 οἰκουμένης,
727 2578 863 2633 ἀλλὰ
894 2579 988 2632 καὶ
1016 2577 1264 2631 πείσεται
1292 2576 1461 2647 πολλά
1482 2575 1622 2647 ὑπὲρ
1651 2576 1809 2645 ἐμοῦ.

1909 2045 2015 2091 tem
2045 2032 2269 2109 quidam
2294 2036 2621 2105 discipulus.
2657 2054 2675 2088 ι
2709 2035 2787 2089 lta
2821 2036 3058 2104 loquitur
3080 2033 3343 2095 Auanias,
3372 2046 3485 2085 non

1909 2128 2056 2196 quod
2105 2123 2366 2197 ea,'qu:.e
2408 2127 2458 2181 ei
2508 2126 2859 2189 dicebautur,
2910 2139 3019 2177 non
3069 2122 3371 2202 crederet.)
3402 2121 3487 2174 vel

1909 2215 2056 2281 quod
2088 2217 2368 2271 Christum
2395 2216 2569 2285 decipi
2603 2230 2767 2286 posse
2789 2214 3148 2278 existimaret,
3179 2211 3353 2266 absitl
3392 2211 3487 2264 sed

1909 2322 1973 2360 ex
2013 2308 2208 2362 timore
2251 2316 2582 2391 et.tretnore
2617 2321 2728 2376 quo
2766 2306 3203 2360 concutiebatur.
3246 2301 3488 2356 Pronum

1908 2397 2053 2451 cnim
2094 2406 2232 2463 erat,
2266 2408 2325 2452 ut
2368 2399 2405 2452 ii
2428 2437 2443 2460 ,
2475 2399 2568 2466 qui
2617 2398 2815 2451 timore
2845 2396 3081 2467 perculsi
3120 2404 3296 2455 erant,
3327 2393 3490 2447 anxie

1912 2489 2255 2557 inquirerent
2310 2506 2375 2545 ac
2427 2490 2695 2555 dicerent,
2752 2489 3039 2556 Quomodo
3102 2495 3333 2558 possunt
3383 2488 3490 2538 ista

1914 2579 2062 2633 ﬁeri?
2101 2580 2242 2645 Quid
2277 2581 2442 2651 igitur
2475 2581 2761 2647 Dominus,
2818 2580 3063 2636 eordium
3112 2577 3485 2648 investigatur,

229 2672 298 2728 de
320 2674 492 2730 Paulo
516 2675 926 2746 pronuntiavit?
946 2673 1198 2731 Ostendit
1218 2688 1327 2728 non
1350 2672 1676 2728 naturaliter
1696 2671 1917 2726 insitam
1944 2674 2019 2727 illi
2045 2690 2168 2731 esse
2193 2679 2514 2747 nequitiam.
2540 2674 2677 2731 «Vas
2702 2694 2721 2728 ι
2744 2676 2909 2741 enim,
2928 2675 3124 2745 inquit,
3151 2693 3169 2724 ι
3201 2671 3489 2728 electionis

230 2779 316 2825 est
346 2770 521 2824 mihi:
554 2789 573 2822 ι
607 2770 804 2839 quibus
837 2769 1316 2850 verbis-declarat,
1369 2769 1550 2838 ipsum
1586 2767 1764 2821 virum
1805 2769 2093 2837 probatum
2146 2788 2311 2829 esse:
2355 2789 2499 2840 nam,
2537 2766 2688 2843 quod
2723 2771 3011 2840 probatum
3065 2779 3169 2833 est,
3206 2785 3322 2832 vas,
3359 2767 3491 2838 eligi

234 2867 400 2922 solet.
432 2865 596 2938 240
613 2866 793 2932 Quare
824 2881 936 2920 non
979 2866 1156 2921 solum
1189 2864 1387 2930 ﬁdelis,
1419 2863 1619 2934 inquit,
1653 2863 1791 2930 erit;
1822 2863 1916 2919 sed
1944 2867 2107 2922 etiam
2145 2867 2364 2936 doctor,
2403 2878 2456 2924 et
2498 2884 2677 2940 praeco
2702 2869 2915 2935 mundi,
2946 2868 3077 2939 quin
3100 2876 3153 2920 et
3192 2867 3360 2921 multa
3393 2881 3491 2937 pro

233 2958 465 3012 nomine
505 2973 626 3012 meo
654 2957 912 3027 patietur.

537 3045 626 3117 Τῷ
667 3046 930 3117 Σαϐϐάτῳ
969 3048 1070 3116 τῆς
1098 3044 1144 3115 γ’
1180 3045 1500 3115 ἑϐδομάδος.

810 3137 1205 3199 ,κΕιΜΕΝοω
1295 3204 1300 3208 _

307 3232 560 3300 Ἐγένετο
580 3231 636 3285 δέ
656 3232 685 3284 ό
716 3230 915 3293 Σαῦλος
950 3230 1088 3300 μετὰ
1125 3229 1235 3282 τῶν
1255 3229 1425 3283 ὄντων
1449 3229 1507 3281 ἐν
1536 3227 1813 3299 Δαμασκῷ

244 3322 505 3392 μαθητῶν
560 3320 775 3392 ἡμέρας
827 3321 1001 3384 τινάς.
1044 3320 1155 3374 Καὶ
1194 3321 1394 3383 εὐθέως
1432 3322 1491 3371 ἐν
1527 3322 1649 3383 ταῖς
1684 3337 1811 3372 συνο

241 3414 487 3481 αγωγαίς
512 3412 783 3481 ἐκήρυσσε
813 3411 905 3464 τὸν
952 3409 1217 3480 Χριστὸν,
1275 3409 1358 3462 ὅτι
1403 3401 1571 3470 υῦτός
1600 3407 1748 3461 ἐστιν
1786 3409 1813 3460 ὁ

242 3505 479 3575 Χριστὸς
510 3507 538 3557 ὁ
570 3504 695 3566 Υἱὸς
746 3503 840 3557 τοῦ
891 3501 1048 3557 Θεοῦ.
1093 3501 1404 3565 Ἐξίσταντο
1449 3500 1505 3554 δὲ
1535 3502 1736 3563 πάντες
1765 3502 1814 3552 oi

245 3594 555 3658 ἀκούοντες.
590 3594 684 3647 καὶ
711 3592 899 3661 ελεγον
921 3609 936 3624 ·
964 3594 1079 3647 Οὐκ
1123 3585 1279 3659 οὗτός
1308 3595 1453 3655 ἐστιν
1483 3595 1511 3645 ὁ
1535 3591 1817 3662 πορθήσας

194 3726 201 3729 μ
244 3688 303 3739 ἐν
375 3685 737 3758 Ἰερουσαλὴμ
796 3684 1006 3748 πάντας
1055 3684 1181 3747 τοὺς
1247 3682 1711 3753 ἐπικαλουμένους
1756 3683 1818 3735 τὸ

246 3780 418 3849 ὄνομα
442 3779 625 3844 τοῦτο,
654 3778 750 3831 καὶ
794 3773 901 3832 ὦδε
937 3778 1018 3840 είς
1054 3776 1214 3830 τοῦτο
1242 3775 1525 3843 ἐλήλυθεν,
1562 3776 1648 3830 ἵνα
1676 3775 1819 3829 δεδεο

252 3872 445 3942 μένους
473 3871 670 3933 αὐτοὺς
698 3870 882 3940 ἀγάγῃ
910 3871 990 3932 είς
1021 3869 1376 3940 Ἰερουσαλὴμ
1410 3869 1502 3922 ἐπὶ
1531 3870 1652 3932 τοὺς
1682 3870 1819 3939 ἁρχ-

249 3962 414 4028 ιερεῖς
437 3975 452 3991 ο
481 3958 683 4022 Σαῦλος
703 3958 761 4011 δέ
788 3958 988 4028 μᾶλλον
1026 3958 1424 4028 ἐνεδυναμοῦτο
1469 3958 1564 4012 καὶ
1599 3958 1818 4028 συνέχεε

242 4051 375 4115 τοὺς
425 4050 710 4113 Ἰουδαίους
764 4049 890 4112 τοὺς
960 4048 1351 4113 κατοικοῦντας
1410 4053 1469 4104 ἐν
1504 4049 1817 4121 Δαμασκῷ,

247 4141 625 4212 συμϐιϐάζων,
661 4142 744 4195 ὃτι
805 4134 976 4205 Οὗτός
1018 4144 1171 4195 ἐστιν
1231 4142 1261 4194 ό
1317 4142 1574 4212 Χριστός.
1622 4140 1713 4204 Ὠς
1763 4140 1819 4193 δὲ

245 4232 587 4302 ἐπληροῦντο
610 4233 815 4303 ἡμέραι
842 4232 1051 4297 ἱκαναὶ,
1094 4226 1589 4285 συνεϐουλεύσαντο
1617 4233 1666 4285 οἱ
1688 4231 1821 4285 Ἰου-

246 4323 393 4376 δαῖοι
419 4323 631 4376 ἀνελεῖν
686 4323 870 4377 αὐτόν.
905 4321 1187 4392 Ἐγνώσθη
1231 4323 1284 4375 δὲ
1321 4323 1399 4393 τῷ
1427 4323 1617 4394 Σαύλῳ
1644 4326 1676 4393 ἡ
1707 4324 1823 4375 ἐπι-

249 4414 420 4483 ϐουλὴ
444 4413 625 4468 αὐτῶν
650 4429 664 4442 ⁸
691 4414 1038 4485 παρετήρουν
1076 4431 1133 4466 τε
1165 4415 1264 4476 τὰς
1291 4413 1462 4478 πύλας
1488 4415 1585 4483 τῆς
1614 4414 1823 4476 πόλεως

249 4507 467 4577 ἡμέρας
488 4522 549 4558 τε
579 4505 672 4558 καὶ
701 4505 918 4570 νυκτὸς,
949 4506 1099 4568 ὅπως
1124 4505 1286 4557 αὑτὸν
1326 4504 1577 4560 άνὲλωσι.
1619 4505 1825 4559 Λαϐόν-

249 4614 343 4659 τες
372 4598 430 4649 δέ
460 4597 623 4650 αὐτὸν
680 4596 730 4649 0i
771 4596 1010 4666 μαθηταὶ
1073 4596 1289 4661 νυκτὸς,
1318 4588 1568 4666 καθῆκαν
1609 4596 1697 4650 διὰ
1729 4597 1824 4650 τοῦ

250 4686 465 4756 τείχους
484 4686 817 4756 χαλάσαντες
850 4687 907 4738 ἐν
940 4685 1174 4755 σπυρίδι.
1215 4686 1667 4756 Παραγενόμενος
1697 4686 1753 4738 δὲ
1798 4688 1826 4739 ὁ

2272 3047 2511 3103 Sabbato
2548 3045 2910 3102 hebdomadas
2948 3044 3140 3099 tertiae.

2555 3138 2856 3194 TEXTUS.

1989 3230 2079 3297 IX,
2108 3232 2294 3287 l9-3l.
2328 3232 2452 3287 Fuit
2494 3243 2671 3287 autem
2708 3231 2953 3302 (Saulus)
2998 3245 3123 3284 cum
3173 3229 3491 3299 discipulis,

1919 3321 2012 3388 qui
2053 3330 2210 3375 erant
2245 3321 2491 3376 Damasci
2517 3337 2612 3392 per
2643 3322 2761 3376 dies
2783 3322 3015 3391 aliquot.
3045 3319 3109 3372 Et
3141 3318 3400 3374 continuo
3439 3321 3496 3375 in

1916 3413 2202 3482 synagogia
2230 3413 2557 3482 praedicabat
2583 3412 2794 3479 Jesum,
2821 3412 3078 3482 quoniam
3106 3410 3203 3465 llic
3222 3420 3306 3466 est
3326 3409 3497 3467 Filius
3528 3438 3533 3443 ο

1922 3503 2036 3557 Dei.
2061 3503 2559 3572 Stupebantautem
2587 3519 2778 3560 omnes
2803 3505 2895 3573 qui
2929 3504 3246 3569 audiebant,
3277 3510 3330 3556 et
3351 3502 3499 3558 dice-

1922 3594 2052 3648 bant
2069 3612 2082 3649 :
2099 3594 2291 3650 Nonne
2306 3597 2393 3651 hic
2411 3606 2517 3659 est,
2538 3598 2628 3668 qui
2644 3597 2991 3666 expugnabat
3010 3595 3065 3648 in
3087 3593 3387 3649 Jerusalem
3405 3609 3499 3648 eos

1920 3684 2012 3753 qui
2038 3687 2369 3741 invocabant
2390 3702 2588 3742 nomen
2620 3687 2791 3751 istud,
2819 3696 2872 3741 et
2901 3686 3007 3740 huc
3027 3686 3093 3740 ad
3119 3686 3221 3740 hoc
3253 3687 3421 3752 venit,
3442 3696 3501 3739 ut

1921 3775 2134 3830 vinctos
2196 3776 2320 3832 illos
2367 3775 2593 3830 duceret
2645 3775 2711 3829 ad
2770 3775 3048 3846 principes
3103 3773 3499 3830 sacerdotum?

1925 3865 2126 3922 Saulus
2172 3876 2353 3921 autem
2396 3868 2569 3921 multo
2609 3865 2785 3937 magis
2829 3867 3249 3921 convalescebat
3275 3875 3329 3919 et
3364 3879 3500 3918 cou-

1926 3958 2188 4013 fundebat
2233 3960 2452 4015 Judaeos
2497 3960 2589 4030 qnl
2640 3960 2960 4015 habitabant
3016 3959 3296 4026 Damasci,
3349 3961 3500 4014 atlir-

1924 4066 2082 4104 nians
2108 4055 2366 4120 quoniam
2392 4050 2491 4105 Hic
2513 4061 2596 4107 est
2625 4048 2896 4106 Christus.
2929 4050 3065 4104 Cum
3092 4060 3272 4105 autem
3305 4049 3497 4120 imple-

1927 4141 2119 4193 reutur
2165 4140 2283 4195 dies
2333 4142 2524 4205 multi,
2572 4142 2862 4196 consilium
2917 4142 3167 4197 fecerunt
3219 4142 3274 4196 in
3332 4158 3500 4197 unum

1923 4229 2118 4295 Judaei,
2147 4243 2202 4285 ut
2227 4247 2350 4286 eum
2380 4232 2771 4289 interﬁcerent.
2805 4233 2955 4287 None
2988 4246 3166 4288 autem
3193 4234 3349 4289 factae
3373 4244 3504 4290 sunt

1929 4322 2100 4376 Saulo
2168 4323 2385 4377 insidiae
2419 4340 2630 4378 eorum.
2672 4323 3066 4379 Custodiebant
3125 4334 3306 4380 autem
3370 4343 3502 4396 por-

1928 4426 2010 4470 tas
2043 4416 2129 4471 die
2151 4430 2215 4472 at
2251 4426 2436 4480 nocte,
2473 4423 2529 4469 ut
2569 4432 2691 4470 eum
2735 4417 3128 4473 interficerent.
3158 4419 3501 4488 Aeeipientes

1930 4514 2111 4560 autem
2143 4522 2266 4561 eum
2302 4505 2554 4576 discipuli
2586 4517 2766 4571 noete,
2800 4522 2897 4576 per
2923 4524 3139 4563 murum
3173 4507 3504 4564 dimiserunt

1929 4612 2086 4661 cuin,
2131 4597 2520 4651 submittentes
2555 4596 2608 4649 in
2642 4609 2847 4666 sporta.
2884 4599 3017 4652 Cum
3054 4608 3235 4654 autem
3266 4600 3505 4656 venisset

1930 4690 1985 4742 in
2024 4686 2349 4752 Jerusalem,
2402 4688 2652 4742 tentabat
2702 4703 2763 4743 se
2808 4689 3038 4760 jungere
3080 4689 3404 4762 discipulis,
3450 4705 3506 4748 et

254 4778 381 4831 Σαῦζ
401 4796 460 4840 υς
503 4779 582 4840 είς
631 4776 1011 4848 Ἰερουσαλὴμ,
1072 4777 1335 4848 ἐπειρᾶτο
1388 4776 1682 4831 κολλᾶσθαι
1714 4780 1813 4837 τοῖς

1932 4793 2122 4833 omncs
2167 4777 2432 4831 timebant
2469 4791 2617 4842 eum,
2658 4793 2766 4832 non
2814 4779 3129 4844 credentes,
3180 4780 3325 4850 quod
3360 4791 3507 4837 esset

258 4872 533 4941 μαθηταῖς
550 4883 562 4897 ·
589 4871 683 4923 καὶ
712 4871 913 4932 πάντες
936 4869 1230 4937 ἐφοϐοῦντο
1246 4870 1426 4935 αὑτὸν,
1446 4869 1521 4941 μὴ
1546 4869 1830 4923 πιστεύον-

255 4979 346 5025 τες
381 4962 463 5017 ὅτι
495 4961 609 5016 ἐστι
664 4961 930 5031 μαθητής.
992 4960 1280 5030 Βαρνάϐας
1323 4962 1381 5015 δέ
1431 4961 1829 5030 ἐπιλαϐόμενος

258 5054 444 5119 αὐτὸν,
475 5052 653 5123 ἤγαγε
692 5052 830 5122 πρὸς
858 5053 984 5114 τοὺς
1017 5052 1372 5118 ἀποστόλους,
1403 5054 1497 5107 καὶ
1533 5053 1832 5125 διηγήσατο

259 5145 466 5209 αὐτοῖς,
496 5143 612 5206 πῶς
639 5144 696 5195 ἐν
724 5145 791 5213 τῇ
822 5141 927 5212 ὁδῷ
962 5138 1065 5196 εἶδε
1099 5145 1189 5196 τόν
1219 5145 1443 5215 Κύριον,
1480 5147 1575 5198 καὶ
1601 5145 1682 5198 ὃτι
1709 5145 1834 5198 ἐλά-

258 5236 428 5303 λησεν
458 5234 629 5304 αὐτῷ,
686 5236 781 5286 καὶ
818 5234 932 5296 πῶς
973 5236 1030 5286 ἐν
1062 5236 1343 5306 Δαμασκῷ
1386 5238 1833 5309 ἐπαρρησιάσατο

263 5326 321 5377 ἐν
367 5324 447 5396 τῷ
494 5327 718 5395 ὀνόματι
749 5325 844 5378 τοῦ
878 5326 1077 5398 Ἰησοῦ.
1112 5328 1222 5380 Καὶ
1250 5324 1318 5399 ἦν
1366 5330 1483 5398 μετ’
1508 5330 1690 5383 αὐτῶν
1714 5332 1831 5383 είσ-

265 5416 628 5486 πορευόμενος
664 5417 759 5469 καὶ
779 5418 1212 5487 ἐκπορευόμενος
1241 5421 1319 5481 εἰς
1361 5420 1718 5491 Ἰερουσαλὴμ
1738 5421 1834 5475 καὶ

266 5504 783 5576 παρρησιαζόμενος
814 5506 871 5558 ἐν
905 5506 983 5575 τῷ
1014 5507 1348 5577 ὀνόματιτοῦ
1385 5510 1589 5581 Κυρίου
1632 5511 1829 5581 Ἰησοῦ,

269 5596 446 5649 ἐλάλει
477 5614 535 5650 τε
562 5600 656 5651 καὶ
703 5598 986 5668 συνεζήτει
1018 5600 1153 5669 πρὸς
1191 5601 1312 5664 τοὺς
1365 5601 1731 5672 Ἑλληνιστάς.
1766 5607 1830 5658 Οἱ

1938 4871 2258 4938 discipulus.
2317 4868 2601 4925 Barnabas
2659 4880 2841 4926 autem
2895 4872 3296 4942 apprehensum
3351 4874 3502 4928 illum

1937 4963 2093 5017 duxit
2116 4962 2182 5016 ad
2207 4964 2507 5032 apostolos,
2539 4972 2592 5018 et
2630 4965 2874 5019 narravit
2907 4965 3015 5020 illis
3046 4965 3317 5034 quomodo
3343 4966 3395 5019 iu
3418 4967 3505 5018 via

1937 5055 2167 5111 vidisset
2200 5056 2528 5123 Dominum,
2562 5065 2615 5110 et
2646 5058 2775 5126 quia
2813 5056 3027 5111 locutus
3060 5065 3143 5111 est
3172 5057 3245 5119 ei,
3277 5068 3329 5110 et
3364 5070 3505 5125 quo-

1938 5148 2101 5203 modo
2155 5148 2210 5202 in
2264 5148 2534 5203 Damasco
2587 5149 2918 5203 iiducialiter
2962 5148 3135 5218 egerit
3184 5147 3237 5201 in
3288 5148 3509 5202 nomine

1937 5237 2088 5295 Jesu.
2125 5239 2188 5294 Et
2222 5248 2341 5294 erat
2366 5255 2492 5294 eum
2523 5239 2631 5294 illis
2658 5240 2869 5292 intrans
2893 5248 2948 5292 et
2973 5238 3164 5294 exiens
3195 5238 3248 5293 in
3281 5235 3505 5294 Jerusa-

1937 5331 2073 5397 lem,
2108 5338 2164 5385 et
2206 5331 2532 5386 liducialiter
2571 5330 2828 5399 agens_in
2861 5328 3085 5385 nomine
3128 5329 3369 5385 Domini.
3404 5328 3512 5384 Lo-

1937 5426 2210 5493 quebatur
2230 5439 2446 5493 quoque
2470 5422 2744 5493 gentibus,
2784 5429 2837 5475 et
2862 5420 3178 5490 disputabat
3209 5436 3332 5477 cum
3358 5420 3508 5476 Grat—

1936 5518 2016 5572 cis
2041 5534 2055 5569 :
2079 5516 2155 5571 illi
2188 5524 2366 5570 autem
2392 5513 2710 5585 quaerebant
2737 5512 2989 5567 occidere
3016 5527 3163 5569 eum.
3192 5511 3350 5579 Quod
3380 5527 3504 5568 cum

1935 5610 2318 5679 cognovissent
2349 5607 2566 5673 fratres,
2594 5605 2943 5663 deduxerunt
2966 5621 3091 5663 eum
3121 5606 3425 5666 Caesaream
3448 5613 3506 5664 et

1454 5759 1652 5820 Variae
1690 5761 1996 5825 Lectiones
2038 5770 2099 5824 et
2143 5771 2331 5827 noue.

340 5876 387 5908 "
416 5873 691 5947 ὀνείρατα.
770 5874 814 5905 ⁷⁷
842 5872 1107 5940 ἀγγέλων.
