3848 6542
210 438 322 503 937

815 430 1348 496 EXPOSlTIONlS
1390 429 1472 490 IN
1503 429 1695 490 ACTA
1722 428 2023 493 TEXTUS
2043 433 2313 496 ALTER.
2349 462 2415 475 -—
2454 439 2617 503 CAP.
2650 414 2758 501 1x.

3341 445 3446 509 938

208 552 257 604 oi
295 549 403 619 γὰρ
463 549 633 614 ἄλλοι,
686 550 965 602 τουτέστιν
1019 549 1066 600 οἱ
1107 545 1288 617 βαθεῖς
1345 542 1609 612 Ἑϐραῖοι,
1659 540 1779 595 οὐδὲ

1911 557 2052 611 mare
2080 545 2147 600 ad
2179 548 2353 618 ipsum
2385 548 2605 629 facilem
2639 564 2921 607 accessum
2954 514 3191 608 habebat
3219 550 3442 611 Paulus.

213 643 343 702 ἰδεῖν
365 643 530 696 αὐτόν
552 640 758 712 ἤθελον.

1894 648 1913 682 ι
1950 630 2301 705 Loquebatur
2330 654 2568 711 quoque.
2606 657 2627 692 ι
2664 640 2991 698 Hellenistas
3027 642 3118 698 hic
3150 652 3308 699 vocat
3340 643 3446 699 He-

208 739 412 799 braeos.
460 735 552 805 qui
605 737 791 788 (im-ce
823 732 1204 804 loquebantur.
1253 732 1318 786 Et
1359 731 1578 801 quidem
1624 724 1781 781 valde
1818 726 2094 794 sapienter
2123 731 2221 797 ait,
2243 731 2470 789 Paulum
2499 734 2566 790 ad
2598 734 2720 791 illos
2746 736 2985 793 locutum
3049 739 3256 796 fuisse:
3320 756 3446 796 nam

205 831 345 888 meri
376 828 590 886 Ποιητιιί
609 843 677 882 ne
705 828 919 899 quidem
945 829 1094 882 illum
1122 828 1302 882 videre
1332 827 1695 883 sustinebant.

804 923 1029 976 ΚΕΦΛΑ
1042 963 1054 975 .
1082 922 1178 974 ῐΔ’.

2462 916 2689 972 CAPUT
2725 917 2862 973 XIV.

207 1017 345 1085 Περὶ
384 1016 566 1071 Αῐισέα
594 1011 1005 1084 παραλυτικοῦ
1036 1012 1304 1078 ιαθέντος
1353 1011 1421 1063 ἐν
1449 1008 1650 1075 Λύδδῃ
1683 1004 1781 1058 διὰ

1911 1005 1963 1059 De
1977 1006 2143 1062 Αῑηςα
2172 1017 2359 1061 sanato
2379 1025 2410 1061 η
2442 1008 2600 1063 Petro
2636 1010 2873 1081 Lyddw:
2907 1012 2994 1066 ubi
3029 1012 3093 1068 de
3123 1013 3344 1067 Thabita
3364 1012 3449 1067 di-

174 1122 179 1127 ·
281 1106 519 1174 Πέτρου
545 1123 560 1138 ·
594 1106 664 1159 ἐν
699 1098 748 1171 ᾦ
772 1104 845 1158 τὰ
878 1101 1010 1171 περὶ
1054 1098 1161 1171 τῆς
1207 1100 1416 1155 Ταόιθὰ
1441 1097 1552 1165 τῆς
1609 1097 1781 1163 φιλο-

274 1196 493 1265 χήρσυ,
550 1194 630 1264 ἢν
672 1197 904 1266 ἤγειρεν
950 1193 1019 1246 ἐκ
1059 1189 1287 1261 νεκρῶν
1336 1193 1369 1244 ὁ
1415 1187 1635 1256 Πέτρος
1683 1183 1784 1239 διὰ

276 1287 635 1356 προσευχῆς
667 1287 737 1339 ἐν
767 1287 1003 1356 Ἰόππῃ.

519 1374 597 1445 Τῇ
649 1374 899 1444 κυριακῇ
932 1371 1032 1441 τῆς
1069 1375 1115 1438 γ’
1162 1367 1475 1440 ἑδδομάδος.

804 1463 1190 1519 ΚΕῙΜΕΝΟΝ.

292 1558 553 1626 Ἐγένετο
603 1556 697 1620 δὲ,
748 1556 952 1628 Πέτρον
987 1553 1360 1633 ,διερχόμενον
1410 1552 1497 1606 διὰ
1547 1551 1784 1612 πάντων,

1958 1096 2093 1152 lecta
2124 1097 2302 1163 vidua,
2331 1115 2485 1164 quam
2521 1100 2711 1155 Petrus
2749 1106 2987 1158 oratione
3025 1121 3053 1159 ε
3087 1117 3253 1161 morte
3274 1106 3446 1163 susci-

1959 1190 2086 1242 tavit
2112 1186 2295 1258 Joppe.

2218 1360 2494 1423 Dominica
2531 1370 2884 1427 hebdomade:
2921 1372 3113 1429 tertiae.

2513 1462 2817 1520 TEXTUS.

1955 1548 2048 1614 IX,
2080 1549 2260 1606 52.43.
2286 1550 2509 1607 Factum
2526 1562 2610 1609 est
2636 1564 2849 1620 autem,
2886 1554 3160 1612 utPetrns
3176 1557 3303 1613 dum
3333 1573 3456 1629 per-

206 1644 497 1702 κατελθεῖν
526 1646 619 1699 καὶ
648 1642 784 1716 πρὸς
817 1644 951 1707 τοὺς
987 1642 1178 1711 ἁγίους
1222 1642 1347 1704 τοὺς
1396 1638 1789 1702 κατοικοῦντας

1914 1642 2144 1697 ransiret
2173 1643 2455 1699 universos
2473 1684 2488 1709 ,
2524 1644 2802 1701 deveniret
2832 1646 2900 1701 ad
2922 1646 3085 1719 242
3104 1657 3329 1706 sanctos
3360 1650 3456 1721 qui

207 1738 446 1791 Λύδδαν.
470 1732 609 1805 Εὗρε
628 1735 683 1789 δὲ
701 1736 816 1789 ἐκεῖ
835 1733 1123 1805 ἄνθρωπόν
1151 1749 1294 1796 τινα,
1325 1730 1546 1801 ὀνόματι
1569 1729 1785 1795 Αἰνέαν,

1885 1732 2204 1788 habitabant
2245 1734 2461 1806 Lyddae.
2512 1736 2718 1793 Invenit
2788 1747 2967 1794 autem
3036 1739 3111 1794 ibi
3177 1741 3456 1797 hominem

206 1829 267 1893 ἐξ
297 1829 445 1883 ἑτῶν
483 1826 627 1881 ὀκτὼ
687 1825 1081 1897 κατακείμενον
1140 1824 1233 1877 ἐπὶ
1262 1821 1580 1892 κραδδάτῳ,
1623 1820 1681 1886 ὃς
1719 1816 1788 1890 ἦν

1911 1822 2175 1891 ιιιοηιάοιη
2207 1825 2427 1880 nomine
2460 1824 2710 1893 Eneam,
2745 1828 2812 1883 ab
2845 1828 3003 1885 annis
3019 1837 3147 1886 octo
3185 1832 3457 1900 iacentem

206 1920 682 1992 παραλελυμένος.
716 1922 825 1975 Καὶ
854 1916 1007 1973 εἶπεν
1058 1916 1209 1989 αὐτῷ
1232 1918 1261 1972 ὁ
1299 1916 1508 1987 Πέτρος
1538 1930 1553 1945 ·
1594 1914 1777 1976 Αἰνέα,

1911 1929 1947 2000 n
1972 1915 2217 1985 grabato,
2249 1917 2339 1986 qui
2376 1925 2491 1971 erat
2512 1919 2863 1990 paralyticus.
2912 1919 2978 1974 Et
3012 1920 3192 1992 aitlilli
3222 1921 3456 1978 Petrus:

211 2012 365 2067 ἰᾶταί
426 2030 486 2065 σε
526 2014 555 2065 ὁ
613 2010 817 2082 Κύριος
846 2010 1054 2081 Ἰησοῦς
1087 2008 1321 2080 Χριστός
1345 2025 1360 2041 ο
1395 2007 1657 2075 ἀνάστηθι
1690 2006 1782 2059 καὶ

1911 1998 2057 2056 Euea
2081 2043 2095 2069 ,
2136 2011 2294 2058 sanat
2334 2012 2386 2059 tc
2418 2004 2679 2063 Dominus
2715 2006 2878 2063 Jcsus
2917 2008 3171 2065 Christus
3214 2027 3229 2064 :
3272 2023 3460 2081 surge,

210 2104 463 2173 στρῶσον
504 2102 733 2172 σεαυτῷ.
780 2102 889 2156 Καὶ
947 2100 1150 2164 εὐθέως
1197 2100 1399 2171 ἀνέστη
1429 2118 1442 2131 ·
1509 2099 1601 2152 καί
1646 2093 1784 2152 εἶδον

1911 2099 1939 2144 τι
1974 2099 2157 2148 sterne
2202 2093 2323 2150 tibi.
2385 2094 2449 2149 Et
2486 2097 2748 2153 continuo
2795 2101 3056 2155 surrexit.
3104 2099 3171 2154 Et
3205 2102 3462 2157 viderunt

209 2193 379 2248 αὑτὸν
438 2195 634 2257 πάντες
664 2194 713 2247 οἱ
753 2191 1132 2255 κατοικοῦντες
1181 2191 1388 2245 Λύδδαν
1427 2190 1521 2243 καὶ
1552 2190 1646 2242 τὸν
1681 2190 1786 2243 Σάι

1911 2199 2011 2239 :um
2048 2199 2241 2242 omnes
2273 2188 2366 2258 qui
2402 2187 2723 2245 habitabant
2755 2190 2956 2263 Lyddze
2985 2200 3039 2247 et
3075 2192 3327 2260 Saronm,
3357 2194 3456 2265 qui

212 2299 396 2356 pwva'
426 2285 623 2351 οἵτινες
647 2284 987 2357 ἐπέστρεψαν
1009 2281 1101 2336 ἐπὶ
1118 2283 1209 2337 τδν
1230 2270 1457 2352 Κύριον.
1488 2281 1577 2335 Ἐν
1598 2278 1788 2350 Ἰόππῃ

1911 2277 2138 2357 :onversi
2181 2286 2311 2333 sunt
2352 2278 2421 2334 ad
2464 2278 2775 2336 Dominum.
2815 2281 2874 2336 ln
2918 2280 3090 2355 Joppe
3131 2293 3316 2341 autem
3359 2283 3464 2339 fuit

208 2377 266 2431 δέ
296 2394 387 2441 τις
418 2373 487 2448 ἦν
520 2376 795 2447 μαθήτρια
823 2376 1046 2446 ὀνόματι
1080 2373 1312 2440 Ταὸιθά,
1346 2372 1381 2444 ἦ
1434 2372 1790 2443 διερμηνευο·

1891 2356 2139 2433 quaedam
2168 2367 2459 2438 discipula,
2493 2373 2717 2427 nomine
2750 2371 3006 2439 Tabitba,
3035 2390 3157 2446 quae
3194 2377 3464 2446 interpre-

212 2468 359 2539 μένη
386 2466 603 2536 λέγεται
646 2485 665 2519 t
701 2468 932 2538 Δορκάς.
971 2487 988 2519 ι
1024 2465 1173 2534 Αὕτη
1205 2462 1276 2537 ἦν
1313 2465 1529 2535 πλήρης
1572 2461 1793 2531 ἀγαθῶν

1911 2464 2003 2511 ,ata
2030 2457 2232 2512 dicitur
2264 2457 2489 2516 Dorcas.
2525 2461 2649 2518 llaec
2677 2471 2794 2518 erat
2824 2465 2983 2534 plena
3010 2465 3272 2534 operibus
3304 2466 3465 2522 bonis

211 2560 399 2633 ἔργων
452 2561 548 2614 καὶ
594 2560 974 2629 ἐλεημοσυνῶν
1009 2552 1083 2612 ὧν
1136 2558 1331 2612 ἐποίει.
1363 2558 1614 2625 Ἐγένετο
1641 2557 1697 2609 δὲ
1736 2558 1794 2609 ἐν

212 2654 338 2716 ταῖς
367 2652 607 2723 ἡμέραις
671 2652 932 2715 ἐκείναις.
967 2650 1344 2722 ἀσθενήσασαν
1384 2649 1552 2721 αὐτὴν
1593 2647 1798 2703 ἀποθα-

214 2744 353 2793 νεῖν.
411 2741 717 2806 Λούσαντες
756 2741 813 2796 δὲ
867 2741 1038 2811 αὐτὴν
1074 2741 1281 2812 ἔθηκαν
1332 2742 1389 2792 ἐν
1422 2740 1501 2813 τῷ
1541 2737 1794 2811 ὑπερῴῳ.

228 2832 434 2900 Ἐγγὺς
486 2834 542 2887 δὲ
586 2833 751 2905 οὔσης
811 2833 1020 2904 Δύδδης
1079 2835 1147 2906 τῇ
1197 2835 1412 2905 Ἰόππῃ,
1459 2835 1509 2888 οἱ
1557 2832 1799 2903 ιιαθηταὶ

218 2927 591 2991 ἀκοῦσαντες,
617 2926 699 2979 ὅτι
751 2926 958 2997 Πέτρος
995 2925 1142 2978 ἐστὶν
1169 2926 1227 2978 ὲν
1268 2926 1433 2995 αὐτῇ,
1468 2924 1800 2978 ἀπέστειλαν

219 3016 320 3071 δύο
342 3016 544 3087 ἀνδρας
574 3017 709 3088 πρὸς
738 3017 922 3082 αὑτὸν,
971 3016 1414 3088 παρακαλοῦντες
1461 3018 1534 3088 μὴ
1573 3016 1800 3086 όκνῆσαι

218 3108 457 3163 διελθεῖν
480 3107 587 3171 ἕως
613 3108 816 3162 αὐτῶν.
847 3109 1112 3171 ’Δναστάς
1157 3107 1215 3161 δὲ
1275 3107 1480 3178 Πέτρος
1537 3105 1801 3176 συνῆλθεν

220 3200 415 3262 αὐτοῖς
434 3215 449 3229 ·
473 3197 531 3251 ὃν
548 3199 993 3270 παραγενόμενον
1016 3200 1289 3269 ἀνήγαγον
1325 3200 1403 3262 εἰς
1433 3198 1496 3251 τὸ
1529 3196 1799 3269 ὑπερῷον,

1895 2556 1950 2601 et
1980 2547 2346 2622 eleemosynis
2375 2567 2514 2621 quas
2544 2552 2802 2610 faciebat.
2831 2554 3057 2612 Factum
3091 2565 3176 2613 est
3196 2567 3377 2614 autem
3408 2559 3463 2613 in

1896 2639 2091 2697 diebus
2122 2641 2251 2710 illis,
2287 2652 2347 2697 ut
2376 2644 2649 2700 inﬁrmata
2673 2657 2999 2704 moreretur.
3035 2647 3208 2716 Quam
3233 2664 3356 2704 cum
3387 2651 3469 2704 la-

1897 2731 2110 2788 vissent
2155 2743 2452 2803 posuerunt
2501 2751 2619 2791 eam
2662 2738 2717 2792 in
2760 2741 3067 2795 cmnaculo.
3109 2741 3245 2796 Cum
3282 2751 3463 2797 autem

1897 2838 2069 2895 prope
2106 2833 2253 2880 esset
2289 2825 2473 2895 Lydda
2501 2829 2568 2884 ad
2602 2826 2809 2901 Joppen
2831 2871 2848 2897 ,
2881 2830 3137 2905 discipuli
3173 2833 3464 2890 audientes

1897 2914 2025 2983 quia
2064 2915 2263 2971 Petrus
2295 2926 2442 2974 esset
2486 2919 2543 2974 in
2587 2936 2681 2986 ea,
2726 2922 2999 2979 miserunt
3038 2926 3178 2981 duos
3218 2925 3365 2981 viros
3395 2927 3461 2980 ad

1898 3020 2048 3071 eum,
2081 3018 2339 3077 rogantes
2364 3027 2379 3064 :
2406 3010 2490 3067 .Ne
2515 3012 2792 3083 pigriteris
2820 3016 3008 3071 venire
3036 3032 3208 3087 usque
3238 3018 3305 3073 ad
3343 3032 3467 3072 lies.

1900 3098 2213 3170 Exsurgens
2252 3110 2433 3158 autem
2477 3103 2672 3162 Petrus
2714 3108 2863 3162 venit
2905 3125 3028 3164 cum
3071 3110 3203 3165 illis.
3239 3112 3303 3165 Et
3342 3125 3470 3167 cum

1901 3190 2245 3254 advenisset.
2289 3191 2737 3265 duxeruntjllum
2774 3198 2829 3253 in
2871 3201 3236 3267 cmnaculum,
3270 3209 3325 3256 ct
3353 3202 3470 3257 cir-

220 3288 323 3342 καλ⁵
351 3288 704 3359 παρέστησαν
744 3287 892 3359 αὐτῷ
935 3292 1107 3343 πᾶσαι
1167 3290 1224 3342 at
1274 3290 1439 3360 χῆραι
1491 3289 1798 3354 κλαίουσαι,

1911 3291 2306 3338 cumsteterunt
2349 3285 2499 3339 illum
2544 3301 2735 3345 omnes
2762 3291 2938 3346 vidtur
2963 3291 3153 3348 ﬂentes
3195 3303 3247 3348 et
3288 3303 3474 3350 esten.

222 3379 322 3433 καὶ
358 3380 799 3450 ἐπιδεικνύμεναι
835 3380 1066 3452 χιτῶνας
1129 3382 1219 3436 καὶ
1266 3383 1454 3453 ἱμάτια
1480 3383 1580 3435 ὅσα
1628 3382 1802 3437 ἐποίει

225 3472 354 3541 μετ’
385 3472 563 3525 αὐτῶν
591 3458 725 3527 οὖσα
760 3475 794 3545 ἠ
824 3474 1055 3544 Δορκάς.
1086 3472 1366 3527 Ἐκϐαλὼν
1396 3473 1452 3527 δὲ
1476 3474 1578 3540 ἔξω
1598 3474 1804 3539 πάντας

222 3567 252 3617 ό
288 3564 519 3635 Πέτρος,
552 3570 646 3618 καὶ
668 3565 782 3627 θεὶς
809 3564 878 3618 τά
909 3565 1109 3634 γόνατα
1138 3564 1487 3637 προσηύξατο
1506 3582 1522 3598 ·
1554 3568 1650 3620 καὶ
1678 3568 1802 3620 ἐπι-

226 3655 471 3725 στρέψας
526 3656 664 3726 πρδς
700 3655 765 3710 τὸ
807 3652 1195 3728 σῶμα,“εἶπε’
1237 3657 1471 3722 Ταόιθά,
1511 3657 1799 3729 ἀνάστηθι.

239 3745 307 3797 Ἢ
338 3745 394 3798 δὲ
418 3746 620 3816 ὴνέῳξε
659 3748 784 3809 τοὺς
816 3747 1126 3818 ὀφθαλμοὺς
1153 3747 1346 3817 αὐτῆς,
1371 3748 1465 3801 καὶ
1503 3747 1685 3801 ἰδοῦσα
1710 3749 1803 3802 τὸν

230 3838 470 3909 Πέτρον,
509 3839 817 3894 ἀνεκὰθισε.
855 3839 988 3903 Δοὺς
1021 3839 1078 3892 δὲ
1124 3839 1263 3910 αὐτῇ
1305 3842 1462 3912 χεῖρα
1508 3840 1803 3910 ἀνέστησεν

229 3929 402 4000 αὐτὴν
427 3929 629 3993 ζῶσαν.
692 3928 936 3983 Γνωστὸν
987 3929 1043 3983 δὲ
1091 3930 1312 3998 ἐγένετο
1369 3929 1492 3984 καθ’
1532 3930 1660 4000 ὅλης
1701 3929 1804 3997 τῆς

242 4021 505 4091 Ἰόππης’
539 4022 632 4073 καὶ
694 4020 879 4073 πολλοὶ
936 4020 1266 4075 ἐπίστευσαν
1306 4021 1397 4074 ἐπὶ
1436 4021 1527 4074 τὸν
1576 4020 1800 4091 Κύριον.

242 4112 495 4180 Ἐγένετο
523 4112 579 4163 δὲ
605 4112 816 4183 ἡμέρας
853 4112 1046 4176 ἱκανὰς
1087 4115 1269 4183 μεῖναι
1321 4113 1485 4167 αὑτὸν
1528 4113 1587 4167 ἐν
1609 4111 1803 4183 Ἰόππῃ

233 4204 388 4269 παρά
413 4218 518 4255 τινι
549 4200 751 4271 Σίμωνι
788 4201 995 4272 βυρσεῖ.

830 4292 1207 4346 ΕΡΜΠΝΕΙΑ.

309 4383 426 4439 Οὐκ
459 4383 711 4453 ἀνέμεινε
740 4383 840 4457 τὴν
868 4385 1049 4438 πίστιν
1078 4383 1173 4437 τοῦ
1200 4382 1412 4454 ἀνδρδς,
1440 4384 1559 4438 οὐδὲ
1582 4383 1805 4455 ἠρώτη-

241 4493 355 4540 σεν,
416 4476 467 4528 εἰ
516 4474 760 4545 βούλοιτο
817 4473 1257 4546 θεραπευθῆναιο
1315 4472 1467 4527 οὔπω
1505 4473 1613 4546 γάρ
1667 4469 1807 4545 ἦσαν

237 4566 516 4637 τεκμήρια
549 4566 650 4636 τῆς
683 4564 886 4629 οἰκείας
934 4565 1310 4636 παρασχόντες
1368 4564 1670 4635 δυνάμεως.
1717 4565 1808 4617 Εἰ-

1905 3369 2099 3427 dentes
2135 3373 2183 3426 ei
2218 3373 2431 3428 tunicas
2461 3383 2516 3431 et
2549 3386 2729 3433 vestes
2759 3393 2896 3448 quas
2927 3379 3158 3436 faciebat
3192 3383 3300 3439 illis
3338 3384 3472 3442 Dor-

1904 3476 2021 3518 cas.
2060 3459 2259 3533 Eje‘ctis
2296 3473 2477 3521 autem
2515 3469 2771 3527 omnibus
2807 3469 2988 3535 foras,
3024 3464 3218 3529 Petrus
3258 3489 3471 3545 ponens

1903 3568 2080 3624 genua
2115 3557 2328 3612 oravit:
2361 3565 2414 3613 et
2439 3572 2741 3617 conversus
2772 3562 2839 3618 ad
2868 3576 3071 3635 corpus
3094 3567 3271 3623 dixit:
3302 3566 3473 3624 Tabi-

1901 3646 2035 3714 tba,
2078 3662 2261 3720 surge.
2314 3649 2383 3703 At
2431 3650 2521 3704 illa
2569 3654 2783 3722 aperuit
2826 3656 3018 3712 oculos
3058 3673 3226 3727 suos,
3266 3667 3323 3715 et
3353 3660 3472 3717 viso

1904 3738 2087 3806 Petro,
2113 3742 2340 3797 resedit.
2370 3744 2516 3800 Dans
2542 3757 2725 3800 autem
2757 3746 2834 3801 illi
2861 3763 3101 3814 manum,
3132 3752 3304 3806 erexit
3326 3766 3469 3809 eam.

1904 3831 2123 3886 Etcum
2158 3844 2413 3889 vocasset
2445 3845 2668 3891 sanctos
2692 3844 2748 3892 et
2771 3838 2986 3903 viduas,
3023 3843 3323 3913 assignavit
3348 3858 3469 3899 eam

1904 3922 2105 3977 vivam.
2154 3923 2354 3980 Notum
2401 3939 2601 3983 autem
2638 3928 2841 3985 factum
2884 3943 2968 3989 est
3013 3949 3111 4004 per
3158 3932 3485 3993 universam

1904 4013 2150 4086 .loppen;
2196 4025 2252 4071 ct
2281 4018 2637 4077 crediderunt
2681 4025 2838 4079 multi
2862 4024 2929 4080 in
2956 4025 3208 4086 Domino.
3246 4029 3473 4087 Factum

1905 4118 1989 4164 est
2014 4117 2217 4177 autem,
2247 4120 2307 4165 ut
2336 4111 2452 4167 dies
2478 4114 2682 4170 multos
2704 4126 3011 4173 moraretur
3035 4118 3086 4173 in
3110 4118 3301 4193 Joppe,
3332 4125 3475 4195 apud

1910 4198 2188 4255 Simonem
2217 4201 2510 4271 quemdam
2541 4204 2861 4261 coriarium.
2960 4268 2983 4287 κ

2408 4290 2983 4351 COMMENTARIUS.

1982 4381 2175 4437 Petrus
2206 4382 2351 4437 haud
2387 4384 2723 4453 exspectavit
2753 4384 2910 4440 fidem
2945 4387 3256 4459 paralytiei,
3297 4405 3476 4462 neque

1912 4472 2286 4544 interrogavit,
2311 4487 2439 4526 num
2466 4487 2634 4528 sanus
2666 4473 2781 4528 ﬁeri
2808 4474 3000 4543 vellet;
3032 4478 3473 4550 quandoquidem

1913 4578 1978 4617 eo
2000 4563 2104 4617 loci
2146 4562 2293 4616 nulla
2335 4562 2512 4616 adhuc
2549 4563 2836 4618 ediderant
2880 4567 3114 4634 apostoli
3153 4578 3475 4638 argumenta

241 4626 619 4722 κότωξτοίνυν
634 4626 747 4712 *οὐκ
792 4626 1055 4729 ἀπητεῖτο
1206 4626 1389 4709 πίστιν
1418 4660 1446 4711 ό
1481 4626 1660 4728 ἀνήρ’·
1684 4657 1798 4710 οὐδὲ

1912 4654 2198 4724 petcStatis
2245 4668 2349 4723 qua
2401 4654 2587 4708 donati
2632 4664 2809 4710 erant.
2850 4626 3102 4727 congrue
3154 4626 3322 4729 igitur
3366 4676 3478 4716 non

240 4753 350 4823 γὰρ
380 4751 470 4804 τὸν
499 4750 670 4821 χωλὸν
691 4750 997 4821 ἀπῄτησαν.
1024 4748 1275 4803 Μάλιστα
1304 4749 1400 4819 μὲν
1429 4748 1520 4802 οὖν
1549 4751 1645 4803 καί
1670 4750 1808 4820 πρὸς

244 4843 453 4896 πολλῶν
508 4840 855 4913 παράκλησιν
906 4840 1123 4909 ἐγένετο
1172 4842 1233 4893 τὸ
1286 4840 1506 4911 Θαῦμα’
1538 4841 1809 4911 ἐπίσημος

244 4936 352 5005 γὰρ
374 4931 444 5005 ἦν
481 4937 509 4988 ὁ
537 4936 697 5006 ἀνήρ.
728 4933 992 5005 Καθάπερ
1024 4929 1117 4986 οὖν
1150 4936 1179 4987 ὁ
1212 4935 1467 5002 Χριστὸς,
1505 4932 1809 5004 ἀρχόμενος

241 5029 349 5080 τῶν
379 5027 640 5096 σημείων,
679 5028 777 5079 οὐκ
817 5024 1012 5095 ἀπῄτει
1044 5026 1224 5076 πίστιν
1244 5039 1257 5054 °
1289 5024 1461 5089 οὕτως
1490 5026 1612 5079 οὐδὲ
1637 5021 1804 5080 οὗτοι.

256 5114 342 5167 Ἕν
379 5114 775 5183 Ἰεροσολύμοις
808 5115 905 5184 μὲν
936 5114 1042 5181 γὰρ
1074 5113 1294 5175 εἰκότως
1334 5116 1367 5182 ἡ
1408 5113 1589 5178 πίστις
1625 5115 1807 5168 αὐτῶν

244 5209 587 5275 προεγένετο,
645 5206 733 5258 ἴνα
765 5224 783 5257 t
819 5205 1147 5274 Ἐρχομένου
1214 5205 1308 5257 τοῦ
1363 5206 1589 5273 Πέτρου,
1626 5206 1731 5258 κᾶν
1771 5208 1806 5276 ἠ

247 5294 375 5346 σκιά
431 5292 597 5346 αὐτοῦ
644 5296 940 5363 ὲπισκιάση
992 5295 1099 5346 τινὶ
1153 5294 1353 5346 αὐτῶν.
1406 5313 1425 5345 ι
1469 5295 1649 5349 Πολλά
1696 5296 1805 5367 γὰρ

246 5383 466 5450 ἐγένετο
507 5384 624 5435 ἐκεῖ
674 5388 910 5454 σημεῖα’
964 5384 1203 5438 ἐνταῦθα
1254 5385 1333 5446 δὲ,
1388 5384 1548 5439 τοῦτο
1593 5387 1810 5458 πρῶτον

249 5474 519 5527 ἐπιϐαίνει
559 5474 627 5545 [Γ.
659 5476 989 5547 sentiebat].
1021 5476 1102 5528 Τά
1137 5475 1234 5545 μὲν
1265 5477 1373 5545 γὰρ
1399 5477 1506 5529 τῶν
1545 5479 1809 5549 σημείων,

251 5566 390 5637 ὑπὲρ
426 5566 522 5619 τοῦ
556 5568 684 5629 τοὺς
708 5567 897 5629 ἄλλους
925 5566 1327 5620 ἐπισπάσασθαι
1360 5569 1573 5636 ἐγένετο
1592 5586 1606 5600 ο
1635 5570 1703 5623 τὰ
1732 5572 1811 5638 δὲ,

1912 4743 2082 4816 exigit
2112 4747 2267 4800 ﬁdem
2305 4746 2375 4800 ab
2415 4747 2510 4801 illo
2532 4747 2671 4810 viro,
2695 4746 2838 4803 sicut
2870 4762 3048 4820 neque
3079 4764 3110 4804 a
3144 4753 3340 4808 claudo
3377 4770 3473 4808 an-

1913 4849 1998 4895 tea
2028 4852 2299 4911 exegerat.
2331 4838 2684 4895 Potissimnm
2717 4840 2885 4912 igitur
2919 4841 2987 4897 ad
3017 4843 3248 4899 aliorum
3277 4860 3476 4902 conso-

1914 4932 2173 4987 lationem
2223 4929 2427 4986 factum
2474 4943 2559 4987 est
2599 4933 2925 4989 miraculum
2975 4934 3110 4990 illud
3149 4955 3164 4990 :
3207 4937 3476 5006 siquidem

1918 5022 2155 5077 celebris
2178 5029 2296 5075 erat
2333 5022 2416 5075 vir
2445 5021 2565 5076 ille.‘
2587 5020 2794 5093 Itaque,
2829 5025 3288 5093 quemadmodum
3319 5024 3480 5079 Chri-

1918 5122 2036 5168 stus
2059 5112 2343 5179 Dominus,
2370 5127 2491 5167 cum
2524 5116 2676 5181 signa
2705 5114 2887 5170 facere
2915 5115 3147 5184 occepit,
3180 5116 3337 5170 [idem
3370 5133 3476 5170 nou

1918 5205 2299 5276 praeexigehat,
2333 5207 2413 5261 sic
2454 5220 2553 5259 nec
2586 5188 2835 5275 apostoli.
2866 5207 2934 5261 At
2970 5205 3323 5278 Jerosolymis
3351 5224 3484 5265 con-

1920 5315 2055 5371 grue
2094 5300 2228 5355 lides
2257 5300 2616 5370 praecedebat,
2648 5307 2708 5353 ut
2745 5316 2765 5350 ‹
2801 5299 3123 5354 adveniente
3153 5300 3339 5367 Petro,
3375 5303 3485 5356 sal-

1924 5400 2028 5447 tem
2055 5392 2245 5446 umbra
2269 5390 2418 5447 illius
2440 5390 2795 5446 obumbraret
2816 5402 3143 5459 quemquam
3167 5390 3386 5445 illorum
3412 5410 3424 5447 :
3458 5412 3478 5444 ι

1921 5483 2091 5537 multa
2127 5484 2271 5538 enim
2312 5483 2444 5538 inibi
2487 5482 2642 5551 signa
2685 5480 2827 5535 facta
2856 5480 2968 5550 jam
3001 5478 3251 5546 fuerant;
3290 5490 3346 5537 at
3379 5483 3486 5538 isto

1922 5574 1975 5628 in
2011 5574 2128 5627 loco
2157 5574 2388 5641 primum
2417 5580 2555 5627 erat.
2596 5571 2853 5638 Quaedam
2884 5572 3029 5627 enim
3063 5571 3219 5642 signa
3258 5573 3324 5627 ad
3357 5573 3482 5627 iull-

250 5660 341 5713 καὶ
372 5659 515 5729 ὑπὲρ
538 5659 634 5728 τῆς
667 5660 774 5712 τῶν
823 5662 1189 5713 πιστευόντων
1229 5662 1645 5732 παρακλήσεως.
1672 5683 1691 5716 ‹
1724 5667 1798 5719 ‘Ei

1918 5666 2070 5718 deles
2104 5666 2169 5717 ad
2211 5662 2365 5717 (idem
2399 5662 2737 5727 trahendos;
2770 5662 2876 5716 alia
2912 5662 2977 5717 ad
3019 5662 3257 5719 ﬁdelium
3289 5678 3485 5719 conso-

261 5749 453 5821 Ἰόππῃ
470 5749 548 5802 δέ.
584 5767 602 5800 ι
640 5749 921 5803 Δείκνυσιν
950 5750 1032 5803 ὅτι
1057 5752 1394 5821 φερωνύμως
1437 5753 1575 5825 αὐτὴ
1610 5751 1676 5827 ἦν
1717 5760 1812 5811 καὶ

249 5834 586 5908 ὲγρηγορυῖα
619 5837 713 5888 καὶ
737 5837 985 5905 νήφουσα
1017 5837 1205 5897 ὥσπερ
1233 5840 1429 5919 δορκάς
1455 5859 1466 5871 ·
1512 5844 1677 5897 πολλὰ
1702 5848 1809 5919 γὰρ

566 5932 833 5992 ΡΑτιιοι.
864 5932 978 5994 Gn.
1016 5935 1258 5996 CXXV.

1918 5756 2175 5808 lationem
2209 5754 2427 5807 ﬁebant.
2468 5772 2486 5804 ι
2525 5753 2582 5806 ln
2611 5751 2783 5824 Joppe
2808 5764 3014 5810 autem.
3056 5773 3073 5806 ι
3121 5755 3299 5809 Innuit
3330 5756 3485 5826 pucl-

1914 5850 2019 5902 lam
2067 5847 2212 5903 illam
2253 5846 2407 5917 juxta
2452 5846 2537 5899 sui
2590 5846 2830 5904 numinis
2879 5847 3021 5912 vim,
3068 5848 3376 5916 vfgilantem
3426 5857 3482 5903 et

3066 5942 3142 5999 3U
