3848 6598
229 551 330 616 941

859 542 1398 608 EXPOSITIONIS
1439 545 1522 606 IN
1573 543 1766 605 ACTA
1792 538 2090 600 TEXTUS
2127 534 2398 595 ALTER.
2433 559 2502 570 —
2537 531 2697 592 CAP.
2735 531 2810 591 X.

3347 526 3455 590 94?.

229 665 572 737 μνημόσυνον
609 663 841 718 ἐνώπιον
866 663 964 716 τοῦ
991 661 1150 716 Θεοῦ.
1179 663 1290 715 Καὶ
1335 660 1432 715 νῦν
1461 659 1677 729 πέμψον
1705 659 1784 721 είς

1910 672 1940 707 ιι
1971 654 2200 724 Joppen,
2227 662 2282 707 et
2316 647 2522 724 accersi
2556 645 2834 702 Simonem
2877 642 3196 716 quemdam,
3243 644 3337 714 qui
3360 658 3456 699 co-

235 759 460 826 Ἰόππην
485 755 707 826 ἄνδρας,
737 755 831 808 καὶ
866 754 1233 824 μετακάλεσαι
1264 753 1505 824 Σίμωνα,
1540 752 1632 805 τὸν
1665 751 1790 803 ἐπι-

227 847 560 916 καλούμενον
582 845 810 915 Πέτρον,
829 845 924 896 καὶ
958 842 1120 906 αὑτός
1149 844 1266 896 ἐστι
1293 841 1630 911 ξενιζόμενος
1651 838 1790 910 πρὸς

225 941 314 994 τὸν
347 940 570 1010 Σίμωνα
595 938 686 991 τὸν
729 935 954 1008 βυρσέα,
983 929 1028 1003 ᾧ
1052 935 1202 989 ἐστιν
1227 933 1375 988 οίκία
1411 933 1565 1004 παρά
1593 931 1794 986 θάλασ-

229 1049 347 1084 σαν.
406 1025 575 1094 Οὗτος
595 1030 821 1100 λαλήσει
879 1046 962 1082 σοι
1016 1027 1069 1080 τί
1119 1044 1179 1080 σε
1229 1026 1309 1079 δεῖ
1361 1027 1557 1080 ποιεῖν.
1602 1025 1690 1088 Ὧς
1737 1024 1794 1077 δὲ

227 1123 471 1192 ἀπῆλθεν
502 1125 530 1175 6
556 1121 788 1190 ἄγγελος
819 1123 847 1174 6
877 1120 1057 1174 λαλῶν
1084 1120 1162 1190 τῷ
1201 1118 1508 1189 Κορνηλίῳ,
1539 1118 1795 1186 φωνήσας

226 1215 320 1269 δύο
340 1214 450 1269 τῶν
477 1213 706 1267 οἰκετῶν
731 1210 918 1275 αὐτοῦ,
951 1212 1048 1265 καὶ
1081 1210 1424 1280 στρατιώτην
1459 1207 1658 1279 εὐσεϐῆ
1686 1206 1796 1259 τῶν

228 1305 787 1376 προσκαρτερούντων
834 1303 1005 1374 αὐτῷ,
1033 1304 1128 1358 καὶ
1172 1302 1584 1373 ἐξηγησάμενος
1614 1300 1797 1363 αὺτοῖς

231 1399 470 1464 ἅπαντα,
501 1397 822 1453 ἀπέστειλεν
865 1397 1061 1460 αὐτοὺς
1087 1398 1168 1460 είς
1205 1397 1305 1469 τὴν
1345 1396 1586 1466 Ἰόππην.
1623 1395 1704 1465 Τῇ
1739 1394 1797 1448 δὲ

229 1490 519 1562 ἐπαύριον,
542 1488 967 1560 ὁδοιπορούντων
995 1487 1241 1551 ἐκείνων,
1259 1487 1352 1539 καὶ
1375 1488 1441 1557 τῇ
1467 1485 1622 1538 πόλει
1651 1485 1801 1552 ἐγγι-

228 1579 456 1643 ζόντων,
492 1579 658 1650 ἀνέϐη
711 1579 917 1649 Πέτρος
959 1577 1052 1632 ἐπὶ
1088 1576 1151 1631 τὸ
1193 1576 1351 1646 δῶμα
1394 1574 1798 1644 προσεύξασθαι

229 1687 298 1722 πε
310 1672 362 1740 pl
388 1670 539 1742 ῶραν
575 1670 764 1741 ἕκτην.
801 1669 1050 1738 Ἐγένετο
1079 1669 1136 1722 δέ
1163 1668 1508 1740 πρόσπεινος,
1527 1667 1620 1721 καὶ
1641 1665 1798 1736 ήθελε

232 1763 563 1827 γεύσασθαι.
593 1758 1130 1831 Παρασκευαζόντων
1161 1759 1219 1812 δὲ
1259 1758 1506 1821 ἐκείνων,
1533 1757 1800 1810 ἐπέπεσεν

229 1852 322 1905 ἐπ’
348 1852 513 1907 αὑτὸν
545 1850 820 1915 ἔκστασις,
860 1849 956 1904 καὶ
990 1849 1189 1920 θεωρεῖ
1223 1848 1314 1902 τὸν
1350 1848 1577 1919 οὐρανὸν
1629 1847 1800 1917 ἀνεῳ-

228 1943 456 2012 γμένον,
490 1945 585 1996 καὶ
617 1942 916 2013 τέσσαρσιν
946 1941 1145 2011 ἀρχαῖς
1187 1939 1473 2012 δεδεμένον
1519 1939 1711 2002 σκεῦός
1747 1957 1800 1993 τι

228 2034 304 2099 ῶς
337 2034 532 2105 ὀθόνην
563 2034 826 2105 μεγάλην,
858 2033 1186 2088 καταϐαῖνον
1228 2033 1322 2086 καὶ
1351 2031 1678 2102 καθιέμενον
1707 2030 1799 2084 ἐπὶ

229 2123 332 2192 τῆς
371 2122 499 2191 γῆς,
560 2124 619 2175 ἐν
667 2116 712 2190 ᾧ
761 2123 974 2194 ὑπῆρχε
1025 2122 1207 2176 πάντα
1247 2120 1318 2175 τὰ
1363 2121 1670 2194 τετράποδα
1700 2120 1801 2190 τῆς

229 2215 356 2282 γῆς,
392 2214 487 2267 καὶ
518 2212 589 2267 τὰ
617 2213 804 2285 θηρία,
840 2215 934 2268 καὶ
962 2212 1028 2267 τὰ
1068 2214 1296 2283 ἑρπετὰ,
1334 2213 1430 2267 καὶ
1460 2212 1531 2267 τὰ
1578 2210 1802 2265 πετεινὰ

229 2305 328 2358 τοῦ
354 2304 608 2374 οὐρανοῦ.
652 2306 762 2358 Kal
793 2304 1009 2372 ἐγένετο
1041 2303 1194 2374 φωνὴ
1225 2303 1363 2374 πρὸς
1398 2303 1560 2358 αὐτόν
1587 2316 1603 2333 ⁸
1642 2303 1800 2357 Ἀνα-

233 2396 390 2461 στάς,
420 2397 618 2469 Πέτρε,
659 2395 844 2460 θῦσον,
890 2395 988 2450 καὶ
1015 2397 1176 2465 φάγε.
1214 2398 1274 2450 Ὀ
1304 2397 1361 2451 δὲ
1398 2397 1603 2468 Πέτρος
1640 2392 1761 2451 εἷπε
1784 2414 1799 2429 ο

233 2486 540 2556 Μηδαμῶς,
581 2486 777 2559 Κύριε,
805 2487 888 2541 ὅτι
913 2487 1166 2541 οὐδέποτε
1197 2486 1398 2557 ἔφαγον
1426 2489 1534 2542 πᾶν
1563 2488 1743 2542 κοινὸν
1766 2489 1800 2558 ἦ

234 2577 571 2646 ἀκάθαρτον.
607 2579 718 2631 Καὶ
745 2576 899 2648 φωνὴ
928 2577 1090 2631 πάλιν
1131 2578 1195 2632 ἐκ
1235 2577 1492 2649 δευτέρου
1527 2578 1669 2648 πρὸς
1707 2579 1805 2632 αῦο

234 2667 356 2720 τόν·
396 2669 465 2720 Ἀ
513 2669 541 2721 ό
595 2666 728 2731 Θεὸς
773 2666 1035 2739 ἐκάθηρε,
1071 2668 1136 2722 σὺ
1183 2667 1259 2741 μὴ
1298 2666 1500 2722 κοίνου.
1533 2668 1707 2721 Τοῦτο
1747 2668 1804 2722 δὲ

236 2757 454 2826 ἐγένετο
480 2757 571 2810 ἐπὶ
607 2759 750 2829 τρὶς,
786 2758 883 2813 καὶ
913 2757 1076 2812 πάλιν
1105 2758 1382 2830 ἀνελήφθη
1411 2759 1476 2812 τὸ
1504 2758 1695 2823 σκεῦος
1724 2761 1805 2824 εἰς

239 2850 331 2902 τὸν
360 2850 614 2921 οὐρανόν.
651 2850 740 2913 Ὠς
782 2849 841 2904 δὲ
867 2851 925 2902 ἐν
949 2850 1125 2922 ἑαυτῷ
1150 2851 1398 2923 διηπόρει
1430 2851 1459 2903 ό
1490 2851 1717 2923 Πέτρος,
1753 2853 1806 2904 τί

240 2939 307 2992 ἂν
329 2940 414 3008 είη
445 2940 507 2992 τὸ
534 2941 738 3011 ὅραμα,
761 2939 789 2993 ὃ
819 2938 948 3005 εἶδε,
995 2941 1088 2995 καὶ
1139 2941 1247 2995 ἰδοὺ
1277 2943 1325 2995 oi
1369 2941 1561 3012 ἄνδρες
1591 2943 1641 2996 οἱ
1668 2944 1806 2996 ἀπε-

243 3029 536 3101 σταλμένοι
599 3031 751 3103 παρά
813 3031 1121 3103 Κορνηλίου
1153 3072 1168 3096 ,
1210 3031 1641 3104 διερωτήσαντες
1706 3035 1808 3106 τὴν

241 3119 419 3173 οἰκίαν
447 3118 542 3172 τοῦ
576 3120 838 3190 Σίμωνος,
867 3122 1175 3192 ἐπέστησαν
1200 3121 1294 3174 ἐπὶ
1320 3121 1411 3174 τὸν
1433 3121 1683 3176 πυλῶνα·
1713 3125 1808 3177 καὶ

244 3210 617 3279 φωνήσαντες,
641 3209 1026 3274 ἐπυνθάνοντο,
1053 3211 1101 3262 εί
1123 3209 1304 3280 Σίμων
1326 3211 1354 3263 ό
1379 3209 1807 3291 ἐπικαλούμενος

1894 743 2244 809 guominatur
2280 737 2475 793 Petrus
2501 751 2514 788 :
2549 736 2641 790 hic
2663 735 2974 804 hospitatur
2997 733 3142 803 apud
3169 733 3448 794 Simonem

1893 832 2181 902 quemdam
2212 831 2526 895 coriarium,
2559 827 2719 898 cujus
2744 834 2828 882 est
2868 827 3062 880 domus
3087 824 3243 896 juxta
3275 839 3457 880 mare:

1898 927 1986 979 hic
2017 924 2161 978 dicet
2205 922 2325 988 tibi,
2369 922 2496 992 quid
2533 928 2586 976 te
2627 927 2875 990 oporteat
2951 918 3150 975 facere.
3214 917 3280 973 Et
3329 933 3456 974 cum

1897 1017 2236 1072 discessisset
2283 1016 2508 1085 angelus
2571 1014 2662 1084 qui
2709 1013 3033 1082 loquebatur
3096 1011 3197 1078 illi,
3249 1011 3460 1065 vocatit

1895 1107 2036 1164 duos
2056 1107 2387 1161 domesticos
2417 1119 2566 1170 suos,
2595 1112 2650 1160 et
2703 1105 2930 1160 militem
2964 1112 3298 1158 metuentem
3359 1101 3461 1157 do-

1898 1199 2132 1261 minum,
2184 1213 2247 1252 ex
2315 1198 2403 1252 bis
2457 1198 2552 1268 qui
2603 1197 2678 1250 illi
2733 1198 3015 1267 parebant.
3076 1195 3288 1262 Quibus
3337 1209 3461 1250 cum

1897 1299 2178 1345 narrasset
2239 1291 2440 1354 omnia,
2503 1288 2653 1344 misit
2695 1287 2818 1343 illos
2861 1287 2914 1342 in
2967 1286 3198 1358 Joppcn.
3233 1286 3462 1341 Postera

1897 1393 2075 1436 autem
2100 1381 2210 1446 die,
2252 1380 2355 1434 iter
2382 1380 2488 1434 illis
2521 1379 2850 1434 facientibus
2886 1387 2940 1433 et
2967 1378 3460 1448 appwpinquanti-

1897 1474 2002 1528 bus
2029 1473 2255 1538 civitati,
2305 1472 2552 1527 ascendit
2603 1470 2800 1526 Petrus
2835 1470 2891 1524 in
2927 1472 3303 1540 superiora.ut
3336 1485 3466 1525 ora-

1900 1574 1982 1619 ret
2013 1565 2159 1618 circa
2191 1564 2379 1617 horam
2413 1571 2644 1618 sextam.
2709 1563 2777 1618 Et
2824 1577 2948 1618 cum
3011 1567 3265 1630 esuriret,
3295 1563 3467 1620 voluit

1898 1657 2142 1719 gustare.
2177 1649 2505 1705 Par-antibus
2528 1659 2708 1706 autem
2741 1652 2870 1720 illis,
2899 1654 3099 1710 cecidit
3148 1671 3312 1726 super
3339 1670 3464 1710 eum

1902 1741 2106 1795 mentis
2153 1755 2414 1796 excessus
2470 1758 2484 1794 :
2531 1751 2585 1796 et
2627 1743 2760 1797 vidit
2783 1745 2980 1798 caelum
3006 1754 3276 1816 apertum,
3306 1745 3472 1801 etde-

1901 1829 2168 1884 scendens
2215 1843 2313 1883 vas
2364 1829 2658 1899 quoddam,
2715 1831 2863 1885 velut
2908 1833 3140 1889 linteum
3187 1850 3466 1904 magnum,

1903 1927 2142 1988 quatuor
2179 1919 2352 1975 initiis
2399 1920 2647 1976 submitti
2679 1921 2746 1976 de
2805 1924 2946 1979 cmlo
3014 1925 3069 1980 in
3135 1933 3362 1982 terram.
3407 1925 3465 1981 In

1900 2024 2010 2080 quo
2058 2021 2215 2065 erant
2246 2012 2427 2066 omnia
2463 2011 2834 2083 quadrupedia
2881 2023 2935 2068 et
2992 2017 3263 2085 serpentia
3286 2026 3464 2080 terrae,

1900 2109 1955 2157 et
1986 2102 2228 2158 volatilia
2262 2105 2410 2159 caeli.
2446 2103 2511 2157 Et
2565 2104 2709 2159 facta
2731 2114 2816 2162 est
2840 2123 2943 2162 vox
2983 2109 3048 2163 ad
3081 2125 3203 2164 eum
3235 2109 3466 2182 τευτευ,

1900 2189 2079 2256 Pelre,
2111 2195 2300 2250 occide
2329 2207 2384 2250 et
2415 2195 2703 2251 manduca.
2735 2197 2824 2251 Ait
2851 2207 3034 2254 autem
3075 2199 3269 2256 Petrus
3302 2217 3317 2253 :
3359 2202 3468 2256 Ab-

1902 2284 1995 2347 sit,
2061 2283 2312 2351 Domine,
2386 2287 2516 2354 quia
2575 2300 2857 2357 nunquam
2913 2288 3238 2345 manducavi
3306 2305 3470 2346 omne

1901 2391 2197 2432 commune
2227 2385 2284 2433 et
2320 2377 2679 2433 immundum.
2714 2379 2778 2434 Et
2813 2395 2916 2435 vox
2965 2382 3160 2437 iterum
3229 2382 3472 2438 secundo

1903 2471 1971 2526 ad
2002 2486 2128 2526 eum
2162 2469 2359 2538 :Quod
2387 2470 2530 2526 Deus
2563 2469 2894 2541 puriﬁcavit.
2959 2479 3015 2526 tu
3059 2487 3354 2528 commune
3401 2489 3470 2527 ne

1902 2563 2126 2619 dixeris.
2162 2562 2275 2617 Hoc
2298 2572 2480 2618 autem
2542 2563 2744 2614 factum
2776 2571 2857 2616 est
2885 2576 2982 2631 per
3006 2571 3090 2616 ter
3120 2577 3135 2616 :
3191 2570 3244 2616 et
3281 2564 3468 2618 atatim

1903 2667 2180 2724 receptum
2242 2665 2325 2708 est
2366 2669 2462 2710 vas
2513 2651 2568 2710 in
2612 2651 2830 2711 malum.
2865 2650 2930 2709 Et
2958 2652 3254 2718 dumjntra
3277 2668 3336 2709 se
3363 2655 3472 2709 ha:-

1905 2752 2094 2806 sitaret
2136 2747 2630 2817 Petrus,quidnam
2661 2758 2807 2806 esset
2833 2751 2992 2815 visio,
3031 2768 3192 2822 quam
3228 2752 3468 2820 vidisset,

1905 2857 2033 2898 ecce
2061 2841 2161 2896 viri
2190 2840 2281 2911 qui
2323 2842 2475 2897 missi
2520 2850 2678 2897 erant
2717 2857 2748 2896 a
2801 2842 3075 2911 Cornelio,
3133 2845 3473 2916 inquit-entes

1907 2935 2128 2989 domum
2165 2931 2426 2998 Simonis,
2460 2933 2750 2989 astiterunt
2812 2936 2878 2989 ad
2927 2935 3174 3007 januam.
3217 2936 3285 2992 Et
3347 2953 3471 2993 cum

1905 3033 2221 3088 vocassent,
2255 3025 2691 3097 interrogabant,
2731 3027 2774 3080 si
2824 3028 3014 3082 Simon
3066 3029 3159 3099 qui
3190 3032 3473 3101 cognomi-

1866 3129 1870 3131 ’
1909 3126 2074 3173 natur
2115 3115 2334 3178 Petrus,
2395 3116 2508 3171 illic
2556 3117 2782 3173 haberet
2825 3119 3142 3189 hOSpitium.
3181 3119 3344 3177 Petro
3376 3137 3474 3176 au-

1910 3219 2018 3265 tem
2089 3209 2360 3280 cogitante
2431 3209 2499 3264 de
2562 3209 2795 3274 visione,
2854 3211 2990 3266 dixit
3061 3211 3302 3282 Spiritus
3354 3215 3405 3268 ei
3457 3232 3473 3269 :

247 3301 453 3370 Πέτρος
481 3300 669 3355 ἐνθάδε
707 3299 991 3366 ξενίζεται.
1023 3301 1128 3354 Τοῦ
1160 3301 1216 3354 δέ
1248 3301 1458 3369 Πέτρου
1492 3301 1807 3372 διενθυμου-

1911 3302 2051 3358 Ecce
2097 3301 2202 3355 viri
2264 3309 2377 3356 tres
2438 3310 2689 3370 quaerunt
2752 3308 2825 3356 te.
2874 3301 3046 3371 Surge
3116 3305 3324 3375 itaque,
3385 3306 3480 3361 de-

253 3392 413 3463 μένου
446 3394 579 3464 περὶ
606 3394 708 3446 τοῦ¹
731 3394 1030 3465 ὁράματος,
1059 3389 1213 3446 εἶπεν
1248 3392 1398 3463 αύτῷ
1441 3393 1505 3447 τὸ
1551 3393 1807 3463 Πνεῦμα⁶

258 3485 388 3538 Ἰδοὺ
418 3484 611 3555 ἄνδρες
635 3486 783 3556 τρεῖς
822 3483 1048 3556 ζητοῦσί
1079 3501 1139 3538 σε
1161 3500 1177 3514 ·
1205 3484 1342 3538 ἀλλὰ
1372 3485 1614 3548 ἀναστὰς
1644 3484 1810 3538 κατάο

249 3574 373 3645 ϐηθι
407 3577 504 3628 καὶ
531 3577 768 3646 πορεύου
803 3575 902 3629 σὺν
936 3577 1142 3642 αὐτοῖς,
1182 3575 1351 3648 μηδὲν
1376 3575 1809 3648 διακρινόμενος,

246 3666 379 3720 διότι
409 3667 519 3734 ἐγὼ
549 3668 868 3722 ἀπέσταλκα
893 3667 1111 3731 αὐτούς.

829 3759 1210 3814 ΕΡΜΗΝΕΙΑ.

316 3839 628 3914 Οὗτοςόὐκ
680 3849 826 3904 ἐστιν
857 3851 1132 3915 Ἰουδαῖος,
1167 3850 1285 3906 οὐδὲ
1329 3851 1446 3905 τῶν
1471 3851 1580 3906 ὑπὸ
1625 3851 1808 3921 νόμον,

249 3940 361 3992 ἀλλ’
396 3941 498 4010 ήδη
525 3941 846 4013 προειλήφει
869 3940 964 4011 τὴν
985 3941 1262 4013 ήμετέραν
1287 3942 1586 3997 πολιτείαν.
1610 3941 1812 3996 Τοῦτον

247 4030 370 4084 ἰδὼν
403 4031 432 4083 ό
480 4030 580 4098 τῆς
625 4031 883 4102 ἀληθείας
907 4031 955 4064 ⁸⁸
983 4030 1284 4103 ὀφθαλμὸς,
1327 4033 1409 4086 ὃτι
1440 4032 1584 4086 καλὰ
1623 4034 1722 4103 μὲν
1744 4034 1814 4085 τὰ

245 4124 403 4192 ἔργα,
436 4124 607 4192 νεκρὰ
643 4124 700 4176 δέ
729 4125 868 4189 ἐστι,
901 4122 1082 4176 πίστιν
1115 4123 1215 4177 οὐκ
1251 4123 1462 4194 ἔχοντα,
1496 4123 1813 4178 ἀποστέλλει

247 4212 586 4284 βραϐεύοντα
603 4214 650 4246 ⁸⁵
675 4215 786 4276 τοῖς
806 4213 987 4285 ἔργοις
1012 4214 1266 4282 ἄγγελον,
1283 4215 1360 4279 ὡς
1384 4215 1567 4279 καλῶς
1592 4216 1815 4270 ἀθλοῦνο

245 4322 313 4356 τα
350 4303 698 4372 στεφανῶσαι
733 4305 797 4374 τῇ
840 4302 1047 4356 πίστει.
1081 4302 1254 4356 Τοῦτο
1286 4302 1344 4355 δέ
1395 4305 1559 4370 ποιεῖ,
1613 4305 1706 4357 καὶ
1735 4305 1816 4366 εἰς

247 4393 885 4466 πληροφορίαν-Πέτρου,
921 4395 1123 4465 μᾶλλον
1160 4395 1216 4448 δέ
1247 4395 1357 4449 τῶν
1390 4395 1810 4467 ἀσθενεστέρων.

260 4485 509 4554 ἐννάτῃ
529 4485 586 4539 δέ
612 4485 753 4554 ὥρᾳ,
778 4485 864 4538 ὅτε
891 4486 1187 4557 φροντίδων
1208 4486 1399 4557 ἠφίετο
1420 4487 1513 4540 καὶ
1535 4487 1593 4540 ἐν
1615 4486 1816 4557 ἠσυχίᾳ

247 4573 314 4648 ἦν
345 4579 440 4630 καὶ
471 4577 636 4647 πολλῇ
673 4577 985 4642 κατανύξει.
1021 4577 1120 4632 Διά
1155 4578 1312 4632 τοῦτο
1339 4578 1397 4632 δέ
1425 4582 1572 4632 ποιεῖ
1597 4578 1692 4633 καὶ
1723 4579 1816 4632 τὸν

1911 3392 2114 3448 sceude
2141 3399 2196 3446 et
2215 3391 2350 3447 vade
2380 3405 2502 3446 cum
2532 3391 2632 3457 eis,
2665 3391 2800 3446 nihil
2854 3392 3137 3462 dubitans,
3190 3396 3320 3466 quia
3375 3411 3478 3469 ego

1911 3483 2034 3539 misi
2064 3483 2209 3540 illos.

2417 3748 2981 3812 COMMENTARIUS.

1984 3841 2278 3899 Cornelius
2309 3857 2418 3899 non
2478 3854 2596 3898 erat
2638 3842 2880 3909 Judaeus,
2917 3847 3358 3918 nequeMosaicas
3377 3853 3479 3909 0b-

1915 3937 2114 3992 noxius
2155 3936 2258 4007 legi
2299 3953 2314 3990 :
2348 3943 2594 3991 nostrum
2642 3944 2826 3993 tamen
2868 3939 3083 3994 vivendi
3120 3941 3341 3998 modum
3363 3947 3478 4016 jam

1916 4036 2308 4097 assumpserat.
2338 4027 2495 4094 Eum,
2523 4044 2647 4100 cum
2679 4029 3109 4101 benignissimus
3155 4031 3248 4090 Dei
3282 4035 3478 4093 oculus

1916 4119 2145 4184 videret,
2179 4119 2378 4175 habere
2432 4120 2651 4190 quidem
2712 4120 2858 4176 bona
2921 4137 3087 4193 opera
3125 4163 3141 4189 ,
3172 4141 3237 4181 ea
3299 4134 3478 4183 tamen

1915 4217 2140 4279 propter
2192 4212 2493 4264 carentiam
2518 4209 2682 4276 fidei,
2719 4215 3170 4280 mortua;mittit
3228 4219 3478 4290 angelum

1916 4302 2076 4357 bonis
2107 4301 2364 4372 operibus
2400 4303 2708 4371 praesidem,
2751 4305 2840 4374 qui
2887 4320 3012 4360 eum
3063 4309 3321 4376 prasclare
3365 4325 3484 4368 cer-

1917 4400 2122 4446 tantem
2160 4401 2452 4448 coronaret
2496 4393 2598 4448 fide
2636 4409 2649 4445 :
2682 4394 2828 4463 quod
2859 4404 2914 4449 et
2964 4396 3096 4451 fecit
3134 4399 3203 4453 ad
3265 4401 3478 4469 plenam

1918 4483 2088 4549 Petri,
2122 4499 2219 4540 seu
2257 4484 2442 4554 potius
2474 4483 2833 4538 iuﬁrmiorum
2869 4486 3303 4544 instructionem.
3329 4489 3482 4546 Hora

1919 4590 2053 4631 vero
2099 4591 2263 4642 nona,
2304 4589 2427 4630 cum
2488 4575 2698 4630 scilicet
2736 4575 2846 4643 ille,
2887 4577 3130 4635 dimissis
3189 4582 3374 4645 curis.
3423 4584 3482 4638 iu
3551 4563 3559 4568 ’

249 4646 416 4735 ἀνδρα
446 4646 724 4741 γνώριμον
750 4671 841 4724 καὶ
865 4671 1025 4740 δῆλον
1051 4674 1078 4724 6
1109 4672 1480 4740 συγγραφεὺς,
1511 4671 1597 4725 ἵνα
1631 4672 1705 4742 μή
1733 4687 1807 4734 τις

1924 4665 2093 4721 multa
2127 4664 2288 4737 245
2324 4664 2740 4735 compunctione
2771 4668 3110 4737 quiescebat.
3128 4669 3483 4729 ldcircovero

251 4761 402 4830 εἴπῃ,
432 4760 512 4814 ὅτι
535 4760 824 4830 ψεύδεταν
849 4761 926 4815 διὸ
950 4763 1044 4814 καὶ
1071 4762 1170 4832 τὴν
1189 4760 1344 4825 ἀξίαν
1365 4760 1653 4832 ἐδήλωσεν,
1686 4779 1706 4812 ι
1727 4760 1821 4813 Ἐκ

250 4853 507 4921 σπείρης,
535 4850 728 4916 εἰπὼν,
770 4853 1118 4924 καλουμένης
1146 4853 1438 4924 Ἰταλικῆς.
1473 4870 1492 4904 ι
1527 4853 1732 4922 Σπεῖρα
1764 4851 1822 4905 δέ

249 4943 397 4994 ἐστιν
427 4942 454 4994 ὃ
485 4942 758 5012 καλοῦμεν
792 4943 886 4996 νῦν
907 4943 1212 5016 Νούμερον.
1244 4962 1264 4996 t
1295 4943 1821 5016 Παρασκευαζόντων

249 5035 326 5088 δέ.
356 5055 376 5087 ι
431 5036 496 5088 Ἥ
548 5034 806 5101 ἔκστασις
859 5037 1030 5106 δηλοῖ,
1084 5038 1180 5092 καὶ
1218 5039 1316 5106 τὴν
1363 5038 1456 5091 ἐπὶ
1511 5034 1822 5108 θαυμασμῷ

255 5127 540 5194 ἔκπληξιν,
585 5128 677 5180 καὶ
722 5127 782 5180 τὸ
813 5128 916 5192 ἔξω
948 5128 1056 5181 τῶν
1086 5129 1359 5197 αἰσθητῶν
1398 5128 1694 5201 [γενέσθαι]
1727 5131 1823 5184 ἐπὶ

255 5214 323 5266 τὰ
358 5216 708 5285 πνευματικὰ
751 5215 1158 5286 ποδηγούμενον
1175 5217 1243 5269 ⁸⁷.
1283 5217 1379 5270 Ἐκ
1426 5217 1618 5270 τούτου
1644 5217 1821 5286 δῆλον,

255 5304 333 5354 ὅτι
366 5303 758 5373 πνευματικῶς
801 5305 1003 5359 ὡσανεὶ
1056 5305 1277 5373 γέγονεν
1335 5307 1368 5374 ἡ
1401 5305 1600 5376 θεωρία
1650 5304 1820 5376 αὐτῷ.

255 5392 360 5445 Τοῦ
399 5393 674 5463 σώματος,
705 5395 853 5448 ῶσάν
896 5397 1038 5448 εἴποι
1075 5413 1183 5459 τις,
1217 5395 1410 5467 ἐξέστη
1443 5398 1477 5467 ή
1524 5397 1688 5468 ψυχὴ,
1729 5397 1823 5450 καὶ

257 5482 452 5552 θεωρεῖ
481 5484 752 5553 σύμϐολον
778 5487 876 5556 τῆς
917 5487 1245 5557 οἰκουμένης
1277 5489 1458 5558 πάσης
1493 5489 1815 5558 ἀκρότατον,

260 5573 352 5640 τὴν
381 5576 577 5640 ὀθόνην
606 5577 841 5646 ἐκείνην.
872 5580 938 5631 Αἱ
970 5579 1239 5648 τέσσαρες
1267 5579 1434 5650 ἀρχαὶ
1474 5579 1544 5630 τὰ
1576 5580 1820 5650 τέσσαρα

263 5672 499 5738 στοιχεῖα.
523 5669 741 5738 δηλοῦσι
762 5687 777 5700 ο
802 5670 862 5722 τὺ
886 5671 939 5722 δὲ
961 5669 1128 5738 φανὲν
1148 5669 1340 5732 σκεῦος
1375 5669 1465 5724 τὸν
1517 5671 1822 5742 παχύτερον

1918 4767 2108 4813 notum
2141 4758 2412 4813 hominem
2441 4758 2589 4812 illum
2615 4759 2744 4813 facit
2781 4774 2938 4815 sacer
2963 4762 3217 4834 scriptor,
3252 4781 3320 4820 ne
3361 4769 3484 4836 quis

1919 4848 2096 4918 ipsum
2121 4847 2340 4902 mentiri
2362 4855 2598 4918 putaret.
2619 4847 2774 4904 'lntle
2797 4850 2960 4904 etiam
3002 4852 3148 4909 illius
3166 4853 3483 4926 dignitatem

1918 4938 2254 5004 manifestat,
2289 4938 2504 5004 dicens,
2539 4939 2685 5008 quod
2713 4949 2857 4996 esset
2891 4960 2911 4993 ι
2947 4942 3211 4999 Centurio
3241 4946 3486 5001 cohortis

1918 5046 2040 5100 quae
2056 5031 2256 5087 dicitur
2287 5031 2495 5087 Italica.
2531 5049 2551 5084 ι
2586 5032 2794 5088 Cohors
2817 5041 2996 5090 autem
3025 5043 3132 5102 est,
3158 5048 3486 5107 quamnunc

1919 5121 2218 5178 Numerum
2249 5137 2530 5178 vocamus.
2573 5142 2592 5174 ι
2628 5123 2952 5178 Parantibus
2998 5134 3200 5179 autem.
3239 5144 3255 5176 ι
3292 5125 3487 5181 Mentis

1919 5227 2203 5278 excessus,
2235 5230 2331 5270 seu
2360 5214 2566 5270 extasis
2599 5214 2866 5286 signiﬁcat
2895 5222 3010 5268 tum
3060 5222 3339 5285 stuporem
3390 5219 3485 5288 qui

1919 5321 1982 5361 ex
2011 5306 2373 5362 admiratione
2405 5307 2687 5378 contingit,
2716 5315 2826 5361 tum
2859 5315 3073 5376 raptum
3118 5315 3271 5361 extra
3303 5311 3487 5365 sensi-

1921 5397 2052 5451 bilia
2087 5407 2142 5452 et
2178 5397 2245 5451 ad
2283 5398 2590 5468 spiritualia
2623 5399 3064 5453 translationem.
3093 5397 3167 5453 Ex
3217 5415 3325 5470 quo
3359 5417 3487 5472 per-

1923 5489 2175 5559 spicuum
2206 5489 2286 5555 tit,
2335 5491 2674 5560 spiritualcm
2728 5490 2803 5544 illi
2849 5490 3145 5560 contigisse
3200 5491 3488 5558 visionem,

1926 5588 2090 5652 atque
2120 5581 2255 5636 adeo
2289 5581 2524 5634 animam
2563 5581 2682 5652 ejus
2735 5581 3137 5648 quodammodo
3192 5598 3222 5639 e
3261 5597 3490 5654 corpore

1929 5675 2249 5729 excessisse.
2287 5692 2305 5725 ι
2337 5673 2397 5728 Et
2419 5674 2574 5729 vidit.
2608 5693 2626 5727 ι
2655 5673 2907 5730 Linteum
2967 5675 3100 5731 illud
3164 5677 3332 5734 totius
3373 5677 3492 5730 uni-

1439 5830 1637 5891 Variae
1672 5829 1974 5892 lectiones
2019 5839 2077 5892 et
2123 5839 2314 5893 notae.

329 5951 376 5984 ⁸⁸
397 5951 678 6024 εὐηθείας.
756 5951 802 5986 ⁸⁸
837 5951 1230 6024 βραϐεύσοντα.
1305 5957 1351 5989 ⁸⁷
1387 5956 1770 6028 όδηγούμενον.
