3848 6538
164 281 168 284 ⁴
242 325 347 390 945

868 322 1403 385 EXPOSITIONIS
1441 322 1525 384 IN
1559 322 1747 383 ACTA
1786 313 2087 383 TEXTUS
2118 319 2389 382 ALTER.
2415 342 2487 357 -
2525 321 2679 381 CAP.
2717 319 2791 378 Χ.

3379 293 3489 378 9n

245 443 341 494 καὶ
368 442 492 503 τοὺς
515 438 846 507 ἀναγκαίους
871 440 1082 508 φίλους.
1121 437 1210 502 Ὠς
1239 438 1298 492 δὲ
1335 437 1553 503 ἐγένετο
1582 437 1674 490 τοῦ
1705 439 1801 489 είσε

1915 436 2135 492 troisset
2154 434 2372 500 Petrus,
2410 434 2602 491 obvius
2636 433 2687 489 ei
2712 430 2861 489 venit
2892 430 3270 498 Cornelius,ct
3302 435 3483 505 proci-

244 531 423 585 ελθείν
461 530 555 585 τὸν
594 529 823 598 Πέτρον,
854 531 1192 599 συναντήσας
1240 527 1392 600 αὐτῷ
1428 529 1456 580 ό
1485 527 1810 599 Κορνήλιος,

244 623 429 676 πεσὼν
456 622 552 676 ἐπὶ
600 622 727 684 τοὺς
770 621 939 685 πόδας
982 620 1148 674 αὐτοῦ
1193 619 1624 690 προσεκύνησεν.
1663 619 1723 673 Ὀ
1754 620 1811 673 δὲ

243 719 447 784 Πέτρος
479 716 699 786 ῆγειρεν
730 715 893 769 αὑτὸν
943 715 1161 783 λέγων’
1209 714 1530 785 Ἀνάστηθι*
1566 713 1661 766 καὶ
1704 714 1812 784 γὰρ

244 809 406 870 αὐτὸς
447 805 559 876 ἐγὼ
613 807 900 876 ἅνθρωπός
951 810 1086 878 εἰμι.
1143 806 1253 862 Καὶ
1307 806 1611 878 συνομιλῶν
1663 805 1813 877 αύτῷ

242 899 481 969 εἰσῆλθε,
522 901 617 954 καὶ
645 901 890 971 εὑρίσκει
936 899 1364 969 συνεληλυθότας
1398 898 1662 963 πολλούς·
1705 897 1811 971 ἔφη

239 1008 297 1043 τε
329 992 466 1060 πρὸς
492 991 685 1055 αὐτούς
703 1008 716 1021 ·
743 992 938 1060 Ὑμεῖς
957 992 1269 1057 ἐπίστασθε,
1292 992 1366 1056 ὡς
1385 992 1642 1062 ἀθέμιτόν
1667 992 1813 1056 ἐστιν

240 1081 398 1151 ἀνδρὶ
429 1083 667 1152 Ἰουδαίῳ
689 1082 983 1136 κολλᾶσθαι
1007 1081 1040 1153 ἢ
1068 1081 1467 1154 προσέρχεσθαι
1495 1082 1775 1152 ἀλλοφύλῳ
1795 1098 1807 1110 ο

240 1174 332 1227 καὶ
360 1173 489 1243 ἐμοὶ
517 1173 547 1224 6
572 1174 703 1238 Θεὸς
743 1173 935 1238 ἔδειξε,
965 1173 1172 1244 μηδένα
1207 1172 1383 1226 κοινὸν
1418 1172 1453 1242 ἢ
1502 1172 1811 1243 ἀκάθαρτον

239 1262 420 1329 λέγειν
445 1262 760 1333 ἄνθρωπον*
794 1261 875 1316 διὸ
897 1265 992 1316 καὶ
1021 1262 1430 1333 άναντιρρήτως
1452 1256 1614 1330 ἦλθον
1643 1278 1810 1331 μετα-

239 1355 533 1424 πεμφθείς.
566 1355 913 1425 Πυνθάνομαι
942 1350 1057 1420 οῦν,
1082 1357 1187 1408 τίνι
1216 1354 1359 1425 λόγῳ
1390 1352 1811 1424 μετεπέμψασθέ

240 1464 336 1512 με;
371 1445 489 1500 Καὶ
520 1447 549 1498 6
599 1447 898 1517 Κορνήλιος
928 1447 1062 1517 ἔφη·
1101 1445 1234 1499 Ἀπὸ
1288 1445 1557 1516 τετάρτης
1595 1445 1811 1518 ἡμέρας

236 1538 399 1609 μέχρι.
424 1538 625 1608 ταύτης
640 1542 738 1609 τῆς
764 1539 911 1611 ὥρας
930 1540 1078 1610 ήμην
1103 1538 1401 1607 νηστεύων,
1429 1539 1520 1592 καλ⁵
1538 1538 1636 1609 τὴν
1657 1538 1811 1592 ἐννά-

1913 526 2050 583 dens
2083 525 2147 581 ad
2177 525 2342 597 pedes
2370 525 2492 595 ejus
2534 525 2804 581 adoravit.
2860 522 3056 581 Petrus
3093 540 3224 581 vero
3252 525 3484 581 elevavit

1913 634 2064 685 eum,
2095 618 2284 677 dicens
2311 636 2327 673 :
2360 618 2557 689 Surge,
2580 629 2628 672 et
2648 634 2750 689 ego
2764 618 2879 685 ipse
2904 618 3069 672 homo
3100 633 3244 673 sum.
3302 619 3367 672 Et
3402 618 3482 672 lo-

1913 726 2090 780 quens
2132 724 2256 765 cum
2287 711 2379 767 illo
2426 710 2673 774 intravit,
2699 711 2973 766 etinvenit
3000 710 3203 767 multos
3227 712 3318 780 qui
3353 726 3488 766 con-

1910 810 2192 865 venerant,
2223 802 2477 875 Dixitque
2533 803 2598 858 ad
2649 804 2818 859 illos:
2854 802 2966 860 Vos
3005 804 3158 860 scitis
3208 804 3484 875 quomodo

1911 893 2286 950 abominatum
2325 895 2399 951 sit
2438 895 2554 950 viro
2570 893 2782 963 ludam,
2821 894 3078 966 conjungi
3099 903 3194 951 aut
3221 896 3483 951 accedere

1911 985 1979 1041 ad
2008 985 2371 1056 alienigenam
2399 1003 2413 1039 :
2445 988 2539 1041 sed
2571 988 2701 1041 mihi
2745 987 2985 1043 ostendit
3006 987 3155 1043 Deus
3210 988 3480 1043 neminem

1910 1093 2289 1141 communem,
2310 1088 2403 1132 aut
2428 1078 2769 1133 immundum
2808 1079 2992 1135 dicere
3024 1078 3322 1134 hominem.
3348 1079 3485 1133 Pro-

1910 1178 2027 1241 pter
2048 1169 2190 1241 quod
2211 1169 2329 1226 sine
2345 1169 2685 1225 dubitatione
2706 1170 2827 1225 veni
2853 1172 3177 1226 accersitus.
3204 1168 3483 1241 Interrogo

1910 1277 2059 1334 ergo,
2085 1277 2247 1332 quam
2273 1261 2344 1317 ob
2362 1276 2583 1317 causam
2609 1262 2924 1317 accersistis
2958 1277 3044 1318 me
3083 1263 3106 1316 ί
3153 1261 3219 1315 Et
3275 1262 3483 1317 Corne-

1913 1355 2022 1409 lius
2061 1355 2169 1408 ait:
2212 1356 2254 1408 A
2303 1353 2803 1424 nudiusquartadie
2827 1368 2997 1427 usque
3016 1353 3083 1408 ad
3116 1353 3252 1411 hanc
3269 1355 3481 1419 horam,

1909 1462 2076 1502 orans
2113 1461 2263 1501 eram
2320 1447 2455 1502 hora
2493 1462 2649 1517 nona.
2678 1445 2733 1501 in
2777 1445 2939 1502 domo
2972 1461 3111 1512 mea,
3146 1454 3199 1501 et
3245 1462 3373 1502 ecce
3401 1447 3483 1501 vir

1910 1540 2062 1593 stetit
2090 1546 2216 1593 ante
2270 1554 2354 1593 me
2392 1538 2448 1593 in
2483 1547 2631 1594 veste
2662 1538 2915 1603 candida,
2954 1544 3008 1595 et
3047 1538 3123 1593 ait
3182 1555 3197 1593 :
3237 1537 3479 1601 Corneli,

233 1648 328 1698 την
354 1630 512 1696 ὤραν
546 1632 982 1702 προσευχόμενος
1021 1631 1079 1684 ἐν
1116 1630 1194 1701 τῷ
1225 1629 1360 1700 οἴκῳ
1402 1646 1503 1700 μου
1531 1646 1544 1660 ·
1578 1629 1674 1682 καὶ
1699 1628 1801 1682 [δοῦ

1914 1628 2168 1684 exaudita
2202 1642 2289 1684 est
2327 1630 2502 1684 oratio
2540 1638 2655 1694 tua,
2696 1636 2748 1685 et
2787 1630 3148 1702 eleemosynae
3180 1637 3287 1685 tua:
3323 1644 3478 1684 com-

230 1721 369 1791 ἀνὴρ
400 1721 531 1791 ἔστη
556 1720 787 1776 ἐνώπιόν
827 1739 929 1793 μου
953 1723 1011 1776 ἐν
1034 1721 1221 1793 ἐσθῆτι
1247 1721 1497 1792 λαμπρᾷ,
1521 1719 1614 1773 καί
1644 1736 1801 1790 φησι·

1911 1727 2222 1795 memoratae
2242 1719 2440 1775 suntin
2470 1729 2767 1790 conspectu
2797 1720 2913 1776 Dei.
2946 1718 3098 1775 Mitte
3126 1718 3327 1792 ergoin
3349 1718 3481 1788 Jop-

236 1814 532 1885 Κορνήλιε,
556 1791 883 1886 εἰσηκούσθη
914 1830 1010 1868 σου
1038 1815 1071 1885 ἡ
1097 1791 1392 1885 προσευχὴ,
1412 1791 1509 1867 καὶ
1533 1812 1589 1866 αἱ
1646 1810 1801 1881 ἐλεη-

1910 1791 2032 1879 pen,
2062 1817 2115 1864 et
2146 1809 2354 1865 accersi
2391 1808 2672 1866 Simonem
2695 1811 2788 1882 qui
2819 1791 3239 1882 cognominatur
3257 1809 3477 1868 Petrus:

237 1903 469 1973 μοσύναι
493 1921 588 1958 σου
626 1906 981 1978 ἐμνήσθησαν
1007 1906 1237 1961 ἐνώπιον
1264 1904 1358 1959 τοῦ
1392 1905 1551 1959 Θεοῦ.
1581 1902 1801 1973 Πέμψον

1910 1902 1996 1956 hic
2024 1902 2334 1972 bospitatur
2350 1902 2404 1957 in
2426 1904 2587 1958 domo
2602 1902 2839 1959 Simonis
2863 1903 3100 1959 Coriarii
3125 1904 3282 1975 juxta
3302 1920 3475 1961 mare.

230 1992 320 2045 οὖν
346 1995 434 2058 είς
477 1992 721 2062 Ἰόππην,
773 1995 870 2051 καὶ
925 1996 1297 2066 μετακάλεσαι
1335 1996 1576 2066 Σίμωνα,
1606 1992 1664 2057 ὃς
1688 1995 1801 2045 ἐπι·

1910 1993 2204 2049 Confestim
2236 2010 2368 2066 ergo
2403 1995 2530 2051 misi
2563 1995 2630 2051 ad
2674 2004 2726 2052 te
2762 2014 2777 2051 :
2810 2003 2865 2052 et
2923 2004 2982 2051 tu
3034 1996 3336 2053 benefit-isti
3382 2014 3480 2052 ve-

234 2084 483 2138 καλεῖται
516 2078 757 2155 Πέτροςο
789 2080 944 2151 οὗτος
984 2088 1254 2155 ξενίζεται
1284 2089 1342 2141 ἐν
1374 2086 1523 2158 οἰκίᾳ
1566 2084 1801 2154 Σίμωνος

1910 2083 2130 2139 nicndo.
2154 2083 2311 2139 Nunc
2339 2100 2468 2154 ergo
2485 2100 2675 2143 omnes
2691 2102 2789 2143 nos
2810 2086 2867 2142 in
2899 2094 3195 2158 conspectu
3244 2096 3337 2143 tuo
3385 2071 3485 2141 ad?
3514 2074 3521 2093 ⁸

238 2174 487 2245 βυρσέως
509 2179 661 2248 παρὰ
687 2178 986 2242 θάλασσαν,
1015 2179 1075 2243 ὃς
1109 2179 1556 2250 παραγενόμενος
1582 2175 1801 2246 λαλήσει

1910 2188 2123 2241 sumus,
2153 2175 2342 2230 audire
2370 2175 2553 2230 omnia
2572 2191 2913 2248 quaecunque
2944 2177 3043 2232 tibi
3067 2186 3335 2249 praecepta
3348 2185 3477 2234 sunt

236 2277 339 2317 σοι.
384 2264 480 2330 Ἐξ
507 2266 678 2334 αὐτῆς
704 2265 797 2321 οὖν
832 2267 1058 2338 ἔπεμψα
1101 2268 1239 2338 πρὸς
1268 2267 1364 2321 σέο
1410 2266 1475 2320 σύ
1520 2283 1581 2318 τε
1627 2264 1809 2328 καλῶς
1908 2281 1938 2321 a
1973 2265 2224 2324 Domino.
3178 2286 3223 2315 ν

232 2359 499 2428 ἐποίησας
553 2361 1019 2431 παραγενόμενος.
1074 2359 1190 2415 Νῦν
1242 2360 1335 2415 οῦν
1387 2360 1591 2424 πάντες
1642 2361 1803 2431 ἡμεῖς
1844 2359 2072 2416 ἐνώπιον
2098 2361 2192 2416 τοῦ
2215 2360 2351 2415 Θεοῦ
2375 2361 2680 2435 πάρεσμεν,
2698 2360 2930 2418 ἀκοῦσαι
2952 2363 3128 2419 πάντα
3185 2362 3254 2418 τὰ
3316 2378 3477 2434 προσ-

231 2448 545 2518 τεταγμένα
576 2465 659 2502 σοι
688 2449 794 2503 ὑπὸ
818 2450 914 2504 τοῦ
941 2450 1101 2505 Θεοῦ.

824 2605 1207 2663 EPMHNEIA.

300 2716 522 2772 Ἔοικεν
551 2713 708 2781 οὗτος
734 2724 962 2789 καιροὺς
1002 2721 1266 2793 ὡρικέναι
1302 2718 1453 2789 αύτῷ
1495 2719 1611 2790 βίου
1643 2720 1801 2790 ἀκρι-

230 2808 518 2880 ϐεστέρου,
539 2811 635 2864 καὶ
658 2810 717 2864 ἐν
739 2829 881 2867 τισιν
904 2813 1162 2885 ἡμέραις.
1187 2811 1287 2865 Διὰ
1307 2810 1416 2882 γὰρ
1435 2810 1594 2865 τοῦτο
1616 2806 1768 2864 εἶπεν
1785 2829 1797 2840 ·

236 2920 253 2952 ι
293 2901 432 2953 ’Δπδ
460 2902 731 2973 τετάρτης
755 2903 989 2974 ἡμέρας.
1028 2922 1047 2954 ι
1087 2903 1216 2957 Ὅτε
1246 2897 1340 2956 οὖν
1371 2903 1621 2971 φαίνεται
1653 2900 1802 2971 αὐτῷ

228 2994 256 3044 ὁ
303 2992 563 3061 ἄγγελος,
612 2992 751 3065 αῦτη
792 2995 893 3065 μία
949 2996 1170 3066 ήμέρα’
1213 2995 1310 3049 καὶ
1350 2996 1417 3067 qu
1468 2993 1712 3064 ἀπῆλθον
1754 2994 1803 3047 oi

230 3084 576 3154 πεμφθέντες
636 3088 788 3158 παρὰ
844 3089 1169 3156 Κορνηλίου,
1205 3088 1336 3157 μία·
1374 3087 1467 3140 καὶ
1503 3085 1571 3157 ἢν
1613 3081 1800 3156 ἦλθον,

2402 2602 2964 2660 COMMENTARIUS.

1980 2717 2205 2772 Videtur
2232 2716 2522 2773 Cornelius
2566 2726 2805 2787 tempora
2867 2717 3115 2787 quaedam
3182 2716 3474 2773 severioris

1907 2806 2030 2861 vitae
2075 2806 2182 2861 sibi
2212 2806 2611 2876 prtestituisse:
2647 2808 2770 2862 ideo
2797 2807 2957 2879 247
2992 2807 3139 2862 enim
3170 2807 3308 2861 dixit
3345 2822 3359 2857 :
3401 2811 3473 2863 «Α

1908 2897 2312 2968 nudiusquarta
2340 2897 2451 2953 die.
2480 2917 2498 2950 ι
2538 2897 2761 2954 Scilicet
2786 2899 2963 2968 prima
2991 2898 3082 2953 die
3121 2899 3374 2968 apparuit
3422 2902 3473 2954 ei

1908 2988 2166 3056 angelus;
2200 2989 2395 3053 altera,
2420 3000 2782 3058 perrexerunt
2806 2990 2984 3045 nuntii
3015 2989 3253 3046 Cornelii
3276 3007 3291 3058 ;
3312 2992 3473 3047 tertia

1909 3078 2225 3143 redierunt;
2260 3087 2314 3134 et
2346 3089 2544 3149 quarta
2566 3087 2673 3145 est,
2694 3096 2803 3153 qua
2825 3079 3062 3137 accessit
3096 3079 3164 3134 ad
3192 3095 3315 3135 eum
3370 3080 3473 3137 Pe-

236 3176 366 3244 μία’
428 3177 525 3230 xal
560 3179 820 3248 τετάρτη,
863 3173 897 3251 ᾖ
950 3179 1126 3248 ἐφάνη
1164 3179 1295 3231 ὡσεὶ
1328 3178 1520 3248 τρίτην
1546 3178 1716 3248 ὥραν,
1748 3178 1801 3231 ἐν

1910 3176 2028 3225 trus
2057 3171 2204 3227 circa
2227 3171 2418 3227 horam
2458 3173 2697 3239 tertiam,
2743 3173 2967 3243 quando
3032 3178 3248 3233 orabat.
3298 3178 3477 3246 Atque

232 3259 264 3336 ᾖ
290 3265 659 3335 προσηύξατο.
692 3268 838 3339 Ὀρα
862 3268 955 3322 οῦν
982 3270 1041 3323 τὸ
1068 3268 1302 3339 μέγεθος
1338 3268 1440 3339 τῆς
1467 3269 1632 3339 εὐχῆς
1653 3285 1667 3300 ⁸
1708 3268 1798 3322 ὅτε

231 3356 509 3412 ἐπέδωκεν
539 3359 621 3423 είς
651 3359 961 3427 εύλάΰειαν,
987 3361 1109 3415 τότε
1134 3361 1383 3431 φαίνεται
1404 3360 1555 3431 αὐτῷ
1578 3362 1607 3415 6
1634 3360 1801 3429 ἄγγε-

231 3444 341 3513 λος.

650 3563 727 3635 Τῇ
759 3560 802 3617 δ’
835 3563 931 3634 τῆς
963 3564 1003 3617 δ’
1034 3561 1350 3634 ἑϐδομάδος.

795 3699 1185 3754 KEIMENON.

300 3805 546 3872 Ἀνοίξας
574 3807 632 3860 δὲ
665 3808 867 3879 Πέτρος
900 3809 961 3863 τδ
1008 3810 1184 3878 στόμα
1218 3806 1391 3861 αὐτοῦ
1434 3801 1589 3863 εἶπεν
1614 3823 1629 3840 ⁸
1680 3805 1799 3861 Ἐπ’

232 3901 500 3970 ἀληθείας
530 3901 1061 3973 καταλαμϐάνομαι,
1113 3902 1197 3955 ὅτι
1250 3901 1350 3955 οὐκ
1415 3899 1531 3954 ἔστι
1580 3917 1796 3971 προσω-

229 3994 518 4066 πολήπτης
548 3995 577 4048 6
607 3994 762 4060 Θεὸς,
800 3995 913 4047 ἀλλ’
945 3996 1005 4049 ἐν
1043 3995 1207 4049 παντὶ
1236 3994 1378 4048 ἔθνει
1405 3996 1433 4049 6
1463 3994 1799 4065 φοὸούμενος

227 4086 417 4150 αὑτὸν,
454 4088 550 4140 καλ⁸
587 4087 954 4159 ἐργαζόμενος
1002 4087 1383 4157 δικαιοσύνην,
1413 4088 1600 4152 δεκτὸς
1647 4088 1798 4160 αὐτῷ

229 4178 368 4231 ἐστι.
399 4178 506 4231 Τὸν
534 4178 707 4246 Λόγον
734 4177 793 4231 ὃν
811 4176 1101 4232 ἀπέστειλε
1118 4180 1230 4240 τοῖς
1249 4179 1383 4240 uici;
1400 4177 1615 4250 Ἰσραὴλ
1634 4178 1798 4247 εὐαγ-

228 4269 580 4341 γελιζόμενος
612 4270 835 4342 εἰρήνην
865 4270 951 4324 διὰ
983 4270 1159 4338 Ἰησοῦ
1191 4269 1449 4342 Χριστοῦ
1480 4263 1634 4331 οὗτός
1680 4270 1797 4323 ἐστι

229 4359 448 4413 πάντων
490 4361 712 4430 Κύριος.
747 4362 935 4432 Ὑμεῖς
968 4362 1145 4417 οἴδατε
1195 4362 1256 4416 τὸ
1292 4362 1585 4432 γενόμενον
1644 4351 1795 4431 ῥῆμα

228 4450 356 4504 καθ’
394 4452 524 4520 ὅλης
555 4453 652 4523 τῆς
675 4452 959 4518 Ἰουδαίας,
1002 4452 1309 4523 ἀρξάμενον
1342 4451 1450 4506 ἀπὸ
1499 4451 1599 4518 τῆς
1640 4452 1797 4505 Γαλι-

1907 3261 2044 3317 adeo
2072 3262 2307 3319 observa
2333 3263 2600 3320 orationis
2628 3264 2751 3335 ejus
2769 3264 3212 3334 diuturnitatem,
3237 3267 3472 3337 etquod,

1906 3365 2033 3407 cum
2066 3351 2159 3407 ille
2181 3367 2243 3408 se
2276 3351 2467 3423 pietati
2514 3352 2823 3424 impensius
2844 3354 3017 3423 dedit,
3045 3366 3176 3414 tunc
3206 3358 3284 3413 illi
3318 3374 3476 3429 ange-
3524 3434 3535 3444 .

1904 3441 1992 3499 ius
2025 3445 2360 3516 apparuerit.

2256 3558 2414 3617 Feria
2439 3563 2474 3618 4
2502 3561 2855 3621 hebdomadas
2879 3570 3109 3636 quartae.

2540 3696 2584 3754 Τ
2596 3696 2847 3756 EXTUS.

1975 3805 2046 3871 Χ,
2069 3807 2255 3865 54-43.
2276 3809 2542 3880 Aperiens
2569 3819 2753 3869 autem
2782 3813 2979 3871 Petrus
3007 3826 3071 3871 os
3094 3829 3253 3872 suum
3282 3814 3421 3873 dixit
3453 3836 3469 3874 :

1905 3897 1964 3953 in
1989 3899 2221 3956 veritate
2253 3903 2514 3972 comperi,
2564 3903 2694 3976 quia
2725 3919 2832 3961 non
2856 3915 2942 3963 est
2970 3920 3331 3978 personarum
3370 3923 3468 3965 ac-

1905 3997 2095 4058 ceptor
2125 3988 2271 4046 Deus
2298 4006 2314 4045 :
2342 3992 2437 4047 sed
2470 3993 2526 4047 in
2577 3995 2729 4049 omni
2774 4003 2937 4066 gente
2964 3996 3055 4067 qui
3087 3996 3243 4053 timet
3270 4014 3394 4055 eum
3418 4007 3475 4055 et

1905 4081 2473 4152 operaturjustitiam,
2510 4096 2768 4157 acceptus
2799 4094 2885 4143 est
2916 4086 3016 4144 illi.
3052 4086 3295 4146 Verbum
3321 4090 3470 4161 quod

1905 4170 2055 4226 misit
2081 4169 2225 4227 Deus
2268 4174 2394 4228 [iliis
2434 4174 2623 4241 Israel,
2656 4179 2991 4237 annuntians
3024 4195 3213 4250 pacem
3259 4197 3356 4252 per
3384 4182 3475 4238 Je-

1905 4275 2026 4316 sum
2046 4262 2325 4318 Christum
2348 4284 2362 4319 :
2380 4267 2397 4331 (
2406 4266 2492 4321 hic
2505 4275 2588 4321 est
2608 4269 2851 4324 omnium
2868 4270 3177 4342 Dominus.)
3195 4270 3305 4330 Vos
3320 4274 3474 4330 scitis

1908 4352 2053 4422 quod
2095 4353 2298 4409 factum
2333 4364 2419 4410 est
2453 4357 2679 4414 verbum
2715 4376 2811 4430 per
2841 4363 3154 4418 universam
3178 4363 3423 4421 Iudaeam
3453 4385 3469 4421 :

1913 4441 2183 4513 incipiens
2209 4447 2412 4528 enima
2469 4445 2712 4513 Gaiilaea,
2768 4462 2893 4521 post
2947 4438 3276 4522 baptismum
3323 4456 3470 4526 quod

228 4541 389 4606 λαίας
435 4541 574 4613 μετὰ
635 4544 697 4596 τὸ
756 4542 1063 4614 βάπτισμα,
1127 4543 1157 4596 δ
1194 4542 1456 4613 ἐκήρυξεν
1525 4541 1795 4613 Ἰωάννης*

1910 4535 2219 4603 praedicavit
2265 4534 2508 4593 Joannes
2555 4557 2571 4594 :
2598 4537 2784 4596 Iesum
2817 4556 2845 4595 a
2875 4541 3167 4609 Nazareth,
3198 4549 3471 4616 quomodo

227 4628 440 4701 Ἰησοῦν
500 4634 593 4684 τὸν
629 4632 738 4686 ἀπὸ
800 4633 1083 4701 Ναζαρὲτ,
1150 4633 1227 4696 ὡς
1281 4632 1497 4702 ἔχρισεν
1569 4631 1731 4685 αὐτὸν
1777 4632 1806 4684 6

227 4720 362 4784 Θεὸς
426 4722 486 4774 ἐν
540 4722 821 4793 Πνεύματι
872 4723 1015 4794 ἁγίῳ
1077 4723 1173 4778 καὶ
1228 4722 1502 4795 δυνάμει,
1560 4723 1637 4787 ὡς
1718 4723 1799 4777 δι-

226 4807 392 4881 ῆλθεν
448 4812 749 4883 εὐεργετῶν
810 4816 905 4868 καὶ
934 4814 1159 4885 ἰώμενος
1217 4816 1425 4880 πάντας
1467 4817 1593 4878 τοὺς
1639 4832 1808 4869 κατα-

227 4902 717 4974 δυναστευομένους
792 4906 896 4959 ὑπὸ
955 4907 1049 4960 τοῦ
1102 4908 1347 4962 διαϐόλου
1381 4950 1395 4972 ,
1457 4909 1538 4962 ὅτι
1589 4910 1618 4961 6
1674 4908 1808 4972 Θεὸς

226 4985 292 5060 ἦν
348 4990 467 5062 μετ’
511 4993 698 5047 αὒτοῦο
734 4995 843 5048 Καὶ
893 4995 1056 5065 ἡμεῖς
1112 4998 1278 5066 ἐσμεν
1335 4997 1616 5069 μάρτυρες
1666 4996 1795 5050 τού-

218 5095 341 5143 -του,
378 5080 474 5133 καὶ
514 5081 731 5135 πάντων
765 5077 840 5137 ὧν
872 5084 1125 5154 ἐποίησεν
1155 5086 1211 5138 ἐν
1257 5104 1315 5139 τε
1367 5089 1431 5158 τῇ
1493 5088 1647 5159 χώρᾳ.
1679 5088 1790 5141 τῶν

230 5170 500 5225 Ἰουδαίων
530 5173 624 5225 καὶ
646 5175 703 5227 ἐν
747 5174 1107 5248 Ἰερουσαλήμ
1138 5194 1152 5209 ο
1187 5177 1247 5230 ὃν
1272 5180 1366 5231 καὶ
1409 5180 1639 5243 ἀνεῖλον,
1672 5196 1796 5251 κρεο

234 5259 507 5328 μάσαντες
545 5262 638 5314 ἐπὶ
676 5262 860 5330 ξύλου.
896 5264 1098 5319 Τοῦτον
1122 5267 1150 5321 ό
1176 5267 1305 5332 Θεὸς
1327 5269 1519 5341 ήγειρε
1567 5274 1633 5339 τῇ
1667 5270 1791 5341 τρί-

228 5354 289 5422 τῇ
321 5353 531 5425 ἡμέρᾳ,
564 5357 661 5409 καὶ
700 5356 903 5415 ἔδωκεν
959 5359 1123 5413 αὐτὸν
1150 5362 1369 5433 ἐμφανῆ
1416 5364 1694 5431 γενέσθαι,
1726 5364 1788 5418 οὐ

228 5442 389 5496 παντὶ
426 5443 507 5515 τῷ
535 5444 674 5516 λαῷ,
703 5448 840 5502 ἀλλὰ
871 5450 1108 5522 μάρτυσι
1148 5454 1260 5517 τοῖς
1311 5469 1797 5527 προκεχειροτονη-

231 5538 411 5603 μένοις
462 5538 568 5592 ὐπὺ
605 5540 699 5593 τοῦ
749 5541 909 5607 Θεοῦ,
941 5544 1118 5615 ἡμῖν,
1168 5544 1366 5607 οἵτινες
1416 5547 1794 5617 συνεφάγομεν

1909 4627 2063 4681 unxit
2099 4642 2223 4683 eum
2253 4627 2397 4685 Deus
2425 4627 2632 4701 Spiritu
2664 4620 2855 4689 sancto
2886 4644 2938 4691 et
2970 4636 3187 4704 virtute,
3218 4638 3313 4706 qui
3350 4653 3472 4708 per-

1910 4720 2130 4775 transiit
2162 4720 2552 4779 benel'aciendo
2584 4733 2639 4780 et
2686 4727 2937 4783 sanando
2962 4743 3151 4785 omnes
3179 4745 3471 4801 oppressos

1907 4826 1937 4865 a
1969 4811 2203 4877 diabolo,
2237 4814 2492 4883 quoniam
2520 4814 2665 4873 Deus
2696 4826 2812 4873 erat
2837 4833 2960 4874 cum
2992 4820 3105 4876 illo.
3130 4821 3195 4877 Et
3224 4838 3322 4879 nos
3352 4831 3465 4880 tes-

1907 4909 1990 4958 tes
2027 4917 2219 4958 sumus
2257 4908 2503 4961 omnium
2549 4922 2672 4977 quae
2700 4907 2831 4975 fecit
2892 4910 2947 4965 in
2980 4912 3200 4983 regione
3252 4912 3470 4969 Judaao-

1906 5010 2027 5049 rum
2063 5004 2118 5051 et
2164 4994 2492 5065 Jerusalem,
2532 5014 2693 5070 quem
2715 5002 3040 5058 occiderunt
3071 5006 3467 5074 suspendentes

1902 5084 1959 5138 in
1994 5084 2160 5155 ligno.
2216 5085 2373 5143 llunc
2407 5087 2554 5147 Deus
2585 5092 2875 5148 suscitavit
2904 5094 3063 5149 tertia
3095 5093 3185 5150 die
3231 5103 3286 5149 et
3319 5097 3469 5152 dedit

1900 5192 2025 5232 eum
2052 5179 2404 5236 manifestum
2437 5182 2579 5251 ﬁeri,
2620 5198 2732 5239 non
2756 5185 2903 5241 omni
2933 5186 3156 5256 populo,
3184 5188 3276 5242 sed
3311 5189 3467 5242 testi-

1902 5271 2005 5326 bus
2037 5274 2417 5334 prteordinatis
2476 5290 2507 5331 a
2555 5275 2686 5339 Deo,
2750 5279 2932 5343 nobis,
2968 5278 3060 5348 qui
3114 5262 3467 5336 manducavi.

1898 5377 2026 5420 mus
2077 5372 2132 5420 et
2165 5366 2401 5423 bibimus
2445 5382 2570 5423 cum
2631 5370 2746 5430 illo,
2776 5379 3068 5439 postquam
3103 5374 3403 5429 resurrexit
3435 5389 3463 5428 a

1897 5456 2149 5511 mortuis.
2206 5454 2275 5512 Et
2324 5459 2583 5529 praecepit
2624 5459 2785 5515 nobis
2835 5459 3135 5530 prmdieare
3181 5463 3384 5534 populo
3411 5474 3467 5520 et

1898 5547 2205 5615 testiﬁcari,
2242 5551 2371 5621 quia
2424 5551 2541 5622 ipse
2572 5559 2657 5607 est
2684 5551 2777 5621 qui
2818 5553 3154 5610 constitutus
3178 5564 3264 5610 est
3295 5570 3323 5608 a
3357 5556 3466 5611 Deo

226 5626 371 5698 αὐτῷ
400 5629 496 5684 καὶ
530 5633 878 5704 συνεπίομεν,
918 5635 1057 5706 μετὰ
1101 5635 1161 5690 τὸ
1190 5636 1487 5707 ἀναστῆναι
1534 5640 1696 5694 αὐτὸν
1721 5642 1786 5694 ἐκ

1910 5637 2062 5703 iudex
2097 5640 2345 5695 vivorum
2400 5650 2453 5695 et
2498 5651 2866 5698 mortuorum.
2923 5641 3064 5699 Huic
3107 5659 3298 5701 omnes
3341 5661 3466 5714 pro-

230 5720 460 5791 νεκρῶν.
497 5722 608 5777 Καὶ
634 5726 1003 5796 παρήγγειλεν
1036 5729 1168 5798 ἡμῖν
1196 5728 1427 5800 κηρύξαι
1458 5730 1538 5798 τῷ
1564 5729 1676 5801 λαῷ
1692 5732 1787 5787 καὶ

1901 5730 2078 5798 pheta:
2116 5732 2491 5788 testiinonium
2550 5734 2866 5805 perhibent,
2905 5736 3288 5793 remissionem
3333 5755 3461 5809 pce-
