3848 6544
385 357 488 423 947
1286 357 1856 420 THEOPHYLACTI
1895 359 2305 422 BULGARI/E
2329 360 2678 422 ARCHIEP.
3517 359 3617 422 948

385 479 637 526 calorum
669 467 918 541 accipere
943 482 1042 539 per
1081 482 1278 524 nomen
1311 471 1430 542 ejus
1461 486 1678 540 omnes,
1710 473 1801 543 qui
1835 487 1955 527 cre-

2095 473 2555 546 ιαμαρτύρασθαι,
2589 477 2672 530 ὃτι
2699 475 2863 536 αὑτός
2899 475 3048 529 ἐστιν
3109 475 3138 528 δ
3166 472 3470 545 ὡρισμένος
3520 473 3621 527 ὑπὸ

380 563 518 618 duttt
544 561 600 618 in
622 577 770 619 eum.
2047 564 2144 618 τοῦ
2173 566 2310 618 Θεοῦ
2337 566 2530 636 κριτὴς
2551 563 2767 631 ζώντων
2794 565 2887 620 καὶ
2915 562 3146 636 νεκρῶν.
3186 562 3374 634 Τούτῳ
3424 561 3622 625 πάντες

381 659 431 712 oi
473 653 748 728 προφῆται
785 659 1178 733 μαρτυροῦσιν,
1212 660 1407 729 ἄφεσιν
1457 657 1743 730 ἁμαρτιῶν
1773 656 1955 711 λαϐεῖν
1993 656 2080 711 διὰ
2119 656 2216 711 τοῦ
2248 657 2512 727 ὀνόματος
2543 656 2731 724 αὐτοῦ,
2794 656 2976 713 πάντα
3016 653 3108 710 τδν
3179 653 3502 708 πιστεύοντα
3546 654 3624 717 είς

383 750 566 807 αὐτόν.

775 865 789 874 ·
869 844 1441 904 COMMENTARIUS.
2626 839 3004 894 ΕΡΜΠΝΕῘΑ.

456 957 476 992 ι
510 939 780 1009 Acceptus
836 949 941 995 est.
981 957 1000 991 ι
1070 938 1128 993 Si
1176 947 1380 1005 tamen,
1431 939 1684 994 abdicato
1715 937 1948 1008 pristino

2124 936 2170 1008 [ι
2183 935 2377 998 Δεκτός
2395 937 2532 989 ἐστι.
2546 931 2595 1006 ι]
2613 931 2923 996 Τουτέστιν,
2946 930 3040 984 ἐὰν
3061 927 3390 1000 προσδράμῃ
3406 924 3626 997 τῷθείῳ

379 1044 590 1098 errore,
622 1028 689 1083 ad
717 1043 939 1084 sacrum
970 1027 1244 1097 Baptisma
1282 1030 1599 1084 accesserit.
1638 1047 1657 1081 ι
1686 1028 1947 1091 Verbum,

2095 1027 2411 1095 anticipant,
2433 1023 2677 1086 ἀποστὰς
2694 1022 2792 1092 τῆς
2821 1019 3204 1091 προλαῦούσης
3230 1018 3460 1088 πλάνης.
3483 1035 3501 1069 ι
3523 1017 3627 1069 Τὸν

382 1119 548 1189 quod.
585 1138 604 1173 ι
667 1118 794 1176 Hec
829 1119 1126 1177 astantium
1155 1134 1323 1174 causa
1350 1120 1506 1184 dicit,
1542 1128 1601 1174 ut
1630 1120 1793 1174 etiam
1827 1119 1950 1174 illos

2095 1122 2230 1188 ἆγον,
2271 1119 2349 1172 ὅν.
2381 1136 2399 1169 ι
2421 1115 2609 1170 Ταῦτα
2643 1115 2791 1182 λέγει
2822 1112 2910 1166 διὰ
2937 1113 3066 1176 τοὺς
3099 1111 3393 1180 παρόντας,
3418 1108 3505 1163 ἵνα
3536 1111 3628 1161 καὶ

379 1211 678 1267 attraheret
710 1211 780 1268 ad
813 1211 1017 1268 ﬁdem:
1057 1219 1295 1266 attamen
1327 1208 1594 1266 lsraelitis
1635 1211 1726 1264 dat
1755 1208 1947 1280 praefe-

2095 1210 2300 1273 κείνους
2323 1207 2696 1276 ἐπισπάσηται
2723 1203 2860 1276 πρὸς
2884 1204 3066 1257 πίστιν
3091 1219 3106 1232 ·
3137 1203 3286 1272 ὅμως
3309 1199 3493 1253 δίδωσι
3518 1202 3628 1264 τοῖς

379 1303 648 1360 rentiam:
681 1313 734 1360 et
766 1319 836 1360 ne
863 1305 918 1360 hi
960 1320 1021 1360 se
1049 1304 1287 1375 rejectos
1324 1319 1446 1360 esse
1483 1311 1760 1374 putarent,
1799 1322 1817 1354 ι
1848 1301 1946 1356 llic

2095 1306 2192 1367 Eoi;
2207 1301 2426 1374 Ἰσραὴλ
2454 1300 2514 1354 τὸ
2548 1299 2857 1369 ἐξαίρετον·
2897 1295 2992 1350 καὶ
3023 1295 3111 1348 ἵνα
3135 1293 3212 1363 μὴ
3239 1294 3538 1362 νομίσωσιν
3570 1293 3627 1342 ἐν

378 1405 481 1464 νει,
510 1395 712 1468 inquit,
741 1398 986 1454 omnium
1010 1396 1295 1454 Dominus.
1328 1415 1453 1450 ι-ι
1485 1395 1768 1462 Quomodo
1792 1395 1948 1450 unxit

2095 1397 2203 1460 άξει
2235 1391 2622 1464 ἀπειρημένων
2649 1385 2870 1455 sim”,
2896 1405 2915 1440 s
2947 1379 3117 1448 Οὗτός
3145 1387 3282 1450 ἐστι,
3314 1383 3469 1454 φησὶ,
3499 1383 3630 1436 πάν-

377 1501 526 1541 eum.
555 1506 575 1539 ι
609 1486 765 1554 Quod
782 1485 946 1544 Jesus
971 1496 1173 1543 unctus
1199 1504 1228 1542 a
1252 1485 1360 1544 Deo
1386 1487 1460 1543 sit
1490 1485 1698 1558 Spiritu
1731 1494 1946 1547 sancto,

2095 1505 2166 1539 ων
2201 1484 2424 1556 Κύριος.
2464 1501 2484 1535 s
2511 1513 2580 1523 —
2617 1499 2636 1533 ι
2680 1479 2770 1544 Ὧς
2789 1479 3006 1549 ἔχρισεν
3050 1477 3232 1531 αὐτόν.
3273 1493 3295 1527 ι
3329 1475 3404 1527 Τδ
3444 1471 3632 1543 κεχρι-

381 1577 609 1651 intelligi
661 1580 822 1636 debet
851 1619 868 1644 ,
932 1581 1236 1636 secundum
1271 1579 1666 1634 humanitatem
1695 1618 1710 1644 ,
1745 1593 1844 1634 seu
1895 1578 1950 1633 in

2096 1578 2185 1630 θαι
2215 1573 2429 1646 Ἰησοῦν
2464 1571 2747 1643 Πνεὺματι
2777 1568 2916 1639 ἁγίῳ
2950 1567 3057 1620 ὑπὸ
3085 1565 3178 1619 τοῦ
3208 1564 3366 1629 Θεοῦ,
3407 1563 3553 1617 κατὰ
3575 1563 3636 1614 τὸ

382 1681 647 1742 quantum
683 1679 768 1727 est
817 1671 1002 1727 homo.
1061 1671 1332 1738 Quoniam
1390 1671 1539 1726 enim
1589 1688 1608 1722 s
1648 1669 1953 1726 exinanivit

2097 1665 2402 1740 νθρὼπινον
2444 1665 2526 1718 δεῖ
2554 1664 2716 1718 νοεῖν.
2762 1658 2983 1730 Ἐπειδὴ
3036 1657 3146 1727 γὰρ
3195 1655 3466 1708 ἐκένωσεν
3513 1653 3636 1706 ἐαυο

384 1763 733 1834 semctipsum
762 1762 832 1829 ⁸³,
872 1781 892 1816 ι
929 1773 983 1819 et
1007 1763 1059 1818 in
1102 1764 1282 1819 nostri
1334 1761 1749 1819 similitudinem
1787 1777 1954 1817 carne

2095 1759 2172 1822 δν,
2227 1756 2323 1812 καὶ
2375 1752 2778 1825 παραπλησίως
2849 1751 2992 1834 ἡμῖν
3073 1746 3334 1818 μετέσχεν
3398 1742 3632 1834 Δαἴματρς

384 1862 436 1908 et
469 1856 736 1926 sanguine
786 1862 1081 1912 concretus
1114 1864 1220 1923 est,
1253 1868 1340 1919 ea,
1390 1869 1512 1926 qua:
1553 1870 1650 1924 per
1699 1862 1952 1909 naturam

2097 1851 2152 1902 αἱ
2226 1846 2448 1917 σαρκὸς,
2517 1842 2690 1898 ταῦτα
2747 1840 2886 1910 άπερ
2941 1832 3060 1908 εἶχε
3121 1834 3267 1888 κατὰ
3339 1830 3504 1900 φύσιν
3562 1830 3635 1894 ὡς

2133 1940 2147 1951 ι
2238 1939 2255 1951 ι
2355 1936 2416 1951 Α.
2561 1936 2576 1948 ι
2606 1937 2620 1951 ι
2671 1949 2679 1951 ε
2769 1931 2887 1951 .9...
2925 1929 2976 1951 _1
3025 1925 3361 1951 ι-.Δ--’.-.-.-..
3419 1923 3630 1951 Al“.---

388 1923 652 2009 tiabebat,
689 1940 857 2018 248
917 1956 974 2000 ut
1017 1946 1179 2012 Deus,
1211 1923 1455 2016 accipere
1488 1923 1686 2002 dicitur
1737 1952 1957 2014 propter

2095 1940 2212 2005 νεὸς,
2238 1936 2537 2008 λαμϐάνειν
2561 1936 2781 2002 λέγεται
2802 1931 2891 1984 διὰ
2923 1929 2982 1983 τὸ
3019 1925 3382 1998 ἀνθρώπινον.
3413 1923 3634 1991 Δέχεται

389 2011 1049 2108 liumattitatati.vAccipit
1074 2011 1218 2094 enim
1254 2011 1362 2093 non
1389 2037 1516 2104 sibi,
1533 2011 1801 2107 quatenus
1815 2011 1958 2090 Deus

2101 2031 2167 2101 ἀρ
2196 2029 2294 2099 οὐχ
2339 2027 2537 2095 ἐαυτῷ,
2564 2022 2700 2078 καθὸ
2729 2021 2863 2083 Θεὸς
2912 2017 3085 2086 Λόγος
3122 2015 3283 2069 ἐστιν
3344 2011 3484 2083 (rem
3529 2011 3633 2108 γάρ

389 2124 626 2182 Verbum
658 2135 744 2184 est
785 2101 1027 2200 (propria
1068 2129 1214 2184 enim
1256 2130 1403 2185 illius
1443 2101 1572 2184 sunt
1605 2128 1834 2197 omnia),
1863 2127 1957 2183 sed

2099 2140 2126 2174 ν
2158 2119 2370 2193 αὑτοῦ),
2403 2115 2521 2171 ἀλλ’
2568 2116 2702 2187 ἡμῖν
2741 2113 2816 2176 ὡς
2869 2111 2927 2164 ἐν
3000 2108 3224 2178 ἀπαρχῇ
3283 2105 3353 2158 δι’
3419 2101 3629 2156 ἑαυτοῦ.

391 2217 547 2271 nobis
581 2217 635 2271 in
667 2193 989 2288 semetipso,
1013 2217 1182 2273 veluti
1212 2220 1266 2274 in
1307 2219 1636 2289 quibusdam
1673 2193 1953 2288 primitiis.

2127 2211 2330 2266 Τοῦτον
2357 2211 2386 2263 δ
2417 2208 2567 2271 Θεός.
2602 2225 2622 2259 ι
2692 2203 2974 2258 Ἐντεῦθεν
3055 2199 3334 2253 δείκνυται
3389 2193 3632 2266 βεϐαιοῦ-

393 2326 412 2358 s
449 2306 606 2363 Hunc
633 2308 795 2365 Deus.
838 2285 1024 2364 {Hinc
1048 2310 1266 2381 (nempe
1289 2285 1353 2366 es
1390 2325 1454 2366 eo
1479 2310 1623 2381 quod
1652 2285 1951 2364 manduca-

2095 2304 2190 2357 θαι
2218 2302 2263 2334 ⁹¹
2294 2300 2393 2372 τ’ὴν
2419 2300 2719 2353 ἀνάστασιν
2752 2313 2767 2327 ⁸
2797 2293 2918 2348 οὐδὲ
2947 2291 3058 2362 γὰρ
3088 2288 3326 2350 ἀναστὰς
3352 2285 3630 2381 smine-ist

391 2399 528 2453 verit
559 2407 614 2455 et
644 2398 866 2469 biberit)
897 2372 1101 2457 Christi
1135 2372 1473 2458 resurrectio
1496 2372 1952 2457 demonstratur:

2095 2394 2291 2465 ἠμεϊον
2319 2409 2335 2424 ο
2360 2391 2500 2461 αῦτη
2523 2390 2630 2462 γὰρ
2660 2390 2694 2460 ἡ
2733 2389 3029 2448 ἀνάστασις
3088 2384 3231 2456 μέγα
3291 2383 3521 2451 σημεῖον
3537 2372 3628 2449 ἦν·

392 2506 500 2545 non
530 2490 674 2546 enim
707 2502 997 2562 postquam
1028 2493 1354 2557 resurrexit,
1385 2493 1600 2563 signum
1628 2491 1846 2561 aliquod
1873 2491 1957 2546 l'e-

2097 2484 2234 2538 αὖτα
2254 2481 2380 2516 ⁸³·’δ
2399 2482 2477 2546 δὲ,
2507 2481 2659 2534 οὐδὲν
2687 2478 2910 2548 σημεῖον
2932 2477 3007 2538 ὼς
3032 2473 3094 2527 τὸ
3127 2473 3322 2542 φαγεῖν
3349 2472 3445 2524 καὶ
3476 2469 3630 2522 πιεῖν.

389 2585 498 2649 cit;
523 2581 640 2652 ipsa
661 2597 896 2654 namque
925 2585 1260 2642 resurrectio
1287 2599 1544 2655 magnum
1570 2584 1787 2654 signum
1816 2590 1956 2638 erat.

2129 2575 2316 2644 Τούτῳ
2348 2574 2570 2636 πάντες.
2612 2591 2631 2624 ι
2659 2570 2817 2623 Ὅσοι
2851 2569 3149 2639 προφῆται,
3218 2563 3411 2634 φησὶν,
3451 2561 3634 2630 ἐλάληο

393 2673 830 2732 ltesurrectionis
893 2691 1022 2733 vero
1087 2675 1234 2732 haud
1288 2652 1644 2748 praestantius
1701 2675 1956 2746 signum.

2095 2685 2169 2722 ίαν
2191 2667 2322 2739 περὶ
2382 2663 2669 2736 ἁμαρτιῶν
2705 2662 2975 2732 ἀφέσεως,
3023 2662 3082 2712 ἐν
3132 2658 3308 2727 τούτῳ
3345 2656 3426 2725 τῷ
3471 2652 3634 2724 Ἰησοῦ

391 2779 555 2832 quam
589 2767 921 2823 manducare
940 2779 994 2824 et
1023 2768 1231 2824 bibere.
1269 2743 1307 2820 sv
1325 2767 1464 2826 Huic
1492 2780 1702 2822 omnes.
1737 2743 1960 2831 {Quot-

2099 2755 2226 2813 ἶπον
2256 2757 2424 2820 αὑτὰς
2443 2755 2718 2826 ἀφεῖσθαι.
2762 2751 2918 2807 Οῦτω
2949 2751 3044 2806 καὶ
3076 2751 3307 2811 Ἡσαΐας
3371 2747 3432 2800 τὸ
3485 2743 3633 2800 αὑτοῦ

393 2863 549 2926 quot,
590 2857 790 2929 inquit,
822 2859 1103 2928 propheta:
1139 2861 1208 2915 de
1248 2866 1601 2929 peccatorum
1633 2856 1961 2912 remissione

2095 2851 2366 2922 πρόσωπον
2395 2848 2691 2918 εἰσφέρων,
2719 2845 2902 2914 λέγει·
2942 2862 2962 2896 ι
3001 2843 3144 2910 Ἐγώ
3187 2841 3304 2911 είμι
3355 2840 3386 2893 ὁ
3443 2836 3636 2903 ἐξαλεί-

394 2949 562 3004 Ι·.›ευῑί
591 2958 742 3014 sunt,
768 2949 807 3004 ii
841 2965 1032 3006 omnes
1080 2951 1458 3007 testimonium
1489 2949 1803 3020 perhibent,
1838 2961 1959 3002 eam

2095 2958 2188 3012 pinv
2211 2941 2308 3004 τὰς
2331 2939 2607 3010 ἁμαρτίας
2659 2955 2752 2991 σου
2784 2937 2880 2991 καὶ
2912 2935 3011 2998 τὰς
3035 2932 3266 3002 ἀνομίας
3291 2948 3410 2985 σου.
3447 2948 3471 2982 ι

397 3057 493 3109 per
534 3041 711 3096 solum
751 3042 901 3098 hunc
939 3041 1127 3100 Jesum
1183 3044 1360 3115 accipi
1407 3058 1591 3114 posse.
1640 3041 1736 3099 Sic
1788 3039 1962 3096 lsaias
2000 3035 2124 3108 ejus
2153 3049 2446 3107 personam
2477 3045 2768 3089 assumens
2809 3026 2949 3083 ait“
3016 3067 3031 3082 .

397 3139 488 3209 qui
523 3137 678 3194 deleo
701 3148 926 3211 peccata
962 3147 1081 3204 tua,
1115 3150 1169 3196 et
1199 3141 1517 3212 iniquitates
1544 3147 1688 3196 tuas.
1720 3159 1738 3192 ι

751 3236 912 3294 Feria
941 3237 977 3294 5
1000 3238 1354 3295 hebdomadas:
1381 3246 1612 3311 quartae.

1015 3327 1319 3390 TEXTUS.

468 3426 539 3494 Χ,
563 3426 755 3482 4448.
780 3423 973 3481 Adhuc
993 3423 1251 3494 loquente
1275 3422 1440 3480 Petro
1467 3423 1634 3478 verba
1661 3423 1798 3490 haec,
1827 3421 1976 3479 ceci-

399 3523 479 3574 dit
499 3519 740 3592 Spiritus
758 3528 982 3573 sanctus
1007 3531 1174 3588 super
1195 3531 1385 3572 omnes
1402 3516 1494 3588 qui
1522 3515 1822 3572 audiebant
1846 3531 1971 3570 ver-

403 3618 552 3670 tum.
579 3612 645 3669 Et
665 3613 1069 3681 obstupuerunt
1089 3626 1154 3666 ex
1185 3611 1608 3667 circumcisione
1644 3609 1832 3666 ﬁdeles
1863 3609 1958 3679 qui

407 3712 666 3762 venerant
688 3719 811 3760 cum
841 3702 1023 3768 Petro,
1047 3701 1178 3772 quia
1201 3713 1256 3758 et
1285 3702 1338 3757 in
1358 3704 1613 3758 nationes
1643 3703 1819 3772 gratia
1837 3700 1966 3771 Spi-

403 3797 540 3852 ritus
559 3798 734 3852 saucti
760 3793 934 3850 effusa
956 3803 1060 3850 est.
1091 3793 1396 3848 Audiebant
1425 3795 1570 3847 enim
1595 3793 1718 3848 illos
1741 3793 1970 3862 loquen-

405 3901 490 3944 tes
523 3887 749 3958 linguis,
787 3894 844 3942 et
875 3885 1292 3956 magniﬁcantes
1320 3882 1517 3938 Deum.
1551 3882 1709 3937 Tunc
1743 3897 1974 3952 respon-

403 3983 483 4036 dit
505 3979 702 4036 Petrus
740 3997 756 4034 :
793 3976 1053 4048 Nunquid
1084 3990 1284 4046 aqua
1303 3975 1429 4045 quis
1445 3974 1737 4045 prohibere
1771 3982 1976 4044 potest,

408 4084 466 4128 ut
490 4089 600 4130 non
630 4072 981 4141 baptizentur
1005 4071 1085 4137 hi,
1113 4073 1205 4142 qui
1238 4069 1502 4138 Spiritum
1529 4080 1780 4125 sanctum
1813 4083 1976 4123 acce-

407 4176 627 4236 perunt,
658 4166 804 4222 sicut
832 4175 888 4220 et
920 4179 1020 4220 nos
1044 4165 1068 4219 Ἰ
1103 4174 1154 4220 et
1182 4163 1348 4234 jussit
1376 4177 1472 4218 eos
1501 4162 1766 4232 baptizari
1797 4163 1852 4217 in
1876 4177 1976 4216 no-

411 4257 557 4312 mine
586 4255 803 4311 Domini
847 4253 978 4311 Jesu
1020 4254 1248 4326 Christi.
1303 4253 1458 4307 Tunc
1487 4260 1813 4324 rogauerunt
1847 4266 1977 4308 eum

411 4357 472 4402 ut
510 4355 758 4402 manent
779 4347 922 4417 apud
947 4360 1045 4403 eos
1068 4345 1281 4416 aliquot
1308 4343 1522 4400 diebus.

995 4518 1227 4576 CAPUT
1257 4518 1398 4576 XVI.

415 4619 567 4674 Petri
605 4621 889 4674 instructio
935 4615 1000 4670 de
1054 4614 1311 4672 Christo:
1360 4616 1522 4683 deque
1561 4614 1702 4667 dono
1749 4611 1980 4680 Spiritus

481 4711 655 4768 sancti
691 4711 758 4763 iis
785 4709 876 4778 qui
919 4708 1260 4762 audiebant:
1310 4716 1358 4758 et
1411 4704 1672 4774 quomodo
1722 4703 1984 4773 baptizali

485 4811 634 4867 sunt,
656 4803 749 4872 qui
783 4812 905 4856 tunc
927 4817 993 4855 ea:
1016 4798 1298 4870 gentilibus
1323 4797 1679 4853 crediderunt.

1049 4891 1342 4948 TEXTUS.

484 4987 580 5055 Xl,
613 4987 768 5044 Ι-ιθ.
787 4985 1097 5042 Audierunt
1125 4995 1307 5040 autem
1331 4984 1565 5053 apostoli
1579 4993 1629 5038 et
1650 4983 1864 5046 fratres,
1891 4982 1986 5052 qui

415 5089 574 5134 erant
593 5079 647 5134 in
668 5076 853 5133 ludas
872 5077 1134 5146 quoniam
1148 5081 1202 5130 et
1219 5084 1405 5146 gentes
1421 5083 1746 5144 receperunt
1762 5073 1986 5128 verbum

422 5171 538 5226 Dei.
559 5169 696 5227 Cum
729 5180 913 5227 autem
961 5166 1300 5223 ascendisset
1337 5165 1533 5221 Petrus
1564 5163 1985 5235 Jerosolymam,

421 5264 801 5333 disceptabant
825 5262 1091 5316 adversus
1113 5260 1291 5324 illum,
1313 5259 1408 5327 qui
1428 5264 1588 5312 erant
1610 5273 1676 5313 ex
1697 5257 1988 5312 circumci-

423 5356 598 5414 sione,
616 5354 861 5410 dicentes
881 5372 894 5408 :
914 5351 1097 5420 Quare
1126 5351 1366 5406 introisti
1392 5349 1464 5402 ad
1485 5350 1632 5404 viros
1658 5349 1986 5417 praeputium

429 5446 709 5512 habentes,
741 5455 798 5501 et
828 5442 1175 5501 manducain
1206 5456 1332 5498 cum
1378 5441 1529 5496 illis?
1587 5441 1860 5508 incipiens
1893 5454 1990 5493 au-

520 5598 566 5630 "
599 5597 830 5670 Philipp.
875 5616 933 5667 ιι,
964 5601 1020 5654 7.
1100 5601 1146 5633 "
1185 5598 1295 5656 lsa.
1353 5611 1507 5662 sntit,
1565 5595 1659 5650 ΞΒ.

3097 3044 3119 3078 ι
3154 3026 3262 3096 Ego
3330 3038 3462 3080 sum
3512 3021 3633 3094 ipse,

2493 3224 2572 3295 Τῇ
2604 3228 2645 3276 ε’
2675 3221 2777 3290 τῆς
2799 3218 2842 3274 δ’
2884 3216 3199 3288 ἐὸδομάδος.

2657 3310 3046 3368 ΚΕΙΜΕΝΟΝ.

2144 3411 2265 3465 Ἔτι
2294 3409 2352 3464 δὲ
2402 3407 2690 3468 λαλοῦντος
2729 3402 2824 3457 τοῦ
2849 3402 3057 3472 Πέτρου
3100 3399 3168 3453 τὰ
3199 3399 3430 3468 ῥήματα
3463 3391 3635 3454 ταῦτα,

2073 3501 2310 3555 ἐπέπεσε
2332 3498 2394 3552 τὺ
2424 3496 2650 3566 Πνεῦμα
2675 3496 2734 3547 τὸ
2781 3492 2935 3562 ἅγιον
2955 3491 3049 3544 ἐπὶ
3086 3489 3295 3550 πάντας
3327 3487 3460 3549 τοὺς
3491 3479 3638 3536 ﬁxo-J-

2075 3610 2236 3656 οντας
2269 3592 2363 3646 τὸν
2391 3590 2567 3658 λόγον.
2602 3587 2710 3640 Καὶ
2769 3585 3066 3653 ἐξέστησαν
3110 3583 3160 3634 oi
3227 3580 3291 3632 ἐκ
3348 3571 3639 3646 περιτομῆς

2076 3685 2279 3748 πιστοὶ,
2300 3683 2414 3736 ὅσοι
2451 3678 2713 3748 συνῆλθον
2751 3675 2828 3747 τῷ
2871 3675 3088 3744 Πέτρῳ,
3147 3673 3233 3726 ὅτι
3284 3669 3382 3722 καὶ
3440 3665 3532 3719 ἐπὶ
3581 3660 3641 3714 τὰ

2075 3777 2204 3848 ἔθνη
2239 3777 2274 3846 ή
2328 3774 2510 3844 δωρεὰ
2572 3769 2669 3825 τοῦ
2735 3768 2894 3836 ἁγίου
2951 3765 3273 3834 Πνεῦματος
3339 3758 3638 3826 ἐκκέχυται.

2079 3871 2315 3924 Ἤκουον
2346 3864 2661 3936 γάριαὺτῶν
2684 3860 2990 3915 λαλούντων
3018 3855 3318 3924 γλώσσαις,
3358 3851 3455 3905 καὶ
3482 3862 3640 3918 μετα·

2077 3961 2342 4014 λυνόντων
2364 3958 2456 4011 τὸν
2484 3956 2636 4010 Θεόν.
2668 3955 2800 4008 Τότε
2835 3948 3108 4020 ἀπεκρίθη
3144 3947 3174 3998 δ
3213 3946 3456 4015 nmo;-
3480 3938 3566 4008 Μή
3595 3952 3642 3988 τι

2077 4052 2303 4123 τδῦδωρ
2330 4049 2575 4104 κωλῦσαι
2634 4046 2862 4101 δύναταί
2917 4061 3001 4107 τις
3030 4039 3127 4094 τοῦ
3168 4038 3246 4108 μὴ
3284 4031 3640 4107 βαπτισθῆναι

2076 4119 2320 4210 τούτους,
2351 4143 2544 4206 οἵτινες
2571 4140 2630 4194 τὸ
2660 4136 2883 4208 Πνεῦμα
2907 4136 2967 4189 τδ
2995 4133 3151 4202 ἆγιον
3214 4128 3410 4182 ἔλαϐον
3473 4119 3641 4210 καθὼς

2083 4239 2178 4292 καὶ
2207 4239 2407 4307 ἡμεῖςς
2445 4231 2749 4305 προσέταξέ
2772 4247 2831 4283 τε
2863 4228 3062 4288 αὐτοὺς
3092 4220 3464 4294 βαπτισθῆναι
3493 4217 3549 4307 ἐν
3574 4209 3644 4282 τῷ

2080 4305 2306 4398 ὀνόματι
2345 4326 2519 4397 Ἰησοῦ
2538 4323 2800 4396 Χριστοῦ.
2831 4321 2966 4375 Τότε
2998 4316 3295 4389 ἠρώτησαν
3338 4308 3505 4365 αὐτὸν
3533 4305 3643 4357 ἐπι·

2084 4422 2268 4492 μεῖναι
2322 4419 2537 4489 ἡμέρας
2566 4416 2742 4478 τινάς.

2655 4505 2906 4561 metu.
2932 4499 3051 4570 ις’.

2080 4605 2306 4675 Πέτρου
2327 4601 2662 4670 κατήχησις
2675 4601 2762 4664 εις
2785 4597 3062 4665 Χριστὸν,
3076 4591 3182 4646 τοῦ
3202 4605 3262 4643 τε
3277 4587 3457 4656 ἀτιόυ
3475 4580 3643 4639 Πνεῦ-

2147 4713 2339 4767 ματος
2368 4694 2467 4747 ἐπὶ
2524 4691 2667 4758 τοὺς
2721 4690 3055 4751 ἀκούοντας
3081 4679 3296 4750 δωρεά·
3350 4676 3451 4730 καί
3503 4675 3644 4735 ὅπως

2155 4787 2615 4854 ἐϐαπτίσθησαν
2646 4782 2779 4837 τότε
2829 4784 2881 4834 cl
2900 4779 2968 4840 ἐξ
2985 4775 3175 4832 ἐθνῶν
3195 4772 3645 4829 πιστεύσαντες·

2683 4874 3070 4934 ΚΕΙΜΕΝΟΝ.

2162 4981 2446 5034 ’Ἤκουσαν
2477 4976 2536 5028 δέ
2568 4974 2618 5027 oi
2635 4971 2927 5027 ἀπόστολοι
2955 4969 3049 5020 καί
3082 4965 3132 5018 οἱ
3158 4961 3383 5028 ἀδελφοὶ
3419 4961 3469 5011 οἱ
3511 4955 3649 5009 ὄντες

2089 5073 2232 5129 κατὰ
2257 5072 2356 5139 τὴν
2408 5067 2690 5131 Ἰουδαίαν,
2720 5065 2806 5117 ὅτι
2835 5062 2931 5116 καὶ
2959 5061 3028 5114 τὰ
3076 5057 3202 5124 ἔθνη
3260 5051 3521 5115 ἐδέξαντο
3565 5046 3650 5139 τὸν

2086 5167 2244 5234 λόγον
2264 5136 2355 5215 τοῦ
2388 5160 2549 5214 Θεοῦ.
2575 5159 2684 5210 Καὶ
2709 5159 2798 5210 ὅτε
2824 5153 2991 5223 ἀνέϐη
3045 5151 3248 5217 Πέτρος
3312 5145 3396 5207 εἰς
3442 5136 3650 5234 Ἰεροσςὲ-

2087 5227 2257 5327 λυμα.
2316 5253 2648 5321 διεκρίνοντο
2725 5249 2775 5300 oi
2856 5248 2924 5299 ἐκ
2981 5239 3284 5310 περιτομῆς
3344 5233 3519 5327 πρὸς
3563 5227 3647 5280 αὑ-

2084 5326 2176 5404 τὸν
2233 5347 2501 5413 λέγοντες,
2557 5344 2640 5396 ὅτι
2706 5336 2969 5410 Εἰσῆλθες
3065 5332 3196 5402 πρός
3247 5328 3458 5398 ἄνδρας
3500 5326 3623 5391 dupe

2097 5438 2323 5491 ευστίαν
2366 5436 2610 5506 ἔχοντας,
2648 5432 2743 5487 καὶ
2797 5429 3094 5497 συνέφαγες
3141 5422 3354 5486 αὐτοῖς.
3400 5415 3642 5489 Ἀρξάμεο

1613 5705 1815 5766 \‘arim
1844 5701 2148 5766 lectiones
2193 5712 2250 5766 et
2299 5710 2485 5766 not-sc.

511 5810 554 5840 "
589 5809 1033 5881 ἀπερριμμένων.
1113 5811 1152 5843 ’³
1185 5811 1517 5880 βεεαιεῦῖιῑ.

1599 5811 1715 5841 “'3‘
1755 5806 1977 5859 t1$:r:.

1912 5855 1950 5874 ..

605 6293 978 6446 λ
