3848 6576
160 372 244 435 949

766 379 1302 444 EXI’OSITIONIS
1336 386 1417 445 IN
1454 387 1644 447 ACTA
1680 387 1981 455 TEXTUS
2012 392 2278 460 ALTER.
2314 424 2383 433 -
2411 397 2572 461 CAP.
2600 399 2709 461 Χῐ.

3260 396 3363 465 950

161 498 230 543 νος
248 479 300 532 δὲ
330 481 359 534 ό
389 481 618 554 Πέτρος,
651 485 918 549 ἐξετίθετο
942 491 1125 555 αὐτοῖς
1189 492 1363 561 λέγων
1408 496 1644 568 καθεξῆς
1663 516 1677 532 ο

1799 508 1905 557 tem
1959 503 2152 560 Petrus
2199 508 2507 577 exponebat
2550 507 2659 563 illis
2687 506 2958 574 ordinem,
2981 507 3213 567 dicens:
3251 507 3366 580 Ego

184 568 287 636 Εγὼ
313 571 462 641 ἥμην
485 573 544 625 ἐν
570 574 720 627 πόλει
764 574 956 650 Ἰόππῃ
985 583 1439 653 προσευχόμενος,
1469 590 1562 639 καὶ
1616 585 1696 640 εἴ·

159 662 230 713 δον
253 664 308 714 ἐν
335 663 590 717 ἐκστάσει
621 666 823 736 ὅραμα,
872 671 1196 726 καταϐαῖνον
1250 675 1443 736 σκεῦός
1501 695 1572 742 τι,
1624 680 1700 742 ὡς

162 750 326 819 ὀθόνην
354 753 623 824 μεγάλην,
675 756 968 828 τέσσαρσιν
1001 763 1199 830 ἀρχαῖς
1251 764 1583 836 καθιεμένην
1635 769 1703 821 ἐκ

160 841 236 893 τοῦ
260 843 508 913 οὐρανοῦ,
540 846 631 899 καὶ
654 843 817 918 ἦλθεν
844 850 1003 922 ἄχρις
1027 852 1192 922 ἐμοῦ.
1235 855 1328 920 Εἰς
1354 855 1421 926 ἢν
1445 857 1701 922 ἀτενίσας

162 935 421 988 κατενόουν
450 952 464 966 ·
499 940 595 993 καὶ
639 937 781 994 εἶδον
814 944 992 998 πάντα
1020 947 1087 1000 τὰ
1113 948 1416 1018 τετράποδα
1447 949 1546 1020 τῆς
1572 949 1697 1020 γῆς,

162 1026 237 1076 χοί
268 1026 329 1079 τά
383 1027 572 1099 θηρία,
605 1033 698 1086 καὶ
723 1034 794 1087 τά
841 1036 1069 1107 ἑρπετὰ,
1135 1042 1231 1094 καὶ
1257 1042 1327 1096 τὰ
1354 1043 1577 1097 πετεινά
1603 1044 1699 1098 τοῦ

160 1115 364 1186 οὐρανοῦ
386 1136 401 1150 ·
427 1121 639 1190 ⁴ἤκουσά
666 1142 725 1177 τε
755 1129 940 1199 φωνῆς
953 1129 1218 1203 λεγούσης
1252 1151 1342 1204 μοι
1363 1148 1378 1166 ⁸
1410 1134 1694 1200 Ἀναστὰς,

166 1206 339 1278 Πέτρε,
370 1210 553 1277 θῦσον,
592 1217 686 1268 καὶ
725 1217 887 1286 φάγε.
921 1217 1090 1274 Εἶπον
1112 1222 1169 1275 δέ
1192 1238 1205 1253 ·
1238 1223 1542 1295 Μηδαμῶς.
1586 1224 1699 1279 Κύ-

159 1314 225 1367 ριε
251 1316 267 1331 ·
301 1302 406 1354 πᾶν
464 1306 646 1359 κοινὸν
700 1308 1090 1381 ἢάκάθαρτον,
1145 1315 1400 1371 οὐδέποτε
1451 1317 1699 1387 εἰσῆλθεν

157 1389 218 1453 εἰς
245 1390 306 1443 τὸ
334 1392 508 1463 στόμα
535 1412 660 1466 μου.
697 1400 997 1475 Ἀπεκρίθη
1031 1403 1088 1458 δέ
1126 1422 1216 1476 μοι
1272 1406 1337 1459 ὲκ
1363 1406 1616 1478 δευτέρου
1634 1408 1698 1461 ἐκ

155 1481 229 1532 τοῦ
249 1484 477 1553 οὐρανοῦ
505 1490 658 1560 φωνή
686 1506 703 1523 ο
741 1492 806 1545 ’Δ
825 1495 854 1546 ό
882 1494 1016 1560 Θεὸς
1045 1496 1360 1569 ὲκαθάρισε,
1381 1497 1446 1553 σὺ
1480 1497 1554 1569 μὴ
1579 1498 1697 1552 κοί-

157 1587 245 1664 νου.
274 1574 448 1629 Τοῦτο
476 1579 533 1633 δὲ
556 1579 770 1647 ἐγένετο
788 1586 881 1640 ἐπὶ
910 1587 1050 1656 τρὶς,
1079 1590 1173 1643 καὶ
1192 1588 1354 1644 πάλιν
1381 1590 1694 1664 ἀνεσπάσθη

157 1660 341 1720 ἅπαντα
370 1669 453 1732 εἰς
476 1669 568 1724 τὸν
600 1672 848 1744 οὐρανὸν.

701 1831 944 1889 ΕΡΜΗΝ
952 1835 1084 1894 EIA.

214 1978 318 2035 Ὀτε
345 1983 704 2055 ἐπίστευσαν,
736 1990 818 2046 ὅτι
851 1993 1066 2059 πάντως
1086 1996 1149 2051 τὸ
1183 1998 1464 2072 βάπτισμα
1491 2003 1686 2072 ἄφεσις

155 2071 535 2148 ἁμαρτημάτων
574 2082 714 2147 ἐστὶ,
770 2085 893 2139 τότε
958 2087 1192 2157 ἐπῆλθεν
1246 2091 1333 2146 ἐπ’
1382 2071 1577 2161 αὐτοῦς
1626 2098 1689 2152 τὸ

154 2162 334 2232 Πνεῦμα
360 2183 379 2197 ο
409 2168 568 2224 τοῦτο
600 2171 814 2239 γίνεται
847 2179 1366 2250 προοικονομοῦντος
1388 2184 1688 2255 ἀπολογίαν

155 2256 358 2328 μεγάλην
396 2259 479 2329 τῷ
515 2261 709 2335 Πέτρῳ
733 2263 827 2318 τοῦ
853 2265 1009 2324 Θεοῦ.
1062 2270 1174 2324 Καὶ
1230 2272 1329 2344 οὐχ
1391 2274 1578 2339 ἁπλῶς
1626 2276 1690 2332 τὸ

364 2350 627 2420 ἐπῆλθεν.
660 2353 796 2408 ἀλλὰ
823 2357 919 2410 καὶ
956 2357 1229 2427 γλώσσαις
1253 2361 1505 2419 ἐλάλουνο
1547 2366 1685 2440 ὅπερ

151 2437 403 2528 ξξὲπληττε
436 2443 564 2506 τοὺς
585 2446 956 2514 συνελθόντας.
980 2451 1071 2504 Διὸ
1108 2451 1203 2507 καὶ
1240 2455 1268 2506 ὁ
1289 2454 1493 2524 Πέτρος
1516 2437 1687 2528 προσν-

152 2526 303 2593 ἑταξεν
345 2532 548 2596 αὐτοὺς
586 2536 789 2603 εὐθέως
836 2539 1201 2611 βαπτισθῆναι
1245 2544 1305 2597 ὲν
1359 2544 1434 2616 τῷ
1459 2526 1683 2619 ὀνόματι

149 2621 223 2714 τοῦ
245 2625 465 2696 Κυρίουο
492 2630 590 2682 καὶ⁸
616 2630 717 2685 οὐκ
754 2626 873 2685 εἷπε
893 2649 910 2666 ο
944 2633 1041 2699 Τίς
1073 2636 1109 2707 ὴ
1153 2635 1246 2690 τοῦ
1272 2635 1462 2703 ὕδατος
1500 2641 1682 2714 χρεία,

148 2709 222 2764 τοῦ
248 2715 388 2783 ἁγίου
408 2720 734 2790 Πνεύματος
769 2723 1122 2788 ἐπιπεσόντος
1150 2727 1370 2794 αὐτοῖς;
1406 2709 1558 2799 ᾜδει
1575 2732 1683 2803 γὰρ

146 2804 211 2858 ὅτι
232 2805 336 2861 θεῖα
361 2811 601 2867 τελεῖται
626 2814 685 2867 ὲν
705 2815 853 2886 αὐτῷ
883 2814 1152 2886 σύμϐολα,
1172 2819 1340 2888 τάφος
1364 2821 1460 2874 καὶ
1479 2822 1685 2892 νέκρω-

148 2912 232 2960 σις,
265 2901 352 2953 καὶ
384 2903 697 2969 ἀνάστασις
726 2907 823 2960 καὶ
841 2906 977 2977 ζωή.
1000 2909 1212 2980 Ὠσπερ
1232 2909 1340 2984 γὰρ
1372 2913 1504 2982 ἡμῖν
1532 2911 1685 2969 εὔκοο

146 2988 220 3041 λον
249 2991 612 3061 βαπτίσασθαι
644 2999 738 3051 καὶ
761 2998 1081 3067 ἀνανεῦσαι,
1114 3000 1287 3069 οὕτως
1341 3002 1564 3059 εὔκολον
1606 3006 1684 3081 τῷ

147 3080 241 3150 θεῷ
268 3083 423 3152 θάψαι
469 3087 566 3141 τὸν
611 3089 841 3142 παλαιὸν
892 3091 1181 3162 ἄνθρωπον
1209 3132 1226 3158 ,
1269 3096 1364 3148 καὶ
1411 3096 1682 3168 ἀναζῆσαι

1798 606 1949 646 erant
1994 593 2048 648 in
2094 596 2317 652 civitate
2370 596 2545 669 Joppe
2587 612 2778 661 orans,
2813 606 2868 654 et
2902 598 3011 655 vidi
3067 598 3120 653 in
3170 613 3367 655 exces-

1799 699 1861 739 su
1929 687 2126 743 mentis
2172 688 2474 754 visionem,
2541 690 2882 746 descendens
2946 706 3043 747 vas
3093 690 3366 763 quoddam

1797 777 1946 831 velut
2021 776 2249 832 linteum
2333 794 2638 852 magnum,
2711 792 2944 854 quatuor
2996 783 3171 839 initiis
3232 782 3369 838 sub-

1799 869 1937 924 mitti
1985 870 2053 926 de
2092 872 2231 928 cmlo
2259 914 2275 939 ,
2315 882 2369 929 et
2406 875 2555 929 venit
2588 892 2762 948 usque
2822 876 2887 931 ad
2947 892 3055 933 tne.
3111 877 3166 932 ln
3202 876 3369 948 249

1798 960 1944 1028 quod
1991 959 2212 1017 intuens
2266 963 2719 1030 considerabam,
2754 974 2809 1019 et
2838 962 2951 1018 vidi
2986 963 3364 1036 quadrupedia

1800 1057 1956 1104 terra:
1982 1058 2034 1104 et
2060 1049 2263 1107 bestias
2294 1060 2349 1107 et
2380 1054 2596 1124 reptilia
2624 1061 2679 1110 et
2709 1054 2955 1111 volatilia
2984 1054 3133 1111 caeli.
3165 1053 3364 1110 Audivi

1797 1148 1982 1196 autem
2016 1149 2071 1197 et
2108 1156 2296 1197 vocem
2327 1144 2597 1200 dicentem
2633 1146 2810 1202 mihi:
2866 1147 3060 1218 Surge,
3098 1144 3278 1212 Petro,
3307 1154 3365 1200 et

1797 1233 1988 1289 occide
2025 1247 2078 1290 et
2102 1234 2394 1292 manduca.
2430 1234 2548 1292 Dixi
2581 1245 2763 1293 autem
2794 1256 2807 1292 :
2846 1238 3225 1310 Nequaquam,
3255 1236 3361 1293 Do-

1796 1324 1944 1381 mine
1975 1343 1990 1380 :
2052 1325 2182 1397 quia
2249 1341 2542 1385 commune
2585 1336 2681 1383 aut
2716 1329 3053 1385 immundum
3081 1344 3361 1402 nunquam

1797 1414 2042 1471 introivit
2103 1417 2159 1472 in
2206 1432 2270 1475 os
2315 1434 2516 1475 meum.
2571 1418 2878 1492 Respondit
2920 1427 3102 1477 autem
3133 1436 3239 1475 vox
3272 1435 3363 1476 se~

1797 1506 1977 1562 eundo
2005 1508 2073 1563 de
2106 1508 2285 1565 cmlo:
2341 1508 2475 1578 Qua:
2508 1508 2650 1567 Deus
2680 1511 2985 1579 mundavit,
3013 1522 3070 1567 tu
3103 1527 3172 1566 ne
3197 1526 3317 1567 com
3332 1536 3375 1552 --

1795 1613 1962 1654 mune
1994 1599 2219 1655 dixeris.
2257 1598 2373 1655 Hoc
2408 1608 2592 1657 autem
2629 1600 2835 1659 factum
2874 1609 2957 1657 est
2988 1616 3088 1672 per
3142 1609 3270 1669 ter;
3308 1610 3363 1659 et

1795 1698 2014 1761 recepta
2041 1700 2172 1747 sunt
2200 1691 2384 1749 omnia
2415 1706 2637 1749 rursum
2676 1691 2733 1749 in
2762 1694 2986 1750 emtum.

2308 1848 2883 1911 COMMENTANUS.

1859 2002 2094 2070 Quando
2130 2004 2510 2078 crediderunt,
2557 2007 2678 2065 dari
2706 2010 2931 2067 omnino
2954 2025 3053 2082 per
3085 2011 3359 2083 baptisma

1790 2094 2171 2151 remissionem
2232 2105 2608 2167 peccatorum,
2672 2108 2803 2157 tunc
2853 2101 3001 2156 venit
3046 2117 3213 2173 super
3260 2117 3358 2173 eos

1790 2182 2029 2256 Spiritus
2051 2194 2278 2242 sanctus
2311 2204 2328 2243 :
2359 2188 2551 2260 sicque
2580 2189 2725 2248 Deus
2758 2205 3012 2263 magnam
3045 2190 3210 2248 Petro
3253 2191 3354 2263 de-

1786 2275 2090 2332 fensionem
2122 2278 2359 2349 paravit.
2401 2277 2471 2335 At
2510 2294 2640 2337 vero
2667 2295 2775 2336 non
2802 2290 3085 2353 utcunque
3114 2280 3358 2352 Spiritus

1786 2373 2013 2423 sanctus
2052 2382 2219 2439 super
2250 2367 2373 2424 illos
2407 2367 2692 2426 descendit
2720 2386 2735 2436 ;
2771 2368 2869 2427 sed
2919 2370 3017 2435 ita,
3051 2376 3112 2426 ut
3150 2369 3227 2425 illi
3261 2384 3359 2425 va-

1787 2457 1883 2513 riis
1918 2456 2117 2528 linguis
2148 2458 2440 2514 confestim
2472 2460 2861 2530 loquerentur;
2898 2476 3019 2532 qua;
3052 2476 3141 2517 res
3172 2468 3360 2516 astan-

1786 2557 1872 2604 tes
1921 2548 2094 2603 multa
2150 2549 2519 2606 admiratione
2571 2551 2889 2622 complevit.
2944 2552 3101 2610 Unde
3152 2552 3356 2608 Petrus

1784 2638 1972 2707 jussit,
2026 2652 2123 2695 eos
2171 2638 2357 2695 statim
2390 2638 2667 2710 baptizari
2725 2640 2782 2696 in
2844 2641 3072 2699 nomine
3137 2641 3353 2697 Domini

1784 2727 1909 2784 Jesu
1963 2727 2193 2787 Christi.
2249 2728 2434 2801 Neque
2467 2744 2597 2786 vero
2648 2730 2783 2786 dixit
2837 2748 2853 2787 :
2904 2730 3048 2801 Quid
3086 2746 3227 2803 opus.
3268 2741 3355 2791 εει

1784 2834 1925 2892 aqua
1981 2820 2048 2879 iis
2080 2820 2175 2891 qui
2236 2818 2503 2893 Spiritum
2542 2831 2795 2880 sanetum
2835 2820 2951 2893 jam
2990 2823 3357 2895 receperunt?

1784 2909 2020 2969 Noverat
2078 2911 2262 2979 enim,
2319 2925 2421 2982 per
2492 2926 2650 2989 sacra
2718 2911 2812 2968 illa
2869 2912 3114 2986 symbola
3169 2912 3357 2984 perﬁci

1784 3003 2155 3073 sepulturam,
2218 3009 2473 3079 mortem,
2527 3004 2991 3062 resurrectionem
3052 3013 3105 3062 et
3161 3006 3354 3062 vitam.

1783 3093 2250 3160 Quemadmodum
2290 3095 2439 3151 enim
2489 3094 2651 3153 facile
2678 3096 2837 3153 nobis
2869 3105 2954 3153 est
2985 3098 3144 3169 aquis
3178 3099 3359 3166 mergi-

144 3172 219 3223 τὸν
253 3174 379 3230 νέον.
416 3178 594 3232 Τοῦτο
624 3179 681 3233 δὲ
705 3181 890 3251 τρίτον
922 3182 1153 3250 γίνεται,
1182 3183 1268 3237 ἵνα
1322 3186 1563 3257 γνῶμεν,
1595 3188 1676 3242 ὅτι

1786 3191 1837 3239 et
1864 3200 2140 3256 emergere
2164 3228 2178 3251 ,
2208 3186 2282 3242 ita
2344 3186 2503 3242 facile
2545 3195 2632 3243 est
2683 3185 2795 3243 Deo
2844 3195 3082 3244 veterem
3122 3189 3366 3259 sepelire-

144 3262 334 3334 δυνάμει
388 3271 624 3341 Πατρὸς,
659 3273 754 3325 καὶ
807 3270 960 3339 Υίοῦ,
1016 3274 1113 3328 καὶ
1152 3274 1313 3343 ἀγίου
1359 3277 1674 3347 Πνεῦματος

144 3353 271 3407 τοῦτο
300 3359 522 3425 γίνεται.
553 3361 709 3424 Τινὲς
739 3362 800 3416 δέ
832 3379 1021 3434 φασιν,
1049 3363 1137 3419 ἵνα
1163 3364 1351 3437 δειχθῇ
1385 3367 1417 3436 ἡ
1444 3367 1674 3438 τριήμε-

148 3458 219 3509 po;
265 3449 549 3518 ἀνάστασις
594 3453 690 3508 τοῦ
725 3454 963 3524 Χριστοῦ
1019 3456 1178 3509 τοῦτο
1227 3458 1675 3529 κατεργαζομένη

144 3535 189 3586 ὲν
209 3538 340 3605 ἡμῖν.
378 3562 396 3593 ι
430 3543 845 3616 Ἀρξάμενοςιδὲ
879 3547 908 3599 ό
958 3546 1183 3618 Πέτρος,
1217 3566 1235 3599 ι
1278 3548 1528 3602 Δείκνυσι
1583 3548 1676 3603 διὰ

145 3625 225 3693 τῆς
245 3631 525 3702 ἀπολογίας
569 3638 760 3691 ἑαυτὸν
801 3637 899 3707 μὲν
931 3638 1172 3709 οὐδαμοῦ
1203 3638 1401 3707 αἴτιον,
1460 3657 1671 3694 πανταο

147 3717 226 3783 χοῦ
253 3719 302 3774 δὲ
336 3724 425 3778 τὸν
459 3728 619 3783 Θεόν.
667 3729 756 3783 Ἐν
805 3729 1062 3783 ἐκστάσει
1111 3732 1239 3801 γὰρ,
1289 3732 1473 3804 φησὶν,
1515 3732 1677 3796 αὐτὸς

145 3811 334 3884 ἐποίησε
358 3834 372 3849 ·
413 3820 475 3874 τὸ
507 3821 701 3887 σκεῦος
757 3823 921 3886 αὐτὸς
952 3822 1152 3888 ἔδειξεν
1177 3839 1192 3855 ο
1218 3824 1329 3893 ἐγὼ
1377 3827 1468 3879 καὶ
1498 3827 1675 3880 ἀντεῖ-

144 3917 241 3968 πον,
290 3908 382 3962 καὶ
441 3912 604 3967 πάλιν
648 3914 809 3977 αὐτὸς
866 3910 1053 3981 εἶπεν,
1110 3917 1234 3971 οὐδὲ
1285 3915 1459 3983 οὕτως
1495 3920 1676 3990 ἥκου-

147 4009 229 4044 σα·
257 3998 311 4051 τὸ
337 4002 561 4074 Πνεῦμα
603 4006 890 4061 ἐκέλευσεν
952 4008 1208 4077 ἀπελθεῖν
1229 4026 1244 4040 ο
1274 4013 1370 4063 καὶ
1402 4008 1671 4073 ἀπελθὼν.

143 4082 242 4138 οὐδὲ
286 4088 450 4158 οὕτως
477 4096 805 4168 ἐπέδραμον.
841 4094 1030 4164 Εἶπον,
1057 4098 1138 4153 ὃτι
1165 4100 1192 4152 ὁ
1224 4098 1359 4162 Θεὸς
1414 4100 1625 4170 ἔπεμψε
1654 4115 1671 4132 ·

144 4176 347 4233 καίοὖδὲ
377 4182 553 4250 οὕτως
608 4188 903 4243 ἐϐάπτισα.
968 4186 1126 4243 Ἀλλὰ
1183 4188 1344 4243 πάλιν
1369 4190 1398 4243 ὀ
1443 4189 1574 4253 Θεὸς
1615 4189 1677 4243 τὸ

142 4267 228 4319 πᾶν
255 4273 542 4343 εἰργάσατο
560 4296 574 4309 ο
604 4282 633 4333 ό
659 4281 790 4345 Θεὸς
818 4281 1014 4344 αὐτοὺς
1043 4281 1356 4346 ἐϐάπτισεν,
1394 4280 1493 4334 οὐκ
1540 4279 1672 4349 ἐγώ.

147 4359 283 4413 (Ἔτι
313 4365 416 4435 γάρ
459 4385 565 4437 μου
594 4369 875 4434 λαλοῦντος
911 4372 1113 4435 αὐτοῖς,
1143 4371 1409 4426 ἐπέπεσεν
1453 4370 1542 4424 ἐπ’
1571 4372 1674 4426 αὐ-

140 4449 244 4514 τοὺς
269 4454 325 4508 τὸ
376 4459 603 4532 Πνεῦμα
634 4462 694 4516 τὸ
747 4461 902 4532 ἅγιον
925 4479 940 4495 ⁸
994 4463 1088 4521 καὶ
1119 4463 1337 4517 ἐλάλουν
1377 4461 1672 4532 γλώσσαις,

140 4544 213 4593 καὶ
233 4544 552 4617 ἐμεγάλυνεν
593 4554 686 4609 τὸν
715 4555 847 4610 Θεὸν
870 4555 1052 4620 καθὼς
1089 4555 1184 4611 καὶ
1208 4556 1390 4627 ἡμεῖς.
1422 4574 1440 4608 ι

1777 3278 2051 3335 hominem
2105 3289 2158 3341 et
2197 3294 2396 3335 novum
2442 3280 2737 3337 vivificare.
2773 3278 2889 3337 Hoc
2943 3288 3135 3351 autem,
3154 3289 3237 3336 ter
3273 3284 3353 3345 ﬁt,

1776 3378 1837 3423 ut
1861 3368 2061 3424 virtute
2092 3367 2297 3433 Patris,
2334 3367 2457 3425 Filii
2509 3377 2565 3426 et
2604 3369 2844 3441 Spiritus
2896 3371 3075 3427 sancti
3133 3370 3187 3426 id
3232 3370 3353 3426 fieri

1775 3476 2190 3533 cognoscamus.
2234 3462 2466 3529 Quidam
2505 3478 2633 3519 vero
2667 3463 2846 3530 aiunt,
2880 3462 2935 3518 id
2984 3464 3127 3529 fieri,
3172 3464 3346 3555 ιιιιεί-

1776 3553 2063 3623 gnificetur
2094 3556 2424 3623 resurrectio
2453 3552 2679 3621 Christi,
2716 3569 2839 3625 quae
2893 3554 3057 3610 tertia
3106 3553 3196 3610 die
3217 3552 3354 3610 con-

1776 3642 1918 3714 tigit,
1956 3644 2059 3700 hoc
2089 3646 2305 3716 operari
2356 3647 2412 3700 in
2439 3646 2619 3702 nobis.
2660 3665 2683 3700 ι
2713 3645 2990 3716 Incipiens
3016 3652 3199 3702 autem
3240 3647 3351 3702 Pe-

1775 3727 1916 3790 trus.
1968 3752 1989 3788 ι
2047 3733 2117 3790 Se
2165 3734 2465 3792 defendens
2526 3749 2717 3793 contra
2779 3737 2905 3793 illos
2955 3751 3024 3794 ex
3060 3737 3349 3793 circumci-

1776 3826 1951 3889 sione,
1994 3824 2090 3894 qui
2121 3824 2499 3897 disceptabant
2543 3826 2809 3884 adversus
2842 3825 3019 3891 illum,
3081 3826 3343 3893 ostendit,

1776 3914 1896 3987 ejus
1936 3916 2013 3972 rei
2046 3931 2154 3973 non
2180 3933 2261 3984 se,
2302 3920 2397 3975 sed
2430 3919 2600 3976 Deum
2628 3920 2897 3993 integram
2925 3935 3051 3978 esse
3075 3934 3300 3979 causam
3331 3936 3347 3976 :

1776 4007 2005 4077 perinde
2035 4023 2099 4064 ac
2130 4008 2175 4065 si
2205 4009 2449 4068 diceret:
2477 4010 2647 4066 Extra
2673 4027 2872 4070 sensus
2899 4014 3016 4085 ipse
3035 4029 3121 4070 me
3144 4012 3349 4082 rapuit;

1778 4102 1895 4172 ipse
1925 4103 2058 4161 mihi
2088 4120 2185 4161 vas
2215 4106 2459 4162 ostendit
2484 4124 2501 4174 ;
2531 4121 2633 4179 ego
2658 4121 2788 4163 vero
2809 4106 2974 4163 etiam
2998 4103 3308 4169 contradixi
3333 4121 3347 4158 :

1778 4193 1869 4249 ille
1897 4209 2091 4252 rursus
2115 4197 2351 4266 institit;
2393 4213 2497 4266 ego
2517 4213 2693 4269 neque
2723 4198 2804 4256 sic
2837 4196 3084 4267 acquievi
3120 4214 3135 4251 :
3168 4194 3344 4265 Spiri-

1778 4294 1865 4340 tus
1887 4292 2112 4341 sanctus
2134 4285 2322 4356 jussit,
2364 4297 2421 4341 ut
2452 4289 2866 4357 proficiscerer;
2894 4286 3173 4358 profectus
3203 4300 3348 4350 sum,

1777 4375 1871 4431 sed
1901 4390 2011 4430 non
2045 4377 2286 4433 excurri.
2339 4376 2459 4431 Dixi
2495 4377 2662 4433 Deum
2711 4393 2798 4432 me
2831 4377 3053 4432 misisse
3086 4393 3101 4442 ;
3160 4388 3343 4444 neque

1780 4465 1862 4522 sic
1894 4473 2076 4523 tamen
2103 4467 2379 4538 baptizare
2401 4482 2693 4539 aggressus
2722 4483 2864 4524 sum.
2920 4467 2991 4521 At
3022 4466 3162 4520 Deus
3198 4464 3347 4533 ipsus

1780 4557 2100 4629 baptizavit,
2128 4574 2239 4616 non
2265 4575 2388 4630 ego.
2445 4578 2464 4613 ι
2497 4559 2710 4616 Etenim
2738 4574 2824 4613 me
2850 4543 3031 4613 adhuc
3069 4558 3345 4630 loquente,

138 4638 302 4696 cecidit
329 4642 564 4716 Spiritus
603 4659 832 4719 sanctus
862 4665 1029 4722 super
1053 4665 1172 4716 eos,
1218 4658 1275 4707 et
1338 4651 1700 4722 loquebantur
1740 4652 1905 4710 variis
1956 4654 2178 4726 linguis,
2234 4655 2515 4727 Deumque
2610 4652 3051 4727 magnificabant,
3101 4652 3239 4708 sicut
3293 4665 3351 4715 οι

134 4737 234 4785 1108.
265 4748 287 4784 ι

510 4896 589 4970 Τῇ
632 4906 703 4964 ς’
726 4900 822 4972 τῆς
842 4899 885 4957 δ’
916 4901 1235 4975 ἑϐδομάδος.

684 5033 951 5090 KEIMEN
957 5036 1067 5090 ΟΝ.

185 5157 283 5216 Καὶ
314 5163 418 5220 ίδοῦ
447 5168 507 5234 ἐξ
534 5169 713 5240 αὐτῆς
760 5174 905 5245 τρεῖς
967 5173 1159 5243 ἄνδρες
1204 5174 1516 5247 ἐπέστησαν
1573 5176 1668 5231 ἐπὶ

133 5249 215 5317 τὴν
241 5256 401 5311 οἰκίαν
419 5260 475 5313 ὲν
498 5253 725 5334 ᾖῆμην,
752 5263 1147 5333 ἀπεσταλμένοι
1169 5266 1277 5320 ἀπὸ
1326 5269 1665 5340 Καισαρείας

136 5340 245 5429 πρὸς
277 5346 358 5415 με.
388 5345 519 5403 Εἷπε
558 5350 616 5403 δέ
640 5368 738 5418 μοι
782 5354 844 5408 τὸ
868 5355 1096 5427 Πνεῦμα
1146 5358 1420 5413 συνελθεῖν
1463 5363 1664 5429 αὐτοῖς,

142 5426 200 5517 μὴ
224 5428 538 5517 διακρίνανῖι
562 5476 574 5488 .
605 5434 815 5494 Ἦλθον
844 5442 902 5495 δὲ
935 5426 1031 5497 σὺν
1068 5446 1192 5517 ἐμοὶ
1221 5448 1310 5500 καὶ
1347 5449 1397 5502 οἱ
1418 5449 1476 5516 ἒξ
1509 5426 1663 5504 ἀδελ-λ

228 5512 378 5614 οῦτοι,
402 5527 495 5579 καὶ
525 5528 854 5599 εἰσήλθομεν
896 5536 976 5599 ετὶς
1014 5512 1112 5593 τὸν.
1132 5533 1279 5591 οἵκον
1326 5540 1421 5594 τοῦ
1451 5512 1662 5614 ἀνδρός.

152 5602 441 5706 ’ίίπῆγγειὶε
488 5619 543 5672 δὲ
567 5621 701 5689 ἡμῖν
762 5624 885 5689 πῶς
921 5620 1034 5681 εἶδε
1085 5629 1176 5683 τὸν
1225 5631 1454 5699 ἄγγελον
1478 5602 1560 5687 ὲν⁸
1585 5602 1664 5706 τῷ

133 5693 242 5768 οἴκῳ
286 5706 438 5760 αὑτοῦ
484 5711 748 5764 σταθέντα
849 5721 946 5773 καὶ
1011 5722 1234 5777 εἰπόντα
1288 5725 1470 5795 αὐτῷ·
1500 5693 1666 5780 Ἀπό-

140 5796 314 5850 στειλον
364 5800 439 5865 εἰς
486 5804 705 5874 Ἰόππην
767 5808 993 5885 ἄνδρας,
1036 5817 1131 5870 καὶ
1180 5818 1532 5890 μετάπεμψαι
1574 5820 1665 5874 Σί-

1701 4841 1749 4897 ι)

2131 4902 2287 4960 Feria
2311 4901 2345 4959 6
2371 4902 2730 4958 hebdomadas
2759 4909 2987 4974 quartae.

2392 5038 2693 5095 TEXTUS.

1847 5176 1939 5245 XI,
1967 5176 2150 5234 H48.
2168 5178 2233 5234 Et
2255 5191 2381 5234 ecce
2408 5185 2522 5233 tres
2538 5175 2826 5232 confestim
2846 5173 3137 5229 astiterunt
3162 5170 3216 5225 in
3241 5170 3339 5225 do-
3424 5216 3427 5221 .

1772 5286 1879 5336 mo,
1899 5271 2072 5340 inqua
2092 5286 2264 5337 eram,
2285 5269 2439 5325 missi
2464 5284 2491 5322 a
2512 5268 2755 5324 Caesarea
2774 5263 2841 5318 ad
2860 5276 2966 5317 me.
2984 5260 3130 5315 Dixit
3150 5267 3333 5316 autem

1772 5361 2009 5432 Spiritus
2031 5363 2182 5428 mihi,
2201 5362 2364 5432 25o
2384 5370 2440 5416 ut
2467 5362 2600 5416 irem
2619 5372 2739 5413 cum
2768 5355 2875 5411 illis
2899 5352 3034 5408 nihil
3053 5352 3333 5407 haesitans.

1770 5451 2047 5510 Venerunt
2065 5461 2246 5508 autem
2268 5467 2477 5508 mecum
2501 5458 2555 5504 et
2572 5464 2665 5505 sex
2688 5446 2881 5501 fratres
2900 5444 3015 5509 isti,
3031 5450 3084 5498 et
3102 5441 3338 5512 ingressi

1774 5563 1964 5602 sumus
2002 5546 2055 5600 in
2085 5545 2305 5600 domum
2339 5544 2460 5600 viri.
2496 5539 2748 5596 Narravit
2773 5545 2953 5592 autem
2985 5536 3167 5602 nobis,
3196 5551 3337 5605 quo-

1776 5636 1938 5692 modo
1973 5636 2199 5691 vidisset
2238 5635 2488 5704 angelum
2544 5632 2600 5684 in
2630 5629 2794 5684 domo
2845 5642 2967 5692 sua,
3013 5633 3248 5680 stantem
3279 5632 3338 5681 et

1773 5729 2042 5786 dicentem
2075 5727 2223 5783 sibi:
2259 5726 2409 5780 Mitte
2439 5724 2494 5778 in
2524 5722 2760 5792 Joppcn,
2794 5727 2848 5774 et
2893 5718 3104 5774 accersi
3152 5716 3339 5770 Simo-

1776 5835 1921 5885 nem,
1950 5819 2040 5888 qui
2080 5817 2496 5889 cognominatur
2524 5812 2758 5882 Pctrus;
2792 5810 2881 5880 qui
2927 5810 3183 5880 loquetur
3238 5806 3341 5862 tibi
