3848 6608
177 415 308 486 953

842 417 1375 479 EXPOSITIONIS
1405 421 1488 481 IN
1528 420 1721 482 ACTA
1743 419 2044 485 TEXTUS
2076 420 2347 484 ALTER.
2369 416 2448 459 ’·-
2477 423 2633 485 CAP.
2668 422 2809 484 XII.

3336 418 3445 487 954

185 533 313 585 ἀλλ’
343 533 411 586 ὲν
447 530 712 602 ἀναλήψει
753 530 955 602 ἀρετῆς
997 530 1111 601 ἔχει
1147 531 1208 585 τὸ
1247 533 1452 602 ἀγαθὸς
1493 530 1654 590 εἶναι.
1701 539 1776 591 Οὐ

1895 537 2158 607 iet-addita
2185 539 2391 593 virtute
2417 537 2580 591 habet
2613 543 2673 590 ut
2701 537 2773 591 sit
2801 535 3004 601 bonus;
3037 548 3145 589 non
3179 534 3321 588 enim
3351 535 3447 586 ab.

188 625 310 696 γὰρ
352 624 562 687 ἁπλῶς,
598 622 908 695 [Ἀγα6δς,]
951 624 1086 687 ἀλλ’,
1159 626 1323 696 Ἀνὴρ
1356 628 1578 695 ἁγαθός.
1622 648 1642 681 ι
1678 629 1772 693 Εἰς

1895 631 2053 684 solute
2093 629 2269 686 bonus
2302 628 2529 692 dicitur,
2576 627 2672 681 sed
2713 646 2732 680 ι
2786 625 2883 680 Vir
2923 627 3122 681 bonus.
3159 643 3176 677 ι
3218 624 3446 679 Perinde

187 714 367 768 τοῦτο
394 711 483 768 οὖν
500 713 647 785 λήψῃ
673 714 765 770 καὶ
787 714 869 780 τὸ,
901 733 920 767 ι
959 716 1018 770 '0
1044 716 1246 784 ἀγαθὸς
1271 717 1556 789 ἄνθρωπος
1574 736 1590 751 ’
1624 737 1643 771 ι
1681 720 1776 773 καὶ

187 805 292 865 τὸ,
339 824 363 856 ι
407 803 514 865 Εὖ,
549 804 702 857 δοῦλε
737 805 911 872 ἀγαθὲ
945 805 1039 859 καὶ
1071 806 1230 860 πιστέ
1254 823 1272 840 ο
1314 826 1332 858 ι
1367 807 1463 862 καὶ
1492 810 1561 862 τὰ
1593 810 1775 879 ὃμοια.

191 896 553 966 Σημειωτέον
575 897 659 950 ὅτι
684 899 718 967 ἡ
742 898 1043 968 Ἀντιόχεια
1067 900 1155 953 διὰ
1176 900 1332 954 τοῦτο
1354 901 1543 972 Θρόνου
1570 901 1777 972 ἠξιώθη

193 989 561 1059 ὁρχοντικοῦ,
590 989 778 1060 ἐπειδὴ
807 992 925 1044 ἐκεῖ
949 991 1167 1063 πρῶτον
1194 993 1567 1063 ἐχρημάτισαν
1594 996 1644 1047 οί
1676 1012 1780 1065 μα-

192 1079 377 1150 θηταὶ
412 1081 694 1136 καλεῖσθαι
727 1083 1064 1153 Χριστιανοί.
1097 1083 1268 1136 Τοῦτο
1298 1085 1353 1139 δὲ
1382 1084 1443 1138 τὸ
1473 1086 1643 1156 ὄνομα
1679 1103 1776 1139 πο·

191 1169 430 1233 λυθεῖας
472 1172 622 1224 ἐστὶν
660 1172 972 1227 ἀντίπαλον.
1024 1192 1043 1224 ι
1088 1173 1176 1226 Ἐν
1211 1173 1433 1239 ταύταις
1471 1174 1552 1229 δέ.
1601 1192 1620 1227 ι
1666 1176 1781 1229 Οὐκ

195 1263 359 1316 ἔστιν
390 1264 636 1317 ἐναντίον
662 1265 820 1318 τοῦτο
848 1264 925 1334 τῷ
959 1265 1065 1318 ὑπὸ
1095 1265 1189 1318 τοῦ
1225 1267 1431 1337 Κυρίου
1464 1267 1740 1338 εἰρημένῳ
1762 1284 1778 1299 ·

201 1374 221 1404 ι
266 1355 335 1408 Ὀ
371 1355 538 1425 νόμος
577 1356 762 1409 καὶ-οἰ
804 1356 1117 1427 προφῆται,
1159 1357 1264 1420 ἕως
1295 1357 1390 1411 τοῦ
1427 1359 1673 1413 Ἰωάννου
1701 1376 1716 1392 ο
1756 1377 1774 1410 ι

195 1445 386 1498 Τοῦτο
424 1445 534 1515 γὰρ
576 1447 708 1516 περὶ
747 1444 973 1499 ἰκείνων
1011 1445 1121 1500 τῶν
1165 1446 1491 1516 προφητῶν,
1532 1446 1644 1499 τῶν
1683 1447 1782 1518 τὴν

196 1533 523 1604 παρουσίαν
571 1533 740 1588 αὐτοῦ
791 1533 1524 1605 προαναφωνησάντων.’ῐνα
1570 1530 1663 1587 οὖν
1708 1533 1783 1605 μὴ

197 1624 529 1693 νομίσωσιν,
558 1626 639 1679 ὅτι
666 1625 756 1679 διὰ
780 1625 939 1679 τοῦτο
970 1628 997 1679 6
1023 1626 1180 1695 λιμὸς
1207 1626 1448 1694 γέγονεν,
1480 1628 1562 1680 ὅτι
1592 1628 1620 1679 6
1644 1627 1782 1696 Χρι-

202 1714 537 1783 στιανισμδς
579 1716 829 1787 εἰσῆλθε,
865 1717 1120 1790 προλέγει
1154 1718 1214 1771 τὺ
1251 1719 1475 1789 Πνεῦμα
1507 1721 1569 1773 τὸ
1604 1720 1781 1788 ἆγιον.

199 1806 386 1860 Τοῦτο
416 1807 474 1861 δὲ
505 1809 602 1862 καὶ
631 1811 660 1862 6
690 1809 923 1879 Χριστὸς
954 1812 1247 1880 προεῖπεν,
1278 1811 1378 1864 οὐκ
1412 1812 1598 1881 ἐπειδὴ
1627 1813 1785 1865 τοῦτο

196 1896 262 1962 ἐξ
308 1899 497 1970 ἀρχῆς
537 1900 790 1968 γενέσθαι
829 1901 958 1966 ἔδει,
1002 1901 1139 1956 ἀλλὰ
1176 1902 1267 1956 διὰ
1305 1902 1373 1956 τὰ
1415 1903 1563 1958 κακὰ
1597 1905 1665 1959 τὰ
1706 1905 1785 1967 είς
1814 1884 1860 1943 Β

198 1990 334 2053 τοὺς
360 1990 696 2056 ἀποστόλους
720 1993 990 2063 γενόμενα
1012 2010 1027 2024 '
1052 1995 1145 2048 καὶ
1172 1993 1547 2065 ὲμακροθύμει
1574 1998 1602 2049 6
1627 1980 1782 2060 Θεός.

212 2080 306 2142 '0;
340 2082 402 2135 δὲ
436 2084 727 2147 ἐνέκειντο,
758 2085 917 2156 λιμὸς
950 2086 1126 2158 μέγας
1155 2088 1386 2157 γίνεται,
1425 2090 1645 2158 μηνύων
1673 2091 1786 2151 τοῖς

201 2175 536 2240 ἀποστόλοις
556 2177 603 2210 ⁸⁸
632 2176 702 2231 τὰ
732 2178 966 2250 ἐσόμενα
997 2179 1163 2235 κακά.
1195 2180 1260 2234 El
1291 2180 1348 2234 δὲ
1379 2180 1447 2234 δι’
1468 2180 1664 2258 αιςδτοὺς
1692 2176 1783 2251 ἦν,

201 2265 316 2319 εδει
350 2266 578 2332 πάντως
609 2268 705 2322 καὶ
737 2269 867 2323 ὅντα
901 2269 1216 2326 παύσασθαι
1236 2287 1251 2304 ⁶
1285 2273 1645 2343 εὐδοκιμῆσαι
1677 2273 1788 2346 γὰρ

206 2355 423 2427 μᾶλλον
461 2359 631 2430 ἐχρῆν
669 2361 891 2424 αὐτοὺς,
929 2358 1014 2415 ὅτι
1055 2361 1116 2416 τὸ
1159 2362 1337 2416 αὐτῶν
1373 2363 1610 2430 ἐποίουν,
1653 2365 1782 2436 avﬁ-

207 2465 377 2519 ρουν,
416 2450 702 2520 ἐκόλαζον,
735 2452 1074 2526 ὶτιμώρουν,
1111 2454 1376 2509 πάντοθεν
1409 2455 1651 2510 ἐδίωκον.
1690 2458 1787 2511 Διὰ

203 2541 372 2595 τοῦτο
406 2542 591 2596 τοίνυν
623 2546 716 2597 καὶ
748 2543 905 2615 λιμὸς
939 2545 1163 2616 γέγονεν
1183 2587 1197 2612 ,
1233 2548 1283 2600 εί
1319 2548 1411 2601 καὶ
1445 2548 1506 2601 οὐ
1543 2549 1787 2619 συνῆκαν

207 2633 257 2685 οἱ
289 2632 566 2698 τάλανεςο
600 2635 694 2689 καὶ
728 2637 852 2689 συνέ
864 2653 1070 2707 πασχον
1098 2637 1281 2702 αὐτοῖς
1312 2638 1392 2701 είς
1422 2639 1579 2693 τοῦτο
1611 2640 1705 2694 καὶ
1737 2641 1787 2694 οἱ

206 2723 557 2795 Χριστιανοί.
594 2745 613 2780 ι
661 2728 1106 2792 Αποστείλαντες.
1144 2749 1162 2781 ι
1194 2730 1554 2800 Σημειωτέον,
1582 2732 1663 2785 ὅτι
1692 2732 1787 2785 καὶ

210 2816 610 2887 πρεσϐυτέρων
656 2813 804 2888 εἶχον
848 2818 1065 2890 ἀξίωμα
1112 2820 1161 2874 οἱ
1208 2819 1495 2874 ἀπόστολοι
1522 2837 1538 2852 ·
1589 2821 1684 2876 καὶ
1730 2823 1789 2875 ὲν

207 2906 359 2976 ἄλλῳ
402 2908 460 2962 δὲ
504 2909 782 2977 κεφαλαίῳ
829 2911 1229 2980 σεσημείωται,
1269 2912 1353 2965 ὅτι
1393 2911 1658 2968 διακόνων
1696 2912 1788 2967 καὶ

211 3013 316 3072 πρε
325 2996 495 3052 σϐυτέ
505 3016 612 3072 ρων
640 2994 785 3071 εἶχον
817 2999 916 3070 suo
925 3001 1043 3072 μόν.

807 3278 1059 3333 ΚΕΦᾹΛ.
1100 3278 1201 3332 IZ'.

229 3370 504 3426 Ἰακώϐου
528 3371 635 3425 τοῦ
661 3369 1010 3425 ἀποστόλου
1037 3368 1416 3441 κατασφαγὴ,
1444 3370 1541 3424 καὶ
1568 3371 1791 3439 Πέτρου

285 3463 609 3531 σύλληψις
637 3461 788 3532 πρὸς
813 3460 1074 3531 Ἡρώδου
1095 3479 1110 3494 ο
1138 3462 1297 3527 ὅπως
1322 3478 1386 3516 τε
1414 3463 1601 3518 αὐτὸν
1625 3466 1660 3518 ό
1686 3462 1793 3531 ἄγ-

284 3558 471 3624 γελος
509 3554 678 3620 θείως
714 3554 987 3619 ἐξείλατο
1019 3552 1139 3607 τῶν
1169 3553 1437 3622 εἱρκτῶν,
1472 3555 1568 3608 καί
1611 3557 1645 3610 ὁ
1680 3554 1791 3608 Πέ-

282 3660 430 3714 τρος
477 3644 752 3714 ἐμφανὴς
800 3643 1124 3715 γενόμενος
1166 3645 1399 3714 νύκτωρ
1444 3643 1566 3712 τοῖς
1615 3643 1794 3701 ἀδελ-

285 3735 452 3807 φοῖς,
485 3735 975 3806 ὑπανεχώρησεν.

576 3825 666 3898 Τῷ
696 3826 958 3882 Σαὸδάτω
982 3827 1081 3897 τῆς
1109 3826 1151 3881 δ’
1175 3826 1487 3899 ἑϐδομάδος.

816 3920 1205 3975 ΚΕΙΜΕΝυΝ.

286 4012 435 4066 Κατ’
462 4012 669 4066 ἐκεῖνον
711 4010 768 4064 δὲ
808 4011 902 4065 τὸν
944 4012 1134 4082 καιρὸν
1177 4012 1441 4067 ἐπέϐαλεν
1479 4012 1727 4086 Ἡρώδης
1768 4013 1797 4067 6

223 4103 485 4174 βασιλεὺς
526 4102 625 4167 τὰς
668 4105 860 4174 χεῖρας
904 4103 1156 4157 κακῶσαί
1194 4122 1346 4168 τινας
1386 4104 1496 4159 τῶν
1547 4105 1656 4159 ἀπὸ
1697 4106 1798 4177 τῆς

234 4193 588 4266 Ἐκκλησίας.
625 4186 828 4247 ’Ᾱνεῖλε
857 4194 914 4247 δὲ
949 4193 1209 4246 Ἰάκωϐον
1236 4193 1326 4247 τὸν
1350 4193 1579 4264 ἀδελφὺν
1614 4194 1797 4250 Ἰωάν-

221 4303 314 4340 νου
363 4287 630 4358 μαχαίρξι.
671 4286 781 4340 Καὶ
826 4285 950 4340 ίδὼν
984 4289 1068 4340 ὅτι
1106 4287 1332 4359 ἀρεστόν
1368 4290 1482 4342 ἐστι
1513 4290 1627 4351 τοῖς
1660 4290 1795 4341 Ἰου-

223 4380 427 4447 δαίοις,
465 4384 761 4454 προσέθετο
795 4381 1080 4436 συλλαϐεῖν
1112 4383 1208 4436 καὶ
1240 4382 1467 4451 Πέτρον.
1504 4376 1707 4451 (Ἦσαν
1740 4380 1798 4435 δὲ

226 4473 279 4526 αἱ
319 4472 530 4543 ἡμέραι
561 4472 670 4527 τῶν
704 4472 974 4544 Ἀζύμων)
998 4489 1012 4501 ’
1052 4472 1110 4527 ὃν
1145 4472 1240 4527 καὶ
1284 4474 1483 4537 πιάσας
1526 4472 1678 4526 έοετο
1718 4474 1797 4538 εἰς

1815 3255 1862 3313 C

1877 721 2040 792 igitur
2062 720 2332 791 intelligas
2348 718 2501 784 illud,
2529 737 2548 769 ι
2575 717 2666 771 Vir
2686 717 2884 781 bonus,
2914 735 2933 769 ι
2958 731 3020 770 ac
3042 715 3194 780 illud,
3228 732 3246 765 ι
3277 713 3444 781 Euge,

1879 828 2038 869 serve
2099 813 2244 869 bone
2307 820 2362 867 et
2419 811 2591 866 fidelis
2627 811 2712 875 ⁸⁸,
2764 828 2783 861 ι
2861 824 2925 862 ac
2982 808 3205 862 similia.
3263 806 3448 859 Adno-

1879 904 2104 960 tandum
2131 918 2292 969 vero,
2332 903 2523 958 urbem
2554 900 2896 957 Antiochiam
2930 898 3212 969 pontiﬁcio
3245 898 3446 951 throno

1878 997 2186 1053 decoratam
2233 995 2438 1053 fuisse.
2476 994 2732 1063 quoniam
2782 991 2914 1046 inibi
2960 990 3139 1059 primo
3182 996 3446 1045 statutum

1879 1094 1998 1154 est,
2053 1095 2115 1141 ut
2165 1086 2414 1155 discipuli
2465 1083 2870 1154 appellarentur
2913 1079 3253 1135 Christiani:
3301 1077 3450 1148 quod

1882 1193 2077 1234 nomen
2107 1177 2472 1248 polytheismo
2495 1190 2525 1231 e
2550 1174 2820 1229 diametro
2849 1172 3189 1227 adversatur.
3222 1188 3241 1222 ι
3278 1170 3336 1223 ln
3367 1170 3452 1224 his

1883 1274 2063 1326 autem
2093 1269 2308 1325 diebus.
2339 1287 2358 1319 ι
2388 1267 2504 1324 Hoc
2533 1265 2868 1321 contrarium
2895 1280 3002 1320 non
3029 1272 3112 1319 est
3142 1263 3217 1317 illi
3250 1262 3452 1317 Chriin

1886 1361 2099 1419 Domini
2128 1359 2292 1416 eﬂato
2315 1360 2391 1413 ’τι
2426 1376 2446 1411 ι
2476 1356 2586 1412 Lex
2610 1365 2664 1410 et
2692 1355 2969 1425 propheta:
2993 1368 3167 1425 usque
3187 1352 3253 1408 ad
3284 1352 3452 1406 Joan-

1883 1469 2008 1512 nem
2035 1473 2048 1509 :
2082 1471 2101 1506 ι
2135 1451 2251 1509 Hoc
2279 1452 2423 1508 enim
2455 1464 2552 1506 eos
2577 1456 2790 1520 spectat
2813 1447 3126 1519 prophetas,
3158 1446 3249 1515 qui
3280 1445 3454 1515 ipsius

1883 1547 2178 1603 adventum
2218 1544 2673 1616 praenuntiarunt.
2724 1539 2802 1597 Ne
2843 1540 3010 1612 igitur
3051 1538 3451 1600 existimarent,

1887 1644 2179 1709 propterea
2242 1635 2441 1690 famem
2504 1632 2945 1702 venisse,‘.'quia
3007 1627 3457 1685 Christianismus

1887 1739 2108 1786 exortus
2143 1737 2259 1797 est,
2303 1727 2555 1799 praedixit
2596 1727 2743 1781 illam
2780 1724 3016 1794 Spiritus
3062 1728 3307 1776 sanctus.
3341 1718 3456 1774 lluc

1888 1823 2030 1877 idem
2078 1823 2244 1878 etiam
2294 1820 2551 1877 Christus
2608 1817 3107 1889 praenuntiaverat;
3158 1826 3263 1865 non
3311 1809 3454 1879 quod

1890 1915 2046 1971 initio
2076 1913 2397 1983 contingere
2430 1917 2731 1982 oporteret,
2762 1908 2856 1965 sed
2888 1914 3111 1978 propter
3145 1904 3306 1965 mala.
3337 1915 3457 1972 quae

1889 2009 1942 2062 in
1967 2007 2247 2077 apostolos
2277 2005 2499 2060 ﬂebant.
2541 2002 2606 2057 Et
2635 2000 2852 2072 quidem
2893 1996 3276 2067 longanimiter
3313 1994 3457 2048 fcre-

1889 2100 1982 2155 bat
2010 2099 2153 2154 Deus
2177 2114 2193 2151 :
2223 2106 2279 2152 at
2300 2111 2423 2152 cum
2448 2094 2733 2165 iniquitate
2754 2107 2852 2148 sua
2877 2096 3132 2160 urgerent
3160 2088 3256 2153 illi,
3284 2087 3457 2142 fames

1890 2190 2065 2245 valida
2096 2188 2322 2260 ingruit,
2363 2186 2702 2259 prasignans
2730 2182 2891 2247 mala,
2919 2196 3041 2253 quae
3060 2180 3263 2236 ludatis
3289 2195 3457 2234 even-

1888 2295 2011 2341 tura
2036 2290 2216 2340 erant.
2245 2281 2401 2349 Quod
2431 2280 2476 2337 si
2513 2278 2882 2349 apostolorum
2914 2276 3073 2345 culpa
3096 2282 3214 2330 orta
3238 2273 3453 2338 fuisset,

1889 2370 2172 2441 oportebat
2200 2369 2446 2435 omnino,
2474 2383 2592 2423 eam
2624 2375 2755 2422 tunc
2777 2379 2999 2421 cessare
3024 2380 3039 2418 :
3067 2363 3331 2434 siquidem
3356 2375 3458 2432 po-

1891 2465 1999 2519 tius
2038 2455 2458 2519 commendandi
2494 2460 2728 2516 fuissent
2755 2456 2953 2519 Judaei,
2985 2455 3129 2525 quod
3161 2452 3337 2508 oﬂicio
3367 2467 3461 2507 sa-

1889 2553 2224 2608 tisfecissent
2254 2566 2356 2607 suo
2386 2566 2481 2606 eos
2512 2549 2833 2615 occidendo,
2869 2545 3194 2617 torquendo,
3224 2555 3277 2600 et
3308 2542 3457 2598 omni

1889 2662 1954 2700 ex
1994 2656 2150 2715 parte
2191 2643 2594 2715 persequendo.
2643 2641 2796 2695 Dicta
2826 2641 2992 2711 igitur
3023 2638 3092 2694 de
3120 2652 3282 2693 causa
3313 2636 3462 2690 venit

1891 2733 2094 2798 fames;
2155 2732 2370 2788 tametsi
2424 2732 2480 2787 id
2542 2731 2727 2785 miseri
2788 2744 2899 2783 non
2948 2726 3350 2797 intelligerent;
3405 2729 3461 2779 ct

1889 2833 2154 2893 quantum
2186 2824 2254 2879 ad
2285 2824 2389 2878 hoc
2422 2822 2772 2893 patiebantur
2796 2819 2957 2874 simul
2993 2833 3117 2872 cum
3152 2815 3262 2872 illis
3294 2813 3459 2869 etiam

1890 2916 2214 2973 Christiani.
2250 2936 2267 2967 ι
2301 2917 2595 2971 Mittentes.
2642 2934 2660 2967 ι
2696 2911 3144 2978 Observandum,
3185 2907 3461 2978 apostolos

1891 3007 2056 3065 etiam
2102 3007 2546 3079 presbyterorum
2590 3004 2909 3075 dignitatem
2959 3001 3262 3057 habuisse:
3302 3004 3358 3055 et
3404 2997 3461 3052 in

1895 3102 2001 3157 alio
2030 3101 2210 3172 capite
2239 3100 2562 3154 adnotatum
2592 3106 2697 3161 est,
2727 3109 2903 3166 neque
2931 3094 3289 3148 diaeonorum
3311 3127 3328 3156 ,
3365 3102 3464 3144 ne-

1894 3208 2002 3264 que
2029 3192 2475 3262 presbyterorum
2511 3187 2680 3259 gradu
2714 3201 2810 3241 eos
2838 3185 3107 3241 caruisse.

2440 3276 2671 3335 CAPUT
2727 3274 2894 3330 XVII.

1893 3373 2055 3444 252
2085 3372 2276 3428 Jacobi
2305 3371 2531 3442 apostoli
2563 3370 2753 3437 aedes,
2792 3377 2843 3424 et
2887 3367 3033 3422 Petri
3076 3363 3467 3435 comprrheusio

1953 3464 2115 3536 jussu
2161 3463 2409 3528 Herodis,
2446 3472 2496 3518 et
2522 3461 2782 3533 quomodo
2808 3459 3025 3530 angelus
3064 3473 3182 3512 eum
3211 3456 3465 3510 divinitus

1962 3555 2179 3611 solverit
2213 3559 2252 3611 α’
2284 3555 2542 3619 vinculis;
2589 3553 2698 3622 ipse
2752 3567 2871 3606 vero
2910 3551 3130 3615 Petrus,
3186 3557 3465 3619 postquam

1964 3657 2121 3701 noctu
2159 3647 2416 3718 fratribus
2449 3645 2713 3714 apparuit,
2755 3642 2890 3697 clam
2920 3640 3242 3696 discesserit.

2237 3833 2478 3890 Sabbato
2514 3828 2868 3887 ltebdumadm
2893 3834 3123 3899 quartae.

2527 3919 2834 3979 TEXTUS.

1900 4048 1911 4060 ι
1965 4021 2085 4078 XII.
2107 4020 2187 4077 l-l
2205 4020 2222 4074 l
2237 4059 2252 4074 .
2270 4017 2473 4075 Eodem
2488 4022 2667 4071 autem
2683 4021 2929 4083 tempore
2956 4010 3104 4065 misit
3121 4009 3361 4066 Herodes
3374 4025 3470 4066 rex

1897 4129 2114 4177 manus,
2140 4119 2198 4166 ut
2218 4111 2477 4180 aﬂligerct
2494 4107 2756 4180 quosdam
2772 4104 2839 4160 de
2861 4103 3124 4160 Ecclesia.
3148 4101 3359 4157 Occidit
3377 4117 3473 4156 au-

1898 4214 2008 4259 tem
2030 4201 2293 4257 Iacobum
2315 4198 2539 4255 fratrem
2572 4195 2799 4252 Joannis
2831 4193 3029 4266 gladio.
3054 4190 3260 4247 Videtis
3288 4200 3469 4245 autem

1898 4296 2020 4368 quia
2049 4294 2288 4365 placeret
2310 4289 2537 4355 Judaeis,
2571 4288 2826 4358 apposuit
2864 4293 2926 4340 ut
2956 4274 3390 4355 apprehenderet
3418 4292 3473 4336 ct

1900 4386 2142 4441 Petrum.
2174 4384 2345 4438 Erant
2383 4389 2564 4437 autem
2593 4380 2712 4435 dies
2753 4380 3108 4449 Azymorum.
3142 4376 3315 4443 Quem
3346 4391 3470 4431 cum

1902 4474 2371 4548 apprehendisset,
2399 4472 2548 4526 misit
2574 4471 2628 4524 in
2653 4484 2953 4532 carcerem,
2985 4468 3207 4522 tradens
3236 4476 3474 4552 quatuor

227 4563 502 4653 φυλακὴν,
530 4564 803 4635 παραδοὺς
830 4563 1095 4636 τέσσαρσι
1124 4564 1421 4635 τετραδίοις
1449 4564 1789 4636 στρατιωτῶν

1901 4566 2355 4641 quaternionibus
2393 4565 2628 4620 militum
2659 4561 3100 4625 custodiendum,
3131 4560 3320 4615 volens
3348 4566 3472 4628 post

227 4646 528 4725 φυλάσσειν
554 4657 738 4724 αὐτὸν,
767 4656 1088 4728 βουλόμενος
1121 4657 1257 4727 μετὰ
1280 4657 1344 4729 το
1372 4656 1562 4728 Πάσχα
1589 4657 1797 4725 ἀναγα-

227 4747 348 4814 γεῖν
383 4746 546 4800 αὐτὸν
576 4746 654 4818 τῷ
690 4747 825 4818 λαῷ.
854 4748 913 4802 ’0
954 4747 1055 4819 μὲν
1087 4744 1180 4802 οὖν
1212 4748 1417 4819 Πέτρος
1456 4750 1700 4819 ἐτηρεῖτο
1742 4751 1800 4801 ὲν

228 4841 290 4909 τῇ
338 4838 551 4910 φυλακῇ
575 4853 589 4867 '
626 4840 902 4912 προσευχὴ
939 4840 1000 4893 δὲ
1036 4834 1104 4912 ἦν
1137 4841 1361 4913 ὲκτενὴς
1398 4840 1656 4910 γινομένη
1696 4839 1801 4892 ὑπὸ

226 4932 326 5001 τῆς
360 4930 691 5002 Ἐκκλησίας
726 4930 866 5001 πρὸς
901 4931 992 4984 τὸν
1024 4932 1154 4985 Θεὸν
1191 4931 1334 5001 ὑπὲρ
1365 4930 1553 4985 αὐτοῦ.
1579 4931 1709 4984 Ὅτε
1743 4931 1802 4984 δὲ

228 5021 457 5092 ἔμελλεν
487 5022 648 5076 αὐτὸν
678 5021 940 5093 προάγειν
968 5024 997 5076 6
1028 5022 1299 5094 Ἡρώδης,
1333 5024 1400 5094 τῇ
1429 5020 1588 5077 νυκτὶ
1618 5021 1805 5094 ἐκείνῃ

229 5113 293 5182 ἦν
338 5113 367 5165 6
408 5113 615 5185 Πέτρος
659 5111 1001 5185 κοιμώμενος
1045 5114 1247 5184 μεταξὺ
1290 5113 1384 5166 δύο
1430 5112 1800 5183 στρατιωτῶν,

230 5204 514 5275 δεδεμένος
546 5205 769 5259 ἁλύσεσι
801 5205 921 5259 δυσί
947 5222 961 5236 ·
997 5204 1236 5274 φύλακές
1266 5222 1325 5258 τε
1364 5206 1471 5275 πρὸ
1502 5206 1599 5275 τῆς
1632 5204 1802 5273 Θύρας

232 5298 462 5368 ἐτήρουν
491 5299 588 5370 τὴν
618 5299 887 5370 φυλακήν.
927 5299 1033 5351 Καὶ
1066 5298 1175 5351 ἰδοὺ
1205 5297 1432 5367 ἄγγελος
1462 5295 1666 5367 Κυρίου
1700 5297 1800 5349 ὲπ-

232 5389 363 5460 έστη
384 5429 399 5452 ,
432 5391 527 5443 καὶ
558 5391 672 5459 φῶς
710 5392 854 5461 μέγα
886 5389 1127 5461 ἔλαμψεν
1158 5391 1216 5443 ἐν
1245 5390 1323 5459 τῷ
1352 5390 1635 5460 οἰκήματι.
1687 5390 1802 5441 Πα-

233 5477 402 5541 τάξας
440 5478 499 5532 δὲ
532 5479 635 5551 τὴν
672 5479 915 5551 πλευράν
951 5478 1049 5534 τοῦ
1092 5479 1321 5552 Πέτρου,
1360 5480 1583 5551 ἤγειρεν
1617 5481 1801 5548 αὐτὸν,

285 5657 332 5691 ⁸⁸
368 5653 560 5712 Matth.
610 5673 735 5721 xxv,
777 5658 867 5714 25.
950 5660 996 5693 ⁸⁷
1045 5657 1236 5717 Matth.
1269 5659 1457 5728 31,15.

1901 4660 2113 4717 Pascha
2157 4657 2462 4729 producere
2499 4671 2623 4712 eum
2659 4654 2881 4725 populo.
2924 4652 2996 4724 Et
3034 4653 3227 4708 Petrus
3251 4649 3470 4722 quidem

1907 4749 2232 4805 servabatur
2265 4748 2319 4801 in
2351 4759 2589 4802 carcere.
2620 4742 2811 4800 Oratio
2839 4752 3023 4797 autem
3055 4740 3216 4797 fiebat
3244 4740 3364 4796 sine
3389 4740 3473 4792 in-

1905 4841 2249 4896 termissione
2271 4839 2339 4894 ab
2370 4838 2611 4894 Ecclesia
2648 4837 2714 4891 ad
2748 4835 2916 4891 Deum
2951 4851 3051 4907 pro
3077 4851 3164 4891 eu.
3195 4836 3333 4890 Cum
3368 4848 3471 4886 au-

1905 4940 2012 4986 tem
2038 4931 2404 5001 pxodncturus
2436 4943 2561 4984 eum
2594 4934 2739 4983 esset
2770 4926 3036 4991 llerodes,
3071 4925 3126 4980 in
3160 4926 3277 4995 ipsa
3312 4940 3471 4980 noete

1905 5031 2023 5078 erat
2067 5020 2587 5077 Petrus’dormiens
2623 5019 2765 5074 inter
2807 5020 2946 5074 duos
2990 5018 3226 5082 milites,
3258 5017 3474 5072 vinctus

1909 5114 2116 5168 catenis
2157 5112 2395 5176 duabus,
2429 5120 2483 5166 et
2514 5101 2924 5167 custodesaute
2962 5110 3161 5165 ostium
3194 5108 3469 5162 custodie-

1906 5205 2038 5260 bant
2071 5220 2369 5260 carcerem.
2408 5202 2475 5256 Et
2504 5218 2629 5258 ecce
2660 5201 2887 5270 angelus
2927 5199 3137 5254 Domini
3172 5198 3381 5263 astitit;
3420 5205 3476 5251 et

1909 5299 2093 5354 lumen
2141 5297 2357 5354 refulsit
2396 5296 2452 5350 in
2493 5291 2842 5356 habitacula,
2888 5303 3261 5359 percussaque
3308 5288 3475 5344 latere

1908 5390 2082 5453 Petri,
2115 5388 2378 5446 excitavit
2423 5401 2549 5441 eum
2594 5386 2822 5440 dicens:
2870 5380 3043 5450 Surge
3084 5379 3365 5435 velociter.
3409 5376 3477 5433 Et

1910 5480 2224 5537 ceciderunt
2266 5487 2471 5534 catena:
2516 5475 2585 5532 de
2626 5472 2880 5529 nianibus
2923 5469 3064 5543 ejus.
3110 5468 3257 5526 Dixit
3295 5476 3473 5526 autem

1424 5755 1618 5817 Vat-ite
1649 5754 1949 5816 lectiones
1991 5756 2052 5813 et
2098 5755 2283 5811 notae.

306 5849 353 5883 ³⁵
388 5848 687 5913 Ἰουδαίοις.
