  <div class='ocr_page' id='page_1' title='image "/cluster/home/n/w/nwhite01/storage/ocr_20150623/125/hvd.32044019208214/545.png"; bbox 0 0 3848 6580; ppageno 0'>
   <div class='ocr_carea' id='block_1_1' title="bbox 419 385 530 449">
    <p class='ocr_par' dir='ltr' id='par_1_1' title="bbox 419 385 530 449">
     <span class='ocr_line' id='line_1_1' title="bbox 419 385 530 449; baseline -0.009 0"><span class='ocrx_word' id='word_1_1' title='bbox 419 385 530 449; x_wconf 80' lang='lat'><strong>955</strong></span> 
     </span>
    </p>
   </div>
   <div class='ocr_carea' id='block_1_2' title="bbox 1321 373 2723 441">
    <p class='ocr_par' dir='ltr' id='par_1_2' title="bbox 1321 373 2723 441">
     <span class='ocr_line' id='line_1_2' title="bbox 1321 373 2723 441; baseline -0.004 0"><span class='ocrx_word' id='word_1_2' title='bbox 1321 377 1903 441; x_wconf 67' lang='lat' dir='ltr'><strong>TliEOPHYLACTI</strong></span> <span class='ocrx_word' id='word_1_3' title='bbox 1930 373 2340 435; x_wconf 68' lang='lat' dir='ltr'><strong>BULGARIJE</strong></span> <span class='ocrx_word' id='word_1_4' title='bbox 2371 374 2723 435; x_wconf 74' lang='lat' dir='ltr'><strong>ARCHIEP.</strong></span> 
     </span>
    </p>
   </div>
   <div class='ocr_carea' id='block_1_3' title="bbox 3545 375 3691 443">
    <p class='ocr_par' dir='ltr' id='par_1_3' title="bbox 3545 375 3691 443">
     <span class='ocr_line' id='line_1_3' title="bbox 3545 375 3691 443; baseline 0.041 -6"><span class='ocrx_word' id='word_1_5' title='bbox 3545 375 3691 443; x_wconf 74' lang='lat'><strong>956‘</strong></span> 
     </span>
    </p>
   </div>
   <div class='ocr_carea' id='block_1_4' title="bbox 411 481 1980 562">
    <p class='ocr_par' dir='ltr' id='par_1_4' title="bbox 411 484 1980 562">
     <span class='ocr_line' id='line_1_4' title="bbox 411 484 1980 562; baseline -0.004 -17"><span class='ocrx_word' id='word_1_6' title='bbox 411 489 639 562; x_wconf 76' lang='lat' dir='ltr'><strong>angelus</strong></span> <span class='ocrx_word' id='word_1_7' title='bbox 679 488 747 543; x_wconf 84' lang='lat' dir='ltr'><strong>ad</strong></span> <span class='ocrx_word' id='word_1_8' title='bbox 780 502 946 544; x_wconf 83' lang='lat' dir='ltr'><strong>eum:</strong></span> <span class='ocrx_word' id='word_1_9' title='bbox 986 486 1350 556; x_wconf 64' lang='lat' dir='ltr'><strong>Pracingere,</strong></span> <span class='ocrx_word' id='word_1_10' title='bbox 1392 496 1444 540; x_wconf 86' lang='lat' dir='ltr'><strong>et</strong></span> <span class='ocrx_word' id='word_1_11' title='bbox 1475 487 1663 540; x_wconf 66' lang='lat' dir='ltr'><strong>calt-ea</strong></span> <span class='ocrx_word' id='word_1_12' title='bbox 1695 484 1980 554; x_wconf 71' lang='lat' dir='ltr'><strong>tecaligas</strong></span> 
     </span>
    </p>
   </div>
   <div class='ocr_carea' id='block_1_5' title="bbox 2086 481 3651 562">
    <p class='ocr_par' dir='ltr' id='par_1_5' title="bbox 2087 481 3651 552">
     <span class='ocr_line' id='line_1_5' title="bbox 2087 481 3651 552; baseline 0.003 -18"><span class='ocrx_word' id='word_1_13' title='bbox 2087 481 2263 547; x_wconf 76' lang='grc' dir='ltr'>λέγων</span> <span class='ocrx_word' id='word_1_14' title='bbox 2290 499 2303 514; x_wconf 78' lang='grc' dir='ltr'><strong>ο</strong></span> <span class='ocrx_word' id='word_1_15' title='bbox 2347 482 2578 535; x_wconf 78' lang='grc' dir='ltr'><strong>Ἀνάστα</strong></span> <span class='ocrx_word' id='word_1_16' title='bbox 2620 484 2678 535; x_wconf 76' lang='grc' dir='ltr'><strong>έν</strong></span> <span class='ocrx_word' id='word_1_17' title='bbox 2720 481 2897 552; x_wconf 77' lang='grc' dir='ltr'>τάχει.</span> <span class='ocrx_word' id='word_1_18' title='bbox 2944 482 3053 535; x_wconf 73' lang='grc' dir='ltr'><strong>Καὶ</strong></span> <span class='ocrx_word' id='word_1_19' title='bbox 3099 481 3355 549; x_wconf 76' lang='grc' dir='ltr'><strong>ἐξέπεσον</strong></span> <span class='ocrx_word' id='word_1_20' title='bbox 3396 483 3563 538; x_wconf 71' lang='grc' dir='ltr'>αὐτοῦ</span> <span class='ocrx_word' id='word_1_21' title='bbox 3600 488 3651 539; x_wconf 82' lang='lat' dir='ltr'><strong>al.</strong></span> 
     </span>
    </p>
   </div>
   <div class='ocr_carea' id='block_1_6' title="bbox 413 575 1985 638">
    <p class='ocr_par' dir='ltr' id='par_1_6' title="bbox 413 575 1985 638">
     <span class='ocr_line' id='line_1_6' title="bbox 413 575 1985 638; baseline -0.006 0"><span class='ocrx_word' id='word_1_22' title='bbox 413 593 559 638; x_wconf 86' lang='lat' dir='ltr'><strong>tuas.</strong></span> <span class='ocrx_word' id='word_1_23' title='bbox 603 581 665 634; x_wconf 85' lang='lat' dir='ltr'><strong>Et</strong></span> <span class='ocrx_word' id='word_1_24' title='bbox 694 579 824 635; x_wconf 78' lang='lat' dir='ltr'><strong>fecit</strong></span> <span class='ocrx_word' id='word_1_25' title='bbox 858 580 957 634; x_wconf 88' lang='lat' dir='ltr'><strong>sic.</strong></span> <span class='ocrx_word' id='word_1_26' title='bbox 999 579 1065 633; x_wconf 85' lang='lat' dir='ltr'><strong>Et</strong></span> <span class='ocrx_word' id='word_1_27' title='bbox 1102 577 1241 631; x_wconf 79' lang='lat' dir='ltr'><strong>dixit</strong></span> <span class='ocrx_word' id='word_1_28' title='bbox 1273 577 1387 631; x_wconf 91' lang='lat' dir='ltr'><strong>illi:</strong></span> <span class='ocrx_word' id='word_1_29' title='bbox 1424 575 1722 632; x_wconf 81' lang='lat' dir='ltr'><strong>Circumda</strong></span> <span class='ocrx_word' id='word_1_30' title='bbox 1761 575 1856 629; x_wconf 90' lang='lat' dir='ltr'><strong>tibi</strong></span> <span class='ocrx_word' id='word_1_31' title='bbox 1891 588 1985 629; x_wconf 87' lang='lat' dir='ltr'><strong>ve-</strong></span> 
     </span>
    </p>
   </div>
   <div class='ocr_carea' id='block_1_7' title="bbox 416 666 1983 737">
    <p class='ocr_par' dir='ltr' id='par_1_7' title="bbox 416 666 1983 737">
     <span class='ocr_line' id='line_1_7' title="bbox 416 666 1983 737; baseline -0.006 -8"><span class='ocrx_word' id='word_1_32' title='bbox 416 676 732 730; x_wconf 84' lang='lat' dir='ltr'><strong>stimentum</strong></span> <span class='ocrx_word' id='word_1_33' title='bbox 766 678 941 735; x_wconf 90' lang='lat' dir='ltr'><strong>tuum,</strong></span> <span class='ocrx_word' id='word_1_34' title='bbox 973 678 1026 725; x_wconf 90' lang='lat' dir='ltr'><strong>et</strong></span> <span class='ocrx_word' id='word_1_35' title='bbox 1056 683 1287 737; x_wconf 80' lang='lat' dir='ltr'><strong>sequere</strong></span> <span class='ocrx_word' id='word_1_36' title='bbox 1317 683 1425 725; x_wconf 82' lang='lat' dir='ltr'><strong>me.</strong></span> <span class='ocrx_word' id='word_1_37' title='bbox 1458 666 1523 721; x_wconf 88' lang='lat' dir='ltr'><strong>Et</strong></span> <span class='ocrx_word' id='word_1_38' title='bbox 1554 670 1751 720; x_wconf 69' lang='lat' dir='ltr'><strong>exiens</strong></span> <span class='ocrx_word' id='word_1_39' title='bbox 1785 680 1983 735; x_wconf 83' lang='lat' dir='ltr'><strong>seque-</strong></span> 
     </span>
    </p>
   </div>
   <div class='ocr_carea' id='block_1_8' title="bbox 418 758 1980 830">
    <p class='ocr_par' dir='ltr' id='par_1_8' title="bbox 418 758 1980 830">
     <span class='ocr_line' id='line_1_8' title="bbox 418 758 1980 830; baseline -0.004 -13"><span class='ocrx_word' id='word_1_40' title='bbox 418 767 572 817; x_wconf 81' lang='lat' dir='ltr'><strong>batur</strong></span> <span class='ocrx_word' id='word_1_41' title='bbox 601 778 746 824; x_wconf 74' lang='lat' dir='ltr'><strong>ettin,</strong></span> <span class='ocrx_word' id='word_1_42' title='bbox 777 770 831 815; x_wconf 89' lang='lat' dir='ltr'><strong>et</strong></span> <span class='ocrx_word' id='word_1_43' title='bbox 866 761 1145 816; x_wconf 71' lang='lat' dir='ltr'><strong>nesciebat</strong></span> <span class='ocrx_word' id='word_1_44' title='bbox 1178 763 1302 830; x_wconf 88' lang='lat' dir='ltr'><strong>quia</strong></span> <span class='ocrx_word' id='word_1_45' title='bbox 1336 775 1522 814; x_wconf 89' lang='lat' dir='ltr'><strong>verum</strong></span> <span class='ocrx_word' id='word_1_46' title='bbox 1556 769 1667 820; x_wconf 82' lang='lat' dir='ltr'><strong>est,</strong></span> <span class='ocrx_word' id='word_1_47' title='bbox 1700 758 1849 828; x_wconf 88' lang='lat' dir='ltr'><strong>quod</strong></span> <span class='ocrx_word' id='word_1_48' title='bbox 1887 759 1980 811; x_wconf 88' lang='lat' dir='ltr'><strong>tie-</strong></span> 
     </span>
    </p>
   </div>
   <div class='ocr_carea' id='block_1_9' title="bbox 415 849 1985 923">
    <p class='ocr_par' dir='ltr' id='par_1_9' title="bbox 415 849 1985 923">
     <span class='ocr_line' id='line_1_9' title="bbox 415 849 1985 923; baseline -0.003 -17"><span class='ocrx_word' id='word_1_49' title='bbox 415 856 508 907; x_wconf 88' lang='lat' dir='ltr'><strong>hat</strong></span> <span class='ocrx_word' id='word_1_50' title='bbox 561 869 654 923; x_wconf 90' lang='lat' dir='ltr'><strong>per</strong></span> <span class='ocrx_word' id='word_1_51' title='bbox 706 853 992 922; x_wconf 75' lang='lat' dir='ltr'><strong>angelum;</strong></span> <span class='ocrx_word' id='word_1_52' title='bbox 1043 851 1393 907; x_wconf 85' lang='lat' dir='ltr'><strong>existimabat</strong></span> <span class='ocrx_word' id='word_1_53' title='bbox 1447 858 1628 905; x_wconf 84' lang='lat' dir='ltr'><strong>autem</strong></span> <span class='ocrx_word' id='word_1_54' title='bbox 1690 865 1750 906; x_wconf 88' lang='lat' dir='ltr'><strong>se</strong></span> <span class='ocrx_word' id='word_1_55' title='bbox 1806 849 1985 902; x_wconf 89' lang='lat' dir='ltr'><strong>visum</strong></span> 
     </span>
    </p>
   </div>
   <div class='ocr_carea' id='block_1_10' title="bbox 411 940 1984 1009">
    <p class='ocr_par' dir='ltr' id='par_1_10' title="bbox 411 940 1984 1009">
     <span class='ocr_line' id='line_1_10' title="bbox 411 940 1984 1009; baseline 0.001 -16"><span class='ocrx_word' id='word_1_56' title='bbox 411 942 614 995; x_wconf 84' lang='lat' dir='ltr'><strong>videre.</strong></span> <span class='ocrx_word' id='word_1_57' title='bbox 659 941 1033 995; x_wconf 86' lang='lat' dir='ltr'><strong>Transeuntes</strong></span> <span class='ocrx_word' id='word_1_58' title='bbox 1077 948 1259 999; x_wconf 88' lang='lat' dir='ltr'><strong>autem</strong></span> <span class='ocrx_word' id='word_1_59' title='bbox 1306 941 1538 1009; x_wconf 84' lang='lat' dir='ltr'><strong>primam</strong></span> <span class='ocrx_word' id='word_1_60' title='bbox 1584 948 1641 995; x_wconf 90' lang='lat' dir='ltr'><strong>et</strong></span> <span class='ocrx_word' id='word_1_61' title='bbox 1691 940 1984 995; x_wconf 89' lang='lat' dir='ltr'><strong>secundam</strong></span> 
     </span>
    </p>
   </div>
   <div class='ocr_carea' id='block_1_11' title="bbox 413 1029 1987 1100">
    <p class='ocr_par' dir='ltr' id='par_1_11' title="bbox 413 1029 1987 1100">
     <span class='ocr_line' id='line_1_11' title="bbox 413 1029 1987 1100; baseline -0.001 -14"><span class='ocrx_word' id='word_1_62' title='bbox 413 1031 740 1092; x_wconf 83' lang='lat' dir='ltr'><strong>custodiam,</strong></span> <span class='ocrx_word' id='word_1_63' title='bbox 780 1040 1043 1086; x_wconf 85' lang='lat' dir='ltr'><strong>venerunt</strong></span> <span class='ocrx_word' id='word_1_64' title='bbox 1066 1031 1131 1085; x_wconf 88' lang='lat' dir='ltr'><strong>ad</strong></span> <span class='ocrx_word' id='word_1_65' title='bbox 1159 1041 1368 1100; x_wconf 86' lang='lat' dir='ltr'><strong>portam</strong></span> <span class='ocrx_word' id='word_1_66' title='bbox 1401 1029 1654 1092; x_wconf 82' lang='lat' dir='ltr'><strong>ferream,</strong></span> <span class='ocrx_word' id='word_1_67' title='bbox 1689 1046 1809 1099; x_wconf 81' lang='lat' dir='ltr'><strong>quae</strong></span> <span class='ocrx_word' id='word_1_68' title='bbox 1837 1029 1987 1085; x_wconf 85' lang='lat' dir='ltr'><strong>ducit</strong></span> 
     </span>
    </p>
   </div>
   <div class='ocr_carea' id='block_1_12' title="bbox 412 1122 1986 1193">
    <p class='ocr_par' dir='ltr' id='par_1_12' title="bbox 412 1122 1986 1193">
     <span class='ocr_line' id='line_1_12' title="bbox 412 1122 1986 1193; baseline -0.001 -15"><span class='ocrx_word' id='word_1_69' title='bbox 412 1133 480 1178; x_wconf 82' lang='lat' dir='ltr'><strong>ad</strong></span> <span class='ocrx_word' id='word_1_70' title='bbox 510 1123 812 1188; x_wconf 88' lang='lat' dir='ltr'><strong>civitatem,</strong></span> <span class='ocrx_word' id='word_1_71' title='bbox 839 1137 962 1192; x_wconf 67' lang='lat' dir='ltr'><strong>quae</strong></span> <span class='ocrx_word' id='word_1_72' title='bbox 996 1124 1141 1177; x_wconf 89' lang='lat' dir='ltr'><strong>ultro</strong></span> <span class='ocrx_word' id='word_1_73' title='bbox 1172 1133 1358 1193; x_wconf 87' lang='lat' dir='ltr'><strong>aperta</strong></span> <span class='ocrx_word' id='word_1_74' title='bbox 1381 1131 1463 1179; x_wconf 87' lang='lat' dir='ltr'><strong>est</strong></span> <span class='ocrx_word' id='word_1_75' title='bbox 1491 1122 1591 1177; x_wconf 90' lang='lat' dir='ltr'><strong>eis.</strong></span> <span class='ocrx_word' id='word_1_76' title='bbox 1624 1124 1697 1176; x_wconf 83' lang='lat' dir='ltr'><strong>Et</strong></span> <span class='ocrx_word' id='word_1_77' title='bbox 1722 1129 1986 1177; x_wconf 78' lang='lat' dir='ltr'><strong>exeuntes</strong></span> 
     </span>
    </p>
   </div>
   <div class='ocr_carea' id='block_1_13' title="bbox 419 1214 1987 1284">
    <p class='ocr_par' dir='ltr' id='par_1_13' title="bbox 419 1214 1987 1284">
     <span class='ocr_line' id='line_1_13' title="bbox 419 1214 1987 1284; baseline -0.001 -16"><span class='ocrx_word' id='word_1_78' title='bbox 419 1221 803 1284; x_wconf 88' lang='lat' dir='ltr'><strong>processerunt</strong></span> <span class='ocrx_word' id='word_1_79' title='bbox 843 1214 1024 1269; x_wconf 84' lang='lat' dir='ltr'><strong>vicum</strong></span> <span class='ocrx_word' id='word_1_80' title='bbox 1071 1229 1275 1280; x_wconf 90' lang='lat' dir='ltr'><strong>unum,</strong></span> <span class='ocrx_word' id='word_1_81' title='bbox 1318 1223 1375 1271; x_wconf 88' lang='lat' dir='ltr'><strong>et</strong></span> <span class='ocrx_word' id='word_1_82' title='bbox 1422 1216 1688 1277; x_wconf 85' lang='lat' dir='ltr'><strong>continuo</strong></span> <span class='ocrx_word' id='word_1_83' title='bbox 1733 1214 1987 1271; x_wconf 84' lang='lat' dir='ltr'><strong>discessit</strong></span> 
     </span>
    </p>
   </div>
   <div class='ocr_carea' id='block_1_14' title="bbox 412 1304 1982 1375">
    <p class='ocr_par' dir='ltr' id='par_1_14' title="bbox 412 1304 1982 1375">
     <span class='ocr_line' id='line_1_14' title="bbox 412 1304 1982 1375; baseline 0.003 -17"><span class='ocrx_word' id='word_1_84' title='bbox 412 1306 638 1375; x_wconf 82' lang='lat' dir='ltr'><strong>angelus</strong></span> <span class='ocrx_word' id='word_1_85' title='bbox 677 1306 747 1361; x_wconf 91' lang='lat' dir='ltr'><strong>ab</strong></span> <span class='ocrx_word' id='word_1_86' title='bbox 781 1321 868 1363; x_wconf 89' lang='lat' dir='ltr'><strong>eo.</strong></span> <span class='ocrx_word' id='word_1_87' title='bbox 917 1304 983 1360; x_wconf 87' lang='lat' dir='ltr'><strong>Et</strong></span> <span class='ocrx_word' id='word_1_88' title='bbox 1020 1306 1218 1361; x_wconf 86' lang='lat' dir='ltr'><strong>Petrus</strong></span> <span class='ocrx_word' id='word_1_89' title='bbox 1266 1307 1335 1361; x_wconf 87' lang='lat' dir='ltr'><strong>ad</strong></span> <span class='ocrx_word' id='word_1_90' title='bbox 1370 1321 1430 1363; x_wconf 72' lang='lat' dir='ltr'><strong>se</strong></span> <span class='ocrx_word' id='word_1_91' title='bbox 1472 1323 1761 1368; x_wconf 83' lang='lat' dir='ltr'><strong>reversus.</strong></span> <span class='ocrx_word' id='word_1_92' title='bbox 1802 1306 1982 1363; x_wconf 88' lang='lat' dir='ltr'><strong>dixit:</strong></span> 
     </span>
    </p>
   </div>
   <div class='ocr_carea' id='block_1_15' title="bbox 411 1395 1983 1467">
    <p class='ocr_par' dir='ltr' id='par_1_15' title="bbox 411 1395 1983 1467">
     <span class='ocr_line' id='line_1_15' title="bbox 411 1395 1983 1467; baseline 0.001 -19"><span class='ocrx_word' id='word_1_93' title='bbox 411 1395 570 1449; x_wconf 85' lang='lat' dir='ltr'><strong>Nunc</strong></span> <span class='ocrx_word' id='word_1_94' title='bbox 594 1398 708 1450; x_wconf 89' lang='lat' dir='ltr'><strong>scio</strong></span> <span class='ocrx_word' id='word_1_95' title='bbox 730 1410 877 1460; x_wconf 84' lang='lat' dir='ltr'><strong>vere,</strong></span> <span class='ocrx_word' id='word_1_96' title='bbox 901 1396 1028 1465; x_wconf 85' lang='lat' dir='ltr'><strong>quia</strong></span> <span class='ocrx_word' id='word_1_97' title='bbox 1058 1396 1210 1451; x_wconf 87' lang='lat' dir='ltr'><strong>misit</strong></span> <span class='ocrx_word' id='word_1_98' title='bbox 1233 1395 1493 1452; x_wconf 84' lang='lat' dir='ltr'><strong>Dominus</strong></span> <span class='ocrx_word' id='word_1_99' title='bbox 1518 1397 1775 1467; x_wconf 78' lang='lat' dir='ltr'><strong>angelum</strong></span> <span class='ocrx_word' id='word_1_100' title='bbox 1800 1410 1983 1460; x_wconf 88' lang='lat' dir='ltr'><strong>suum,</strong></span> 
     </span>
    </p>
   </div>
   <div class='ocr_carea' id='block_1_16' title="bbox 412 1485 1986 1557">
    <p class='ocr_par' dir='ltr' id='par_1_16' title="bbox 412 1485 1986 1557">
     <span class='ocr_line' id='line_1_16' title="bbox 412 1485 1986 1557; baseline 0.001 -17"><span class='ocrx_word' id='word_1_101' title='bbox 412 1495 467 1540; x_wconf 89' lang='lat' dir='ltr'><strong>et</strong></span> <span class='ocrx_word' id='word_1_102' title='bbox 499 1486 698 1553; x_wconf 83' lang='lat' dir='ltr'><strong>eripuit</strong></span> <span class='ocrx_word' id='word_1_103' title='bbox 730 1502 817 1542; x_wconf 90' lang='lat' dir='ltr'><strong>me</strong></span> <span class='ocrx_word' id='word_1_104' title='bbox 844 1485 913 1555; x_wconf 89' lang='lat' dir='ltr'><strong>de</strong></span> <span class='ocrx_word' id='word_1_105' title='bbox 946 1501 1113 1540; x_wconf 86' lang='lat' dir='ltr'><strong>manu</strong></span> <span class='ocrx_word' id='word_1_106' title='bbox 1140 1487 1396 1555; x_wconf 82' lang='lat' dir='ltr'><strong>Herodis,</strong></span> <span class='ocrx_word' id='word_1_107' title='bbox 1435 1496 1489 1544; x_wconf 88' lang='lat' dir='ltr'><strong>et</strong></span> <span class='ocrx_word' id='word_1_108' title='bbox 1518 1487 1587 1544; x_wconf 87' lang='lat' dir='ltr'><strong>de</strong></span> <span class='ocrx_word' id='word_1_109' title='bbox 1612 1487 1765 1543; x_wconf 87' lang='lat' dir='ltr'><strong>omni</strong></span> <span class='ocrx_word' id='word_1_110' title='bbox 1793 1501 1986 1557; x_wconf 83' lang='lat' dir='ltr'><strong>exspe.</strong></span> 
     </span>
    </p>
   </div>
   <div class='ocr_carea' id='block_1_17' title="bbox 414 1574 1227 1648">
    <p class='ocr_par' dir='ltr' id='par_1_17' title="bbox 414 1574 1227 1648">
     <span class='ocr_line' id='line_1_17' title="bbox 414 1574 1227 1648; baseline 0.004 -17"><span class='ocrx_word' id='word_1_111' title='bbox 414 1575 656 1633; x_wconf 89' lang='lat' dir='ltr'><strong>ctatione</strong></span> <span class='ocrx_word' id='word_1_112' title='bbox 689 1575 867 1648; x_wconf 84' lang='lat' dir='ltr'><strong>plebis</strong></span> <span class='ocrx_word' id='word_1_113' title='bbox 891 1574 1227 1634; x_wconf 65' lang='lat' dir='ltr'><strong>Judaeorum.</strong></span> 
     </span>
    </p>
   </div>
   <div class='ocr_carea' id='block_1_18' title="bbox 920 1851 1484 1910">
    <p class='ocr_par' dir='ltr' id='par_1_18' title="bbox 920 1851 1484 1910">
     <span class='ocr_line' id='line_1_18' title="bbox 920 1851 1484 1910; baseline 0 0"><span class='ocrx_word' id='word_1_114' title='bbox 920 1851 1484 1910; x_wconf 70' lang='lat' dir='ltr'><strong>COMMENTARIUS.</strong></span> 
     </span>
    </p>
   </div>
   <div class='ocr_carea' id='block_1_19' title="bbox 485 1943 1983 2015">
    <p class='ocr_par' dir='ltr' id='par_1_19' title="bbox 485 1943 1983 2015">
     <span class='ocr_line' id='line_1_19' title="bbox 485 1943 1983 2015; baseline 0.002 -16"><span class='ocrx_word' id='word_1_115' title='bbox 485 1943 725 2015; x_wconf 82' lang='lat' dir='ltr'><strong>Tempus</strong></span> <span class='ocrx_word' id='word_1_116' title='bbox 750 1946 881 2003; x_wconf 87' lang='lat' dir='ltr'><strong>illud</strong></span> <span class='ocrx_word' id='word_1_117' title='bbox 907 1946 1177 2015; x_wconf 83' lang='lat' dir='ltr'><strong>designat,</strong></span> <span class='ocrx_word' id='word_1_118' title='bbox 1205 1946 1349 2015; x_wconf 89' lang='lat' dir='ltr'><strong>quod</strong></span> <span class='ocrx_word' id='word_1_119' title='bbox 1377 1945 1603 2000; x_wconf 85' lang='lat' dir='ltr'><strong>Claudio</strong></span> <span class='ocrx_word' id='word_1_120' title='bbox 1633 1947 1849 2003; x_wconf 71' lang='lat' dir='ltr'><strong>Cmsare</strong></span> <span class='ocrx_word' id='word_1_121' title='bbox 1876 1947 1983 2003; x_wconf 89' lang='lat' dir='ltr'><strong>im-</strong></span> 
     </span>
    </p>
   </div>
   <div class='ocr_carea' id='block_1_20' title="bbox 412 2035 1983 2111">
    <p class='ocr_par' dir='ltr' id='par_1_20' title="bbox 412 2035 1983 2111">
     <span class='ocr_line' id='line_1_20' title="bbox 412 2035 1983 2111; baseline 0.004 -23"><span class='ocrx_word' id='word_1_122' title='bbox 412 2044 637 2104; x_wconf 85' lang='lat' dir='ltr'><strong>perante</strong></span> <span class='ocrx_word' id='word_1_123' title='bbox 673 2036 1016 2092; x_wconf 80' lang='lat' dir='ltr'><strong>decurrebat.</strong></span> <span class='ocrx_word' id='word_1_124' title='bbox 1043 2035 1208 2091; x_wconf 86' lang='lat' dir='ltr'><strong>Caius</strong></span> <span class='ocrx_word' id='word_1_125' title='bbox 1231 2038 1375 2091; x_wconf 90' lang='lat' dir='ltr'><strong>enim</strong></span> <span class='ocrx_word' id='word_1_126' title='bbox 1407 2036 1778 2094; x_wconf 72' lang='lat' dir='ltr'><strong>Bonnanorum</strong></span> <span class='ocrx_word' id='word_1_127' title='bbox 1813 2039 1983 2111; x_wconf 89' lang='lat' dir='ltr'><strong>impe-</strong></span> 
     </span>
    </p>
   </div>
   <div class='ocr_carea' id='block_1_21' title="bbox 412 2124 1981 2196">
    <p class='ocr_par' dir='ltr' id='par_1_21' title="bbox 412 2124 1981 2196">
     <span class='ocr_line' id='line_1_21' title="bbox 412 2124 1981 2196; baseline 0.004 -16"><span class='ocrx_word' id='word_1_128' title='bbox 412 2134 566 2180; x_wconf 86' lang='lat' dir='ltr'><strong>rator</strong></span> <span class='ocrx_word' id='word_1_129' title='bbox 614 2127 905 2196; x_wconf 75' lang='lat' dir='ltr'><strong>Agrippam</strong></span> <span class='ocrx_word' id='word_1_130' title='bbox 939 2124 1141 2181; x_wconf 63' lang='lat' dir='ltr'><strong>Judaaze</strong></span> <span class='ocrx_word' id='word_1_131' title='bbox 1185 2142 1365 2196; x_wconf 85' lang='lat' dir='ltr'><strong>regem</strong></span> <span class='ocrx_word' id='word_1_132' title='bbox 1406 2129 1725 2194; x_wconf 86' lang='lat' dir='ltr'><strong>constituit,</strong></span> <span class='ocrx_word' id='word_1_133' title='bbox 1770 2127 1981 2186; x_wconf 74' lang='lat' dir='ltr'><strong>Herode</strong></span> 
     </span>
    </p>
   </div>
   <div class='ocr_carea' id='block_1_22' title="bbox 413 2217 1984 2291">
    <p class='ocr_par' dir='ltr' id='par_1_22' title="bbox 413 2217 1984 2291">
     <span class='ocr_line' id='line_1_22' title="bbox 413 2217 1984 2291; baseline 0.002 -19"><span class='ocrx_word' id='word_1_134' title='bbox 413 2217 574 2288; x_wconf 72' lang='lat'><strong>253</strong></span> <span class='ocrx_word' id='word_1_135' title='bbox 597 2218 666 2272; x_wconf 92' lang='lat' dir='ltr'><strong>oh</strong></span> <span class='ocrx_word' id='word_1_136' title='bbox 690 2217 809 2287; x_wconf 83' lang='lat' dir='ltr'><strong>ejus</strong></span> <span class='ocrx_word' id='word_1_137' title='bbox 829 2217 952 2272; x_wconf 66' lang='lat' dir='ltr'><strong>vitae</strong></span> <span class='ocrx_word' id='word_1_138' title='bbox 975 2218 1374 2287; x_wconf 83' lang='lat' dir='ltr'><strong>turpitudinem</strong></span> <span class='ocrx_word' id='word_1_139' title='bbox 1408 2217 1460 2277; x_wconf 89' lang='lat' dir='ltr'><strong>in</strong></span> <span class='ocrx_word' id='word_1_140' title='bbox 1483 2219 1735 2274; x_wconf 80' lang='lat' dir='ltr'><strong>exsilium</strong></span> <span class='ocrx_word' id='word_1_141' title='bbox 1766 2219 1984 2291; x_wconf 86' lang='lat' dir='ltr'><strong>Lugdu-</strong></span> 
     </span>
    </p>
   </div>
   <div class='ocr_carea' id='block_1_23' title="bbox 417 2306 1981 2387">
    <p class='ocr_par' dir='ltr' id='par_1_23' title="bbox 417 2306 1981 2387">
     <span class='ocr_line' id='line_1_23' title="bbox 417 2306 1981 2387; baseline 0.003 -25"><span class='ocrx_word' id='word_1_142' title='bbox 417 2325 547 2363; x_wconf 89' lang='lat' dir='ltr'><strong>num</strong></span> <span class='ocrx_word' id='word_1_143' title='bbox 589 2306 776 2364; x_wconf 65' lang='lat' dir='ltr'><strong>Callia:</strong></span> <span class='ocrx_word' id='word_1_144' title='bbox 802 2308 997 2373; x_wconf 88' lang='lat' dir='ltr'><strong>misso,</strong></span> <span class='ocrx_word' id='word_1_145' title='bbox 1031 2324 1139 2365; x_wconf 90' lang='lat' dir='ltr'><strong>una</strong></span> <span class='ocrx_word' id='word_1_146' title='bbox 1169 2324 1291 2387; x_wconf 71' lang='lat' dir='ltr'><strong>cum</strong></span> <span class='ocrx_word' id='word_1_147' title='bbox 1324 2326 1492 2367; x_wconf 88' lang='lat' dir='ltr'><strong>uxore</strong></span> <span class='ocrx_word' id='word_1_148' title='bbox 1525 2309 1850 2369; x_wconf 77' lang='lat' dir='ltr'><strong>iierodiade.</strong></span> <span class='ocrx_word' id='word_1_149' title='bbox 1883 2310 1981 2367; x_wconf 87' lang='lat' dir='ltr'><strong>llic</strong></span> 
     </span>
    </p>
   </div>
   <div class='ocr_carea' id='block_1_24' title="bbox 414 2399 1982 2474">
    <p class='ocr_par' dir='ltr' id='par_1_24' title="bbox 414 2399 1982 2474">
     <span class='ocr_line' id='line_1_24' title="bbox 414 2399 1982 2474; baseline 0.004 -21"><span class='ocrx_word' id='word_1_150' title='bbox 414 2414 525 2453; x_wconf 90' lang='lat' dir='ltr'><strong>non</strong></span> <span class='ocrx_word' id='word_1_151' title='bbox 563 2409 648 2455; x_wconf 89' lang='lat' dir='ltr'><strong>est</strong></span> <span class='ocrx_word' id='word_1_152' title='bbox 679 2400 789 2469; x_wconf 84' lang='lat' dir='ltr'><strong>(l8)</strong></span> <span class='ocrx_word' id='word_1_153' title='bbox 830 2399 1074 2456; x_wconf 88' lang='lat' dir='ltr'><strong>llerodes</strong></span> <span class='ocrx_word' id='word_1_154' title='bbox 1121 2401 1247 2465; x_wconf 89' lang='lat' dir='ltr'><strong>ille,</strong></span> <span class='ocrx_word' id='word_1_155' title='bbox 1285 2401 1378 2472; x_wconf 91' lang='lat' dir='ltr'><strong>qui</strong></span> <span class='ocrx_word' id='word_1_156' title='bbox 1423 2402 1687 2472; x_wconf 74' lang='lat' dir='ltr'><strong>regnabat</strong></span> <span class='ocrx_word' id='word_1_157' title='bbox 1735 2410 1982 2474; x_wconf 87' lang='lat' dir='ltr'><strong>tempore</strong></span> 
     </span>
    </p>
   </div>
   <div class='ocr_carea' id='block_1_25' title="bbox 422 2485 1981 2563">
    <p class='ocr_par' dir='ltr' id='par_1_25' title="bbox 422 2485 1981 2563">
     <span class='ocr_line' id='line_1_25' title="bbox 422 2485 1981 2563; baseline 0.008 -26"><span class='ocrx_word' id='word_1_158' title='bbox 422 2486 698 2555; x_wconf 84' lang='lat' dir='ltr'><strong>passionis</strong></span> <span class='ocrx_word' id='word_1_159' title='bbox 759 2485 1014 2554; x_wconf 86' lang='lat' dir='ltr'><strong>Domini,</strong></span> <span class='ocrx_word' id='word_1_160' title='bbox 1084 2488 1152 2544; x_wconf 88' lang='lat' dir='ltr'><strong>de</strong></span> <span class='ocrx_word' id='word_1_161' title='bbox 1213 2505 1323 2561; x_wconf 92' lang='lat' dir='ltr'><strong>quo</strong></span> <span class='ocrx_word' id='word_1_162' title='bbox 1395 2490 1639 2560; x_wconf 86' lang='lat' dir='ltr'><strong>loquitur</strong></span> <span class='ocrx_word' id='word_1_163' title='bbox 1709 2490 1981 2563; x_wconf 88' lang='lat' dir='ltr'><strong>Josepbus</strong></span> 
     </span>
    </p>
   </div>
   <div class='ocr_carea' id='block_1_26' title="bbox 412 2578 1980 2650">
    <p class='ocr_par' dir='ltr' id='par_1_26' title="bbox 412 2578 1980 2650">
     <span class='ocr_line' id='line_1_26' title="bbox 412 2578 1980 2650; baseline 0.008 -20"><span class='ocrx_word' id='word_1_164' title='bbox 412 2578 551 2631; x_wconf 83' lang='lat' dir='ltr'><strong>libro</strong></span> <span class='ocrx_word' id='word_1_165' title='bbox 615 2593 742 2634; x_wconf 82' lang='lat' dir='ltr'><strong>xvm</strong></span> <span class='ocrx_word' id='word_1_166' title='bbox 819 2578 1246 2650; x_wconf 80' lang='lat' dir='ltr'><strong>Antiquitatum&#39;,</strong></span> <span class='ocrx_word' id='word_1_167' title='bbox 1314 2592 1370 2638; x_wconf 91' lang='lat' dir='ltr'><strong>et</strong></span> <span class='ocrx_word' id='word_1_168' title='bbox 1433 2581 1702 2639; x_wconf 76' lang='lat' dir='ltr'><strong>Eusebius</strong></span> <span class='ocrx_word' id='word_1_169' title='bbox 1763 2584 1858 2641; x_wconf 91' lang='lat' dir='ltr'><strong>lib.</strong></span> <span class='ocrx_word' id='word_1_170' title='bbox 1938 2601 1980 2643; x_wconf 78' lang='grc' dir='ltr'><strong>ιι</strong></span> 
     </span>
    </p>
   </div>
   <div class='ocr_carea' id='block_1_27' title="bbox 415 2668 1980 2744">
    <p class='ocr_par' dir='ltr' id='par_1_27' title="bbox 415 2668 1980 2744">
     <span class='ocr_line' id='line_1_27' title="bbox 415 2668 1980 2744; baseline 0.006 -21"><span class='ocrx_word' id='word_1_171' title='bbox 415 2668 670 2727; x_wconf 63' lang='lat' dir='ltr'><strong>Historia</strong></span> <span class='ocrx_word' id='word_1_172' title='bbox 725 2672 1119 2729; x_wconf 68' lang='lat' dir='ltr'><strong>ecclesiasticae.</strong></span> <span class='ocrx_word' id='word_1_173' title='bbox 1166 2671 1262 2728; x_wconf 78' lang='lat' dir='ltr'><strong>Vel</strong></span> <span class='ocrx_word' id='word_1_174' title='bbox 1301 2674 1467 2744; x_wconf 79' lang='lat' dir='ltr'><strong>igitur</strong></span> <span class='ocrx_word' id='word_1_175' title='bbox 1497 2675 1586 2730; x_wconf 89' lang='lat' dir='ltr'><strong>hic</strong></span> <span class='ocrx_word' id='word_1_176' title='bbox 1622 2678 1980 2734; x_wconf 87' lang='lat' dir='ltr'><strong>commutatio</strong></span> 
     </span>
    </p>
   </div>
   <div class='ocr_carea' id='block_1_28' title="bbox 412 2761 1983 2840">
    <p class='ocr_par' dir='ltr' id='par_1_28' title="bbox 412 2761 1983 2840">
     <span class='ocr_line' id='line_1_28' title="bbox 412 2761 1983 2840; baseline 0.007 -27"><span class='ocrx_word' id='word_1_177' title='bbox 412 2769 496 2814; x_wconf 84' lang='lat' dir='ltr'><strong>est</strong></span> <span class='ocrx_word' id='word_1_178' title='bbox 523 2761 782 2826; x_wconf 88' lang='lat' dir='ltr'><strong>nominis,</strong></span> <span class='ocrx_word' id='word_1_179' title='bbox 832 2772 892 2818; x_wconf 88' lang='lat' dir='ltr'><strong>ut</strong></span> <span class='ocrx_word' id='word_1_180' title='bbox 934 2764 1143 2820; x_wconf 84' lang='lat' dir='ltr'><strong>scilicet</strong></span> <span class='ocrx_word' id='word_1_181' title='bbox 1191 2764 1434 2822; x_wconf 79' lang='lat' dir='ltr'><strong>Herodes</strong></span> <span class='ocrx_word' id='word_1_182' title='bbox 1482 2766 1554 2822; x_wconf 90' lang='lat' dir='ltr'><strong>sit</strong></span> <span class='ocrx_word' id='word_1_183' title='bbox 1602 2782 1701 2836; x_wconf 89' lang='lat' dir='ltr'><strong>pro</strong></span> <span class='ocrx_word' id='word_1_184' title='bbox 1740 2768 1983 2840; x_wconf 85' lang='lat' dir='ltr'><strong>Agrippa</strong></span> 
     </span>
    </p>
   </div>
   <div class='ocr_carea' id='block_1_29' title="bbox 412 2855 1981 2926">
    <p class='ocr_par' dir='ltr' id='par_1_29' title="bbox 412 2855 1981 2926">
     <span class='ocr_line' id='line_1_29' title="bbox 412 2855 1981 2926; baseline 0.007 -20"><span class='ocrx_word' id='word_1_185' title='bbox 412 2855 646 2922; x_wconf 87' lang='lat' dir='ltr'><strong>positum</strong></span> <span class='ocrx_word' id='word_1_186' title='bbox 673 2870 687 2908; x_wconf 94' lang='lat'>:</span> <span class='ocrx_word' id='word_1_187' title='bbox 716 2855 800 2910; x_wconf 89' lang='lat' dir='ltr'><strong>vel</strong></span> <span class='ocrx_word' id='word_1_188' title='bbox 829 2856 1016 2926; x_wconf 82' lang='lat' dir='ltr'><strong>lapsus</strong></span> <span class='ocrx_word' id='word_1_189' title='bbox 1044 2864 1127 2912; x_wconf 88' lang='lat' dir='ltr'><strong>est</strong></span> <span class='ocrx_word' id='word_1_190' title='bbox 1158 2857 1378 2920; x_wconf 83' lang='lat' dir='ltr'><strong>calami,</strong></span> <span class='ocrx_word' id='word_1_191' title='bbox 1404 2865 1462 2912; x_wconf 91' lang='lat' dir='ltr'><strong>ut</strong></span> <span class='ocrx_word' id='word_1_192' title='bbox 1496 2859 1794 2916; x_wconf 79' lang='lat' dir='ltr'><strong>verisimile</strong></span> <span class='ocrx_word' id='word_1_193' title='bbox 1826 2860 1981 2917; x_wconf 86' lang='lat' dir='ltr'><strong>vide-</strong></span> 
     </span>
    </p>
   </div>
   <div class='ocr_carea' id='block_1_30' title="bbox 412 2945 1983 3015">
    <p class='ocr_par' dir='ltr' id='par_1_30' title="bbox 412 2945 1983 3015">
     <span class='ocr_line' id='line_1_30' title="bbox 412 2945 1983 3015; baseline 0.008 -20"><span class='ocrx_word' id='word_1_194' title='bbox 412 2952 542 3001; x_wconf 88' lang='lat' dir='ltr'><strong>tur:</strong></span> <span class='ocrx_word' id='word_1_195' title='bbox 580 2945 661 2998; x_wconf 87' lang='lat' dir='ltr'><strong>vel</strong></span> <span class='ocrx_word' id='word_1_196' title='bbox 695 2945 766 2999; x_wconf 86' lang='lat' dir='ltr'><strong>ita</strong></span> <span class='ocrx_word' id='word_1_197' title='bbox 796 2946 1006 3000; x_wconf 90' lang='lat' dir='ltr'><strong>dictum</strong></span> <span class='ocrx_word' id='word_1_198' title='bbox 1039 2955 1145 3013; x_wconf 88' lang='lat' dir='ltr'><strong>est,</strong></span> <span class='ocrx_word' id='word_1_199' title='bbox 1175 2948 1321 3015; x_wconf 89' lang='lat' dir='ltr'><strong>quod</strong></span> <span class='ocrx_word' id='word_1_200' title='bbox 1357 2962 1453 3002; x_wconf 89' lang='lat' dir='ltr'><strong>rex</strong></span> <span class='ocrx_word' id='word_1_201' title='bbox 1495 2948 1587 3004; x_wconf 87' lang='lat' dir='ltr'><strong>ille</strong></span> <span class='ocrx_word' id='word_1_202' title='bbox 1614 2949 1723 3005; x_wconf 87' lang='lat' dir='ltr'><strong>duo</strong></span> <span class='ocrx_word' id='word_1_203' title='bbox 1760 2952 1983 3007; x_wconf 87' lang='lat' dir='ltr'><strong>haberet</strong></span> 
     </span>
    </p>
   </div>
   <div class='ocr_carea' id='block_1_31' title="bbox 412 3031 1979 3108">
    <p class='ocr_par' dir='ltr' id='par_1_31' title="bbox 412 3031 1979 3108">
     <span class='ocr_line' id='line_1_31' title="bbox 412 3031 1979 3108; baseline 0.006 -22"><span class='ocrx_word' id='word_1_204' title='bbox 412 3031 677 3099; x_wconf 72' lang='lat' dir='ltr'><strong>inomina;</strong></span> <span class='ocrx_word' id='word_1_205' title='bbox 709 3047 834 3087; x_wconf 90' lang='lat' dir='ltr'><strong>nam</strong></span> <span class='ocrx_word' id='word_1_206' title='bbox 867 3034 1088 3089; x_wconf 86' lang='lat' dir='ltr'><strong>aliunde</strong></span> <span class='ocrx_word' id='word_1_207' title='bbox 1112 3044 1165 3090; x_wconf 88' lang='lat' dir='ltr'><strong>et</strong></span> <span class='ocrx_word' id='word_1_208' title='bbox 1192 3043 1407 3106; x_wconf 86' lang='lat' dir='ltr'><strong>tempus</strong></span> <span class='ocrx_word' id='word_1_209' title='bbox 1436 3045 1489 3091; x_wconf 91' lang='lat' dir='ltr'><strong>et</strong></span> <span class='ocrx_word' id='word_1_210' title='bbox 1514 3047 1637 3093; x_wconf 80' lang='lat' dir='ltr'><strong>acta</strong></span> <span class='ocrx_word' id='word_1_211' title='bbox 1659 3040 1979 3108; x_wconf 88' lang='lat' dir='ltr'><strong>ostendunt,</strong></span> 
     </span>
    </p>
   </div>
   <div class='ocr_carea' id='block_1_32' title="bbox 411 3123 1978 3203">
    <p class='ocr_par' dir='ltr' id='par_1_32' title="bbox 411 3123 1978 3203">
     <span class='ocr_line' id='line_1_32' title="bbox 411 3123 1978 3203; baseline 0.008 -27"><span class='ocrx_word' id='word_1_212' title='bbox 411 3124 660 3178; x_wconf 84' lang='lat' dir='ltr'><strong>eumdem</strong></span> <span class='ocrx_word' id='word_1_213' title='bbox 697 3123 868 3179; x_wconf 79' lang='lat' dir='ltr'><strong>fuisse</strong></span> <span class='ocrx_word' id='word_1_214' title='bbox 892 3124 1184 3195; x_wconf 73' lang='lat' dir='ltr'><strong>Agrippam</strong></span> <span class='ocrx_word' id='word_1_215' title='bbox 1220 3127 1324 3183; x_wconf 88' lang='lat' dir='ltr'><strong>sub</strong></span> <span class='ocrx_word' id='word_1_216' title='bbox 1359 3128 1587 3183; x_wconf 84' lang='lat' dir='ltr'><strong>Claudio</strong></span> <span class='ocrx_word' id='word_1_217' title='bbox 1617 3130 1852 3199; x_wconf 66' lang='lat' dir='ltr'><strong>Caesare,</strong></span> <span class='ocrx_word' id='word_1_218' title='bbox 1883 3134 1978 3203; x_wconf 87' lang='lat' dir='ltr'><strong>qui</strong></span> 
     </span>
    </p>
   </div>
   <div class='ocr_carea' id='block_1_33' title="bbox 414 3212 1980 3291">
    <p class='ocr_par' dir='ltr' id='par_1_33' title="bbox 414 3212 1980 3291">
     <span class='ocr_line' id='line_1_33' title="bbox 414 3212 1980 3291; baseline 0.009 -25"><span class='ocrx_word' id='word_1_219' title='bbox 414 3221 538 3284; x_wconf 89' lang='lat' dir='ltr'><strong>post</strong></span> <span class='ocrx_word' id='word_1_220' title='bbox 575 3213 765 3269; x_wconf 84' lang='lat' dir='ltr'><strong>Caium</strong></span> <span class='ocrx_word' id='word_1_221' title='bbox 807 3212 1178 3279; x_wconf 76' lang='lat' dir='ltr'><strong>Romanorum</strong></span> <span class='ocrx_word' id='word_1_222' title='bbox 1220 3218 1322 3275; x_wconf 79' lang='lat' dir='ltr'><strong>fuit</strong></span> <span class='ocrx_word' id='word_1_223' title='bbox 1362 3220 1677 3291; x_wconf 87' lang='lat' dir='ltr'><strong>imperator.</strong></span> <span class='ocrx_word' id='word_1_224' title='bbox 1716 3242 1736 3276; x_wconf 83' lang='grc' dir='ltr'><strong>ι</strong></span> <span class='ocrx_word' id='word_1_225' title='bbox 1768 3222 1980 3281; x_wconf 75' lang='lat' dir='ltr'><strong>Occidit</strong></span> 
     </span>
    </p>
   </div>
   <div class='ocr_carea' id='block_1_34' title="bbox 411 3303 1980 3381">
    <p class='ocr_par' dir='ltr' id='par_1_34' title="bbox 411 3303 1980 3381">
     <span class='ocr_line' id='line_1_34' title="bbox 411 3303 1980 3381; baseline 0.006 -20"><span class='ocrx_word' id='word_1_226' title='bbox 411 3313 617 3363; x_wconf 85' lang='lat' dir='ltr'><strong>autem.</strong></span> <span class='ocrx_word' id='word_1_227' title='bbox 663 3322 683 3358; x_wconf 78' lang='grc' dir='ltr'><strong>ι</strong></span> <span class='ocrx_word' id='word_1_228' title='bbox 728 3303 808 3361; x_wconf 85' lang='lat' dir='ltr'><strong>Ne</strong></span> <span class='ocrx_word' id='word_1_229' title='bbox 853 3306 977 3377; x_wconf 85' lang='lat' dir='ltr'><strong>quis</strong></span> <span class='ocrx_word' id='word_1_230' title='bbox 1023 3308 1264 3374; x_wconf 87' lang='lat' dir='ltr'><strong>diceret,</strong></span> <span class='ocrx_word' id='word_1_231' title='bbox 1310 3323 1596 3381; x_wconf 88' lang='lat' dir='ltr'><strong>propterea</strong></span> <span class='ocrx_word' id='word_1_232' title='bbox 1638 3313 1980 3371; x_wconf 79' lang='lat' dir='ltr'><strong>Christianos</strong></span> 
     </span>
    </p>
   </div>
   <div class='ocr_carea' id='block_1_35' title="bbox 416 3383 1983 3469">
    <p class='ocr_par' dir='ltr' id='par_1_35' title="bbox 416 3383 1983 3469">
     <span class='ocr_line' id='line_1_35' title="bbox 416 3383 1983 3469; baseline 0.007 -20"><span class='ocrx_word' id='word_1_233' title='bbox 416 3404 642 3452; x_wconf 83' lang='lat' dir='ltr'><strong>mortem</strong></span> <span class='ocrx_word' id='word_1_234' title='bbox 675 3412 784 3453; x_wconf 88' lang='lat' dir='ltr'><strong>non</strong></span> <span class='ocrx_word' id='word_1_235' title='bbox 817 3397 1045 3465; x_wconf 81' lang='lat' dir='ltr'><strong>timere,</strong></span> <span class='ocrx_word' id='word_1_236' title='bbox 1080 3401 1225 3469; x_wconf 84' lang='lat' dir='ltr'><strong>quod</strong></span> <span class='ocrx_word' id='word_1_237' title='bbox 1257 3403 1391 3456; x_wconf 88' lang='lat' dir='ltr'><strong>certi</strong></span> <span class='ocrx_word' id='word_1_238' title='bbox 1423 3413 1627 3469; x_wconf 85' lang='lat' dir='ltr'><strong>essent,</strong></span> <span class='ocrx_word' id='word_1_239' title='bbox 1660 3420 1782 3460; x_wconf 86' lang='lat' dir='ltr'><strong>sese</strong></span> <span class='ocrx_word' id='word_1_240' title='bbox 1807 3421 1838 3461; x_wconf 75' lang='grc' dir='ltr'>ει</span> <span class='ocrx_word' id='word_1_241' title='bbox 1869 3383 1983 3462; x_wconf 81' lang='lat' dir='ltr'><strong>Deo</strong></span> 
     </span>
    </p>
   </div>
   <div class='ocr_carea' id='block_1_36' title="bbox 412 3490 1982 3573">
    <p class='ocr_par' dir='ltr' id='par_1_36' title="bbox 412 3490 1982 3573">
     <span class='ocr_line' id='line_1_36' title="bbox 412 3490 1982 3573; baseline 0.006 -24"><span class='ocrx_word' id='word_1_242' title='bbox 412 3490 724 3561; x_wconf 82' lang='lat' dir='ltr'><strong>eripiendos</strong></span> <span class='ocrx_word' id='word_1_243' title='bbox 769 3490 921 3560; x_wconf 70' lang='lat' dir='ltr'><strong>fore,</strong></span> <span class='ocrx_word' id='word_1_244' title='bbox 965 3493 1173 3550; x_wconf 89' lang='lat' dir='ltr'><strong>idcirco</strong></span> <span class='ocrx_word' id='word_1_245' title='bbox 1214 3495 1361 3554; x_wconf 87' lang='lat' dir='ltr'><strong>Deus</strong></span> <span class='ocrx_word' id='word_1_246' title='bbox 1400 3514 1587 3555; x_wconf 91' lang='lat' dir='ltr'><strong>eorum</strong></span> <span class='ocrx_word' id='word_1_247' title='bbox 1630 3501 1877 3573; x_wconf 82' lang='lat' dir='ltr'><strong>aliquos,</strong></span> <span class='ocrx_word' id='word_1_248' title='bbox 1927 3510 1982 3558; x_wconf 91' lang='lat' dir='ltr'><strong>et</strong></span> 
     </span>
    </p>
   </div>
   <div class='ocr_carea' id='block_1_37' title="bbox 410 3580 1981 3655">
    <p class='ocr_par' dir='ltr' id='par_1_37' title="bbox 410 3580 1981 3655">
     <span class='ocr_line' id='line_1_37' title="bbox 410 3580 1981 3655; baseline 0.008 -21"><span class='ocrx_word' id='word_1_249' title='bbox 410 3580 628 3650; x_wconf 81' lang='lat' dir='ltr'><strong>quidem</strong></span> <span class='ocrx_word' id='word_1_250' title='bbox 662 3583 996 3652; x_wconf 69' lang='lat' dir='ltr'><strong>prmciptios,</strong></span> <span class='ocrx_word' id='word_1_251' title='bbox 1033 3587 1225 3654; x_wconf 89' lang='lat' dir='ltr'><strong>perimi</strong></span> <span class='ocrx_word' id='word_1_252' title='bbox 1261 3588 1429 3655; x_wconf 89' lang='lat' dir='ltr'><strong>sinit,</strong></span> <span class='ocrx_word' id='word_1_253' title='bbox 1464 3600 1524 3646; x_wconf 90' lang='lat' dir='ltr'><strong>nt</strong></span> <span class='ocrx_word' id='word_1_254' title='bbox 1555 3591 1634 3646; x_wconf 87' lang='lat' dir='ltr'><strong>sic</strong></span> <span class='ocrx_word' id='word_1_255' title='bbox 1667 3591 1981 3647; x_wconf 86' lang='lat' dir='ltr'><strong>ostenderet</strong></span> 
     </span>
    </p>
   </div>
   <div class='ocr_carea' id='block_1_38' title="bbox 411 3670 1981 3746">
    <p class='ocr_par' dir='ltr' id='par_1_38' title="bbox 411 3670 1981 3746">
     <span class='ocr_line' id='line_1_38' title="bbox 411 3670 1981 3746; baseline 0.009 -22"><span class='ocrx_word' id='word_1_256' title='bbox 411 3670 545 3739; x_wconf 88' lang='lat' dir='ltr'><strong>ipsis</strong></span> <span class='ocrx_word' id='word_1_257' title='bbox 574 3672 940 3739; x_wconf 86' lang='lat' dir='ltr'><strong>occisoribus,</strong></span> <span class='ocrx_word' id='word_1_258' title='bbox 975 3689 1072 3730; x_wconf 89' lang='lat' dir='ltr'><strong>eos</strong></span> <span class='ocrx_word' id='word_1_259' title='bbox 1104 3692 1282 3746; x_wconf 85' lang='lat' dir='ltr'><strong>neque</strong></span> <span class='ocrx_word' id='word_1_260' title='bbox 1314 3678 1414 3733; x_wconf 89' lang='lat' dir='ltr'><strong>hac</strong></span> <span class='ocrx_word' id='word_1_261' title='bbox 1449 3682 1663 3736; x_wconf 88' lang='lat' dir='ltr'><strong>ratione</strong></span> <span class='ocrx_word' id='word_1_262' title='bbox 1701 3683 1770 3737; x_wconf 89' lang='lat' dir='ltr'><strong>ah</strong></span> <span class='ocrx_word' id='word_1_263' title='bbox 1801 3682 1981 3737; x_wconf 76' lang='lat' dir='ltr'><strong>ofﬁcio</strong></span> 
     </span>
    </p>
   </div>
   <div class='ocr_carea' id='block_1_39' title="bbox 412 3764 1975 3841">
    <p class='ocr_par' dir='ltr' id='par_1_39' title="bbox 412 3764 1975 3841">
     <span class='ocr_line' id='line_1_39' title="bbox 412 3764 1975 3841; baseline 0.01 -28"><span class='ocrx_word' id='word_1_264' title='bbox 412 3777 512 3815; x_wconf 91' lang='lat' dir='ltr'><strong>suo</strong></span> <span class='ocrx_word' id='word_1_265' title='bbox 551 3764 805 3830; x_wconf 80' lang='lat' dir='ltr'><strong>avocari,</strong></span> <span class='ocrx_word' id='word_1_266' title='bbox 856 3773 951 3820; x_wconf 88' lang='lat' dir='ltr'><strong>aut</strong></span> <span class='ocrx_word' id='word_1_267' title='bbox 997 3768 1274 3837; x_wconf 89' lang='lat' dir='ltr'><strong>prohiberi</strong></span> <span class='ocrx_word' id='word_1_268' title='bbox 1323 3786 1506 3841; x_wconf 80' lang='lat' dir='ltr'><strong>posse.</strong></span> <span class='ocrx_word' id='word_1_269' title='bbox 1562 3791 1581 3824; x_wconf 75' lang='grc' dir='ltr'><strong>ι</strong></span> <span class='ocrx_word' id='word_1_270' title='bbox 1642 3772 1907 3831; x_wconf 87' lang='lat' dir='ltr'><strong>Tradens.</strong></span> <span class='ocrx_word' id='word_1_271' title='bbox 1954 3794 1975 3829; x_wconf 76' lang='grc' dir='ltr'><strong>ι</strong></span> 
     </span>
    </p>
   </div>
   <div class='ocr_carea' id='block_1_40' title="bbox 412 3850 1982 3935">
    <p class='ocr_par' dir='ltr' id='par_1_40' title="bbox 412 3850 1982 3935">
     <span class='ocr_line' id='line_1_40' title="bbox 412 3850 1982 3935; baseline 0.01 -29"><span class='ocrx_word' id='word_1_272' title='bbox 412 3850 617 3925; x_wconf 84' lang='lat' dir='ltr'><strong>Nempe</strong></span> <span class='ocrx_word' id='word_1_273' title='bbox 663 3856 935 3911; x_wconf 79' lang='lat' dir='ltr'><strong>sexdecim</strong></span> <span class='ocrx_word' id='word_1_274' title='bbox 985 3874 1214 3915; x_wconf 89' lang='lat' dir='ltr'><strong>numero</strong></span> <span class='ocrx_word' id='word_1_275' title='bbox 1260 3878 1276 3915; x_wconf 90' lang='lat'><strong>:</strong></span> <span class='ocrx_word' id='word_1_276' title='bbox 1338 3876 1463 3915; x_wconf 87' lang='lat' dir='ltr'><strong>nam</strong></span> <span class='ocrx_word' id='word_1_277' title='bbox 1511 3871 1746 3932; x_wconf 85' lang='lat' dir='ltr'><strong>quatuor</strong></span> <span class='ocrx_word' id='word_1_278' title='bbox 1790 3876 1982 3935; x_wconf 86' lang='lat' dir='ltr'><strong>quater</strong></span> 
     </span>
    </p>
   </div>
   <div class='ocr_carea' id='block_1_41' title="bbox 414 3944 1990 4023">
    <p class='ocr_par' dir='ltr' id='par_1_41' title="bbox 414 3944 1990 4023">
     <span class='ocr_line' id='line_1_41' title="bbox 414 3944 1990 4023; baseline 0.007 -23"><span class='ocrx_word' id='word_1_279' title='bbox 414 3955 626 4015; x_wconf 86' lang='lat' dir='ltr'><strong>sumpta</strong></span> <span class='ocrx_word' id='word_1_280' title='bbox 649 3944 931 4001; x_wconf 82' lang='lat' dir='ltr'><strong>sexdecim</strong></span> <span class='ocrx_word' id='word_1_281' title='bbox 956 3948 1271 4004; x_wconf 77' lang='lat' dir='ltr'><strong>coniiciunt.</strong></span> <span class='ocrx_word' id='word_1_282' title='bbox 1300 3948 1555 4007; x_wconf 86' lang='lat' dir='ltr'><strong>Fortasse</strong></span> <span class='ocrx_word' id='word_1_283' title='bbox 1584 3953 1729 4007; x_wconf 82' lang='lat' dir='ltr'><strong>enim</strong></span> <span class='ocrx_word' id='word_1_284' title='bbox 1762 3954 1815 4008; x_wconf 93' lang='lat' dir='ltr'><strong>in</strong></span> <span class='ocrx_word' id='word_1_285' title='bbox 1846 3971 1990 4023; x_wconf 84' lang='lat' dir='ltr'><strong>una-_</strong></span> 
     </span>
    </p>
   </div>
   <div class='ocr_carea' id='block_1_42' title="bbox 413 4037 1981 4110">
    <p class='ocr_par' dir='ltr' id='par_1_42' title="bbox 413 4037 1981 4110">
     <span class='ocr_line' id='line_1_42' title="bbox 413 4037 1981 4110; baseline 0.008 -22"><span class='ocrx_word' id='word_1_286' title='bbox 413 4049 630 4104; x_wconf 89' lang='lat' dir='ltr'><strong>quaque</strong></span> <span class='ocrx_word' id='word_1_287' title='bbox 667 4037 868 4106; x_wconf 77' lang='lat' dir='ltr'><strong>vigilia,</strong></span> <span class='ocrx_word' id='word_1_288' title='bbox 896 4052 990 4093; x_wconf 86' lang='lat' dir='ltr'><strong>seu</strong></span> <span class='ocrx_word' id='word_1_289' title='bbox 1021 4039 1252 4107; x_wconf 83' lang='lat' dir='ltr'><strong>singulis</strong></span> <span class='ocrx_word' id='word_1_290' title='bbox 1285 4040 1463 4097; x_wconf 90' lang='lat' dir='ltr'><strong>tribus</strong></span> <span class='ocrx_word' id='word_1_291' title='bbox 1499 4041 1668 4110; x_wconf 87' lang='lat' dir='ltr'><strong>boris,</strong></span> <span class='ocrx_word' id='word_1_292' title='bbox 1701 4054 1857 4100; x_wconf 89' lang='lat' dir='ltr'><strong>erant</strong></span> <span class='ocrx_word' id='word_1_293' title='bbox 1883 4060 1981 4103; x_wconf 85' lang='lat' dir='ltr'><strong>cn-</strong></span> 
     </span>
    </p>
   </div>
   <div class='ocr_carea' id='block_1_43' title="bbox 414 4128 1981 4205">
    <p class='ocr_par' dir='ltr' id='par_1_43' title="bbox 414 4128 1981 4205">
     <span class='ocr_line' id='line_1_43' title="bbox 414 4128 1981 4205; baseline 0.01 -25"><span class='ocrx_word' id='word_1_294' title='bbox 414 4128 601 4181; x_wconf 73' lang='lat' dir='ltr'><strong>stodes</strong></span> <span class='ocrx_word' id='word_1_295' title='bbox 621 4133 895 4196; x_wconf 87' lang='lat' dir='ltr'><strong>quatuor;</strong></span> <span class='ocrx_word' id='word_1_296' title='bbox 932 4137 989 4184; x_wconf 88' lang='lat' dir='ltr'><strong>et</strong></span> <span class='ocrx_word' id='word_1_297' title='bbox 1015 4138 1247 4199; x_wconf 80' lang='lat' dir='ltr'><strong>quatuor</strong></span> <span class='ocrx_word' id='word_1_298' title='bbox 1281 4132 1540 4188; x_wconf 87' lang='lat' dir='ltr'><strong>custodes</strong></span> <span class='ocrx_word' id='word_1_299' title='bbox 1566 4150 1661 4205; x_wconf 78' lang='lat' dir='ltr'><strong>per</strong></span> <span class='ocrx_word' id='word_1_300' title='bbox 1695 4136 1859 4195; x_wconf 78' lang='lat' dir='ltr'><strong>trium</strong></span> <span class='ocrx_word' id='word_1_301' title='bbox 1886 4138 1981 4195; x_wconf 86' lang='lat' dir='ltr'><strong>ho-</strong></span> 
     </span>
    </p>
   </div>
   <div class='ocr_carea' id='block_1_44' title="bbox 414 4218 1982 4296">
    <p class='ocr_par' dir='ltr' id='par_1_44' title="bbox 414 4218 1982 4296">
     <span class='ocr_line' id='line_1_44' title="bbox 414 4218 1982 4296; baseline 0.013 -27"><span class='ocrx_word' id='word_1_302' title='bbox 414 4218 858 4289; x_wconf 76' lang='lat' dir='ltr'><strong>rarmu‘spatium</strong></span> <span class='ocrx_word' id='word_1_303' title='bbox 885 4221 1157 4289; x_wconf 87' lang='lat' dir='ltr'><strong>custodia,</strong></span> <span class='ocrx_word' id='word_1_304' title='bbox 1182 4224 1261 4277; x_wconf 84' lang='lat' dir='ltr'><strong>vel</strong></span> <span class='ocrx_word' id='word_1_305' title='bbox 1291 4224 1469 4296; x_wconf 75' lang='lat' dir='ltr'><strong>vigilia</strong></span> <span class='ocrx_word' id='word_1_306' title='bbox 1494 4226 1809 4288; x_wconf 82' lang='lat' dir='ltr'><strong>dicebatur:</strong></span> <span class='ocrx_word' id='word_1_307' title='bbox 1840 4232 1982 4289; x_wconf 85' lang='lat' dir='ltr'><strong>unde</strong></span> 
     </span>
    </p>
   </div>
   <div class='ocr_carea' id='block_1_45' title="bbox 411 4310 1985 4391">
    <p class='ocr_par' dir='ltr' id='par_1_45' title="bbox 411 4310 1985 4391">
     <span class='ocr_line' id='line_1_45' title="bbox 411 4310 1985 4391; baseline 0.01 -26"><span class='ocrx_word' id='word_1_308' title='bbox 411 4323 606 4365; x_wconf 84' lang='lat' dir='ltr'><strong>omnes</strong></span> <span class='ocrx_word' id='word_1_309' title='bbox 638 4310 800 4366; x_wconf 86' lang='lat' dir='ltr'><strong>simul</strong></span> <span class='ocrx_word' id='word_1_310' title='bbox 834 4313 1120 4370; x_wconf 86' lang='lat' dir='ltr'><strong>duodecim</strong></span> <span class='ocrx_word' id='word_1_311' title='bbox 1149 4318 1326 4373; x_wconf 89' lang='lat' dir='ltr'><strong>noctis</strong></span> <span class='ocrx_word' id='word_1_312' title='bbox 1357 4318 1503 4373; x_wconf 80' lang='lat' dir='ltr'><strong>hora:</strong></span> <span class='ocrx_word' id='word_1_313' title='bbox 1531 4330 1769 4391; x_wconf 88' lang='lat' dir='ltr'><strong>quatuor</strong></span> <span class='ocrx_word' id='word_1_314' title='bbox 1798 4333 1985 4381; x_wconf 84' lang='lat' dir='ltr'><strong>custo-</strong></span> 
     </span>
    </p>
   </div>
   <div class='ocr_carea' id='block_1_46' title="bbox 410 4400 1981 4484">
    <p class='ocr_par' dir='ltr' id='par_1_46' title="bbox 410 4400 1981 4484">
     <span class='ocr_line' id='line_1_46' title="bbox 410 4400 1981 4484; baseline 0.011 -30"><span class='ocrx_word' id='word_1_315' title='bbox 410 4400 549 4465; x_wconf 80' lang='lat' dir='ltr'><strong>tlias,</strong></span> <span class='ocrx_word' id='word_1_316' title='bbox 582 4417 680 4458; x_wconf 86' lang='lat' dir='ltr'><strong>seu</strong></span> <span class='ocrx_word' id='word_1_317' title='bbox 705 4404 919 4476; x_wconf 83' lang='lat' dir='ltr'><strong>vigilias</strong></span> <span class='ocrx_word' id='word_1_318' title='bbox 945 4408 1451 4478; x_wconf 87' lang='lat' dir='ltr'><strong>complectebantur</strong></span> <span class='ocrx_word' id='word_1_319' title='bbox 1477 4428 1491 4467; x_wconf 91' lang='lat'><strong>:</strong></span> <span class='ocrx_word' id='word_1_320' title='bbox 1526 4415 1582 4468; x_wconf 91' lang='lat' dir='ltr'><strong>in</strong></span> <span class='ocrx_word' id='word_1_321' title='bbox 1607 4429 1836 4484; x_wconf 86' lang='lat' dir='ltr'><strong>quarum</strong></span> <span class='ocrx_word' id='word_1_322' title='bbox 1868 4416 1981 4471; x_wconf 84' lang='lat' dir='ltr'><strong>sin-</strong></span> 
     </span>
    </p>
   </div>
   <div class='ocr_carea' id='block_1_47' title="bbox 2087 568 3650 645">
    <p class='ocr_par' dir='ltr' id='par_1_47' title="bbox 2087 568 3650 645">
     <span class='ocr_line' id='line_1_47' title="bbox 2087 568 3650 645; baseline 0.001 -19"><span class='ocrx_word' id='word_1_323' title='bbox 2087 573 2305 636; x_wconf 79' lang='grc' dir='ltr'>ἁλύσεις</span> <span class='ocrx_word' id='word_1_324' title='bbox 2327 575 2390 627; x_wconf 78' lang='grc' dir='ltr'>ἐκ</span> <span class='ocrx_word' id='word_1_325' title='bbox 2410 574 2519 627; x_wconf 85' lang='grc' dir='ltr'>τῶν</span> <span class='ocrx_word' id='word_1_326' title='bbox 2542 572 2763 645; x_wconf 84' lang='grc' dir='ltr'>χειρῶν.</span> <span class='ocrx_word' id='word_1_327' title='bbox 2785 568 2919 627; x_wconf 79' lang='grc' dir='ltr'>Εῐπέ</span> <span class='ocrx_word' id='word_1_328' title='bbox 2937 591 2995 627; x_wconf 88' lang='grc' dir='ltr'>τε</span> <span class='ocrx_word' id='word_1_329' title='bbox 3021 573 3156 644; x_wconf 78' lang='grc' dir='ltr'>πρὸς</span> <span class='ocrx_word' id='word_1_330' title='bbox 3179 574 3339 628; x_wconf 75' lang='grc' dir='ltr'>αὐτὸν</span> <span class='ocrx_word' id='word_1_331' title='bbox 3356 576 3386 628; x_wconf 98' lang='lat'><strong>6</strong></span> <span class='ocrx_word' id='word_1_332' title='bbox 3408 576 3650 643; x_wconf 75' lang='grc' dir='ltr'>ἄγγελος·</span> 
     </span>
    </p>
   </div>
   <div class='ocr_carea' id='block_1_48' title="bbox 2088 665 3654 738">
    <p class='ocr_par' dir='ltr' id='par_1_48' title="bbox 2088 665 3654 738">
     <span class='ocr_line' id='line_1_48' title="bbox 2088 665 3654 738; baseline -0.001 -17"><span class='ocrx_word' id='word_1_333' title='bbox 2088 666 2417 737; x_wconf 72' lang='grc' dir='ltr'>Περίζωσαι,</span> <span class='ocrx_word' id='word_1_334' title='bbox 2447 666 2539 721; x_wconf 76' lang='grc' dir='ltr'><strong>καὶ</strong></span> <span class='ocrx_word' id='word_1_335' title='bbox 2569 666 2833 736; x_wconf 79' lang='grc' dir='ltr'><strong>ὑπόδησαι</strong></span> <span class='ocrx_word' id='word_1_336' title='bbox 2856 666 2927 719; x_wconf 76' lang='grc' dir='ltr'>τὰ</span> <span class='ocrx_word' id='word_1_337' title='bbox 2956 665 3217 721; x_wconf 65' lang='grc' dir='ltr'>σανδάλιά</span> <span class='ocrx_word' id='word_1_338' title='bbox 3246 684 3366 722; x_wconf 89' lang='grc' dir='ltr'>σου.</span> <span class='ocrx_word' id='word_1_339' title='bbox 3405 666 3654 738; x_wconf 72' lang='grc' dir='ltr'>Ἐποίησε</span> 
     </span>
    </p>
   </div>
   <div class='ocr_carea' id='block_1_49' title="bbox 2084 756 3653 829">
    <p class='ocr_par' dir='ltr' id='par_1_49' title="bbox 2084 756 3653 829">
     <span class='ocr_line' id='line_1_49' title="bbox 2084 756 3653 829; baseline -0.001 -16"><span class='ocrx_word' id='word_1_340' title='bbox 2084 759 2140 813; x_wconf 82' lang='grc' dir='ltr'>δὲ</span> <span class='ocrx_word' id='word_1_341' title='bbox 2168 757 2328 812; x_wconf 81' lang='grc' dir='ltr'>οὕτω.</span> <span class='ocrx_word' id='word_1_342' title='bbox 2356 760 2464 811; x_wconf 77' lang='grc' dir='ltr'><strong>Καὶ</strong></span> <span class='ocrx_word' id='word_1_343' title='bbox 2489 758 2649 826; x_wconf 81' lang='grc' dir='ltr'>λέγει</span> <span class='ocrx_word' id='word_1_344' title='bbox 2666 756 2815 829; x_wconf 83' lang='grc' dir='ltr'><strong>αὐτῷ</strong></span> <span class='ocrx_word' id='word_1_345' title='bbox 2836 774 2851 788; x_wconf 91' lang='grc'><strong>·</strong></span> <span class='ocrx_word' id='word_1_346' title='bbox 2881 756 3183 827; x_wconf 81' lang='grc' dir='ltr'><strong>Περιόαλοῦ</strong></span> <span class='ocrx_word' id='word_1_347' title='bbox 3205 758 3264 812; x_wconf 85' lang='grc' dir='ltr'><strong>τδ</strong></span> <span class='ocrx_word' id='word_1_348' title='bbox 3294 757 3520 829; x_wconf 75' lang='grc' dir='ltr'>ἱμάτιόν</span> <span class='ocrx_word' id='word_1_349' title='bbox 3544 777 3653 819; x_wconf 86' lang='grc' dir='ltr'>σου.</span> 
     </span>
    </p>
   </div>
   <div class='ocr_carea' id='block_1_50' title="bbox 2086 847 3654 920">
    <p class='ocr_par' dir='ltr' id='par_1_50' title="bbox 2086 847 3654 920">
     <span class='ocr_line' id='line_1_50' title="bbox 2086 847 3654 920; baseline -0.002 -15"><span class='ocrx_word' id='word_1_350' title='bbox 2086 852 2181 905; x_wconf 74' lang='grc' dir='ltr'><strong>καὶ</strong></span> <span class='ocrx_word' id='word_1_351' title='bbox 2209 848 2492 903; x_wconf 82' lang='grc' dir='ltr'><strong>ἀκολούθει</strong></span> <span class='ocrx_word' id='word_1_352' title='bbox 2526 867 2636 919; x_wconf 84' lang='grc' dir='ltr'>μοι.</span> <span class='ocrx_word' id='word_1_353' title='bbox 2664 851 2774 903; x_wconf 65' lang='grc' dir='ltr'>Καὶ</span> <span class='ocrx_word' id='word_1_354' title='bbox 2798 847 3033 914; x_wconf 72' lang='grc' dir='ltr'><strong>ἐξελθὼν</strong></span> <span class='ocrx_word' id='word_1_355' title='bbox 3057 849 3340 920; x_wconf 67' lang='grc' dir='ltr'>ἠκολούθει</span> <span class='ocrx_word' id='word_1_356' title='bbox 3369 850 3541 920; x_wconf 75' lang='grc' dir='ltr'>αὐτῷ,</span> <span class='ocrx_word' id='word_1_357' title='bbox 3566 854 3654 903; x_wconf 76' lang='grc' dir='ltr'>καί</span> 
     </span>
    </p>
   </div>
   <div class='ocr_carea' id='block_1_51' title="bbox 2086 939 3648 1012">
    <p class='ocr_par' dir='ltr' id='par_1_51' title="bbox 2086 939 3648 1012">
     <span class='ocr_line' id='line_1_51' title="bbox 2086 939 3648 1012; baseline -0.001 -16"><span class='ocrx_word' id='word_1_358' title='bbox 2086 943 2186 997; x_wconf 78' lang='grc' dir='ltr'><strong>οὐκ</strong></span> <span class='ocrx_word' id='word_1_359' title='bbox 2215 941 2329 1012; x_wconf 69' lang='grc' dir='ltr'>ᾔδει</span> <span class='ocrx_word' id='word_1_360' title='bbox 2361 943 2444 995; x_wconf 82' lang='grc' dir='ltr'>ὅτι</span> <span class='ocrx_word' id='word_1_361' title='bbox 2475 941 2677 1011; x_wconf 76' lang='grc' dir='ltr'>ἀληθές</span> <span class='ocrx_word' id='word_1_362' title='bbox 2704 943 2821 995; x_wconf 75' lang='grc' dir='ltr'>ἐστι</span> <span class='ocrx_word' id='word_1_363' title='bbox 2846 941 2909 994; x_wconf 88' lang='grc' dir='ltr'><strong>τδ</strong></span> <span class='ocrx_word' id='word_1_364' title='bbox 2936 942 3218 1012; x_wconf 82' lang='grc' dir='ltr'>γινόμενον</span> <span class='ocrx_word' id='word_1_365' title='bbox 3243 940 3349 995; x_wconf 74' lang='grc' dir='ltr'>ὑπὸ</span> <span class='ocrx_word' id='word_1_366' title='bbox 3375 939 3474 994; x_wconf 85' lang='grc' dir='ltr'>τοῦ</span> <span class='ocrx_word' id='word_1_367' title='bbox 3500 942 3648 1008; x_wconf 77' lang='grc' dir='ltr'>ἀγγέ-</span> 
     </span>
    </p>
   </div>
   <div class='ocr_carea' id='block_1_52' title="bbox 2084 1030 3651 1103">
    <p class='ocr_par' dir='ltr' id='par_1_52' title="bbox 2084 1030 3651 1103">
     <span class='ocr_line' id='line_1_52' title="bbox 2084 1030 3651 1103; baseline 0.001 -20"><span class='ocrx_word' id='word_1_368' title='bbox 2084 1031 2178 1084; x_wconf 92' lang='grc' dir='ltr'><strong>λου</strong></span> <span class='ocrx_word' id='word_1_369' title='bbox 2202 1047 2216 1061; x_wconf 88' lang='grc'><strong>·</strong></span> <span class='ocrx_word' id='word_1_370' title='bbox 2249 1032 2422 1085; x_wconf 73' lang='grc' dir='ltr'>ἐδόκει</span> <span class='ocrx_word' id='word_1_371' title='bbox 2449 1032 2507 1086; x_wconf 74' lang='grc' dir='ltr'>δὲ</span> <span class='ocrx_word' id='word_1_372' title='bbox 2535 1034 2715 1103; x_wconf 78' lang='grc' dir='ltr'>ὅραμα</span> <span class='ocrx_word' id='word_1_373' title='bbox 2748 1031 2987 1103; x_wconf 78' lang='grc' dir='ltr'>βλέπειν.</span> <span class='ocrx_word' id='word_1_374' title='bbox 3015 1031 3325 1094; x_wconf 73' lang='grc' dir='ltr'><strong>Διελθόντες</strong></span> <span class='ocrx_word' id='word_1_375' title='bbox 3350 1030 3413 1084; x_wconf 72' lang='grc' dir='ltr'>δὲ</span> <span class='ocrx_word' id='word_1_376' title='bbox 3442 1031 3651 1102; x_wconf 78' lang='grc' dir='ltr'>πρώτην</span> 
     </span>
    </p>
   </div>
   <div class='ocr_carea' id='block_1_53' title="bbox 2086 1117 3651 1193">
    <p class='ocr_par' dir='ltr' id='par_1_53' title="bbox 2086 1117 3651 1193">
     <span class='ocr_line' id='line_1_53' title="bbox 2086 1117 3651 1193; baseline -0.002 -18"><span class='ocrx_word' id='word_1_377' title='bbox 2086 1120 2336 1192; x_wconf 74' lang='grc' dir='ltr'>φυλακὴν</span> <span class='ocrx_word' id='word_1_378' title='bbox 2361 1122 2456 1175; x_wconf 78' lang='grc' dir='ltr'><strong>καὶ</strong></span> <span class='ocrx_word' id='word_1_379' title='bbox 2483 1122 2761 1193; x_wconf 77' lang='grc' dir='ltr'><strong>δευτέραν,</strong></span> <span class='ocrx_word' id='word_1_380' title='bbox 2790 1117 2953 1191; x_wconf 82' lang='grc' dir='ltr'>ἦλθον</span> <span class='ocrx_word' id='word_1_381' title='bbox 2980 1122 3077 1174; x_wconf 71' lang='grc' dir='ltr'><strong>ἐπὶ</strong></span> <span class='ocrx_word' id='word_1_382' title='bbox 3106 1120 3205 1192; x_wconf 76' lang='grc' dir='ltr'>τὴν</span> <span class='ocrx_word' id='word_1_383' title='bbox 3232 1121 3414 1191; x_wconf 67' lang='grc' dir='ltr'>πύλην</span> <span class='ocrx_word' id='word_1_384' title='bbox 3441 1121 3540 1190; x_wconf 71' lang='grc' dir='ltr'>τὴν</span> <span class='ocrx_word' id='word_1_385' title='bbox 3566 1122 3651 1173; x_wconf 79' lang='grc' dir='ltr'><strong>Σι-</strong></span> 
     </span>
    </p>
   </div>
   <div class='ocr_carea' id='block_1_54' title="bbox 2084 1198 3650 1285">
    <p class='ocr_par' dir='ltr' id='par_1_54' title="bbox 2084 1198 3650 1285">
     <span class='ocr_line' id='line_1_54' title="bbox 2084 1198 3650 1285; baseline -0.001 -19"><span class='ocrx_word' id='word_1_386' title='bbox 2084 1213 2255 1283; x_wconf 75' lang='grc' dir='ltr'>δηρᾶν</span> <span class='ocrx_word' id='word_1_387' title='bbox 2291 1198 2393 1282; x_wconf 63' lang='grc' dir='ltr'><strong>τὴν</strong></span> <span class='ocrx_word' id='word_1_388' title='bbox 2435 1214 2707 1285; x_wconf 81' lang='grc' dir='ltr'><strong>φέρουσαν</strong></span> <span class='ocrx_word' id='word_1_389' title='bbox 2744 1215 2827 1273; x_wconf 84' lang='grc' dir='ltr'><strong>είς</strong></span> <span class='ocrx_word' id='word_1_390' title='bbox 2859 1212 2959 1283; x_wconf 82' lang='grc' dir='ltr'>τὴν</span> <span class='ocrx_word' id='word_1_391' title='bbox 2996 1211 3171 1275; x_wconf 85' lang='grc' dir='ltr'>πόλιν,</span> <span class='ocrx_word' id='word_1_392' title='bbox 3214 1212 3339 1281; x_wconf 65' lang='grc' dir='ltr'>ἥτις</span> <span class='ocrx_word' id='word_1_393' title='bbox 3381 1211 3650 1281; x_wconf 80' lang='grc' dir='ltr'><strong>αὐτομάτη</strong></span> 
     </span>
    </p>
   </div>
   <div class='ocr_carea' id='block_1_55' title="bbox 2084 1300 3648 1374">
    <p class='ocr_par' dir='ltr' id='par_1_55' title="bbox 2084 1300 3648 1374">
     <span class='ocr_line' id='line_1_55' title="bbox 2084 1300 3648 1374; baseline -0.001 -17"><span class='ocrx_word' id='word_1_394' title='bbox 2084 1303 2311 1374; x_wconf 76' lang='grc' dir='ltr'><strong>ἠνοίχθη</strong></span> <span class='ocrx_word' id='word_1_395' title='bbox 2367 1303 2548 1366; x_wconf 78' lang='grc' dir='ltr'>αὐτοῖς</span> <span class='ocrx_word' id='word_1_396' title='bbox 2570 1342 2588 1369; x_wconf 91' lang='grc'><strong>,</strong></span> <span class='ocrx_word' id='word_1_397' title='bbox 2638 1304 2734 1356; x_wconf 76' lang='grc' dir='ltr'><strong>καὶ</strong></span> <span class='ocrx_word' id='word_1_398' title='bbox 2786 1302 3091 1368; x_wconf 74' lang='grc' dir='ltr'><strong>ἐξελθόντες</strong></span> <span class='ocrx_word' id='word_1_399' title='bbox 3146 1300 3427 1373; x_wconf 78' lang='grc' dir='ltr'><strong>προῆλθον</strong></span> <span class='ocrx_word' id='word_1_400' title='bbox 3479 1301 3648 1372; x_wconf 78' lang='grc' dir='ltr'>ῥύμην</span> 
     </span>
    </p>
   </div>
   <div class='ocr_carea' id='block_1_56' title="bbox 2090 1391 3651 1465">
    <p class='ocr_par' dir='ltr' id='par_1_56' title="bbox 2090 1391 3651 1465">
     <span class='ocr_line' id='line_1_56' title="bbox 2090 1391 3651 1465; baseline -0.001 -17"><span class='ocrx_word' id='word_1_401' title='bbox 2090 1395 2219 1465; x_wconf 85' lang='grc' dir='ltr'>μίαν</span> <span class='ocrx_word' id='word_1_402' title='bbox 2238 1412 2254 1429; x_wconf 88' lang='grc'><strong>·</strong></span> <span class='ocrx_word' id='word_1_403' title='bbox 2281 1396 2376 1449; x_wconf 77' lang='grc' dir='ltr'><strong>καὶ</strong></span> <span class='ocrx_word' id='word_1_404' title='bbox 2406 1394 2611 1458; x_wconf 79' lang='grc' dir='ltr'>εὐθέως</span> <span class='ocrx_word' id='word_1_405' title='bbox 2649 1394 2861 1464; x_wconf 83' lang='grc' dir='ltr'><strong>ἀπέστη</strong></span> <span class='ocrx_word' id='word_1_406' title='bbox 2903 1396 2933 1448; x_wconf 91' lang='lat'><strong>6</strong></span> <span class='ocrx_word' id='word_1_407' title='bbox 2963 1391 3193 1462; x_wconf 70' lang='grc' dir='ltr'>ἄγγελος</span> <span class='ocrx_word' id='word_1_408' title='bbox 3219 1392 3318 1446; x_wconf 77' lang='grc' dir='ltr'><strong>ἀπ’</strong></span> <span class='ocrx_word' id='word_1_409' title='bbox 3340 1391 3531 1450; x_wconf 81' lang='grc' dir='ltr'>αὑτοῦ.</span> <span class='ocrx_word' id='word_1_410' title='bbox 3557 1395 3651 1447; x_wconf 82' lang='grc' dir='ltr'><strong>Καὶ</strong></span> 
     </span>
    </p>
   </div>
   <div class='ocr_carea' id='block_1_57' title="bbox 2085 1479 3650 1555">
    <p class='ocr_par' dir='ltr' id='par_1_57' title="bbox 2085 1479 3650 1555">
     <span class='ocr_line' id='line_1_57' title="bbox 2085 1479 3650 1555; baseline -0.001 -15"><span class='ocrx_word' id='word_1_411' title='bbox 2085 1487 2115 1540; x_wconf 90' lang='grc' dir='ltr'><strong>ό</strong></span> <span class='ocrx_word' id='word_1_412' title='bbox 2154 1486 2360 1555; x_wconf 85' lang='grc' dir='ltr'><strong>Πέτρος</strong></span> <span class='ocrx_word' id='word_1_413' title='bbox 2399 1486 2692 1555; x_wconf 86' lang='grc' dir='ltr'>γενόμενος</span> <span class='ocrx_word' id='word_1_414' title='bbox 2731 1486 2788 1538; x_wconf 76' lang='grc' dir='ltr'>ὲν</span> <span class='ocrx_word' id='word_1_415' title='bbox 2822 1484 2998 1554; x_wconf 79' lang='grc' dir='ltr'>ἑαυτῷ</span> <span class='ocrx_word' id='word_1_416' title='bbox 3036 1480 3193 1538; x_wconf 75' lang='grc' dir='ltr'>εἶπε·</span> <span class='ocrx_word' id='word_1_417' title='bbox 3222 1482 3347 1537; x_wconf 73' lang='grc' dir='ltr'><strong>Νῦν</strong></span> <span class='ocrx_word' id='word_1_418' title='bbox 3382 1479 3500 1537; x_wconf 75' lang='grc' dir='ltr'>οῖδα</span> <span class='ocrx_word' id='word_1_419' title='bbox 3534 1485 3650 1554; x_wconf 82' lang='grc' dir='ltr'>άλη-</span> 
     </span>
    </p>
   </div>
   <div class='ocr_carea' id='block_1_58' title="bbox 2087 1574 3650 1646">
    <p class='ocr_par' dir='ltr' id='par_1_58' title="bbox 2087 1574 3650 1646">
     <span class='ocr_line' id='line_1_58' title="bbox 2087 1574 3650 1646; baseline -0.001 -14"><span class='ocrx_word' id='word_1_420' title='bbox 2087 1578 2196 1642; x_wconf 84' lang='grc' dir='ltr'>θῶς</span> <span class='ocrx_word' id='word_1_421' title='bbox 2212 1617 2228 1642; x_wconf 89' lang='grc'><strong>,</strong></span> <span class='ocrx_word' id='word_1_422' title='bbox 2253 1579 2336 1632; x_wconf 83' lang='grc' dir='ltr'>ὅτι</span> <span class='ocrx_word' id='word_1_423' title='bbox 2362 1576 2710 1642; x_wconf 64' lang='grc' dir='ltr'>ἰξαπέστειλε</span> <span class='ocrx_word' id='word_1_424' title='bbox 2737 1574 2942 1646; x_wconf 79' lang='grc' dir='ltr'>Κύριος</span> <span class='ocrx_word' id='word_1_425' title='bbox 2966 1576 3057 1630; x_wconf 86' lang='grc' dir='ltr'><strong>τδν</strong></span> <span class='ocrx_word' id='word_1_426' title='bbox 3080 1577 3315 1645; x_wconf 72' lang='grc' dir='ltr'>ἄγγελον</span> <span class='ocrx_word' id='word_1_427' title='bbox 3338 1575 3507 1630; x_wconf 80' lang='grc' dir='ltr'>αὐτοῦ</span> <span class='ocrx_word' id='word_1_428' title='bbox 3526 1615 3542 1638; x_wconf 90' lang='grc'><strong>,</strong></span> <span class='ocrx_word' id='word_1_429' title='bbox 3567 1578 3650 1631; x_wconf 78' lang='grc' dir='ltr'><strong>καὶ</strong></span> 
     </span>
    </p>
   </div>
   <div class='ocr_carea' id='block_1_59' title="bbox 2086 1664 3647 1737">
    <p class='ocr_par' dir='ltr' id='par_1_59' title="bbox 2086 1664 3647 1737">
     <span class='ocr_line' id='line_1_59' title="bbox 2086 1664 3647 1737; baseline -0.003 -16"><span class='ocrx_word' id='word_1_430' title='bbox 2086 1667 2321 1735; x_wconf 75' lang='grc' dir='ltr'><strong>ἐξείλετὸ</strong></span> <span class='ocrx_word' id='word_1_431' title='bbox 2351 1684 2417 1737; x_wconf 84' lang='grc' dir='ltr'><strong>με</strong></span> <span class='ocrx_word' id='word_1_432' title='bbox 2447 1669 2508 1720; x_wconf 80' lang='grc' dir='ltr'><strong>ὲκ</strong></span> <span class='ocrx_word' id='word_1_433' title='bbox 2534 1666 2717 1737; x_wconf 71' lang='grc' dir='ltr'>χειρὸς</span> <span class='ocrx_word' id='word_1_434' title='bbox 2745 1666 3016 1737; x_wconf 81' lang='grc' dir='ltr'><strong>Ἡρώδου.</strong></span> <span class='ocrx_word' id='word_1_435' title='bbox 3041 1668 3137 1721; x_wconf 73' lang='grc' dir='ltr'><strong>καὶ</strong></span> <span class='ocrx_word' id='word_1_436' title='bbox 3161 1665 3349 1737; x_wconf 84' lang='grc' dir='ltr'>πάσης</span> <span class='ocrx_word' id='word_1_437' title='bbox 3370 1664 3472 1735; x_wconf 84' lang='grc' dir='ltr'>τῆς</span> <span class='ocrx_word' id='word_1_438' title='bbox 3495 1681 3647 1737; x_wconf 77' lang='grc' dir='ltr'>προσο</span> 
     </span>
    </p>
   </div>
   <div class='ocr_carea' id='block_1_60' title="bbox 2086 1758 3015 1825">
    <p class='ocr_par' dir='ltr' id='par_1_60' title="bbox 2086 1758 3015 1825">
     <span class='ocr_line' id='line_1_60' title="bbox 2086 1758 3015 1825; baseline 0.002 -13"><span class='ocrx_word' id='word_1_439' title='bbox 2086 1758 2271 1825; x_wconf 84' lang='grc' dir='ltr'>δοκίας</span> <span class='ocrx_word' id='word_1_440' title='bbox 2301 1758 2393 1814; x_wconf 83' lang='grc' dir='ltr'><strong>τοῦ</strong></span> <span class='ocrx_word' id='word_1_441' title='bbox 2425 1758 2556 1812; x_wconf 83' lang='grc' dir='ltr'>λαοῦ</span> <span class='ocrx_word' id='word_1_442' title='bbox 2583 1758 2693 1811; x_wconf 81' lang='grc' dir='ltr'><strong>τῶν</strong></span> <span class='ocrx_word' id='word_1_443' title='bbox 2724 1758 3015 1814; x_wconf 73' lang='grc' dir='ltr'><strong>Ἰουδαίων.</strong></span> 
     </span>
    </p>
   </div>
   <div class='ocr_carea' id='block_1_61' title="bbox 2691 1849 3069 1908">
    <p class='ocr_par' dir='ltr' id='par_1_61' title="bbox 2691 1849 3069 1908">
     <span class='ocr_line' id='line_1_61' title="bbox 2691 1849 3069 1908; baseline 0.011 -4"><span class='ocrx_word' id='word_1_444' title='bbox 2691 1849 3069 1908; x_wconf 79' lang='grc' dir='ltr'><strong>ΕΡΜΗΝΕΙΔ.</strong></span> 
     </span>
    </p>
   </div>
   <div class='ocr_carea' id='block_1_62' title="bbox 2159 1938 3644 2013">
    <p class='ocr_par' dir='ltr' id='par_1_62' title="bbox 2159 1938 3644 2013">
     <span class='ocr_line' id='line_1_62' title="bbox 2159 1938 3644 2013; baseline -0.001 -17"><span class='ocrx_word' id='word_1_445' title='bbox 2159 1940 2397 1997; x_wconf 81' lang='grc' dir='ltr'>Ἔκεῖνόν</span> <span class='ocrx_word' id='word_1_446' title='bbox 2442 1959 2576 2013; x_wconf 81' lang='grc' dir='ltr'>φησι</span> <span class='ocrx_word' id='word_1_447' title='bbox 2603 1942 2696 1997; x_wconf 82' lang='grc' dir='ltr'>τὸν</span> <span class='ocrx_word' id='word_1_448' title='bbox 2725 1941 2938 2013; x_wconf 77' lang='grc' dir='ltr'>καιρὸν,</span> <span class='ocrx_word' id='word_1_449' title='bbox 2965 1941 3061 1995; x_wconf 79' lang='grc' dir='ltr'>τὸν</span> <span class='ocrx_word' id='word_1_450' title='bbox 3090 1940 3185 1996; x_wconf 72' lang='grc' dir='ltr'><strong>ἐπὶ</strong></span> <span class='ocrx_word' id='word_1_451' title='bbox 3216 1938 3489 1996; x_wconf 77' lang='grc' dir='ltr'>Κλαυδίου</span> <span class='ocrx_word' id='word_1_452' title='bbox 3522 1942 3644 1995; x_wconf 79' lang='grc' dir='ltr'>Καί-</span> 
     </span>
    </p>
   </div>
   <div class='ocr_carea' id='block_1_63' title="bbox 2091 2031 3649 2105">
    <p class='ocr_par' dir='ltr' id='par_1_63' title="bbox 2091 2031 3649 2105">
     <span class='ocr_line' id='line_1_63' title="bbox 2091 2031 3649 2105; baseline 0.001 -21"><span class='ocrx_word' id='word_1_453' title='bbox 2091 2048 2276 2100; x_wconf 82' lang='grc' dir='ltr'>σαρος.</span> <span class='ocrx_word' id='word_1_454' title='bbox 2300 2032 2459 2095; x_wconf 79' lang='grc' dir='ltr'>Γάϊος</span> <span class='ocrx_word' id='word_1_455' title='bbox 2487 2031 2844 2105; x_wconf 78' lang='grc' dir='ltr'><strong>αὐτοκράτωρ</strong></span> <span class='ocrx_word' id='word_1_456' title='bbox 2879 2031 3186 2102; x_wconf 83' lang='grc' dir='ltr'>Ῥωμαίων,</span> <span class='ocrx_word' id='word_1_457' title='bbox 3223 2031 3536 2102; x_wconf 76' lang='grc' dir='ltr'>’Δγρίππαν</span> <span class='ocrx_word' id='word_1_458' title='bbox 3562 2051 3649 2086; x_wconf 82' lang='grc' dir='ltr'><strong>κα-</strong></span> 
     </span>
    </p>
   </div>
   <div class='ocr_carea' id='block_1_64' title="bbox 2089 2121 3641 2195">
    <p class='ocr_par' dir='ltr' id='par_1_64' title="bbox 2089 2121 3641 2195">
     <span class='ocr_line' id='line_1_64' title="bbox 2089 2121 3641 2195; baseline 0 -19"><span class='ocrx_word' id='word_1_459' title='bbox 2089 2121 2305 2193; x_wconf 86' lang='grc' dir='ltr'>θίστησι</span> <span class='ocrx_word' id='word_1_460' title='bbox 2328 2122 2552 2193; x_wconf 77' lang='grc' dir='ltr'>βασιλέα</span> <span class='ocrx_word' id='word_1_461' title='bbox 2572 2125 2674 2194; x_wconf 82' lang='grc' dir='ltr'><strong>τῆς</strong></span> <span class='ocrx_word' id='word_1_462' title='bbox 2700 2123 2979 2187; x_wconf 81' lang='grc' dir='ltr'>Ἰουδαίας,</span> <span class='ocrx_word' id='word_1_463' title='bbox 3003 2122 3097 2177; x_wconf 74' lang='grc' dir='ltr'>τὸν</span> <span class='ocrx_word' id='word_1_464' title='bbox 3121 2122 3378 2195; x_wconf 79' lang='grc' dir='ltr'>Ἡρώδην</span> <span class='ocrx_word' id='word_1_465' title='bbox 3400 2122 3641 2193; x_wconf 78' lang='grc' dir='ltr'>ὲξορίσας,</span> 
     </span>
    </p>
   </div>
   <div class='ocr_carea' id='block_1_65' title="bbox 2086 2211 3640 2287">
    <p class='ocr_par' dir='ltr' id='par_1_65' title="bbox 2086 2211 3640 2287">
     <span class='ocr_line' id='line_1_65' title="bbox 2086 2211 3640 2287; baseline 0.002 -20"><span class='ocrx_word' id='word_1_466' title='bbox 2086 2211 2155 2267; x_wconf 84' lang='grc' dir='ltr'><strong>δι’</strong></span> <span class='ocrx_word' id='word_1_467' title='bbox 2177 2214 2508 2287; x_wconf 72' lang='grc' dir='ltr'>αἰσχρότητα</span> <span class='ocrx_word' id='word_1_468' title='bbox 2524 2214 2741 2283; x_wconf 53' lang='grc' dir='ltr'>βίουῄν</span> <span class='ocrx_word' id='word_1_469' title='bbox 2757 2214 3074 2284; x_wconf 82' lang='grc' dir='ltr'>Λουγδούνῳ</span> <span class='ocrx_word' id='word_1_470' title='bbox 3095 2214 3191 2285; x_wconf 77' lang='grc' dir='ltr'>τῆς</span> <span class='ocrx_word' id='word_1_471' title='bbox 3209 2214 3499 2279; x_wconf 81' lang='grc' dir='ltr'>Γαλιλαίας</span> <span class='ocrx_word' id='word_1_472' title='bbox 3517 2214 3640 2278; x_wconf 67' lang='grc' dir='ltr'><strong>κδ’.</strong></span> 
     </span>
    </p>
   </div>
   <div class='ocr_carea' id='block_1_66' title="bbox 2089 2302 3641 2378">
    <p class='ocr_par' dir='ltr' id='par_1_66' title="bbox 2089 2302 3641 2378">
     <span class='ocr_line' id='line_1_66' title="bbox 2089 2302 3641 2378; baseline 0.001 -18"><span class='ocrx_word' id='word_1_473' title='bbox 2089 2308 2187 2360; x_wconf 76' lang='grc' dir='ltr'>σὺν</span> <span class='ocrx_word' id='word_1_474' title='bbox 2228 2310 2295 2378; x_wconf 78' lang='grc' dir='ltr'>τῇ</span> <span class='ocrx_word' id='word_1_475' title='bbox 2338 2308 2558 2376; x_wconf 57' lang='grc' dir='ltr'><strong>γυναικὶ⁵</strong></span> <span class='ocrx_word' id='word_1_476' title='bbox 2591 2308 2904 2377; x_wconf 80' lang='grc' dir='ltr'>Ἡρωδιάδι.</span> <span class='ocrx_word' id='word_1_477' title='bbox 2946 2302 3117 2371; x_wconf 69' lang='grc' dir='ltr'>Οὗτός</span> <span class='ocrx_word' id='word_1_478' title='bbox 3158 2309 3308 2363; x_wconf 72' lang='grc' dir='ltr'>ἐστιν</span> <span class='ocrx_word' id='word_1_479' title='bbox 3351 2311 3383 2362; x_wconf 87' lang='lat'><strong>6</strong></span> <span class='ocrx_word' id='word_1_480' title='bbox 3428 2309 3561 2363; x_wconf 65' lang='grc' dir='ltr'>κατὰ</span> <span class='ocrx_word' id='word_1_481' title='bbox 3590 2310 3641 2362; x_wconf 79' lang='grc' dir='ltr'>τὸ</span> 
     </span>
    </p>
   </div>
   <div class='ocr_carea' id='block_1_67' title="bbox 2091 2398 3643 2472">
    <p class='ocr_par' dir='ltr' id='par_1_67' title="bbox 2091 2398 3643 2472">
     <span class='ocr_line' id='line_1_67' title="bbox 2091 2398 3643 2472; baseline 0.001 -19"><span class='ocrx_word' id='word_1_482' title='bbox 2091 2398 2263 2462; x_wconf 83' lang='grc' dir='ltr'><strong>πάθος</strong></span> <span class='ocrx_word' id='word_1_483' title='bbox 2325 2399 2420 2453; x_wconf 83' lang='grc' dir='ltr'>τοῦ</span> <span class='ocrx_word' id='word_1_484' title='bbox 2465 2400 2703 2471; x_wconf 80' lang='grc' dir='ltr'>Κυρίου,</span> <span class='ocrx_word' id='word_1_485' title='bbox 2771 2400 2846 2462; x_wconf 84' lang='grc' dir='ltr'><strong>ὡς</strong></span> <span class='ocrx_word' id='word_1_486' title='bbox 2887 2401 3093 2472; x_wconf 78' lang='grc' dir='ltr'>ἱστορεί</span> <span class='ocrx_word' id='word_1_487' title='bbox 3146 2399 3416 2471; x_wconf 84' lang='grc' dir='ltr'>Ἰώσηπος</span> <span class='ocrx_word' id='word_1_488' title='bbox 3471 2403 3526 2454; x_wconf 75' lang='grc' dir='ltr'>ὲν</span> <span class='ocrx_word' id='word_1_489' title='bbox 3578 2400 3643 2470; x_wconf 82' lang='grc' dir='ltr'>τῷ</span> 
     </span>
    </p>
   </div>
   <div class='ocr_carea' id='block_1_68' title="bbox 2089 2490 3639 2560">
    <p class='ocr_par' dir='ltr' id='par_1_68' title="bbox 2089 2490 3639 2560">
     <span class='ocr_line' id='line_1_68' title="bbox 2089 2490 3639 2560; baseline 0.001 -15"><span class='ocrx_word' id='word_1_490' title='bbox 2089 2496 2161 2560; x_wconf 83' lang='grc' dir='ltr'>ιη’</span> <span class='ocrx_word' id='word_1_491' title='bbox 2218 2490 2360 2560; x_wconf 83' lang='grc' dir='ltr'>λόγῳ</span> <span class='ocrx_word' id='word_1_492' title='bbox 2411 2490 2511 2560; x_wconf 80' lang='grc' dir='ltr'>τῆς</span> <span class='ocrx_word' id='word_1_493' title='bbox 2573 2491 3015 2560; x_wconf 69' lang='grc' dir='ltr'>Ἀρχαιολογιας</span> <span class='ocrx_word' id='word_1_494' title='bbox 3041 2532 3056 2556; x_wconf 86' lang='grc'><strong>,</strong></span> <span class='ocrx_word' id='word_1_495' title='bbox 3125 2492 3221 2547; x_wconf 69' lang='grc' dir='ltr'><strong>καὶ</strong></span> <span class='ocrx_word' id='word_1_496' title='bbox 3285 2492 3544 2559; x_wconf 64' lang='grc' dir='ltr'>Εὐσέϐιος</span> <span class='ocrx_word' id='word_1_497' title='bbox 3591 2495 3639 2547; x_wconf 75' lang='grc' dir='ltr'>ἐν</span> 
     </span>
    </p>
   </div>
   <div class='ocr_carea' id='block_1_69' title="bbox 2086 2580 3637 2653">
    <p class='ocr_par' dir='ltr' id='par_1_69' title="bbox 2086 2580 3637 2653">
     <span class='ocr_line' id='line_1_69' title="bbox 2086 2580 3637 2653; baseline 0.002 -18"><span class='ocrx_word' id='word_1_498' title='bbox 2086 2580 2165 2650; x_wconf 83' lang='grc' dir='ltr'>τῷ</span> <span class='ocrx_word' id='word_1_499' title='bbox 2196 2580 2434 2653; x_wconf 80' lang='grc' dir='ltr'>δευτέρω</span> <span class='ocrx_word' id='word_1_500' title='bbox 2462 2582 2605 2652; x_wconf 84' lang='grc' dir='ltr'>λόγῳ</span> <span class='ocrx_word' id='word_1_501' title='bbox 2657 2583 2760 2652; x_wconf 80' lang='grc' dir='ltr'>τῆς</span> <span class='ocrx_word' id='word_1_502' title='bbox 2789 2582 3346 2651; x_wconf 74' lang='grc' dir='ltr'>Ἐκκλησιαστικῆς</span> <span class='ocrx_word' id='word_1_503' title='bbox 3381 2585 3637 2652; x_wconf 75' lang='grc' dir='ltr'>ἱστορίας.</span> 
     </span>
    </p>
   </div>
   <div class='ocr_carea' id='block_1_70' title="bbox 2099 2671 3639 2746">
    <p class='ocr_par' dir='ltr' id='par_1_70' title="bbox 2099 2671 3639 2746">
     <span class='ocr_line' id='line_1_70' title="bbox 2099 2671 3639 2746; baseline -0.001 -18"><span class='ocrx_word' id='word_1_504' title='bbox 2099 2674 2165 2728; x_wconf 84' lang='grc' dir='ltr'><strong>Ἥ</strong></span> <span class='ocrx_word' id='word_1_505' title='bbox 2188 2671 2281 2727; x_wconf 79' lang='grc' dir='ltr'>οὖν</span> <span class='ocrx_word' id='word_1_506' title='bbox 2303 2674 2569 2744; x_wconf 65' lang='grc' dir='ltr'>διαφωνία</span> <span class='ocrx_word' id='word_1_507' title='bbox 2590 2674 2685 2728; x_wconf 80' lang='grc' dir='ltr'>τοῦ</span> <span class='ocrx_word' id='word_1_508' title='bbox 2699 2674 3047 2746; x_wconf 80' lang='grc' dir='ltr'>γράμματος,</span> <span class='ocrx_word' id='word_1_509' title='bbox 3069 2675 3237 2744; x_wconf 71' lang='grc' dir='ltr'>ἤγουν</span> <span class='ocrx_word' id='word_1_510' title='bbox 3258 2674 3359 2727; x_wconf 82' lang='grc' dir='ltr'><strong>τοῦ</strong></span> <span class='ocrx_word' id='word_1_511' title='bbox 3384 2674 3639 2743; x_wconf 71' lang='grc' dir='ltr'>ὀνόματος,</span> 
     </span>
    </p>
   </div>
   <div class='ocr_carea' id='block_1_71' title="bbox 2086 2766 3641 2838">
    <p class='ocr_par' dir='ltr' id='par_1_71' title="bbox 2086 2766 3641 2838">
     <span class='ocr_line' id='line_1_71' title="bbox 2086 2766 3641 2838; baseline -0.001 -17"><span class='ocrx_word' id='word_1_512' title='bbox 2086 2767 2322 2822; x_wconf 70' lang='grc' dir='ltr'>ἐνταῦθα</span> <span class='ocrx_word' id='word_1_513' title='bbox 2344 2769 2404 2821; x_wconf 82' lang='grc' dir='ltr'>τὸ</span> <span class='ocrx_word' id='word_1_514' title='bbox 2428 2767 2608 2836; x_wconf 81' lang='grc' dir='ltr'>λέγειν</span> <span class='ocrx_word' id='word_1_515' title='bbox 2629 2767 2753 2824; x_wconf 73' lang='grc' dir='ltr'>ἀντὶ</span> <span class='ocrx_word' id='word_1_516' title='bbox 2785 2767 3118 2838; x_wconf 83' lang='grc' dir='ltr'>Ἀγρίππαν,</span> <span class='ocrx_word' id='word_1_517' title='bbox 3145 2766 3403 2837; x_wconf 75' lang='grc' dir='ltr'>Ἡρώδην</span> <span class='ocrx_word' id='word_1_518' title='bbox 3423 2805 3440 2830; x_wconf 90' lang='grc'><strong>,</strong></span> <span class='ocrx_word' id='word_1_519' title='bbox 3466 2767 3497 2837; x_wconf 74' lang='grc' dir='ltr'>ἢ</span> <span class='ocrx_word' id='word_1_520' title='bbox 3523 2766 3641 2819; x_wconf 70' lang='grc' dir='ltr'>κατά</span> 
     </span>
    </p>
   </div>
   <div class='ocr_carea' id='block_1_72' title="bbox 2089 2856 3640 2929">
    <p class='ocr_par' dir='ltr' id='par_1_72' title="bbox 2089 2856 3640 2929">
     <span class='ocr_line' id='line_1_72' title="bbox 2089 2856 3640 2929; baseline -0.003 -16"><span class='ocrx_word' id='word_1_521' title='bbox 2089 2858 2337 2929; x_wconf 75' lang='grc' dir='ltr'>σφάλμα,</span> <span class='ocrx_word' id='word_1_522' title='bbox 2365 2858 2442 2924; x_wconf 84' lang='grc' dir='ltr'><strong>ὡς</strong></span> <span class='ocrx_word' id='word_1_523' title='bbox 2469 2859 2636 2924; x_wconf 72' lang='grc' dir='ltr'>οἰκὸς,</span> <span class='ocrx_word' id='word_1_524' title='bbox 2667 2858 2936 2928; x_wconf 69' lang='grc' dir='ltr'>γραφικὴν</span> <span class='ocrx_word' id='word_1_525' title='bbox 2963 2856 3211 2927; x_wconf 84' lang='grc' dir='ltr'>γέγονεν,</span> <span class='ocrx_word' id='word_1_526' title='bbox 3240 2857 3274 2929; x_wconf 79' lang='grc' dir='ltr'>ἢ</span> <span class='ocrx_word' id='word_1_527' title='bbox 3306 2858 3453 2912; x_wconf 81' lang='grc' dir='ltr'>κατὰ</span> <span class='ocrx_word' id='word_1_528' title='bbox 3474 2857 3640 2910; x_wconf 68' lang='lat' dir='ltr'><strong>6mm-</strong></span> 
     </span>
    </p>
   </div>
   <div class='ocr_carea' id='block_1_73' title="bbox 2088 2947 3639 3021">
    <p class='ocr_par' dir='ltr' id='par_1_73' title="bbox 2088 2947 3639 3021">
     <span class='ocr_line' id='line_1_73' title="bbox 2088 2947 3639 3021; baseline -0.002 -18"><span class='ocrx_word' id='word_1_529' title='bbox 2088 2950 2221 3019; x_wconf 84' lang='grc' dir='ltr'>μίαν</span> <span class='ocrx_word' id='word_1_530' title='bbox 2251 2950 2466 3021; x_wconf 74' lang='grc' dir='ltr'>εἴρηται</span> <span class='ocrx_word' id='word_1_531' title='bbox 2487 2963 2503 2979; x_wconf 76' lang='grc'><strong><em>⁸</em></strong></span> <span class='ocrx_word' id='word_1_532' title='bbox 2534 2950 2658 3003; x_wconf 75' lang='grc' dir='ltr'>ἐπεὶ</span> <span class='ocrx_word' id='word_1_533' title='bbox 2689 2949 2785 3003; x_wconf 74' lang='grc' dir='ltr'><strong>καὶ</strong></span> <span class='ocrx_word' id='word_1_534' title='bbox 2816 2949 2844 3002; x_wconf 89' lang='lat'><strong>6</strong></span> <span class='ocrx_word' id='word_1_535' title='bbox 2875 2948 3066 3020; x_wconf 83' lang='grc' dir='ltr'>χρόνος</span> <span class='ocrx_word' id='word_1_536' title='bbox 3093 2949 3187 3003; x_wconf 74' lang='grc' dir='ltr'><strong>καὶ</strong></span> <span class='ocrx_word' id='word_1_537' title='bbox 3221 2950 3280 3002; x_wconf 85' lang='lat' dir='ltr'><strong>al</strong></span> <span class='ocrx_word' id='word_1_538' title='bbox 3316 2947 3539 3019; x_wconf 78' lang='grc' dir='ltr'>πράξεις</span> <span class='ocrx_word' id='word_1_539' title='bbox 3560 2947 3639 3000; x_wconf 67' lang='grc' dir='ltr'>τὸν</span> 
     </span>
    </p>
   </div>
   <div class='ocr_carea' id='block_1_74' title="bbox 2086 3039 3637 3113">
    <p class='ocr_par' dir='ltr' id='par_1_74' title="bbox 2086 3039 3637 3113">
     <span class='ocr_line' id='line_1_74' title="bbox 2086 3039 3637 3113; baseline -0.003 -18"><span class='ocrx_word' id='word_1_540' title='bbox 2086 3041 2247 3096; x_wconf 80' lang='grc' dir='ltr'>αὑτὸν</span> <span class='ocrx_word' id='word_1_541' title='bbox 2275 3042 2404 3095; x_wconf 83' lang='grc' dir='ltr'>δντα</span> <span class='ocrx_word' id='word_1_542' title='bbox 2433 3040 2710 3095; x_wconf 87' lang='grc' dir='ltr'>δείκνυσιν</span> <span class='ocrx_word' id='word_1_543' title='bbox 2742 3040 3057 3113; x_wconf 81' lang='grc' dir='ltr'>Ἀγρίππαν</span> <span class='ocrx_word' id='word_1_544' title='bbox 3089 3041 3183 3093; x_wconf 72' lang='grc' dir='ltr'><strong>ἐπὶ</strong></span> <span class='ocrx_word' id='word_1_545' title='bbox 3216 3040 3488 3094; x_wconf 81' lang='grc' dir='ltr'>Κλαυδίου</span> <span class='ocrx_word' id='word_1_546' title='bbox 3519 3039 3637 3092; x_wconf 74' lang='grc' dir='ltr'>Καί-</span> 
     </span>
    </p>
   </div>
   <div class='ocr_carea' id='block_1_75' title="bbox 2088 3129 3633 3202">
    <p class='ocr_par' dir='ltr' id='par_1_75' title="bbox 2088 3129 3633 3202">
     <span class='ocr_line' id='line_1_75' title="bbox 2088 3129 3633 3202; baseline -0.002 -19"><span class='ocrx_word' id='word_1_547' title='bbox 2088 3147 2273 3200; x_wconf 80' lang='grc' dir='ltr'>σαρος,</span> <span class='ocrx_word' id='word_1_548' title='bbox 2300 3129 2359 3194; x_wconf 78' lang='grc' dir='ltr'>ὃς</span> <span class='ocrx_word' id='word_1_549' title='bbox 2390 3132 2526 3201; x_wconf 84' lang='grc' dir='ltr'><strong>μετὰ</strong></span> <span class='ocrx_word' id='word_1_550' title='bbox 2553 3131 2714 3184; x_wconf 83' lang='grc' dir='ltr'>Γάϊον</span> <span class='ocrx_word' id='word_1_551' title='bbox 2738 3130 2962 3199; x_wconf 80' lang='grc' dir='ltr'>γέγονεν</span> <span class='ocrx_word' id='word_1_552' title='bbox 2987 3130 3371 3202; x_wconf 80' lang='grc' dir='ltr'>αὐτοκράτωρ.</span> <span class='ocrx_word' id='word_1_553' title='bbox 3408 3149 3427 3183; x_wconf 78' lang='grc' dir='ltr'><strong>ι</strong></span> <span class='ocrx_word' id='word_1_554' title='bbox 3461 3129 3633 3182; x_wconf 83' lang='grc' dir='ltr'>Ἀνείλε</span> 
     </span>
    </p>
   </div>
   <div class='ocr_carea' id='block_1_76' title="bbox 2082 3220 3632 3293">
    <p class='ocr_par' dir='ltr' id='par_1_76' title="bbox 2082 3220 3632 3293">
     <span class='ocr_line' id='line_1_76' title="bbox 2082 3220 3632 3293; baseline -0.002 -18"><span class='ocrx_word' id='word_1_555' title='bbox 2082 3220 2159 3277; x_wconf 81' lang='grc' dir='ltr'><strong>δέ.</strong></span> <span class='ocrx_word' id='word_1_556' title='bbox 2201 3241 2220 3274; x_wconf 73' lang='grc' dir='ltr'><strong>ι</strong></span> <span class='ocrx_word' id='word_1_557' title='bbox 2247 3222 2367 3275; x_wconf 84' lang='grc' dir='ltr'>Ἵνα</span> <span class='ocrx_word' id='word_1_558' title='bbox 2399 3221 2585 3291; x_wconf 76' lang='grc' dir='ltr'>μηδεὶς</span> <span class='ocrx_word' id='word_1_559' title='bbox 2611 3221 2771 3293; x_wconf 83' lang='grc' dir='ltr'>λέγῃ,</span> <span class='ocrx_word' id='word_1_560' title='bbox 2801 3222 2887 3275; x_wconf 86' lang='grc' dir='ltr'>ὅτι</span> <span class='ocrx_word' id='word_1_561' title='bbox 2912 3222 3011 3276; x_wconf 82' lang='grc' dir='ltr'>Διὰ</span> <span class='ocrx_word' id='word_1_562' title='bbox 3039 3221 3196 3275; x_wconf 81' lang='grc' dir='ltr'>τοῦτο</span> <span class='ocrx_word' id='word_1_563' title='bbox 3228 3221 3525 3283; x_wconf 76' lang='grc' dir='ltr'>ἀκινδύνως</span> <span class='ocrx_word' id='word_1_564' title='bbox 3555 3221 3632 3273; x_wconf 74' lang='grc' dir='ltr'><strong>καὶ</strong></span> 
     </span>
    </p>
   </div>
   <div class='ocr_carea' id='block_1_77' title="bbox 2082 3309 3628 3382">
    <p class='ocr_par' dir='ltr' id='par_1_77' title="bbox 2082 3309 3628 3382">
     <span class='ocr_line' id='line_1_77' title="bbox 2082 3309 3628 3382; baseline -0.001 -18"><span class='ocrx_word' id='word_1_565' title='bbox 2082 3311 2253 3375; x_wconf 79' lang='grc' dir='ltr'>ἀδεῶς</span> <span class='ocrx_word' id='word_1_566' title='bbox 2284 3311 2669 3382; x_wconf 84' lang='grc' dir='ltr'>κατατολμῶσι</span> <span class='ocrx_word' id='word_1_567' title='bbox 2699 3310 2793 3365; x_wconf 81' lang='grc' dir='ltr'><strong>τοῦ</strong></span> <span class='ocrx_word' id='word_1_568' title='bbox 2827 3311 3095 3375; x_wconf 84' lang='grc' dir='ltr'>θανάτου,</span> <span class='ocrx_word' id='word_1_569' title='bbox 3126 3309 3222 3366; x_wconf 72' lang='grc' dir='ltr'><strong>ἅτε</strong></span> <span class='ocrx_word' id='word_1_570' title='bbox 3256 3310 3628 3381; x_wconf 70' lang='grc' dir='ltr'>ἐξαρπάζοντος</span> 
     </span>
    </p>
   </div>
   <div class='ocr_carea' id='block_1_78' title="bbox 2080 3399 3629 3473">
    <p class='ocr_par' dir='ltr' id='par_1_78' title="bbox 2080 3399 3629 3473">
     <span class='ocr_line' id='line_1_78' title="bbox 2080 3399 3629 3473; baseline -0.004 -15"><span class='ocrx_word' id='word_1_571' title='bbox 2080 3404 2279 3467; x_wconf 80' lang='grc' dir='ltr'>αὐτοὺς</span> <span class='ocrx_word' id='word_1_572' title='bbox 2301 3402 2397 3457; x_wconf 79' lang='grc' dir='ltr'>τοῦ</span> <span class='ocrx_word' id='word_1_573' title='bbox 2426 3403 2563 3457; x_wconf 74' lang='grc' dir='ltr'><strong>Θεοῦ</strong></span> <span class='ocrx_word' id='word_1_574' title='bbox 2580 3418 2595 3433; x_wconf 71' lang='grc' dir='ltr'><strong>ο</strong></span> <span class='ocrx_word' id='word_1_575' title='bbox 2629 3402 2716 3456; x_wconf 64' lang='grc' dir='ltr'><strong>διὰ</strong></span> <span class='ocrx_word' id='word_1_576' title='bbox 2745 3403 2908 3459; x_wconf 80' lang='grc' dir='ltr'>τοῦτο</span> <span class='ocrx_word' id='word_1_577' title='bbox 2935 3403 3209 3473; x_wconf 78' lang='grc' dir='ltr'>συγχωρεῖ</span> <span class='ocrx_word' id='word_1_578' title='bbox 3237 3400 3335 3456; x_wconf 77' lang='grc' dir='ltr'><strong>καὶ</strong></span> <span class='ocrx_word' id='word_1_579' title='bbox 3360 3399 3629 3471; x_wconf 81' lang='grc' dir='ltr'>ἀναιρεθῆ-</span> 
     </span>
    </p>
   </div>
   <div class='ocr_carea' id='block_1_79' title="bbox 2081 3487 3629 3563">
    <p class='ocr_par' dir='ltr' id='par_1_79' title="bbox 2081 3487 3629 3563">
     <span class='ocr_line' id='line_1_79' title="bbox 2081 3487 3629 3563; baseline -0.003 -17"><span class='ocrx_word' id='word_1_580' title='bbox 2081 3511 2169 3548; x_wconf 86' lang='grc' dir='ltr'><strong>ναι</strong></span> <span class='ocrx_word' id='word_1_581' title='bbox 2199 3492 2325 3556; x_wconf 81' lang='grc' dir='ltr'>τοὺς</span> <span class='ocrx_word' id='word_1_582' title='bbox 2354 3492 2706 3562; x_wconf 77' lang='grc' dir='ltr'>κορυφαίους,</span> <span class='ocrx_word' id='word_1_583' title='bbox 2735 3491 2938 3546; x_wconf 80' lang='grc' dir='ltr'>πείθων</span> <span class='ocrx_word' id='word_1_584' title='bbox 2964 3492 3160 3555; x_wconf 82' lang='grc' dir='ltr'>αὐτοὺς</span> <span class='ocrx_word' id='word_1_585' title='bbox 3191 3489 3343 3563; x_wconf 79' lang='grc' dir='ltr'>[τοὺς</span> <span class='ocrx_word' id='word_1_586' title='bbox 3370 3487 3629 3561; x_wconf 79' lang='grc' dir='ltr'>ἀναιροῦν·</span> 
     </span>
    </p>
   </div>
   <div class='ocr_carea' id='block_1_80' title="bbox 2080 3579 3627 3659">
    <p class='ocr_par' dir='ltr' id='par_1_80' title="bbox 2080 3579 3627 3659">
     <span class='ocr_line' id='line_1_80' title="bbox 2080 3579 3627 3659; baseline -0.004 -19"><span class='ocrx_word' id='word_1_587' title='bbox 2080 3585 2200 3659; x_wconf 77' lang='grc' dir='ltr'>τας]</span> <span class='ocrx_word' id='word_1_588' title='bbox 2240 3587 2324 3641; x_wconf 72' lang='grc' dir='ltr'>ὅτι</span> <span class='ocrx_word' id='word_1_589' title='bbox 2363 3584 2487 3639; x_wconf 76' lang='grc' dir='ltr'>οὐδὲ</span> <span class='ocrx_word' id='word_1_590' title='bbox 2526 3584 2703 3640; x_wconf 81' lang='grc' dir='ltr'>ταῦτα</span> <span class='ocrx_word' id='word_1_591' title='bbox 2741 3585 3032 3656; x_wconf 79' lang='grc' dir='ltr'>ἀφίστησιν</span> <span class='ocrx_word' id='word_1_592' title='bbox 3066 3584 3263 3648; x_wconf 79' lang='grc' dir='ltr'>αὐτοὺς</span> <span class='ocrx_word' id='word_1_593' title='bbox 3303 3584 3399 3638; x_wconf 75' lang='grc' dir='ltr'><strong>καὶ</strong></span> <span class='ocrx_word' id='word_1_594' title='bbox 3438 3579 3627 3636; x_wconf 79' lang='grc' dir='ltr'>κωλύει.</span> 
     </span>
    </p>
   </div>
   <div class='ocr_carea' id='block_1_81' title="bbox 2088 3673 3625 3749">
    <p class='ocr_par' dir='ltr' id='par_1_81' title="bbox 2088 3673 3625 3749">
     <span class='ocr_line' id='line_1_81' title="bbox 2088 3673 3625 3749; baseline -0.003 -18"><span class='ocrx_word' id='word_1_595' title='bbox 2088 3696 2107 3731; x_wconf 81' lang='grc' dir='ltr'><strong>ι</strong></span> <span class='ocrx_word' id='word_1_596' title='bbox 2145 3678 2451 3748; x_wconf 81' lang='grc' dir='ltr'>Παραδούς.</span> <span class='ocrx_word' id='word_1_597' title='bbox 2487 3697 2507 3730; x_wconf 76' lang='grc' dir='ltr'><strong>ι</strong></span> <span class='ocrx_word' id='word_1_598' title='bbox 2540 3678 2799 3731; x_wconf 87' lang='grc' dir='ltr'>Τουτέστι</span> <span class='ocrx_word' id='word_1_599' title='bbox 2825 3677 2915 3731; x_wconf 77' lang='grc' dir='ltr'><strong>τὸν</strong></span> <span class='ocrx_word' id='word_1_600' title='bbox 2939 3676 3171 3749; x_wconf 77' lang='grc' dir='ltr'>ἀριθμὸν</span> <span class='ocrx_word' id='word_1_601' title='bbox 3196 3676 3393 3744; x_wconf 80' lang='grc' dir='ltr'>δεκαέξ</span> <span class='ocrx_word' id='word_1_602' title='bbox 3417 3691 3433 3709; x_wconf 82' lang='lat'><strong><em>°</em></strong></span> <span class='ocrx_word' id='word_1_603' title='bbox 3459 3673 3625 3746; x_wconf 79' lang='grc' dir='ltr'>τετρὲ-</span> 
     </span>
    </p>
   </div>
   <div class='ocr_carea' id='block_1_82' title="bbox 2082 3762 3623 3840">
    <p class='ocr_par' dir='ltr' id='par_1_82' title="bbox 2082 3762 3623 3840">
     <span class='ocr_line' id='line_1_82' title="bbox 2082 3762 3623 3840; baseline -0.006 -17"><span class='ocrx_word' id='word_1_604' title='bbox 2082 3786 2165 3833; x_wconf 75' lang='grc' dir='ltr'>κις</span> <span class='ocrx_word' id='word_1_605' title='bbox 2202 3768 2308 3840; x_wconf 84' lang='grc' dir='ltr'><strong>γὰρ</strong></span> <span class='ocrx_word' id='word_1_606' title='bbox 2335 3767 2404 3822; x_wconf 82' lang='grc' dir='ltr'>τὰ</span> <span class='ocrx_word' id='word_1_607' title='bbox 2432 3767 2672 3838; x_wconf 83' lang='grc' dir='ltr'>τέσσαρα</span> <span class='ocrx_word' id='word_1_608' title='bbox 2704 3766 2945 3835; x_wconf 86' lang='grc' dir='ltr'>γίνονται</span> <span class='ocrx_word' id='word_1_609' title='bbox 2975 3765 3190 3831; x_wconf 73' lang='grc' dir='ltr'>δεκαέξ.</span> <span class='ocrx_word' id='word_1_610' title='bbox 3218 3766 3380 3827; x_wconf 87' lang='grc' dir='ltr'>Ἴσως</span> <span class='ocrx_word' id='word_1_611' title='bbox 3415 3762 3623 3818; x_wconf 64' lang='lat' dir='ltr'><strong>uallari-</strong></span> 
     </span>
    </p>
   </div>
   <div class='ocr_carea' id='block_1_83' title="bbox 2084 3851 3626 3930">
    <p class='ocr_par' dir='ltr' id='par_1_83' title="bbox 2084 3851 3626 3930">
     <span class='ocr_line' id='line_1_83' title="bbox 2084 3851 3626 3930; baseline -0.005 -16"><span class='ocrx_word' id='word_1_612' title='bbox 2084 3878 2216 3930; x_wconf 88' lang='grc' dir='ltr'>στην</span> <span class='ocrx_word' id='word_1_613' title='bbox 2244 3858 2527 3929; x_wconf 78' lang='grc' dir='ltr'>φυλακὴν,</span> <span class='ocrx_word' id='word_1_614' title='bbox 2558 3859 2805 3912; x_wconf 77' lang='grc' dir='ltr'>τουτέστι</span> <span class='ocrx_word' id='word_1_615' title='bbox 2833 3858 3132 3930; x_wconf 85' lang='grc' dir='ltr'>τριωρίαν,</span> <span class='ocrx_word' id='word_1_616' title='bbox 3163 3853 3302 3911; x_wconf 76' lang='grc' dir='ltr'>εἶναι</span> <span class='ocrx_word' id='word_1_617' title='bbox 3340 3856 3569 3926; x_wconf 76' lang='grc' dir='ltr'>φυλακάς</span> <span class='ocrx_word' id='word_1_618' title='bbox 3587 3851 3626 3885; x_wconf 81' lang='grc'><strong><em>⁸⁸</em></strong></span> 
     </span>
    </p>
   </div>
   <div class='ocr_carea' id='block_1_84' title="bbox 2080 3945 3626 4022">
    <p class='ocr_par' dir='ltr' id='par_1_84' title="bbox 2080 3945 3626 4022">
     <span class='ocr_line' id='line_1_84' title="bbox 2080 3945 3626 4022; baseline -0.008 -15"><span class='ocrx_word' id='word_1_619' title='bbox 2080 3952 2353 4022; x_wconf 76' lang='grc' dir='ltr'>τέσσαρας</span> <span class='ocrx_word' id='word_1_620' title='bbox 2373 3967 2390 3984; x_wconf 76' lang='grc' dir='ltr'><strong>ο</strong></span> <span class='ocrx_word' id='word_1_621' title='bbox 2426 3950 2536 4011; x_wconf 31' lang='grc' dir='ltr'>ενίσὶ</span> <span class='ocrx_word' id='word_1_622' title='bbox 2562 3949 2619 4003; x_wconf 78' lang='grc' dir='ltr'>δὲ</span> <span class='ocrx_word' id='word_1_623' title='bbox 2649 3949 2887 4019; x_wconf 80' lang='grc' dir='ltr'>φυλακαὶ</span> <span class='ocrx_word' id='word_1_624' title='bbox 2907 3951 2953 3982; x_wconf 83' lang='lat'><strong>&quot;</strong></span> <span class='ocrx_word' id='word_1_625' title='bbox 2984 3950 3248 4019; x_wconf 79' lang='grc' dir='ltr'>τέσσαρες</span> <span class='ocrx_word' id='word_1_626' title='bbox 3270 3987 3285 4013; x_wconf 97' lang='grc'><strong>,</strong></span> <span class='ocrx_word' id='word_1_627' title='bbox 3320 3945 3460 4001; x_wconf 75' lang='grc' dir='ltr'>κατὰ</span> <span class='ocrx_word' id='word_1_628' title='bbox 3486 3961 3626 4015; x_wconf 85' lang='grc' dir='ltr'>τριω-</span> 
     </span>
    </p>
   </div>
   <div class='ocr_carea' id='block_1_85' title="bbox 2083 4036 3625 4116">
    <p class='ocr_par' dir='ltr' id='par_1_85' title="bbox 2083 4036 3625 4116">
     <span class='ocr_line' id='line_1_85' title="bbox 2083 4036 3625 4116; baseline -0.005 -20"><span class='ocrx_word' id='word_1_629' title='bbox 2083 4043 2207 4116; x_wconf 87' lang='grc' dir='ltr'>ρίαν</span> <span class='ocrx_word' id='word_1_630' title='bbox 2231 4042 2451 4114; x_wconf 76' lang='grc' dir='ltr'>φυλακὴ</span> <span class='ocrx_word' id='word_1_631' title='bbox 2473 4041 2741 4113; x_wconf 85' lang='grc' dir='ltr'>λεγομένη</span> <span class='ocrx_word' id='word_1_632' title='bbox 2763 4057 2777 4072; x_wconf 94' lang='grc'><strong>·</strong></span> <span class='ocrx_word' id='word_1_633' title='bbox 2803 4041 2879 4105; x_wconf 85' lang='grc' dir='ltr'>ὼς</span> <span class='ocrx_word' id='word_1_634' title='bbox 2908 4037 3049 4099; x_wconf 79' lang='grc' dir='ltr'>εἶναι</span> <span class='ocrx_word' id='word_1_635' title='bbox 3073 4039 3133 4095; x_wconf 76' lang='grc' dir='ltr'>τὸ</span> <span class='ocrx_word' id='word_1_636' title='bbox 3159 4039 3504 4108; x_wconf 70' lang='grc' dir='ltr'>δωδεκάωρον</span> <span class='ocrx_word' id='word_1_637' title='bbox 3526 4036 3625 4091; x_wconf 72' lang='grc' dir='ltr'>ὅλον</span> 
     </span>
    </p>
   </div>
   <div class='ocr_carea' id='block_1_86' title="bbox 2069 4125 3623 4207">
    <p class='ocr_par' dir='ltr' id='par_1_86' title="bbox 2069 4125 3623 4207">
     <span class='ocr_line' id='line_1_86' title="bbox 2069 4125 3623 4207; baseline -0.009 -13"><span class='ocrx_word' id='word_1_638' title='bbox 2069 4138 2178 4207; x_wconf 65' lang='grc' dir='ltr'>τῆς</span> <span class='ocrx_word' id='word_1_639' title='bbox 2208 4135 2423 4201; x_wconf 83' lang='grc' dir='ltr'>νυκτὸς,</span> <span class='ocrx_word' id='word_1_640' title='bbox 2450 4133 2697 4205; x_wconf 81' lang='grc' dir='ltr'>φυλακὰς</span> <span class='ocrx_word' id='word_1_641' title='bbox 2722 4133 3017 4204; x_wconf 83' lang='grc' dir='ltr'>τέσσαρας,</span> <span class='ocrx_word' id='word_1_642' title='bbox 3046 4134 3102 4186; x_wconf 71' lang='grc' dir='ltr'>ἐν</span> <span class='ocrx_word' id='word_1_643' title='bbox 3131 4125 3219 4194; x_wconf 71' lang='grc' dir='ltr'><strong>αῖς</strong></span> <span class='ocrx_word' id='word_1_644' title='bbox 3248 4130 3353 4184; x_wconf 80' lang='grc' dir='ltr'>ἀνά</span> <span class='ocrx_word' id='word_1_645' title='bbox 3376 4126 3623 4195; x_wconf 78' lang='grc' dir='ltr'>τεσσάρων</span> 
     </span>
    </p>
   </div>
   <div class='ocr_carea' id='block_1_87' title="bbox 2083 4217 3621 4299">
    <p class='ocr_par' dir='ltr' id='par_1_87' title="bbox 2083 4217 3621 4299">
     <span class='ocr_line' id='line_1_87' title="bbox 2083 4217 3621 4299; baseline -0.009 -16"><span class='ocrx_word' id='word_1_646' title='bbox 2083 4227 2434 4299; x_wconf 85' lang='grc' dir='ltr'>στρατιωτῶν</span> <span class='ocrx_word' id='word_1_647' title='bbox 2483 4225 2889 4296; x_wconf 84' lang='grc' dir='ltr'>φυλασσόντων,</span> <span class='ocrx_word' id='word_1_648' title='bbox 2937 4225 2988 4278; x_wconf 77' lang='lat' dir='ltr'><strong>oi</strong></span> <span class='ocrx_word' id='word_1_649' title='bbox 3034 4224 3237 4287; x_wconf 76' lang='grc' dir='ltr'>πάντες</span> <span class='ocrx_word' id='word_1_650' title='bbox 3283 4222 3376 4275; x_wconf 80' lang='grc' dir='ltr'>τὸν</span> <span class='ocrx_word' id='word_1_651' title='bbox 3422 4217 3621 4291; x_wconf 74' lang='grc' dir='ltr'>ἀριθμὸν</span> 
     </span>
    </p>
   </div>
   <div class='ocr_carea' id='block_1_88' title="bbox 2082 4310 3620 4393">
    <p class='ocr_par' dir='ltr' id='par_1_88' title="bbox 2082 4310 3620 4393">
     <span class='ocr_line' id='line_1_88' title="bbox 2082 4310 3620 4393; baseline -0.01 -17"><span class='ocrx_word' id='word_1_652' title='bbox 2082 4321 2391 4388; x_wconf 76' lang='grc' dir='ltr'>ἑξκαίδεκα.</span> <span class='ocrx_word' id='word_1_653' title='bbox 2426 4339 2445 4374; x_wconf 80' lang='grc' dir='ltr'><strong>ι</strong></span> <span class='ocrx_word' id='word_1_654' title='bbox 2479 4318 2807 4391; x_wconf 77' lang='grc' dir='ltr'>Περίζωσαι.</span> <span class='ocrx_word' id='word_1_655' title='bbox 2845 4336 2865 4370; x_wconf 77' lang='grc' dir='ltr'><strong>ι</strong></span> <span class='ocrx_word' id='word_1_656' title='bbox 2898 4317 3004 4370; x_wconf 82' lang='grc' dir='ltr'><strong>Τοῦ</strong></span> <span class='ocrx_word' id='word_1_657' title='bbox 3036 4315 3240 4393; x_wconf 73' lang='grc' dir='ltr'>Κυρίρυ</span> <span class='ocrx_word' id='word_1_658' title='bbox 3267 4314 3505 4377; x_wconf 76' lang='grc' dir='ltr'>εἰπόντος</span> <span class='ocrx_word' id='word_1_659' title='bbox 3529 4310 3620 4370; x_wconf 81' lang='grc' dir='ltr'>τοῖς</span> 
     </span>
    </p>
   </div>
   <div class='ocr_carea' id='block_1_89' title="bbox 2087 4398 3620 4484">
    <p class='ocr_par' dir='ltr' id='par_1_89' title="bbox 2087 4398 3620 4484">
     <span class='ocr_line' id='line_1_89' title="bbox 2087 4398 3620 4484; baseline -0.01 -17"><span class='ocrx_word' id='word_1_660' title='bbox 2087 4413 2377 4484; x_wconf 78' lang='grc' dir='ltr'>μαθηταῖς,</span> <span class='ocrx_word' id='word_1_661' title='bbox 2422 4412 2496 4484; x_wconf 79' lang='grc' dir='ltr'><strong>μὴ</strong></span> <span class='ocrx_word' id='word_1_662' title='bbox 2536 4409 2841 4479; x_wconf 77' lang='grc' dir='ltr'>κτήσασθαι</span> <span class='ocrx_word' id='word_1_663' title='bbox 2883 4409 3104 4480; x_wconf 81' lang='grc' dir='ltr'>χρυσὸν,</span> <span class='ocrx_word' id='word_1_664' title='bbox 3144 4406 3177 4476; x_wconf 74' lang='grc' dir='ltr'><strong>ἢ</strong></span> <span class='ocrx_word' id='word_1_665' title='bbox 3222 4405 3475 4476; x_wconf 81' lang='grc' dir='ltr'>ἄργυρον,</span> <span class='ocrx_word' id='word_1_666' title='bbox 3510 4398 3620 4471; x_wconf 75' lang='grc' dir='ltr'>μηδὲ</span> 
     </span>
    </p>
   </div>
   <div class='ocr_carea' id='block_1_90' title="bbox 411 4489 1980 4582">
    <p class='ocr_par' dir='ltr' id='par_1_90' title="bbox 411 4493 1980 4582">
     <span class='ocr_line' id='line_1_90' title="bbox 411 4493 1980 4582; baseline 0.011 -35"><span class='ocrx_word' id='word_1_667' title='bbox 411 4493 583 4563; x_wconf 82' lang='lat' dir='ltr'><strong>gulis,</strong></span> <span class='ocrx_word' id='word_1_668' title='bbox 630 4510 753 4551; x_wconf 88' lang='lat' dir='ltr'><strong>cum</strong></span> <span class='ocrx_word' id='word_1_669' title='bbox 798 4506 1033 4568; x_wconf 87' lang='lat' dir='ltr'><strong>quatuor</strong></span> <span class='ocrx_word' id='word_1_670' title='bbox 1076 4500 1335 4559; x_wconf 83' lang='lat' dir='ltr'><strong>custodes</strong></span> <span class='ocrx_word' id='word_1_671' title='bbox 1374 4504 1689 4582; x_wconf 80' lang='lat' dir='ltr'><strong>vigilarent,</strong></span> <span class='ocrx_word' id='word_1_672' title='bbox 1722 4505 1778 4561; x_wconf 91' lang='lat' dir='ltr'><strong>hi</strong></span> <span class='ocrx_word' id='word_1_673' title='bbox 1817 4507 1980 4577; x_wconf 79' lang='lat' dir='ltr'><strong>simul</strong></span> 
     </span>
    </p>
   </div>
   <div class='ocr_carea' id='block_1_91' title="bbox 2086 4489 3617 4582">
    <p class='ocr_par' dir='ltr' id='par_1_91' title="bbox 2086 4489 3617 4575">
     <span class='ocr_line' id='line_1_91' title="bbox 2086 4489 3617 4575; baseline 0.002 -17"><span class='ocrx_word' id='word_1_674' title='bbox 2086 4504 2177 4559; x_wconf 83' lang='grc' dir='ltr'>δύο</span> <span class='ocrx_word' id='word_1_675' title='bbox 2216 4503 2480 4575; x_wconf 80' lang='grc' dir='ltr'>χιτῶνας.</span> <span class='ocrx_word' id='word_1_676' title='bbox 2527 4503 2660 4574; x_wconf 78' lang='grc' dir='ltr'>μηδὲ</span> <span class='ocrx_word' id='word_1_677' title='bbox 2702 4500 3050 4570; x_wconf 76' lang='grc' dir='ltr'>ὑποδήματα,</span> <span class='ocrx_word' id='word_1_678' title='bbox 3095 4496 3229 4569; x_wconf 68' lang='grc' dir='ltr'>μηδὲ</span> <span class='ocrx_word' id='word_1_679' title='bbox 3267 4495 3471 4566; x_wconf 69' lang='grc' dir='ltr'>ζώνην,</span> <span class='ocrx_word' id='word_1_680' title='bbox 3509 4489 3617 4563; x_wconf 71' lang='grc' dir='ltr'><strong>μηδὲ</strong></span> 
     </span>
    </p>
   </div>
   <div class='ocr_carea' id='block_1_92' title="bbox 409 4588 1979 4668">
    <p class='ocr_par' dir='ltr' id='par_1_92' title="bbox 409 4588 1979 4668">
     <span class='ocr_line' id='line_1_92' title="bbox 409 4588 1979 4668; baseline 0.012 -32"><span class='ocrx_word' id='word_1_681' title='bbox 409 4601 598 4641; x_wconf 81' lang='lat' dir='ltr'><strong>omnes</strong></span> <span class='ocrx_word' id='word_1_682' title='bbox 631 4588 996 4645; x_wconf 71' lang='lat' dir='ltr'><strong>conficiebant</strong></span> <span class='ocrx_word' id='word_1_683' title='bbox 1025 4594 1325 4649; x_wconf 86' lang='lat' dir='ltr'><strong>sexdecim.</strong></span> <span class='ocrx_word' id='word_1_684' title='bbox 1359 4593 1748 4668; x_wconf 72' lang='lat' dir='ltr'><strong>tl‘razcingere.</strong></span> <span class='ocrx_word' id='word_1_685' title='bbox 1787 4616 1808 4651; x_wconf 83' lang='grc'><strong>›</strong></span> <span class='ocrx_word' id='word_1_686' title='bbox 1843 4599 1979 4656; x_wconf 81' lang='lat' dir='ltr'><strong>Cum</strong></span> 
     </span>
    </p>
   </div>
   <div class='ocr_carea' id='block_1_93' title="bbox 413 4674 1978 4755">
    <p class='ocr_par' dir='ltr' id='par_1_93' title="bbox 413 4674 1978 4755">
     <span class='ocr_line' id='line_1_93' title="bbox 413 4674 1978 4755; baseline 0.012 -30"><span class='ocrx_word' id='word_1_687' title='bbox 413 4674 673 4732; x_wconf 87' lang='lat' dir='ltr'><strong>Dominus</strong></span> <span class='ocrx_word' id='word_1_688' title='bbox 696 4676 983 4749; x_wconf 86' lang='lat' dir='ltr'><strong>discipulis</strong></span> <span class='ocrx_word' id='word_1_689' title='bbox 1014 4683 1132 4738; x_wconf 87' lang='lat' dir='ltr'><strong>suis</strong></span> <span class='ocrx_word' id='word_1_690' title='bbox 1170 4686 1505 4753; x_wconf 61' lang='lat' dir='ltr'><strong>praeceperit,</strong></span> <span class='ocrx_word' id='word_1_691' title='bbox 1538 4701 1604 4742; x_wconf 91' lang='lat' dir='ltr'><strong>ne</strong></span> <span class='ocrx_word' id='word_1_692' title='bbox 1637 4706 1656 4739; x_wconf 82' lang='grc' dir='ltr'><strong>ι</strong></span> <span class='ocrx_word' id='word_1_693' title='bbox 1688 4686 1733 4719; x_wconf 82' lang='grc'><strong>⁵⁸</strong></span> <span class='ocrx_word' id='word_1_694' title='bbox 1758 4700 1978 4755; x_wconf 89' lang='lat' dir='ltr'><strong>aurum,</strong></span> 
     </span>
    </p>
   </div>
   <div class='ocr_carea' id='block_1_94' title="bbox 409 4774 1980 4847">
    <p class='ocr_par' dir='ltr' id='par_1_94' title="bbox 409 4774 1980 4847">
     <span class='ocr_line' id='line_1_94' title="bbox 409 4774 1980 4847; baseline 0.009 -26"><span class='ocrx_word' id='word_1_695' title='bbox 409 4775 506 4822; x_wconf 89' lang='lat' dir='ltr'><strong>aut</strong></span> <span class='ocrx_word' id='word_1_696' title='bbox 551 4779 835 4839; x_wconf 85' lang='lat' dir='ltr'><strong>argentum</strong></span> <span class='ocrx_word' id='word_1_697' title='bbox 904 4774 1280 4843; x_wconf 88' lang='lat' dir='ltr'><strong>possiderent,</strong></span> <span class='ocrx_word' id='word_1_698' title='bbox 1332 4793 1510 4847; x_wconf 85' lang='lat' dir='ltr'><strong>neque</strong></span> <span class='ocrx_word' id='word_1_699' title='bbox 1569 4779 1706 4835; x_wconf 91' lang='lat' dir='ltr'><strong>duas</strong></span> <span class='ocrx_word' id='word_1_700' title='bbox 1745 4781 1980 4846; x_wconf 86' lang='lat' dir='ltr'><strong>tunicas,</strong></span> 
     </span>
    </p>
   </div>
   <div class='ocr_carea' id='block_1_95' title="bbox 412 4860 1978 4939">
    <p class='ocr_par' dir='ltr' id='par_1_95' title="bbox 412 4860 1978 4939">
     <span class='ocr_line' id='line_1_95' title="bbox 412 4860 1978 4939; baseline 0.007 -29"><span class='ocrx_word' id='word_1_701' title='bbox 412 4874 584 4928; x_wconf 82' lang='lat' dir='ltr'><strong>neque</strong></span> <span class='ocrx_word' id='word_1_702' title='bbox 617 4860 1014 4929; x_wconf 88' lang='lat' dir='ltr'><strong>calceamenta,</strong></span> <span class='ocrx_word' id='word_1_703' title='bbox 1059 4878 1234 4933; x_wconf 89' lang='lat' dir='ltr'><strong>neque</strong></span> <span class='ocrx_word' id='word_1_704' title='bbox 1272 4881 1497 4931; x_wconf 85' lang='lat' dir='ltr'><strong>zonam,</strong></span> <span class='ocrx_word' id='word_1_705' title='bbox 1540 4881 1715 4939; x_wconf 89' lang='lat' dir='ltr'><strong>neque</strong></span> <span class='ocrx_word' id='word_1_706' title='bbox 1769 4868 1978 4937; x_wconf 85' lang='lat' dir='ltr'><strong>virgam</strong></span> 
     </span>
    </p>
   </div>
   <div class='ocr_carea' id='block_1_96' title="bbox 412 4950 1979 5026">
    <p class='ocr_par' dir='ltr' id='par_1_96' title="bbox 412 4950 1979 5026">
     <span class='ocr_line' id='line_1_96' title="bbox 412 4950 1979 5026; baseline 0.006 -22"><span class='ocrx_word' id='word_1_707' title='bbox 412 4950 712 5018; x_wconf 79' lang='lat' dir='ltr'><strong>haberent;</strong></span> <span class='ocrx_word' id='word_1_708' title='bbox 750 4970 771 5004; x_wconf 75' lang='grc' dir='ltr'><strong>ι</strong></span> <span class='ocrx_word' id='word_1_709' title='bbox 805 4953 1082 5022; x_wconf 90' lang='lat' dir='ltr'><strong>quomodo</strong></span> <span class='ocrx_word' id='word_1_710' title='bbox 1119 4953 1316 5014; x_wconf 86' lang='lat' dir='ltr'><strong>Petrus</strong></span> <span class='ocrx_word' id='word_1_711' title='bbox 1354 4959 1670 5015; x_wconf 85' lang='lat' dir='ltr'><strong>mandatum</strong></span> <span class='ocrx_word' id='word_1_712' title='bbox 1711 4958 1979 5026; x_wconf 85' lang='lat' dir='ltr'><strong>ejusmodi</strong></span> 
     </span>
    </p>
   </div>
   <div class='ocr_carea' id='block_1_97' title="bbox 501 5066 978 5133">
    <p class='ocr_par' dir='ltr' id='par_1_97' title="bbox 501 5066 978 5133">
     <span class='ocr_line' id='line_1_97' title="bbox 501 5066 978 5133; baseline 0.008 -13"><span class='ocrx_word' id='word_1_713' title='bbox 501 5066 549 5103; x_wconf 84' lang='grc'><strong>⁸³</strong></span> <span class='ocrx_word' id='word_1_714' title='bbox 577 5066 767 5123; x_wconf 75' lang='lat' dir='ltr'><strong>Matth.</strong></span> <span class='ocrx_word' id='word_1_715' title='bbox 801 5083 855 5133; x_wconf 73' lang='grc' dir='ltr'>ι,</span> <span class='ocrx_word' id='word_1_716' title='bbox 891 5070 978 5126; x_wconf 77' lang='grc'><strong>10.</strong></span> 
     </span>
    </p>
   </div>
   <div class='ocr_carea' id='block_1_98' title="bbox 2087 4583 3613 4667">
    <p class='ocr_par' dir='ltr' id='par_1_98' title="bbox 2087 4583 3613 4667">
     <span class='ocr_line' id='line_1_98' title="bbox 2087 4583 3613 4667; baseline -0.012 -17"><span class='ocrx_word' id='word_1_717' title='bbox 2087 4595 2304 4667; x_wconf 76' lang='grc' dir='ltr'>ῥάϐδον,</span> <span class='ocrx_word' id='word_1_718' title='bbox 2358 4594 2474 4657; x_wconf 84' lang='grc' dir='ltr'><strong>πῶς</strong></span> <span class='ocrx_word' id='word_1_719' title='bbox 2504 4597 2532 4647; x_wconf 91' lang='lat'><strong>6</strong></span> <span class='ocrx_word' id='word_1_720' title='bbox 2562 4593 2767 4664; x_wconf 86' lang='grc' dir='ltr'>Πέτρος</span> <span class='ocrx_word' id='word_1_721' title='bbox 2801 4591 2951 4663; x_wconf 77' lang='grc' dir='ltr'>παρά</span> <span class='ocrx_word' id='word_1_722' title='bbox 2982 4590 3043 4643; x_wconf 84' lang='grc' dir='ltr'><strong>τδ</strong></span> <span class='ocrx_word' id='word_1_723' title='bbox 3077 4588 3407 4660; x_wconf 81' lang='grc' dir='ltr'>πρόσταγμα</span> <span class='ocrx_word' id='word_1_724' title='bbox 3435 4583 3613 4644; x_wconf 75' lang='grc' dir='ltr'>ἐποίει,</span> 
     </span>
    </p>
   </div>
   <div class='ocr_carea' id='block_1_99' title="bbox 2084 4670 3617 4756">
    <p class='ocr_par' dir='ltr' id='par_1_99' title="bbox 2084 4670 3617 4756">
     <span class='ocr_line' id='line_1_99' title="bbox 2084 4670 3617 4756; baseline -0.011 -13"><span class='ocrx_word' id='word_1_725' title='bbox 2084 4688 2179 4743; x_wconf 74' lang='grc' dir='ltr'><strong>καὶ</strong></span> <span class='ocrx_word' id='word_1_726' title='bbox 2214 4688 2404 4756; x_wconf 73' lang='grc' dir='ltr'>ἱμάτια</span> <span class='ocrx_word' id='word_1_727' title='bbox 2435 4685 2596 4756; x_wconf 79' lang='grc' dir='ltr'>έχων,</span> <span class='ocrx_word' id='word_1_728' title='bbox 2628 4686 2723 4738; x_wconf 77' lang='grc' dir='ltr'>καὶ</span> <span class='ocrx_word' id='word_1_729' title='bbox 2755 4683 3110 4754; x_wconf 79' lang='grc' dir='ltr'>ὕποδήματα;</span> <span class='ocrx_word' id='word_1_730' title='bbox 3140 4680 3207 4733; x_wconf 90' lang='grc' dir='ltr'>Τί</span> <span class='ocrx_word' id='word_1_731' title='bbox 3235 4679 3293 4733; x_wconf 77' lang='grc' dir='ltr'>δὲ</span> <span class='ocrx_word' id='word_1_732' title='bbox 3324 4680 3417 4732; x_wconf 75' lang='grc' dir='ltr'>καὶ</span> <span class='ocrx_word' id='word_1_733' title='bbox 3444 4677 3469 4730; x_wconf 88' lang='lat'><strong>6</strong></span> <span class='ocrx_word' id='word_1_734' title='bbox 3500 4670 3617 4728; x_wconf 62' lang='lat' dir='ltr'><strong>Dabo</strong></span> 
     </span>
    </p>
   </div>
   <div class='ocr_carea' id='block_1_100' title="bbox 2086 4758 3616 4845">
    <p class='ocr_par' dir='ltr' id='par_1_100' title="bbox 2086 4758 3616 4845">
     <span class='ocr_line' id='line_1_100' title="bbox 2086 4758 3616 4845; baseline -0.01 -16"><span class='ocrx_word' id='word_1_735' title='bbox 2086 4776 2196 4839; x_wconf 82' lang='grc' dir='ltr'>λος,</span> <span class='ocrx_word' id='word_1_736' title='bbox 2223 4777 2351 4830; x_wconf 88' lang='grc' dir='ltr'>ὅταν</span> <span class='ocrx_word' id='word_1_737' title='bbox 2379 4773 2731 4845; x_wconf 78' lang='grc' dir='ltr'>παραγγέλλῃ</span> <span class='ocrx_word' id='word_1_738' title='bbox 2759 4771 3013 4843; x_wconf 40' lang='grc' dir='ltr'>Τιμοθέῳ»</span> <span class='ocrx_word' id='word_1_739' title='bbox 3031 4770 3280 4840; x_wconf 67' lang='grc' dir='ltr'>γράφων·</span> <span class='ocrx_word' id='word_1_740' title='bbox 3303 4785 3323 4819; x_wconf 80' lang='grc' dir='ltr'><strong>ι</strong></span> <span class='ocrx_word' id='word_1_741' title='bbox 3353 4768 3395 4819; x_wconf 88' lang='grc' dir='ltr'><strong>Τ</strong></span> <span class='ocrx_word' id='word_1_742' title='bbox 3397 4767 3450 4820; x_wconf 85' lang='grc' dir='ltr'><strong>δν</strong></span> <span class='ocrx_word' id='word_1_743' title='bbox 3473 4758 3616 4834; x_wconf 83' lang='grc' dir='ltr'>φελώ-</span> 
     </span>
    </p>
   </div>
   <div class='ocr_carea' id='block_1_101' title="bbox 2083 4852 3613 4936">
    <p class='ocr_par' dir='ltr' id='par_1_101' title="bbox 2083 4852 3613 4936">
     <span class='ocr_line' id='line_1_101' title="bbox 2083 4852 3613 4936; baseline -0.01 -16"><span class='ocrx_word' id='word_1_744' title='bbox 2083 4882 2212 4936; x_wconf 78' lang='grc' dir='ltr'>νην,</span> <span class='ocrx_word' id='word_1_745' title='bbox 2241 4865 2305 4919; x_wconf 71' lang='grc' dir='ltr'>ὃν</span> <span class='ocrx_word' id='word_1_746' title='bbox 2332 4865 2598 4918; x_wconf 80' lang='grc' dir='ltr'>ἀπέλιπον</span> <span class='ocrx_word' id='word_1_747' title='bbox 2631 4865 2690 4918; x_wconf 78' lang='grc' dir='ltr'>ὲν</span> <span class='ocrx_word' id='word_1_748' title='bbox 2717 4862 2932 4935; x_wconf 85' lang='grc' dir='ltr'>Τρωάδι</span> <span class='ocrx_word' id='word_1_749' title='bbox 2964 4860 3116 4933; x_wconf 75' lang='grc' dir='ltr'>παρά</span> <span class='ocrx_word' id='word_1_750' title='bbox 3148 4860 3395 4932; x_wconf 83' lang='grc' dir='ltr'>Κάρπῳ,</span> <span class='ocrx_word' id='word_1_751' title='bbox 3422 4852 3613 4925; x_wconf 76' lang='grc' dir='ltr'>ἐρχόμε-</span> 
     </span>
    </p>
   </div>
   <div class='ocr_carea' id='block_1_102' title="bbox 2085 4939 3611 5028">
    <p class='ocr_par' dir='ltr' id='par_1_102' title="bbox 2085 4939 3611 5028">
     <span class='ocr_line' id='line_1_102' title="bbox 2085 4939 3611 5028; baseline -0.017 -6"><span class='ocrx_word' id='word_1_752' title='bbox 2085 4974 2175 5020; x_wconf 77' lang='grc' dir='ltr'><strong>νος</strong></span> <span class='ocrx_word' id='word_1_753' title='bbox 2204 4956 2372 5028; x_wconf 57' lang='lat' dir='ltr'><strong>ccipe;</strong></span> <span class='ocrx_word' id='word_1_754' title='bbox 2404 4976 2423 5009; x_wconf 76' lang='grc' dir='ltr'><strong>ι</strong></span> <span class='ocrx_word' id='word_1_755' title='bbox 2444 4956 2575 5011; x_wconf 83' lang='grc' dir='ltr'><strong>Ἰδοὺ</strong></span> <span class='ocrx_word' id='word_1_756' title='bbox 2607 4954 2854 5027; x_wconf 81' lang='grc' dir='ltr'>φελὼνην</span> <span class='ocrx_word' id='word_1_757' title='bbox 2883 4950 3017 5026; x_wconf 71' lang='grc' dir='ltr'>εἶχε,</span> <span class='ocrx_word' id='word_1_758' title='bbox 3049 4952 3144 5006; x_wconf 72' lang='grc' dir='ltr'>καὶ</span> <span class='ocrx_word' id='word_1_759' title='bbox 3163 4950 3263 5005; x_wconf 80' lang='grc' dir='ltr'><strong>οὐκ</strong></span> <span class='ocrx_word' id='word_1_760' title='bbox 3280 4948 3346 5005; x_wconf 76' lang='grc' dir='ltr'><strong>ἃν</strong></span> <span class='ocrx_word' id='word_1_761' title='bbox 3377 4947 3478 5019; x_wconf 65' lang='grc' dir='ltr'>ἔχει</span> <span class='ocrx_word' id='word_1_762' title='bbox 3502 4939 3611 4999; x_wconf 78' lang='grc' dir='ltr'>τοῦί</span> 
     </span>
    </p>
   </div>
   <div class='ocr_carea' id='block_1_103' title="bbox 1609 5168 2496 5233">
    <p class='ocr_par' dir='ltr' id='par_1_103' title="bbox 1609 5168 2496 5233">
     <span class='ocr_line' id='line_1_103' title="bbox 1609 5168 2496 5233; baseline 0.002 -4"><span class='ocrx_word' id='word_1_763' title='bbox 1609 5169 1808 5231; x_wconf 59' lang='lat' dir='ltr'><strong>Varias</strong></span> <span class='ocrx_word' id='word_1_764' title='bbox 1843 5168 2152 5233; x_wconf 86' lang='lat' dir='ltr'><strong>lectiones</strong></span> <span class='ocrx_word' id='word_1_765' title='bbox 2193 5173 2256 5232; x_wconf 86' lang='lat' dir='ltr'><strong>et</strong></span> <span class='ocrx_word' id='word_1_766' title='bbox 2301 5174 2496 5232; x_wconf 67' lang='lat' dir='ltr'><strong>notes.</strong></span> 
     </span>
    </p>
   </div>
   <div class='ocr_carea' id='block_1_104' title="bbox 480 5261 2076 5339">
    <p class='ocr_par' dir='ltr' id='par_1_104' title="bbox 480 5261 2076 5339">
     <span class='ocr_line' id='line_1_104' title="bbox 480 5261 2076 5339; baseline 0.025 -44"><span class='ocrx_word' id='word_1_767' title='bbox 480 5261 605 5295; x_wconf 71' lang='lat' dir='ltr'><strong>se.&quot;</strong></span> <span class='ocrx_word' id='word_1_768' title='bbox 623 5262 876 5330; x_wconf 67' lang='grc' dir='ltr'>Γαλλίας,</span> <span class='ocrx_word' id='word_1_769' title='bbox 951 5263 1000 5300; x_wconf 73' lang='grc' dir='ltr'><strong>οι</strong></span> <span class='ocrx_word' id='word_1_770' title='bbox 1027 5263 1296 5337; x_wconf 75' lang='grc' dir='ltr'>φύλακας,</span> <span class='ocrx_word' id='word_1_771' title='bbox 1371 5266 1418 5300; x_wconf 73' lang='grc'><strong>⁸³</strong></span> <span class='ocrx_word' id='word_1_772' title='bbox 1441 5266 1701 5337; x_wconf 73' lang='grc' dir='ltr'>φύλακες.</span> <span class='ocrx_word' id='word_1_773' title='bbox 1778 5271 1795 5302; x_wconf 78' lang='grc'>⁸</span> <span class='ocrx_word' id='word_1_774' title='bbox 1827 5269 1941 5339; x_wconf 73' lang='grc' dir='ltr'>ἔχοι</span> <span class='ocrx_word' id='word_1_775' title='bbox 1970 5286 2076 5334; x_wconf 79' lang='grc' dir='ltr'>τις·</span> 
     </span>
    </p>
   </div>
   <div class='ocr_carea' id='block_1_105' title="bbox 428 5440 1973 5516">
    <p class='ocr_par' dir='ltr' id='par_1_105' title="bbox 428 5440 1973 5516">
     <span class='ocr_line' id='line_1_105' title="bbox 428 5440 1973 5516; baseline 0.007 -22"><span class='ocrx_word' id='word_1_776' title='bbox 428 5440 591 5516; x_wconf 46' lang='grc' dir='ltr'>ηαδ)</span> <span class='ocrx_word' id='word_1_777' title='bbox 631 5442 765 5496; x_wconf 84' lang='lat' dir='ltr'><strong>Tam</strong></span> <span class='ocrx_word' id='word_1_778' title='bbox 811 5443 984 5516; x_wconf 81' lang='lat' dir='ltr'><strong>codex</strong></span> <span class='ocrx_word' id='word_1_779' title='bbox 1030 5452 1219 5516; x_wconf 80' lang='lat' dir='ltr'><strong>noster</strong></span> <span class='ocrx_word' id='word_1_780' title='bbox 1265 5445 1860 5516; x_wconf 17' lang='lat' dir='ltr'><strong>qnamiFlorentinus,</strong></span> <span class='ocrx_word' id='word_1_781' title='bbox 1908 5464 1973 5505; x_wconf 89' lang='lat' dir='ltr'><strong>ac</strong></span> 
     </span>
    </p>
   </div>
   <div class='ocr_carea' id='block_1_106' title="bbox 409 5513 1974 5579">
    <p class='ocr_par' dir='ltr' id='par_1_106' title="bbox 409 5513 1974 5579">
     <span class='ocr_line' id='line_1_106' title="bbox 409 5513 1974 5579; baseline 0.008 -18"><span class='ocrx_word' id='word_1_782' title='bbox 409 5513 573 5564; x_wconf 82' lang='lat' dir='ltr'><strong>etiam</strong></span> <span class='ocrx_word' id='word_1_783' title='bbox 615 5520 794 5567; x_wconf 84' lang='lat' dir='ltr'><strong>textus</strong></span> <span class='ocrx_word' id='word_1_784' title='bbox 829 5514 1005 5569; x_wconf 88' lang='lat' dir='ltr'><strong>editus</strong></span> <span class='ocrx_word' id='word_1_785' title='bbox 1044 5514 1147 5570; x_wconf 89' lang='lat' dir='ltr'><strong>sub</strong></span> <span class='ocrx_word' id='word_1_786' title='bbox 1179 5513 1401 5570; x_wconf 85' lang='lat' dir='ltr'><strong>nomine</strong></span> <span class='ocrx_word' id='word_1_787' title='bbox 1436 5515 1784 5579; x_wconf 75' lang='lat' dir='ltr'><strong>(Ecumenii,</strong></span> <span class='ocrx_word' id='word_1_788' title='bbox 1830 5522 1974 5575; x_wconf 90' lang='lat' dir='ltr'><strong>sicut</strong></span> 
     </span>
    </p>
   </div>
   <div class='ocr_carea' id='block_1_107' title="bbox 410 5580 1969 5656">
    <p class='ocr_par' dir='ltr' id='par_1_107' title="bbox 410 5580 1969 5656">
     <span class='ocr_line' id='line_1_107' title="bbox 410 5580 1969 5656; baseline 0.005 -25"><span class='ocrx_word' id='word_1_789' title='bbox 410 5580 575 5656; x_wconf 76' lang='lat' dir='ltr'><strong>etiam</strong></span> <span class='ocrx_word' id='word_1_790' title='bbox 616 5583 797 5656; x_wconf 68' lang='lat' dir='ltr'><strong>versio</strong></span> <span class='ocrx_word' id='word_1_791' title='bbox 833 5581 1114 5656; x_wconf 69' lang='lat' dir='ltr'><strong>lientenii,</strong></span> <span class='ocrx_word' id='word_1_792' title='bbox 1161 5585 1363 5640; x_wconf 79' lang='lat' dir='ltr'><strong>habent</strong></span> <span class='ocrx_word' id='word_1_793' title='bbox 1407 5601 1503 5654; x_wconf 76' lang='lat' dir='ltr'><strong>per</strong></span> <span class='ocrx_word' id='word_1_794' title='bbox 1534 5585 1969 5656; x_wconf 75' lang='lat' dir='ltr'><strong>aiiirmationem,</strong></span> 
     </span>
    </p>
   </div>
   <div class='ocr_carea' id='block_1_108' title="bbox 409 5651 1969 5771">
    <p class='ocr_par' dir='ltr' id='par_1_108' title="bbox 409 5651 1969 5771">
     <span class='ocr_line' id='line_1_108' title="bbox 409 5651 1969 5771; baseline 0.007 -70"><span class='ocrx_word' id='word_1_795' title='bbox 409 5651 495 5701; x_wconf 78' lang='lat' dir='ltr'><strong>hic</strong></span> <span class='ocrx_word' id='word_1_796' title='bbox 521 5658 621 5705; x_wconf 80' lang='lat' dir='ltr'><strong>est.</strong></span> <span class='ocrx_word' id='word_1_797' title='bbox 657 5651 723 5703; x_wconf 85' lang='lat' dir='ltr'><strong>At</strong></span> <span class='ocrx_word' id='word_1_798' title='bbox 758 5652 830 5703; x_wconf 90' lang='lat' dir='ltr'><strong>ita</strong></span> <span class='ocrx_word' id='word_1_799' title='bbox 863 5651 1169 5771; x_wconf 59' lang='lat' dir='ltr'><strong>legendum,</strong></span> <span class='ocrx_word' id='word_1_800' title='bbox 1206 5665 1258 5707; x_wconf 93' lang='lat' dir='ltr'><strong>ut</strong></span> <span class='ocrx_word' id='word_1_801' title='bbox 1301 5651 1589 5725; x_wconf 37' lang='lat' dir='ltr'><strong>ego‘verti.</strong></span> <span class='ocrx_word' id='word_1_802' title='bbox 1623 5672 1817 5727; x_wconf 89' lang='lat' dir='ltr'><strong>nempe</strong></span> <span class='ocrx_word' id='word_1_803' title='bbox 1845 5651 1969 5714; x_wconf 84' lang='lat' dir='ltr'><strong>cum</strong></span> 
     </span>
     <span class='ocr_line' id='line_1_109' title="bbox 411 5719 1969 5771; baseline 0.001 -1"><span class='ocrx_word' id='word_1_804' title='bbox 411 5719 734 5771; x_wconf 64' lang='lat' dir='ltr'><strong>negatione.</strong></span> <span class='ocrx_word' id='word_1_805' title='bbox 772 5735 879 5771; x_wconf 87' lang='lat' dir='ltr'><strong>non</strong></span> <span class='ocrx_word' id='word_1_806' title='bbox 911 5721 1133 5771; x_wconf 76' lang='lat' dir='ltr'><strong>iubilo.</strong></span> <span class='ocrx_word' id='word_1_807' title='bbox 1173 5730 1287 5771; x_wconf 84' lang='lat' dir='ltr'><strong>lum</strong></span> <span class='ocrx_word' id='word_1_808' title='bbox 1332 5725 1457 5771; x_wconf 82' lang='lat' dir='ltr'><strong>mtia</strong></span> <span class='ocrx_word' id='word_1_809' title='bbox 1489 5726 1539 5771; x_wconf 84' lang='lat' dir='ltr'><strong>id</strong></span> <span class='ocrx_word' id='word_1_810' title='bbox 1575 5727 1739 5771; x_wconf 70' lang='lat' dir='ltr'><strong>exigit</strong></span> <span class='ocrx_word' id='word_1_811' title='bbox 1775 5730 1969 5771; x_wconf 68' lang='lat' dir='ltr'><strong>veritnq</strong></span> 
     </span>
    </p>
   </div>
   <div class='ocr_carea' id='block_1_109' title="bbox 411 5719 1972 5798">
    <p class='ocr_par' dir='ltr' id='par_1_109' title="bbox 411 5719 1972 5798">
     <span class='ocr_line' id='line_1_110' title="bbox 411 5719 1972 5798; baseline 0.008 -29"><span class='ocrx_word' id='word_1_812' title='bbox 411 5719 742 5798; x_wconf 71' lang='lat' dir='ltr'><strong>negatione,</strong></span> <span class='ocrx_word' id='word_1_813' title='bbox 772 5719 1133 5798; x_wconf 75' lang='lat' dir='ltr'><strong>uondubito,</strong></span> <span class='ocrx_word' id='word_1_814' title='bbox 1168 5730 1287 5798; x_wconf 72' lang='lat' dir='ltr'><strong>tum</strong></span> <span class='ocrx_word' id='word_1_815' title='bbox 1332 5719 1457 5798; x_wconf 69' lang='lat' dir='ltr'><strong>quia</strong></span> <span class='ocrx_word' id='word_1_816' title='bbox 1489 5726 1539 5778; x_wconf 90' lang='lat' dir='ltr'><strong>id</strong></span> <span class='ocrx_word' id='word_1_817' title='bbox 1575 5719 1972 5798; x_wconf 44' lang='lat' dir='ltr'><strong>exigit-veritas</strong></span> 
     </span>
    </p>
   </div>
   <div class='ocr_carea' id='block_1_110' title="bbox 414 5789 1975 5867">
    <p class='ocr_par' dir='ltr' id='par_1_110' title="bbox 414 5789 1975 5867">
     <span class='ocr_line' id='line_1_111' title="bbox 414 5789 1975 5867; baseline -0.002 -26"><span class='ocrx_word' id='word_1_818' title='bbox 414 5789 675 5855; x_wconf 61' lang='lat' dir='ltr'><strong>historiae,</strong></span> <span class='ocrx_word' id='word_1_819' title='bbox 700 5796 750 5843; x_wconf 88' lang='lat' dir='ltr'><strong>et</strong></span> <span class='ocrx_word' id='word_1_820' title='bbox 777 5796 1065 5843; x_wconf 62' lang='lat' dir='ltr'><strong>contractus</strong></span> <span class='ocrx_word' id='word_1_821' title='bbox 1089 5794 1182 5859; x_wconf 66' lang='lat' dir='ltr'><strong>qui</strong></span> <span class='ocrx_word' id='word_1_822' title='bbox 1204 5789 1482 5863; x_wconf 77' lang='lat' dir='ltr'><strong>sequitur;</strong></span> <span class='ocrx_word' id='word_1_823' title='bbox 1512 5802 1625 5849; x_wconf 88' lang='lat' dir='ltr'><strong>tum</strong></span> <span class='ocrx_word' id='word_1_824' title='bbox 1656 5789 1779 5866; x_wconf 65' lang='lat' dir='ltr'><strong>quia</strong></span> <span class='ocrx_word' id='word_1_825' title='bbox 1801 5798 1975 5867; x_wconf 76' lang='lat' dir='ltr'><strong>Chry-</strong></span> 
     </span>
    </p>
   </div>
   <div class='ocr_carea' id='block_1_111' title="bbox 2080 5441 3603 5518">
    <p class='ocr_par' dir='ltr' id='par_1_111' title="bbox 2080 5441 3603 5518">
     <span class='ocr_line' id='line_1_112' title="bbox 2080 5441 3603 5518; baseline -0.009 -12"><span class='ocrx_word' id='word_1_826' title='bbox 2080 5457 2391 5514; x_wconf 83' lang='lat' dir='ltr'><strong>sostomus,</strong></span> <span class='ocrx_word' id='word_1_827' title='bbox 2430 5446 2577 5503; x_wconf 86' lang='lat' dir='ltr'><strong>unde</strong></span> <span class='ocrx_word' id='word_1_828' title='bbox 2615 5447 2792 5518; x_wconf 87' lang='lat' dir='ltr'><strong>quoad</strong></span> <span class='ocrx_word' id='word_1_829' title='bbox 2830 5447 3124 5503; x_wconf 87' lang='lat' dir='ltr'><strong>maximam</strong></span> <span class='ocrx_word' id='word_1_830' title='bbox 3168 5453 3379 5517; x_wconf 85' lang='lat' dir='ltr'><strong>partem</strong></span> <span class='ocrx_word' id='word_1_831' title='bbox 3419 5441 3603 5518; x_wconf 71' lang='lat' dir='ltr'><strong>desum-</strong></span> 
     </span>
    </p>
   </div>
   <div class='ocr_carea' id='block_1_112' title="bbox 2079 5512 3602 5586">
    <p class='ocr_par' dir='ltr' id='par_1_112' title="bbox 2079 5512 3602 5586">
     <span class='ocr_line' id='line_1_113' title="bbox 2079 5512 3602 5586; baseline -0.009 -13"><span class='ocrx_word' id='word_1_832' title='bbox 2079 5529 2204 5585; x_wconf 85' lang='lat' dir='ltr'><strong>ptus</strong></span> <span class='ocrx_word' id='word_1_833' title='bbox 2252 5529 2335 5575; x_wconf 84' lang='lat' dir='ltr'><strong>est</strong></span> <span class='ocrx_word' id='word_1_834' title='bbox 2377 5512 2491 5573; x_wconf 81' lang='lat' dir='ltr'><strong>iste</strong></span> <span class='ocrx_word' id='word_1_835' title='bbox 2539 5512 3016 5583; x_wconf 70' lang='lat' dir='ltr'><strong>Coriimentarius,</strong></span> <span class='ocrx_word' id='word_1_836' title='bbox 3065 5512 3409 5586; x_wconf 72' lang='lat' dir='ltr'><strong>negationem</strong></span> <span class='ocrx_word' id='word_1_837' title='bbox 3450 5512 3602 5566; x_wconf 83' lang='lat' dir='ltr'><strong>habet.</strong></span> 
     </span>
    </p>
   </div>
   <div class='ocr_carea' id='block_1_113' title="bbox 2080 5587 3598 5654">
    <p class='ocr_par' dir='ltr' id='par_1_113' title="bbox 2080 5587 3598 5654">
     <span class='ocr_line' id='line_1_114' title="bbox 2080 5587 3598 5654; baseline -0.008 -11"><span class='ocrx_word' id='word_1_838' title='bbox 2080 5589 2203 5654; x_wconf 67' lang='lat' dir='ltr'><strong>Haec:</strong></span> <span class='ocrx_word' id='word_1_839' title='bbox 2237 5589 2400 5643; x_wconf 85' lang='lat' dir='ltr'><strong>verba</strong></span> <span class='ocrx_word' id='word_1_840' title='bbox 2440 5587 2565 5654; x_wconf 17' lang='lat' dir='ltr'><strong>eius,</strong></span> <span class='ocrx_word' id='word_1_841' title='bbox 2593 5596 2721 5641; x_wconf 89' lang='lat' dir='ltr'><strong>sunt</strong></span> <span class='ocrx_word' id='word_1_842' title='bbox 2763 5589 2909 5642; x_wconf 90' lang='lat' dir='ltr'><strong>hom.</strong></span> <span class='ocrx_word' id='word_1_843' title='bbox 2943 5603 3091 5653; x_wconf 79' lang='lat' dir='ltr'><strong>xxvr,</strong></span> <span class='ocrx_word' id='word_1_844' title='bbox 3135 5589 3188 5640; x_wconf 85' lang='lat' dir='ltr'><strong>in</strong></span> <span class='ocrx_word' id='word_1_845' title='bbox 3225 5587 3381 5649; x_wconf 80' lang='lat' dir='ltr'><strong>Acta,</strong></span> <span class='ocrx_word' id='word_1_846' title='bbox 3410 5595 3537 5637; x_wconf 88' lang='lat' dir='ltr'><strong>num.</strong></span> <span class='ocrx_word' id='word_1_847' title='bbox 3573 5598 3598 5654; x_wconf 70' lang='grc' dir='ltr'><strong>ι.</strong></span> 
     </span>
    </p>
   </div>
   <div class='ocr_carea' id='block_1_114' title="bbox 2079 5650 3601 5728">
    <p class='ocr_par' dir='ltr' id='par_1_114' title="bbox 2079 5650 3601 5728">
     <span class='ocr_line' id='line_1_115' title="bbox 2079 5650 3601 5728; baseline -0.007 -17"><span class='ocrx_word' id='word_1_848' title='bbox 2079 5652 2248 5719; x_wconf 78' lang='grc' dir='ltr'>Οὗτος</span> <span class='ocrx_word' id='word_1_849' title='bbox 2276 5658 2385 5725; x_wconf 74' lang='grc' dir='ltr'><strong>γὰρ</strong></span> <span class='ocrx_word' id='word_1_850' title='bbox 2422 5650 2616 5728; x_wconf 15' lang='grc' dir='ltr'>οὖιενῆν</span> <span class='ocrx_word' id='word_1_851' title='bbox 2639 5658 2665 5708; x_wconf 82' lang='grc' dir='ltr'>ὁ</span> <span class='ocrx_word' id='word_1_852' title='bbox 2700 5657 2790 5709; x_wconf 76' lang='grc' dir='ltr'><strong>ἐπὶ</strong></span> <span class='ocrx_word' id='word_1_853' title='bbox 2827 5655 2918 5728; x_wconf 63' lang='grc' dir='ltr'>τοῦ</span> <span class='ocrx_word' id='word_1_854' title='bbox 2961 5650 3223 5728; x_wconf 74' lang='grc' dir='ltr'>Χριστοῦ,</span> <span class='ocrx_word' id='word_1_855' title='bbox 3264 5654 3363 5710; x_wconf 81' lang='lat' dir='ltr'><strong>llic</strong></span> <span class='ocrx_word' id='word_1_856' title='bbox 3395 5665 3484 5709; x_wconf 78' lang='lat' dir='ltr'><strong>non</strong></span> <span class='ocrx_word' id='word_1_857' title='bbox 3509 5650 3601 5703; x_wconf 78' lang='lat' dir='ltr'><strong>erat</strong></span> 
     </span>
    </p>
   </div>
   <div class='ocr_carea' id='block_1_115' title="bbox 2078 5725 2986 5797">
    <p class='ocr_par' dir='ltr' id='par_1_115' title="bbox 2078 5725 2986 5797">
     <span class='ocr_line' id='line_1_116' title="bbox 2078 5725 2986 5797; baseline -0.001 -15"><span class='ocrx_word' id='word_1_858' title='bbox 2078 5729 2122 5784; x_wconf 71' lang='lat' dir='ltr'><strong>is</strong></span> <span class='ocrx_word' id='word_1_859' title='bbox 2151 5728 2239 5797; x_wconf 79' lang='lat' dir='ltr'><strong>qui</strong></span> <span class='ocrx_word' id='word_1_860' title='bbox 2266 5732 2456 5783; x_wconf 76' lang='lat' dir='ltr'><strong>vivente</strong></span> <span class='ocrx_word' id='word_1_861' title='bbox 2479 5725 2689 5782; x_wconf 69' lang='lat' dir='ltr'><strong>Christo</strong></span> <span class='ocrx_word' id='word_1_862' title='bbox 2717 5725 2986 5796; x_wconf 80' lang='lat' dir='ltr'><strong>regnabat.</strong></span> 
     </span>
    </p>
   </div>
  </div>
