3848 6538
99 399 177 466 957

654 378 1189 444 EXPOSITIONIS
1213 377 1294 440 IN
1328 374 1518 438 ACTA
1553 375 1855 436 TEXTUS
1882 374 2226 436 ALTER.—
2254 371 2416 433 CAP.
2451 368 2592 432 XII.

3161 357 3264 426 958

102 509 254 571 εἰπεῖν,
284 501 358 556 ὅτι
393 495 486 552 καὶ
520 494 704 565 ἕτερον
741 493 842 546 οὐκ
881 488 1023 561 εἶχεν
1055 489 1089 560 ἢ
1127 489 1187 542 δν
1223 489 1428 556 ἐφόρει.
1455 482 1602 556 ’Δρα

1730 484 1966 555 ιοειριίῑ,
1999 483 2207 538 habens
2263 488 2318 535 et
2351 478 2692 536 vestimenta.
2724 480 2778 528 et
2813 443 3031 535 zonam,
3067 477 3122 524 ct
3153 471 3266 523 cal-

100 601 360 670 παρήκουσε
399 586 490 641 τοῦ
534 582 804 656 Χριστοῦ;
847 582 912 635 Τί
951 577 1045 634 οὖν
1084 581 1237 645 ἐστι;
1279 579 1361 630 Τὰ
1407 576 1599 628 ἐπιτά-

1703 576 2026 633 ceamenta?
2068 575 2132 628 Et
2161 569 2433 644 quomodo
2463 570 2624 624 etiam
2664 567 2902 630 Paulus,
2942 561 3036 632 qui
3079 560 3264 615 Timo-

99 648 270 758 ,
299 678 452 748 φησὶν
475 679 519 740 ³,
551 648 760 734 ἐκεῖνα,
797 671 930 741 πρὸς
956 670 1144 740 καιρὸν
1169 664 1268 739 ἦν,
1299 667 1395 719 καὶ
1424 666 1483 719 οῦ
1513 665 1603 718 διὰ

1730 671 1830 724 beo
1859 667 2134 723 scribebat
2157 667 2202 698 ⁵⁸
2235 682 2248 719 :
2287 682 2306 714 ι
2339 661 2598 718 Penulam
2631 672 2794 727 quam
2827 653 3025 723 reliqui
3052 648 3269 706 Troade

102 755 278 838 rav‘rdg.
303 771 415 824 Ὀτι
442 767 498 820 δὲ
527 763 724 834 ἀληθές
750 763 887 826 ἐστι,
915 761 1127 821 Λουκᾶς
1155 759 1184 810 ὁ
1212 755 1603 826 εὐαγγελιστὴς

1703 763 1844 833 apud
1882 761 2140 828 Carpum,
2173 755 2394 810 veniens
2426 751 2556 806 affer
2585 759 2789 813 tecum,
2835 766 2854 799 ι
2885 746 3137 816 penulam
3169 743 3266 796 ha-

105 834 357 938 μαρτυρεῖ·
399 856 529 926 φησὶ
574 856 683 925 γὰρ
730 852 1008 924 εἰρηκέναι
1045 852 1158 913 τοῖς
1205 848 1472 918 μαθηταῖς
1514 845 1604 898 τὸν

1730 852 1904 909 lebat?
1938 849 2126 918 Neque
2153 860 2281 900 vero
2308 845 2489 899 dicere
2520 841 2641 911 quis
2680 844 2876 910 potest,
2908 850 3032 892 eum
3063 834 3268 888 nullam

103 953 322 1028 Xpmév'
367 969 386 1002 ι
418 949 544 1001 Ὀτε
590 943 884 1000 ἀπέστειλα
927 943 1071 1012 ὑμᾶς
1113 940 1246 1010 ἄτερ
1293 937 1605 1008 βαλαντίου,

101 1026 172 1102 κάξ
194 1049 371 1114 πήρας,
396 1039 490 1093 καὶ
518 1035 715 1108 ζώνης,
740 1036 834 1089 καὶ
861 1033 1245 1102 ὑποδημάτων,
1274 1031 1349 1102 μή
1376 1047 1426 1083 τι
1455 1026 1608 1082 ὑστέ-

104 1153 230 1209 ρησεν
267 1134 412 1202 δμίν;
455 1129 714 1196 Λέγουσιν
759 1124 946 1194 αὐτῷ’
996 1121 1106 1175 Οῦ.’
1149 1140 1168 1174 ι
1223 1117 1357 1176 Εἶτά
1402 1133 1604 1190 φησιν·

107 1250 120 1282 ι
152 1225 282 1280 Ἀλλὰ
308 1224 396 1277 νῦν
420 1221 563 1288 λέγω
587 1219 714 1288 ὑμῖν
735 1234 749 1249 ο
785 1217 842 1270 Ὀ
868 1219 1006 1285 ἔχων
1035 1213 1318 1284 βαλάντιον
1338 1251 1353 1275 ,
1421 1210 1608 1281 ἀράτω

101 1320 256 1390 ὁμοίως
283 1315 366 1368 καὶ
397 1313 600 1382 πήραν.
638 1327 659 1362 ι
691 1309 848 1370 Τίνος
877 1306 932 1358 δὲ
964 1305 1148 1358 ἕνεκεν
1176 1301 1336 1356 τοῦτο
1363 1300 1483 1354 τότε
1512 1302 1608 1352 ἐπ·

103 1387 251 1473 ἐταξε;
274 1406 375 1475 Τὴν
395 1403 623 1472 δύναμιν
649 1397 814 1453 αὑτοῦ
844 1396 1014 1461 δεῖξαι
1042 1394 1382 1465 βουλόμενος.
1411 1390 1474 1444 Εἰ
1501 1387 1612 1442 τοί-

102 1519 171 1554 νυν
201 1499 283 1552 ἕνα
321 1495 419 1548 ἔδει
461 1492 664 1564 χιτῶνα
709 1489 854 1560 ἔχειν
890 1488 981 1541 τὸν
1022 1486 1255 1550 Παῦλον,
1300 1486 1348 1538 εί
1392 1482 1612 1536 πλύνειν

103 1589 227 1644 αὐτὸν
257 1585 371 1650 ἔδει,
411 1581 617 1653 γυμνδν
659 1578 820 1633 αὐτὸν
858 1577 1026 1647 ἐχρῆν
1067 1576 1204 1628 οῐκοι
1248 1573 1538 1642 καθῆσθαι,
1577 1569 1611 1640 ἢ

103 1679 265 1748 γυμνὸν
293 1675 444 1729 αὑτὸν
473 1675 768 1744 περιιέναι,
799 1673 892 1725 καὶ
922 1671 1272 1740 ἀσχημονεῖν,
1299 1667 1487 1738 χρείας
1515 1682 1616 1719 κα-

104 1768 284 1837 λούσης;
326 1765 431 1819 Οὐκ
474 1763 582 1817 ἔδει
619 1760 906 1833 τοιγαροῦν
949 1761 1036 1813 τδν
1081 1759 1312 1827 Παῦλον,
1355 1759 1447 1812 ἐπὶ
1489 1773 1608 1810 τοσ-

1706 946 1892 1008 aliam,
1917 951 2112 1012 praeter
2150 953 2269 992 eam
2300 950 2462 1004 quam
2493 931 2697 988 ferebat
2722 932 2961 984 tunicam
2987 926 3268 982 habuisse.

1706 1035 1923 1103 Ergone
1968 1027 2286 1085 inobediens
2316 1025 2416 1079 fuit
2439 1022 2700 1079 Christo?
2725 1018 2864 1087 Quid
2893 1017 3059 1089 igitur
3086 1015 3274 1071 dicen-

1707 1125 1873 1180 dum?
1915 1122 2120 1189 Nempe
2166 1115 2434 1188 ejusmodi
2486 1121 2751 1184 praecepta
2796 1110 2861 1163 ad
2903 1117 3116 1176 tempus
3149 1104 3274 1160 data

1709 1213 1903 1278 fuisse,
1935 1227 2043 1266 non
2067 1219 2127 1264 ut
2151 1217 2414 1278 perpetuo
2437 1209 2806 1259 servarentur.
2834 1197 2989 1264 Quod
3025 1199 3097 1250 ita
3127 1210 3273 1259 esse,

1710 1301 2024 1360 testimonio
2054 1309 2138 1356 est
2164 1299 2362 1362 Lucas,
2396 1311 2521 1351 cum
2558 1291 2727 1347 refert
2757 1290 3036 1345 Christum
3068 1285 3276 1341 dixisse

1710 1393 1995 1464 discipulis
2021 1391 2107 1445 ‘°:
2143 1407 2163 1441 ι
2199 1386 2432 1455 Quando
2478 1383 2600 1439 misi
2645 1396 2742 1437 vos
2782 1381 2902 1435 sine
2950 1377 3190 1438 sacculo,
3224 1382 3279 1429 ct

1711 1501 1862 1557 pera,
1886 1493 1940 1540 et
1957 1479 2364 1543 calceamentis,
2385 1474 2650 1546 numquid
2674 1471 2879 1542 aliquid
2907 1470 3080 1525 defuit
3101 1465 3282 1522 vobis?

1713 1581 1783 1632 At
1817 1576 1896 1631 illi
1939 1575 2230 1629 dixerunt:
2263 1569 2429 1626 Nihil.
2475 1586 2495 1620 ι
2535 1565 2739 1621 Deinde
2787 1563 2903 1617 ait:
2939 1581 2958 1614 ι
2993 1559 3100 1615 Sed
3135 1573 3282 1613 nunc

1714 1669 1805 1740 qui
1834 1666 1995 1722 habet
2020 1663 2322 1728 sacculum,
2348 1661 2502 1715 tollat
2525 1657 2776 1713 similiter
2796 1663 2849 1709 et
2884 1667 3092 1724 peram.
3125 1669 3145 1703 ι
3171 1650 3285 1706 Cur

1715 1738 1843 1815 vero
1883 1764 2016 1811 tunc
2065 1756 2170 1808 hoc
2221 1748 2516 1824 praecepit?
2563 1744 2828 1799 Videlicet
2874 1751 2936 1797 ut
2983 1738 3282 1811 potentiam

105 1829 241 1919 οὐτοις
262 1829 633 1924 κατορθώμασι
673 1829 955 1924 περιιόντα
985 1850 1083 1922 τὴν
1116 1850 1468 1921 οἰκουμένην,
1521 1848 1610 1901 διὰ

1730 1864 1866 1905 suam
1903 1846 2299 1902 manifestaret.
2358 1842 2508 1895 Alias
2550 1851 2710 1905 vero,
2769 1836 2818 1891 si
2862 1831 3031 1888 Paulo
3068 1829 3286 1885 nonnisi

109 1949 278 2020 ἱματίου
328 1946 524 2000 ἔνδειαν
577 1946 718 1998 οἴκοι
769 1941 1084 2013 καθῆσθαι,
1137 1942 1231 1994 καὶ
1277 1938 1612 2012 τηλικούτοις

108 2038 369 2108 πράγμασιν
410 2033 746 2102 ἐμποδίζειν.
788 2033 854 2085 Τί
903 2031 982 2095 δέ,
1025 2031 1072 2082 εἰ
1122 2029 1332 2099 κρυμὸς
1379 2026 1610 2097 ἐπετέθη

110 2129 307 2199 σφοδρὸς,
336 2126 423 2180 καὶ
454 2123 806 2195 κατέδρεξεν,
835 2123 868 2192 ἦ
900 2123 1202 2190 ἐπάγωσεν,
1231 2120 1288 2174 ὃν
1313 2120 1498 2190 ἐφόρει
1528 2135 1614 2187 χι-

110 2221 247 2284 τῶνας
276 2218 387 2280 Πῶς
419 2215 774 2289 ξηραίνεσθαι
806 2215 964 2284 ἐνῆν;
993 2215 1064 2267 Ἢ
1097 2213 1260 2266 πάλιν
1291 2210 1496 2280 γυμνὸν
1523 2212 1617 2280 ἐχ⁴

114 2312 188 2376 ρῆν
213 2309 478 2379 καθῆσθαι.
512 2307 578 2360 Τί
612 2307 696 2373 δέ,
728 2309 776 2360 εί
809 2305 977 2376 ψύχος
1013 2304 1292 2358 κατέτεινε
1328 2302 1387 2355 rb
1422 2301 1614 2371 σῶμα;

111 2399 333 2471 Τὴκεσθαι
351 2400 452 2452 ἔδει
477 2399 571 2452 καὶ⁷
600 2398 679 2468 μὴ
706 2396 1065 2467 φθέγγεσθαις
1092 2395 1202 2448 Καὶ
1227 2393 1279 2446 τί
1303 2392 1368 2447 ἂν
1392 2392 1476 2462 εἴη
1504 2392 1620 2444 τοῦ·

112 2509 180 2544 του
201 2490 578 2562 χαλεπώτερον;
604 2488 739 2542 Οὐδὲ
771 2489 879 2557 γὰρ
910 2486 1246 2555 ἀδαμάντινοι
1277 2481 1505 2552 σώματα
1532 2481 1624 2534 αὑ-

115 2586 196 2646 τοῖς
218 2577 1187 2650 κατεσκεύαστοπίοῦν;⁹Λπὸλλυσοαι
1219 2577 1417 2647 ἐχρῆν;
1445 2574 1617 2628 Οὐδα-

119 2675 222 2743 μῶς.
247 2675 400 2728 Τοῦτο
438 2675 494 2729 δὲ
565 2672 751 2737 καθὼς
790 2674 1024 2742 εἴρηται,
1065 2670 1185 2724 τότε
1227 2669 1479 2732 ἐπέταξε,
1520 2667 1617 2736 τὴν

115 2766 293 2837 δύναμιν
331 2766 487 2821 αὐτοῦ
533 2766 705 2830 δεῖξαι
753 2763 1094 2836 βουλόμενος,
1135 2762 1216 2815 ὅτι
1257 2759 1468 2822 οὐδενὸς
1509 2757 1617 2811 τῶν

116 2857 376 2927 ἐπιτηδείων
409 2859 824 2928 ὑστερήσουσιν.

1715 1955 1878 1995 unam
1907 1938 2148 1992 tunicam
2180 1934 2380 1991 habere
2409 1930 2679 1994 licuisset,
2711 1926 2933 1998 quando
2966 1938 3029 1978 ea
3058 1920 3287 1976 lavanda

1715 2041 1852 2094 erat,
1884 2028 2238 2099 Oportuissct,
2266 2027 2469 2078 nudum
2489 2020 2637 2076 domi
2665 2017 2877 2080 sedere,
2907 2022 3022 2081 aut,
3046 2011 3290 2068 necessi-

1718 2129 1828 2178 tate
1855 2128 2106 2189 urgente,
2125 2116 2329 2172 nudum
2352 2127 2565 2170 summa
2590 2125 2713 2167 cum
2732 2107 3030 2180 ignominia
3043 2105 3288 2160 circum-

1720 2215 1833 2268 ire:
1864 2211 2028 2282 254
2052 2219 2104 2265 et
2129 2207 2371 2280 profecto
2392 2221 2499 2260 non
2523 2202 2768 2264 decebat,
2812 2197 3066 2261 Paulum,
3097 2196 3190 2265 qui
3221 2192 3292 2247 ob

1721 2306 1852 2359 tanti
1901 2302 2162 2356 momenti
2214 2299 2429 2370 negotia
2473 2305 2646 2350 totum
2700 2291 2963 2347 mundum
3003 2298 3294 2359 peragrare

1723 2395 1974 2457 debebat,
1995 2392 2316 2465 operimcnti
2340 2387 2582 2444 carentia
2606 2384 2751 2439 domi
2774 2383 3011 2438 otiosum
3035 2375 3292 2441 detineri,

1723 2496 1776 2542 et
1807 2502 1834 2540 a
1866 2494 1945 2540 tot
1980 2483 2257 2556 praeclaris
2285 2480 2621 2536 facinoribus
2651 2474 2964 2531 necessario
2995 2467 3292 2542 prohiberi.

1726 2577 1868 2646 Quid
1893 2591 2041 2640 vero,
2071 2576 2114 2630 si
2143 2575 2433 2627 vehemens
2461 2567 2759 2638 ingruisset
2781 2564 2975 2633 frigus,
3001 2575 3063 2614 ac
3087 2557 3293 2619 tunica,

1725 2684 1885 2738 quam
1957 2667 2236 2736 gestabat,
2301 2659 2636 2720 madefacta,
2696 2655 2928 2724 geluque
2997 2646 3298 2706 constricta

1725 2759 1955 2815 fuisset?
2003 2755 2283 2823 Quomodo
2327 2767 2446 2807 eam
2480 2750 2758 2804 exsiccare
2783 2739 3299 2800 licuisset?ltursus

1722 2865 1950 2904 necesse
1979 2847 2194 2909 fuisset,
2220 2854 2277 2898 ut
2300 2841 2478 2895 nudus
2515 2839 2571 2891 in
2599 2835 2798 2906 angulo
2821 2833 3055 2889 sederet.
3079 2829 3146 2880 At
3169 2825 3299 2896 quid

119 2950 152 3002 si
180 2949 324 3019 frigus
345 2963 538 3019 corpus
563 2949 738 3020 ipsius
781 2947 962 3003 acrius
993 2945 1346 3000 divexasset?’
1381 2942 1570 2999 Nonne
1599 2941 1933 3013 oportuisset
1984 2953 2108 2993 eum
2167 2935 2234 2990 ad
2284 2943 2524 2987 extrema
2577 2942 2701 2983 cum
2751 2924 2968 2982 silentio
3006 2916 3302 2975 devenire?

119 3010 262 3103 Quare
301 3041 419 3111 quid
440 3010 650 3096 luisset
678 3037 1186 3108 accrbius?Neq.ue
1210 3038 1358 3093 enim
1390 3010 1727 3107 corpora—ex
1770 3034 2057 3088 adamante
2100 3028 2368 3084 fabricata
2413 3023 2524 3077 illis
2571 3021 2803 3076 fuerant.
2884 3013 3029 3082 Quid
3115 3010 3301 3082 igitur,

121 3131 259 3200 perire
288 3131 600 3200 oportebat?
627 3130 740 3184 Non
776 3131 981 3200 utique.
1013 3105 1118 3184 Sed
1159 3128 1237 3197 id,
1270 3137 1329 3183 ut
1379 3105 1506 3199 jam“
1556 3126 1815 3192 diximus,
1883 3132 2016 3179 tunc
2078 3118 2334 3192 praecepit
2361 3114 2632 3178 Christus,
2665 3121 2725 3165 ut
2759 3117 2942 3163 notam
2973 3105 3174 3160 faceret
3210 3117 3306 3174 po-

122 3228 298 3280 tentiam
322 3241 490 3288 suam,
521 3225 781 3292 quoniam
828 3224 1069 3277 futurum
1102 3230 1240 3286 erat,
1270 3229 1329 3277 ut
1359 3222 1494 3278 nihil
1523 3237 1588 3277 ex
1621 3220 1948 3277 necessariis
1974 3219 2080 3274 illis
2105 3216 2334 3271 deesset.

479 3315 558 3384 Τῇ
605 3313 650 3383 β’
681 3313 779 3382 τῆς
811 3318 851 3364 ε’
899 3311 1210 3382 ἑϐδομάδος.

660 3402 1048 3456 ΚΕΙΜΕΝΟΝ.

174 3496 373 3552 Συνιδὼν
419 3513 478 3550 τε
533 3490 700 3568 ἦλθεν
755 3493 848 3548 ἐπὶ
885 3493 995 3565 ⁸τὴν
1049 3492 1226 3546 οἰκίαν
1269 3491 1488 3561 Μαρίας
1533 3490 1635 3559 τῆς

128 3589 288 3658 μητρὸς
343 3589 586 3643 Ἰωάννου
636 3585 731 3639 τοῦ
789 3585 1222 3655 ἐπικαλουμένου
1280 3583 1531 3654 Μάρκου,
1573 3575 1634 3637 οὗ

124 3674 231 3747 ἦσαν
289 3681 454 3736 ἱκανοὶ
519 3678 977 3750 συνηθροισμένοι
1037 3679 1129 3730 καὶ
1188 3677 1634 3748 προσευχόμενοι.

127 3771 416 3840 Κροὺσαντος
438 3773 492 3826 δὲ
524 3770 696 3824 αὐτοῦ
736 3771 837 3840 τὴν
867 3768 1039 3839 θύραν
1066 3766 1160 3822 τοῦ
1189 3768 1432 3831 πυλῶνος
1464 3784 1637 3837 προσ-

125 3861 223 3930 ῆλθε
246 3864 483 3935 παιδίσκη
512 3861 850 3926 ὑπακοῦσαι,
899 3863 1124 3932 ὀνόματι
1168 3859 1322 3932 Ῥόδη
1348 3877 1362 3892 ο
1396 3861 1490 3913 καὶ
1523 3863 1640 3914 ἐπι-

126 3953 287 4016 γνοῦσα
319 3954 411 4026 τὴν
443 3955 628 4025 φωνὴν
665 3953 758 4008 τοῦ
793 3952 1027 4024 Πέτρου,
1075 3952 1182 4006 ἀπὸ
1206 3952 1304 4021 τῆς
1336 3951 1509 4022 χαρᾶς
1541 3951 1639 4004 οὐκ

125 4044 264 4113 ἦνοιξε
310 4047 394 4101 τδν
439 4047 666 4101 πυλῶνα
708 4063 722 4078 ο
777 4043 1149 4116 εἰσδραμοῦσα
1198 4043 1256 4096 δὲ
1315 4043 1635 4113 ἀπήγγειλε,

126 4133 192 4186 τδν
219 4137 404 4207 Πέτρον
456 4139 682 4192 ἑστάναι
731 4138 836 4209 πρὸ
879 4136 974 4191 τοῦ
1021 4135 1286 4198 πυλῶνος.
1323 4137 1386 4189 Οἱ
1417 4135 1472 4188 δὲ
1505 4134 1640 4205 πρὸς

125 4223 256 4295 αὐτὴν
296 4221 438 4280 εἶπον
482 4243 496 4258 ·
536 4227 744 4298 Μαίνῃ.
814 4224 882 4279 Ἦ
937 4225 994 4280 δέ
1049 4223 1416 4295 διισχυρίζετο
1469 4222 1641 4285 οὕτως

125 4312 254 4380 ἔχειν.
296 4319 355 4370 Ol.
391 4319 444 4371 δὲ
483 4319 676 4386 ἔλεγον
703 4333 718 4348 ·
787 4315 848 4370 Ὀ
890 4314 1119 4384 ἄγγελος
1168 4313 1332 4368 αὐτοῦ
1370 4315 1537 4366 ἐστιν.
1583 4311 1641 4365 Ὀ

125 4402 168 4456 δὲ
189 4406 366 4480 Πέτρος
408 4411 644 4480 ἐπέμενε
687 4407 920 4481 κρούων.
993 4406 1328 4471 Ἀνοίξαντες
1386 4403 1464 4471 δὲ,
1501 4399 1641 4457 εἶδον

129 4495 277 4558 αὐτὸν,
314 4502 403 4553 καὶ
455 4502 776 4570 ἐξέστησαν.
842 4498 1190 4560 Κατασείσας
1245 4497 1300 4550 δέ
1341 4497 1525 4558 αὐτοῖς
1574 4496 1640 4566 τῇ

127 4587 239 4656 χειρὶ
273 4593 438 4661 σεγᾷν,
474 4593 775 4662 διηγήσατο
809 4589 992 4651 αὐτοῖς
1027 4587 1144 4650 πῶς
1193 4587 1221 4639 ὁ
1264 4587 1466 4656 Κύριος
1515 4587 1641 4652 sgf}-

125 4691 259 4744 ταγεν
282 4682 432 4734 αὑτὸν
461 4684 525 4736 ἐκ
563 4682 662 4753 τῆς
695 4679 962 4749 φυλακῆς.
1000 4675 1137 4733 Eis-ce
1189 4678 1244 4732 δέ
1270 4695 1285 4710 ο
1351 4664 1639 4746 Ἀπαγγεί-

124 4765 223 4820 λατε
254 4771 480 4845 Ἰακώϐῳ
523 4773 616 4826 καὶ
641 4772 750 4836 τοῖς
781 4771 1024 4840 ἀδελφοῖς
1048 4770 1241 4824 ταῦτα.
1273 4768 1384 4822 Καὶ
1410 4769 1641 4832 ἐξελοὼν

125 4857 354 4935 ἐπορεύθη
391 4868 468 4929 είς
505 4866 696 4936 ἕτερον
727 4864 914 4917 τόπον.

661 4957 1046 5010 EPMHNEIA.

183 5039 280 5094 Ἵνα
306 5044 445 5118 δείξῃ
475 5047 557 5101 ὅτι
579 5046 736 5100 τοῦτο
765 5047 786 5079 ³
826 5047 914 5101 ἀεὶ
957 5045 1205 5108 συνόντος
1236 5047 1418 5111 αὐτοῖς
1459 5046 1638 5102 Ἰωάν·

125 5145 198 5181 νου
225 5134 310 5203 τὴν
343 5139 548 5211 μητέρα
585 5139 739 5209 φησὶ,
767 5137 860 5191 καὶ
891 5137 952 5190 τὸ
986 5137 1316 5207 παράσημον
1353 5138 1517 5192 αὑτοῦ
1551 5139 1643 5192 τέο

129 5217 247 5322 Ξὶικε
273 5230 440 5322 ’-φησι
467 5231 597 5300 γὰρ,
659 5247 678 5281 ι
715 5227 821 5283 Τοῦ
862 5227 1288 5297 ἐπικαλουμένου
1316 5229 1567 5299 Μάρκου.
1616 5251 1636 5285 ι

126 5307 261 5377 Οὖτις
285 5315 337 5368 δὲ
365 5313 428 5389 ἦν
459 5321 487 5373 ὁ
540 5322 634 5374 καὶ
663 5320 724 5374 τὸ
764 5319 905 5373 κατὰ
936 5319 1161 5390 Μάρκον
1189 5321 1641 5390 συγγραψάμενος

182 5446 280 5505 "ll
309 5454 442 5510 Tim.
503 5474 580 5525 ιν,
633 5459 716 5514 l5.
815 5459 860 5492 ⁶⁰
902 5458 1031 5512 Luc.
1060 5473 1192 5524 χχιι,
1227 5455 1318 5511 55.

1657 3316 1704 3376 ο
1771 3350 1773 3352 .

2095 3305 2253 3361 Feria
2280 3305 2315 3357 2
2348 3299 2699 3358 hebdomadas
2729 3295 2952 3367 quintae.

2376 3391 2675 3448 TEXTUS.

1805 3493 1920 3560 Xll,
1947 3493 2064 3548 l2-l
2076 3494 2127 3546 7.
2146 3476 2620 3557 Consideransque
2635 3481 2782 3538 venit
2804 3480 2868 3535 ad
2887 3478 3104 3533 domum
3127 3472 3310 3529 Mariae

1738 3589 1926 3641 matris
1957 3585 2199 3652 Joannis,
2244 3583 2338 3653 qui
2378 3577 2794 3651 cognominatus
2825 3581 2908 3628 est
2941 3571 3175 3633 Marcus,
3217 3565 3310 3620 ubi

1737 3689 1892 3734 erant
1923 3679 2082 3733 multi
2114 3675 2425 3746 congregati
2453 3679 2508 3727 et
2545 3675 2789 3725 orantes.
2835 3664 3098 3718 Pulsante
3129 3666 3309 3713 autem

1737 3790 1802 3830 eo
1849 3771 2047 3828 ostium
2080 3770 2278 3840 ianuae,
2322 3764 2585 3836 processit
2631 3761 2812 3832 puella
2848 3757 2914 3812 ad
2957 3751 3308 3809 audiendum.

1739 3865 1958 3920 nomine
2006 3862 2214 3918 Rhode.
2247 3859 2312 3913 Et
2356 3869 2414 3912 ut
2463 3855 2716 3927 cognovit
2758 3865 2944 3907 vocem
2999 3845 3166 3908 Petri,
3202 3858 3314 3912 pra:

1739 3954 1940 4025 gaudio
1970 3969 2078 4006 non
2106 3951 2319 4020 aperuit
2347 3948 2592 4018 januam,
2624 3943 2718 3999 Sed
2738 3943 2884 3996 intro
2915 3950 3145 3992 currens
3169 3948 3312 3988 nun-

1742 4019 1895 4100 tiavit
1926 4054 2073 4098 stare
2106 4019 2320 4095 Petrum
2345 4038 2729 4108 antejanuam.
2760 4035 2827 4085 At
2849 4029 2930 4084 illi
2961 4028 3219 4083 dixerunt
3245 4019 3312 4076 ad

1741 4152 1859 4190 eam
1897 4153 1913 4193 :
1944 4135 2177 4189 Insanis.
2203 4133 2298 4187 Illa
2336 4139 2517 4185 autem
2549 4127 2849 4182 afﬁrmabat
2887 4123 2966 4178 sic
2999 4136 3057 4177 se
3089 4118 3314 4174 habere.

1739 4229 1818 4283 llli
1878 4235 2057 4281 autem
2127 4225 2381 4279 dicebant
2425 4220 2726 4289 :jAugelus
2793 4216 2911 4284 ejus
2959 4220 3063 4268 est.
3123 4211 3318 4266 Petrus

1743 4327 1920 4372 autem
1981 4315 2363 4387 perseverabat
2425 4312 2673 4380 pulsans.
2749 4306 2886 4360 Cum
2961 4311 3144 4358 autem
3187 4314 3320 4368 ape-

1742 4411 2003 4471 ruissent,
2038 4407 2292 4461 viderunt
2333 4418 2457 4458 eum
2489 4409 2542 4455 et
2593 4401 3016 4466 obstupuerunt.
3051 4393 3315 4445 Annuens

1745 4512 1923 4555 autem
1960 4499 2042 4554 eis
2090 4512 2289 4561 manu,
2332 4503 2391 4548 ut
2437 4497 2702 4554 tacerent,
2751 4485 2999 4541 narravit
3041 4480 3316 4550 quomodo

1744 4592 2008 4646 Dominus
2064 4589 2344 4644 eduxisset
2398 4599 2520 4639 eum
2585 4581 2654 4636 de
2714 4591 2964 4638 carcere,
3025 4573 3312 4640 dixitque:

1749 4683 2006 4742 Nuntiate
2033 4681 2235 4735 Jacubo
2255 4685 2309 4732 ct
2356 4673 2618 4730 fratribus
2647 4671 2782 4724 lucc.
2808 4666 2874 4722 Et
2904 4678 3155 4737 egressus
3187 4660 3318 4716 abiit

1750 4775 1805 4828 in
1841 4775 2007 4828 alium
2041 4774 2238 4825 locum.

2254 4942 2822 5007 COMMENTARlUS.

1824 5046 1892 5102 Ut
1931 5053 2118 5101 notum
2161 5044 2382 5107 faceret,
2417 5057 2477 5096 se
2513 5053 2619 5092 non
2660 5033 2808 5104 loqui
2854 5032 2918 5086 de
2955 5036 3128 5082 matre
3168 5025 3314 5078 illius

1748 5139 1997 5200 Joannis,
2049 5137 2141 5206 qui
2178 5148 2392 5202 semper
2427 5138 2545 5186 erat
2578 5142 2699 5181 cum
2735 5123 2870 5194 ipsis
2895 5120 3031 5190 (l9),
3071 5124 3321 5186 propter-

1749 5247 1813 5288 ea
1858 5245 2158 5302 cognomen
2201 5227 2322 5296 ejus
2361 5225 2551 5287 addit,
2588 5219 2776 5274 diccns
2810 5233 2824 5268 :
2863 5230 2882 5264 ι
2911 5211 3011 5276 Qui
3046 5205 3323 5277 cognomi-

1747 5332 1909 5378 natus
1930 5297 2021 5379 est
2054 5321 2291 5377 Marcus.
2324 5337 2342 5370 ι
2374 5315 2472 5372 Hic
2497 5320 2676 5368 autem
2711 5316 2813 5372 est,
2845 5304 2936 5374 qui
2968 5297 3316 5369 Evangelium

1262 5545 1462 5610 Variae
1489 5544 1796 5609 lectiones
1841 5550 1905 5606 et
1949 5551 2142 5608 noue.

187 5637 204 5667 ²
235 5644 382 5712 φημὶ.
477 5647 498 5679 ³
527 5647 587 5701 οῦ
622 5648 738 5703 τοῦ.

196 5751 287 5827 μθ)
315 5757 435 5830 seu,
465 5762 687 5820 Joannis
725 5764 970 5834 apostoli.
