3848 6578
507 459 615 526 963

509 675 631 730 pus,
656 677 674 710 ι
697 657 862 713 dixit:
887 657 1085 727 quibus
1114 656 1294 711 verbis
1326 657 1614 710 terminum
1642 657 1716 710 illi
1747 656 2074 726 prmscribit,

511 766 640 820 quo,
677 750 730 802 in
762 762 860 802 sua
903 753 1084 802 mente
1114 747 1296 800 lumen
1338 747 1607 826 recipere,
1639 761 1930 811 moresque
1959 761 2079 800 mu-

513 851 630 894 tare
657 849 836 910 posset
867 839 918 893 in
961 838 1178 894 melius.
1216 837 1293 890 Eo
1324 839 1489 906 igitur
1521 839 1644 906 ipso
1670 837 1828 907 signo
1852 838 2074 900 Paulus,

506 946 614 999 quo
641 931 705 983 ad
741 930 937 983 bonam
975 929 1184 998 frugem
1233 929 1348 998 ipse
1387 929 1659 983 adductus
1687 939 1804 983 erat
1859 929 2077 998 (nempe

508 1025 687 1076 subita
735 1021 1023 1092 carcitate),
1067 1021 1260 1076 eodem
1313 1021 1474 1075 etiam
1527 1019 1769 1091 Elymam
1817 1020 2078 1075 reducere

511 1115 737 1167 tentavit
769 1130 782 1164 :
816 1127 986 1180 quare
1038 1111 1089 1166 id
1128 1126 1288 1181 pmna
1339 1128 1447 1165 nun
1494 1110 1617 1175 fuit,
1659 1111 1753 1166 sed
1785 1111 2074 1165 medicina.

513 1223 530 1254 ι
570 1203 770 1257 Smlus
803 1212 1007 1256 autem.
1048 1220 1066 1252 ο
1107 1201 1213 1256 Iste
1265 1209 1347 1258 est
1377 1202 1618 1257 Joannes
1661 1201 2075 1272 cognominatus

509 1294 743 1361 Marcus,
774 1310 945 1364 nepos
971 1294 1252 1359 Barnabas,
1286 1294 1377 1364 qui
1399 1295 1563 1348 ctiam
1592 1294 2075 1364 Evangeliumsuo

506 1393 864 1450 przenotatutn
893 1385 1116 1440 nomine
1164 1386 1518 1455 conscripsit,
1565 1386 1869 1455 discipulus
1904 1385 2070 1451 Petri,

505 1476 875 1544 apostolorum
911 1477 1226 1546 coryphaei;
1274 1477 1341 1532 de
1385 1491 1494 1546 quo
1535 1477 1652 1546 ipse
1697 1479 1753 1530 in
1802 1492 1900 1530 sua
1945 1475 2074 1546 Epi-

506 1567 644 1621 stola
673 1568 750 1620 ait
783 1568 828 1599 °'
865 1582 881 1620 :
917 1586 935 1618 ι
979 1567 1194 1620 Salutat
1214 1583 1312 1621 vos
1340 1576 1394 1620 et
1424 1567 1639 1622 Marcus
1671 1565 1816 1623 ﬁlius
1837 1583 2014 1622 meus.
2047 1586 2066 1620 ι

505 1656 606 1710 llic
637 1656 804 1726 igitur
825 1656 878 1710 in
912 1657 1210 1725 longiorem
1253 1657 1398 1710 viam
1428 1656 1596 1709 misso
1622 1653 1792 1708 Paulo
1825 1669 1948 1709 cum
1979 1669 2072 1708 so-

507 1747 630 1810 ciis,
682 1747 750 1800 ab
791 1746 892 1807 eis,
939 1761 1253 1816 quanquam
1297 1746 1548 1800 minister
1587 1753 1754 1808 esset,
1790 1745 2072 1812 discessit,

506 1836 649 1907 quod
681 1836 784 1890 sibi
813 1844 891 1890 tot
910 1836 1152 1906 pericula
1177 1835 1425 1890 adeunda
1459 1849 1570 1889 non
1596 1844 1834 1905 putaret.

1089 1921 1318 1980 CAPUT
1361 1921 1480 1976 XX.

505 2016 669 2072 Pauli
696 2016 906 2088 egregia
941 2015 1185 2070 doctrina
1205 2016 1268 2068 de
1296 2013 1510 2070 Christo
1536 2030 1600 2069 ex
1628 2013 1736 2084 lege
1775 2020 1832 2069 et
1849 2009 2070 2085 propino

886 2108 980 2172 tis,
1005 2107 1264 2162 historica
1291 2115 1342 2161 et
1370 2105 1691 2176 evangelica.

847 2289 1009 2346 Feria
1045 2290 1080 2345 4
1118 2288 1473 2344 hebdomadas
1509 2287 1734 2358 quinte.

577 2450 718 2518 XIII,
750 2451 938 2508 13-26.
963 2451 1029 2505 Et
1043 2379 1781 2520 etin?fl)5a'lpii:'navigassent
1795 2446 1998 2506 Paulus
2013 2457 2070 2505 et

504 2547 737 2616 quicum
757 2560 822 2599 eo
835 2551 1014 2610 erant,
1037 2551 1302 2599 venerunt
1318 2543 1525 2614 Pergen
1541 2542 1894 2615 Pamphylim.
1908 2543 2073 2598 Joan-

503 2653 601 2694 nes
629 2647 809 2692 autem
839 2637 1126 2692 discedens
1162 2637 1230 2691 ab
1258 2637 1364 2702 eis,
1397 2651 1652 2692 reversus
1675 2645 1758 2693 est
1784 2635 2064 2708 Jerosoly-

501 2745 668 2786 mam.
698 2729 777 2783 Illi
801 2743 926 2783 vero
951 2735 1399 2798 pertranseuntes
1418 2727 1649 2795 Pergen,
1668 2735 1940 2784 venerunt
1957 2729 2070 2780 An-

505 2821 761 2876 tiochiam
785 2821 1005 2876 Pisidia
1029 2827 1122 2876 :et
1155 2819 1384 2890 ingressi
1402 2819 1743 2904 Synagogam
1763 2819 2074 2887 dieISabba-

505 2921 713 2980 torum,
761 2911 1041 2968 sederunt.
1084 2911 1214 2967 Post
1266 2911 1554 2966 lectionem
1597 2921 1776 2968 autem
1811 2913 1984 2983 legis,
2018 2919 2073 2968 et

507 3004 922 3075 prophetarum,
977 3003 1248 3059 miserunt
1311 3004 1586 3074 principes
1647 3003 1946 3075 Synagogae
2002 3003 2072 3057 ad

1449 456 2022 518 TI-IEOPHYLAC’I‘I
2052 453 2460 516 BULGARLE
2492 454 2847 515 ARCHIEP.
3629 458 3718 522 96$

399 589 405 595 ε
509 568 720 632 disset;
752 563 846 620 sed
885 577 996 618 non
1047 561 1127 618 sic
1184 561 1351 628 fecit;
1409 564 1504 618 sed
1545 581 1564 616 ι
1604 578 1779 632 usque
1821 563 1888 616 ad
1941 570 2070 618 tem-

2181 561 2376 628 διδοὺς,
2405 561 2532 632 ἔφη,
2562 563 2619 615 ἐν
2650 563 2816 633 ἐαυτῇ
2841 560 2988 633 ἔχειν
3016 561 3108 615 τοῦ
3139 564 3313 632 φωτὸς
3333 563 3435 634 τὴν
3457 565 3712 638 ἀπόληψιν.

2180 652 2270 704 τὸν
2302 653 2502 722 τρόπον
2547 652 2868 720 μεταϐαλὼν
2911 655 2957 690 ιδ
2993 653 3130 723 πρὸς
3168 655 3229 706 τὸ
3267 654 3495 723 βέλτιον.
3531 651 3598 729 ᾯ
3631 661 3715 733 γὰρ

2181 741 2344 805 αὐτὸς
2388 743 2674 814 προσήχθη
2724 743 2960 814 σημείῳ,
3008 744 3183 816 τούτῳ
3225 747 3320 798 καὶ
3361 746 3549 800 τοῦτον
3585 751 3716 820 ήῦου-

2178 832 2316 903 λήθη
2347 836 2740 904 προσαγαγεῖν.
2769 835 2882 888 Ούκ
2907 835 3015 906 ἄρα
3046 831 3407 907 τιμωρία.ἦν,
3439 839 3548 891 ἀλλ’
3579 841 3713 904 ἴασις.

2184 944 2202 976 ι
2235 925 2438 989 Σαῦλος
2468 926 2546 982 δέ.
2586 946 2605 981 t
2654 921 2824 990 Οὗτός
2850 928 3000 982 ἐστιν
3029 931 3057 981 6
3101 929 3380 999 Ἰωάννης,
3415 930 3444 982 6
3474 932 3562 983 καὶ
3586 932 3714 1004 Μάρ-

2177 1035 2272 1080 κος
2319 1019 2561 1090 κληθεὶς,
2622 1020 2652 1073 ό
2702 1019 2920 1089 ἀνεψιὸς
2967 1020 3246 1091 Βαρνάϐα,
3297 1023 3327 1074 6
3366 1021 3460 1073 καὶ
3501 1022 3558 1074 τὸ
3598 1028 3711 1077 κατὰ

2175 1111 2404 1179 Μάρκον
2452 1111 2788 1179 Εὑαγγέλιον
2825 1114 3310 1184 συγγραψάμενος,
3346 1112 3444 1166 καὶ
3500 1115 3708 1186 μαθητὴς

2174 1203 2382 1272 Πέτρου
2409 1201 2503 1256 τοῦ
2535 1203 2833 1256 ἀποστόλου
2857 1205 2954 1257 καὶ
2983 1204 3303 1276 κορυφαίου,
3334 1206 3464 1275 περὶ
3488 1199 3547 1258 οῦ
3575 1223 3705 1274 φησιν

2175 1295 2234 1346 ἐν
2260 1295 2326 1362 τῇ
2352 1293 2518 1347 αὑτοῦ
2537 1294 2826 1364 Ἐπιστολῇ
2853 1311 2868 1325 ·
2899 1312 2918 1344 ι
2940 1295 3271 1359 Ἀσπάζεται
3301 1296 3447 1366 ὑμᾶς
3475 1297 3560 1348 καὶ
3580 1298 3703 1368 Μάρ-

2175 1399 2268 1445 κος
2296 1384 2324 1436 6
2353 1384 2466 1446 υίός
2493 1401 2614 1454 μου.
2660 1403 2678 1437 ι
2719 1378 2890 1446 υῦτος
2919 1384 3119 1449 τοίνυν,
3143 1385 3240 1438 ἅτε
3265 1385 3363 1437 ἐπὶ
3405 1388 3698 1454 μακροτέραν

2176 1474 2523 1540 στελλόμενος
2563 1475 2608 1507 ³⁸
2653 1477 2772 1530 666v
2810 1475 2964 1544 παρὰ
3009 1475 3054 1507 ¹⁶
3087 1475 3327 1539 Παύλου,
3357 1475 3605 1547 ἀνεχώρει
3627 1478 3696 1531 ἀπ’

2172 1563 2372 1629 αὐτῶν,
2413 1564 2593 1617 καίτοι
2653 1581 2716 1632 γε
2745 1564 3023 1637 ὑπηρέτης
3055 1563 3154 1629 ὢν,
3201 1564 3293 1618 διὰ
3333 1562 3398 1616 τὸ
3439 1565 3510 1634 μὴ
3553 1564 3696 1634 φέρειν

2173 1653 2336 1709 αὐτὸν
2364 1657 2492 1719 τοὺς
2531 1656 2830 1721 κινδύνους.

2773 1927 3025 1981 ΤΙΤΛΟΣ
3053 1925 3133 1982 κ’.

2172 2016 2418 2071 Παῦλον
2445 2014 2711 2082 εὐθαλὴς
2748 2014 3110 2069 διδασκαλία
3145 2015 3232 2080 είς
3276 2013 3543 2083 Χριστὸν,
3566 2014 3623 2068 ἐκ
3650 2033 3697 2069 τε

2241 2107 2346 2160 τοῦ
2369 2107 2579 2176 νόμου,
2621 2106 2722 2160 και
2759 2105 3023 2175 καθεξῆς
3055 2105 3174 2161 τῶν
3216 2104 3534 2176 προφητῶν
3568 2110 3697 2162 ιστο-

2232 2198 2379 2267 ρικὴ
2418 2199 2516 2252 καὶ
2549 2196 2934 2266 eiram-simu.

2593 2290 2673 2360 Τῇ
2711 2287 2754 2343 6'
2790 2288 2890 2358 τῆς
2920 2286 2962 2341 ε’
3000 2286 3314 2356 ἑϐδομάδος.

2652 2429 2654 2431 .
2765 2377 3152 2432 KEIMENUN.
3371 2405 3377 2410 -

2255 2465 2608 2536 Ἀναχϐἐντες
2635 2466 2692 2519 δὲ
2730 2465 2839 2519 ἀπὸ
2867 2465 2968 2535 τῆς
3004 2464 3198 2532 Πάφου
3231 2465 3284 2518 οἱ
3319 2464 3453 2534 περὶ
3482 2463 3561 2518 τὸν
3583 2461 3692 2517 Παῦε

2171 2557 2282 2623 λον,
2310 2552 2476 2628 ἦλθον
2532 2559 2616 2620 είς
2657 2559 2877 2630 Πέργην
2923 2560 3023 2628 τῆς
3071 2559 3426 2629 Παμφυλίας.
3489 2560 3689 2627 Ἰωάννης

2169 2647 2229 2700 δὲ.
2257 2648 2626 2718 ἀποχωρήσας
2655 2649 2750 2703 ἀπ’
2774 2648 2979 2715 αὐτῶν,
3014 2649 3362 2720 ὑπέστρεψεν
3390 2649 3465 2711 είς
3507 2648 3689 2718 Ἱεροσό-

2172 2743 2342 2814 λυμα.
2384 2744 2549 2797 Αὐτοὶ
2580 2743 2638 2797 6's
2677 2742 2975 2806 διελθόντες
3020 2742 3131 2798 ἀπὸ
3178 2744 3276 2813 τῆς
3315 2743 3548 2813 Πέργης,
3582 2757 3690 2809 παρ-

2173 2834 2422 2901 εγένοντο
2448 2836 2528 2897 εἰς
2593 2833 2918 2904 Ἀντιόχειαν
2965 2833 3067 2902 τῆς
3115 2834 3372 2896 Πισιδίας
3399 2849 3412 2862 ·
3459 2833 3540 2886 καὶ
3563 2832 3692 2884 sical-

2143 2975 2146 2978 .
2173 2925 2359 2989 θόντες
2387 2926 2468 2987 είς
2497 2925 2596 2995 τήν
2625 2925 2951 2996 συναγωγὴν
2976 2927 3042 2994 τῇ
3073 2925 3257 2994 ἡμέρᾳ
3275 2923 3400 2977 ¹τῶν
3428 2922 3688 2986 Σαὸὅάτων,

2173 3022 2450 3076 ἐκάθισαν.
2484 3019 2640 3074 Μετὰ
2681 3019 2740 3072 δὲ
2783 3019 2886 3089 τὴν
2931 3018 3240 3086 ἀνάγνωσιν
3287 3017 3390 3071 τοῦ
3432 3018 3579 3088 νόμον
3621 3015 3690 3068 καὶ

504 3111 622 3160 eos,
656 3095 946 3154 dicentes:
979 3093 1090 3149 Viri
1120 3093 1333 3160 lratres,
1360 3097 1404 3150 si
1435 3095 1600 3165 253
1615 3098 1740 3166 quis
1771 3106 1856 3152 est
1889 3097 1944 3150 in
1974 3111 2070 3151 vo-

2172 3113 2282 3167 τῶν
2311 3112 2634 3183 προφητῶν,
2667 3110 3005 3166 ἀπέστειλαν·
3027 3111 3077 3162 οἱ
3119 3109 3549 3180 ἀρχισυνάγωγοι
3586 3106 3688 3175 πρὸς

505 3187 591 3241 bis
629 3200 812 3240 sermo
832 3184 1230 3240 exhortationis
1259 3185 1326 3239 ad
1359 3186 1589 3254 plebem,
1619 3186 1802 3242 dicite.
1830 3185 2070 3258 Surgens

2173 3205 2370 3268 αὐτοὺς
2398 3205 2648 3271 λέγοντες
2672 3219 2689 3236 ο
2718 3203 2943 3273 ’Ἄνδρες
2973 3201 3214 3270 ἀδελφοὶ,
3259 3203 3309 3254 εί
3349 3201 3465 3254 ἔστι
3493 3200 3624 3267 λόγος
3647 3199 3688 3247 ὲν

503 3285 682 3332 autem
739 3275 942 3331 Paulus
995 3283 1050 3331 et
1103 3291 1266 3330 manu
1315 3277 1596 3332 silentium
1645 3277 1917 3343 indicens,
1952 3278 2067 3330 ait:

503 3367 616 3424 Viri
650 3365 929 3432 lsraelitae,
959 3375 1016 3422 et
1057 3368 1149 3437 qui
1190 3367 1396 3424 timetis
1439 3366 1895 3436 Deum,.audite:
1931 3367 2070 3422 Deus

502 3458 676 3530 plebis
705 3457 874 3516 Israel
905 3459 1068 3530 elegit
1099 3469 1284 3530 patres
1317 3466 1554 3524 nostros,
1589 3471 1645 3515 et
1675 3460 1887 3532 plebem
1917 3461 2072 3515 exal-

503 3551 640 3604 tavit
665 3565 791 3606 cum
816 3563 968 3606 esset
1003 3551 1182 3606 incola
1224 3552 1279 3605 in
1313 3561 1457 3606 terra
1495 3551 1740 3623 Egypti,
1775 3562 1829 3608 et
1861 3554 1916 3606 in
1947 3552 2070 3606 lira-

502 3640 630 3695 chio
655 3640 875 3696 excelso
912 3642 1101 3697 eduxit
1123 3655 1220 3697 eos
1262 3655 1331 3696 ex
1367 3656 1454 3704 ea,
1485 3651 1540 3698 et
1582 3658 1680 3712 per
1705 3644 2069 3715 quadraginta

503 3746 769 3786 annorum
799 3741 1012 3804 tempus
1037 3748 1221 3789 mores
1240 3747 1433 3788 eorum
1458 3736 1720 3790 sustinuit
1746 3736 1800 3791 iu
1825 3736 2068 3793 deserto.

499 3823 567 3878 Et
591 3825 880 3879 destruens
903 3836 1091 3896 gentes
1121 3835 1329 3896 septem
1361 3826 1414 3881 in
1439 3835 1584 3882 terra
1605 3827 1890 3893 Chanaan,
1921 3841 2072 3884 sorte

499 3913 781 3969 distribuit
804 3916 888 3972 eis
910 3924 1114 3972 terram
1141 3931 1354 3982 eorum,
1381 3918 1540 3988 quasi
1563 3928 1686 3988 post
1706 3920 2073 3990 quadringen-

502 4016 590 4061 tos
620 4015 674 4060 et
709 4009 1102 4078 quinquaginta
1151 4022 1348 4064 annos.
1401 4007 1468 4062 Et
1501 4019 1622 4078 post
1652 4011 1767 4066 haec
1804 4011 1966 4065 dedit.
1977 4014 2069 4081 ju-

503 4095 652 4153 dices
680 4113 854 4167 usque
894 4099 960 4152 ad
1009 4099 1234 4154 Samuel
1267 4099 1609 4170 prophetam.
1648 4101 1716 4156 Et
1742 4103 1940 4158 exinde
1973 4119 2071 4174 po-

502 4190 848 4243 stulaverunt
877 4205 1055 4260 regem
1087 4208 1102 4245 :
1137 4202 1192 4246 et
1220 4192 1369 4247 dedit
1419 4194 1526 4249 illis
1562 4193 1705 4250 Deus
1737 4193 1868 4249 Saul
1898 4196 2068 4252 lilium

500 4277 618 4342 Cis,
656 4279 828 4333 virum
871 4281 939 4336 de
970 4281 1120 4338 tribu
1153 4282 1458 4352 Beniamin,
1495 4287 1656 4342 annis
1689 4288 2068 4358 quadraginta.

505 4367 570 4422 Et
601 4381 788 4426 amoto
820 4372 936 4439 illo,
961 4374 1251 4430 suscitavit
1277 4376 1388 4431 illis
1418 4377 1582 4432 David
1603 4392 1784 4448 regem
1823 4395 1839 4431 :
1873 4380 1960 4434 cui
1988 4389 2072 4434 te-

2174 3298 2302 3367 ὑμῖν
2332 3295 2731 3366 παρακλήσεως
2759 3295 2894 3363 πρὸς
2917 3294 3008 3348 τὸν
3040 3293 3189 3358 λαὸν,
3223 3294 3434 3362 λέγετε.
3476 3289 3687 3350 ’Λναστᾶς

2169 3387 2226 3440 δὲ
2264 3385 2498 3450 Παῦλος,
2548 3385 2642 3438 καὶ
2683 3383 3008 3446 κατασείσας
3055 3385 3120 3454 τῇ
3166 3383 3334 3455 χειρὶ,
3371 3379 3516 3435 εἶπεν
3545 3398 3557 3412 ·
3593 3381 3689 3431 ’Λν-

2167 3479 2295 3550 δρες
2335 3477 2683 3548 Ἰσραηλῖται,
2713 3477 2809 3530 καὶ
2836 3477 2884 3529 oi
2912 3475 3238 3546 φοϐούμενοι
3257 3474 3348 3527 τὸν
3381 3472 3524 3536 Θεὸν,
3554 3470 3686 3526 ἁκού-

2172 3585 2304 3624 σατε
2329 3584 2346 3600 '
2416 3568 2475 3621 Ὀ
2527 3565 2660 3630 Θεδς
2719 3564 2817 3619 τοῦ
2870 3564 3002 3618 λαοῦ
3038 3565 3232 3619 τούτου
3289 3563 3558 3630 ἐξελέξατο
3591 3563 3686 3622 τοὺς

2170 3661 2423 3732 Πατέρας
2442 3660 2624 3731 ἡμῶν,
2657 3659 2752 3713 καὶ
2783 3659 2876 3711 τὸν
2903 3657 3032 3711 λαὸν
3063 3656 3278 3727 ὕψωσεν
3307 3658 3366 3710 ἐν
3392 3660 3455 3727 τῇ
3476 3653 3685 3723 nepotari;

2170 3750 2336 3806 αὐτοῦ
2378 3751 2436 3804 ἐν
2471 3751 2541 3820 γῇ
2577 3747 2860 3819 Αἰγύπτῳ,
2900 3747 2995 3801 καὶ
3039 3747 3179 3817 μετὰ
3213 3747 3492 3819 βραχίονος
3522 3741 3683 3813 ὑψηλοῦ

2169 3843 2441 3914 ἐξήγαγεν
2489 3840 2685 3902 αὐτοὺς
2729 3839 2789 3904 ἐξ
2835 3838 3004 3908 αὐτῆς
3032 3839 3193 3891 ’.καὶ
3224 3832 3680 3909 τεσσαρακονταετῆ

2169 3934 2364 4006 χρόνον
2405 3931 2844 4003 ἐτροποφόρησεν
2894 3930 3194 3993 αὐτοὺς-ἐν
3245 3933 3316 4000 τῇ
3361 3931 3558 4000 ἐρήμῳ.
3602 3922 3685 3978 Καὶ

2171 4023 2413 4080 καθελὼν
2431 4024 2560 4095 ἔθνη
2587 4023 2726 4076 ἐπτὰ
2748 4025 2804 4075 ἐν
2825 4025 2896 4093 γῇ
2918 4022 3163 4086 Χαναὰν,
3196 4019 3680 4091 κατεκληροδότησεν

2171 4117 2357 4180 αὐτοῖς
2390 4115 2488 4186 τὴν
2527 4115 2629 4184 γῆν
2660 4113 2858 4168 αὐτῶν.
2910 4113 3023 4166 Καὶ
3054 4113 3196 4182 μετὰ
3241 4112 3416 4166 ταῦτα
3461 4110 3529 4173 ὡς
3572 4110 3681 4160 ἔτεσι

2174 4205 2549 4278 τετρακοσίοις
2601 4206 2697 4258 καὶ
2751 4204 3089 4274 πεντήκοντα
3151 4203 3320 4256 ἔδωκε
3388 4200 3563 4270 κριτὰς
3603 4197 3682 4256 ἕως

2173 4298 2425 4368 Σαμουὴλ
2445 4295 2540 4351 τοῦ
2567 4297 2867 4367 προφήτου.
2895 4293 3163 4348 Κάκεῖθεν
3186 4295 3459 4366 ᾐτήσαντο
3479 4287 3680 4362 βασιλέα,

2174 4394 2272 4445 καὶ
2297 4390 2496 4442 ἔδωκεν
2523 4388 2709 4451 αὐτοῖς
2737 4389 2766 4440 6
2795 4386 2928 4448 Θεὸς
2949 4386 3040 4440 τὸν
3063 4385 3234 4438 Σαοὺλ
3271 4385 3387 4438 υἱὸν
3412 4384 3524 4445 Κὶς,
3551 4378 3681 4448 ἄνδρα

499 4461 817 4552 stimonium
868 4465 1190 4534 perlubens,
1232 4466 1413 4522 dixit:
1457 4467 1643 4523 Inveni
1678 4469 1846 4524 David
1893 4469 2062 4526 ﬁlium

2172 4484 2235 4536 ἐκ
2287 4481 2459 4552 φυλῆς
2501 4480 2780 4550 Βενιαμὶν,
2835 4476 2930 4547 ἐτη
2966 4477 3394 4547 τεσσαράκοντα.
3423 4477 3525 4529 Καὶ
3553 4486 3682 4543 μετα-

497 4549 673 4618 Jesse,
695 4557 871 4608 virum
901 4558 1203 4611 secundum
1221 4573 1316 4613 cor
1336 4573 1540 4621 meum,
1568 4560 1660 4631 qui
1696 4559 1860 4616 faciet
1881 4575 2072 4617 omnes

500 4646 806 4701 voluntates
837 4663 1006 4703 meas.
1053 4647 1229 4720 Hujus
1259 4650 1402 4705 Deus
1433 4665 1500 4705 ex
1534 4653 1743 4707 semine
1769 4653 2070 4709 secundum

499 4735 916 4802 promissionem
981 4738 1172 4792 eduxit
1218 4739 1392 4796 Israel
1447 4739 1784 4797 Salvatorem
1841 4743 2066 4811 Iesum,

501 4825 833 4894 praedicante
857 4826 1068 4883 Joanne
1098 4838 1226 4884 ante
1275 4829 1469 4886 [aciem
1511 4832 1779 4890 adventus
1819 4835 1938 4906 ejus
1965 4836 2067 4891 ba-

500 4915 761 4986 ptismum
789 4918 1123 4988 paenitentiae
1151 4922 1300 4975 omni
1331 4923 1532 4992 p0pulo
1562 4921 1750 4980 Israel.

555 5253 558 5260 ι
1006 5190 1571 5253 COMMENTARIUS.

571 5276 788 5352 Septem
811 5294 996 5354 gentes
1028 5287 1323 5344 destructa:
1343 5290 1400 5344 in
1427 5302 1567 5347 terra
1600 5293 1860 5352 Chanaan
1893 5310 2063 5355 sunt:

501 5372 717 5443 Hcttaai,
774 5377 1090 5445 Chauanmi,
1127 5380 1350 5447 Gcrsmi,
1391 5384 1724 5452 Amorrhaei,
1765 5389 2056 5458 Pheresei,

499 5463 642 5518 Evaei
681 5474 733 5519 et
765 5465 1022 5524 Jebuswi.
1060 5488 1080 5522 ι
1118 5471 1303 5528 Inveni
1351 5473 1542 5529 David.
1586 5495 1606 5528 ι
1645 5478 2054 5547 Adnotandum,

551 5639 596 5672 "
630 5641 648 5693 1
679 5640 824 5695 Pctr.
847 5657 898 5706 v,
932 5643 1018 5697 1'6.

2173 4577 2378 4644 στήσας
2408 4573 2591 4636 αὑτὸν,
2616 4572 2837 4642 ήγειρεν
2864 4569 3048 4632 αὐτοῖς
3068 4569 3159 4622 τὸν
3188 4568 3356 4622 Δασὶδ
3381 4569 3455 4630 εἰς
3482 4562 3677 4635 βασιλέα,

2167 4656 2211 4730 ᾧ
2237 4664 2328 4716 καὶ
2357 4658 2476 4714 εἷπε
2505 4663 2862 4732 μαρτυρήσας
2886 4676 2900 4691 ·
2938 4653 3109 4729 Εῦρον
3133 4659 3308 4712 Δαὸὶδ
3337 4659 3426 4712 τὸν
3455 4656 3538 4709 τοῦ
3582 4654 3681 4705 Ἰεσ-

2170 4755 2283 4818 σαὶ,
2318 4752 2488 4823 ἄνδρα
2512 4753 2651 4806 κατὰ
2681 4754 2778 4820 τὴν
2809 4751 3034 4822 καρδίαν
3067 4767 3190 4820 μου,
3216 4749 3276 4813 6;
3311 4752 3514 4820 ποιήσει
3541 4744 3677 4796 πάντα

2166 4845 2236 4900 τὰ
2263 4844 2390 4914 θελή
2401 4843 2545 4914 ματά
2571 4859 2696 4912 μου.
2727 4843 2930 4896 Τούτου
2972 4842 3152 4906 ὁνΘεὺς
3175 4842 3284 4896 ἀπὸ
3308 4842 3401 4896 τοῦ
3419 4840 3678 4907 σπέρματης

2169 4937 2290 4992 κατ’
2324 4934 2654 5003 ἐπαγγελίαν
2679 4935 2867 5005 ἤγειρε
2890 4933 2968 5005 τῷ
2999 4935 3213 5005 Ἰσραὴλ
3243 4935 3462 5004 Σωτῆρα
3493 4925 3677 5000 Ἰησοῦν,

2157 5025 2596 5098 προκηρύξαντος
2660 5025 2906 5079 Ἰωάννου
2938 5025 3042 5095 πρὸ
3070 5023 3363 5094 προσώπου
3395 5023 3485 5093 τῆς
3517 5015 3676 5071 εἰσόδου

2159 5118 2323 5175 αὑτοῦ
2368 5117 2648 5188 βάπτισμα
2687 5117 2971 5186 μετανοίας
3002 5115 3080 5186 τῷ
3129 5115 3364 5187 Ἰσραήλ.

2740 5209 3119 5263 ΕΡΜΗΝΕΙΑ.

2233 5302 2520 5364 Χετταῖοι,
2581 5302 2913 5366 Χαναναῖοι,
2953 5300 3322 5370 ⁷Γεργεσαῖοι,
3389 5294 3670 5367 Ἀμοῤῥαῖοιν

2164 5393 2482 5462 Φερεζαῖοι,
2527 5392 2736 5456 Εὺαῖοι,
2796 5391 3128 5444 Ἰεϐουσαῖοι.
3199 5410 3218 5442 ι
3254 5383 3422 5460 Εῦρον
3480 5385 3665 5439 ΔεϐἰδΛ

2164 5485 2236 5554 Ση
2247 5484 2528 5553 μειωτέονν
2557 5483 2630 5546 ὼς
2654 5482 2888 5553 οὐδαμοῦ
2922 5483 3197 5550 αὐτολεξεὶ
3219 5483 3387 5538 ταῦτα
3413 5482 3471 5536 τὰ
3494 5480 3668 5550 ῥήματα

1679 5733 1877 5797 Varias
1909 5735 2216 5798 lectiones
2256 5741 2316 5797 et
2360 5746 2550 5802 notae.

573 5829 618 5863 “
651 5827 1082 5901 μεταϐαλοῦσαν.
1162 5833 1205 5865 ¹⁸
1239 5832 1634 5903 στελλομένων.
1717 5835 1758 5866 ¹⁶
1783 5834 1892 5890 τῶν
1923 5835 2049 5906 περὶ
2079 5835 2309 5890 Παῦλον.
