3848 6546
167 465 258 525 οῧδ

756 453 1288 515 EXPOSITIONIS
1324 454 1405 515 lN
1437 454 1625 513 ACTA
1646 452 1944 514 TEXTUS
1977 452 2245 514 ALTER.
2276 478 2341 489 -
2372 454 2529 517 CAP.
2566 455 2746 515 XIII.

3272 456 3373 519 986

166 578 343 627 κεῖνται
363 571 419 622 ἐν
444 569 509 638 τῇ
542 566 709 638 βίϐλῳ
740 566 849 619 τῶν
887 566 1204 632 Βασιλειῶν,
1239 567 1274 638 ἥ
1303 565 1464 635 μόνον
1491 581 1702 635 προφη-

1807 566 1968 620 verba
2000 565 2104 621 ista
2136 581 2241 620 non
2270 573 2485 621 exstare
2511 566 2564 621 in
2592 567 2741 621 libris
2767 565 2998 637 Regum,
3023 570 3114 623 sed
3140 576 3375 623 tantum-

165 664 307 724 τικῶς
343 659 442 713 ὑπο
474 662 567 712 τοῦ
597 657 849 729 Σαμουὴλ
879 657 1149 729 εἰρημένα
1177 657 1315 727 πρὸς
1353 655 1444 707 τὸν
1491 655 1667 709 Σαούλ
1688 672 1702 687 ο

169 755 344 811 ιΟὖτω
384 750 477 805 καὶ
521 751 681 821 νῦνή
724 748 981 801 Βασιλεία
1030 766 1123 801 σου
1173 747 1235 800 οὐ
1285 746 1574 813 στήσεται*
1612 745 1709 798 καὶ

165 850 359 920 ζητήσει
384 843 587 915 Κύριος
631 839 811 911 ἐαυτῷ
847 839 1135 911 ἄνθρωπον
1173 838 1314 891 κατὰ
1349 837 1448 906 τὴν
1479 835 1707 906 καρδίαν

163 938 352 1001 ἑαυτοῦ,
380 936 474 990 καὶ
511 935 806 988 ἐντελεῖται
850 932 1056 1003 Κύριος
1096 932 1175 993 εἰς
1211 930 1448 1000 ἄρχοντα
1486 929 1580 981 ἐπὶ
1615 928 1707 982 τὸν

162 1034 268 1086 λαὸν
281 1028 460 1092 αὐτοῦ,
483 1028 566 1080 ὅτι
595 1026 693 1080 οὐκ
714 1024 1005 1094 ἐφύλαξας.
1028 1024 1126 1077 ὅσα
1155 1021 1457 1075 ἐνετείλατό
1488 1037 1569 1074 σοι
1591 1019 1705 1074 Κύ-

165 1138 304 1193 ριος.»
328 1120 433 1172 Καὶ
450 1115 698 1170 ἐντεῦθεν
725 1117 752 1168 6
773 1113 983 1178 Παῦλος
1004 1113 1175 1175 οὕτως
1193 1112 1382 1182 εἴρηκε
1402 1111 1463 1163 τὸ
1488 1130 1507 1162 ι
1537 1104 1707 1182 Εὗρον

163 1210 325 1272 Δαδίΰ,
350 1208 438 1261 τὸν
460 1205 646 1260 δοῦλόν
672 1223 796 1277 μου,
838 1204 930 1258 τὸν
976 1204 1068 1257 τοῦ
1092 1203 1308 1266 Ἰεσσαὶ,
1362 1201 1528 1271 ἄνδρα
1564 1198 1705 1253 κατὰ

162 1302 243 1374 τὴν
257 1298 472 1371 καρδίαν
492 1314 619 1369 μου,
635 1295 689 1361 ὃς
712 1296 927 1366 ποιήσει
945 1295 1123 1349 πάντα
1148 1295 1217 1347 τὰ
1238 1292 1520 1364 θελήματά
1542 1308 1664 1362 μου.
1678 1309 1697 1345 ι
1732 1284 1740 1295 ’

723 1386 1114 1442 ΚΕΙΜΕΝΟΝ.

167 1484 321 1541 τοῦτο
339 1483 573 1553 λέγεται
606 1483 694 1546 εἰς
725 1482 841 1547 τὴν
868 1476 1179 1547 ἀποτομὴν
1207 1474 1313 1529 τοῦ
1335 1473 1702 1541 Προδρόμου.

173 1577 245 1640 Ὠς
272 1575 322 1628 δὲ
351 1575 593 1644 ἐπλήρου
624 1572 652 1623 6
691 1570 945 1639 Ἰωάννης
981 1569 1073 1620 τὸν
1100 1568 1319 1637 δρόμον,
1345 1563 1497 1630 ἔλεγε
1524 1577 1539 1593 ⁸
1567 1560 1704 1614 Τίνα

165 1667 500 1738 μεὺπονοείτε
527 1660 672 1717 εἶναι
703 1678 719 1728 ;
752 1662 869 1714 Οὐκ
914 1659 1031 1730 εἰμὶ
1068 1657 1179 1726 ἐγὼ
1217 1659 1246 1710 6
1292 1655 1548 1725 Χριστὸς,
1587 1652 1703 1706 ἀλλῖ

165 1758 256 1811 ἰδοὺ
282 1757 491 1828 ἔρχεται
517 1754 640 1826 μετ’
667 1754 790 1824 ἐμὲ,
820 1745 885 1813 οὗ
906 1751 1006 1804 οὐκ
1032 1749 1147 1820 εἰμί
1178 1747 1325 1812 ἄξιος
1352 1747 1412 1799 τδ
1448 1744 1702 1814 ὑπόδημα

161 1848 252 1902 τῶν
289 1847 459 1902 ποδῶν
507 1845 689 1899 λῦσαι.
733 1844 958 1913 ’Ἄνδρες
991 1841 1229 1911 ἀδελφοὶ,
1263 1839 1368 1891 υίοί
1396 1839 1587 1906 γένους
1617 1837 1705 1889 ’Λ-

1813 657 2103 713 modobmc
2134 659 2492 729 proplieticea
2519 660 2774 715 Samuele
2802 659 3008 730 prolata
3035 663 3101 714 ad
3130 659 3322 714 Saul”
3356 678 3372 716 :

1814 768 1832 801 ι
1879 749 2237 820 Nequaquam
2306 765 2533 820 regnum
2603 760 2757 806 tuum
2848 751 2992 805 ultra
3054 760 3372 821 consurget.

1808 838 2070 905 Qumsivit
2117 839 2378 896 Dominus
2430 841 2533 895 sibi
2578 843 2753 897 virum
2781 841 2937 912 juxta
2973 858 3068 897 cor
3098 859 3282 907 suum,
3318 850 3373 896 et

1811 931 2068 999 praecepit
2096 936 2145 985 ei
2180 930 2465 998 Dominus,
2497 942 2556 988 ut
2590 944 2737 988 esset
2766 934 2871 987 dux
2917 949 3081 1003 super
3114 935 3370 1003 populum

1807 1036 2074 1086 suum,eo
2103 1023 2246 1091 quod
2274 1037 2380 1077 non
2410 1025 2716 1079 servaveris
2763 1040 2885 1095 quae
2915 1026 3167 1094 praecepit
3190 1024 3374 1079 Domi-

1807 1128 1931 1168 nus.
1970 1131 1988 1164 ι
2032 1112 2170 1166 llinc
2221 1128 2350 1167 vero
2408 1113 2612 1170 Paulus
2670 1115 2774 1170 sibi
2840 1114 3147 1170 en‘ormavit
3195 1114 3370 1169 illud:

1812 1221 1831 1253 ι
1869 1202 2055 1257 lnvvni
2093 1204 2280 1267 David,
2316 1203 2486 1258 [ilium
2526 1204 2700 1269 Jesse,
2733 1206 2909 1259 virum
2942 1205 3243 1261 secundum
3277 1220 3373 1261 cor

1806 1309 2011 1359 meum,
2042 1294 2133 1364 qui
2171 1294 2332 1349 faciet
2361 1308 2551 1349 omnes
2585 1296 2892 1352 voluntates
2915 1311 3081 1352 meas.
3127 1315 3147 1347 ι

2442 1384 2741 1442 TEXTUS.

2004 1476 2110 1541 Qui
2152 1478 2347 1533 dicitur
2374 1478 2428 1532 in
2458 1479 2808 1533 decollatione
2850 1477 3222 1537 Prwcursoris.

1875 1567 2215 1634 Xlll,‘25-53.
2236 1569 2369 1624 Cum
2404 1570 2653 1639 impleret
2688 1579 2867 1625 autem
2889 1568 3127 1625 Joannes
3153 1587 3375 1626 cursum

1802 1670 1984 1717 suum,
2006 1656 2256 1713 dicebat:
2282 1656 2450 1723 Quem
2473 1673 2560 1713 me
2576 1659 2916 1714 arbitramini
2934 1675 3057 1715 esse
3075 1660 3098 1713 ?
3118 1658 3235 1714 Non
3254 1677 3375 1714 sum

1801 1763 1902 1816 ego
1923 1747 2195 1810 Christus,
2227 1747 2321 1803 sed
2340 1762 2469 1803 ecce
2483 1749 2628 1803 venit
2652 1757 2774 1819 post
2801 1765 2906 1815 me,
2930 1749 3093 1820 cujus
3119 1766 3224 1804 non
3251 1765 3371 1806 sum

1802 1839 2000 1907 dignus
2012 1839 2379 1894 ealeeamenta
2396 1839 2590 1910 pedum
2608 1840 2835 1897 solvere.
2853 1842 2962 1895 Viri
2982 1841 3201 1907 fratres,
3214 1841 3379 1913 259

162 1939 340 2010 δραὰμ,
351 1939 440 1992 καὶ
457 1938 507 1991 οί
524 1938 581 1990 ἐν
600 1937 632 1989 ὑ
643 1937 732 2005 μϊν
752 1933 915 2004 φοδού
924 1950 1074 2004 μενοι
1085 1933 1176 1985 τὸν
1190 1923 1339 1996 Θείίν,
1363 1929 1490 1998 ὑμῖν
1505 1930 1533 1981 ὁ
1546 1928 1703 1995 λόγος

1809 1930 1900 1983 lilii
1940 1930 2157 1999 generis
2176 1930 2477 1997 Abraham,
2498 1940 2548 1986 et
2579 1932 2670 2000 qui
2696 1936 2749 1984 in
2784 1932 2938 1987 vobis
2963 1933 3155 1987 timent
3181 1933 3373 1997 Deum,

160 2031 243 2099 τῆς
273 2031 532 2098 σωτηρίας
561 2026 772 2095 ταύτης
808 2024 1115 2094 ἀπεστάλη.
1150 2023 1214 2075 Οἰ
1244 2022 1353 2091 γὰρ
1386 2018 1704 2073 κατοικοῦν-

160 2138 236 2184 τες
275 2123 327 2174 ἐν
370 2117 762 2190 ’1ηρουσαλὴμ,
796 2116 890 2170 καὶ
922 2116 971 2169 οἰ
998 2116 1256 2185 ἄρχοντες
1284 2113 1486 2178 αὐτῶν,
1516 2112 1703 2165 τοῦτον

164 2209 530 2279 ἀγνοήσαντες,
574 2208 678 2261 καὶ
722 2205 821 2268 τὰς
870 2206 1054 2274 φωνὰς
1104 2205 1214 2257 τῶν
1260 2202 1555 2273 προφητῶν
1602 2204 1702 2266 τὰς

163 2299 283 2351 κατὰ
326 2300 431 2351 πᾶν
474 2296 760 2350 Σάϐϐατον
812 2294 1364 2365 ἀναγινωσκομένας,
1414 2294 1701 2364 κρίναντες

164 2389 472 2458 ἐπλήρωσαν,
510 2385 917 2457 καὶθμηδεμίαν
944 2388 1125 2439 αἰτίαν
1160 2386 1392 2440 θανάτου
1428 2385 1698 2454 εὑρόντες,

164 2482 400 2552 ᾐτήσαντο
422 2482 658 2534 Πιλᾶτον
680 2480 1034 2552 ἀναιρεθῆναι
1072 2478 1256 2533 αὐτόν.
1308 2479 1396 2541 Ὠς
1437 2478 1492 2531 δέ
1523 2478 1702 2531 ἐτέλε-

165 2589 249 2624 σαν
285 2573 450 2625 πάντα
488 2572 557 2625 τὰ
638 2572 769 2643 περὶ
804 2571 974 2624 ἀὐτοῦ
1007 2569 1369 2641 γεγραμμένα
1391 2609 1406 2633 ,
1448 2568 1705 2622 καθελόν-

164 2680 236 2725 τες
258 2664 355 2716 ἀπὸ
384 2663 475 2717 τοῦ
510 2663 699 2731 ξύλου,
739 2663 942 2733 ἔθηκαν
977 2666 1036 2716 ἐν
1074 2661 1345 2732 μνημείῳ.
1400 2662 1458 2713 ’0
1484 2661 1541 2715 δὲ
1569 2662 1702 2723 Θεὸς

166 2753 354 2823 ἡγειρεν
376 2754 538 2808 αὐτὸν
589 2757 658 2807 ἐκ
710 2754 939 2826 νεκρῶν.
1002 2754 1094 2816 '0;
1154 2752 1309 2824 ὤφθη
1370 2753 1462 2806 ἐπὶ
1489 2754 1703 2822 ἡμέρας

166 2843 353 2906 πλείους
387 2848 498 2906 τοῖς
539 2846 907 2898 συναναϐᾶσιν
934 2841 1083 2912 αὐτῷ
1125 2843 1232 2896 ἀπὸ
1271 2843 1371 2911 τῆς
1410 2843 1701 2906 Γαλιλαίας

167 2935 230 2997 εἰς
261 2932 634 3005 Ἰερουσαλὴμ,
675 2934 871 3009 οἵτινές
910 2934 1016 2984 εἰσι
1045 2932 1320 3002 μάρτυρες
1369 2931 1534 2984 αὐτοῦ
1567 2931 1703 3002 πρὸς

165 3023 240 3076 τὸν
268 3024 402 3078 λαόν.
435 3027 545 3080 Καὶ
572 3027 736 3095 ἡμεῖς
774 3026 915 3092 ὑμᾶς
940 3023 1409 3092 εὐαγγελιζόμεθα
1437 3023 1535 3094 τὴν
1562 3023 1700 3093 πρὸς

167 3113 269 3176 τοὺς
300 3116 530 3188 πατέρας
572 3115 913 3185 ἐπαγγελίαν
959 3114 1281 3186 γενομένην,
1318 3114 1401 3166 ὅτι
1440 3113 1645 3183 ταύτην
1674 3116 1701 3167 6

167 3200 271 3265 Θεὸς
294 3205 685 3278 ἐκπεπλήρωκε
711 3209 821 3270 τοῖς
863 3206 1079 3270 τέκνοις
1127 3204 1329 3269 αὐτῶν,
1369 3206 1524 3275 ἡμῖν,
1566 3208 1700 3261 ἀνα-

172 3282 343 3366 στήσας
390 3297 627 3367 Ἰησοῦν.

725 3383 1103 3437 EPMHNEIA.

222 3468 367 3522 οὕδὲν
390 3470 591 3525 ἄτοπον
617 3471 677 3523 τὸ
709 3475 799 3523 τὸν
841 3472 1052 3540 Ἰησοῦν
1086 3470 1383 3543 ἐγηγέρθαι
1415 3472 1524 3526 ἀπὸ
1562 3469 1697 3525 Θεοῦ

165 3556 404 3629 λέγεσθαι.
436 3564 498 3616 Εἰ
535 3564 650 3632 γὰρ
694 3564 901 3633 Ἰησοῦς
932 3566 1032 3616 οὐκ
1059 3564 1218 3627 ἄλλος
1244 3565 1393 3616 ἐστὶν
1419 3564 1452 3635 ἢ
1485 3566 1513 3617 6
1533 3564 1706 3632 Λόγος

167 3652 512 3723 όσαρκωθείς,
558 3648 716 3719 οὗτος
757 3654 812 3708 δέ
846 3657 1052 3728 ἐστινὴ
1096 3654 1321 3726 δύναμις
1367 3655 1460 3709 τοῦ
1495 3657 1706 3727 Πατρδς

166 3741 222 3793 δι’
260 3740 320 3815 ἧς
367 3750 541 3801 πάντα
602 3748 835 3819 ἐνεργεῖ,
872 3748 1012 3801 κατὰ
1063 3746 1145 3811 τὺ,
1197 3764 1216 3799 ι
1265 3748 1525 3818 Χριστὸς,
1568 3747 1704 3802 Θεοῦ

166 3831 396 3905 δύναμιςο
433 3857 453 3891 ι
503 3838 672 3902 αὐτὸς
720 3839 913 3893 ἑαυτὸν
946 3839 1310 3895 ἀνεστακέναι
1359 3840 1703 3911 νοηθήσεται,

167 3925 242 3977 καί
284 3927 564 4001 ἐγηγέρθαι
597 3929 887 4001 λεγόμενος
911 3930 1016 3982 ὑπὸ
1039 3930 1133 3984 τοῦ
1164 3930 1397 4001 Πατρὸς,
1432 3932 1515 4001 ἐφ’
1539 3931 1597 3984 ὃν
1629 3932 1705 3996 ὡς

166 4014 311 4088 ἀρχὴν
349 4024 438 4074 καὶ
463 4022 650 4076 αἰτίαν
674 4021 903 4093 ἄχρονον
932 4021 1149 4075 ἅπαντα
1182 4024 1513 4093 ἀναφέρεται
1532 4038 1548 4053 ο
1582 4025 1705 4077 ἐπεὶ

165 4107 243 4159 καὶ
261 4108 408 4173 αὑτός
447 4127 651 4184 φησιν·
688 4129 708 4163 ι
744 4112 958 4165 Λύσατε
996 4112 1088 4165 τὸν
1129 4111 1256 4165 ναὸν
1281 4111 1495 4176 τοῦτον,
1526 4115 1618 4165 καὶ
1642 4115 1702 4165 ἐν

164 4200 312 4264 τρισίν
334 4202 563 4273 ἡμέραις
586 4201 763 4275 ἐγερῶ
788 4202 973 4256 αὐτόν.
1014 4220 1033 4253 ι
1076 4201 1283 4265 ’Λλλως
1307 4218 1369 4255 τε
1399 4201 1478 4268 δὲ,
1509 4201 1698 4273 ἐπειδὴ

163 4287 214 4339 τὸ
241 4289 452 4361 Ἰησοῦς
489 4294 668 4363 ὄνομα
704 4294 795 4347 ἐπὶ
825 4292 918 4346 τοῦ
956 4292 1244 4364 ἀνθρώπου
1274 4292 1702 4363 κακῶς-λαμϐά-

165 4382 485 4451 νουσιλτινες,
531 4385 633 4438 καὶ
666 4382 952 4455 προλαϐὼν
999 4380 1142 4447 εἷπε,
1182 4383 1457 4437 τεθεῖσθαι
1489 4384 1583 4436 τὸν
1619 4383 1699 4436 λί-

164 4462 238 4519 θον
260 4469 296 4500 ¹⁷
324 4471 378 4524 ἐν
396 4473 669 4546 μνημείῳ,
695 4472 786 4527 ἵνα
825 4475 899 4544 μή
927 4491 1011 4536 τις
1042 4473 1303 4527 ὐπολάὅοι
1320 4475 1578 4544 ·ἄσαρκον
1602 4474 1699 4526 αὑ-

162 4555 236 4611 τὸν
259 4561 522 4633 εἰρηκέναι
561 4566 657 4619 τὸν
686 4565 861 4634 Λόγον
885 4603 901 4629 ,
938 4564 1101 4618 πάλιν
1141 4566 1305 4617 αὑτὸν
1354 4564 1560 4634 Ἰησοῦν
1598 4581 1697 4618 κα-

1802 2021 1957 2075 vobis
1983 2021 2212 2076 verbum
2240 2021 2436 2077 salutis
2480 2021 2644 2091 hujus
2675 2023 2902 2078 missum
2951 2032 3052 2078 est.
3080 2022 3183 2089 Qui
3230 2023 3374 2077 enim

1803 2113 2123 2168 habitabant
2145 2111 2477 2178 Jerusalem,
2503 2122 2557 2169 et
2583 2116 2856 2185 principes
2889 2116 3030 2185 ejus,
3059 2117 3203 2169 hunc
3224 2115 3378 2185 igno-

1802 2212 2009 2270 rantes,
2044 2211 2283 2270 et‘voces
2321 2205 2725 2276 prophetarum,
2759 2222 2880 2276 qua:
2916 2221 3010 2275 per
3040 2220 3202 2261 omne
3234 2205 3375 2261 Sab-

1801 2296 1989 2353 batum
2038 2298 2313 2368 leguntur,
2350 2298 2661 2366 judicantes
2706 2298 3070 2368 impleverunt
3105 2315 3119 2352 :
3157 2308 3210 2353 et
3253 2298 3378 2352 nul-

1802 2387 1909 2441 lam
1934 2403 2158 2443 causam
2199 2390 2397 2445 mortis
2431 2389 2771 2443 invenientes
2798 2391 2850 2442 in
2891 2404 2956 2443 eo
2986 2431 3000 2457 ,
3050 2392 3374 2459 petierunta

1803 2478 1977 2534 Pilato
2018 2487 2079 2533 ut
2110 2481 2479 2534 interficerent
2510 2495 2655 2534 eu-n.
2700 2479 2945 2549 Cumque
2987 2496 3377 2536 consummas—

1803 2581 1927 2625 seut
1960 2572 2161 2637 omnia,
2199 2586 2320 2643 quae
2363 2570 2430 2626 de
2463 2585 2530 2625 eo
2569 2570 2774 2640 scripta
2815 2580 2993 2633 erant.
3040 2571 3375 2640 deponentes

1801 2677 1926 2715 eum
1956 2662 2023 2717 de
2052 2663 2198 2732 ligno
2228 2668 2528 2731 posuerunt
2568 2677 2693 2715 eum
2729 2660 2782 2714 in
2823 2671 3199 2716 monumento.
3233 2659 3375 2715 Deus

1802 2769 1933 2808 vero
1964 2753 2253 2808 suseitavit
2284 2769 2408 2809 eum
2439 2768 2467 2807 a
2501 2753 2733 2806 mortuis
2762 2752 2916 2805 tertia
2951 2751 3075 2805 die:
3102 2752 3192 2821 qui
3222 2751 3374 2805 visus

1802 2854 1885 2898 est
1914 2860 2013 2915 per
2037 2844 2153 2899 dies
2178 2845 2380 2899 multos
2405 2845 2516 2908 his,
2542 2844 2637 2914 qui
2668 2842 2832 2898 simul
2862 2840 3224 2896 ascenderant
3247 2856 3371 2895 cum

1801 2952 1867 2991 eo
1903 2938 1970 2991 de
2008 2936 2231 2992 Galiltea
2268 2937 2322 2990 in
2349 2935 2653 2991 Jerusalem
2693 2953 2707 2989 :
2740 2936 2834 3006 qui
2867 2948 3042 3004 usque
3071 2947 3216 2987 nunc
3246 2941 3375 2986 sunt

1803 3035 1973 3082 testes
2005 3028 2126 3098 ejus
2170 3027 2237 3082 ad
2268 3027 2499 3097 plebem.
2557 3026 2622 3081 Et
2661 3042 2764 3081 nos
2805 3025 2959 3081 vobis
2986 3023 3374 3080 annuntiamus

1801 3132 1921 3172 eam
1954 3133 2076 3188 qua:
2109 3118 2176 3172 ad
2205 3126 2388 3188 patres
2434 3126 2655 3173 nostros
2691 3116 3049 3186 repromissio
3074 3115 3211 3170 facta
3245 3123 3328 3169 est
3356 3131 3372 3172 :

1801 3208 2060 3275 quoniam
2121 3206 2265 3263 hanc
2311 3205 2456 3262 Deus
2501 3207 2816 3277 adimplet-it
2859 3206 2985 3261 filiis
3036 3204 3239 3261 nostris
3289 3216 3377 3257 re-

1731 3298 1776 3356 C
1809 3299 2091 3354 suscitans
2114 3298 2326 3354 Jesum.

2303 3387 2875 3447 COMMENTARIUS.

1878 3483 2191 3541 Absurdum
2224 3482 2437 3538 nullum
2471 3492 2577 3546 est,
2633 3482 2817 3538 dicere
2851 3479 3033 3538 Iesum
3072 3497 3093 3531 ι
3130 3478 3372 3536 suscita-

1809 3583 1921 3628 tum
1959 3589 1987 3627 a
2020 3575 2271 3629 mortuis.
2312 3591 2331 3626 ι
2373 3575 2430 3628 Si
2462 3573 2607 3628 enim
2639 3572 2894 3629 Christus
2942 3587 3052 3626 non
3079 3571 3220 3626 alius
3259 3579 3365 3635 est,

1809 3665 1913 3719 nisi
1954 3661 2192 3718 Verbum
2225 3663 2593 3726 incarnatum,
2627 3662 2713 3716 hic
2744 3671 2926 3716 autem
2957 3669 3040 3715 est
3066 3660 3240 3713 virtus
3269 3658 3369 3712 Pa.

1806 3755 1931 3819 tris,
1962 3770 2060 3825 per
2093 3769 2255 3824 quam
2287 3751 2470 3808 omnia
2514 3751 2667 3813 facit,
2692 3751 2851 3820 juxta
2880 3747 3015 3805 illud
3048 3748 3114 3814 “,
3158 3765 3178 3800 ι
3209 3747 3370 3802 Chri-

1806 3854 1927 3898 stus
1996 3842 2089 3896 Dei
2124 3845 2341 3906 virtus;
2391 3858 2411 3891 ι
2446 3840 2563 3909 ipse
2608 3837 2959 3907 semetipsum
3012 3836 3371 3892 resuscitasse

1805 3934 2150 4006 intelligitur,
2182 3934 2347 3988 etiam
2377 3947 2501 3987 cum
2534 3932 2835 3987 suscitatus
2862 3946 2892 3984 a
2929 3930 3089 3986 Patre
3122 3928 3322 3984 dicitur
3349 3944 3364 3979 :

1805 4025 1872 4080 ad
1911 4025 2090 4093 ipsnm
2118 4026 2263 4080 enim
2299 4026 2448 4081 velut
2499 4027 2566 4079 ad
2629 4023 2979 4095 priueipimn,
3030 4030 3085 4076 et
3143 4035 3366 4076 causam

1802 4119 2189 4188 sempiternam
2250 4118 2434 4172 omnia
2490 4115 2679 4172 refert.
2747 4116 2929 4181 Quare
2989 4113 3104 4184 ipse
3169 4114 3246 4167 ait
3273 4112 3364 4166 ":

1808 4225 1826 4258 ι
1874 4207 2082 4262 Solvite
2110 4208 2371 4278 templum
2404 4208 2529 4272 hoc,
2560 4217 2616 4261 et
2643 4208 2696 4261 in
2732 4207 2910 4261 tribus
2971 4204 3166 4260 diebus
3219 4204 3368 4258 exci-

1800 4298 1925 4352 tabo
1945 4297 2099 4352 illud.
2123 4317 2142 4350 ι
2173 4296 2460 4363 Praeterea,
2478 4298 2734 4367 quoniam
2760 4311 2958 4351 nomen
2981 4294 3140 4350 Jesus
3169 4296 3236 4350 de
3271 4297 3366 4348 lm-

1799 4385 1948 4438 mine
1983 4384 2124 4438 male
2170 4383 2448 4453 accipiunt
2481 4382 2674 4451 aliqui,
2728 4392 2781 4437 et
2834 4382 2952 4450 ipse
3001 4383 3360 4451 praemiserat,

1798 4479 2034 4550 positum
2094 4492 2216 4533 esse
2274 4475 2511 4532 Verbum
2571 4476 2625 4529 in
2685 4482 3060 4538 monumento,
3123 4488 3190 4526 ne
3236 4475 3360 4540 quis

1798 4570 2195 4639 suspicaretur,
2227 4582 2350 4622 eum
2377 4567 2580 4621 dixisse
2617 4564 2850 4621 Verbum
2880 4570 3198 4625 sinecarne.
3235 4580 3362 4617 rur-

163 4648 246 4716 λεί,
268 4628 490 4727 οὖδαμοῦ
520 4628 789 4729 διαίρεσιν
833 4656 1010 4720 διδοὺς
1042 4656 1122 4728 τῷ
1152 4628 1492 4728 σαρκωθέντι
1531 4656 1692 4727 Λόγῳ

1807 4677 1894 4718 sus
1924 4660 2113 4717 Jesum
2144 4660 2323 4730 ipsum
2356 4666 2537 4722 vocat,
2568 4659 2774 4712 nullam
2815 4657 3108 4712 admittens
3136 4656 3362 4711 divisio-

164 4743 281 4806 μετὰ
303 4747 396 4815 τὴν
430 4748 647 4815 ἐνωσιν,
679 4749 953 4821 πανταχοῦ
989 4748 1096 4802 τῶν
1127 4748 1339 4802 ἀσεϐῶν
1362 4749 1692 4820 ὲμφράττων

160 4831 218 4883 τὰ
238 4836 476 4893 ἁπύλωτα
509 4840 774 4910 στόματα.

708 4932 1091 4989 ΚΕῙΜΕΝΟΝ.

226 5015 306 5083 Ὦς
328 5024 416 5078 καὶ
438 5029 494 5083 ἐν
520 5026 601 5099 τῷ
625 5024 825 5096 ψαλμῷ
842 5024 918 5095 τῷ
939 5025 1175 5095 δευτέρῳ
1200 5024 1537 5095 γέγραπταιο
1562 5023 1691 5088 Υἰός

162 5118 246 5171 μου
290 5109 336 5165 εἰ
380 5117 477 5171 eti-
533 5120 646 5189 ἐγὼ
698 5122 939 5192 σήμερον
990 5116 1297 5186 γεγέννηκά
1347 5132 1429 5169 σε.
1463 5115 1588 5168 ’Ότι
1630 5115 1689 5168 δὲ

160 5195 421 5271 ἀνέστησεν
449 5212 611 5264 αὑτὸν
641 5212 669 5263 6
690 5211 823 5274 Θεὸς
854 5213 917 5263 ἐκ
943 5208 1172 5279 νεκρῶν,
1203 5207 1399 5278 μηκέτι
1429 5206 1689 5276 μέλλοντα

161 5285 485 5367 ὑποστρέφειν
540 5302 621 5365 εἰς
668 5302 989 5373 διαφθορὰν,
1038 5299 1211 5363 οὕτως
1266 5300 1519 5369 εἴρηκεν·
1564 5299 1689 5352 Ὅτι

160 5375 291 5517 ξέἷισω
316 5388 434 5459 ὑμῖν
461 5393 527 5447 τὰ
543 5394 666 5449 ὅσια
695 5394 861 5448 Δαὸὶδ
880 5396 946 5448 τὰ
971 5392 1159 5447 πιστά.
1186 5390 1277 5445 Διὸ
1308 5391 1403 5444 καὶ
1428 5391 1487 5443 ὲν
1515 5389 1686 5461 ἑτέρῳ

211 5486 312 5517 γει.

187 5469 283 5538 ἐγει
297 5490 312 5506 ·

1793 4767 1917 4808 nent
1950 4753 2004 4805 in
2034 4752 2321 4806 incarnato
2353 4748 2531 4804 Verbo
2557 4757 2683 4819 post
2717 4745 2920 4803 factam
2965 4749 3220 4802 unionem
3252 4764 3269 4815 ;
3308 4756 3362 4801 et

1792 4844 1874 4899 sic
1902 4842 2101 4913 ubique
2118 4842 2316 4897 ell'rena
2346 4842 2635 4910 impiorum
2662 4840 2897 4897 obstruit
2924 4853 3042 4895 ora.

2430 4931 2731 4989 TEXTUS.

1862 5026 2086 5093 Xlll,33
2114 5028 2204 5084 '55.
2223 5025 2441 5082 Sicutet
2463 5027 2516 5081 in
2540 5028 2750 5098 psalmo
2764 5026 3002 5082 secundo
3016 5025 3221 5080 dictum
3239 5035 3355 5079 est:

1798 5118 1973 5175 Filius
1995 5135 2150 5176 meus
2179 5136 2238 5175 es
2267 5128 2349 5183 tu,
2384 5135 2483 5190 ego
2510 5120 2670 5175 hodie
2698 5117 2855 5190 genui
2886 5127 2957 5172 te.
2986 5115 3141 5181 Quod
3175 5126 3358 5171 autem

1789 5210 2079 5267 suscitavit
2100 5227 2222 5266 eum
2247 5226 2273 5264 a
2304 5214 2556 5275 mortuis,
2582 5209 2939 5280 ampliusjarn
2969 5222 3073 5260 non
3103 5222 3352 5261 reversu-

1792 5316 1911 5355 rum
1978 5304 2031 5356 in
2078 5303 2507 5371 corruptionem,
2546 5301 2617 5353 ita
2652 5299 2809 5364 dixit,
2852 5299 2977 5368 quia
3017 5298 3164 5353 Dabo
3197 5299 3352 5354 vobis

1789 5402 1981 5447 sancta
2009 5391 2174 5446 David
2204 5391 2402 5447 ﬁdelia.
2436 5389 2668 5461 Ideoque
2695 5398 2747 5443 et
2771 5389 2908 5445 alias
2934 5388 3066 5442 dicit
3094 5403 3108 5439 :

247 5606 287 5637 “
318 5608 332 5662 1
368 5613 492 5687 Reg.
522 5635 641 5687 xm,
686 5620 773 5675 Η.
863 5616 1087 5674 “lCor.
1116 5615 1263 5683 1,24.
1344 5614 1389 5647 ⁸⁸
1417 5612 1577 5671 Joan.
1616 5625 1676 5681 ιι,
1703 5614 1789 5670 l9.

1302 5753 1499 5817 Variae
1532 5754 1837 5819 lectiones
1881 5758 1943 5816 et
1970 5759 2175 5833 noue.

220 5841 257 5873 "
271 5848 453 5915 Λόγον.
