3848 6542
349 353 452 420 947

1250 353 1820 416 THEOPHYLACTI
1858 355 2268 418 BULGARI/E
2291 356 2641 418 ARCHIEP.

3487 353 3601 416 948

348 476 600 522 calorum
633 464 882 538 accipere
908 479 1006 536 per
1045 479 1242 521 nomen
1275 467 1393 539 ejus
1425 482 1641 536 omnes,
1674 469 1766 539 qui
1799 483 1918 523 cre-

2041 469 2516 541 ῖιαμαρτύρασοαι,
2553 474 2636 526 ὅτι
2663 471 2827 533 αὑτός
2863 471 3012 525 ἐστιν
3073 471 3102 524 ὁ
3130 468 3435 541 ὡρισμένος
3490 468 3604 522 ὑπὸ

344 560 482 615 dunt
508 558 563 614 in
585 574 734 615 eum.

2011 560 2107 613 τοῦ
2137 561 2272 615 Θεοῦ
2300 561 2494 633 κριτὴς
2515 559 2731 627 ζώντων
2757 561 2851 615 καλ⁸
2878 558 3111 632 νεκρῶν.
3150 558 3338 629 Τούτῳ
3389 557 3604 619 πάντες

345 656 394 708 οἱ
437 652 712 725 προφῆται
750 655 1142 730 μαρτυροῦσιν,
1175 656 1371 726 ἄφεσιν
1421 653 1706 726 ἁμαρτιῶν
1736 652 1919 707 λαϐεῖν
1957 652 2044 707 διὰ
2083 653 2178 706 τοῦ
2211 653 2475 723 ὀνόματος
2507 653 2695 720 αὑτοῦ,
2757 652 2939 709 πάντα
2980 649 3072 706 τδν
3144 649 3470 704 πιστεύοντα
3521 649 3606 712 εις

347 746 530 803 αὐτόν.

738 862 754 870 ⁵
832 841 1404 901 COMMENTARIUS.

420 953 440 988 ι
474 935 744 1005 Acceptus
800 946 905 991 est.
945 953 964 987 ι
1034 935 1092 990 Si
1140 944 1344 1001 tamen,
1393 935 1646 990 abdicato
1678 933 1911 1004 pristino

344 1040 554 1093 errore,
585 1025 653 1080 ad
681 1039 902 1080 sacrum
934 1025 1207 1094 Baptisma
1246 1027 1562 1081 accesserit.
1602 1043 1620 1077 ι
1649 1023 1910 1087 Verbum,

345 1115 512 1185 quod.
549 1135 569 1168 ι
630 1115 759 1172 Haec
793 1116 1090 1173 astantium
1119 1130 1285 1170 causa
1314 1116 1469 1179 dicit,
1505 1124 1565 1170 ut
1593 1115 1756 1170 etiam
1790 1115 1912 1170 illos

344 1207 642 1262 attraheret
675 1208 745 1264 ad
776 1207 980 1264 ﬁdem:
1020 1215 1259 1262 attamen
1291 1204 1557 1262 lsraelitis
1599 1207 1689 1261 dat
1718 1204 1910 1277 pra-fe-

343 1300 613 1356 rentiam:
645 1309 698 1356 et
730 1315 800 1356 ne
827 1301 882 1356 hi
924 1316 985 1356 se
1011 1301 1250 1370 rejectos
1287 1315 1409 1356 esse
1447 1307 1723 1370 putarent,
1762 1318 1780 1350 ι
1811 1298 1909 1352 llic

342 1401 446 1459 est,
474 1392 676 1464 inquit,
704 1394 950 1450 omnium
973 1392 1259 1450 Dominus.
1291 1411 1416 1446 »-ι
1449 1391 1730 1459 Quomodo
1755 1391 1911 1446 unxit

341 1498 490 1536 eum.
519 1501 539 1535 ι
573 1482 729 1550 Quod
746 1481 910 1540 Jesus
934 1492 1136 1538 unctus
1162 1500 1191 1538 a
1216 1481 1324 1540 Deo
1350 1483 1423 1539 sit
1453 1481 1660 1554 Spiritu
1694 1490 1909 1543 sancto,

345 1571 574 1647 intelligi
626 1575 786 1632 debet
816 1615 832 1640 ,
895 1577 1199 1631 secundum
1235 1575 1629 1631 humanitatem
1658 1614 1673 1639 ,
1708 1589 1807 1630 seu
1858 1574 1912 1628 in

346 1676 612 1737 quantum
647 1675 732 1722 est
781 1667 966 1723 homo.
1025 1666 1296 1734 Quoniam
1353 1667 1502 1722 enim
1553 1684 1571 1718 ι
1611 1665 1916 1722 exinanivit

349 1759 697 1829 semetipsum
726 1757 796 1826 ⁸³,
835 1777 855 1812 ι
892 1769 947 1815 et
970 1759 1023 1814 in
1065 1759 1245 1815 nostri
1297 1757 1712 1815 similitudinem
1750 1773 1917 1814 carne

2590 835 2968 891 EPMHNEIA.

2088 932 2133 1004 [ι
2146 931 2340 993 Asx-.6;
2359 933 2494 984 ἐστι.
2509 927 2558 1001 ι]
2576 927 2886 992 Τουτέστιν,
2909 926 3002 979 ἐὰν
3026 923 3352 996 προσδρᾶμῃ
3370 920 3448 993 τῷ
3462 920 3607 991 θείῳ

2019 1021 2374 1092 βαπτίσματι,
2396 1019 2640 1082 ἀποστὰς
2657 1018 2756 1088 τῆς
2785 1014 3168 1087 προλαϐοὑσης
3194 1015 3425 1084 πλάνης.
3448 1031 3468 1065 ε
3496 1013 3608 1064 Τὸν

2016 1117 2193 1184 λόγον,
2233 1115 2312 1168 ὃν.
2344 1131 2362 1165 ι
2384 1111 2572 1166 Ταῦτα
2606 1110 2754 1178 λέγει
2785 1108 2873 1162 διὰ
2901 1110 3029 1171 τοὺς
3063 1107 3355 1177 παρόντας,
3382 1105 3473 1159 ἴνα
3511 1107 3609 1156 καὶ

2019 1206 2263 1269 ἐκείνους
2287 1203 2659 1272 ἐπισπάσηται
2686 1200 2823 1272 πρὸς
2847 1201 3030 1254 πίστιν
3055 1215 3070 1228 ·
3101 1199 3250 1268 ὅμως
3273 1196 3458 1249 δίδωσι
3489 1197 3608 1259 τοῖς

2019 1301 2154 1364 υίοϊς
2171 1296 2389 1370 Ἰσραὴλ
2417 1296 2477 1350 τὸ
2511 1295 2820 1365 ἐξαίρετον·
2860 1292 2956 1346 καὶ
2986 1291 3075 1344 ἵνα
3099 1290 3175 1360 μὴ
3202 1291 3512 1359 νομίσωσιν
3548 1288 3607 1338 ὲν

2018 1393 2167 1456 τάξει
2199 1388 2586 1460 ἀπειρημένων
2613 1381 2833 1452 εἶναιθο,
2859 1402 2878 1436 ι
2910 1375 3080 1444 Οὗτός
3109 1382 3244 1446 ἐστι,
3277 1379 3433 1450 φησὶ,
3465 1378 3612 1432 ’πᾶν⁸

2017 1500 2129 1537 των
2165 1481 2387 1552 Κύριος.
2427 1497 2447 1531 ι
2474 1509 2543 1520 -—
2580 1495 2599 1529 ι
2643 1475 2733 1540 Ὠς
2752 1475 2970 1545 ἔχρισεν
3013 1473 3196 1527 αὐτόν.
3237 1489 3256 1523 ι
3292 1471 3365 1523 "re
3408 1467 3612 1539 κεκρί-

2023 1574 2148 1627 σθαι
2178 1569 2393 1642 Ἰησοῦν
2427 1566 2710 1638 Πνεὺματι
2740 1564 2879 1635 ἁγίῳ
2914 1563 3020 1616 ὑπὸ
3049 1560 3142 1615 τοῦ
3172 1559 3328 1626 Θεοῦ,
3369 1558 3527 1612 κατὰ
3553 1558 3614 1609 τὸ

2020 1661 2365 1736 ἀνθρώπινον
2408 1660 2488 1713 δεῖ
2517 1659 2678 1712 νοεῖν.
2725 1654 2946 1726 Ἐπειδὴ
2999 1652 3110 1723 γὰρ
3159 1650 3430 1703 ἐκένωσεν
3480 1648 3616 1702 ἑαυ-

2021 1756 2136 1817 τιν,
2189 1751 2286 1807 καὶ
2339 1747 2742 1820 παραπλησίως
2813 1746 2946 1818 ἡμῖν
3036 1742 3297 1814 μετέσχεν
3366 1737 3610 1808 αἵματος

348 1858 401 1904 ει
433 1852 699 1922 sanguine
750 1858 1045 1908 concretus
1077 1860 1184 1919 est,
1216 1864 1303 1914 ea,
1353 1865 1475 1922 qua:
1517 1865 1612 1920 per
1662 1858 1915 1905 naturam

2041 1847 2115 1898 ιαὶ
2189 1840 2411 1913 σαρκὸς,
2479 1837 2654 1892 ταῦτα
2709 1835 2850 1906 ἅπερ
2905 1827 3022 1903 εἶχε
3084 1830 3229 1884 κατὰ
3301 1827 3470 1896 φύσιν
3535 1826 3615 1890 ὡς

2041 1937 2056 1947 ι.
2096 1936 2110 1947 ι
2201 1935 2218 1947 ς
2318 1931 2379 1947 Α.
2525 1931 2539 1944 ~
2569 1932 2584 1947 ι
2632 1945 2642 1947 μ
2711 1946 2737 1947 ν.
2768 1927 2851 1947 ο-9-
2888 1924 2939 1947 ,ι
2988 1921 3322 1947 ι.-.ο--ο.-...-..
3381 1919 3609 1947 ,ειη-ρ...

352 1919 616 2005 habebat,
653 1937 820 2014 248
881 1951 939 1996 ut
980 1942 1142 2008 Deus,
1174 1919 1418 2011 accipere
1451 1919 1650 1997 dicitur
1701 1947 1919 2010 propter

2041 1936 2175 2000 ὶεὺς,
2201 1931 2500 2004 λαμϐάνειν
2525 1931 2743 1998 λέγεται
2765 1927 2854 1981 διὰ
2885 1924 2945 1978 τὸ
2982 1921 3343 1993 ἀνθρώπινον.
3374 1919 3612 1987 Δέχεται

353 2032 767 2089 humanitatem.
798 2033 1012 2103 Accipit
1037 2034 1181 2096 enim
1217 2050 1326 2089 non
1353 2033 1764 2103 sibi,quatenus
1779 2031 1920 2086 Deus

353 2120 589 2177 Verbum
622 2131 708 2179 est
749 2123 990 2196 (propria
1031 2125 1177 2180 enim
1219 2125 1366 2181 illius
1405 2135 1535 2180 sunt
1568 2124 1797 2193 omnia),
1825 2123 1920 2178 sed

355 2212 511 2267 nobis
545 2212 600 2266 in
631 2214 952 2285 semetipso,
976 2213 1145 2268 veluti
1175 2216 1229 2269 in
1270 2215 1599 2286 quibusdam
1635 2212 1916 2284 primitiis.

357 2322 376 2354 ο
414 2302 570 2359 Hunc
597 2303 758 2360 Deus.
801 2324 821 2357 ι
850 2303 987 2359 Hinc
1011 2305 1228 2377 (nempe
1253 2321 1317 2361 ex
1353 2321 1417 2361 eo
1441 2305 1586 2376 quod
1615 2303 1914 2360 manduca-

355 2395 493 2449 verit
523 2403 578 2451 et
608 2394 830 2465 biberit)
860 2395 1064 2453 Christi
1097 2398 1436 2454 resurrectio
1465 2399 1914 2453 demonstratur:

356 2502 464 2541 non
495 2486 638 2541 enim
671 2497 960 2558 postquam
991 2489 1316 2554 resurrexit,
1348 2489 1562 2560 signum
1591 2487 1809 2558 aliquod
1836 2486 1920 2542 fe-

353 2579 461 2645 cit;
487 2577 604 2648 ipsa
625 2593 860 2649 namque
889 2581 1223 2637 resurrectio
1249 2594 1507 2650 magnum
1533 2580 1749 2650 signum
1779 2586 1918 2634 erat.

358 2669 793 2728 ilcsurreetionis
855 2686 984 2728 vero
1050 2671 1197 2728 haud
1251 2671 1600 2743 praestantius
1663 2672 1918 2742 signum.

355 2775 518 2828 quam
553 2762 884 2818 manducare
903 2775 958 2819 et
986 2763 1194 2820 bibere.
1232 2781 1252 2816 ι
1288 2763 1428 2822 Huic
1455 2775 1665 2818 omnes.
1700 2780 1719 2814 ι
1751 2760 1923 2827 Quot-

357 2859 513 2921 quot,
554 2853 753 2924 inquit,
785 2854 1066 2924 prophetze
1103 2855 1172 2911 de
1212 2861 1563 2925 peccatorum
1596 2852 1924 2908 remissione

2021 2027 2129 2096 γὰρ
2159 2025 2256 2095 οὐχ
2302 2022 2500 2092 ἐαυτῷ,
2527 2018 2664 2074 milia
2691 2017 2825 2079 θεὸς
2875 2013 3049 2082 Λόγος
3085 2011 3245 2065 ἐστιν
3306 2008 3446 2078 (ἴδια
3497 2007 3612 2078 γὰρ

2017 2116 2088 2190 ἢν
2120 2116 2332 2190 αὑτοῦ),
2365 2111 2484 2167 ἀλλ’
2531 2112 2665 2182 ἡμῖν
2705 2109 2779 2172 ὼς
2832 2108 2890 2160 ἐν
2963 2105 3187 2174 ἀπαρχῇ
3246 2102 3314 2155 δι’
3379 2097 3607 2190 ἑαυτοῦ.

2030 2228 2050 2261 ι
2089 2207 2292 2261 Τοῦτον
2319 2207 2347 2259 ὁ
2381 2204 2530 2267 Θεός.
2565 2221 2584 2254 ι
2655 2199 2938 2254 Ἐντεῦθεν
3018 2195 3296 2250 δείκνυται
3350 2189 3612 2262 βεϐαιοῦο

2027 2299 2152 2353 σθαι
2181 2298 2226 2330 ’³
2257 2296 2356 2368 τὴν
2383 2296 2682 2350 ἀνάστασιν
2715 2308 2730 2323 ο
2761 2289 2881 2343 οὐδὲ
2911 2287 3021 2358 γὰρ
3051 2284 3288 2346 ἀναστὰς
3315 2281 3610 2351 ἐποίῃσὲτι

2026 2391 2253 2461 σημεῖον
2281 2405 2298 2420 ·
2322 2386 2462 2457 αῦτη
2485 2387 2594 2458 γὰρ
2624 2386 2658 2456 ἡ
2696 2384 2992 2444 ἀνάστασις
3051 2380 3196 2453 μέγα
3253 2379 3480 2447 σημεῖον
3499 2369 3571 2445 ἦν
3591 2391 3608 2409 ·

2025 2480 2196 2534 ταῦτα
2217 2476 2342 2512 ⁸⁸⁸⁸⁵
2362 2477 2440 2541 δὲ,
2470 2477 2622 2530 οὐδὲν
2650 2474 2874 2544 σημεῖον
2896 2473 2970 2535 ὡς
2995 2469 3056 2523 τὸ
3089 2469 3283 2539 φαγεῖν
3311 2467 3405 2520 καὶ
3435 2466 3609 2519 πιεῖν.

2033 2589 2053 2625 ι
2091 2571 2278 2640 Τούτῳ
2311 2571 2532 2632 πάντες.
2575 2587 2594 2620 ι
2623 2567 2780 2618 Ὅσοι
2814 2565 3111 2635 προφῆται,
3181 2559 3371 2629 φησιν,
3412 2556 3612 2627 ἐλάλη-

2032 2681 2131 2719 σαν
2153 2663 2284 2734 περὶ
2345 2660 2632 2732 ἁμαρτιῶν
2668 2658 2938 2728 ἀφέσεως,
2986 2657 3044 2709 ἐν
3094 2654 3270 2723 τούτῳ
3306 2652 3386 2720 τῷ
3430 2649 3612 2719 Ἰησοῦ

2032 2750 2188 2809 εἷπον
2219 2753 2387 2817 αὐτὰς
2406 2751 2681 2822 ἀφεῖσθαι.
2725 2747 2882 2803 Οῦτω
2913 2747 3006 2801 καὶ
3038 2746 3269 2807 Ἠσαίας
3332 2743 3392 2797 τὸ
3441 2739 3610 2796 αὑτοῦ

2035 2847 2328 2919 πρόσωπον
2357 2844 2654 2914 εἰσφέρων,
2682 2841 2864 2910 λέγει·
2905 2857 2926 2891 ι
2965 2838 3106 2906 Ἐγώ
3149 2838 3264 2907 είμι
3317 2836 3346 2889 ὁ
3404 2831 3615 2898 ἐξαλεί-

357 2945 526 2999 locuti
555 2953 706 3010 sunt,
732 2945 770 3000 ii
805 2960 994 3002 omnes
1043 2946 1420 3002 testimonium
1452 2944 1765 3016 perhibent,
1801 2957 1922 2998 eam

2041 2954 2150 3010 ιρων
2173 2938 2270 3001 τὰς
2293 2935 2569 3007 ἁμαρτίας
2621 2949 2715 2986 σου
2747 2932 2843 2986 καὶ
2875 2930 2974 2994 τὰς
2999 2929 3227 2998 ἀνομίας
3251 2944 3368 2981 σου.
3406 2944 3426 2978 ι

361 3052 457 3104 per
498 3037 675 3092 solum
715 3037 865 3093 hunc
902 3037 1090 3096 Jesum
1147 3040 1324 3111 accipi
1370 3054 1554 3110 posse.
1603 3037 1698 3095 Sic
1750 3035 1925 3092 Isaias
1963 3031 2086 3104 ejus
2117 3045 2408 3103 personam
2439 3041 2730 3085 assumens
2771 3021 2912 3079 ait“
2979 3063 2994 3079 .

361 3133 452 3204 qui
487 3133 640 3190 deleo
665 3143 890 3206 peccata
925 3143 1043 3201 tua,
1078 3146 1132 3192 et
1162 3137 1479 3208 iniquitates
1507 3143 1650 3192 tuas.
1683 3155 1701 3188 ι

715 3231 875 3290 Fcria
905 3233 940 3290 5
964 3234 1318 3291 hebdomadas
1345 3241 1574 3307 quartae.

978 3323 1283 3385 TEXTUS.

432 3421 503 3490 Χ,
526 3422 720 3478 “48.
744 3419 936 3477 Adhuc
957 3419 1215 3490 loquente
1239 3417 1403 3475 Petro
1431 3419 1597 3474 verba
1624 3419 1760 3486 haec,
1789 3417 1940 3475 θεοὶ-ν

363 3519 443 3570 dit
463 3514 704 3587 Spiritus
723 3523 946 3569 sanctus
970 3527 1137 3583 super
1159 3526 1349 3568 omnes
1366 3512 1458 3584 qui
1487 3511 1785 3567 audiebant
1808 3526 1934 3566 ver-

366 3613 517 3666 bum.
543 3608 610 3664 Et
629 3609 1032 3676 obstupuerunt
1051 3622 1116 3662 ex
1149 3606 1572 3663 circumcisione
1607 3605 1794 3661 ﬁdeles
1825 3605 1922 3675 qui

371 3707 631 3757 venerant
653 3715 775 3755 cum
805 3697 986 3764 Petro,
1012 3697 1141 3768 quia
1165 3709 1220 3754 et
1249 3698 1302 3753 in
1322 3700 1576 3754 nationes
1606 3698 1781 3768 gratia
1799 3696 1928 3767 Spi-

368 3791 504 3848 ritus
523 3791 697 3848 sancti
724 3789 898 3846 eiIusa
921 3798 1024 3845 est.
1054 3789 1360 3845 Audiebant
1388 3791 1533 3844 enim
1559 3789 1681 3844 illos
1705 3789 1933 3857 loquen-

369 3896 454 3939 tes
486 3883 713 3954 linguis,
751 3889 808 3938 et
840 3880 1255 3952 magniﬁcantes
1284 3878 1480 3933 Deum.
1515 3878 1672 3933 Tunc
1706 3892 1936 3946 respon-

367 3977 447 4030 dit
469 3974 665 4030 Petrus
703 3993 719 4030 :
757 3971 1017 4042 Nunquid
1049 3985 1246 4041 aquam
1267 3971 1392 4040 quis
1408 3969 1700 4040 prohibere
1734 3977 1936 4040 potest,

372 4078 429 4124 ut
454 4083 566 4124 non
595 4068 946 4137 baptizentur
970 4065 1049 4131 hi,
1077 4068 1168 4136 qui
1201 4064 1464 4134 Spiritum
1493 4075 1742 4120 sanctum
1775 4077 1938 4119 acce-

371 4170 592 4232 perunt,
622 4161 766 4216 sicut
795 4169 849 4216 et
882 4159 1032 4216 nos?
1068 4167 1118 4214 et
1146 4159 1310 4228 jussit
1339 4173 1434 4213 eos
1464 4156 1728 4227 baptizari
1761 4157 1814 4211 in
1838 4171 1938 4210 no-

375 4251 520 4307 mine
550 4249 766 4307 Domini
809 4249 940 4307 Jesu
984 4249 1211 4321 Christi.
1265 4248 1421 4302 Tunc
1450 4254 1775 4320 rogaverunt
1811 4261 1940 4303 eum

375 4352 436 4398 ut
473 4348 722 4398 maneret
743 4341 884 4412 apud
911 4355 1007 4399 eos
1032 4339 1244 4411 aliquot
1271 4338 1484 4396 diebus.

958 4513 1189 4572 CAPUT
1221 4513 1360 4570 XVI.

3060 3040 3082 3074 ι
3117 3021 3224 3092 Ego
3291 3033 3416 3076 sum
3466 3017 3610 3090 ipse.

2455 3220 2534 3292 Τῇ
2566 3225 2606 3274 ε’
2637 3217 2739 3286 τῆς
2761 3214 2804 3270 δ’
2846 3212 3162 3284 ἑϐδομάδος.

2619 3306 3009 3364 ΚΕΙΜΕΝΟΝ.

2107 3406 2227 3461 Ἔτι
2257 3405 2314 3460 δέ
2365 3403 2652 3464 λαλοῦντος
2691 3398 2785 3453 τοῦ
2811 3399 3020 3469 Πέτρου
3063 3395 3130 3449 τὰ
3161 3395 3381 3464 ῥήματα
3417 3386 3608 3452 ταῦτα,

2035 3497 2273 3551 ἐπέπεσε
2294 3494 2356 3548 τὸ
2387 3491 2612 3562 Πνεῦμα
2637 3493 2696 3543 τὸ
2743 3489 2897 3558 ἅγιον
2917 3487 3012 3541 ἐπὶ
3049 3485 3256 3546 πάντας
3286 3483 3414 3544 τοὺς
3447 3477 3610 3532 ἀκού-

2037 3605 2199 3651 οντας
2231 3587 2325 3641 τὸν
2354 3586 2529 3654 λόγον.
2563 3583 2672 3636 Καὶ
2731 3582 3029 3650 ἐξέστησαν
3071 3579 3122 3630 οἱ
3188 3575 3251 3628 ἐκ
3307 3568 3612 3642 περιτομῆς

2039 3680 2242 3743 πιστοὶ,
2263 3679 2378 3732 ὅσοι
2414 3674 2675 3744 συνῆλθον
2713 3671 2790 3744 τῷ
2833 3671 3049 3741 Πέτρῳ,
3109 3669 3194 3723 ὅτι
3245 3665 3339 3718 καὶ
3395 3662 3490 3714 ἐπὶ
3544 3657 3613 3712 τὰ

2037 3773 2166 3844 ἔθνη
2202 3773 2236 3841 ἡ
2291 3769 2472 3840 δωρεὰ
2535 3765 2631 3820 τοῦ
2698 3764 2855 3833 ἁγίου
2913 3760 3234 3830 Πνεύματος
3297 3753 3608 3823 ἐκκέχυται.

2040 3867 2278 3920 Ἤκουον
2309 3859 2623 3933 γὰραῦτῶν
2646 3856 2952 3911 λαλούντων
2980 3851 3276 3921 γλώσσαις,
3315 3845 3411 3900 καὶ
3439 3860 3610 3914 μεγαο

2039 3957 2305 4010 λυνὸντων
2327 3954 2418 4007 τὸν
2447 3951 2598 4006 Θεόν.
2630 3950 2761 4004 Τότε
2797 3944 3070 4016 ἀπεκρίθη
3106 3943 3135 3994 ὁ
3174 3942 3412 4011 Πέτρος·
3437 3935 3529 4006 Μή
3559 3950 3611 3988 τι

2039 4049 2098 4103 τὸ
2121 4048 2265 4120 ῦδωρ
2293 4045 2537 4100 κωλῦσαι
2597 4042 2824 4097 δύναταί
2879 4057 2964 4103 τις
2993 4034 3090 4091 τοῦ
3130 4034 3206 4105 μὴ
3245 4028 3607 4104 βαπτισοῖψαι

2039 4116 2282 4207 τούτους,
2314 4139 2506 4202 οἵτινες
2533 4136 2593 4190 τὺ
2623 4132 2846 4204 Πνεῦμα
2870 4132 2930 4185 τὸ
2958 4129 3113 4199 ἅγιον
3176 4124 3367 4179 ἔλαϐον
3431 4116 3607 4178 καθὼς

2046 4235 2141 4287 καὶ
2170 4235 2369 4303 ήμεῖς;
2407 4227 2711 4302 προσέταξέ
2735 4243 2793 4279 τε
2825 4224 3024 4284 αὐτοὺς
3053 4215 3422 4291 βαπτισθῆναι
3451 4214 3510 4264 ἐν
3537 4207 3611 4278 τῷ

2043 4302 2268 4393 ὀνόματι
2308 4322 2481 4393 Ἰησοῦ
2502 4317 2762 4392 Χριστοῦ.
2794 4317 2929 4371 Τότε
2961 4311 3255 4385 ἠρώτησαν
3299 4305 3464 4361 αὐτὸν
3492 4302 3608 4354 ἐπι-

2048 4417 2231 4488 μεῖναι
2284 4414 2500 4485 ήμέρας
2529 4411 2705 4474 τινάς.

2618 4501 2870 4557 ΚΕΦΑΛ.
2895 4495 3013 4566 ις’.

378 4615 531 4670 Petri
569 4615 852 4669 instructio
899 4611 963 4666 de
1017 4610 1274 4666 Christo:
1324 4610 1486 4680 deque
1525 4609 1664 4664 dono
1712 4607 1926 4677 Spiritu:

2043 4601 2268 4672 Πέτρου
2289 4597 2624 4667 κατήχησις
2639 4597 2725 4660 εις
2747 4592 3024 4662 Χριστὸν,
3037 4588 3143 4643 τοῦ
3165 4602 3227 4640 τε
3243 4584 3415 4654 ἁγίου
3433 4578 3606 4680 ιζνεύ-

445 4706 618 4764 sancti
654 4706 720 4758 iis
748 4704 840 4774 qui
883 4703 1223 4757 audiebant:
1273 4711 1321 4754 et
1373 4699 1636 4771 quomodo
1686 4699 1946 4769 baptizati

448 4807 596 4864 sunt,
620 4798 711 4868 qui
745 4807 867 4852 tunc
891 4811 956 4850 ea;
979 4793 1262 4866 gentilibus
1287 4792 1642 4850 crediderunt.

1013 4886 1305 4944 TEXTUS.

447 4984 542 5052 XI,
575 4983 729 5040 1-10.
749 4981 1060 5039 Audierunt
1089 4991 1270 5037 autem
1295 4980 1527 5049 apostoli
1542 4989 1592 5035 et
1612 4979 1828 5043 fratres,
1856 4978 1950 5048 qui

2111 4709 2302 4763 ματος
2331 4690 2430 4743 ἐπὶ
2486 4687 2630 4754 τοὺς
2684 4687 3017 4748 ἀκούοντας
3044 4676 3263 4747 δωρεά·
3312 4673 3410 4728 καί
3462 4672 3606 4734 ὅπως

2119 4783 2578 4850 ἐϐαπτίσθησαν
2609 4777 2741 4833 τότε
2793 4780 2844 4831 οι
2863 4775 2931 4837 ἐξ
2947 4771 3137 4829 ἐθνῶν
3159 4769 3606 4828 πιστεύσαντες.

2646 4871 3032 4930 ΚΕΙΜΕΝΟΝ.

2125 4978 2408 5031 Ἤκουσαν
2440 4972 2498 5026 δὲ
2531 4969 2581 5025 oi
2599 4967 2889 5023 ἀπόστολοι
2917 4965 3011 5018 καὶ
3045 4962 3095 5015 οἱ
3121 4959 3345 5028 ἀδελφοὶ
3379 4958 3427 5010 οί
3469 4953 3609 5008 ὅντες

378 5085 536 5131 erant
555 5075 609 5130 in
630 5073 657 5129 .1
665 5073 815 5130 udasa
835 5072 1096 5143 quoniam
1111 5077 1164 5126 et
1182 5044 1368 5143 gentes
1383 5079 1708 5140 receperunt
1725 5044 1926 5124 verbum

2052 5070 2195 5126 κατὰ
2219 5069 2318 5136 τὴν
2371 5065 2652 5128 Ἰουδαίαν,
2683 5061 2768 5114 ὅτι
2799 5058 2894 5113 καὶ
2922 5058 2991 5111 τὰ
3039 5054 3167 5122 ἔθνη
3229 5049 3479 5113 ἐδέξαντο
3523 5044 3610 5143 τον.

385 5168 500 5222 Dei.
522 5165 658 5223 Cum
691 5176 875 5222 autem
923 5162 1263 5221 ascendisset
1301 5161 1496 5219 Petrus
1527 5160 1949 5232 Jerosolymam,

383 5260 764 5331 disceptabant
789 5258 1054 5314 adversus
1075 5257 1254 5321 illum,
1277 5256 1371 5324 qui
1392 5260 1550 5310 erant
1573 5269 1639 5311 ex
1659 5253 1952 5310 circumci-

2049 5163 2206 5232 λόγον
2227 5134 2318 5212 τοῦ
2351 5156 2512 5211 Θεοῦ.
2539 5155 2647 5208 Καὶ
2671 5155 2760 5207 ὅτε
2788 5149 2954 5220 ἀνέϐη
3008 5148 3218 5216 Πέτρος
3277 5143 3357 5205 εἰς
3388 5134 3610 5232 ῌἹεροσςῧο

2051 5223 2220 5324 λυμα.
2279 5250 2610 5319 διεκρίνοντο
2688 5246 2738 5297 οἱ
2820 5243 2887 5296 ἐκ
2945 5238 3251 5309 περιτομῆς
3307 5230 3478 5324 πρὸς
3521 5223 3608 5277 αὑ-

383 5353 558 5414 sione,
577 5351 824 5407 dicentes
843 5369 856 5405 :
876 5323 1329 5416 Quareintroisti
1355 5346 1428 5400 ad
1449 5346 1595 5401 viros
1621 5345 1926 5415 prteputiun

2048 5323 2140 5400 τω
2197 5343 2464 5410 λέγοντες,
2520 5341 2602 5392 ὅτι
2669 5333 2933 5407 Εἰσῆλθες
3031 5330 3166 5401 πρὸς
3217 5325 3417 5395 ἄνδρας
3459 5323 3582 5416 erepo

388 5445 670 5511 habentes,
702 5453 759 5500 et
790 5439 1137 5499 mandu-casti
1168 5453 1294 5495 cum
1341 5438 1491 5494 illis?
1549 5438 1823 5506 Incipiens
1855 5451 1953 5490 au-

478 5599 523 5631 "
556 5598 789 5671 Philipp.
835 5615 892 5666 ιι,
925 5599 980 5652 7.
1062 5598 1109 5630 “
1148 5595 1258 5653 lsa.
1316 5609 1471 5661 XLIII,
1528 5592 1621 5648 25.

2060 5433 2286 5488 ϐυστίαν
2329 5433 2572 5504 ἔχοντας,
2611 5429 2706 5484 atati.
2761 5426 3060 5495 συνέφαγες
3111 5421 3318 5484 αὐτοῖς.
3363 5411 3605 5486 Ἀρξάμε·

1576 5703 1777 5764 Variae
1807 5699 2110 5764 lectiones
2156 5707 2215 5764 et
2262 5706 2448 5764 notae.

467 5813 510 5844 ’θ
544 5811 992 5885 ἀπερριμμένων.
1073 5811 1112 5843 ⁸³
1145 5809 1480 5881 βεϐαιοῦται.
1561 5808 1677 5839 “'9‘
1716 5803 1940 5872 ταύτης.
