3848 6542
162 369 257 433 949
773 372 1232 436 EXPOSITION
1241 376 1311 435 IS
1345 377 1426 436 IN
1464 378 1653 437 ACTA
1689 377 1990 444 TEXTUS
2020 379 2288 449 ALTER.
2323 412 2392 421 -
2420 385 2581 448 CAP.
2608 386 2718 449 Χῐ.
3268 381 3372 449 950

164 476 314 540 νοςδὲ
344 478 374 530 6
404 476 627 549 Πέτρος,
661 479 927 542 ἐξετίθετο
950 483 1135 547 αὐτοῖς
1198 484 1372 552 λέγων
1418 487 1683 558 καθεξῆς·

1855 508 1914 545 ειη
1969 492 2161 549 Petrus
2208 495 2517 565 exponebat
2559 495 2668 550 iilis
2695 492 2967 560 ordinem,
2991 492 3222 551 dicens:
3260 492 3374 565 Ego

190 565 300 633 Εγὼ
328 566 474 637 ἥμην
496 568 554 619 ὲν
579 568 729 621 πόλει
773 567 966 643 Ἰόππῃ
995 575 1449 644 προσευχόμενος,
1479 580 1572 630 καὶ
1627 576 1706 630 εἴ·

1856 596 1959 635 ram
2004 582 2058 637 in
2104 585 2327 641 civitate
2379 584 2554 656 Joppe
2596 599 2788 649 orans,
2822 592 2878 640 et
2911 585 3021 640 vidi
3077 584 3130 639 in
3180 597 3375 639 exces-

162 659 239 710 δον
263 661 321 710 ἐν
350 658 599 712 ἐκστάσει
631 660 832 731 ὅραμα,
880 663 1207 719 καταϐαῖνον
1260 666 1452 727 σκεῦός
1511 686 1583 732 τι,
1635 670 1680 721 ὼ

1858 691 1871 726 ι
1939 675 2136 731 mentis
2182 676 2484 742 visionem,
2551 677 2891 734 descendens
2956 692 3053 732 vas
3102 675 3375 747 quoddam

164 746 339 815 ὀθόνην
366 748 633 817 μεγάλην,
685 750 978 821 τέσσαρσιν
1012 756 1210 823 ἀρχαῖς
1261 755 1593 827 καθιεμένην
1645 759 1683 811 ἐς

1859 766 1956 821 :lut
2032 766 2259 821 linteum
2344 783 2648 840 magnum,
2721 778 2954 842 quatuor
3006 746 3182 824 initiis
3242 766 3378 822 sub-

162 837 246 890 τοῦ
271 838 519 908 οὐρανοῦ,
549 841 642 893 καὶ
665 837 827 911 ἦλθεν
854 843 1014 914 ἄχρις
1038 844 1202 915 ἐμοῦ.
1246 847 1338 911 Εἰς
1364 847 1432 917 ἢν
1456 847 1679 903 ἀτενίσα

1867 859 1948 913 itti
1995 859 2063 915 de
2103 861 2242 916 coelo
2269 903 2285 927 ,
2325 870 2380 917 et
2417 837 2566 917 venit
2598 837 2772 935 usque
2832 862 2897 918 ad
2957 877 3066 918 me.
3122 862 3176 917 ln
3213 860 3379 933 249

165 930 435 983 κατενόουν
461 947 476 962 ο
511 934 605 987 καὶ
649 931 791 988 εἶδον
824 937 1003 991 πάντα
1032 940 1098 992 τά
1124 940 1426 1010 τετράποδα
1458 941 1557 1011 τῆς
1583 940 1684 1010 γῆς

1855 950 1955 1002 uod
2002 948 2223 1006 intuens
2277 930 2730 1017 considerabam,
2765 961 2819 1006 et
2849 949 2962 1005 vidi
2996 930 3374 1022 quadrupedia

164 1023 247 1073 καὶ
278 1021 341 1075 τὰ
395 1022 583 1093 θηρία.
616 1027 710 1079 καὶ
735 1027 805 1080 τὰ
852 1029 1080 1100 ἑρπετὰ,
1147 1034 1242 1086 καὶ
1269 1034 1338 1087 τὰ
1365 1034 1588 1088 πετεινὰ
1615 1038 1683 1087 τοέ

1855 1053 1967 1094 erras
1994 1048 2045 1094 ct
2071 1038 2275 1096 bestias
2305 1049 2360 1095 et
2391 1042 2607 1112 reptilia
2635 1048 2690 1097 et
2719 1040 2965 1097 volatilia
2994 1021 3144 1097 cceli.
3176 1038 3374 1094 Audivi

164 1113 376 1205 qdpavob
398 1131 414 1145 θ
439 1115 650 1185 ἤκουσά
677 1136 736 1171 τε
767 1122 952 1192 φωνῆς
964 1121 1230 1195 λεγούσης
1264 1143 1354 1195 μοι
1375 1140 1390 1158 ⁸
1423 1126 1683 1190 Ἀναστὰς

1856 1137 1994 1185 utem
2028 1139 2082 1186 et
2120 1145 2308 1186 vocem
2339 1132 2609 1188 dicentem
2644 1132 2821 1188 mihi:
2877 1133 3072 1205 Surge,
3110 1130 3289 1197 Petre,
3318 1139 3375 1185 et

171 1203 350 1273 Πέτρε,
381 1205 564 1270 θῦσον,
603 1212 697 1263 καὶ
736 1211 899 1279 φάγε.
933 1210 1102 1266 Εἶπον
1124 1214 1181 1267 δέ
1204 1230 1217 1244 ·
1251 1214 1554 1287 Μηδαμῶς,
1598 1214 1690 1269 Kli-

1853 1223 2000 1278 ccide
2036 1236 2090 1279 et
2114 1223 2406 1280 manduca.
2442 1223 2560 1279 Dixi
2593 1232 2775 1279 autem
2805 1242 2819 1278 :
2858 1203 3237 1295 Nequaquam,
3267 1221 3372 1277 Do-

163 1312 237 1387 ριε
266 1297 418 1387 ’-πᾶν
476 1300 657 1353 κοινὸν
712 1301 1102 1374 ἢάκάθαρτον,
1157 1307 1412 1363 οὐδέποτε
1463 1307 1677 1379 εἰσῆλθε

1853 1314 1956 1370 nine
1987 1332 2002 1369 :
2064 1314 2194 1386 quia
2261 1329 2555 1373 commune
2597 1322 2693 1370 aut
2728 1315 3065 1371 immundum
3092 1329 3372 1387 nunquam

162 1386 232 1479 είς
261 1385 316 1438 τὸ
346 1387 521 1457 στόμα
547 1407 673 1460 μου.
709 1394 1010 1467 Ἀπεκρίθη
1044 1395 1101 1450 δέ
1138 1414 1229 1468 μοι
1285 1398 1350 1450 ὲκ
1376 1397 1629 1469 δευτέρου
1648 1399 1681 1451 ὲ;

1856 1405 2055 1461 ιιτοίνίι
2084 1385 2172 1461 fin
2219 1420 2283 1463 os
2328 1422 2529 1463 meum.
2583 1405 2892 1479 Respondit
2933 1412 3114 1463 autem
3145 1385 3251 1461 νοτ
3284 1421 3375 1461 εε‹

159 1477 241 1529 τοῦ
264 1479 490 1548 οὐρανοῦ
519 1484 671 1554 φωνή
699 1500 715 1516 ο
754 1486 820 1539 Ἀ
838 1488 866 1539 6
895 1487 1029 1552 Θεὸς
1057 1489 1373 1561 ὲκαθάρισε,
1394 1489 1459 1543 σὺ
1494 1488 1568 1560 μὴ
1592 1489 1678 1542 κοί

1865 1496 1990 1552 mdo
2019 1497 2086 1552 de
2119 1496 2298 1553 cosio:
2354 1496 2488 1566 Quae
2520 1495 2663 1555 Deus
2693 1477 2998 1565 inundavit,
3025 1508 3083 1552 tu
3116 1512 3185 1552 ne
3210 1511 3330 1553 com
3344 1522 3384 1537 --

159 1585 259 1622 νου.
291 1570 462 1623 Τοῦτο
489 1573 546 1627 δὲ
569 1574 783 1641 ἐγένετο
800 1579 894 1633 ἐπὶ
924 1580 1064 1649 τρὶς,
1093 1581 1187 1636 καὶ
1205 1580 1368 1636 πάλιν
1395 1581 1678 1637 άνεσπάσθ

1856 1602 1975 1644 ιυιιε
2007 1588 2233 1644 dixeris.
2270 1586 2386 1643 Hoc
2421 1596 2605 1644 autem
2641 1588 2848 1646 factum
2886 1595 2969 1643 est
3001 1602 3100 1658 per
3155 1595 3283 1655 ter;
3321 1595 3375 1643 et

158 1658 354 1715 ἅπαντα
381 1665 466 1727 εἰς
489 1663 581 1719 τὸν
613 1666 862 1737 οὐρανὸν.
1358 1714 1363 1719 ρ

1808 1687 2028 1751 recepta
2055 1689 2186 1736 sunt
2213 1679 2398 1737 omnia
2428 1693 2650 1737 rursum
2689 1678 2747 1736 in
2775 1680 2997 1736 cmlum.

715 1825 958 1882 EPMHN
966 1828 1098 1887 EIA.
1737 1835 1785 1892 B
2323 1834 2889 1897 COMMENTARIUS.

222 1976 338 2031 Ὀτι
361 1978 719 2050 ἐπίστευσαν,
750 1984 833 2040 ὅτι
865 1987 1081 2052 πάντως
1101 1989 1164 2043 τὸ
1198 1989 1480 2064 βάπτισμα
1507 1994 1701 2063 ἄφεσις

1875 1992 2109 2060 Quando
2145 1992 2524 2065 crediderunt,
2572 1994 2692 2052 dari
2719 1996 2947 2052 omnino
2968 2010 3067 2067 per
3099 1995 3374 2067 baptisma

157 2070 551 2143 ἁμαρτημάτων
590 2076 729 2141 ἐστὶ,
785 2079 908 2133 τότε
973 2080 1207 2150 ἐπῆλθεν
1261 2083 1349 2138 ἐπ’
1397 2085 1593 2151 αὐτοὺς
1642 2105 1674 2142 τ

1853 2083 2186 2140 amissionem
2247 2093 2622 2155 peccatorum,
2686 2094 2817 2143 tunc
2867 2086 3016 2142 venit
3060 2102 3228 2158 super
3276 2101 3372 2158 eos

157 2161 355 2229 Πνεῦμα
377 2179 393 2193 ο
425 2163 585 2218 τοῦτο
615 2165 829 2233 γίνεται
862 2171 1382 2242 προοικονομοῦντος
1403 2175 1676 2245 ἀπολογία

1850 2173 2044 2245 piritus
2067 2182 2294 2231 sanctus
2326 2192 2342 2231 :
2374 2175 2566 2248 sicque
2594 2175 2739 2233 Deus
2778 2191 3027 2249 magnam
3060 2176 3225 2233 Petro
3269 2176 3369 2232 de-

158 2253 380 2324 μεγάλην
418 2254 496 2325 τῷ
531 2256 725 2329 Πέτρῳ
749 2257 843 2311 τοῦ
869 2258 1025 2316 Θεοῦ.
1077 2263 1190 2316 Καὶ
1246 2264 1345 2335 οὐχ
1407 2265 1594 2330 ἁπλῶς
1642 2286 1677 2321 τ‹

1861 2265 2107 2322 nsionem
2138 2266 2374 2338 paravit.
2416 2264 2486 2323 At
2524 2281 2654 2323 vero
2682 2281 2790 2323 non
2817 2277 3100 2339 utcunque
3130 2265 3373 2337 Spiritus

157 2344 357 2415 Πνεῦμα
387 2345 644 2415 ἐπῆλθεν,
676 2347 812 2401 ἀλλὰ
839 2351 935 2403 καὶ
972 2349 1245 2420 γλώσσαις
1269 2353 1521 2410 ἐλάλουνο
1563 2357 1676 2430 ὅπει

1854 2362 2029 2412 metus
2068 2370 2234 2427 super
2266 2355 2389 2411 illos
2423 2355 2708 2413 descendit
2736 2373 2751 2423 ;
2787 2355 2884 2414 sed
2935 2357 3033 2422 ita,
3066 2362 3128 2412 ut
3164 2354 3243 2410 illi
3277 2369 3373 2410 va-

153 2436 428 2507 ἐξέπληττε
456 2438 581 2502 τοὺς
602 2440 972 2508 συνελθόντας.
997 2443 1087 2496 Διὸ
1124 2444 1219 2499 καὶ⁹
1256 2447 1285 2499 6
1306 2445 1509 2517 Πέτρος
1533 2464 1672 2518 προσ

1857 2448 1900 2503 is
1934 2446 2134 2517 linguis
2164 2446 2456 2502 confestim
2487 2447 2877 2518 loquerentur;
2914 2462 3035 2518 quae
3068 2462 3157 2503 res
3188 2452 3376 2501 astan-

154 2524 318 2591 ἔταξεν
365 2528 565 2592 αὐτοὺς
604 2531 805 2597 εὐθέως
853 2532 1218 2604 βαπτισθῆναι
1262 2536 1322 2589 ἐν
1375 2536 1451 2608 τῷ
1476 2537 1673 2610 ὀνόματ

1853 2553 1888 2594 es
1937 2537 2110 2593 multa
2166 2536 2536 2594 admiratione
2588 2538 2906 2609 complevit.
2960 2538 3118 2596 Unde
3167 2538 3372 2593 Petrus

153 2620 232 2673 τοῦ
256 2623 483 2693 Κυρίου·
510 2625 608 2677 καὶ
633 2624 735 2679 οὐκ
771 2620 890 2679 εἷπε
910 2643 926 2660 ο
961 2626 1057 2692 Τίς
1091 2628 1124 2699 ὴ
1170 2627 1263 2682 τοῦ
1289 2628 1479 2694 θδατος
1518 2632 1672 2705 χρεία

1851 2627 1989 2695 issit,
2043 2642 2140 2683 eos
2189 2627 2374 2683 statim
2406 2626 2682 2698 baptizari
2741 2627 2799 2683 in
2861 2627 3088 2684 nomine
3153 2626 3370 2681 Domini

152 2710 231 2763 τοῦ
259 2713 415 2781 ἁγίου
436 2716 752 2785 Πνεῦματος
786 2716 1138 2781 ἐπιπεσόντος
1168 2719 1388 2785 αὑτοῖςς
1423 2721 1665 2791 ’ῌδειγά

1852 2734 1926 2774 :su
1981 2717 2211 2774 Christi.
2266 2717 2451 2789 Neque
2484 2732 2614 2774 vero
2665 2717 2800 2773 dixit
2854 2734 2870 2774 :
2922 2716 3066 2787 Quid
3103 2731 3243 2788 opus
3285 2725 3371 2773 est

152 2804 221 2858 ὅτι
242 2803 356 2859 θεῖα
385 2806 620 2862 τελεῖται
643 2808 703 2861 ἐν
723 2808 871 2880 αῦτῷ
900 2808 1170 2879 σύμϐολα,
1190 2811 1358 2881 τάφος
1382 2812 1478 2866 καὶ
1497 2813 1671 2883 νέκρω

1855 2825 1942 2881 [ua
1998 2809 2065 2869 iis
2098 2808 2194 2880 qui
2253 2807 2520 2880 Spiritum
2559 2817 2812 2867 sanetum
2852 2807 2968 2880 jam
3007 2808 3374 2883 receperunt?

154 2913 244 2960 σις,
279 2898 375 2951 καὶ
411 2898 715 2963 ἀνάστασις
744 2901 841 2954 καὶ
858 2900 994 2971 ζωή.
1018 2901 1230 2972 Ὠσπερ
1250 2901 1358 2976 γὰρ
1390 2905 1522 2973 ἡμῖν
1550 2902 1673 2959 elixa

1855 2907 2038 2959 overat
2096 2900 2280 2968 enim,
2337 2913 2439 2970 per
2510 2913 2667 2979 sacra
2736 2898 2830 2954 illa
2887 2898 3132 2972 symbola
3187 2898 3374 2969 perlici

153 2988 230 3041 λον
261 2989 630 3060 βαπτίσασθαι
663 2993 756 3045 καὶ
779 2992 1099 3060 ἀνανεῦσαι,
1132 2993 1305 3061 οὕτως
1360 2994 1582 3050 εὔκολον
1624 2997 1672 3050 τά

1857 2992 2173 3063 τρυὶιυτεηι,
2237 2997 2491 3061 mortem,
2545 2991 3009 3048 resurrectionem
3069 2999 3123 3047 et
3178 2991 3376 3048 vitam.

151 3080 252 3150 Θεῷ
281 3081 449 3149 θάψαι
494 3082 585 3135 τὸν
630 3083 859 3136 παλαιὸν
911 3084 1199 3155 ἄνθρωπον
1229 3125 1246 3150 ,
1288 3087 1383 3140 καὶ
1429 3087 1670 3158 ἀωζῆσα

1852 3082 2269 3140 υειηιιὼηοςιυιη
2309 3084 2457 3140 εηῖιιι
2508 3082 2668 3140 facile
2695 3083 2855 3140 nobis
2888 3091 2973 3139 est
3003 3083 3163 3155 aquis
3196 3084 3370 3150 mergi

149 3172 228 3223 τὸν
264 3173 404 3227 νέον.
441 3172 613 3227 Τοῦτο
643 3173 700 3227 δὲ
723 3175 908 3245 τρίτον
940 3176 1172 3244 γίνεται,
1201 3175 1287 3230 ἴνα
1340 3177 1581 3248 γνῶμεν,
1614 3178 1668 3233 ὅτ

1883 3190 2197 3245 emergere,
2227 3175 2301 3231 ita
2362 3174 2521 3230 facile
2564 3182 2650 3230 est
2701 3173 2813 3229 Deo
2863 3181 3100 3230 veterem
3141 3174 3383 3245 sepeli-re-

148 3263 352 3334 δυνάμει
412 3266 644 3335 Πατρὸς,
678 3267 772 3320 καὶ
827 3264 979 3333 Υίοῦ,
1035 3267 1132 3321 καὶ
1171 3266 1332 3335 ἁγίου
1378 3268 1667 3339 Πνεῦματοι

1852 3269 2071 3325 ηηῐηειη
2123 3278 2178 3329 ει
2216 3282 2415 3324 novum
2461 3268 2756 3324 viviﬁcare.
2791 3264 2909 3323 Hoc
2962 3275 3257 3337 autemter
3293 3268 3371 3330 ﬁt,

149 3354 283 3407 τοῦτο
312 3356 543 3423 γίνεται.
573 3355 728 3419 Τινὲς
758 3356 819 3410 δέ
851 3373 1041 3428 φασιν,
1068 3356 1156 3412 ῖνα
1181 3356 1370 3428 δειχθῇ
1404 3359 1437 3428 ἡ
1463 3358 1664 3429 τριήμε

1852 3357 2080 3413 ,νὶι-ιιιιε
2112 3356 2317 3422 Patris,
2353 3355 2477 3412 Filii
2528 3365 2583 3413 et
2623 3356 2863 3429 Spiritus
2916 3357 3094 3413 sancti
3152 3356 3206 3411 id
3251 3355 3371 3410 fieri

152 3459 228 3511 ρος
276 3448 569 3513 ἀνάστασις
615 3447 710 3502 τοῦ
745 3446 982 3518 Χριστοῦ
1039 3448 1197 3502 τοῦτο
1247 3449 1671 3521 κατεργαζομένη

1846 3466 2209 3523 ignoscamus.
2254 3450 2486 3517 Quidam
2524 3465 2652 3506 vero
2686 3450 2865 3517 aiunt,
2899 3448 2954 3504 id
3004 3449 3147 3514 lieri,
3193 3450 3365 3539 ut,si-

149 3537 197 3587 ἐν
216 3538 359 3606 ἡμῖν.
402 3558 421 3589 ι
455 3539 780 3610 Ἀρξάμενος
810 3540 865 3593 δὲ
899 3540 928 3592 6
977 3539 1203 3611 Πέτρος,
1237 3559 1255 3591 ι
1297 3540 1548 3594 Δείκνυσι
1603 3539 1668 3592 διε

1853 3543 2084 3599 tilicetur
2116 3543 2444 3598 resurrectio
2472 3540 2699 3608 Christi,
2736 3556 2859 3612 quae
2913 3540 3077 3596 tertia
3126 3539 3216 3595 die
3237 3537 3372 3594 con-

149 3627 232 3695 τῆς
255 3629 546 3698 ἀπολογίας
590 3632 781 3685 ἑαυτὸν
821 3630 919 3701 μὲν
952 3631 1192 3702 οὐδαμοῦ
1224 3631 1422 3699 αἴτιον,
1481 3649 1660 3686 πάντα

1851 3634 1938 3704 git,
1976 3634 2080 3689 hoc
2110 3634 2326 3705 operari
2377 3635 2433 3689 in
2459 3633 2639 3690 nobis.
2680 3651 2703 3686 ι
2732 3631 3010 3703 Incipiens
3036 3638 3219 3688 autem
3260 3631 3370 3686 Pe-

150 3718 234 3786 χοῦ
262 3721 315 3774 δὲ
355 3722 449 3775 τὸν
483 3723 641 3777 Θεόν.
688 3723 778 3777 Ἐν
827 3723 1083 3776 ἐκστάσει
1131 3725 1260 3794 γάρ,
1309 3725 1494 3797 φησὶν,
1536 3723 1668 3778 αὐτὸ

1854 3740 1937 3780 us.
1989 3742 2010 3778 ›
2068 3722 2138 3780 Se
2186 3723 2486 3780 defendens
2546 3735 2738 3780 contra
2799 3723 2926 3780 illos
2975 3737 3044 3780 ex
3080 3723 3368 3778 circumci-

148 3814 352 3886 ἐποῖησε
380 3832 395 3847 ⁸
438 3815 499 3870 τὸ
531 3815 723 3880 σκεῦος
779 3816 941 3879 αῦτδς
973 3816 1173 3881 ἔδειξεν
1199 3832 1213 3847 ⁶
1239 3817 1350 3885 ἐγὼ
1398 3819 1489 3871 καὶ
1519 3818 1667 3871 ἀντεῖ

1848 3827 1972 3879 οηε,
2016 3813 2112 3884 qui
2143 3813 2520 3885 disceptabant
2563 3813 2830 3871 adversus
2864 3811 3040 3876 illum,
3102 3811 3364 3878 ostendit,

148 3921 251 3970 πον,
303 3907 404 3960 καὶ
466 3907 626 3962 πάλιν
670 3907 830 3971 αὐτὸς
887 3904 1074 3974 εἶπεν,
1132 3909 1255 3963 οὐδὲ
1307 3907 1480 3975 οὕτως
1517 3911 1667 3981 ἢκου-

1853 3921 1918 3962 us
1957 3906 2034 3962 rei
2067 3921 2176 3962 non
2202 3921 2282 3972 se,
2324 3908 2418 3964 sed
2452 3906 2620 3963 Deum
2649 3908 2918 3979 integram
2946 3921 3073 3964 esse
3097 3919 3322 3963 causam
3353 3921 3367 3961 :

151 4013 239 4047 σαι
268 3999 328 4052 τὸ
358 3999 583 4071 Πνεῦμα
626 4000 912 4055 ἐκέλευσεν
974 4001 1229 4055 ἀπελθεῖν
1251 4018 1265 4033 ·
1296 4005 1391 4055 καὶ
1423 4000 1670 4057 ἀπελθὼν

1851 3997 2026 4054 arinde
2057 4013 2121 4054 ac
2152 3997 2196 4054 si
2227 3998 2471 4056 diceret:
2499 3998 2668 4054 Extra
2694 4014 2894 4057 sensus
2921 4000 3038 4071 ipse
3057 4014 3143 4077 me
3166 3997 3370 4068 rapuit;

148 4086 252 4140 οὐδὲ
301 4087 476 4155 οὕτως
502 4090 827 4162 ἐπέδραμον.
864 4087 1052 4157 Εἶπον,
1079 4091 1161 4145 ὅτι
1187 4092 1215 4145 6
1247 4090 1380 4154 Θεὸς
1436 4091 1649 4162 έπεμψε

1849 4109 1917 4149 ise
1947 4093 2081 4151 mihi
2110 4110 2207 4150 vas
2237 4095 2481 4150 ostendit
2506 4111 2523 4161 ;
2553 4109 2654 4166 ego
2679 4108 2810 4149 vero
2831 4092 2996 4149 etiam
3020 4087 3330 4147 contradixi
3355 4106 3368 4143 :

151 4179 230 4231 καὶ
253 4180 373 4233 οὐδὲ
405 4180 579 4246 οὕτως
632 4182 926 4237 ἐϐάπτισα.
991 4179 1149 4236 Ἀλλά
1206 4180 1420 4235 πάλινό
1465 4180 1597 4245 Θεὸς
1638 4199 1669 4235 τ

1846 4184 1892 4239 le
1920 4199 2113 4242 rursus
2137 4185 2374 4254 institit;
2416 4201 2521 4254 ego
2540 4200 2715 4256 neque
2745 4185 2826 4242 sic
2859 4181 3108 4253 acquievi
3143 4199 3158 4236 :
3190 4179 3365 4250 Spiri-

152 4271 244 4322 πᾶν
273 4272 570 4343 εἰργάσατο
588 4292 600 4305 ·
628 4276 657 4328 6
683 4275 814 4339 Θεὸς
842 4274 1037 4337 αὐτοὺς
1066 4273 1378 4337 ἐϐάπτισεν,
1416 4272 1516 4326 οὐκ
1564 4270 1671 4341 ἐγώ

1852 4291 1888 4331 IS
1910 4282 2135 4331 sanctus
2157 4275 2346 4346 jussit,
2387 4285 2445 4329 ut
2475 4276 2888 4345 proficiscerer;
2916 4272 3196 4344 profectus
3226 4286 3371 4335 sum,

156 4379 172 4410 ι
195 4363 302 4416 Ἔτι
337 4364 444 4433 γάρ
487 4382 590 4434 μου
619 4364 898 4428 λαλοῦντος
933 4365 1137 4427 αὐτοῖς,
1166 4363 1432 4418 ἐπέπεσεν
1476 4362 1564 4416 ἐπ’
1594 4364 1675 4417 αὐη

1847 4365 1895 4421 :d
1924 4380 2035 4420 non
2069 4365 2309 4421 excurri.
2362 4365 2483 4419 Dixi
2518 4365 2686 4420 Deum
2734 4379 2821 4418 me
2853 4363 3076 4418 misisse
3110 4379 3124 4429 ;
3184 4373 3366 4430 neque

148 4454 259 4518 τοὺς
286 4455 347 4509 τὸ
402 4456 627 4529 Πνεῦμα
658 4456 719 4510 τὸ
771 4455 925 4526 ἆγιον
949 4473 964 4489 ⁸
1018 4455 1112 4515 καὶ
1143 4455 1360 4510 ἐλάλουν
1400 4453 1667 4525 γλώσσαις

1855 4471 1885 4512 c
1918 4464 2099 4512 tamen
2126 4457 2402 4528 baptizare
2425 4469 2716 4526 aggressus
2745 4469 2888 4511 sum.
2944 4454 3015 4537 At
3046 4452 3186 4507 Deus
3221 4451 3371 4520 ipsus

148 4549 228 4599 καὶ
250 4548 579 4617 ἐμεγάλυνεν
619 4549 711 4603 τὸν
740 4549 871 4603 Θεὸν
893 4549 1076 4614 καθὼς
1113 4548 1208 4604 καὶ
1232 4549 1414 4619 ἡμεῖς.
1446 4566 1464 4600 ι

1852 4548 2125 4619 aptizavit,
2152 4563 2263 4605 non
2289 4564 2412 4618 ego.
2469 4567 2488 4601 ι
2522 4547 2734 4603 Etenim
2762 4561 2847 4600 me
2874 4545 3055 4600 adhuc
3094 4545 3371 4618 loquente,

148 4643 327 4698 cecidit
357 4642 595 4716 Spiritus
632 4653 856 4715 sanctus
887 4659 1053 4715 super
1078 4658 1195 4709 eos,
1243 4650 1299 4699 et
1363 4643 1725 4714 loquebantur
1764 4643 1929 4700 variis
1980 4644 2203 4715 linguis,
2258 4644 2540 4715 Deumque
2634 4640 3076 4715 magniﬁcabant,
3126 4640 3266 4696 sicut
3320 4654 3379 4704 ει

147 4745 257 4790 nos.
292 4751 314 4788 ι
1116 4745 1121 4750 ’

553 4894 632 4968 Τῇ
672 4900 728 4960 ς’
751 4894 847 4966 τῆς
867 4893 910 4950 δ’
941 4894 1261 4968 ὲὸδομάδος.
1725 4832 1773 4888 D

1725 4832 1773 4888 Β
2156 4891 2313 4948 Fcria
2336 4890 2370 4948 6
2396 4890 2756 4947 hebdomadas
2784 4898 3013 4963 quartae.

710 5028 1093 5084 KEIMENON.
2418 5027 2652 5083 TEXTU
2662 5027 2720 5085 S.

208 5163 311 5220 Καὶ
346 5165 454 5220 ίδοῦ
483 5166 543 5232 ἐξ
571 5167 740 5238 αὐτῆς
785 5168 931 5240 τρεῖς
992 5166 1184 5238 ἄνδρες
1230 5167 1542 5239 ἐπέστησαν
1599 5167 1694 5222 ἐπὶ

1937 5166 1966 5234 Ι,
1994 5167 2176 5224 li-is.
2194 5167 2260 5223 Et
2281 5180 2407 5224 ecce
2434 5174 2549 5223 tres
2566 5165 2855 5222 confestim
2874 5164 3168 5221 astiterunt
3193 5163 3247 5219 in
3272 5164 3370 5219 do-
3454 5212 3456 5215 .

142 5253 235 5323 τὴν
263 5258 434 5311 οἰκίαν
454 5259 510 5312 ὲν
535 5251 752 5332 ᾖῆμην,
778 5258 1174 5327 ἀπεσταλμένοι
1195 5259 1303 5313 ἀπὸ
1352 5261 1658 5332 Καισαρεία

1845 5276 1906 5327 ιο,
1925 5260 2099 5330 inqua
2118 5276 2291 5327 eram,
2312 5258 2466 5314 missi
2491 5274 2518 5312 ε
2539 5257 2783 5315 Caesarea
2803 5256 2870 5310 ad
2889 5269 2996 5311 me.
3015 5253 3161 5309 Dixit
3182 5262 3364 5311 autem

147 5346 268 5413 πρὸς
301 5348 389 5418 μέ.
422 5345 557 5402 Εἷπε
595 5349 652 5402 δέ
675 5367 764 5418 μοι
808 5350 870 5403 τὸ
894 5350 1122 5421 Πνεῦμα
1172 5352 1446 5406 συνελθεῖν
1488 5355 1666 5418 αὐτοῖς

1845 5354 2035 5423 piritus
2058 5354 2210 5418 mihi,
2229 5352 2391 5422 250
2412 5360 2468 5406 ut
2494 5352 2627 5406 irem
2646 5365 2767 5405 cum
2797 5349 2906 5405 illis
2930 5347 3066 5403 nihil
3085 5347 3364 5404 haesitans.

149 5432 215 5497 μὴ
242 5432 573 5505 διακρίνανῖι
596 5475 609 5487 .
641 5433 841 5492 Ἦλθον
871 5437 929 5491 δὲ
961 5440 1057 5492 σὺν
1094 5439 1218 5511 ἐμοὶ
1247 5442 1337 5494 καὶ
1374 5442 1424 5494 οἱ
1445 5441 1503 5508 ἒξ
1536 5443 1668 5496 ἁδελι

1850 5453 2075 5501 cnerunt
2092 5452 2274 5499 autem
2296 5458 2506 5498 mecum
2529 5450 2583 5497 ct
2600 5457 2695 5498 sex
2717 5439 2912 5496 fratres
2931 5440 3047 5506 isti,
3063 5446 3116 5494 et
3134 5438 3369 5510 ingressi

146 5521 228 5586 φο).
247 5517 407 5591 οὗτοι,
434 5527 530 5580 καὶ¹
560 5528 881 5600 εἰσήλθομεν
923 5531 1003 5594 ε’ἰς
1041 5530 1131 5586 τὸν
1159 5527 1306 5585 οἷκον
1353 5532 1448 5587 τοῦ
1478 5534 1665 5607 ἀνδρός

1852 5553 1992 5592 unus
2029 5538 2083 5591 in
2114 5536 2334 5592 domum
2368 5536 2489 5591 viri.
2525 5534 2777 5590 Narravit
2802 5541 2984 5589 autem
3017 5534 3199 5600 nobis,
3229 5549 3367 5605 quo-

157 5608 475 5683 ’Λπήγγειλε
525 5619 580 5672 δὲ
605 5621 736 5690 ἡμῖν
793 5620 911 5685 πῶς
948 5615 1061 5676 εἶδε
1112 5623 1203 5675 τὸν
1252 5624 1482 5693 ἄγγελον
1506 5628 1563 5679 ὲν
1613 5626 1676 5697 τᾷ

1849 5628 1966 5684 nodo
2002 5629 2228 5683 vidisset
2267 5627 2518 5697 angelum
2573 5626 2629 5679 in
2659 5625 2823 5681 domo
2875 5641 2998 5691 sua,
3045 5633 3281 5681 stantem
3312 5632 3368 5682 et

143 5700 267 5774 οἴκῳ
315 5710 478 5763 αὐτοῦ
525 5713 786 5767 σταθέντα
877 5716 973 5770 καὶ
1039 5716 1262 5770 εἰπόντα
1316 5718 1498 5788 αὐτῷ’
1528 5719 1662 5773 ’Δττό

1848 5721 2071 5777 icentem
2104 5719 2208 5775 sibi
2237 5737 2252 5773 :
2288 5718 2440 5774 Mitte
2470 5718 2526 5773 in
2554 5718 2788 5789 Joppen,
2822 5726 2877 5774 et
2923 5719 3135 5775 accersi
3184 5718 3367 5773 Simo-

147 5801 341 5854 στειλον
394 5802 475 5868 είς
526 5806 748 5878 Ἰόππην
802 5808 1021 5883 ἄνδρας,
1064 5811 1159 5864 καὶ
1208 5811 1560 5883 μετάπεμψαι
1603 5813 1663 5866 Σί

1848 5828 1951 5878 ειη,
1978 5813 2070 5882 qui
2110 5811 2527 5884 cognominatur
2555 5809 2784 5883 Petrus;
2819 5812 2909 5882 qui
2956 5812 3215 5884 loquetur
3269 5809 3367 5866 tibi
