  <div class='ocr_page' id='page_1' title='image "/cluster/home/n/w/nwhite01/storage/ocr_20150623/125/hvd.32044019208214/553.png"; bbox 0 0 3848 6570; ppageno 0'>
   <div class='ocr_carea' id='block_1_1' title="bbox 495 418 599 486">
    <p class='ocr_par' dir='ltr' id='par_1_1' title="bbox 495 418 599 486">
     <span class='ocr_line' id='line_1_1' title="bbox 495 418 599 486; baseline -0.019 0"><span class='ocrx_word' id='word_1_1' title='bbox 495 418 599 486; x_wconf 81' lang='grc'><strong>951</strong></span> 
     </span>
    </p>
   </div>
   <div class='ocr_carea' id='block_1_2' title="bbox 1372 425 3704 497">
    <p class='ocr_par' dir='ltr' id='par_1_2' title="bbox 1372 425 3704 497">
     <span class='ocr_line' id='line_1_2' title="bbox 1372 425 3704 497; baseline 0.005 -12"><span class='ocrx_word' id='word_1_2' title='bbox 1372 425 1474 486; x_wconf 86' lang='grc' dir='ltr'><strong>ΤΗ</strong></span> <span class='ocrx_word' id='word_1_3' title='bbox 1485 428 1947 490; x_wconf 82' lang='lat' dir='ltr'><strong>EOPHYLACTI</strong></span> <span class='ocrx_word' id='word_1_4' title='bbox 1984 430 2389 492; x_wconf 64' lang='lat' dir='ltr'><strong>BULGARIE</strong></span> <span class='ocrx_word' id='word_1_5' title='bbox 2432 433 2788 497; x_wconf 80' lang='lat' dir='ltr'><strong>ARCHIEP.</strong></span> <span class='ocrx_word' id='word_1_6' title='bbox 3621 434 3704 497; x_wconf 73' lang='lat'><strong>952</strong></span> 
     </span>
    </p>
   </div>
   <div class='ocr_carea' id='block_1_3' title="bbox 496 532 2052 620">
    <p class='ocr_par' dir='ltr' id='par_1_3' title="bbox 496 538 2052 610">
     <span class='ocr_line' id='line_1_3' title="bbox 496 538 2052 610; baseline 0.004 -18"><span class='ocrx_word' id='word_1_7' title='bbox 496 538 687 605; x_wconf 83' lang='lat' dir='ltr'><strong>verba,</strong></span> <span class='ocrx_word' id='word_1_8' title='bbox 720 538 775 594; x_wconf 91' lang='lat' dir='ltr'><strong>in</strong></span> <span class='ocrx_word' id='word_1_9' title='bbox 805 540 1005 610; x_wconf 87' lang='lat' dir='ltr'><strong>quibus</strong></span> <span class='ocrx_word' id='word_1_10' title='bbox 1038 540 1221 597; x_wconf 85' lang='lat' dir='ltr'><strong>salvus</strong></span> <span class='ocrx_word' id='word_1_11' title='bbox 1251 543 1361 598; x_wconf 80' lang='lat' dir='ltr'><strong>eris</strong></span> <span class='ocrx_word' id='word_1_12' title='bbox 1390 554 1472 610; x_wconf 90' lang='lat' dir='ltr'><strong>tu,</strong></span> <span class='ocrx_word' id='word_1_13' title='bbox 1502 553 1557 599; x_wconf 89' lang='lat' dir='ltr'><strong>et</strong></span> <span class='ocrx_word' id='word_1_14' title='bbox 1591 544 1846 600; x_wconf 88' lang='lat' dir='ltr'><strong>universa</strong></span> <span class='ocrx_word' id='word_1_15' title='bbox 1871 547 2052 599; x_wconf 74' lang='lat' dir='ltr'><strong>domu:</strong></span> 
     </span>
    </p>
   </div>
   <div class='ocr_carea' id='block_1_4' title="bbox 2160 532 3699 620">
    <p class='ocr_par' dir='ltr' id='par_1_4' title="bbox 2175 547 3699 620">
     <span class='ocr_line' id='line_1_4' title="bbox 2175 547 3699 620; baseline 0.003 -21"><span class='ocrx_word' id='word_1_16' title='bbox 2175 566 2330 616; x_wconf 82' lang='grc' dir='ltr'>μωνα</span> <span class='ocrx_word' id='word_1_17' title='bbox 2360 552 2450 604; x_wconf 74' lang='grc' dir='ltr'><strong>τὸν</strong></span> <span class='ocrx_word' id='word_1_18' title='bbox 2482 550 2912 620; x_wconf 73' lang='grc' dir='ltr'><strong>ἐπικαλούμενον</strong></span> <span class='ocrx_word' id='word_1_19' title='bbox 2944 548 3171 620; x_wconf 80' lang='grc' dir='ltr'><strong>Πέτρον,</strong></span> <span class='ocrx_word' id='word_1_20' title='bbox 3192 547 3252 612; x_wconf 82' lang='grc' dir='ltr'>ὃς</span> <span class='ocrx_word' id='word_1_21' title='bbox 3276 547 3500 618; x_wconf 82' lang='grc' dir='ltr'>λαλήσει</span> <span class='ocrx_word' id='word_1_22' title='bbox 3517 551 3699 620; x_wconf 74' lang='grc' dir='ltr'>ῥήματα</span> 
     </span>
    </p>
   </div>
   <div class='ocr_carea' id='block_1_5' title="bbox 501 632 2069 707">
    <p class='ocr_par' dir='ltr' id='par_1_5' title="bbox 501 632 2069 707">
     <span class='ocr_line' id='line_1_5' title="bbox 501 632 2069 707; baseline 0.003 -21"><span class='ocrx_word' id='word_1_23' title='bbox 501 641 618 686; x_wconf 88' lang='lat' dir='ltr'><strong>tua.</strong></span> <span class='ocrx_word' id='word_1_24' title='bbox 674 632 809 688; x_wconf 90' lang='lat' dir='ltr'><strong>Cum</strong></span> <span class='ocrx_word' id='word_1_25' title='bbox 843 642 1022 687; x_wconf 88' lang='lat' dir='ltr'><strong>autem</strong></span> <span class='ocrx_word' id='word_1_26' title='bbox 1060 634 1348 705; x_wconf 66' lang='lat' dir='ltr'><strong>coepissem</strong></span> <span class='ocrx_word' id='word_1_27' title='bbox 1391 636 1562 706; x_wconf 87' lang='lat' dir='ltr'><strong>loqui,</strong></span> <span class='ocrx_word' id='word_1_28' title='bbox 1596 637 1794 692; x_wconf 80' lang='lat' dir='ltr'><strong>cecidit</strong></span> <span class='ocrx_word' id='word_1_29' title='bbox 1831 636 2069 707; x_wconf 75' lang='lat' dir='ltr'><strong>Spiritus</strong></span> 
     </span>
    </p>
   </div>
   <div class='ocr_carea' id='block_1_6' title="bbox 500 727 2068 793">
    <p class='ocr_par' dir='ltr' id='par_1_6' title="bbox 500 727 2068 793">
     <span class='ocr_line' id='line_1_6' title="bbox 500 727 2068 793; baseline 0.006 -17"><span class='ocrx_word' id='word_1_30' title='bbox 500 729 728 777; x_wconf 86' lang='lat' dir='ltr'><strong>sanctus</strong></span> <span class='ocrx_word' id='word_1_31' title='bbox 753 738 917 793; x_wconf 84' lang='lat' dir='ltr'><strong>super</strong></span> <span class='ocrx_word' id='word_1_32' title='bbox 945 739 1059 791; x_wconf 92' lang='lat' dir='ltr'><strong>eos,</strong></span> <span class='ocrx_word' id='word_1_33' title='bbox 1096 727 1240 781; x_wconf 92' lang='lat' dir='ltr'><strong>sicut</strong></span> <span class='ocrx_word' id='word_1_34' title='bbox 1266 735 1319 780; x_wconf 90' lang='lat' dir='ltr'><strong>et</strong></span> <span class='ocrx_word' id='word_1_35' title='bbox 1345 728 1398 781; x_wconf 90' lang='lat' dir='ltr'><strong>iu</strong></span> <span class='ocrx_word' id='word_1_36' title='bbox 1430 743 1531 783; x_wconf 84' lang='lat' dir='ltr'><strong>nos</strong></span> <span class='ocrx_word' id='word_1_37' title='bbox 1567 729 1622 783; x_wconf 91' lang='lat' dir='ltr'><strong>in</strong></span> <span class='ocrx_word' id='word_1_38' title='bbox 1656 731 1835 785; x_wconf 89' lang='lat' dir='ltr'><strong>initio.</strong></span> <span class='ocrx_word' id='word_1_39' title='bbox 1869 729 2068 785; x_wconf 80' lang='lat' dir='ltr'><strong>llecor—</strong></span> 
     </span>
    </p>
   </div>
   <div class='ocr_carea' id='block_1_7' title="bbox 499 814 2064 897">
    <p class='ocr_par' dir='ltr' id='par_1_7' title="bbox 499 814 2064 897">
     <span class='ocr_line' id='line_1_7' title="bbox 499 814 2064 897; baseline 0.007 -31"><span class='ocrx_word' id='word_1_40' title='bbox 499 814 664 868; x_wconf 87' lang='lat' dir='ltr'><strong>datus</strong></span> <span class='ocrx_word' id='word_1_41' title='bbox 701 830 820 870; x_wconf 89' lang='lat' dir='ltr'><strong>sum</strong></span> <span class='ocrx_word' id='word_1_42' title='bbox 872 824 1052 871; x_wconf 86' lang='lat' dir='ltr'><strong>autem</strong></span> <span class='ocrx_word' id='word_1_43' title='bbox 1096 819 1252 873; x_wconf 86' lang='lat' dir='ltr'><strong>verbi</strong></span> <span class='ocrx_word' id='word_1_44' title='bbox 1307 820 1563 883; x_wconf 85' lang='lat' dir='ltr'><strong>Domini.</strong></span> <span class='ocrx_word' id='word_1_45' title='bbox 1598 822 1763 897; x_wconf 0' lang='lat' dir='ltr'><strong>psicut</strong></span> <span class='ocrx_word' id='word_1_46' title='bbox 1804 821 2064 878; x_wconf 89' lang='lat' dir='ltr'><strong>dicebat:</strong></span> 
     </span>
    </p>
   </div>
   <div class='ocr_carea' id='block_1_8' title="bbox 498 904 2067 984">
    <p class='ocr_par' dir='ltr' id='par_1_8' title="bbox 498 904 2067 984">
     <span class='ocr_line' id='line_1_8' title="bbox 498 904 2067 984; baseline 0.004 -22"><span class='ocrx_word' id='word_1_47' title='bbox 498 904 741 962; x_wconf 84' lang='lat' dir='ltr'><strong>Joannes</strong></span> <span class='ocrx_word' id='word_1_48' title='bbox 772 908 992 978; x_wconf 89' lang='lat' dir='ltr'><strong>quidem</strong></span> <span class='ocrx_word' id='word_1_49' title='bbox 1027 911 1328 981; x_wconf 87' lang='lat' dir='ltr'><strong>baptizavit</strong></span> <span class='ocrx_word' id='word_1_50' title='bbox 1356 927 1519 981; x_wconf 87' lang='lat' dir='ltr'><strong>aqua,</strong></span> <span class='ocrx_word' id='word_1_51' title='bbox 1555 928 1654 969; x_wconf 89' lang='lat' dir='ltr'><strong>vos</strong></span> <span class='ocrx_word' id='word_1_52' title='bbox 1683 921 1864 969; x_wconf 86' lang='lat' dir='ltr'><strong>autem</strong></span> <span class='ocrx_word' id='word_1_53' title='bbox 1892 914 2067 984; x_wconf 84' lang='lat' dir='ltr'><strong>bapti-</strong></span> 
     </span>
    </p>
   </div>
   <div class='ocr_carea' id='block_1_9' title="bbox 498 996 2064 1077">
    <p class='ocr_par' dir='ltr' id='par_1_9' title="bbox 498 996 2064 1077">
     <span class='ocr_line' id='line_1_9' title="bbox 498 996 2064 1077; baseline 0.006 -27"><span class='ocrx_word' id='word_1_54' title='bbox 498 996 754 1053; x_wconf 85' lang='lat' dir='ltr'><strong>zabimini</strong></span> <span class='ocrx_word' id='word_1_55' title='bbox 777 1000 831 1054; x_wconf 91' lang='lat' dir='ltr'><strong>in</strong></span> <span class='ocrx_word' id='word_1_56' title='bbox 862 999 1069 1069; x_wconf 89' lang='lat' dir='ltr'><strong>Spiritu</strong></span> <span class='ocrx_word' id='word_1_57' title='bbox 1100 1013 1312 1061; x_wconf 88' lang='lat' dir='ltr'><strong>sancto.</strong></span> <span class='ocrx_word' id='word_1_58' title='bbox 1334 1004 1389 1060; x_wconf 91' lang='lat' dir='ltr'><strong>Si</strong></span> <span class='ocrx_word' id='word_1_59' title='bbox 1411 1020 1542 1077; x_wconf 86' lang='lat' dir='ltr'><strong>ergo</strong></span> <span class='ocrx_word' id='word_1_60' title='bbox 1570 1007 1815 1061; x_wconf 81' lang='lat' dir='ltr'><strong>eamdem</strong></span> <span class='ocrx_word' id='word_1_61' title='bbox 1837 1007 2064 1077; x_wconf 84' lang='lat' dir='ltr'><strong>gratiam</strong></span> 
     </span>
    </p>
   </div>
   <div class='ocr_carea' id='block_1_10' title="bbox 497 1087 2062 1167">
    <p class='ocr_par' dir='ltr' id='par_1_10' title="bbox 497 1087 2062 1167">
     <span class='ocr_line' id='line_1_10' title="bbox 497 1087 2062 1167; baseline 0.01 -30"><span class='ocrx_word' id='word_1_62' title='bbox 497 1087 648 1143; x_wconf 87' lang='lat' dir='ltr'><strong>dedit</strong></span> <span class='ocrx_word' id='word_1_63' title='bbox 686 1090 798 1146; x_wconf 89' lang='lat' dir='ltr'><strong>illis</strong></span> <span class='ocrx_word' id='word_1_64' title='bbox 842 1091 1005 1158; x_wconf 88' lang='lat' dir='ltr'><strong>Deus,</strong></span> <span class='ocrx_word' id='word_1_65' title='bbox 1040 1095 1184 1150; x_wconf 83' lang='lat' dir='ltr'><strong>sicut</strong></span> <span class='ocrx_word' id='word_1_66' title='bbox 1211 1104 1265 1150; x_wconf 91' lang='lat' dir='ltr'><strong>et</strong></span> <span class='ocrx_word' id='word_1_67' title='bbox 1299 1097 1482 1160; x_wconf 86' lang='lat' dir='ltr'><strong>nobis,</strong></span> <span class='ocrx_word' id='word_1_68' title='bbox 1526 1097 1619 1167; x_wconf 91' lang='lat' dir='ltr'><strong>qui</strong></span> <span class='ocrx_word' id='word_1_69' title='bbox 1648 1097 1985 1154; x_wconf 85' lang='lat' dir='ltr'><strong>credidimus</strong></span> <span class='ocrx_word' id='word_1_70' title='bbox 2010 1099 2062 1152; x_wconf 89' lang='lat' dir='ltr'><strong>in</strong></span> 
     </span>
    </p>
   </div>
   <div class='ocr_carea' id='block_1_11' title="bbox 498 1176 2063 1258">
    <p class='ocr_par' dir='ltr' id='par_1_11' title="bbox 498 1176 2063 1258">
     <span class='ocr_line' id='line_1_11' title="bbox 498 1176 2063 1258; baseline 0.008 -28"><span class='ocrx_word' id='word_1_71' title='bbox 498 1176 783 1236; x_wconf 86' lang='lat' dir='ltr'><strong>Dominum</strong></span> <span class='ocrx_word' id='word_1_72' title='bbox 813 1178 1002 1239; x_wconf 86' lang='lat' dir='ltr'><strong>Jesum</strong></span> <span class='ocrx_word' id='word_1_73' title='bbox 1033 1184 1316 1241; x_wconf 87' lang='lat' dir='ltr'><strong>Christum</strong></span> <span class='ocrx_word' id='word_1_74' title='bbox 1353 1206 1366 1241; x_wconf 92' lang='lat'><strong>:</strong></span> <span class='ocrx_word' id='word_1_75' title='bbox 1433 1202 1534 1256; x_wconf 81' lang='lat' dir='ltr'><strong>ego</strong></span> <span class='ocrx_word' id='word_1_76' title='bbox 1578 1188 1704 1258; x_wconf 90' lang='lat' dir='ltr'><strong>quis</strong></span> <span class='ocrx_word' id='word_1_77' title='bbox 1756 1204 1928 1255; x_wconf 86' lang='lat' dir='ltr'><strong>eram,</strong></span> <span class='ocrx_word' id='word_1_78' title='bbox 1969 1189 2063 1257; x_wconf 91' lang='lat' dir='ltr'><strong>qui</strong></span> 
     </span>
    </p>
   </div>
   <div class='ocr_carea' id='block_1_12' title="bbox 497 1275 2065 1342">
    <p class='ocr_par' dir='ltr' id='par_1_12' title="bbox 497 1275 2065 1342">
     <span class='ocr_line' id='line_1_12' title="bbox 497 1275 2065 1342; baseline 0.005 -17"><span class='ocrx_word' id='word_1_79' title='bbox 497 1284 716 1337; x_wconf 83' lang='lat' dir='ltr'><strong>possem</strong></span> <span class='ocrx_word' id='word_1_80' title='bbox 751 1275 1039 1342; x_wconf 89' lang='lat' dir='ltr'><strong>prohibere</strong></span> <span class='ocrx_word' id='word_1_81' title='bbox 1096 1276 1306 1333; x_wconf 88' lang='lat' dir='ltr'><strong>Deum?</strong></span> <span class='ocrx_word' id='word_1_82' title='bbox 1338 1277 1433 1334; x_wconf 78' lang='lat' dir='ltr'><strong>His</strong></span> <span class='ocrx_word' id='word_1_83' title='bbox 1466 1278 1669 1333; x_wconf 84' lang='lat' dir='ltr'><strong>auditis</strong></span> <span class='ocrx_word' id='word_1_84' title='bbox 1704 1286 1990 1334; x_wconf 88' lang='lat' dir='ltr'><strong>tacuerunt</strong></span> <span class='ocrx_word' id='word_1_85' title='bbox 2011 1288 2065 1333; x_wconf 92' lang='lat' dir='ltr'><strong>et</strong></span> 
     </span>
    </p>
   </div>
   <div class='ocr_carea' id='block_1_13' title="bbox 494 1360 2065 1442">
    <p class='ocr_par' dir='ltr' id='par_1_13' title="bbox 494 1360 2065 1442">
     <span class='ocr_line' id='line_1_13' title="bbox 494 1360 2065 1442; baseline 0.008 -29"><span class='ocrx_word' id='word_1_86' title='bbox 494 1360 944 1431; x_wconf 72' lang='lat' dir='ltr'><strong>glorificaverunt</strong></span> <span class='ocrx_word' id='word_1_87' title='bbox 972 1366 1163 1436; x_wconf 89' lang='lat' dir='ltr'><strong>Deum,</strong></span> <span class='ocrx_word' id='word_1_88' title='bbox 1197 1370 1442 1426; x_wconf 87' lang='lat' dir='ltr'><strong>dicentes</strong></span> <span class='ocrx_word' id='word_1_89' title='bbox 1474 1388 1487 1425; x_wconf 89' lang='lat'><strong>:</strong></span> <span class='ocrx_word' id='word_1_90' title='bbox 1540 1369 1682 1441; x_wconf 88' lang='lat' dir='ltr'><strong>Ergo</strong></span> <span class='ocrx_word' id='word_1_91' title='bbox 1711 1378 1765 1426; x_wconf 91' lang='lat' dir='ltr'><strong>et</strong></span> <span class='ocrx_word' id='word_1_92' title='bbox 1811 1371 2065 1442; x_wconf 81' lang='lat' dir='ltr'><strong>gentibus</strong></span> 
     </span>
    </p>
   </div>
   <div class='ocr_carea' id='block_1_14' title="bbox 492 1451 1531 1520">
    <p class='ocr_par' dir='ltr' id='par_1_14' title="bbox 492 1451 1531 1520">
     <span class='ocr_line' id='line_1_14' title="bbox 492 1451 1531 1520; baseline 0.009 -14"><span class='ocrx_word' id='word_1_93' title='bbox 492 1451 873 1520; x_wconf 63' lang='lat' dir='ltr'><strong>paenitentiam</strong></span> <span class='ocrx_word' id='word_1_94' title='bbox 900 1457 1050 1512; x_wconf 86' lang='lat' dir='ltr'><strong>dedit</strong></span> <span class='ocrx_word' id='word_1_95' title='bbox 1083 1458 1227 1515; x_wconf 86' lang='lat' dir='ltr'><strong>Deus</strong></span> <span class='ocrx_word' id='word_1_96' title='bbox 1252 1458 1317 1514; x_wconf 91' lang='lat' dir='ltr'><strong>ad</strong></span> <span class='ocrx_word' id='word_1_97' title='bbox 1341 1462 1531 1515; x_wconf 89' lang='lat' dir='ltr'><strong>vitam.</strong></span> 
     </span>
    </p>
   </div>
   <div class='ocr_carea' id='block_1_15' title="bbox 799 1657 1725 1737">
    <p class='ocr_par' dir='ltr' id='par_1_15' title="bbox 799 1657 1725 1737">
     <span class='ocr_line' id='line_1_15' title="bbox 799 1657 1725 1737; baseline 0.012 -26"><span class='ocrx_word' id='word_1_98' title='bbox 799 1657 1081 1716; x_wconf 75' lang='lat' dir='ltr'><strong>Douiiuica</strong></span> <span class='ocrx_word' id='word_1_99' title='bbox 1109 1661 1467 1720; x_wconf 68' lang='lat' dir='ltr'><strong>hebdomadaa</strong></span> <span class='ocrx_word' id='word_1_100' title='bbox 1499 1665 1725 1737; x_wconf 63' lang='lat' dir='ltr'><strong>quintae.</strong></span> 
     </span>
    </p>
   </div>
   <div class='ocr_carea' id='block_1_16' title="bbox 1108 1752 1409 1812">
    <p class='ocr_par' dir='ltr' id='par_1_16' title="bbox 1108 1752 1409 1812">
     <span class='ocr_line' id='line_1_16' title="bbox 1108 1752 1409 1812; baseline 0.007 -5"><span class='ocrx_word' id='word_1_101' title='bbox 1108 1752 1409 1812; x_wconf 79' lang='lat' dir='ltr'><strong>TEXTUS.</strong></span> 
     </span>
    </p>
   </div>
   <div class='ocr_carea' id='block_1_17' title="bbox 559 1836 2059 1920">
    <p class='ocr_par' dir='ltr' id='par_1_17' title="bbox 559 1836 2059 1920">
     <span class='ocr_line' id='line_1_17' title="bbox 559 1836 2059 1920; baseline 0.014 -29"><span class='ocrx_word' id='word_1_102' title='bbox 559 1836 649 1902; x_wconf 75' lang='lat' dir='ltr'><strong>XI,</strong></span> <span class='ocrx_word' id='word_1_103' title='bbox 673 1840 855 1896; x_wconf 73' lang='lat'><strong>19-30.</strong></span> <span class='ocrx_word' id='word_1_104' title='bbox 876 1841 941 1896; x_wconf 89' lang='lat' dir='ltr'><strong>Et</strong></span> <span class='ocrx_word' id='word_1_105' title='bbox 961 1843 1268 1914; x_wconf 89' lang='lat' dir='ltr'><strong>illiquidem</strong></span> <span class='ocrx_word' id='word_1_106' title='bbox 1282 1848 1375 1919; x_wconf 86' lang='lat' dir='ltr'><strong>qui</strong></span> <span class='ocrx_word' id='word_1_107' title='bbox 1399 1848 1640 1920; x_wconf 86' lang='lat' dir='ltr'><strong>dispersi</strong></span> <span class='ocrx_word' id='word_1_108' title='bbox 1666 1852 1885 1909; x_wconf 83' lang='lat' dir='ltr'><strong>fuerant</strong></span> <span class='ocrx_word' id='word_1_109' title='bbox 1906 1870 1934 1909; x_wconf 91' lang='lat' dir='ltr'><strong>a</strong></span> <span class='ocrx_word' id='word_1_110' title='bbox 1961 1858 2059 1912; x_wconf 91' lang='lat' dir='ltr'><strong>tri-</strong></span> 
     </span>
    </p>
   </div>
   <div class='ocr_carea' id='block_1_18' title="bbox 487 1928 2033 2016">
    <p class='ocr_par' dir='ltr' id='par_1_18' title="bbox 487 1928 2033 2016">
     <span class='ocr_line' id='line_1_18' title="bbox 487 1928 2033 2016; baseline 0.014 -33"><span class='ocrx_word' id='word_1_111' title='bbox 487 1928 765 1989; x_wconf 86' lang='lat' dir='ltr'><strong>bulatione</strong></span> <span class='ocrx_word' id='word_1_112' title='bbox 781 1951 900 2005; x_wconf 71' lang='lat' dir='ltr'><strong>qum</strong></span> <span class='ocrx_word' id='word_1_113' title='bbox 919 1936 1057 1992; x_wconf 88' lang='lat' dir='ltr'><strong>facta</strong></span> <span class='ocrx_word' id='word_1_114' title='bbox 1076 1938 1253 1996; x_wconf 79' lang='lat' dir='ltr'><strong>fuerat</strong></span> <span class='ocrx_word' id='word_1_115' title='bbox 1269 1941 1373 1998; x_wconf 89' lang='lat' dir='ltr'><strong>sub</strong></span> <span class='ocrx_word' id='word_1_116' title='bbox 1393 1942 1696 2016; x_wconf 90' lang='lat' dir='ltr'><strong>Stephano,</strong></span> <span class='ocrx_word' id='word_1_117' title='bbox 1718 1949 2033 2016; x_wconf 84' lang='lat' dir='ltr'><strong>perambula</strong></span> 
     </span>
    </p>
   </div>
   <div class='ocr_carea' id='block_1_19' title="bbox 484 2027 2056 2108">
    <p class='ocr_par' dir='ltr' id='par_1_19' title="bbox 484 2027 2056 2108">
     <span class='ocr_line' id='line_1_19' title="bbox 484 2027 2056 2108; baseline 0.016 -37"><span class='ocrx_word' id='word_1_118' title='bbox 484 2033 681 2079; x_wconf 85' lang='lat' dir='ltr'><strong>verunt</strong></span> <span class='ocrx_word' id='word_1_119' title='bbox 703 2042 874 2098; x_wconf 90' lang='lat' dir='ltr'><strong>usque</strong></span> <span class='ocrx_word' id='word_1_120' title='bbox 894 2027 1229 2096; x_wconf 71' lang='lat' dir='ltr'><strong>Phoenicem,</strong></span> <span class='ocrx_word' id='word_1_121' title='bbox 1252 2041 1307 2087; x_wconf 92' lang='lat' dir='ltr'><strong>et</strong></span> <span class='ocrx_word' id='word_1_122' title='bbox 1330 2034 1592 2107; x_wconf 83' lang='lat' dir='ltr'><strong>Cyprum,</strong></span> <span class='ocrx_word' id='word_1_123' title='bbox 1610 2046 1665 2093; x_wconf 92' lang='lat' dir='ltr'><strong>et</strong></span> <span class='ocrx_word' id='word_1_124' title='bbox 1688 2038 2056 2108; x_wconf 85' lang='lat' dir='ltr'><strong>Antiochiam,</strong></span> 
     </span>
    </p>
   </div>
   <div class='ocr_carea' id='block_1_20' title="bbox 484 2113 2062 2188">
    <p class='ocr_par' dir='ltr' id='par_1_20' title="bbox 484 2113 2062 2188">
     <span class='ocr_line' id='line_1_20' title="bbox 484 2113 2062 2188; baseline 0.012 -22"><span class='ocrx_word' id='word_1_125' title='bbox 484 2113 981 2188; x_wconf 80' lang='lat' dir='ltr'><strong>neminiloquentes</strong></span> <span class='ocrx_word' id='word_1_126' title='bbox 1000 2123 1245 2188; x_wconf 87' lang='lat' dir='ltr'><strong>verbum,</strong></span> <span class='ocrx_word' id='word_1_127' title='bbox 1266 2126 1370 2181; x_wconf 89' lang='lat' dir='ltr'><strong>nisi</strong></span> <span class='ocrx_word' id='word_1_128' title='bbox 1391 2126 1759 2184; x_wconf 83' lang='lat' dir='ltr'><strong>solisJudaeis.</strong></span> <span class='ocrx_word' id='word_1_129' title='bbox 1784 2129 2062 2185; x_wconf 85' lang='lat' dir='ltr'><strong>Erantau—</strong></span> 
     </span>
    </p>
   </div>
   <div class='ocr_carea' id='block_1_21' title="bbox 483 2207 2057 2290">
    <p class='ocr_par' dir='ltr' id='par_1_21' title="bbox 483 2207 2057 2290">
     <span class='ocr_line' id='line_1_21' title="bbox 483 2207 2057 2290; baseline 0.014 -34"><span class='ocrx_word' id='word_1_130' title='bbox 483 2213 592 2259; x_wconf 88' lang='lat' dir='ltr'><strong>tem</strong></span> <span class='ocrx_word' id='word_1_131' title='bbox 629 2207 848 2276; x_wconf 84' lang='lat' dir='ltr'><strong>quidam</strong></span> <span class='ocrx_word' id='word_1_132' title='bbox 878 2226 942 2265; x_wconf 82' lang='lat' dir='ltr'><strong>ex</strong></span> <span class='ocrx_word' id='word_1_133' title='bbox 984 2212 1065 2266; x_wconf 90' lang='lat' dir='ltr'><strong>eis</strong></span> <span class='ocrx_word' id='word_1_134' title='bbox 1098 2213 1198 2269; x_wconf 86' lang='lat' dir='ltr'><strong>viri</strong></span> <span class='ocrx_word' id='word_1_135' title='bbox 1227 2214 1407 2287; x_wconf 82' lang='lat' dir='ltr'><strong>Cyprii</strong></span> <span class='ocrx_word' id='word_1_136' title='bbox 1431 2225 1486 2272; x_wconf 88' lang='lat' dir='ltr'><strong>et</strong></span> <span class='ocrx_word' id='word_1_137' title='bbox 1504 2217 1773 2289; x_wconf 64' lang='lat' dir='ltr'><strong>Cyrenaei,</strong></span> <span class='ocrx_word' id='word_1_138' title='bbox 1807 2221 1898 2290; x_wconf 86' lang='lat' dir='ltr'><strong>qui</strong></span> <span class='ocrx_word' id='word_1_139' title='bbox 1930 2237 2057 2277; x_wconf 91' lang='lat' dir='ltr'><strong>cum</strong></span> 
     </span>
    </p>
   </div>
   <div class='ocr_carea' id='block_1_22' title="bbox 486 2295 2054 2380">
    <p class='ocr_par' dir='ltr' id='par_1_22' title="bbox 486 2295 2054 2380">
     <span class='ocr_line' id='line_1_22' title="bbox 486 2295 2054 2380; baseline 0.013 -32"><span class='ocrx_word' id='word_1_140' title='bbox 486 2295 804 2355; x_wconf 85' lang='lat' dir='ltr'><strong>introissent</strong></span> <span class='ocrx_word' id='word_1_141' title='bbox 838 2302 1205 2370; x_wconf 77' lang='lat' dir='ltr'><strong>Antiochiam,</strong></span> <span class='ocrx_word' id='word_1_142' title='bbox 1232 2307 1596 2379; x_wconf 83' lang='lat' dir='ltr'><strong>loquebantur</strong></span> <span class='ocrx_word' id='word_1_143' title='bbox 1621 2319 1674 2366; x_wconf 90' lang='lat' dir='ltr'><strong>et</strong></span> <span class='ocrx_word' id='word_1_144' title='bbox 1710 2314 1778 2367; x_wconf 86' lang='lat' dir='ltr'><strong>ad</strong></span> <span class='ocrx_word' id='word_1_145' title='bbox 1814 2312 2054 2380; x_wconf 80' lang='lat' dir='ltr'><strong>Graecos,</strong></span> 
     </span>
    </p>
   </div>
   <div class='ocr_carea' id='block_1_23' title="bbox 484 2391 2056 2464">
    <p class='ocr_par' dir='ltr' id='par_1_23' title="bbox 484 2391 2056 2464">
     <span class='ocr_line' id='line_1_23' title="bbox 484 2391 2056 2464; baseline 0.013 -20"><span class='ocrx_word' id='word_1_146' title='bbox 484 2391 874 2450; x_wconf 86' lang='lat' dir='ltr'><strong>annuntiantes</strong></span> <span class='ocrx_word' id='word_1_147' title='bbox 900 2395 1192 2451; x_wconf 89' lang='lat' dir='ltr'><strong>Dominum</strong></span> <span class='ocrx_word' id='word_1_148' title='bbox 1219 2397 1428 2455; x_wconf 83' lang='lat' dir='ltr'><strong>Jesum.</strong></span> <span class='ocrx_word' id='word_1_149' title='bbox 1475 2401 1543 2457; x_wconf 88' lang='lat' dir='ltr'><strong>Et</strong></span> <span class='ocrx_word' id='word_1_150' title='bbox 1574 2415 1693 2459; x_wconf 87' lang='lat' dir='ltr'><strong>erat</strong></span> <span class='ocrx_word' id='word_1_151' title='bbox 1723 2420 1921 2462; x_wconf 81' lang='lat' dir='ltr'><strong>manus</strong></span> <span class='ocrx_word' id='word_1_152' title='bbox 1950 2407 2056 2464; x_wconf 90' lang='lat' dir='ltr'><strong>Do-</strong></span> 
     </span>
    </p>
   </div>
   <div class='ocr_carea' id='block_1_24' title="bbox 485 2481 2053 2562">
    <p class='ocr_par' dir='ltr' id='par_1_24' title="bbox 485 2481 2053 2562">
     <span class='ocr_line' id='line_1_24' title="bbox 485 2481 2053 2562; baseline 0.011 -27"><span class='ocrx_word' id='word_1_153' title='bbox 485 2481 618 2538; x_wconf 87' lang='lat' dir='ltr'><strong>mini</strong></span> <span class='ocrx_word' id='word_1_154' title='bbox 662 2498 787 2539; x_wconf 86' lang='lat' dir='ltr'><strong>cum</strong></span> <span class='ocrx_word' id='word_1_155' title='bbox 832 2485 916 2543; x_wconf 89' lang='lat' dir='ltr'><strong>eis</strong></span> <span class='ocrx_word' id='word_1_156' title='bbox 961 2506 975 2541; x_wconf 90' lang='lat'><strong>:</strong></span> <span class='ocrx_word' id='word_1_157' title='bbox 1033 2489 1355 2562; x_wconf 85' lang='lat' dir='ltr'><strong>multusque</strong></span> <span class='ocrx_word' id='word_1_158' title='bbox 1398 2507 1666 2550; x_wconf 86' lang='lat' dir='ltr'><strong>numerus</strong></span> <span class='ocrx_word' id='word_1_159' title='bbox 1712 2497 2053 2552; x_wconf 88' lang='lat' dir='ltr'><strong>credentium</strong></span> 
     </span>
    </p>
   </div>
   <div class='ocr_carea' id='block_1_25' title="bbox 483 2576 2054 2646">
    <p class='ocr_par' dir='ltr' id='par_1_25' title="bbox 483 2576 2054 2646">
     <span class='ocr_line' id='line_1_25' title="bbox 483 2576 2054 2646; baseline 0.011 -19"><span class='ocrx_word' id='word_1_160' title='bbox 483 2588 788 2632; x_wconf 87' lang='lat' dir='ltr'><strong>conversus</strong></span> <span class='ocrx_word' id='word_1_161' title='bbox 821 2588 900 2633; x_wconf 90' lang='lat' dir='ltr'><strong>est</strong></span> <span class='ocrx_word' id='word_1_162' title='bbox 923 2576 989 2633; x_wconf 89' lang='lat' dir='ltr'><strong>ad</strong></span> <span class='ocrx_word' id='word_1_163' title='bbox 1018 2578 1330 2638; x_wconf 89' lang='lat' dir='ltr'><strong>Dominum.</strong></span> <span class='ocrx_word' id='word_1_164' title='bbox 1365 2581 1624 2640; x_wconf 82' lang='lat' dir='ltr'><strong>Pervenit</strong></span> <span class='ocrx_word' id='word_1_165' title='bbox 1655 2594 1838 2643; x_wconf 89' lang='lat' dir='ltr'><strong>autem</strong></span> <span class='ocrx_word' id='word_1_166' title='bbox 1870 2603 2054 2646; x_wconf 84' lang='lat' dir='ltr'><strong>sermo</strong></span> 
     </span>
    </p>
   </div>
   <div class='ocr_carea' id='block_1_26' title="bbox 484 2662 2054 2751">
    <p class='ocr_par' dir='ltr' id='par_1_26' title="bbox 484 2662 2054 2751">
     <span class='ocr_line' id='line_1_26' title="bbox 484 2662 2054 2751; baseline 0.012 -36"><span class='ocrx_word' id='word_1_167' title='bbox 484 2662 551 2716; x_wconf 87' lang='lat' dir='ltr'><strong>ad</strong></span> <span class='ocrx_word' id='word_1_168' title='bbox 587 2678 747 2721; x_wconf 88' lang='lat' dir='ltr'><strong>aures</strong></span> <span class='ocrx_word' id='word_1_169' title='bbox 794 2665 1075 2732; x_wconf 34' lang='lat' dir='ltr'><strong>Ecclesiae,</strong></span> <span class='ocrx_word' id='word_1_170' title='bbox 1124 2687 1246 2741; x_wconf 82' lang='lat' dir='ltr'><strong>quae</strong></span> <span class='ocrx_word' id='word_1_171' title='bbox 1281 2683 1404 2728; x_wconf 88' lang='lat' dir='ltr'><strong>erat</strong></span> <span class='ocrx_word' id='word_1_172' title='bbox 1443 2672 1838 2747; x_wconf 83' lang='lat' dir='ltr'><strong>Jerosolymis.</strong></span> <span class='ocrx_word' id='word_1_173' title='bbox 1886 2694 2054 2751; x_wconf 87' lang='lat' dir='ltr'><strong>super</strong></span> 
     </span>
    </p>
   </div>
   <div class='ocr_carea' id='block_1_27' title="bbox 483 2753 2049 2835">
    <p class='ocr_par' dir='ltr' id='par_1_27' title="bbox 483 2753 2049 2835">
     <span class='ocr_line' id='line_1_27' title="bbox 483 2753 2049 2835; baseline 0.014 -29"><span class='ocrx_word' id='word_1_174' title='bbox 483 2753 639 2810; x_wconf 88' lang='lat' dir='ltr'><strong>istis:</strong></span> <span class='ocrx_word' id='word_1_175' title='bbox 668 2762 723 2811; x_wconf 87' lang='lat' dir='ltr'><strong>et</strong></span> <span class='ocrx_word' id='word_1_176' title='bbox 746 2756 1012 2812; x_wconf 89' lang='lat' dir='ltr'><strong>miserunt</strong></span> <span class='ocrx_word' id='word_1_177' title='bbox 1042 2758 1345 2816; x_wconf 80' lang='lat' dir='ltr'><strong>Barnabam</strong></span> <span class='ocrx_word' id='word_1_178' title='bbox 1381 2779 1558 2835; x_wconf 87' lang='lat' dir='ltr'><strong>usque</strong></span> <span class='ocrx_word' id='word_1_179' title='bbox 1586 2766 1655 2821; x_wconf 84' lang='lat' dir='ltr'><strong>ad</strong></span> <span class='ocrx_word' id='word_1_180' title='bbox 1680 2768 2049 2828; x_wconf 80' lang='lat' dir='ltr'><strong>Antiochiam.</strong></span> 
     </span>
    </p>
   </div>
   <div class='ocr_carea' id='block_1_28' title="bbox 481 2843 2051 2935">
    <p class='ocr_par' dir='ltr' id='par_1_28' title="bbox 481 2843 2051 2935">
     <span class='ocr_line' id='line_1_28' title="bbox 481 2843 2051 2935; baseline 0.016 -40"><span class='ocrx_word' id='word_1_181' title='bbox 481 2843 587 2911; x_wconf 86' lang='lat' dir='ltr'><strong>Qui</strong></span> <span class='ocrx_word' id='word_1_182' title='bbox 619 2862 744 2902; x_wconf 90' lang='lat' dir='ltr'><strong>cum</strong></span> <span class='ocrx_word' id='word_1_183' title='bbox 794 2851 1135 2918; x_wconf 89' lang='lat' dir='ltr'><strong>pervenisset</strong></span> <span class='ocrx_word' id='word_1_184' title='bbox 1165 2864 1218 2908; x_wconf 89' lang='lat' dir='ltr'><strong>ct</strong></span> <span class='ocrx_word' id='word_1_185' title='bbox 1258 2854 1484 2912; x_wconf 77' lang='lat' dir='ltr'><strong>vidisset</strong></span> <span class='ocrx_word' id='word_1_186' title='bbox 1530 2860 1767 2927; x_wconf 88' lang='lat' dir='ltr'><strong>gratiam</strong></span> <span class='ocrx_word' id='word_1_187' title='bbox 1805 2859 1922 2930; x_wconf 89' lang='lat' dir='ltr'><strong>Dei,</strong></span> <span class='ocrx_word' id='word_1_188' title='bbox 1957 2880 2051 2935; x_wconf 83' lang='lat' dir='ltr'><strong>ga-</strong></span> 
     </span>
    </p>
   </div>
   <div class='ocr_carea' id='block_1_29' title="bbox 480 2938 2049 3020">
    <p class='ocr_par' dir='ltr' id='par_1_29' title="bbox 480 2938 2049 3020">
     <span class='ocr_line' id='line_1_29' title="bbox 480 2938 2049 3020; baseline 0.015 -31"><span class='ocrx_word' id='word_1_189' title='bbox 480 2938 635 2993; x_wconf 85' lang='lat' dir='ltr'><strong>visus</strong></span> <span class='ocrx_word' id='word_1_190' title='bbox 664 2948 778 2999; x_wconf 84' lang='lat' dir='ltr'><strong>est:</strong></span> <span class='ocrx_word' id='word_1_191' title='bbox 798 2949 854 2994; x_wconf 90' lang='lat' dir='ltr'><strong>et</strong></span> <span class='ocrx_word' id='word_1_192' title='bbox 887 2941 1212 2999; x_wconf 83' lang='lat' dir='ltr'><strong>hortabatur</strong></span> <span class='ocrx_word' id='word_1_193' title='bbox 1233 2962 1428 3003; x_wconf 89' lang='lat' dir='ltr'><strong>omnes</strong></span> <span class='ocrx_word' id='word_1_194' title='bbox 1458 2947 1513 3003; x_wconf 90' lang='lat' dir='ltr'><strong>in</strong></span> <span class='ocrx_word' id='word_1_195' title='bbox 1548 2951 1833 3020; x_wconf 87' lang='lat' dir='ltr'><strong>proposito</strong></span> <span class='ocrx_word' id='word_1_196' title='bbox 1864 2956 2049 3013; x_wconf 89' lang='lat' dir='ltr'><strong>cordis</strong></span> 
     </span>
    </p>
   </div>
   <div class='ocr_carea' id='block_1_30' title="bbox 484 3034 2049 3119">
    <p class='ocr_par' dir='ltr' id='par_1_30' title="bbox 484 3034 2049 3119">
     <span class='ocr_line' id='line_1_30' title="bbox 484 3034 2049 3119; baseline 0.014 -36"><span class='ocrx_word' id='word_1_197' title='bbox 484 3045 812 3098; x_wconf 79' lang='lat' dir='ltr'><strong>permanere</strong></span> <span class='ocrx_word' id='word_1_198' title='bbox 837 3034 890 3088; x_wconf 90' lang='lat' dir='ltr'><strong>in</strong></span> <span class='ocrx_word' id='word_1_199' title='bbox 921 3034 1174 3091; x_wconf 91' lang='lat' dir='ltr'><strong>Domino.</strong></span> <span class='ocrx_word' id='word_1_200' title='bbox 1226 3038 1363 3105; x_wconf 84' lang='lat' dir='ltr'><strong>Quia</strong></span> <span class='ocrx_word' id='word_1_201' title='bbox 1386 3052 1507 3097; x_wconf 89' lang='lat' dir='ltr'><strong>erat</strong></span> <span class='ocrx_word' id='word_1_202' title='bbox 1538 3044 1621 3098; x_wconf 86' lang='lat' dir='ltr'><strong>vir</strong></span> <span class='ocrx_word' id='word_1_203' title='bbox 1645 3044 1826 3102; x_wconf 88' lang='lat' dir='ltr'><strong>bonus</strong></span> <span class='ocrx_word' id='word_1_204' title='bbox 1853 3055 1910 3103; x_wconf 89' lang='lat' dir='ltr'><strong>et</strong></span> <span class='ocrx_word' id='word_1_205' title='bbox 1930 3048 2049 3119; x_wconf 89' lang='lat' dir='ltr'><strong>ple-</strong></span> 
     </span>
    </p>
   </div>
   <div class='ocr_carea' id='block_1_31' title="bbox 484 3118 2049 3207">
    <p class='ocr_par' dir='ltr' id='par_1_31' title="bbox 484 3118 2049 3207">
     <span class='ocr_line' id='line_1_31' title="bbox 484 3118 2049 3207; baseline 0.016 -35"><span class='ocrx_word' id='word_1_206' title='bbox 484 3135 589 3175; x_wconf 87' lang='lat' dir='ltr'><strong>nus</strong></span> <span class='ocrx_word' id='word_1_207' title='bbox 637 3118 845 3192; x_wconf 84' lang='lat' dir='ltr'><strong>Spiritu</strong></span> <span class='ocrx_word' id='word_1_208' title='bbox 892 3138 1085 3182; x_wconf 89' lang='lat' dir='ltr'><strong>sancto</strong></span> <span class='ocrx_word' id='word_1_209' title='bbox 1123 3138 1177 3184; x_wconf 91' lang='lat' dir='ltr'><strong>et</strong></span> <span class='ocrx_word' id='word_1_210' title='bbox 1216 3130 1342 3187; x_wconf 85' lang='lat' dir='ltr'><strong>fide.</strong></span> <span class='ocrx_word' id='word_1_211' title='bbox 1382 3131 1449 3188; x_wconf 90' lang='lat' dir='ltr'><strong>Et</strong></span> <span class='ocrx_word' id='word_1_212' title='bbox 1479 3136 1729 3207; x_wconf 87' lang='lat' dir='ltr'><strong>apposita</strong></span> <span class='ocrx_word' id='word_1_213' title='bbox 1757 3148 1843 3195; x_wconf 92' lang='lat' dir='ltr'><strong>est</strong></span> <span class='ocrx_word' id='word_1_214' title='bbox 1876 3118 2049 3197; x_wconf 88' lang='lat' dir='ltr'><strong>multa</strong></span> 
     </span>
    </p>
   </div>
   <div class='ocr_carea' id='block_1_32' title="bbox 481 3214 2047 3289">
    <p class='ocr_par' dir='ltr' id='par_1_32' title="bbox 481 3214 2047 3289">
     <span class='ocr_line' id='line_1_32' title="bbox 481 3214 2047 3289; baseline 0.013 -21"><span class='ocrx_word' id='word_1_215' title='bbox 481 3214 639 3270; x_wconf 89' lang='lat' dir='ltr'><strong>turba</strong></span> <span class='ocrx_word' id='word_1_216' title='bbox 662 3216 920 3289; x_wconf 38' lang='lat' dir='ltr'><strong>.Domino.</strong></span> <span class='ocrx_word' id='word_1_217' title='bbox 959 3218 1248 3281; x_wconf 82' lang='lat' dir='ltr'><strong>Profectus</strong></span> <span class='ocrx_word' id='word_1_218' title='bbox 1281 3233 1366 3282; x_wconf 88' lang='lat' dir='ltr'><strong>est</strong></span> <span class='ocrx_word' id='word_1_219' title='bbox 1389 3236 1570 3284; x_wconf 90' lang='lat' dir='ltr'><strong>autem</strong></span> <span class='ocrx_word' id='word_1_220' title='bbox 1603 3228 1886 3288; x_wconf 84' lang='lat' dir='ltr'><strong>Barnabas</strong></span> <span class='ocrx_word' id='word_1_221' title='bbox 1906 3230 2047 3288; x_wconf 87' lang='lat' dir='ltr'><strong>Tar-</strong></span> 
     </span>
    </p>
   </div>
   <div class='ocr_carea' id='block_1_33' title="bbox 479 3313 2045 3391">
    <p class='ocr_par' dir='ltr' id='par_1_33' title="bbox 479 3313 2045 3391">
     <span class='ocr_line' id='line_1_33' title="bbox 479 3313 2045 3391; baseline 0.011 -30"><span class='ocrx_word' id='word_1_222' title='bbox 479 3321 624 3371; x_wconf 90' lang='lat' dir='ltr'><strong>sum,</strong></span> <span class='ocrx_word' id='word_1_223' title='bbox 670 3316 730 3363; x_wconf 93' lang='lat' dir='ltr'><strong>ut</strong></span> <span class='ocrx_word' id='word_1_224' title='bbox 762 3325 1030 3381; x_wconf 64' lang='lat' dir='ltr'><strong>quaereret</strong></span> <span class='ocrx_word' id='word_1_225' title='bbox 1072 3313 1341 3384; x_wconf 87' lang='lat' dir='ltr'><strong>Saulum;</strong></span> <span class='ocrx_word' id='word_1_226' title='bbox 1374 3333 1535 3389; x_wconf 89' lang='lat' dir='ltr'><strong>quem</strong></span> <span class='ocrx_word' id='word_1_227' title='bbox 1562 3334 1687 3377; x_wconf 91' lang='lat' dir='ltr'><strong>cum</strong></span> <span class='ocrx_word' id='word_1_228' title='bbox 1721 3322 2045 3391; x_wconf 78' lang='lat' dir='ltr'><strong>invenisset,</strong></span> 
     </span>
    </p>
   </div>
   <div class='ocr_carea' id='block_1_34' title="bbox 478 3399 2047 3472">
    <p class='ocr_par' dir='ltr' id='par_1_34' title="bbox 478 3399 2047 3472">
     <span class='ocr_line' id='line_1_34' title="bbox 478 3399 2047 3472; baseline 0.014 -22"><span class='ocrx_word' id='word_1_229' title='bbox 478 3399 730 3469; x_wconf 77' lang='lat' dir='ltr'><strong>perduxit</strong></span> <span class='ocrx_word' id='word_1_230' title='bbox 767 3402 1140 3464; x_wconf 83' lang='lat' dir='ltr'><strong>Antiochiam.</strong></span> <span class='ocrx_word' id='word_1_231' title='bbox 1176 3407 1240 3463; x_wconf 86' lang='lat' dir='ltr'><strong>Et</strong></span> <span class='ocrx_word' id='word_1_232' title='bbox 1279 3425 1484 3467; x_wconf 89' lang='lat' dir='ltr'><strong>annum</strong></span> <span class='ocrx_word' id='word_1_233' title='bbox 1516 3420 1693 3468; x_wconf 90' lang='lat' dir='ltr'><strong>totum</strong></span> <span class='ocrx_word' id='word_1_234' title='bbox 1738 3417 2047 3472; x_wconf 84' lang='lat' dir='ltr'><strong>conversati</strong></span> 
     </span>
    </p>
   </div>
   <div class='ocr_carea' id='block_1_35' title="bbox 477 3494 2044 3576">
    <p class='ocr_par' dir='ltr' id='par_1_35' title="bbox 477 3494 2044 3576">
     <span class='ocr_line' id='line_1_35' title="bbox 477 3494 2044 3576; baseline 0.013 -31"><span class='ocrx_word' id='word_1_235' title='bbox 477 3501 607 3546; x_wconf 76' lang='lat' dir='ltr'><strong>sunt</strong></span> <span class='ocrx_word' id='word_1_236' title='bbox 647 3494 719 3550; x_wconf 88' lang='lat' dir='ltr'><strong>ibi</strong></span> <span class='ocrx_word' id='word_1_237' title='bbox 760 3495 812 3551; x_wconf 89' lang='lat' dir='ltr'><strong>in</strong></span> <span class='ocrx_word' id='word_1_238' title='bbox 849 3497 1090 3556; x_wconf 84' lang='lat' dir='ltr'><strong>Ecclesia</strong></span> <span class='ocrx_word' id='word_1_239' title='bbox 1123 3511 1177 3557; x_wconf 88' lang='lat' dir='ltr'><strong>et</strong></span> <span class='ocrx_word' id='word_1_240' title='bbox 1204 3502 1514 3561; x_wconf 91' lang='lat' dir='ltr'><strong>docuerunt</strong></span> <span class='ocrx_word' id='word_1_241' title='bbox 1542 3507 1760 3562; x_wconf 89' lang='lat' dir='ltr'><strong>turbam</strong></span> <span class='ocrx_word' id='word_1_242' title='bbox 1795 3510 2044 3576; x_wconf 86' lang='lat' dir='ltr'><strong>multam,</strong></span> 
     </span>
    </p>
   </div>
   <div class='ocr_carea' id='block_1_36' title="bbox 475 3584 2045 3672">
    <p class='ocr_par' dir='ltr' id='par_1_36' title="bbox 475 3584 2045 3672">
     <span class='ocr_line' id='line_1_36' title="bbox 475 3584 2045 3672; baseline 0.014 -36"><span class='ocrx_word' id='word_1_243' title='bbox 475 3584 549 3639; x_wconf 89' lang='lat' dir='ltr'><strong>ita</strong></span> <span class='ocrx_word' id='word_1_244' title='bbox 572 3592 631 3640; x_wconf 90' lang='lat' dir='ltr'><strong>ut</strong></span> <span class='ocrx_word' id='word_1_245' title='bbox 651 3589 1172 3660; x_wconf 85' lang='lat' dir='ltr'><strong>cognominarentur</strong></span> <span class='ocrx_word' id='word_1_246' title='bbox 1197 3595 1433 3665; x_wconf 82' lang='lat' dir='ltr'><strong>primum</strong></span> <span class='ocrx_word' id='word_1_247' title='bbox 1456 3597 1764 3657; x_wconf 63' lang='lat' dir='ltr'><strong>Antiochiae</strong></span> <span class='ocrx_word' id='word_1_248' title='bbox 1789 3601 2045 3672; x_wconf 86' lang='lat' dir='ltr'><strong>discipuli</strong></span> 
     </span>
    </p>
   </div>
   <div class='ocr_carea' id='block_1_37' title="bbox 472 3672 2046 3760">
    <p class='ocr_par' dir='ltr' id='par_1_37' title="bbox 472 3672 2046 3760">
     <span class='ocr_line' id='line_1_37' title="bbox 472 3672 2046 3760; baseline 0.015 -35"><span class='ocrx_word' id='word_1_249' title='bbox 472 3672 791 3733; x_wconf 87' lang='lat' dir='ltr'><strong>Christiani.</strong></span> <span class='ocrx_word' id='word_1_250' title='bbox 818 3678 878 3734; x_wconf 89' lang='lat' dir='ltr'><strong>In</strong></span> <span class='ocrx_word' id='word_1_251' title='bbox 917 3680 1002 3738; x_wconf 86' lang='lat' dir='ltr'><strong>his</strong></span> <span class='ocrx_word' id='word_1_252' title='bbox 1051 3692 1235 3739; x_wconf 78' lang='lat' dir='ltr'><strong>autem</strong></span> <span class='ocrx_word' id='word_1_253' title='bbox 1276 3684 1471 3743; x_wconf 90' lang='lat' dir='ltr'><strong>diebus</strong></span> <span class='ocrx_word' id='word_1_254' title='bbox 1505 3699 1949 3760; x_wconf 87' lang='lat' dir='ltr'><strong>supervenerunt</strong></span> <span class='ocrx_word' id='word_1_255' title='bbox 1975 3692 2046 3748; x_wconf 90' lang='lat' dir='ltr'><strong>ab</strong></span> 
     </span>
    </p>
   </div>
   <div class='ocr_carea' id='block_1_38' title="bbox 470 3763 2044 3853">
    <p class='ocr_par' dir='ltr' id='par_1_38' title="bbox 470 3763 2044 3853">
     <span class='ocr_line' id='line_1_38' title="bbox 470 3763 2044 3853; baseline 0.013 -36"><span class='ocrx_word' id='word_1_256' title='bbox 470 3763 825 3840; x_wconf 72' lang='lat' dir='ltr'><strong>Jerosolymis</strong></span> <span class='ocrx_word' id='word_1_257' title='bbox 876 3774 1155 3844; x_wconf 75' lang='lat' dir='ltr'><strong>prophetae</strong></span> <span class='ocrx_word' id='word_1_258' title='bbox 1223 3777 1573 3833; x_wconf 83' lang='lat' dir='ltr'><strong>Antiochiam</strong></span> <span class='ocrx_word' id='word_1_259' title='bbox 1627 3796 1642 3834; x_wconf 90' lang='lat'><strong>:</strong></span> <span class='ocrx_word' id='word_1_260' title='bbox 1713 3788 1768 3836; x_wconf 88' lang='lat' dir='ltr'><strong>et</strong></span> <span class='ocrx_word' id='word_1_261' title='bbox 1813 3797 2044 3853; x_wconf 80' lang='lat' dir='ltr'><strong>surgens</strong></span> 
     </span>
    </p>
   </div>
   <div class='ocr_carea' id='block_1_39' title="bbox 474 3861 2036 3943">
    <p class='ocr_par' dir='ltr' id='par_1_39' title="bbox 474 3861 2036 3943">
     <span class='ocr_line' id='line_1_39' title="bbox 474 3861 2036 3943; baseline 0.012 -35"><span class='ocrx_word' id='word_1_262' title='bbox 474 3872 616 3914; x_wconf 85' lang='lat' dir='ltr'><strong>unus</strong></span> <span class='ocrx_word' id='word_1_263' title='bbox 642 3875 709 3915; x_wconf 75' lang='lat' dir='ltr'><strong>ex</strong></span> <span class='ocrx_word' id='word_1_264' title='bbox 735 3861 816 3918; x_wconf 87' lang='lat' dir='ltr'><strong>eis</strong></span> <span class='ocrx_word' id='word_1_265' title='bbox 848 3863 1069 3919; x_wconf 84' lang='lat' dir='ltr'><strong>nomine</strong></span> <span class='ocrx_word' id='word_1_266' title='bbox 1104 3866 1350 3935; x_wconf 81' lang='lat' dir='ltr'><strong>Agabus,</strong></span> <span class='ocrx_word' id='word_1_267' title='bbox 1375 3868 1723 3939; x_wconf 80' lang='lat' dir='ltr'><strong>significabat</strong></span> <span class='ocrx_word' id='word_1_268' title='bbox 1749 3886 1845 3942; x_wconf 90' lang='lat' dir='ltr'><strong>per</strong></span> <span class='ocrx_word' id='word_1_269' title='bbox 1868 3872 2036 3943; x_wconf 66' lang='lat' dir='ltr'><strong>Spiri«</strong></span> 
     </span>
    </p>
   </div>
   <div class='ocr_carea' id='block_1_40' title="bbox 475 3946 2045 4023">
    <p class='ocr_par' dir='ltr' id='par_1_40' title="bbox 475 3946 2045 4023">
     <span class='ocr_line' id='line_1_40' title="bbox 475 3946 2045 4023; baseline 0.013 -24"><span class='ocrx_word' id='word_1_270' title='bbox 475 3959 586 4001; x_wconf 89' lang='lat' dir='ltr'><strong>tum</strong></span> <span class='ocrx_word' id='word_1_271' title='bbox 625 3946 822 4005; x_wconf 87' lang='lat' dir='ltr'><strong>famem</strong></span> <span class='ocrx_word' id='word_1_272' title='bbox 850 3967 1102 4023; x_wconf 89' lang='lat' dir='ltr'><strong>magnam</strong></span> <span class='ocrx_word' id='word_1_273' title='bbox 1138 3955 1378 4010; x_wconf 85' lang='lat' dir='ltr'><strong>futuram</strong></span> <span class='ocrx_word' id='word_1_274' title='bbox 1409 3958 1463 4013; x_wconf 90' lang='lat' dir='ltr'><strong>in</strong></span> <span class='ocrx_word' id='word_1_275' title='bbox 1491 3958 1747 4016; x_wconf 87' lang='lat' dir='ltr'><strong>universo</strong></span> <span class='ocrx_word' id='word_1_276' title='bbox 1775 3960 1909 4018; x_wconf 88' lang='lat' dir='ltr'><strong>orbe</strong></span> <span class='ocrx_word' id='word_1_277' title='bbox 1938 3972 2045 4018; x_wconf 83' lang='lat' dir='ltr'><strong>ter-</strong></span> 
     </span>
    </p>
   </div>
   <div class='ocr_carea' id='block_1_41' title="bbox 473 4041 2042 4123">
    <p class='ocr_par' dir='ltr' id='par_1_41' title="bbox 473 4041 2042 4123">
     <span class='ocr_line' id='line_1_41' title="bbox 473 4041 2042 4123; baseline 0.01 -30"><span class='ocrx_word' id='word_1_278' title='bbox 473 4055 683 4109; x_wconf 67' lang='lat' dir='ltr'><strong>rarum,</strong></span> <span class='ocrx_word' id='word_1_279' title='bbox 718 4058 838 4113; x_wconf 73' lang='lat' dir='ltr'><strong>qute</strong></span> <span class='ocrx_word' id='word_1_280' title='bbox 868 4041 1010 4101; x_wconf 85' lang='lat' dir='ltr'><strong>facta</strong></span> <span class='ocrx_word' id='word_1_281' title='bbox 1038 4054 1124 4102; x_wconf 88' lang='lat' dir='ltr'><strong>est</strong></span> <span class='ocrx_word' id='word_1_282' title='bbox 1142 4048 1248 4104; x_wconf 90' lang='lat' dir='ltr'><strong>sub</strong></span> <span class='ocrx_word' id='word_1_283' title='bbox 1267 4049 1517 4106; x_wconf 85' lang='lat' dir='ltr'><strong>Claudio.</strong></span> <span class='ocrx_word' id='word_1_284' title='bbox 1542 4050 1805 4123; x_wconf 90' lang='lat' dir='ltr'><strong>Discipuli</strong></span> <span class='ocrx_word' id='word_1_285' title='bbox 1837 4062 2042 4120; x_wconf 92' lang='lat' dir='ltr'><strong>autem,</strong></span> 
     </span>
    </p>
   </div>
   <div class='ocr_carea' id='block_1_42' title="bbox 473 4133 2045 4216">
    <p class='ocr_par' dir='ltr' id='par_1_42' title="bbox 473 4133 2045 4216">
     <span class='ocr_line' id='line_1_42' title="bbox 473 4133 2045 4216; baseline 0.012 -32"><span class='ocrx_word' id='word_1_286' title='bbox 473 4141 636 4202; x_wconf 88' lang='lat' dir='ltr'><strong>prout</strong></span> <span class='ocrx_word' id='word_1_287' title='bbox 662 4133 788 4203; x_wconf 89' lang='lat' dir='ltr'><strong>quis</strong></span> <span class='ocrx_word' id='word_1_288' title='bbox 821 4134 1075 4204; x_wconf 82' lang='lat' dir='ltr'><strong>habebat,</strong></span> <span class='ocrx_word' id='word_1_289' title='bbox 1120 4150 1524 4211; x_wconf 86' lang='lat' dir='ltr'><strong>proposuerunt</strong></span> <span class='ocrx_word' id='word_1_290' title='bbox 1555 4144 1755 4216; x_wconf 81' lang='lat' dir='ltr'><strong>singuli</strong></span> <span class='ocrx_word' id='word_1_291' title='bbox 1798 4146 1854 4202; x_wconf 89' lang='lat' dir='ltr'><strong>in</strong></span> <span class='ocrx_word' id='word_1_292' title='bbox 1882 4147 2045 4203; x_wconf 90' lang='lat' dir='ltr'><strong>mini-</strong></span> 
     </span>
    </p>
   </div>
   <div class='ocr_carea' id='block_1_43' title="bbox 474 4223 2039 4297">
    <p class='ocr_par' dir='ltr' id='par_1_43' title="bbox 474 4223 2039 4297">
     <span class='ocr_line' id='line_1_43' title="bbox 474 4223 2039 4297; baseline 0.012 -20"><span class='ocrx_word' id='word_1_293' title='bbox 474 4223 706 4279; x_wconf 85' lang='lat' dir='ltr'><strong>sterium</strong></span> <span class='ocrx_word' id='word_1_294' title='bbox 751 4227 973 4284; x_wconf 83' lang='lat' dir='ltr'><strong>mittere</strong></span> <span class='ocrx_word' id='word_1_295' title='bbox 1021 4230 1395 4289; x_wconf 87' lang='lat' dir='ltr'><strong>habitantibus</strong></span> <span class='ocrx_word' id='word_1_296' title='bbox 1423 4234 1478 4290; x_wconf 87' lang='lat' dir='ltr'><strong>in</strong></span> <span class='ocrx_word' id='word_1_297' title='bbox 1520 4234 1708 4293; x_wconf 70' lang='lat' dir='ltr'><strong>Judaea</strong></span> <span class='ocrx_word' id='word_1_298' title='bbox 1738 4237 2039 4297; x_wconf 81' lang='lat' dir='ltr'><strong>fratribus:</strong></span> 
     </span>
    </p>
   </div>
   <div class='ocr_carea' id='block_1_44' title="bbox 472 4314 2044 4404">
    <p class='ocr_par' dir='ltr' id='par_1_44' title="bbox 472 4314 2044 4404">
     <span class='ocr_line' id='line_1_44' title="bbox 472 4314 2044 4404; baseline 0.011 -32"><span class='ocrx_word' id='word_1_299' title='bbox 472 4314 578 4386; x_wconf 77' lang='lat'><strong>25</strong></span> <span class='ocrx_word' id='word_1_300' title='bbox 590 4317 630 4386; x_wconf 88' lang='grc' dir='ltr'><strong>ι</strong></span> <span class='ocrx_word' id='word_1_301' title='bbox 680 4319 824 4388; x_wconf 80' lang='lat' dir='ltr'><strong>quod</strong></span> <span class='ocrx_word' id='word_1_302' title='bbox 859 4328 914 4376; x_wconf 91' lang='lat' dir='ltr'><strong>et</strong></span> <span class='ocrx_word' id='word_1_303' title='bbox 973 4319 1244 4386; x_wconf 86' lang='lat' dir='ltr'><strong>fecerunt,</strong></span> <span class='ocrx_word' id='word_1_304' title='bbox 1274 4326 1549 4385; x_wconf 86' lang='lat' dir='ltr'><strong>mittentes</strong></span> <span class='ocrx_word' id='word_1_305' title='bbox 1573 4328 1642 4387; x_wconf 89' lang='lat' dir='ltr'><strong>ad</strong></span> <span class='ocrx_word' id='word_1_306' title='bbox 1674 4331 1920 4389; x_wconf 88' lang='lat' dir='ltr'><strong>seniores</strong></span> <span class='ocrx_word' id='word_1_307' title='bbox 1948 4348 2044 4404; x_wconf 88' lang='lat' dir='ltr'><strong>per</strong></span> 
     </span>
    </p>
   </div>
   <div class='ocr_carea' id='block_1_45' title="bbox 473 4411 1249 4477">
    <p class='ocr_par' dir='ltr' id='par_1_45' title="bbox 473 4411 1249 4477">
     <span class='ocr_line' id='line_1_45' title="bbox 473 4411 1249 4477; baseline 0.019 -15"><span class='ocrx_word' id='word_1_308' title='bbox 473 4424 666 4468; x_wconf 88' lang='lat' dir='ltr'><strong>manus</strong></span> <span class='ocrx_word' id='word_1_309' title='bbox 695 4411 957 4472; x_wconf 71' lang='lat' dir='ltr'><strong>Barnabze</strong></span> <span class='ocrx_word' id='word_1_310' title='bbox 989 4425 1043 4475; x_wconf 91' lang='lat' dir='ltr'><strong>et</strong></span> <span class='ocrx_word' id='word_1_311' title='bbox 1077 4419 1249 4477; x_wconf 79' lang='lat' dir='ltr'><strong>Sauli.</strong></span> 
     </span>
    </p>
   </div>
   <div class='ocr_carea' id='block_1_46' title="bbox 2173 636 3701 714">
    <p class='ocr_par' dir='ltr' id='par_1_46' title="bbox 2173 636 3701 714">
     <span class='ocr_line' id='line_1_46' title="bbox 2173 636 3701 714; baseline -0.001 -18"><span class='ocrx_word' id='word_1_312' title='bbox 2173 644 2309 714; x_wconf 77' lang='grc' dir='ltr'>πρὸς</span> <span class='ocrx_word' id='word_1_313' title='bbox 2342 644 2423 708; x_wconf 81' lang='grc' dir='ltr'>σὲ,</span> <span class='ocrx_word' id='word_1_314' title='bbox 2456 645 2512 697; x_wconf 80' lang='grc' dir='ltr'>ὲν</span> <span class='ocrx_word' id='word_1_315' title='bbox 2544 638 2623 708; x_wconf 70' lang='grc' dir='ltr'>οἷς</span> <span class='ocrx_word' id='word_1_316' title='bbox 2652 642 2871 714; x_wconf 76' lang='grc' dir='ltr'>σωθήσῃ</span> <span class='ocrx_word' id='word_1_317' title='bbox 2899 641 2962 695; x_wconf 76' lang='grc' dir='ltr'><strong>σὺ</strong></span> <span class='ocrx_word' id='word_1_318' title='bbox 2989 642 3084 696; x_wconf 79' lang='grc' dir='ltr'>καὶ</span> <span class='ocrx_word' id='word_1_319' title='bbox 3128 642 3236 704; x_wconf 79' lang='grc' dir='ltr'>πᾶς</span> <span class='ocrx_word' id='word_1_320' title='bbox 3273 643 3301 694; x_wconf 97' lang='lat'><strong>6</strong></span> <span class='ocrx_word' id='word_1_321' title='bbox 3329 636 3474 703; x_wconf 78' lang='grc' dir='ltr'>οἶκός</span> <span class='ocrx_word' id='word_1_322' title='bbox 3508 658 3611 696; x_wconf 85' lang='grc' dir='ltr'>σου.</span> <span class='ocrx_word' id='word_1_323' title='bbox 3631 643 3701 695; x_wconf 60' lang='grc' dir='ltr'>Ἐν</span> 
     </span>
    </p>
   </div>
   <div class='ocr_carea' id='block_1_47' title="bbox 2172 731 3698 805">
    <p class='ocr_par' dir='ltr' id='par_1_47' title="bbox 2172 731 3698 805">
     <span class='ocr_line' id='line_1_47' title="bbox 2172 731 3698 805; baseline -0.002 -17"><span class='ocrx_word' id='word_1_324' title='bbox 2172 736 2229 788; x_wconf 78' lang='grc' dir='ltr'><strong>δὲ</strong></span> <span class='ocrx_word' id='word_1_325' title='bbox 2250 734 2329 805; x_wconf 84' lang='grc' dir='ltr'>τῷ</span> <span class='ocrx_word' id='word_1_326' title='bbox 2365 734 2636 804; x_wconf 75' lang='grc' dir='ltr'>ἄρξασθαί</span> <span class='ocrx_word' id='word_1_327' title='bbox 2668 752 2733 805; x_wconf 86' lang='grc' dir='ltr'><strong>με</strong></span> <span class='ocrx_word' id='word_1_328' title='bbox 2785 734 2990 799; x_wconf 77' lang='grc' dir='ltr'><strong>λαλεῖν,</strong></span> <span class='ocrx_word' id='word_1_329' title='bbox 3020 733 3254 787; x_wconf 77' lang='grc' dir='ltr'>ἐπέπεσε</span> <span class='ocrx_word' id='word_1_330' title='bbox 3315 731 3378 785; x_wconf 77' lang='grc' dir='ltr'><strong>τὸ</strong></span> <span class='ocrx_word' id='word_1_331' title='bbox 3405 731 3612 800; x_wconf 84' lang='grc' dir='ltr'>Πνεῦμα</span> <span class='ocrx_word' id='word_1_332' title='bbox 3652 735 3698 785; x_wconf 77' lang='grc' dir='ltr'>τὸ</span> 
     </span>
    </p>
   </div>
   <div class='ocr_carea' id='block_1_48' title="bbox 2170 822 3695 895">
    <p class='ocr_par' dir='ltr' id='par_1_48' title="bbox 2170 822 3695 895">
     <span class='ocr_line' id='line_1_48' title="bbox 2170 822 3695 895; baseline -0.004 -14"><span class='ocrx_word' id='word_1_333' title='bbox 2170 828 2322 893; x_wconf 74' lang='grc' dir='ltr'>ἅγιον</span> <span class='ocrx_word' id='word_1_334' title='bbox 2344 827 2431 878; x_wconf 79' lang='grc' dir='ltr'>ἐπ’</span> <span class='ocrx_word' id='word_1_335' title='bbox 2457 826 2675 888; x_wconf 76' lang='grc' dir='ltr'>αὐτοὺς,</span> <span class='ocrx_word' id='word_1_336' title='bbox 2700 823 2888 895; x_wconf 85' lang='grc' dir='ltr'>ῶσπερ</span> <span class='ocrx_word' id='word_1_337' title='bbox 2920 825 3015 881; x_wconf 61' lang='grc' dir='ltr'>καὶ</span> <span class='ocrx_word' id='word_1_338' title='bbox 3044 823 3129 892; x_wconf 75' lang='grc' dir='ltr'><strong>ἐφ’</strong></span> <span class='ocrx_word' id='word_1_339' title='bbox 3159 824 3306 893; x_wconf 79' lang='grc' dir='ltr'>ἡμᾶς</span> <span class='ocrx_word' id='word_1_340' title='bbox 3330 822 3561 892; x_wconf 74' lang='grc' dir='ltr'>ὲνάρχῇ.</span> <span class='ocrx_word' id='word_1_341' title='bbox 3589 822 3695 892; x_wconf 77' lang='grc' dir='ltr'><strong>Ἐμ-</strong></span> 
     </span>
    </p>
   </div>
   <div class='ocr_carea' id='block_1_49' title="bbox 2169 913 3695 987">
    <p class='ocr_par' dir='ltr' id='par_1_49' title="bbox 2169 913 3695 987">
     <span class='ocr_line' id='line_1_49' title="bbox 2169 913 3695 987; baseline -0.005 -16"><span class='ocrx_word' id='word_1_342' title='bbox 2169 917 2373 987; x_wconf 87' lang='grc' dir='ltr'>νήσθην</span> <span class='ocrx_word' id='word_1_343' title='bbox 2404 917 2460 970; x_wconf 84' lang='grc' dir='ltr'>δὲ</span> <span class='ocrx_word' id='word_1_344' title='bbox 2482 914 2573 970; x_wconf 77' lang='grc' dir='ltr'><strong>τοῦ</strong></span> <span class='ocrx_word' id='word_1_345' title='bbox 2609 919 2850 986; x_wconf 79' lang='grc' dir='ltr'><strong>ῥήματος</strong></span> <span class='ocrx_word' id='word_1_346' title='bbox 2874 915 3075 986; x_wconf 84' lang='grc' dir='ltr'>Κυρίου</span> <span class='ocrx_word' id='word_1_347' title='bbox 3106 914 3181 978; x_wconf 87' lang='grc' dir='ltr'>ὼς</span> <span class='ocrx_word' id='word_1_348' title='bbox 3211 913 3396 981; x_wconf 76' lang='grc' dir='ltr'>ἔλεγεν</span> <span class='ocrx_word' id='word_1_349' title='bbox 3424 932 3438 945; x_wconf 75' lang='grc' dir='ltr'><strong>ο</strong></span> <span class='ocrx_word' id='word_1_350' title='bbox 3486 913 3695 984; x_wconf 75' lang='grc' dir='ltr'>Ἰωάννης</span> 
     </span>
    </p>
   </div>
   <div class='ocr_carea' id='block_1_50' title="bbox 2174 994 3694 1080">
    <p class='ocr_par' dir='ltr' id='par_1_50' title="bbox 2174 994 3694 1080">
     <span class='ocr_line' id='line_1_50' title="bbox 2174 994 3694 1080; baseline -0.003 -16"><span class='ocrx_word' id='word_1_351' title='bbox 2174 994 2273 1080; x_wconf 65' lang='grc' dir='ltr'><strong>μέν</strong></span> <span class='ocrx_word' id='word_1_352' title='bbox 2329 1010 2624 1064; x_wconf 78' lang='grc' dir='ltr'>ἐϐάπτισεν</span> <span class='ocrx_word' id='word_1_353' title='bbox 2664 1009 2839 1073; x_wconf 77' lang='grc' dir='ltr'>ὕδατι,</span> <span class='ocrx_word' id='word_1_354' title='bbox 2884 1009 3038 1077; x_wconf 79' lang='grc' dir='ltr'>ὑμεῖς</span> <span class='ocrx_word' id='word_1_355' title='bbox 3092 1007 3148 1060; x_wconf 80' lang='grc' dir='ltr'>δὲ</span> <span class='ocrx_word' id='word_1_356' title='bbox 3194 1005 3610 1076; x_wconf 75' lang='grc' dir='ltr'><strong>βαπτισθήσεσθε</strong></span> <span class='ocrx_word' id='word_1_357' title='bbox 3648 1009 3694 1059; x_wconf 85' lang='grc' dir='ltr'>ἐν</span> 
     </span>
    </p>
   </div>
   <div class='ocr_carea' id='block_1_51' title="bbox 2170 1092 3691 1169">
    <p class='ocr_par' dir='ltr' id='par_1_51' title="bbox 2170 1092 3691 1169">
     <span class='ocr_line' id='line_1_51' title="bbox 2170 1092 3691 1169; baseline -0.003 -16"><span class='ocrx_word' id='word_1_358' title='bbox 2170 1099 2443 1168; x_wconf 84' lang='grc' dir='ltr'>Πνεύματι</span> <span class='ocrx_word' id='word_1_359' title='bbox 2486 1100 2645 1169; x_wconf 77' lang='grc' dir='ltr'>ἁγίῳ.</span> <span class='ocrx_word' id='word_1_360' title='bbox 2672 1098 2735 1151; x_wconf 74' lang='grc' dir='ltr'><strong>ΕΞ</strong></span> <span class='ocrx_word' id='word_1_361' title='bbox 2768 1092 2861 1151; x_wconf 73' lang='grc' dir='ltr'><strong>οὖν</strong></span> <span class='ocrx_word' id='word_1_362' title='bbox 2887 1096 2984 1167; x_wconf 80' lang='grc' dir='ltr'>τὴν</span> <span class='ocrx_word' id='word_1_363' title='bbox 3023 1096 3144 1165; x_wconf 84' lang='grc' dir='ltr'>ίσην</span> <span class='ocrx_word' id='word_1_364' title='bbox 3172 1096 3381 1166; x_wconf 72' lang='grc' dir='ltr'>δωρεὰν</span> <span class='ocrx_word' id='word_1_365' title='bbox 3402 1094 3585 1147; x_wconf 76' lang='grc' dir='ltr'>ἔδωκεν</span> <span class='ocrx_word' id='word_1_366' title='bbox 3615 1098 3691 1148; x_wconf 69' lang='grc' dir='ltr'>αὖε</span> 
     </span>
    </p>
   </div>
   <div class='ocr_carea' id='block_1_52' title="bbox 2166 1188 3691 1260">
    <p class='ocr_par' dir='ltr' id='par_1_52' title="bbox 2166 1188 3691 1260">
     <span class='ocr_line' id='line_1_52' title="bbox 2166 1188 3691 1260; baseline -0.004 -14"><span class='ocrx_word' id='word_1_367' title='bbox 2166 1196 2278 1256; x_wconf 77' lang='grc' dir='ltr'>τοῖς</span> <span class='ocrx_word' id='word_1_368' title='bbox 2310 1195 2337 1245; x_wconf 89' lang='lat'><strong>6</strong></span> <span class='ocrx_word' id='word_1_369' title='bbox 2365 1192 2496 1255; x_wconf 66' lang='grc' dir='ltr'>Θεὸς</span> <span class='ocrx_word' id='word_1_370' title='bbox 2545 1191 2734 1260; x_wconf 80' lang='grc' dir='ltr'>ὥσπερ</span> <span class='ocrx_word' id='word_1_371' title='bbox 2789 1189 2883 1242; x_wconf 72' lang='grc' dir='ltr'><strong>καὶ</strong></span> <span class='ocrx_word' id='word_1_372' title='bbox 2937 1189 3091 1257; x_wconf 72' lang='grc' dir='ltr'>ἡμῖν,</span> <span class='ocrx_word' id='word_1_373' title='bbox 3124 1188 3478 1240; x_wconf 80' lang='grc' dir='ltr'><strong>πιστεύσασιν</strong></span> <span class='ocrx_word' id='word_1_374' title='bbox 3501 1188 3583 1240; x_wconf 69' lang='grc' dir='ltr'>ἐπὶ</span> <span class='ocrx_word' id='word_1_375' title='bbox 3622 1189 3691 1240; x_wconf 64' lang='grc' dir='ltr'><strong>τὶν</strong></span> 
     </span>
    </p>
   </div>
   <div class='ocr_carea' id='block_1_53' title="bbox 2166 1276 3690 1351">
    <p class='ocr_par' dir='ltr' id='par_1_53' title="bbox 2166 1276 3690 1351">
     <span class='ocr_line' id='line_1_53' title="bbox 2166 1276 3690 1351; baseline -0.001 -18"><span class='ocrx_word' id='word_1_376' title='bbox 2166 1280 2370 1351; x_wconf 79' lang='grc' dir='ltr'>Κύριον</span> <span class='ocrx_word' id='word_1_377' title='bbox 2425 1278 2635 1348; x_wconf 78' lang='grc' dir='ltr'><strong>Ἰησοῦν</strong></span> <span class='ocrx_word' id='word_1_378' title='bbox 2686 1276 2944 1347; x_wconf 77' lang='grc' dir='ltr'>Χριστὸν,</span> <span class='ocrx_word' id='word_1_379' title='bbox 3005 1276 3114 1344; x_wconf 76' lang='grc' dir='ltr'><strong>ἐγὼ</strong></span> <span class='ocrx_word' id='word_1_380' title='bbox 3167 1276 3250 1340; x_wconf 86' lang='grc' dir='ltr'><strong>τίς</strong></span> <span class='ocrx_word' id='word_1_381' title='bbox 3304 1276 3455 1347; x_wconf 66' lang='grc' dir='ltr'>ἤμην</span> <span class='ocrx_word' id='word_1_382' title='bbox 3512 1277 3690 1342; x_wconf 66' lang='grc' dir='ltr'>δυνατὸς</span> 
     </span>
    </p>
   </div>
   <div class='ocr_carea' id='block_1_54' title="bbox 2165 1366 3687 1438">
    <p class='ocr_par' dir='ltr' id='par_1_54' title="bbox 2165 1366 3687 1438">
     <span class='ocr_line' id='line_1_54' title="bbox 2165 1366 3687 1438; baseline -0.003 -14"><span class='ocrx_word' id='word_1_383' title='bbox 2165 1369 2404 1424; x_wconf 85' lang='grc' dir='ltr'>κωλῦσαι</span> <span class='ocrx_word' id='word_1_384' title='bbox 2434 1369 2524 1423; x_wconf 74' lang='grc' dir='ltr'>τὸν</span> <span class='ocrx_word' id='word_1_385' title='bbox 2554 1368 2686 1421; x_wconf 84' lang='grc' dir='ltr'>Θεόν</span> <span class='ocrx_word' id='word_1_386' title='bbox 2712 1386 2726 1435; x_wconf 91' lang='grc'>;</span> <span class='ocrx_word' id='word_1_387' title='bbox 2764 1367 3124 1432; x_wconf 81' lang='grc' dir='ltr'>Ἀκούσαντες</span> <span class='ocrx_word' id='word_1_388' title='bbox 3148 1367 3203 1421; x_wconf 76' lang='grc' dir='ltr'>δὲ</span> <span class='ocrx_word' id='word_1_389' title='bbox 3233 1367 3404 1420; x_wconf 86' lang='grc' dir='ltr'>ταῦτα</span> <span class='ocrx_word' id='word_1_390' title='bbox 3432 1366 3687 1438; x_wconf 74' lang='grc' dir='ltr'>ἡσύχασαν,</span> 
     </span>
    </p>
   </div>
   <div class='ocr_carea' id='block_1_55' title="bbox 2164 1458 3690 1527">
    <p class='ocr_par' dir='ltr' id='par_1_55' title="bbox 2164 1458 3690 1527">
     <span class='ocr_line' id='line_1_55' title="bbox 2164 1458 3690 1527; baseline -0.003 -13"><span class='ocrx_word' id='word_1_391' title='bbox 2164 1464 2256 1514; x_wconf 70' lang='grc' dir='ltr'><strong>καὶ</strong></span> <span class='ocrx_word' id='word_1_392' title='bbox 2308 1459 2566 1524; x_wconf 72' lang='grc' dir='ltr'>ἐδόξασαν</span> <span class='ocrx_word' id='word_1_393' title='bbox 2611 1461 2702 1513; x_wconf 75' lang='grc' dir='ltr'><strong>τὸν</strong></span> <span class='ocrx_word' id='word_1_394' title='bbox 2738 1458 2870 1512; x_wconf 74' lang='grc' dir='ltr'>Θεὸν</span> <span class='ocrx_word' id='word_1_395' title='bbox 2913 1459 3205 1527; x_wconf 66' lang='grc' dir='ltr'>λέγοντεςι</span> <span class='ocrx_word' id='word_1_396' title='bbox 3235 1460 3444 1525; x_wconf 84' lang='grc' dir='ltr'>’Λραγε</span> <span class='ocrx_word' id='word_1_397' title='bbox 3480 1459 3565 1512; x_wconf 70' lang='grc' dir='ltr'><strong>καὶ</strong></span> <span class='ocrx_word' id='word_1_398' title='bbox 3608 1461 3690 1522; x_wconf 77' lang='grc' dir='ltr'>τοῖς</span> 
     </span>
    </p>
   </div>
   <div class='ocr_carea' id='block_1_56' title="bbox 2163 1550 3514 1623">
    <p class='ocr_par' dir='ltr' id='par_1_56' title="bbox 2163 1550 3514 1623">
     <span class='ocr_line' id='line_1_56' title="bbox 2163 1550 3514 1623; baseline -0.001 -18"><span class='ocrx_word' id='word_1_399' title='bbox 2163 1552 2370 1607; x_wconf 75' lang='grc' dir='ltr'>ἔθνεσιν</span> <span class='ocrx_word' id='word_1_400' title='bbox 2397 1552 2566 1607; x_wconf 78' lang='grc' dir='ltr'>ἔδωκε</span> <span class='ocrx_word' id='word_1_401' title='bbox 2588 1552 2685 1621; x_wconf 82' lang='grc' dir='ltr'>τὴν</span> <span class='ocrx_word' id='word_1_402' title='bbox 2712 1552 3009 1623; x_wconf 82' lang='grc' dir='ltr'>μετάνοιαν</span> <span class='ocrx_word' id='word_1_403' title='bbox 3032 1552 3059 1603; x_wconf 88' lang='lat'><strong>6</strong></span> <span class='ocrx_word' id='word_1_404' title='bbox 3083 1550 3214 1615; x_wconf 74' lang='grc' dir='ltr'>Θεδς</span> <span class='ocrx_word' id='word_1_405' title='bbox 3235 1553 3315 1615; x_wconf 85' lang='grc' dir='ltr'>εἰς</span> <span class='ocrx_word' id='word_1_406' title='bbox 3346 1551 3514 1621; x_wconf 73' lang='grc' dir='ltr'>ζωήν.</span> 
     </span>
    </p>
   </div>
   <div class='ocr_carea' id='block_1_57' title="bbox 2506 1643 3374 1717">
    <p class='ocr_par' dir='ltr' id='par_1_57' title="bbox 2506 1643 3374 1717">
     <span class='ocr_line' id='line_1_57' title="bbox 2506 1643 3374 1717; baseline -0.001 -18"><span class='ocrx_word' id='word_1_407' title='bbox 2506 1647 2587 1714; x_wconf 78' lang='grc' dir='ltr'><strong>Τῇ</strong></span> <span class='ocrx_word' id='word_1_408' title='bbox 2610 1647 2862 1717; x_wconf 82' lang='grc' dir='ltr'>Κυριακῇ</span> <span class='ocrx_word' id='word_1_409' title='bbox 2887 1646 2984 1713; x_wconf 80' lang='grc' dir='ltr'>τῆς</span> <span class='ocrx_word' id='word_1_410' title='bbox 3001 1651 3039 1697; x_wconf 88' lang='grc' dir='ltr'>ε’</span> <span class='ocrx_word' id='word_1_411' title='bbox 3063 1643 3374 1713; x_wconf 79' lang='grc' dir='ltr'>ἑϐδομάδος.</span> 
     </span>
    </p>
   </div>
   <div class='ocr_carea' id='block_1_58' title="bbox 2795 1734 3183 1790">
    <p class='ocr_par' dir='ltr' id='par_1_58' title="bbox 2795 1734 3183 1790">
     <span class='ocr_line' id='line_1_58' title="bbox 2795 1734 3183 1790; baseline 0 -1"><span class='ocrx_word' id='word_1_412' title='bbox 2795 1734 3183 1790; x_wconf 82' lang='grc' dir='ltr'><strong>ΚΕΙΜΕΝΟΝ.</strong></span> 
     </span>
    </p>
   </div>
   <div class='ocr_carea' id='block_1_59' title="bbox 2231 1823 3688 1898">
    <p class='ocr_par' dir='ltr' id='par_1_59' title="bbox 2231 1823 3688 1898">
     <span class='ocr_line' id='line_1_59' title="bbox 2231 1823 3688 1898; baseline -0.002 -17"><span class='ocrx_word' id='word_1_413' title='bbox 2231 1830 2295 1881; x_wconf 78' lang='lat' dir='ltr'><strong>Ol</strong></span> <span class='ocrx_word' id='word_1_414' title='bbox 2354 1827 2456 1898; x_wconf 80' lang='grc' dir='ltr'><strong>μὲν</strong></span> <span class='ocrx_word' id='word_1_415' title='bbox 2497 1823 2590 1882; x_wconf 76' lang='grc' dir='ltr'><strong>οὖν</strong></span> <span class='ocrx_word' id='word_1_416' title='bbox 2630 1826 3024 1898; x_wconf 79' lang='grc' dir='ltr'>διασπαρέντες</span> <span class='ocrx_word' id='word_1_417' title='bbox 3053 1826 3160 1880; x_wconf 79' lang='grc' dir='ltr'>ἀπὸ</span> <span class='ocrx_word' id='word_1_418' title='bbox 3214 1829 3312 1897; x_wconf 79' lang='grc' dir='ltr'>τῆς</span> <span class='ocrx_word' id='word_1_419' title='bbox 3371 1825 3588 1895; x_wconf 74' lang='grc' dir='ltr'>θλίψεως</span> <span class='ocrx_word' id='word_1_420' title='bbox 3611 1826 3688 1894; x_wconf 76' lang='grc' dir='ltr'>τῆς</span> 
     </span>
    </p>
   </div>
   <div class='ocr_carea' id='block_1_60' title="bbox 2035 1918 3687 1994">
    <p class='ocr_par' dir='ltr' id='par_1_60' title="bbox 2035 1918 3687 1994">
     <span class='ocr_line' id='line_1_60' title="bbox 2035 1918 3687 1994; baseline -0.002 -20"><span class='ocrx_word' id='word_1_421' title='bbox 2035 1981 2060 1991; x_wconf 92' lang='lat'>_</span> <span class='ocrx_word' id='word_1_422' title='bbox 2095 1920 2137 1974; x_wconf 84' lang='grc' dir='ltr'><strong>Β</strong></span> <span class='ocrx_word' id='word_1_423' title='bbox 2166 1923 2466 1994; x_wconf 79' lang='grc' dir='ltr'>γενομένης</span> <span class='ocrx_word' id='word_1_424' title='bbox 2490 1922 2584 1975; x_wconf 77' lang='grc' dir='ltr'><strong>ἐπὶ</strong></span> <span class='ocrx_word' id='word_1_425' title='bbox 2623 1922 2905 1992; x_wconf 81' lang='grc' dir='ltr'>Στεφάνῳ,</span> <span class='ocrx_word' id='word_1_426' title='bbox 2941 1918 3156 1988; x_wconf 72' lang='grc' dir='ltr'>διῆλθον</span> <span class='ocrx_word' id='word_1_427' title='bbox 3184 1919 3289 1983; x_wconf 73' lang='grc' dir='ltr'><strong>ἕως</strong></span> <span class='ocrx_word' id='word_1_428' title='bbox 3323 1919 3583 1985; x_wconf 80' lang='grc' dir='ltr'>Φοινίκης,</span> <span class='ocrx_word' id='word_1_429' title='bbox 3617 1918 3687 1971; x_wconf 77' lang='grc' dir='ltr'>καὶ</span> 
     </span>
    </p>
   </div>
   <div class='ocr_carea' id='block_1_61' title="bbox 2160 2009 3687 2088">
    <p class='ocr_par' dir='ltr' id='par_1_61' title="bbox 2160 2009 3687 2088">
     <span class='ocr_line' id='line_1_61' title="bbox 2160 2009 3687 2088; baseline -0.006 -17"><span class='ocrx_word' id='word_1_430' title='bbox 2160 2016 2412 2088; x_wconf 81' lang='grc' dir='ltr'>Κύπρου,</span> <span class='ocrx_word' id='word_1_431' title='bbox 2438 2014 2531 2068; x_wconf 80' lang='grc' dir='ltr'>καὶ</span> <span class='ocrx_word' id='word_1_432' title='bbox 2574 2013 2929 2084; x_wconf 80' lang='grc' dir='ltr'>Ἀντιοχείας,</span> <span class='ocrx_word' id='word_1_433' title='bbox 2969 2010 3157 2082; x_wconf 76' lang='grc' dir='ltr'>μηδενὶ</span> <span class='ocrx_word' id='word_1_434' title='bbox 3192 2009 3475 2073; x_wconf 78' lang='grc' dir='ltr'>λαλοῦντες</span> <span class='ocrx_word' id='word_1_435' title='bbox 3507 2011 3591 2063; x_wconf 75' lang='grc' dir='ltr'>τὸν</span> <span class='ocrx_word' id='word_1_436' title='bbox 3616 2010 3687 2063; x_wconf 67' lang='lat'><strong>2.6-</strong></span> 
     </span>
    </p>
   </div>
   <div class='ocr_carea' id='block_1_62' title="bbox 2158 2101 3687 2181">
    <p class='ocr_par' dir='ltr' id='par_1_62' title="bbox 2158 2101 3687 2181">
     <span class='ocr_line' id='line_1_62' title="bbox 2158 2101 3687 2181; baseline -0.005 -17"><span class='ocrx_word' id='word_1_437' title='bbox 2158 2128 2275 2181; x_wconf 91' lang='grc' dir='ltr'>γον,</span> <span class='ocrx_word' id='word_1_438' title='bbox 2310 2110 2359 2162; x_wconf 86' lang='grc' dir='ltr'><strong>εί</strong></span> <span class='ocrx_word' id='word_1_439' title='bbox 2400 2107 2473 2180; x_wconf 82' lang='grc' dir='ltr'>μὴ</span> <span class='ocrx_word' id='word_1_440' title='bbox 2502 2108 2664 2178; x_wconf 83' lang='grc' dir='ltr'>μόνον</span> <span class='ocrx_word' id='word_1_441' title='bbox 2691 2106 2987 2168; x_wconf 80' lang='grc' dir='ltr'>Ἰουδαίοις.</span> <span class='ocrx_word' id='word_1_442' title='bbox 3006 2101 3185 2158; x_wconf 83' lang='grc' dir='ltr'>Ἦσαν</span> <span class='ocrx_word' id='word_1_443' title='bbox 3212 2103 3271 2157; x_wconf 88' lang='grc' dir='ltr'><strong>δέ</strong></span> <span class='ocrx_word' id='word_1_444' title='bbox 3292 2121 3438 2168; x_wconf 88' lang='grc' dir='ltr'>τινες</span> <span class='ocrx_word' id='word_1_445' title='bbox 3462 2103 3518 2169; x_wconf 77' lang='grc' dir='ltr'>ἐξ</span> <span class='ocrx_word' id='word_1_446' title='bbox 3540 2103 3687 2156; x_wconf 77' lang='grc' dir='ltr'>αὐτῶν</span> 
     </span>
    </p>
   </div>
   <div class='ocr_carea' id='block_1_63' title="bbox 2157 2194 3687 2273">
    <p class='ocr_par' dir='ltr' id='par_1_63' title="bbox 2157 2194 3687 2273">
     <span class='ocr_line' id='line_1_63' title="bbox 2157 2194 3687 2273; baseline -0.008 -16"><span class='ocrx_word' id='word_1_447' title='bbox 2157 2203 2349 2273; x_wconf 78' lang='grc' dir='ltr'>ἄνδρες</span> <span class='ocrx_word' id='word_1_448' title='bbox 2416 2202 2657 2272; x_wconf 85' lang='grc' dir='ltr'>Κύπριοι</span> <span class='ocrx_word' id='word_1_449' title='bbox 2724 2200 2820 2254; x_wconf 74' lang='grc' dir='ltr'><strong>καὶ</strong></span> <span class='ocrx_word' id='word_1_450' title='bbox 2894 2198 3233 2270; x_wconf 77' lang='grc' dir='ltr'><strong>Κυρηναῖοι⁸</strong></span> <span class='ocrx_word' id='word_1_451' title='bbox 3293 2196 3491 2260; x_wconf 71' lang='grc' dir='ltr'>οἵτινες</span> <span class='ocrx_word' id='word_1_452' title='bbox 3548 2194 3687 2247; x_wconf 71' lang='lat' dir='ltr'><strong>claei.-</strong></span> 
     </span>
    </p>
   </div>
   <div class='ocr_carea' id='block_1_64' title="bbox 2157 2286 3662 2361">
    <p class='ocr_par' dir='ltr' id='par_1_64' title="bbox 2157 2286 3662 2361">
     <span class='ocr_line' id='line_1_64' title="bbox 2157 2286 3662 2361; baseline -0.008 -12"><span class='ocrx_word' id='word_1_453' title='bbox 2157 2295 2341 2359; x_wconf 86' lang='grc' dir='ltr'>θόντες</span> <span class='ocrx_word' id='word_1_454' title='bbox 2395 2295 2474 2356; x_wconf 87' lang='grc' dir='ltr'><strong>είς</strong></span> <span class='ocrx_word' id='word_1_455' title='bbox 2518 2291 2854 2361; x_wconf 84' lang='grc' dir='ltr'>Ἀντιόχειαν</span> <span class='ocrx_word' id='word_1_456' title='bbox 2881 2288 3102 2345; x_wconf 72' lang='grc' dir='ltr'>ιλάλουν</span> <span class='ocrx_word' id='word_1_457' title='bbox 3157 2286 3296 2359; x_wconf 77' lang='grc' dir='ltr'>πρὸς</span> <span class='ocrx_word' id='word_1_458' title='bbox 3352 2287 3477 2349; x_wconf 66' lang='grc' dir='ltr'>τοὺς</span> <span class='ocrx_word' id='word_1_459' title='bbox 3535 2286 3662 2355; x_wconf 77' lang='grc' dir='ltr'>Ἕλλη</span> 
     </span>
    </p>
   </div>
   <div class='ocr_carea' id='block_1_65' title="bbox 2156 2377 3681 2455">
    <p class='ocr_par' dir='ltr' id='par_1_65' title="bbox 2156 2377 3681 2455">
     <span class='ocr_line' id='line_1_65' title="bbox 2156 2377 3681 2455; baseline -0.007 -14"><span class='ocrx_word' id='word_1_460' title='bbox 2156 2388 2361 2452; x_wconf 81' lang='grc' dir='ltr'>νιστὰς,</span> <span class='ocrx_word' id='word_1_461' title='bbox 2415 2383 2893 2455; x_wconf 81' lang='grc' dir='ltr'>εὐαγγελιζόμενοι</span> <span class='ocrx_word' id='word_1_462' title='bbox 2935 2381 3028 2435; x_wconf 80' lang='grc' dir='ltr'><strong>τὸν</strong></span> <span class='ocrx_word' id='word_1_463' title='bbox 3092 2379 3298 2451; x_wconf 79' lang='grc' dir='ltr'>Κύριον</span> <span class='ocrx_word' id='word_1_464' title='bbox 3349 2377 3567 2449; x_wconf 85' lang='grc' dir='ltr'>Ἰησοῦν.</span> <span class='ocrx_word' id='word_1_465' title='bbox 3596 2380 3681 2430; x_wconf 67' lang='grc' dir='ltr'>Καὶ.</span> 
     </span>
    </p>
   </div>
   <div class='ocr_carea' id='block_1_66' title="bbox 2152 2470 3685 2549">
    <p class='ocr_par' dir='ltr' id='par_1_66' title="bbox 2152 2470 3685 2549">
     <span class='ocr_line' id='line_1_66' title="bbox 2152 2470 3685 2549; baseline -0.005 -19"><span class='ocrx_word' id='word_1_466' title='bbox 2152 2474 2221 2549; x_wconf 78' lang='grc' dir='ltr'>ἦν</span> <span class='ocrx_word' id='word_1_467' title='bbox 2271 2478 2393 2549; x_wconf 68' lang='grc' dir='ltr'>χεὶρ</span> <span class='ocrx_word' id='word_1_468' title='bbox 2449 2476 2654 2547; x_wconf 79' lang='grc' dir='ltr'>Κυρίου</span> <span class='ocrx_word' id='word_1_469' title='bbox 2716 2475 2847 2546; x_wconf 81' lang='grc' dir='ltr'>μετ’</span> <span class='ocrx_word' id='word_1_470' title='bbox 2896 2472 3116 2530; x_wconf 56' lang='grc' dir='ltr'>αὐτῶν</span> <span class='ocrx_word' id='word_1_471' title='bbox 3172 2470 3342 2534; x_wconf 86' lang='grc' dir='ltr'>πολύς</span> <span class='ocrx_word' id='word_1_472' title='bbox 3388 2488 3447 2524; x_wconf 87' lang='grc' dir='ltr'><strong>τε</strong></span> <span class='ocrx_word' id='word_1_473' title='bbox 3494 2471 3685 2542; x_wconf 70' lang='grc' dir='ltr'>ἀριθμὸς</span> 
     </span>
    </p>
   </div>
   <div class='ocr_carea' id='block_1_67' title="bbox 2155 2563 3681 2639">
    <p class='ocr_par' dir='ltr' id='par_1_67' title="bbox 2155 2563 3681 2639">
     <span class='ocr_line' id='line_1_67' title="bbox 2155 2563 3681 2639; baseline -0.005 -15"><span class='ocrx_word' id='word_1_474' title='bbox 2155 2570 2472 2634; x_wconf 79' lang='grc' dir='ltr'>πιστεύσας,</span> <span class='ocrx_word' id='word_1_475' title='bbox 2520 2568 2857 2639; x_wconf 76' lang='grc' dir='ltr'>ἐπέστρεψεν</span> <span class='ocrx_word' id='word_1_476' title='bbox 2884 2568 2976 2621; x_wconf 71' lang='grc' dir='ltr'><strong>ἐπὶ</strong></span> <span class='ocrx_word' id='word_1_477' title='bbox 3005 2566 3095 2620; x_wconf 70' lang='grc' dir='ltr'>τὸν</span> <span class='ocrx_word' id='word_1_478' title='bbox 3125 2565 3364 2632; x_wconf 85' lang='grc' dir='ltr'>Κύριον·</span> <span class='ocrx_word' id='word_1_479' title='bbox 3401 2563 3618 2635; x_wconf 70' lang='grc' dir='ltr'>ἠκούσθη</span> <span class='ocrx_word' id='word_1_480' title='bbox 3639 2564 3681 2618; x_wconf 79' lang='grc' dir='ltr'>δὲ</span> 
     </span>
    </p>
   </div>
   <div class='ocr_carea' id='block_1_68' title="bbox 2152 2656 3679 2733">
    <p class='ocr_par' dir='ltr' id='par_1_68' title="bbox 2152 2656 3679 2733">
     <span class='ocr_line' id='line_1_68' title="bbox 2152 2656 3679 2733; baseline -0.006 -15"><span class='ocrx_word' id='word_1_481' title='bbox 2152 2666 2182 2718; x_wconf 91' lang='lat'><strong>6</strong></span> <span class='ocrx_word' id='word_1_482' title='bbox 2201 2664 2357 2733; x_wconf 86' lang='grc' dir='ltr'>λόγος</span> <span class='ocrx_word' id='word_1_483' title='bbox 2387 2664 2468 2727; x_wconf 79' lang='grc' dir='ltr'>εἰς</span> <span class='ocrx_word' id='word_1_484' title='bbox 2493 2662 2560 2716; x_wconf 76' lang='grc' dir='ltr'><strong>τὰ</strong></span> <span class='ocrx_word' id='word_1_485' title='bbox 2589 2656 2703 2716; x_wconf 81' lang='grc' dir='ltr'>ὦτα</span> <span class='ocrx_word' id='word_1_486' title='bbox 2736 2664 2835 2733; x_wconf 79' lang='grc' dir='ltr'><strong>τῆς</strong></span> <span class='ocrx_word' id='word_1_487' title='bbox 2892 2659 3218 2728; x_wconf 78' lang='grc' dir='ltr'>Ἑκκλησξας</span> <span class='ocrx_word' id='word_1_488' title='bbox 3248 2659 3349 2728; x_wconf 83' lang='grc' dir='ltr'>τῆς</span> <span class='ocrx_word' id='word_1_489' title='bbox 3378 2660 3435 2711; x_wconf 79' lang='grc' dir='ltr'>ὲν</span> <span class='ocrx_word' id='word_1_490' title='bbox 3494 2657 3679 2727; x_wconf 80' lang='grc' dir='ltr'>Ἰεροσο-</span> 
     </span>
    </p>
   </div>
   <div class='ocr_carea' id='block_1_69' title="bbox 2152 2748 3681 2827">
    <p class='ocr_par' dir='ltr' id='par_1_69' title="bbox 2152 2748 3681 2827">
     <span class='ocr_line' id='line_1_69' title="bbox 2152 2748 3681 2827; baseline -0.007 -17"><span class='ocrx_word' id='word_1_491' title='bbox 2152 2757 2345 2827; x_wconf 79' lang='grc' dir='ltr'>λύμοις</span> <span class='ocrx_word' id='word_1_492' title='bbox 2380 2757 2508 2825; x_wconf 86' lang='grc' dir='ltr'>περὶ</span> <span class='ocrx_word' id='word_1_493' title='bbox 2543 2754 2725 2809; x_wconf 83' lang='grc' dir='ltr'>αὐτῶν</span> <span class='ocrx_word' id='word_1_494' title='bbox 2750 2772 2764 2786; x_wconf 79' lang='grc' dir='ltr'><strong>ο</strong></span> <span class='ocrx_word' id='word_1_495' title='bbox 2795 2751 2888 2807; x_wconf 79' lang='grc' dir='ltr'>καὶ</span> <span class='ocrx_word' id='word_1_496' title='bbox 2912 2750 3239 2806; x_wconf 75' lang='grc' dir='ltr'>ἀπέστειλαν</span> <span class='ocrx_word' id='word_1_497' title='bbox 3272 2749 3550 2824; x_wconf 73' lang='grc' dir='ltr'>Βαρνάδαν</span> <span class='ocrx_word' id='word_1_498' title='bbox 3573 2748 3681 2802; x_wconf 79' lang='grc' dir='ltr'>διελ-</span> 
     </span>
    </p>
   </div>
   <div class='ocr_carea' id='block_1_70' title="bbox 2154 2837 3682 2918">
    <p class='ocr_par' dir='ltr' id='par_1_70' title="bbox 2154 2837 3682 2918">
     <span class='ocr_line' id='line_1_70' title="bbox 2154 2837 3682 2918; baseline -0.008 -15"><span class='ocrx_word' id='word_1_499' title='bbox 2154 2850 2268 2903; x_wconf 83' lang='grc' dir='ltr'>θεῖν</span> <span class='ocrx_word' id='word_1_500' title='bbox 2287 2848 2394 2912; x_wconf 80' lang='grc' dir='ltr'><strong>ἒως</strong></span> <span class='ocrx_word' id='word_1_501' title='bbox 2422 2845 2772 2918; x_wconf 80' lang='grc' dir='ltr'>Ἀντιοχείας.</span> <span class='ocrx_word' id='word_1_502' title='bbox 2821 2840 2921 2907; x_wconf 81' lang='grc' dir='ltr'>Ὃς</span> <span class='ocrx_word' id='word_1_503' title='bbox 2961 2841 3426 2914; x_wconf 86' lang='grc' dir='ltr'>παραγενόμενος,</span> <span class='ocrx_word' id='word_1_504' title='bbox 3460 2841 3543 2895; x_wconf 76' lang='grc' dir='ltr'><strong>καὶ</strong></span> <span class='ocrx_word' id='word_1_505' title='bbox 3585 2837 3682 2893; x_wconf 73' lang='grc' dir='ltr'>ἰδὼν</span> 
     </span>
    </p>
   </div>
   <div class='ocr_carea' id='block_1_71' title="bbox 2151 2933 3683 3015">
    <p class='ocr_par' dir='ltr' id='par_1_71' title="bbox 2151 2933 3683 3015">
     <span class='ocr_line' id='line_1_71' title="bbox 2151 2933 3683 3015; baseline -0.008 -18"><span class='ocrx_word' id='word_1_506' title='bbox 2151 2942 2254 3015; x_wconf 77' lang='grc' dir='ltr'><strong>τὴν</strong></span> <span class='ocrx_word' id='word_1_507' title='bbox 2286 2940 2451 3013; x_wconf 80' lang='grc' dir='ltr'>χάριν</span> <span class='ocrx_word' id='word_1_508' title='bbox 2477 2939 2574 2993; x_wconf 87' lang='grc' dir='ltr'><strong>τοῦ</strong></span> <span class='ocrx_word' id='word_1_509' title='bbox 2624 2936 2784 3005; x_wconf 82' lang='grc' dir='ltr'>Θεοῦ,</span> <span class='ocrx_word' id='word_1_510' title='bbox 2824 2935 2997 3006; x_wconf 76' lang='grc' dir='ltr'>ἐχάρη</span> <span class='ocrx_word' id='word_1_511' title='bbox 3029 2951 3044 2966; x_wconf 89' lang='grc'><strong>·</strong></span> <span class='ocrx_word' id='word_1_512' title='bbox 3069 2933 3373 3005; x_wconf 82' lang='grc' dir='ltr'>παρεκάλει</span> <span class='ocrx_word' id='word_1_513' title='bbox 3403 2950 3461 2987; x_wconf 86' lang='grc' dir='ltr'><strong>τε</strong></span> <span class='ocrx_word' id='word_1_514' title='bbox 3512 2934 3683 2994; x_wconf 78' lang='grc' dir='ltr'>πάντας</span> 
     </span>
    </p>
   </div>
   <div class='ocr_carea' id='block_1_72' title="bbox 2149 3022 3681 3106">
    <p class='ocr_par' dir='ltr' id='par_1_72' title="bbox 2149 3022 3681 3106">
     <span class='ocr_line' id='line_1_72' title="bbox 2149 3022 3681 3106; baseline -0.008 -19"><span class='ocrx_word' id='word_1_515' title='bbox 2149 3036 2217 3106; x_wconf 74' lang='grc' dir='ltr'>τῇ</span> <span class='ocrx_word' id='word_1_516' title='bbox 2256 3030 2515 3104; x_wconf 79' lang='grc' dir='ltr'>προθέσει</span> <span class='ocrx_word' id='word_1_517' title='bbox 2560 3029 2656 3097; x_wconf 84' lang='grc' dir='ltr'>τῆς</span> <span class='ocrx_word' id='word_1_518' title='bbox 2707 3026 2937 3098; x_wconf 78' lang='grc' dir='ltr'>καρδίας</span> <span class='ocrx_word' id='word_1_519' title='bbox 2984 3024 3311 3096; x_wconf 80' lang='grc' dir='ltr'>προσμένειν</span> <span class='ocrx_word' id='word_1_520' title='bbox 3368 3023 3447 3093; x_wconf 81' lang='grc' dir='ltr'>τῷ</span> <span class='ocrx_word' id='word_1_521' title='bbox 3491 3022 3681 3093; x_wconf 74' lang='grc' dir='ltr'>Κυρίῳο</span> 
     </span>
    </p>
   </div>
   <div class='ocr_carea' id='block_1_73' title="bbox 2150 3114 3684 3196">
    <p class='ocr_par' dir='ltr' id='par_1_73' title="bbox 2150 3114 3684 3196">
     <span class='ocr_line' id='line_1_73' title="bbox 2150 3114 3684 3196; baseline -0.008 -17"><span class='ocrx_word' id='word_1_522' title='bbox 2150 3126 2233 3180; x_wconf 80' lang='grc' dir='ltr'>ὅτι</span> <span class='ocrx_word' id='word_1_523' title='bbox 2264 3120 2333 3196; x_wconf 74' lang='grc' dir='ltr'>ἣν</span> <span class='ocrx_word' id='word_1_524' title='bbox 2389 3121 2529 3191; x_wconf 79' lang='grc' dir='ltr'>ἀνὴρ</span> <span class='ocrx_word' id='word_1_525' title='bbox 2579 3119 2785 3187; x_wconf 82' lang='grc' dir='ltr'>ἀγαθὸς</span> <span class='ocrx_word' id='word_1_526' title='bbox 2809 3118 2903 3172; x_wconf 71' lang='grc' dir='ltr'><strong>καὶ</strong></span> <span class='ocrx_word' id='word_1_527' title='bbox 2955 3117 3169 3188; x_wconf 84' lang='grc' dir='ltr'>πλήρης</span> <span class='ocrx_word' id='word_1_528' title='bbox 3209 3116 3517 3185; x_wconf 84' lang='grc' dir='ltr'>Πνεύματος</span> <span class='ocrx_word' id='word_1_529' title='bbox 3556 3114 3684 3182; x_wconf 78' lang='grc' dir='ltr'>ἁγίου</span> 
     </span>
    </p>
   </div>
   <div class='ocr_carea' id='block_1_74' title="bbox 2151 3204 3682 3281">
    <p class='ocr_par' dir='ltr' id='par_1_74' title="bbox 2151 3204 3682 3281">
     <span class='ocr_line' id='line_1_74' title="bbox 2151 3204 3682 3281; baseline -0.01 -9"><span class='ocrx_word' id='word_1_530' title='bbox 2151 3216 2246 3272; x_wconf 74' lang='grc' dir='ltr'><strong>καὶ</strong></span> <span class='ocrx_word' id='word_1_531' title='bbox 2276 3214 2529 3276; x_wconf 86' lang='grc' dir='ltr'>πίστεως.</span> <span class='ocrx_word' id='word_1_532' title='bbox 2554 3211 2666 3266; x_wconf 66' lang='grc' dir='ltr'>Καὶ</span> <span class='ocrx_word' id='word_1_533' title='bbox 2694 3208 2997 3281; x_wconf 82' lang='grc' dir='ltr'>προσετέθη</span> <span class='ocrx_word' id='word_1_534' title='bbox 3024 3207 3182 3279; x_wconf 77' lang='grc' dir='ltr'>δχλος</span> <span class='ocrx_word' id='word_1_535' title='bbox 3203 3207 3386 3271; x_wconf 75' lang='grc' dir='ltr'>ἱκανὸς</span> <span class='ocrx_word' id='word_1_536' title='bbox 3417 3205 3492 3276; x_wconf 81' lang='grc' dir='ltr'>τῷ</span> <span class='ocrx_word' id='word_1_537' title='bbox 3508 3204 3682 3273; x_wconf 81' lang='grc' dir='ltr'>Κυρίῳ.</span> 
     </span>
    </p>
   </div>
   <div class='ocr_carea' id='block_1_75' title="bbox 2168 3294 3684 3380">
    <p class='ocr_par' dir='ltr' id='par_1_75' title="bbox 2168 3294 3684 3380">
     <span class='ocr_line' id='line_1_75' title="bbox 2168 3294 3684 3380; baseline -0.011 -17"><span class='ocrx_word' id='word_1_538' title='bbox 2168 3307 2390 3380; x_wconf 81' lang='grc' dir='ltr'>Ἔξῆλθε</span> <span class='ocrx_word' id='word_1_539' title='bbox 2412 3305 2469 3359; x_wconf 69' lang='grc' dir='ltr'>δὲ</span> <span class='ocrx_word' id='word_1_540' title='bbox 2497 3306 2576 3368; x_wconf 75' lang='grc' dir='ltr'><strong>είς</strong></span> <span class='ocrx_word' id='word_1_541' title='bbox 2602 3303 2816 3375; x_wconf 74' lang='grc' dir='ltr'>Ταρσὸν</span> <span class='ocrx_word' id='word_1_542' title='bbox 2850 3304 2879 3355; x_wconf 91' lang='lat'><strong>6</strong></span> <span class='ocrx_word' id='word_1_543' title='bbox 2906 3299 3193 3373; x_wconf 86' lang='grc' dir='ltr'>Βαρνάϐας</span> <span class='ocrx_word' id='word_1_544' title='bbox 3221 3298 3548 3371; x_wconf 72' lang='grc' dir='ltr'>ἀναζητῆσαι</span> <span class='ocrx_word' id='word_1_545' title='bbox 3572 3294 3684 3349; x_wconf 66' lang='grc' dir='ltr'>Σοῦς</span> 
     </span>
    </p>
   </div>
   <div class='ocr_carea' id='block_1_76' title="bbox 2154 3391 3681 3470">
    <p class='ocr_par' dir='ltr' id='par_1_76' title="bbox 2154 3391 3681 3470">
     <span class='ocr_line' id='line_1_76' title="bbox 2154 3391 3681 3470; baseline -0.009 -15"><span class='ocrx_word' id='word_1_546' title='bbox 2154 3401 2246 3455; x_wconf 86' lang='grc' dir='ltr'><strong>λον</strong></span> <span class='ocrx_word' id='word_1_547' title='bbox 2269 3417 2285 3433; x_wconf 78' lang='grc' dir='ltr'><strong>ο</strong></span> <span class='ocrx_word' id='word_1_548' title='bbox 2317 3400 2413 3454; x_wconf 71' lang='grc' dir='ltr'>καὶ</span> <span class='ocrx_word' id='word_1_549' title='bbox 2442 3396 2616 3470; x_wconf 81' lang='grc' dir='ltr'>εὑρὼν</span> <span class='ocrx_word' id='word_1_550' title='bbox 2637 3395 2825 3458; x_wconf 68' lang='grc' dir='ltr'>αὐτὸν,</span> <span class='ocrx_word' id='word_1_551' title='bbox 2844 3395 3051 3465; x_wconf 78' lang='grc' dir='ltr'>ἢγαγεν</span> <span class='ocrx_word' id='word_1_552' title='bbox 3072 3392 3234 3447; x_wconf 82' lang='grc' dir='ltr'>αὐτὸν</span> <span class='ocrx_word' id='word_1_553' title='bbox 3270 3393 3351 3456; x_wconf 81' lang='grc' dir='ltr'><strong>είς</strong></span> <span class='ocrx_word' id='word_1_554' title='bbox 3368 3391 3681 3461; x_wconf 79' lang='grc' dir='ltr'>’Δντιόχειαν.</span> 
     </span>
    </p>
   </div>
   <div class='ocr_carea' id='block_1_77' title="bbox 2156 3483 3680 3560">
    <p class='ocr_par' dir='ltr' id='par_1_77' title="bbox 2156 3483 3680 3560">
     <span class='ocr_line' id='line_1_77' title="bbox 2156 3483 3680 3560; baseline -0.008 -14"><span class='ocrx_word' id='word_1_555' title='bbox 2156 3492 2414 3560; x_wconf 85' lang='grc' dir='ltr'>Ἐγένετο</span> <span class='ocrx_word' id='word_1_556' title='bbox 2448 3491 2505 3544; x_wconf 75' lang='grc' dir='ltr'>δὲ</span> <span class='ocrx_word' id='word_1_557' title='bbox 2541 3490 2740 3552; x_wconf 75' lang='grc' dir='ltr'>αὐτοὺς</span> <span class='ocrx_word' id='word_1_558' title='bbox 2766 3487 3011 3541; x_wconf 70' lang='grc' dir='ltr'>ἐνιαυτὸν</span> <span class='ocrx_word' id='word_1_559' title='bbox 3040 3488 3162 3541; x_wconf 82' lang='grc' dir='ltr'>δλον</span> <span class='ocrx_word' id='word_1_560' title='bbox 3195 3485 3519 3558; x_wconf 77' lang='grc' dir='ltr'>συναχθῆναι</span> <span class='ocrx_word' id='word_1_561' title='bbox 3560 3483 3680 3551; x_wconf 72' lang='grc' dir='ltr'>ἐντῇ</span> 
     </span>
    </p>
   </div>
   <div class='ocr_carea' id='block_1_78' title="bbox 2166 3576 3683 3654">
    <p class='ocr_par' dir='ltr' id='par_1_78' title="bbox 2166 3576 3683 3654">
     <span class='ocr_line' id='line_1_78' title="bbox 2166 3576 3683 3654; baseline -0.009 -16"><span class='ocrx_word' id='word_1_562' title='bbox 2166 3582 2485 3654; x_wconf 74' lang='grc' dir='ltr'>Ἐκκλησία,</span> <span class='ocrx_word' id='word_1_563' title='bbox 2508 3581 2604 3635; x_wconf 76' lang='grc' dir='ltr'><strong>καὶ</strong></span> <span class='ocrx_word' id='word_1_564' title='bbox 2631 3580 2839 3647; x_wconf 77' lang='grc' dir='ltr'>διδάξαι</span> <span class='ocrx_word' id='word_1_565' title='bbox 2868 3578 3029 3649; x_wconf 75' lang='grc' dir='ltr'>ὄχλον</span> <span class='ocrx_word' id='word_1_566' title='bbox 3060 3578 3269 3644; x_wconf 74' lang='grc' dir='ltr'>ἱκανὸν,</span> <span class='ocrx_word' id='word_1_567' title='bbox 3303 3576 3619 3649; x_wconf 82' lang='grc' dir='ltr'>χρηματίσαι</span> <span class='ocrx_word' id='word_1_568' title='bbox 3635 3589 3683 3625; x_wconf 83' lang='grc' dir='ltr'><strong>τε</strong></span> 
     </span>
    </p>
   </div>
   <div class='ocr_carea' id='block_1_79' title="bbox 2153 3665 3681 3747">
    <p class='ocr_par' dir='ltr' id='par_1_79' title="bbox 2153 3665 3681 3747">
     <span class='ocr_line' id='line_1_79' title="bbox 2153 3665 3681 3747; baseline -0.008 -17"><span class='ocrx_word' id='word_1_569' title='bbox 2153 3677 2371 3747; x_wconf 88' lang='grc' dir='ltr'>πρῶτον</span> <span class='ocrx_word' id='word_1_570' title='bbox 2405 3675 2463 3727; x_wconf 84' lang='grc' dir='ltr'>ὲν</span> <span class='ocrx_word' id='word_1_571' title='bbox 2505 3671 2811 3743; x_wconf 77' lang='grc' dir='ltr'>’Δντιοχείᾳ</span> <span class='ocrx_word' id='word_1_572' title='bbox 2844 3672 2971 3736; x_wconf 76' lang='grc' dir='ltr'>τοὺς</span> <span class='ocrx_word' id='word_1_573' title='bbox 3035 3670 3283 3742; x_wconf 82' lang='grc' dir='ltr'>μαθητάς</span> <span class='ocrx_word' id='word_1_574' title='bbox 3341 3665 3681 3741; x_wconf 81' lang='grc' dir='ltr'>Χριστιανούς.</span> 
     </span>
    </p>
   </div>
   <div class='ocr_carea' id='block_1_80' title="bbox 2164 3755 3682 3833">
    <p class='ocr_par' dir='ltr' id='par_1_80' title="bbox 2164 3755 3682 3833">
     <span class='ocr_line' id='line_1_80' title="bbox 2164 3755 3682 3833; baseline -0.009 -12"><span class='ocrx_word' id='word_1_575' title='bbox 2164 3767 2254 3820; x_wconf 87' lang='grc' dir='ltr'>Ἐν</span> <span class='ocrx_word' id='word_1_576' title='bbox 2284 3764 2509 3826; x_wconf 84' lang='grc' dir='ltr'>ταύταις</span> <span class='ocrx_word' id='word_1_577' title='bbox 2546 3761 2603 3815; x_wconf 55' lang='grc' dir='ltr'>δὴ</span> <span class='ocrx_word' id='word_1_578' title='bbox 2648 3764 2769 3824; x_wconf 85' lang='grc' dir='ltr'>ταῖς</span> <span class='ocrx_word' id='word_1_579' title='bbox 2819 3760 3058 3833; x_wconf 58' lang='grc' dir='ltr'><strong>⁴ι’ίμέραις</strong></span> <span class='ocrx_word' id='word_1_580' title='bbox 3100 3759 3372 3832; x_wconf 81' lang='grc' dir='ltr'>κατῆλθον</span> <span class='ocrx_word' id='word_1_581' title='bbox 3410 3760 3511 3813; x_wconf 78' lang='grc' dir='ltr'><strong>άπὸ</strong></span> <span class='ocrx_word' id='word_1_582' title='bbox 3550 3755 3682 3829; x_wconf 81' lang='grc' dir='ltr'>Ἰερο-</span> 
     </span>
    </p>
   </div>
   <div class='ocr_carea' id='block_1_81' title="bbox 2155 3841 3684 3931">
    <p class='ocr_par' dir='ltr' id='par_1_81' title="bbox 2155 3841 3684 3931">
     <span class='ocr_line' id='line_1_81' title="bbox 2155 3841 3684 3931; baseline -0.012 -16"><span class='ocrx_word' id='word_1_583' title='bbox 2155 3859 2408 3931; x_wconf 88' lang='grc' dir='ltr'>σολύμων</span> <span class='ocrx_word' id='word_1_584' title='bbox 2438 3860 2519 3920; x_wconf 84' lang='grc' dir='ltr'>εἰς</span> <span class='ocrx_word' id='word_1_585' title='bbox 2556 3854 2895 3924; x_wconf 79' lang='grc' dir='ltr'>Ἀντιόχειαν</span> <span class='ocrx_word' id='word_1_586' title='bbox 2931 3853 3227 3925; x_wconf 69' lang='grc' dir='ltr'>προφῆται.</span> <span class='ocrx_word' id='word_1_587' title='bbox 3267 3850 3522 3912; x_wconf 74' lang='grc' dir='ltr'>’Λναστὰς</span> <span class='ocrx_word' id='word_1_588' title='bbox 3544 3847 3594 3900; x_wconf 81' lang='grc' dir='ltr'>δὲ</span> <span class='ocrx_word' id='word_1_589' title='bbox 3619 3841 3684 3918; x_wconf 60' lang='lat' dir='ltr'><strong>si;</strong></span> 
     </span>
    </p>
   </div>
   <div class='ocr_carea' id='block_1_82' title="bbox 2151 3937 3685 4020">
    <p class='ocr_par' dir='ltr' id='par_1_82' title="bbox 2151 3937 3685 4020">
     <span class='ocr_line' id='line_1_82' title="bbox 2151 3937 3685 4020; baseline -0.01 -13"><span class='ocrx_word' id='word_1_590' title='bbox 2151 3952 2213 4018; x_wconf 69' lang='grc' dir='ltr'>ἐξ</span> <span class='ocrx_word' id='word_1_591' title='bbox 2248 3951 2429 4007; x_wconf 78' lang='grc' dir='ltr'>αὐτῶν</span> <span class='ocrx_word' id='word_1_592' title='bbox 2459 3950 2681 4020; x_wconf 83' lang='grc' dir='ltr'>ὀνόματι</span> <span class='ocrx_word' id='word_1_593' title='bbox 2710 3946 2976 4017; x_wconf 68' lang='grc' dir='ltr'><strong>⁸Ἄγαϐος,</strong></span> <span class='ocrx_word' id='word_1_594' title='bbox 3013 3946 3256 4017; x_wconf 77' lang='grc' dir='ltr'>έσήμανε</span> <span class='ocrx_word' id='word_1_595' title='bbox 3288 3944 3376 3998; x_wconf 74' lang='grc' dir='ltr'>διὰ</span> <span class='ocrx_word' id='word_1_596' title='bbox 3410 3943 3500 3998; x_wconf 79' lang='grc' dir='ltr'><strong>τοῦ</strong></span> <span class='ocrx_word' id='word_1_597' title='bbox 3540 3937 3685 3994; x_wconf 70' lang='grc' dir='ltr'>Πνεῦ-</span> 
     </span>
    </p>
   </div>
   <div class='ocr_carea' id='block_1_83' title="bbox 2154 4028 3688 4115">
    <p class='ocr_par' dir='ltr' id='par_1_83' title="bbox 2154 4028 3688 4115">
     <span class='ocr_line' id='line_1_83' title="bbox 2154 4028 3688 4115; baseline -0.013 -17"><span class='ocrx_word' id='word_1_598' title='bbox 2154 4058 2347 4115; x_wconf 87' lang='grc' dir='ltr'>ματος,</span> <span class='ocrx_word' id='word_1_599' title='bbox 2382 4040 2541 4112; x_wconf 81' lang='grc' dir='ltr'>λιμὸν</span> <span class='ocrx_word' id='word_1_600' title='bbox 2567 4039 2739 4111; x_wconf 86' lang='grc' dir='ltr'>μέγαν</span> <span class='ocrx_word' id='word_1_601' title='bbox 2794 4035 3015 4109; x_wconf 84' lang='grc' dir='ltr'>μέλλειν</span> <span class='ocrx_word' id='word_1_602' title='bbox 3055 4034 3276 4088; x_wconf 79' lang='grc' dir='ltr'>ἔσεσθαι</span> <span class='ocrx_word' id='word_1_603' title='bbox 3332 4034 3429 4102; x_wconf 76' lang='grc' dir='ltr'><strong>ἐφ’</strong></span> <span class='ocrx_word' id='word_1_604' title='bbox 3458 4032 3576 4101; x_wconf 82' lang='grc' dir='ltr'>ὃλην</span> <span class='ocrx_word' id='word_1_605' title='bbox 3608 4028 3688 4097; x_wconf 72' lang='grc' dir='ltr'>τὴν</span> 
     </span>
    </p>
   </div>
   <div class='ocr_carea' id='block_1_84' title="bbox 2150 4122 3686 4205">
    <p class='ocr_par' dir='ltr' id='par_1_84' title="bbox 2150 4122 3686 4205">
     <span class='ocr_line' id='line_1_84' title="bbox 2150 4122 3686 4205; baseline -0.011 -16"><span class='ocrx_word' id='word_1_606' title='bbox 2150 4134 2475 4205; x_wconf 75' lang='grc' dir='ltr'>οἰκουμένην</span> <span class='ocrx_word' id='word_1_607' title='bbox 2497 4149 2513 4165; x_wconf 87' lang='grc'><strong>·</strong></span> <span class='ocrx_word' id='word_1_608' title='bbox 2545 4132 2693 4194; x_wconf 78' lang='grc' dir='ltr'>ὅστις</span> <span class='ocrx_word' id='word_1_609' title='bbox 2713 4130 2807 4183; x_wconf 72' lang='grc' dir='ltr'><strong>καὶ</strong></span> <span class='ocrx_word' id='word_1_610' title='bbox 2833 4128 3054 4198; x_wconf 75' lang='grc' dir='ltr'>ἐγένετο</span> <span class='ocrx_word' id='word_1_611' title='bbox 3085 4126 3179 4181; x_wconf 76' lang='grc' dir='ltr'><strong>ἐπὶ</strong></span> <span class='ocrx_word' id='word_1_612' title='bbox 3198 4125 3467 4181; x_wconf 88' lang='grc' dir='ltr'>Κλαυδίου</span> <span class='ocrx_word' id='word_1_613' title='bbox 3509 4122 3686 4178; x_wconf 83' lang='grc' dir='ltr'>Καίσα-</span> 
     </span>
    </p>
   </div>
   <div class='ocr_carea' id='block_1_85' title="bbox 2153 4220 3686 4305">
    <p class='ocr_par' dir='ltr' id='par_1_85' title="bbox 2153 4220 3686 4305">
     <span class='ocr_line' id='line_1_85' title="bbox 2153 4220 3686 4305; baseline -0.01 -18"><span class='ocrx_word' id='word_1_614' title='bbox 2153 4250 2263 4305; x_wconf 91' lang='grc' dir='ltr'>ρος.</span> <span class='ocrx_word' id='word_1_615' title='bbox 2295 4230 2416 4284; x_wconf 91' lang='grc' dir='ltr'>Τῶν</span> <span class='ocrx_word' id='word_1_616' title='bbox 2443 4230 2498 4284; x_wconf 80' lang='grc' dir='ltr'>δὲ</span> <span class='ocrx_word' id='word_1_617' title='bbox 2531 4227 2790 4300; x_wconf 79' lang='grc' dir='ltr'>μαθητῶν</span> <span class='ocrx_word' id='word_1_618' title='bbox 2828 4226 3012 4291; x_wconf 83' lang='grc' dir='ltr'>καθὼς</span> <span class='ocrx_word' id='word_1_619' title='bbox 3039 4224 3335 4298; x_wconf 84' lang='grc' dir='ltr'>ηὐπορεῖτό</span> <span class='ocrx_word' id='word_1_620' title='bbox 3391 4241 3472 4285; x_wconf 81' lang='grc' dir='ltr'><strong>τις</strong></span> <span class='ocrx_word' id='word_1_621' title='bbox 3508 4220 3686 4292; x_wconf 76' lang='grc' dir='ltr'>ὥρισαν</span> 
     </span>
    </p>
   </div>
   <div class='ocr_carea' id='block_1_86' title="bbox 2148 4311 3684 4389">
    <p class='ocr_par' dir='ltr' id='par_1_86' title="bbox 2148 4311 3684 4389">
     <span class='ocr_line' id='line_1_86' title="bbox 2148 4311 3684 4389; baseline -0.011 -9"><span class='ocrx_word' id='word_1_622' title='bbox 2148 4325 2381 4389; x_wconf 68' lang='grc' dir='ltr'>ἕκαστος</span> <span class='ocrx_word' id='word_1_623' title='bbox 2410 4322 2593 4377; x_wconf 81' lang='grc' dir='ltr'>αὐτῶν</span> <span class='ocrx_word' id='word_1_624' title='bbox 2627 4323 2708 4385; x_wconf 85' lang='grc' dir='ltr'><strong>είς</strong></span> <span class='ocrx_word' id='word_1_625' title='bbox 2738 4320 3019 4374; x_wconf 81' lang='grc' dir='ltr'>διακονίαν</span> <span class='ocrx_word' id='word_1_626' title='bbox 3048 4317 3265 4389; x_wconf 70' lang='grc' dir='ltr'>πέμψαι</span> <span class='ocrx_word' id='word_1_627' title='bbox 3298 4319 3411 4380; x_wconf 82' lang='grc' dir='ltr'>τοῖς</span> <span class='ocrx_word' id='word_1_628' title='bbox 3439 4311 3684 4369; x_wconf 82' lang='grc' dir='ltr'>κατοικοῦ-</span> 
     </span>
    </p>
   </div>
   <div class='ocr_carea' id='block_1_87' title="bbox 2151 4404 3684 4484">
    <p class='ocr_par' dir='ltr' id='par_1_87' title="bbox 2151 4404 3684 4484">
     <span class='ocr_line' id='line_1_87' title="bbox 2151 4404 3684 4484; baseline -0.008 -18"><span class='ocrx_word' id='word_1_629' title='bbox 2151 4430 2239 4466; x_wconf 92' lang='grc' dir='ltr'><strong>σιν</strong></span> <span class='ocrx_word' id='word_1_630' title='bbox 2270 4413 2329 4466; x_wconf 82' lang='grc' dir='ltr'><strong>έν</strong></span> <span class='ocrx_word' id='word_1_631' title='bbox 2358 4415 2426 4484; x_wconf 79' lang='grc' dir='ltr'>τῇ</span> <span class='ocrx_word' id='word_1_632' title='bbox 2460 4410 2701 4483; x_wconf 76' lang='grc' dir='ltr'>Ἰουδαίᾳ</span> <span class='ocrx_word' id='word_1_633' title='bbox 2733 4410 3015 4479; x_wconf 76' lang='grc' dir='ltr'>ἀδελφοῖς·</span> <span class='ocrx_word' id='word_1_634' title='bbox 3052 4408 3082 4462; x_wconf 89' lang='lat'><strong>6</strong></span> <span class='ocrx_word' id='word_1_635' title='bbox 3129 4409 3224 4462; x_wconf 71' lang='lat' dir='ltr'><strong>xui.</strong></span> <span class='ocrx_word' id='word_1_636' title='bbox 3260 4407 3534 4478; x_wconf 73' lang='grc' dir='ltr'>ἐποίησαν,</span> <span class='ocrx_word' id='word_1_637' title='bbox 3574 4404 3684 4456; x_wconf 68' lang='grc' dir='ltr'><strong>ἀτω-</strong></span> 
     </span>
    </p>
   </div>
   <div class='ocr_carea' id='block_1_88' title="bbox 2150 4496 3684 4574">
    <p class='ocr_par' dir='ltr' id='par_1_88' title="bbox 2150 4496 3684 4574">
     <span class='ocr_line' id='line_1_88' title="bbox 2150 4496 3684 4574; baseline -0.007 -14"><span class='ocrx_word' id='word_1_638' title='bbox 2150 4505 2458 4568; x_wconf 83' lang='grc' dir='ltr'>στείλαντες</span> <span class='ocrx_word' id='word_1_639' title='bbox 2489 4503 2623 4574; x_wconf 78' lang='grc' dir='ltr'>πρὸς</span> <span class='ocrx_word' id='word_1_640' title='bbox 2654 4504 2784 4567; x_wconf 78' lang='grc' dir='ltr'>τοὺς</span> <span class='ocrx_word' id='word_1_641' title='bbox 2830 4500 3236 4574; x_wconf 81' lang='grc' dir='ltr'>πρεσϐυτέρους</span> <span class='ocrx_word' id='word_1_642' title='bbox 3255 4498 3348 4554; x_wconf 78' lang='grc' dir='ltr'>διὰ</span> <span class='ocrx_word' id='word_1_643' title='bbox 3371 4498 3541 4571; x_wconf 77' lang='grc' dir='ltr'>χειρὸς</span> <span class='ocrx_word' id='word_1_644' title='bbox 3565 4496 3684 4562; x_wconf 72' lang='lat' dir='ltr'><strong>B19-</strong></span> 
     </span>
    </p>
   </div>
   <div class='ocr_carea' id='block_1_89' title="bbox 2067 4593 2666 4682">
    <p class='ocr_par' dir='ltr' id='par_1_89' title="bbox 2067 4593 2666 4682">
     <span class='ocr_line' id='line_1_89' title="bbox 2067 4593 2666 4682; baseline -0.005 -29"><span class='ocrx_word' id='word_1_645' title='bbox 2067 4619 2124 4682; x_wconf 72' lang='grc' dir='ltr'><strong><em>Β</em></strong></span> <span class='ocrx_word' id='word_1_646' title='bbox 2149 4597 2288 4656; x_wconf 87' lang='grc' dir='ltr'>νάϐα</span> <span class='ocrx_word' id='word_1_647' title='bbox 2319 4599 2412 4653; x_wconf 75' lang='grc' dir='ltr'><strong>καὶ</strong></span> <span class='ocrx_word' id='word_1_648' title='bbox 2439 4593 2666 4650; x_wconf 85' lang='grc' dir='ltr'>Σαύλου.</span> 
     </span>
    </p>
   </div>
   <div class='ocr_carea' id='block_1_90' title="bbox 971 4680 3140 4743">
    <p class='ocr_par' dir='ltr' id='par_1_90' title="bbox 971 4680 3140 4743">
     <span class='ocr_line' id='line_1_90' title="bbox 971 4680 3140 4743; baseline -0.001 -8"><span class='ocrx_word' id='word_1_649' title='bbox 971 4680 1535 4743; x_wconf 69' lang='lat' dir='ltr'><strong>COMMENTARIUS.</strong></span> <span class='ocrx_word' id='word_1_650' title='bbox 2082 4680 2093 4682; x_wconf 49' lang='grc'>⁷</span> <span class='ocrx_word' id='word_1_651' title='bbox 2761 4680 3140 4737; x_wconf 81' lang='lat' dir='ltr'><strong>EPMHNEIA.</strong></span> 
     </span>
    </p>
   </div>
   <div class='ocr_carea' id='block_1_91' title="bbox 540 4767 2052 4852">
    <p class='ocr_par' dir='ltr' id='par_1_91' title="bbox 540 4767 2040 4852">
     <span class='ocr_line' id='line_1_91' title="bbox 540 4767 2040 4852; baseline 0.011 -30"><span class='ocrx_word' id='word_1_652' title='bbox 540 4767 799 4823; x_wconf 88' lang='lat' dir='ltr'><strong>Fortasse</strong></span> <span class='ocrx_word' id='word_1_653' title='bbox 833 4780 1121 4840; x_wconf 87' lang='lat' dir='ltr'><strong>propterea</strong></span> <span class='ocrx_word' id='word_1_654' title='bbox 1155 4776 1303 4845; x_wconf 89' lang='lat' dir='ltr'><strong>quod</strong></span> <span class='ocrx_word' id='word_1_655' title='bbox 1333 4776 1601 4836; x_wconf 80' lang='lat' dir='ltr'><strong>llebraice</strong></span> <span class='ocrx_word' id='word_1_656' title='bbox 1641 4779 1790 4852; x_wconf 92' lang='lat' dir='ltr'><strong>loqui</strong></span> <span class='ocrx_word' id='word_1_657' title='bbox 1822 4781 2040 4838; x_wconf 79' lang='lat' dir='ltr'><strong>nescie-</strong></span> 
     </span>
    </p>
   </div>
   <div class='ocr_carea' id='block_1_92' title="bbox 2160 4767 3686 4852">
    <p class='ocr_par' dir='ltr' id='par_1_92' title="bbox 2220 4769 3686 4847">
     <span class='ocr_line' id='line_1_92' title="bbox 2220 4769 3686 4847; baseline -0.01 -12"><span class='ocrx_word' id='word_1_658' title='bbox 2220 4781 2384 4844; x_wconf 85' lang='grc' dir='ltr'>Ἰσως</span> <span class='ocrx_word' id='word_1_659' title='bbox 2408 4777 2499 4833; x_wconf 83' lang='grc' dir='ltr'><strong>διὰ</strong></span> <span class='ocrx_word' id='word_1_660' title='bbox 2521 4776 2582 4831; x_wconf 81' lang='grc' dir='ltr'><strong>τὸ</strong></span> <span class='ocrx_word' id='word_1_661' title='bbox 2609 4776 2685 4844; x_wconf 77' lang='grc' dir='ltr'>μὴ</span> <span class='ocrx_word' id='word_1_662' title='bbox 2715 4775 2912 4829; x_wconf 77' lang='grc' dir='ltr'>εἰδέναι</span> <span class='ocrx_word' id='word_1_663' title='bbox 2942 4771 3219 4847; x_wconf 68' lang='grc' dir='ltr'>Ἐϐραϊστὶ</span> <span class='ocrx_word' id='word_1_664' title='bbox 3246 4772 3447 4837; x_wconf 85' lang='grc' dir='ltr'>λαλεῖν,</span> <span class='ocrx_word' id='word_1_665' title='bbox 3476 4769 3686 4839; x_wconf 77' lang='grc' dir='ltr'>Έλληνι-</span> 
     </span>
    </p>
   </div>
   <div class='ocr_carea' id='block_1_93' title="bbox 470 4857 2052 4943">
    <p class='ocr_par' dir='ltr' id='par_1_93' title="bbox 470 4857 2045 4943">
     <span class='ocr_line' id='line_1_93' title="bbox 470 4857 2045 4943; baseline 0.009 -30"><span class='ocrx_word' id='word_1_666' title='bbox 470 4858 639 4924; x_wconf 90' lang='lat' dir='ltr'><strong>bant,</strong></span> <span class='ocrx_word' id='word_1_667' title='bbox 684 4857 995 4918; x_wconf 73' lang='lat' dir='ltr'><strong>Ilellenistae</strong></span> <span class='ocrx_word' id='word_1_668' title='bbox 1035 4866 1396 4922; x_wconf 85' lang='lat' dir='ltr'><strong>vocabantur.</strong></span> <span class='ocrx_word' id='word_1_669' title='bbox 1445 4867 1836 4941; x_wconf 85' lang='lat' dir='ltr'><strong>Loquebantur</strong></span> <span class='ocrx_word' id='word_1_670' title='bbox 1881 4872 2045 4943; x_wconf 80' lang='lat' dir='ltr'><strong>igitur</strong></span> 
     </span>
    </p>
   </div>
   <div class='ocr_carea' id='block_1_94' title="bbox 2160 4857 3688 4943">
    <p class='ocr_par' dir='ltr' id='par_1_94' title="bbox 2160 4862 3688 4935">
     <span class='ocr_line' id='line_1_94' title="bbox 2160 4862 3688 4935; baseline -0.007 -10"><span class='ocrx_word' id='word_1_671' title='bbox 2160 4870 2277 4934; x_wconf 72' lang='grc' dir='ltr'><strong>ττὰς</strong></span> <span class='ocrx_word' id='word_1_672' title='bbox 2299 4869 2546 4923; x_wconf 74' lang='grc' dir='ltr'>ἐκάλουν.</span> <span class='ocrx_word' id='word_1_673' title='bbox 2564 4866 2820 4923; x_wconf 86' lang='grc' dir='ltr'>Ἐλάλουν</span> <span class='ocrx_word' id='word_1_674' title='bbox 2845 4865 3026 4919; x_wconf 88' lang='grc' dir='ltr'>τοίνυν</span> <span class='ocrx_word' id='word_1_675' title='bbox 3051 4864 3144 4919; x_wconf 71' lang='grc' dir='ltr'>καὶ</span> <span class='ocrx_word' id='word_1_676' title='bbox 3170 4863 3309 4935; x_wconf 66' lang='grc' dir='ltr'>πρὸς</span> <span class='ocrx_word' id='word_1_677' title='bbox 3335 4864 3524 4926; x_wconf 79' lang='grc' dir='ltr'>αὐτοὺς</span> <span class='ocrx_word' id='word_1_678' title='bbox 3547 4862 3688 4926; x_wconf 77' lang='grc' dir='ltr'>εὐαγ-</span> 
     </span>
    </p>
   </div>
   <div class='ocr_carea' id='block_1_95' title="bbox 470 4951 2052 5033">
    <p class='ocr_par' dir='ltr' id='par_1_95' title="bbox 470 4951 2044 5028">
     <span class='ocr_line' id='line_1_95' title="bbox 470 4951 2044 5028; baseline 0.01 -24"><span class='ocrx_word' id='word_1_679' title='bbox 470 4951 858 5009; x_wconf 86' lang='lat' dir='ltr'><strong>annuntiantes</strong></span> <span class='ocrx_word' id='word_1_680' title='bbox 905 4954 1016 5012; x_wconf 83' lang='lat' dir='ltr'><strong>illis</strong></span> <span class='ocrx_word' id='word_1_681' title='bbox 1057 4954 1246 5012; x_wconf 82' lang='lat' dir='ltr'><strong>Jesum</strong></span> <span class='ocrx_word' id='word_1_682' title='bbox 1295 4957 1609 5028; x_wconf 90' lang='lat' dir='ltr'><strong>Christum,</strong></span> <span class='ocrx_word' id='word_1_683' title='bbox 1656 4974 1712 5019; x_wconf 92' lang='lat' dir='ltr'><strong>et</strong></span> <span class='ocrx_word' id='word_1_684' title='bbox 1747 4963 2044 5019; x_wconf 87' lang='lat' dir='ltr'><strong>credebant</strong></span> 
     </span>
    </p>
   </div>
   <div class='ocr_carea' id='block_1_96' title="bbox 2160 4951 3683 5033">
    <p class='ocr_par' dir='ltr' id='par_1_96' title="bbox 2160 4953 3683 5033">
     <span class='ocr_line' id='line_1_96' title="bbox 2160 4953 3683 5033; baseline -0.007 -17"><span class='ocrx_word' id='word_1_685' title='bbox 2160 4959 2483 5033; x_wconf 74' lang='grc' dir='ltr'>γελιζόμενοι</span> <span class='ocrx_word' id='word_1_686' title='bbox 2506 4960 2598 5014; x_wconf 83' lang='grc' dir='ltr'><strong>τδν</strong></span> <span class='ocrx_word' id='word_1_687' title='bbox 2625 4958 2830 5028; x_wconf 88' lang='grc' dir='ltr'>Κύριον</span> <span class='ocrx_word' id='word_1_688' title='bbox 2862 4954 3090 5027; x_wconf 79' lang='grc' dir='ltr'>Ἰησοῦν,</span> <span class='ocrx_word' id='word_1_689' title='bbox 3118 4955 3210 5009; x_wconf 70' lang='grc' dir='ltr'><strong>καὶ</strong></span> <span class='ocrx_word' id='word_1_690' title='bbox 3238 4955 3515 5009; x_wconf 78' lang='grc' dir='ltr'>ἐπίστευον</span> <span class='ocrx_word' id='word_1_691' title='bbox 3535 4953 3683 5008; x_wconf 65' lang='lat' dir='ltr'><strong>amv-</strong></span> 
     </span>
    </p>
   </div>
   <div class='ocr_carea' id='block_1_97' title="bbox 469 5043 2052 5122">
    <p class='ocr_par' dir='ltr' id='par_1_97' title="bbox 469 5045 2038 5121">
     <span class='ocr_line' id='line_1_97' title="bbox 469 5045 2038 5121; baseline 0.008 -26"><span class='ocrx_word' id='word_1_692' title='bbox 469 5057 679 5110; x_wconf 81' lang='lat' dir='ltr'><strong>omnes,</strong></span> <span class='ocrx_word' id='word_1_693' title='bbox 720 5045 981 5114; x_wconf 89' lang='lat' dir='ltr'><strong>quoniam</strong></span> <span class='ocrx_word' id='word_1_694' title='bbox 1011 5065 1031 5099; x_wconf 80' lang='grc' dir='ltr'><strong>ι</strong></span> <span class='ocrx_word' id='word_1_695' title='bbox 1063 5059 1201 5115; x_wconf 82' lang='lat' dir='ltr'><strong>erat,</strong></span> <span class='ocrx_word' id='word_1_696' title='bbox 1232 5050 1425 5121; x_wconf 83' lang='lat' dir='ltr'><strong>inquit,</strong></span> <span class='ocrx_word' id='word_1_697' title='bbox 1457 5068 1655 5110; x_wconf 89' lang='lat' dir='ltr'><strong>manus</strong></span> <span class='ocrx_word' id='word_1_698' title='bbox 1679 5054 1890 5110; x_wconf 88' lang='lat' dir='ltr'><strong>Domini</strong></span> <span class='ocrx_word' id='word_1_699' title='bbox 1916 5071 2038 5111; x_wconf 89' lang='lat' dir='ltr'><strong>cum</strong></span> 
     </span>
    </p>
   </div>
   <div class='ocr_carea' id='block_1_98' title="bbox 2160 5043 3678 5122">
    <p class='ocr_par' dir='ltr' id='par_1_98' title="bbox 2160 5043 3678 5122">
     <span class='ocr_line' id='line_1_98' title="bbox 2160 5043 3678 5122; baseline -0.007 -16"><span class='ocrx_word' id='word_1_700' title='bbox 2160 5071 2260 5119; x_wconf 72' lang='grc' dir='ltr'>τες,</span> <span class='ocrx_word' id='word_1_701' title='bbox 2307 5051 2521 5122; x_wconf 78' lang='grc' dir='ltr'>ἐπειδὴ,</span> <span class='ocrx_word' id='word_1_702' title='bbox 2556 5050 2712 5120; x_wconf 65' lang='grc' dir='ltr'>φησι,</span> <span class='ocrx_word' id='word_1_703' title='bbox 2751 5067 2772 5101; x_wconf 81' lang='lat' dir='ltr'><strong>t</strong></span> <span class='ocrx_word' id='word_1_704' title='bbox 2807 5050 2931 5120; x_wconf 74' lang='grc' dir='ltr'>χεὶρ</span> <span class='ocrx_word' id='word_1_705' title='bbox 2962 5047 3169 5119; x_wconf 85' lang='grc' dir='ltr'>Κυρίου</span> <span class='ocrx_word' id='word_1_706' title='bbox 3200 5043 3269 5116; x_wconf 83' lang='grc' dir='ltr'>ἦν</span> <span class='ocrx_word' id='word_1_707' title='bbox 3303 5048 3424 5118; x_wconf 84' lang='grc' dir='ltr'>μετ’</span> <span class='ocrx_word' id='word_1_708' title='bbox 3454 5044 3633 5105; x_wconf 81' lang='grc' dir='ltr'>αὐτῶν,</span> <span class='ocrx_word' id='word_1_709' title='bbox 3663 5058 3678 5090; x_wconf 80' lang='grc' dir='ltr'><strong>ι</strong></span> 
     </span>
    </p>
   </div>
   <div class='ocr_carea' id='block_1_99' title="bbox 467 5134 2052 5219">
    <p class='ocr_par' dir='ltr' id='par_1_99' title="bbox 467 5136 2042 5219">
     <span class='ocr_line' id='line_1_99' title="bbox 467 5136 2042 5219; baseline 0.008 -27"><span class='ocrx_word' id='word_1_710' title='bbox 467 5136 569 5204; x_wconf 82' lang='lat' dir='ltr'><strong>eis,</strong></span> <span class='ocrx_word' id='word_1_711' title='bbox 608 5154 628 5187; x_wconf 78' lang='grc' dir='ltr'><strong>ι</strong></span> <span class='ocrx_word' id='word_1_712' title='bbox 662 5140 764 5193; x_wconf 89' lang='lat' dir='ltr'><strong>hoc</strong></span> <span class='ocrx_word' id='word_1_713' title='bbox 791 5149 896 5204; x_wconf 88' lang='lat' dir='ltr'><strong>est,</strong></span> <span class='ocrx_word' id='word_1_714' title='bbox 935 5142 1197 5198; x_wconf 89' lang='lat' dir='ltr'><strong>miracula</strong></span> <span class='ocrx_word' id='word_1_715' title='bbox 1226 5147 1554 5215; x_wconf 87' lang='lat' dir='ltr'><strong>patrabant:</strong></span> <span class='ocrx_word' id='word_1_716' title='bbox 1585 5164 1706 5219; x_wconf 81' lang='lat' dir='ltr'><strong>quae</strong></span> <span class='ocrx_word' id='word_1_717' title='bbox 1731 5151 2042 5206; x_wconf 84' lang='lat' dir='ltr'><strong>necessaria</strong></span> 
     </span>
    </p>
   </div>
   <div class='ocr_carea' id='block_1_100' title="bbox 2160 5134 3680 5219">
    <p class='ocr_par' dir='ltr' id='par_1_100' title="bbox 2160 5134 3680 5214">
     <span class='ocr_line' id='line_1_100' title="bbox 2160 5134 3680 5214; baseline -0.009 -15"><span class='ocrx_word' id='word_1_718' title='bbox 2160 5145 2394 5200; x_wconf 69' lang='grc' dir='ltr'>τουτέστι</span> <span class='ocrx_word' id='word_1_719' title='bbox 2438 5145 2641 5214; x_wconf 87' lang='grc' dir='ltr'>σημεῖα</span> <span class='ocrx_word' id='word_1_720' title='bbox 2684 5141 2996 5212; x_wconf 75' lang='grc' dir='ltr'>ἐργάζοντο.</span> <span class='ocrx_word' id='word_1_721' title='bbox 3037 5140 3138 5193; x_wconf 75' lang='grc' dir='ltr'><strong>Διὰ</strong></span> <span class='ocrx_word' id='word_1_722' title='bbox 3181 5139 3341 5193; x_wconf 84' lang='grc' dir='ltr'>τοῦτο</span> <span class='ocrx_word' id='word_1_723' title='bbox 3382 5140 3486 5210; x_wconf 80' lang='grc' dir='ltr'>γὰρ</span> <span class='ocrx_word' id='word_1_724' title='bbox 3524 5140 3556 5204; x_wconf 72' lang='grc' dir='ltr'><strong>η</strong></span> <span class='ocrx_word' id='word_1_725' title='bbox 3590 5134 3680 5188; x_wconf 82' lang='grc' dir='ltr'><strong>τῶν</strong></span> 
     </span>
    </p>
   </div>
   <div class='ocr_carea' id='block_1_101' title="bbox 469 5220 2052 5310">
    <p class='ocr_par' dir='ltr' id='par_1_101' title="bbox 469 5226 2033 5301">
     <span class='ocr_line' id='line_1_101' title="bbox 469 5226 2033 5301; baseline 0.006 -23"><span class='ocrx_word' id='word_1_726' title='bbox 469 5226 579 5283; x_wconf 85' lang='lat' dir='ltr'><strong>illis</strong></span> <span class='ocrx_word' id='word_1_727' title='bbox 616 5237 805 5290; x_wconf 84' lang='lat' dir='ltr'><strong>erant,</strong></span> <span class='ocrx_word' id='word_1_728' title='bbox 842 5236 900 5283; x_wconf 91' lang='lat' dir='ltr'><strong>ut</strong></span> <span class='ocrx_word' id='word_1_729' title='bbox 930 5230 1238 5290; x_wconf 87' lang='lat' dir='ltr'><strong>crederent.</strong></span> <span class='ocrx_word' id='word_1_730' title='bbox 1274 5252 1293 5286; x_wconf 78' lang='grc' dir='ltr'><strong>ι</strong></span> <span class='ocrx_word' id='word_1_731' title='bbox 1338 5234 1477 5301; x_wconf 89' lang='lat' dir='ltr'><strong>Quia</strong></span> <span class='ocrx_word' id='word_1_732' title='bbox 1509 5244 1626 5290; x_wconf 91' lang='lat' dir='ltr'><strong>erat</strong></span> <span class='ocrx_word' id='word_1_733' title='bbox 1655 5236 1739 5290; x_wconf 90' lang='lat' dir='ltr'><strong>vir</strong></span> <span class='ocrx_word' id='word_1_734' title='bbox 1771 5237 1966 5293; x_wconf 92' lang='lat' dir='ltr'><strong>bonus.</strong></span> <span class='ocrx_word' id='word_1_735' title='bbox 2013 5256 2033 5288; x_wconf 75' lang='grc' dir='ltr'><strong>ι</strong></span> 
     </span>
    </p>
   </div>
   <div class='ocr_carea' id='block_1_102' title="bbox 2160 5220 3683 5310">
    <p class='ocr_par' dir='ltr' id='par_1_102' title="bbox 2160 5220 3683 5310">
     <span class='ocr_line' id='line_1_102' title="bbox 2160 5220 3683 5310; baseline -0.01 -17"><span class='ocrx_word' id='word_1_736' title='bbox 2160 5239 2390 5310; x_wconf 69' lang='grc' dir='ltr'>σημείων</span> <span class='ocrx_word' id='word_1_737' title='bbox 2410 5237 2623 5305; x_wconf 79' lang='grc' dir='ltr'>ἀνάγκη</span> <span class='ocrx_word' id='word_1_738' title='bbox 2664 5236 2906 5303; x_wconf 87' lang='grc' dir='ltr'>γέγονεν,</span> <span class='ocrx_word' id='word_1_739' title='bbox 2928 5233 3016 5286; x_wconf 80' lang='grc' dir='ltr'><strong>ἵνα</strong></span> <span class='ocrx_word' id='word_1_740' title='bbox 3040 5230 3426 5286; x_wconf 77' lang='grc' dir='ltr'>πιστεύσωσιν.</span> <span class='ocrx_word' id='word_1_741' title='bbox 3452 5248 3470 5282; x_wconf 81' lang='grc' dir='ltr'><strong>ι</strong></span> <span class='ocrx_word' id='word_1_742' title='bbox 3492 5230 3604 5282; x_wconf 80' lang='grc' dir='ltr'>Ὅτι</span> <span class='ocrx_word' id='word_1_743' title='bbox 3627 5220 3683 5294; x_wconf 67' lang='grc' dir='ltr'>ἦν</span> 
     </span>
    </p>
   </div>
   <div class='ocr_carea' id='block_1_103' title="bbox 470 5315 2052 5402">
    <p class='ocr_par' dir='ltr' id='par_1_103' title="bbox 470 5315 2036 5378">
     <span class='ocr_line' id='line_1_103' title="bbox 470 5315 2036 5378; baseline 0.005 -9"><span class='ocrx_word' id='word_1_744' title='bbox 470 5315 684 5372; x_wconf 87' lang='lat' dir='ltr'><strong>Dictum</strong></span> <span class='ocrx_word' id='word_1_745' title='bbox 717 5318 823 5374; x_wconf 85' lang='lat' dir='ltr'><strong>hoc</strong></span> <span class='ocrx_word' id='word_1_746' title='bbox 844 5321 1180 5375; x_wconf 89' lang='lat' dir='ltr'><strong>contrarium</strong></span> <span class='ocrx_word' id='word_1_747' title='bbox 1211 5337 1317 5378; x_wconf 93' lang='lat' dir='ltr'><strong>non</strong></span> <span class='ocrx_word' id='word_1_748' title='bbox 1349 5329 1435 5378; x_wconf 86' lang='lat' dir='ltr'><strong>est</strong></span> <span class='ocrx_word' id='word_1_749' title='bbox 1473 5323 1551 5377; x_wconf 85' lang='lat' dir='ltr'><strong>illi</strong></span> <span class='ocrx_word' id='word_1_750' title='bbox 1576 5323 1621 5355; x_wconf 83' lang='lat'>&quot;</span> <span class='ocrx_word' id='word_1_751' title='bbox 1647 5341 1661 5378; x_wconf 88' lang='lat'><strong>:</strong></span> <span class='ocrx_word' id='word_1_752' title='bbox 1693 5340 1712 5373; x_wconf 83' lang='grc' dir='ltr'><strong>ι</strong></span> <span class='ocrx_word' id='word_1_753' title='bbox 1738 5322 1912 5377; x_wconf 87' lang='lat' dir='ltr'><strong>Nemo</strong></span> <span class='ocrx_word' id='word_1_754' title='bbox 1934 5322 2036 5377; x_wconf 83' lang='lat' dir='ltr'><strong>bo-</strong></span> 
     </span>
    </p>
   </div>
   <div class='ocr_carea' id='block_1_104' title="bbox 2160 5315 3681 5402">
    <p class='ocr_par' dir='ltr' id='par_1_104' title="bbox 2160 5320 3681 5402">
     <span class='ocr_line' id='line_1_104' title="bbox 2160 5320 3681 5402; baseline -0.012 -17"><span class='ocrx_word' id='word_1_755' title='bbox 2160 5331 2290 5402; x_wconf 68' lang='grc' dir='ltr'>ὶνήρ</span> <span class='ocrx_word' id='word_1_756' title='bbox 2308 5328 2532 5398; x_wconf 85' lang='grc' dir='ltr'>ἀγαθός.</span> <span class='ocrx_word' id='word_1_757' title='bbox 2548 5347 2565 5380; x_wconf 72' lang='grc' dir='ltr'><strong>ι</strong></span> <span class='ocrx_word' id='word_1_758' title='bbox 2588 5327 2701 5380; x_wconf 82' lang='grc' dir='ltr'>Οὐκ</span> <span class='ocrx_word' id='word_1_759' title='bbox 2725 5325 3030 5379; x_wconf 85' lang='grc' dir='ltr'>ἀντίκειται</span> <span class='ocrx_word' id='word_1_760' title='bbox 3045 5324 3204 5378; x_wconf 83' lang='grc' dir='ltr'>τοῦτο</span> <span class='ocrx_word' id='word_1_761' title='bbox 3227 5323 3361 5393; x_wconf 81' lang='grc' dir='ltr'>τῷ.ι</span> <span class='ocrx_word' id='word_1_762' title='bbox 3383 5322 3556 5382; x_wconf 65' lang='grc' dir='ltr'>Οὐδεὶς</span> <span class='ocrx_word' id='word_1_763' title='bbox 3567 5320 3681 5384; x_wconf 83' lang='grc' dir='ltr'>ἀγα-</span> 
     </span>
    </p>
   </div>
   <div class='ocr_carea' id='block_1_105' title="bbox 469 5403 2052 5489">
    <p class='ocr_par' dir='ltr' id='par_1_105' title="bbox 469 5409 2042 5473">
     <span class='ocr_line' id='line_1_105' title="bbox 469 5409 2042 5473; baseline 0.004 -11"><span class='ocrx_word' id='word_1_764' title='bbox 469 5425 596 5473; x_wconf 87' lang='lat' dir='ltr'><strong>utts,</strong></span> <span class='ocrx_word' id='word_1_765' title='bbox 630 5409 734 5465; x_wconf 87' lang='lat' dir='ltr'><strong>nisi</strong></span> <span class='ocrx_word' id='word_1_766' title='bbox 766 5427 910 5467; x_wconf 91' lang='lat' dir='ltr'><strong>unus</strong></span> <span class='ocrx_word' id='word_1_767' title='bbox 950 5412 1114 5470; x_wconf 90' lang='lat' dir='ltr'><strong>Deus.</strong></span> <span class='ocrx_word' id='word_1_768' title='bbox 1158 5432 1177 5466; x_wconf 78' lang='grc' dir='ltr'><strong>ι</strong></span> <span class='ocrx_word' id='word_1_769' title='bbox 1211 5413 1328 5468; x_wconf 85' lang='lat' dir='ltr'><strong>Non</strong></span> <span class='ocrx_word' id='word_1_770' title='bbox 1363 5414 1507 5468; x_wconf 89' lang='lat' dir='ltr'><strong>enim</strong></span> <span class='ocrx_word' id='word_1_771' title='bbox 1540 5414 1728 5469; x_wconf 84' lang='lat' dir='ltr'><strong>eodem</strong></span> <span class='ocrx_word' id='word_1_772' title='bbox 1764 5413 1925 5468; x_wconf 90' lang='lat' dir='ltr'><strong>modo</strong></span> <span class='ocrx_word' id='word_1_773' title='bbox 1956 5412 2042 5468; x_wconf 88' lang='lat' dir='ltr'><strong>di-</strong></span> 
     </span>
    </p>
   </div>
   <div class='ocr_carea' id='block_1_106' title="bbox 2160 5403 3681 5489">
    <p class='ocr_par' dir='ltr' id='par_1_106' title="bbox 2160 5403 3681 5489">
     <span class='ocr_line' id='line_1_106' title="bbox 2160 5403 3681 5489; baseline -0.012 -15"><span class='ocrx_word' id='word_1_774' title='bbox 2160 5420 2265 5483; x_wconf 84' lang='grc' dir='ltr'>θὸς,</span> <span class='ocrx_word' id='word_1_775' title='bbox 2296 5420 2346 5472; x_wconf 76' lang='grc' dir='ltr'><strong>εἰ</strong></span> <span class='ocrx_word' id='word_1_776' title='bbox 2375 5418 2452 5489; x_wconf 84' lang='grc' dir='ltr'><strong>μὴ</strong></span> <span class='ocrx_word' id='word_1_777' title='bbox 2487 5418 2645 5487; x_wconf 86' lang='grc' dir='ltr'>μόνος</span> <span class='ocrx_word' id='word_1_778' title='bbox 2673 5419 2699 5469; x_wconf 91' lang='lat'><strong>6</strong></span> <span class='ocrx_word' id='word_1_779' title='bbox 2729 5415 2883 5479; x_wconf 86' lang='grc' dir='ltr'>Θεός.</span> <span class='ocrx_word' id='word_1_780' title='bbox 2924 5434 2943 5469; x_wconf 85' lang='grc'><strong>›</strong></span> <span class='ocrx_word' id='word_1_781' title='bbox 2968 5416 3043 5468; x_wconf 85' lang='grc' dir='ltr'>Ού</span> <span class='ocrx_word' id='word_1_782' title='bbox 3061 5414 3170 5485; x_wconf 84' lang='grc' dir='ltr'><strong>γάρ</strong></span> <span class='ocrx_word' id='word_1_783' title='bbox 3195 5413 3392 5467; x_wconf 70' lang='grc' dir='ltr'>ταύτόν</span> <span class='ocrx_word' id='word_1_784' title='bbox 3421 5415 3545 5475; x_wconf 77' lang='grc' dir='ltr'>ἐστι,</span> <span class='ocrx_word' id='word_1_785' title='bbox 3571 5403 3681 5459; x_wconf 70' lang='grc' dir='ltr'>Θεὸν</span> 
     </span>
    </p>
   </div>
   <div class='ocr_carea' id='block_1_107' title="bbox 468 5502 2052 5581">
    <p class='ocr_par' dir='ltr' id='par_1_107' title="bbox 468 5502 2039 5574">
     <span class='ocr_line' id='line_1_107' title="bbox 468 5502 2039 5574; baseline 0.003 -17"><span class='ocrx_word' id='word_1_786' title='bbox 468 5503 632 5568; x_wconf 89' lang='lat' dir='ltr'><strong>citur,</strong></span> <span class='ocrx_word' id='word_1_787' title='bbox 660 5502 801 5560; x_wconf 89' lang='lat' dir='ltr'><strong>Deus</strong></span> <span class='ocrx_word' id='word_1_788' title='bbox 831 5521 974 5562; x_wconf 91' lang='lat' dir='ltr'><strong>unus</strong></span> <span class='ocrx_word' id='word_1_789' title='bbox 1012 5506 1205 5573; x_wconf 87' lang='lat' dir='ltr'><strong>bonus,</strong></span> <span class='ocrx_word' id='word_1_790' title='bbox 1242 5522 1327 5574; x_wconf 84' lang='lat' dir='ltr'><strong>ac,</strong></span> <span class='ocrx_word' id='word_1_791' title='bbox 1368 5508 1541 5561; x_wconf 84' lang='lat' dir='ltr'><strong>Homo</strong></span> <span class='ocrx_word' id='word_1_792' title='bbox 1598 5506 1775 5561; x_wconf 91' lang='lat' dir='ltr'><strong>bonus</strong></span> <span class='ocrx_word' id='word_1_793' title='bbox 1826 5525 1839 5560; x_wconf 89' lang='lat'>:</span> <span class='ocrx_word' id='word_1_794' title='bbox 1899 5506 2039 5561; x_wconf 89' lang='lat' dir='ltr'><strong>Deus</strong></span> 
     </span>
    </p>
   </div>
   <div class='ocr_carea' id='block_1_108' title="bbox 2160 5502 3676 5581">
    <p class='ocr_par' dir='ltr' id='par_1_108' title="bbox 2160 5503 3676 5581">
     <span class='ocr_line' id='line_1_108' title="bbox 2160 5503 3676 5581; baseline -0.013 -16"><span class='ocrx_word' id='word_1_795' title='bbox 2160 5512 2310 5581; x_wconf 82' lang='grc' dir='ltr'>μόνον</span> <span class='ocrx_word' id='word_1_796' title='bbox 2356 5509 2559 5577; x_wconf 76' lang='grc' dir='ltr'>ἀγαθὸν</span> <span class='ocrx_word' id='word_1_797' title='bbox 2604 5505 2773 5573; x_wconf 74' lang='grc' dir='ltr'>εἶναι,</span> <span class='ocrx_word' id='word_1_798' title='bbox 2830 5508 2924 5561; x_wconf 70' lang='grc' dir='ltr'>καὶ</span> <span class='ocrx_word' id='word_1_799' title='bbox 2970 5507 3136 5577; x_wconf 77' lang='grc' dir='ltr'>ἄνδρα</span> <span class='ocrx_word' id='word_1_800' title='bbox 3159 5504 3364 5574; x_wconf 71' lang='grc' dir='ltr'>ἀγαθὸν</span> <span class='ocrx_word' id='word_1_801' title='bbox 3428 5503 3676 5569; x_wconf 66' lang='grc' dir='ltr'>ὑπέρχειν.</span> 
     </span>
    </p>
   </div>
   <div class='ocr_carea' id='block_1_109' title="bbox 467 5587 2052 5671">
    <p class='ocr_par' dir='ltr' id='par_1_109' title="bbox 467 5598 2036 5670">
     <span class='ocr_line' id='line_1_109' title="bbox 467 5598 2036 5670; baseline 0.002 -19"><span class='ocrx_word' id='word_1_802' title='bbox 467 5610 613 5651; x_wconf 79' lang='lat' dir='ltr'><strong>enim</strong></span> <span class='ocrx_word' id='word_1_803' title='bbox 645 5603 729 5651; x_wconf 88' lang='lat' dir='ltr'><strong>est</strong></span> <span class='ocrx_word' id='word_1_804' title='bbox 764 5611 861 5666; x_wconf 89' lang='lat' dir='ltr'><strong>per</strong></span> <span class='ocrx_word' id='word_1_805' title='bbox 898 5598 1194 5654; x_wconf 83' lang='lat' dir='ltr'><strong>essentiam</strong></span> <span class='ocrx_word' id='word_1_806' title='bbox 1234 5599 1445 5666; x_wconf 82' lang='lat' dir='ltr'><strong>bonus;</strong></span> <span class='ocrx_word' id='word_1_807' title='bbox 1479 5606 1665 5668; x_wconf 85' lang='lat' dir='ltr'><strong>utpote</strong></span> <span class='ocrx_word' id='word_1_808' title='bbox 1708 5599 2036 5670; x_wconf 87' lang='lat' dir='ltr'><strong>principium</strong></span> 
     </span>
    </p>
   </div>
   <div class='ocr_carea' id='block_1_110' title="bbox 2160 5587 3678 5671">
    <p class='ocr_par' dir='ltr' id='par_1_110' title="bbox 2161 5587 3678 5671">
     <span class='ocr_line' id='line_1_110' title="bbox 2161 5587 3678 5671; baseline -0.001 -16"><span class='ocrx_word' id='word_1_809' title='bbox 2161 5602 2220 5656; x_wconf 83' lang='grc' dir='ltr'>Ὀ</span> <span class='ocrx_word' id='word_1_810' title='bbox 2255 5601 2353 5671; x_wconf 75' lang='grc' dir='ltr'>μὲν</span> <span class='ocrx_word' id='word_1_811' title='bbox 2382 5601 2490 5671; x_wconf 75' lang='grc' dir='ltr'><strong>γὰρ</strong></span> <span class='ocrx_word' id='word_1_812' title='bbox 2526 5600 2648 5655; x_wconf 81' lang='grc' dir='ltr'>κατ’</span> <span class='ocrx_word' id='word_1_813' title='bbox 2667 5599 2858 5653; x_wconf 74' lang='grc' dir='ltr'>οὐσίαν</span> <span class='ocrx_word' id='word_1_814' title='bbox 2888 5599 3090 5668; x_wconf 81' lang='grc' dir='ltr'>ἀγαθὸς</span> <span class='ocrx_word' id='word_1_815' title='bbox 3123 5598 3360 5669; x_wconf 79' lang='grc' dir='ltr'>ὑπάρχει</span> <span class='ocrx_word' id='word_1_816' title='bbox 3382 5614 3395 5628; x_wconf 91' lang='grc'><strong>·</strong></span> <span class='ocrx_word' id='word_1_817' title='bbox 3429 5593 3558 5665; x_wconf 81' lang='grc' dir='ltr'>ἁρχὴ</span> <span class='ocrx_word' id='word_1_818' title='bbox 3586 5587 3678 5655; x_wconf 49' lang='lat' dir='ltr'><strong>Ti?</strong></span> 
     </span>
    </p>
   </div>
   <div class='ocr_carea' id='block_1_111' title="bbox 468 5682 2052 5764">
    <p class='ocr_par' dir='ltr' id='par_1_111' title="bbox 468 5683 2038 5751">
     <span class='ocr_line' id='line_1_111' title="bbox 468 5683 2038 5751; baseline 0.004 -10"><span class='ocrx_word' id='word_1_819' title='bbox 468 5694 524 5741; x_wconf 91' lang='lat' dir='ltr'><strong>et</strong></span> <span class='ocrx_word' id='word_1_820' title='bbox 551 5683 674 5742; x_wconf 89' lang='lat' dir='ltr'><strong>fons</strong></span> <span class='ocrx_word' id='word_1_821' title='bbox 704 5689 947 5744; x_wconf 87' lang='lat' dir='ltr'><strong>omnium</strong></span> <span class='ocrx_word' id='word_1_822' title='bbox 980 5689 1245 5746; x_wconf 87' lang='lat' dir='ltr'><strong>bonorum</strong></span> <span class='ocrx_word' id='word_1_823' title='bbox 1272 5710 1283 5748; x_wconf 88' lang='lat'><strong><em>:</em></strong></span> <span class='ocrx_word' id='word_1_824' title='bbox 1321 5700 1373 5746; x_wconf 80' lang='lat' dir='ltr'><strong>at</strong></span> <span class='ocrx_word' id='word_1_825' title='bbox 1405 5692 1566 5747; x_wconf 85' lang='lat' dir='ltr'><strong>homo</strong></span> <span class='ocrx_word' id='word_1_826' title='bbox 1591 5694 1814 5751; x_wconf 81' lang='lat' dir='ltr'><strong>nonnisi</strong></span> <span class='ocrx_word' id='word_1_827' title='bbox 1849 5709 1913 5749; x_wconf 78' lang='lat' dir='ltr'><strong>ex</strong></span> <span class='ocrx_word' id='word_1_828' title='bbox 1946 5708 2038 5748; x_wconf 82' lang='lat' dir='ltr'><strong>su—</strong></span> 
     </span>
    </p>
   </div>
   <div class='ocr_carea' id='block_1_112' title="bbox 2160 5682 3675 5764">
    <p class='ocr_par' dir='ltr' id='par_1_112' title="bbox 2160 5682 3675 5764">
     <span class='ocr_line' id='line_1_112' title="bbox 2160 5682 3675 5764; baseline -0.022 4"><span class='ocrx_word' id='word_1_829' title='bbox 2160 5695 2239 5746; x_wconf 52' lang='grc' dir='ltr'>ίαῖ</span> <span class='ocrx_word' id='word_1_830' title='bbox 2280 5692 2428 5763; x_wconf 81' lang='grc' dir='ltr'>πηγὴ</span> <span class='ocrx_word' id='word_1_831' title='bbox 2462 5691 2569 5746; x_wconf 69' lang='grc' dir='ltr'><strong>τῶν</strong></span> <span class='ocrx_word' id='word_1_832' title='bbox 2606 5689 2863 5764; x_wconf 79' lang='grc' dir='ltr'>ἀγαθῶν·</span> <span class='ocrx_word' id='word_1_833' title='bbox 2913 5690 2941 5744; x_wconf 85' lang='grc' dir='ltr'>ὁ</span> <span class='ocrx_word' id='word_1_834' title='bbox 2980 5690 3036 5745; x_wconf 77' lang='grc' dir='ltr'>δὲ</span> <span class='ocrx_word' id='word_1_835' title='bbox 3077 5689 3216 5761; x_wconf 81' lang='grc' dir='ltr'>ἀνὴρ</span> <span class='ocrx_word' id='word_1_836' title='bbox 3257 5690 3318 5743; x_wconf 72' lang='grc' dir='ltr'>οὔ</span> <span class='ocrx_word' id='word_1_837' title='bbox 3360 5682 3675 5742; x_wconf 54' lang='grc' dir='ltr'>κατόῦσέσὴ</span> 
     </span>
    </p>
   </div>
   <div class='ocr_carea' id='block_1_113' title="bbox 585 5864 1100 5935">
    <p class='ocr_par' dir='ltr' id='par_1_113' title="bbox 585 5864 1100 5935">
     <span class='ocr_line' id='line_1_113' title="bbox 585 5864 1100 5935; baseline 0.004 -15"><span class='ocrx_word' id='word_1_838' title='bbox 585 5865 631 5900; x_wconf 84' lang='grc'><strong>⁸³</strong></span> <span class='ocrx_word' id='word_1_839' title='bbox 662 5864 795 5922; x_wconf 86' lang='lat' dir='ltr'><strong>Luc.</strong></span> <span class='ocrx_word' id='word_1_840' title='bbox 825 5882 977 5935; x_wconf 82' lang='lat' dir='ltr'><strong>xvtn,</strong></span> <span class='ocrx_word' id='word_1_841' title='bbox 1018 5868 1100 5924; x_wconf 83' lang='grc'><strong>19.</strong></span> 
     </span>
    </p>
   </div>
  </div>
