3848 6590
373 385 482 448 955

1275 375 1854 439 THEOPHYLACTI
1884 371 2292 432 BULGARIE
2324 372 2675 432 ARCHIEP.

3498 371 3607 436 956
3653 384 3662 388 ”

363 489 591 561 angelus
633 487 700 542 ad
734 501 855 541 eum
885 504 899 542 :
939 485 1302 554 Praecingere.
1344 495 1396 537 et
1427 485 1616 537 ealrea
1649 495 1701 534 te
1735 482 1936 551 caligas

2042 479 2216 544 λέγων
2243 497 2255 510 ·
2301 479 2530 532 Ἀνάστα
2573 481 2630 532 ἐν
2675 478 2848 548 τάχει.
2897 480 3005 532 Καὶ
3053 478 3308 546 ἐξέπεσον
3349 480 3516 533 αὑτοῦ
3557 483 3616 534 αἱ

367 592 512 637 tuas.
556 581 618 632 Et
648 578 776 633 fecit
811 579 910 632 sic.
953 578 1018 630 Et
1057 577 1194 628 dixit
1226 575 1339 628 illi:
1378 573 1674 629 Circuiuda
1715 573 1808 624 libi
1844 587 1936 626 ve-

369 675 685 728 stimentum
721 679 894 732 tuum,
927 677 979 723 et
1011 682 1240 735 sequere
1271 681 1378 720 me.
1412 665 1476 718 Et
1508 668 1704 718 exiens
1739 677 1934 731 seque-

371 767 525 816 hatnr
555 778 698 823 enin,
731 769 785 813 et
820 760 1098 814 nesciebat
1133 761 1254 828 quia
1289 775 1474 811 verum
1513 768 1620 817 est,
1655 755 1801 824 quod
1841 756 1933 808 lie-

369 855 460 906 hat
515 868 608 921 per
660 852 945 920 angelum;
997 850 1346 904 existimabat
1401 857 1580 903 autem
1643 863 1702 902 se
1760 847 1938 898 visum

365 942 567 994 videre.
613 941 986 993 Transeuntes
1031 947 1212 992 autem
1261 940 1492 1008 primam
1538 947 1594 992 et
1644 937 1936 992 secundam

367 1031 693 1091 custodiam,
734 1039 996 1084 venerunt
1021 1030 1084 1084 ad
1114 1039 1322 1097 portam
1356 1027 1607 1089 ferream,
1643 1044 1762 1096 quas
1790 1027 1940 1082 ducit

366 1133 432 1177 ad
465 1122 766 1186 civitatem,
795 1137 916 1190 quae
950 1123 1095 1175 ultro
1125 1132 1311 1191 aperta
1335 1129 1417 1176 est
1445 1120 1545 1174 eis.
1578 1122 1648 1174 Et
1675 1127 1940 1174 exeuntes

372 1221 757 1282 processerunt
797 1213 978 1267 vicum
1026 1229 1228 1278 uniun,
1273 1221 1328 1268 et
1377 1213 1641 1269 continuo
1687 1212 1940 1268 discessit

366 1306 591 1373 angelus
631 1306 700 1360 ab
737 1321 822 1361 eo.
872 1304 937 1358 Et
975 1305 1171 1360 Petrus
1221 1305 1286 1358 ad
1324 1320 1383 1360 se
1427 1321 1715 1366 reversus.
1757 1305 1935 1360 dixit:

366 1395 524 1448 Nunc
548 1398 662 1449 scio
685 1410 830 1459 vere,
856 1395 982 1464 quia
1013 1395 1163 1449 misit
1187 1394 1446 1450 Dominus
1473 1396 1728 1463 angelum
1755 1409 1937 1457 suum,

366 1495 420 1538 et
453 1485 651 1552 eripuit
685 1501 772 1540 me
799 1485 866 1540 de
901 1500 1064 1539 manu
1093 1485 1349 1553 Herodis,
1389 1494 1443 1542 et
1472 1485 1541 1542 de
1566 1485 1718 1540 omni
1748 1499 1940 1554 exspe-

368 1575 610 1632 elatione
644 1575 821 1646 plebis
846 1573 1180 1632 Judaeorum.

875 1850 1438 1907 COMMENTARIUS.

441 1942 680 2013 Tempus
707 1944 836 2000 illud
863 1944 1131 2013 designat,
1160 1944 1303 2012 quod
1332 1943 1558 1997 Claudio
1589 1945 1804 1999 Caesare
1833 1945 1938 2000 im-

367 2043 592 2103 perante
629 2035 970 2090 decurrebat.
999 2033 1162 2088 Caius
1187 2036 1330 2088 enim
1364 2035 1733 2090 Romanorum
1769 2036 1939 2106 impe-

368 2133 520 2179 rator
571 2126 860 2194 Agrippam
894 2122 1094 2179 Judmaa
1140 2140 1321 2192 regem
1363 2127 1680 2191 consuluit,
1725 2124 1938 2182 Herode

369 2216 529 2287 253
552 2217 621 2270 ob
646 2217 764 2285 ejus
785 2217 906 2271 vita:
929 2216 1329 2284 turpitudinem
1365 2216 1416 2277 in
1439 2218 1690 2271 exsilium
1722 2217 1939 2286 Lugdu-

373 2324 501 2362 num
545 2306 731 2361 Galliae
759 2307 951 2370 misse,
986 2322 1093 2362 una
1124 2323 1246 2382 cum
1280 2325 1447 2364 uxore
1481 2308 1806 2365 llerodiade.
1838 2308 1936 2364 llic

369 2414 479 2452 non
519 2408 603 2453 est
634 2399 745 2466 (18)
787 2397 1028 2453 llerodes
1077 2399 1203 2463 ille,
1242 2400 1333 2469 qui
1378 2401 1642 2470 regnabat
1691 2409 1937 2471 tempore

377 2486 653 2555 passionis
715 2483 969 2552 Domini,
1040 2487 1108 2542 de
1169 2503 1278 2558 quo
1351 2489 1594 2558 loquitur
1665 2489 1936 2561 Joscpbus

367 2578 506 2632 libro
571 2594 697 2633 xvui
775 2578 1202 2649 Antiquitatum',
1271 2591 1326 2636 et
1391 2581 1656 2638 Eusrbius
1719 2583 1814 2640 lib.
1895 2599 1935 2641 lt

370 2669 624 2726 Historiae
681 2671 1074 2727 ecclesiastica.
1123 2671 1217 2727 Vel
1259 2673 1541 2742 igiturhic
1578 2677 1935 2732 commutatio

367 2770 451 2814 est
479 2761 736 2825 nominis,
788 2771 847 2817 ut
891 2764 1099 2818 scilicet
1148 2763 1390 2820 Herodes
1439 2765 1510 2820 sit
1559 2780 1657 2833 pro
1697 2767 1937 2838 Agrippa

368 2854 601 2921 positum
629 2869 642 2907 :
673 2854 754 2908 vel
784 2855 972 2925 lapsus
1001 2863 1083 2909 est
1115 2856 1334 2918 calami,
1361 2864 1418 2910 ut
1453 2858 1749 2914 verisimile
1783 2859 1936 2915 vidc-

368 2952 498 2998 tur:
536 2943 616 2996 vel
651 2944 721 2996 ita
752 2945 961 2998 dictum
996 2955 1101 3011 est,
1133 2947 1277 3013 quod
1314 2961 1409 3000 rex
1452 2947 1542 3002 ille
1571 2947 1679 3002 duo
1717 2951 1938 3004 haberet

369 3031 631 3098 nomina;
665 3047 789 3086 nam
823 3032 1044 3087 aliunde
1069 3044 1121 3089 et
1150 3042 1364 3104 tempus
1393 3043 1444 3089 et
1471 3045 1592 3091 acta
1616 3038 1933 3104 ostendunt,

368 3123 615 3177 eumdem
653 3122 823 3177 fuisse
849 3123 1141 3194 Agrippam
1177 3126 1280 3181 sub
1317 3127 1544 3181 Claudio
1574 3128 1808 3196 Ctesare,
1841 3132 1933 3200 qui

371 3219 494 3282 post
531 3212 721 3266 Caium
764 3211 1134 3271 Romanorum
1177 3217 1278 3273 fuit
1319 3219 1632 3289 imperator.
1674 3240 1692 3274 ι
1725 3220 1935 3277 Occidit

368 3312 573 3361 autem.
619 3321 639 3356 ι
687 3302 764 3359 Ne
810 3305 935 3375 quis
981 3307 1220 3372 diceret,
1267 3321 1552 3378 prepterea
1595 3311 1936 3368 Christianos

373 3403 598 3450 mortem
632 3411 740 3451 non
775 3395 1002 3464 timere,
1038 3400 1181 3468 quod
1214 3401 1348 3454 certi
1381 3412 1583 3466 essent,
1617 3418 1738 3457 sese
1765 3419 1795 3457 a
1827 3381 1939 3458 Deo

369 3489 680 3558 eripiendos
727 3489 878 3558 fore,
923 3492 1130 3548 idcirco
1171 3494 1318 3551 Deus
1358 3513 1544 3552 eorum
1587 3499 1834 3570 aliquos,
1883 3508 1938 3554 et

368 3580 584 3648 quidem
619 3583 954 3650 praecipuos,
991 3585 1182 3652 perimi
1219 3587 1385 3652 sinit,
1422 3598 1480 3643 ut
1513 3589 1591 3643 sic
1624 3589 1936 3644 ostenderet

368 3670 502 3737 ipsis
531 3671 897 3736 occisoribus,
933 3689 1030 3728 eos
1062 3691 1239 3744 neque
1271 3677 1370 3731 hac
1407 3680 1620 3733 ratione
1659 3681 1726 3734 ah
1759 3679 1936 3734 otIicio

369 3777 468 3814 suo
508 3763 763 3828 avocari,
813 3773 909 3819 aut
955 3767 1231 3835 prohiberi
1281 3785 1463 3839 posse.
1520 3789 1537 3822 ι
1599 3770 1863 3828 Tradens.
1911 3791 1931 3826 ι

369 3849 574 3923 Nempe
621 3855 892 3910 sexdecim
943 3873 1170 3912 numero
1218 3877 1233 3913 :
1296 3875 1420 3912 nam
1468 3869 1702 3929 quatuor
1749 3873 1939 3931 quater

371 3955 583 4014 sumpta
608 3943 888 4000 sexdecim
914 3947 1228 4002 coniiciunt.
1258 3946 1512 4004 Fortasse
1541 3951 1686 4004 enim
1721 3952 1773 4005 in
1803 3968 1946 4020 una-g

371 4049 587 4103 quaque
626 4037 825 4104 vigilia,
853 4051 947 4092 seu
979 4037 1209 4105 singulis
1243 4039 1420 4094 tribus
1456 4039 1624 4108 horis,
1659 4051 1814 4097 erant
1840 4059 1937 4099 cu-

372 4127 555 4180 stodes
579 4133 851 4194 quatuor;
891 4137 946 4182 et
973 4138 1204 4197 quatuor
1238 4130 1497 4186 custodes
1524 4148 1617 4202 per
1653 4135 1816 4192 trium
1843 4136 1938 4192 ho-

371 4232 554 4271 rarum
573 4217 816 4287 spatium
843 4221 1113 4287 custodia,
1139 4223 1217 4276 vel
1249 4223 1426 4293 vigilia
1451 4225 1766 4285 dicebatur:
1799 4231 1939 4286 unde

369 4323 562 4364 omnes
597 4309 758 4364 simul
792 4312 1077 4368 duodecim
1107 4316 1283 4371 noetis
1315 4317 1460 4371 bone
1489 4329 1726 4389 quatuor
1757 4330 1942 4378 custo-

368 4400 506 4464 dias,
541 4416 638 4456 seu
665 4403 877 4474 vigilias
904 4407 1408 4476 complectebantnr
1435 4427 1449 4465 :
1484 4413 1539 4465 in
1565 4427 1794 4482 quarum
1826 4414 1938 4467 sin-

2040 570 2258 634 ἁλύσεις
2280 572 2343 624 ἐκ
2363 571 2472 624 τῶν
2495 570 2715 641 χειρῶν.
2739 565 2872 623 Εἷπέ
2891 589 2948 623 τε
2974 571 3108 640 πρὸς
3133 571 3293 624 αὑτὸν
3309 574 3336 624 ὁ
3360 572 3615 638 ἄγγελος·

2041 664 2369 734 Ιῐερξζωσαι.
2400 664 2491 717 καὶ
2523 663 2786 733 ὑπόδησαι
2809 663 2879 715 τὰ
2910 662 3170 716 σανδάλιά
3201 681 3318 718 σου.
3357 662 3621 732 Ἐποίησε

2038 757 2093 810 δὲ
2121 754 2281 809 οὕτω.
2311 757 2417 808 Καὶ
2443 756 2600 822 λέγει
2621 754 2768 825 αὐτῷ
2790 770 2804 784 ⁸
2835 754 3136 824 Περιϐαλοῦ
3159 755 3218 808 τὸ
3249 754 3470 824 ἱμάτιόν
3499 773 3622 812 σου.

2040 849 2134 902 καὶ
2163 846 2445 900 ἀκολούθει
2480 864 2589 916 μοι.
2618 849 2726 899 Καὶ
2753 845 2986 911 ἐξελθὼν
3011 846 3292 917 ἠκολούθει
3322 847 3494 917 αὐτῷ,
3523 849 3623 898 καὶ

2039 941 2139 999 οὐκ
2169 939 2282 1008 ᾔδει
2315 941 2398 992 ὅτι
2429 939 2630 1008 ἀληθές
2659 941 2774 990 ἐστι
2800 939 2862 991 τὸ
2889 939 3170 1009 γινόμενον
3197 938 3299 992 ὑπὸ
3326 937 3423 990 τοῦ
3451 938 3616 1003 ἀγγέ-

2038 1029 2132 1081 λου
2156 1044 2170 1058 ’
2203 1029 2375 1082 ἐδόκει
2403 1029 2459 1082 δὲ
2489 1031 2668 1099 ὅραμα
2703 1028 2939 1098 βλέπειν.
2969 1028 3276 1090 Διελθόντες
3302 1027 3361 1080 δὲ
3391 1027 3622 1098 πρώτην

2041 1117 2290 1188 φυλακὴν
2315 1119 2410 1171 καλ⁵
2437 1118 2714 1189 δευτέραν,
2745 1114 2906 1186 ἦλθον
2935 1119 3031 1170 ἐπὶ
3061 1117 3158 1188 τὴν
3187 1118 3362 1186 πύλην
3391 1117 3492 1186 τὴν
3523 1119 3620 1169 Σι-

2039 1211 2208 1280 δηρᾶν
2246 1197 2346 1279 τὴν
2389 1211 2661 1281 φέρουσαν
2699 1211 2780 1270 εἰς
2814 1209 2912 1278 τὴν
2951 1208 3124 1270 πόλιν,
3168 1209 3290 1276 ἥτις
3331 1207 3620 1277 αὐτομάτη

2039 1300 2263 1372 ἠνοίχθη
2321 1300 2541 1365 αὐτοῖς,
2593 1300 2688 1353 καὶ¹
2741 1300 3044 1364 ἐξελθόντες
3100 1298 3374 1369 προῆλθον
3430 1298 3619 1367 ῥύμην

2044 1394 2173 1462 μίαν
2192 1410 2208 1426 ο
2236 1393 2329 1446 καὶ
2361 1391 2565 1454 εὐθέως
2603 1391 2815 1461 ἀπέστη
2858 1393 2886 1444 δ
2917 1389 3146 1458 ἄγγελος
3174 1389 3269 1442 ἀπ’
3291 1387 3485 1446 αὑτοῦ,
3517 1390 3624 1442 Καὶ

2040 1485 2068 1538 ό
2109 1484 2314 1552 Πέτρος
2353 1483 2645 1553 γενόμενος
2686 1485 2742 1535 ὲν
2777 1481 2952 1551 ἑαυτῷ
2991 1477 3146 1534 εἴπεο
3179 1479 3296 1533 Νῦν
3331 1476 3452 1533 οἶδα
3491 1481 3624 1548 ἁλη·

2041 1575 2149 1639 Θῶς
2167 1616 2182 1639 ,
2208 1577 2289 1630 ὅτι
2316 1574 2664 1640 ἐξαπέστειλε
2692 1572 2896 1643 Κύριος
2920 1573 3010 1626 τδν
3035 1574 3265 1641 ἄγγελον
3289 1572 3459 1625 αὑτοῦ
3483 1612 3500 1635 ,
3530 1573 3624 1626 καὶ

2041 1665 2274 1733 ἐξείλετό
2305 1683 2371 1734 με
2403 1667 2462 1717 ὲκ
2489 1663 2671 1734 χειρὸς
2700 1663 2969 1734 Ἡρώδου.
2996 1664 3090 1716 καὶ
3115 1662 3298 1733 πάσης
3320 1661 3422 1732 τῆς
3449 1679 3621 1734 προσ-

2041 1757 2225 1822 δοκίας
2256 1757 2348 1810 τοῦ
2379 1755 2510 1809 λαοῦ
2537 1755 2647 1808 τῶν
2680 1755 2969 1810 Ἰουδαίων.

2646 1846 3023 1904 ΕΡΜΗΝΕΙΔ.

2115 1938 2352 1993 Ἐκεῖνον
2397 1957 2530 2009 φησι
2558 1939 2650 1994 τὸν
2681 1938 2891 2010 καιρὸν,
2919 1938 3014 1992 τὸν
3045 1938 3139 1992 ἐπὶ
3171 1936 3442 1992 Κλαυδίου
3480 1938 3621 1991 Καί-

2046 2046 2230 2097 σαρος.
2255 2029 2413 2091 Γάϊος
2443 2029 2799 2101 αὐτοκράτωρ
2834 2029 3140 2099 Ῥωμαίων,
3178 2029 3493 2098 Ἀγρίππαν
3527 2047 3626 2082 κα-

2045 2118 2260 2189 Θίστησι
2283 2119 2506 2189 βασιλέα
2527 2121 2628 2190 τῆς
2656 2121 2933 2184 Ἰουδαίας,
2958 2120 3051 2174 τὸν
3075 2119 3324 2192 Ἡρώδην
3348 2120 3618 2190 ὲξορὶσας,

2043 2207 2111 2262 δι’
2133 2211 2462 2282 αἰσχρότητα
2479 2210 2696 2280 βίουκὲν
2713 2211 3029 2281 Λουγδούνῳ
3049 2212 3143 2282 τῆς
3163 2211 3453 2275 Γαλιλαίας
3474 2211 3618 2274 ⁹⁶·⁹τ,

2045 2305 2143 2356 σὺν
2185 2307 2250 2374 τῇ
2294 2306 2514 2373 γυναικὶ
2546 2305 2859 2374 Ἡρωδιάδι.
2902 2300 3071 2368 Οὗτός
3113 2307 3260 2358 ἐστιν
3300 2308 3329 2359 ὁ
3376 2307 3522 2359 κατὰ
3564 2307 3621 2358 τὸ

2046 2395 2218 2459 πάθος
2281 2397 2376 2450 τοῦ
2421 2398 2658 2468 Κυρίου,
2727 2397 2801 2459 ὡς
2843 2399 3046 2468 ἱστορεῖ
3101 2396 3362 2467 Ἰώσηπος
3422 2400 3480 2451 ἐν
3548 2397 3623 2468 τῷ

2046 2494 2116 2557 ιη’
2174 2487 2316 2557 λόγῳ
2367 2489 2466 2557 τῆς
2530 2488 2970 2557 Ἀρχαιολογιας
2997 2529 3011 2552 ,
3081 2489 3175 2543 καὶ
3240 2489 3504 2550 Εὐσέϐιος
3567 2493 3622 2542 ἐν

2042 2579 2120 2648 τῷ
2152 2578 2390 2650 δευτέρω
2419 2579 2561 2648 λόγῳ
2613 2581 2715 2648 τῆς
2745 2579 3296 2647 Ἐκκλησιαστικῆς
3328 2583 3619 2648 ἱστορίας.

2055 2673 2119 2726 Ἠ
2143 2669 2237 2725 οὖν
2259 2672 2524 2741 διαφωνία
2546 2672 2639 2724 τοῦ
2656 2671 3002 2741 γράμματος,
3025 2672 3191 2740 ἧγουν
3213 2671 3307 2723 τοῦ
3333 2671 3622 2740 ὀνόματος,

2042 2765 2278 2819 ἐνταῦθα
2300 2767 2360 2818 τὸ
2385 2765 2563 2832 λέγειν
2585 2764 2708 2820 ἀντὶ
2741 2764 3073 2834 Ἀγρίππαν,
3101 2763 3350 2832 Ἡρώδην
3373 2803 3388 2825 ,
3417 2764 3450 2833 ἦ
3479 2765 3624 2816 κατὰ

2045 2857 2292 2926 σφάλμα,
2321 2855 2398 2920 ὡς
2425 2855 2591 2920 εἰκὸς,
2623 2854 2892 2923 γραφικὸν
2919 2852 3165 2922 γέγονεν,
3196 2854 3228 2925 ἢ
3261 2855 3402 2907 κατὰ
3427 2854 3623 2906 διωθυ·

2044 2948 2176 3016 μίαν
2207 2949 2421 3017 εἴρηται
2443 2961 2458 2975 ·
2491 2947 2613 2998 ἐπεὶ
2645 2946 2740 2998 καὶ
2771 2946 2799 2997 δ
2832 2944 3022 3016 χρόνος
3050 2946 3143 2998 καὶ
3177 2947 3234 2998 αἱ
3271 2943 3499 3015 πράξεις
3528 2946 3623 2998 τὸν

2042 3039 2202 3092 αὑτὸν
2231 3039 2358 3091 ὄντα
2389 3037 2665 3092 δείκνυσιν
2699 3036 3013 3108 ’Δγρίππαν
3046 3037 3139 3088 ἐπὶ
3173 3037 3441 3090 Κλαυδίου
3477 3037 3621 3089 καί-

2045 3145 2228 3197 σαρος,
2255 3127 2313 3191 ὃς
2346 3130 2481 3198 μετὰ
2509 3128 2669 3180 Γαῖον
2695 3126 2918 3195 γέγονεν
2944 3126 3322 3196 αὐτοκράτωρ.
3358 3145 3377 3178 ι
3415 3126 3618 3178 Ἀνεῖλε

2038 3218 2114 3273 δέ.
2157 3239 2175 3270 ι
2203 3219 2322 3272 Ἵνα
2355 3218 2540 3288 μηδεὶς
2567 3219 2727 3289 λέγῃ,
2757 3219 2842 3271 ὅτι
2870 3218 2968 3272 Διὰ
2997 3217 3152 3271 τοῦτο
3185 3217 3486 3280 ἀκινδύνως
3523 3220 3618 3270 καὶ

2039 3309 2209 3372 ἀδεῶς
2241 3309 2623 3378 κατατολμῶσι
2656 3307 2749 3360 τοῦ
2784 3307 3051 3371 Θανάτου,
3083 3306 3178 3361 an
3212 3306 3614 3377 ἐξαρπάζοντος

2037 3402 2235 3463 αὐτοὺς
2258 3400 2352 3454 τοῦ
2382 3399 2518 3453 Θεοῦ
2536 3415 2550 3429 ο
2585 3399 2671 3452 διὰ
2700 3400 2863 3454 τοῦτο
2891 3399 3164 3468 συγχωρεῖ
3194 3397 3288 3452 καὶ
3316 3398 3616 3469 ἀναιρεθῆ-

2037 3509 2125 3545 ναι
2155 3490 2280 3552 τοὺς
2311 3489 2661 3558 κορυφαεους,
2691 3488 2893 3542 πείθων
2921 3489 3116 3550 αὐτοὺς
3148 3486 3297 3560 [τοὺς
3326 3486 3616 3559 ἀναιροῦν-

2037 3582 2156 3655 τας]
2197 3584 2279 3636 ὅτι
2320 3582 2443 3635 οὐδὲ
2483 3581 2658 3636 ταῦτα
2697 3581 2988 3652 ἀφίστησιν
3023 3581 3218 3644 αὐτοὺς
3260 3581 3351 3634 καὶ
3395 3580 3614 3634 κωλύει.

2045 3694 2064 3728 ι
2103 3675 2407 3745 Παραδούς.
2444 3693 2463 3726 ι
2496 3674 2755 3727 Τουτὲστι
2781 3674 2870 3726 τὸν
2896 3673 3128 3746 ἀριθμὸν
3153 3673 3347 3740 δεκαέξ
3372 3689 3389 3705 ·
3419 3674 3611 3745 τετρὰ-

2039 3783 2121 3830 κις
2159 3766 2264 3836 γὰρ
2292 3764 2359 3818 τὰ
2388 3764 2628 3833 τέσσαρα
2661 3763 2901 3831 γίνονται
2933 3762 3148 3828 δεκαέξ.
3175 3764 3336 3823 Ἴσως
3371 3762 3610 3815 καθεκά-

2041 3875 2172 3926 στην
2201 3855 2451 3926 φυλακὴν
2469 3897 2482 3920 ,
2515 3855 2761 3908 τουτέστι
2790 3856 3056 3926 τριωρ-ίαν
3074 3895 3088 3920 ,
3121 3850 3258 3908 εῖναι
3297 3853 3547 3922 φυλακὰς
3569 3851 3615 3885 ⁸⁸

2037 3949 2310 4018 τέσσαρας
2331 3964 2346 3980 ο
2383 3948 2490 4001 εἰσὶ
2519 3946 2574 4000 δὲ
2605 3946 2843 4015 φυλακαὶ
2865 3948 2910 3979 ⁸⁵
2941 3948 3204 4016 τέσσαρες
3227 3984 3242 4009 ,
3276 3943 3422 3996 κατὰ
3452 3959 3614 4014 τριω-

2041 4041 2164 4113 ρεαν
2188 4039 2406 4110 φυλακὴ
2429 4039 2698 4110 λεγομένη
2720 4054 2734 4069 °
2761 4039 2836 4102 ὡς
2866 4035 3005 4092 εἶναι
3032 4037 3090 4091 τὸ
3117 4036 3473 4105 δωδεκάωρον
3499 4035 3614 4089 ὅλον

2027 4135 2135 4204 τῆς
2165 4133 2379 4198 νυκτὸς,
2407 4131 2654 4201 φυλακὰς
2680 4131 2974 4201 τέσσαρας,
3003 4131 3058 4182 ὲν
3089 4122 3175 4190 αἷς
3206 4127 3308 4180 ἀνὰ
3335 4125 3611 4194 τεσσάρων

2041 4224 2390 4295 στρατιωτῶν
2440 4223 2846 4293 φυλασσόντων,
2895 4222 2945 4274 οἱ
2993 4221 3194 4282 πάντες
3240 4218 3333 4270 τὸν
3383 4219 3610 4288 ἀριθμὸν

2040 4318 2348 4385 ἑξκαίδεκα.
2384 4337 2402 4370 ι
2436 4315 2765 4388 Περίζωσαι.
2803 4333 2822 4366 ι
2856 4314 2961 4366 Τοῦ
2994 4311 3196 4389 Κυρίου
3224 4310 3476 4374 εἰπόντος
3504 4311 3609 4371 τοῖς

2044 4411 2334 4480 μαθηταῖς,
2379 4409 2452 4480 μὴ
2494 4406 2798 4476 κτήσασθαι
2841 4405 3060 4476 χρυσὸν,
3102 4403 3133 4472 ἦ
3180 4401 3443 4472 ἄργυρον,
3484 4399 3609 4470 μηδὲ

369 4493 541 4562 gulis,
589 4509 711 4548 cum
757 4504 991 4566 quatuor
1034 4499 1293 4556 custodes
1332 4502 1646 4571 vigilarent,
1681 4503 1735 4558 hi
1775 4504 1936 4570 simul

2042 4502 2134 4555 δύο
2173 4501 2437 4571 χιτῶνας.
2485 4500 2617 4570 μηδὲ
2660 4497 3006 4567 ὑποδήματα,
3053 4493 3186 4564 μηδὲ
3224 4491 3438 4561 ζώνην,
3483 4490 3606 4561 μηδὲ

367 4601 556 4640 «mines
589 4587 955 4643 conﬁciebant
984 4593 1282 4647 sexdecim.
1318 4591 1706 4664 cl’raecingere.
1746 4614 1765 4648 ι
1801 4597 1935 4652 Cum

371 4674 631 4730 Dominus
654 4675 942 4746 discipulis
973 4682 1088 4735 suis
1127 4684 1463 4751 praeceperit,
1497 4699 1562 4739 ne
1596 4703 1613 4736 ι
1646 4684 1690 4715 ⁵⁸
1717 4699 1935 4751 aurum,

367 4775 462 4820 aut
509 4777 793 4836 argentum
864 4773 1237 4841 possiderent,
1291 4791 1467 4845 neque
1527 4777 1663 4832 duas
1704 4778 1936 4842 tunicas,

371 4873 542 4926 neque
575 4858 972 4926 calceamenta,
1018 4877 1191 4932 neque
1231 4880 1454 4929 zonam,
1499 4879 1673 4935 neque
1727 4865 1934 4934 virgam

370 4949 670 5016 haberent;
709 4968 728 5002 ι
764 4953 1040 5020 quomodo
1077 4952 1272 5012 Petrus
1313 4957 1627 5012 mandatum
1669 4955 1936 5022 ejusmodi

460 5065 507 5101 ⁵⁸
536 5064 726 5121 Matth.
760 5083 814 5131 x,
850 5069 936 5124 10.

2044 4592 2261 4663 ῥάϐδον,
2316 4591 2432 4653 πῶς
2463 4593 2489 4644 ό
2521 4590 2724 4660 Πέτρος
2758 4588 2908 4658 παρὰ
2939 4587 3000 4639 τὸ
3035 4584 3366 4655 πρόσταγμα
3400 4583 3602 4644 ἐποίει,

2042 4685 2136 4738 καὶ
2172 4684 2362 4752 ἱμάτια
2393 4682 2553 4752 ἔχων,
2585 4682 2680 4734 καὶ
2713 4680 3066 4749 ὑποδήματας
3098 4676 3163 4728 Τί
3193 4675 3250 4728 δὲ
3281 4675 3376 4728 καὶ
3410 4675 3436 4728 ό
3472 4671 3605 4727 Παῦ-

2044 4773 2153 4835 λος,
2181 4773 2308 4826 ὅταν
2337 4771 2688 4841 παραγγέλλῃ
2717 4768 2964 4838 Τιμοθέῳ
2990 4766 3236 4834 γράφων·
3261 4781 3279 4815 ι
3311 4763 3415 4816 Τὸν
3443 4759 3604 4832 φελώ-

2041 4879 2170 4931 νην,
2200 4862 2263 4915 δν.
2291 4862 2556 4915 ἀπέλιπον
2589 4862 2646 4914 ὲν
2674 4858 2889 4930 Τρωάδι
2922 4856 3074 4928 παρὰ
3107 4856 3352 4926 Κάρπῳ,
3383 4853 3602 4924 ἐρχόμε-

2043 4971 2132 5015 νος
2163 4953 2330 5024 (pios;
2363 4973 2381 5006 ι
2403 4953 2532 5007 Ἰδοὺ
2566 4951 2811 5023 (paid:qu
2841 4947 2975 5021 εἶχε,
3007 4949 3101 5002 καὶ
3122 4947 3220 5000 οὐκ
3238 4943 3303 5000 ἂν
3334 4944 3446 5015 ἔχει
3474 4943 3558 4999 τοῦ
3583 4942 3599 4975 ¹

1569 5165 1765 5227 Varia
1802 5165 2110 5229 lectiones
2152 5171 2214 5229 et
2259 5171 2453 5229 noue.

439 5261 564 5295 ""7
583 5262 835 5329 Γαλλίας.
911 5263 958 5299 ⁸⁸
986 5264 1254 5336 φύλακας.

389 5465 394 5474 ·
442 5441 550 5510 (18)
591 5441 724 5494 Tam
771 5441 944 5514 codex
991 5452 1178 5514 noster
1225 5461 1387 5514 quam
1415 5442 1818 5514 Florentinus,
1867 5462 1932 5501 ac

369 5513 532 5563 etiam
575 5520 753 5564 textus
789 5513 965 5566 editus
1005 5513 1107 5568 sub
1140 5513 1358 5568 nomine
1394 5513 1742 5576 OEcumenii.
1790 5520 1932 5572 sicut

369 5581 534 5653 etiam
575 5581 755 5653 versio
793 5579 1074 5653 llentenii,
1122 5585 1322 5638 habent
1365 5601 1460 5652 per
1493 5583 1929 5653 allii-litationem,

369 5651 453 5700 hic
480 5658 580 5724 est.
616 5650 682 5702 At
717 5651 788 5702 ita
822 5650 1129 5724 legendum,
1166 5664 1217 5705 ul
1260 5650 1548 5724 ego‘verti.
1583 5670 1776 5724 nempe
1805 5650 1928 5710 cum

370 5719 692 5793 negatione,
733 5735 838 5772 non
871 5719 1094 5782 dubito,
1134 5729 1246 5774 tum
1291 5719 1414 5789 quia
1447 5725 1496 5776 id
1533 5719 1932 5793 exigit'veritas

374 5789 634 5854 liistorizr,
659 5798 708 5843 et
737 5797 1026 5842 contrxtus
1051 5793 1142 5858 qui
1165 5794 1439 5860 sequitur;
1471 5802 1583 5848 tum
1614 5789 1738 5864 quia
1761 5795 1934 5866 Chry-

1331 5264 1377 5297 ’θ
1400 5263 1658 5333 φύλακες.
1736 5268 1752 5298 ⁸
1786 5266 1899 5336 ἔχοι
1929 5283 2035 5330 τις.

2039 5455 2348 5512 sostomus,
2389 5445 2535 5500 unde
2573 5445 2750 5514 quoad
2789 5445 3080 5500 maximam
3127 5450 3338 5513 partem
3381 5440 3590 5514 desum-

2038 5526 2162 5582 ptns
2211 5526 2294 5571 est
2348 5517 2449 5570 iste
2497 5513 2974 5578 Commentarius,
3026 5517 3369 5582 negationem
3417 5513 3588 5565 habet.

2039 5587 2161 5641 l-lzee
2196 5588 2358 5641 verba
2399 5585 2518 5650 eius
2551 5594 2678 5637 sunt
2722 5587 2867 5637 hom.
2903 5601 3049 5648 xxvi,
3094 5587 3144 5637 in
3183 5585 3340 5645 Acta,
3372 5597 3514 5633 num.
3554 5603 3585 5636 ι.

2039 5651 2206 5715 Οὗτος
2235 5657 2342 5723 γὰρ
2381 5651 2573 5726 οὺξνῆν
2598 5655 2624 5705 ό
2659 5655 2748 5705 ἐπὶ
2787 5653 2877 5726 τοςΰ
2921 5651 3180 5726 Χριστοῦ,
3223 5652 3322 5706 llic
3357 5666 3454 5705 non
3483 5656 3587 5703 erat

2037 5728 2081 5782 is
2110 5727 2196 5795 qui
2225 5731 2415 5781 vivente
2438 5723 2647 5779 Christo
2677 5723 2946 5793 regnabat.
