3848 6584
107 408 200 476 957
716 403 1252 467 EXPOSITIONIS
1274 404 1358 467 IN
1390 403 1582 466 ACTA
1616 403 1918 468 TEXTUS
1944 406 2290 469 ALTER.—
2317 406 2480 469 CAP.
2513 405 2655 469 XII.
3223 399 3326 468 958

110 521 289 586 εἰπεῖν,
324 517 411 572 ὅτι
450 513 546 583 κα).
580 514 767 587 ἕτερον
803 516 905 569 οὐκ
943 511 1086 586 εἶχεν
1116 513 1151 587 ἢ
1189 514 1249 568 δν
1285 515 1491 584 ἐφόρει.
1517 510 1628 585 *Δρ

1810 516 2028 586 eglexit,
2061 515 2270 572 habens
2325 522 2381 570 et
2412 514 2755 575 vestimenta,
2786 518 2840 567 et
2875 524 3094 575 zonam,
3128 518 3184 566 et
3215 513 3329 565 cal-

109 612 413 684 παρήκουσε
457 604 549 661 τοῦ
594 605 866 677 Χριστοῦς
908 605 974 659 Τί
1013 601 1107 658 οὖν
1146 607 1298 671 tam;
1340 605 1423 658 Τὰ
1468 604 1628 658 ἑπιτά

1807 608 2088 664 ramenta?
2129 607 2194 661 Et
2222 605 2495 678 quomodo
2524 606 2686 660 etiam
2725 605 2963 670 Paulus,
3004 601 3097 673 qui
3140 601 3326 657 Timo-

109 717 308 772 γματα,
341 697 511 767 φησὶν
533 698 579 760 ²,
611 696 821 758 ἐκεῖνα,
857 694 991 765 πρὸς
1016 695 1206 765 καιρὸν
1230 690 1330 766 ἦν,
1360 695 1456 747 καὶ
1485 694 1544 747 οὗ
1574 693 1625 746 δι

1810 716 1891 755 leo
1920 700 2263 755 scribebat"
2295 716 2309 753 :
2348 716 2367 750 t
2399 697 2658 753 Penulam
2692 710 2854 765 quam
2888 693 3086 763 reliqui
3112 690 3329 747 Troade

110 789 317 854 ταντός.
345 788 474 842 Ὅτι
500 785 557 841 δὲ
586 784 783 855 ἀληθές
809 786 947 851 ἐστι,
974 785 1188 847 Λουκᾶς
1214 784 1251 869 ὁ]
1272 783 1629 855 εὐαγγελιστὴ

1807 793 1905 864 pud
1941 792 2200 861 Carpum,
2233 789 2454 845 veniens
2485 787 2616 843 affer
2644 795 2849 852 tecum,
2893 804 2913 838 ι
2944 786 3197 856 penulam
3228 784 3326 838 ha-

114 879 409 950 μαρτυρεῖο
456 876 588 946 φησὶ
632 877 743 947 γάρ
788 875 1068 948 εἰρηκέναι
1104 877 1218 939 τοῖς
1264 875 1532 945 μαθηταῖς
1573 874 1633 926 τὸ

1808 883 1964 940 ebat?
1997 882 2185 951 Neque
2212 894 2340 935 vero
2367 879 2548 934 dicere
2579 877 2700 948 quis
2739 883 2936 949 potest,
2967 891 3092 931 eum
3121 875 3327 929 nullam

111 968 329 1041 Χριστόν
349 985 366 1000 ·
418 987 441 1021 ι
475 968 603 1022 ὀτε
647 966 943 1021 ἀπέστειλα
985 966 1129 1037 ὑμᾶς
1171 965 1306 1037 ἄτερ
1351 964 1630 1035 βαλαντίου

1807 976 1950 1040 liam,
1974 984 2172 1043 praeter
2208 986 2327 1027 eam
2357 985 2520 1039 quam
2550 967 2755 1025 ferebat
2780 971 3019 1023 tunicam
3045 966 3326 1023 habuisse.

110 1063 192 1115 καὶ
217 1064 424 1131 πήρας,
452 1059 547 1113 καὶ
576 1056 773 1130 ζώνης,
797 1058 892 1112 καὶ
918 1058 1303 1128 ὑποδημάτων,
1332 1058 1407 1129 μή
1434 1074 1484 1111 τι
1512 1056 1629 1110 ὑστέ

1813 1079 1982 1133 rgone
2025 1061 2344 1118 inobediens
2373 1060 2473 1115 fuit
2497 1059 2759 1116 Christo?
2782 1057 2923 1126 Quid
2950 1058 3117 1129 igitur
3143 1056 3332 1113 dicen-

112 1167 259 1223 ρησεν
302 1151 468 1220 ὕμῖν;
512 1149 772 1218 Λέγουσιν
817 1147 1002 1219 αὐτῷ·
1052 1146 1164 1201 Οΰέ
1206 1165 1225 1200 t
1280 1143 1415 1202 Εἶτά
1458 1163 1623 1219 φησιν

1811 1154 1931 1209 um?
1971 1153 2178 1223 Nempe
2223 1151 2491 1222 ejusmodi
2542 1158 2808 1221 pracepta
2853 1148 2919 1202 ad
2960 1157 3173 1217 tempus
3206 1145 3330 1202 data

115 1263 132 1297 ι
167 1241 320 1297 Ἀλλὰ
349 1242 451 1296 νῦν
475 1240 620 1310 λέγω
643 1240 772 1309 ὑμῖν
791 1256 806 1272 ο
841 1240 900 1293 ⁸0
923 1241 1063 1309 ἔχων
1090 1237 1376 1310 βαλάντιον
1394 1277 1410 1302 ,
1477 1238 1634 1310 ἀράτι

1809 1245 1960 1310 tisse,
1991 1259 2100 1298 non
2124 1251 2184 1297 ut
2207 1252 2471 1311 perpetuo
2493 1247 2862 1296 servarentur.
2889 1237 3046 1304 Quod
3080 1239 3153 1291 ita
3182 1251 3328 1300 esse,

107 1335 290 1405 ὁμοίως
319 1332 417 1386 καὶ
450 1333 656 1403 πήραν.
694 1348 716 1384 ι
747 1331 904 1394 Τίνος
932 1329 989 1382 δὲ
1019 1329 1204 1384 ἕνεκεν
1232 1328 1392 1383 τοῦτο
1418 1327 1539 1383 τότε
1567 1330 1626 1381 ἐπ

1813 1333 2081 1391 :stimonio
2109 1342 2194 1389 est
2219 1333 2418 1398 Lucas,
2451 1346 2576 1387 cum
2614 1328 2782 1384 refert
2812 1328 3092 1384 Christum
3123 1326 3332 1382 dixisse

111 1424 281 1490 ἐταξε;
308 1424 426 1494 Τὴν
447 1422 679 1493 δύναμιν
704 1419 869 1475 αὐτοῦ
899 1420 1069 1485 δεῖξαι
1097 1419 1438 1491 βουλόμενος.
1465 1418 1530 1472 Εί
1556 1417 1630 1471 τοι

1814 1425 2051 1495 iscipulis
2076 1424 2162 1479 ὀι
2198 1440 2219 1475 ι
2253 1421 2487 1489 Quando
2532 1420 2656 1476 misi
2700 1434 2798 1475 vos
2837 1418 2956 1474 sine
3005 1417 3245 1479 sacculo,
3279 1423 3333 1471 et

110 1534 191 1569 νυν
223 1515 319 1569 ενα
362 1513 474 1568 ἔδει
516 1513 718 1585 χιτῶνα
763 1511 909 1584 ἔχειν
944 1511 1036 1566 τὸν
1077 1511 1311 1577 Παῦλον,
1354 1514 1404 1566 εί
1446 1510 1629 1565 πλύνει

1817 1531 1917 1581 πα,
1940 1525 1995 1572 et
2011 1514 2418 1579 calceamentis,
2439 1511 2705 1583 numquid
2728 1509 2934 1581 aliquid
2960 1509 3134 1565 defuit
3155 1506 3336 1563 vobis?

111 1604 254 1660 αὑτὸν
288 1603 420 1669 ἔδει,
463 1601 672 1674 γυμνὸν
712 1600 874 1656 αὑτὸν
911 1601 1081 1672 ἐχρῆν
1119 1601 1258 1655 οῐκοι
1302 1601 1592 1670 καθῆσθαι,

1817 1616 1837 1662 ι
1871 1607 1950 1662 illi
1992 1606 2283 1662 dixerunt:
2317 1604 2482 1660 Nihil.
2529 1621 2548 1656 ι
2588 1602 2793 1659 Deinde
2841 1601 2956 1656 ait:
2992 1620 3012 1654 ι
3046 1599 3154 1656 Sed
3189 1616 3335 1655 nunc

110 1695 297 1764 γυμνὸν
328 1694 501 1749 αὐτὸν
528 1696 821 1766 περιιέναι,
851 1696 945 1749 καὶ
975 1697 1325 1766 ἀσχημονεῖν,
1352 1695 1540 1766 χρείας
1567 1711 1629 1747 κα

1818 1699 1859 1754 ri
1886 1697 2048 1755 habet
2073 1696 2376 1763 sacculum,
2400 1696 2555 1751 tollat
2578 1694 2829 1750 similiter
2848 1701 2903 1748 et
2935 1707 3145 1763 peram.
3177 1710 3198 1744 ι
3224 1691 3337 1748 Cur

111 1783 320 1854 λούσης;
366 1785 486 1839 Οὐκ
530 1784 637 1839 ἔδει
671 1783 959 1857 τοιγαροῦν
1000 1785 1089 1838 τδν
1132 1784 1364 1853 Παῦλον,
1407 1787 1500 1840 ἐπὶ
1541 1802 1630 1839 τοο

1815 1805 1896 1846 aro
1934 1795 2069 1843 tunc
2117 1788 2222 1842 hoc
2272 1784 2569 1858 praecepit?
2615 1782 2880 1837 Videlicet
2925 1790 2988 1836 ut
3034 1779 3334 1851 potentiam

112 1875 269 1938 οὐτοις
292 1873 685 1946 κατορθώμασι
723 1875 1007 1948 περιιόντα
1037 1875 1135 1948 τὴν
1167 1877 1520 1949 οἰκουμένην,
1572 1877 1631 1930 δικ

1818 1895 1918 1936 iam
1955 1878 2350 1935 manifestaret.
2409 1876 2560 1932 Alias
2601 1889 2761 1942 vero,
2820 1874 2869 1930 si
2912 1868 3083 1928 Paulo
3119 1871 3337 1926 nonnisi

115 1966 311 2037 ίματίου
366 1966 580 2020 ἔνδειαν
630 1968 768 2020 οἴκοι
819 1965 1134 2037 καθῆσθαι,
1187 1968 1283 2021 καὶ
1328 1966 1631 2039 τηλικοῦτοι

1818 1986 1928 2025 nam
1958 1970 2199 2025 tunicam
2230 1968 2431 2026 habere
2460 1967 2730 2033 licuisset,
2761 1965 2984 2036 quando
3016 1978 3080 2019 ea
3108 1962 3337 2018 lavanda

115 2054 415 2125 πράγμασιν
460 2053 797 2124 ἐμποδίζειν.
837 2055 905 2108 Τί
952 2054 1032 2120 δὲ,
1074 2056 1123 2108 εί
1171 2056 1382 2125 κρυμὸς
1429 2055 1634 2110 ﬁnesid

1820 2071 1902 2125 at,
1934 2061 2288 2132 oportuisset,
2315 2061 2519 2113 nudum
2539 2057 2688 2113 domi
2715 2055 2927 2120 sedere,
2957 2062 3072 2122 aut,
3096 2053 3339 2109 necessi-

116 2146 343 2217 σφοδρδς,
375 2146 475 2200 καὶ
509 2146 856 2217 κατέϐρεξεν,
884 2146 923 2216 ἦ,
949 2147 1251 2215 ὲπάγωσεν,
1280 2146 1338 2201 δν
1362 2147 1547 2219 ἐφόρει
1578 2163 1632 2217 χι

1816 2160 1877 2207 ite
1904 2160 2156 2222 urgente,
2175 2150 2379 2207 nudum
2402 2163 2615 2206 summa
2639 2163 2762 2205 cum
2781 2146 3079 2219 ignominia
3093 2145 3335 2202 circum-

117 2236 274 2304 τῶνα;
306 2237 434 2300 Πῶς
469 2236 823 2310 ξηραίνεσθαι
855 2238 1013 2308 ὲνῆν;
1042 2239 1114 2293 Ἦ
1146 2238 1310 2292 πάλιν
1339 2238 1544 2308 γυμνὸν
1572 2240 1635 2309 ἐχ

1821 2260 1882 2299 e:
1912 2243 2077 2315 254
2101 2251 2153 2298 ει
2176 2242 2419 2313 profecto
2440 2256 2549 2295 non
2572 2240 2817 2303 decebat,
2860 2236 3114 2302 Paulum,
3145 2237 3239 2307 qui
3269 2233 3340 2289 ob

121 2328 206 2395 ρῆν
234 2328 531 2398 καθῆσθαι.
564 2327 641 2382 Τί
661 2328 747 2395 δὲ,
775 2331 824 2383 εί
857 2328 1026 2400 ψύχος
1060 2329 1341 2384 κατέτεινε
1375 2329 1435 2383 τδ
1469 2329 1631 2400 σῶμα

1827 2337 1900 2389 nti
1948 2335 2210 2389 momenti
2261 2334 2478 2406 negotia
2521 2341 2694 2387 totum
2747 2329 3011 2386 mundum
3050 2340 3342 2400 peragrare

118 2417 371 2489 Τήκεσθαι
390 2419 503 2473 ἔδει
529 2420 622 2474 καὶ
649 2420 727 2489 μὴ
753 2420 1113 2489 φθέγγεσθαις
1139 2421 1250 2474 Καὶ
1274 2419 1327 2473 τί
1350 2418 1416 2474 ἂν
1438 2419 1523 2491 εἴη
1551 2420 1637 2472 τοῦ

1819 2426 2023 2489 ebebat,
2041 2427 2363 2498 operimenti
2387 2424 2629 2480 carentia
2653 2421 2799 2476 domi
2821 2422 3059 2479 otiosum
3081 2416 3338 2484 detineri,

118 2526 196 2562 του
219 2510 629 2580 χαλεπώτερονς
652 2510 787 2564 Οὐδὲ
817 2511 926 2581 γὰρ
957 2511 1293 2580 ἀδαμάντινα
1323 2508 1551 2580 σώματα
1578 2509 1637 2563 at

1818 2558 1823 2569 ,
1853 2533 1881 2571 a
1912 2525 1992 2573 tot
2027 2517 2304 2588 praeclaris
2331 2516 2668 2572 facinoribus
2697 2513 3011 2570 necessario
3042 2509 3337 2583 prohiberi.

121 2604 214 2666 τοῖς
238 2599 1233 2672 κατεσκεύαστο.Τίοῦνς’Δπόλλυσθαι
1265 2604 1463 2674 ὲχρῆν;
1491 2603 1640 2657 Οὐδα

1823 2608 1914 2663 uid
1939 2623 2087 2673 vero,
2116 2608 2161 2664 si
2189 2609 2479 2662 vehemens
2506 2604 2805 2676 ingruisset
2826 2602 3021 2673 frigus,
3046 2615 3109 2656 ac
3132 2598 3338 2662 tunica,

124 2693 241 2762 μῶς.
271 2694 444 2749 Τοῦτο
486 2695 545 2750 δὲ
614 2694 797 2761 καθὼς
834 2696 1069 2767 εἴρηται,
1109 2695 1231 2750 τότε
1272 2684 1524 2760 ἐπέταξε,
1565 2695 1643 2766 τὴς

1823 2714 1931 2752 iam
2000 2700 2281 2769 gestabat,
2345 2695 2682 2758 madefacta,
2740 2693 2973 2763 geluque
3041 2687 3342 2747 constricta

122 2784 322 2857 δύναμιν
364 2787 537 2841 αὑτοῦ
581 2787 750 2853 δεῖξαι
796 2787 1140 2859 βουλόμενος,
1179 2787 1261 2841 ὅτι
1301 2786 1514 2850 οὐδενὸς
1553 2786 1641 2840 τῶι

1830 2791 2000 2847 isset?
2047 2788 2328 2856 Quomodo
2370 2802 2489 2843 eam
2524 2786 2802 2841 exsiccare
2827 2781 3108 2839 licuisset?
3134 2779 3343 2834 Rursus

122 2875 416 2946 ἐπιτηδείων
452 2879 868 2950 ὑστερήσουσιν.

1823 2896 1995 2937 :cesse
2022 2879 2238 2944 fuisset,
2264 2888 2321 2932 ut
2343 2877 2522 2931 nudus
2558 2875 2615 2928 in
2642 2872 2842 2944 angulo
2864 2872 3099 2928 sederet.
3122 2870 3190 2922 At
3212 2867 3342 2938 quid

125 2968 163 3022 si
192 2968 354 3039 frigus
379 2984 586 3040 corpus
610 2971 781 3041 ipsius
823 2970 1006 3027 acrius
1036 2970 1389 3027 divexasset?
1425 2969 1613 3028 Nonne
1642 2971 1976 3043 oportuisset
2027 2986 2151 3026 eum
2210 2969 2277 3025 ad
2326 2978 2569 3022 extrema
2620 2979 2744 3020 cum
2793 2963 3011 3021 silentio
3049 2958 3346 3016 devenire?

123 3056 278 3122 Quare
326 3062 465 3132 quid
497 3061 692 3118 fuisset
720 3061 1229 3134 acerbius?Ncque
1253 3064 1400 3120 enim
1432 3079 1665 3136 corpora
1705 3081 1770 3121 ex
1812 3065 2100 3120 adamante
2142 3061 2411 3119 fabricata
2455 3059 2566 3113 illis
2614 3057 2846 3113 fuerant.
2925 3053 3070 3122 Quid
3157 3052 3343 3124 igitur,

124 3150 278 3219 perire
310 3151 645 3221 oportebat?
668 3152 782 3207 Non
818 3155 1023 3224 utique.
1054 3151 1160 3209 Sed
1200 3154 1279 3224 id,
1311 3163 1371 3210 ut
1420 3156 1532 3226 jam
1597 3155 1857 3223 diximus,
1924 3164 2058 3211 tunc
2119 3152 2376 3226 praecepit
2402 3149 2674 3216 Christus,
2706 3159 2767 3204 ut
2800 3155 2983 3202 notam
3013 3144 3216 3201 faceret
3250 3158 3348 3216 po-

125 3247 322 3302 tentiam
347 3261 536 3309 suam,
567 3247 822 3313 quoniam
869 3247 1110 3303 futurum
1142 3256 1282 3313 erat,
1311 3256 1371 3305 ut
1400 3249 1535 3306 nihil
1564 3266 1629 3306 ex
1662 3252 1989 3308 necessariis
2015 3251 2120 3306 illis
2145 3249 2375 3305 deesset.

524 3335 603 3406 Τῇ
645 3334 691 3405 β’
721 3336 819 3406 τῆς
850 3341 892 3388 ε’
938 3336 1251 3407 ἑϐδομάδος.
1697 3345 1744 3407 C
1810 3380 1815 3383 ν

1697 3345 1744 3407 C
1810 3380 1815 3383 ν
2134 3338 2293 3395 Feria
2320 3339 2355 3392 2
2388 3336 2739 3394 hebdomadas
2769 3334 2992 3406 quintae.

699 3425 1088 3481 KEJMENON.
2416 3427 2714 3485 TEXTUS.

183 3516 412 3573 Συνιδῶν
461 3533 523 3570 τε
577 3511 739 3588 ἦλθεν
793 3516 886 3571 ἐπὶ
922 3517 1035 3589 ,τὴν
1087 3518 1266 3572 οίκίαν
1308 3518 1528 3589 Μαρίας
1570 3519 1674 3589 τῆς

1843 3524 1959 3592 Xll,
1985 3526 2004 3580 f
2014 3525 2166 3580 2-17.
2185 3523 2659 3594 Consideransque
2673 3519 2821 3576 venit
2842 3518 2907 3574 ad
2926 3516 3143 3573 domum
3165 3513 3348 3570 Mariae

132 3610 310 3679 μητρὸς
378 3610 626 3663 Ἰωάννου
673 3606 769 3662 τοῦ
826 3608 1261 3680 ἐπικαλουμένου
1318 3610 1570 3682 Μάρκου,
1611 3608 1651 3665 oi

1832 3619 1964 3673 atris
1995 3616 2237 3687 Joannis,
2281 3617 2376 3688 qui
2416 3614 2832 3687 cognominatus
2862 3619 2946 3666 est
2979 3609 3213 3674 Marcus,
3254 3606 3347 3661 ubi

129 3695 247 3770 ἦσαν
309 3702 496 3757 ἱκανοὶ
562 3701 1014 3773 συνηθροισμένοι
1074 3703 1166 3756 καί⁸
1225 3704 1648 3776 προσευχόμενοι

1827 3720 1930 3765 'nnt
1959 3711 2121 3766 multi
2151 3710 2463 3781 congregati
2490 3714 2545 3763 et
2582 3711 2826 3762 orantes.
2873 3702 3135 3757 Pulsante
3165 3707 3346 3755 autem

132 3792 457 3863 Κρούσαντος
479 3792 535 3846 δὲ
566 3792 732 3846 αὐτοῦ
772 3794 874 3863 τὴν
904 3791 1076 3864 θύραν
1102 3791 1197 3848 τοῦ
1225 3794 1469 3859 πυλῶνος
1500 3812 1651 3866 προσι

1825 3820 1839 3856 ι
1885 3804 2083 3859 ostium
2116 3803 2315 3873 ianuae,
2358 3800 2622 3871 processit
2667 3798 2848 3869 puella
2884 3796 2950 3851 ad
2993 3791 3344 3852 audiendum.

129 3882 238 3953 ἦλθε
262 3885 525 3955 παιδίσκη
554 3884 886 3950 ὑπακοῦσαι,
935 3886 1160 3957 ὀνόματι
1203 3885 1358 3960 Ῥόδη
1384 3904 1398 3920 ·
1431 3889 1525 3942 καὶ
1558 3891 1648 3944 tm

1830 3897 1993 3950 uniue
2042 3894 2250 3953 Rhode.
2282 3893 2348 3948 Et
2392 3903 2450 3948 nt
2498 3892 2752 3963 cognovit
2793 3904 2979 3946 vocem
3033 3885 3202 3950 Petri,
3238 3900 3349 3955 pra:

130 3975 307 4039 γνοῦσα
349 3974 449 4047 τὴν
482 3976 664 4047 φωνὴν
700 3975 794 4030 τοῦ
828 3975 1062 4048 Πέτρου,
1109 3976 1218 4031 ἀπὸ
1240 3978 1340 4048 τῆς
1372 3979 1545 4050 χαρᾶς
1575 3979 1649 4033 οὓς

1827 3985 1975 4040 Illle
2005 4000 2113 4038 non
2140 3985 2355 4054 aperuit
2381 3983 2628 4053 januam,
2658 3980 2919 4037 scdiutro
2950 3991 3180 4033 currens
3204 3990 3346 4029 nun-

128 4066 281 4136 ἧνοιξε
336 4068 430 4122 τὸν
477 4067 701 4121 πυλῶνα
741 4085 757 4101 ο
811 4068 1185 4140 εἰσδραμοῦσα
1232 4069 1291 4124 δὲ
1349 4072 1645 4141 ἀπήγγειλε

1919 4083 1930 4129 l
1960 4085 2108 4131 stare
2140 4073 2355 4129 Petrum
2379 4073 2763 4143 antejanuam.
2794 4073 2862 4124 At
2883 4068 2964 4123 illi
2994 4068 3253 4123 dixerunt
3278 4061 3347 4119 ad
3435 4125 3438 4128 ἠ

130 4155 204 4209 τόν
232 4159 440 4229 Πέτρον
493 4160 716 4215 ἑστάναι
764 4161 870 4233 πρὸ
913 4159 1009 4215 τοῦ
1054 4160 1319 4225 πυλῶνος.
1357 4163 1420 4216 Οἱ
1449 4162 1507 4216 δὲ
1538 4163 1649 4234 πρὸι

1828 4183 1893 4222 im
1930 4184 1947 4225 :
1976 4168 2211 4223 Insanis.
2236 4167 2332 4221 llla
2369 4174 2551 4221 autem
2583 4163 2883 4219 affirmabat
2919 4162 3001 4217 sic
3032 4176 3091 4217 se
3122 4158 3347 4216 habere.

129 4245 272 4319 αὐτὴν
317 4242 475 4302 εἷπον
519 4262 535 4278 ·
573 4249 777 4321 Μαίνῃ.
847 4247 915 4303 Ἠ
969 4249 1027 4304 δὲ
1082 4249 1450 4321 διισχυρίζετο
1502 4250 1644 4305 οὕτω

1831 4259 1851 4313 ἱ
1910 4267 2090 4313 autem
2159 4258 2414 4313 dicebant
2458 4257 2759 4326 :jAngelus
2826 4254 2944 4323 ejus
2991 4260 3095 4309 est.
3156 4251 3350 4307 Petrus

130 4334 269 4404 ἔχειν.
317 4339 386 4392 Ol
424 4338 479 4391 δὲ
519 4338 709 4408 ἔλεγον
735 4355 752 4371 ⁶
820 4337 880 4393 Ὀ
922 4339 1152 4408 ἄγγελος
1200 4340 1365 4394 αὐτοῦ
1403 4342 1570 4396 ἐστιν.
1615 4341 1649 4395 ⁸(

1832 4357 1953 4403 item
2015 4349 2396 4419 perseverabat
2456 4347 2705 4416 pulsans.
2780 4344 2918 4399 Cum
2993 4351 3176 4397 autem
3219 4355 3351 4410 ape-

129 4424 176 4479 δὲ
199 4429 397 4502 Πέτρος
441 4431 676 4500 ἐπέμενε
718 4430 952 4504 κρούων.
1025 4431 1360 4496 Ἀνοίξαντες
1417 4431 1496 4499 δὲ,
1534 4427 1648 4486 εἶδοε

1827 4442 2035 4503 lissent,
2070 4439 2324 4494 viderunt
2364 4453 2489 4494 eum
2520 4446 2574 4492 et
2623 4438 3047 4504 obstupuerunt.
3082 4433 3346 4486 Annuens

132 4517 293 4582 αὐτὸν,
339 4522 436 4575 καὶ
488 4521 807 4592 ἐξέστησαν.
872 4522 1221 4586 Κατασείσας
1276 4523 1332 4577 δὲ
1372 4524 1557 4588 αὐτοῖς
1604 4527 1651 4595 τῇ

1828 4543 1954 4587 rtem
1990 4531 2073 4587 eis
2120 4545 2320 4596 manu,
2363 4537 2422 4583 ut
2467 4534 2733 4592 tacerent,
2782 4524 3030 4580 narravit
3072 4522 3347 4591 quomodo

130 4611 253 4680 χειρὶ
289 4613 471 4683 σιγᾷν,
506 4613 806 4683 διηγήσατο
839 4612 1024 4676 αὐτοῖς
1056 4612 1175 4676 πῶς
1223 4612 1252 4666 ό
1294 4613 1497 4684 Κύριος
1546 4616 1649 4681 ἐξῆ

1823 4623 2038 4678 ominus
2094 4622 2373 4677 eduxisset
2427 4635 2550 4674 eum
2614 4618 2683 4674 de
2744 4630 2994 4678 carcere,
3055 4614 3342 4683 dixitque:

129 4674 273 4769 γαγεν
298 4674 464 4757 adt-bu
492 4704 557 4757 ἐκ
724 4674 1013 4773 φυλακῆς(
1030 4674 1167 4759 Elite
1218 4703 1274 4759 δέ
1300 4721 1315 4737 ⁸
1381 4674 1643 4775 ³Απᾉιγῆὲέ

1831 4714 2036 4774 nntiate
2062 4713 2265 4768 Jacnbo
2285 4719 2339 4767 et
2385 4709 2648 4765 fratribus
2675 4708 2811 4763 haec.
2836 4705 2904 4761 Et
2932 4719 3185 4778 egressus
3212 4674 3347 4759 abiit

128 4788 235 4844 λατε
268 4792 512 4866 Ἰακώϐῳ
553 4794 780 4858 καὶτοῖς
809 4794 1053 4864 ἀδελφοῖς
1076 4795 1270 4850 ταῦτα.
1302 4795 1412 4850 Καὶ
1438 4797 1671 4862 ἐξελθὼν
1778 4805 1833 4859 in
1869 4806 2036 4860 alium
2069 4806 2267 4859 loeum.

129 4881 379 4958 ἐπορεύθη
417 4888 498 4950 είς
535 4885 727 4958 ἓτερον
755 4886 943 4941 τόπον.

688 4978 1074 5034 EPMHNEIA.
2280 4980 2850 5041 COMMENTANUS.

191 5062 296 5121 Ἰνα
324 5066 472 5139 δείξῃ
502 5067 584 5122 ὅτι
604 5068 764 5123 τοῦτο
791 5070 813 5102 ⁸
853 5069 941 5125 ἀεὶ
983 5069 1233 5135 συνόντος
1262 5073 1446 5139 αὐτοῖς
1486 5075 1666 5131 Ἰωάν-

1851 5077 1919 5134 Ut
1957 5085 2145 5133 notum
2188 5077 2408 5143 faceret,
2444 5092 2504 5132 se
2539 5089 2645 5129 non
2686 5072 2835 5142 loqui
2880 5071 2945 5125 de
2982 5077 3155 5123 matre
3194 5066 3341 5121 illius

130 5169 207 5207 νου
235 5159 328 5229 τὴν
362 5159 575 5232 μητέρα
610 5161 765 5231 φησὶ,
793 5160 886 5215 καὶ
917 5160 978 5214 τὺ
1012 5162 1343 5232 παράσημον
1379 5166 1544 5220 αὐτοῦ
1578 5168 1638 5221 τέ

1828 5170 2023 5233 ianuis,
2075 5169 2169 5240 qui
2204 5183 2419 5238 semper
2453 5174 2571 5222 erat
2603 5179 2725 5218 cum
2760 5161 2896 5232 ipsis
2921 5159 3057 5230 (19),
3097 5165 3347 5226 propter—

132 5242 258 5334 θεικε
284 5265 301 5282 ο
330 5251 464 5320 φησι
492 5250 623 5321 γὰρ,
683 5269 703 5303 ι
739 5249 846 5305 Τοῦ
887 5253 1314 5322 ἐπικαλουμένου
1342 5256 1593 5327 Μάρκου.
1642 5279 1651 5314 l

1829 5281 1838 5315 ι
1882 5276 2183 5334 cognomen
2227 5261 2347 5331 ejus
2386 5260 2576 5324 addit,
2613 5256 2801 5311 dicens
2836 5271 2849 5307 :
2888 5269 2907 5303 ι
2936 5250 3037 5316 Qui
3070 5248 3348 5318 cognomi-

130 5328 272 5403 Οὗτος
297 5339 354 5394 δὲ
383 5335 451 5412 ἦν
483 5342 512 5394 ό
564 5343 659 5397 καὶ
688 5342 749 5409 τὸ
787 5342 929 5397 κατὰ
960 5343 1186 5415 Μάρκον
1213 5348 1649 5419 συγγραψάμενος

1821 5362 1934 5410 atus
1954 5328 2046 5411 est
2079 5328 2315 5412 Marcus.
2348 5371 2366 5405 ι
2398 5350 2496 5408 llic
2521 5357 2700 5405 autem
2735 5354 2838 5411 cst,
2869 5343 2960 5414 qui
2991 5338 3340 5410 Evangelinm

187 5472 290 5531 “ll
320 5477 463 5533 Tim.
524 5495 603 5547 tv,
655 5481 740 5537 l3.
838 5482 883 5515 ⁶⁰
925 5482 1054 5537 Luc.
1082 5498 1217 5551 χχιι,
1250 5482 1341 5539 55.

1284 5571 1486 5637 Variae
1512 5573 1819 5639 lectiones
1863 5581 1929 5639 et
1971 5583 2166 5641 notae.

190 5663 209 5694 ’
240 5668 397 5738 φημὶ.
496 5668 517 5700 ⁸
547 5668 609 5723 οὐ
643 5670 760 5726 τοῦ.

196 5777 290 5854 (l9)
321 5782 451 5854 Seu,
481 5783 708 5842 Joannis
745 5787 992 5856 apostoli.
