3848 6588
496 472 604 538 963

499 688 620 743 pus,
646 690 664 724 ι
687 671 852 726 dixit:
877 670 1075 740 quibus
1104 669 1284 724 verbis
1316 670 1603 724 terminum
1631 670 1706 724 illi
1737 668 2064 738 praescribit,

501 779 630 833 quo,
667 763 721 816 in
751 776 849 816 sua
893 766 1074 815 mente
1104 759 1287 813 lumen
1328 760 1597 840 recipere,
1628 774 1920 823 moresque
1948 774 2068 812 mu-

503 864 620 908 tare
646 863 826 922 posset
856 852 908 906 in
952 851 1168 906 melius.
1207 849 1284 903 Eo
1313 851 1479 918 igitur
1513 852 1634 920 ipso
1660 851 1817 920 signo
1842 851 2064 914 Paulus,

496 960 604 1012 quo
630 944 696 997 ad
730 943 927 997 bonam
965 942 1174 1010 frugem
1222 941 1338 1011 ipse
1377 941 1648 995 adductus
1677 951 1794 996 erat
1848 942 2068 1010 (nempe

497 1038 677 1090 subita
725 1035 1014 1105 caecitate),
1057 1034 1250 1088 eodem
1303 1033 1464 1088 etiam
1516 1031 1758 1103 Elymam
1807 1033 2067 1088 reducere

501 1128 772 1180 tentavit:
805 1141 976 1194 quare
1028 1125 1079 1179 id
1118 1139 1279 1194 pmna
1328 1140 1437 1178 non
1484 1122 1607 1187 fuit,
1649 1124 1742 1178 sed
1775 1124 2064 1177 medicina.

503 1235 521 1266 ι
561 1217 760 1270 Saulus
793 1225 996 1270 autem.
1038 1234 1056 1266 ι
1097 1215 1203 1269 Iste
1255 1223 1337 1271 cst
1367 1215 1608 1270 Joannes
1651 1214 2065 1284 cognominatus

498 1307 734 1373 Marcus,
765 1323 935 1377 nepos
961 1307 1242 1372 Barnabae,
1276 1307 1367 1376 qui
1389 1309 1553 1362 etiam
1583 1306 1931 1377 Evangelium
1964 1321 2064 1361 suo

495 1407 854 1462 pnenotatutn
883 1398 1106 1453 nomine
1153 1399 1509 1467 conscripsit,
1555 1399 1858 1468 discipulus
1893 1397 2060 1464 Petri,

495 1489 866 1557 apostolorum
902 1489 1216 1558 corypliaai;
1264 1489 1330 1544 de
1375 1503 1485 1558 quo
1525 1489 1642 1558 ipse
1689 1491 1743 1543 in
1793 1505 1890 1543 sua
1935 1488 2064 1559 Epi-

496 1581 636 1634 stola
663 1581 740 1634 ait
773 1581 818 1612 ⁶¹
856 1595 870 1633 :
907 1599 926 1631 ι
969 1579 1184 1633 Salutat
1205 1595 1302 1634 vos
1330 1588 1385 1633 et
1414 1579 1630 1635 Marcus
1661 1578 1806 1635 filius
1828 1595 2004 1634 meus.
2037 1599 2056 1633 ι

497 1670 596 1724 Ilic
627 1669 794 1739 igitur
815 1669 868 1722 in
902 1669 1199 1738 longiorem
1243 1670 1388 1722 viam
1419 1669 1586 1722 misso
1612 1665 1783 1720 Paulo
1815 1682 1938 1722 cum
1969 1681 2063 1722 so-

497 1760 621 1824 ciis,
673 1760 739 1813 ab
780 1759 882 1821 eis,
931 1774 1243 1828 quanquam
1287 1758 1538 1813 minister
1577 1766 1745 1821 esset,
1781 1757 2063 1825 discessit,

497 1849 640 1920 quod
672 1848 774 1903 sibi
803 1857 881 1904 tot
900 1849 1143 1918 pericula
1167 1848 1416 1903 adeunda
1449 1863 1559 1902 non
1585 1857 1825 1918 putaret.

1080 1933 1309 1992 CAPUT
1351 1934 1470 1989 XX.

494 2029 660 2086 Pauli
687 2029 897 2101 egregia
931 2028 1176 2082 doctrina
1195 2029 1259 2081 de
1287 2026 1500 2082 Christo
1526 2043 1590 2081 ea:
1618 2026 1727 2097 lege
1765 2033 1822 2082 et
1839 2022 2061 2098 propino

877 2121 970 2185 tis,
996 2120 1254 2175 historica
1282 2127 1333 2174 et
1361 2118 1682 2188 evangelica.

837 2303 999 2360 Feria
1035 2303 1071 2358 4
1109 2301 1464 2357 hebdomadas
1499 2299 1725 2371 quinta.

567 2464 709 2531 XIII,
741 2464 929 2520 15-24.
954 2393 1772 2533 EtcnnTEOnavigassent
1786 2459 1989 2519 Paulus
2003 2470 2060 2518 et

494 2559 728 2629 quicum
747 2573 813 2612 eo
827 2563 1006 2622 erant,
1028 2564 1292 2612 venerunt
1309 2556 1516 2627 Pergen
1531 2555 1884 2628 Pamphyliae.
1899 2555 2064 2610 Joan-

493 2666 592 2708 nes
620 2660 801 2706 autem
830 2649 1118 2704 discedens
1153 2649 1222 2704 ab
1249 2650 1354 2715 eis,
1387 2664 1643 2704 reversus
1666 2658 1750 2706 est
1775 2647 2055 2720 Jerosoly-

492 2759 659 2798 mam.
689 2743 768 2796 Illi
793 2755 917 2796 vero
941 2747 1389 2811 pertranseuntes
1408 2741 1640 2808 Pergen,
1659 2747 1930 2797 venerunt
1947 2741 2061 2793 An-

496 2835 752 2890 tiochiam
777 2833 996 2889 Pisidiae
1020 2849 1035 2887 :
1061 2841 1114 2890 et
1147 2832 1374 2902 ingressi
1393 2832 1733 2916 Synagogam
1754 2831 2064 2899 dieSahba-

495 2934 704 2992 torum,
752 2924 1032 2981 sederunt.
1075 2925 1205 2980 Post
1257 2925 1545 2980 lectionem
1589 2934 1766 2980 autem
1801 2925 1974 2996 iegis,
2009 2933 2064 2980 et

499 3017 914 3088 prophetarum,
969 3017 1239 3072 miserunt
1301 3017 1576 3087 principes
1637 3016 1937 3088 Synagoga:
1993 3015 2063 3070 ad

1439 467 2013 530 THEOI’I-IYLAC'I‘I
2043 465 2449 528 BULGARIE
2481 465 2836 527 ARCHIEP.

388 601 395 608 ο
499 581 710 645 disset;
742 576 835 634 sed
875 589 985 630 non
1037 574 1117 630 sic
1173 574 1341 642 fecit;
1399 577 1495 631 sed
1535 594 1554 628 ι
1594 591 1768 646 usque
1811 575 1877 630 ad
1931 583 2060 630 tem-

2171 573 2366 640 διδοὺς,
2395 573 2522 644 ἔφη,
2551 575 2608 627 ἐν
2639 575 2805 645 ἐαυτῇ
2831 572 2979 645 ἔχειν
3005 573 3098 627 τοῦ
3129 575 3306 644 φωτὸς
3325 573 3425 645 τὴν
3449 572 3734 645 ἀπόληψιν,

3642 464 3739 527 964

2170 663 2260 716 τὸν
2292 665 2491 734 τρόπον
2537 665 2859 733 μεταϐαλὼν
2901 667 2947 702 ⁸⁸
2982 667 3120 735 πρὸς
3157 667 3219 718 τὸ
3257 665 3491 734 βέλτιον.
3532 659 3606 737 ’ῼ
3643 667 3737 738 γὰρ

2171 753 2334 817 αὐτὸς
2378 756 2664 826 προσήχθη
2714 755 2951 827 σημείῳ,
2998 757 3172 828 τούτῳ
3215 758 3311 811 καὶ
3351 756 3551 810 τοῦτον
3592 757 3739 828 ἠϐου-

2169 844 2306 916 λήθη
2337 849 2731 916 προσαγαγεῖν.
2759 847 2873 901 Ούκ
2896 847 3004 918 ἄρα
3036 843 3394 918 τιμωρία.ἧν,
3428 849 3550 902 ἀλλ’
3584 849 3734 912 ίασις.

2175 957 2192 989 ι
2226 937 2428 1002 Σαῦλος
2458 939 2535 994 δέ.
2577 958 2595 994 ι
2644 933 2814 1002 Οὗτός
2840 940 2989 994 ἐστιν
3019 943 3046 993 ὁ
3091 940 3368 1010 Ἰωάννης,
3403 941 3433 993 ὁ
3468 942 3565 993 καὶ
3591 940 3735 1013 Μάρ-

2167 1048 2262 1092 κος
2309 1031 2552 1102 κληθεὶς,
2612 1033 2642 1086 ό
2692 1031 2910 1101 ἀνεψιὸς
2957 1032 3236 1103 Βαρνάϐα,
3285 1035 3315 1085 ό
3355 1033 3451 1084 καὶ
3497 1032 3560 1084 τὸ
3605 1036 3732 1085 κατά

2165 1124 2394 1192 Μάρκον
2443 1123 2778 1192 Εὑαγγέλιον
2815 1126 3298 1196 συγγραψάμενος,
3334 1123 3433 1177 καὶ
3495 1124 3728 1194 μαθητὴς

2165 1215 2372 1285 Πέτρου
2399 1213 2494 1268 τοῦ
2524 1215 2823 1269 ἀποστόλου
2847 1217 2943 1270 καὶ
2973 1216 3292 1288 κορυφαίου,
3322 1218 3454 1286 περὶ
3481 1210 3547 1269 οὗ
3579 1233 3725 1284 φησιν

2164 1307 2224 1358 ἐν
2251 1308 2316 1374 τῇ
2343 1306 2508 1359 αὐτοῦ
2528 1307 2815 1377 Ἐπιστολῇ
2843 1323 2858 1338 ·
2889 1325 2908 1357 ι
2929 1308 3259 1371 Ἀσπάζεται
3288 1308 3436 1378 ὑμᾶς
3465 1307 3561 1360 καὶ
3583 1308 3722 1377 Μάρο

2165 1412 2259 1458 κος
2286 1397 2314 1448 ὁ
2345 1397 2456 1459 υἱός
2482 1415 2605 1466 μου.
2650 1416 2669 1450 ι
2709 1390 2879 1459 Οὗτος
2909 1396 3108 1461 τοίνυν,
3133 1397 3230 1450 ἅτε
3253 1398 3350 1449 ἐπὶ
3393 1397 3717 1466 μακροτέραν

2166 1487 2513 1553 στελλόμενος
2553 1488 2598 1520 ’⁸
2643 1490 2761 1542 ὁδὸν
2799 1488 2954 1556 παρὰ
2999 1487 3044 1519 ⁸⁸
3077 1487 3314 1551 Παύλου,
3345 1487 3610 1558 ἀνεχώρει
3635 1488 3713 1540 ἀπ’

2163 1575 2363 1642 αὐτῶν,
2404 1577 2584 1630 καίτοι
2642 1593 2706 1644 γε
2734 1577 3012 1648 ὑπηρέτης
3045 1575 3143 1641 ὢν,
3190 1576 3280 1630 διὰ
3321 1574 3385 1629 τὸ
3427 1575 3504 1646 μὴ
3551 1573 3714 1644 φέρειν

2164 1666 2327 1722 αὐτὸν
2355 1669 2481 1731 τοὺς
2521 1668 2820 1732 κινδύνους.

2763 1939 3015 1993 ΤΙΤΛΟΣ
3043 1937 3122 1993 κ’.

2163 2028 2409 2083 Παύλου
2435 2026 2700 2094 εὐθαλὴς
2738 2027 3099 2081 διδασκαλία
3135 2027 3222 2092 εὶς
3264 2025 3539 2094 Χριστὸν,
3565 2025 3630 2078 ἐκ
3661 2043 3714 2079 re

2232 2119 2337 2172 τοῦ
2360 2120 2570 2188 νόμου,
2612 2118 2712 2172 καὶ
2750 2117 3013 2186 καθεξῆς
3045 2117 3164 2173 τῶν
3206 2115 3527 2188 προφητῶν·
3566 2121 3713 2172 ιστο-

2223 2210 2370 2280 ρικὴ
2409 2211 2506 2264 καὶ
2540 2208 2924 2278 enarra/limi.

2584 2302 2663 2372 Τῇ
2702 2298 2744 2355 δ’
2780 2299 2880 2369 τῆς
2910 2297 2951 2352 ε’
2989 2297 3303 2368 ἐῦδομάδος.

2754 2388 3142 2443 KEIMENUN.

2246 2476 2598 2548 ’Δναχθέντες
2626 2478 2683 2531 δὲ
2720 2476 2829 2530 ἀπὸ
2857 2477 2957 2546 τῆς
2994 2476 3188 2544 Πάφου
3221 2477 3274 2529 oi
3309 2475 3438 2545 περὶ
3467 2475 3555 2529 τὸν
3581 2473 3704 2528 IIan

2162 2568 2273 2635 λον,
2301 2565 2467 2640 ἦλθον
2521 2571 2606 2631 εἰς
2647 2571 2867 2641 Πέργην
2913 2571 3014 2640 τῆς
3061 2571 3410 2641 Παμφυλίας.
3475 2571 3699 2638 Ἰωάννης

2159 2659 2220 2712 δὲ
2249 2660 2617 2729 ἀποχωρήσας
2645 2661 2740 2714 ἀπ’
2765 2659 2970 2726 αὐτῶν,
3005 2660 3346 2731 ὑπέστρεψεν
3372 2661 3450 2723 είς
3495 2659 3699 2730 Ἰεροσό-

2163 2755 2334 2826 λυμα.
2374 2756 2540 2809 Αὐτοὶ
2571 2755 2629 2809 δέ
2668 2753 2965 2818 διελθόντες
3010 2754 3121 2809 ἀπὸ
3169 2755 3267 2824 τῆς
3305 2755 3541 2824 Πέργης,
3577 2769 3699 2820 παρα

2163 2846 2412 2913 εγένοντο
2439 2847 2519 2909 είς
2583 2845 2910 2916 Ἀντιόχειαν
2956 2844 3058 2914 τῆς
3097 2845 3355 2912 ,Πισιδίας
3382 2860 3396 2873 °
3445 2845 3532 2896 καὶ
3557 2844 3700 2896 siceit-

2165 2937 2350 3001 θόντες
2378 2938 2459 2999 είς
2487 2937 2587 3007 τὴν
2617 2937 2942 3008 συναγωγὴν
2967 2939 3032 3006 τῇ
3064 2935 3384 3005 ἡμέρᾳλτῶν
3413 2934 3696 2997 Σαϐὄάτων,

2164 3034 2441 3088 ἐκάθισαν.
2475 3031 2632 3086 Μετὰ
2672 3032 2732 3085 δέ
2775 3031 2877 3101 τὴν
2923 3029 3230 3098 ἀνάγνωσιν
3277 3029 3374 3082 τοῦ
3417 3029 3574 3099 νόμου
3621 3027 3697 3079 καὶ

495 3123 614 3173 eos,
648 3108 937 3166 dicentes:
970 3107 1081 3161 Viri
1111 3106 1324 3172 fratres,
1351 3111 1394 3164 si
1425 3108 1590 3179 258
1607 3110 1732 3179 quis
1763 3119 1848 3163 est
1880 3110 1935 3163 in
1964 3124 2060 3164 vo-

2167 3125 2272 3180 τῶν
2302 3124 2625 3195 προφητῶν,
2659 3122 2986 3178 ἀπέστειλαν
3017 3123 3068 3174 οἱ
3109 3120 3542 3192 ἀρχισυνάγωγοι
3582 3117 3695 3186 πρὸς

496 3200 582 3254 his
621 3212 803 3253 sermo
823 3197 1222 3253 exhortationis
1250 3197 1316 3251 ad
1350 3198 1580 3266 plebem,
1609 3199 1793 3254 dicite.
1821 3196 2060 3270 Surgens

2167 3217 2361 3279 αὐτοὺς
2390 3216 2640 3283 λέγοντες
2663 3231 2680 3248 ο
2709 3215 2934 3285 ’Ἄνδρες
2964 3213 3205 3282 ἀδελφοὶ,
3251 3214 3299 3265 el
3339 3211 3453 3265 ἔστι
3483 3211 3624 3278 λόγος
3649 3209 3695 3259 ἐν

495 3297 674 3344 autem
730 3287 933 3343 Paulus
986 3296 1042 3343 et
1094 3303 1256 3342 manu
1306 3289 1586 3343 silentium
1637 3289 1908 3355 indicens,
1943 3290 2058 3343 ait:

495 3379 608 3437 Viri
642 3378 921 3446 Israelitze,
951 3387 1006 3434 et
1048 3380 1140 3450 qui
1181 3379 1386 3436 timetis
1430 3378 1625 3448 Deum,
1658 3381 1886 3436 audite:
1921 3379 2062 3435 Deus

494 3471 668 3543 plebis
698 3470 866 3528 Israel
897 3472 1058 3542 elegit
1089 3481 1275 3543 patres
1307 3480 1544 3537 nostros,
1579 3483 1635 3528 et
1665 3473 1878 3544 plebem
1908 3473 2063 3528 exal-

495 3563 634 3617 tavit
657 3578 782 3618 cum
808 3575 959 3619 esset
995 3565 1173 3619 incola
1215 3564 1270 3618 in
1304 3574 1448 3619 terra
1485 3563 1732 3636 Egypti,
1766 3575 1820 3620 et
1852 3566 1908 3618 in
1939 3564 2061 3618 lira-

494 3653 622 3708 chio
647 3653 866 3708 excelso
903 3655 1092 3709 eduxit
1113 3668 1211 3710 eos
1254 3668 1323 3709 ex
1359 3669 1445 3718 ea,
1475 3663 1531 3711 et
1572 3671 1668 3725 per
1695 3657 2060 3727 quadraginta

495 3759 760 3799 annorum
790 3753 1005 3816 tempus
1029 3761 1212 3802 mores
1232 3761 1420 3801 eorum
1449 3748 1710 3802 sustinuit
1736 3748 1791 3803 in
1815 3748 2059 3805 deserto.

491 3836 560 3892 Et
583 3837 872 3892 destruens
895 3849 1083 3909 gentes
1112 3847 1320 3908 septem
1352 3839 1405 3893 in
1430 3847 1575 3895 terra
1597 3839 1881 3906 Chanaan,
1912 3852 2063 3897 sorte

490 3926 773 3982 distribuit
796 3929 880 3984 eis
901 3937 1104 3984 terram
1131 3943 1345 3994 eorum,
1373 3931 1530 3999 quasi
1554 3941 1677 4000 post
1697 3932 2063 4002 quadringen-

494 4029 582 4073 tos
613 4026 666 4072 et
701 4020 1094 4090 quinquaginta
1142 4033 1339 4076 annos.
1392 4019 1459 4074 Et
1492 4031 1614 4090 post
1643 4023 1757 4077 haec
1795 4023 2060 4093 deditjn-

495 4107 644 4165 dices
672 4125 846 4179 usque
886 4111 952 4164 ad
1001 4110 1225 4166 Samuel
1258 4111 1601 4182 prophetam.
1639 4113 1707 4169 Et
1733 4115 1932 4171 exinde
1964 4131 2062 4186 po-

494 4202 840 4256 stulaverunt
869 4217 1047 4273 regem
1079 4220 1093 4257 :
1128 4213 1184 4258 et
1211 4204 1361 4260 dedit
1409 4206 1517 4261 illis
1553 4205 1697 4262 Deus
1728 4206 1859 4262 Saul
1889 4208 2060 4264 filium

491 4290 610 4354 Cis,
648 4292 821 4346 virum
863 4293 931 4349 de
961 4293 1111 4350 tribu
1145 4294 1449 4365 Beniamin,
1487 4298 1648 4353 annis
1681 4300 2059 4370 quadraginta.

496 4380 562 4435 Et
593 4394 780 4438 amoto
812 4385 928 4451 illo,
953 4387 1243 4442 suscitavit
1269 4388 1380 4444 illis
1409 4389 1573 4444 David
1594 4404 1776 4460 regem
1815 4406 1830 4444 :
1864 4393 1951 4446 cui
1979 4403 2062 4446 te-

2164 3310 2294 3380 ύμῖν
2323 3307 2722 3378 παρακλήσεως
2751 3307 2886 3374 πρὸς
2909 3306 3000 3359 τὸν
3031 3305 3180 3369 λαὸν,
3214 3304 3419 3372 λέγετε.
3464 3299 3694 3360 ’Δναστάς

2160 3399 2217 3452 δὲ
2255 3397 2490 3462 Παῦλος,
2539 3398 2634 3450 καὶ
2675 3395 2999 3458 κατασείσας
3045 3397 3110 3465 τῇ
3156 3393 3323 3466 χειρὶ,
3357 3389 3508 3446 εἶπεν
3539 3410 3552 3422 ·
3591 3392 3697 3443 ’Λν-

2157 3491 2286 3562 δρες
2326 3489 2675 3560 Ἰσραηλῖται,
2705 3489 2801 3542 καὶ
2827 3489 2876 3540 cl
2903 3486 3228 3557 φοϐούμενοι
3247 3485 3338 3538 τὸν
3367 3483 3518 3547 Θεὸν,
3550 3481 3693 3537 ἀκού-

2163 3598 2295 3636 σατε
2321 3596 2337 3612 ο
2407 3581 2467 3634 'O
2518 3578 2652 3642 Θεὸς
2711 3576 2809 3632 τοῦ
2862 3575 2993 3630 λαοῦ
3029 3576 3222 3630 τούτου
3278 3574 3554 3641 ἐξελέξατο
3590 3575 3693 3634 τοὺς

2161 3673 2415 3744 Πατέρας
2433 3671 2616 3743 ήμῶν,
2648 3671 2745 3725 καὶ
2774 3671 2867 3722 τὸν
2895 3668 3024 3722 λαὸν
3054 3668 3267 3739 ὕψωσεν
3297 3669 3356 3721 ἐν
3378 3671 3445 3738 τῇ
3466 3664 3692 3735 παροικίᾳ

2161 3763 2328 3818 αὑτοῦ
2369 3763 2427 3816 ἐν
2463 3763 2532 3832 γῇ
2569 3760 2852 3830 Αἰγύπτῳ,
2891 3759 2986 3812 καὶ
3030 3759 3169 3828 μετὰ
3204 3758 3485 3830 βραχίονος
3516 3753 3689 3826 ὑψηλοῦ

2161 3855 2432 3926 ἐξήγαγεν
2480 3852 2678 3914 αὐτοὺς
2721 3851 2781 3916 ἐξ
2827 3850 2996 3920 αὐτῆς
3023 3863 3064 3898 ⁵.
3091 3851 3184 3902 καὶ
3214 3845 3686 3920 τεσσαρακονταετῆ

2160 3946 2355 4019 χρόνον
2397 3943 2836 4015 ἐτροποφόρησεν
2886 3941 3081 4005 αὐτοὺς
3127 3941 3185 3994 ἐν
3236 3944 3306 4012 τῇ
3351 3942 3556 4011 ἐρήμῳ.
3603 3934 3691 3990 Καὶ

2162 4035 2405 4092 καθελὼν
2422 4036 2553 4106 ἔθνη
2579 4035 2718 4088 ἑπτὰ
2739 4037 2796 4087 ἐν
2817 4037 2888 4104 γῇ
2909 4034 3154 4098 Χαναὰν,
3187 4030 3687 4103 κατεκληροδότησεν

2163 4129 2348 4192 αὐτοῖς
2382 4126 2480 4198 τὴν
2519 4126 2621 4195 γῆν
2652 4124 2850 4179 αὐτῶν.
2902 4124 3015 4178 Καὶ
3046 4124 3187 4193 μετὰ
3231 4123 3406 4177 ταῦτα
3453 4121 3524 4184 ὡς
3569 4121 3688 4172 ἔτεσι

2165 4217 2541 4290 τετρακοσίοις
2593 4217 2689 4270 καὶ
2742 4215 3080 4286 πεντήκοντα
3142 4213 3310 4266 ἔδωκε
3377 4212 3561 4281 κριτὰς
3605 4210 3690 4268 ἕως

2163 4309 2416 4380 Σαμουὴλ
2437 4307 2531 4362 τοῦ
2559 4308 2859 4378 προφήτου.
2886 4304 3155 4360 Κάκεῖθεν
3177 4305 3452 4375 ᾐτήσαντο
3474 4301 3687 4373 βασιλέα,

2165 4405 2262 4456 καὶ
2289 4401 2488 4454 ἔδωκεν
2514 4399 2701 4462 αὐτοῖς
2729 4401 2757 4450 ὁ
2786 4397 2919 4458 Θεὸς
2940 4396 3032 4450 τὸν
3055 4395 3226 4448 Σαοὺλ
3261 4395 3377 4448 υἱὸν
3404 4395 3521 4457 Κὶς,
3550 4391 3688 4461 ἄνδρα

491 4473 809 4528 stimonium
861 4477 1182 4546 perhibens,
1224 4478 1404 4534 dixit:
1447 4479 1634 4535 Inveni
1669 4481 1837 4536 David
1886 4481 2053 4538 filium

2167 4496 2226 4547 ἐκ
2279 4493 2450 4562 φυλῆς
2473 4491 2772 4560 Βενιαμὶν,
2827 4487 2921 4557 ἐτη
2957 4487 3385 4558 τεσσαράκοντα.
3417 4489 3523 4540 Καὶ
3553 4500 3690 4555 μετα·

490 4562 664 4630 .lesse,
687 4569 864 4620 virum
894 4569 1194 4623 secundum
1213 4584 1307 4624 cor
1328 4585 1532 4633 meum,
1560 4571 1653 4643 qui
1687 4571 1852 4627 faciet
1873 4587 2063 4628 omnes

491 4658 798 4713 voluntates
830 4675 999 4714 meas.
1045 4659 1221 4731 Hujus
1251 4661 1394 4718 Deus
1425 4678 1491 4718 ex
1525 4665 1735 4720 semine
1761 4665 2061 4720 secundum

492 4748 910 4815 promissionem
973 4749 1164 4804 eduxit
1210 4751 1384 4808 Israel
1439 4752 1776 4810 Salvatorem
1831 4755 2057 4822 .Iesutn,

494 4838 825 4907 praedicante
848 4838 1061 4895 Joanne
1091 4851 1218 4896 ante
1267 4841 1462 4899 faciem
1504 4845 1770 4904 adventus
1809 4849 1928 4919 ejus
1956 4848 2058 4903 ba-

491 4929 753 5000 ptismum
781 4931 1115 5000 paenitentiae
1144 4934 1292 4987 omni
1324 4935 1525 5004 populo
1555 4933 1741 4992 Israel.

997 5202 1564 5265 COMMENTARIUS.

561 5289 780 5365 Septem
803 5306 988 5367 gentes
1020 5299 1314 5357 destructa:
1335 5303 1392 5356 in
1419 5314 1560 5358 terra
1593 5305 1852 5363 Chanaan
1885 5321 2053 5366 sunt:

493 5384 708 5455 Hettaai,
765 5390 1082 5456 Chananzei,
1119 5392 1343 5458 Gersaei,
1383 5395 1716 5462 Amorrhaai,
1757 5400 2048 5468 Pheresaai,

493 5475 634 5530 Ενεί
673 5487 725 5531 et
756 5477 1014 5535 Jebuszei.
1053 5499 1072 5533 ι
1111 5482 1296 5540 Inveni
1343 5485 1535 5540 David.
1579 5504 1599 5538 ι
1638 5488 2046 5557 Adnotandum,

543 5650 589 5682 “
622 5651 641 5702 I
673 5651 816 5706 Pctr.
840 5667 890 5717 v,
925 5655 1012 5708 I3.

2163 4587 2369 4655 στήσας
2399 4583 2583 4647 αὐτὸν,
2607 4583 2829 4652 ήγειρεν
2856 4579 3039 4643 αὐτοῖς
3061 4579 3150 4633 τὸν
3180 4579 3346 4632 Δασὶδ
3372 4581 3451 4642 εἰς
3480 4576 3686 4648 βασιλέα,

2158 4667 2202 4742 ᾧ
2227 4674 2320 4727 καὶ
2348 4669 2468 4726 εἷπε
2497 4673 2854 4743 μαρτυρήσας
2878 4686 2892 4701 ο
2929 4664 3101 4739 Εὗρον
3135 4669 3300 4722 Δαϐὶὸ
3328 4669 3422 4722 τὸν
3451 4669 3538 4721 τοῦ
3585 4668 3688 4718 Ἰεσ-

2161 4766 2274 4829 σαὶ,
2309 4763 2479 4834 ἄνδρα
2503 4763 2642 4816 κατὰ
2672 4765 2769 4830 τὴν
2801 4761 3026 4833 καρδίαν
3059 4778 3182 4832 μου,
3209 4761 3268 4825 ὃς
3303 4763 3512 4832 ποιήσει
3541 4758 3684 4809 πάντα

2157 4857 2226 4911 τὰ
2254 4853 2537 4925 θελήματά
2562 4870 2688 4922 μου.
2719 4853 2922 4907 Τούτου
2963 4855 2992 4906 ὁ
3013 4853 3144 4916 Θεὸς
3167 4853 3275 4907 ἀπὸ
3300 4853 3392 4906 τοῦ
3413 4852 3685 4920 σπέρματος

2159 4948 2281 5003 κατ’
2315 4945 2646 5014 ἐπαγγελίαν
2671 4946 2859 5016 ἧγειρε
2881 4944 2960 5016 τῷ
2990 4945 3206 5016 Ἰσραὴλ
3234 4946 3458 5015 Σωτῆρα
3491 4940 3682 5012 Ἰησοῦν,

2147 5037 2587 5110 προκηρύξαντος
2652 5035 2898 5090 Ἰωάννου
2930 5035 3035 5105 πρὸ
3062 5033 3354 5104 προσώπου
3385 5035 3482 5105 τῆς
3515 5028 3682 5084 εἰσόδου

2149 5129 2314 5188 αὑτοῦ
2359 5127 2640 5199 βάπτισμα
2678 5127 2963 5197 μετανοίας
2995 5126 3072 5196 τῷ
3120 5126 3357 5198 Ἰσραήλ.

2731 5219 3111 5273 EPMHNEIA.

2224 5314 2511 5376 Χετταῖοι,
2571 5313 2905 5377 Χαναναῖοι,
2945 5311 3315 5380 Τεργεσαῖοι,
3381 5308 3676 5379 ’Δμοῤῥαῖοι.

2155 5404 2473 5472 Φερεζατοι,
2519 5404 2727 5466 Εύαῖοι,
2787 5402 3120 5454 ’Ῑεὸουσαῖοι.
3190 5419 3209 5452 ι
3247 5394 3418 5471 Εὗρον
3481 5399 3673 5452 Δεδίδ.ι

2156 5494 2519 5563 Σημειωτέον,
2548 5494 2620 5556 ὼς
2644 5492 2880 5563 οὐδαμοῦ
2913 5493 3188 5560 αύτολεξεὶ
3210 5493 3382 5548 ταῦτα
3409 5494 3471 5548 τὰ
3496 5493 3674 5562 ῥήματα

1671 5743 1869 5807 νοτία)
1901 5745 2208 5808 lectiones
2247 5750 2308 5807 et
2351 5754 2541 5812 notae.

567 5837 611 5871 “
645 5838 1076 5909 μεταϐαλοῦσαν.
1155 5843 1198 5874 ⁸⁵
1231 5842 1625 5912 στελλομένων.
1709 5845 1750 5875 ¹⁶
1775 5844 1884 5900 τῶν
1914 5845 2041 5916 περὶ
2071 5844 2302 5900 Παῦλον.
