3848 6538
162 453 259 513 ί)ὒῦ

771 446 1303 507 EXl‘OSlTIONlS
1338 447 1419 508 ΙΝ
1453 446 1640 506 ACTA
1661 446 1958 507 TEXTUS
1990 446 2259 508 ALTER.
2290 472 2355 483 -
2386 448 2543 511 CAP.
2580 450 2760 510 XIII.

3285 453 3386 515 966

160 565 351 615 κεῖνται
373 560 434 611 ἐν
460 560 526 629 τῇ
558 557 722 628 βίϐλῳ
754 557 863 611 τῶν
901 558 1219 624 Βασιλειῶν,
1254 559 1288 631 ἣ
1317 557 1478 627 μόνον
1505 574 1713 629 προφη-

1819 560 1983 614 verba
2013 559 2118 615 ista
2150 575 2255 614 non
2284 568 2500 616 exstare
2524 560 2578 615 in
2605 562 2755 616 libris
2781 560 3013 632 Regum,
3037 565 3128 618 sed
3154 570 3388 619 tantum-

159 652 312 713 τικῶς
351 649 458 703 ὑπὸ
492 652 581 703 τοῦ
610 649 863 719 Σαμουὴλ
893 650 1163 721 εἰρημένα
1191 649 1329 719 πρὸς
1368 647 1458 701 τὸν
1505 648 1681 701 Σαούλ
1702 666 1716 680 ο

164 743 353 798 «Οῦτω
395 741 494 795 καὶ
537 741 694 812 νῦνῆ
738 740 994 793 Βασιλεία
1044 758 1137 793 σου
1187 740 1250 792 οὐ
1299 740 1588 806 στήσεται·
1626 738 1722 790 καὶ¹

158 835 601 908 ζητήσειΚύριος
643 831 824 902 ἐαυτῷ
861 831 1150 903 ἄνθρωπον
1186 830 1329 884 κατὰ
1363 829 1462 899 τὴν
1494 828 1722 898 καρδίαν

156 927 361 991 ἐαυτοῦ,
392 927 490 980 καὶ
527 925 819 979 ἐντελεῖται
864 924 1069 995 Κύριος
1110 924 1189 986 είς
1225 923 1462 992 ἄρχοντα
1500 922 1594 974 ἐπὶ¹
1629 921 1721 975 τὸν

155 1022 269 1074 λαὸν
284 1018 476 1082 αὑτοῦ,
499 1019 581 1071 ὅτι
609 1017 706 1071 οὐκ
728 1015 1019 1086 ἐφόλαξας.
1042 1016 1140 1069 ὅσα
1169 1013 1470 1068 ἐνετείλατό
1502 1030 1582 1067 σοι
1602 1012 1719 1067 Κύ-

159 1127 309 1180 ριος.»
334 1110 448 1162 Καὶ
466 1106 712 1161 ἐντεῦθεν
738 1108 765 1159 ὁ
785 1105 996 1170 Παῦλος
1018 1105 1189 1167 οὕτως
1206 1105 1395 1175 εἴρηκε
1415 1103 1476 1156 τὸ
1502 1122 1521 1156 ι
1551 1097 1720 1174 Εὗρον

155 1200 332 1262 Δαδὶϐ,
358 1199 454 1252 τὸν
476 1196 658 1251 δοῦλόν
685 1214 809 1269 μου,
851 1197 943 1250 τὸν
988 1196 1082 1249 τοῦ
1105 1196 1321 1258 Ἰεσσαὶ,
1375 1194 1541 1263 ἄνδρα
1577 1192 1719 1246 κατὰ

154 1291 243 1362 τὴν
257 1289 489 1361 καρδίαν
508 1306 632 1360 μου,
647 1287 702 1352 ὃς
724 1287 940 1358 ποιήσει
958 1286 1137 1341 πάντα
1158 1287 1230 1339 τὰ
1252 1284 1533 1357 θελήματά
1554 1301 1710 1354 μου.»
1745 1277 1753 1288 ’

735 1379 1127 1434 KEIMENON.

160 1473 327 1529 Τοῦτο
347 1474 589 1544 λέγεται
620 1474 707 1538 είς
737 1474 853 1540 τὴν
880 1467 1192 1539 ἀποτομὴν
1220 1466 1326 1521 τοῦ
1347 1466 1715 1534 Προδρόμου.

166 1566 245 1629 Ὦς
274 1565 328 1618 δὲ
359 1566 606 1635 ἐπλήρου
637 1564 665 1615 ὁ
704 1561 957 1631 Ἰωάννης
994 1560 1086 1612 τὸν
1112 1560 1331 1629 δρόμον,
1357 1556 1509 1623 ἔλεγε
1536 1570 1551 1585 ·
1580 1553 1716 1607 Τίνα

158 1657 517 1727 μεὺπονοεῖτε.
544 1651 685 1708 εἶναι
716 1669 731 1720 ;
764 1653 881 1706 Οὐκ
927 1652 1044 1722 εἰμὶ
1081 1649 1191 1718 ἐγὼ
1229 1651 1258 1702 ό
1304 1647 1561 1718 Χριστὸς,
1599 1645 1716 1699 an:

158 1748 258 1801 ἰδοὺ
285 1747 508 1818 ἔρχεται
533 1745 652 1817 μετ’
679 1745 802 1816 ἐμὲ,
833 1736 899 1803 οἱ
919 1743 1019 1796 οὐκ
1045 1741 1160 1812 είμὶ
1191 1740 1337 1804 ἄξιος
1365 1739 1424 1792 τδ
1461 1736 1714 1807 ὑπόδημα

153 1838 253 1892 τῶν
294 1838 475 1892 ποδῶν
523 1837 701 1891 λῦσαι.
745 1836 971 1905 ’Λνδρες
1004 1833 1242 1902 ἀδελφοὶ,
1275 1831 1380 1884 υἱοὶ
1408 1831 1600 1899 γένους
1630 1830 1716 1881 ’Λ-

1826 651 2117 706 modohaac
2147 653 2506 723 prepheticea
2533 654 2787 710 Samuele
2815 655 3022 725 prolata
3049 658 3115 709 ad
3144 655 3336 710 Saul”
3370 674 3385 712 :

1828 761 1846 794 ι
1894 742 2251 814 Nequaquam
2319 760 2546 815 regnum
2616 755 2770 801 tuum
2862 747 3006 801 ultra
3068 756 3385 817 consurget.

1822 831 2084 899 ραπιείνὶι
2130 833 2391 891 Dominus
2444 836 2546 889 sibi
2591 837 2767 892 virum
2794 836 2951 906 juxta
2987 853 3082 893 cor
3111 854 3296 903 suum,
3332 847 3387 891 et

1824 925 2081 993 praecepit
2110 930 2157 979 ei
2192 924 2479 993 Dominus,
2510 937 2569 982 ut
2604 938 2750 983 esset
2780 930 2885 982 dux
2930 945 3095 999 super
3127 931 3384 999 populum

1820 1030 2088 1079 suum,eo
2116 1017 2259 1085 quod
2287 1032 2393 1072 non
2423 1021 2729 1074 servaveris
2777 1035 2898 1090 quae
2929 1021 3180 1090 praecepit
3203 1020 3387 1074 Domi-

1821 1122 1944 1161 nus.
1982 1125 2001 1157 ι
2045 1105 2184 1160 llinc
2234 1122 2363 1162 vero
2422 1107 2626 1164 Paulus
2683 1110 2787 1165 sibi
2854 1109 3160 1165 efformavit
3208 1110 3383 1165 illud:

1825 1214 1843 1247 ι
1882 1196 2068 1251 ιηνυηὶ
2107 1197 2294 1262 David,
2329 1197 2499 1252 ﬁlium
2539 1198 2713 1263 Jesse,
2747 1201 2922 1254 virum
2955 1200 3256 1256 secundum
3290 1216 3386 1256 cor

1819 1302 2024 1352 meum,
2054 1288 2145 1358 qui
2184 1287 2345 1344 faciet
2374 1302 2564 1344 omnes
2598 1291 2904 1347 voluntates
2927 1306 3094 1347 ineas.
3140 1310 3159 1343 ι

2456 1379 2753 1437 TEXTUS.

2017 1469 2123 1535 Qui
2164 1472 2359 1527 dicitur
2387 1473 2440 1526 in
2472 1474 2820 1528 decollatione
2862 1473 3235 1533 Pracursoris.

1887 1560 2228 1627 Xlll,‘25-35.
2249 1563 2381 1618 Cum
2417 1565 2666 1633 impleret
2701 1573 2879 1620 autem
2902 1564 3140 1621 Joannes
3166 1582 3386 1622 cursum

1814 1663 1997 1710 suum,
2018 1649 2235 1705 dicebat
2255 1671 2269 1706 :
2294 1651 2463 1718 Quem
2485 1668 2572 1708 me
2589 1655 2929 1709 arbitramini
2946 1670 3068 1710 esse
3087 1655 3110 1709 ?
3130 1654 3246 1709 Non
3265 1672 3388 1710 sum

1814 1756 1915 1809 ego
1936 1740 2208 1804 Christus,
2239 1742 2333 1802 sed
2352 1756 2482 1797 ecce
2496 1744 2640 1797 venit
2663 1752 2786 1814 post
2812 1760 2918 1810 me,
2942 1745 3105 1814 cujus
3131 1762 3236 1799 non
3263 1760 3383 1800 sum

1814 1832 2012 1900 dignus
2024 1833 2391 1887 calceamenta
2409 1834 2602 1904 pedum
2620 1835 2847 1891 solvere.
2865 1836 2974 1890 Viri
2994 1835 3212 1903 fratres,
3226 1837 3391 1907 259

154 1929 349 2000 δραὰμ,
361 1929 457 1983 καὶ
474 1929 524 1981 οί
542 1929 597 1981 ἐν
615 1928 744 1996 ὑμῖν
763 1925 1188 1996 φοϐούμενοιτὺν
1202 1914 1351 1988 Θεὸν,
1375 1922 1502 1991 ὑμῖν
1518 1923 1545 1974 ὁ
1558 1921 1713 1988 λόγος

1821 1923 1912 1976 iilii
1952 1924 2169 1992 generis
2188 1924 2488 1992 Abraham,
2510 1935 2559 1980 et
2590 1927 2681 1995 qui
2707 1930 2760 1979 in
2794 1927 2949 1981 vobis
2974 1928 3167 1982 timent
3192 1927 3384 1993 Deum,

152 2022 243 2090 τῆς
276 2022 550 2090 σωτηρίας
578 2017 784 2086 ταύτης
820 2015 1127 2086 ἀπεστάλη.
1163 2015 1226 2068 Oi
1256 2011 1715 2084 γὰρ’κατοικοῦν-

152 2128 235 2175 τες
278 2113 335 2165 ἐν
381 2108 773 2181 Ἱηρουσαλὴμ,
808 2107 902 2162 καὶ
933 2108 983 2161 οἱ
1011 2107 1268 2177 ἄρχοντες
1296 2105 1498 2170 αὐτῶν,
1528 2105 1715 2158 τοῦτον

157 2200 548 2270 ἀγνοήσαντες,
591 2199 690 2252 καὶ
733 2197 833 2260 τὰς
882 2198 1066 2266 φωνὰς
1117 2197 1226 2249 τῶν
1272 2195 1567 2266 προφητῶν
1613 2196 1714 2259 τὰς

155 2290 287 2342 κατᾶ
333 2291 446 2343 πᾶν
491 2288 771 2341 Σάπατον
823 2286 1375 2357 ἀναγινωσκομένας,
1426 2286 1713 2357 κρίναντες

156 2379 488 2449 ἐπλήρωσαν,
527 2381 622 2433 καὶ
656 2377 928 2449 μηδεμίαν
955 2380 1136 2431 αἰτίαν
1171 2379 1403 2433 θανάτου
1440 2378 1710 2447 εὑρόντες,

156 2473 413 2543 ᾐτήσαντο
436 2472 669 2525 Πιλᾶτον
692 2471 1045 2543 ἀναιρεθῆναι
1083 2470 1267 2525 αὐτόν.
1320 2471 1407 2534 Ὠς
1448 2471 1503 2524 δέ
1535 2471 1713 2524 ἐτέλε-

157 2580 248 2615 σαν
287 2564 467 2617 πάντα
506 2563 575 2616 τὰ
650 2563 780 2635 περὶ
816 2562 985 2616 αὐτοῦ
1018 2561 1418 2633 γεγραμμένα,
1460 2561 1716 2615 καθελόν-

156 2671 234 2716 τες
257 2656 362 2708 ἀπδ
396 2655 493 2708 τοῦ
529 2655 710 2722 ξύλου,
750 2654 953 2725 ἔθηκαν
988 2658 1046 2708 ἐν
1085 2654 1356 2724 μνημείῳ.
1412 2654 1469 2706 Ὀ
1495 2654 1551 2708 δέ
1580 2655 1714 2715 Θεὸς

157 2745 361 2815 ἤγειρεν
385 2746 556 2799 αὑτὸν
605 2748 669 2799 ἐκ
720 2746 949 2818 νεκρῶν.
1012 2746 1105 2808 Ὃς
1165 2744 1320 2816 ὤφθη
1381 2746 1473 2798 ἐπὶ
1500 2747 1713 2815 ἡμέρας

158 2834 360 2898 πλείους
398 2840 516 2897 τοῖς
556 2838 918 2889 συναναϐᾶσιν
944 2833 1094 2904 αὐτῴ
1136 2835 1243 2888 ἀπὸ
1282 2836 1382 2904 τῆς
1421 2835 1712 2899 Γαλιλαίας

159 2926 227 2988 είς
259 2924 645 2996 Ἰερουσαλὴμ,
686 2925 881 3001 οἵτινές
921 2926 1027 2976 είσι
1056 2925 1331 2995 μάρτυρες
1380 2924 1544 2977 αὐτοῦ
1578 2924 1713 2995 πρὸς

157 3015 237 3069 τὸν
267 3015 415 3069 λαόν.
451 3018 563 3070 Καὶ
589 3017 747 3086 ἡμεῖς
784 3017 926 3083 ὑμᾶς
950 3015 1420 3085 εὐαγγελιζόμεθα
1448 3015 1546 3087 τὴν
1573 3016 1711 3086 πρὸς

158 3105 268 3168 τοὺς
301 3107 548 3179 πατέρας
589 3107 923 3176 ἐπαγγελίαν
968 3105 1291 3177 γενομένην,
1328 3106 1411 3158 ὅτι
1450 3105 1656 3176 ταύτην
1683 3109 1712 3160 ὁ

156 3193 270 3258 Θεὸς
294 3197 694 3269 ἐκπεπλήρωκε
721 3201 831 3261 τοῖς
873 3198 1089 3262 τέκνοις
1138 3196 1339 3262 αὐτῶν,
1380 3197 1535 3268 ἡμῖν,
1576 3200 1710 3253 ἁνα-

160 3275 354 3359 στήσας
404 3287 637 3358 Ἰησοῦν.

736 3374 1113 3428 ΕΡΜΗΝΕῙΑ.

216 3460 379 3513 Οὐδὲν
404 3461 603 3515 ἄτοπον
627 3462 688 3514 τὸ
719 3467 809 3515 τὸν
852 3463 1061 3531 Ἰησοῦν
1095 3462 1393 3535 ἐγηγέρθαι
1417 3464 1534 3518 ’ἀπὸ
1571 3462 1707 3517 Θεοῦ

154 3550 418 3622 λέγεσθαι.
453 3554 515 3606 Et
552 3554 660 3623 γὰρ
703 3555 911 3625 Ἰησοῦς
942 3557 1042 3608 οὐκ
1069 3555 1228 3618 ἄλλος
1255 3556 1461 3627 ἐστὶ.νῆ
1495 3556 1715 3625 όΛόγος

156 3646 181 3696 ό
208 3644 529 3716 σαρκωθεὶς,
574 3639 726 3710 οὗτος
766 3645 822 3699 δέ
855 3648 1061 3720 ἐστινὴ
1106 3646 1330 3718 δύναμις
1376 3647 1469 3700 τοῦ
1504 3649 1715 3719 Πατρὸς

155 3735 216 3788 δι’
257 3733 327 3808 ἦς
379 3741 557 3792 πάντα
612 3739 845 3811 ἐνεργεῖ,
882 3739 1021 3792 κατά
1073 3738 1154 3803 τὸ,
1206 3757 1225 3791 ι
1275 3740 1534 3811 Χριστὸς,
1578 3740 1714 3794 θεοῦ

156 3826 409 3898 δύναμιςο
447 3848 467 3882 ι
519 3829 681 3894 αὐτὸς
729 3831 922 3884 ἑαυτὸν
956 3831 1319 3887 ἀνεστακέναι
1368 3832 1712 3903 νοηθήσεται,

157 3919 237 3972 καὶ
283 3919 578 3992 ἐγηγέρθαι
607 3921 896 3993 λεγόμενος
920 3922 1025 3974 ὑπὸ
1048 3922 1142 3975 τοῦ
1172 3922 1406 3994 Πατρὸς,
1440 3925 1524 3994 ἐφ’
1548 3922 1607 3977 ὃν
1638 3925 1715 3989 ὡς

156 4010 315 4083 ἀρχὴν
359 4015 452 4065 καὶ
478 4013 658 4067 αἰτίαν
684 4012 912 4084 ἄχρονον
941 4013 1158 4067 ἅπαντα
1191 4017 1522 4085 ἀναφέρεται
1541 4031 1557 4045 ο
1590 4018 1714 4070 ἐπεὶ

155 4102 239 4154 καὶ
259 4102 421 4166 αὐτός
460 4118 659 4174 φησιν’
697 4120 716 4155 ι
752 4103 967 4157 Λύσατε
1004 4103 1097 4156 τὸν
1138 4103 1265 4157 ναὸν
1290 4104 1503 4169 τοῦτον,
1536 4108 1627 4158 καὶ
1652 4108 1711 4158 ἐν

156 4194 318 4260 τρισὶν
344 4194 574 4264 ἡμέραις
595 4192 771 4266 ἐγερῶ
797 4194 981 4248 αὐτόν.
1023 4212 1042 4246 ι
1085 4193 1292 4258 Ἀλλως
1316 4210 1377 4247 τε
1407 4193 1486 4260 δὲ,
1518 4194 1707 4266 ἐπειδὴ

154 4283 208 4335 τὸ
237 4283 466 4353 Ἰησοῦς
504 4285 676 4355 ὄνομα
712 4285 804 4338 ἐπὶ
833 4284 1252 4357 τοῦάνθρὼπου
1282 4284 1469 4348 κακῶς
1486 4285 1710 4356 λαμϐά-

156 4376 290 4427 νουσί
335 4392 499 4441 τινες,
545 4376 641 4429 καὶ
675 4375 960 4446 προλαϐὼν
1007 4371 1151 4439 εἷπε,
1182 4375 1465 4429 τεθεῖσθαι
1498 4376 1591 4429 τὸν
1627 4376 1708 4429 λί-

155 4459 234 4515 θον
257 4464 299 4495 ¹⁷
332 4464 388 4517 ἐν
407 4465 677 4536 μνημείῳ,
703 4464 794 4519 ἵνα
833 4466 906 4535 μή
936 4476 1019 4527 τις
1050 4465 1586 4537 ὑπολάὸοιοᾶσαρκον
1610 4466 1707 4519 αὑ-

154 4552 232 4608 τὸν
257 4557 535 4627 εἰρηκέναι
571 4558 665 4609 τὸν
694 4557 868 4625 Λόγον
893 4595 909 4620 ,
945 4556 1109 4610 πάλιν
1149 4558 1313 4609 αὑτὸν
1363 4557 1579 4626 Ἰησοῦν·
1605 4575 1705 4611 κα-

1814 2014 1968 2068 vobis
1995 2015 2224 2069 verbum
2252 2015 2448 2072 salutis
2493 2015 2655 2086 hujus
2687 2018 2913 2073 missum
2962 2027 3064 2073 est.
3092 2016 3194 2084 Qui
3241 2018 3386 2073 enim

1816 2106 2135 2162 habitabant
2157 2105 2489 2173 Jerusalem,
2514 2117 2569 2164 et
2594 2111 2866 2179 principes
2901 2111 3041 2180 ejus,
3069 2112 3214 2165 hunc
3235 2109 3389 2180 igno-

1814 2206 2021 2264 rantes,
2055 2205 2294 2263 et.voces
2333 2199 2736 2270 prophetarum,
2771 2216 2891 2270 qua:
2926 2215 3021 2270 per
3050 2215 3213 2256 omne
3245 2200 3386 2256 Sab-

1814 2290 2001 2346 batum
2049 2291 2325 2362 leguntur,
2361 2291 2672 2360 judicantes
2716 2292 3081 2363 impleverunt
3116 2310 3139 2347 :'
3168 2302 3221 2347 et
3264 2293 3388 2347 nul-

1813 2381 1920 2435 lam
1946 2397 2169 2437 causam
2211 2383 2409 2438 mortis
2442 2383 2781 2438 invenientes
2809 2385 2861 2437 in
2902 2399 2966 2438 co
2996 2425 3011 2451 ,
3061 2386 3385 2454 petierunta

1815 2471 1987 2527 Pilato
2030 2480 2090 2527 ut
2122 2474 2490 2528 interﬁcerent
2520 2489 2665 2529 eum.
2710 2473 2955 2545 Cumque
2997 2491 3387 2532 consummas-

1814 2574 1938 2619 seut
1971 2565 2172 2630 omnia,
2209 2580 2331 2636 qua:
2374 2564 2441 2620 de
2474 2580 2540 2619 eo
2580 2566 2784 2635 scripta
2825 2574 3003 2628 erant.
3050 2567 3385 2636 deponentes

1812 2670 1937 2709 cum
1966 2655 2034 2710 de
2063 2656 2209 2725 ligno
2238 2663 2538 2725 posuerunt
2578 2671 2703 2710 eum
2738 2654 2791 2709 in
2832 2667 3209 2712 monumento.
3243 2655 3385 2712 Deus

1812 2762 1943 2801 vero
1974 2748 2263 2802 suscitavit
2294 2762 2419 2802 eum
2449 2762 2478 2800 a
2511 2747 2744 2800 mortuis
2772 2747 2925 2800 tertia
2961 2746 3085 2801 die:
3113 2749 3202 2817 qui
3233 2748 3385 2802 visus

1812 2847 1895 2892 est
1924 2853 2022 2907 per
2048 2837 2163 2893 dies
2188 2839 2390 2893 multos
2415 2839 2526 2902 his,
2553 2839 2647 2908 qui
2678 2837 2842 2892 simul
2873 2836 3234 2891 ascenderant
3257 2853 3382 2891 cum
3463 2873 3467 2876 -

1812 2945 1878 2984 eo
1914 2931 1980 2984 de
2018 2929 2241 2985 Galilaza
2277 2931 2332 2984 in
2359 2929 2663 2985 Jerusalem
2703 2947 2716 2984 :
2750 2929 2844 3001 qui
2877 2944 3053 3000 usque
3081 2943 3227 2983 nunc
3256 2937 3385 2982 sunt

1814 3028 1983 3077 testes
2015 3021 2136 3091 ejus
2180 3021 2247 3077 ad
2278 3021 2510 3091 plebem.
2567 3020 2632 3075 Et
2670 3037 2774 3076 nos
2814 3020 2969 3077 vobis
2996 3019 3384 3076 annuntiamus

1812 3125 1932 3166 eam
1964 3127 2086 3181 qua:
2119 3112 2186 3166 ad
2215 3120 2398 3182 patres
2443 3119 2665 3167 nostros
2701 3111 3059 3181 repromissio
3083 3110 3221 3164 facta
3255 3119 3338 3164 est
3366 3126 3382 3168 :

1812 3202 2070 3268 quoniam
2131 3200 2274 3256 hanc
2321 3200 2466 3256 Deus
2510 3201 2826 3271 adimplevit
2869 3200 2995 3256 filiis
3045 3200 3249 3257 nostris
3298 3212 3385 3253 rc-

1742 3291 1786 3348 ϐ
1819 3291 2100 3347 suscitans
2123 3291 2336 3348 Jesum.

2312 3381 2885 3440 COMMENTARIUS.

1887 3476 2200 3533 Absurdum
2234 3476 2446 3532 nullum
2480 3486 2586 3541 est,
2643 3476 2826 3533 dicere
2860 3474 3043 3532 Iesum
3082 3492 3102 3527 ι
3139 3473 3381 3530 suscita-

1819 3576 1930 3621 tum
1968 3582 1996 3620 a
2029 3568 2280 3623 mortuis.
2321 3585 2340 3620 ι
2383 3569 2439 3622 Si
2471 3567 2616 3622 enim
2648 3567 2904 3623 Christus
2952 3581 3061 3621 non
3089 3566 3230 3621 alius
3268 3575 3374 3630 est,

1817 3658 1921 3712 nisi
1962 3654 2200 3711 Verbum
2234 3656 2602 3720 inearnatum,
2636 3656 2722 3710 hic
2753 3665 2935 3711 autem
2967 3663 3049 3709 est
3076 3654 3249 3709 virtus
3278 3653 3378 3707 Pa-

1815 3748 1940 3811 tris,
1970 3763 2069 3818 per
2101 3762 2264 3817 quam
2297 3744 2479 3802 omnia
2523 3745 2676 3807 facit,
2701 3745 2859 3814 juxta
2889 3741 3024 3799 illud
3057 3743 3123 3809 “,
3167 3760 3186 3795 ι
3218 3742 3378 3797 Chri-

1815 3847 1936 3890 stus
2005 3834 2098 3889 Dei
2133 3838 2350 3900 virtus;
2399 3852 2420 3885 ι
2455 3834 2572 3903 ipse
2617 3832 2968 3902 semetipsum
3020 3831 3380 3888 resuscitassc

1814 3927 2159 3999 intelligitur,
2191 3927 2356 3981 etiam
2386 3940 2510 3981 cum
2543 3927 2844 3982 suscitatus
2871 3940 2901 3978 a
2938 3925 3107 3982 Patre
3131 3923 3372 3980 dicitur:

1814 4018 1880 4073 ad
1920 4018 2099 4086 ipsum
2127 4019 2272 4074 enim
2308 4020 2457 4074 velut
2508 4020 2575 4073 ad
2637 4018 2988 4088 principium,
3039 4026 3093 4071 et
3151 4030 3374 4072 causam

1811 4113 2198 4182 sempiternam
2258 4112 2442 4166 omnia
2499 4109 2688 4165 refert.
2756 4110 2937 4175 Quare
2998 4108 3113 4179 ipse
3177 4109 3255 4162 ait
3282 4108 3372 4161 ":

1816 4218 1835 4252 ι
1883 4200 2090 4256 Solvite
2118 4203 2379 4272 templum
2413 4201 2537 4265 hoc,
2569 4211 2625 4255 et
2652 4202 2704 4255 in
2741 4201 2918 4255 tribus
2980 4199 3174 4255 diebus
3227 4198 3376 4253 exci-

1809 4291 1933 4345 tabo
1953 4292 2108 4346 illud.
2131 4311 2150 4344 ι
2181 4290 2468 4358 Praeterea,
2487 4293 2742 4361 quoniam
2769 4306 2966 4346 nomen
2990 4289 3148 4345 Jesus
3177 4291 3244 4345 de
3279 4292 3375 4343 hn-

1808 4379 1956 4432 mine
1991 4377 2133 4432 male
2178 4377 2456 4447 accipiunt
2489 4377 2682 4446 aliqui,
2737 4387 2790 4431 et
2842 4376 2960 4444 ipse
3009 4377 3368 4445 praemiserat,

1806 4473 2042 4543 positum
2102 4486 2224 4527 esse
2282 4469 2518 4526 Verbum
2579 4471 2633 4524 in
2693 4477 3067 4533 monumento,
3130 4483 3198 4521 ne
3244 4470 3368 4535 quis

1806 4564 2203 4633 suspicaretur,
2234 4577 2357 4616 eum
2384 4561 2588 4615 dixisse
2625 4558 2857 4615 Verbum
2887 4565 3007 4613 sine
3022 4574 3206 4619 carne.
3242 4575 3369 4613 rur-

154 4645 243 4712 λεί,
267 4622 503 4719 οῦδαμοῦ
532 4622 797 4720 διαίρεσιν
840 4647 1018 4712 διδοὺς
1050 4649 1130 4720 τῷ
1161 4622 1500 4719 σαρκωθέντι
1539 4649 1700 4720 Λόγῳ

1818 4670 1902 4711 sus
1932 4654 2121 4710 Iesum
2152 4653 2331 4723 ipsum
2363 4660 2545 4716 vocat,
2575 4653 2781 4706 nullam
2823 4651 3116 4708 admittens
3143 4651 3369 4706 divisio-

156 4740 282 4805 μετὰ
306 4741 403 4809 τὴν
440 4740 654 4806 ένωσιν,
687 4740 961 4812 πανταχοῦ
996 4740 1104 4794 τῶν
1135 4741 1346 4794 ἀσεϐῶν
1370 4742 1700 4813 ὲμφράττων

151 4828 221 4880 τὰ
234 4830 487 4885 ἀπύλωτα
520 4832 782 4901 στόματα.

716 4922 1099 4981 KEIMENON.

222 5013 305 5079 Ὠς
328 5018 422 5072 καὶ
445 5021 504 5074 ἐν
529 5017 608 5090 τῷ
632 5017 832 5088 ψαλμῷ
848 5016 925 5086 τῷ
946 5017 1183 5087 δευτέρῳ
1208 5016 1545 5088 γέγραπταισ
1569 5015 1698 5081 Υἱός

154 5117 241 5170 μου
288 5105 336 5160 εἶ
383 5110 485 5164 σύο
541 5112 653 5180 ἐγὼ
705 5114 947 5184 σήμερον
998 5109 1305 5178 γεγέννηκά
1355 5125 1436 5162 σε.
1471 5108 1595 5160 Ὅτι
1637 5108 1697 5161 δὲ

150 5194 425 5267 ἀνέστησεν
454 5203 618 5255 αὐτὸν
648 5204 676 5255 ὁ
697 5203 831 5266 Θεὸς
861 5205 924 5255 ἐκ
950 5201 1180 5271 νεκρῶν,
1210 5200 1407 5270 μηκέτι
1436 5199 1697 5269 μέλλοντα

151 5284 491 5361 ὑποστρέφειν
547 5294 628 5355 είς
675 5293 996 5364 διαφθορὰν,
1046 5291 1219 5356 οὕτως
1273 5293 1526 5362 εἴρηκεν
1571 5292 1696 5344 ὐτι

149 5374 286 5434 δώσω
313 5384 438 5454 ὑμῖν
466 5384 535 5438 τὰ
550 5385 674 5440 ὅσια
702 5385 869 5439 Δαὸὶδ
887 5388 954 5440 τὰ
978 5384 1166 5439 πιστά.
1194 5383 1284 5437 Διὸ
1315 5383 1409 5437 καὶ
1435 5383 1493 5436 ἐν
1522 5381 1693 5453 ἑτέρῳ

149 5464 308 5537 λέγει’

1801 4760 1925 4801 nem
1958 4746 2011 4798 in
2042 4746 2328 4799 incarnato
2359 4741 2539 4798 Verbo
2564 4751 2690 4813 post
2725 4740 2927 4797 factam
2972 4743 3227 4797 unionem
3259 4759 3276 4810 ;
3314 4751 3368 4796 et

1800 4837 1882 4893 sic
1910 4835 2108 4906 ubique
2125 4835 2323 4890 eth-eoa
2354 4836 2643 4903 impiorum
2670 4834 2904 4891 obstruit
2932 4848 3049 4890 ora.

2422 4924 2738 4982 'TEXTUS.

1869 5018 2093 5085 Xlll,53
2120 5021 2211 5077 '55.
2230 5019 2448 5075 Sicutet
2470 5021 2523 5075 in
2547 5022 2757 5091 psalmo
2771 5020 3009 5076 secundo
3022 5020 3227 5074 dictum
3246 5030 3362 5075 est:

1805 5110 1980 5168 Filius
2002 5128 2158 5169 meus
2186 5129 2245 5168 es
2274 5121 2356 5177 tu,
2392 5128 2491 5184 ego
2517 5114 2676 5168 hodie
2704 5111 2862 5184 genui
2893 5121 2963 5167 te.
2993 5110 3147 5176 Quod
3181 5121 3364 5165 autem

1796 5202 2085 5260 suscitavit
2106 5220 2229 5259 eum
2253 5220 2280 5257 a
2311 5207 2563 5269 mortuis,
2589 5203 2945 5273 ampliusjam
2975 5217 3080 5255 non
3108 5216 3357 5257 reversu-

1798 5309 1917 5347 rum
1985 5296 2037 5349 in
2084 5297 2514 5365 corruptionem,
2553 5295 2625 5347 ita
2658 5294 2816 5358 dixit,
2859 5294 2983 5362 quia
3023 5292 3170 5347 Dabo
3202 5294 3357 5349 vobis

1795 5394 1987 5440 sancta
2015 5384 2181 5439 David
2210 5385 2409 5440 ﬁdelia.
2443 5383 2674 5454 Ideoque
2701 5391 2753 5437 et
2778 5383 2914 5439 alias
2940 5382 3071 5437 dicit
3100 5398 3114 5434 :

240 5605 281 5635 ⁸³
313 5605 328 5659 1
366 5608 497 5681 Reg.
528 5626 648 5677 mi,
692 5611 780 5666 l4.
869 5607 1094 5666 “lCor.
1122 5607 1269 5675 1,24.
1350 5607 1395 5639 ”
1423 5604 1583 5663 Joan.
1621 5617 1682 5673 tt,
1709 5606 1795 5662 l9.

1309 5745 1505 5810 Variae
1539 5746 1843 5810 lectiones
1887 5750 1949 5808 et
1977 5752 2181 5826 noue.

210 5842 454 5912 ¹⁷Λόγον.
