3848 6554
455 398 555 461 971

1417 393 1988 452 TIIEOPIIYLACTI
2023 393 2430 452 BULGARIIE
2465 397 2817 456 AIlCI-IIEP.
3568 404 3658 469 97g

456 511 610 569 stris.
650 529 667 561 ι
709 509 803 566 Isti
836 518 1018 565 autem
1053 523 1165 563 non
1198 507 1374 563 solum
1399 521 1496 561 eos
1534 521 1640 559 non
1669 510 2014 572 receperunt,

2137 505 2218 555 ιύκ
2247 503 2517 570 ἐδέξαντο,
2561 507 2695 560 ἀλλὰ
2733 508 2826 561 καὶ
2857 508 3146 578 ἀπήλασαν
3189 509 3387 573 αὐτοὺς
3431 513 3533 566 άπὸ
3567 532 3660 566 των

457 603 550 657 sed
572 602 734 658 etiam
775 601 1053 670 eiecerunt
1096 599 1164 654 de
1216 598 1416 652 ﬁnibus
1461 597 1616 660 suis;
1681 593 1826 663 quod
1867 593 2019 660 prius

413 726 421 739 ι
457 702 560 749 est.
586 692 705 748 Non
737 694 847 747 vult
880 694 1063 762 itaque
1094 689 1384 754 Dominus,
1434 696 1493 742 ut
1529 685 1785 756 discipuli
1821 684 1904 738 sui
1938 683 2020 736 vel

461 786 734 854 pulverem
768 784 821 838 in
854 783 1082 852 pedibus
1123 781 1241 836 suis
1282 780 1520 835 habeam
1578 794 1641 833 ex
1678 784 1824 831 terra
1849 774 2017 827 homi-

459 890 588 929 num
622 875 936 944 impiorum,
964 882 1023 926 ut
1049 873 1130 928 sic
1164 871 1517 927 ostenderent
1579 885 1639 924 se
1676 868 1814 922 nihil
1839 867 1907 921 ab
1941 867 2024 920 in-

458 965 709 1019 ﬁdelibus
737 973 1047 1034 reportasse
1085 960 1461 1018 emolumenti.
1498 958 1591 1013 Est
1627 968 1809 1012 autem
1839 957 2021 1027 pulvis

452 1055 758 1126 symbolum
814 1055 1037 1121 laboris,
1098 1069 1258 1125 quem
1321 1055 1538 1109 illorum
1585 1064 1753 1108 causa
1817 1050 2024 1121 pertule

455 1157 602 1202 runt.

995 1251 997 1255 ’
1084 1254 1386 1311 TEXTUS.

522 1347 660 1411 XIV,
693 1349 747 1413 5,
776 1347 832 1403 6.
864 1347 1000 1403 Cum
1026 1356 1204 1402 autem
1249 1346 1423 1402 factus
1474 1353 1619 1400 esset
1644 1345 1878 1415 impetus
1899 1357 2026 1413 gen-

450 1438 626 1493 tilium
655 1449 710 1494 et
751 1438 1064 1494 Iudaeorum
1099 1454 1222 1494 cum
1248 1438 1589 1509 principibus
1617 1437 1752 1502 suis,
1787 1443 1849 1490 ut
1891 1448 2026 1490 con-

448 1530 687 1586 tumeliis
733 1529 1006 1585 aﬁicerent
1034 1538 1088 1586 et
1120 1529 1426 1600 lapidarent
1453 1544 1572 1592 eos,
1637 1525 2023 1598 intelligentes,

770 1621 928 1677 Feria
961 1625 996 1678 4
1046 1622 1404 1678 bebdomadae
1458 1621 1684 1691 quintae.

529 1712 914 1784 Confugerunt
957 1713 1238 1785 (apostoli)
1284 1714 1350 1769 ad
1401 1713 1652 1769 civitates
1710 1709 2023 1783 Lycaoniae,

453 1806 700 1877 Lystram
731 1816 786 1862 et
818 1806 1051 1871 Derben,
1071 1813 1124 1860 et
1156 1806 1469 1860 universam
1502 1807 1557 1860 in
1586 1807 1819 1860 circuitu
1842 1805 2023 1873 regio-

449 1913 597 1966 nem,
627 1907 680 1953 et
710 1898 780 1952 ibi
805 1897 1242 1968 evangelizantes
1273 1907 1454 1954 erant.

947 2009 1520 2068 COMMENTARIUS.

518 2103 905 2157 Adnotandum
931 2102 1038 2158 hoc
1068 2104 1206 2170 loco,
1254 2119 1362 2158 non
1399 2111 1654 2173 oportere
1695 2117 1797 2157 nos
1840 2103 1892 2156 in
1926 2117 2018 2172 pe-

451 2194 625 2247 ricula
655 2194 968 2262 conjicere,
1031 2193 1126 2248 sed
1183 2195 1385 2262 potius,
1434 2194 1478 2248 si
1519 2207 1656 2262 opus
1716 2190 1901 2253 fuerit,
1956 2191 2023 2245 ad

453 2294 667 2355 tempus
703 2285 888 2355 fugere
924 2303 938 2352 ;
969 2285 1412 2356 quandoquidem
1441 2294 1494 2339 et
1518 2284 1694 2339 nostri
1747 2283 2018 2354 coryphzei

453 2379 525 2430 ita
559 2377 812 2432 fecerunt
845 2417 858 2440 ,
897 2379 1096 2448 quippe
1118 2378 1213 2448 qui
1267 2377 1519 2432 volebant
1549 2375 2019 2446 prmdicalionem,

451 2466 694 2533 quandiu
727 2479 969 2534 congrue
1003 2465 1121 2520 ﬁeri
1145 2475 1377 2536 poterat,
1411 2467 1724 2528 extendere,
1755 2475 1808 2519 et
1835 2478 2022 2532 perse-

454 2554 765 2609 cutionibus
794 2555 978 2624 potius
1009 2556 1225 2625 augeri.

937 2667 1096 2738 263
1137 2666 1361 2722 CAPUT
1398 2665 1534 2719 χχι.

450 2757 528 2813 De
555 2758 742 2812 claudo
774 2775 806 2811 a
839 2760 1116 2813 nativitate
1139 2757 1344 2826 Lystris
1370 2767 1559 2810 sanato
1611 2756 1673 2808 ab
1711 2755 1966 2824 apostolis
2003 2771 2023 2809 ε

525 2849 864 2915 quamobrem
897 2850 971 2903 dii
1005 2851 1044 2903 ii
1069 2865 1182 2904 esse
1213 2859 1261 2902 et
1299 2849 1609 2917 apparuisse
1635 2849 1733 2900 risi
1760 2855 1880 2900 sunt
1913 2847 2016 2900 loci

520 2940 667 2993 illius
702 2940 1110 2994 habitatoribus.

1081 3050 1264 3104 ΤΕΧΤ
1281 3051 1383 3106 US.

520 3140 661 3206 XIV,
692 3143 850 3196 7-l7.
875 3140 942 3196 Et
979 3142 1197 3210 quidam
1235 3142 1316 3195 vir
1346 3141 1560 3212 Lystris
1590 3143 1840 3196 inﬁrmus
1868 3139 2020 3209 pedi-
2052 3174 2097 3233 ο

2121 596 2285 665 ὁρίων
2319 597 2521 662 αὐτῶν,
2551 599 2686 668 ὅπερ
2714 600 2831 652 ἐστὶ
2872 601 3074 670 χεῖρον.
3108 601 3243 654 Οὐδὲ
3273 601 3381 669 γάρ
3414 608 3660 673 κονιορτὶν

2123 686 2266 738 θέλει
2291 685 2436 756 ἔχειν
2465 689 2493 740 ὁ
2535 687 2738 758 Κύριος
2763 688 2890 751 τοὺς
2933 689 3175 759 μαθητὰς
3209 690 3303 741 ἐπὶ
3343 690 3445 742 τῶν
3506 694 3659 747 ποδῶν

2123 778 2186 829 ὲκ
2225 777 2323 846 τῆς
2351 778 2460 831 τῶν
2487 780 2719 832 ἀνοσίων
2764 779 3070 850 ἀνθρώπων
3113 780 3238 850 γῆς,
3270 781 3564 845 δεικνύντες
3587 786 3660 839 διὰ

2122 865 2337 933 τούτου,
2367 869 2448 921 ὅτι
2480 869 2631 922 οὐδὲν
2659 869 2984 939 ἐκομίσαντο
3005 855 3113 923 ἀπὸ
3144 871 3252 922 τῶν
3282 872 3532 926 ἀπειθῶν.
3561 875 3658 927 Δεῖ-

2124 976 2239 1028 γμα
2272 960 2325 1012 δέ
2356 963 2501 1015 ἐστιν
2528 962 2557 1013 ὁ
2584 961 2860 1030 κονιορτὸς
2886 961 2980 1014 τοῦ
3011 962 3180 1016 κόπου
3209 963 3268 1015 ὃν
3297 962 3580 1034 ὑπέμειναν
3601 967 3656 1020 δι’

2124 1068 2341 1113 αυτούς.

2716 1249 3104 1306 KEIMENON.

2211 1337 2297 1400 Ὠς
2327 1338 2385 1391 δὲ
2428 1339 2644 1406 ἐγένετο
2677 1342 2821 1412 ὁρμὴ
2867 1341 2976 1395 τῶν
3014 1341 3184 1395 ἐθνῶν
3213 1357 3274 1394 τε
3308 1340 3400 1394 καὶ
3421 1341 3654 1395 Ἰουδαίων

2126 1430 2224 1482 σὺν
2259 1431 2375 1494 τοῖς
2407 1432 2664 1501 ἄρχουσιν
2702 1433 2884 1486 αὐτῶν
2933 1432 3156 1504 ὑϐρίσαι
3212 1432 3308 1486 καὶ
3353 1431 3653 1503 λιθοϐολῆσαι

2126 1521 2347 1586 αὐτοὺς,
2381 1523 2702 1590 συνιδόντες,

2316 1669 2318 1672 τ
2489 1615 2568 1685 Τῇ
2598 1615 2640 1668 δ’
2681 1616 2787 1685 τῆς.
2808 1615 3356 1687 Μεσοπεντηκοστῆς.

2201 1706 2526 1775 Κατέφυγον
2557 1707 2608 1758 οἱ
2635 1707 2922 1762 ἀπόστολοι
2948 1710 3234 1780 Βαρνάϐας
3253 1711 3348 1764 καὶ⁵
3373 1709 3565 1772 Παῦλος
3593 1711 3658 1772 εἰς

2127 1797 2225 1860 τὰς
2259 1799 2440 1860 πόλεις
2473 1798 2574 1869 τῆς
2617 1799 2944 1877 Λυκαονίας,
2995 1801 3271 1872 Λύστραν,
3326 1806 3419 1856 καὶ
3461 1802 3657 1873 Δέρὸην,

2130 1885 2222 1939 καὶ
2250 1887 2350 1955 τὴν
2389 1886 2693 1958 περίχωρον
2713 1903 2727 1918 ·
2769 1889 2932 1944 κάκεῖ
2957 1885 3099 1962 ἦσαν
3131 1891 3602 1962 εὐαγγελιζόμενοι.

2727 2001 3106 2055 EPMHNEIA.

2196 2089 2558 2160 Σημειωτέον,
2606 2092 2687 2144 ὅτι
2735 2092 2797 2144 οὐ
2847 2093 2931 2145 δεῖ
2984 2094 3334 2165 ἐπιρῥὶπτειν
3384 2095 3520 2166 ἡμᾶς
3566 2098 3660 2158 τοῖς

2126 2181 2427 2245 κινδύνοις,
2464 2183 2578 2236 ἀλλ’
2628 2183 2678 2236 εἰ
2706 2184 2840 2248 δέοι,
2888 2187 2982 2239 καὶ
3015 2185 3239 2254 φεύγειν
3288 2187 3423 2257 πρὸς
3466 2187 3657 2257 καιρόν·

2125 2274 2218 2326 καὶ
2247 2273 2357 2326 τῶν
2387 2274 2704 2344 κορυφαίων
2733 2277 2894 2330 τοῦτο
2936 2281 3255 2343 ποιούντων,
3289 2279 3472 2348 ὥσπερ
3501 2280 3649 2348 ἐπίτη-

2125 2366 2213 2429 δες
2265 2368 2506 2421 ἐκτεῖναι
2562 2366 2880 2437 βουλόμενοι
2919 2371 2980 2422 τὸ
3014 2372 3297 2441 κήρυγμα,
3334 2371 3425 2424 καὶ
3467 2371 3544 2424 διὰ
3567 2371 3657 2424 τῶν

2126 2457 2382 2526 διωγμῶν
2409 2459 2613 2528 μᾶλλον
2647 2459 2996 2524 αὐξάνεσθαι.
3252 2442 3256 2446 ”

2715 2661 2963 2714 ΚΕΦΑΑ.
3005 2660 3132 2715 KA'.

2129 2749 2264 2816 Περὶ
2302 2748 2407 2802 τοῦ
2448 2750 2515 2803 ἐν
2543 2755 2836 2819 Λύστροις
2856 2751 2925 2803 ἐκ
2960 2751 3208 2820 γενετῆς
3252 2753 3448 2822 χω.Ιοῦ
3477 2751 3656 2805 luder-

2199 2857 2301 2906 τος
2330 2839 2427 2892 διὰ
2455 2840 2574 2894 τῶν
2604 2843 2988 2905 ἀποστόλων,
3015 2840 3222 2909 διόπερ
3268 2839 3426 2896 εἷναί
3473 2859 3528 2897 τε
3556 2843 3660 2897 θεοι

2201 2932 2298 2984 καὶ
2329 2933 2602 3001 παρεῖναι
2627 2932 2848 2997 ἔδοξαν
2882 2935 3006 3001 τοῖς
3033 2935 3361 3005 ἐγχωρίοις.

2717 3046 3102 3100 ΚΕΙΜΕΝΟΝ.

2201 3140 2309 3191 Καί
2369 3156 2449 3202 τις
2507 3140 2645 3210 ἀνὴρ
2684 3141 2742 3192 ὲν
2767 3139 3034 3210 Λύστροις
3085 3140 3347 3204 ἀδύνατος
3376 3142 3484 3203 τοῖς
3506 3139 3659 3203 ποσὶν,

451 3236 554 3290 bus
580 3233 832 3298 sedebat,
853 3232 1081 3288 claudus
1101 3249 1166 3288 ex
1193 3241 1349 3288 utero
1373 3235 1562 3288 matris
1597 3248 1728 3299 suae,
1756 3232 1850 3302 qui
1884 3247 2024 3286 nun-

2137 3228 2386 3298 ἐκάθητο,
2426 3229 2594 3298 χωλὸς
2619 3231 2684 3283 ὲκ
2712 3230 2922 3292 κοιλίας
2979 3231 3185 3299 μητρὸς
3214 3231 3380 3285 αὑτοῦ
3413 3231 3660 3301 ὑπάρχων,

455 3339 618 3395 quam
649 3323 1046 3379 ambulaverat.
1076 3323 1178 3379 llic
1194 3325 1401 3380 audivit
1433 3324 1661 3379 Paulum
1693 3326 2024 3395 loquentem.

456 3414 559 3482 Qui
590 3416 824 3471 intuitus
852 3426 1071 3483 eum,et
1095 3417 1308 3482 videns,
1344 3417 1470 3485 quia
1506 3416 1664 3471 ﬁdem
1697 3406 1939 3482 haberet,
1968 3424 2028 3470 ut

451 3507 844 3576 salvusJieret,
871 3505 1010 3560 dixit
1039 3520 1231 3576 magna
1265 3521 1394 3561 voce
1431 3522 1445 3558 :
1478 3505 1649 3576 Surge
1680 3521 1843 3576 super
1859 3507 2026 3576 pedes

453 3607 580 3651 tuos
614 3605 817 3652 rectus.
847 3594 912 3649 Et
933 3595 1171 3652 exsilivit
1187 3605 1240 3650 et
1264 3596 1596 3650 ambulabat.
1622 3595 1819 3651 Turbae
1844 3603 2026 3652 autem

450 3704 576 3764 cum
606 3689 872 3744 vidissent
907 3687 1053 3758 quod
1085 3687 1297 3742 fecerat
1327 3687 1548 3753 Paulus,
1587 3688 1903 3743 levaverunt
1923 3703 2023 3743 vo-

451 3795 571 3834 cem
601 3793 780 3846 suam,
843 3777 1147 3848 Lycaonice
1175 3778 1465 3834 dicentes:
1502 3777 1586 3831 Dii
1639 3779 1846 3834 similes
1895 3777 2024 3833 facti

451 3869 766 3925 hominibus
803 3869 1204 3924 descenderunt
1232 3868 1300 3923 ad
1329 3883 1452 3923 nos.
1501 3869 1567 3921 Et
1602 3869 1868 3924 vocabant
1895 3867 2027 3923 Baro

452 3960 652 4013 nabam
687 3957 898 4023 Jovem,
932 3959 1158 4013 Paulum
1182 3973 1310 4014 vero
1341 3957 1699 4026 Mercurium,
1767 3960 2024 4030 quoniam

456 4051 573 4118 ipse
614 4056 731 4102 erat
769 4049 879 4102 dux
913 4049 1084 4104 verbi.
1141 4048 1414 4104 Sacerdos
1461 4065 1680 4121 quoque
1727 4050 1900 4114 .lovis,
1931 4051 2024 4121 qui

455 4145 578 4191 erat
605 4146 732 4190 ante
762 4136 1064 4204 civitatem,
1097 4145 1287 4193 tauros
1321 4148 1374 4192 et
1406 4152 1640 4195 coronas
1668 4148 1792 4193 aute
1827 4139 2027 4207 januas

456 4225 713 4292 affereus,
771 4241 897 4281 cum
961 4226 1176 4296 p0pulis
1224 4227 1440 4282 volebat
1489 4229 1822 4282 sacriﬁcare.
1872 4228 2026 4294 Quod

361 4318 375 4330 '
456 4315 547 4371 ubi
591 4316 881 4372 audierunt
934 4316 1189 4386 apostoli,
1220 4298 1523 4374 'Baruabas
1554 4326 1607 4371 et
1640 4317 1857 4382 Paulus,
1899 4335 2028 4373 cou-

454 4405 644 4462 scissis
674 4406 877 4460 tunicis
909 4406 1024 4460 suis
1056 4406 1384 4462 exsilierunt
1407 4409 1459 4460 in
1489 4408 1700 4467 turbas.
1724 4409 2026 4464 clamantes

2126 3319 2184 3383 ὃς
2204 3319 2461 3372 οὐδέποτε
2485 3321 2977 3392 περιεπεπατήκει.
2997 3313 3166 3382 Οὗτος
3201 3322 3400 3392 ἤκουσε
3425 3321 3512 3375 τοῦ
3539 3319 3662 3374 Παύ-

2127 3412 2219 3463 λου
2286 3411 2593 3475 λαλοῦντος.
2645 3413 2740 3474 Ὃς
2789 3413 3038 3476 ἀτενίσας
3091 3414 3258 3484 αὐτῷ,
3307 3416 3397 3468 καὶ
3449 3413 3558 3466 ἰδὼν
3597 3413 3662 3465 ὅτι

2129 3503 2315 3558 πίστιν
2371 3502 2484 3574 ἔχει
2542 3503 2635 3557 τοῦ
2691 3505 2954 3574 σωθῆναι,
2987 3501 3109 3558 εἷπε
3169 3506 3381 3576 μεγάλῃ
3404 3509 3465 3576 τῇ
3501 3505 3659 3574 φωνῇ·

2129 3595 2217 3646 Σοὶ
2248 3594 2391 3663 λέγω
2414 3594 2494 3666 [ὲν
2523 3595 2602 3666 τῷ
2633 3596 2861 3664 ὀνόματι
2889 3596 2983 3650 τοῦ
3018 3597 3224 3667 Κυρίου
3267 3595 3462 3669 Ἰησοῦ]
3489 3636 3504 3662 ,
3554 3596 3658 3649 ἀνά-

2132 3687 2288 3757 στηθι
2354 3689 2446 3740 ἐπὶ
2497 3688 2625 3750 τοὺς
2680 3671 2846 3751 πόδας
2894 3705 2986 3742 σου
3042 3689 3220 3758 ὀρθός.
3251 3689 3363 3742 Καὶ
3387 3689 3564 3759 ἥλλετο
3585 3685 3662 3739 καὶ

2131 3776 2469 3845 περιεπάτει.
2505 3777 2566 3828 Οἱ
2595 3775 2651 3829 δὲ
2679 3776 2824 3847 ὄχλοι
2855 3776 3053 3839 ἰδόντες
3074 3777 3102 3829 ὃ
3122 3777 3381 3846 ἐποίησεν
3411 3778 3438 3829 ό
3466 3773 3658 3833 Παῦλος,

2129 3869 2340 3937 ἐπῆραν
2368 3867 2466 3934 τὴν
2521 3866 2705 3937 φωνὴν
2743 3866 2920 3920 αὐτῶν
2959 3867 3287 3920 Λυκαονιστὶ
3315 3867 3580 3936 λέγοντες·
3606 3862 3657 3915 οι

2129 3960 2243 4014 θεοὶ
2268 3958 2628 4029 ὁμοιωθέντες
2657 3955 2962 4028 ἀνθρώποις
2996 3957 3311 4028 κατέϐησαν
3343 3958 3477 4030 πρὸς
3504 3955 3659 4024 ἡμᾶς’

2129 4050 2358 4104 ἐκάλουν
2387 4067 2446 4102 τε
2478 4050 2565 4102 τὸν
2599 4049 2697 4120 μὲν
2749 4049 3039 4122 Βαρνάϐαν
3087 4051 3208 4114 Δία,
3257 4049 3348 4102 τὸν
3392 4049 3446 4102 δὲ
3484 4045 3662 4100 Παῦλον

2139 4141 2370 4212 Ἑρμῆν·
2400 4141 2586 4212 ἐπειδὴ
2611 4141 2773 4205 αὐτὸς
2799 4137 2868 4210 ἦν
2887 4143 2916 4194 ὁ
2948 4141 3250 4212 ἡγούμενος
3287 4141 3383 4193 τοῦ
3417 4140 3580 4207 λόγου.
3615 4135 3660 4186 ὐ

2129 4231 2185 4283 δὲ
2215 4232 2394 4302 ἱερεὺς
2451 4229 2544 4282 τοῦ
2578 4230 2721 4295 Διδς,
2765 4229 2861 4282 τοῦ
2893 4230 3046 4292 ὄντος
3078 4229 3185 4300 πρὸ
3218 4229 3317 4298 τῆς
3358 4229 3551 4290 πόλεως
3579 4225 3660 4278 αύ-

2127 4322 2255 4387 τῶν,
2287 4321 2522 4393 ταύρους
2551 4325 2645 4375 καὶ
2675 4322 2965 4392 στέμματα
2989 4323 3080 4374 ἐπὶ
3100 4321 3228 4383 τοὺς
3261 4319 3511 4382 πυλῶνας
3538 4317 3660 4383 ὲνέγ·

2129 4431 2251 4479 κας,
2287 4415 2382 4467 σὺν
2431 4417 2542 4476 τοῖς
2591 4413 2769 4482 ὄχλοις
2828 4414 2987 4483 ἧθελε
3033 4411 3204 4466 θύειν.
3251 4410 3590 4471 Ἀκούσαντες
3613 4406 3656 4458 δὲ

452 4503 506 4550 et
534 4495 778 4550 dicentes
801 4513 815 4549 :
850 4493 986 4559 Viri,
1013 4495 1144 4565 quid
1179 4496 1291 4550 luec
1313 4494 1530 4549 facitis?
1554 4493 1618 4548 Et
1640 4511 1738 4550 uos
1761 4497 2021 4552 mortales

2137 4509 2175 4560 οἱ
2199 4507 2486 4560 ἀπόστολοι
2542 4505 2830 4576 Βαρνάϐας
2871 4506 2964 4558 καὶ
3022 4503 3260 4567 Παῦλος,
3299 4502 3658 4574 διαρρήξαντες

455 4601 669 4651 sumus,
702 4586 910 4642 similes
934 4586 1088 4641 vobis
1117 4587 1391 4652 homines,
1436 4590 1825 4642 annuutiantes
1868 4588 2022 4642 vobis

455 4676 524 4729 ab
554 4677 637 4730 l’iis
669 4677 830 4732 vanis
860 4679 1104 4732 converti
1157 4679 1222 4732 ad
1276 4677 1444 4732 Deum
1503 4678 1708 4743 vivum,
1753 4679 1844 4747 qui
1898 4678 2024 4733 fecit

456 4765 652 4819 cmlum
683 4773 737 4819 et
765 4773 963 4821 terram
994 4774 1047 4821 et
1071 4782 1220 4822 mare
1246 4778 1294 4822 et
1327 4769 1508 4822 omnia
1535 4784 1655 4836 quae
1679 4769 1731 4821 in
1760 4769 1839 4822 eis
1857 4779 2019 4823 sunt:

455 4861 549 4930 qui
580 4860 632 4914 in
656 4861 946 4930 praeteritis
975 4862 1418 4934 generationibus
1435 4863 1656 4918 demisit
1679 4877 1868 4918 omnes
1891 4879 2026 4932 gen-

459 4960 540 5006 tes
567 4950 776 5020 iugredi
807 4953 926 5006 vias
951 4968 1102 5008 suas.
1136 4952 1201 5006 Et
1234 4953 1453 5022 quidem
1486 4966 1596 5006 non
1629 4953 1749 5006 sine
1780 4953 2027 5007 testimo-

456 5042 548 5097 nio
603 5045 956 5113 semetipsum
1017 5043 1259 5113 reliquit,
1313 5042 1664 5098 benefaciens
1728 5043 1795 5098 de
1858 5045 2019 5110 cmlo,

455 5133 591 5189 dans
613 5133 821 5204 pluvias
850 5144 902 5188 et
928 5146 1170 5204 tempora
1207 5134 1510 5198 fructifera,
1556 5133 1786 5202 implens
1815 5134 1939 5189 cibo
1968 5142 2022 5190 et

457 5224 647 5279 laetitia
672 5224 838 5279 corda
870 5236 1081 5280 nostra.
1118 5224 1182 5278 Et
1215 5225 1327 5278 hmc
1365 5225 1632 5288 dicentes,
1670 5223 1754 5278 vix
1794 5224 2022 5280 sedave-

457 5322 584 5370 runt
609 5316 817 5381 turbas,
848 5331 917 5370 ne
952 5317 1054 5371 sibi
1079 5316 1447 5372 immolarent.

2127 4593 2195 4646 τὰ
2229 4593 2425 4662 ἱμάτια
2471 4590 2674 4654 αὐτῶν,
2711 4591 3077 4660 εἰσεπήδησαν
3112 4591 3191 4651 εἰς
3233 4589 3328 4642 τὸν
3368 4589 3518 4658 ὄχλον
3549 4585 3658 4655 κρά-

2129 4685 2311 4744 ζοντες
2334 4682 2427 4734 καὶ
2452 4682 2722 4749 λέγοντες
2756 4681 3004 4750 Ἀνδρες,
3033 4681 3086 4733 τί
3123 4679 3297 4732 ταῦτα
3324 4681 3514 4732 ποιεῖτε
3533 4695 3547 4742 ;
3568 4673 3656 4728 Καὶ

2129 4774 2289 4843 ἡμεῖς
2307 4771 2658 4842 ὁμοιοπαθεῖς
2688 4772 2814 4842 ὑμῖν
2833 4771 3000 4840 ἔσμεν
3021 4771 3320 4840 ἄνθρωποι,
3351 4765 3656 4838 εὐαγγελιζό-

2129 4881 2283 4933 μενοι
2313 4863 2457 4934 ὐμᾶς
2509 4864 2618 4917 ἀπὸ
2642 4866 2846 4917 τούτων
2889 4861 3000 4915 τῶν
3067 4862 3313 4932 ματαίων
3349 4860 3658 4929 ἐπιστρέφειν

2126 4954 2223 5006 ἐπὶ
2258 4955 2350 5006 τὸν
2383 4955 2514 5006 Θεὸν
2540 4954 2631 5006 τὸν
2688 4953 2884 5017 ζῶντα,
2925 4953 2983 5016 ὃς
3023 4952 3246 5023 ἐποίησε
3299 4952 3393 5004 τὸν
3441 4947 3656 5020 οὐρανὸν,

2131 5047 2226 5099 καὶ
2291 5045 2390 5114 τὴν
2453 5045 2580 5112 γῆν,
2615 5045 2710 5097 καὶ
2769 5043 2862 5113 τὴν
2891 5043 3188 5107 θάλασσαν,
3222 5045 3319 5096 καὶ
3347 5042 3514 5096 πάντα
3532 5038 3589 5091 τά
3614 5039 3658 5088 ἐν

2134 5137 2348 5199 αὐτοῖς·
2375 5137 2432 5199 ὃς
2484 5136 2542 5187 ὲν
2613 5135 2734 5198 ταῖς
2798 5133 3231 5204 παρῳχημέναις
3289 5134 3494 5200 γενεαῖς
3533 5128 3656 5180 είασε

2133 5229 2313 5282 πάντα
2339 5229 2404 5279 τὰ
2439 5225 2564 5294 ἔθνη
2594 5224 2923 5297 πορεύεσθαι
2958 5225 3078 5284 ταῖς
3106 5222 3247 5286 ὁδοῖς
3304 5221 3497 5276 αὐτῶν.
3544 5213 3656 5270 Καί-

2132 5335 2282 5386 τοιγε
2338 5317 2436 5369 οὐκ
2484 5317 2801 5387 ἀμάρτυρον
2830 5314 3022 5369 ἑαυτὸν
3049 5315 3284 5384 ἀφῆκεν,
3329 5307 3654 5382 ἀγαθοποιῶν.

455 5409 743 5477 οὐρανόθεν
783 5409 912 5478 ἡμῖν
939 5408 1114 5470 διδοὺς
1138 5410 1324 5472 ὑετοὺς
1355 5412 1450 5464 καὶ
1478 5410 1704 5481 καιροὺς
1730 5411 2138 5482 καρποφόρους,
2163 5410 2452 5480 ἐμπιπλῶν
2485 5410 2692 5480 τροφῆς
2757 5413 2851 5463 καὶ
2908 5408 3252 5480 εὐφροσύνης
3306 5407 3404 5471 τὰς
3462 5401 3653 5473 καρδίας

455 5495 628 5564 ἡμῶν.
669 5496 780 5548 Καὶ
805 5494 976 5547 ταῦτα
1013 5495 1285 5562 λέγοντες,
1317 5497 1470 5566 μόλις
1499 5500 1848 5552 κατέπαυσαν
1881 5499 2008 5562 τοὺς
2047 5499 2239 5571 ὄχλους
2272 5499 2366 5552 τοῦ
2399 5501 2476 5570 μὴ
2503 5499 2652 5552 θύειν
2677 5499 2878 5562 αὐτοῖς.

935 5589 1505 5646 COMMENTARIUS.

533 5703 550 5733 ι
596 5683 902 5738 (Ζοηεείεείε
951 5685 1153 5738 tunicis
1181 5685 1316 5740 suis.
1350 5703 1368 5735 ι
1402 5684 1516 5738 Mos
1537 5693 1653 5738 erat
1678 5683 1902 5746 Judaeis.
1937 5696 2016 5751 ut,

457 5789 581 5828 cum
606 5771 972 5842 blasphemias
994 5772 1049 5826 in
1078 5771 1245 5827 Deum
1283 5773 1522 5842 prolatas
1549 5773 1820 5840 audirent,
1846 5783 2030 5832 veste.

2724 5566 3097 5649 ΕΡΜΗΝΕΙᾹ.

2218 5682 2378 5745 Ἔθος
2447 5685 2594 5736 ἐστὶν
2671 5684 2945 5747 Ἰουδαίοις
3017 5685 3111 5737 ἐπὶ
3189 5687 3308 5748 ταῖς
3363 5680 3494 5736 κατὰ
3539 5670 3649 5729 Θεοῦ

2134 5773 2468 5844 δυσφημίαις
2574 5775 3007 5845 περιρῤηγνύναι
3102 5777 3172 5829 τά
3272 5777 3469 5846 ἱμάτια.
3563 5765 3650 5823 Καὶ
