3848 6546
250 421 367 490 973

927 431 1464 493 EXPOSITIONIS
1496 433 1576 493 IN
1612 435 1798 494 ACTA
1831 432 2026 494 ΤΕΧΤ
2034 433 2128 493 US
2167 436 2509 503 ALTER.“
2538 440 2694 499 CAP.
2735 442 2885 509 XIV.

3395 447 3500 508 974

248 541 414 602 γνοὺς
431 541 547 571 ’Μ’
575 541 602 591 ὁ
623 541 873 611 Καϊάφας
887 544 1010 595 Υίὸν
1033 542 1223 595 ἑαυτὴν
1235 544 1327 597 τοῦ
1349 544 1483 598 Θεοῦ
1499 542 1722 614 λέγοντα
1742 547 1810 597 rb

1937 545 2378 600 conscinderent.
2411 547 2592 612 Quare
2630 553 2792 604 etiam
2824 553 3084 622 Caiphas,
3118 561 3176 608 ut
3237 556 3502 612 intellexit

247 628 515 696 Χριστὸν,
556 650 574 680 ι
605 633 932 703 περιέρρηξε
954 635 1053 704 τὴν
1079 635 1302 705 ἐσθῆτα,
1334 656 1352 688 ι
1371 637 1745 707 διακεκραγώς
1769 654 1827 690 τε

245 721 352 770 καὶ
378 741 394 769 ι
423 720 510 787 λέξ
522 739 619 786 ων,
636 723 716 774 ὅτι
746 724 974 794 Ἐδυσιρή
986 742 1181 795 μησε.»
1205 728 1378 781 Τοῦτο
1406 730 1721 800 πεπράκασι
1735 731 1829 782 καὶ

243 809 296 858 οἱ
329 809 612 863 θεσπέσιοι
642 812 880 884 μαθηταὶ
906 815 1191 884 Βαρνάϐας
1214 820 1309 870 καὶ
1341 819 1550 882 Παῦλος
1572 819 1825 884 ἐνταῦθα,

243 896 367 948 θεοὶ
397 901 771 967 νομισθέντες,
804 904 911 955 ἀπὸ
939 904 1235 968 διαθέσεως
1277 907 1457 978 ψυχῆς
1483 909 1827 980 ἀποστρεφό-

246 1004 409 1054 μενοι
443 990 512 1041 τὰ
547 992 834 1061 γενόμενα,
892 997 990 1049 καὶ
1033 998 1262 1061 πένθους
1287 999 1569 1064 ποιοῦντες
1599 1004 1822 1071 σημεῖα.

243 1079 458 1140 Πένθος
484 1080 594 1150 γὰρ
621 1079 688 1154 ἦν
726 1085 915 1152 ὅντως,
949 1089 1062 1156 είγε
1089 1089 1314 1159 ἔμελλον
1342 1091 1454 1144 θεοὶ
1479 1092 1824 1162 νομίζεσθαι,

242 1171 343 1221 καὶ
414 1172 861 1246 εἰδωλολατρείαν
921 1181 1180 1248 εἰσάγειν,
1210 1184 1275 1251 ἣν
1306 1180 1472 1252 ἦλθον
1523 1184 1824 1238 καταλῦσαι

237 1262 338 1312 καὶ
362 1261 445 1322 εἰς
475 1263 627 1329 τέλος
669 1269 946 1337 ἀφανίσαι.

235 1347 554 1408 Λιυάζετὰι
573 1360 813 1426 Παῦλος
823 1361 975 1485 μετὲ
996 1366 1042 1486 '1'
1062 1362 1180 1505 τῶν
1195 1365 1632 1436 ἀστυγειτόνων
1647 1367 1823 1439 [Ἰου-

962 1451 999 1486 α
1027 1453 1108 1487 ων
1141 1475 1153 1488 .

962 1451 1153 1488 αιωνι.

840 1525 1232 1579 ΚΕΙΜΕΝΟΝ.

319 1611 597 1683 Ἐπῆλθον
639 1614 696 1668 δὲ
752 1615 861 1669 ἀπὸ
917 1617 1243 1687 Ἀντιοχείας
1294 1620 1387 1672 καὶ
1432 1619 1650 1673 Ἰκονίου
1690 1621 1820 1674 ’1ου-

228 1702 403 1768 δαῖοι,
444 1707 542 1758 καὶ
599 1707 889 1771 πείσαντες
941 1711 1070 1770 τοὺς
1117 1710 1331 1780 ὄχλους,
1363 1712 1458 1764 καὶ
1497 1711 1819 1776 λιθάσαντες

229 1796 324 1847 τὸν
357 1799 599 1864 Παῦλον,
624 1800 818 1870 ἔσυρον
847 1801 952 1868 ἔξω
979 1802 1079 1871 τῆς
1107 1803 1338 1864 πόλεως,
1366 1803 1691 1872 νομίσαντες
1715 1805 1816 1856 αὖε

1934 635 2212 690 Christum
2243 653 2302 692 se
2327 638 2522 694 Filium
2545 641 2634 694 Dei
2661 641 2916 710 dicere”,
2947 662 2966 695 ι
2987 646 3150 700 scidit
3177 648 3496 703 vestimenta

1935 742 2057 792 sua,
2104 730 2420 786 exclamans
2467 741 2520 786 et
2568 733 2794 790 dicens:
2827 736 3251 805 Blasphemavit.
3297 758 3315 792 ι
3354 737 3498 794 ldeut

1932 815 2180 873 fecerunt
2202 820 2304 876 hoc
2321 823 2634 877 locoetiam
2661 828 2833 880 sancti
2860 826 3134 898 discipuli,
3156 829 3430 886 Barnabas
3449 841 3502 885 rt

1931 905 2154 977 Paulus,
2185 927 2307 965 cum
2348 915 2424 967 dii
2462 917 2929 984 existimarentur,
2977 931 3092 975 toto
3130 923 3296 978 corde
3347 939 3500 978 aver-

1931 1010 2117 1058 santes
2167 1018 2288 1072 quae
2339 1006 2540 1060 ﬁebant
2591 1016 2643 1061 et
2697 1010 2905 1065 doloris
2957 1015 3110 1083 signa
3145 1015 3390 1070 edentes.
3437 1016 3503 1070 Et

1930 1088 2150 1161 quidem
2182 1096 2471 1166 lugendum
2493 1106 2632 1162 erat,
2650 1100 2692 1154 si
2716 1101 2790 1154 dii
2823 1117 3007 1157 revera
3033 1107 3204 1173 putati
3231 1106 3457 1162 fuissent
3483 1125 3497 1160 :

1931 1184 2010 1238 sic
2053 1188 2199 1240 enim
2243 1188 2610 1243 idololatriam
2637 1207 2800 1261 quam
2847 1195 3148 1252 dissolvere
3196 1208 3248 1253 et
3283 1202 3500 1269 penitus

1929 1278 2256 1332 exscindere
2288 1288 2569 1346 venerant,
2607 1282 2710 1350 ipsi
2744 1283 3162 1343 induxissentet
3195 1291 3496 1346 auxissent.
3584 1365 3589 1370 _

1998 1368 2162 1440 264
2192 1368 2490 1438 Lapidatur
2513 1371 2715 1427 Paulus
2749 1391 2782 1426 a
2819 1373 3025 1431 Judwis
3049 1379 3164 1431 urbi
3197 1381 3400 1435 vicinis.

2576 1533 2878 1593 TEXTUS.

1994 1620 2133 1686 XIV,
2165 1623 2349 1678 18-26.
2372 1625 2820 1694 Supervenerunt
2849 1641 3030 1687 autem
3057 1635 3280 1704 quidam
3296 1639 3500 1694 abAn-

1925 1713 2125 1768 tiochia
2147 1727 2200 1771 et
2221 1715 2402 1771 Iconio
2417 1716 2586 1774 Judaei
2609 1738 2624 1786 ;
2651 1724 3003 1792 etfpersuasis
3023 1728 3222 1795 turbis,
3257 1730 3504 1799 lapidati-

1923 1813 2112 1875 tesque
2129 1807 2376 1872 Paulum,
2395 1820 2680 1868 traxerimt
2695 1826 2846 1870 extra
2863 1816 3162 1884 civitatem,
3178 1823 3498 1878 existiman-

227 1886 323 1938 τὸν
364 1888 647 1945 τεθνάναι.
686 1893 1098 1949 κυκλωσάντων
1127 1895 1186 1947 δὲ
1213 1895 1376 1947 αὑτὸν
1398 1895 1506 1947 τῶν
1533 1895 1810 1965 μαθητῶν,

1924 1906 2003 1952 tes
2027 1913 2149 1954 eum
2182 1909 2454 1955 mortuum
2491 1917 2635 1959 esse.
2659 1905 3144 1963 Circumdantibus
3171 1919 3352 1966 autem
3367 1927 3494 1966 eum

228 1980 485 2042 ἀναστὰς
549 1985 802 2055 εἰσῆλθεν
835 1988 916 2049 είς
966 1989 1066 2057 τὴν
1104 1988 1277 2050 πόλιν,
1310 1988 1402 2041 καὶ
1431 1991 1498 2059 τῇ
1531 1989 1813 2059 ἐπαύριον,

857 2078 1235 2135 EPMHNEIA.

313 2164 592 2218 Ἐνταῦθα
623 2167 1027 2238 πληροῦταιτὸ,
1068 2189 1087 2222 ι
1112 2172 1299 2241 Ἀρκεῖ
1325 2188 1408 2224 σοι
1437 2174 1470 2241 ἡ
1506 2171 1663 2242 χάρις
1688 2191 1813 2244 μου.

240 2250 305 2304 'll
347 2254 464 2324 γὰρ
486 2255 718 2326 δύναμίς
751 2276 854 2328 μου
881 2260 940 2313 ἐν
972 2261 1230 2332 ἀσθενείᾳ
1251 2261 1594 2330 τελειοῦται,
1620 2283 1638 2315 ι
1679 2265 1817 2336 πρὸς

229 2343 406 2396 αὑτὸν
438 2349 591 2418 παρὰ
610 2348 747 2404 Θεοῦ
773 2354 1086 2423 εἰρημένον.

700 2440 778 2512 Τῇ
803 2449 844 2495 ε’
862 2445 962 2514 τῆς
985 2452 1025 2499 ε’
1045 2447 1361 2518 ἑϐδομάδος.

833 2534 1219 2592 ΚΕΙΜΕΝΟΝ.

308 2615 578 2686 Ἐξῆλθεν
609 2622 636 2673 ὁ
663 2623 871 2688 Παῦλος
902 2628 998 2680 σὺν
1033 2629 1110 2700 τῷ
1133 2630 1390 2702 Βαρνάϐᾳ
1421 2633 1500 2696 είς
1560 2636 1796 2708 Δέρϐην.

231 2703 749 2780 Εὐαγγελισὰμενοί
779 2732 837 2768 τε
871 2722 970 2786 τὴν
1022 2719 1176 2773 πόλιν
1229 2725 1466 2796 ἐκείνην,
1505 2731 1600 2782 καὶ
1634 2703 1817 2801 μαθη-

227 2792 537 2860 τεύσαντες
591 2801 827 2869 ἱκανοὺς,
887 2806 1232 2879 ὑπέστρεψαν
1290 2816 1369 2878 είς
1417 2817 1694 2892 Λύστραν,
1720 2824 1816 2876 καὶ

240 2882 498 2951 Ἰκόνιον,
526 2891 620 2942 καλ⁸
656 2892 1007 2964 Ἀντιόχειαν,
1038 2898 1482 2971 ἐπιστηρίζοντες
1504 2882 1601 2971 τάξ
1634 2882 1814 2981 ψυχὰς

226 2976 335 3026 τῶν
376 2978 662 3047 μαθητῶν,
698 2985 792 3035 καὶ
837 2989 1286 3056 παρακαλοῦντες
1341 2996 1605 3065 ἐμμένειν
1622 2976 1814 3072 ch-itf-

231 3083 376 3132 στει,
412 3072 512 3123 καὶ
538 3071 619 3124 ὅτι
648 3073 736 3127 διὰ
761 3077 971 3132 πολλῶν
995 3078 1226 3149 θλίψεων
1250 3084 1332 3136 δεῖ
1373 3088 1522 3156 ἡμᾶς
1552 3071 1814 3146 εἰσελθεῖν

1921 1991 2231 2061 discipulis,
2269 2008 2503 2063 surgens
2522 1994 2745 2050 intravit
2763 1996 3062 2064 civitatem,
3078 2009 3133 2054 et
3149 2009 3364 2070 postera
3386 2003 3494 2066 die,

2405 2082 2988 2143 COMMENTARIUS.

1994 2170 2254 2242 lmpletur
2282 2172 2372 2227 hic
2413 2173 2547 2229 illud
2597 2191 2627 2228 a
2673 2176 2908 2231 Domino
2956 2175 3126 2233 Paulo
3147 2179 3354 2235 dictum
3397 2183 3441 2215 "
3479 2199 3492 2236 :

1927 2284 1944 2316 ι
1983 2263 2188 2318 Sullicit
2218 2265 2315 2320 tibi
2352 2267 2528 2336 gratia
2581 2282 2702 2322 mea
2739 2285 2754 2322 :
2788 2283 2913 2322 nam
2947 2269 3124 2327 virtus
3172 2273 3492 2328 infirmitate

1921 2354 2234 2428 perficitur.
2270 2375 2290 2408 ι

2269 2444 2428 2502 Feria
2457 2449 2490 2503 5
2516 2448 2872 2505 hebdomade:
2896 2452 3123 2522 quintae.

2555 2539 2857 2598 TEXTUS.

1992 2630 2278 2688 Profectus
2312 2641 2395 2688 est
2435 2632 2683 2704 (Paulus)
2714 2649 2838 2690 cum
2865 2634 3115 2691 Barnaba
3158 2637 3214 2691 in
3251 2635 3487 2694 Derben.

1920 2722 2168 2793 Cumque
2195 2724 2664 2794 evangelizassent
2710 2725 2918 2780 civitati
2959 2727 3061 2796 illi,
3081 2735 3136 2782 et
3167 2729 3489 2787 docuissent

1921 2817 2146 2881 multos,
2171 2815 2381 2871 reversi
2425 2825 2553 2870 sunt
2583 2815 2832 2888 Lystram
2859 2825 2912 2870 et
2939 2817 3179 2872 Iconium
3219 2830 3272 2874 et
3293 2822 3486 2877 Antio-

1919 2905 2119 2969 chiam,
2155 2905 2541 2960 confirmantes
2572 2906 2782 2960 animas
2825 2905 3240 2976 discipulorum,
3282 2910 3484 2966 exhor-

1925 3006 2212 3067 tantesque
2262 3004 2320 3050 ut
2344 3005 2727 3066 permanerent
2747 2996 2801 3050 in
2827 2995 2928 3056 fide
2959 3015 2973 3051 :
3006 3001 3346 3069 etquoniam
3392 3018 3488 3072 per

1921 3089 2118 3142 multas
2148 3086 2526 3142 tribulationes
2563 3096 2784 3156 oportet
2815 3102 2916 3143 nos
2940 3088 3143 3145 intrare
3174 3091 3229 3144 in
3257 3106 3485 3163 regnum

227 3159 307 3220 εἰς
350 3161 478 3230 τῆν’
526 3161 802 3231 βασιλείαν
855 3169 949 3222 τοῦ
996 3170 1153 3226 Θεοῦ.
1224 3176 1721 3249 Χειροτονήσαντες
1755 3187 1810 3240 δὲ

1924 3176 2039 3231 Dei.
2070 3177 2135 3229 Et
2167 3191 2291 3229 cum
2320 3175 2738 3230 constituissent
2771 3175 2880 3228 illis
2905 3190 3001 3244 per
3033 3175 3279 3246 singulas
3307 3159 3488 3235 eccle-

226 3247 422 3312 αὐτοῖς
459 3255 868 3326 πρεσϐυτέρους
919 3262 1039 3316 κατ’
1077 3265 1424 3338 Ἐκκλησίαν,
1454 3274 1546 3324 καὶ
1574 3291 1810 3344 προσευ-

229 3342 466 3411 ξάμενοι
487 3348 623 3415 μετὰ
645 3352 926 3419 νηστειῶν,
955 3357 1258 3426 παρέθεντο
1285 3362 1484 3426 αὐτοὺς
1501 3365 1578 3434 τῷ
1600 3342 1806 3439 Κυρίῳ,

226 3435 307 3494 εἰς
334 3432 404 3485 ὃν
434 3438 915 3496 πεπιστεύκεισαν.
949 3445 1060 3498 Καὶ
1090 3447 1389 3515 διελθόντες
1414 3455 1511 3523 τὴν
1541 3432 1808 3522 Πισιδίαν,

227 3516 401 3591 ἦλθον
429 3525 512 3587 εἰς
542 3529 870 3599 Παμφυλίαν
897 3549 910 3563 ⁶
943 3536 1034 3588 καὶ
1053 3537 1382 3610 λαλήσαντες
1421 3516 1479 3596 ἐν
1504 3547 1692 3620 Πέργῃ
1721 3516 1811 3604 τὸν

229 3611 418 3677 λόγον,
478 3617 790 3689 κατέϐησαν
848 3623 928 3685 εἰς
971 3625 1282 3684 Ἀττάλειαν
1337 3651 1351 3664 ο
1407 3638 1659 3693 κάκεῖθεν
1702 3643 1810 3695 ἀπ-

201 3723 204 3726 ’
231 3703 514 3758 έπλευσαν
545 3710 623 3768 εἰς
662 3710 1011 3784 Ἀντιόχειαν,
1043 3718 1164 3773 ὅθεν
1197 3718 1336 3792 ἦσαν
1388 3729 1811 3802 παραδεδομένοι

225 3797 290 3892 τῇ
319 3796 521 3892 χάριτι
576 3802 670 3854 τοῦ
731 3804 889 3872 Θεοῦ,
945 3811 1026 3873 εἰς
1083 3812 1144 3866 τὸ
1209 3796 1807 3892 ἔργονδέπλήρῶσαν.

228 3887 682 3962 Παραγενόμενοι
705 3895 783 3961 δὲ,
838 3899 933 3953 καὶ
979 3892 1385 3974 συναγαγόντες
1432 3914 1534 3981 τὴν
1574 3887 1812 3988 (ἐκκλη-

228 3979 379 4044 σίαν,
456 3983 788 4052 ἁνήγγειλαν
835 3989 935 4043 ὅσα
966 3993 1223 4064 ἐποίησεν
1248 3998 1434 4063 αὐτοῖς
1528 4003 1680 4071 Θεὸς,
1717 3979 1809 4063 καὶ

225 4070 306 4124 ὅτι
334 4072 522 4141 ἤνοιξε
547 4077 657 4138 τοῖς
693 4078 868 4132 ἔθνεσι
897 4081 1067 4152 θύραν
1095 4085 1348 4152 πίστεως.

803 4170 1211 4238 ,ΕΡΜΗΝΕΙΑ

297 4257 405 4309 Διά
479 4256 527 4309 τί
575 4258 632 4311 ἐν
684 4260 898 4332 Κύπρῳ
949 4264 1069 4317 οὐδὲ
1113 4269 1172 4320 ἐν
1214 4269 1502 4345 Σαμαρείᾳ
1539 4276 1810 4349 ἐποίησαν

229 4347 649 4419 πρεσϐυτέρους
693 4355 743 4406 οἱ
796 4355 1109 4422 ἀπόστολοι,
1173 4361 1288 4414 ἀλλ’
1353 4366 1624 4435 Exit-100a;
1683 4347 1807 4426 Ὅτι

233 4440 450 4494 ἐκεῖναι
474 4442 572 4510 μὲν
593 4445 759 4513 ἐγγὺς
779 4441 918 4517 ἦσαν
941 4450 1039 4520 τῆς
1053 4451 1410 4528 Ἰερουσαλὴμ
1425 4461 1641 4528 καὶτῶν
1670 4464 1807 4518 ἁπο-

1917 3267 2030 3324 sias
2080 3267 2451 3336 presbyteros,
2485 3276 2537 3320 et
2590 3256 2845 3320 orassent
2875 3281 2998 3320 cum
3027 3267 3484 3336 jejunationibus,

1918 3357 2440 3412 commendaverunt
2465 3371 2558 3410 eos
2591 3356 2820 3409 Domino
2844 3357 3082 3427 infquem
3111 3359 3483 3416 crediderunt.

1917 3451 2398 3518 Transeuntesque
2461 3447 2744 3511 Pisidiam,
2811 3455 3080 3502 venerunt
3121 3450 3174 3504 in
3219 3449 3487 3524 Pamphy-

1916 3542 2041 3594 liam
2077 3553 2092 3590 :
2124 3547 2178 3594 et
2209 3539 2494 3608 loquentes
2536 3538 2759 3590 verbum
2795 3536 3009 3590 Domini
3051 3537 3106 3618 in
3136 3538 3328 3610 Perge,
3386 3541 3484 3597 de-

1918 3631 2251 3685 scenderunt
2283 3630 2335 3682 in
2368 3627 2627 3680 Attaliam
2663 3644 2676 3680 :
2711 3637 2765 3681 et
2787 3626 2913 3681 inde
2955 3629 3344 3698 navigaverunt
3375 3635 3487 3686 Δη-

1917 3719 2204 3782 tiochiam,
2253 3719 2398 3773 unde
2429 3727 2588 3771 erant
2629 3715 2815 3770 traditi
2869 3717 3055 3786 gratiae
3098 3719 3214 3786 Dei,
3247 3722 3302 3775 in
3347 3737 3486 3792 opus

1916 3813 2062 3883 quod
2103 3812 2533 3880 compleverunt.
2565 3809 2699 3886 Cum
2751 3817 2932 3863 autem
2962 3810 3240 3867 venissent
3271 3821 3324 3868 et
3350 3831 3481 3869 con.

1915 3910 2236 3976 gregassent
2286 3901 2607 3965 Eeclesiam,
2654 3901 2956 3954 retulerunt
3003 3911 3204 3968 quanta
3267 3904 3482 3960 fecisset

1917 3997 2059 4053 Deus
2088 4011 2211 4051 cum
2253 3995 2384 4062 illis,
2422 4003 2476 4064 et
2508 3993 2634 4064 quia
2665 3993 2974 4063 aperuisset
2998 3995 3256 4064 gentibus
3273 3999 3475 4055 ostium

1915 4087 2064 4142 fidei.
2434 4155 2436 4157 ν
2473 4155 2475 4157 ι

2405 4179 2976 4249 COMMENTARIUS.

1984 4272 2166 4337 Quare
2202 4272 2436 4341 apostoli
2476 4287 2653 4341 neque
2685 4272 2738 4326 in
2768 4271 2970 4342 Cypro,
3004 4288 3181 4343 neque
3207 4274 3265 4328 in
3293 4274 3486 4329 Samae

1911 4364 1991 4419 ria
2023 4365 2426 4419 constituerunt
2461 4364 2831 4432 presbyteros,
2863 4365 3320 4432 quemadmodum
3380 4369 3485 4422 hoc

1912 4457 1965 4510 in
1990 4454 2146 4510 loco?
2167 4453 2435 4519 Quoniam
2477 4454 2582 4507 illa:
2609 4452 2826 4522 quidem
2856 4455 3110 4523 regiones
3160 4456 3302 4511 haud
3339 4461 3482 4512 mul-

233 4531 448 4604 στόλων
473 4551 487 4564 ’
522 4536 614 4587 καὶ
635 4539 693 4589 ἐν
723 4539 858 4609 αὐτῇ
890 4541 946 4594 δὲ
975 4545 1039 4613 τῇ
1059 4544 1360 4618 Ἀντιοχείᾳ
1385 4550 1413 4602 ὁ
1443 4550 1600 4619 λόγος
1633 4554 1802 4626 ἐκρά-

1924 4554 2030 4600 tum
2060 4545 2336 4600 distabant
2365 4543 2433 4598 ab
2461 4541 2760 4596 Jerusalem
2791 4551 2844 4597 et
2868 4546 2935 4599 ab
2956 4545 3220 4614 apostolis
3247 4564 3261 4602 :
3286 4548 3480 4603 Antio-

230 4634 338 4673 τει.
401 4621 668 4677 Ἐνταῦθα
693 4626 750 4678 δὲ
780 4629 980 4702 πολλῆς
1024 4633 1237 4688 ἐδέοντο
1291 4643 1669 4710 παραμυθίας,
1699 4621 1805 4715 μά-

229 4707 400 4762 λιστα
432 4710 482 4762 οἱ
518 4711 576 4776 ἐξ
625 4713 796 4769 ἐθνῶν
845 4719 1155 4787 ὀφείλοντες
1207 4707 1387 4781 πολλᾶ
1431 4707 1806 4792 διδάσκεσθαι.

229 4802 583 4872 Σημειωτέον
609 4805 686 4871 δὲ,
721 4807 805 4860 ὅτι
865 4811 914 4862 oi
959 4813 1089 4883 περὶ
1133 4816 1344 4872 Παῦλον
1391 4823 1484 4874 καὶ
1519 4824 1807 4896 Βαρνάϐαν

228 4893 552 4948 ἐπισκόπων
591 4893 736 4968 εἶχον
767 4899 943 4966 ἀξίαν,
973 4902 1032 4968 ἐξ
1062 4897 1136 4958 ὧν
1197 4910 1566 4981 ἐχειροτόνουν
1600 4893 1673 4970 ὀὐ
1708 4921 1807 4989 μό-

228 4999 317 5035 νον
353 4985 655 5053 διακόνους,
691 4989 828 5043 ἁλλά
852 4994 946 5046 καλ.
982 4999 1406 5072 πρεσϐυτέρους,
1439 5009 1532 5061 καὶ
1551 5010 1630 5062 ὅτι
1660 4985 1797 5080 μετὰ

229 5073 501 5143 νηστειῶν
555 5078 647 5129 καὶ
697 5080 872 5149 εὐχῶν
913 5084 1130 5140 ἐποίουν
1155 5091 1206 5140 οἰ
1231 5093 1474 5163 μαθηταὶ
1499 5099 1596 5162 τὰς
1623 5118 1802 5172 χειρο-

230 5164 440 5227 τονίας.
505 5167 816 5238 Σημείωσαι
843 5175 899 5227 δὲ
933 5178 1032 5230 καὶ
1081 5181 1259 5246 τοῦτο,
1311 5187 1392 5239 ὅτι
1451 5191 1531 5254 είς
1560 5164 1802 5265 Μίλητον

228 5257 723 5332 ἐχειροτονήθησαν
771 5267 822 5318 oi
885 5269 1016 5340 περὶ
1084 5271 1366 5344 Βαρνάϐαν
1417 5284 1508 5336 καὶ
1568 5257 1799 5346 Παῦλον.

234 5350 403 5401 Ἀλλο
427 5350 486 5403 δὲ
512 5354 844 5426 ἀντίγραφον
909 5357 1086 5432 εὗρον,
1121 5365 1245 5437 ἔχον
1270 5371 1391 5427 ἀντὶ
1421 5376 1686 5448 Μιλήτου,
1719 5385 1799 5446 εἰς

245 5441 600 5513 Ἀντιόχειαν,
633 5448 662 5500 ὃ
694 5453 786 5504 καὶ
811 5454 1228 5530 πειθανώτερον.
1715 5480 1721 5485 ’

308 5640 356 5671 ⁸⁸
381 5639 572 5694 Matth.
602 5658 749 5710 τινι,
791 5645 880 5701 65.
958 5649 1002 5682 ⁶⁹
1042 5651 1084 5706 ll
1115 5652 1220 5709 Cor
1272 5673 1372 5725 ut,
1408 5659 1461 5713 9.

1908 4640 2045 4697 chire
2075 4647 2255 4693 autem
2299 4637 2528 4691 verbum
2573 4634 2669 4690 Dei
2703 4636 2842 4692 altas
2887 4636 2999 4708 jam
3035 4638 3247 4696 radices
3272 4651 3480 4712 egerat.

1908 4737 2006 4793 llic
2032 4752 2161 4792 vero
2191 4734 2364 4789 multo
2403 4748 2542 4802 opus
2601 4732 2874 4788 habebant
2914 4733 3134 4804 solatio,
3182 4736 3478 4804 praesertim

1908 4829 2002 4899 qui
2031 4835 2272 4884 erantex
2317 4825 2594 4896 gentibus,
2640 4835 2826 4894 utpote
2857 4825 2947 4894 qui
2975 4825 3145 4900 multa
3173 4826 3350 4881 adhuc
3381 4828 3478 4882 ad-

1911 4921 2121 4974 discere
2180 4916 2470 4985 debebant.
2525 4915 2910 4969 Adnotandum
2975 4930 3100 4970 vero
3140 4915 3366 4970 Paulum
3426 4928 3478 4971 et

1909 5009 2212 5064 Barnabam
2245 5007 2405 5078 265
2439 5007 2801 5076 episcopalem
2838 5007 3153 5076 dignitatem
3194 5007 3474 5071 habuisse,

1905 5099 2369 5171 (quandoquidem
2397 5105 2452 5151 et
2481 5097 2744 5151 diaconos
2775 5105 2829 5150 et
2861 5097 3209 5166 presbyteros
3251 5096 3444 5150 ordina
3473 5133 3490 5173 «ι

1905 5192 2055 5258 bant)
2084 5206 2148 5244 ac
2167 5190 2372 5244 Christi
2405 5190 2705 5260 discipulos
2757 5203 2880 5242 cum
2911 5186 3139 5254 jejuniis
3181 5195 3236 5241 et
3266 5189 3473 5243 oratio-

1906 5281 2068 5335 nibus
2093 5279 2469 5332 ordinationes
2503 5277 2719 5333 fecisse.
2747 5272 2989 5329 Observa
3043 5273 3208 5328 etiam
3243 5272 3471 5327 Paulum

1908 5381 1960 5424 et
1994 5368 2301 5421 Barnabam
2329 5367 2385 5420 in
2423 5367 2556 5421 urbe
2606 5363 2785 5418 Mileto
2815 5360 3096 5416 ordinatos
3148 5359 3336 5416 fuisse.
3365 5360 3472 5416 Sed

1910 5477 2010 5533 ego
2037 5460 2314 5528 exemplar
2341 5457 2608 5526 quoddam
2660 5455 2863 5518 inveni,
2919 5451 2973 5505 in
3008 5465 3116 5522 quo
3144 5465 3244 5521 pro
3290 5449 3472 5506 Mileto

1909 5553 2213 5608 habebatur
2239 5550 2541 5604 Antiochiae
2568 5566 2582 5600 :
2610 5546 2754 5616 quod
2784 5543 2946 5599 etiam
2983 5551 3064 5599 est
3093 5541 3468 5600 verisimilius.

1427 5748 1622 5812 Varia:
1656 5747 1957 5812 lectiones
1997 5754 2059 5808 et
2098 5755 2291 5808 notae.

312 5829 429 5913 'f‘“
464 5829 616 5901 γοῦν.
693 5835 738 5916 ’,³
769 5838 942 5907 παρά.
