3848 6550
197 453 309 515 971

883 457 1420 522 EXPOSITIONIS
1448 461 1530 522 IN
1565 461 1752 522 ACTA
1784 464 2085 530 TEXTUS
2113 465 2377 536 ALTER.
2405 489 2472 502 -·-
2505 465 2666 527 CAP.
2699 425 2824 526 XV.

3389 463 3494 528 978

202 569 298 620 τὸν
361 567 642 637 τράχηλον
692 568 804 624 τῶν
861 570 1145 641 μαθητῶν,
1198 570 1258 625 ὃν
1295 570 1422 626 οὔτε
1460 573 1508 626 oi
1565 574 1802 644 πατέρες

1930 593 2004 633 ter
2043 580 2273 649 gratiam
2309 580 2523 649 Domini
2563 579 2693 636 Jesu
2724 578 2933 648 Christi
2961 579 3240 650 credimus
3271 580 3492 646 salvari,

201 658 392 728 ἡμῶν,
440 659 570 714 οὔτε
607 661 775 732 ἡμεῖς
824 661 1130 732 ίσχύσαμεν
1169 663 1482 734 gestiant;
1519 665 1684 718 Ἀλλὰ
1711 666 1803 720 διὰ

201 751 305 818 τῆς
342 751 573 820 χάριτος
620 751 716 806 τοῦ
745 754 954 823 Κυρίου
990 755 1168 824 Ἰησοῦ
1196 756 1435 828 Χριστοῦ
1472 757 1804 827 πιστεύομεν

202 842 481 913 σωθῆναι,
515 841 634 898 καθ’
664 845 724 899 δν
749 847 954 916 τρόπον
984 849 1251 903 κάκεῖνοι.
1298 850 1556 919 Ἐσίγησε
1581 851 1636 903 δὲ
1658 851 1804 905 ἅπαν

199 936 264 988 τὸ
297 937 535 1006 πλῆθος,
570 939 664 992 καὶ
685 939 886 1010 ἤκουον
916 938 1167 1010 Βιρνάὸσ
1210 942 1307 996 καὶ
1336 942 1550 996 Παύλου
1575 943 1775 1013 ὲξηγου
1793 976 1807 987 ο

206 1029 399 1097 μένων
435 1033 538 1084 ὅσα
597 1033 857 1103 ἐποίησεν
889 1037 917 1088 6
955 1035 1088 1098 Θεὸς
1127 1039 1332 1106 σημεῖα
1384 1037 1480 1091 καὶ
1505 1036 1711 1108 τέρατα
1746 1039 1805 1090 ἐν

203 1124 324 1185 τοῖς
381 1123 568 1178 ἔθνεσι
597 1125 664 1180 δι’
694 1126 906 1196 αὐτῶν..

830 1219 1213 1276 EPMHNEIA.
1548 1250 1555 1260 -

170 1362 183 1398 η
280 1309 408 1378 Οὐχ
431 1310 482 1362 oi
514 1310 622 1362 ἀπὸ
649 1309 822 1363 ἐθνῶν
862 1312 1068 1378 πιστοὶ,
1135 1312 1253 1366 ἀλλ’
1281 1313 1329 1365 οἱ
1351 1312 1461 1366 ἀπὸ
1514 1314 1804 1378 Ἰουδαίων,

178 1403 471 1474 ῖάπῄτουν
499 1405 629 1467 τοὺς
674 1406 906 1467 πιστοὺς
950 1405 1408 1473 περιτέμνεσθαι,
1438 1408 1534 1460 καὶ
1575 1409 1642 1463 τὰ
1673 1408 1808 1464 ἄλλα

201 1497 273 1547 τὰ
296 1495 404 1548 τοῦ
429 1495 598 1564 νόμου
620 1495 863 1566 σαρκικὰ
887 1498 1094 1550 ποιεῖν’
1123 1495 1240 1562 οὓς,
1273 1496 1348 1560 ὡς
1377 1497 1515 1552 ἰδίαν
1537 1498 1808 1571 καύχησιν

205 1585 479 1647 θέλοντας
519 1583 875 1656 περιτέμνειν
899 1586 1025 1648 τοὺς
1072 1587 1319 1649 πιστοὺς,
1351 1587 1451 1642 οὐκ
1479 1588 1809 1652 ἀπεδέξαντο

176 1651 254 1728 ὀἱ
292 1676 576 1745 μαθηταὶ,
596 1651 608 1656 ⁷
630 1651 733 1730 ἔτι-
759 1678 857 1730 καὶ
888 1678 1044 1731 αὐτοὶ
1090 1679 1155 1731 ἐκ
1180 1681 1488 1749 περιτομῆς
1520 1651 1672 1744 ὄντες
1699 1697 1714 1712 ο
1745 1683 1809 1735 οῦ

204 1767 319 1837 γὰρ
347 1767 418 1820 τὺ
445 1767 655 1821 ἑαυτῶν
700 1767 954 1838 ἐζήτουν,
1022 1768 1161 1821 ἀλλὰ
1214 1769 1273 1822 τὸ
1328 1771 1656 1839 κοινωφελὲς
1712 1771 1808 1827 τοῦ

208 1859 434 1928 κόσμου
474 1860 574 1914 καὶ
626 1863 918 1930 σωτήριον.
962 1880 980 1912 ι
1014 1861 1244 1930 Ἄνδρες
1297 1862 1536 1931 αδελφοί.
1564 1881 1584 1914 ι
1647 1865 1810 1926 Ἴσως

209 1950 491 2020 παρῆσαν
519 1950 570 2002 οἱ
602 1949 1004 2018 ἐγκαλέσαντες
1069 1949 1219 2019 αὐτῷ
1249 1950 1420 2004 πάλαι
1473 1950 1564 2004 ἐπὶ
1599 1952 1810 2020 Κορνηο

207 2041 356 2106 λίου,
384 2042 486 2096 καὶ
509 2041 848 2104 εἰσελθόντες
881 2041 1017 2111 πρὸς
1078 2042 1300 2108 αὐτοὺς,
1339 2044 1578 2112 παράγει
1612 2044 1809 2105 αὐτοὺς

213 2136 538 2208 μάρτυρας.
586 2135 654 2188 Τί
681 2136 737 2189 δέ
796 2137 916 2188 ἐστι
955 2137 1040 2197 τὸ,
1119 2154 1138 2187 ι
1180 2137 1236 2188 ἐν
1267 2136 1396 2204 ὑμῖν
1447 2135 1763 2201 ὲξελέξατος
1789 2156 1806 2189 ι

210 2230 380 2283 Τοῦτ’
425 2229 597 2294 ἔστιν,
657 2229 715 2281 ἐν
755 2228 1114 2300 Παλαιστίνῃ,
1181 2228 1236 2298 ἢ,
1286 2229 1572 2299 παρόντων
1632 2227 1809 2298 ὑμῶν.

216 2339 236 2372 ι
261 2320 384 2374 Καὶ
414 2319 478 2372 οὐ
501 2319 742 2390 διέκρινε
772 2318 1000 2388 μεταξὺ,
1034 2318 1191 2388 φησὶ,
1218 2320 1250 2390 ἠ
1261 2318 1378 2382 μῶν
1397 2335 1456 2372 τε
1491 2319 1586 2373 καὶ
1611 2319 1812 2385 αὐτῶν,

210 2414 339 2476 δοὺς
408 2411 597 2474 αὐτοῖς
626 2411 688 2464 τὸ
717 2410 941 2479 Πνεῦμα
963 2409 1025 2463 τὸ
1051 2410 1208 2478 ἅγιον
1271 2409 1453 2474 καθὼς
1511 2412 1605 2465 καὶ
1657 2412 1812 2482 ἡμῖν,

211 2508 280 2574 τῇ
328 2504 527 2557 πίστει
577 2502 882 2573 καθαρίσας
909 2503 1008 2566 τὰς
1066 2502 1296 2574 καρδίας
1335 2504 1548 2556 αὐτῶνθ
1587 2522 1607 2557 ι
1656 2521 1814 2558 τουτ-

217 2599 338 2648 έστι
398 2593 747 2666 καθαρισμὸν
827 2594 1061 2665 ποιήσας
1124 2594 1231 2649 τῶν
1281 2592 1390 2648 ἀπὸ
1430 2595 1528 2664 τῆς
1593 2595 1818 2666 καρδίας

217 2687 410 2740 αὐτῶν
451 2687 708 2754 ἐξιόντων
761 2686 1068 2758 ἁμαρτιῶν.
1101 2681 1272 2750 Οὗτος
1329 2687 1386 2741 δὲ
1408 2688 1438 2740 6
1471 2687 1818 2758 καθαρισμδς

220 2777 374 2832 ιοικε
395 2781 464 2848 τῇ
499 2779 795 2848 περιτομῇ,
827 2777 920 2831 καὶ
935 2777 1055 2830 ἀντὶ
1079 2777 1176 2848 τῆς
1205 2778 1261 2831 ὲν
1288 2778 1456 2849 σαρκὶ
1516 2782 1820 2850 περιτομῆς

219 2871 432 2925 δίδοται
459 2873 495 2940 ἡ
546 2871 606 2924 ὲν
652 2870 933 2940 Πνεῦματι
975 2868 1271 2942 περιτομὴ,
1328 2867 1708 2940 καθαρίζουσα
1751 2873 1817 2942 τῇ

223 2964 417 3014 πίστει
444 2964 514 3030 τῇ
554 2962 633 3025 είς
655 2961 894 3032 Χριστὸν
928 2961 1000 3014 τὰ
1054 2960 1294 3032 κρυπτά.
1327 2962 1450 3015 Ὀτι
1482 2961 1541 3014 δὲ
1568 2961 1632 3015 οὐ
1675 2977 1822 3015 κοιν-

223 3053 460 3125 ωφελὴς
488 3055 521 3124 ἡ
549 3054 606 3105 ὲν
631 3055 794 3124 σαρκὶ
822 3053 1120 3124 περιτομὴ,
1139 3051 1392 3107 ἐντεῦθεν
1417 3053 1714 3117 δείκνυται,
1739 3055 1823 3109 ὅτι

227 3139 384 3210 μᾶνῳ
422 3139 504 3208 τῷ
537 3140 727 3211 ᾶρῤενι
783 3140 964 3209 ἐδόθη.
1002 3141 1089 3193 Ἐν
1127 3140 1182 3193 δὲ
1226 3141 1449 3212 Χριστῷ
1509 3142 1688 3212 Ἰησοῦ
1747 3146 1815 3214 τῇ

1909 672 2376 759 quemadmodum
2397 681 2453 732 et
2479 673 2575 728 illi.
2612 671 2809 728 Tacutt
2828 682 3011 738 autem
3041 673 3221 732 omnis
3240 673 3493 728 multitu-

1910 767 2022 822 do:
2057 776 2111 822 et
2159 767 2457 822 audiebam
2491 767 2799 829 Barnabam
2847 774 2896 822 et
2935 767 3164 838 Paulum
3207 777 3493 822 narrantes

1909 867 2117 924 quanta
2153 857 2295 911 Deus
2326 857 2547 914 fecisset
2587 857 2740 928 signa
2775 867 2828 913 et
2851 857 3182 928 prodigiain
3237 857 3494 928 gentibus

1912 961 2009 1015 per
2041 961 2157 1000 eos.

2431 1211 2990 1268 COMMENTARIUS.

1981 1303 2098 1358 Non
2150 1303 2244 1369 qui
2295 1320 2360 1360 ex
2413 1305 2710 1375 gentilibus
2763 1306 3130 1368 crediderant,
3175 1306 3266 1360 sed
3311 1305 3402 1374 qui
3431 1321 3498 1359 ex

1910 1394 2134 1461 Iudaeis,
2189 1397 2444 1454 volebant
2499 1397 2687 1454 ﬁdeles
2727 1396 3066 1462 circumcidi,
3117 1409 3171 1452 et
3211 1397 3314 1452 alia
3365 1395 3500 1466 legis

1913 1491 2157 1550 carnalia
2201 1490 2500 1546 observare
2531 1508 2547 1556 ;
2583 1491 2804 1560 quibus,
2846 1498 3034 1560 utpote
3083 1489 3356 1560 propriam
3385 1489 3504 1560 glo-

1914 1580 2050 1634 riam
2077 1579 2130 1632 in
2159 1579 2396 1638 ﬁdelium
2424 1579 2850 1634 circumcisione
2874 1580 3262 1649 quaerentibus,
3287 1578 3501 1648 assensi

1913 1685 2026 1730 non
2075 1678 2206 1724 sunt
2239 1669 2442 1726 Christi
2495 1669 2776 1739 discipuli,
2809 1684 3123 1739 quanquam
3165 1668 3200 1723 ii
3233 1668 3396 1724 etiam
3436 1683 3503 1724 ex

1917 1761 2340 1825 circumcisione
2373 1771 2563 1817 essent
2595 1778 2608 1816 :
2645 1765 2773 1832 quia
2803 1777 2912 1832 non
2943 1762 3173 1831 gloriam
3197 1776 3376 1824 suam,
3408 1759 3502 1816 sed

1913 1866 2262 1908 communem
2288 1853 2578 1909 utilitatem
2611 1861 2666 1910 et
2697 1853 2930 1910 salutem
2965 1853 3126 1909 unice
3161 1853 3501 1923 quaerebant.

1921 1964 1940 1996 σ
1979 1943 2088 2000 Viri
2123 1944 2343 2000 fratres.
2386 1963 2404 1998 ι
2451 1943 2616 2002 Forte
2667 1945 2897 2002 aderant
2945 1946 3003 2010 ii,
3041 1947 3133 2017 qui
3177 1945 3396 2002 Petrum
3433 1947 3505 2002 ob

1918 2037 2124 2092 factum
2151 2031 2392 2094 Cornelii
2423 2037 2912 2106 reprehenderant,
2951 2053 3155 2108 eosque
3181 2047 3352 2095 testes
3381 2053 3506 2108 pro-

1916 2129 2088 2186 ducit.
2121 2127 2262 2195 Quid
2302 2140 2488 2186 autem
2530 2139 2614 2187 est
2650 2130 2782 2190 illud
2821 2147 2835 2186 :
2882 2148 2901 2184 ι
2949 2130 3002 2188 in
3035 2132 3191 2186 nobis
3221 2128 3435 2200 elegit?
3481 2147 3501 2180 ι

1917 2222 2121 2290 Nempe
2145 2225 2199 2276 in
2224 2221 2532 2287 Palaestina,
2566 2223 2677 2288 vel,
2697 2223 3062 2294 praesentibus
3095 2222 3270 2282 vobis.
3312 2241 3330 2274 ι
3359 2219 3506 2276 Nihil

1917 2315 2200 2378 discrevit,
2230 2315 2430 2384 inquit,
2459 2317 2601 2372 inter
2628 2330 2728 2370 nos
2759 2322 2817 2372 et
2853 2314 2997 2383 illos,
3025 2315 3164 2370 dans
3205 2313 3314 2371 illis
3334 2313 3508 2382 Spiri-

1923 2417 2036 2462 tum
2067 2417 2349 2466 sanctum.
2378 2409 2525 2465 sicut
2562 2417 2617 2464 et
2652 2408 2833 2473 nobis,
2875 2407 2981 2462 ﬁde
3010 2407 3310 2479 puriﬁcans
3335 2403 3508 2462 corda

1917 2512 2140 2564 eorum;
2171 2518 2194 2551 ι
2222 2499 2324 2554 hoc
2343 2499 2841 2570 cst,purgationem
2867 2498 3078 2555 faciens
3093 2500 3137 2531 '”
3157 2505 3505 2568 peccatorum

1920 2605 2043 2660 quae
2071 2605 2135 2645 ex
2153 2591 2315 2645 corde
2335 2601 2557 2646 exeunt.
2620 2589 2744 2645 Haec
2788 2600 2970 2646 autem
3003 2591 3255 2661 purgatio
3282 2602 3513 2658 respon-

1923 2683 2016 2738 det
2064 2683 2476 2737 circumcisioni
2515 2700 2530 2738 :
2584 2691 2640 2737 et
2697 2698 2798 2752 pro
2839 2682 3266 2738 circumcisione
3303 2681 3510 2740 carnali

1922 2777 2086 2830 datur
2107 2774 2457 2830 circumcisio
2481 2774 2808 2844 spiritualis,
2833 2789 2956 2843 quae
2998 2772 3104 2830 ﬁde
3145 2775 3199 2828 in
3228 2773 3508 2830 Christum

1923 2867 2178 2938 puriﬁcat
2225 2866 2546 2922 abscondita
2591 2866 2800 2923 cordis.
2848 2865 3005 2932 Quod
3036 2881 3170 2922 vero
3200 2867 3513 2924 communis

1923 2958 2180 3015 utilitatis
2207 2973 2318 3014 non
2348 2969 2492 3015 esset
2511 2959 2864 3018 circumcisio
2893 2959 3102 3028 carnis,
3130 2959 3326 3017 exinde
3353 2975 3512 3017 mon-

1926 3059 2155 3116 stratur,
2189 3052 2334 3122 quod
2359 3051 2462 3107 soli
2496 3066 2679 3107 mares
2705 3051 2834 3106 olim
2862 3051 3428 3108 circumciderentur:
3457 3059 3516 3110 et

1925 3143 1983 3198 in
2012 3142 2234 3200 Christo
2266 3142 2396 3200 Jcsu
2429 3157 2666 3213 veraque
2696 3142 2801 3200 ﬁde
2821 3145 2868 3176 τ’
2901 3162 2920 3194 ι
2944 3140 3062 3198 Non
3093 3150 3176 3199 est
3209 3143 3511 3208 masculus,

225 3230 466 3302 ἀληθινῇ
491 3232 696 3297 πίστει,
743 3250 762 3283 ι
788 3233 903 3287 Οὐκ
932 3232 1011 3286 ἔνι
1047 3232 1218 3304 ἄρρεν
1258 3234 1352 3287 καὶ
1403 3233 1559 3303 θῆλυ,
1610 3235 1712 3289 οὐκ
1741 3235 1822 3291 ενι

1930 3250 2105 3305 neque
2129 3234 2349 3300 femina,
2375 3249 2482 3290 nou
2514 3250 2729 3302 servus,
2748 3251 2926 3305 neque
2954 3235 3113 3302 liber,
3143 3250 3250 3290 non
3269 3235 3512 3302 Gnaeus,

225 3321 812 3394 δοῦλος-ηελεύθερος,
887 3324 990 3377 οὐκ
1039 3323 1118 3378 ἔνι
1177 3322 1380 3394 Ἕλλην
1442 3325 1476 3394 ἢ
1521 3325 1819 3398 βάρϐαρος,

226 3412 376 3469 ἀλλὰ
435 3418 640 3479 πάντες
673 3415 735 3469 ιν
770 3419 959 3484 ἐσμεν.
983 3433 1002 3468 ι
1031 3447 1099 3457 -
1155 3435 1174 3467 ι
1205 3415 1321 3469 Νῦν
1348 3415 1442 3470 οῦν
1461 3417 1549 3482 τί;
1587 3435 1606 3468 ι
1652 3417 1822 3472 Τουτ-

233 3508 379 3572 έστι,
411 3506 482 3560 Τί
511 3508 794 3560 ἀπιστεῖτε
827 3506 907 3576 τῷ
961 3506 1104 3578 Θεῷ,
1139 3505 1216 3569 ὡς
1251 3508 1352 3561 οὐκ
1376 3509 1637 3578 ἰσχύοντι,
1667 3512 1822 3580 φησι,

233 3599 420 3653 σῶσαι
457 3601 524 3670 τῇ
571 3599 756 3653 πίστει
809 3598 938 3661 τοὺς
987 3599 1462 3669 προσερχομένους
1496 3599 1679 3669 abuit;
1726 3601 1829 3671 Ση-

233 3690 509 3763 μειωτιον
539 3690 615 3754 δὲ,
646 3691 728 3744 ὃτι
765 3691 837 3743 τὰ
863 3688 1287 3756 δυσκατόρθωτα
1347 3690 1698 3758 ἐπιτάγματα
1725 3693 1828 3761 τῆς

236 3785 453 3857 σαρκὸς
480 3785 544 3837 οὐ
567 3785 649 3838 δεῖ
673 3785 904 3857 ἑπικλᾷν
927 3799 1096 3849 τισιν,
1127 3778 1239 3836 οἷον
1269 3783 1448 3854 ἄκραν
1482 3785 1762 3854 νηστείαν,
1793 3785 1827 3854 ἢ

231 3877 582 3949 γυμνότητα,
621 3877 655 3945 ἢ
713 3877 944 3946 σιωπὴν,
979 3876 1027 3928 εί
1060 3876 1133 3946 μή
1156 3874 1211 3928 τί
1242 3875 1305 3944 γέ
1338 3892 1422 3940 τις
1451 3876 1632 3947 ἐαυτῷ
1655 3875 1829 3932 ταῦτα

235 3969 500 4040 ἐπιτάξῃ.
535 3969 730 4038 Είγὰρ
781 3969 874 4020 κα⁸ι
925 3967 1180 4037 δυσχερῆ,
1232 3967 1368 4021 ἀλλὰ
1410 3967 1518 4039 μὴν
1539 3969 1600 4022 οὐ
1630 3985 1831 4039 κατορ-

236 4059 503 4128 θώματα,
537 4057 634 4112 καὶ
689 4057 949 4128 γινόμενα
977 4057 1083 4110 ὑπὸ
1105 4056 1317 4111 πολλῶν
1352 4057 1520 4112 καὶού
1544 4059 1829 4129 γινόμενα.

245 4169 264 4201 ι
299 4149 474 4204 Ἀλλὰ
495 4149 580 4202 διὰ
616 4150 715 4220 τῆς
739 4150 961 4228 χάριτος
983 4148 1076 4202 τοῦ
1104 4141 1312 4220 Κυρίου
1359 4149 1534 4219 Ἰησοῦ
1583 4150 1834 4204 πιστεύο-

1926 3341 2104 3394 neque
2132 3325 2400 3383 barbarus
2449 3344 2464 3391 ;
2503 3328 2666 3398 267
2696 3327 2792 3384 sed
2823 3341 3015 3383 omnes
3048 3342 3218 3383 unum
3255 3341 3504 3383 sumus.»

1935 3437 1956 3471 ι
1981 3418 2138 3474 Nunc
2159 3433 2290 3490 ergo
2307 3419 2464 3489 quid,
2493 3439 2514 3473 ι
2541 3428 2650 3474 etc.
2680 3418 2795 3474 Hoc
2826 3429 2932 3485 est,
2967 3420 3097 3490 quid
3134 3420 3351 3475 adversi
3377 3419 3514 3477 estis

1931 3509 2064 3576 Deo,
2133 3509 2293 3580 quasi
2355 3524 2464 3564 non
2524 3508 2723 3578 possit,
2771 3511 2971 3580 inquit.
3008 3511 3128 3566 sola
3167 3511 3271 3565 ﬁde
3299 3511 3514 3567 salvare

1931 3600 2254 3656 accedentes
2277 3601 2345 3656 ad
2373 3616 2431 3656 se
2453 3599 2873 3658 2Adnotandum
2904 3615 3055 3663 vero,
3081 3610 3372 3672 praecepta,
3389 3617 3514 3672 quas

1931 3691 2084 3747 carni
2126 3689 2366 3748 diﬂicilia
2406 3699 2559 3758 sunt,
2591 3700 2652 3748 ut
2691 3692 2930 3764 rigidum
2962 3693 3257 3764 jejunium,
3294 3693 3514 3752 nudita-

1934 3791 2064 3846 tem,
2124 3783 2422 3850 silentium,
2463 3799 2572 3840 non
2617 3799 2742 3841 esse
2779 3785 3108 3856 quibusdam
3159 3786 3511 3857 imponenda,

1933 3876 2040 3932 nisi
2075 3876 2180 3948 ipsi
2196 3877 2299 3933 sibi
2321 3893 2384 3933 ea
2411 3878 2788 3949 praescribant.
2814 3878 2888 3934 Ea
2917 3879 3087 3945 enim,
3124 3879 3226 3936 etsi
3249 3878 3510 3942 difﬁcilia,

1935 3984 2046 4026 non
2104 3978 2232 4027 sunt
2267 3977 2450 4026 tamen
2480 3986 2547 4026 ex
2597 3985 2657 4027 se
2687 3973 2912 4027 omnino
2948 3972 3207 4043 praeclara
3249 3971 3512 4038 facinora,

1934 4072 1989 4117 et
2017 4077 2048 4116 a
2081 4062 2268 4118 multis
2299 4062 2453 4131 ﬁunt,
2491 4074 2544 4120 et
2580 4079 2688 4119 non
2727 4063 2887 4119 ﬁunt.
2949 4082 2971 4116 ι
3027 4063 3133 4120 Sed
3165 4079 3261 4134 per
3282 4064 3512 4136 gratiam

1940 4151 2155 4206 Domini
2184 4151 2314 4208 Jesu
2349 4154 2555 4210 Christi
2595 4155 2876 4210 credimus
2907 4154 3128 4209 salvari.
3176 4172 3195 4207 ι
3237 4151 3515 4221 Quemad-

242 4255 346 4309 μεν
418 4237 680 4305 σωθῆναι.
710 4257 729 4290 ι
803 4239 1016 4309 Ὥσπερ
1073 4237 1184 4310 γὰρ
1241 4238 1412 4292 πάλαι
1469 4239 1627 4308 μδνὸ
1669 4242 1829 4311 νόμος

1939 4242 2161 4297 modum
2190 4245 2336 4299 enim
2371 4245 2502 4302 olim
2540 4247 2626 4300 lex
2657 4261 2774 4312 eos,
2804 4247 2898 4316 qui
2935 4254 3202 4317 praecepta
3247 4247 3370 4318 ejus
3403 4259 3495 4303 ser

237 4331 372 4390 τοὺς
397 4328 860 4397 διαφυλάττοντας
882 4330 952 4383 τὰ
984 4331 1044 4382 ὲν
1072 4329 1224 4399 αὐτῷ
1283 4332 1554 4401 εἰρημένα
1607 4330 1833 4397 ἔσωζεν,

241 4420 392 4475 οῦτω
415 4419 512 4473 νῦν
545 4422 578 4492 ἡ
613 4420 796 4489 χάρις,
833 4420 928 4475 καὶ
948 4421 1074 4490 δίχα
1102 4424 1200 4490 τῆς
1231 4421 1328 4476 τοῦ
1377 4421 1544 4493 νόμου
1578 4439 1836 4494 παραφυ-

242 4512 444 4584 λακῆς,
471 4512 558 4566 διὰ
587 4511 824 4576 πίστεως
855 4512 1041 4577 σώζει.

843 4601 1232 4660 KEIMENON.

317 4695 479 4749 Μετὰ
515 4695 572 4749 δὲ
603 4697 666 4750 τὺ
709 4695 932 4766 σιγῆσαι
1000 4695 1224 4772 αὺτοῦς.
1258 4698 1533 4770 ἀπεκρίθη
1579 4699 1835 4763 Ἰάκωϐος

1862 4589 1912 4648 D

1938 4335 2176 4403 valiant,
2232 4337 2417 4394 salvos
2467 4338 2747 4404 faciebat;
2805 4340 2886 4394 sic
2929 4354 3076 4394 nunc
3127 4341 3300 4411 gratia
3350 4340 3515 4396 etiam

1940 4423 2146 4495 absque
2209 4427 2461 4497 legalium
2529 4436 2930 4499 praceptorum
2987 4430 3338 4486 observantia
3421 4445 3521 4502 per

1942 4515 2100 4573 ﬁdem
2131 4520 2362 4575 salutem
2395 4520 2606 4576 tribuit.

2607 4609 2905 4666 TEXTUS.

2011 4697 2128 4764 XV,
2178 4701 2362 4757 15-15.
2417 4701 2482 4756 Et
2529 4713 2820 4779 postquam
2881 4712 3194 4770 tacuerunt,
3238 4703 3520 4774 respondit

245 4787 428 4853 λέγων
450 4804 463 4820 '
497 4788 727 4858 Ἀνδρες
792 4787 1034 4858 ἀδελφοὶ,
1093 4788 1364 4845 ἀκούσατὲ
1441 4807 1543 4859 μου
1563 4805 1580 4824 ο
1610 4789 1829 4860 Συμεὼν

1936 4791 2198 4860 Jacobus,
2238 4795 2428 4852 dicens
2462 4813 2476 4850 :
2511 4795 2626 4852 Viri
2683 4795 2903 4862 fratres,
2950 4795 3135 4852 audite
3186 4810 3295 4852 me.
3329 4793 3518 4852 Simon

248 4878 564 4949 ἐξηγήσατο
591 4877 777 4944 καθὼς
830 4880 1050 4951 πρῶτον
1073 4881 1104 4936 6
1128 4880 1260 4946 Θεὸς
1281 4881 1628 4951 ἐπεσκέψατο
1652 4880 1829 4936 λαϐεῖν

1939 4890 2203 4952 narravit,
2234 4889 2694 4959 quemadmodum
2728 4891 2963 4962 primum
2995 4888 3138 4946 Deus
3153 4889 3396 4945 visitavit
3424 4904 3524 4944 su-

249 4969 311 5034 ὲξ
337 4967 510 5022 ἐθνῶν
530 4968 659 5023 λαὸν
692 4968 771 5038 τῷ
789 4969 1016 5038 ὀνόματι
1037 4969 1227 5026 αὑτοῦ.
1265 4969 1378 5025 Καὶ
1402 4969 1583 5043 τούτῳ
1609 4989 1838 5040 συμφω-

252 5060 442 5115 νοῦσιν
465 5063 515 5116 οἱ
540 5062 687 5131 λόγοι
713 5060 825 5117 τῶν
878 5062 1198 5133 προφητῶν,
1229 5061 1416 5127 καθὼς
1472 5064 1786 5136 γέγραπται
1821 5079 1839 5094 °

869 5153 1253 5210 EPMHNEIA.

328 5244 502 5311 Οὗτος
559 5250 600 5302 6‘
650 5249 919 5321 μακάριος
966 5247 1248 5312 Ἰάκωϐος,
1307 5249 1336 5302 6
1391 5249 1500 5303 τῶν
1542 5249 1842 5321 Ἰεροσολύδ-

261 5357 382 5410 μων
437 5340 546 5394 ῦπδ
605 5333 818 5411 κυρίου
877 5339 1290 5412 προχειρισθεὶς
1337 5342 1662 5407 ἐπίσκοπος,
1725 5342 1842 5405 υἱὸς

1941 4992 2091 5034 mere
2134 4995 2200 5033 cx
2237 4979 2494 5050 gentibus
2530 4984 2792 5050 populum
2854 4979 3058 5034 nomini
3124 4993 3248 5033 suo.
3290 4977 3356 5033 Et
3395 4977 3523 5033 huic

1940 5073 2280 5127 concordant
2304 5075 2466 5129 verba
2494 5075 2904 5145 prophetarum,
2925 5075 3066 5128 sicut
3105 5071 3368 5140 scriptum
3392 5079 3474 5125 est
3501 5086 3521 5127 :

2442 5165 3007 5223 COMMENTARIUS.

2015 5255 2213 5315 Beatus
2245 5259 2347 5316 iste
2379 5258 2640 5324 Jacobus,
2664 5257 3130 5328 Jerosolymorum
3163 5255 3457 5326 episcOpus
3490 5271 3520 5310 ε

1946 5348 2181 5406 Domino
2233 5351 2589 5416 constitutus,
2634 5350 2778 5404 ﬁlius
2825 5358 2942 5402 erat
2969 5347 3170 5418 Joseph
3215 5329 3354 5402 fabri
3386 5347 3521 5419 (21),

269 5429 472 5503 Ἰωσῆφ
496 5428 564 5504 ἦν
588 5433 682 5488 τοῦ
707 5434 980 5499 τέκτονος,
1028 5432 1256 5502 ἀδελφὸς
1277 5432 1336 5486 δὲ
1364 5433 1504 5488 κατὰ
1536 5433 1716 5506 σάρκα
1745 5433 1829 5487 τοῐ

1946 5440 2117 5497 frater
2141 5451 2322 5498 autem
2352 5442 2466 5516 (22)
2496 5440 2796 5497 secundum
2824 5453 3046 5494 carnem
3087 5437 3303 5494 Domini
3347 5439 3522 5497 nostri

355 5595 400 5628 "
423 5594 595 5652 Hebr.
631 5611 670 5664 t,
704 5597 759 5652 5.
863 5596 906 5628 ’⁸
943 5594 1121 5651 Galat.
1151 5609 1232 5659 ιιι,
1258 5593 1351 5649 18.

1460 5703 1664 5767 Variae
1700 5703 2002 5768 lectiones
2040 5715 2103 5769 et
2147 5715 2335 5770 notua.

339 5815 455 5957 (Ξίζ
478 5815 610 5881 Seu,
634 5813 820 5885 sponsi
842 5812 902 5868 Β.
930 5811 1110 5869 Mariae
1155 5809 1422 5896 Virginis.

342 5886 433 5956 (22
499 5885 556 5941 Id
585 5893 694 5953 est,
741 5884 1191 5956 consanguineus
1219 5888 1375 5954 juxta
1416 5901 1422 5931 ι

342 5876 455 5956 (τε)
499 5885 556 5941 Id
585 5876 694 5953 est,
741 5884 1191 5956 consanguineus
1219 5876 1375 5954 juxta
1416 5881 1855 5940 comrnuniorem
1891 5876 2244 5935 sententiam.
