3848 6544
427 451 534 514 979

1377 452 1952 514 THEOPHYLACTI
1986 449 2390 510 BULGARL’E
2425 446 2776 508 ARCIIIEP.

3554 444 3654 509 980

419 562 550 617 lusu
585 564 814 621 Christi.
839 564 1130 636 Sapienter
1158 575 1333 621 autem
1367 582 1431 624 ex
1483 569 1640 623 novis
1692 567 1987 622 veteribus-

2105 565 2312 634 Κυρίου
2363 563 2520 632 ἡμῶν
2555 560 2726 630 Ἰησοῦ
2779 558 3036 627 Χριστοῦ.
3095 556 3336 620 Συνετῶς
3373 555 3432 609 δέ
3465 557 3571 610 ἀπό
3605 575 3662 611 τε

424 671 531 720 que
589 655 870 724 prophetis
923 670 1036 712 rem
1069 659 1403 727 propositam
1437 658 1724 724 conﬁrmat
1763 676 1775 711 :
1813 673 1988 726 neque

423 747 568 799 enim
612 754 821 814 poterat
849 747 992 815 quod
1040 747 1330 812 sentiebat,
1375 749 1518 803 facto
1550 749 1734 819 aliquo
1761 748 1990 804 demon-

424 847 622 900 strare,
655 837 1112 905 quemadmodum
1145 838 1339 894 Petrus
1367 850 1421 895 et
1464 840 1661 895 Paulus
1690 841 1804 909 jam
1852 840 1992 894 fece-

426 936 566 981 rant.
596 927 761 982 Recte
800 938 978 984 autem
1018 931 1339 1001 dispositum
1368 932 1488 996 fuit,
1511 941 1570 986 ut
1600 948 1692 1002 per
1725 933 1843 986 illos
1878 931 1993 986 hate

428 1019 639 1083 fierent,
672 1021 762 1090 qui
809 1019 1167 1094 Jerosolymis
1198 1024 1340 1078 haud
1379 1023 1471 1076 diu
1501 1024 1763 1078 moraturi
1792 1031 1949 1077 erant
1976 1041 1989 1076 :

425 1129 491 1167 ne
527 1112 617 1182 qui
660 1113 795 1168 istos
822 1113 1066 1181 doceret,
1101 1117 1272 1185 culpa:
1305 1116 1466 1169 alicui
1508 1116 1780 1170 videretur
1826 1114 1994 1168 obno-

425 1202 569 1269 xius,
602 1216 665 1256 ac
692 1218 759 1256 ne
786 1207 1053 1259 sententia
1081 1205 1469 1259 dividerentur.

1077 1294 1376 1349 TEXTUS.

493 1382 608 1447 XV,
645 1382 822 1438 16-34.
850 1384 978 1440 Post
1007 1387 1124 1440 hzee
1155 1395 1418 1447 revertar,
1459 1397 1510 1441 et
1541 1387 1880 1442 remdifteabo
1909 1379 1995 1440 ta:-

424 1476 779 1530 bernaculum
813 1476 1002 1541 David,
1033 1478 1176 1546 quod
1207 1479 1428 1539 decidit,
1458 1489 1510 1533 et
1544 1479 1724 1534 diruta
1755 1481 1874 1548 ejus
1902 1496 1988 1534 re-

423 1565 723 1629 :editicabo,
749 1575 798 1620 et
819 1567 1019 1635 erigam
1043 1567 1200 1620 illud:
1230 1578 1282 1621 ut
1307 1569 1590 1636 requirant
1619 1571 1800 1623 caeteri
1823 1569 1995 1623 homi-

424 1671 553 1708 num
588 1655 1172 1719 Domiuum,etomnes
1195 1669 1402 1725 gentes,
1436 1674 1600 1727 super
1616 1675 1754 1728 quas
1778 1662 1996 1713 invoca-

425 1753 540 1798 tum
569 1753 862 1799 estnomeu
898 1762 1094 1809 meum,
1132 1747 1264 1800 dicit
1295 1747 1550 1800 Dominus
1576 1789 1589 1810 ,
1622 1748 1829 1801 faciens
1859 1749 1990 1802 haec.

423 1833 618 1890 Notum
638 1850 665 1888 a
689 1837 886 1890 seculo
909 1837 1229 1890 estDomino
1248 1851 1385 1906 Oplls
1409 1852 1587 1891 suum.
1612 1838 1835 1908 Propter
1853 1839 1994 1906 quod

421 1944 525 1996 ego
563 1929 769 1999 judico,
824 1945 930 1983 non
981 1930 1270 1998 inquietari
1306 1945 1422 1993 eos,
1485 1933 1576 2014 qui
1627 1945 1691 1984 ex
1743 1932 1996 2001 gentibus
2030 1925 2068 1977 Β

421 2028 819 2074 convertuntur
848 2019 913 2072 ad
953 2019 1143 2083 Deum,
1172 2020 1265 2074 sed
1297 2020 1536 2075 scribere
1564 2021 1629 2074 ad
1653 2036 1748 2075 eos
1777 2033 1832 2075 ut
1865 2023 1990 2076 abs-

423 2113 635 2164 tineant
692 2126 752 2165 se
788 2125 817 2164 a
861 2112 1424 2166 contaminalionibus
1454 2113 1898 2178 simulacrorum,
1938 2122 1992 2168 et

422 2201 805 2266 fornicatione,
856 2211 913 2257 et
957 2203 1261 2266 suﬂ'ncatis,
1323 2211 1378 2255 et
1434 2204 1718 2272 sanguine.
1781 2203 1992 2274 Moyses

419 2291 566 2344 enim
594 2305 624 2344 a
651 2292 990 2359 temporibus
1022 2294 1262 2361 antiquis
1289 2293 1454 2348 habet
1484 2293 1650 2362 268
1681 2293 1734 2347 iu
1764 2295 1992 2363 singulis

421 2384 737 2438 civitatibus
767 2385 857 2452 qui
888 2399 1011 2440 eum
1045 2386 1336 2454 praedicent
1363 2385 1416 2438 in
1448 2386 1757 2454 synagogis,
1787 2384 1874 2437 ubi
1900 2400 1992 2452 per

424 2489 587 2528 omne
623 2474 919 2529 Sabbatum
972 2476 1191 2545 legitur.
1230 2475 1382 2530 Tunc
1425 2477 1627 2545 placuit
1656 2477 1912 2544 apostolis
1941 2487 1994 2532 et

423 2565 736 2620 sen?oribus
771 2582 893 2618 cum
935 2569 1081 2620 omni
1119 2566 1357 2619 Ecclesia
1390 2567 1590 2636 eligere
1622 2567 1766 2620 viros
1801 2583 1862 2620 ex
1889 2567 1990 2628 eis,

421 2667 474 2708 et
503 2657 718 2710 mittere
748 2655 1092 2709 Antiochiam
1128 2671 1247 2708 cum
1284 2653 1476 2718 Paulo,
1509 2664 1566 2709 et
1599 2655 1864 2715 Barnaba,
1895 2654 1993 2708 Ju-

397 2747 544 2800 dam
579 2748 671 2816 qui
700 2747 1191 2816 cognominabatur
1211 2745 1506 2810 Barsabas,
1531 2756 1586 2800 et
1617 2747 1809 2810 Silam,
1846 2748 1992 2800 viros

422 2838 629 2907 primos
659 2838 711 2890 in
757 2837 1038 2900 fratribus,
1070 2837 1372 2891 scribentes
1403 2853 1497 2906 per
1523 2852 1716 2891 manus
1748 2853 1936 2890 eorum
1975 2851 1988 2886 :

421 2931 670 2999 Apostoli
691 2941 745 2986 et
777 2931 1016 2984 seniores
1042 2931 1261 2993 fratres,
1283 2930 1367 2984 his
1401 2930 1492 2999 qui
1515 2943 1643 2984 sunt
1664 2929 1984 2992 Antiochiae,

417 3029 475 3074 et
498 3020 688 3092 Syriae,
720 3032 773 3076 et
802 3021 1021 3084 Ciliciae,
1057 3019 1321 3075 fratribus
1351 3036 1414 3074 ex
1435 3021 1703 3091 gentibus,
1740 3019 1990 3075 salutem.

422 3111 692 3176 Quoniam
727 3111 1055 3175 audivimus,
1085 3111 1212 3180 quia
1252 3110 1470 3180 quidem
1506 3125 1570 3164 ex
1606 3109 1762 3163 nobis
1788 3124 1995 3163 exeun-

419 3213 506 3258 tes
539 3203 896 3257 turbaverunt
931 3219 1026 3257 VOS
1067 3202 1265 3263 verbis,
1315 3209 1618 3255 evertentes
1655 3202 1865 3255 animas
1904 3217 1993 3256 ι’ρ-

422 3303 588 3360 stras,
617 3295 818 3364 quibus
849 3309 956 3348 non
982 3293 1362 3348 mandavimus
1388 3312 1401 3347 :
1446 3293 1651 3362 placuit
1680 3293 1838 3347 nobis
1877 3294 1990 3348 col-
2019 3265 2062 3324 Ο

420 3387 577 3442 lectis
600 3386 656 3440 in
684 3401 850 3440 unum
876 3385 1077 3454 eligere
1101 3387 1266 3446 viros,
1289 3395 1345 3440 et
1377 3385 1593 3438 mittere
1625 3383 1690 3438 ad
1727 3399 1843 3446 vos.
1864 3398 1987 3438 cum

418 3476 760 3531 cbarissimis
815 3475 1020 3530 nostris
1048 3475 1291 3530 Barnaba
1323 3485 1377 3528 et
1433 3475 1622 3538 Paulo,
1677 3475 1990 3530 hominibus

418 3566 513 3634 qui
568 3565 909 3620 tradiderunt
953 3565 1167 3619 animas
1202 3578 1333 3619 suas
1368 3579 1467 3634 pro
1517 3553 1738 3619 nomine
1779 3564 1988 3619 Domini

419 3656 595 3712 nostri
625 3654 750 3711 Jesu
789 3655 1016 3710 Christi.
1056 3655 1302 3711 Misimus
1331 3670 1464 3726 ergo
1487 3655 1684 3711 Iudam
1715 3666 1767 3710 et
1797 3654 1986 3720 Silam,

415 3747 512 3817 qui
541 3755 594 3802 et
625 3747 727 3817 ipsi
759 3747 911 3800 vobis
943 3747 1119 3800 verbis
1168 3746 1408 3801 referant
1432 3747 1644 3802 eadem.
1674 3744 1865 3801 Visum
1905 3757 1989 3801 est

419 3841 567 3894 enim
595 3839 824 3908 Spiritui
858 3848 1049 3894 sancto
1079 3847 1132 3892 et
1158 3839 1338 3901 uobis,
1373 3838 1505 3892 nihil
1542 3839 1682 3892 ultra
1711 3837 1989 3907 imponere

417 3933 575 3987 vobis
609 3931 813 3994 oneris,
845 3945 1007 3998 quam
1035 3930 1149 3982 haec
1176 3928 1485 3982 necessaria
1519 3945 1536 3984 :
1567 3936 1625 3982 ut
1654 3927 1984 3981 abstineatis

417 4039 517 4078 vos
567 4021 638 4075 ab
688 4020 982 4074 immolatis
1027 4018 1466 4081 simulacrorum,
1521 4027 1575 4072 et
1611 4019 1896 4087 sanguine,
1933 4026 1987 4072 et

417 4112 704 4175 sulfocato,
751 4119 805 4165 ct
861 4109 1242 4172 fornicatione,
1293 4123 1323 4161 a
1369 4109 1570 4177 quibus
1608 4110 1985 4164 custodientes

417 4219 517 4259 vos
563 4204 703 4258 bene
742 4201 934 4272 agetis.
967 4199 1171 4256 Valete.
1212 4200 1291 4254 llli
1337 4214 1467 4269 ergo
1495 4201 1728 4261 dimissi.
1759 4201 1986 4255 descen-

416 4296 616 4349 derunt
675 4293 1017 4347 Antiochiam
1122 4301 1176 4344 ct
1259 4300 1586 4360 congregata
1640 4289 1984 4345 multitudine

417 4386 759 4441 tradiderunt
785 4383 1092 4453 epistolam.
1123 4382 1292 4447 Quam
1312 4397 1436 4434 cum
1478 4382 1754 4448 legissent,
1813 4381 1981 4452 gavisi

417 4485 548 4532 sunt
579 4491 744 4545 super
782 4473 1179 4529 consolatione.
1224 4471 1395 4526 Judas
1429 4483 1607 4524 autem
1639 4481 1692 4524 et
1722 4472 1861 4524 Silas
1882 4511 1896 4534 ,
1929 4479 1983 4525 et

2099 657 2252 718 νέων,
2311 655 2422 707 ἀπό
2449 671 2507 706 τε
2539 653 2649 705 τῶν
2695 651 2943 705 παλαιῶν
3006 649 3312 719 βεϐαιοῦται
3371 649 3664 718 προφητῶν

2095 750 2186 800 τὸν
2213 747 2389 813 λόγον.
2425 746 2499 796 Ού
2533 745 2642 812 γὰρ
2675 741 2788 812 εἶχέ
2815 759 2869 794 τι
2898 744 3128 810 πρᾶγμα
3180 741 3372 805 δεῖξαι,
3412 737 3662 808 καθάπερ

2100 840 2305 910 Πέτρος
2341 839 2406 906 δὴ
2440 839 2532 890 καὶ
2590 835 2824 896 Παῦλος.
2885 833 3084 895 Καλῶς
3114 833 3170 884 δέ
3199 832 3571 899 οἰκονομεῖται
3598 831 3660 883 δι’

2097 931 2323 984 ἐκείνων
2347 927 2519 981 ταῦτα
2533 926 2808 995 γενέσθαι,
2829 924 2939 976 τῶν
2961 925 3021 976 ού
3063 922 3364 992 μελλόντων
3397 919 3662 992 χρονίζειν

2096 1025 2205 1084 τοῖς
2251 1020 2638 1092 Ἱεροσολύμοις
2669 1031 2686 1049 ⁶
2727 1017 2886 1070 τοῦτο
2907 1016 2984 1082 δέ,
3016 1014 3202 1088 [ὥστε]
3225 1015 3314 1067 τὸν
3344 1014 3656 1066 διδάσκοντα

2097 1111 2292 1174 αὐτοὺς
2327 1109 2400 1180 μὴ
2431 1105 2566 1163 εἶναι
2623 1107 2941 1171 ὑπεύθυνον,
2998 1107 3133 1178 μηδὲ
3198 1106 3307 1176 μὴν
3335 1104 3656 1175 ἀπεσχίσθαι

2094 1203 2194 1271 τῆς
2228 1201 2472 1273 γνώμης·

2681 1290 3066 1347 ΚΕΙΜΕΝΟΝ.

2168 1389 2326 1442 Μετὰ
2380 1389 2553 1440 ταῦτα
2602 1385 2926 1456 ἀναστρέψω
2985 1385 3080 1437 καὶ
3123 1381 3536 1450 ἀνοικοδομήσω
3571 1379 3656 1449 τὴν

2099 1483 2301 1552 σκηνὴν
2359 1481 2521 1534 Δαειδ
2554 1479 2650 1550 τὴν
2686 1482 3061 1541 πεπτωκυῖαν,
3117 1477 3211 1530 καὶ
3242 1476 3310 1528 τὰ
3347 1490 3656 1542 κατεσκαμ-

2102 1574 2241 1642 μένα
2301 1572 2472 1640 αὐτῆς
2522 1570 2950 1637 ἀνοικοδομήσω,
2998 1569 3097 1620 καὶ
3125 1567 3421 1636 ἀνορθώσω
3453 1565 3651 1634 αὐτήν·

2097 1665 2243 1725 ὅπως
2275 1664 2341 1716 ἂν
2379 1662 2754 1731 ἐκζητήσωσιν
2783 1661 2833 1713 οἱ
2862 1659 3192 1713 -κατάλοιποι
3222 1657 3330 1709 τῶν
3358 1654 3655 1725 ἀνθρώπων

2098 1753 2188 1805 τὸν
2224 1751 2448 1820 Κύριον,
2477 1751 2572 1802 καὶ
2615 1751 2789 1804 πάντα
2820 1748 2888 1800 τὰ
2919 1748 3046 1817 ἐθνη
3074 1747 3158 1814 ἐφ’
3181 1747 3277 1808 οὒς
3305 1745 3654 1813 ἐπικέκληται

2099 1843 2158 1894 τὸ
2180 1842 2350 1910 δνομά
2386 1858 2485 1909 μου
2533 1840 2619 1892 ἐπ’
2669 1841 2885 1899 αὐτοὺς,
2944 1839 3090 1904 λέγει
3151 1839 3377 1909 Κύριος,
3427 1840 3456 1890 ὁ
3495 1837 3652 1888 ποιῶν

2099 1933 2270 1986 ταῦτα
2295 1935 2494 1985 πάντα.
2523 1932 2742 1983 Γνωστὰ
2775 1932 2869 1983 ἀπ’
2894 1931 3086 1992 αἰῶνός
3116 1932 3230 1982 ἐστι
3254 1929 3330 1999 τῷ
3347 1927 3468 1996 Θεῷ
3488 1929 3652 1981 πάντα

2095 2026 2161 2076 τὰ
2186 2024 2319 2092 ἔργα
2347 2022 2531 2075 αὑτοῦ.
2567 2022 2656 2074 Διδ
2679 2021 2788 2087 ἐγὼ
2811 2023 3002 2092 κρίνω,
3043 2022 3117 2091 μὴ
3149 2020 3506 2090 παρενοχλεῖν
3548 2020 3648 2078 τοῖς

2093 2113 2200 2167 ἀπὸ
2249 2112 2356 2164 τῶν
2399 2111 2570 2164 ἐθνῶν
2621 2111 3041 2180 ἐπιστρέφουσιν
3081 2113 3176 2164 ἐπὶ
3228 2111 3320 2163 τὸν
3354 2110 3510 2171 Θεὸν,
3542 2107 3646 2162 ἀλλ’

2092 2205 2392 2257 ἐπιστεῖλαι
2431 2204 2610 2264 αὐτοῖς
2646 2202 2740 2255 τοῦ
2796 2201 3096 2271 ἀπέχεσθαι
3146 2202 3350 2263 αὐτοὺς
3410 2200 3521 2254 ἀπὸ
3551 2199 3648 2252 τῶν

2093 2297 2482 2368 ἀλισγημάτων
2543 2299 2652 2362 τῶν
2707 2295 2961 2358 εἰδώλων,
3005 2297 3223 2365 καὶτῆς
3253 2295 3533 2366 πορνείας,
3566 2293 3648 2347 καὶ

2093 2387 2188 2440 τοῦ
2224 2388 2471 2451 πνικτοῦ,
2494 2389 2590 2441 καλ⁵
2624 2389 2718 2442 τοῦ
2748 2389 3002 2456 αἵματος.
3059 2386 3314 2455 Μωῦσῆς
3340 2385 3452 2456 γὰρ
3475 2386 3540 2436 ἐκ
3565 2401 3647 2451 γε·

2092 2478 2199 2529 νῶν
2223 2479 2484 2547 ἀρχαίων,
2517 2478 2659 2531 κατά
2702 2477 2856 2530 πόλιν
2897 2477 3024 2538 τοὺς
3081 2475 3458 2545 κηρύσσοντας
3500 2472 3648 2526 αὑτὸν

2094 2566 2203 2636 ἔχει
2227 2569 2283 2617 ἐν
2309 2570 2427 2629 ταῖς
2452 2567 2816 2634 συναγωγαῖςτ
2847 2567 2988 2619 κατά
3015 2566 3122 2618 πᾶν
3155 2564 3436 2618 Σάϐϐατον
3465 2565 3643 2628 ἀναγι·

2095 2658 2458 2726 νωσκόμενος.
2508 2657 2640 2709 Τότε
2695 2655 2839 2720 εδοξε
2875 2658 2986 2717 τοῖς
3053 2653 3371 2715 ἀποστόλοις
3420 2652 3645 2714 καὶτοῖς

2096 2747 2486 2815 πρεσϐυτέροις
2527 2747 2623 2798 σὺν
2646 2746 2740 2816 ὅλῃ
2770 2749 2834 2815 τῇ
2871 2743 3169 2814 Ἐκκλησία
3192 2782 3208 2805 ,
3267 2742 3643 2812 ἐκλεξαμένους

2095 2837 2291 2904 ἄνδρας
2323 2838 2379 2901 ἐξ
2437 2837 2620 2890 αὐτῶν
2674 2835 2888 2905 πέμψαι
2937 2837 3015 2899 είς
3061 2835 3396 2905 ’Δντιόχειαν
3439 2836 3533 2888 σὺν
3575 2833 3643 2902 τῷ

2096 2927 2291 2995 Παύλῳ
2322 2927 2413 2979 καὶ
2441 2926 2519 2996 τῷ
2553 2928 2832 2997 Βαρνάϐᾳ,
2877 2928 3076 2982 Ἰούδαν
3109 2927 3200 2980 τὸν
3228 2925 3639 2995 ἐπικαλούμενον

2096 3015 2410 3085 Βαρσαϐἀν,
2460 3017 2554 3068 καὶ
2606 3016 2788 3078 Σίλαν,
2848 3017 3048 3087 ἄνδρας
3083 3016 3419 3087 ἡγουμένους
3456 3019 3512 3069 ἐν
3538 3019 3639 3079 τοῖς

2094 3107 2364 3176 ἀδελφοῖς,
2398 3107 2705 3177 γράψαντες
2736 3109 2822 3161 διὰ
2844 3110 3023 3180 χειρὸς
3053 3109 3232 3163 αὐτῶν
3252 3109 3401 3162 τάδε’
3439 3110 3500 3162 Οἱ
3519 3109 3639 3162 ἀπύ-

2097 3200 2293 3260 στολοι,
2315 3202 2409 3252 καὶ
2439 3202 2489 3253 οῖ
2527 3199 2908 3270 πρεσϐύτεροι,
2941 3201 3034 3254 καὶ
3055 3204 3105 3254 οἱ
3128 3201 3366 3269 ἀδελφοὶ,
3395 3204 3503 3264 τοῖς
3518 3201 3640 3254 κατά

2092 3293 2192 3361 τὴν
2231 3293 2582 3361 Ἀντιόχειαν,
2619 3293 2712 3346 καὶ
2732 3293 2948 3362 Συρίαν,
2983 3296 3077 3347 καὶ
3111 3294 3388 3358 Κιλικίαν,
3416 3295 3640 3361 ἀδελφοῖς

2090 3385 2201 3446 τοῖς
2221 3383 2281 3446 ἐξ
2302 3383 2470 3436 ἐθνῶν
2523 3384 2753 3454 χαίρειν.
2801 3385 3016 3454 Ἐπειδὴ
3043 3385 3361 3455 ἠκούσαμεν
3392 3389 3472 3440 ὅτι
3513 3386 3638 3448 τινές

2091 3473 2152 3538 ἐξ
2185 3474 2340 3544 ἡμῶν
2400 3475 2710 3538 ἐξελθόντες
2756 3476 3027 3545 ἐτάραξαν
3069 3477 3215 3547 ὑμᾶς
3261 3477 3479 3545 λόγοις,
3527 3479 3636 3530 ἀνα-

2093 3567 2448 3630 σκευάζοντες
2478 3566 2575 3628 τάς
2604 3566 2781 3636 ψυχὰς
2815 3567 2988 3637 ὑμῶν,
3040 3569 3287 3636 λέγοντες
3337 3571 3634 3638 περιτέμνε-

2095 3658 2217 3710 σθαι
2259 3658 2354 3710 καὶ¹
2402 3659 2588 3728 τηρεῖν
2646 3657 2736 3711 τὸν
2789 3660 2976 3728 νόμον,
3010 3657 3091 3722 οἷς
3114 3661 3173 3713 ού
3205 3661 3631 3730 διεστειλάμεθα·

2089 3745 2264 3811 ἔδοξεν
2303 3745 2434 3814 ἡμῖν
2500 3746 2813 3816 γενομένοις
2856 3748 3218 3818 ὁμοθυμαδὸν,
3263 3751 3632 3818 ἐκλεξαμένους

2089 3836 2287 3906 ἀνδρας
2340 3837 2474 3902 πρὸς
2498 3839 2646 3906 ἡμᾶς
2675 3837 2908 3908 πέμψαι,
2933 3840 3029 3892 σὺν
3045 3841 3152 3903 τοῖς
3169 3841 3474 3910 ἀγαπητοῖς
3501 3841 3632 3909 ἡμῶν

2091 3929 2347 3998 ιίαρνάὸα
2382 3928 2476 3980 καὶ
2519 3928 2736 4000 Παύλῳ,
2771 3929 3082 4000 ἀνθρώποις
3119 3932 3527 4002 παραδεδωκόσι
3550 3931 3631 3990 τὰς

2087 4020 2264 4090 ψυχὰς
2323 4021 2504 4073 αὐτῶν
2537 4020 2679 4090 ὑπὲρ
2705 4019 2799 4074 τοῦ
2847 4021 3108 4090 ὀνόματος
3134 4021 3469 4091 τοῦΚυρίου
3498 4021 3630 4091 ἡμῶν

2102 4111 2274 4178 Ἰησοῦ
2319 4110 2582 4179 Χριστοῦ.
2652 4111 3102 4178 Ἀπεστάλκαμεν
3146 4106 3241 4166 οὖν
3305 4113 3502 4165 Ἰούδαν
3555 4111 3630 4162 καὶ

2087 4201 2266 4263 Σίλαν,
2299 4201 2392 4254 καὶ
2407 4202 2601 4264 αὐτοὺς
2629 4201 2717 4255 διὰ
2738 4201 2898 4268 λόγου
2920 4201 3366 4271 ἀπαγγέλλοντας
3390 4204 3456 4253 τὰ
3484 4200 3625 4252 αὐτά.

2091 4292 2276 4356 Ἔδοξε
2334 4293 2442 4362 γὰρ
2467 4291 2545 4362 τῷ
2576 4292 2718 4362 ἁγίῳ
2781 4292 3059 4362 Πνεύματι
3123 4293 3218 4345 καὶ
3275 4295 3426 4362 ἡμῖν,
3486 4291 3628 4360 μηδὲν

2087 4381 2247 4434 πλέον
2304 4380 2644 4434 ἐπιτίθεσθαι
2697 4381 2823 4449 ὑμῖν
2874 4380 3060 4450 βάρος,
3116 4379 3254 4450 πλὴν
3297 4380 3494 4433 τούτων
3536 4379 3628 4430 τῶν

2086 4471 2417 4537 ἐπάναγκες,
2465 4470 2764 4540 ἀπέχεσθαι
2797 4471 3185 4537 εἰδωλοθύτων,
3244 4471 3340 4524 καὶ
3391 4472 3613 4540 αἵματος,

415 4569 517 4634 ipsi
547 4582 669 4620 cum
705 4575 888 4621 essent
929 4564 1222 4632 prophetae,
1252 4563 1419 4615 verbo
1450 4562 1680 4630 plurimo
1713 4561 1978 4615 consolati

2094 4561 2180 4614 καὶ
2208 4560 2454 4624 πνικτοῦ,
2481 4562 2574 4612 καὶ
2595 4561 2852 4630 πορνείας
2876 4577 2890 4592 ·
2919 4560 2977 4626 ἐξ
3002 4553 3076 4614 ὧν
3100 4561 3486 4631 διατηροῦντες
3517 4562 3621 4612 ἐαυ-

412 4669 542 4715 sunt
583 4658 780 4710 fratres
841 4662 894 4707 et
941 4653 1430 4707 confirmaverunt.
1483 4649 1649 4704 Facto
1691 4662 1869 4706 autem
1906 4651 1978 4705 ibi

410 4749 695 4812 aliquanto
721 4755 983 4812 tempore,
1009 4742 1223 4795 dimissi
1251 4750 1378 4794 sunt
1417 4756 1540 4794 cum
1577 4755 1708 4808 pace
1741 4756 1769 4792 a
1801 4739 1984 4794 fratri-

409 4839 517 4894 bus
591 4836 656 4887 ad
700 4821 933 4902 eos-qui
984 4832 1245 4885 miserant
1277 4831 1415 4885 illos.
1471 4829 1654 4885 Visum
1685 4839 1864 4887 autem
1900 4842 1984 4886 est

410 4933 538 4988 Sila
570 4929 642 4986 ibi
673 4941 950 4982 remanere
963 4966 976 4978 .

422 5027 622 5087 Ἰούδας
649 5022 707 5076 δέ
743 5019 838 5074 καὶ
888 5017 1067 5081 Σίλας,
1113 5017 1206 5070 καὶ
1267 5016 1421 5070 αὐτοὶ
1471 5015 1742 5084 προφῆται
1787 5015 1959 5078 ὄντες,

2089 4653 2218 4716 τοὺς
2253 4647 2310 4706 εὖ
2343 4651 2599 4722 πράξετε.
2636 4651 2941 4724 Ἔρρωσθε.
2978 4653 3041 4704 Οί
3074 4653 3174 4719 μὲν
3204 4649 3320 4717 οὖν,
3356 4651 3620 4706 ἀπολυθένο

2090 4759 2180 4804 τες
2203 4741 2311 4795 ἀπὸ
2330 4741 2431 4808 τῆς
2478 4741 2822 4811 Ἐκκλησίας,
2856 4740 3124 4810 κατῆλθον
3154 4743 3236 4804 είς
3283 4742 3586 4811 ’Δντιὸχειαν
3608 4752 3620 4766 ·

2091 4835 2187 4886 καὶ
2221 4833 2616 4900 συναγαγόντες
2657 4832 2718 4884 τὸ
2745 4832 2966 4900 πλῆθος,
2996 4833 3278 4886 ἐπέδωκαν
3316 4833 3410 4903 τὴν
3438 4834 3622 4884 ἐπιστο-

2095 4924 2218 4993 λήν.
2254 4923 2609 4990 ’Δναγνόντες
2633 4923 2690 4976 δὲ
2741 4924 3019 4994 ἐχάρησαν
3071 4925 3166 4976 ἐπὶ
3201 4927 3266 4994 τῇ
3293 4923 3644 4993 παρακλήσει.ῗ

2035 5015 2122 5069 διά
2182 5015 2338 5084 λόγου
2389 5014 2583 5068 πολλοῦ
2644 5017 3023 5084 παρεκάλεσαν
3093 5017 3220 5078 τοὺς
3257 5013 3504 5082 ἀδελφοὺς
3545 5015 3620 5064 καὶ

408 5116 790 5187 ἐπεστήριξαν.
845 5112 1172 5182 Ποιήσαντες
1220 5109 1276 5161 δέ
1322 5109 1510 5177 χρόνον
1533 5147 1548 5170 ,
1579 5108 1924 5178 ἀπελύθησαν
1963 5107 2080 5178 μετ’
2111 5109 2332 5178 εἰρήνης
2358 5107 2466 5161 ἀπὸ
2490 5107 2594 5160 τῶν
2638 5105 2879 5174 ἀδελφῶν
2911 5107 3046 5175 πρὸς
3072 5107 3199 5170 τοὺς
3233 5103 3617 5163 ἀποστείλαντας

409 5212 625 5275 αὐτούς.
657 5207 840 5273 Ἔδοξε
873 5206 930 5260 δέ
957 5206 1034 5274 τῷ
1053 5203 1183 5274 Σίλᾳ
1208 5204 1484 5269 ἐπιμεῖναι
1509 5201 1694 5257 αὐτοῦ.

909 5299 1406 5355 COMMENTAHIE
1421 5299 1459 5354 S
1479 5337 1492 5352 .

486 5421 505 5453 ι
529 5399 886 5456 Beasdificaho
914 5395 1343 5457 tabernaculum.
1371 5415 1388 5446 ι
1427 5395 1532 5448 hoc
1561 5405 1666 5460 est,
1693 5408 1989 5450 conversos

409 5510 474 5551 ex
507 5493 758 5561 gentibus
780 5491 846 5545 ad
878 5490 1181 5551 Christum,
1202 5497 1261 5542 et
1293 5497 1512 5542 vocatos
1543 5489 1760 5541 nomine
1790 5488 1982 5556 ipsius.

406 5585 510 5644 Alii
535 5595 710 5638 autem
732 5589 922 5652 putant
946 5581 1060 5634 haec
1077 5580 1143 5633 de
1157 5579 1278 5648 ejus
1299 5581 1704 5633 resurrectione
1739 5595 1801 5632 ex
1839 5593 1983 5632 mor-

410 5677 523 5730 tuis
539 5674 682 5727 dicta
709 5687 851 5726 esse.
871 5669 1004 5724 Cum
1045 5670 1188 5723 enim
1223 5669 1364 5725 Deus
1387 5668 1544 5723 Pater
1568 5669 1977 5723 tabernaculum

411 5767 532 5823 Filii
563 5764 618 5818 in
643 5771 874 5816 mortem
891 5760 1224 5829 prolapsum,
1259 5762 1309 5814 id
1345 5770 1428 5816 est
1479 5776 1695 5815 carnem
1733 5777 1796 5812 ex
1832 5769 1975 5813 terra

407 5869 609 5921 ortam,
665 5853 1030 5914 resuscitavit,
1065 5861 1174 5906 tum
1226 5860 1336 5907 tota
1392 5852 1628 5907 humana
1674 5861 1865 5906 natura
1905 5851 1971 5904 ad

2691 5292 3073 5347 EPMHNEIA.

2157 5384 2554 5446 Τουτέστιτοὺς
2576 5383 2633 5447 ἐξ
2659 5382 2827 5436 ἐθνῶν
2844 5379 3279 5452 ἐπιστρέψαντας
3297 5382 3372 5444 είς
3393 5377 3613 5450 Χριστὸν,

2086 5480 2180 5534 καὶ
2227 5477 2529 5547 κληθέντας
2559 5475 2636 5544 τῷ
2679 5477 2904 5544 ὀνόματι
2949 5473 3044 5528 τοῦ
3087 5474 3348 5543 Χριστοῦ.
3379 5473 3539 5526 Ἄλλοι
3566 5468 3612 5520 δέ

2085 5575 2163 5634 εἰς
2193 5572 2291 5638 τὴν
2326 5572 2390 5622 ἐκ
2406 5568 2616 5638 νεκρῶν
2647 5567 2948 5621 ἀνάστασιν
2975 5565 3139 5620 αὐτοῦ
3196 5565 3371 5620 ταῦτα
3399 5557 3615 5633 εἰρῆσθαί

2085 5678 2240 5729 φασι.
2315 5659 2425 5728 Τὴν
2481 5657 2590 5727 γὰρ
2653 5659 2732 5720 είς
2763 5657 2856 5709 τὸν
2894 5656 3124 5710 θάνατον
3161 5655 3329 5709 αὐτοῦ
3374 5651 3614 5708 πεσοῦσαν

2086 5753 2311 5821 σκηνὴν,
2342 5751 2590 5804 τουτέστι
2623 5750 2684 5801 τὸ
2711 5749 2818 5802 ἀπὸ
2849 5749 2952 5818 γῆς
2995 5749 3240 5813 σαρκίον,
3272 5746 3613 5814 ἀνεγείροντος

2081 5845 2170 5900 τοῦ
2202 5843 2334 5896 Θεοῦ
2367 5843 2460 5898 καὶ
2507 5842 2740 5911 Πατρὶς,
2796 5841 2912 5896 τότε
2949 5841 3057 5896 πᾶν
3082 5841 3143 5896 τὸ
3185 5839 3514 5912 ἀνθρώπινον
