3848 6540
205 445 302 510 981

835 453 1369 517 EXPOSITIONIS
1413 459 1490 517 ΙΝ
1527 459 1713 518 ACTA
1736 459 2035 520 TEXTUS
2066 459 2336 524 ALTER.
2389 487 2454 496 -·-
2487 461 2646 522 CAP.
2689 463 2810 523 XV.

3349 461 3456 525 982

204 563 262 612 τ),
291 562 520 630 ἀρχαῖον
575 562 838 635 ἀνέστησε
891 567 1098 637 σχῆμα,
1153 571 1246 623 καὶ
1304 570 1484 624 πάντα
1515 571 1673 641 ἡμῶν
1702 570 1770 626 τὰ

1899 571 2161 626 ιιιῑειίηιιιιι
2191 572 2420 627 formam
2452 573 2638 638 rediit,
2673 581 2728 628 et
2757 571 2940 627 omnia
2977 581 3163 626 nostra
3189 570 3369 626 diruta
3404 574 3458 626 in

206 655 620 723 κατεῤῥιμμένα
643 656 779 724 πρὸς
806 657 932 711 νέαν
959 659 1083 728 ὄψιν
1102 662 1411 730 ἐνήνεκται·
1433 664 1775 735 συνηγέρθηο

208 760 304 809 μεν
341 745 454 814 γὰρ
478 745 554 814 τῷ
579 744 822 816 Χριστῷ.
862 750 1186 820 Κατέσκαψε
1222 754 1319 822 μὲν
1356 755 1464 825 γὰρ
1487 757 1514 807 ὁ
1548 756 1776 818 θάνατος

1881 675 2073 715 novam
2128 661 2322 716 faciem
2369 661 2628 718 restituta
2655 672 2802 717 sunt.
2869 681 2888 712 ι
2927 659 3282 717 Surreximus
3314 662 3460 716 enim

1878 770 2000 808 cum
2033 754 2255 810 Christo
2283 756 2348 810 ⁷³.
2378 774 2396 808 ι
2432 755 2565 810 Nam
2594 771 2742 810 mors
2768 754 2985 824 quidem
3013 754 3258 808 omnium
3280 755 3465 809 taber~

205 837 299 896 τὰς
329 835 591 890 ἁπάντων
628 841 832 908 σκηνάς
861 856 875 871 ’
924 843 1342 915 ἀνῳκοδόμησεν
1367 848 1425 900 δὲ
1457 849 1484 900 ὁ
1519 847 1654 910 Θεὸς
1682 847 1776 900 καὶ

1902 847 2075 900 tacula
2136 847 2394 916 disiecit;
2433 859 2489 901 at
2532 862 2594 900 ea
2625 847 2979 902 reaediticavit
3023 845 3168 900 Deus
3217 846 3378 900 Pater
3408 846 3462 899 in

205 925 391 996 Πατὴρ
426 929 484 980 ἐν
506 930 746 1000 Χριστῷ.
775 933 891 984 Οὐκ
911 928 978 1002 ἦν
1008 934 1064 986 δὲ
1102 936 1306 1006 ἑτέρως
1345 938 1644 1008 ἀναστῆναι
1678 941 1778 1009 τὴν

1899 934 2122 991 Ζιιιὶειο.
2153 936 2342 1006 Neque
2386 949 2566 991 autem
2603 938 2710 991 alia
2755 939 2969 990 ratione
3001 938 3332 991 surrexisset
3361 953 3467 990 un-

203 1014 367 1082 φύσιν
384 1017 488 1087 τὴν
518 1020 822 1089 ἡμετέραν,
855 1022 930 1092 μὴ
962 1024 1056 1076 τοῦ
1084 1025 1184 1095 τὴν
1232 1027 1407 1098 ἀρχὴν
1437 1030 1777 1082 διαπλάσανο

203 1122 290 1169 τος
323 1108 502 1177 αὐτὴν
529 1113 688 1180 χεῖρα
715 1111 1024 1182 ὀρέξαντος,
1061 1117 1157 1168 καὶ
1183 1118 1626 1183 διατυπώσαντος
1649 1123 1781 1176 ἄνω·

203 1197 293 1247 θεν
345 1202 414 1268 τῇ
462 1199 530 1252 δι’
591 1201 784 1267 ὓδατος
856 1204 1218 1276 ἀνα-γεννήσει
1278 1211 1373 1262 καὶ
1437 1211 1776 1281 Πνεύματος.

215 1289 559 1346 Ἐπεπτώκει
589 1293 699 1364 γὰρ
725 1295 894 1358 ὅντως
924 1298 1122 1367 πτῶμα
1145 1301 1361 1354 ἀνίατον
1395 1306 1488 1356 καὶ
1519 1305 1614 1372 τῆς
1643 1323 1781 1372 κρα-

202 1381 356 1442 ταιᾶς
389 1381 612 1450 ἐκείνης
635 1386 816 1454 χειρὸς
839 1387 1118 1456 δεόμενον.
1152 1392 1264 1445 Καὶ
1293 1395 1450 1446 τοῦτο
1511 1398 1644 1464 ἡμῖν
1681 1399 1781 1448 οὐκ

202 1473 279 1532 εἰς
308 1473 512 1542 χρόνον
555 1475 790 1547 ὑπάρξει
821 1481 1040 1549 μικρὸν,
1075 1482 1192 1536 ἀλλ’
1214 1487 1292 1548 είς
1321 1486 1535 1557 ἡμέρας
1564 1488 1779 1554 αἰῶνος,

204 1565 411 1634 φησίν·
457 1568 836 1640 ἀναπόϐλητον
887 1575 996 1643 γὰρ
1051 1576 1182 1645 ἡμῖν
1223 1577 1282 1628 τὸ
1315 1580 1414 1647 τῆς
1471 1580 1783 1646 ἀφθαρσίας

203 1657 431 1724 ἀγαθόν.
469 1661 532 1712 OE
566 1661 662 1730 μὲν
693 1662 802 1732 γὰρ
837 1664 1078 1718 Ἰουδαῖοι
1105 1669 1182 1730 είς
1227 1669 1350 1736 τὴν·
1383 1670 1780 1738 αἰχμαλωσίαν,

205 1747 499 1817 οἰκοδομὴν
518 1749 612 1803 τοῦ
638 1751 696 1804 ἐν
741 1752 1142 1824 Ἰεροσολύμοις
1172 1756 1324 1821 ναοῦ,
1349 1759 1508 1811 τοῦτο
1533 1760 1782 1830 εἰρῆσθαι

205 1838 540 1908 νενοήκασιο
597 1841 755 1894 τοῦτο
782 1843 837 1894 δὲ
869 1845 968 1897 οὐκ
1021 1845 1168 1898 ἐστιν
1221 1848 1420 1916 ἀληθές
1451 1865 1464 1879 '
1495 1851 1589 1902 καὶ
1647 1853 1783 1918 μετὰ

1882 1042 2045 1094 quam
2083 1035 2278 1081 natura
2312 1035 2523 1091 nostra,
2555 1029 2659 1083 nisi
2692 1029 2738 1083 is
2761 1029 2853 1097 qui
2889 1029 3129 1082 abinitio
3153 1045 3273 1083 eam
3301 1027 3467 1098 269

1885 1118 2164 1186 lormavit,
2209 1134 2429 1174 manum
2469 1120 2520 1175 ei
2557 1120 2916 1189 porrexisset,
2943 1130 2999 1174 et
3023 1120 3259 1188 desuper
3288 1119 3466 1174 refor-

1885 1219 2084 1265 masset
2109 1212 2524 1281 regeneratione
2544 1225 2640 1279 per
2672 1226 2869 1280 aquam
2898 1221 2952 1264 et
2985 1209 3269 1279 Spiritum.
3306 1209 3467 1263 Ceci-

1886 1301 2041 1355 derat
2071 1303 2217 1356 enim
2253 1317 2386 1357 casu
2420 1317 2549 1357 vere
2579 1301 2921 1370 irreparabili
2945 1343 2959 1367 ,
2989 1309 3045 1358 et
3086 1303 3468 1372 omnipotente

1886 1392 1978 1446 illa
2032 1408 2196 1448 manu
2245 1408 2384 1464 opus
2417 1393 2673 1449 habebat.
2706 1393 2823 1449 Hoc
2855 1403 3059 1458 autem,
3105 1392 3303 1462 inquit,
3357 1407 3466 1446 non

1887 1483 1951 1536 ad
1973 1484 2134 1539 breve
2155 1491 2372 1554 tempus
2390 1485 2632 1550 durabit,
2649 1484 2773 1539 sedt
2796 1485 2851 1538 in
2881 1485 3000 1538 dies
3021 1485 3340 1540 aeternitatis
3362 1483 3430 1536 ".
3446 1502 3464 1534 ι

1889 1574 2216 1643 l’erpetuum
2249 1577 2394 1630 enim
2436 1576 2540 1630 erit
2585 1575 2744 1631 nobis
2776 1573 3212 1630 immortalitatis
3241 1575 3466 1628 donum.

1887 1665 1956 1716 At
1975 1680 2103 1718 vero
2130 1663 2303 1718 Judaei
2344 1665 2702 1735 respicientes
2727 1667 2794 1719 ad
2836 1665 3236 1732 captivitatem,
3264 1663 3380 1716 haec
3402 1663 3473 1717 de

1885 1754 2328 1828 Jerosolymitani
2382 1758 2568 1828 templi
2615 1758 3042 1813 reaaditicatione
3072 1758 3220 1812 dlcta
3263 1756 3476 1810 intelle-

1890 1859 2084 1902 xerunt
2118 1866 2132 1913 ;
2173 1849 2318 1918 quod
2349 1864 2483 1904 sane
2504 1863 2692 1904 verum
2731 1863 2841 1902 non
2883 1859 2967 1904 est
2996 1867 3011 1902 :
3054 1862 3180 1901 nam
3209 1856 3264 1900 et
3285 1853 3473 1916 postea

205 1928 363 1982 τοῦτο
394 1931 509 2001 γὰρ
548 1932 809 1998 πολλάκις
835 1937 1237 2008 κατέστρεπται
1259 1956 1273 1971 ο
1305 1942 1337 2010 ὴ
1371 1941 1427 1994 δέ
1460 1944 1783 2012 προφητεία,

1899 1941 2094 2009 pluries
2123 1915 2443 1996 subversum
2472 1949 2554 1996 est
2583 1958 2598 2006 ;
2631 1949 2688 1995 at
2711 1940 2999 2011 prophetia
3041 1915 3302 1995 aeternam
3337 1936 3474 1993 aedi-

207 2020 438 2074 αἰωνίαν
458 2023 559 2093 τὴν
581 2026 931 2096 οἰκοδόμησιν
971 2031 1389 2099 ἐπαγγέλλεται.
1429 2034 1562 2086 Οὐδὲ
1591 2036 1672 2098 είς
1696 2037 1786 2088 τὸν

210 2111 520 2179 Ζοροϐάϐελ
564 2115 724 2169 τοῦτο
766 2119 1018 2188 εἰρῆσθαι
1049 2123 1230 2181 καλῶς
1258 2126 1569 2194 νενοήκασι,
1595 2129 1690 2180 καὶ
1724 2130 1787 2180 ἐκ

209 2199 368 2252 Δαϐὶδ
404 2201 467 2254 τὸ
495 2203 650 2269 γένος
703 2208 998 2274 κατάγοντι
1020 2210 1087 2263 ’⁸.
1121 2212 1235 2265 Ούκ
1292 2212 1441 2267 ἐστιν
1467 2216 1588 2268 οὐδὲ
1633 2217 1788 2270 τοῦτο

211 2289 433 2359 ἀληθές.
457 2292 512 2345 '0
535 2294 641 2364 γὰρ
662 2296 968 2367 Ζοροϐάϐελ
996 2301 1176 2369 ὀλίγον
1196 2305 1564 2374 ἡγεμονεύσαι
1587 2308 1632 2339 ³⁸
1660 2309 1788 2378 χρό-

211 2398 318 2445 νον,
351 2383 453 2436 τοῦ
486 2384 718 2441 Θανάτου
773 2391 865 2444 τὸν
893 2392 1017 2461 ὅρον
1045 2394 1260 2459 ἐδέξατο
1287 2411 1300 2425 ·
1335 2400 1366 2466 ἡ
1397 2401 1703 2470 προφητεία
1733 2402 1790 2455 δὲ

210 2476 448 2530 αἰωνίων
480 2480 703 2546 ἀγαθῶν
762 2485 1092 2552 ἐπαγγελίαν
1141 2487 1276 2557 ἔχει,
1311 2490 1405 2542 καὶ
1444 2491 1552 2544 τῶν
1607 2494 1780 2546 ἐθνῶν

216 2566 476 2621 ἁπάντων
498 2572 597 2640 τὴν
622 2573 700 2635 εἰς
739 2573 870 2628 Θεὸν
899 2577 1217 2644 ἐπίγνωσιν.
1264 2581 1540 2650 Πρόδηλον
1588 2583 1787 2645 τοίνυν,

216 2657 295 2710 ὅτι
340 2659 428 2722 είς
477 2660 568 2714 τὸν
600 2662 804 2733 Κύριον
854 2667 1010 2736 ήμῶν
1058 2669 1265 2738 Ἰησοῦν
1295 2672 1532 2742 Χριστὸν
1564 2673 1792 2746 [ταύτην

217 2750 470 2819 εἰρῆσθαι
504 2753 813 2826 νοήσομεν].
855 2758 920 2810 '0
947 2759 1053 2825 γὰρ
1096 2759 1298 2830 Κύριος
1321 2763 1498 2831 ἡμῶν,
1538 2767 1600 2816 ἐκ
1630 2766 1793 2818 Δαϐὶδ

218 2837 477 2905 κατάγων
510 2843 650 2895 κατὰ
698 2843 880 2914 σάρκα
910 2845 1164 2913 τὸγένος,
1208 2848 1308 2918 τὴν
1342 2849 1476 2920 πρὸς
1501 2851 1592 2904 τὸν
1632 2852 1795 2906 Δαϐὶδ

220 2933 599 3002 γεγενημένην
622 2936 956 3004 ἐπαγγελίαν
981 2938 1323 3010 ἐπλήρωσεν.

811 3063 1196 3120 ΕΡΜΠΝΕῘΑ.

427 3191 530 3256 Εἰς
558 3189 674 3257 τὴν
705 3190 1041 3262 ἐπιστολὴν
1077 3195 1196 3249 τῶν
1223 3198 1600 3256 ἀποστόλων.

293 3299 448 3357 Ἔδει
489 3299 564 3368 μὴ
603 3300 700 3372 τὴν
761 3303 1054 3376 ἐπιστολὴν
1094 3311 1349 3378 παρεῖναι
1397 3311 1578 3381 μόνον,
1604 3313 1692 3367 ἵνα
1723 3314 1798 3386 μὴ

223 3387 447 3457 λέγωσι,
497 3391 960 3464 Συνηρπάγησαν,
1004 3397 1133 3450 ἄλλο
1158 3399 1273 3452 ἀντ’
1312 3400 1472 3454 ἄλλου
1530 3405 1798 3472 εἰπόντες,

225 3481 337 3534 ἀλλ’
369 3481 514 3536 ὥστε
545 3485 640 3536 καὶ
671 3485 1111 3559 ἀξιοπιστότερον
1152 3492 1408 3559 γενέσθαι
1454 3495 1512 3548 τὺ
1545 3499 1800 3567 πρᾶγμα,

229 3574 508 3644 πέμπουσι
548 3578 672 3640 τοὺς
707 3580 838 3650 παρ’
871 3581 1053 3644 αὐτοῖς
1073 3584 1138 3648 ³⁸,
1192 3585 1278 3638 ἵνα
1329 3585 1630 3642 ἀνύποπτοι
1668 3583 1803 3644 ὦσιν

226 3667 424 3735 οἱπερὶ
452 3668 543 3722 τὸν
578 3670 790 3724 Παῦλον
831 3675 922 3726 καί
967 3675 1276 3746 Βαρνάϐαν.
1313 3679 1430 3732 Ἵνα
1469 3680 1528 3732 δὲ
1571 3680 1644 3751 μὴ
1677 3683 1801 3755 δόξῃ

225 3755 479 3828 διαϐολῆς
511 3755 650 3814 εἶναι
685 3762 900 3816 Παύλου
940 3765 1032 3818 καὶ
1083 3767 1338 3837 Βαρνάϐα
1361 3770 1422 3822 τὸ
1452 3771 1531 3834 είς
1560 3771 1803 3837 ἐκείνους

229 3848 626 3920 ἀποσταλῆναι,
661 3854 1074 3924 ἐγκωμιάζει²⁷
1122 3860 1338 3924 αὐτούς.
1380 3880 1401 3912 ι
1444 3862 1800 3934 Ἀνθρώποις,

229 3941 362 4008 φησι
380 3939 450 4006 ³⁸,
476 3943 893 4014 παραδεδωκόσι
943 3948 1044 4011 τὰς
1093 3950 1272 4020 ψυχὰς
1330 3954 1510 4007 αὐτῶν
1541 3956 1684 4026 ὑπὲρ
1704 3956 1799 4010 τοῦ

229 4027 493 4098 ὀνόματος
551 4033 644 4085 τοῦ
692 4035 899 4106 Κυρίου
938 4038 1096 4107 ἡμῶν
1151 4041 1328 4112 Ἰησοῦ
1377 4045 1641 4114 Χριστοῦ.
1681 4068 1699 4100 ι
1734 4079 1803 4089 --

233 4136 254 4168 ι
283 4119 491 4187 Ἔδοξε,
526 4124 660 4192 φησι
676 4125 720 4156 ³⁵
736 4130 775 4190 “,
824 4127 901 4198 τῷ
951 4131 1092 4201 ἁγίῳ
1128 4133 1406 4204 Πνεύματι
1459 4139 1552 4191 καὶ
1593 4141 1744 4210 ἡμῖν.
1780 4163 1796 4194 ι

232 4209 478 4299 Οὐδαμρῦ
519 4214 626 4284 γὰρ
684 4218 812 4288 περὶ
848 4221 1054 4275 τούτων
1101 4223 1396 4296 διηλέγχθη
1414 4230 1458 4260 ¹⁹
1491 4230 1520 4281 ὁ
1547 4231 1799 4299 Χριστὸς,

231 4300 344 4392 ἀλλ’
379 4295 528 4357 οὗτοι
563 4305 672 4360 ἀπὸ
721 4308 813 4361 τοῦ
845 4310 1010 4379 νόμου
1040 4313 1213 4366 ταῦτα
1261 4295 1535 4384 λέγουσιν.
1563 4295 1678 4374 Ἵνα
1728 4295 1802 4392 μη

229 4389 320 4446 οὖν
358 4394 484 4470 δόξῃ
513 4398 855 4469 ἀνθρώπινον
906 4398 1068 4467 εἶναι,
1116 4424 1136 4457 ι
1161 4407 1237 4476 τῷ
1264 4409 1406 4476 ἁγίῳ
1437 4411 1738 4481 Πνεύματι,
1777 4435 1795 4467 ι

233 4488 363 4558 φησί
385 4489 459 4520 ³⁸⁸
496 4492 592 4544 καὶ
635 4493 723 4547 ἵνα
782 4495 1126 4566 διδαχοῶσιν,
1162 4501 1242 4554 ὅτι
1273 4505 1368 4556 καὶ
1425 4505 1582 4558 αὐτοὶ
1608 4508 1803 4562 ἀποδέ-

1891 2031 2197 2086 ticationem
2231 2032 2522 2100 promittit.
2553 2031 2740 2102 Neque
2779 2032 2845 2086 de
2901 2030 3238 2084 Zorohabele
3271 2029 3366 2099 qui
3407 2044 3473 2084 ex

1891 2119 2093 2176 Davide
2141 2138 2313 2192 genus
2351 2123 2619 2184 trahebat,
2645 2121 2850 2176 dictum
2896 2121 2998 2174 hoc
3035 2130 3181 2175 recte
3207 2120 3478 2186 interpre-

1892 2213 1986 2267 tati
2020 2223 2147 2268 sunt
2175 2232 2188 2268 :
2220 2215 2493 2284 siquidem
2519 2214 2851 2278 Zorobabel,
2895 2223 3182 2284 postquam
3202 2213 3268 2268 ad
3309 2213 3477 2266 breve

1895 2313 2107 2374 tempus
2164 2307 2472 2376 imperavit,
2530 2307 2723 2361 mortis
2773 2307 3064 2360 terminum
3127 2305 3353 2373 recepit.
3407 2305 3478 2357 At

1894 2398 2179 2467 prephetia
2211 2407 2415 2454 aeterna
2447 2401 2591 2454 bona
2624 2399 2938 2469 pollicetur,
2969 2406 3023 2452 et
3059 2412 3253 2452 omnes
3286 2402 3476 2467 gentes

1893 2487 1960 2540 ad
1990 2487 2080 2542 Dei
2103 2489 2472 2558 cognitionem
2489 2496 2749 2544 venturas
2768 2488 3081 2543 annuntiat.
3111 2487 3476 2558 Perspicuum

1893 2582 1976 2628 est
2002 2575 2190 2646 igitur,
2211 2577 2278 2631 de
2304 2577 2535 2631 Domino
2564 2578 2900 2634 nostroJesu
2923 2577 3144 2632 Christo
3166 2577 3475 2649 intelligen-

1892 2665 2018 2720 dam
2075 2682 2194 2722 eam
2235 2683 2376 2723 esse.
2415 2668 2699 2723 Dominus
2732 2668 2878 2724 enim
2941 2675 3129 2724 noster
3165 2684 3232 2724 ex
3274 2667 3477 2724 Davide

1892 2760 2104 2815 ducens
2149 2776 2324 2830 genus
2384 2761 2688 2816 secundum
2723 2775 2966 2826 carnem,
3021 2760 3224 2816 factam
3286 2759 3478 2815 Davidi

1896 2852 2313 2921 promissionem
2342 2851 2585 2924 implevit

2415 3065 2981 3122 COMMENTARIUS.

2267 3197 2328 3250 In
2386 3197 2664 3266 epistolam
2724 3194 3106 3264 apostolorum.

1977 3306 2294 3375 Congruum
2324 3314 2444 3360 erat
2479 3313 2540 3358 ut
2575 3304 2810 3374 epistola
2844 3302 2960 3358 sola
2989 3318 3098 3357 non
3149 3301 3463 3357 mitteretur

1906 3415 1974 3454 ne
2005 3398 2349 3468 subreptitin,
2411 3413 2506 3452 seu
2569 3411 2632 3452 ex
2669 3409 2777 3450 non
2813 3393 2956 3450 veris
2993 3392 3356 3449 relationibus
3376 3407 3472 3447 ex;

1907 3501 2048 3546 torta
2101 3491 2394 3546 diceretur.
2435 3488 2508 3544 Ut
2569 3504 2700 3544 vero
2739 3489 3001 3558 majorem
3035 3487 3195 3543 ﬁdem
3260 3487 3482 3559 negotio

1906 3583 2284 3646 conciliarent,
2354 3582 2579 3636 mittunt
2633 3580 2849 3650 aliquos
2904 3596 2971 3636 ex
3003 3579 3143 3646 suis,
3168 3595 3238 3636 ne
3279 3578 3482 3636 Paulus

1906 3684 1958 3728 et
1989 3673 2275 3728 Barnabas
2309 3673 2364 3726 in
2397 3672 2772 3741 suspicionem
2807 3670 3084 3727 venirent.
3117 3671 3196 3726 Ac
3225 3686 3297 3727 ne
3326 3671 3482 3742 parvi

1907 3781 2003 3821 eos
2035 3765 2275 3834 pendere
2304 3763 2648 3829 viderentur,
2681 3763 2827 3832 quod
2862 3763 2932 3818 iis
2968 3763 3140 3818 veluti
3186 3763 3485 3818 tabellariis

1908 3866 2216 3921 uterentur,
2253 3858 2402 3926 ipsos
2429 3855 2675 3919 laudant,
2707 3874 2726 3908 ι
2753 3854 3101 3921 Hominibus,
3138 3855 3476 3926 iuquientes,

1905 3953 2005 4021 qui
2067 3950 2420 4005 tradiderunt
2455 3950 2670 4003 animas
2707 3962 2839 4004 suas
2878 3963 2978 4018 pro
3017 3948 3236 4004 nomine
3269 3945 3484 4004 Domini

1906 4045 2080 4100 nostri
2103 4044 2230 4099 Jesu
2261 4042 2488 4098 Christi.
2532 4040 2839 4095 tScribunt
2867 4054 2996 4094 vero
3056 4058 3068 4092 :
3105 4056 3128 4094 ι
3164 4037 3356 4096 Visum
3392 4047 3480 4094 est

1909 4136 2138 4207 Spiritui
2187 4144 2378 4190 sancto
2406 4143 2461 4189 et
2510 4133 2697 4189 nobis.
2732 4152 2751 4186 ›
2789 4130 2998 4188 Nullibi
3049 4132 3196 4186 enim
3255 4131 3324 4187 de
3395 4130 3483 4186 his

1906 4229 2252 4283 disseruerat
2301 4226 2596 4289 Christus;
2626 4225 2720 4280 sed
2753 4224 2987 4294 apostoli
3015 4239 3079 4278 ex
3116 4224 3236 4293 lege
3265 4224 3484 4278 decreta

1907 4321 2012 4375 ista
2041 4324 2520 4387 exprompserunt.
2563 4315 2642 4370 Ne
2707 4315 2876 4383 igitur
2915 4313 3194 4368 hominum
3233 4313 3482 4368 doctrina

1906 4425 1970 4466 ea
2001 4411 2304 4472 videretur,
2329 4407 2525 4462 dicunt
2548 4423 2593 4461 ει
2619 4404 2810 4459 Visum
2825 4413 2909 4459 est
2940 4401 3170 4473 Spiritui
3195 4411 3423 4458 sancto:
3459 4421 3478 4454 ι

1907 4519 1970 4558 ac
1998 4511 2056 4557 ιιι
2094 4502 2451 4557 ostenderent
2520 4514 2580 4554 se
2610 4513 2852 4568 quoque,
2889 4510 3204 4565 quanquam
3243 4495 3484 4549 circum-

234 4596 440 4647 χονται,
479 4584 574 4636 καὶ
628 4585 688 4637 ἐν
719 4592 990 4659 περιτομῇ
1045 4590 1216 4658 ὄντες,
1268 4594 1518 4666 ἐπήγαγε
1539 4598 1579 4630 ³³
1611 4617 1624 4632 ο
1666 4618 1684 4650 ι
1710 4602 1792 4654 καλ

1911 4595 2012 4650 eisi
2055 4601 2262 4657 essent,
2295 4607 2416 4647 eam
2459 4591 2725 4660 recipere,
2766 4589 3016 4643 addunt:
3058 4605 3076 4638 ι
3115 4593 3170 4639 et
3238 4585 3418 4641 nobis.
3461 4604 3480 4638 ι

233 4670 384 4740 ἡμῖν.
412 4692 433 4725 ι
481 4675 773 4731 Ἠδύναντο
822 4679 921 4748 μὲν
971 4683 1079 4752 γὰρ
1126 4685 1220 4738 ml.
1254 4687 1422 4756 χωρὶς
1464 4692 1809 4761 γραμμάτων

231 4765 403 4818 ταῦτα
452 4766 711 4838 δηλῶσαι,
765 4771 901 4827 ἀλλὰ
941 4775 1030 4828 διὰ
1062 4777 1124 4830 τὸ
1173 4777 1500 4845 ἀνύποπτον,
1534 4784 1626 4836 καὶ
1669 4784 1809 4838 ὥστε

234 4858 393 4927 νόμον
443 4860 720 4932 ἔγγραφον
775 4865 1087 4936 βουλόμενοι
1118 4870 1290 4924 ταῦτα
1335 4873 1607 4938 γενέσθαι,
1669 4879 1805 4948 γρά-

234 4966 392 5016 φουσι
464 4954 563 5021 τὴν
620 4957 931 5027 ἐπιστολήν.
990 4961 1186 5032 Παύλῳ
1214 4964 1258 4995 ⁸⁸
1319 4965 1460 5020 ὥστε
1519 4969 1806 5040 πεισθῆναι

234 5043 308 5111 τῷ
345 5044 518 5115 νόμῳ,
561 5046 808 5119 τέσσαρα
831 5050 1005 5104 ταῦτα
1031 5053 1509 5126 ἀπαγορεύσαντες
1537 5067 1710 5116 ποιεῖν
1741 5065 1809 5116 τὰ

235 5132 382 5202 ἔθνη,
406 5136 476 5190 τὰ
502 5136 663 5192 λοιπὰ
691 5139 877 5204 αὐτοῖς
901 5143 1309 5214 συνεχώρησαν.
1349 5150 1413 5202 Τί
1441 5151 1498 5206 δέ
1533 5154 1648 5208 ἐστι
1674 5155 1808 5208 ταῦ-

235 5241 335 5291 τα;
401 5245 419 5278 ι
457 5229 808 5298 Ἀπέχεσθαι,
867 5233 1054 5302 φησὶν,
1109 5237 1499 5308 είδωλοθύτων,
1551 5245 1804 5314 αἵματος,

238 5316 481 5384 πνικτοῦ,
504 5320 600 5373 καὶ
633 5322 909 5392 πορνείας.
935 5343 954 5377 ι

318 5591 364 5622 ⁷³
382 5591 596 5649 Coloss.
641 5613 722 5656 ιιι,
763 5598 809 5650 l.
890 5600 936 5630 ⁷⁸
970 5599 1174 5656 llPetr.
1211 5619 1292 5668 ιιι,
1320 5604 1404 5658 18.

1911 4688 1979 4742 Ει
2007 4687 2226 4758 quidem
2257 4691 2515 4754 poterant
2544 4682 2624 4737 illi
2677 4683 2838 4737 etiam
2869 4681 3076 4750 absque
3138 4679 3335 4733 litteris
3373 4677 3487 4733 hinc

1911 4790 2043 4836 nota
2079 4780 2260 4834 facere
2295 4796 2308 4832 :
2345 4777 2592 4834 scribere
2628 4785 2809 4829 tamen
2879 4777 3218 4834 maluerunt,
3252 4781 3311 4826 nt
3366 4787 3486 4824 ont-

1912 4889 2030 4929 nem
2065 4873 2254 4942 procul
2294 4872 2650 4925 admoverent
2684 4866 3087 4936 suspicionem,
3135 4871 3189 4918 et
3221 4875 3278 4916 ut
3332 4861 3364 4914 ii
3399 4878 3487 4915 vc-

1910 4965 2011 5020 lttti
2063 4965 2233 5035 legem
2297 4963 2560 5030 scriptam
2623 4960 2913 5014 haberent.
2973 4956 3051 5011 At:
3103 4963 3367 5024 praeterea
3429 4953 3483 5006 itt

1911 5056 2168 5110 Mosaicm
2199 5054 2337 5123 legis
2368 5049 2723 5120 obsequium,
2788 5047 2890 5101 ista
2925 5055 3160 5112 quatuor
3197 5041 3488 5110 prohibent

1909 5148 2248 5218 gentilibus,
2305 5152 2501 5200 caetera
2577 5142 2714 5212 ipsis
2793 5138 3058 5193 relaxant.
3149 5133 3288 5187 Sunt
3342 5146 3473 5186 vero

1861 5244 1864 5247 ’
1913 5242 2005 5294 illa
2040 5258 2054 5294 :
2092 5257 2110 5289 ι
2156 5238 2450 5294 Abstinere
2479 5237 2548 5289 ab
2576 5231 2914 5301 idolothytis,
2957 5252 2975 5280 ι
3016 5244 3111 5283 seu
3147 5228 3215 5280 ab
3244 5228 3310 5280 iis
3365 5241 3486 5293 quae

1913 5333 2077 5388 idolis
2104 5330 2381 5385 immolata
2415 5335 2592 5392 erant,
2631 5345 2650 5376 ι
2688 5341 2717 5379 a
2741 5322 3024 5394 sanguine.
3055 5337 3084 5376 a
3137 5318 3404 5375 suﬂ‘ocato
3432 5326 3487 5374 et

1918 5443 1946 5479 a
1987 5423 2368 5480 fornicatione.
2418 5438 2436 5471 ι

1391 5719 1583 5779 Variae
1608 5718 1916 5781 lectiones
1962 5725 2024 5780 et
2071 5723 2260 5779 netaa.

307 5802 353 5834 "
386 5804 472 5858 Ζσ.
507 5809 833 5875 κατάγοντα.

1479 5819 1524 5850 ¹⁶
1553 5819 1752 5874 αὐτῶν.

241 5871 283 5902 ³⁸
324 5876 478 5940 φασί,
559 5878 598 5909 ³⁸
635 5871 919 5948 ἐπάγουσι.

938 5814 980 5845 ’⁸
1009 5814 1401 5883 ἡγεμονεύσας.

1001 5884 1046 5914 ³¹
1072 5884 1261 5940 Πάλιν.

1862 5821 1905 5854 ³⁷
1931 5816 2361 5888 ἐγκωμιάζουσι.
2441 5815 2486 5847 ’⁸
2514 5815 2668 5884 φασί.

2768 5817 2832 5848 ’⁸⁸
2867 5816 3017 5885 φασί.
3147 5817 3191 5849 ’θ
3215 5813 3481 5883 διελέχεη.
