3848 6544
3130 350 3159 361 Δ

465 419 567 484 987
1378 429 1954 493 THEOPIIYLACTI
1985 432 2398 495 BULGARI/E
2432 431 2789 501 ARCHUEP‘.
3599 432 3697 498 988

466 541 649 588 autem
692 537 1128 603 pcrtransissent
1156 538 1410 611 Mysiam,
1430 542 1837 600 descenderunt
1876 544 2041 601 Troa-

2154 543 2254 615 τὴν
2273 542 2531 599 Βιθυνίαν
2554 543 2933 614 πορευθῆναν
2964 540 3061 596 καὶ
3091 539 3194 595 οῦκ
3225 539 3414 595 εἴασεν
3445 538 3624 607 αὐτοὺς
3649 545 3701 598 rb

467 623 619 683 dem.
676 625 741 681 Et
775 627 916 685 visio
939 646 1037 700 per
1064 640 1281 688 noctem
1314 632 1485 688 Paulo
1514 643 1736 693 ostensa
1791 645 1876 693 est
1908 656 1921 692 :
1948 637 2041 693 Vir

467 714 685 737 πμ-.-
819 721 869 737 ..
1088 732 1099 737 -
1195 733 1204 737 -
1411 736 1417 737 ,
1490 728 1504 737 .

2151 634 2397 705 Πνεῦμα.
2426 635 2801 705 Παρελθόντες
2839 634 3028 705 δέιτὴν
3052 632 3304 737 Μυσίαν,
3320 631 3617 737 κατέϐησαν
3636 637 3700 737 cl;

466 714 693 773 Macedo
739 721 959 784 quidem
988 732 1107 778 erat
1161 733 1318 782 stans
1373 736 1427 782 et
1473 728 1777 798 deprecans
1815 746 1939 788 eum
1991 743 2041 789 et

2151 728 2403 799 Τρῳάδα.
2442 728 2551 781 Καὶ
2580 728 2766 799 ὅραμα
2792 727 2882 781 διὰ
2910 727 3011 795 τῆς
3047 725 3246 788 νυκτὸς
3271 722 3435 794 ὤφθη
3465 725 3539 795 τῷ
3577 727 3701 780 Παύ-

467 805 659 862 dicens
698 826 711 860 :
745 807 1047 868 Transiens
1100 813 1157 869 in
1191 814 1599 885 Macedoniam,
1666 819 1864 889 adjuva
1921 836 2042 879 nos.

472 896 540 952 Ut
570 907 752 955 autem
802 905 984 958 visum
1014 906 1171 972 vidit,
1196 910 1381 963 statim
1413 912 1770 981 quaesivimus
1827 913 2048 984 prolici-

467 990 545 1043 sci
578 991 632 1045 in
666 992 1065 1072 Macedoniam,
1098 1001 1235 1055 certi
1266 1002 1393 1057 facti
1426 1004 1576 1072 quod
1628 1014 1883 1061 vocasset
1942 1022 2044 1062 nos

466 1074 614 1134 Deus
646 1070 1030 1152 cvangeliiare
1059 1087 1163 1143 eis.
1202 1070 1541 1161 Navigantes
1591 1101 1772 1149 autem
1805 1109 1835 1148 a
1871 1094 2046 1151 Troa-

465 1167 555 1234 de,
586 1181 737 1227 recto
766 1188 934 1230 cursu
965 1178 1220 1234 venimus
1253 1179 1715 1247 Samothraciam,
1741 1191 1796 1240 et
1820 1199 2047 1254 sequen-

463 1262 503 1315 ti
542 1263 632 1316 die
664 1263 983 1337 Neapolim;
1012 1277 1067 1324 et
1094 1270 1219 1325 inde
1244 1271 1545 1343 Philippos,
1595 1291 1716 1344 qua:
1746 1286 1827 1331 est
1855 1279 2045 1348 prima:

462 1354 641 1423 partis
662 1354 1005 1415 Macedonia:
1054 1361 1274 1430 civitas,
1303 1365 1541 1419 colonia.
1592 1365 1826 1422 Eramus
1859 1376 2042 1424 autem

465 1446 521 1498 in
573 1445 675 1502 hac
701 1449 838 1506 urbe
861 1450 1056 1510 diebus
1085 1454 1317 1525 aliquot,
1344 1459 1710 1516 conferentes.
1738 1459 1834 1516 Die
1863 1472 2044 1518 autem

468 1534 842 1594 Sabhatorum
898 1544 1110 1612 egressi
1188 1560 1382 1601 sumus
1436 1547 1585 1605 foras
1636 1559 1850 1620 portam
1888 1552 2045 1621 juxta

464 1626 692 1696 ﬂumen,
712 1632 801 1686 ubi
822 1633 1110 1691 videbatur
1131 1640 1309 1693 oratio
1325 1652 1470 1704 esse,
1495 1649 1549 1695 et
1570 1641 1826 1697 sedentes
1853 1644 2047 1712 loque-

469 1718 673 1775 bamur
707 1724 1041 1781 mulieribus
1095 1744 1218 1799 quae
1274 1743 1664 1788 convenerant.
1702 1735 1767 1788 Et
1797 1736 2043 1805 quaedam

469 1812 670 1867 mulier
697 1816 923 1873 nomine
956 1816 1152 1891 Lydia,
1193 1825 1523 1893 purpuraria
1553 1827 1794 1882 civitatis
1822 1826 2046 1899 Thyati-

2148 816 2226 887 λῳ
2249 835 2262 849 ·
2307 818 2472 889 Ἀνὴρ
2519 819 2789 874 Μακεδών
2827 836 2913 881 τις
2937 813 3006 889 ἦν
3039 819 3236 881 ἑστὼς,
3269 816 3597 887 παρακαλῶν
3619 820 3701 871 αὑ-

2145 910 2240 964 τὸν
2292 911 2391 965 καὶ
2433 911 2608 979 λέγων
2635 927 2649 942 ο
2679 911 2885 975 Διαϐὰς
2934 912 3015 973 είς
3081 907 3427 963 Μακεδονίαν
3468 907 3701 980 βοήθησον

2149 1001 2304 1071 ἡμῖν.
2346 1001 2435 1065 Ὠς
2486 1003 2543 1056 δὲ
2579 1003 2643 1056 τὸ
2673 1003 2861 1074 ὅραμα
2903 998 3067 1065 εἶδεν,
3115 998 3320 1062 εὐθέως
3383 996 3699 1069 ἐζητήσαμεν

2148 1093 2387 1158 ἐξελθεῖν
2438 1097 2518 1159 είς
2563 1099 2663 1165 τὴν
2711 1095 3080 1153 Μακεδονίαν.
3141 1089 3591 1161 συμϐιϐἀζοντες.
3634 1093 3699 1146 frti

2149 1186 2557 1257 προσκέκληται
2588 1188 2738 1257 ἡμᾶς
2760 1190 2788 1242 ὁ
2817 1186 2972 1250 Θεὸς,
3021 1183 3488 1253 εὐαγγελίσασθαι
3523 1185 3696 1247 αὐτοῖς.

2161 1276 2516 1347 Ἀναχθέντες
2555 1277 2613 1332 δὲ
2652 1278 2761 1332 ἀπὸ
2800 1279 2899 1349 τῆς
2939 1276 3193 1347 Τρῳάδος
3245 1276 3701 1346 εὐθυδρομήσαμεν

2149 1368 2229 1431 είς
2262 1369 2662 1442 Σαμοθρᾴκην,
2689 1360 2773 1443 τῇ’
2800 1388 2862 1424 τε
2892 1370 3125 1441 ἐπιούσῃ
3166 1371 3250 1434 είς
3310 1368 3695 1423 Νεάπολιν·ιὰο

2149 1461 2330 1515 κεῖθεν
2364 1463 2448 1526 εἰς
2485 1462 2814 1527 Φιλίππους,
2845 1464 2967 1533 ἣτις
3001 1462 3124 1515 ἐστὶ
3154 1458 3350 1531 πρώτη
3377 1459 3474 1528 τῆς
3523 1459 3695 1529 μερίδος

2149 1552 2250 1624 τῆς
2276 1553 2642 1618 Μακεδονίας,
2697 1555 2855 1618 πόλις
2895 1555 3151 1609 κολωνία.
3191 1551 3382 1622 Ἦμεν
3415 1554 3469 1606 δὲ
3497 1555 3554 1604 ὲν
3588 1554 3697 1624 αὐτῇ

2148 1645 2214 1712 τῇ
2266 1644 2419 1697 πόλει
2468 1646 2842 1715 διατρίϐοντες
2887 1646 3105 1716 ἡμέρας
3154 1644 3523 1713 τινάςΚΠῩδὲ
3549 1644 3701 1713 ἡμέρᾳ

2148 1736 2258 1790 τῶν
2299 1736 2605 1792 Σαϐϐἀτων
2630 1738 2933 1808 ἐξήλθομεν
2972 1736 3080 1805 ἔξω
3104 1739 3207 1807 τῆς
3234 1736 3444 1800 πόλεως
3468 1737 3612 1805 παρὰ
3624 1752 3701 1789 πο·

2152 1836 2349 1898 ταμὸν.
2396 1826 2458 1885 οὗ
2505 1831 2794 1901 ἐνομίζετο
2837 1830 3120 1901 προσευχὴ
3149 1822 3329 1883 εἶναι⁹
3363 1830 3458 1882 καὶ
3483 1828 3702 1882 καθίσσνο

473 1915 757 1968 renorum,
808 1905 998 1963 colens
1037 1908 1223 1975 Deum,
1277 1913 1526 1970 audivit:
1586 1916 1744 1985 cujus
1785 1916 2041 1973 Dominus

2153 1938 2243 1985 τες
2293 1898 2753 1993 ἐλαλοῦμεννταῖς
2778 1898 3168 1985 συνελθούσαις
3210 1920 3453 1989 γυναιξί.
3497 1921 3600 1973 Καί
3632 1936 3699 1982 τις

461 1996 679 2062 aperuit
702 2013 799 2052 cor
829 2000 1119 2058 intendere
1146 2004 1234 2061 his
1266 2021 1387 2074 quae
1415 2008 1741 2064 dicebantur
1774 2026 1805 2064 a
1854 2009 2046 2070 Paulo.

460 2084 599 2141 Cum
623 2095 806 2144 autem
832 2092 1110 2163 baptizata
1150 2105 1300 2153 esset
1333 2109 1390 2153 et
1424 2099 1623 2155 domus
1675 2101 1818 2170 ejus,
1852 2102 2050 2171 depre-

461 2185 585 2233 cata
615 2188 702 2236 est
726 2182 952 2242 dicens:
992 2186 1049 2242 Si
1095 2189 1387 2256 judicastis
1414 2206 1501 2246 me
1565 2192 1776 2246 ﬁdelem
1818 2194 2049 2250 Domino

465 2284 613 2338 esse,
636 2272 863 2332 introite
885 2278 939 2332 in
963 2278 1185 2335 domum
1215 2297 1388 2337 meam
1415 2293 1470 2339 et
1496 2293 1734 2339 manete.
1774 2285 1839 2339 Et
1869 2292 2050 2358 coegit

463 2372 589 2415 M3.

861 2619 1024 2692 273
1056 2622 1628 2684 COMMENTARIUS.

532 2705 799 2776 Dogmata
835 2723 996 2766 vocat
1045 2722 1246 2772 statuta
1293 2718 1383 2773 illa
1419 2723 1730 2779 abstinendi
1768 2726 1839 2782 ab
1876 2729 2048 2787 idolo-

460 2796 633 2868 thytis
662 2840 680 2866 ,
709 2814 740 2855 a
773 2801 1158 2873 fornicatione,
1186 2825 1216 2863 a
1238 2808 1504 2868 suﬂ‘ocato
1534 2824 1588 2870 et
1611 2832 1640 2870 a
1670 2819 1957 2889 sanguine.
1987 2822 2045 2877 In

460 2885 594 2943 Asia
626 2896 680 2943 et
728 2889 978 2963 Bithynia
1032 2912 1143 2952 non
1189 2902 1440 2969 permisit
1491 2905 1729 2974 Spiritus
1777 2885 2036 2979 sanctus,

463 2984 523 3029 ut
563 2983 798 3050 apostoli
830 2981 1181 3057 Evangelium
1225 2992 1605 3060 pranlicarent,
1642 2994 1873 3057 fortasse
1899 3002 2043 3072 quod

466 3072 836 3142 praevideret,
907 3075 1533 3141 Pneumatomachorum
1586 3088 1837 3148 haeresim
1904 3096 2048 3152 inter

457 3169 653 3230 gentes
677 3164 799 3221 illas
818 3166 1243 3228 dominaturam.
1268 3173 1678 3237 Observandum
1714 3199 1864 3252 vero,
1898 3188 2041 3257 quod

461 3252 515 3305 in
552 3254 780 3312 urbibus
811 3259 935 3316 istis
968 3261 1136 3319 simul
1173 3281 1298 3322 cum
1334 3268 1504 3329 Paulo
1548 3286 1692 3331 esset
1722 3252 1949 3344 Lucas}
1988 3292 2045 3338 ut

457 3353 607 3413 patet
636 3361 701 3401 ex
733 3364 799 3407 eo
826 3353 972 3423 quod
1002 3371 1125 3412 sese
1150 3359 1203 3412 in
1236 3365 1554 3422 narratione
1579 3383 1679 3423 sua
1717 3373 2045 3441 complecta-

459 3443 569 3499 lnr,
629 3438 867 3497 dicens:
927 3463 947 3497 ι
978 3444 1368 3522 Quaesivimus,
1405 3462 1557 3521 etc.,
1613 3459 1704 3513 ubi
1757 3438 2046 3520 videbatur

454 3528 654 3582 oratio.
684 3549 703 3582 ι
752 3530 871 3589 Non
913 3541 1091 3593 solum
1134 3542 1224 3597 ubi
1257 3560 1535 3620 synagoga
1577 3559 1715 3619 erat,
1751 3554 1847 3609 sed
1878 3558 2041 3611 etiam

456 3613 597 3675 foris
618 3623 848 3680 orabant
883 3646 897 3681 :
928 3632 1235 3689 namloeum
1268 3637 1507 3709 aliquem
1538 3644 1773 3699 orationi
1799 3647 2047 3704 destina-

456 3710 591 3766 bant
618 3713 812 3784 Judaei,
830 3729 1016 3792 utpote
1041 3727 1367 3785 crassiores.
1395 3732 1486 3786 Vel
1503 3748 1588 3801 eo,
1622 3738 1767 3806 quod
1793 3741 1939 3796 nulla
1967 3743 2039 3799 ibi

456 3813 623 3867 esset,
641 3815 1188 3881 prepteerudaeorum
1204 3824 1558 3890 paucitatem,
1582 3843 1880 3901 synagoga;
1900 3837 2040 3892 ciam

456 3909 625 3966 prope
643 3897 869 3957 fluvium
890 3911 1388 3980 congregabantur,
1410 3917 1502 3984 qui
1526 3897 1709 3986 pietati
1726 3897 2041 3984 studebant.

1045 4018 1276 4077 CAPUT
1308 4024 1496 4083 XXIV.

989 4109 1272 4170 Dominica
1335 4128 1507 4175 sexta.

460 4189 540 4247 De
580 4202 885 4254 terminata
911 4211 961 4256 et
991 4205 1142 4275 signa
1174 4225 1294 4274 quae
1329 4210 1526 4268 ibidem
1563 4219 1892 4289 Contigerant
1936 4239 1957 4279 :
1991 4238 2042 4281 et

527 4288 788 4353 quomodo
828 4302 1002 4349 custos
1032 4304 1287 4366 carceris,
1320 4319 1438 4357 cum
1487 4310 1818 4379 credidisset,
1857 4323 2039 4371 eadem

526 4390 677 4433 nocte
707 4381 1010 4452 baptizatus
1027 4401 1107 4445 est
1139 4408 1256 4445 cum
1283 4404 1395 4451 tota
1414 4398 1628 4467 familia
1655 4420 1775 4458 sua.

1092 4483 1393 4544 TEXTUS.

520 4568 662 4636 XVI,
705 4571 890 4627 16-34.
920 4574 1145 4630 Factum
1166 4588 1253 4634 est
1272 4594 1477 4651 autem,
1498 4589 1757 4644 euntibus
1784 4593 1941 4649 nobis
1973 4598 2039 4651 ad

449 4662 1019 4731 m-ationem.puellam
1039 4671 1332 4736 quamdam
1358 4674 1643 4733 habentem
1663 4682 1917 4750 spiritum
1940 4685 2043 4758 Py-

451 4751 670 4804 thonem
690 4751 913 4813 obviare
930 4761 1238 4828 nobis,qu:e
1256 4774 1523 4830 quaestum
1542 4783 1794 4838 maguum
1811 4751 2041 4844 praeste-

452 4844 543 4896 hat
572 4844 814 4901 dominis
838 4849 956 4904 suis
983 4850 1302 4909 divinando.
1345 4855 1469 4912 llaac
1495 4860 1791 4915 subsecuta
1808 4865 2036 4919 Paulum

449 4942 504 4985 et
540 4949 667 5002 nos,
694 4938 969 4994 clamabat
989 4942 1213 5001 dicens:
1242 4946 1334 5000 Isti
1375 4948 1627 5006 homines
1657 4953 1799 5006 servi
1823 4953 1913 5008 Dei
1939 4973 2035 5008 ex-

447 5025 578 5078 celsi
619 5037 768 5093 sunt,
807 5031 902 5098 qui
945 5035 1275 5089 annuntiant
1307 5039 1464 5093 vobis
1499 5040 1639 5095 viam
1676 5043 1890 5099 salutis.
1922 5046 2036 5100 Hoc

445 5125 628 5172 autem
660 5120 897 5176 faciebat
924 5125 1116 5181 multis
1138 5124 1354 5184 diebus.
1389 5129 1592 5188 Dolens
1624 5141 1807 5188 autem
1830 5136 2037 5192 Paulus

445 5216 503 5262 et
524 5224 846 5280 conversus,
871 5216 1091 5287 spiritui
1120 5218 1260 5274 dixit
1295 5237 1311 5278 :
1344 5222 1607 5295 Principio
1636 5225 1735 5280 tibi
1771 5227 1823 5282 in
1859 5232 2039 5283 nomi-

447 5314 518 5354 ne
546 5299 679 5358 Jesu
718 5304 924 5362 Christi
952 5309 1105 5366 exire
1145 5310 1215 5367 ab
1259 5327 1347 5368 ea.
1391 5313 1456 5368 Et
1482 5315 1616 5369 exiit
1649 5320 1838 5372 eadem
1878 5321 2033 5376 liora.

450 5388 717 5451 Videntes
746 5407 932 5455 autem
962 5399 1170 5458 domini
1199 5403 1344 5473 ejus,
1375 5406 1504 5475 quia
1539 5409 1710 5464 exivit
1737 5426 1864 5480 spes
1886 5428 2036 5481 qua:-

446 5491 566 5538 stus
583 5499 774 5543 eorum
800 5530 815 5554 ,
843 5492 1321 5561 apprehendentes
1348 5495 1577 5553 Paulum
1621 5510 1674 5552 et
1710 5498 1878 5555 Silam
1911 5518 2035 5571 per-

445 5574 726 5633 duxerunt
773 5580 827 5638 in
858 5584 1038 5641 forum
1068 5587 1136 5642 ad
1183 5588 1482 5661 principes,
1530 5599 1586 5645 et
1618 5590 1912 5650 oll‘erentes
1940 5612 2036 5651 eos

446 5666 885 5741 magistratibus,
935 5675 1243 5734 dixerunt:
1294 5679 1359 5735 Hi
1415 5682 1664 5740 homines
1704 5687 2033 5743 conturbant

438 5756 730 5817 civitatem
760 5775 1049 5834 nostram,
1081 5784 1206 5825 eum
1240 5772 1353 5828 sint
1381 5771 1576 5830 Judaei.
1613 5774 1677 5828 Et
1703 5778 2029 5832 annuntianl

444 5863 655 5910 morem
679 5872 839 5929 quem
868 5875 977 5917 non
1007 5862 1134 5919 licet
1163 5863 1327 5922 nobis
1345 5867 1623 5939 suscipere
1653 5886 1830 5941 neque
1854 5871 2034 5928 facere

2151 2010 2311 2081 γυνὴ,
2345 2012 2572 2083 ὀνόματι
2626 2012 2820 2077 Λυδία,
2845 2012 3312 2085 πορφυρόπωλις,
3343 2011 3550 2074 πόλεως
3579 2010 3700 2063 Θυσ-

2149 2105 2372 2174 τείρων,
2426 2106 2695 2176 σεϐομένη
2746 2106 2840 2159 τὸν
2885 2106 3022 2159 Θεὸν
3068 2098 3506 2176 ἤκουσενοῆςό
3533 2102 3702 2175 Κύριος

2147 2194 2383 2265 διήνοιξε
2421 2198 2520 2267 τὴν
2575 2198 2808 2268 καρδίαν
2862 2198 3159 2269 προσέχειν
3209 2197 3328 2258 τοῖς
3386 2195 3703 2265 λαλουμένοις

2150 2286 2255 2340 ὑπὸ
2294 2288 2388 2340 τοῦ
2423 2288 2661 2344 Παύλου.
2697 2289 2789 2353 Ὠς
2827 2289 2885 2343 δὲ
2915 2288 3246 2359 ἐϐαπτίσθη,
3290 2289 3389 2343 καὶ
3415 2290 3443 2341 ὁ
3468 2283 3607 2351 οἶκος
3624 2288 3701 2342 αύ-

2147 2381 2268 2448 τῆς,
2320 2381 2670 2450 παρεκάλεσε
2714 2383 2950 2452 λέγουσα
2973 2400 2989 2417 ν
3018 2383 3083 2436 Εἰ
3110 2381 3410 2453 κεκρίκατέ
3442 2398 3511 2451 με
3538 2380 3701 2451 πιστὴν

2147 2471 2229 2542 τῷ
2260 2474 2453 2545 Κυρίῳ
2485 2469 2649 2539 εἶναι,
2681 2475 3021 2538 εἰσελθόντες
3071 2476 3152 2538 εἰς
3184 2473 3277 2527 τὸν
3302 2468 3452 2527 οἶκόν
3487 2490 3584 2543 μου
3610 2472 3699 2541 μεί-

2148 2581 2276 2617 νατε
2300 2579 2314 2593 ⁸
2348 2565 2442 2618 καὶ
2478 2566 2858 2637 παρεϐιάσατο
2899 2568 3069 2637 ἡμᾶς.

2745 2658 3131 2713 EPMHNEIA.

2220 2748 2481 2817 Δόγματα
2507 2750 2747 2818 κέκληκε
2774 2749 2874 2821 τὴν
2909 2752 3124 2820 ἁποχὴν
3178 2748 3293 2802 τῶν
3340 2746 3691 2809 εἰδωλοθύτων,

2156 2841 2421 2911 πορνείας
2470 2859 2530 2895 τε
2580 2844 2676 2896 καὶ
2736 2842 2995 2913 αἵματος,
3057 2841 3157 2896 καὶ
3210 2839 3464 2895 πνικτοῦ.
3529 2839 3605 2892 Ἐν
3645 2839 3696 2906 τῇ

2162 2929 2322 3002 Ἀσίᾳ
2353 2931 2450 2984 καὶ
2479 2931 2708 3005 Βιθυνίᾳ
2734 2932 2936 2987 κωλύει
2956 2934 3019 2986 τδ
3047 2931 3279 3004 Πνεῦμα
3324 2932 3553 3001 λαλῆσαι
3597 2931 3698 2992 τοὺς

2149 3021 2488 3088 ἀποστόλους
2516 3026 2609 3078 τὸν
2634 3023 2816 3094 λόγον,
2863 3026 3244 3097 προγινῶσκον
3274 3023 3375 3094 τὴν
3403 3023 3510 3076 τῶν
3542 3024 3695 3078 Πνεν-

2152 3116 2487 3187 ματομάχων
2514 3119 2729 3187 αἵρεσιν
2766 3118 3047 3190 κυριεύειν
3080 3117 3191 3172 τῶν
3226 3116 3419 3171 ἐθνῶν.
3489 3116 3698 3183 Σημειω-

2150 3205 2295 3271 τέον,
2330 3207 2412 3260 ὅτι
2437 3207 2537 3260 σὺν
2562 3208 2643 3279 τῷ
2670 3208 2870 3279 Παύλῳ
2898 3204 2967 3280 ἦν
2992 3211 3054 3262 ἐν
3084 3209 3207 3272 ταῖς
3257 3206 3453 3261 πόλεσι
3500 3205 3693 3265 ταύταις

2154 3298 2248 3352 καὶ
2273 3301 2303 3353 ό
2339 3300 2575 3365 Λουκᾶς,
2604 3300 2683 3365 ὡς
2722 3300 2781 3367 ἐξ
2809 3295 2886 3356 ὧν
2917 3302 3012 3357 καὶ
3062 3301 3126 3355 τὸ
3179 3301 3479 3370 πρόσωπον
3530 3293 3693 3350 ἑαυτοῦ

2147 3392 2708 3464 συμπαραλαμϐάνει,
2775 3393 2950 3463 λέγων
2976 3409 2992 3427 ο
3070 3410 3091 3445 ε
3127 3392 3532 3462 Ἐξητήσαμεν.
3557 3408 3577 3441 ι
3632 3387 3692 3440 ού

2147 3485 2309 3553 μόνον
2369 3484 2495 3539 ἔνθα
2547 3487 2859 3559 συναγωγὴὶ
2887 3483 2976 3557 ἦν,
3021 3486 3158 3540 ἀλλὰ
3201 3487 3298 3539 καὶ
3338 3484 3443 3552 ἔξω
3469 3483 3691 3554 ηῦχοντθσ

2146 3575 2338 3648 ὥσπερ
2365 3578 2533 3632 τόπον
2558 3580 2682 3634 τινὰ
2711 3580 3095 3651 ἀφορίζοντες.
3130 3581 3229 3635 ἅτε
3282 3575 3694 3648 ὡματικώτεροι

2143 3668 2296 3733 ὄντες
2322 3671 2372 3723 oi
2419 3670 2661 3726 Ἰουδαῖοι
2695 3689 2709 3702 ·
2744 3671 2777 3743 ἢ
2831 3673 3055 3749 μᾶλλον,
3101 3672 3177 3743 μὴ
3227 3675 3399 3742 οὔσης
3444 3671 3554 3722 ἐκεῖ
3589 3684 3693 3720 suv-

2148 3762 2395 3832 αγωγῆς,
2425 3763 2514 3817 διὰ
2538 3764 2601 3817 τὸ
2624 3767 2873 3829 σπάνιον,
2903 3765 3057 3836 παρὰ
3087 3766 3180 3818 τὸν
3210 3763 3459 3832 ποταμὸν
3497 3761 3591 3828 ἔξω
3615 3759 3691 3827 τῆς

2145 3853 2354 3919 πόλεως
2378 3855 2554 3927 λάθρα
2581 3858 2880 3928 συνήγοντο
2899 3858 2950 3912 oi
2967 3857 3132 3929 δῆθεν
3152 3856 3448 3919 θεοσεϐεῖς.

2716 4045 2762 4098 Κ
2774 4045 2972 4099 ΕΦΔΛ.
3032 4045 3162 4100 KA'.

2760 4132 3016 4205 Κυριακῇ
3047 4139 3125 4198 ς’.

2144 4218 2282 4286 Περὶ
2298 4204 2769 4289 τοῧσυμϐἁγτος
2787 4222 2984 4277 ἐκεῖσε
3004 4222 3265 4292 σεισμοῦ
3288 4223 3388 4278 καί
3408 4223 3689 4290 θαύματος.

2212 4315 2309 4368 καί
2334 4314 2497 4379 ὅπως
2516 4317 2856 4382 πιστεύσας
2882 4319 2915 4371 ό
2940 4317 3367 4388 ειρκτοςρύλαξ,
3391 4320 3459 4374 ἐν
3475 4318 3613 4388 αὐτῇ
3632 4317 3691 4386 τῇ

2214 4405 2390 4459 νυκτί
2416 4406 2752 4475 ἐϐαπτίσθη
2780 4406 3127 4474 πανέστιος.

2744 4496 3133 4553 KEIMENON.

2229 4581 2502 4651 Ἐγένετο,
2529 4586 2919 4656 πορευομένων
2949 4590 3108 4659 ἡμῶν
3129 4590 3212 4654 είς
3246 4591 3348 4662 τὴν
3395 4590 3689 4663 προσευχὴν,

2145 4675 2439 4744 παιδίσκην
2462 4677 2587 4729 τινὰ
2621 4677 2857 4748 ἔχουσαν
2888 4680 3108 4751 πνεῦμα
3134 4682 3394 4748 Πύθωνος
3415 4683 3689 4751 ἀπαντῆσαι

2144 4768 2297 4835 ἡμῖν,
2326 4769 2451 4839 ἥτις
2494 4770 2764 4840 ἐργασίαν
2817 4772 3021 4843 πολλὴν
3076 4777 3308 4844 παρεῖχε
3355 4778 3467 4840 τοῖς
3512 4774 3689 4845 κυρίοις

2143 4857 2314 4925 αὐτῆς
2398 4861 2802 4931 μαντευομένη.
2829 4870 2851 4919 ς
2883 4862 3032 4932 Δῦτη
3081 4866 3595 4935 κατακολουθήσαοα
3628 4862 3688 4931 τῷ

2145 4948 2342 5019 Παύλῳ
2371 4951 2465 5002 καὶ
2493 4953 2646 5021 ἡμῖν,
2689 4952 2890 5023 ἔκραζε
2923 4954 3196 5023 λέγουσα’
3236 4951 3401 5011 Οὗτοι
3433 4959 3478 5011 oi
3505 4955 3687 5025 ἄνθρω-

2143 5057 2234 5093 ποι
2259 5041 2435 5095 δοῦλοι
2459 5042 2554 5096 τοῦ
2573 5045 2709 5097 Θεοῦ
2727 5045 2823 5098 τοῦ
2851 5046 3077 5115 ὑψίστου
3106 5049 3268 5112 είσὶν,
3293 5049 3486 5112 οἵτινες
3509 5058 3684 5111 καταγ-

2140 5134 2426 5201 γέλλουσιν
2457 5136 2589 5206 ἡμῖν
2616 5138 2736 5191 ὁδὸν
2771 5140 3054 5210 σωτηρίας
3075 5155 3088 5169 °
3118 5140 3282 5194 τοῦτο
3311 5141 3370 5194 δὲ
3404 5139 3562 5194 ἐποίει
3610 5133 3687 5188 ἐπὶ

2140 5225 2341 5290 πολλὰς
2365 5228 2601 5301 ἡμέρας.
2656 5230 3013 5300 Διαπονηθεὶς
3038 5232 3096 5285 δέ
3154 5234 3184 5285 ὁ
3212 5233 3443 5297 Παῦλος,
3468 5232 3554 5286 καὶ
3584 5232 3684 5282 Em-

2141 5319 2403 5390 στρέψας,
2431 5321 2508 5392 τῷ
2535 5321 2808 5393 πνεύματι
2831 5318 2956 5377 εἷπε
2979 5342 2993 5355 υ
3028 5325 3416 5397 Παραγγέλλω
3444 5342 3517 5379 σοι
3543 5326 3596 5376 ὲν
3622 5319 3685 5389 τῷ

2138 5413 2363 5481 ὀνόματι
2399 5414 2575 5484 Ἰησοῦ
2625 5414 2863 5486 Χριστοῦ
2923 5416 3163 5482 ἐξελθεῖν
3212 5419 3310 5471 ἀπ’
3361 5418 3537 5487 αὐτῆς.
3593 5412 3682 5467 Καὶ

2139 5505 2362 5575 ἐξῆλθεν
2386 5507 2527 5578 αὐτῇ
2554 5509 2621 5579 τῇ
2651 5507 2793 5581 ὥρᾳ.
2830 5508 3057 5572 Ἰδόντες
3098 5510 3157 5564 δέ
3201 5512 3251 5564 oi
3298 5508 3472 5584 κύριοι
3516 5504 3680 5572 αὐτῆς,

2138 5597 2219 5651 ὅτι
2241 5596 2463 5667 ἐξῆλθεν
2497 5600 2531 5669 ἡ
2558 5599 2715 5663 ἐλπὶς
2742 5599 2843 5670 τῆς
2888 5601 3155 5670 ἐργασίας
3210 5602 3411 5669 αὐτῶν,
3463 5594 3681 5653 ἐπιλαϐό-

2143 5705 2295 5758 μενοι
2327 5689 2419 5742 τὸν
2456 5690 2669 5743 Παῦλον
2695 5690 2791 5743 καὶ
2829 5691 2920 5744 τὸν
2964 5690 3147 5758 Σίλαν,
3175 5692 3433 5746 εἵλκυσαν
3480 5689 3551 5749 εἰς
3595 5682 3678 5751 τὴν

2141 5780 2348 5848 αγορὰν
2394 5781 2484 5834 ἐπὶ
2542 5783 2669 5846 τοὺς
2744 5782 3010 5853 ἄρχοντας
3038 5799 3053 5815 ν
3116 5783 3212 5837 καὶ
3274 5777 3676 5854 προσαγαγόντες

2147 5873 2340 5936 αὐτοὺς
2382 5878 2486 5937 τοῖς
2518 5877 2863 5945 στρατηγοῖς,
2909 5871 3061 5927 εἷπον
3091 5891 3104 5904 '
3153 5870 3384 5929 Οὗτοιοί
3437 5871 3673 5941 ἄνθρωποι
