3848 6552
145 456 230 517 989
747 456 1280 518 EXPOSJTIONIS
1313 458 1394 518 IN
1436 455 1629 518 ACTA'
1656 460 1956 522 TEXTUS
1980 463 2254 524 ALTER.
2291 489 2360 499 -
2388 463 2545 526 CAP.
2575 465 2729 527 XVI.
3243 463 3348 525 990

140 565 528 638 ἐκταράσσουσιν
556 564 714 636 ἡμῶν
745 568 844 638 τὴν
873 569 1048 632 πόλιν,
1077 571 1323 624 Ἰουδαῖοι
1383 571 1654 641 ὑπάρχον-

1824 589 1886 627 un
1936 576 2110 632 simus
2159 575 2413 632 Romani.
2461 577 2521 631 Et
2565 577 2810 633 cucurrit
2869 577 3020 647 plebs
3079 577 3343 631 adversus

137 679 226 724 τες,
248 660 333 713 καὶ
347 658 799 726 καταγγέλλοντες
826 659 944 731 ἔθη,
961 661 1115 715 ἃόὐκ
1142 662 1316 727 ἕξεσιν
1335 663 1462 732 ἡμῖν
1477 680 1550 714 πα
1560 679 1656 729 ρα-

1828 680 1894 733 ιε,
1929 673 1980 721 et
2011 669 2588 739 magistratus,scissis
2609 670 2808 724 tunicis
2833 668 3347 737 eorum,jusserunt

137 750 516 821 5&1630at,!006s
545 753 739 816 ποιεῖν,
781 751 1076 822 Ῥωμαίοις
1105 750 1244 808 οὖσι.
1288 754 1400 808 Καὶ
1439 754 1656 806 συνεπέ-

1823 771 1873 810 as
1901 758 2071 827 virgis
2109 759 2261 813 caedi.
2316 758 2382 812 Et
2411 775 2535 813 cum
2572 763 2773 816 multas
2809 762 2996 830 plagas
3035 761 3116 814 eis
3170 761 3342 828 impo-

138 863 217 914 στη
234 844 414 912 ὀδχλος
442 842 566 895 κατ’
584 843 785 911 αὐτῶν,
803 845 898 898 καὶ
909 847 957 898 οἱ
976 846 1274 916 στρατηγοὶ
1290 844 1657 916 περιρρήξαν-

1825 845 2040 910 tissent,
2081 847 2350 901 miserunt
2387 865 2480 903 eos
2526 849 2580 903 in
2630 864 2926 912 carcerem,
2969 849 3344 917 praecipientes

133 953 206 997 τες
233 933 396 987 αὐτῶν
423 934 490 986 τὰ
525 935 743 1002 ἱμάτια,
771 936 1022 990 ἐκέλευον
1052 938 1345 1008 ῥαϐδίζειν.
1369 937 1577 1000 Πολλὰς
1604 953 1652 989 τε

1891 935 2017 999 lodi,
2047 943 2107 989 ut
2132 937 2424 1006 diligenter
2450 939 2750 993 custodiret
2789 955 2906 995 eos.
2942 938 3044 1005 Qui
3075 955 3195 992 cum
3236 941 3345 994 tale
3403 953 3410 961 '

134 1026 374 1087 ἐπιθέντες
395 1025 580 1088 αὐτοῖς
608 1025 843 1094 πληγὰς,
858 1028 1044 1081 ἔϐαλον
1063 1030 1142 1091 εἰς
1159 1029 1423 1098 φυλακὴν,
1444 1048 1519 1082 πα
1527 1045 1653 1100 ραγ-

1827 1035 2106 1097 raaceptum
2142 1029 2464 1098 accepisset,
2487 1030 2634 1085 misit
2664 1046 2758 1086 eos
2788 1033 2842 1085 in
2877 1032 3190 1086 interiorem
3223 1047 3346 1085 car-

133 1135 181 1184 γε
190 1117 371 1177 ίλαντες
386 1115 460 1182 τῷ
473 1116 822 1185 δεσμοφύλακ
831 1135 846 1170 ι
855 1159 868 1180 ,
881 1120 1136 1188 ἀσφαλῶς
1145 1136 1208 1190 τη
1217 1121 1327 1191 ρεῖν
1339 1119 1500 1173 αὐτού
1508 1137 1554 1182 ς.
1567 1121 1652 1182 Ὃς

1822 1135 1977 1186 arem,
2011 1128 2064 1174 et
2087 1119 2250 1190 pedes
2271 1135 2458 1175 eorum
2494 1122 2714 1176 strinxit
2738 1123 2907 1194 ligno.
2944 1121 3117 1177 Media
3157 1132 3341 1177 autem

135 1206 466 1274 παραγγελίαν
488 1208 747 1278 τοιαύτην
761 1209 1018 1280 εἰληφὼς,
1046 1209 1234 1263 ἔϐαλεν
1262 1211 1456 1274 αὐτοὺς
1473 1211 1552 1272 είς
1566 1210 1654 1278 τὴν

1824 1221 1936 1268 acte
1977 1211 2182 1266 Paulus
2210 1220 2264 1266 et
2296 1212 2441 1267 Silas
2474 1223 2698 1269 orantes
2744 1215 3036 1270 laudabant
3068 1213 3259 1278 Deum,
3289 1221 3343 1268 et

133 1298 365 1361 ἐσωτέραν
393 1296 664 1366 φυλακὴν,
682 1299 777 1353 καὶ
801 1303 926 1363 τοὺς
949 1300 1115 1363 πόδας
1129 1301 1309 1354 αὐτῶν
1327 1301 1652 1371 ⁴Ινλσιραλίσατε

1825 1304 2070 1358 idiebant
2102 1317 2196 1357 eos
2245 1303 2338 1372 qui
2385 1304 2440 1356 in
2476 1303 2721 1358 custodia
2765 1311 2942 1360 erant.
2991 1303 3185 1358 Subito
3216 1317 3344 1357 vero

133 1389 194 1450 εἰς
208 1389 259 1438 τὸ
274 1386 438 1451 ξύλον.
462 1389 620 1442 Κατὰ
635 1389 767 1443 δὲτὸ
784 1390 1151 1460 μεσονύκτιον,
1170 1391 1377 1455 Παῦλος
1391 1393 1483 1446 καὶ
1500 1392 1652 1453 Σίλας

1829 1392 1938 1464 74
1969 1401 2313 1449 terraemotus
2344 1395 2519 1449 factus
2541 1402 2626 1450 est
2653 1411 2885 1464 magnus
2915 1438 2929 1461 ,
2977 1396 3051 1450 ita
3079 1407 3138 1450 ut
3166 1411 3346 1451 move-

132 1477 532 1547 προσευχόμενοι,
550 1480 753 1549 ὕμνουν
773 1483 862 1534 τὸν
877 1483 1032 1537 Θεόψ
1047 1485 1396 1554 ἐπηκροῶντο
1411 1482 1465 1536 δὲ
1482 1483 1651 1534 αὐτῶν

1825 1492 1963 1539 :ntur
1993 1485 2348 1539 fundamenta
2383 1488 2642 1542 carceris.
2689 1485 2756 1539 Et
2791 1488 2974 1542 statim
3001 1497 3184 1558 aperta
3217 1499 3344 1544 sunt

131 1571 168 1621 oi
185 1570 385 1638 δέσμιοι.
405 1569 596 1639 ’Ἄφνω
618 1571 676 1623 δὲ
699 1573 918 1642 σεισμὸς
937 1576 1152 1642 ἐγένετο
1172 1575 1360 1644 μέγας,
1397 1575 1535 1627 ὥστε
1558 1590 1650 1627 σα-

1822 1573 1952 1627 unia
1997 1573 2160 1635 ostia,
2189 1581 2244 1628 et
2301 1575 2679 1630 universorum
2725 1575 2939 1630 vincula
2979 1578 3158 1631 soluta
3193 1587 3341 1634 sunt.

131 1660 346 1725 λευθῑμιαι
357 1661 420 1713 τὰ
437 1661 666 1732 θεμέλια
684 1662 780 1716 τοῦ
791 1663 1186 1736 δεσμωτηρίου.
1205 1663 1478 1736 ’Πνεῴχθη
1489 1682 1586 1718 σαν
1601 1664 1650 1717 δὲ

1825 1665 2200 1735 xpergefactus
2256 1674 2435 1720 autem
2485 1677 2674 1722 custos
2726 1669 2965 1723 carceris
3007 1708 3022 1733 ,
3058 1677 3110 1723 et
3153 1671 3344 1724 videns

131 1749 424 1818 πιραχρῆμα
443 1751 499 1803 αἱ
517 1749 681 1819 θύραι
701 1754 892 1818 πᾶσαι,
922 1756 1016 1806 καὶ
1035 1755 1252 1807 πάντων
1281 1756 1348 1805 τὰ
1369 1754 1539 1823 δεσμὰ
1562 1755 1650 1806 ἀν-

1829 1771 1967 1810 uuas
2005 1765 2222 1824 apertas
2255 1757 2531 1818 cari-eris,
2584 1757 2871 1826 evaginato
2905 1759 3084 1828 gladio
3133 1759 3344 1812 volebat

133 1836 226 1904 ἑῢη.
259 1836 511 1902 Ἐξυπνος
535 1839 592 1892 δὲ
617 1843 912 1911 γενόμενος
936 1846 962 1895 ὁ
995 1843 1360 1912 δεσμοφύλαξ,
1397 1843 1494 1896 καὶ
1534 1843 1652 1895 ἰδὼν

1826 1847 2189 1909 :iuterticere,
2241 1848 2522 1901 :cstimans
2569 1847 2773 1917 fugisse
2821 1850 3052 1902 vinctos.
3080 1848 3345 1902 Clamavit

135 1894 443 1995 ἀνεῳγμένας
484 1894 588 1992 τὰς
629 1894 818 2002 ,θύρας
853 1894 950 2002 της
985 1894 1288 2002 φυλακέιςξ
1312 1894 1654 2003 σπασάμενος

1822 1894 2189 1909 ,_-_---_-----,
2242 1894 2521 1901 --_-.--------
2569 1894 2772 1917 "-0---"
2830 1894 3052 1902 ...η-ν..-

1822 1949 1946 1992 item
1980 1939 2184 1992 Paulus
2223 1953 2353 1992 voce
2390 1955 2603 2010 magna,
2637 1940 2827 1994 dicens
2861 1958 2873 1993 :
2913 1941 3056 1994 Nihil
3087 1941 3183 1995 tibi
3216 1941 3341 1994 mali

136 2018 384 2088 μάχαιραν,
407 2019 600 2089 ἤθελεν
636 2023 831 2077 ἐαυτὸν
889 2026 1156 2095 ἀναιρεῖν,
1211 2025 1450 2093 νομίζων
1500 2026 1655 2078 ἐκπε-

1820 2030 2001 2096 ceris;
2027 2031 2264 2086 universi
2287 2034 2430 2085 enim
2460 2032 2545 2084 liic
2569 2047 2780 2088 sumus.
2802 2032 3084 2102 Petitoquc
3115 2034 3339 2100 lumine,

133 2108 350 2173 φευγέναι
385 2111 508 2172 τοὺς
537 2113 822 2182 δεσμίους.
853 2113 1132 2184 Ἐφώνησε
1177 2117 1231 2168 δὲ
1261 2119 1413 2185 φωνῇ
1452 2116 1652 2188 μεγάλῖ

1831 2130 2137 2189 trogressus
2163 2132 2244 2175 est
2275 2139 2287 2181 ;
2349 2131 2406 2174 et
2451 2122 2803 2177 tremefactus
2847 2125 3081 2192 procidit
3104 2125 3254 2177 Pauli
3288 2129 3341 2180 et

132 2197 598 2270 ὀΠαῦλος,λέγων⁶
655 2205 839 2274 Μηδὲν
903 2206 1115 2277 πράξῃς
1178 2207 1389 2276 σεαυτῷ
1446 2208 1651 2262 κακὸνι

1822 2213 1902 2267 Ηαθ
1936 2214 2000 2266 ad
2037 2213 2222 2282 pedes,
2259 2223 2310 2266 ct
2341 2215 2647 2281 protluceus
2675 2231 2769 2269 eos
2808 2214 2974 2276 foras.
3009 2217 3083 2268 ait
3115 2231 3134 2270 :~
3156 2215 3341 2268 Domi-

134 2287 363 2354 Ἅπαντες
393 2294 496 2362 γάρ
544 2297 716 2364 ἐσμεν
745 2297 956 2352 ἐνθάδε.
985 2299 1220 2367 Αἰτήσας
1250 2297 1305 2350 δὲ
1348 2299 1503 2365 φῶτα
1549 2299 1653 2350 είσ‹

1822 2304 1850 2367 i,
1881 2303 2010 2372 quid
2045 2318 2130 2357 me
2156 2313 2372 2371 Oportet
2407 2303 2586 2358 facere
2610 2345 2623 2369 ,
2660 2312 2719 2358 ut
2751 2306 2934 2361 salvus
2961 2304 3081 2358 {iam
3108 2305 3132 2358 τ
3161 2305 3226 2357 At
3261 2304 3341 2358 illi

133 2379 352 2447 ιπήδησε,
395 2384 486 2434 καὶ
537 2383 804 2454 ἔντρομος
865 2386 1173 2454 γενόμενος,
1222 2387 1529 2455 προσέπεσε
1587 2386 1652 2454 τᾷ

1825 2402 2056 2449 xerunt:
2089 2394 2262 2449 Crede
2293 2396 2344 2447 iu
2379 2395 2661 2450 Dominum
2693 2394 2901 2478 Jes‘um,
2933 2404 2988 2450 et
3026 2397 3210 2451 salvus
3231 2396 3343 2452 eris

135 2469 299 2540 Παύλῳ
325 2475 413 2526 καὶ
444 2474 522 2543 τῷ
553 2475 688 2545 Σίλᾳ
709 2495 723 2508 ·
762 2479 854 2529 καὶ
911 2475 1246 2547 προαγαγὼν
1300 2477 1497 2538 αὐτοὺς
1530 2475 1654 2541 ἔξω,

1861 2490 1915 2536 et
1955 2482 2152 2536 domus
2187 2491 2304 2536 tua.
2346 2482 2409 2535 Et
2439 2485 2606 2537 locuti
2638 2469 2846 2538 sunt‘ei
2875 2485 3095 2539 verbum
3130 2483 3341 2537 Domini

136 2564 216 2632 ἔφη
243 2580 255 2594 ⁸
281 2564 463 2634 Κύριοί
493 2584 620 2636 μου,
656 2568 708 2620 τί
752 2585 818 2638 με
843 2570 925 2622 δεῖ
947 2571 1121 2621 ποιεῖν
1172 2571 1262 2622 ἴνα
1294 2568 1451 2620 σωθῶ
1480 2584 1495 2633 ;
1525 2568 1587 2620 Oi
1609 2568 1655 2620 δὲ

1824 2586 1888 2623 uu
1930 2569 2186 2624 omnibus
2225 2573 2317 2639 qui
2360 2580 2516 2624 erant
2557 2571 2611 2624 in
2663 2572 2826 2624 domo
2857 2571 2999 2640 ejus.
3050 2571 3111 2624 Et
3145 2571 3343 2626 tollens

135 2652 289 2708 εἷπονο
325 2658 614 2712 Πίστευσον
637 2661 729 2712 ἐπὶ
770 2662 862 2714 τὸν
889 2660 1092 2732 Κύριον
1139 2659 1351 2730 Ἰησοῦν
1406 2644 1654 2729 Χριστὸν1

1809 2675 1858 2716 is
1911 2660 1964 2714 iu
2001 2660 2091 2714 illa
2136 2662 2270 2714 liora
2323 2661 2520 2724 noctis,
2567 2660 2700 2714 lavit
2748 2665 2934 2730 plagas
2980 2675 3169 2716 eorum
3211 2676 3228 2727 ;
3274 2669 3328 2716 et

139 2750 210 2801 καὶ
231 2751 431 2823 σωθήσῃ
460 2754 524 2804 σὺ
545 2754 643 2808 καὶ
670 2755 697 2806 ὁ
731 2751 878 2816 οἶκός
901 2770 1013 2807 σου.
1049 2754 1160 2807 Καὶ
1190 2752 1466 2823 ἐλάλησαν
1508 2750 1657 2820 αὐτῷ

1818 2749 2076 2818 aptizatus
2102 2759 2186 2803 est
2213 2749 2350 2816 ipse,
2383 2756 2437 2801 et
2475 2749 2654 2802 omnis
2687 2750 2882 2804 domus
2904 2749 3024 2817 ejus
3055 2749 3337 2802 continuo.

136 2841 206 2892 τὸν
235 2841 373 2908 λόγον
399 2843 491 2896 τοῦ
517 2845 726 2914 Κυρίου
753 2845 848 2898 καὶ
878 2846 1012 2898 πᾶσι
1037 2847 1150 2907 τοῖς
1185 2848 1242 2898 ἐν
1277 2847 1342 2914 τῇ
1369 2843 1518 2914 οἰκίᾳ
1559 2843 1655 2896 αύ-

1824 2855 2020 2909 muque
2048 2840 2392 2909 perduxisset
2423 2854 2516 2894 eos
2545 2841 2599 2893 in
2633 2838 2852 2894 domum
2883 2855 3060 2904 suam,
3091 2839 3343 2908 apposuit

137 2929 228 2987 τοῦ.
255 2932 347 2985 Καὶ
375 2936 817 3006 συμπαραλαδὼν
847 2937 1042 2998 αὐτοὺς
1089 2937 1146 2988 ἐν
1196 2934 1381 3007 ἐκείνῃ
1421 2937 1487 3002 τῇ
1537 2932 1656 3004 ὥρα

1823 2948 1850 2986 s
1899 2946 2165 2998 mensam,
2218 2938 2272 2986 et
2317 2932 2532 2986 laetatus
2562 2937 2648 2986 est
2691 2945 2816 2985 cum
2854 2930 3002 2984 omni
3046 2929 3207 2984 domo
3242 2942 3342 2984 sua

139 3021 311 3085 νυκτὸς,
335 3024 546 3079 ἔλουσεν
574 3028 686 3081 ἀπὸ
723 3028 832 3080 τῶν
877 3029 1100 3096 πληγῶν
1133 3045 1146 3060 ο
1208 3027 1300 3078 καὶ
1355 3024 1658 3092 ἐϐαπτίσθη

641 3028 686 3080 τὸ
723 3028 832 3080 τῶν
877 3029 1100 3096 πληγῶν
1133 3045 1146 3060 ο
1208 3027 1300 3078 καὶ
1355 3024 1659 3092 ἐϐαπτίσθη
1769 3024 1996 3078 credens
2028 3023 2160 3079 Deo.

139 3113 264 3176 αὐτὸς
308 3118 393 3168 καὶ
415 3119 462 3169 οἱ
496 3120 614 3187 μετέ
650 3119 816 3174 αὐτοῦ
841 3121 1043 3181 πάντες
1099 3118 1464 3187 παραχρῆμα.
1506 3114 1827 3182 Ἀναγαγὼν
1851 3131 1910 3166 τε
1935 3115 2133 3177 αὐτοὺς
2163 3115 2243 3177 εἰς
2272 3114 2364 3168 τὸν
2427 3110 2577 3168 οἶκον
2624 3112 2811 3176 αὑτοῦ,
2875 3111 3153 3184 παρέθηκε
3213 3107 3346 3181 τρά-

140 3203 288 3269 πεζαν,
321 3207 406 3258 καὶ
467 3208 840 3278 ἠγαλλιάσατο
888 3210 1108 3262 πανοικὶ
1162 3207 1540 3270 πεπιστευκὼς
1583 3207 1661 3276 τῷ
1698 3204 1840 3274 Θεῷ.

663 3299 1047 3351 EPMHNEIA.
1684 3301 1728 3356 C
2259 3292 2835 3350 COMMENTARIUS.

194 3385 398 3454 Λέγεται
425 3389 656 3458 ὴΠυθία
689 3387 850 3458 αῦτη,
881 3392 1017 3458 γυνῄ
1060 3407 1142 3451 τις
1174 3389 1309 3442 οῦσα
1341 3387 1659 3441 ἐπικαθίσαι

1842 3388 2134 3444 Dicebatur
2169 3386 2367 3439 mulier
2395 3387 2602 3455 Pythia
2637 3402 2722 3449 ea,
2777 3402 2898 3454 qua:
2938 3400 3100 3454 supra
3141 3385 3345 3455 Apolli-

144 3475 203 3542 τῷ
218 3478 405 3546 τρίποδι
430 3480 524 3533 τοῦ
598 3479 957 3543 Ἀπόλλωνος,
1024 3479 1307 3550 διαιροῦσα
1349 3479 1417 3531 τὰ
1457 3479 1619 3548 σκέλη
1643 3495 1658 3510 ·

1820 3488 1858 3538 is
1893 3479 2159 3549 tripodem
2189 3476 2380 3531 sedere
2400 3476 2558 3529 solita
2581 3483 2700 3529 erat
2729 3475 3040 3530 divaricatis
3068 3475 3339 3531 cruribus.

142 3563 219 3618 εἶθ’
245 3568 370 3622 οὓτω
410 3571 632 3643 πνεῦμα
670 3571 908 3641 πονηρὸν
970 3571 1348 3639 ἀναδιδόμενον
1393 3571 1659 3634 κάτωθεν,

1825 3589 1882 3628 uo
1907 3574 1961 3627 in
1998 3578 2141 3626 statu
2174 3569 2385 3622 dzcmou
2411 3568 2478 3621 ab
2508 3568 2617 3620 imo
2635 3582 2754 3621 sese
2792 3567 3097 3631 insinuans,
3138 3581 3201 3620 ac
3225 3570 3344 3634 ejus

143 3660 217 3710 καὶ
239 3661 317 3713 διὰ
336 3663 438 3715 τῶν
469 3664 809 3732 γεννητικῶν
829 3664 999 3733 αὐτῆς
1029 3664 1397 3732 διαδιδόμενον
1431 3665 1660 3732 μορίων,

1826 3662 2003 3716 :remla
2041 3657 2366 3728 pervadens,
2413 3654 2596 3708 furore
2643 3654 2816 3722 ipsam
2857 3653 3116 3722 replebat.
3156 3650 3345 3718 Quare

145 3749 346 3819 πληροῦν
391 3753 484 3824 τὴν
545 3757 783 3822 γυναῖκα
834 3755 933 3822 τῆς
978 3754 1195 3823 μανίας,
1215 3755 1308 3807 καὶ
1359 3753 1564 3824 ταύτης
1595 3752 1661 3824 [fe

1826 3752 1976 3806 .arsis
2015 3749 2260 3822 crinibus
2303 3745 2691 3808 bacchabatur,
2740 3752 2794 3797 et
2841 3758 3091 3813 spumam
3127 3749 3192 3796 est
3246 3757 3345 3796 ore

142 3837 334 3911 ταύτην]
364 3842 457 3904 τὰς
490 3844 685 3913 τρίχας
707 3842 959 3905 λύουσαν,
991 3843 1176 3895 λοιπὸν
1220 3842 1578 3913 βακχεύεσθαί
1605 3858 1661 3894 τε

1826 3844 2048 3900 nittebat
2071 3857 2086 3906 ;
2117 3841 2303 3908 sicque
2325 3836 2618 3891 furibunda
2635 3835 2863 3890 insania:
2881 3835 3043 3887 verba
3064 3832 3345 3886 fundebat.

143 3929 377 4000 καὶαφρὺν
403 3937 464 3988 ἐκ
481 3935 575 3988 τοῦ
609 3935 878 4004 στόματος
916 3935 1136 4002 ἀφιέναι
1165 3975 1179 4000 ,
1237 3935 1330 3988 καὶ
1385 3934 1560 3997 οὕτως
1611 3935 1662 3986 ἐν

1824 3947 2029 4004 Lquare
2063 3944 2117 3987 et
2140 3932 2350 3984 daemon
2373 3927 2428 3982 id
2455 3927 2687 3990 dicebat,
2714 3935 2768 3980 et
2795 3924 2994 3979 Paulus
3025 3939 3093 3979 ne
3117 3924 3343 3987 diceret,

145 4023 356 4093 παροινίᾳ
379 4027 694 4094 γινομένην,
729 4026 798 4080 τὰ
826 4029 925 4095 τῆς
953 4026 1150 4095 μανίας
1207 4026 1538 4095 φθέγγεσθαι
1573 4027 1664 4096 ρή·

1822 4022 2098 4079 'obibuit?
2136 4019 2279 4085 Quia
2323 4017 2534 4072 volebat
2560 4017 2662 4071 sibi
2695 4016 2850 4069 ﬁdem
2885 4025 2938 4070 et
2966 4015 3341 4069 auctoritatem

148 4125 283 4172 ματα.
308 4114 365 4165 Τί
392 4116 587 4184 δήποτε
617 4118 714 4170 καὶ
769 4120 797 4170 ὁ
850 4117 1060 4187 δαίμων
1115 4118 1432 4186 ἐφθέγγετο,
1478 4116 1615 4188 [καὶ]
1642 4119 1667 4168 ὁ

1830 4113 2093 4167 meiliarc.
2133 4109 2190 4162 Si
2238 4108 2382 4163 enim
2422 4107 2793 4162 testimonium
2831 4105 3002 4174 ipsius
3041 4104 3349 4158 admisisset

148 4199 315 4264 Παῦλος
339 4205 602 4260 ἐκώλυσεν
635 4225 649 4272 ;
723 4209 1002 4261 Ἐϐούλετο
1052 4209 1234 4262 λοιπὸν
1268 4211 1309 4241 ³⁷
1362 4210 1667 4272 ἀξιόπιστον

1832 4204 1996 4266 nilus,
2024 4201 2208 4254 tideles
2227 4200 2448 4276 multos,
2474 4197 2618 4251 velut
2639 4197 2706 4249 ab
2728 4197 2819 4249 illo
2836 4196 3117 4264 probatus,
3154 4193 3351 4247 fortas-

146 4290 300 4345 ἐαυτὸν
327 4295 579 4356 ³³ποιείν.
612 4301 675 4352 Ei
703 4300 812 4370 γὰρ
846 4301 1164 4371 προσήκατο
1203 4300 1366 4352 αὐτοῦ
1396 4301 1495 4366 τὴν
1528 4315 1665 4367 μαρ-

1826 4311 1832 4344 ι
1866 4289 2191 4355 decepisset.
2226 4285 2398 4350 Quam
2435 4285 2506 4338 ob
2538 4298 2759 4337 causam
2798 4298 2903 4335 non
2941 4283 3122 4336 renuit
3152 4289 3345 4334 contra

145 4380 318 4448 τυρίαν,
338 4390 363 4439 ὁ
381 4390 607 4453 Παῦλος,
635 4389 860 4454 πολλοὺς
875 4391 942 4444 ἂν
964 4393 1059 4443 καὶ
1082 4391 1188 4443 τῶν
1216 4389 1420 4442 πιστῶν
1453 4390 1664 4458 ἠπάτη-

1828 4402 1833 4432 ε
1883 4379 2089 4438 dicere,
2143 4387 2204 4431 ut
2245 4390 2366 4444 quae
2402 4389 2500 4440 pro
2544 4389 2604 4427 se
2646 4373 2898 4434 dixisset,
2953 4371 3347 4425 continuaret:

148 4485 236 4525 sev.
261 4474 343 4528 ἆτε
368 4478 467 4532 ὑπὸ
496 4482 704 4534 ἐκείνου
733 4481 965 4551 δεχθείς.
997 4481 1095 4534 Διὰ
1126 4480 1285 4533 τοῦτο
1305 4480 1596 4548 ἀνέχεσθαι
1627 4479 1667 4512 ³⁸

1832 4471 1980 4524 ilicet
2035 4467 2186 4522 nevit
2239 4466 2352 4530 ille,
2399 4471 2460 4518 ut
2503 4461 2751 4516 homines
2803 4461 3015 4529 perdat,
3074 4461 3238 4513 etiam
3290 4474 3351 4512 se

150 4560 244 4612 καθ’
287 4566 468 4622 ἐαυτοῦ
529 4573 727 4635 εἰπεῖν,
755 4570 843 4623 ἴνα
877 4571 1050 4641 στήσῃ
1070 4570 1140 4623 τὰ
1181 4570 1319 4638 ὑπὲρ
1351 4569 1540 4629 αὐτοῦ,
1579 4568 1669 4621 καὶ

1837 4560 2012 4630 mpori
2038 4556 2474 4612 accommodare.
2519 4552 2722 4607 Paulus
2768 4552 2946 4621 primo
2977 4549 3195 4620 quidem
3233 4549 3350 4616 ejus

149 4648 281 4714 αὒτδς
308 4621 1187 4730 συγκαταὸάσειικέχρητάιηπρὸς
1241 4621 1340 4730 την
1378 4659 1668 4712 ἀπώλειαν.

1831 4621 2154 4706 τειῖηιοιιίυηι
2190 4661 2298 4700 non
2339 4642 2594 4706 admisit,
2643 4641 2737 4696 sed
2774 4639 3124 4707 contempsit,
3159 4637 3350 4690 nolens

151 4735 207 4787 Τδ
227 4744 311 4807 μὲν
341 4744 427 4801 οὖν
471 4753 687 4819 πρῶτον
767 4729 842 4804 ού
878 4729 1195 4822 προσήκατο
1253 4729 1486 4814 Παῦλος,
1547 4749 1670 4802 ἀλλὰ

1828 4742 1963 4794 ,atim
2020 4739 2190 4808 signis
2242 4749 2460 4788 manum
2514 4733 2824 4786 admovere.
2871 4731 2941 4784 At
2978 4745 3100 4785 cum
3141 4729 3347 4781 (laeuum:

152 4827 413 4905 διέπτυσεν,
437 4844 496 4895 οὐ
545 4842 870 4915 βουλόμενος
924 4819 1117 4906 άπλῶς
1175 4845 1520 4916 ἐπιρῤίπτειν
1572 4846 1671 4904 τοῖς

1833 4830 2068 4884 amando
2100 4832 2512 4897 perseveraret,
2547 4833 2601 4878 et
2625 4822 2736 4891 jam
2775 4821 3035 4875 molestia:
3066 4819 3142 4873 illi
3183 4827 3349 4881 esset,

155 4925 380 4990 σημείοις.
415 4932 498 4996 Ὧς
525 4907 584 4988 δὲ
624 4907 856 5004 ἐπέμενε
890 4934 1048 4986 τοῦτο
1075 4907 1284 4995 ποιῶνί
1304 4907 1401 4986 καὶ
1427 4933 1489 4985 τὸ
1520 4931 1674 5000 ἔργον

1830 4937 1912 4976 inc
1944 4917 2226 4989 imperavit
2252 4916 2380 4984 ipsi,
2407 4923 2466 4969 ut
2493 4914 2686 4968 exiret.
2718 4929 2738 4963 (
2767 4912 2965 4966 Dolens
2999 4922 3174 4965 autem
3207 4907 3349 4962 Pau-

153 5007 348 5100 ἐδείκνυ,
366 4995 785 5077 τότεέκέλευσεν
811 5023 959 5092 αύτῴ
983 5021 1236 5088 ἐξελθεῖν.
1279 5041 1297 5073 ι
1327 4995 1672 5088 Διαπονηθεὶς

1829 5028 1888 5077 ιε,
1925 5029 1943 5062 ι
1984 5008 2182 5077 inquit,
2230 5007 2332 5060 hoc
2364 5013 2468 5070 est,
2507 5003 2666 5058 taedio
2703 5010 2756 5055 et
2807 4999 3054 5053 molestia
3102 4995 3348 5056 allectus,

157 5097 260 5169 τάρι
282 5109 432 5174 φησὶν
459 5113 486 5166 ὁ
520 5113 784 5180 Παῦλο;,›
801 5089 1048 5166 τουτέστι
1069 5113 1308 5182 κινηθεὶς
1329 5114 1429 5180 καὶ,
1441 5111 1676 5182 δηχθεὶς,

1835 5102 2030 5158 iamvis
2060 5114 2184 5154 vera
2219 5098 2462 5156 diceret,
2495 5107 2558 5148 os
2591 5092 2667 5146 illi
2707 5089 2980 5145 obstruxit
3009 5125 3024 5149 ,
3079 5089 3351 5154 iussitque

158 5188 235 5239 καὶ
256 5193 414 5268 ἀληθῆ
438 5201 701 5272 λέγουσαν
740 5177 1115 5272 ἐπιστομίσας
1159 5177 1350 5272 αὐτὴν,
1395 5177 1677 5254 ἐκέλευσεν

1830 5208 1927 5250 lex
1961 5194 2050 5246 illa
2093 5191 2289 5244 exiret.
2327 5187 2446 5253 Quo
2482 5199 2581 5240 nos
2629 5182 2838 5246 docuit,
2878 5195 2946 5233 ne
2989 5177 3349 5240 dmumnibus,

157 5272 356 5339 ἐξελθεῖν
379 5267 432 5353 ἐξ
445 5267 612 5361 αὐτῆς
629 5292 690 5344 τὸ
718 5267 1018 5361 δαιμόνιον,
1047 5267 1313 5345 διδάσκων
1334 5294 1502 5362 ἡμᾶς,
1539 5291 1675 5361 μηδὲ

1833 5287 1860 5340 :l
1891 5282 2051 5353 275
2085 5296 2209 5335 cum
2253 5277 2466 5333 veritati
2518 5270 2852 5344 patrocinari
2897 5269 3150 5322 videntur
3179 5305 3194 5328 ,
3243 5267 3352 5320 ullo

156 5367 211 5434 τῗι
262 5372 473 5452 ἀληθείᾳ
517 5358 836 5454 συνηγορεῖν
881 5358 1387 5454 προσποιουμένους
1429 5358 1675 5451 δέχεσθαι

1838 5378 1939 5430 udo
1985 5374 2294 5436 credamus,
2364 5371 2457 5424 sed
2509 5364 2778 5421 obturatis
2810 5361 2876 5416 ad
2910 5361 3092 5416 omnia
3126 5374 3248 5428 mue
3284 5358 3353 5413 ab

158 5455 398 5534 δαίμονας,
447 5450 581 5529 ἄλλα
608 5450 788 5530 πάσαν
817 5450 1001 5538 αὐτοῖς
1050 5450 1416 5544 ἀποτειχίζειν
1469 5450 1674 5541 πλάνης

1830 5470 1921 5523 isis
1955 5467 2280 5536 procedunt,
2309 5463 2558 5522 auribus,
2580 5469 2794 5512 onmem
2826 5453 2932 5507 illis
2965 5450 3189 5508 fallendi
3209 5451 3349 5504 viam

159 5546 274 5616 ww,
299 5559 384 5612 καὶ
430 5569 814 5640 περιφράττειν
836 5566 974 5637 πρὸς
1006 5568 1074 5620 τὰ
1109 5541 1468 5636 παρ’-αὐτῶν
1500 5565 1678 5617 πάντα

1836 5558 2203 5614 raecludamus.
2253 5573 2271 5608 ι
2302 5553 2670 5609 Τετιτεηιοιυε
2723 5545 2902 5601 factus
2932 5554 3036 5600 est.
3069 5561 3089 5595 ι
3137 5541 3216 5596 Ex
3245 5555 3355 5612 quo

779 5815 781 5818 ς
1297 5740 1494 5803 νοτία)
1526 5738 1831 5801 lectiones
1880 5742 1940 5797 et
1983 5741 2172 5799 noue.

221 5829 257 5859 ³⁷
291 5835 406 5908 γὰρ.
468 5845 510 5878 ³⁸
539 5846 718 5902 αὐτόν.
796 5847 842 5882 ³⁸
868 5846 1139 5916 ἀνέχεται.
