3950 6552
534 410 632 474 9‘31

1451 417 2031 482 THEOPHYLACTI
2060 422 2472 488 BULGARIE
2511 430 2868 492 ARCHIEP.

3683 438 3780 502 992

538 536 722 583 custos
747 527 985 584 carceris
1038 547 1058 581 ι
1117 531 1534 601 expergefactus
1554 545 1637 591 est
1666 553 1682 592 :
1722 553 1742 589 ι
1797 535 1954 594 Ostia
1977 554 2108 595 vero

2218 538 2310 610 τὴν
2338 543 2531 614 ἀκοήν.
2573 545 2632 599 '0
2659 544 2884 616 σεισμὸς
2915 544 3166 614 γέγονεν,
3199 545 3343 603 ὥστε
3386 548 3781 621 ἀφυπνισθῆναι

539 630 720 690 aperta
748 629 897 686 sunt,
925 631 982 675 ut
1011 621 1155 691 quod
1183 615 1506 694 contigerat,
1526 625 1843 690 miraretur,
1868 638 1924 682 et
1943 630 2116 685 ﬁdelis

537 713 827 770 evaderet:
889 729 997 770 non
1049 717 1194 769 enim
1249 717 1354 772 ista
1388 717 1454 770 ad
1505 721 1928 776 ostentationem
1969 721 2114 778 facta

536 812 680 869 sunt,
695 804 789 859 sed
804 803 869 857 ad
885 804 1005 874 ejus
1020 806 1272 860 salutem.
1292 807 1364 864 Ea
1385 817 1562 864 tamen
1586 827 1696 866 non
1723 812 1999 881 viderunt,
2016 817 2113 886 qui

535 894 667 948 inihi
735 904 895 951 erant
946 898 1119 953 vincti
1177 918 1191 956 :
1261 901 1508 971 alioquin
1570 903 1842 974 fugissent
1900 921 2111 964 omnes.

536 1003 555 1034 ε
599 985 1058 1059 Exspergefactus
1104 1000 1286 1048 autem
1325 1004 1512 1051 custos
1547 999 1804 1054 carceris.
1849 1018 1865 1048 ι
1905 997 2003 1054 llic
2028 1009 2114 1056 est

495 1074 840 1147 -Stephanas
903 1082 1017 1147 ille,
1075 1085 1234 1154 cujus
1286 1087 1535 1142 meminit
1591 1089 1792 1146 Paulus
1833 1091 1886 1145 in
1938 1093 2109 1162 prima

533 1163 768 1236 Epistola
793 1169 862 1225 ad
901 1171 1238 1231 Corinthios.

696 1259 851 1325 Quod
880 1267 1108 1331 apostoli
1143 1270 1317 1338 rogati
1347 1284 1411 1324 ea:
1443 1287 1651 1325 carcere
1685 1275 1928 1329 exierint.

1181 1451 1478 1508 TEXTUS.

598 1535 741 1601 XVI,
776 1540 963 1596 55-40.
1018 1541 1079 1598 Et
1101 1559 1238 1598 tcum
1284 1546 1404 1602 dies
1434 1546 1610 1624 factus
1641 1558 1808 1615 esset,
1844 1552 2110 1609 miserunt

528 1630 880 1696 magistratus
898 1633 1431 1702 lictores,‘dicentes:
1454 1637 1672 1694 Dimitte
1688 1641 1936 1700 homines
1963 1645 2105 1700 illos.

528 1718 807 1778 Nuntiavit
838 1734 1016 1780 autem
1053 1738 1244 1784 custos
1281 1731 1522 1787 carceris
1559 1733 1719 1788 verha
1760 1734 1877 1790 haec
1913 1735 2106 1804 Paulo,

2223 631 2316 684 τδν
2339 633 2750 705 δεσμοφύλακα.
2814 639 2880 691 At
2926 637 3088 710 θύραι
3131 639 3188 693 δέ
3237 641 3615 712 ἠνεῴχθησαν,
3659 643 3780 699 ὥστε

2223 725 2509 796 θαυμάσαι
2537 728 2600 781 τὸ
2619 729 2842 797 γεγονὸς
2877 730 2976 782 καὶ
3025 730 3337 793 πιστεῦσαι.
3395 734 3472 786 οὐ
3512 734 3622 807 γᾲρ
3665 737 3782 806 πρὸς

2222 819 2486 886 ἐπίδειξιν
2523 821 2696 874 ταῦτα
2724 823 2965 889 ἐγένετο,
2991 823 3130 882 ἀλλὰ
3159 825 3295 894 πρὸς
3325 826 3602 896 σωτηρίαν
3617 829 3781 884 αὑτοῦ.

2222 909 2408 964 Ταῦτα
2437 912 2494 965 δὲ
2523 914 2576 966 οἱ
2607 913 2888 984 δεσμῶται
2916 915 3013 986 οὐχ
3037 916 3226 987 ἐώρων
3253 933 3266 947 ’
3292 912 3328 988 ἦ
3355 917 3463 989 γὰρ
3519 918 3586 972 ἂν
3605 919 3782 988 ἔφυγον

2222 1000 2484 1067 ἅπαντες.
2512 997 2676 1067 Οὗτός
2708 1008 2857 1060 ἐστιν
2900 1008 2930 1059 ὁ
2983 1009 3288 1078 Στεφανᾶς,
3353 1005 3418 1064 οὗ
3478 1012 3779 1081 μνημονεύει

2223 1090 2432 1156 Παῦλος
2455 1094 2513 1146 ἐν
2541 1096 2608 1164 τῇ
2638 1095 2774 1165 πρὸς
2802 1096 3126 1167 Κορινθίους
3160 1098 3354 1169 πρώτῃ
3385 1099 3689 1172 Ἐπιστολῇ.

2222 1274 2340 1326 Ὅτι
2373 1277 2870 1344 παρακληθέντες
2901 1277 3168 1346 ἐξῆλθον
3190 1283 3325 1334 τότε
3349 1281 3419 1334 ἐκ
3437 1282 3548 1337 τοῦ
3579 1283 3774 1353 δεσμω-

2627 1371 2832 1436 τηριου
2866 1374 2918 1422 οι
2947 1371 3304 1426 ἀπόστολοι.

2780 1462 3169 1516 KEIMENON.

2303 1547 2546 1618 Ἡμέρας
2575 1551 2631 1604 δὲ
2653 1553 2979 1620 γενομένης,
3013 1551 3344 1605 ἀπέστειλαν
3394 1553 3446 1606 οῖ
3505 1558 3771 1624 στρατηγοὶ

2215 1639 2341 1702 τοὺς
2370 1641 2722 1710 ῥαϐδούχους,
2754 1643 3003 1710 λέγοντες
3027 1659 3042 1674 ο
3088 1643 3386 1698 ⁹Δπόλυσον
3412 1646 3544 1709 τοὺς
3589 1647 3772 1717 ἀνθρὼ-

2216 1749 2351 1794 nou;
2383 1734 2652 1796 ἐκείνους.
2729 1735 3058 1804 ’Δπήγγειλε
3103 1735 3162 1788 δὲ
3211 1737 3240 1789 ὁ
3293 1736 3638 1807 δεσμοφύλαξ
3669 1743 3772 1802 τοὺς

528 1807 656 1874 quia
699 1808 965 1866 Miserunt
998 1817 1377 1886 magistratus,
1419 1827 1478 1873 ut
1527 1821 1879 1880 dirnittamiui
1913 1844 1928 1882 :
1958 1845 2107 1886 nunc

2218 1821 2405 1890 λόγους
2442 1826 2668 1888 τούτους
2706 1828 2841 1896 πρὸς
2869 1827 2959 1880 τὸν
2986 1826 3214 1890 Παῦλον,
3239 1827 3323 1881 ὅτι
3373 1829 3710 1882 Ἀπέστειλαν
3733 1833 3771 1882 οἱ

529 1898 696 1968 igitur
722 1914 1006 1971 exeuntes,
1032 1907 1103 1964 ite
1134 1909 1190 1964 in
1223 1925 1377 1980 pace.
1398 1911 1602 1970 Paulus
1621 1925 1799 1971 autem
1827 1919 1965 1974 dixit
1987 1921 2068 1976 eis
2094 1939 2109 1976 :

2218 1888 2543 1985 στρατηγοὶ,
2578 1916 2666 1970 ἵνα
2697 1888 3010 1986 ἀπολυθῆτε
3034 1934 3048 1947 ·
3087 1917 3183 1971 νῦν
3203 1888 3306 1972 οὖν
3339 1918 3642 1986 ἐξελθόντες
3689 1937 3771 1973 τοο

526 1989 712 2050 (Σαιεοε
743 2009 845 2049 nos
880 1997 1116 2064 publice,
1152 2000 1524 2070 indemnatos,
1553 2006 1804 2065 homines
1827 2009 2112 2068 Romanos

527 2081 796 2139 miserunt
814 2085 867 2140 in
888 2103 1186 2158 carcerem,
1216 2101 1270 2148 et
1310 2111 1458 2151 nunc
1479 2100 1690 2155 occulte
1709 2117 1809 2157 nos
1841 2103 2067 2173 ejiciunt
2089 2114 2116 2168 ν

527 2172 644 2228 Νοιι
675 2177 772 2244 ita,
830 2180 925 2234 sed
959 2185 1200 2249 veniant,
1260 2195 1314 2241 ct
1348 2187 1449 2257 ipsi
1479 2204 1579 2245 nos
1601 2191 1844 2258 ejiciant.
1875 2172 2113 2251 Nuntia-

526 2279 726 2324 verunt
779 2282 962 2329 autem
1019 2280 1435 2346 magistratibus
1489 2283 1710 2340 lictores
1751 2287 1914 2343 verba
1971 2290 2106 2345 haec.

527 2358 980 2434 Timueruntque,
1019 2368 1205 2424 audito
1254 2373 1399 2440 quod
1457 2375 1690 2431 Romani
1755 2387 1968 2435 essent.
2044 2380 2112 2436 Et

527 2451 811 2508 venientes
833 2454 1106 2524 deprecati
1127 2471 1254 2514 sunt
1273 2477 1386 2524 eos.
1410 2471 1464 2519 et
1491 2466 1787 2523 educentes
1821 2472 2108 2540 rogabant,

528 2553 589 2596 ut
624 2547 1013 2614 egrederentur
1049 2551 1117 2606 de
1147 2553 1304 2609 urbe.
1355 2555 1632 2614 Exeuntes
1659 2570 1845 2616 autem
1878 2563 1947 2618 de
1985 2579 2111 2619 car-

524 2645 672 2696 cere,
706 2634 1040 2696 introierunt
1061 2644 1126 2697 ad
1161 2643 1387 2716 Lydiam
1410 2658 1466 2703 ct
1493 2651 1631 2707 visis
1662 2651 1947 2720 fratribus,
1980 2671 2111 2711 con-

525 2723 685 2780 solati
713 2737 846 2785 sunt
868 2744 990 2800 eos,
1011 2743 1067 2789 et
1097 2736 1328 2805 profecti
1353 2749 1505 2795 sunt.

1055 2981 1639 3047 COMMENTARIUS.

597 3065 793 3123 Diccns
827 3069 1072 3131 Paulus:
1109 3095 1129 3128 ι
1165 3077 1347 3134 Cassos
1374 3096 1478 3137 nos
1507 3085 1746 3152 publice,
1788 3107 1806 3141 ι
1843 3100 1972 3158 etc.,
2007 3093 2112 3148 du.

528 3157 651 3226 plex
694 3159 746 3214 in
779 3175 839 3216 se
869 3173 922 3216 et
955 3164 1260 3223 Barnabam
1291 3170 1556 3227 delictum
1591 3157 2108 3242 commissumiesse

527 3251 790 3316 ostendit,
859 3269 1052 3324 nempe
1113 3259 1263 3328 quod
1317 3270 1370 3316 et
1407 3281 1427 3314 ι
1459 3264 1711 3323 homines
1765 3270 2016 3341 Romani,
2061 3285 2116 3332 et

528 3337 828 3396 indemnati
866 3363 886 3398 ι
926 3347 1050 3401 caesi
1075 3359 1282 3406 essent.
1311 3350 1527 3410 Pluries
1565 3360 1712 3414 enim
1758 3361 1848 3418 ille
1878 3363 2115 3420 humana

528 3434 774 3496 praetexit
835 3436 905 3488 ob
959 3441 1248 3506 quamdam
1297 3448 1696 3514 teconomiam,
1747 3468 1816 3508 ne
1860 3455 2118 3514 videlicet

529 3529 784 3590 tanquam
805 3526 931 3594 jure
953 3529 1267 3600 damnatus,
1293 3543 1346 3590 et
1381 3547 1635 3610 tanquam
1668 3544 1887 3614 iniquus
1917 3549 2116 3616 perire,

529 3617 614 3668 vel
655 3619 755 3672 hoc
794 3622 862 3674 ab
906 3623 1121 3679 illorum
1169 3631 1343 3699 gratia
1392 3635 1632 3702 pendere
1688 3639 1986 3698 videretur.
2049 3644 2117 3699 Et

528 3708 656 3802 quia
687 3711 914 3778 sciebat,
951 3716 1110 3770 subdi
1137 3731 1398 3788 reportere
1425 3725 1766 3797 principibus
1793 3741 1849 3787 et
1867 3743 2116 3802 potesta-

528 3797 698 3864 tibus,
753 3802 960 3860 idrirco
984 3823 1046 3863 se
1071 3813 1309 3880 appellat
1347 3814 1653 3874 Romanum
1688 3840 1703 3886 ;
1754 3797 1883 3879 nam
1914 3825 2028 3882 fere
2061 3830 2115 3884 in

528 3904 747 3946 omnem
785 3903 1008 3962 terram,
1049 3910 1103 3955 et
1131 3903 1187 3956 in
1230 3905 1406 3973 ipsam
1446 3925 1668 3979 quoque
1699 3915 1966 3982 Iudaeam,
2002 3919 2114 3974 Ro-

531 3996 819 4036 manOrum
857 3987 1159 4055 imperator
1189 4004 1322 4049 tunc
1363 4001 1628 4066 temporis
1668 4003 1834 4075 276
1861 3993 2115 4064 domina-

530 4070 694 4166 batur
714 4091 731 4129 :
754 4075 879 4166 etei
904 4077 1075 4133 Judaei
1105 4096 1326 4152 quoque
1344 4087 1547 4143 tributa
1577 4070 1905 4160 pendebant.
1934 4098 2117 4166 Quare

529 4159 734 4220 Paulus
770 4165 1144 4228 Romanorum
1182 4177 1547 4246 principatum
1574 4159 1628 4237 et
1666 4159 2102 4248 dominationem

529 4269 641 4308 non
697 4257 1000 4326 rejiciebat,
1055 4265 1196 4321 sicut
1248 4269 1440 4340 reliqui
1491 4272 1690 4343 Judaei,
1756 4281 1850 4349 qui
1901 4283 2116 4355 seipsos

531 4346 858 4406 scducentes
903 4354 1186 4423 dicebant,
1233 4361 1409 4417 Deum
1452 4367 1631 4423 solum
1674 4346 1799 4426 esse
1831 4346 2113 4444 proprium

529 4436 772 4506 ipsorum
807 4459 1017 4515 regem,
1082 4450 1258 4522 reipsa
1295 4463 1478 4511 tamen
1522 4467 1784 4531 tanquam
1832 4436 2115 4524 tributarii

2216 2008 2438 2079 ρεύεσθε
2468 2011 2527 2063 ἐν
2560 2011 2774 2083 είρήνῃ.
2817 2010 2876 2065 '0
2905 2011 2962 2064 δέ
2991 2010 3202 2074 Παῦλος
3227 2012 3331 2080 ἐφη
3363 2013 3504 2082 πρὸς
3561 2013 3768 2074 αὐτούς·

2212 2103 2501 2170 Δείραντες
2547 2104 2693 2173 ἡμᾶς
2721 2103 2962 2173 δημοσίᾳ
3011 2104 3418 2173 ἀκατακρίτους
3444 2105 3764 2174 ἀνθρώπους,

2225 2193 2533 2265 Ῥωμαίους
2558 2195 2928 2265 ὑπάρχοντας,
2954 2195 3150 2250 ἔϐαλον
3171 2197 3250 2258 είς
3278 2197 3550 2266 φυλακὴν,
3578 2199 3662 2249 καὶ
3689 2198 3768 2250 νῦν

2213 2284 2391 2356 λάθρα
2423 2287 2572 2357 ἡμᾶς
2611 2286 2971 2341 ἐκϐάλλουσιν
3002 2304 3017 2352 ;
3077 2289 3152 2341 Οὐ
3207 2289 3340 2359 γὰρ,
3398 2289 3516 2342 ἀλλ’
3553 2289 3767 2352 ἐλθόντες

2211 2375 2365 2430 αὐτοὶ
2381 2378 2529 2447 ἡμᾶς
2552 2378 2992 2446 ἐξαγαγέτωσαν.
3031 2379 3404 2449 Ἀπήγγειλαν
3424 2380 3484 2433 δὲ
3502 2382 3608 2443 τοῖς
3631 2397 3767 2445 στρα-

2209 2471 2403 2542 τηγοῖς
2423 2470 2472 2523 οἱ
2509 2468 2804 2541 ῥαϐδοῦχοι
2831 2469 2899 2523 τὰ
2928 2472 3150 2540 ῥήματα
3181 2471 3379 2536 ταῦτα,
3405 2472 3499 2523 καὶ
3525 2471 3763 2541 ἐφοϐήθη-

2213 2575 2314 2614 σαν
2361 2559 2726 2627 άκούσαντες,
2761 2562 2849 2613 ὅτι
2886 2558 3146 2629 Ῥωμαῖοί
3207 2562 3336 2616 είσι.
3400 2562 3513 2617 Καὶ
3549 2561 3761 2624 ἐλθόντες

2211 2648 2600 2720 παρεκάλεσαν
2625 2649 2848 2713 αὐτοὺς,
2884 2651 2983 2704 καὶ
3021 2649 3393 2718 ἐξαγαγόντες
3437 2650 3664 2722 ὴρώτων
3691 2653 3757 2716 ἐξ·

2208 2745 2385 2798 ἐλθεῖν
2412 2746 2509 2814 τῆς
2541 2744 2765 2808 πόλεως.
2797 2745 3142 2808 ’Ἐξελθόντες
3178 2746 3234 2798 δέ
3259 2746 3371 2800 ἀπὸ
3393 2745 3493 2815 τῆς
3526 2748 3763 2815 φυλακῆς,

2209 2835 2457 2905 εἰσῆλθον
2488 2835 2628 2906 πρὸς
2655 2835 2757 2905 τὴν
2798 2836 3000 2891 Λυδίαν
3033 2851 3049 2866 ·
3075 2838 3172 2890 καὶ
3199 2836 3401 2900 ἰδόντες
3466 2839 3597 2903 τοὺς
3634 2839 3762 2892 ἀδελ·

2212 2927 2348 2995 φοὺς
2373 2925 2761 2997 παρεκάλεσαν
2783 2925 3004 2990 αὐτοὺς,
3035 2926 3134 2979 καὶ
3157 2925 3399 2994 ἐξῆλθον.

2830 3015 3218 3072 ΕΡΜΗΝΕΙΛ.

2281 3107 2533 3161 Δείκνυσι
2549 3107 2776 3162 διπλοῦν
2820 3109 2882 3161 τὸ
2933 3107 3208 3179 ἔγκλημα,
3242 3108 3454 3163 εἰπών’
3521 3127 3542 3161 ε
3577 3109 3767 3180 Δείραν-

2139 3221 2184 3284 c
2217 3216 2308 3260 τες
2344 3200 2493 3269 ἡμᾶς
2519 3199 2783 3272 δημοσίᾳ,
2825 3218 2844 3251 ι
2882 3199 3074 3254 καὶτὰ
3133 3199 3282 3269 ἑξῆς,
3313 3201 3398 3258 ὅτι
3435 3220 3454 3254 ε
3497 3203 3606 3255 Καὶ
3652 3202 3763 3254 Ῥω-

2223 3289 2436 3359 μαίους,
2475 3292 2569 3344 καὶ
2603 3291 3030 3360 ἀκατακρίτους.
3065 3309 3084 3341 ›
3131 3290 3483 3359 Ἀνθρὼπινα
3513 3293 3619 3361 γὰρ
3659 3308 3762 3344 κατ·

2219 3381 2482 3443 εσκεύαζε
2519 3383 2608 3435 διά
2635 3399 2760 3435 τινα
2791 3382 3106 3451 οἰκονομίαν
3137 3381 3424 3447 πολλάκις,
3448 3383 3533 3435 ῖνα
3555 3383 3629 3454 μὴ
3661 3382 3762 3451 δόξῃ

2217 3470 2293 3533 ὡς
2322 3471 2611 3534 κατάδικος
2635 3471 2972 3526 ἀπολύεσθαι
3029 3473 3123 3526 καὶ
3162 3472 3238 3535 ὡς
3283 3473 3638 3544 ἡμαρτηκὼς,
3687 3474 3762 3525 καί

2220 3561 2307 3613 ἵνα
2331 3560 2405 3632 μὴ
2430 3561 2527 3630 τῆς
2551 3563 2770 3633 χάριτος
2799 3561 3026 3638 αὐτῶνῇ
3047 3563 3108 3617 τὸ
3123 3565 3381 3636 πρᾶγμα.
3406 3565 3516 3619 Καὶ
3540 3564 3681 3624 είδὼς
3698 3565 3760 3615 ὅτι

2219 3653 2303 3706 δεῖ
2332 3655 2530 3724 ἀρχαῖς
2557 3657 2655 3709 καὶ
2683 3653 2956 3720 ἐξουσίαις
2979 3656 3408 3723 ὑποτάσσεσθαι,
3452 3658 3628 3711 ἐκάλει
3658 3658 3762 3710 ἐαυ-

2217 3742 2308 3795 τὶν
2375 3743 2646 3813 Ῥωμαῖον
2696 3745 2908 3815 (σχεδὸν
2951 3745 3060 3817 γὰρ
3130 3747 3312 3815 πάι-ης
3377 3747 3480 3816 τῆς
3533 3748 3649 3816 γῆς,
3689 3743 3759 3796 καί

2217 3832 2393 3901 αὐτῆς
2413 3832 2518 3903 τῆς
2544 3834 2874 3902 Ἰουδαίας,6
2929 3836 3222 3906 Ῥωμαίων
3252 3836 3510 3906 βασιλεὺς
3554 3836 3756 3906 ἐκράτει·

2217 3924 2415 3985 οἵτινες
2444 3923 2540 3976 καὶ
2591 3925 2757 3995 φόρον
2791 3926 3016 3980 ἐτέλουν
3041 3928 3326 3998 Καίσαρι),
3367 3929 3445 4000 μὴ
3473 3927 3759 3994 ἀποσειόμε-

2216 4031 2306 4077 νος
2347 4016 2445 4085 τὴν
2487 4015 2663 4087 ἀρχὴν
2731 4015 2827 4070 καὶ
2901 4018 3224 4073 δεσποτείαν
3278 4021 3379 4088 τὴν
3463 4016 3755 4088 Ῥωμαϊκὴν,

2215 4108 2406 4178 ὥσπερ
2434 4110 2483 4162 oi
2507 4109 2684 4162 λοιποὶ
2735 4109 2978 4163 Ἰουδαῖοι
3045 4111 3504 4183 φρεναπατῶντες
3544 4111 3753 4171 ἑαυτοὺς,

2215 4199 2309 4250 τὸν
2331 4199 2468 4252 Θεὸν
2491 4200 2591 4268 μὲν
2642 4200 2859 4252 ἑαυτῶν
2885 4201 3074 4269 ελεγον
3110 4201 3241 4254 [διον
3273 4201 3521 4270 βασιλέα,
3572 4201 3628 4253 οὐ
3673 4198 3756 4267 μὴν

2217 4291 2504 4362 ἄνθρωπον
2535 4292 2754 4363 ’ἔργοις
2799 4293 2857 4346 δὲ
2884 4295 3072 4357 αὐτοῖς
3127 4293 3202 4356 ὠς
3235 4293 3518 4355 ὑποτελεῖς
3541 4287 3753 4364 [οἰκέται]

2219 4383 2422 4452 φόρους
2471 4384 2720 4438 ἐτέλουνο
2765 4385 2828 4438 τὸ
2873 4386 2970 4456 μὲν
3009 4385 3182 4456 ὄνομα
3221 4385 3566 4455 ἀρνούμενοι,
3609 4386 3757 4454 ἔργοις

2218 4474 2276 4528 δὲ
2296 4474 2671 4544 ὑποκείμενοι.
2702 4475 2811 4540 οὒς
2855 4477 2952 4530 καὶ
3007 4477 3318 4555 ἐπόρθησεν
3371 4473 3756 4534 Οὐεσπασιανὸς.

528 4530 668 4583 servi
693 4533 897 4590 tributa
922 4540 1225 4600 solvebant.
1248 4544 1400 4603 Unde
1420 4530 1736 4622 quanquam
1767 4557 2112 4616 subditorum

2219 4565 2297 4628 ὡς
2334 4563 2410 4636 μὴ
2441 4565 2939 4636 ὕποτασσομένους.

527 4636 727 4678 nomen
775 4632 1148 4700 repudiarent,
1185 4652 1244 4694 re
1291 4649 1468 4698 tamen
1511 4647 1628 4714 ipsa
1680 4649 1884 4704 subditi
1921 4661 2097 4711 erant.
2138 4655 2274 4722 Quia
2311 4632 2442 4712 vero
2486 4632 2884 4728 subiectionem
2919 4667 3110 4731 postea
3162 4658 3561 4723 detrectarunt,
3586 4653 3786 4722 Vespao.

528 4717 723 4774 sianus
752 4736 849 4777 eos
884 4725 1105 4783 delevit.

1163 4822 1396 4880 CAPUT
1427 4826 1596 4887 XXV.

530 4900 613 4958 De
665 4908 922 4963 seditione
1009 4913 1398 4974 Thessalonica
1477 4939 1642 4979 causa
1719 4929 2116 4994 pra'dirah'onis

601 4997 747 5066 facta
784 5017 806 5066 ;
850 5003 1014 5073 deque
1047 5007 1175 5078 fuga
1215 5009 1376 5066 Pan-ii
1411 5013 1644 5070 Bern'am
1683 5060 1697 5081 ,
1725 5031 1773 5073 et
1797 5021 1915 5076 inde
1955 5025 2116 5078 Athe-

602 5107 724 5148 uas.

908 5189 1065 5244 Feria
1097 5192 1130 5243 2
1173 5193 1532 5252 hebdomadas
1568 5212 1755 5256 sexta'.

1176 5284 1474 5342 TEXTUS.

611 5368 772 5437 XVII,
792 5375 1084 5432 1-15.'Cum
1110 5389 1292 5433 autem
1324 5381 1795 5449 perambulasscnt
1818 5386 2121 5456 Ampltipoa

2794 4839 3048 4899 ΚΕΦΑΛ.
3085 4843 3216 4897 κεν.

2228 4930 2366 5001 Περὶ
2405 4931 2683 4998 στάσεως
2724 4935 3054 5004 γενομένης
3097 4936 3173 4988 ἐν
3209 4936 3617 4999 Θεσσαλονίκῃ
3674 4929 3754 4984 τοῦ

2290 5025 2677 5095 κηρύγματος
2697 5025 2926 5092 ἕνεκεν,
2971 5027 3172 5096 φυγῆς
3202 5042 3269 5080 τε
3307 5029 3552 5082 Παύλου
3565 5029 3645 5090 εἰς
3674 5022 3750 5077 Βέ-

2285 5134 2485 5184 ροιαν,
2505 5118 2786 5174 κάκεῖθεν
2809 5121 2897 5184 είς
2913 5121 3194 5186 Ἀθήνας.

2664 5211 2744 5282 Τῆ
2768 5211 2811 5280 β’
2837 5212 2937 5280 τῆς
2972 5217 3028 5275 ς’
3056 5210 3374 5280 ἑϐδομάδος.

2781 5299 3166 5354 ΚΕῘΜΕΝΟΝ.

2300 5391 2684 5454 Διοδεύσαντες
2715 5392 2774 5444 δὲ
2799 5392 2898 5460 τὴν
2932 5391 3262 5461 Ἀμφίπολιν
3285 5393 3383 5445 καὶ
3395 5392 3496 5462 τὴν
3528 5389 3752 5445 Ἀπολλω-

539 5461 632 5516 lim
653 5473 707 5517 et
734 5467 1093 5534 Apolloniam,
1113 5484 1382 5526 venerunt
1397 5472 1866 5541 Thessalonicam,
1886 5479 1976 5530 u-hi
2002 5483 2113 5532 erat

2231 5485 2370 5548 νίαν,
2390 5478 2554 5553 ἦλθον
2569 5485 2651 5545 είς
2681 5483 3105 5553 Θεσσαλονίκην,
3137 5484 3274 5536 ὅπου
3297 5477 3366 5552 ἦν
3502 5478 3751 5547 συναγωγὴ

539 5570 808 5630 synagoga
838 5561 1173 5618 Judaeorum.
1201 5565 1511 5621 Secundum
1549 5570 1998 5624 consuetudinem
2017 5585 2114 5625 au-

543 5657 653 5703 tem
672 5651 869 5707 Paulus
904 5655 1146 5710 introivit
1164 5657 1232 5711 ad
1255 5674 1372 5726 eos,
1398 5669 1452 5713 et
1479 5675 1574 5728 per
1599 5660 1831 5716 Sabbata
1873 5661 1974 5715 tria
2005 5662 2118 5716 dis-

545 5743 755 5799 serebat
784 5748 865 5801 cis
909 5747 977 5801 de
1018 5745 1340 5818 Scripturis,
1389 5751 1711 5822 adaperiens
1729 5761 1782 5817 et
1807 5753 2116 5817 insinuans,

546 5836 671 5903 quia
700 5836 975 5892 Christum
1008 5842 1246 5909 oportuit
1272 5843 1378 5912 pati
1407 5853 1461 5898 et
1492 5860 1818 5915 resurget-ea
1854 5847 2117 5903 mortuis:

2224 5572 2332 5626 τῶν
2367 5573 2658 5627 Ἰουδαίων.
2687 5575 2845 5628 Κατὰ
2859 5575 2925 5628 δὲ
2953 5575 3220 5638 τὸείωθὸς
3235 5574 3314 5644 τῷ
3342 5574 3539 5640 Παύλῳ
3576 5567 3750 5636 εἰσῆλθε

2228 5665 2363 5734 πρὸς
2387 5665 2608 5726 αὐτοὺς,
2624 5667 2717 5719 καὶ
2748 5666 2842 5718 ἐπὶ
2875 5667 3129 5721 Σάϐϐατα
3152 5667 3282 5738 τρία
3298 5668 3560 5734 διελέγετο
3587 5661 3748 5720 αὐτοῖς,

2228 5757 2336 5810 ἀπὸ
2351 5755 2460 5809 τῶν
2499 5755 2732 5825 Γραφῶν
2761 5757 3048 5826 διανοίγων
3099 5758 3193 5812 καὶ
3235 5758 3670 5826 παρατιθέμενος,
3692 5752 3748 5802 ὅτι

2233 5845 2452 5900 sane»;
2506 5847 2739 5916 Χριστὸν
2788 5848 2982 5903 παθεῖν
3043 5851 3136 5902 καὶ
3191 5850 3508 5921 ἀναστῆναι,
3564 5844 3644 5900 καὶ
3687 5841 3746 5893 ὅτι
