3950 6552
527 420 635 481 995
1211 462 1220 472 .
1435 408 2010 472 TIIEOPHYLACTI
2052 407 2460 468 BULGARIE
2503 413 2543 468 Α
2559 409 2858 474 RCIIIEP.
3641 424 3730 486 996

1159 525 1456 581 TEXTUS.

493 665 517 734 ἱ
601 622 766 686 XVII,
801 620 985 723 1648..
1009 617 1211 734 Paulus
1239 624 1418 718 autem
1457 629 1580 717 cum
1615 614 1840 717 Athe-nis
1867 627 1962 715 eos
1985 626 2089 734 Icat--

2783 528 3171 580 KEIMENON.

2274 617 2419 670 “’Ev
2451 618 2505 670 δὲ
2538 622 2657 680 ταῖς
2710 619 2962 690 ’Λθήναις
3009 621 3366 692 ἐκδεχομένου
3418 626 3606 690 αὐτοὺς
3651 631 3730 683 τοῦ

2205 706 2413 734 η-.ι·ι-..
2465 708 2809 734 _..--.C.'...---
2838 711 2894 734 -1
2943 711 3153 734 _.,_.‘-__
3189 712 3345 734 _,0_-f',
3375 715 3429 734 ι-.
3461 715 3512 734 ,Α
3564 716 3586 728 -
3622 717 3645 734 Α

532 722 825 784 spectaret,
860 711 1191 766 incitabatur
1234 707 1461 777 spiritus
1507 705 1624 774 ejus
1653 707 1706 758 in
1738 706 1877 774 ipso,
1913 703 2101 758 videns

2205 706 2436 773 Παύλου,
2463 708 2811 779 παρωξύνετο
2837 711 2900 762 τὸ
2941 711 3156 781 πνεῦμα
3183 712 3348 766 αὑτοῦ
3371 715 3430 765 ἐν
3453 715 3595 786 αὐτῴ
3621 717 3733 773 θεω-

533 805 856 860 idololatria
882 804 1116 859 deditam
1151 801 1448 856 civitatem.
1489 798 1812 868 Disputabat
1852 798 2016 866 igitur
2044 797 2098 850 in

2205 798 2422 869 ροῦντος
2455 798 2779 852 κατείδωλον
2804 797 2970 855 οὖσαν
2996 803 3094 871 τὴν
3126 801 3302 856 πόλιν.
3343 805 3616 873 Διελέγετο
3646 811 3727 878 μὲν

535 898 814 968 Synagoga
859 911 980 949 cum
1010 892 1212 947 Iudaeis
1239 904 1294 946 et
1328 891 1658 950 colentibus.
1684 897 1737 943 et
1760 889 1814 941 in
1840 889 1980 952 foro,
2006 903 2102 958 per

531 1001 723 1040 omnes
740 986 856 1040 dies
871 985 937 1038 ad
965 999 1061 1038 eos
1075 985 1165 1053 qui
1188 981 1681 1047 aderant.Quidam
1712 979 2102 1046 autemEpicu-

531 1081 610 1134 rei
632 1088 684 1132 et
704 1077 1192 1147 StoiciphilosOphi
1215 1076 1559 1132 disserebant
1576 1082 1862 1139 cumeo,et
1883 1071 2098 1141 quidam

529 1171 821 1224 dicebant:
858 1168 995 1234 Quid
1029 1167 1142 1221 vult
1171 1165 1594 1221 seminiverbius
1621 1164 1709 1216 hic
1737 1161 1962 1216 dicere?
1991 1160 2099 1236 [Alii

531 1276 660 1316 vero
691 1278 706 1314 :
732 1259 1008 1314 Novorum
1035 1257 1429 1312 daemoniorum
1469 1255 1682 1308 videtur
1732 1251 2087 1306 annuntiator

531 1366 654 1404 esse
690 1366 702 1401 :
735 1351 865 1420 quia
894 1349 1080 1403 Jesum
1132 1357 1186 1401 et
1251 1343 1707 1400 resurrectionem
1740 1341 2100 1395 annuntiabat

532 1457 634 1496 Cls.

937 1621 1098 1691 178
1131 1614 1700 1674 COMMENTARIUS.

609 1737 627 1770 ι
664 1712 1018 1771 Incitahatur.
1060 1733 1079 1765 ι
1112 1710 1232 1766 Non
1266 1716 1404 1764 iram
1437 1709 1525 1763 hic
1576 1707 1856 1777 intelligit,
1891 1714 1985 1761 aut
2013 1705 2097 1760 in-

535 1809 943 1878 dignationem;
979 1803 1168 1874 procul
1201 1801 1346 1857 enim
1395 1801 1464 1855 ab
1499 1802 1576 1854 ira
1645 1808 1700 1853 et
1729 1799 2099 1871 indignatione

2180 886 2293 945 ὀὖν
2321 892 2378 944 έν
2402 894 2466 962 τῇ
2508 897 2798 963 συναγωγῇ
2830 896 2945 957 τοῖς
2978 895 3251 958 Ἰουδαίοις
3275 896 3370 949 καὶ
3392 900 3500 958 τοῖς
3533 899 3730 963 σεϐομέ-

2197 1000 2330 1046 νοις,
2372 985 2466 1037 καὶ
2492 987 2549 1036 έν
2574 987 2638 1054 τῇ
2666 987 2840 1056 ἀγορᾷ
2868 985 3010 1038 κατά
3036 989 3212 1040 πᾶσαν
3233 987 3446 1058 ἡμέραν
3473 990 3598 1060 πρὸς
3624 995 3729 1055 τοὺς

2187 1077 2738 1145 παρατυγχάνοντας.
2791 1077 2948 1140 Τινὲς
2991 1077 3047 1130 δὲ
3108 1079 3214 1129 τῶν
3261 1079 3610 1150 Ἐπικουρίων
3653 1088 3730 1138 καὶ

2196 1165 2306 1218 τῶν
2327 1166 2578 1218 Στωϊκῶν
2609 1166 2914 1236 φιλοσόφων
2949 1167 3266 1221 συνέϐαλλον
3305 1170 3477 1240 αὐτῷ,
3496 1174 3581 1225 καί
3610 1192 3729 1238 τινες

2201 1257 2408 1323 ελεγον·
2433 1257 2498 1307 Τί
2543 1255 2610 1309 ἂν
2646 1256 2836 1309 θέλοιό
2859 1257 3228 1326 σπερμολόγος
3263 1253 3419 1324 οὗτος
3457 1261 3650 1328 λέγειν;
3680 1268 3728 1318 Ol
3771 1315 3774 1320 .

2197 1347 2273 1400 δέ·
2303 1348 2482 1401 Ξένων
2531 1349 2824 1417 δαιμονίων
2876 1349 3024 1402 δοκεῖ
3071 1352 3444 1420 καταγγελεὺς
3483 1351 3641 1407 εἶναι·
3665 1360 3728 1410 δτι
3764 1327 3776 1398 I

2196 1439 2290 1491 τὸν
2349 1437 2553 1508 Ἰησοῦν
2587 1444 2680 1494 καὶ
2740 1442 2839 1511 τὴν
2890 1441 3187 1498 ἀνὰότασιν
3238 1444 3614 1516 εὐηγγελίζετο
3651 1449 3727 1501 αὖ·

2197 1547 2326 1594 τοις.

2758 1624 3143 1680 ΕΡΜΗΝΕΙΑ.

2276 1733 2293 1764 ι
2328 1713 2704 1782 Παρωξύνετο.
2754 1733 2771 1764 ι
2811 1713 2924 1766 Οὐκ
2956 1715 3126 1785 ὀργὴν
3164 1714 3399 1770 ἐνταῦθά
3423 1734 3598 1786 φησιν,
3627 1721 3728 1774 οὐδὲ

2198 1805 2599 1876 ἀγανάκτησιν.
2641 1805 2844 1876 Ὀργῆς
2875 1808 2982 1876 γὰρ
3011 1808 3106 1860 καὶ
3127 1809 3547 1878 ἀγανακτήσεως
3570 1812 3729 1882 πόρρω

533 1909 615 1954 est
646 1899 838 1968 gratia.
871 1897 1050 1960 Quare
1103 1911 1122 1944 ι
1193 1892 1522 1946 incitabatur
1563 1908 1583 1942 ι
1629 1889 1853 1961 perinde
1901 1897 1987 1945 est
2011 1904 2096 1954 ac,

2205 1896 2264 1948 τὸ
2321 1897 2588 1965 χάρισμα.
2632 1894 2726 1959 Τὸ,
2779 1914 2796 1946 ι
2849 1895 3204 1966 Παρωξύνετο
3262 1915 3280 1948 ι
3341 1897 3435 1962 δὲ,
3489 1899 3730 1952 τουτέστιν

531 1989 982 2050 exacerbabatur,
1036 2001 1141 2039 non
1176 1983 1411 2048 ferebat,
1436 1983 1792 2036 vehementer
1825 1980 2040 2034 dolebat
2082 1995 2095 2030 :

531 2080 984 2150 quemadmodum
1015 2075 1142 2128 alibi
1173 2074 1302 2129 dicit
1321 2073 1364 2105 ⁷⁸
1398 2089 1412 2126 :
1455 2091 1471 2123 ι
1496 2071 1659 2126 Facta
1677 2082 1759 2126 est
1784 2078 2102 2125 autemexa-

533 2173 774 2227 cerbatio
805 2171 918 2240 (9.4)
939 2171 1077 2222 inter
1095 2169 1243 2236 ipsos
1271 2173 1380 2220 etc.
1404 2185 1422 2217 ι
1444 2195 1512 2206 —-
1536 2183 1554 2214 ι
1590 2163 1886 2218 Confestim
1917 2170 2096 2216 autem

535 2261 784 2317 Paulum.
810 2278 831 2313 ι
863 2259 936 2313 Ex
980 2257 1278 2327 prudentia:
1317 2255 1569 2316 consilio,
1596 2265 1647 2308 et
1675 2268 1783 2306 non
1811 2267 1873 2306 ex
1909 2253 2102 2304 timore

533 2353 745 2422 aufugit
763 2351 1053 2419 Apostolus
1073 2365 1088 2413 ;
1107 2348 1234 2417 quia
1250 2347 1460 2401 scilicet
1479 2345 1918 2414 pradicatiouem
1936 2357 2102 2395 evan-

535 2445 758 2510 gelicum
791 2441 1030 2502 dilatari,
1077 2447 1130 2492 et
1189 2439 1323 2491 iram
1349 2437 1594 2506 ipsorum
1647 2434 1917 2502 exstingui
1953 2447 2100 2485 sum-

536 2546 758 2600 mopere
781 2529 1146 2584 desiderabat.
1186 2545 1204 2578 ι
1255 2524 1484 2590 Quidam
1535 2532 1738 2578 autem.
1781 2541 1799 2574 ι
1836 2519 2100 2590 Epicura‘i

535 2623 754 2692 quidem
785 2636 850 2673 ex
882 2621 1082 2673 atomis
1120 2620 1435 2672 universum
1487 2631 1584 2670 sua
1617 2624 1807 2683 sponte
1829 2613 2103 2668 coaluisse

535 2711 949 2766 arbitrabantur
982 2728 996 2762 :
1025 2708 1196 2761 Stoici
1242 2716 1420 2760 autem
1472 2706 1603 2758 illud
1658 2720 1777 2759 esse
1838 2702 2102 2773 putabant

537 2818 739 2873 corpus
784 2813 839 2856 et
895 2799 1401 2854 inflammationem.
1458 2797 1688 2862 Quidam
1730 2812 1797 2850 ex
1863 2795 1976 2850 illis
2033 2794 2103 2848 ob

536 2897 845 2949 doctrinam
868 2895 935 2948 de
959 2907 1017 2948 se
1043 2892 1147 2946 alte
1176 2891 1468 2960 sapientes,
1496 2897 1662 2945 stulte
1682 2889 1926 2944 divinmn
1963 2887 2101 2940 Pau-

543 2989 654 3040 lum
698 2985 1030 3040 irridentes:
1057 3000 1076 3033 ι
1105 2981 1243 3048 Quid
1265 2982 1376 3036 vult
1401 2982 1900 3050 spermologus(25)
1929 2980 2097 3036 iste?»

541 3079 816 3132 dicebant.
857 3074 1126 3139 Quoniam
1175 3074 1320 3128 enim
1357 3090 1376 3122 ι
1406 3073 1787 3141 spermologus
1819 3091 1836 3122 ι
1891 3073 2104 3124 avicula

541 3183 708 3239 parva
739 3176 792 3220 ct
827 3167 950 3220 vilis
981 3175 1087 3227 est,
1129 3164 1290 3218 solita
1326 3165 1535 3218 semina
1567 3164 1621 3216 in
1655 3163 1831 3217 triviis
1863 3163 2104 3232 proiecta

541 3233 826 3330 colligere;
870 3256 998 3311 hinc
1051 3257 1187 3310 viles
1241 3265 1294 3310 et
1360 3255 1562 3310 nullius
1625 3255 1798 3324 frugis
1855 3233 2172 3310 hominesc

545 3350 973 3419 nspermologos
1007 3365 1026 3398 ι
1081 3346 1448 3416 appellabant.
1521 3344 1662 3411 Quia
1720 3359 1846 3400 vero
1903 3344 2102 3398 Paulus

540 3439 725 3492 Iesum
778 3446 833 3491 et
899 3439 1353 3492 resurrectionem
1387 3436 1740 3506 pratdicabat,
1794 3435 1854 3501 ii,
1919 3444 2105 3504 utpote

541 3528 705 3580 etiam
737 3526 868 3581 deas
891 3526 1120 3581 feminas
1153 3527 1334 3581 colere
1370 3525 1577 3579 assueti
1605 3525 1828 3596 (quippe
1861 3527 1955 3594 qui
1992 3526 2102 3579 dae-

546 3633 733 3672 mones
762 3634 862 3690 pro
883 3619 988 3672 diis
1014 3618 1334 3686 habebant),
1371 3636 1388 3668 ι
1421 3618 1872 3676 resurrectionem
1906 3637 1924 3668 ι
1947 3619 2103 3671 deam

544 3710 831 3778 quamdam
855 3725 978 3765 esse
1005 3709 1408 3765 existimabant.

910 3892 1069 3948 Feria
1095 3893 1130 3946 3
1155 3893 1502 3947 hebdomadas
1536 3903 1721 3947 sextam

1185 3981 1478 4036 TEXTUS.

627 4076 794 4141 XVII,
821 4074 994 4130 I954.
1021 4073 1084 4126 Et
1117 4077 1509 4142 apprehensum
1527 4090 1649 4128 eum
1676 4076 1742 4129 ad
1767 4077 2106 4146 Areopagum

547 4169 820 4226 duxerunt
865 4165 1110 4218 dicentes
1144 4180 1160 4217 :
1192 4161 1488 4216 Possumus
1516 4164 1679 4227 scire,
1707 4180 1826 4233 quae
1870 4173 1954 4219 est
1997 4167 2109 4218 haec

550 4275 690 4316 nova
709 4274 830 4328 quae
858 4272 888 4310 a
912 4264 963 4310 te
975 4254 1192 4319 dicitur,
1219 4253 1500 4313 doctrina?
1524 4253 1669 4307 Nova
1693 4256 1835 4309 enim
1862 4257 2109 4324 quaedam

552 4353 724 4408 infers
751 4353 973 4406 auribus
1002 4362 1229 4404 nostris.
1252 4347 1512 4403 Volumus
1531 4363 1662 4414 ergo
1684 4349 1823 4402 scire
1852 4349 2108 4417 quidnam

553 4444 721 4500 velint
745 4443 858 4497 haec
870 4456 1012 4496 esse.
1033 4437 1413 4500 (Athenienses
1429 4447 1606 4491 autem
1620 4445 1869 4490 omneset
1890 4437 2110 4491 advena:

2199 1988 2321 2040 ἀντὶ
2343 1987 2459 2051 τοῦ,
2501 1987 2832 2058 διηγείρετο,
2875 1987 3046 2049 οὕτως
3071 1991 3134 2051 ⁸⁸,
3158 1988 3273 2042 ἀλλ’
3303 1989 3539 2060 ἐτήκετο·
3575 1993 3727 2056 καθὼς

2201 2079 2297 2131 καὶ
2326 2079 2560 2150 ἀλλαχοῦ
2592 2095 2789 2148 φησιν’
2832 2099 2849 2129 ι
2903 2079 3144 2147 Ἐγένετο
3186 2081 3530 2149 παροξυσμὸς
3555 2085 3726 2151 μεταξὺ

2201 2169 2400 2230 αὐτῶν,
2439 2189 2456 2220 ι
2488 2167 2584 2220 καὶ
2607 2169 2672 2221 τὰ
2696 2167 2840 2236 ἑξῆς.
2883 2186 2901 2218 ι
2935 2167 3155 2231 Εὐθέως
3186 2169 3240 2221 δὲ
3271 2167 3331 2220 τδ
3361 2170 3453 2221 τὸν
3481 2170 3686 2224 Παῦλον.
3707 2189 3724 2224 t

2200 2259 2574 2326 Οἰκονομικῶς
2600 2259 2857 2324 ἐνταῦθα,
2903 2259 2962 2312 οὐ
2995 2258 3205 2312 δειλιῶν
3235 2258 3437 2327 ἔφυγεν
3459 2262 3486 2315 ὁ
3506 2261 3728 2314 ’Δπόστο-

2201 2350 2312 2411 λος,
2345 2350 2458 2402 ἀλλ’
2497 2350 2637 2402 ὥστε
2665 2350 2761 2402 καὶ
2790 2350 2852 2402 τὸ
2885 2351 3153 2420 κήρυγμα
3185 2349 3372 2418 αὔξειν
3422 2349 3724 2420 βουλόμενος,

2203 2441 2296 2492 καὶ
2331 2440 2424 2492 τὸν
2457 2439 2629 2508 θυμὸν
2673 2438 2853 2492 αὐτῶν
2889 2440 3252 2492 κατασϐέσειν
3302 2443 3724 2512 πραγματευόμε-

2202 2547 2310 2592 νος.
2355 2546 2372 2579 t
2412 2531 2569 2592 Τινὲς
2601 2530 2657 2583 δὲ
2691 2530 2823 2582 τῶν.
2865 2551 2881 2581 ι
2921 2530 3107 2600 Οίμὲν
3146 2531 3481 2602 Ἐπικούριοι
3521 2533 3721 2601 αὐτόμα-

2201 2641 2291 2675 τον
2327 2606 2419 2676 καλ
2466 2624 2574 2676 ἀπὸ
2627 2623 2848 2692 ἀτόμων
2875 2623 3188 2689 δοξάζουσιν
3223 2621 3364 2676 εἶναι
3388 2630 3448 2676 τὸ
3480 2625 3599 2676 πᾶν·
3619 2626 3661 2676 ol
3683 2623 3724 2675 δὲ

2203 2713 2431 2765 Στωϊκοὶ
2493 2711 2637 2764 οὕτω
2684 2711 2843 2780 σῶμα
2897 2713 2990 2764 καὶ
3038 2711 3372 2782 ἐκπύρωσιν.
3409 2713 3558 2774 Τινὲς
3583 2711 3728 2772 οῦνὲξ

2203 2804 2383 2856 αὐτῶν
2407 2803 2500 2854 ἐπὶ
2537 2803 2736 2870 γνώσει
2769 2803 2911 2872 μέγα
2945 2803 3289 2874 φρονοῦντες,
3319 2805 3555 2874 ἀνοήτως
3579 2803 3729 2868 λέγον-

2204 2913 2291 2958 τες
2319 2895 2367 2927 ⁸⁸
2390 2896 2482 2948 τὸν
2523 2895 2808 2948 Θεσπέσιον
2841 2895 3068 2958 Παῦλον,
3109 2912 3129 2946 ι
3159 2894 3225 2947 Τί
3259 2896 3325 2948 ἂν
3357 2894 3502 2948 θέλοι
3531 2895 3559 2947 ό
3591 2910 3726 2962 amp»

2207 2985 2431 3054 μολόγος
2467 2979 2655 3049 οὗτοςς
2694 3003 2712 3034 ι
2769 2984 2972 3053 ἔλεγον.
3016 2984 3234 3054 Ἐπειδὴ
3263 2984 3371 3054 γὰρ
3409 2983 3587 3055 ϐρνεόν
3615 2986 3730 3036 ἐστιν

2202 3081 2230 3130 ὁ
2286 3076 2663 3147 σπερμολόγος
2691 3117 2705 3138 ,
2758 3076 2932 3145 βραχὺ
2973 3075 3029 3128 δὲ
3078 3075 3172 3128 καὶ
3219 3075 3456 3142 εὐτελὲς,
3482 3073 3598 3128 οὒτε
3622 3075 3730 3143 πρὸς

2208 3167 2411 3238 βρῶσιν
2482 3168 2605 3221 οὔτε
2651 3168 2788 3237 πρὸς
2830 3167 3020 3238 τέρψιν
3067 3167 3398 3238 ἐπιτήδειον,
3447 3167 3512 3221 τὰ
3560 3167 3614 3219 ὲν
3637 3167 3729 3225 ταῖς

2207 3258 2438 3326 τριόδοις
2489 3257 2799 3328 ἐρριμμένα
2835 3257 2945 3310 τῶν
3000 3258 3334 3326 σπερμάτων
3366 3255 3552 3314 εἰωθὸς
3577 3253 3728 3306 συλλέ-

2205 3364 2342 3414 γειν·
2374 3348 2500 3409 τοὺς
2527 3344 2620 3399 οὖν
2649 3347 2885 3408 εὐτελεῖς
2917 3345 3014 3397 καὶ
3052 3347 3152 3398 οὐκ
3182 3344 3367 3411 ἀξίους
3395 3344 3549 3408 λόγου
3592 3357 3729 3409 σπερο

2209 3439 2466 3508 μολόγους
2482 3439 2728 3493 ὲκάλουν.
2756 3457 2773 3489 ι
2799 3437 3016 3505 Ἐπειδὴ
3035 3437 3124 3489 τὸν
3153 3437 3360 3506 Ἰησοῦν
3390 3439 3483 3489 καὶ
3507 3435 3601 3506 τὴν
3627 3433 3728 3486 ἀνά-

2207 3547 2395 3582 στασιν
2414 3531 2818 3600 εὐηγγελίζετο.
2849 3548 2867 3580 ι
2909 3529 3018 3582 Καὶ
3058 3529 3166 3599 γὰρ
3199 3528 3300 3596 τὴν
3324 3528 3611 3581 ἀνάστασιν
3629 3524 3730 3576 θεάν

2205 3637 2328 3672 τινα
2392 3617 2530 3674 εἶναι
2593 3621 2878 3690 ἐνόμιζον,
2953 3619 3047 3672 ἅτε
3101 3617 3353 3681 εἰωθότες
3411 3619 3502 3670 καὶ
3551 3615 3729 3686 θηλείας

2207 3711 2336 3774 θεὰς
2377 3713 2575 3766 σέϐειν·
2619 3712 2871 3781 δαιμόνια
2903 3711 3012 3780 γὰρ
3051 3710 3176 3772 τοὺς
3227 3707 3382 3772 θεοὺς
3432 3708 3604 3762 αὖτῶν
3631 3708 3732 3759 ἑκά·

2206 3803 2352 3856 λουν.

2646 3893 2724 3964 Τῇ
2756 3899 2803 3960 γ’
2834 3893 2931 3962 τῆς
2957 3891 3009 3957 ς’
3035 3892 3355 3963 ἑϐδομάδος.

2796 3984 3183 4038 ΚΕΙΜΕΝΟΝ.

2295 4074 2710 4145 Ἐπιλαϐόμενοί
2750 4093 2808 4127 τε
2857 4076 3047 4136 αὐτοῦ,
3078 4076 3173 4128 ὲπὶ
3209 4075 3300 4128 τὸν
3343 4073 3555 4144 Ἀρειον
3586 4072 3726 4139 πάγον

2210 4167 2438 4237 ἤγαγον,
2487 4166 2771 4234 λέγοντεςο
2808 4165 3096 4235 Δυνάμεθα
3149 4164 3355 4232 γνῶναι
3401 4167 3487 4228 τίς
3534 4161 3728 4233 ήκαινὴ

2209 4257 2347 4326 αὕτη
2382 4259 2416 4326 ὴ
2458 4257 2563 4310 ὑπὸ
2612 4256 2706 4309 σοῦ
2742 4255 3050 4326 λαλουμένη
3074 4253 3263 4324 διδαχή
3291 4270 3307 4318 ;
3350 4253 3624 4316 Ξενίζοντι
3645 4251 3732 4317 γάρ

2209 4365 2330 4400 τινα
2378 4348 2656 4418 εἰσφέρεις
2693 4349 2772 4409 είς
2789 4347 2887 4410 τὰς
2914 4347 3084 4410 ἀκοὰς
3130 4347 3310 4417 ἡμῶν.
3341 4343 3634 4415 Βουλόμεωι
3658 4336 3730 4392 οὖν

2213 4442 2412 4509 γνῶναι
2437 4441 2490 4494 τί
2525 4441 2591 4496 ἂν
2612 4441 2754 4493 θέλοι
2775 4441 2950 4495 ταῦτα
2979 4436 3141 4494 εἶναι.
3163 4439 3444 4509 Ἀθηναῖοι
3478 4439 3532 4493 δὲ
3567 4437 3728 4494 πάντες

551 4536 812 4604 hospites,
859 4533 926 4586 ad
979 4530 1114 4584 nihil
1146 4528 1291 4582 aliud
1341 4529 1626 4592 vacabant,
1662 4529 1763 4581 nisi
1791 4537 1882 4580 aut
1909 4529 2103 4593 dicere,

2216 4537 2311 4591 καὶ
2342 4537 2392 4588 οἱ
2428 4535 2824 4604 ἐπιδημοῦντες
2871 4532 3035 4600 ξένοι,
3069 4536 3149 4596 είς
3175 4532 3329 4585 οὐδὲν
3352 4531 3534 4602 ἕτερον
3565 4525 3727 4598 ηὐκαί-

550 4635 644 4682 aut
675 4626 864 4679 audire
906 4622 1112 4692 aliquid
1147 4620 1320 4686 novi.)
1355 4618 1518 4674 Stans
1581 4627 1760 4672 autem
1822 4617 2024 4674 Paulus
2053 4621 2107 4673 in

551 4719 730 4774 medio
752 4716 1040 4784 Areopagi,
1077 4714 1151 4766 ait
1185 4729 1200 4766 :
1238 4711 1354 4766 Viri
1378 4712 1758 4776 Atheuienses,
1793 4727 1888 4779 per
1926 4713 2109 4766 omnia

551 4809 710 4880 quasi
788 4806 1287 4875 superstitioslores
1342 4818 1443 4857 vos
1525 4803 1701 4856 video.
1786 4802 2109 4857 Praeteriens

551 4902 696 4958 enim
729 4911 783 4954 et
815 4899 1006 4953 videns
1039 4896 1332 4953 simulacra
1360 4902 1559 4958 vestra,
1586 4895 1841 4948 inveniet
1873 4909 2023 4949 aram
2053 4897 2107 4951 in

550 5009 658 5063 qua
695 4991 954 5060 scriptum
980 4996 1096 5044 erat
1137 5004 1150 5040 :
1191 5006 1210 5038 ι
1258 4987 1446 5058 Ignoto
1521 4989 1650 5043 Deo.
1695 5007 1714 5040 ι
1795 4990 1948 5054 Quod
1979 5006 2108 5062 ergo

553 5085 865 5155 ignorantes
897 5081 1100 5145 colitis,
1159 5081 1262 5134 hoc
1325 5094 1426 5149 ego
1469 5080 1732 5134 annuntio
1756 5081 1926 5134 vobis.
1966 5081 2105 5135 Dens

625 5244 671 5277 "
708 5241 876 5297 Hebr.
909 5257 990 5309 ut,
1023 5243 1109 5295 I5.

2218 4643 2369 4696 ρουν,
2401 4625 2432 4693 ἢ
2463 4625 2643 4694 λέγειν
2689 4641 2744 4677 τι
2796 4623 2892 4678 καὶ
2940 4622 3160 4676 ἀκούειν
3180 4623 3513 4694 καινότερον.
3542 4617 3729 4678 Σταθεὶς

2213 4721 2272 4775 δὲ
2319 4721 2348 4772 ό
2380 4719 2587 4782 Παῦλος
2620 4721 2678 4770 ὲν
2706 4717 2862 4786 μέσῳ
2893 4715 2986 4768 τοῦ
3017 4715 3227 4785 ’Δρείου
3256 4714 3460 4783 πάγου,
3489 4714 3601 4782 ἔφη’
3631 4709 3732 4760 ’Δν-

2213 4811 2338 4882 δρες
2368 4811 2664 4880 Ἀθηναῖοι,
2692 4809 2835 4862 κατά
2863 4807 3040 4860 πάντα
3080 4806 3155 4870 ὡς
3183 4800 3731 4872 δεισιδαιμονεστέρους

2216 4904 2359 4972 ὑμᾶς
2415 4901 2628 4971 θεωρῶ.
2680 4899 3043 4968 Διερχόμενος
3099 4897 3210 4966 γὰρ
3238 4899 3332 4949 καὶ
3361 4890 3659 4962 ἀναθεωρῶν
3676 4889 3731 4940 τὰ

2218 4995 2537 5064 σεϐάσματα
2572 4991 2749 5062 ὑμῶν,
2780 4987 2938 5061 εὖρον
2967 4991 3059 5043 καὶ
3102 4989 3283 5058 βωμὸν
3326 4990 3384 5042 ὲν
3403 4981 3447 5056 ᾧ
3473 4983 3728 5052 ἐπεγέγραο

2218 5101 2340 5138 arro-
2375 5103 2393 5136 ι
2431 5084 2722 5154 Ἀγνώστῳ
2752 5083 2894 5155 Θεῷ.
2936 5102 2954 5134 ι
3001 5082 3097 5134 ⁸ον
3149 5096 3243 5133 ουν
3273 5077 3581 5148 ἀγνοοῦντες
3608 5072 3729 5124 εὐσε-

1733 5331 1931 5392 Variaa
1963 5329 2268 5393 lectiones
2313 5340 2375 5392 et
2420 5336 2616 5392 notua.

624 5456 673 5489 “
698 5456 867 5528 Marg.
901 5456 1130 5524 Λέγεται
1155 5458 1249 5508 καὶ
1274 5457 1354 5516 εἰς
1375 5455 1479 5522 τὴν
1510 5455 1703 5524 ἑορτήν
1729 5454 1832 5505 τοῦ
1859 5453 2016 5520 ἁγίου
2049 5455 2347 5506 Διονυσίου.
2426 5453 2474 5483 ⁸⁵
2503 5454 2604 5506 οὐκ
2626 5453 2844 5522 ἔφερεν.

624 5612 715 5684 (ει
746 5611 928 5684 Πλυιε.
971 5611 1149 5676 habet,
1183 5609 1463 5664 dissensio.

629 5679 756 5752 (25y
805 5679 1065 5752 vulgatus
1128 5684 1395 5752 interpres
1454 5679 1614 5734 vertit
1691 5680 2107 5743 seminiverbius,

557 5751 712 5822 quasi
757 5751 1220 5822 seminansverba,
1255 5752 1356 5802 hoc
1415 5759 1526 5822 est,
1556 5753 1826 5820 garrulus.
1859 5761 2104 5820 nugator.

554 5819 623 5880 At
647 5820 889 5893 pressius
920 5819 1050 5873 verti
1077 5830 1254 5889 posset
1297 5819 1648 5890 seminileg’ns,
1681 5835 1776 5875 seu
1827 5822 2086 5873 seminum

2935 5449 2980 5482 “
3013 5449 3394 5518 ὲπιγελῶντες.

2216 5608 2482 5662 collector.
2509 5607 2678 5674 Cujus
2703 5605 3155 5660 nomenclationis
3182 5605 3323 5657 ralio
3343 5619 3405 5656 ex
3425 5598 3638 5674 subjecta
3653 5607 3728 5674 er-

2219 5680 2484 5746 positione
2536 5669 2700 5746 patet.
2745 5675 3113 5746 Mctaphorice
3157 5683 3338 5726 autem
3391 5669 3600 5746 sumitur
3650 5673 3728 5746 pro

2218 5737 2449 5829 rerboso,
2507 5737 2758 5815 n'ugatore
2808 5737 3234 5808 ct'locutuleio,
3289 5753 3346 5798 ut
3398 5741 3600 5804 Plautus
3661 5737 3727 5784 αἱ·

2219 5829 2318 5871 λιι.
