3950 6584
222 414 311 477 997

841 403 1376 465 erostTmNts
1407 404 1484 463 IN
1519 404 1706 465 ACTA
1730 406 2035 469 TEXTUS
2063 411 2405 470 ALTER.—
2439 414 2594 474 CAP.
2629 372 2813 475 XVlI.

3343 419 3451 480 998

221 528 378 586 δεῖτε,
434 521 615 576 τοῦτον
665 518 775 588 ἐγὼ
832 515 1186 585 καταγγέλλω
1237 517 1387 587 ὑμῖν.
1448 516 1508 571 '0
1559 516 1696 580 Θεὸς
1743 519 1772 571 ὁ

1891 521 1968 590 ιιιὶ
2006 521 2136 578 fecit
2163 526 2425 580 mundum
2458 534 2510 581 et
2545 529 2723 582 omnia
2775 543 2896 597 qua:
2947 529 3000 582 in
3034 543 3101 584 eo
3155 539 3306 597 sunt,
3357 535 3446 589 hic

219 618 437 687 τκιήσας
468 614 554 667 τὸν
588 611 793 681 κόσμον
824 609 916 662 καὶ
946 608 1125 662 πάντα
1167 608 1237 661 τὰ
1280 611 1337 661 ὲν
1392 607 1561 679 αὐτῷ,
1611 607 1767 672 οὗτος

218 705 439 776 ούρανοῦ
492 702 582 756 καὶ
631 699 735 769 γῆς
798 698 1060 770 ὑπάρχων
1088 697 1317 766 Κύριος,
1354 698 1455 751 οὐκ
1502 700 1560 750 ὲν
1594 715 1771 769 χειροο

218 797 448 866 ποιήτοις
478 793 620 855 ναοῖς
660 791 926 855 κατοικεῖ,
951 788 1072 841 οὐδὲ
1106 787 1211 840 ὑπὸ
1238 787 1437 858 χειρῶν
1466 788 1772 859 ἀνθρώπων

215 885 584 957 θεραπεύεται,
614 879 1006 950 προσδεόμενός
1034 896 1205 942 τινος,
1225 879 1388 944 αὐτὸς
1424 880 1600 943 διδοὺς
1640 881 1772 933 πᾶσι

216 978 352 1048 ζωὴν
405 975 498 1028 καὶ
549 972 720 1038 πνοὴν
777 969 919 1024 κατὰ
963 970 1139 1024 πάντα
1162 987 1177 1002 ο
1210 971 1435 1041 ἐποίησέ
1472 988 1532 1024 τε
1563 970 1624 1035 ἐξ
1656 971 1774 1035 ἑνὸς

213 1070 436 1140 αἵματος
472 1066 578 1118 πᾶν
625 1063 782 1130 γένος
813 1060 1117 1131 ἀνθρώπων
1147 1064 1422 1116 κατοικεῖν
1446 1062 1538 1117 ἐπὶ
1569 1064 1675 1116 πᾶν
1713 1063 1775 1116 τὸ

214 1163 495 1232 πρόσωπον
541 1157 641 1226 τῆς
680 1156 804 1223 γῆς,
857 1154 1047 1226 ὁρίσας
1100 1152 1612 1223 προστεταγμένους
1651 1171 1774 1207 και-

212 1254 331 1321 ρους
378 1248 602 1311 καὶτὰς
647 1245 930 1316 ὁροθεσίας
970 1245 1069 1313 τῆς
1099 1245 1383 1308 κατοικίας
1427 1244 1625 1311 αὐτῶν,
1674 1245 1774 1316 (q-

210 1347 314 1397 τεῖν
335 1341 428 1393 τὸν
450 1339 606 1399 Θεὸν,
636 1339 684 1390 εἰ
719 1336 892 1408 ἄραγε
918 1333 1301 1405 ψηλαφήσειαν
1340 1335 1501 1390 αὑτὸν
1550 1336 1643 1388 καὶ
1672 1333 1767 1388 εῦ-

211 1451 367 1505 ροιεν·
405 1431 589 1486 καίτοι
614 1446 679 1498 γε
704 1429 766 1482 ού
798 1427 1019 1498 μακρὰν
1054 1427 1162 1480 ἀπὸ
1198 1425 1316 1489 ἐνὸς
1349 1426 1582 1481 ἑκάστου
1619 1426 1775 1496 ἡμῶν

210 1527 533 1598 ὑπάρχοντα.
569 1524 657 1576 Ἐν
683 1520 832 1592 αὐτῷ
862 1521 968 1591 γὰρ
993 1518 1196 1589 ζῶμεν,
1221 1521 1315 1572 καὶ
1343 1518 1662 1590 κινούμεθα,
1682 1518 1777 1572 καὶ

208 1618 367 1689 ἐσμέν
400 1634 417 1649 ·
457 1616 535 1679 ὡς
578 1611 670 1666 καί
700 1628 844 1674 τινες
891 1610 998 1664 τῶν
1027 1610 1150 1663 καθ’
1181 1609 1325 1680 ὑμᾶς
1358 1610 1594 1680 ποιητῶν
1626 1611 1777 1679 εἰρή-

209 1725 345 1766 κασι’
409 1706 522 1762 Τοῦ
546 1708 656 1779 γὰρ
681 1706 777 1759 καὶ
816 1701 972 1772 γένος
1018 1701 1211 1771 ἐσμέν.
1266 1701 1429 1762 Γένος
1479 1694 1570 1754 οῦν
1598 1699 1777 1770 ὐπάρ-

209 1817 387 1871 χοντες
419 1798 520 1852 τοῦ
544 1797 705 1863 Θεοῦ,
737 1796 839 1849 οὐκ
872 1793 1162 1863 ὀφείλομεν
1192 1791 1436 1862 νομίζειν
1477 1792 1704 1864 χρυσίῳ,
1740 1792 1773 1864 ἢ

1872 613 1996 669 cmli
2028 624 2085 669 et
2130 624 2286 671 terrae
2316 633 2440 671 cum
2466 620 2538 674 sit
2565 619 2843 689 Dominus,
2882 636 2988 676 non
3034 622 3089 677 in
3122 624 3450 683 manufactis

1874 705 2093 774 templis
2126 706 2356 773 habitat,
2381 724 2481 763 nec
2535 713 2788 767 manibus
2838 715 3092 770 humanis
3120 716 3323 770 colitur
3347 718 3436 772 in-

1873 795 2063 866 digens
2094 799 2295 869 aliquo,
2331 816 2453 855 cum
2484 802 2601 872 ipse
2631 804 2721 858 det
2759 806 3015 861 omnibus
3053 806 3215 862 vitam
3245 818 3300 863 et
3360 809 3449 863 in-

1875 889 2226 957 spirationem
2249 901 2299 945 et
2322 891 2507 947 omnia
2536 910 2553 953 ;
2609 893 2843 965 fecitque
2871 911 2937 951 ex
2965 912 3074 951 uno
3096 912 3256 953 omne
3277 914 3452 969 genus

1875 976 2040 1047 279
2068 978 2344 1033 hominum
2379 981 2686 1037 inhabitare
2712 999 2876 1053 super
2914 986 3225 1041 universam
3253 987 3445 1043 faciem

1877 1074 2056 1129 terrae,
2089 1062 2356 1120 deﬁniens
2404 1077 2604 1122 statuta
2638 1078 2884 1139 tempora
2917 1081 2971 1127 et
2999 1077 3263 1132 terminos
3296 1077 3450 1131 habi-

1877 1154 2102 1212 tationis
2124 1171 2339 1225 eorum,
2394 1174 2638 1228 quaerere
2661 1160 2850 1230 Deum,
2883 1164 2930 1219 si
2988 1163 3126 1221 forte
3161 1175 3449 1223 atlrectent

1876 1262 2002 1301 eum
2030 1254 2126 1300 aut
2156 1247 2461 1314 inveniant,
2491 1252 2740 1319 quamvis
2775 1267 2882 1307 non
2911 1254 3072 1326 longe
3106 1255 3177 1311 sit
3207 1257 3277 1313 ab
3302 1272 3449 1312 uno-

1877 1352 2098 1408 quoque
2129 1350 2401 1393 nostrum.
2432 1339 2493 1394 In
2527 1341 2646 1410 ipso
2669 1345 2813 1396 enim
2856 1344 3112 1410 vivimus,
3168 1355 3224 1401 et
3262 1362 3448 1403 move-

1879 1444 2022 1493 mur,
2057 1437 2112 1482 et
2154 1444 2345 1485 sumus
2369 1448 2383 1485 :
2411 1431 2557 1485 sicut
2596 1440 2651 1487 et
2690 1432 2909 1502 quidam
2937 1443 3239 1489 vestrorum
3267 1447 3451 1505 poeta-

1877 1531 1999 1572 rum
2030 1519 2324 1572 dixerunt:
2393 1517 2571 1589 Ipsius
2631 1523 2775 1577 enim
2807 1527 2861 1576 et
2883 1536 3057 1593 genus
3087 1538 3298 1581 suums.
3349 1522 3453 1578 Ge-

1879 1623 1983 1663 nus
2007 1623 2137 1678 ergo
2160 1623 2284 1664 cum
2313 1608 2488 1665 simus
2526 1610 2640 1674 Dei,
2675 1626 2786 1666 non
2842 1613 3103 1668 debemus
3157 1615 3452 1680 aestimare,

1880 1713 2036 1764 auro,
2071 1708 2165 1753 aut
2191 1707 2441 1770 argento,
2473 1707 2564 1755 aut
2595 1702 2783 1771 lapidi,
2804 1704 3099 1774 sculptura:
3116 1705 3250 1759 artis
3281 1714 3335 1759 et
3358 1721 3453 1759 co-

1882 1789 2161 1859 gitationis
2187 1790 2447 1857 hominis,
2474 1791 2720 1846 divinum
2742 1808 2867 1849 esse
2890 1795 3089 1850 simile.
3111 1796 3176 1849 Et
3207 1805 3453 1867 tempora

211 1891 481 1963 ἀργυρίῳ,
517 1890 551 1961 ἢ
586 1887 749 1959 λίθῳ,
801 1884 1123 1956 χαράγματι
1164 1882 1365 1953 τέχνης
1418 1882 1512 1935 καὶ
1543 1881 1781 1951 ἐνθυμή-

1891 1883 2099 1954 quidem
2119 1884 2280 1954 hujus
2314 1885 2631 1955 ignorantiae
2668 1904 2687 1936 ι
2707 1884 3059 1944 dissimulans
3087 1906 3104 1940 ι
3149 1888 3260 1960 (26)
3290 1889 3453 1954 Deus,

214 2001 341 2046 σεως
368 1981 667 2051 ἀνθρώπου
703 1979 763 2032 τὸ
791 1979 946 2031 Θεῖον
975 1972 1118 2029 εἶναι
1157 1976 1362 2043 ὅμοιον.
1390 1973 1528 2035 Τοὺς
1561 1972 1659 2042 μὲν
1687 1971 1782 2026 οῦν

210 2074 430 2144 χρόνους
472 2072 571 2139 τῆς
601 2062 824 2140 ἀγνοίας
857 2063 1129 2137 ὑπεριδὼν
1167 2065 1194 2117 ὁ
1223 2062 1374 2127 Θεὸς,
1426 2061 1493 2115 τὰ
1517 2059 1614 2114 νῦν
1641 2077 1781 2131 παρ-

192 2163 461 2234 αγγέλλει
515 2164 627 2225 τοῖς
683 2157 992 2231 ἀνθρώποις
1049 2156 1186 2208 πᾶσι
1261 2152 1538 2222 πανταχοῦ
1611 2169 1780 2222 μετα-

209 2261 363 2311 νοεῖν.
403 2255 615 2311 Καθότι
669 2253 899 2322 ἔστησεν
941 2249 1184 2321 ἡμέραν,
1214 2239 1331 2319 ὲνῇ
1364 2245 1547 2315 μέλλει
1575 2245 1782 2315 κρίνειν

208 2351 300 2418 τήν
324 2348 659 2418 οἰκουμένην
704 2348 761 2399 έν
796 2341 1143 2411 δικαιοσύνῃ,
1188 2340 1245 2391 ὲν
1303 2337 1456 2408 ἀνδρὶ
1498 2329 1543 2405 ᾧ
1590 2334 1781 2408 ὥρισε,

211 2440 386 2491 πίστιν
438 2434 743 2509 παρασχὼν
795 2434 985 2498 πᾶσιν,
1038 2429 1351 2499 ἀναστήσας
1381 2427 1544 2482 αὐτὸν
1580 2428 1643 2479 ὲκ
1694 2443 1782 2479 νε-

211 2531 372 2601 κρῶν.
402 2528 770 2593 Ἀκούσαντες
804 2529 862 2582 δὲ
926 2531 1220 2585 ἀνάστασιν
1283 2526 1514 2598 νεκρῶν,
1569 2526 1619 2577 οί
1685 2524 1785 2594 μὲν

210 2620 530 2690 ἐχλεύαζον,
565 2622 614 2673 οί
649 2619 705 2673 δὲ
737 2615 911 2673 εἷπον⁶
957 2617 1332 2688 Ἀκουσόμεθά
1362 2634 1454 2672 σου
1486 2618 1614 2685 περὶ
1657 2614 1782 2667 τού-

210 2728 298 2764 του
326 2714 424 2766 καὶ
463 2711 648 2765 πάλιν.
696 2712 810 2764 Καὶ
836 2710 1010 2774 οὕτως
1035 2713 1063 2763 ὁ
1094 2710 1301 2773 Παῦλος
1336 2708 1560 2778 ἐξῆλθεν
1595 2709 1658 2760 ἐκ
1689 2709 1784 2777 μὲ-

214 2821 300 2857 σου
331 2803 542 2858 αὐτῶν.
564 2803 721 2866 Τινὲς
754 2803 811 2856 δὲ
849 2802 1039 2873 ἄνδρες
1068 2802 1422 2872 κολληθέντες
1461 2798 1631 2869 αὐτῷ,
1660 2798 1781 2851 ἐπί-

1881 1991 2028 2030 nunc
2055 1976 2346 2031 annuntiat
2373 1976 2714 2040 hominibus,
2743 1986 2803 2033 ut
2846 1993 3037 2034 omnes
3077 1979 3279 2049 ubique
3333 1995 3455 2050 pte—

1880 2068 2168 2122 niteutiam
2198 2077 2384 2139 agant.
2410 2067 2490 2123 Eo
2508 2069 2651 2139 quod
2681 2071 2873 2125 statuit
2894 2070 3060 2136 diem,
3089 2071 3143 2125 in
3173 2087 3284 2141 quo
3304 2072 3424 2141 judi
3443 2102 3458 2111 -

1882 2160 2105 2214 caturus
2125 2165 2210 2212 est
2238 2158 2428 2214 orbem
2460 2161 2515 2214 in
2548 2159 2831 2229 aequitate,
2866 2161 2923 2216 in
2951 2161 3091 2227 viro,
3116 2162 3171 2215 in
3198 2176 3308 2232 quo
3334 2171 3458 2219 sta-

1884 2249 2006 2312 tuit,
2037 2248 2197 2304 ﬁdem
2230 2251 2478 2318 praebens
2501 2252 2779 2318 omnibus,
2814 2254 3092 2309 suscitans
3107 2269 3230 2309 eum
3259 2268 3292 2306 a
3313 2270 3461 2309 niur-

1890 2342 2016 2395 tuis.
2048 2340 2182 2395 Cum
2206 2343 2488 2400 audissent
2511 2354 2694 2401 autem
2723 2346 3184 2401 resurrectionem
3219 2358 3464 2403 mortue-

1889 2448 2033 2496 rum,
2059 2432 2279 2501 quidam
2311 2436 2533 2504 quidem
2558 2437 2882 2502 irridebant,
2900 2439 3282 2507 quidatn‘vero
3308 2440 3463 2495 dixe-

1889 2531 2016 2577 runt
2047 2542 2061 2577 :
2099 2525 2399 2591 Audiemus
2421 2535 2476 2581 te
2505 2529 2572 2583 de
2627 2528 2982 2594 bociterum.
3011 2529 3103 2595 Sic
3125 2530 3324 2587 Paulus
3345 2531 3463 2585 exi-

1889 2614 1967 2668 vit
2011 2615 2077 2669 de
2105 2616 2286 2670 medio
2316 2630 2529 2671 eorum.
2547 2616 2776 2683 Quidam
2804 2633 2933 2673 vero
2960 2619 3062 2674 viri
3123 2619 3462 2676 adhaerentes

1888 2706 1960 2769 ei,
1986 2707 2340 2762 crediderunt
2397 2724 2412 2766 ;
2443 2709 2497 2762 in
2527 2710 2727 2777 quibus
2788 2720 2843 2765 et
2893 2712 3188 2783 Dionysius
3218 2712 3464 2781 Areopa-

1888 2802 2020 2866 gita,
2059 2804 2113 2851 et
2140 2797 2336 2851 mulier
2359 2798 2580 2853 nomine
2606 2798 2874 2865 Damaris,
2901 2810 2956 2857 et
3013 2802 3105 2856 alii
3137 2818 3262 2858 eum
3288 2804 3391 2859 eis.

213 2911 475 2960 στευσαν,
529 2894 588 2949 ὲν
618 2887 700 2957 οἷς
728 2894 823 2948 καὶ
851 2893 1131 2956 Διονύσιος
1177 2892 1205 2944 ὁ
1237 2889 1657 2962 Ἀρεοπαγίτης,
1680 2890 1774 2943 καὶ
1797 2886 1935 2959 γυνὴ
1966 2887 2190 2958 ὀνόματι
2229 2887 2501 2959 Δάμαρις,
2533 2892 2627 2943 καὶ
2652 2891 2830 2962 ἕτεροι
2863 2894 2961 2947 σὺν
2988 2894 3197 2958 αὐτοῖς.

800 2985 1184 3056 ΕΡΜιιΝΕιΑ.

285 3081 539 3149 Ἠγαγον
579 3077 764 3147 αὐτὸν,
815 3079 982 3149 φησιν
1007 3119 1021 3144 ,
1072 3077 1165 3130 ἐπὶ
1196 3077 1289 3130 τὸν
1327 3076 1545 3147 ’Ἀρειον
1586 3074 1783 3143 πάγον.

215 3172 305 3241 οὐχ
338 3172 489 3225 ὥστε
553 3171 766 3241 μαθεῖν,
825 3170 942 3224 ἀλλ’
998 3169 1140 3223 ὥστε
1184 3165 1543 3234 κολάσασθαι,
1571 3165 1700 3218 ἔνθα
1727 3165 1785 3218 αἱ

215 3255 644 3332 φονικαὶ’δίκαι.
692 3263 911 3332 ’Δρειος
940 3261 997 3314 δὲ
1024 3262 1220 3331 ,Πάγος
1269 3258 1485 3325 ἐλέγετο
1531 3259 1560 3309 ὁ
1602 3257 1785 3319 τόπος.

214 3349 398 3420 ἐπειδὴ
427 3351 458 3401 ὁ
489 3348 687 3419 ΙἈρης,
713 3347 788 3413 ὥς
838 3364 996 3419 φασι,
1025 3347 1124 3414 τῆς
1158 3346 1374 3417 μοιχίας
1414 3346 1591 3398 ἐκεῖσε
1634 3344 1787 3407 δίκας

214 3438 398 3494 ἔδωκε.
440 3441 623 3509 Πάγος
668 3440 725 3492 δὲ
756 3440 784 3493 ὀ
819 3441 1022 3511 ὑψηλὸς
1051 3439 1236 3500 τόπο;’
1268 3438 1326 3490 έν
1355 3438 1464 3506 γὰρ
1498 3435 1641 3506 ὄχθῳ
1684 3435 1790 3487 τινὶ

212 3528 275 3605 ἦν
304 3536 490 3587 έκεῖνο
530 3536 590 3586 τὸ
643 3533 1018 3603 δικαστήριον
1066 3532 1188 3585 ὅθεν
1245 3530 1339 3582 καὶ
1388 3529 1669 3599 Πάγαρχοι
1700 3544 1791 3580 κα·

215 3625 434 3679 λοῦνται
464 3625 617 3699 παρά
645 3642 811 3689 τισιν,
846 3625 895 3676 οἱ
940 3622 1056 3677 τῶν
1090 3622 1272 3675 τόπων
1305 3621 1340 3692 ἢ
1380 3619 1586 3689 κωμῶν
1628 3636 1789 3673 τινων

212 3720 497 3791 ἄρχοντες.
533 3738 551 3769 ι
594 3712 763 3788 Εὗρον
818 3717 915 3769 καὶ
968 3713 1172 3785 βωμόν.
1211 3731 1230 3764 ι
1292 3713 1397 3764 Δύο
1427 3711 1605 3772 αίτίας
1651 3705 1793 3762 εἶναι

212 3813 431 3881 λέγουσι
482 3810 542 3863 τὸ
586 3809 651 3883 [f.
674 3807 791 3881 τοῦ]
851 3806 968 3880 [ἐπι
1008 3804 1098 3877 γε]
1133 3801 1373 3874 γρὰφθαι
1403 3802 1662 3872 Ἀθήνῃσι
1718 3799 1793 3869 τῷ

219 3903 385 3975 βωμῷ
425 3922 446 3954 ι
478 3901 768 3969 Ἀγνώστῳ
814 3899 954 3970 Θεῷ.
999 3917 1018 3951 ι
1056 3899 1121 3951 Οἱ
1173 3896 1272 3968 μὲν
1327 3894 1434 3964 γάρ
1479 3909 1664 3962 φασιν,
1718 3890 1792 3953 ὡς

216 3991 552 4063 Φιλιππίδην
603 3991 857 4061 ἔπεμψαν
910 3987 1190 4059 Ἀθηναῖοι
1253 3986 1392 4056 πρὸς
1452 3983 1797 4051 Λακεδαιμο-

216 4067 360 4149 νίους
385 4084 525 4154 περὶ
551 4083 891 4154 συμμαχίας,
920 4082 1084 4151 ήνίκα
1116 4080 1324 4148 Πέρσαι
1357 4074 1796 4145 ἐπεστράτευσαν

213 4182 278 4249 τῇ
330 4177 574 4242 Ἑλλάδι,
606 4169 649 4251 ᾧ
686 4175 826 4228 κατά
873 4173 935 4226 τὸ
992 4169 1294 4239 Παρθένιον
1333 4166 1457 4238 ὅρος
1495 4165 1672 4228 Πανὸς
1697 4163 1798 4232 φά-

220 4286 327 4339 σμα
391 4267 639 4338 ἐντυχὸν,
685 4267 877 4338 ᾐτιᾶτο
943 4263 1042 4334 μὲν
1095 4258 1412 4329 Ἀθηναίους
1462 4255 1797 4328 ἀμελοῦντας

219 4361 386 4414 αὑτοῦ
416 4401 435 4426 ,
488 4360 677 4421 ἄλλους
735 4358 891 4419 θεοὺς
943 4354 1349 4425 θεραπεύοντας
1379 4391 1393 4414 ,
1437 4353 1531 4404 καὶ
1580 4349 1796 4421 βοηθεῖν

223 4451 618 4524 ὶπηγγέλλετο.
660 4450 1002 4520 Νικήσαντες
1054 4443 1171 4511 οῦν,
1194 4444 1384 4514 ἐκείνῳ
1410 4442 1537 4497 ναὸν
1564 4442 1796 4512 ἀνέστη-

2387 2982 2587 3038 COMM
2598 2982 2964 3040 ENTARlUS.

1973 3091 1989 3124 ι
2029 3073 2313 3129 Duxerunt
2349 3090 2498 3141 eum,
2559 3076 2755 3145 inquit,
2788 3076 2855 3130 ad
2889 3075 3260 3149 Areopagum.
3300 3099 3321 3134 ι
3357 3096 3463 3137 non

1891 3173 1949 3217 ιιι
1983 3164 2188 3232 aliquid
2220 3166 2324 3234 ipsi
2348 3166 2645 3230 discerent,
2701 3167 2795 3221 sed
2826 3174 2886 3221 ut
2935 3168 2981 3224 is
3026 3171 3331 3238 puniretur,
3372 3176 3465 3231 ubi

1888 3251 2156 3325 capitales
2184 3265 2361 3305 causae
2384 3251 2753 3306 habebantur.
2787 3269 2808 3303 ι
2861 3252 3178 3324 Arcopagus
3216 3276 3236 3307 ι
3283 3267 3465 3312 autem

1890 3341 2044 3395 locus
2093 3340 2185 3393 ille
2236 3339 2541 3403 dicebatur,
2613 3343 2871 3411 quoniam
2940 3345 3099 3409 Arcs,
3151 3360 3245 3399 seu
3313 3347 3460 3403 Mars

1891 3429 2141 3485 adulterii
2178 3445 2370 3501 pmuas
2430 3432 2526 3495 ibi,
2562 3441 2619 3486 ut
2659 3433 2995 3500 fabulantur,
3051 3438 3179 3490 olim
3218 3437 3462 3493 dederat.

1897 3543 1914 3574 ι
1951 3521 2128 3592 Pagus
2167 3541 2185 3574 ι
2223 3530 2309 3578 est
2365 3523 2521 3578 locus
2553 3526 2807 3581 excelsus
2836 3544 2854 3591 ;
2882 3527 3150 3597 siquidem
3206 3529 3261 3582 in
3318 3532 3461 3586 colle

1891 3613 2052 3667 situm
2085 3621 2203 3667 erat
2237 3612 2589 3669 dicasteriuut
2621 3613 2775 3667 illud.
2801 3611 2938 3669 Hinc
2966 3631 2986 3666 ι
3039 3615 3303 3686 l’agarchi
3332 3634 3354 3670 ›
3385 3620 3469 3673 di-

1893 3715 2093 3761 cuntur
2147 3706 2391 3761 locorum
2442 3706 2804 3775 quorumdam
2883 3706 2966 3762 vel
3015 3722 3274 3778 pagorum
3330 3724 3468 3778 pra:-

1893 3795 2038 3852 fecti.
2094 3817 2112 3848 ι
2150 3797 2335 3852 inveni
2366 3808 2418 3853 et
2442 3812 2614 3851 aram.
2661 3817 2679 3848 ι
2712 3796 2843 3852 Dote
2869 3814 3048 3854 causa:
3081 3799 3331 3854 feruntur
3375 3816 3469 3856 ce-

1898 3889 2066 3944 lebris
2152 3890 2318 3954 illius,
2388 3905 2510 3959 qua
2558 3888 2788 3946 Athenis
2841 3898 2979 3956 erat,
3040 3891 3464 3961 inscriptionis:

1901 3999 1919 4032 ι
1950 3980 2138 4050 Ignoto
2176 3981 2306 4036 Deo.
2345 3998 2364 4032 ι
2405 3981 2635 4047 Quidam
2666 3982 2812 4036 enim
2871 3981 3079 4042 dicunt,
3130 3982 3278 4052 quod
3337 3998 3465 4038 cum

1895 4071 2284 4138 Athenienses,
2327 4070 2512 4128 Persis
2572 4082 2766 4127 contra
2796 4072 2945 4142 ipsos
2978 4072 3178 4127 bellum
3228 4076 3468 4142 gerenti-

1905 4160 2033 4228 bus,
2064 4161 2408 4232 Philippiden
2441 4164 2728 4233 quemdam
2759 4163 2825 4217 ad
2870 4162 3288 4220 Lacedaemonias
3314 4166 3472 4220 auxi-

1900 4253 1957 4308 lii
1986 4254 2201 4323 petendi
2238 4269 2407 4308 causa
2438 4254 2736 4318 misissent,
2768 4269 3066 4309 occurrens
3095 4255 3170 4309 illi
3202 4256 3258 4310 in
3288 4267 3471 4313 monte

1900 4343 2176 4399 Partheno
2208 4344 2416 4399 idolum
2477 4344 2642 4400 Panis
2670 4345 2907 4414 graviter
2933 4345 3002 4400 de
3038 4345 3470 4405 Atheniensibus

1900 4444 2259 4507 conquestum
2289 4435 2477 4499 fuerit,
2504 4436 2645 4505 quod
2675 4450 2799 4488 cum
2833 4446 3061 4513 caeteros
3087 4437 3303 4507 quidem
3338 4439 3472 4496 deos

220 4559 315 4598 σαν
338 4543 441 4597 καὶ
490 4540 671 4613 βωμὸν
697 4539 1073 4611 ᾠκοδόμησαν.
1104 4540 1213 4590 Καὶ
1253 4538 1328 4599 ὡς
1374 4532 1786 4604 φυλαττόμενοι,

1897 4530 2144 4599 gnaviter
2174 4529 2440 4591 colerent,
2468 4544 2526 4583 se
2555 4542 2782 4597 prorsus
2800 4528 3162 4598 negligerent;
3197 4538 3253 4585 et
3273 4531 3473 4587 nihilo-

223 4634 298 4707 μὴ
334 4635 400 4688 τὸ
446 4633 579 4686 αὐτὸ
618 4633 682 4702 δὴ
710 4632 803 4685 καὶ
827 4631 1019 4686 ἄλλοτε
1052 4630 1299 4695 πάθοιεν,
1332 4625 1600 4697 παρέντες
1668 4622 1794 4676 τινὰ

220 4726 342 4780 θεὸν
375 4727 657 4796 ἄγνωστον
690 4725 898 4791 αὐτοῖς,
948 4721 1254 4792 ἀνέστησαν
1307 4719 1400 4774 τὸν
1434 4716 1627 4788 βωμὸν
1652 4717 1793 4768 ἐκεί-

219 4834 329 4881 νον,
362 4815 783 4883 ἐπιγράφοντες·
820 4830 838 4864 ι
867 4812 1157 4882 Ἀγνώστῳ
1183 4808 1324 4881 Θεῷ·
1364 4826 1383 4860 ι
1412 4807 1568 4860 τοῦτο
1601 4805 1791 4868 λέγον-

218 4923 335 4968 τες,
397 4904 487 4956 ὅτι
511 4904 620 4957 Καὶ
646 4902 699 4956 εῐ
727 4919 811 4966 τις
840 4901 1027 4973 ἕτερος
1074 4902 1319 4969 ἠγνοεῖτο
1363 4897 1491 4968 παρ’
1519 4896 1697 4967 ήμῶν,
1724 4896 1803 4957 εἰς

220 4995 393 5067 τιμὴν
421 4994 636 5048 ἐκείνου
672 4987 830 5058 οὗτος
866 4992 931 5061 δὴ
969 4993 1100 5062 παρ’
1152 4990 1312 5061 ήμῶν
1365 4990 1686 5059 ἐγήγερται,
1724 4985 1800 5049 ὡς

222 5090 290 5144 ἂν
349 5089 514 5151 ἵλεως
555 5088 689 5159 ἡμῖν
735 5085 846 5156 εῐη,
881 5084 1041 5154 εἴπερ
1088 5082 1454 5152 ἀγνοούμενος
1511 5080 1587 5150 μὴ
1641 5078 1803 5147 θερα-

225 5181 481 5236 πεύεται.
537 5178 724 5233 Ἄλλοι
767 5177 823 5231 δέ
869 5193 1055 5245 φασιν,
1087 5177 1170 5228 ὃτι
1199 5173 1357 5243 λιμὸς
1404 5173 1447 5205 ⁸⁷
1486 5169 1800 5240 κατέσκηψε

224 5285 359 5323 ποτε
397 5268 680 5339 Ἀθήνῃσι,
711 5267 808 5321 καὶ
848 5266 928 5329 εἰς
974 5263 1224 5318 τοσοῦτον
1253 5262 1453 5324 αὐτοὺς
1486 5260 1800 5326 ἐξέκαυσεν,

226 5362 302 5424 ὡς
336 5358 475 5432 μηδὲ
511 5358 620 5412 τῶν
649 5357 1000 5412 λεπτοτάτων
1033 5355 1288 5408 σινδόνων
1322 5351 1630 5423 ἀνέχεσθαι.
1665 5350 1803 5413 Τοὺς

223 5450 623 5521 νομιζομένους
650 5447 744 5503 οῦν
782 5449 967 5511 αὐτοῖς
1001 5446 1157 5510 θεοὺς
1200 5446 1620 5517 θεραπεύοντες,
1651 5443 1803 5496 οὐδὲν

228 5545 539 5599 ἀπώναντο.
575 5543 956 5613 Ἐννοήσαντες
990 5541 1107 5607 οῦν,
1149 5542 1230 5594 ὅτι
1260 5539 1388 5611 ἴσως
1420 5538 1568 5592 ἐστὶν
1600 5538 1628 5588 ὁ
1659 5536 1801 5602 θεὸς,

1903 4619 2087 4674 minus
2121 4619 2325 4674 auxilio
2349 4633 2408 4673 se
2429 4617 2669 4671 futurum
2698 4618 3071 4688 spoponderit.
3104 4619 3284 4685 Quare
3302 4621 3473 4677 Athe-

1903 4711 2148 4775 nienses,
2178 4725 2302 4764 cum
2334 4710 2614 4773 vicissent,
2652 4713 2908 4778 templum
2954 4710 3032 4765 illi
3064 4712 3393 4776 excitarunt,
3418 4720 3474 4769 et

1901 4806 2077 4860 altare
2127 4811 2572 4859 construxerunt.
2622 4802 2891 4861 Caventes
2962 4820 3112 4871 vero,
3166 4821 3238 4862 ne
3293 4807 3474 4863 simile

1899 4896 2028 4967 quid
2061 4896 2256 4950 iterum
2291 4894 2397 4949 illis
2427 4896 2790 4964 contingeret,
2818 4897 2966 4966 quod
3007 4896 3149 4954 forte
3189 4900 3347 4955 deum
3375 4899 3474 4953 ali-

1899 5004 2059 5059 quem
2098 4989 2341 5058 ignotum
2374 4986 2746 5055 praeterirent,
2783 4989 2943 5042 aliam
2977 4997 3267 5044 erexerunt
3297 5004 3471 5055 aram,

1898 5080 2056 5149 eique
2089 5078 2523 5147 inscripserunt:
2566 5096 2586 5129 ι
2624 5076 2813 5147 Ignoto
2854 5077 2987 5144 Deo,
3036 5098 3056 5130 ι
3113 5080 3471 5151 inquientcs:

1899 5170 1954 5226 Si
1989 5170 2155 5241 280
2191 5170 2371 5224 adhuc
2393 5170 2590 5239 aliquis
2628 5186 2656 5223 a
2700 5170 2857 5224 nobis
2903 5171 3184 5240 ignoretur
3228 5172 3384 5239 deus,
3419 5175 3475 5229 in

1901 5264 2047 5319 illius
2078 5264 2337 5318 honorem
2404 5262 2516 5316 haec
2550 5277 2644 5315 ara
2674 5270 2813 5323 esto,
2868 5271 2929 5315 ut
2985 5263 3143 5317 nobis
3207 5265 3476 5335 propitius

1902 5354 1991 5418 sit,
2027 5353 2155 5419 etsi,
2189 5360 2376 5422 utpote
2400 5351 2638 5422 ignotus,
2665 5350 2926 5421 peculiari
2952 5351 3103 5405 cultu
3130 5366 3162 5407 a
3186 5353 3338 5407 uohis
3360 5368 3470 5408 non

1902 5444 2134 5499 colatur.
2160 5443 2262 5497 Alii
2291 5458 2421 5500 vero
2447 5446 2521 5497 ita
2556 5457 2669 5497 rem
2703 5451 2929 5498 narrant
2955 5459 2970 5498 :
2996 5443 3131 5500 Cum
3159 5444 3277 5500 dira
3309 5446 3480 5516 pestis

1902 5535 1958 5589 iu
1988 5534 2346 5590 Athenienses
2379 5544 2740 5605 grassaretur,
2771 5549 2980 5606 eosque
3011 5546 3268 5594 exureret
3312 5538 3474 5609 adeo,

1416 5676 1615 5739 Varias
1642 5671 1948 5734 lectiones
1989 5676 2051 5731 et
2093 5676 2283 5731 notae.

305 5760 351 5791 "
382 5758 593 5827 λοιμός.

310 5853 420 5927 ('26)
452 5853 608 5923 Vulg.
630 5853 943 5923 despiciens.
