3950 6550
532 399 641 462 999
1428 386 2014 451 THEOPHYLACTI
2040 387 2087 445 Β

2222 383 2453 445 iA-RI/E
2483 386 2678 446 ARCH
2695 385 2837 445 [ΕΡ.
3661 381 3782 448 1000

529 517 590 563 ut
617 520 712 560 nec
739 499 1404 558 tensissimalinteamiua
1455 500 1595 552 l'erre
1625 507 1889 567 possent;
1934 498 2082 551 omni

2223 495 2278 548 ὃν
2319 495 2474 548 αὐτοὶ.
2512 495 2806 548 κατέλιπον
2869 495 3196 564 ἀγέραστον,
3224 497 3250 547 ὁ
3277 496 3363 548 τὶν
3405 495 3597 565 λοιμὸν
3633 515 3783 554 κατα-

531 601 656 659 bus.
682 610 822 666 quos
862 592 1129 664 putabant
1160 592 1316 656 deos,
1349 593 1554 646 cultum
1587 590 1819 659 aliquem
1855 591 2091 658 pi-zestite

2227 588 2470 658 «ipim.
2500 588 2618 640 νέον
2666 588 2986 658 δειμάμενοι
3041 588 3225 658 βωμὸν
3262 592 3357 642 καῖ
3397 589 3781 660 ἐγγράψαντες.

533 700 682 753 runt,
719 685 991 760 quininde
1027 684 1196 743 ullum
1237 695 1500 752 caperem
1533 681 1986 736 emolumentum.
2014 679 2093 733 Bc

2232 699 2249 731 ι
2287 681 2581 750 Ἀγνώστῳ
2627 680 2770 750 Θεῷ,
2813 699 2830 731 ι
2867 681 2960 733 καὶ
3007 680 3294 746 θύσαντες,
3354 681 3561 745 εὐθέως
3607 683 3781 756 ἐθερα-

532 791 790 856 putantes
831 793 984 844 vero,
1035 776 1180 848 quod
1222 774 1460 830 fortasse
1508 773 1644 829 deus
1690 781 1839 829 esset
1898 771 2092 842 aliquis

2225 772 2528 841 πεύθησαν.
2561 772 2763 824 Τοῦτον
2803 771 2919 835 οῦν,
2975 789 3134 840 φησι,
3173 773 3408 842 Χριστὸν
3468 774 3675 843 Ἰησοῦν
3711 779 3785 831 τὸν

532 893 693 947 quem
728 875 830 943 ipsi
890 873 1279 925 inhonoratum
1331 867 1675 937 reliquerint,
1725 881 1791 921 ac
1834 875 2087 936 proptere

2226 866 2448 918 πάντων
2474 864 2609 916 Θεὸν
2639 864 2666 914 δ
2700 862 2932 926 Παῦλος,
2974 863 3032 915 ὃν
3069 865 3160 916 καὶ⁸
3196 865 3595 933 καταγγέλλειν
3631 868 3786 931 αὐτοῖς

533 970 649 1038 ipse
682 973 888 1036 pestem
954 961 1276 1016 immisisset
1329 958 1505 1020 illam,
1563 972 1758 1012 novam
1785 957 2093 1010 aediﬁcarim

2225 961 2488 1028 ἔφασκεν.
2530 959 2687 1011 Ἐστι
2741 958 2797 1010 δὲ
2848 959 2878 1026 ἡ
2944 957 3089 1009 πᾶσα
3143 957 3237 1008 τοῦ
3289 955 3483 1025 βωμοῦ
3536 958 3785 1032 ὲπιγρσοή

529 1075 704 1124 aram,
739 1056 830 1110 cui
868 1073 887 1107 ι
918 1053 1107 1125 Ignoto
1138 1051 1248 1106 Deo
1293 1070 1310 1104 ι
1401 1049 1806 1119 inscripserunt
1838 1063 1850 1098 :
1887 1062 2088 1116 cumqu

2223 1053 2472 1120 τοιαύτηο
2509 1069 2529 1102 ι
2563 1050 2718 1114 Θεοῖς
2746 1051 2958 1114 Ἀσίας,
2991 1047 3085 1102 καὶ
3118 1047 3414 1119 Εὐρώπης,
3462 1050 3558 1102 καὶ
3585 1050 3783 1120 Λιϐύης,

531 1166 696 1220 super
729 1148 874 1204 illam
902 1143 1334 1208 sacriﬁcassent,
1363 1139 1655 1197 confestim
1685 1139 1852 1210 pestis
1881 1136 2091 1192 evanuit

2225 1143 2334 1212 θεῷ
2379 1141 2648 1213 ἀγνώστῳ
2686 1142 2780 1196 καὶ
2815 1141 2971 1212 ξένῳ.
3016 1159 3138 1193 ›-ι
3200 1141 3259 1193 ὐ
3288 1140 3430 1204 Θεὸς
3465 1142 3494 1193 δ
3527 1142 3779 1213 ποιήσαςι

535 1242 691 1297 llunc
722 1242 886 1311 igitur
937 1237 1142 1292 Paulus
1209 1235 1286 1288 ait
1328 1249 1453 1290 esse
1493 1231 1804 1297 Christum,
1875 1231 2095 1285 omniutt

2228 1237 2349 1289 ’Ἰνα
2378 1235 2452 1306 μὴ
2492 1234 2791 1306 νομίσωσιν
2815 1235 2912 1286 Eva
2956 1233 3064 1287 τῶν
3093 1232 3306 1286 πολλῶν
3350 1227 3497 1288 εἷναι
3550 1233 3672 1286 Θεδν
3710 1236 3783 1287 τὸν

531 1333 724 1395 Deum,
759 1346 924 1402 quem
952 1345 1013 1385 se
1036 1327 1368 1382 annuntiare
1392 1323 1714 1379 atiirmabat.
1742 1322 2012 1377 Caeterum
2044 1321 2091 1374 in

2228 1327 2321 1380 ὑπ’
2351 1326 2518 1380 αὐτοῦ
2552 1326 2990 1398 κηρυττόμενον,
3018 1324 3329 1394 διορθοῦται
3369 1326 3618 1394 ἐπάγων·
3652 1345 3667 1377 ι
3701 1329 3779 1382 οὐκ

533 1434 682 1496 tegra
710 1425 800 1479 illa
843 1420 1133 1490 inscriptio
1173 1419 1250 1473 ita
1306 1431 1367 1472 se
1397 1415 1632 1470 habebat
1665 1430 1679 1467 :
1755 1431 1772 1464 ι
1816 1411 1931 1465 Diis
1961 1412 2093 1464 Asia

2248 1437 2285 1472 ιν
2318 1420 2727 1490 χειροποιήτοις
2777 1421 2948 1483 ναοῖς.
2992 1437 3011 1470 ›
3057 1419 3211 1471 Οίκεῖ
3266 1419 3366 1488 μὲν
3402 1420 3515 1490 γάρ
3558 1422 3614 1472 ὲν
3646 1409 3808 1484 ναοί;,’

534 1516 784 1584 Europae.
806 1523 859 1568 et
881 1511 1096 1582 Libym,
1123 1509 1230 1564 Deo
1253 1511 1506 1579 ignotoet
1524 1503 1837 1574 peregrino.
1854 1519 1976 1552 ι-ι
1991 1500 2094 1555 Deu

2230 1511 2347 1565 ἀλλ’
2393 1513 2494 1565 οὐκ
2558 1513 2617 1566 ἐν
2654 1510 2943 1575 τοιούτοις,
3001 1511 3118 1566 ἀλλ’
3149 1513 3210 1564 ἐν
3268 1511 3594 1582 ἀνθρωπίνῃ
3642 1511 3776 1584 ψυχῇ.

531 1607 630 1677 qui
666 1606 819 1660 fecit.
861 1623 880 1656 ι
944 1601 1023 1657 Ne
1061 1610 1338 1671 putarent,
1370 1597 1538 1652 Deum
1603 1596 1674 1650 ab
1711 1596 1830 1664 ipso
1858 1593 2128 1665 przedic-a-
2231 1601 2367 1655 οὐδὲ
2402 1605 2512 1673 γὰρ
2545 1604 2604 1655 εν
2647 1602 2760 1674 ναῷ
2793 1601 2902 1656 τῶν
2955 1602 3352 1672 Ἰεροσολύμων
3377 1601 3600 1670 λέγεται
3627 1604 3782 1668 οξκεῖν,

534 1711 648 1752 tum
681 1698 914 1753 similem
952 1710 1074 1752 esse
1109 1692 1300 1748 multis
1341 1689 1470 1753 illis,
1507 1703 1648 1759 quos
1678 1688 1816 1744 alias
1840 1687 2094 1742 colebant

2231 1695 2346 1748 ἀλλ’
2400 1695 2683 1766 ἐνεργεῖν⁹
2719 1694 2842 1749 οὐδὲ
2883 1695 2989 1748 ὑπὸ
3051 1695 3255 1767 χειρῶν
3307 1693 3616 1765 ἀνθρώπων
3664 1695 3784 1766 παρά

531 1793 662 1856 diis,
709 1807 774 1848 ac
828 1801 886 1846 ut
916 1804 1158 1844 errorem
1205 1789 1376 1843 istum
1439 1785 1829 1849 submoveret,
1899 1781 2083 1838 subdit

2233 1786 2505 1841 Ἰουδαίων
2555 1787 2922 1858 ἐθεραπεύθη,
2964 1787 3080 1840 ἀλλ’
3119 1787 3225 1840 ὑπὸ
3255 1787 3521 1850 διανοίας⁶
3556 1788 3670 1840 ἐττεῖ⁵
3700 1792 3778 1841 κὰ-

541 1908 559 1940 ι
580 1886 697 1942 Non
714 1888 767 1940 in
790 1883 1116 1938 manufactis
1139 1881 1360 1950 templis
1381 1877 1726 1932 habitatW.»
1759 1875 2005 1938 Scilicet,
2031 1875 2097 1928 ha

2227 1883 2382 1936 κεῖνά
2415 1898 2477 1950 γε
2524 1881 2625 1934 οὐκ
2658 1880 2838 1952 ἐζήτει
2889 1880 3084 1943 οῦτως,
3122 1879 3198 1942 ὼς
3235 1879 3650 1950 προσδεόμενος·
3681 1880 3787 1950 φησι

536 1979 670 2032 bitat
703 1975 927 2046 quidem
960 1975 1015 2027 in
1044 1971 1284 2042 temptis,
1306 1970 1401 2026 sed
1434 1983 1543 2024 non
1573 1970 1628 2022 iu
1671 1969 1908 2031 talibus;
1955 1965 2087 2020 sedi

2236 1977 2366 2044 γάρ·
2411 1993 2428 2026 ι
2472 1973 2562 2044 Μὴ
2605 1975 2850 2044 φάγομαι
2901 1975 3039 2044 κρέα
3085 1972 3324 2045 ταύρων,
3375 1993 3393 2026 ι
3433 1973 3533 2027 καὶ
3565 1973 3629 2025 τά
3663 1971 3783 2042 ἑξῆς.

537 2070 720 2122 anima
761 2067 1024 2119 humana.
1077 2062 1238 2118 Unde
1269 2077 1368 2115 uec
1403 2060 1458 2114 in
1507 2058 1895 2128 Jerosolymita
1929 2057 2090 2125 templ

2235 2068 2444 2138 Χρῆσιν
2475 2067 2660 2130 αὐτοῖς
2686 2067 2920 2138 Ἀράτου
2953 2067 3171 2136 ἐπάγει,
3221 2065 3339 2129 ἑνός
3364 2081 3516 2128 τινος
3547 2064 3647 2117 τῶν
3679 2064 3784 2134 mp’

533 2155 822 2210 dicebatur
851 2152 1119 2215 habitare,
1153 2149 1250 2205 sed
1290 2168 1308 2201 ι
1345 2150 1586 2220 operari.
1629 2167 1648 2199 ο
1681 2147 1791 2203 Nec
1825 2167 1843 2198 ι
1867 2139 2093 2201 ἰιιαιιίιιυ

2241 2163 2425 2224 αὺτοῖς
2467 2161 2708 2230 ποιητῶν
2755 2163 2836 2224 εἰς
2889 2157 3243 2230 κατασκευὴν
3273 2158 3368 2214 τοῦ
3402 2157 3599 2212 ἑαυτοῦ
3623 2157 3775 2225 λόγου.

537 2245 799 2302 humanis
850 2245 1134 2298 colebatur
1174 2262 1191 2294 ι
1227 2259 1257 2296 a
1283 2241 1512 2308 ludatis,
1567 2242 1660 2297 sed
1717 2252 1898 2294 mente
1933 2257 1945 2290 :
1975 2255 2097 2293 nam

2248 2273 2264 2304 ι
2308 2251 2416 2305 Τοῦ
2447 2253 2556 2322 γὰρ
2589 2252 2681 2306 καὶ
2728 2253 2883 2322 γένος
2913 2253 3100 2322 ἐσμέν,
3136 2271 3154 2304 ι
3195 2252 3351 2319 φησί.
3383 2250 3498 2303 Καὶ
3531 2243 3673 2311 οὗτος
3706 2251 3784 2318 μὲν

537 2354 660 2408 qua:
685 2339 724 2392 ii
763 2337 1086 2402 oﬁerebaut,
1129 2335 1288 2391 Deus
1325 2349 1431 2390 non
1471 2335 1628 2404 quasi
1664 2353 1683 2385 ι
1729 2333 1984 2403 indigens
2019 2332 2092 2386 ali

2232 2344 2360 2413 περὶ
2403 2344 2497 2396 τοῦ
2543 2345 2892 2416 Δημιουργοῦ
2925 2343 3056 2398 αὐτὸ
3090 2342 3428 2412 ἐκλαμϐάνει
3467 2342 3536 2412 (εξ
3566 2343 3779 2410 καὶπερὶ

535 2447 647 2502 quo
679 2451 698 2484 ι
736 2431 1086 2502 requirebat;
1112 2431 1189 2482 ait
1216 2429 1363 2484 enim
1400 2444 1414 2482 :
1445 2448 1468 2481 ι
1499 2427 1755 2498 Nunquid
1789 2426 2095 2481 manducab

2238 2435 2332 2488 τοῦ
2364 2435 2487 2498 Διὸς
2550 2434 2710 2487 τοῦτο
2762 2433 3018 2505 εἰρῆσθαί
3048 2433 3260 2502 φασιν),
3292 2433 3351 2486 οὐ
3391 2432 3486 2485 τὸν
3517 2432 3701 2484 ἐκεῖνον
3719 2430 3787 2481 λέ.

537 2539 731 2580 carnes
758 2523 1125 2589 taurorum",
1156 2530 1262 2577 etc.
1292 2539 1311 2573 ›
1351 2520 1624 2576 Deindcin
1658 2519 2097 2575 conﬁrmationem

2235 2544 2369 2594 γων,
2401 2527 2538 2579 άλλά
2587 2526 2649 2578 τὸ
2713 2525 2922 2593 κυρίως
2960 2525 3046 2578 ἐπ’
3099 2523 3252 2594 αὑτῷ
3312 2522 3581 2594 ἁρμόζειν
3626 2522 3779 2590 λέγων.

537 2617 809 2672 sermonis
831 2616 918 2671 sui
940 2615 1287 2680 istudArati,
1321 2614 1487 2668 unius
1540 2628 1606 2667 ex
1643 2612 1888 2682 ipsorum
1923 2610 2097 2681 poetis

2238 2618 2399 2682 Γένος
2454 2618 2510 2672 δὲ
2557 2617 2693 2671 Θεοῦ
2727 2614 2870 2671 εἶναι
2928 2618 3079 2687 ἡμᾶς
3139 2633 3275 2688 φησι
3329 2615 3570 2679 Παῦλος,
3609 2615 3695 2685 οὐχ
3727 2614 3783 2677 ὡς

543 2708 827 2778 egregium
852 2708 1058 2764 dictum
1093 2706 1338 2778 profert:
1397 2725 1415 2758 ι
1469 2705 1651 2778 Ipsius
1675 2705 1820 2759 enim
1876 2711 1931 2758 et
1951 2719 2103 2776 genu;

2236 2709 2437 2763 ἐκεῖνοί
2501 2727 2689 2778 φασιν.
2750 2708 2866 2765 ἀλλ’
2899 2710 3071 2781 ἑτέρῳ
3124 2709 3221 2779 νῷο
3255 2707 3532 2776 τουτέστι,
3573 2709 3783 2769 οἰκείως,

535 2814 729 2857 sumus
762 2819 777 2856 :
817 2819 836 2854 ι
867 2810 922 2856 et
943 2801 1074 2856 illud
1104 2801 1324 2871 quidem
1357 2797 1426 2856 de
1452 2815 1668 2858 summo
1701 2797 1910 2866 Opilice
1926 2797 2095 2868 accipi

1029 2801 1074 2856 Id
1104 2801 1324 2871 quidem
1357 2797 1426 2856 de
1452 2815 1668 2858 summo
1701 2797 1910 2866 Opilice
1926 2797 2127 2868 accipit
2235 2801 2589 2870 ὲγγυτάτους.

540 2895 778 2958 Paulus,
813 2909 1129 2964 quanquam
1157 2893 1227 2949 de
1254 2892 1386 2950 Jove
1407 2895 1476 2948 ab
1510 2895 1678 2947 Arato
1703 2891 2116 2962 pronuntiatum
2150 2889 2336 2948 fuerit.
2371 2894 2637 2951 Videlicet
2686 2897 2889 2952 Aratus
2943 2911 3052 2951 non
3083 2896 3150 2951 de
3209 2897 3404 2952 eodem
3472 2895 3679 2950 omnino
3723 2890 3787 2946 lo-

541 2999 702 3042 cutus
733 2995 837 3051 est,
899 2988 994 3041 sed
1045 2995 1225 3040 tamen
1259 2987 1312 3040 id
1360 2987 1608 3056 protulit,
1639 2986 1786 3056 quod
1818 2987 1866 3040 ei
1905 2983 2124 3056 proprie
2163 2991 2340 3056 aptari
2374 2996 2574 3058 potest.
2600 3007 2619 3041 ι
2657 2985 2845 3045 Genus
2875 2998 3060 3042 autem
3089 2988 3182 3043 Dei
3211 3007 3231 3042 ι
3286 3005 3388 3044 nos
3452 3002 3592 3052 esse,
3651 2983 3788 3052 inquit

541 3080 862 3150 Apostolus,
897 3095 1007 3134 non
1047 3093 1113 3134 eo
1143 3095 1331 3146 sensu,
1358 3096 1468 3149 quo
1490 3079 1668 3134 Graeci
1703 3087 1880 3149 poeta:
1911 3078 2124 3142 dicunt,
2164 3078 2260 3134 sed
2286 3081 2434 3148 alio;
2475 3095 2671 3152 nempe
2704 3080 2856 3151 quod
2914 3093 3020 3136 nos
3093 3079 3268 3136 simus
3318 3080 3372 3136 ei
3403 3078 3707 3147 familiares
3746 3083 3788 3130 et

544 3172 799 3245 proximi.

613 3269 694 3320 Ad
717 3266 1080 3321 Athenienses
1099 3265 1266 3321 verba
1290 3264 1500 3321 iaciens
1529 3265 1731 3321 Paulus
1757 3285 1776 3319 ι
1803 3266 2078 3323 hominem
2108 3287 2126 3320 ι
2163 3281 2173 3328 t

2313 3268 2360 3300 ts
2378 3268 2695 3338 »Αθηναῖοις
2718 3268 2829 3339 γὰρ
2847 3268 3279 3338 διαλεγόμενοςό
3305 3265 3538 3334 Παῦλος,
3562 3265 3697 3336 φησὶ,
3716 3264 3787 3318 ἄν·

544 3356 924 3412 ιιιιιιιιιιιιιιοάο
951 3356 1233 3412 Christum
1252 3357 1511 3428 appellat,
1537 3357 1724 3412 dicens
1744 3358 1789 3389 ⁷³
1817 3372 1832 3412 :
1870 3377 1888 3410 ι
1923 3357 1982 3414 1η
2001 3360 2104 3414 virc

2247 3357 2351 3430 δρα
2387 3360 2556 3413 αὑτὸν
2593 3360 2850 3415 ὲπικαλεϊ
2881 3361 3062 3432 μόνον,
3091 3360 3236 3414 οὕτω
3269 3361 3474 3428 λέγων·
3504 3381 3522 3412 ι
3551 3359 3634 3412 Ἐν
3668 3355 3789 3424 ἀνδρὶ

554 3453 608 3506 in
639 3467 750 3520 quo
775 3451 992 3515 statuit,
1043 3451 1202 3506 ﬁdem
1255 3451 1508 3521 praebens
1537 3450 1814 3514 omnibus,
1866 3453 2110 3507 suscitan

2248 3444 2293 3520 ᾧ
2325 3451 2524 3522 ὥρισε,
2549 3451 2737 3506 πίστιν
2769 3452 3072 3524 παρασχὼν
3099 3455 3287 3514 πᾶσιν,
3326 3452 3632 3524 ἀναστήσας
3661 3447 3789 3502 αὑτὸν

543 3556 668 3595 eum
701 3555 731 3594 a
781 3541 1021 3597 mortuis
1058 3558 1070 3594 :
1111 3559 1129 3593 ι
1165 3548 1220 3596 et
1247 3539 1380 3594 nihil
1413 3539 1482 3595 de
1523 3560 1540 3592 ι
1577 3539 1755 3595 forma
1788 3541 1878 3595 Dei
1913 3560 1930 3592 ι
1969 3541 2103 3596 addit

2249 3545 2313 3597 ἐκ
2341 3547 2571 3613 νεκρῶνο
2618 3562 2636 3596 ι
2686 3544 2783 3597 καὶ
2830 3544 2985 3598 οὐδὲν
3018 3546 3148 3615 περί
3215 3545 3317 3614 τῆς
3363 3542 3462 3598 τοῦ
3513 3542 3639 3597 Θεοῦ
3673 3541 3790 3608 λέγει

546 3651 727 3704 neque
754 3634 901 3704 quod
938 3652 957 3685 ι
993 3635 1222 3700 aequalis
1258 3651 1277 3684 ι
1334 3643 1480 3689 esset
1509 3632 1608 3699 illi,
1667 3649 1685 3683 ι
1721 3641 1775 3686 οι
1799 3633 1844 3664 ⁷⁸
1882 3633 2106 3702 splendu

2253 3636 2490 3706 μορφῆς,
2537 3633 2662 3688 οὐδὲ
2701 3635 2786 3688 ὃτι
2860 3637 2976 3699 ἶσος
3024 3634 3195 3707 αὐτῷ,
3235 3635 3358 3694 οὐδὲ
3387 3636 3473 3690 ὅτι
3502 3633 3790 3701 ἀπαύγασμα

545 3728 730 3797 gloriae
777 3726 898 3796 ejus
931 3739 946 3778 :
984 3743 1002 3776 ι
1039 3733 1095 3779 et
1145 3724 1367 3794 quidem
1397 3739 1676 3793 congrue;
1724 3722 1966 3778 nondum
1989 3724 2105 3778 euir:

2248 3726 2344 3789 τῆς
2375 3726 2538 3796 δόξης
2569 3724 2761 3780 αὐτοῦ’
2805 3726 3056 3790 εἰκότως.
3113 3726 3283 3781 Οῦπω
3335 3726 3448 3798 γάρ
3510 3725 3684 3796 itaque;
3706 3723 3789 3774 τῶν

545 3830 664 3875 erat
690 3829 909 3888 tempus
942 3827 1313 3887 opportunum
1363 3815 1546 3870 verbis
1577 3815 1734 3881 istis;
1794 3815 1890 3869 sed
1919 3815 2105 3869 interit

2250 3817 2514 3888 ῥημάτων
2565 3818 2774 3872 τούτων
2845 3814 2934 3891 ἦν.
2993 3820 3138 3872 Ἀλλ’
3183 3821 3471 3890 ἀγαπητὸν
3513 3814 3581 3888 ἦν
3632 3814 3789 3874 αὐτοὺς

545 3910 793 3965 contenti
819 3908 1264 3977 erantapostoli,
1315 3907 1363 3962 si
1397 3907 1714 3960 crederetur
1741 3921 1904 3962 verus
1949 3906 2105 3960 homo

2248 3911 2662 3981 παραδέξασθαι
2719 3911 2878 3976 τέως,
2929 3912 3012 3965 ὅτι
3065 3910 3361 3984 ἄνθρωπός
3425 3911 3562 3976 ἐστι,
3603 3907 3686 3960 καὶ
3725 3904 3786 3956 ὅτι

547 4013 600 4058 et
637 4001 1036 4064 resurrexisse,
1075 3995 1428 4055 dissimulata
1473 3999 1745 4068 tantisper
1797 3999 1916 4068 ejus
1937 3997 2106 4053 divini

1913 3997 2138 4053 .divini-
2251 4004 2474 4074 ἀνέστη,
2514 4004 2681 4057 αὐτοῦ
2715 4004 2816 4076 τὴν
2851 4003 3083 4073 θεότητα
3118 4003 3473 4073 ὲξεκάλυψεν.

547 4099 681 4149 tate.

625 4203 644 4236 ι
680 4184 747 4238 Et
772 4195 1014 4254 tempora
1065 4181 1312 4253 quidem.
1348 4200 1368 4234 ι
1420 4178 1543 4236 Non
1591 4179 1694 4234 hoc
1724 4180 1989 4250 ait,quod
2018 4180 2141 4235 uul-

2323 4206 2340 4236 ι
2369 4186 2509 4249 Τοὺς
2531 4189 2632 4256 μὲν
2658 4186 2752 4240 οῦν
2772 4187 3018 4258 χρόνους.
3034 4205 3053 4238 ι
3084 4188 3159 4240 Οὐ
3175 4187 3330 4240 τοῦτό
3353 4202 3538 4256 φησιν,
3563 4178 3787 4239 amaret;

549 4278 636 4332 lus
669 4277 903 4331 istorum
944 4276 1226 4347 puniatur,
1265 4273 1361 4330 sed
1387 4273 1517 4344 quia
1557 4285 1720 4327 nemo
1771 4270 2013 4334 illorum,
2043 4286 2109 4341 qu

2246 4277 2540 4342 κολάζεται
2580 4280 2811 4346 τούτων,
2828 4279 2941 4334 ἀλλ’
2967 4282 3046 4333 δτι
3065 4279 3241 4342 οὐδεὶς
3261 4279 3369 4331 τῶν
3390 4278 3642 4330 θελόντων
3662 4289 3785 4344 μετα-

557 4390 574 4421 ι
597 4371 970 4440 pazniteutiam
985 4385 1145 4441 agere
1165 4387 1184 4420 ι
1211 4366 1464 4429 voluerit,
1487 4362 1798 4436 puniendus
1823 4362 1895 4417 sit
1921 4379 1934 4415 :
1963 4376 2117 4432 nequi

2246 4372 2408 4423 νοεῖν.
2435 4371 2510 4423 Οὐ
2541 4371 2672 4441 περὶ
2691 4373 2799 4424 τῶν
2823 4371 3168 4425 ἀπελθόντων
3184 4373 3293 4439 γάρ
3317 4370 3474 4423 τοῦτό
3497 4385 3667 4438 φησιν,
3686 4364 3787 4419 ἀλλὰ

549 4460 616 4514 de
638 4461 747 4515 iilis
780 4460 872 4529 qui
896 4460 1007 4528 jam
1032 4459 1285 4514 obierant
1313 4456 1578 4527 loquitur,
1654 4455 1750 4508 sed
1777 4451 1844 4506 de
1876 4453 1985 4508 illis
2021 4453 2109 4524 qui

2244 4461 2373 4532 περὶ
2383 4461 2594 4516 ’τούτων
2612 4456 2692 4526 οἷς
2715 4462 3100 4534 παραγγέλλει.
3117 4465 3231 4517 Οὐκ
3247 4465 3473 4516 άπαιτεί
3492 4463 3638 4530 λόγον
3657 4459 3785 4526 ὑμᾶς,

551 4555 655 4610 bus
684 4564 816 4608 tunc
848 4553 1200 4622 praedicabat.
1231 4549 1352 4605 Non
1413 4549 1614 4618 exiget,
1668 4546 1872 4615 inquit,
1921 4559 1950 4597 a
1982 4545 2106 4600 vobi

2245 4553 2545 4624 φησὶ,περλ⁵
2569 4555 2679 4609 τῶν
2699 4557 2984 4628 προτέρων
3003 4555 3142 4609 ἐτῶν
3163 4559 3261 4626 τῆς
3284 4553 3503 4623 ἀγνοίας
3519 4552 3674 4622 ὑμῶν.
3702 4549 3787 4601 Οὐκ

552 4648 827 4700 rationem
862 4647 929 4698 de
949 4644 1239 4714 praeteritis
1262 4641 1421 4714 281
1446 4640 1607 4694 annis
1632 4658 1649 4690 ι
1680 4636 2014 4707 ignorantia:
2053 4653 2112 4692 ve

2224 4659 2225 4668 ‘
2260 4641 2384 4700 εἷπε
2413 4649 2470 4700 δὲ
2503 4649 2783 4719 παρεῖδεν,
2837 4649 2871 4721 ἢ
2903 4689 2919 4714 ,
2970 4650 3156 4703 εἴασεν
3181 4691 3196 4713 ,
3228 4649 3386 4712 ἀλλὰ,
3425 4668 3442 4698 ι
3493 4641 3707 4716 περιεῖδε
3738 4641 3784 4669 δ’·

552 4754 703 4796 s;r:e.
730 4757 748 4789 ›
779 4737 898 4792 Non
928 4738 1066 4794 dixit
1092 4749 1294 4802 autem,
1338 4731 1660 4798 contemnit,
1716 4729 1801 4784 vel
1857 4729 2112 4800 permittit

2255 4741 2558 4805 τουτέστιν,
2591 4741 2690 4796 οὐκ
2718 4743 2940 4798 ἀπαιτεῖ
2972 4741 3217 4798 κόλασιν.
3248 4738 3442 4792 ὥσπερ
3466 4737 3634 4801 ἀξίους
3663 4733 3785 4784 ὄντας

551 4831 672 4890 sed,
703 4847 719 4879 ι
747 4828 1079 4893 dissimulat,
1113 4844 1132 4878 ι
1179 4828 1283 4881 hoc
1305 4831 1414 4894 est,
1445 4839 1554 4879 non
1585 4819 1758 4892 punit,
1792 4821 2111 4889 quantumvi

990 4828 1079 4893 lat,
1113 4844 1132 4878 ι
1179 4828 1283 4881 hoc
1305 4831 1414 4894 est,
1445 4839 1554 4879 non
1585 4819 1758 4892 punit,
1792 4821 2146 4889 quantumvis
2256 4835 2550 4896 κολάσεως,

558 4920 842 4990 punitione
875 4917 1091 4990 dignos.
1127 4951 1130 4955 -

1118 5008 1346 5083 CAPUT
1385 5009 1599 5066 xxvn.

2838 5012 3091 5066 ΚΕΦΑΔ.
3123 5011 3252 5066 KZ'.

549 5106 632 5161 De
655 5103 848 5173 Aquila
898 5114 944 5158 et
981 5103 1258 5168 Priscilla,
1322 5105 1486 5174 deque
1532 5103 1931 5159 Corinthiorum
1979 5104 2109 5160 incrt

2253 5105 2392 5173 Περὶ
2420 5105 2641 5160 ’Δκύλα
2680 5106 2781 5160 καὶ
2829 5104 3228 5174 Πρισκιλλης,
3271 5099 3382 5171 τῆς
3424 5118 3487 5156 τε
3511 5094 3784 5167 Κορινθίων

625 5198 852 5252 dulitate
877 5213 940 5250 ac
966 5197 1028 5250 de
1053 5197 1376 5267 bencplacito
1420 5197 1517 5251 Dei
1549 5198 1836 5252 secundum
1863 5198 2151 5266 pmscien-

2325 5197 2636 5263 ἀπειθείας
2691 5198 2793 5251 καὶ
2848 5196 2962 5264 τῆς
2991 5194 3142 5250 κατά
3180 5182 3785 5265 πρόπτωσινέναὺτοῖς

627 5292 760 5343 (iam
788 5307 911 5361 erga
938 5291 1084 5356 illos,
1134 5291 1274 5360 quod
1318 5290 1605 5344 revelatum
1646 5299 1724 5343 est
1769 5289 1966 5344 Paulo.
2014 5287 2154 5344 Item

2324 5288 2611 5353 εὐδοκίας
2629 5289 2737 5343 τοῦ
2753 5288 2902 5344 Θεοῦ
2919 5288 3466 5357 ἀποκαλυφθεὼης
3481 5284 3552 5348 τῷ
3576 5280 3782 5339 Παύλῳ·

559 5379 582 5382 ”
627 5384 690 5436 de
731 5380 914 5451 Crispo
968 5383 1408 5452 archisynagogo,
1463 5379 1556 5450 qui
1597 5380 1824 5435 credidit
1868 5396 1989 5434 cum
2031 5382 2119 5432 alii

2327 5381 2398 5435 ἐν
2447 5375 2495 5448 ᾧ
2536 5381 2672 5450 περὶ
2708 5383 2982 5452 Κρίσπου
3013 5378 3538 5454 ἀρχισυναγώγου,
3584 5365 3785 5427 πιστεύ-

630 5561 695 5594 ’⁶⁶
719 5561 841 5614 Act.
869 5577 964 5628 vn,
1000 5561 1090 5617 48.
1186 5563 1229 5594 ⁷⁷
1271 5562 1419 5620 Psal.
1450 5577 1598 5628 nix,
1631 5562 1724 5617 ‘25.
1801 5561 1850 5592 "
1883 5561 2084 5632 Ephes.
2118 5564 2190 5632 r,i

1203 5563 1229 5593 "'
1271 5562 1419 5620 Psal.
1450 5577 1598 5628 nix,
1631 5562 1724 5617 ‘25.
1801 5561 1850 5592 "
1883 5561 2084 5632 Ephes.
2118 5579 2160 5632 ι,
2183 5562 2274 5618 20.
2356 5563 2401 5595 ⁷³
2427 5563 2593 5620 Hebr.
2638 5579 2677 5629 ι,
2707 5565 2763 5620 3.

1776 5698 1977 5760 Variae
2006 5698 2318 5763 lectiones
2364 5708 2426 5762 et
2470 5708 2662 5765 notes.

637 5822 684 5855 "
713 5821 880 5894 Marg.
909 5821 1004 5876 τοῦ
1041 5823 1431 5896 Χρυσοστόμου
1457 5823 1522 5876 ὲκ
1553 5822 1647 5877 τοῦ
1679 5821 1824 5891 κατὰ
1853 5822 2130 5894 Ἰωάννην.
2207 5824 2256 5858 δ’
2290 5825 2564 5896 ὑπερεῖδε.
