3950 6546
267 392 383 456 ῑθθξ)
855 390 1389 455 EXPOSlTlONIS
1410 394 1492 455 ιΝ
1532 395 1723 456 ACTA
1747 395 2050 459 TEX’I‘US
2086 398 2359 461 ALTER.
2401 425 2466 436 —
2499 400 2661 462 CAP.
2696 400 2858 461 XIX.
3340 398 3474 465 ῐοιο

258 504 392 554 οἴκου
416 498 647 554 ἐκείνου.
673 497 842 554 Τοῦτο
868 500 925 554 δὲ
962 510 1201 568 γνωστόν
1222 501 1440 570 ἐγένετο
1467 504 1632 557 πᾶσιν
1661 503 1797 557 Ἰου-

1907 506 1980 560 dit
2013 490 2178 562 timor
2204 522 2368 576 super
2390 520 2583 563 omnes
2620 505 2764 569 illos.
2795 514 2851 560 et
2891 506 3339 578 magnillcabatur
3371 527 3467 565 no-

255 590 407 653 δαίοις
431 606 488 642 τε
520 590 615 645 καὶ
647 589 870 660 Ἕλλησι
903 598 1015 656 τοῖς
1045 594 1356 649 κατοικοῦσι
1394 596 1494 666 τὴν
1520 596 1757 664 Ἔφεσον
1779 612 1792 625 ·

1906 609 2029 650 tuen
2063 596 2229 668 286
2268 594 2481 652 Domini
2522 595 2671 654 Jesu.
2708 595 2972 668 Multique
3009 596 3348 656 credentium
3384 617 3462 657 ve-

253 687 334 740 καὶ
357 683 587 738 ἐπέπεσε
620 682 782 753 φόόος
814 684 911 738 ἐπὶ
953 686 1165 751 πάντας
1203 687 1426 750 αὐτοὺς,
1456 687 1552 743 καὶ
1590 688 1797 757 ἐμεγα·

1908 686 2131 741 niehant
2182 688 2509 744 conﬁtentes
2555 699 2614 743 et
2664 687 3057 745 annuntiantes
3109 701 3266 747 actus
3317 707 3468 749 suos.

250 778 422 833 λύνετο
445 777 505 831 τὺ
531 776 702 848 ὄνομα
735 776 827 832 τοῦ
865 777 1070 851 Κυρίου
1113 777 1312 850 Ἰησοῦ.
1356 777 1547 833 Πολλοί
1583 795 1643 831 τε
1687 776 1798 831 τῶν

1908 778 2057 834 Multi
2108 767 2288 836 autem
2337 797 2401 836 ex
2446 782 2550 846 eis,
2582 783 2677 853 qui
2725 782 2944 838 fuerant
2981 784 3199 842 curiosa
3252 787 3468 851 sectati;

248 870 669 925 πεπιστευκότων
699 870 952 942 ἤρχοντο,
994 870 1477 942 ἐξομολογούμενοι
1504 871 1597 924 καὶ
1622 871 1793 937 ἀναγ-

1911 872 2252 926 contulernnt
2302 873 2471 930 iihros
2514 882 2573 928 et
2611 874 3033 931 combusserunt
3074 890 3258 932 coram
3289 876 3471 932 omni-

248 962 506 1031 γέλλοντες
534 967 637 1026 τὰς
688 962 918 1039 πράξεις
961 962 1164 1019 αὐτῶν.
1212 963 1416 1017 ’ἱκανοὶ
1463 962 1521 1016 δέ
1566 958 1676 1017 τῶν
1729 959 1799 1015 τά

1912 961 2010 1019 bus
2044 981 2057 1016 :
2095 971 2150 1019 et
2182 965 2511 1033 computatis
2536 965 2725 1035 pretiis
2750 965 2988 1034 illorum,
3019 968 3348 1022 invenerunt
3381 982 3472 1036 pe-

256 1055 503 1125 περίεργα
546 1053 889 1125 πραξάντων,
937 1054 1360 1125 συνενέγκαντες
1410 1055 1509 1119 τάς
1561 1053 1798 1123 βίὸλους,

1908 1049 2121 1111 cuniam
2160 1052 2508 1109 denariorum
2539 1053 2929 1126 quinquaginta
2961 1055 3214 1113 millium.
3241 1055 3331 1113 Ita
3351 1056 3468 1117 fcr-

255 1144 519 1199 κατέκαιον
552 1143 858 1216 ἔμπροσθεν
898 1146 1115 1220 πάντων
1135 1162 1148 1177 ο
1168 1145 1260 1201 καὶ
1294 1147 1665 1217 συνεψήφισαν
1702 1149 1800 1215 τὰς

1905 1146 2031 1200 titer
2062 1147 2344 1202 crescebat
2380 1148 2605 1203 verbum
2649 1148 2744 1223 Dei
2772 1158 2826 1206 et
2876 1149 3327 1211 conﬁrmabatur.
3369 1147 3465 1206 His

253 1236 399 1304 τιμὰς
424 1235 623 1300 αὐτῶν,
660 1236 754 1289 καὶ
794 1231 950 1308 εὖρον
991 1237 1256 1309 ἀργυρίου
1297 1239 1563 1310 μυριάδας
1598 1241 1756 1294 πέντε
1781 1257 1795 1272 ⁶

1906 1244 2083 1300 autem
2115 1236 2368 1310 expletis,
2403 1239 2922 1311 proposuit-Paulus
2950 1241 3003 1305 in
3038 1239 3267 1311 Spiritd',
3315 1250 3466 1297 tran-

252 1325 379 1380 οῢτω
422 1327 764 1397 κατακράτος
801 1327 829 1379 ό
872 1327 1031 1396 λόγος
1064 1327 1158 1381 τοῦ
1199 1327 1409 1400 Κυρίου
1458 1328 1661 1402 ηὔξανε
1703 1330 1799 1385 καὶ

1907 1328 2007 1384 sita
2037 1326 2349 1386 Macedonia
2372 1329 2765 1397 etAchaia,ire
2792 1330 3184 1403 Jerosolymam
3206 1369 3221 1399 ,
3240 1332 3467 1389 dicens:

253 1418 433 1486 ἴσχυεν.
476 1417 563 1483 Ὠς
596 1419 652 1472 δὲ
678 1418 971 1492 ἐπληρώθη
1007 1421 1202 1488 ταῦτα,
1248 1420 1403 1476 ἔθετο
1427 1422 1455 1476 ό
1498 1422 1706 1485 Παῦλος
1740 1423 1798 1476 ἐν

1912 1420 2161 1488 quoniam
2206 1421 2519 1492 Postquam
2547 1421 2702 1481 fuero
2738 1422 2834 1489 ibi,
2891 1432 3106 1493 oportet
3154 1433 3328 1487 meet
3359 1422 3472 1481 Ro:-

251 1508 318 1578 τῷ
339 1508 630 1578 Πνεῦμα-ιι,
667 1508 891 1579 διελθών
917 1510 1017 1581 τὴν
1055 1512 1394 1567 Μακεδονίαν
1424 1513 1519 1567 καὶ
1545 1513 1794 1584 Ἀχαΐαν,

1914 1523 2045 1562 mam
2096 1508 2302 1565 videre.
2345 1508 2565 1566 Mittens
2605 1518 2788 1565 autem
2835 1510 2896 1565 in
2935 1510 3304 1587 Macedoniam
3333 1511 3474 1567 duos

251 1602 561 1672 πορεύεσθαι
610 1603 693 1666 είς
753 1603 1126 1675 Ἰεροσόλυμα,
1179 1604 1372 1671 εἰπὼν,
1414 1605 1520 1672 ὅτι,
1551 1606 1704 1659 Μετὰ
1737 1604 1798 1659 τὸ

1913 1617 1967 1655 ex
2014 1601 2451 1659 ministrantibus
2509 1602 2635 1669 sibi,
2695 1602 3040 1658 Timotheum
3094 1611 3147 1656 et
3198 1601 3473 1671 Erastum,

250 1693 482 1761 γενέσθαι
513 1711 580 1765 με
611 1695 750 1762 ἐκεῖ,
773 1694 854 1748 δεῖ
885 1711 953 1765 με
983 1696 1077 1749 καὶ
1105 1693 1326 1768 Ῥώμην
1351 1696 1505 1750 ίδεῖν.
1524 1697 1800 1749 Ἀποστεί-

1914 1693 2019 1761 ipse
2046 1693 2311 1749 remansit
2343 1694 2411 1749 ad
2450 1701 2666 1764 tempus
2698 1694 2752 1749 in
2788 1695 2939 1751 Asia.
2975 1694 3136 1749 Facta
3182 1705 3269 1750 est
3294 1703 3474 1753 autem

252 1788 338 1850 λας
366 1787 419 1841 δὲ
456 1789 534 1850 είς
582 1787 684 1859 τὴν
726 1787 1067 1844 Μακεδονίαν
1114 1789 1208 1844 δύο
1254 1789 1365 1844 τῶν
1410 1789 1803 1845 διακονούντων

1912 1783 2000 1840 illo
2030 1794 2272 1856 tempore
2312 1787 2550 1842 turbatio
2588 1803 2698 1842 non
2739 1786 2963 1843 minima
2993 1788 3063 1843 de
3096 1789 3181 1843 via
3237 1788 3472 1844 Domini.

253 1877 404 1945 αὐτῷ,
436 1850 706 1949 Τιμόθεον
735 1880 827 1933 καὶ
855 1879 1147 1952 Ἔραστον,
1180 1880 1342 1947 αὐτὸς
1371 1882 1571 1955 ἐπέσχε
1609 1883 1798 1955 χρόνον

1916 1875 2214 1932 Demetrius
2260 1878 2404 1951 enim
2444 1877 2669 1949 quidam
2703 1877 2946 1945 nomine,
2993 1880 3366 1950 argentarius,
3398 1878 3476 1933 [αα-

255 1970 323 2032 ei;
351 1968 445 2040 τὴν
483 1970 692 2025 Ἀσίαν.
727 1971 974 2042 Ἐγένετο
993 1974 1048 2030 δὲ
1082 1975 1225 2030 κατὰ
1250 1975 1341 2030 τὸν
1370 1978 1562 2048 καιρὸν
1592 1980 1800 2032 ἐκεῖνον

1988 1982 2053 2023 ns
2089 1968 2235 2026 azdes
2262 1979 2549 2041 argenteas
2596 1968 2799 2036 Dianae,
2846 1971 3138 2041 praestabat
3170 1970 3481 2041 artificibus
3540 1957 3543 1961 ⁴

250 2062 464 2134 τάραχος
484 2064 584 2116 οὐκ
611 2064 791 2132 ὀλίγος
812 2068 937 2140 περὶ
956 2067 1057 2138 τῆς
1086 2068 1228 2125 όδοῦ.
1249 2070 1557 2142 Δημήτριος
1581 2073 1689 2142 γάρ
1717 2087 1802 2135 τις

1918 2074 2011 2115 ton
2045 2060 2317 2116 modicum
2356 2070 2623 2133 quaastum
2658 2078 2673 2117 :
2722 2077 2864 2133 quos
2918 2076 3254 2126 convocans,
3280 2073 3335 2118 et
3382 2078 3478 2121 eos

251 2154 471 2225 (νάματι.
493 2155 896 2227 ἀργυροκόπος,
919 2159 1089 2214 ποιῶν
1118 2163 1281 2226 ναοὺς
1310 2163 1587 2235 ἀργυροῦς
1617 2163 1802 2234 Ἀρτέ-

1919 2153 1995 2225 [ui
2033 2152 2343 2225 huiusmodi
2388 2163 2548 2210 erant
2589 2153 2836 2226 opifices,
2888 2154 3075 2210 dixit:
3135 2153 3271 2217 Viri.
3324 2155 3479 2213 scitis

257 2246 404 2315 μιδος,
423 2247 718 2319 παρείχετο
740 2252 851 2315 τοῖς
874 2251 1150 2322 τεχνίταις
1174 2253 1276 2306 οὐκ
1294 2253 1490 2326 ὀλίγην
1520 2255 1799 2325 ἐργασίαν.

1923 2244 2031 2315 lnia
2063 2244 2131 2302 de
2158 2244 2261 2301 hoc
2300 2244 2532 2300 artiﬁcio
2584 2255 2670 2303 est
2701 2245 2861 2301 nobis
2890 2246 3302 2317 acquisitio;.et
3332 2246 3483 2311 vide’

253 2337 344 2403 οὓς
372 2341 731 2413 συναθροίσας
774 2344 867 2398 καὶ
917 2344 1046 2409 τοὺς
1097 2345 1327 2418 περὶτὰ
1379 2346 1605 2401 τοιαῦτα
1638 2349 1807 2420 ἐργά-

1919 2334 1996 2404 :is,
2023 2344 2079 2392 et
2101 2336 2321 2403 auditis,
2354 2337 2484 2407 quia
2520 2353 2626 2393 non
2655 2337 2837 2393 solum
2870 2336 3091 2408 Ephesi.
3112 2337 3206 2401 sed
3241 2352 3375 2408 pene
3398 2346 3479 2409 to-

256 2448 357 2497 τας,
383 2428 560 2487 εἶπενο
598 2435 849 2508 Ἀνδρες,
908 2434 1170 2509 ἐπίσταθε
1207 2438 1289 2492 ὅτι
1340 2439 1405 2492 ἐκ
1449 2439 1651 2510 ταύτης
1706 2440 1805 2509 τῆς

1924 2427 2014 2484 ius
2039 2428 2199 2493 Asiae,
2240 2427 2442 2484 Paulus
2510 2430 2596 2485 hic
2631 2431 2866 2487 suadens
2904 2431 3099 2486 avertit
3125 2431 3346 2486 multam
3371 2438 3484 2486 tur-

258 2524 496 2594 ἐργασίας
550 2528 584 2597 ἡ
624 2526 859 2597 εὐπορία
910 2529 1043 2599 ἡμῖν
1092 2529 1242 2583 ἐστι·
1278 2530 1375 2584 καί⁵
1427 2529 1680 2601 θεωρεῖτε
1712 2532 1806 2586 καὶ

1921 2533 2054 2586 iam,
2084 2518 2271 2576 dicens
2303 2558 2318 2582 ,
2347 2519 2602 2587 quoniam
2648 2536 2758 2576 non
2797 2529 2926 2576 sunt
2968 2520 3066 2586 dii,
3099 2522 3189 2591 qui
3229 2521 3481 2576 manibus

258 2611 480 2679 ἀκούετε,
523 2615 604 2669 ὅτι
657 2616 721 2669 ού
759 2616 918 2687 μόνον
970 2619 1069 2689 τῆς
1135 2617 1385 2688 Ἐφέσου,
1434 2619 1572 2686 ἀλλά
1613 2620 1800 2690 σχεδὸν

1924 2607 2065 2663 iunt.
2112 2607 2227 2663 Non
2280 2608 2457 2664 solum
2523 2621 2703 2664 autem
2768 2610 2885 2666 hac
2934 2610 3273 2680 periclitatur
3324 2610 3484 2666 nobis

259 2704 417 2777 πάσης
446 2709 544 2779 τῆς
584 2708 774 2771 Ἀσίας
814 2710 843 2763 ό
872 2710 1083 2775 Παῦλος
1113 2704 1266 2774 οὗτος
1296 2713 1491 2774 πείσας
1525 2713 1796 2784 μετέστη-

1923 2715 2036 2771 pars
2073 2701 2127 2754 in
2156 2699 2592 2770 redargutiouem
2618 2702 2827 2768 venire,
2863 2701 2964 2758 sed
2991 2714 3044 2759 et
3069 2717 3278 2773 magnae
3302 2701 3483 2757 Dianae

261 2815 340 2851 σεν
385 2801 560 2854 ἰκανὸν
609 2800 791 2872 ὄχλον,
827 2801 1028 2873 λέγων,
1070 2805 1151 2859 ὅτι
1196 2805 1298 2860 οὐκ
1327 2806 1435 2859 εἰσὶ
1490 2805 1604 2860 θεοὶ
1641 2807 1691 2861 οἱ
1720 2806 1811 2865 διὰ

1926 2794 2171 2864 emplum
2210 2793 2263 2847 in
2292 2791 2522 2848 nihilum
2559 2795 2924 2866 reputabitur,
2964 2795 3059 2853 sed
3081 2802 3139 2852 et
3159 2794 3370 2851 destrui
3400 2795 3486 2850 in-

260 2889 437 2960 χειρῶν
459 2891 758 2961 γινόμενοι.
781 2893 856 2946 Οὐ
886 2893 1045 2963 μόνον
1074 2893 1130 2947 δὲ
1151 2893 1309 2947 τοῦτο
1329 2894 1628 2950 κινδυνεύει
1655 2896 1809 2967 ἡμῶν

1918 2884 2075 2955 cipiet
2112 2883 2368 2955 majestas
2398 2885 2539 2956 eius,
2566 2901 2729 2956 quam
2762 2895 2872 2942 tota
2904 2887 3031 2943 Asia
3064 2893 3121 2942 et
3142 2886 3295 2942 orbis
3319 2886 3478 2943 colit.

262 2981 315 3034 τὸ
343 2983 498 3055 μέρος
527 2985 607 3050 εἰς
641 2983 955 3056 ἀπελεγμὸν
982 2985 1177 3052 ἐλθεῖν,
1201 2986 1335 3041 ἀλλὰ
1370 2986 1466 3042 καὶ
1489 2987 1550 3042 τὺ
1584 2989 1679 3058 τῆς
1717 3004 1813 3056 με·

1924 2978 2009 3035 His
2039 2978 2263 3043 auditis,
2300 2976 2489 3050 repleti
2537 2990 2665 3034 sunt
2702 2979 2805 3042 ira.
2842 2988 2897 3036 et
2935 2980 3377 3036 exclamaverunt
3400 2979 3484 3033 di-

263 3074 415 3147 γάλης
445 3075 570 3141 θεᾶς
619 3077 942 3150 Ἀρτέμιδος
974 3077 1120 3150 ἱερὸν
1155 3081 1236 3144 είς
1266 3078 1421 3134 οὐδὲν
1462 3080 1809 3152 λογισθῆναιο

1929 3078 2142 3124 :entes:
2177 3066 2370 3138 Magna
2408 3067 2571 3122 Diana
2605 3067 2988 3139 Ephesiorum.
3040 3067 3104 3122 Et
3154 3067 3374 3139 impleta
3406 3077 3489 3125 est

269 3167 430 3235 μέλλει
453 3169 507 3224 δὲ
535 3169 633 3223 καὶ
660 3169 1046 3242 καθαιρεῖσθαι
1070 3170 1170 3243 τὴν
1202 3172 1597 3244 μεγαλειότητα
1622 3172 1810 3243 αὐτῆς,

1935 3160 2112 3217 θίνίιθε
2136 3159 2476 3222 confusione.
2511 3166 2566 3216 et
2594 3161 2858 3232 impetum
2886 3160 3135 3216 fecerunt
3164 3175 3275 3216 uno
3303 3158 3495 3214 animo

266 3258 323 3328 ην
340 3259 428 3329 ὅλη
452 3261 485 3332 ἡ
513 3261 676 3315 Ἀσία
698 3261 795 3316 καὶ
820 3264 852 3331 ἡ
873 3262 1164 3335 οἰκουμένη
1191 3262 1428 3319 σέϐεται.
1459 3263 1813 3330 Ἀκούσαντες

1930 3253 1974 3304 in
2003 3251 2298 3313 theatrum,
2336 3259 2490 3321 rapto
2518 3249 2669 3306 'Gaio
2713 3262 2767 3307 et
2825 3250 3140 3307 Aristarcho
3184 3248 3490 3306 Macedoni-

267 3348 331 3407 δὲ.
362 3352 449 3403 καὶ
477 3351 766 3421 γενόμενοι
790 3352 1020 3425 πλήρεις
1051 3354 1247 3425 θυμοῦ,
1271 3353 1503 3427 ἔκραζον
1530 3343 1779 3426 λέγοντες
1798 3374 1812 3388 ο

1929 3342 2044 3407 bus,
2068 3339 2363 3396 comitibus
2394 3337 2570 3394 Pauli.
2594 3336 2767 3395 Paulo
2810 3349 2992 3396 autem
3027 3339 3243 3396 volente
3285 3341 3489 3394 intrare

268 3439 471 3513 Μεγάλη
498 3443 533 3511 ﬁ
556 3444 828 3519 ’Ἄρτεμις
871 3445 1150 3514 Ἐφεσίων.
1180 3447 1287 3502 Καὶ
1315 3447 1563 3520 ἐπλήσθη
1600 3450 1634 3521 ἡ
1665 3449 1816 3517 πόλις

1927 3433 1977 3486 ἰιι
2015 3432 2312 3519 'populum,
2357 3446 2466 3486 non
2517 3431 2882 3502 permiserunt
2927 3431 3200 3503 discipuli.
3258 3429 3487 3497 Quidam

269 3531 351 3601 ὅλη
371 3510 470 3604 τῆς*
497 3510 815 3606 συγχύσεως
834 3552 849 3566 ⁸
890 3510 1161 3608 ὥρμησάν
1199 3555 1260 3592 τε
1283 3510 1634 3611 ὁμοθυμαδὸν.
1651 3543 1731 3607 είς
1758 3510 1820 3596 ub

1929 3536 2102 3581 autem
2120 3510 2180 3581 et
2206 3524 2274 3579 de
2307 3524 2446 3579 Asiae
2464 3523 2828 3596 principibus,
2853 3525 2945 3597 qui
2973 3536 3131 3580 erant
3163 3524 3325 3581 amici
3351 3521 3489 3593 ejus,

270 3620 493 3692 θίλτρον,
556 3625 1009 3697 συναρπάσαντες
1061 3626 1219 3681 Γάϊον
1270 3628 1365 3683 καὶ
1426 3626 1816 3700 Ἀρίσταρχον,

1932 3617 2193 3673 miserunt
2219 3613 2286 3669 ad
2302 3629 2450 3691 eum,
2478 3626 2730 3686 rogantes
2751 3630 2819 3668 ne
2842 3628 2900 3670 se
2923 3614 3078 3670 daret
3105 3614 3159 3669 in
3179 3613 3450 3670 theatrum
3473 3629 3492 3669 :

272 3709 591 3782 Μακεδόνας,
643 3714 1019 3786 συνεκδήμους
1073 3717 1447 3777 Παύλου..Τού
1495 3718 1554 3773 δὲ
1608 3718 1820 3774 Παύλου

1932 3706 2016 3761 alii
2070 3715 2250 3761 autem
2330 3702 2477 3760 aliud
2532 3704 2863 3762 clamabant.
2911 3703 3039 3760 Erat
3081 3705 3223 3761 enim
3262 3703 3492 3761 ecclesia

277 3800 580 3873 βουλομένου
621 3804 888 3862 εἰσελθεῖν
914 3809 993 3870 είς
1020 3806 1113 3861 τὸν
1137 3807 1330 3878 δῆμον,
1359 3809 1458 3862 ούκ
1499 3809 1626 3865 είων
1658 3809 1822 3865 αὐτὸν

1934 3796 2152 3854 confusa
2170 3839 2187 3864 ,
2213 3806 2266 3852 ct
2288 3798 2469 3868 plures
2498 3796 2817 3852 nesciebant
2863 3811 2969 3869 qua
2993 3810 3059 3850 ex
3098 3810 3265 3853 causa
3289 3808 3494 3851 conve-

275 3895 317 3946 οί
346 3893 597 3968 μαθηταί.
635 3897 796 3962 Τινὲς
822 3897 881 3952 δέ
912 3899 1007 3952 καὶ
1034 3899 1140 3954 τῶν
1164 3900 1469 3975 Ἀσιαρχιὶν
1497 3901 1647 3966 ὄντες
1674 3902 1823 3974 αὐτῷ

1934 3892 2152 3948 nissent.
2191 3890 2263 3946 De
2291 3890 2445 3944 turba
2490 3897 2668 3945 autem
2702 3888 3059 3953 detraxerunt
3102 3886 3494 3950 Alexandrum,

275 3986 419 4054 φίλοι,
443 3989 766 4061 πέμψαντες
805 3991 940 4063 πρὸς
967 3991 1129 4046 αὐτὸν
1164 3993 1509 4060 παρεκάλουν
1537 3991 1614 4064 μὴ
1636 3993 1823 4047 ἐκδοῦ-

1934 3980 2359 4054 propellentihus
2384 3996 2506 4035 eum
2530 3977 2751 4037 Judaeis.
2779 3978 3308 4044 Alexanderautem,
3324 3991 3494 4032 manu

273 4094 350 4131 ναι
374 4078 557 4135 ἑαυτὸν
592 4083 678 4146 είς
718 4080 781 4134 τὸ
830 4081 1081 4154 θέατρον.
1108 4084 1294 4138 Ἀλλοι
1351 4084 1450 4155 μὲν
1490 4080 1582 4138 οὖν
1616 4083 1744 4138 ἄλλο
1772 4103 1824 4139 τι

1933 4074 2149 4131 silentio
2172 4072 2467 4145 postulato,
2486 4072 2700 4129 volebat
2727 4071 2955 4128 reddere
2980 4071 3249 4128 rationem
3274 4069 3493 4142 populo.

276 4167 518 4240 ἔκραζον·
549 4169 619 4245 ἦν
657 4173 765 4242 γάρ
817 4176 852 4245 ἡ
881 4174 1154 4247 ἐκκλησία
1206 4174 1617 4247 συγκεχυμένη,
1651 4176 1746 4230 καὶ
1774 4177 1824 4229 οἱ

1938 4168 2101 4236 Quem
2127 4175 2185 4223 ut
2207 4164 2857 4238 cognoveruntJudasnm
2906 4178 3052 4228 esse.
3078 4179 3181 4220 vos
3215 4163 3359 4219 facta
3391 4177 3498 4220 una

280 4259 480 4327 πλείους
523 4265 628 4319 οὐκ
677 4263 901 4335 ᾔδεισαν
958 4266 1100 4328 τίνος
1151 4265 1316 4319 ἓνεκα
1352 4263 1822 4337 συνεληλύθεισαν.

1936 4269 2017 4316 est
2055 4257 2320 4324 omnium,
2360 4257 2518 4328 quasi
2550 4272 2646 4328 per
2700 4256 2865 4314 horas
2908 4257 3061 4312 duas.
3088 4256 3442 4311 clamantium
3482 4270 3496 4308 :

288 4352 372 4407 Ἕκ
397 4354 450 4409 δὲ
479 4358 573 4411 τοῦ
590 4357 750 4428 δχλου
781 4356 1148 4429 προεδίὸασαν
1187 4357 1555 4431 Ἀλέξανδρον,
1583 4358 1827 4432 προϐαλ-

1939 4347 2123 4419 !lagna
2159 4344 2329 4400 Diana
2359 4344 2741 4416 Ephesiorum.
2774 4344 2840 4399 Et
2873 4342 3287 4419 cumrsedasset
3315 4339 3499 4399 scriba

275 4443 455 4501 λόντων
473 4449 638 4504 αὑτὸν
661 4448 768 4505 τῶν
802 4450 1091 4504 Ἰουδαίων.
1117 4449 1180 4507 Ὀ
1210 4450 1267 4504 δὲ
1291 4450 1638 4523 Ἀλέξανδρος
1668 4468 1827 4505 κατα·

1940 4434 2153 4503 turbas,
2193 4437 2376 4493 dixit:
2408 4434 2523 4490 Viri
2565 4434 2968 4506 Ephesii,.quis
3015 4435 3173 4491 enim
3201 4442 3286 4490 est
3321 4434 3500 4517 homi-

276 4537 446 4602 σείσας
494 4543 562 4612 τῇ
606 4541 755 4612 χειρὶ
803 4541 992 4613 ηοελεν
1040 4540 1484 4614 ἀπολογήσασθαι
1533 4542 1610 4614 τῷ
1651 4542 1827 4615 δήμῳ.

1939 4549 2067 4589 num
2097 4532 2203 4603 qui.
2236 4529 2447 4587 nesciat
2488 4528 2848 4601 Ephesiorum
2890 4527 3164 4584 civitatem
3211 4527 3498 4585 Neocoron

286 4625 614 4698 Ἐπιγνόντες
662 4631 720 4685 δὲ
747 4633 828 4687 δτι
857 4632 1113 4696 Ἰουδαῖός
1146 4635 1287 4700 ἐστι,
1312 4632 1464 4706 φωνὴ
1488 4631 1706 4702 ἐγένετο
1733 4633 1833 4703 μία

1938 4641 2052 4681 esse
2080 4639 2287 4694 magna:
2320 4620 2527 4688 Dianae,
2554 4628 2608 4676 et
2636 4618 2920 4693 Diopetis?
2947 4620 3081 4676 Cum
3107 4633 3239 4689 ergo
3262 4616 3347 4673 his
3366 4631 3498 4674 con-

276 4719 335 4771 ὲκ
360 4721 599 4790 πάντων,
629 4721 706 4787 ώς
733 4724 826 4776 ἐπί
848 4722 998 4794 ὥρας
1030 4723 1124 4778 δύο
1161 4723 1470 4795 κραζόντων
1491 4740 1505 4755 ·
1541 4722 1769 4794 Μεγάλη
1799 4723 1830 4793 ἡ

1940 4715 2128 4771 tradici
2152 4730 2258 4770 non
2280 4714 2472 4786 possit,
2491 4720 2708 4783 oportet
2734 4727 2828 4767 vos
2859 4710 3077 4767 sedatos
3107 4723 3252 4779 esse,
3280 4713 3334 4763 et
3364 4707 3500 4763 nihil

282 4809 531 4884 Ἄρτεμις
587 4813 876 4884 Ἐφεσίων.
915 4815 1289 4881 Καταστείλας
1319 4815 1376 4868 δὲ
1414 4817 1442 4869 ὁ
1473 4816 1835 4887 γραμματεὺς

1942 4818 2137 4863 Lcmere
2163 4821 2347 4877 agere.
2379 4803 2702 4860 Adduxistis
2745 4802 2890 4859 enim
2933 4801 3182 4861 homines
3216 4803 3375 4867 istos,
3404 4814 3502 4856 nc-

280 4899 361 4953 τδν
389 4902 562 4974 ὄχλον,
600 4906 795 4974 φησίν·
833 4906 1060 4977 Ἀνδρες
1120 4907 1376 4977 Ἐφέσιοι,
1418 4907 1501 4971 τίς
1534 4906 1642 4978 γάρ
1688 4906 1834 4959 ἐστιν

1941 4916 2040 4972 que
2066 4898 2384 4970 sacrilegos,
2406 4912 2581 4967 neque
2606 4894 3050 4966 hlasphemantes
3067 4893 3221 4950 deam
3242 4900 3501 4949 vestram.

281 4991 591 5065 ἀνθρώπων,
612 4996 673 5061 ὃς
703 4997 764 5050 οὐ
792 4995 1051 5066 γινώσκει
1079 4995 1178 5067 τῆν
1219 4996 1482 5068 Ἐφεσίων
1522 4996 1678 5051 πόλιν
1705 5013 1837 5051 νεω-

1940 4990 2092 5059 Quod
2123 4990 2169 5048 si
2214 4989 2543 5055 Demetrius,
2586 4997 2642 5044 et
2674 4987 2767 5058 qui
2801 5002 2922 5044 cum
2968 5000 3043 5041 eo
3067 4993 3197 5042 sunt
3240 4982 3500 5047 artiﬁces,

283 5083 431 5153 κόρον
474 5083 640 5141 οὖσαν
671 5087 770 5158 τῆς
818 5088 1065 5159 μεγάλης
1103 5086 1232 5153 θεᾶς
1261 5087 1574 5160 ’Δρτέμιδος
1605 5086 1703 5144 καὶ
1739 5084 1835 5141 τοῦ

1945 5082 2147 5138 habent
2179 5081 2446 5137 adversus
2499 5079 2736 5150 aliquem
2787 5090 3033 5140 causam,
3072 5083 3376 5131 conventus
3423 5071 3505 5129 l‘o-

283 5176 594 5246 Δωπετοῦςς
638 5178 1074 5251 ’Δναντιρῤήτων
1102 5173 1197 5232 οὖν
1236 5179 1405 5233 όντων
1438 5180 1665 5246 τούτων,
1691 5174 1834 5243 εἶπε,

1948 5187 2127 5231 renses
2158 5166 2397 5244 aguiitnr
2425 5177 2479 5226 et
2502 5167 2858 5241 proconsules
2881 5175 3008 5222 sunt
3032 5183 3046 5220 :
3072 5172 3331 5221 accusent
3366 5163 3508 5218 invi-

285 5264 394 5320 δέον
415 5268 558 5323 ἐστὶν
583 5270 728 5342 ὑμᾶς
745 5269 1221 5340 κατεσταλμένους
1245 5268 1534 5341 ὑπάρχειν,
1552 5270 1647 5325 καὶ
1671 5269 1838 5342 μηδὲν

1947 5281 2074 5323 cem.
2103 5264 2161 5320 Si
2191 5264 2320 5336 quid
2355 5269 2536 5317 autem
2563 5260 2726 5331 287
2757 5256 2982 5313 alterius
3014 5256 3091 5312 rei
3132 5256 3380 5327 quaeritis
3402 5299 3417 5323 ,
3450 5256 3507 5311 in

289 5360 543 5428 προπετὲς
573 5362 860 5433 πράσσειν.
906 5361 1174 5430 Ἠγάγετε
1204 5360 1313 5430 γὰρ
1343 5361 1468 5424 τοὺς
1494 5359 1691 5432 ἄνδρας
1711 5360 1829 5414 τούς

1947 5357 2181 5430 legitima
2230 5354 2463 5411 ecclesia
2496 5352 2693 5422 poterit
2717 5349 2948 5406 absolvi.
2979 5347 3114 5403 Nam
3144 5359 3199 5404 et
3228 5347 3507 5417 periclita-

288 5459 424 5513 τους,
448 5449 571 5505 οὔτε
603 5449 1078 5523 ίεροσύ).ους,οὖτε
1107 5450 1560 5521 βλασφημοῦντας
1593 5451 1693 5520 τὴν
1713 5449 1840 5505 θεάν

1945 5465 2065 5506 mur
2094 5448 2246 5519 argui
2278 5444 2563 5521 seditionis
2590 5441 2885 5508 hodiernae,
2943 5455 3069 5495 cum
3112 5438 3297 5495 nullus
3329 5437 3505 5494 obno-

244 5549 251 5558 '
291 5537 452 5607 ὑμῶν.
482 5542 545 5596 El
582 5543 681 5615 μὶν
719 5539 813 5598 οὖν
847 5543 1179 5615 Δημήτριος,
1213 5542 1307 5596 καὶ
1346 5542 1397 5594 oi
1440 5540 1536 5594 σὺν
1565 5539 1716 5611 αὐτῷ
1745 5557 1804 5594 τε

1948 5540 2064 5593 tius
2096 5539 2167 5592 sit
2196 5534 2286 5606 (de
2331 5549 2440 5605 quo
2480 5531 2755 5602 possimus
2787 5529 3016 5585 reddere
3054 5529 3349 5601 rationem)
3379 5543 3508 5584 con-

291 5632 477 5699 χνίται,
508 5633 689 5706 έχουσι
731 5635 867 5706 πρός
904 5651 1026 5688 τινα
1083 5633 1264 5702 λόγον,
1306 5632 1552 5703 ἀγοραῖοι
1589 5630 1835 5701 ἄγονται,

1948 5644 2137 5686 cursus
2178 5628 2362 5685 istius.
2392 5624 2455 5678 Et
2489 5638 2613 5678 cum
2644 5623 2758 5679 haec
2793 5622 3042 5687 dixisset,
3074 5620 3283 5678 dimisit
3331 5620 3508 5675 eccle—

295 5722 381 5774 καὶ
407 5725 694 5781 ἀνθύπατοι
737 5727 906 5781 εἰσίν*
942 5726 1342 5796 ἐγκαλείτωσαν
1387 5722 1657 5796 ἀλλήλοις.
1692 5725 1755 5778 Ei
1780 5725 1838 5778 δέ
1937 5725 2098 5777 siam.

296 5825 345 5864 τι
378 5817 499 5888 περὶ
539 5818 742 5893 ἐτέρων
787 5818 1129 5892 ἐπιζητεῖτε,
1161 5820 1220 5874 ἐν
1287 5821 1353 5890 τῇ
1395 5818 1605 5889 ἐννόμῳ
1662 5817 1926 5890 ἐκκλησίᾳ
1963 5812 2372 5884 ἐπιλυθήσεται.
2430 5809 2538 5863 Καὶ
2588 5808 2695 5880 γὰρ
2739 5807 3115 5879 κινδυνεύομεν
3167 5806 3511 5877 ἐγκαλεῖσθαι
