  <div class='ocr_page' id='page_1' title='image "/cluster/home/n/w/nwhite01/storage/ocr_20150623/125/hvd.32044019208214/583.png"; bbox 0 0 3950 6612; ppageno 0'>
   <div class='ocr_carea' id='block_1_1' title="bbox 475 356 3692 466">
    <p class='ocr_par' dir='ltr' id='par_1_1' title="bbox 475 356 3692 466">
     <span class='ocr_line' id='line_1_1' title="bbox 475 356 3692 466; baseline 0.005 -18"><span class='ocrx_word' id='word_1_1' title='bbox 475 389 610 450; x_wconf 82' lang='lat'><strong>1011</strong></span> <span class='ocrx_word' id='word_1_2' title='bbox 651 356 666 369; x_wconf 82' lang='grc'><em>’</em></span> <span class='ocrx_word' id='word_1_3' title='bbox 1357 393 1935 456; x_wconf 74' lang='lat' dir='ltr'><strong>&#39;l‘llEOPllYLACTI</strong></span> <span class='ocrx_word' id='word_1_4' title='bbox 1969 395 2380 456; x_wconf 70' lang='lat' dir='ltr'><strong>BULGARle</strong></span> <span class='ocrx_word' id='word_1_5' title='bbox 2429 399 2785 461; x_wconf 78' lang='lat' dir='ltr'><strong>ARCUIEI’.</strong></span> <span class='ocrx_word' id='word_1_6' title='bbox 3573 401 3692 466; x_wconf 77' lang='lat'><strong>1012</strong></span> 
     </span>
    </p>
   </div>
   <div class='ocr_carea' id='block_1_2' title="bbox 466 499 3699 586">
    <p class='ocr_par' dir='ltr' id='par_1_2' title="bbox 466 499 3699 586">
     <span class='ocr_line' id='line_1_2' title="bbox 466 499 3699 586; baseline 0.005 -35"><span class='ocrx_word' id='word_1_7' title='bbox 466 503 708 564; x_wconf 82' lang='grc' dir='ltr'>στάσεως</span> <span class='ocrx_word' id='word_1_8' title='bbox 760 499 885 562; x_wconf 70' lang='grc' dir='ltr'>περὶ</span> <span class='ocrx_word' id='word_1_9' title='bbox 938 501 1034 570; x_wconf 80' lang='grc' dir='ltr'>τῆς</span> <span class='ocrx_word' id='word_1_10' title='bbox 1086 502 1349 573; x_wconf 80' lang='grc' dir='ltr'><strong>σήμερον,</strong></span> <span class='ocrx_word' id='word_1_11' title='bbox 1390 505 1618 574; x_wconf 73' lang='grc' dir='ltr'>μηδενὸς</span> <span class='ocrx_word' id='word_1_12' title='bbox 1652 505 1828 559; x_wconf 79' lang='grc' dir='ltr'>αἰτίου</span> <span class='ocrx_word' id='word_1_13' title='bbox 1864 505 2220 576; x_wconf 79' lang='grc' dir='ltr'>ὑπάρχοντος,</span> <span class='ocrx_word' id='word_1_14' title='bbox 2289 507 2417 576; x_wconf 82' lang='grc' dir='ltr'>περὶ</span> <span class='ocrx_word' id='word_1_15' title='bbox 2483 504 2545 566; x_wconf 73' lang='grc' dir='ltr'>οὗ</span> <span class='ocrx_word' id='word_1_16' title='bbox 2618 507 2965 580; x_wconf 77' lang='grc' dir='ltr'>δυνησόιιεθα</span> <span class='ocrx_word' id='word_1_17' title='bbox 3022 509 3320 563; x_wconf 77' lang='grc' dir='ltr'>ἀποδοῦναι</span> <span class='ocrx_word' id='word_1_18' title='bbox 3389 509 3540 579; x_wconf 76' lang='grc' dir='ltr'>λόγον</span> <span class='ocrx_word' id='word_1_19' title='bbox 3591 525 3699 586; x_wconf 66' lang='grc' dir='ltr'>περὶ</span> 
     </span>
    </p>
   </div>
   <div class='ocr_carea' id='block_1_3' title="bbox 474 590 2512 669">
    <p class='ocr_par' dir='ltr' id='par_1_3' title="bbox 474 590 2512 669">
     <span class='ocr_line' id='line_1_3' title="bbox 474 590 2512 669; baseline 0.002 -23"><span class='ocrx_word' id='word_1_20' title='bbox 474 595 565 662; x_wconf 73' lang='grc' dir='ltr'>τῆς</span> <span class='ocrx_word' id='word_1_21' title='bbox 601 595 908 662; x_wconf 75' lang='grc' dir='ltr'><strong>συστροφῆς</strong></span> <span class='ocrx_word' id='word_1_22' title='bbox 959 590 1186 663; x_wconf 77' lang='grc' dir='ltr'>ταύτης.</span> <span class='ocrx_word' id='word_1_23' title='bbox 1220 595 1328 646; x_wconf 79' lang='grc' dir='ltr'><strong>Καὶ</strong></span> <span class='ocrx_word' id='word_1_24' title='bbox 1353 594 1527 649; x_wconf 82' lang='grc' dir='ltr'>ταῦτα</span> <span class='ocrx_word' id='word_1_25' title='bbox 1585 596 1758 652; x_wconf 84' lang='grc' dir='ltr'>είπὼν</span> <span class='ocrx_word' id='word_1_26' title='bbox 1803 597 2037 651; x_wconf 84' lang='grc' dir='ltr'>ἀπέλυσε</span> <span class='ocrx_word' id='word_1_27' title='bbox 2078 597 2175 669; x_wconf 83' lang='grc' dir='ltr'>τὴν</span> <span class='ocrx_word' id='word_1_28' title='bbox 2201 598 2512 668; x_wconf 59' lang='grc' dir='ltr'>ἐκκλησίαν.</span> 
     </span>
    </p>
   </div>
   <div class='ocr_carea' id='block_1_4' title="bbox 1022 692 3150 766">
    <p class='ocr_par' dir='ltr' id='par_1_4' title="bbox 1022 692 3150 766">
     <span class='ocr_line' id='line_1_4' title="bbox 1022 692 3150 766; baseline -0 0"><span class='ocrx_word' id='word_1_29' title='bbox 1022 707 1261 766; x_wconf 82' lang='lat' dir='ltr'><strong>CAPUT.</strong></span> <span class='ocrx_word' id='word_1_30' title='bbox 1293 708 1483 766; x_wconf 79' lang='lat' dir='ltr'><strong>xxnt.</strong></span> <span class='ocrx_word' id='word_1_31' title='bbox 2072 692 2124 752; x_wconf 80' lang='grc' dir='ltr'><strong>Α</strong></span> <span class='ocrx_word' id='word_1_32' title='bbox 2713 711 2967 766; x_wconf 74' lang='grc' dir='ltr'><strong>ΚΕΦΑΛ.</strong></span> <span class='ocrx_word' id='word_1_33' title='bbox 3020 709 3150 766; x_wconf 78' lang='lat' dir='ltr'><strong>xe&#39;.</strong></span> 
     </span>
    </p>
   </div>
   <div class='ocr_carea' id='block_1_5' title="bbox 469 822 2054 900">
    <p class='ocr_par' dir='ltr' id='par_1_5' title="bbox 469 823 2043 881">
     <span class='ocr_line' id='line_1_5' title="bbox 469 823 2043 881; baseline 0.001 -3"><span class='ocrx_word' id='word_1_34' title='bbox 469 823 737 878; x_wconf 71' lang='lat' dir='ltr'><strong>Circuitus</strong></span> <span class='ocrx_word' id='word_1_35' title='bbox 779 824 932 878; x_wconf 78' lang='lat' dir='ltr'><strong>Pauli</strong></span> <span class='ocrx_word' id='word_1_36' title='bbox 963 842 980 881; x_wconf 90' lang='lat'><strong><em>:</em></strong></span> <span class='ocrx_word' id='word_1_37' title='bbox 1017 824 1106 879; x_wconf 85' lang='lat' dir='ltr'><strong>ubi</strong></span> <span class='ocrx_word' id='word_1_38' title='bbox 1145 836 1195 880; x_wconf 80' lang='lat' dir='ltr'><strong>et</strong></span> <span class='ocrx_word' id='word_1_39' title='bbox 1233 826 1298 880; x_wconf 83' lang='lat' dir='ltr'><strong>de</strong></span> <span class='ocrx_word' id='word_1_40' title='bbox 1325 835 1491 881; x_wconf 79' lang='lat' dir='ltr'><strong>morte</strong></span> <span class='ocrx_word' id='word_1_41' title='bbox 1540 834 1590 880; x_wconf 84' lang='lat' dir='ltr'><strong>et</strong></span> <span class='ocrx_word' id='word_1_42' title='bbox 1641 825 2043 880; x_wconf 78' lang='lat' dir='ltr'><strong>resuscitatione</strong></span> 
     </span>
    </p>
   </div>
   <div class='ocr_carea' id='block_1_6' title="bbox 2156 822 3688 900">
    <p class='ocr_par' dir='ltr' id='par_1_6' title="bbox 2156 822 3688 900">
     <span class='ocr_line' id='line_1_6' title="bbox 2156 822 3688 900; baseline 0.007 -20"><span class='ocrx_word' id='word_1_43' title='bbox 2156 827 2431 897; x_wconf 80' lang='grc' dir='ltr'>Περίοὸος</span> <span class='ocrx_word' id='word_1_44' title='bbox 2468 828 2715 883; x_wconf 75' lang='grc' dir='ltr'>Παύλου</span> <span class='ocrx_word' id='word_1_45' title='bbox 2737 843 2750 858; x_wconf 90' lang='grc'><strong>·</strong></span> <span class='ocrx_word' id='word_1_46' title='bbox 2783 828 2854 882; x_wconf 80' lang='grc' dir='ltr'><strong>ἐν</strong></span> <span class='ocrx_word' id='word_1_47' title='bbox 2881 822 2922 900; x_wconf 77' lang='grc' dir='ltr'><em>ἦ</em></span> <span class='ocrx_word' id='word_1_48' title='bbox 2959 829 3091 898; x_wconf 75' lang='grc' dir='ltr'>περὶ</span> <span class='ocrx_word' id='word_1_49' title='bbox 3147 827 3417 885; x_wconf 82' lang='grc' dir='ltr'>θανάτου</span> <span class='ocrx_word' id='word_1_50' title='bbox 3460 832 3550 887; x_wconf 78' lang='grc' dir='ltr'><strong>καί</strong></span> <span class='ocrx_word' id='word_1_51' title='bbox 3577 837 3688 891; x_wconf 79' lang='lat' dir='ltr'><strong>dra-</strong></span> 
     </span>
    </p>
   </div>
   <div class='ocr_carea' id='block_1_7' title="bbox 677 916 2054 994">
    <p class='ocr_par' dir='ltr' id='par_1_7' title="bbox 677 916 1828 988">
     <span class='ocr_line' id='line_1_7' title="bbox 677 916 1828 988; baseline 0.002 -16"><span class='ocrx_word' id='word_1_52' title='bbox 677 916 908 988; x_wconf 81' lang='lat' dir='ltr'><strong>Eutyclti</strong></span> <span class='ocrx_word' id='word_1_53' title='bbox 946 932 1037 986; x_wconf 81' lang='lat' dir='ltr'><strong>per</strong></span> <span class='ocrx_word' id='word_1_54' title='bbox 1077 919 1368 973; x_wconf 75' lang='lat' dir='ltr'><strong>orationem</strong></span> <span class='ocrx_word' id='word_1_55' title='bbox 1407 918 1567 974; x_wconf 76' lang='lat' dir='ltr'><strong>Pauli</strong></span> <span class='ocrx_word' id='word_1_56' title='bbox 1601 916 1828 974; x_wconf 83' lang='lat' dir='ltr'><strong><em>Troade.</em></strong></span> 
     </span>
    </p>
   </div>
   <div class='ocr_carea' id='block_1_8' title="bbox 2156 916 3664 994">
    <p class='ocr_par' dir='ltr' id='par_1_8' title="bbox 2207 920 3664 994">
     <span class='ocr_line' id='line_1_8' title="bbox 2207 920 3664 994; baseline 0.005 -20"><span class='ocrx_word' id='word_1_57' title='bbox 2207 922 2484 990; x_wconf 80' lang='grc' dir='ltr'><strong>κλήσεως</strong></span> <span class='ocrx_word' id='word_1_58' title='bbox 2515 920 2826 991; x_wconf 81' lang='grc' dir='ltr'>Εὐτυχοῦς</span> <span class='ocrx_word' id='word_1_59' title='bbox 2849 921 2946 975; x_wconf 81' lang='grc' dir='ltr'>διὰ</span> <span class='ocrx_word' id='word_1_60' title='bbox 2963 920 3319 991; x_wconf 82' lang='grc' dir='ltr'>προσευχῆς</span> <span class='ocrx_word' id='word_1_61' title='bbox 3344 923 3415 977; x_wconf 76' lang='grc' dir='ltr'>ἐν</span> <span class='ocrx_word' id='word_1_62' title='bbox 3449 927 3664 994; x_wconf 76' lang='grc' dir='ltr'>Τρωάδι.</span> 
     </span>
    </p>
   </div>
   <div class='ocr_carea' id='block_1_9' title="bbox 1109 1009 3119 1070">
    <p class='ocr_par' dir='ltr' id='par_1_9' title="bbox 1109 1009 3119 1070">
     <span class='ocr_line' id='line_1_9' title="bbox 1109 1009 3119 1070; baseline 0.002 -6"><span class='ocrx_word' id='word_1_63' title='bbox 1109 1009 1408 1066; x_wconf 79' lang='lat' dir='ltr'><strong>TEXTUS.</strong></span> <span class='ocrx_word' id='word_1_64' title='bbox 2736 1014 3119 1070; x_wconf 72' lang='lat' dir='ltr'><strong>KEIMENON.</strong></span> 
     </span>
    </p>
   </div>
   <div class='ocr_carea' id='block_1_10' title="bbox 536 1100 2054 1181">
    <p class='ocr_par' dir='ltr' id='par_1_10' title="bbox 536 1100 2046 1174">
     <span class='ocr_line' id='line_1_10' title="bbox 536 1100 2046 1174; baseline 0.002 -19"><span class='ocrx_word' id='word_1_65' title='bbox 536 1100 784 1165; x_wconf 79' lang='lat' dir='ltr'><strong>XX,l-6.</strong></span> <span class='ocrx_word' id='word_1_66' title='bbox 813 1103 1106 1174; x_wconf 82' lang='lat' dir='ltr'><strong>Postquam</strong></span> <span class='ocrx_word' id='word_1_67' title='bbox 1122 1112 1300 1158; x_wconf 82' lang='lat' dir='ltr'><strong>autem</strong></span> <span class='ocrx_word' id='word_1_68' title='bbox 1328 1103 1563 1160; x_wconf 85' lang='lat' dir='ltr'><strong>cessavit</strong></span> <span class='ocrx_word' id='word_1_69' title='bbox 1576 1103 2046 1168; x_wconf 84' lang='lat' dir='ltr'><strong>tumultus,voca—</strong></span> 
     </span>
    </p>
   </div>
   <div class='ocr_carea' id='block_1_11' title="bbox 2156 1100 3696 1181">
    <p class='ocr_par' dir='ltr' id='par_1_11' title="bbox 2216 1105 3696 1181">
     <span class='ocr_line' id='line_1_11' title="bbox 2216 1105 3696 1181; baseline 0 -19"><span class='ocrx_word' id='word_1_70' title='bbox 2216 1108 2368 1162; x_wconf 89' lang='grc' dir='ltr'>Μετά</span> <span class='ocrx_word' id='word_1_71' title='bbox 2401 1108 2457 1160; x_wconf 81' lang='grc' dir='ltr'>δὲ</span> <span class='ocrx_word' id='word_1_72' title='bbox 2493 1109 2551 1161; x_wconf 78' lang='grc' dir='ltr'>τὸ</span> <span class='ocrx_word' id='word_1_73' title='bbox 2598 1107 2907 1162; x_wconf 80' lang='grc' dir='ltr'>παύσασθαι</span> <span class='ocrx_word' id='word_1_74' title='bbox 2941 1105 3032 1160; x_wconf 82' lang='grc' dir='ltr'>τὸν</span> <span class='ocrx_word' id='word_1_75' title='bbox 3068 1105 3331 1178; x_wconf 84' lang='grc' dir='ltr'>Θὸρυϐον,</span> <span class='ocrx_word' id='word_1_76' title='bbox 3364 1111 3696 1181; x_wconf 61' lang='grc' dir='ltr'>μεταπεμψὼ</span> 
     </span>
    </p>
   </div>
   <div class='ocr_carea' id='block_1_12' title="bbox 467 1192 2054 1272">
    <p class='ocr_par' dir='ltr' id='par_1_12' title="bbox 467 1192 2046 1265">
     <span class='ocr_line' id='line_1_12' title="bbox 467 1192 2046 1265; baseline 0.001 -20"><span class='ocrx_word' id='word_1_77' title='bbox 467 1192 547 1246; x_wconf 79' lang='lat' dir='ltr'><strong>vit</strong></span> <span class='ocrx_word' id='word_1_78' title='bbox 573 1192 772 1250; x_wconf 79' lang='lat' dir='ltr'><strong>Paulus</strong></span> <span class='ocrx_word' id='word_1_79' title='bbox 795 1193 1119 1265; x_wconf 85' lang='lat' dir='ltr'><strong>discipulos,</strong></span> <span class='ocrx_word' id='word_1_80' title='bbox 1143 1202 1198 1249; x_wconf 89' lang='lat' dir='ltr'><strong>et</strong></span> <span class='ocrx_word' id='word_1_81' title='bbox 1215 1195 1539 1250; x_wconf 75' lang='lat' dir='ltr'><strong>exhortatus</strong></span> <span class='ocrx_word' id='word_1_82' title='bbox 1556 1209 1674 1260; x_wconf 87' lang='lat' dir='ltr'><strong>eos,</strong></span> <span class='ocrx_word' id='word_1_83' title='bbox 1695 1193 1972 1259; x_wconf 77' lang='lat' dir='ltr'><strong>valedixit,</strong></span> <span class='ocrx_word' id='word_1_84' title='bbox 1991 1198 2046 1248; x_wconf 88' lang='lat' dir='ltr'><strong>et</strong></span> 
     </span>
    </p>
   </div>
   <div class='ocr_carea' id='block_1_13' title="bbox 2156 1192 3694 1272">
    <p class='ocr_par' dir='ltr' id='par_1_13' title="bbox 2156 1198 3694 1272">
     <span class='ocr_line' id='line_1_13' title="bbox 2156 1198 3694 1272; baseline 0 -16"><span class='ocrx_word' id='word_1_85' title='bbox 2156 1219 2310 1272; x_wconf 84' lang='grc' dir='ltr'>μενος</span> <span class='ocrx_word' id='word_1_86' title='bbox 2347 1203 2375 1255; x_wconf 83' lang='grc' dir='ltr'><strong>ὁ</strong></span> <span class='ocrx_word' id='word_1_87' title='bbox 2404 1201 2615 1264; x_wconf 82' lang='grc' dir='ltr'><strong>Παῦλος</strong></span> <span class='ocrx_word' id='word_1_88' title='bbox 2663 1201 2791 1264; x_wconf 76' lang='grc' dir='ltr'>τοὺς</span> <span class='ocrx_word' id='word_1_89' title='bbox 2857 1199 3132 1270; x_wconf 80' lang='grc' dir='ltr'>μαθητὰς,</span> <span class='ocrx_word' id='word_1_90' title='bbox 3191 1198 3290 1254; x_wconf 72' lang='grc' dir='ltr'>καὶ</span> <span class='ocrx_word' id='word_1_91' title='bbox 3343 1203 3694 1271; x_wconf 72' lang='grc' dir='ltr'><strong>παρακαλέσας</strong></span> 
     </span>
    </p>
   </div>
   <div class='ocr_carea' id='block_1_14' title="bbox 469 1279 2054 1363">
    <p class='ocr_par' dir='ltr' id='par_1_14' title="bbox 469 1286 2048 1357">
     <span class='ocr_line' id='line_1_14' title="bbox 469 1286 2048 1357; baseline -0.001 -17"><span class='ocrx_word' id='word_1_92' title='bbox 469 1286 748 1355; x_wconf 76' lang='lat' dir='ltr'><strong>proiectus</strong></span> <span class='ocrx_word' id='word_1_93' title='bbox 767 1296 854 1342; x_wconf 89' lang='lat' dir='ltr'><strong>est</strong></span> <span class='ocrx_word' id='word_1_94' title='bbox 870 1296 930 1342; x_wconf 90' lang='lat' dir='ltr'><strong>ut</strong></span> <span class='ocrx_word' id='word_1_95' title='bbox 959 1288 1065 1343; x_wconf 91' lang='lat' dir='ltr'><strong>iret</strong></span> <span class='ocrx_word' id='word_1_96' title='bbox 1087 1288 1138 1343; x_wconf 93' lang='lat' dir='ltr'><strong>in</strong></span> <span class='ocrx_word' id='word_1_97' title='bbox 1158 1287 1557 1342; x_wconf 76' lang='lat' dir='ltr'><strong>Macedoniam.</strong></span> <span class='ocrx_word' id='word_1_98' title='bbox 1571 1287 1706 1343; x_wconf 85' lang='lat' dir='ltr'><strong>Cum</strong></span> <span class='ocrx_word' id='word_1_99' title='bbox 1726 1295 1906 1342; x_wconf 88' lang='lat' dir='ltr'><strong>autem</strong></span> <span class='ocrx_word' id='word_1_100' title='bbox 1922 1301 2048 1357; x_wconf 86' lang='lat' dir='ltr'><strong>per-</strong></span> 
     </span>
    </p>
   </div>
   <div class='ocr_carea' id='block_1_15' title="bbox 2156 1279 3693 1363">
    <p class='ocr_par' dir='ltr' id='par_1_15' title="bbox 2156 1279 3693 1363">
     <span class='ocr_line' id='line_1_15' title="bbox 2156 1279 3693 1363; baseline 0.002 -17"><span class='ocrx_word' id='word_1_101' title='bbox 2156 1279 2534 1363; x_wconf 67' lang='grc' dir='ltr'>ἀστπασάμενός</span> <span class='ocrx_word' id='word_1_102' title='bbox 2555 1309 2637 1358; x_wconf 88' lang='grc' dir='ltr'><strong>τε,</strong></span> <span class='ocrx_word' id='word_1_103' title='bbox 2661 1289 2853 1362; x_wconf 80' lang='grc' dir='ltr'>ἐξῆλθε</span> <span class='ocrx_word' id='word_1_104' title='bbox 2887 1288 3221 1360; x_wconf 80' lang='grc' dir='ltr'>πορεύεσθαι</span> <span class='ocrx_word' id='word_1_105' title='bbox 3253 1292 3339 1354; x_wconf 85' lang='grc' dir='ltr'><strong>είς</strong></span> <span class='ocrx_word' id='word_1_106' title='bbox 3361 1293 3693 1349; x_wconf 72' lang='grc' dir='ltr'><strong>Μακεδονίαν.</strong></span> 
     </span>
    </p>
   </div>
   <div class='ocr_carea' id='block_1_16' title="bbox 467 1379 2054 1454">
    <p class='ocr_par' dir='ltr' id='par_1_16' title="bbox 467 1379 2046 1451">
     <span class='ocr_line' id='line_1_16' title="bbox 467 1379 2046 1451; baseline 0 -19"><span class='ocrx_word' id='word_1_107' title='bbox 467 1379 808 1436; x_wconf 75' lang='lat' dir='ltr'><strong>atttbnlasset</strong></span> <span class='ocrx_word' id='word_1_108' title='bbox 847 1388 1028 1451; x_wconf 86' lang='lat' dir='ltr'><strong>partes</strong></span> <span class='ocrx_word' id='word_1_109' title='bbox 1061 1380 1206 1446; x_wconf 89' lang='lat' dir='ltr'><strong>illas,</strong></span> <span class='ocrx_word' id='word_1_110' title='bbox 1258 1389 1312 1435; x_wconf 88' lang='lat' dir='ltr'><strong>et</strong></span> <span class='ocrx_word' id='word_1_111' title='bbox 1352 1380 1674 1435; x_wconf 79' lang='lat' dir='ltr'><strong>exhortatus</strong></span> <span class='ocrx_word' id='word_1_112' title='bbox 1710 1395 1807 1434; x_wconf 86' lang='lat' dir='ltr'><strong>eos</strong></span> <span class='ocrx_word' id='word_1_113' title='bbox 1853 1379 2046 1436; x_wconf 79' lang='lat' dir='ltr'><strong>fuisset</strong></span> 
     </span>
    </p>
   </div>
   <div class='ocr_carea' id='block_1_17' title="bbox 2156 1379 3691 1454">
    <p class='ocr_par' dir='ltr' id='par_1_17' title="bbox 2156 1381 3691 1454">
     <span class='ocr_line' id='line_1_17' title="bbox 2156 1381 3691 1454; baseline 0.001 -16"><span class='ocrx_word' id='word_1_114' title='bbox 2156 1383 2384 1438; x_wconf 80' lang='grc' dir='ltr'>Διελθὼν</span> <span class='ocrx_word' id='word_1_115' title='bbox 2407 1384 2464 1438; x_wconf 72' lang='grc' dir='ltr'>δὲ</span> <span class='ocrx_word' id='word_1_116' title='bbox 2489 1383 2555 1438; x_wconf 74' lang='grc' dir='ltr'><strong>τά</strong></span> <span class='ocrx_word' id='word_1_117' title='bbox 2587 1384 2728 1454; x_wconf 85' lang='grc' dir='ltr'>μέρη</span> <span class='ocrx_word' id='word_1_118' title='bbox 2759 1383 2965 1447; x_wconf 79' lang='grc' dir='ltr'>ἐκεῖνα,</span> <span class='ocrx_word' id='word_1_119' title='bbox 2993 1381 3090 1437; x_wconf 78' lang='grc' dir='ltr'>καὶ</span> <span class='ocrx_word' id='word_1_120' title='bbox 3113 1381 3506 1452; x_wconf 81' lang='grc' dir='ltr'>παρακαλέσας</span> <span class='ocrx_word' id='word_1_121' title='bbox 3529 1386 3691 1451; x_wconf 71' lang='grc' dir='ltr'>αὐτοὺς</span> 
     </span>
    </p>
   </div>
   <div class='ocr_carea' id='block_1_18' title="bbox 469 1467 2054 1550">
    <p class='ocr_par' dir='ltr' id='par_1_18' title="bbox 469 1467 2046 1540">
     <span class='ocr_line' id='line_1_18' title="bbox 469 1467 2046 1540; baseline 0.002 -16"><span class='ocrx_word' id='word_1_122' title='bbox 469 1467 644 1525; x_wconf 88' lang='lat' dir='ltr'><strong>multo</strong></span> <span class='ocrx_word' id='word_1_123' title='bbox 683 1486 960 1540; x_wconf 82' lang='lat' dir='ltr'><strong>sermone,</strong></span> <span class='ocrx_word' id='word_1_124' title='bbox 986 1473 1136 1526; x_wconf 82' lang='lat' dir='ltr'><strong>venit</strong></span> <span class='ocrx_word' id='word_1_125' title='bbox 1164 1471 1230 1526; x_wconf 90' lang='lat' dir='ltr'><strong>ad</strong></span> <span class='ocrx_word' id='word_1_126' title='bbox 1261 1470 1548 1528; x_wconf 77' lang='lat' dir='ltr'><strong>Graeciam.</strong></span> <span class='ocrx_word' id='word_1_127' title='bbox 1579 1471 1682 1527; x_wconf 87' lang='lat' dir='ltr'><strong>Ubi</strong></span> <span class='ocrx_word' id='word_1_128' title='bbox 1732 1486 1855 1527; x_wconf 93' lang='lat' dir='ltr'><strong>cum</strong></span> <span class='ocrx_word' id='word_1_129' title='bbox 1887 1470 2046 1527; x_wconf 81' lang='lat' dir='ltr'><strong>fecis-</strong></span> 
     </span>
    </p>
   </div>
   <div class='ocr_carea' id='block_1_19' title="bbox 2156 1467 3694 1550">
    <p class='ocr_par' dir='ltr' id='par_1_19' title="bbox 2156 1473 3694 1550">
     <span class='ocr_line' id='line_1_19' title="bbox 2156 1473 3694 1550; baseline 0 -18"><span class='ocrx_word' id='word_1_130' title='bbox 2156 1478 2290 1550; x_wconf 80' lang='grc' dir='ltr'>λόγῳ</span> <span class='ocrx_word' id='word_1_131' title='bbox 2329 1475 2510 1547; x_wconf 81' lang='grc' dir='ltr'>πολλῷ</span> <span class='ocrx_word' id='word_1_132' title='bbox 2534 1516 2550 1542; x_wconf 91' lang='grc'><strong>,</strong></span> <span class='ocrx_word' id='word_1_133' title='bbox 2608 1474 2772 1548; x_wconf 74' lang='grc' dir='ltr'>ἦλθεν</span> <span class='ocrx_word' id='word_1_134' title='bbox 2807 1475 2886 1541; x_wconf 90' lang='grc' dir='ltr'><strong>είς</strong></span> <span class='ocrx_word' id='word_1_135' title='bbox 2934 1473 3036 1546; x_wconf 79' lang='grc' dir='ltr'>τὴν</span> <span class='ocrx_word' id='word_1_136' title='bbox 3075 1473 3332 1530; x_wconf 80' lang='grc' dir='ltr'>Ἐλλάδα.</span> <span class='ocrx_word' id='word_1_137' title='bbox 3391 1477 3612 1547; x_wconf 83' lang='grc' dir='ltr'>Ποιήσας</span> <span class='ocrx_word' id='word_1_138' title='bbox 3647 1495 3694 1532; x_wconf 83' lang='grc' dir='ltr'><strong>τε</strong></span> 
     </span>
    </p>
   </div>
   <div class='ocr_carea' id='block_1_20' title="bbox 469 1563 2054 1642">
    <p class='ocr_par' dir='ltr' id='par_1_20' title="bbox 469 1563 2044 1631">
     <span class='ocr_line' id='line_1_20' title="bbox 469 1563 2044 1631; baseline 0.001 -13"><span class='ocrx_word' id='word_1_139' title='bbox 469 1571 554 1619; x_wconf 82' lang='lat' dir='ltr'><strong>set</strong></span> <span class='ocrx_word' id='word_1_140' title='bbox 583 1579 802 1621; x_wconf 89' lang='lat' dir='ltr'><strong>menses</strong></span> <span class='ocrx_word' id='word_1_141' title='bbox 841 1574 977 1631; x_wconf 89' lang='lat' dir='ltr'><strong>tres,</strong></span> <span class='ocrx_word' id='word_1_142' title='bbox 1025 1565 1184 1620; x_wconf 63' lang='lat' dir='ltr'><strong>factae</strong></span> <span class='ocrx_word' id='word_1_143' title='bbox 1223 1574 1352 1620; x_wconf 87' lang='lat' dir='ltr'><strong>sunt</strong></span> <span class='ocrx_word' id='word_1_144' title='bbox 1391 1564 1470 1619; x_wconf 85' lang='lat' dir='ltr'><strong>illi</strong></span> <span class='ocrx_word' id='word_1_145' title='bbox 1516 1564 1726 1619; x_wconf 69' lang='lat' dir='ltr'><strong>insidiae</strong></span> <span class='ocrx_word' id='word_1_146' title='bbox 1772 1579 1801 1618; x_wconf 93' lang='lat' dir='ltr'><strong>a</strong></span> <span class='ocrx_word' id='word_1_147' title='bbox 1843 1563 2044 1620; x_wconf 74' lang='lat' dir='ltr'><strong>Judzeis</strong></span> 
     </span>
    </p>
   </div>
   <div class='ocr_carea' id='block_1_21' title="bbox 2156 1563 3692 1642">
    <p class='ocr_par' dir='ltr' id='par_1_21' title="bbox 2156 1567 3692 1642">
     <span class='ocr_line' id='line_1_21' title="bbox 2156 1567 3692 1642; baseline -0.002 -17"><span class='ocrx_word' id='word_1_148' title='bbox 2156 1571 2328 1642; x_wconf 78' lang='grc' dir='ltr'>μῆνας</span> <span class='ocrx_word' id='word_1_149' title='bbox 2371 1570 2558 1642; x_wconf 80' lang='grc' dir='ltr'>τρεῖς,</span> <span class='ocrx_word' id='word_1_150' title='bbox 2615 1570 2915 1640; x_wconf 80' lang='grc' dir='ltr'><strong>γενομένης</strong></span> <span class='ocrx_word' id='word_1_151' title='bbox 2947 1567 3098 1640; x_wconf 82' lang='grc' dir='ltr'><strong>αύτῷ</strong></span> <span class='ocrx_word' id='word_1_152' title='bbox 3153 1567 3453 1638; x_wconf 78' lang='grc' dir='ltr'>ἐπιϐουλῆς</span> <span class='ocrx_word' id='word_1_153' title='bbox 3486 1569 3582 1622; x_wconf 79' lang='grc' dir='ltr'>ὑπὸ</span> <span class='ocrx_word' id='word_1_154' title='bbox 3605 1570 3692 1622; x_wconf 77' lang='grc' dir='ltr'>τῶν</span> 
     </span>
    </p>
   </div>
   <div class='ocr_carea' id='block_1_22' title="bbox 471 1648 2054 1733">
    <p class='ocr_par' dir='ltr' id='par_1_22' title="bbox 471 1648 2046 1726">
     <span class='ocr_line' id='line_1_22' title="bbox 471 1648 2046 1726; baseline -0.001 -14"><span class='ocrx_word' id='word_1_155' title='bbox 471 1648 798 1725; x_wconf 85' lang='lat' dir='ltr'><strong>navigatnro</strong></span> <span class='ocrx_word' id='word_1_156' title='bbox 833 1656 884 1710; x_wconf 91' lang='lat' dir='ltr'><strong>in</strong></span> <span class='ocrx_word' id='word_1_157' title='bbox 925 1657 1172 1726; x_wconf 80' lang='lat' dir='ltr'><strong>Syriam;</strong></span> <span class='ocrx_word' id='word_1_158' title='bbox 1199 1656 1496 1725; x_wconf 83' lang='lat' dir='ltr'><strong>habuitque</strong></span> <span class='ocrx_word' id='word_1_159' title='bbox 1549 1656 1839 1712; x_wconf 82' lang='lat' dir='ltr'><strong>consilium</strong></span> <span class='ocrx_word' id='word_1_160' title='bbox 1874 1665 1932 1711; x_wconf 89' lang='lat' dir='ltr'><strong>ut</strong></span> <span class='ocrx_word' id='word_1_161' title='bbox 1962 1671 2046 1711; x_wconf 86' lang='lat' dir='ltr'><strong>re-</strong></span> 
     </span>
    </p>
   </div>
   <div class='ocr_carea' id='block_1_23' title="bbox 2156 1648 3695 1733">
    <p class='ocr_par' dir='ltr' id='par_1_23' title="bbox 2159 1659 3695 1733">
     <span class='ocr_line' id='line_1_23' title="bbox 2159 1659 3695 1733; baseline -0.002 -16"><span class='ocrx_word' id='word_1_162' title='bbox 2159 1661 2447 1729; x_wconf 81' lang='grc' dir='ltr'><strong>Ἰουδαίων,</strong></span> <span class='ocrx_word' id='word_1_163' title='bbox 2487 1662 2734 1733; x_wconf 87' lang='grc' dir='ltr'>μέλλοντι</span> <span class='ocrx_word' id='word_1_164' title='bbox 2764 1661 3064 1731; x_wconf 84' lang='grc' dir='ltr'>ἀνάγεσθαι</span> <span class='ocrx_word' id='word_1_165' title='bbox 3091 1661 3175 1726; x_wconf 83' lang='grc' dir='ltr'><strong>είς</strong></span> <span class='ocrx_word' id='word_1_166' title='bbox 3215 1659 3318 1730; x_wconf 76' lang='grc' dir='ltr'>τὴν</span> <span class='ocrx_word' id='word_1_167' title='bbox 3351 1661 3564 1732; x_wconf 87' lang='grc' dir='ltr'>Συρίαν,</span> <span class='ocrx_word' id='word_1_168' title='bbox 3592 1662 3695 1728; x_wconf 81' lang='grc' dir='ltr'>ἐγέ-</span> 
     </span>
    </p>
   </div>
   <div class='ocr_carea' id='block_1_24' title="bbox 471 1746 2043 1818">
    <p class='ocr_par' dir='ltr' id='par_1_24' title="bbox 471 1746 2043 1818">
     <span class='ocr_line' id='line_1_24' title="bbox 471 1746 2043 1818; baseline -0.001 -17"><span class='ocrx_word' id='word_1_169' title='bbox 471 1755 778 1802; x_wconf 77' lang='lat' dir='ltr'><strong>verteretur</strong></span> <span class='ocrx_word' id='word_1_170' title='bbox 792 1746 1293 1818; x_wconf 79' lang='lat' dir='ltr'><strong>perMacedoniam.</strong></span> <span class='ocrx_word' id='word_1_171' title='bbox 1313 1746 1614 1801; x_wconf 82' lang='lat' dir='ltr'><strong>Comitatus</strong></span> <span class='ocrx_word' id='word_1_172' title='bbox 1627 1757 1704 1802; x_wconf 71' lang='grc' dir='ltr'>ρει</span> <span class='ocrx_word' id='word_1_173' title='bbox 1723 1754 1904 1799; x_wconf 88' lang='lat' dir='ltr'><strong>autem</strong></span> <span class='ocrx_word' id='word_1_174' title='bbox 1921 1760 2043 1800; x_wconf 92' lang='lat' dir='ltr'><strong>cum</strong></span> 
     </span>
    </p>
   </div>
   <div class='ocr_carea' id='block_1_25' title="bbox 471 1837 2047 1910">
    <p class='ocr_par' dir='ltr' id='par_1_25' title="bbox 471 1837 2047 1910">
     <span class='ocr_line' id='line_1_25' title="bbox 471 1837 2047 1910; baseline 0 -17"><span class='ocrx_word' id='word_1_175' title='bbox 471 1837 704 1908; x_wconf 86' lang='lat' dir='ltr'><strong>Sopater</strong></span> <span class='ocrx_word' id='word_1_176' title='bbox 743 1838 930 1910; x_wconf 84' lang='lat' dir='ltr'><strong>Pyrrhi</strong></span> <span class='ocrx_word' id='word_1_177' title='bbox 959 1838 1290 1905; x_wconf 80' lang='lat' dir='ltr'><strong>Bcrteensis,</strong></span> <span class='ocrx_word' id='word_1_178' title='bbox 1322 1839 1894 1896; x_wconf 84' lang='lat' dir='ltr'><strong>Thessalonicensinm</strong></span> <span class='ocrx_word' id='word_1_179' title='bbox 1917 1853 2047 1893; x_wconf 89' lang='lat' dir='ltr'><strong>vero</strong></span> 
     </span>
    </p>
   </div>
   <div class='ocr_carea' id='block_1_26' title="bbox 472 1928 2048 1987">
    <p class='ocr_par' dir='ltr' id='par_1_26' title="bbox 472 1928 2048 1987">
     <span class='ocr_line' id='line_1_26' title="bbox 472 1928 2048 1987; baseline 0 -4"><span class='ocrx_word' id='word_1_180' title='bbox 472 1928 826 1984; x_wconf 79' lang='lat' dir='ltr'><strong>Aristarchus</strong></span> <span class='ocrx_word' id='word_1_181' title='bbox 851 1943 905 1985; x_wconf 86' lang='lat' dir='ltr'><strong>et</strong></span> <span class='ocrx_word' id='word_1_182' title='bbox 932 1928 1218 1985; x_wconf 81' lang='lat' dir='ltr'><strong>Secundus</strong></span> <span class='ocrx_word' id='word_1_183' title='bbox 1245 1939 1294 1984; x_wconf 92' lang='lat' dir='ltr'><strong>et</strong></span> <span class='ocrx_word' id='word_1_184' title='bbox 1319 1930 1487 1987; x_wconf 85' lang='lat' dir='ltr'><strong>Gaius</strong></span> <span class='ocrx_word' id='word_1_185' title='bbox 1515 1930 1754 1987; x_wconf 86' lang='lat' dir='ltr'><strong>Derheus</strong></span> <span class='ocrx_word' id='word_1_186' title='bbox 1783 1942 1836 1987; x_wconf 92' lang='lat' dir='ltr'><strong>et</strong></span> <span class='ocrx_word' id='word_1_187' title='bbox 1861 1929 2048 1984; x_wconf 83' lang='lat' dir='ltr'><strong>Timo-</strong></span> 
     </span>
    </p>
   </div>
   <div class='ocr_carea' id='block_1_27' title="bbox 2148 1751 3690 1825">
    <p class='ocr_par' dir='ltr' id='par_1_27' title="bbox 2148 1751 3690 1825">
     <span class='ocr_line' id='line_1_27' title="bbox 2148 1751 3690 1825; baseline -0.001 -18"><span class='ocrx_word' id='word_1_188' title='bbox 2148 1772 2268 1807; x_wconf 87' lang='grc' dir='ltr'>νετο</span> <span class='ocrx_word' id='word_1_189' title='bbox 2292 1754 2486 1822; x_wconf 83' lang='grc' dir='ltr'>γνώμη</span> <span class='ocrx_word' id='word_1_190' title='bbox 2517 1751 2611 1807; x_wconf 79' lang='grc' dir='ltr'>τοῦ</span> <span class='ocrx_word' id='word_1_191' title='bbox 2664 1754 3026 1825; x_wconf 77' lang='grc' dir='ltr'><strong>ὑποστρέφειν</strong></span> <span class='ocrx_word' id='word_1_192' title='bbox 3068 1751 3157 1806; x_wconf 82' lang='grc' dir='ltr'><strong>διὰ</strong></span> <span class='ocrx_word' id='word_1_193' title='bbox 3194 1751 3546 1816; x_wconf 82' lang='grc' dir='ltr'>Μακεδονίας.</span> <span class='ocrx_word' id='word_1_194' title='bbox 3581 1754 3690 1807; x_wconf 87' lang='grc' dir='ltr'>Συν-</span> 
     </span>
    </p>
   </div>
   <div class='ocr_carea' id='block_1_28' title="bbox 2149 1845 3690 1916">
    <p class='ocr_par' dir='ltr' id='par_1_28' title="bbox 2149 1845 3690 1916">
     <span class='ocr_line' id='line_1_28' title="bbox 2149 1845 3690 1916; baseline 0 -16"><span class='ocrx_word' id='word_1_195' title='bbox 2149 1848 2331 1900; x_wconf 87' lang='grc' dir='ltr'>είπετο</span> <span class='ocrx_word' id='word_1_196' title='bbox 2379 1846 2434 1901; x_wconf 80' lang='grc' dir='ltr'>δὲ</span> <span class='ocrx_word' id='word_1_197' title='bbox 2479 1845 2627 1916; x_wconf 84' lang='grc' dir='ltr'>αὖτῷ</span> <span class='ocrx_word' id='word_1_198' title='bbox 2666 1845 2792 1916; x_wconf 80' lang='grc' dir='ltr'>ἄχρι</span> <span class='ocrx_word' id='word_1_199' title='bbox 2820 1845 2919 1916; x_wconf 89' lang='grc' dir='ltr'>τῆς</span> <span class='ocrx_word' id='word_1_200' title='bbox 2953 1845 3140 1909; x_wconf 80' lang='grc' dir='ltr'>Ἀσίας</span> <span class='ocrx_word' id='word_1_201' title='bbox 3180 1845 3477 1915; x_wconf 82' lang='grc' dir='ltr'>Σώπατρος</span> <span class='ocrx_word' id='word_1_202' title='bbox 3502 1845 3690 1916; x_wconf 79' lang='grc' dir='ltr'>Πύρῤου</span> 
     </span>
    </p>
   </div>
   <div class='ocr_carea' id='block_1_29' title="bbox 2149 1937 3688 2011">
    <p class='ocr_par' dir='ltr' id='par_1_29' title="bbox 2149 1937 3688 2011">
     <span class='ocr_line' id='line_1_29' title="bbox 2149 1937 3688 2011; baseline -0.001 -17"><span class='ocrx_word' id='word_1_203' title='bbox 2149 1939 2458 2011; x_wconf 82' lang='grc' dir='ltr'>Βεροιαῖος·</span> <span class='ocrx_word' id='word_1_204' title='bbox 2495 1937 2936 1995; x_wconf 76' lang='grc' dir='ltr'>Θεσσαλονικέων</span> <span class='ocrx_word' id='word_1_205' title='bbox 2975 1938 3050 2001; x_wconf 79' lang='grc' dir='ltr'><strong>δὲ,</strong></span> <span class='ocrx_word' id='word_1_206' title='bbox 3086 1938 3469 2010; x_wconf 79' lang='grc' dir='ltr'>Ἀρίσταρχος,</span> <span class='ocrx_word' id='word_1_207' title='bbox 3504 1941 3587 1992; x_wconf 77' lang='grc' dir='ltr'>καὶ</span> <span class='ocrx_word' id='word_1_208' title='bbox 3611 1941 3688 1993; x_wconf 87' lang='grc' dir='ltr'><strong>Σε-</strong></span> 
     </span>
    </p>
   </div>
   <div class='ocr_carea' id='block_1_30' title="bbox 471 2022 2054 2102">
    <p class='ocr_par' dir='ltr' id='par_1_30' title="bbox 471 2022 2044 2098">
     <span class='ocr_line' id='line_1_30' title="bbox 471 2022 2044 2098; baseline -0.001 -21"><span class='ocrx_word' id='word_1_209' title='bbox 471 2023 652 2086; x_wconf 87' lang='lat' dir='ltr'><strong>theus,</strong></span> <span class='ocrx_word' id='word_1_210' title='bbox 697 2023 880 2078; x_wconf 79' lang='lat' dir='ltr'><strong>Asiani</strong></span> <span class='ocrx_word' id='word_1_211' title='bbox 909 2037 1036 2077; x_wconf 87' lang='lat' dir='ltr'><strong>vero</strong></span> <span class='ocrx_word' id='word_1_212' title='bbox 1061 2022 1334 2094; x_wconf 82' lang='lat' dir='ltr'><strong>Tychicns</strong></span> <span class='ocrx_word' id='word_1_213' title='bbox 1363 2033 1416 2078; x_wconf 81' lang='lat' dir='ltr'><strong>et</strong></span> <span class='ocrx_word' id='word_1_214' title='bbox 1438 2023 1805 2098; x_wconf 85' lang='lat' dir='ltr'><strong>Trophymus.</strong></span> <span class='ocrx_word' id='word_1_215' title='bbox 1842 2023 1902 2077; x_wconf 87' lang='lat' dir='ltr'><strong>Hi</strong></span> <span class='ocrx_word' id='word_1_216' title='bbox 1923 2040 2044 2078; x_wconf 88' lang='lat' dir='ltr'><strong>cum</strong></span> 
     </span>
    </p>
   </div>
   <div class='ocr_carea' id='block_1_31' title="bbox 2156 2022 3690 2102">
    <p class='ocr_par' dir='ltr' id='par_1_31' title="bbox 2156 2029 3690 2101">
     <span class='ocr_line' id='line_1_31' title="bbox 2156 2029 3690 2101; baseline -0.001 -16"><span class='ocrx_word' id='word_1_217' title='bbox 2156 2031 2390 2098; x_wconf 80' lang='grc' dir='ltr'>κοῦνδος,</span> <span class='ocrx_word' id='word_1_218' title='bbox 2425 2031 2518 2084; x_wconf 66' lang='grc' dir='ltr'>καὶ</span> <span class='ocrx_word' id='word_1_219' title='bbox 2549 2031 2708 2094; x_wconf 79' lang='grc' dir='ltr'>Γάϊος</span> <span class='ocrx_word' id='word_1_220' title='bbox 2735 2029 3012 2101; x_wconf 78' lang='grc' dir='ltr'>Δερϐαῖος,</span> <span class='ocrx_word' id='word_1_221' title='bbox 3037 2029 3134 2083; x_wconf 78' lang='grc' dir='ltr'>καὶ</span> <span class='ocrx_word' id='word_1_222' title='bbox 3163 2029 3431 2100; x_wconf 76' lang='grc' dir='ltr'>Τιμόθεος</span> <span class='ocrx_word' id='word_1_223' title='bbox 3449 2047 3462 2060; x_wconf 87' lang='grc'><strong>·</strong></span> <span class='ocrx_word' id='word_1_224' title='bbox 3487 2030 3690 2083; x_wconf 77' lang='grc' dir='ltr'>Ἀσιανοὶ</span> 
     </span>
    </p>
   </div>
   <div class='ocr_carea' id='block_1_32' title="bbox 472 2115 2046 2196">
    <p class='ocr_par' dir='ltr' id='par_1_32' title="bbox 472 2115 2046 2196">
     <span class='ocr_line' id='line_1_32' title="bbox 472 2115 2046 2196; baseline 0.002 -28"><span class='ocrx_word' id='word_1_225' title='bbox 472 2115 910 2186; x_wconf 62' lang='grc' dir='ltr'>ρττρςθεεὶεεοηί,</span> <span class='ocrx_word' id='word_1_226' title='bbox 945 2118 1328 2196; x_wconf 82' lang='lat' dir='ltr'><strong>sustinuerunt</strong></span> <span class='ocrx_word' id='word_1_227' title='bbox 1363 2133 1464 2172; x_wconf 88' lang='lat' dir='ltr'><strong>nos</strong></span> <span class='ocrx_word' id='word_1_228' title='bbox 1509 2116 1744 2173; x_wconf 87' lang='lat' dir='ltr'><strong>Troade.</strong></span> <span class='ocrx_word' id='word_1_229' title='bbox 1774 2115 1888 2171; x_wconf 81' lang='lat' dir='ltr'><strong>Nos</strong></span> <span class='ocrx_word' id='word_1_230' title='bbox 1916 2131 2046 2172; x_wconf 83' lang='lat' dir='ltr'><strong>vero</strong></span> 
     </span>
    </p>
   </div>
   <div class='ocr_carea' id='block_1_33' title="bbox 2147 2114 3682 2192">
    <p class='ocr_par' dir='ltr' id='par_1_33' title="bbox 2147 2114 3682 2192">
     <span class='ocr_line' id='line_1_33' title="bbox 2147 2114 3682 2192; baseline -0.01 -4"><span class='ocrx_word' id='word_1_231' title='bbox 2147 2122 2224 2186; x_wconf 66' lang='grc' dir='ltr'><strong>δὲ,</strong></span> <span class='ocrx_word' id='word_1_232' title='bbox 2264 2122 2500 2192; x_wconf 75' lang='grc' dir='ltr'>Τυχικδς</span> <span class='ocrx_word' id='word_1_233' title='bbox 2548 2121 2641 2173; x_wconf 81' lang='grc' dir='ltr'>καὶ</span> <span class='ocrx_word' id='word_1_234' title='bbox 2706 2120 3006 2190; x_wconf 79' lang='grc' dir='ltr'>Τρόφιμος.</span> <span class='ocrx_word' id='word_1_235' title='bbox 3036 2114 3200 2174; x_wconf 75' lang='grc' dir='ltr'>Οὗτοι</span> <span class='ocrx_word' id='word_1_236' title='bbox 3247 2120 3303 2172; x_wconf 83' lang='grc' dir='ltr'><strong>δέ</strong></span> <span class='ocrx_word' id='word_1_237' title='bbox 3354 2119 3682 2190; x_wconf 78' lang='grc' dir='ltr'>προελθόντες,</span> 
     </span>
    </p>
   </div>
   <div class='ocr_carea' id='block_1_34' title="bbox 475 2204 2054 2286">
    <p class='ocr_par' dir='ltr' id='par_1_34' title="bbox 475 2204 2046 2279">
     <span class='ocr_line' id='line_1_34' title="bbox 475 2204 2046 2279; baseline 0.001 -18"><span class='ocrx_word' id='word_1_238' title='bbox 475 2207 853 2275; x_wconf 70' lang='lat' dir='ltr'><strong>navigavimus</strong></span> <span class='ocrx_word' id='word_1_239' title='bbox 905 2216 1026 2278; x_wconf 90' lang='lat' dir='ltr'><strong>post</strong></span> <span class='ocrx_word' id='word_1_240' title='bbox 1067 2205 1186 2263; x_wconf 86' lang='lat' dir='ltr'><strong>dies</strong></span> <span class='ocrx_word' id='word_1_241' title='bbox 1228 2207 1559 2279; x_wconf 77' lang='lat' dir='ltr'><strong>Azymornm</strong></span> <span class='ocrx_word' id='word_1_242' title='bbox 1600 2222 1630 2261; x_wconf 88' lang='lat' dir='ltr'><strong>a</strong></span> <span class='ocrx_word' id='word_1_243' title='bbox 1670 2204 1958 2277; x_wconf 81' lang='lat' dir='ltr'><strong>Philippis,</strong></span> <span class='ocrx_word' id='word_1_244' title='bbox 1991 2217 2046 2262; x_wconf 89' lang='lat' dir='ltr'><strong>et</strong></span> 
     </span>
    </p>
   </div>
   <div class='ocr_carea' id='block_1_35' title="bbox 2156 2204 3686 2286">
    <p class='ocr_par' dir='ltr' id='par_1_35' title="bbox 2156 2211 3686 2286">
     <span class='ocr_line' id='line_1_35' title="bbox 2156 2211 3686 2286; baseline 0 -19"><span class='ocrx_word' id='word_1_245' title='bbox 2156 2213 2339 2286; x_wconf 74' lang='grc' dir='ltr'>ἔμενον</span> <span class='ocrx_word' id='word_1_246' title='bbox 2361 2215 2505 2285; x_wconf 79' lang='grc' dir='ltr'>ἡμᾶς</span> <span class='ocrx_word' id='word_1_247' title='bbox 2527 2215 2582 2266; x_wconf 85' lang='grc' dir='ltr'>ὲν</span> <span class='ocrx_word' id='word_1_248' title='bbox 2602 2213 2837 2285; x_wconf 84' lang='grc' dir='ltr'>Τρωάδι.</span> <span class='ocrx_word' id='word_1_249' title='bbox 2858 2213 3047 2284; x_wconf 81' lang='grc' dir='ltr'>Ἡμεῖς</span> <span class='ocrx_word' id='word_1_250' title='bbox 3071 2213 3128 2266; x_wconf 83' lang='grc' dir='ltr'>δὲ</span> <span class='ocrx_word' id='word_1_251' title='bbox 3157 2211 3549 2283; x_wconf 78' lang='grc' dir='ltr'><strong>ἐξεπλεύσαμεν</strong></span> <span class='ocrx_word' id='word_1_252' title='bbox 3576 2216 3686 2282; x_wconf 82' lang='grc' dir='ltr'><strong>μετά</strong></span> 
     </span>
    </p>
   </div>
   <div class='ocr_carea' id='block_1_36' title="bbox 471 2296 2054 2378">
    <p class='ocr_par' dir='ltr' id='par_1_36' title="bbox 471 2296 2044 2369">
     <span class='ocr_line' id='line_1_36' title="bbox 471 2296 2044 2369; baseline -0.001 -16"><span class='ocrx_word' id='word_1_253' title='bbox 471 2298 728 2356; x_wconf 80' lang='lat' dir='ltr'><strong>venimus</strong></span> <span class='ocrx_word' id='word_1_254' title='bbox 775 2297 841 2352; x_wconf 89' lang='lat' dir='ltr'><strong>ad</strong></span> <span class='ocrx_word' id='word_1_255' title='bbox 870 2312 967 2355; x_wconf 87' lang='lat' dir='ltr'><strong>eos</strong></span> <span class='ocrx_word' id='word_1_256' title='bbox 1011 2297 1282 2354; x_wconf 86' lang='lat' dir='ltr'><strong>Troadem</strong></span> <span class='ocrx_word' id='word_1_257' title='bbox 1315 2299 1372 2354; x_wconf 90' lang='lat' dir='ltr'><strong>in</strong></span> <span class='ocrx_word' id='word_1_258' title='bbox 1420 2299 1614 2355; x_wconf 86' lang='lat' dir='ltr'><strong>diebus</strong></span> <span class='ocrx_word' id='word_1_259' title='bbox 1657 2299 1918 2369; x_wconf 85' lang='lat' dir='ltr'><strong>quinque,</strong></span> <span class='ocrx_word' id='word_1_260' title='bbox 1956 2296 2044 2354; x_wconf 87' lang='lat' dir='ltr'><strong>ubi</strong></span> 
     </span>
    </p>
   </div>
   <div class='ocr_carea' id='block_1_37' title="bbox 2156 2296 3684 2378">
    <p class='ocr_par' dir='ltr' id='par_1_37' title="bbox 2156 2303 3684 2378">
     <span class='ocr_line' id='line_1_37' title="bbox 2156 2303 3684 2378; baseline -0.002 -17"><span class='ocrx_word' id='word_1_261' title='bbox 2156 2309 2248 2372; x_wconf 81' lang='grc' dir='ltr'>τὰς</span> <span class='ocrx_word' id='word_1_262' title='bbox 2283 2308 2500 2378; x_wconf 78' lang='grc' dir='ltr'>ἡμέρας</span> <span class='ocrx_word' id='word_1_263' title='bbox 2529 2306 2639 2359; x_wconf 85' lang='grc' dir='ltr'>τῶν</span> <span class='ocrx_word' id='word_1_264' title='bbox 2667 2305 2922 2376; x_wconf 82' lang='grc' dir='ltr'>Ἀζύμων</span> <span class='ocrx_word' id='word_1_265' title='bbox 2960 2303 3068 2358; x_wconf 75' lang='grc' dir='ltr'><strong>ἀπὸ</strong></span> <span class='ocrx_word' id='word_1_266' title='bbox 3097 2303 3411 2368; x_wconf 73' lang='grc' dir='ltr'>Φιλίππων,</span> <span class='ocrx_word' id='word_1_267' title='bbox 3438 2305 3523 2358; x_wconf 84' lang='grc' dir='ltr'>καὶ</span> <span class='ocrx_word' id='word_1_268' title='bbox 3559 2304 3684 2374; x_wconf 68' lang='grc' dir='ltr'>ἤλθο-</span> 
     </span>
    </p>
   </div>
   <div class='ocr_carea' id='block_1_38' title="bbox 475 2392 2054 2469">
    <p class='ocr_par' dir='ltr' id='par_1_38' title="bbox 475 2392 1454 2467">
     <span class='ocr_line' id='line_1_38' title="bbox 475 2392 1454 2467; baseline 0 -17"><span class='ocrx_word' id='word_1_269' title='bbox 475 2392 740 2450; x_wconf 85' lang='lat' dir='ltr'><strong>demorati</strong></span> <span class='ocrx_word' id='word_1_270' title='bbox 781 2410 975 2450; x_wconf 87' lang='lat' dir='ltr'><strong>sumus</strong></span> <span class='ocrx_word' id='word_1_271' title='bbox 1000 2394 1194 2453; x_wconf 85' lang='lat' dir='ltr'><strong>diebus</strong></span> <span class='ocrx_word' id='word_1_272' title='bbox 1225 2405 1454 2467; x_wconf 85' lang='lat' dir='ltr'><strong>septem.</strong></span> 
     </span>
    </p>
   </div>
   <div class='ocr_carea' id='block_1_39' title="bbox 2156 2392 3682 2469">
    <p class='ocr_par' dir='ltr' id='par_1_39' title="bbox 2156 2395 3682 2469">
     <span class='ocr_line' id='line_1_39' title="bbox 2156 2395 3682 2469; baseline -0.002 -16"><span class='ocrx_word' id='word_1_273' title='bbox 2156 2417 2252 2469; x_wconf 88' lang='grc' dir='ltr'><strong>μεν</strong></span> <span class='ocrx_word' id='word_1_274' title='bbox 2305 2398 2443 2468; x_wconf 83' lang='grc' dir='ltr'>πρὸς</span> <span class='ocrx_word' id='word_1_275' title='bbox 2493 2397 2690 2458; x_wconf 75' lang='grc' dir='ltr'>αὐτοὺς</span> <span class='ocrx_word' id='word_1_276' title='bbox 2735 2397 2815 2460; x_wconf 76' lang='grc' dir='ltr'><strong>εἰς</strong></span> <span class='ocrx_word' id='word_1_277' title='bbox 2860 2395 2960 2466; x_wconf 79' lang='grc' dir='ltr'>τὴν</span> <span class='ocrx_word' id='word_1_278' title='bbox 3009 2395 3248 2466; x_wconf 84' lang='grc' dir='ltr'>Τρωάδα</span> <span class='ocrx_word' id='word_1_279' title='bbox 3297 2396 3450 2467; x_wconf 84' lang='grc' dir='ltr'>ἀχρις</span> <span class='ocrx_word' id='word_1_280' title='bbox 3500 2396 3682 2467; x_wconf 74' lang='grc' dir='ltr'>ἡμερῶν</span> 
     </span>
    </p>
   </div>
   <div class='ocr_carea' id='block_1_40' title="bbox 983 2647 1542 2716">
    <p class='ocr_par' dir='ltr' id='par_1_40' title="bbox 983 2647 1542 2716">
     <span class='ocr_line' id='line_1_40' title="bbox 983 2647 1542 2716; baseline -0.005 -10"><span class='ocrx_word' id='word_1_281' title='bbox 983 2647 1121 2706; x_wconf 73' lang='grc' dir='ltr'><strong>ΟΟΜ</strong></span> <span class='ocrx_word' id='word_1_282' title='bbox 1130 2647 1434 2704; x_wconf 80' lang='lat' dir='ltr'><strong>MENTARI</strong></span> <span class='ocrx_word' id='word_1_283' title='bbox 1446 2649 1542 2716; x_wconf 58' lang='lat' dir='ltr'><strong>US,</strong></span> 
     </span>
    </p>
   </div>
   <div class='ocr_carea' id='block_1_41' title="bbox 548 2763 2049 2832">
    <p class='ocr_par' dir='ltr' id='par_1_41' title="bbox 548 2763 2049 2832">
     <span class='ocr_line' id='line_1_41' title="bbox 548 2763 2049 2832; baseline 0.005 -14"><span class='ocrx_word' id='word_1_284' title='bbox 548 2763 704 2820; x_wconf 75' lang='lat' dir='ltr'><strong>Viam</strong></span> <span class='ocrx_word' id='word_1_285' title='bbox 745 2765 835 2820; x_wconf 88' lang='lat' dir='ltr'><strong>hic</strong></span> <span class='ocrx_word' id='word_1_286' title='bbox 879 2765 1009 2821; x_wconf 86' lang='lat' dir='ltr'><strong>dicit</strong></span> <span class='ocrx_word' id='word_1_287' title='bbox 1040 2766 1342 2832; x_wconf 84' lang='lat' dir='ltr'><strong>Christum,</strong></span> <span class='ocrx_word' id='word_1_288' title='bbox 1377 2768 1461 2822; x_wconf 88' lang='lat' dir='ltr'><strong>vel</strong></span> <span class='ocrx_word' id='word_1_289' title='bbox 1486 2768 1643 2822; x_wconf 75' lang='lat' dir='ltr'><strong>[idem</strong></span> <span class='ocrx_word' id='word_1_290' title='bbox 1677 2783 1858 2822; x_wconf 87' lang='lat' dir='ltr'><strong>veram</strong></span> <span class='ocrx_word' id='word_1_291' title='bbox 1890 2788 1903 2821; x_wconf 85' lang='lat'><strong>:</strong></span> <span class='ocrx_word' id='word_1_292' title='bbox 1935 2769 2049 2827; x_wconf 71' lang='lat' dir='ltr'><strong>harc</strong></span> 
     </span>
    </p>
   </div>
   <div class='ocr_carea' id='block_1_42' title="bbox 479 2859 2049 2929">
    <p class='ocr_par' dir='ltr' id='par_1_42' title="bbox 479 2859 2049 2929">
     <span class='ocr_line' id='line_1_42' title="bbox 479 2859 2049 2929; baseline 0.003 -17"><span class='ocrx_word' id='word_1_293' title='bbox 479 2862 624 2912; x_wconf 82' lang='lat' dir='ltr'><strong>enim</strong></span> <span class='ocrx_word' id='word_1_294' title='bbox 648 2868 730 2914; x_wconf 89' lang='lat' dir='ltr'><strong>est</strong></span> <span class='ocrx_word' id='word_1_295' title='bbox 759 2859 868 2924; x_wconf 83' lang='lat' dir='ltr'><strong>via,</strong></span> <span class='ocrx_word' id='word_1_296' title='bbox 905 2874 1035 2928; x_wconf 83' lang='lat' dir='ltr'><strong>quae</strong></span> <span class='ocrx_word' id='word_1_297' title='bbox 1065 2859 1214 2914; x_wconf 88' lang='lat' dir='ltr'><strong>ducit</strong></span> <span class='ocrx_word' id='word_1_298' title='bbox 1234 2859 1299 2913; x_wconf 87' lang='lat' dir='ltr'><strong>ad</strong></span> <span class='ocrx_word' id='word_1_299' title='bbox 1327 2875 1554 2929; x_wconf 88' lang='lat' dir='ltr'><strong>regnum</strong></span> <span class='ocrx_word' id='word_1_300' title='bbox 1595 2861 1881 2915; x_wconf 67' lang='lat' dir='ltr'><strong>caelorum.</strong></span> <span class='ocrx_word' id='word_1_301' title='bbox 1913 2863 2049 2917; x_wconf 79' lang='lat' dir='ltr'><strong>Hinc</strong></span> 
     </span>
    </p>
   </div>
   <div class='ocr_carea' id='block_1_43' title="bbox 479 2951 2052 3024">
    <p class='ocr_par' dir='ltr' id='par_1_43' title="bbox 479 2951 2052 3024">
     <span class='ocr_line' id='line_1_43' title="bbox 479 2951 2052 3024; baseline 0.005 -21"><span class='ocrx_word' id='word_1_302' title='bbox 479 2952 658 3017; x_wconf 89' lang='lat' dir='ltr'><strong>docet,</strong></span> <span class='ocrx_word' id='word_1_303' title='bbox 696 2958 950 3019; x_wconf 86' lang='lat' dir='ltr'><strong>oportere</strong></span> <span class='ocrx_word' id='word_1_304' title='bbox 981 2959 1040 3006; x_wconf 92' lang='lat' dir='ltr'><strong>ut</strong></span> <span class='ocrx_word' id='word_1_305' title='bbox 1083 2952 1150 3006; x_wconf 90' lang='lat' dir='ltr'><strong>ah</strong></span> <span class='ocrx_word' id='word_1_306' title='bbox 1173 2951 1240 3006; x_wconf 88' lang='lat' dir='ltr'><strong>iis</strong></span> <span class='ocrx_word' id='word_1_307' title='bbox 1261 2953 1353 3023; x_wconf 90' lang='lat' dir='ltr'><strong>qui</strong></span> <span class='ocrx_word' id='word_1_308' title='bbox 1384 2951 1655 3024; x_wconf 64' lang='lat' dir='ltr'><strong>in;Filium</strong></span> <span class='ocrx_word' id='word_1_309' title='bbox 1691 2953 1782 3008; x_wconf 89' lang='lat' dir='ltr'><strong>Dei</strong></span> <span class='ocrx_word' id='word_1_310' title='bbox 1805 2955 2052 3024; x_wconf 84' lang='lat' dir='ltr'><strong>blasphe-</strong></span> 
     </span>
    </p>
   </div>
   <div class='ocr_carea' id='block_1_44' title="bbox 481 3042 2051 3115">
    <p class='ocr_par' dir='ltr' id='par_1_44' title="bbox 481 3042 2051 3115">
     <span class='ocr_line' id='line_1_44' title="bbox 481 3042 2051 3115; baseline 0.004 -21"><span class='ocrx_word' id='word_1_311' title='bbox 481 3050 652 3109; x_wconf 85' lang='lat' dir='ltr'><strong>mant,</strong></span> <span class='ocrx_word' id='word_1_312' title='bbox 680 3043 905 3099; x_wconf 86' lang='lat' dir='ltr'><strong>omnino</strong></span> <span class='ocrx_word' id='word_1_313' title='bbox 939 3042 1215 3108; x_wconf 85' lang='lat' dir='ltr'><strong>recedant,</strong></span> <span class='ocrx_word' id='word_1_314' title='bbox 1249 3044 1338 3114; x_wconf 89' lang='lat' dir='ltr'><strong>qui</strong></span> <span class='ocrx_word' id='word_1_315' title='bbox 1371 3045 1425 3099; x_wconf 91' lang='lat' dir='ltr'><strong>in</strong></span> <span class='ocrx_word' id='word_1_316' title='bbox 1458 3045 1634 3115; x_wconf 84' lang='lat' dir='ltr'><strong>ipsum</strong></span> <span class='ocrx_word' id='word_1_317' title='bbox 1660 3045 1908 3100; x_wconf 86' lang='lat' dir='ltr'><strong>credunt.</strong></span> <span class='ocrx_word' id='word_1_318' title='bbox 1949 3044 2051 3100; x_wconf 89' lang='lat' dir='ltr'><strong>Su-</strong></span> 
     </span>
    </p>
   </div>
   <div class='ocr_carea' id='block_1_45' title="bbox 482 3136 2050 3208">
    <p class='ocr_par' dir='ltr' id='par_1_45' title="bbox 482 3136 2050 3208">
     <span class='ocr_line' id='line_1_45' title="bbox 482 3136 2050 3208; baseline 0.003 -21"><span class='ocrx_word' id='word_1_319' title='bbox 482 3136 636 3190; x_wconf 80' lang='lat' dir='ltr'><strong>daria</strong></span> <span class='ocrx_word' id='word_1_320' title='bbox 679 3143 732 3191; x_wconf 92' lang='lat' dir='ltr'><strong>et</strong></span> <span class='ocrx_word' id='word_1_321' title='bbox 784 3136 1145 3192; x_wconf 89' lang='lat' dir='ltr'><strong>semicinctia.</strong></span> <span class='ocrx_word' id='word_1_322' title='bbox 1185 3137 1432 3208; x_wconf 90' lang='lat' dir='ltr'><strong>Utraque</strong></span> <span class='ocrx_word' id='word_1_323' title='bbox 1469 3138 1611 3195; x_wconf 88' lang='lat' dir='ltr'><strong>linea</strong></span> <span class='ocrx_word' id='word_1_324' title='bbox 1651 3149 1802 3194; x_wconf 89' lang='lat' dir='ltr'><strong>sunt.</strong></span> <span class='ocrx_word' id='word_1_325' title='bbox 1850 3137 2050 3195; x_wconf 82' lang='lat' dir='ltr'><strong>Verum</strong></span> 
     </span>
    </p>
   </div>
   <div class='ocr_carea' id='block_1_46' title="bbox 485 3227 2052 3300">
    <p class='ocr_par' dir='ltr' id='par_1_46' title="bbox 485 3227 2052 3300">
     <span class='ocr_line' id='line_1_46' title="bbox 485 3227 2052 3300; baseline 0.002 -19"><span class='ocrx_word' id='word_1_326' title='bbox 485 3227 701 3282; x_wconf 88' lang='lat' dir='ltr'><strong>sudaria</strong></span> <span class='ocrx_word' id='word_1_327' title='bbox 730 3227 895 3298; x_wconf 87' lang='lat' dir='ltr'><strong>capiti</strong></span> <span class='ocrx_word' id='word_1_328' title='bbox 927 3228 1286 3300; x_wconf 87' lang='lat' dir='ltr'><strong>imponuntur</strong></span> <span class='ocrx_word' id='word_1_329' title='bbox 1317 3247 1329 3282; x_wconf 92' lang='lat'>:</span> <span class='ocrx_word' id='word_1_330' title='bbox 1376 3237 1432 3283; x_wconf 89' lang='lat' dir='ltr'><strong>at</strong></span> <span class='ocrx_word' id='word_1_331' title='bbox 1471 3229 1812 3285; x_wconf 85' lang='lat' dir='ltr'><strong>semicinctia</strong></span> <span class='ocrx_word' id='word_1_332' title='bbox 1845 3229 1900 3284; x_wconf 92' lang='lat' dir='ltr'><strong>in</strong></span> <span class='ocrx_word' id='word_1_333' title='bbox 1939 3244 2052 3284; x_wconf 90' lang='lat' dir='ltr'><strong>ma-</strong></span> 
     </span>
    </p>
   </div>
   <div class='ocr_carea' id='block_1_47' title="bbox 486 3321 2050 3392">
    <p class='ocr_par' dir='ltr' id='par_1_47' title="bbox 486 3321 2050 3392">
     <span class='ocr_line' id='line_1_47' title="bbox 486 3321 2050 3392; baseline 0 -16"><span class='ocrx_word' id='word_1_334' title='bbox 486 3321 650 3377; x_wconf 71' lang='lat' dir='ltr'><strong>nibus</strong></span> <span class='ocrx_word' id='word_1_335' title='bbox 691 3328 882 3377; x_wconf 89' lang='lat' dir='ltr'><strong>tenere</strong></span> <span class='ocrx_word' id='word_1_336' title='bbox 921 3321 1119 3389; x_wconf 88' lang='lat' dir='ltr'><strong>solent,</strong></span> <span class='ocrx_word' id='word_1_337' title='bbox 1149 3321 1316 3392; x_wconf 74' lang='grc'><strong>288</strong></span> <span class='ocrx_word' id='word_1_338' title='bbox 1350 3321 1445 3391; x_wconf 89' lang='lat' dir='ltr'><strong>qui</strong></span> <span class='ocrx_word' id='word_1_339' title='bbox 1473 3321 1655 3376; x_wconf 87' lang='lat' dir='ltr'><strong>oraria</strong></span> <span class='ocrx_word' id='word_1_340' title='bbox 1695 3329 1910 3392; x_wconf 75' lang='lat' dir='ltr'><strong>gestare</strong></span> <span class='ocrx_word' id='word_1_341' title='bbox 1944 3337 2050 3376; x_wconf 89' lang='lat' dir='ltr'><strong>non</strong></span> 
     </span>
    </p>
   </div>
   <div class='ocr_carea' id='block_1_48' title="bbox 483 3385 2122 3482">
    <p class='ocr_par' dir='ltr' id='par_1_48' title="bbox 483 3385 2122 3482">
     <span class='ocr_line' id='line_1_48' title="bbox 483 3385 2122 3482; baseline -0.002 -16"><span class='ocrx_word' id='word_1_342' title='bbox 483 3421 738 3482; x_wconf 79' lang='lat' dir='ltr'><strong>possunt,</strong></span> <span class='ocrx_word' id='word_1_343' title='bbox 772 3421 832 3467; x_wconf 92' lang='lat' dir='ltr'><strong>ut</strong></span> <span class='ocrx_word' id='word_1_344' title='bbox 862 3421 1010 3478; x_wconf 90' lang='lat' dir='ltr'><strong>sunt,</strong></span> <span class='ocrx_word' id='word_1_345' title='bbox 1038 3385 1478 3482; x_wconf 47' lang='lat' dir='ltr'><strong>quicovnsulares</strong></span> <span class='ocrx_word' id='word_1_346' title='bbox 1510 3385 1724 3480; x_wconf 68' lang='lat' dir='ltr'><strong>gestant</strong></span> <span class='ocrx_word' id='word_1_347' title='bbox 1749 3410 1936 3476; x_wconf 85' lang='lat' dir='ltr'><strong>stolas,</strong></span> <span class='ocrx_word' id='word_1_348' title='bbox 1962 3421 2055 3464; x_wconf 87' lang='lat' dir='ltr'><strong>aut</strong></span> <span class='ocrx_word' id='word_1_349' title='bbox 2079 3385 2122 3442; x_wconf 61' lang='grc' dir='ltr'><strong>(ἶ</strong></span> 
     </span>
    </p>
   </div>
   <div class='ocr_carea' id='block_1_49' title="bbox 489 3500 2057 3575">
    <p class='ocr_par' dir='ltr' id='par_1_49' title="bbox 489 3500 2057 3575">
     <span class='ocr_line' id='line_1_49' title="bbox 489 3500 2057 3575; baseline -0.003 -15"><span class='ocrx_word' id='word_1_350' title='bbox 489 3521 646 3575; x_wconf 74' lang='lat' dir='ltr'><strong>saga,</strong></span> <span class='ocrx_word' id='word_1_351' title='bbox 693 3504 757 3559; x_wconf 86' lang='lat' dir='ltr'><strong>ad</strong></span> <span class='ocrx_word' id='word_1_352' title='bbox 805 3502 1198 3575; x_wconf 86' lang='lat' dir='ltr'><strong>abstergendos</strong></span> <span class='ocrx_word' id='word_1_353' title='bbox 1239 3517 1269 3557; x_wconf 85' lang='lat' dir='ltr'><strong>a</strong></span> <span class='ocrx_word' id='word_1_354' title='bbox 1310 3503 1448 3558; x_wconf 79' lang='lat' dir='ltr'><strong>facie</strong></span> <span class='ocrx_word' id='word_1_355' title='bbox 1479 3502 1758 3569; x_wconf 87' lang='lat' dir='ltr'><strong>humores,</strong></span> <span class='ocrx_word' id='word_1_356' title='bbox 1792 3509 1852 3557; x_wconf 90' lang='lat' dir='ltr'><strong>ut</strong></span> <span class='ocrx_word' id='word_1_357' title='bbox 1895 3500 2057 3556; x_wconf 86' lang='lat' dir='ltr'><strong>sudo-</strong></span> 
     </span>
    </p>
   </div>
   <div class='ocr_carea' id='block_1_50' title="bbox 484 3592 2059 3670">
    <p class='ocr_par' dir='ltr' id='par_1_50' title="bbox 484 3592 2059 3670">
     <span class='ocr_line' id='line_1_50' title="bbox 484 3592 2059 3670; baseline -0.002 -20"><span class='ocrx_word' id='word_1_358' title='bbox 484 3611 629 3661; x_wconf 79' lang='lat' dir='ltr'><strong>rem,</strong></span> <span class='ocrx_word' id='word_1_359' title='bbox 670 3596 919 3663; x_wconf 88' lang='lat' dir='ltr'><strong>salivam,</strong></span> <span class='ocrx_word' id='word_1_360' title='bbox 963 3596 1234 3670; x_wconf 87' lang='lat' dir='ltr'><strong>lacrymas</strong></span> <span class='ocrx_word' id='word_1_361' title='bbox 1275 3603 1331 3651; x_wconf 92' lang='lat' dir='ltr'><strong>et</strong></span> <span class='ocrx_word' id='word_1_362' title='bbox 1381 3593 1599 3652; x_wconf 89' lang='lat' dir='ltr'><strong>similia.</strong></span> <span class='ocrx_word' id='word_1_363' title='bbox 1633 3611 1652 3646; x_wconf 80' lang='grc' dir='ltr'><strong>ι</strong></span> <span class='ocrx_word' id='word_1_364' title='bbox 1689 3592 2059 3649; x_wconf 86' lang='lat' dir='ltr'><strong>Tentaverunt</strong></span> 
     </span>
    </p>
   </div>
   <div class='ocr_carea' id='block_1_51' title="bbox 487 3684 2056 3759">
    <p class='ocr_par' dir='ltr' id='par_1_51' title="bbox 487 3684 2056 3759">
     <span class='ocr_line' id='line_1_51' title="bbox 487 3684 2056 3759; baseline -0.002 -16"><span class='ocrx_word' id='word_1_365' title='bbox 487 3697 690 3745; x_wconf 87' lang='lat' dir='ltr'><strong>autem.</strong></span> <span class='ocrx_word' id='word_1_366' title='bbox 733 3707 754 3741; x_wconf 72' lang='grc' dir='ltr'><strong>ι</strong></span> <span class='ocrx_word' id='word_1_367' title='bbox 792 3686 912 3759; x_wconf 88' lang='lat' dir='ltr'><strong>lpsa</strong></span> <span class='ocrx_word' id='word_1_368' title='bbox 956 3687 1072 3744; x_wconf 67' lang='lat' dir='ltr'><strong>haec</strong></span> <span class='ocrx_word' id='word_1_369' title='bbox 1125 3702 1223 3743; x_wconf 76' lang='lat' dir='ltr'><strong>vox</strong></span> <span class='ocrx_word' id='word_1_370' title='bbox 1268 3685 1526 3752; x_wconf 88' lang='lat' dir='ltr'><strong>ostendit,</strong></span> <span class='ocrx_word' id='word_1_371' title='bbox 1561 3685 1866 3741; x_wconf 79' lang='lat' dir='ltr'><strong>exoreistas</strong></span> <span class='ocrx_word' id='word_1_372' title='bbox 1909 3684 2056 3751; x_wconf 86' lang='lat' dir='ltr'><strong>illos,</strong></span> 
     </span>
    </p>
   </div>
   <div class='ocr_carea' id='block_1_52' title="bbox 485 3779 2056 3855">
    <p class='ocr_par' dir='ltr' id='par_1_52' title="bbox 485 3779 2056 3855">
     <span class='ocr_line' id='line_1_52' title="bbox 485 3779 2056 3855; baseline -0.004 -18"><span class='ocrx_word' id='word_1_373' title='bbox 485 3796 592 3838; x_wconf 90' lang='lat' dir='ltr'><strong>non</strong></span> <span class='ocrx_word' id='word_1_374' title='bbox 625 3782 754 3855; x_wconf 86' lang='lat' dir='ltr'><strong>quia</strong></span> <span class='ocrx_word' id='word_1_375' title='bbox 792 3782 1077 3839; x_wconf 84' lang='lat' dir='ltr'><strong>crederent</strong></span> <span class='ocrx_word' id='word_1_376' title='bbox 1113 3780 1166 3836; x_wconf 85' lang='lat' dir='ltr'><strong>in</strong></span> <span class='ocrx_word' id='word_1_377' title='bbox 1201 3779 1408 3847; x_wconf 71' lang='lat' dir='ltr'><strong>Iesum,</strong></span> <span class='ocrx_word' id='word_1_378' title='bbox 1444 3779 1538 3834; x_wconf 91' lang='lat' dir='ltr'><strong>sed</strong></span> <span class='ocrx_word' id='word_1_379' title='bbox 1567 3779 1811 3834; x_wconf 88' lang='lat' dir='ltr'><strong>tentandi</strong></span> <span class='ocrx_word' id='word_1_380' title='bbox 1847 3785 2056 3833; x_wconf 88' lang='lat' dir='ltr'><strong>tantum</strong></span> 
     </span>
    </p>
   </div>
   <div class='ocr_carea' id='block_1_53' title="bbox 487 3869 2058 3946">
    <p class='ocr_par' dir='ltr' id='par_1_53' title="bbox 487 3869 2058 3946">
     <span class='ocr_line' id='line_1_53' title="bbox 487 3869 2058 3946; baseline -0.003 -18"><span class='ocrx_word' id='word_1_381' title='bbox 487 3890 674 3938; x_wconf 86' lang='lat' dir='ltr'><strong>causa,</strong></span> <span class='ocrx_word' id='word_1_382' title='bbox 704 3888 992 3946; x_wconf 75' lang='lat' dir='ltr'><strong>aggressos</strong></span> <span class='ocrx_word' id='word_1_383' title='bbox 1020 3888 1143 3929; x_wconf 89' lang='lat' dir='ltr'><strong>esse</strong></span> <span class='ocrx_word' id='word_1_384' title='bbox 1175 3871 1488 3927; x_wconf 80' lang='lat' dir='ltr'><strong>exorcizare</strong></span> <span class='ocrx_word' id='word_1_385' title='bbox 1538 3872 1749 3940; x_wconf 88' lang='lat' dir='ltr'><strong>impura</strong></span> <span class='ocrx_word' id='word_1_386' title='bbox 1793 3869 2058 3926; x_wconf 72' lang='lat' dir='ltr'><strong>dmmonia</strong></span> 
     </span>
    </p>
   </div>
   <div class='ocr_carea' id='block_1_54' title="bbox 487 3959 2062 4030">
    <p class='ocr_par' dir='ltr' id='par_1_54' title="bbox 487 3959 2062 4030">
     <span class='ocr_line' id='line_1_54' title="bbox 487 3959 2062 4030; baseline -0.006 -9"><span class='ocrx_word' id='word_1_387' title='bbox 487 3967 542 4022; x_wconf 84' lang='lat' dir='ltr'><strong>in</strong></span> <span class='ocrx_word' id='word_1_388' title='bbox 574 3963 797 4020; x_wconf 87' lang='lat' dir='ltr'><strong>nomine</strong></span> <span class='ocrx_word' id='word_1_389' title='bbox 821 3962 1058 4018; x_wconf 89' lang='lat' dir='ltr'><strong>Domini.</strong></span> <span class='ocrx_word' id='word_1_390' title='bbox 1083 3963 1286 4028; x_wconf 84' lang='lat' dir='ltr'><strong>Quare,</strong></span> <span class='ocrx_word' id='word_1_391' title='bbox 1310 3962 1458 4016; x_wconf 90' lang='lat' dir='ltr'><strong>velut</strong></span> <span class='ocrx_word' id='word_1_392' title='bbox 1492 3959 1761 4024; x_wconf 82' lang='lat' dir='ltr'><strong>inﬁdeles,</strong></span> <span class='ocrx_word' id='word_1_393' title='bbox 1798 3968 1856 4014; x_wconf 86' lang='grc' dir='ltr'><strong>ιιι</strong></span> <span class='ocrx_word' id='word_1_394' title='bbox 1882 3959 2062 4030; x_wconf 89' lang='lat' dir='ltr'><strong>impu-</strong></span> 
     </span>
    </p>
   </div>
   <div class='ocr_carea' id='block_1_55' title="bbox 489 4047 2060 4120">
    <p class='ocr_par' dir='ltr' id='par_1_55' title="bbox 489 4047 2060 4120">
     <span class='ocr_line' id='line_1_55' title="bbox 489 4047 2060 4120; baseline -0.003 -13"><span class='ocrx_word' id='word_1_395' title='bbox 489 4068 587 4109; x_wconf 82' lang='lat' dir='ltr'><strong>rus</strong></span> <span class='ocrx_word' id='word_1_396' title='bbox 616 4053 758 4108; x_wconf 79' lang='lat' dir='ltr'><strong>dixit</strong></span> <span class='ocrx_word' id='word_1_397' title='bbox 785 4050 1036 4120; x_wconf 87' lang='lat' dir='ltr'><strong>spiritus,</strong></span> <span class='ocrx_word' id='word_1_398' title='bbox 1062 4050 1224 4120; x_wconf 89' lang='lat' dir='ltr'><strong>paulo</strong></span> <span class='ocrx_word' id='word_1_399' title='bbox 1264 4056 1388 4119; x_wconf 87' lang='lat' dir='ltr'><strong>post</strong></span> <span class='ocrx_word' id='word_1_400' title='bbox 1429 4047 1756 4103; x_wconf 88' lang='lat' dir='ltr'><strong>temeritatis</strong></span> <span class='ocrx_word' id='word_1_401' title='bbox 1797 4063 1912 4103; x_wconf 67' lang='lat' dir='ltr'><strong>suae</strong></span> <span class='ocrx_word' id='word_1_402' title='bbox 1941 4063 2060 4118; x_wconf 73' lang='lat' dir='ltr'><strong>pte-</strong></span> 
     </span>
    </p>
   </div>
   <div class='ocr_carea' id='block_1_56' title="bbox 489 4139 2058 4211">
    <p class='ocr_par' dir='ltr' id='par_1_56' title="bbox 489 4139 2058 4211">
     <span class='ocr_line' id='line_1_56' title="bbox 489 4139 2058 4211; baseline -0.003 -13"><span class='ocrx_word' id='word_1_403' title='bbox 489 4160 589 4199; x_wconf 89' lang='lat' dir='ltr'><strong>nas</strong></span> <span class='ocrx_word' id='word_1_404' title='bbox 612 4143 828 4198; x_wconf 87' lang='lat' dir='ltr'><strong>dedere.</strong></span> <span class='ocrx_word' id='word_1_405' title='bbox 860 4139 1316 4211; x_wconf 76' lang='lat' dir='ltr'><strong>Redarguitenim</strong></span> <span class='ocrx_word' id='word_1_406' title='bbox 1349 4139 1519 4210; x_wconf 88' lang='lat' dir='ltr'><strong>ipsos,</strong></span> <span class='ocrx_word' id='word_1_407' title='bbox 1546 4147 1598 4194; x_wconf 89' lang='lat' dir='ltr'><strong>et</strong></span> <span class='ocrx_word' id='word_1_408' title='bbox 1619 4153 1837 4195; x_wconf 83' lang='lat' dir='ltr'><strong>scenam</strong></span> <span class='ocrx_word' id='word_1_409' title='bbox 1869 4155 2058 4194; x_wconf 89' lang='lat' dir='ltr'><strong>eorum</strong></span> 
     </span>
    </p>
   </div>
   <div class='ocr_carea' id='block_1_57' title="bbox 491 4230 2060 4305">
    <p class='ocr_par' dir='ltr' id='par_1_57' title="bbox 491 4230 2060 4305">
     <span class='ocr_line' id='line_1_57' title="bbox 491 4230 2060 4305; baseline -0.002 -17"><span class='ocrx_word' id='word_1_410' title='bbox 491 4232 767 4305; x_wconf 80' lang='lat' dir='ltr'><strong>patefecit,</strong></span> <span class='ocrx_word' id='word_1_411' title='bbox 802 4233 1151 4289; x_wconf 86' lang='lat' dir='ltr'><strong>vehementer</strong></span> <span class='ocrx_word' id='word_1_412' title='bbox 1191 4230 1360 4288; x_wconf 89' lang='lat' dir='ltr'><strong>iratus</strong></span> <span class='ocrx_word' id='word_1_413' title='bbox 1415 4230 1625 4287; x_wconf 86' lang='lat' dir='ltr'><strong>daemon</strong></span> <span class='ocrx_word' id='word_1_414' title='bbox 1661 4249 1674 4285; x_wconf 87' lang='lat'><strong>:</strong></span> <span class='ocrx_word' id='word_1_415' title='bbox 1707 4231 2060 4303; x_wconf 88' lang='lat' dir='ltr'><strong>quemadmo-</strong></span> 
     </span>
    </p>
   </div>
   <div class='ocr_carea' id='block_1_58' title="bbox 488 4323 2057 4397">
    <p class='ocr_par' dir='ltr' id='par_1_58' title="bbox 488 4323 2057 4397">
     <span class='ocr_line' id='line_1_58' title="bbox 488 4323 2057 4397; baseline -0.003 -16"><span class='ocrx_word' id='word_1_416' title='bbox 488 4329 641 4392; x_wconf 91' lang='lat' dir='ltr'><strong>dum,</strong></span> <span class='ocrx_word' id='word_1_417' title='bbox 669 4328 714 4384; x_wconf 91' lang='lat' dir='ltr'><strong>si</strong></span> <span class='ocrx_word' id='word_1_418' title='bbox 747 4325 870 4397; x_wconf 90' lang='lat' dir='ltr'><strong>quis</strong></span> <span class='ocrx_word' id='word_1_419' title='bbox 897 4324 965 4380; x_wconf 89' lang='lat' dir='ltr'><strong>de</strong></span> <span class='ocrx_word' id='word_1_420' title='bbox 993 4325 1252 4380; x_wconf 84' lang='lat' dir='ltr'><strong>extremis</strong></span> <span class='ocrx_word' id='word_1_421' title='bbox 1284 4323 1625 4394; x_wconf 88' lang='lat' dir='ltr'><strong>periclitans,</strong></span> <span class='ocrx_word' id='word_1_422' title='bbox 1662 4338 1692 4377; x_wconf 89' lang='lat' dir='ltr'><strong>a</strong></span> <span class='ocrx_word' id='word_1_423' title='bbox 1719 4324 1921 4380; x_wconf 88' lang='lat' dir='ltr'><strong>misero</strong></span> <span class='ocrx_word' id='word_1_424' title='bbox 1946 4324 2057 4394; x_wconf 76' lang='lat'><strong>(5|)</strong></span> 
     </span>
    </p>
   </div>
   <div class='ocr_carea' id='block_1_59' title="bbox 490 4413 2056 4489">
    <p class='ocr_par' dir='ltr' id='par_1_59' title="bbox 490 4413 2056 4489">
     <span class='ocr_line' id='line_1_59' title="bbox 490 4413 2056 4489; baseline -0.003 -16"><span class='ocrx_word' id='word_1_425' title='bbox 490 4419 674 4489; x_wconf 81' lang='lat' dir='ltr'><strong>aliquo</strong></span> <span class='ocrx_word' id='word_1_426' title='bbox 732 4424 787 4474; x_wconf 85' lang='lat' dir='ltr'><strong>et</strong></span> <span class='ocrx_word' id='word_1_427' title='bbox 823 4431 1135 4473; x_wconf 68' lang='lat' dir='ltr'><strong>aerumnosa</strong></span> <span class='ocrx_word' id='word_1_428' title='bbox 1181 4423 1534 4486; x_wconf 85' lang='lat' dir='ltr'><strong>coarguatur,</strong></span> <span class='ocrx_word' id='word_1_429' title='bbox 1561 4429 1778 4470; x_wconf 84' lang='lat' dir='ltr'><strong>omnem</strong></span> <span class='ocrx_word' id='word_1_430' title='bbox 1809 4413 1864 4469; x_wconf 87' lang='lat' dir='ltr'><strong>in</strong></span> <span class='ocrx_word' id='word_1_431' title='bbox 1905 4413 2056 4470; x_wconf 87' lang='lat' dir='ltr'><strong>illum</strong></span> 
     </span>
    </p>
   </div>
   <div class='ocr_carea' id='block_1_60' title="bbox 491 4507 2053 4564">
    <p class='ocr_par' dir='ltr' id='par_1_60' title="bbox 491 4507 2053 4564">
     <span class='ocr_line' id='line_1_60' title="bbox 491 4507 2053 4564; baseline -0.003 -1"><span class='ocrx_word' id='word_1_432' title='bbox 491 4510 730 4564; x_wconf 79' lang='lat' dir='ltr'><strong>furorem</strong></span> <span class='ocrx_word' id='word_1_433' title='bbox 762 4507 1045 4564; x_wconf 82' lang='lat' dir='ltr'><strong>ell&#39;undere</strong></span> <span class='ocrx_word' id='word_1_434' title='bbox 1074 4517 1327 4563; x_wconf 91' lang='lat' dir='ltr'><strong>conatur.</strong></span> <span class='ocrx_word' id='word_1_435' title='bbox 1362 4525 1380 4558; x_wconf 87' lang='grc' dir='ltr'><strong>ι</strong></span> <span class='ocrx_word' id='word_1_436' title='bbox 1411 4507 1772 4561; x_wconf 86' lang='lat' dir='ltr'><strong>Contulerunt</strong></span> <span class='ocrx_word' id='word_1_437' title='bbox 1803 4507 1994 4561; x_wconf 87' lang='lat' dir='ltr'><strong>libros.</strong></span> <span class='ocrx_word' id='word_1_438' title='bbox 2033 4524 2053 4559; x_wconf 74' lang='grc' dir='ltr'><strong>ι</strong></span> 
     </span>
    </p>
   </div>
   <div class='ocr_carea' id='block_1_61' title="bbox 486 4590 2072 4671">
    <p class='ocr_par' dir='ltr' id='par_1_61' title="bbox 486 4590 2072 4671">
     <span class='ocr_line' id='line_1_61' title="bbox 486 4590 2072 4671; baseline -0.001 -17"><span class='ocrx_word' id='word_1_439' title='bbox 486 4600 868 4656; x_wconf 79' lang='lat' dir='ltr'><strong>Adnotandum</strong></span> <span class='ocrx_word' id='word_1_440' title='bbox 915 4598 1083 4671; x_wconf 89' lang='lat' dir='ltr'><strong>quod,</strong></span> <span class='ocrx_word' id='word_1_441' title='bbox 1120 4613 1434 4669; x_wconf 88' lang='lat' dir='ltr'><strong>quanquam</strong></span> <span class='ocrx_word' id='word_1_442' title='bbox 1481 4598 1682 4668; x_wconf 80' lang='lat' dir='ltr'><strong>magici</strong></span> <span class='ocrx_word' id='word_1_443' title='bbox 1730 4597 1854 4652; x_wconf 88' lang='lat' dir='ltr'><strong>libri</strong></span> <span class='ocrx_word' id='word_1_444' title='bbox 1905 4590 2072 4652; x_wconf 45' lang='lat' dir='ltr'><strong>tnulti&#39;</strong></span> 
     </span>
    </p>
   </div>
   <div class='ocr_carea' id='block_1_62' title="bbox 485 4687 2057 4762">
    <p class='ocr_par' dir='ltr' id='par_1_62' title="bbox 485 4687 2057 4762">
     <span class='ocr_line' id='line_1_62' title="bbox 485 4687 2057 4762; baseline -0.002 -17"><span class='ocrx_word' id='word_1_445' title='bbox 485 4699 666 4746; x_wconf 76' lang='lat' dir='ltr'><strong>essent</strong></span> <span class='ocrx_word' id='word_1_446' title='bbox 704 4690 885 4762; x_wconf 79' lang='lat' dir='ltr'><strong>pretii,</strong></span> <span class='ocrx_word' id='word_1_447' title='bbox 936 4689 1138 4760; x_wconf 89' lang='lat' dir='ltr'><strong>quippe</strong></span> <span class='ocrx_word' id='word_1_448' title='bbox 1175 4688 1268 4760; x_wconf 89' lang='lat' dir='ltr'><strong>qui</strong></span> <span class='ocrx_word' id='word_1_449' title='bbox 1320 4687 1687 4758; x_wconf 87' lang='lat' dir='ltr'><strong>pulcherrima</strong></span> <span class='ocrx_word' id='word_1_450' title='bbox 1729 4687 1852 4742; x_wconf 66' lang='lat' dir='ltr'><strong>vitae</strong></span> <span class='ocrx_word' id='word_1_451' title='bbox 1880 4687 2057 4742; x_wconf 88' lang='lat' dir='ltr'><strong>conti-</strong></span> 
     </span>
    </p>
   </div>
   <div class='ocr_carea' id='block_1_63' title="bbox 485 4780 2050 4849">
    <p class='ocr_par' dir='ltr' id='par_1_63' title="bbox 485 4780 2050 4849">
     <span class='ocr_line' id='line_1_63' title="bbox 485 4780 2050 4849; baseline 0 -15"><span class='ocrx_word' id='word_1_452' title='bbox 485 4782 710 4849; x_wconf 81' lang='lat' dir='ltr'><strong>nebant,</strong></span> <span class='ocrx_word' id='word_1_453' title='bbox 756 4780 960 4837; x_wconf 87' lang='lat' dir='ltr'><strong>Christi</strong></span> <span class='ocrx_word' id='word_1_454' title='bbox 994 4780 1180 4837; x_wconf 78' lang='lat' dir='ltr'><strong>ﬁdeles</strong></span> <span class='ocrx_word' id='word_1_455' title='bbox 1213 4788 1395 4837; x_wconf 88' lang='lat' dir='ltr'><strong>tamen</strong></span> <span class='ocrx_word' id='word_1_456' title='bbox 1427 4795 1488 4835; x_wconf 90' lang='lat' dir='ltr'><strong>ea</strong></span> <span class='ocrx_word' id='word_1_457' title='bbox 1519 4795 1627 4836; x_wconf 89' lang='lat' dir='ltr'><strong>non</strong></span> <span class='ocrx_word' id='word_1_458' title='bbox 1671 4780 2050 4848; x_wconf 87' lang='lat' dir='ltr'><strong>vendiderint;</strong></span> 
     </span>
    </p>
   </div>
   <div class='ocr_carea' id='block_1_64' title="bbox 485 4873 2052 4946">
    <p class='ocr_par' dir='ltr' id='par_1_64' title="bbox 485 4873 2052 4946">
     <span class='ocr_line' id='line_1_64' title="bbox 485 4873 2052 4946; baseline 0.003 -20"><span class='ocrx_word' id='word_1_459' title='bbox 485 4873 578 4928; x_wconf 77' lang='lat' dir='ltr'><strong>sed</strong></span> <span class='ocrx_word' id='word_1_460' title='bbox 605 4873 728 4929; x_wconf 90' lang='lat' dir='ltr'><strong>licet</strong></span> <span class='ocrx_word' id='word_1_461' title='bbox 755 4888 820 4929; x_wconf 90' lang='lat' dir='ltr'><strong>eo</strong></span> <span class='ocrx_word' id='word_1_462' title='bbox 845 4873 952 4929; x_wconf 88' lang='lat' dir='ltr'><strong>loci</strong></span> <span class='ocrx_word' id='word_1_463' title='bbox 977 4873 1068 4928; x_wconf 87' lang='lat' dir='ltr'><strong>alii</strong></span> <span class='ocrx_word' id='word_1_464' title='bbox 1103 4881 1306 4937; x_wconf 89' lang='lat' dir='ltr'><strong>essent,</strong></span> <span class='ocrx_word' id='word_1_465' title='bbox 1331 4873 1423 4943; x_wconf 90' lang='lat' dir='ltr'><strong>qui</strong></span> <span class='ocrx_word' id='word_1_466' title='bbox 1453 4889 1548 4929; x_wconf 88' lang='lat' dir='ltr'><strong>eos</strong></span> <span class='ocrx_word' id='word_1_467' title='bbox 1577 4883 1898 4929; x_wconf 88' lang='lat' dir='ltr'><strong>enumerato</strong></span> <span class='ocrx_word' id='word_1_468' title='bbox 1928 4891 2052 4946; x_wconf 88' lang='lat' dir='ltr'><strong>prc-</strong></span> 
     </span>
    </p>
   </div>
   <div class='ocr_carea' id='block_1_65' title="bbox 484 4963 2053 5035">
    <p class='ocr_par' dir='ltr' id='par_1_65' title="bbox 484 4963 2053 5035">
     <span class='ocr_line' id='line_1_65' title="bbox 484 4963 2053 5035; baseline 0.001 -17"><span class='ocrx_word' id='word_1_469' title='bbox 484 4965 561 5019; x_wconf 88' lang='lat' dir='ltr'><strong>tio</strong></span> <span class='ocrx_word' id='word_1_470' title='bbox 607 4977 925 5035; x_wconf 84' lang='lat' dir='ltr'><strong>comparare</strong></span> <span class='ocrx_word' id='word_1_471' title='bbox 967 4964 1070 5020; x_wconf 89' lang='lat' dir='ltr'><strong>sibi</strong></span> <span class='ocrx_word' id='word_1_472' title='bbox 1123 4963 1445 5029; x_wconf 86' lang='lat' dir='ltr'><strong>voluissent,</strong></span> <span class='ocrx_word' id='word_1_473' title='bbox 1491 4965 1914 5022; x_wconf 85' lang='lat' dir='ltr'><strong>combusserunt</strong></span> <span class='ocrx_word' id='word_1_474' title='bbox 1947 4984 1960 5020; x_wconf 90' lang='lat'><strong>:</strong></span> <span class='ocrx_word' id='word_1_475' title='bbox 1998 4973 2053 5022; x_wconf 89' lang='lat' dir='ltr'><strong>et</strong></span> 
     </span>
    </p>
   </div>
   <div class='ocr_carea' id='block_1_66' title="bbox 484 5054 2048 5129">
    <p class='ocr_par' dir='ltr' id='par_1_66' title="bbox 484 5054 2048 5129">
     <span class='ocr_line' id='line_1_66' title="bbox 484 5054 2048 5129; baseline 0.001 -19"><span class='ocrx_word' id='word_1_476' title='bbox 484 5055 608 5120; x_wconf 83' lang='lat' dir='ltr'><strong>hoc,</strong></span> <span class='ocrx_word' id='word_1_477' title='bbox 646 5057 823 5127; x_wconf 89' lang='lat' dir='ltr'><strong>primo</strong></span> <span class='ocrx_word' id='word_1_478' title='bbox 869 5054 1108 5128; x_wconf 91' lang='lat' dir='ltr'><strong>quidem,</strong></span> <span class='ocrx_word' id='word_1_479' title='bbox 1166 5072 1232 5113; x_wconf 89' lang='lat' dir='ltr'><strong>ne</strong></span> <span class='ocrx_word' id='word_1_480' title='bbox 1265 5057 1556 5129; x_wconf 89' lang='lat' dir='ltr'><strong>quisquam</strong></span> <span class='ocrx_word' id='word_1_481' title='bbox 1587 5055 1859 5113; x_wconf 84' lang='lat' dir='ltr'><strong>exitialem</strong></span> <span class='ocrx_word' id='word_1_482' title='bbox 1903 5057 2048 5112; x_wconf 78' lang='lat' dir='ltr'><strong>illaut</strong></span> 
     </span>
    </p>
   </div>
   <div class='ocr_carea' id='block_1_67' title="bbox 482 5148 2050 5222">
    <p class='ocr_par' dir='ltr' id='par_1_67' title="bbox 482 5148 2050 5222">
     <span class='ocr_line' id='line_1_67' title="bbox 482 5148 2050 5222; baseline -0.001 -18"><span class='ocrx_word' id='word_1_483' title='bbox 482 5149 786 5205; x_wconf 80' lang='lat' dir='ltr'><strong>animarum</strong></span> <span class='ocrx_word' id='word_1_484' title='bbox 823 5157 1031 5221; x_wconf 87' lang='lat' dir='ltr'><strong>pestem</strong></span> <span class='ocrx_word' id='word_1_485' title='bbox 1084 5149 1468 5222; x_wconf 87' lang='lat' dir='ltr'><strong>participaret;</strong></span> <span class='ocrx_word' id='word_1_486' title='bbox 1509 5148 1706 5205; x_wconf 88' lang='lat' dir='ltr'><strong>deinde</strong></span> <span class='ocrx_word' id='word_1_487' title='bbox 1735 5164 1803 5206; x_wconf 90' lang='lat' dir='ltr'><strong>ne</strong></span> <span class='ocrx_word' id='word_1_488' title='bbox 1838 5148 1942 5205; x_wconf 91' lang='lat' dir='ltr'><strong>hac</strong></span> <span class='ocrx_word' id='word_1_489' title='bbox 1964 5149 2050 5205; x_wconf 88' lang='lat' dir='ltr'><strong>via</strong></span> 
     </span>
    </p>
   </div>
   <div class='ocr_carea' id='block_1_68' title="bbox 2152 2485 3263 2562">
    <p class='ocr_par' dir='ltr' id='par_1_68' title="bbox 2152 2485 3263 2562">
     <span class='ocr_line' id='line_1_68' title="bbox 2152 2485 3263 2562; baseline -0.005 -16"><span class='ocrx_word' id='word_1_490' title='bbox 2152 2491 2334 2555; x_wconf 83' lang='grc' dir='ltr'>πέντε,</span> <span class='ocrx_word' id='word_1_491' title='bbox 2370 2485 2428 2545; x_wconf 73' lang='grc' dir='ltr'>οὗ</span> <span class='ocrx_word' id='word_1_492' title='bbox 2457 2490 2808 2562; x_wconf 79' lang='grc' dir='ltr'>διετρίψαμεν</span> <span class='ocrx_word' id='word_1_493' title='bbox 2846 2488 3059 2560; x_wconf 79' lang='grc' dir='ltr'>ἡμέρας</span> <span class='ocrx_word' id='word_1_494' title='bbox 3097 2487 3263 2541; x_wconf 78' lang='grc' dir='ltr'>ἑπτά.</span> 
     </span>
    </p>
   </div>
   <div class='ocr_carea' id='block_1_69' title="bbox 2750 2650 3125 2706">
    <p class='ocr_par' dir='ltr' id='par_1_69' title="bbox 2750 2650 3125 2706">
     <span class='ocr_line' id='line_1_69' title="bbox 2750 2650 3125 2706; baseline 0.003 -1"><span class='ocrx_word' id='word_1_495' title='bbox 2750 2650 3125 2706; x_wconf 80' lang='lat' dir='ltr'><strong>EPMHNEIA.</strong></span> 
     </span>
    </p>
   </div>
   <div class='ocr_carea' id='block_1_70' title="bbox 2235 2766 3680 2838">
    <p class='ocr_par' dir='ltr' id='par_1_70' title="bbox 2235 2766 3680 2838">
     <span class='ocr_line' id='line_1_70' title="bbox 2235 2766 3680 2838; baseline -0.003 -16"><span class='ocrx_word' id='word_1_496' title='bbox 2235 2767 2382 2822; x_wconf 75' lang='grc' dir='ltr'>Ὀδδν</span> <span class='ocrx_word' id='word_1_497' title='bbox 2416 2768 2563 2835; x_wconf 85' lang='grc' dir='ltr'>λέγει</span> <span class='ocrx_word' id='word_1_498' title='bbox 2595 2766 2686 2820; x_wconf 73' lang='grc' dir='ltr'><strong>τὸν</strong></span> <span class='ocrx_word' id='word_1_499' title='bbox 2716 2766 2972 2837; x_wconf 83' lang='grc' dir='ltr'>Χριστὸν,</span> <span class='ocrx_word' id='word_1_500' title='bbox 3005 2769 3038 2838; x_wconf 74' lang='grc' dir='ltr'><strong>ἢ</strong></span> <span class='ocrx_word' id='word_1_501' title='bbox 3070 2769 3192 2822; x_wconf 64' lang='grc' dir='ltr'>ὁδὶν</span> <span class='ocrx_word' id='word_1_502' title='bbox 3227 2768 3376 2837; x_wconf 77' lang='grc' dir='ltr'>λέγει</span> <span class='ocrx_word' id='word_1_503' title='bbox 3413 2767 3503 2837; x_wconf 78' lang='grc' dir='ltr'>τὴν</span> <span class='ocrx_word' id='word_1_504' title='bbox 3533 2767 3680 2819; x_wconf 79' lang='grc' dir='ltr'>πίστιν</span> 
     </span>
    </p>
   </div>
   <div class='ocr_carea' id='block_1_71' title="bbox 2152 2858 3677 2932">
    <p class='ocr_par' dir='ltr' id='par_1_71' title="bbox 2152 2858 3677 2932">
     <span class='ocr_line' id='line_1_71' title="bbox 2152 2858 3677 2932; baseline -0.003 -18"><span class='ocrx_word' id='word_1_505' title='bbox 2152 2861 2251 2932; x_wconf 76' lang='grc' dir='ltr'>τὴν</span> <span class='ocrx_word' id='word_1_506' title='bbox 2283 2858 2568 2929; x_wconf 77' lang='grc' dir='ltr'>ἀληθινήν.</span> <span class='ocrx_word' id='word_1_507' title='bbox 2603 2858 2752 2928; x_wconf 76' lang='grc' dir='ltr'><strong>Αὕτη</strong></span> <span class='ocrx_word' id='word_1_508' title='bbox 2790 2859 2900 2930; x_wconf 72' lang='grc' dir='ltr'><strong>γάρ</strong></span> <span class='ocrx_word' id='word_1_509' title='bbox 2931 2859 3079 2913; x_wconf 78' lang='grc' dir='ltr'>ἐστιν</span> <span class='ocrx_word' id='word_1_510' title='bbox 3128 2861 3162 2930; x_wconf 80' lang='grc' dir='ltr'><strong>ἡ</strong></span> <span class='ocrx_word' id='word_1_511' title='bbox 3214 2860 3330 2922; x_wconf 78' lang='grc' dir='ltr'>ὁδὸς</span> <span class='ocrx_word' id='word_1_512' title='bbox 3369 2861 3398 2929; x_wconf 75' lang='grc' dir='ltr'>ἡ</span> <span class='ocrx_word' id='word_1_513' title='bbox 3437 2860 3677 2925; x_wconf 75' lang='grc' dir='ltr'>ἀπάγουσα</span> 
     </span>
    </p>
   </div>
   <div class='ocr_carea' id='block_1_72' title="bbox 2154 2941 3676 3022">
    <p class='ocr_par' dir='ltr' id='par_1_72' title="bbox 2154 2941 3676 3022">
     <span class='ocr_line' id='line_1_72' title="bbox 2154 2941 3676 3022; baseline -0.005 -16"><span class='ocrx_word' id='word_1_514' title='bbox 2154 2954 2234 3017; x_wconf 75' lang='grc' dir='ltr'><strong>εἰς</strong></span> <span class='ocrx_word' id='word_1_515' title='bbox 2263 2953 2363 3022; x_wconf 82' lang='grc' dir='ltr'><strong>τὴν</strong></span> <span class='ocrx_word' id='word_1_516' title='bbox 2411 2949 2689 3020; x_wconf 78' lang='grc' dir='ltr'>βασιλείαν</span> <span class='ocrx_word' id='word_1_517' title='bbox 2717 2951 2824 3004; x_wconf 82' lang='grc' dir='ltr'><strong>τῶν</strong></span> <span class='ocrx_word' id='word_1_518' title='bbox 2863 2949 3132 3022; x_wconf 77' lang='grc' dir='ltr'>οὐρανῶν.</span> <span class='ocrx_word' id='word_1_519' title='bbox 3183 2941 3456 3004; x_wconf 79' lang='grc' dir='ltr'>Ἐντεῦθεν</span> <span class='ocrx_word' id='word_1_520' title='bbox 3482 2949 3676 3003; x_wconf 71' lang='grc' dir='ltr'>διδάσκει</span> 
     </span>
    </p>
   </div>
   <div class='ocr_carea' id='block_1_73' title="bbox 2155 3041 3675 3120">
    <p class='ocr_par' dir='ltr' id='par_1_73' title="bbox 2155 3041 3675 3120">
     <span class='ocr_line' id='line_1_73' title="bbox 2155 3041 3675 3120; baseline -0.007 -18"><span class='ocrx_word' id='word_1_521' title='bbox 2155 3049 2322 3120; x_wconf 76' lang='grc' dir='ltr'>ἡμᾶς,</span> <span class='ocrx_word' id='word_1_522' title='bbox 2359 3045 2468 3101; x_wconf 82' lang='grc' dir='ltr'>ἀπὸ</span> <span class='ocrx_word' id='word_1_523' title='bbox 2505 3044 2613 3100; x_wconf 82' lang='grc' dir='ltr'><strong>τῶν</strong></span> <span class='ocrx_word' id='word_1_524' title='bbox 2644 3045 3112 3120; x_wconf 76' lang='grc' dir='ltr'>βλασφημούντων</span> <span class='ocrx_word' id='word_1_525' title='bbox 3150 3045 3245 3099; x_wconf 80' lang='grc' dir='ltr'><strong>τὸν</strong></span> <span class='ocrx_word' id='word_1_526' title='bbox 3297 3045 3422 3098; x_wconf 80' lang='grc' dir='ltr'><strong>Υἱὸν</strong></span> <span class='ocrx_word' id='word_1_527' title='bbox 3451 3041 3535 3097; x_wconf 82' lang='grc' dir='ltr'>τοῦ</span> <span class='ocrx_word' id='word_1_528' title='bbox 3570 3041 3675 3094; x_wconf 78' lang='grc' dir='ltr'>Θεοῦ</span> 
     </span>
    </p>
   </div>
   <div class='ocr_carea' id='block_1_74' title="bbox 2155 3118 3676 3211">
    <p class='ocr_par' dir='ltr' id='par_1_74' title="bbox 2155 3118 3676 3211">
     <span class='ocr_line' id='line_1_74' title="bbox 2155 3118 3676 3211; baseline -0.006 -18"><span class='ocrx_word' id='word_1_529' title='bbox 2155 3118 2484 3211; x_wconf 60' lang='grc' dir='ltr'>χωρίζεσθαι</span> <span class='ocrx_word' id='word_1_530' title='bbox 2531 3137 2658 3201; x_wconf 75' lang='grc' dir='ltr'>τοὺς</span> <span class='ocrx_word' id='word_1_531' title='bbox 2710 3137 2788 3201; x_wconf 79' lang='grc' dir='ltr'>εἰς</span> <span class='ocrx_word' id='word_1_532' title='bbox 2822 3118 2985 3191; x_wconf 80' lang='grc' dir='ltr'>άύτδν</span> <span class='ocrx_word' id='word_1_533' title='bbox 3038 3136 3412 3198; x_wconf 74' lang='grc' dir='ltr'>πιστεύοντας.</span> <span class='ocrx_word' id='word_1_534' title='bbox 3458 3133 3676 3200; x_wconf 75' lang='grc' dir='ltr'>Σανδαρισ</span> 
     </span>
    </p>
   </div>
   <div class='ocr_carea' id='block_1_75' title="bbox 2155 3223 3676 3301">
    <p class='ocr_par' dir='ltr' id='par_1_75' title="bbox 2155 3223 3676 3301">
     <span class='ocr_line' id='line_1_75' title="bbox 2155 3223 3676 3301; baseline -0.008 -16"><span class='ocrx_word' id='word_1_535' title='bbox 2155 3232 2249 3285; x_wconf 72' lang='grc' dir='ltr'><strong>καὶ</strong></span> <span class='ocrx_word' id='word_1_536' title='bbox 2283 3229 2611 3301; x_wconf 76' lang='grc' dir='ltr'>σιμικίνθια,</span> <span class='ocrx_word' id='word_1_537' title='bbox 2643 3228 2933 3300; x_wconf 86' lang='grc' dir='ltr'>ἀμφότερα</span> <span class='ocrx_word' id='word_1_538' title='bbox 2966 3226 3168 3299; x_wconf 87' lang='grc' dir='ltr'>λινώδη</span> <span class='ocrx_word' id='word_1_539' title='bbox 3201 3229 3328 3283; x_wconf 86' lang='grc' dir='ltr'>είσί.</span> <span class='ocrx_word' id='word_1_540' title='bbox 3360 3228 3492 3298; x_wconf 77' lang='grc' dir='ltr'>Πλὴν</span> <span class='ocrx_word' id='word_1_541' title='bbox 3520 3226 3579 3280; x_wconf 73' lang='grc' dir='ltr'><strong>τὰ</strong></span> <span class='ocrx_word' id='word_1_542' title='bbox 3599 3223 3676 3292; x_wconf 81' lang='grc' dir='ltr'><strong>μὲν</strong></span> 
     </span>
    </p>
   </div>
   <div class='ocr_carea' id='block_1_76' title="bbox 2165 3318 3674 3393">
    <p class='ocr_par' dir='ltr' id='par_1_76' title="bbox 2165 3318 3674 3393">
     <span class='ocr_line' id='line_1_76' title="bbox 2165 3318 3674 3393; baseline -0.007 -17"><span class='ocrx_word' id='word_1_543' title='bbox 2165 3323 2425 3393; x_wconf 83' lang='grc' dir='ltr'>σουδάρια</span> <span class='ocrx_word' id='word_1_544' title='bbox 2459 3322 2554 3376; x_wconf 85' lang='grc' dir='ltr'>ἐπὶ</span> <span class='ocrx_word' id='word_1_545' title='bbox 2591 3321 2687 3391; x_wconf 77' lang='grc' dir='ltr'><strong>τῆς</strong></span> <span class='ocrx_word' id='word_1_546' title='bbox 2714 3320 2957 3391; x_wconf 80' lang='grc' dir='ltr'>κεφαλῆς</span> <span class='ocrx_word' id='word_1_547' title='bbox 2987 3321 3338 3376; x_wconf 83' lang='grc' dir='ltr'>ἐπιϐάλλεται</span> <span class='ocrx_word' id='word_1_548' title='bbox 3356 3335 3370 3351; x_wconf 86' lang='grc'><strong>·</strong></span> <span class='ocrx_word' id='word_1_549' title='bbox 3398 3319 3460 3372; x_wconf 87' lang='grc' dir='ltr'><strong>τά</strong></span> <span class='ocrx_word' id='word_1_550' title='bbox 3482 3318 3532 3370; x_wconf 76' lang='grc' dir='ltr'>δὲ</span> <span class='ocrx_word' id='word_1_551' title='bbox 3555 3333 3674 3384; x_wconf 64' lang='lat' dir='ltr'><strong>sqit-</strong></span> 
     </span>
    </p>
   </div>
   <div class='ocr_carea' id='block_1_77' title="bbox 2157 3405 3673 3480">
    <p class='ocr_par' dir='ltr' id='par_1_77' title="bbox 2157 3405 3673 3480">
     <span class='ocr_line' id='line_1_77' title="bbox 2157 3405 3673 3480; baseline -0.008 -15"><span class='ocrx_word' id='word_1_552' title='bbox 2157 3410 2340 3465; x_wconf 83' lang='grc' dir='ltr'>κίνθια</span> <span class='ocrx_word' id='word_1_553' title='bbox 2375 3411 2432 3464; x_wconf 88' lang='grc' dir='ltr'><strong>ἐν</strong></span> <span class='ocrx_word' id='word_1_554' title='bbox 2486 3412 2605 3474; x_wconf 84' lang='grc' dir='ltr'>ταῖς</span> <span class='ocrx_word' id='word_1_555' title='bbox 2664 3411 2822 3480; x_wconf 74' lang='grc' dir='ltr'>χερσὶ</span> <span class='ocrx_word' id='word_1_556' title='bbox 2873 3409 3196 3480; x_wconf 74' lang='grc' dir='ltr'>κατέχουσιν</span> <span class='ocrx_word' id='word_1_557' title='bbox 3248 3409 3298 3462; x_wconf 80' lang='grc' dir='ltr'>οἱ</span> <span class='ocrx_word' id='word_1_558' title='bbox 3330 3407 3402 3478; x_wconf 77' lang='grc' dir='ltr'>μὴ</span> <span class='ocrx_word' id='word_1_559' title='bbox 3438 3405 3673 3474; x_wconf 81' lang='grc' dir='ltr'>δυνάμενοι</span> 
     </span>
    </p>
   </div>
   <div class='ocr_carea' id='block_1_78' title="bbox 2156 3493 3671 3571">
    <p class='ocr_par' dir='ltr' id='par_1_78' title="bbox 2156 3493 3671 3571">
     <span class='ocr_line' id='line_1_78' title="bbox 2156 3493 3671 3571; baseline -0.003 -19"><span class='ocrx_word' id='word_1_560' title='bbox 2156 3500 2352 3571; x_wconf 74' lang='grc' dir='ltr'>ὑράρια</span> <span class='ocrx_word' id='word_1_561' title='bbox 2388 3499 2638 3570; x_wconf 77' lang='grc' dir='ltr'>φορέσαι,</span> <span class='ocrx_word' id='word_1_562' title='bbox 2674 3494 2777 3554; x_wconf 72' lang='grc' dir='ltr'>οἷοί</span> <span class='ocrx_word' id='word_1_563' title='bbox 2803 3500 2942 3553; x_wconf 75' lang='lat' dir='ltr'><strong>slew</strong></span> <span class='ocrx_word' id='word_1_564' title='bbox 2967 3499 3015 3552; x_wconf 85' lang='grc' dir='ltr'>οί</span> <span class='ocrx_word' id='word_1_565' title='bbox 3046 3499 3340 3567; x_wconf 82' lang='grc' dir='ltr'>φοροῦντες</span> <span class='ocrx_word' id='word_1_566' title='bbox 3369 3493 3671 3560; x_wconf 73' lang='grc' dir='ltr'>ὐπατικάς.ἣ</span> 
     </span>
    </p>
   </div>
   <div class='ocr_carea' id='block_1_79' title="bbox 2157 3581 3671 3664">
    <p class='ocr_par' dir='ltr' id='par_1_79' title="bbox 2157 3581 3671 3664">
     <span class='ocr_line' id='line_1_79' title="bbox 2157 3581 3671 3664; baseline -0.007 -18"><span class='ocrx_word' id='word_1_567' title='bbox 2157 3592 2374 3664; x_wconf 82' lang='grc' dir='ltr'>γουϐία,</span> <span class='ocrx_word' id='word_1_568' title='bbox 2406 3593 2542 3663; x_wconf 69' lang='grc' dir='ltr'>πρὸς</span> <span class='ocrx_word' id='word_1_569' title='bbox 2593 3591 2652 3645; x_wconf 81' lang='grc' dir='ltr'>τὸ</span> <span class='ocrx_word' id='word_1_570' title='bbox 2705 3591 3114 3662; x_wconf 63' lang='grc' dir='ltr'>ἀπομάττεσθαι</span> <span class='ocrx_word' id='word_1_571' title='bbox 3154 3592 3256 3655; x_wconf 81' lang='grc' dir='ltr'>τὰς</span> <span class='ocrx_word' id='word_1_572' title='bbox 3297 3590 3573 3660; x_wconf 80' lang='grc' dir='ltr'>ὑγρότητας</span> <span class='ocrx_word' id='word_1_573' title='bbox 3601 3581 3671 3634; x_wconf 82' lang='grc' dir='ltr'>τοῦ</span> 
     </span>
    </p>
   </div>
   <div class='ocr_carea' id='block_1_80' title="bbox 2160 3674 3670 3756">
    <p class='ocr_par' dir='ltr' id='par_1_80' title="bbox 2160 3674 3670 3756">
     <span class='ocr_line' id='line_1_80' title="bbox 2160 3674 3670 3756; baseline -0.007 -18"><span class='ocrx_word' id='word_1_574' title='bbox 2160 3685 2476 3756; x_wconf 86' lang='grc' dir='ltr'>προσώπου,</span> <span class='ocrx_word' id='word_1_575' title='bbox 2519 3681 2630 3738; x_wconf 72' lang='grc' dir='ltr'>οἷον</span> <span class='ocrx_word' id='word_1_576' title='bbox 2662 3683 2916 3755; x_wconf 77' lang='grc' dir='ltr'>ἱδρῶτας,</span> <span class='ocrx_word' id='word_1_577' title='bbox 2944 3683 3200 3749; x_wconf 82' lang='grc' dir='ltr'>πτύελον,</span> <span class='ocrx_word' id='word_1_578' title='bbox 3239 3684 3480 3754; x_wconf 83' lang='grc' dir='ltr'>δάκρυον,</span> <span class='ocrx_word' id='word_1_579' title='bbox 3509 3678 3586 3731; x_wconf 77' lang='grc' dir='ltr'>καὶ</span> <span class='ocrx_word' id='word_1_580' title='bbox 3617 3674 3670 3728; x_wconf 85' lang='grc' dir='ltr'><strong>τά</strong></span> 
     </span>
    </p>
   </div>
   <div class='ocr_carea' id='block_1_81' title="bbox 2157 3765 3672 3848">
    <p class='ocr_par' dir='ltr' id='par_1_81' title="bbox 2157 3765 3672 3848">
     <span class='ocr_line' id='line_1_81' title="bbox 2157 3765 3672 3848; baseline -0.005 -17"><span class='ocrx_word' id='word_1_581' title='bbox 2157 3777 2338 3848; x_wconf 78' lang='grc' dir='ltr'>ὅμοια.</span> <span class='ocrx_word' id='word_1_582' title='bbox 2388 3776 2668 3830; x_wconf 88' lang='grc' dir='ltr'>Δείκνυσιν</span> <span class='ocrx_word' id='word_1_583' title='bbox 2700 3773 2842 3846; x_wconf 78' lang='grc' dir='ltr'>αὕτη</span> <span class='ocrx_word' id='word_1_584' title='bbox 2875 3776 2906 3846; x_wconf 80' lang='grc' dir='ltr'>ἠ</span> <span class='ocrx_word' id='word_1_585' title='bbox 2947 3775 3123 3841; x_wconf 77' lang='grc' dir='ltr'>λέξις,</span> <span class='ocrx_word' id='word_1_586' title='bbox 3163 3777 3247 3830; x_wconf 81' lang='grc' dir='ltr'>ὅτι</span> <span class='ocrx_word' id='word_1_587' title='bbox 3279 3774 3372 3844; x_wconf 82' lang='grc' dir='ltr'>οὐχ</span> <span class='ocrx_word' id='word_1_588' title='bbox 3402 3773 3470 3834; x_wconf 83' lang='grc' dir='ltr'>ὡς</span> <span class='ocrx_word' id='word_1_589' title='bbox 3497 3765 3672 3821; x_wconf 74' lang='grc' dir='ltr'>πιστεύο</span> 
     </span>
    </p>
   </div>
   <div class='ocr_carea' id='block_1_82' title="bbox 2159 3855 3670 3936">
    <p class='ocr_par' dir='ltr' id='par_1_82' title="bbox 2159 3855 3670 3936">
     <span class='ocr_line' id='line_1_82' title="bbox 2159 3855 3670 3936; baseline -0.008 -16"><span class='ocrx_word' id='word_1_590' title='bbox 2159 3883 2309 3930; x_wconf 88' lang='grc' dir='ltr'>οντες</span> <span class='ocrx_word' id='word_1_591' title='bbox 2353 3867 2432 3936; x_wconf 81' lang='grc' dir='ltr'><strong>τῷ</strong></span> <span class='ocrx_word' id='word_1_592' title='bbox 2475 3865 2653 3934; x_wconf 82' lang='grc' dir='ltr'><strong>Ἰησοῦ</strong></span> <span class='ocrx_word' id='word_1_593' title='bbox 2696 3865 2744 3918; x_wconf 76' lang='grc' dir='ltr'>οἶ</span> <span class='ocrx_word' id='word_1_594' title='bbox 2792 3865 3107 3935; x_wconf 80' lang='grc' dir='ltr'>ἐξορκισταὶ</span> <span class='ocrx_word' id='word_1_595' title='bbox 3143 3862 3436 3935; x_wconf 73' lang='grc' dir='ltr'>ἐξώρκιζον</span> <span class='ocrx_word' id='word_1_596' title='bbox 3472 3859 3530 3912; x_wconf 85' lang='grc' dir='ltr'><strong>τά</strong></span> <span class='ocrx_word' id='word_1_597' title='bbox 3561 3855 3670 3910; x_wconf 63' lang='lat' dir='ltr'><strong>dxi-</strong></span> 
     </span>
    </p>
   </div>
   <div class='ocr_carea' id='block_1_83' title="bbox 2157 3943 3670 4030">
    <p class='ocr_par' dir='ltr' id='par_1_83' title="bbox 2157 3943 3670 4030">
     <span class='ocr_line' id='line_1_83' title="bbox 2157 3943 3670 4030; baseline -0.006 -18"><span class='ocrx_word' id='word_1_598' title='bbox 2157 3959 2332 4030; x_wconf 79' lang='grc' dir='ltr'>θαρτα</span> <span class='ocrx_word' id='word_1_599' title='bbox 2371 3956 2654 4027; x_wconf 81' lang='grc' dir='ltr'>πνεύματα</span> <span class='ocrx_word' id='word_1_600' title='bbox 2692 3955 2771 4027; x_wconf 84' lang='grc' dir='ltr'><strong>τῷ</strong></span> <span class='ocrx_word' id='word_1_601' title='bbox 2820 3955 3045 4026; x_wconf 84' lang='grc' dir='ltr'>ὀνόματι</span> <span class='ocrx_word' id='word_1_602' title='bbox 3086 3955 3183 4008; x_wconf 80' lang='grc' dir='ltr'>τοῦ</span> <span class='ocrx_word' id='word_1_603' title='bbox 3240 3951 3458 4023; x_wconf 79' lang='grc' dir='ltr'>Κυρίου,</span> <span class='ocrx_word' id='word_1_604' title='bbox 3496 3947 3592 4000; x_wconf 84' lang='grc' dir='ltr'>ἀλλ’</span> <span class='ocrx_word' id='word_1_605' title='bbox 3611 3943 3670 4003; x_wconf 75' lang='grc' dir='ltr'><strong>ὡς</strong></span> 
     </span>
    </p>
   </div>
   <div class='ocr_carea' id='block_1_84' title="bbox 2160 4032 3668 4118">
    <p class='ocr_par' dir='ltr' id='par_1_84' title="bbox 2160 4032 3668 4118">
     <span class='ocr_line' id='line_1_84' title="bbox 2160 4032 3668 4118; baseline -0.003 -16"><span class='ocrx_word' id='word_1_606' title='bbox 2160 4048 2537 4118; x_wconf 80' lang='grc' dir='ltr'>πειράζοντες.</span> <span class='ocrx_word' id='word_1_607' title='bbox 2581 4047 2673 4102; x_wconf 81' lang='grc' dir='ltr'><strong>Διὸ</strong></span> <span class='ocrx_word' id='word_1_608' title='bbox 2723 4047 2816 4102; x_wconf 67' lang='grc' dir='ltr'><strong>καὶ</strong></span> <span class='ocrx_word' id='word_1_609' title='bbox 2850 4048 2926 4112; x_wconf 85' lang='grc' dir='ltr'>ὡς</span> <span class='ocrx_word' id='word_1_610' title='bbox 2981 4047 3056 4118; x_wconf 78' lang='grc' dir='ltr'>μὴ</span> <span class='ocrx_word' id='word_1_611' title='bbox 3089 4047 3244 4110; x_wconf 77' lang='grc' dir='ltr'>ὅντες</span> <span class='ocrx_word' id='word_1_612' title='bbox 3298 4043 3486 4105; x_wconf 79' lang='grc' dir='ltr'>πιστοὶ,</span> <span class='ocrx_word' id='word_1_613' title='bbox 3527 4039 3589 4098; x_wconf 77' lang='grc' dir='ltr'>ὡς</span> <span class='ocrx_word' id='word_1_614' title='bbox 3623 4032 3668 4084; x_wconf 82' lang='grc' dir='ltr'><strong>τδ</strong></span> 
     </span>
    </p>
   </div>
   <div class='ocr_carea' id='block_1_85' title="bbox 2160 4130 3668 4211">
    <p class='ocr_par' dir='ltr' id='par_1_85' title="bbox 2160 4130 3668 4211">
     <span class='ocr_line' id='line_1_85' title="bbox 2160 4130 3668 4211; baseline -0.012 -16"><span class='ocrx_word' id='word_1_615' title='bbox 2160 4140 2472 4211; x_wconf 70' lang='grc' dir='ltr'>ἀκάθαρτον</span> <span class='ocrx_word' id='word_1_616' title='bbox 2524 4138 2744 4211; x_wconf 80' lang='grc' dir='ltr'>πνεῦμά</span> <span class='ocrx_word' id='word_1_617' title='bbox 2771 4156 2928 4210; x_wconf 78' lang='grc' dir='ltr'>φησι,</span> <span class='ocrx_word' id='word_1_618' title='bbox 2960 4138 3058 4210; x_wconf 84' lang='grc' dir='ltr'><strong>τῆς</strong></span> <span class='ocrx_word' id='word_1_619' title='bbox 3105 4136 3424 4207; x_wconf 87' lang='grc' dir='ltr'>προπετείας</span> <span class='ocrx_word' id='word_1_620' title='bbox 3451 4130 3668 4185; x_wconf 72' lang='grc' dir='ltr'>δεδώκασι</span> 
     </span>
    </p>
   </div>
   <div class='ocr_carea' id='block_1_86' title="bbox 2161 4217 3666 4306">
    <p class='ocr_par' dir='ltr' id='par_1_86' title="bbox 2161 4217 3666 4306">
     <span class='ocr_line' id='line_1_86' title="bbox 2161 4217 3666 4306; baseline 0 -20"><span class='ocrx_word' id='word_1_621' title='bbox 2161 4233 2296 4306; x_wconf 66' lang='grc' dir='ltr'>πρὸς</span> <span class='ocrx_word' id='word_1_622' title='bbox 2320 4233 2500 4302; x_wconf 83' lang='grc' dir='ltr'>ὀλίγον</span> <span class='ocrx_word' id='word_1_623' title='bbox 2529 4232 2706 4303; x_wconf 80' lang='grc' dir='ltr'>δίκην.</span> <span class='ocrx_word' id='word_1_624' title='bbox 2757 4231 3018 4304; x_wconf 79' lang='grc' dir='ltr'>Διήλεγξε</span> <span class='ocrx_word' id='word_1_625' title='bbox 3069 4233 3176 4302; x_wconf 86' lang='grc' dir='ltr'><strong>γάρ</strong></span> <span class='ocrx_word' id='word_1_626' title='bbox 3209 4229 3399 4291; x_wconf 76' lang='grc' dir='ltr'>αὐτοὺς</span> <span class='ocrx_word' id='word_1_627' title='bbox 3420 4267 3434 4293; x_wconf 88' lang='grc'><strong>,</strong></span> <span class='ocrx_word' id='word_1_628' title='bbox 3479 4221 3557 4279; x_wconf 72' lang='grc' dir='ltr'>καὶ</span> <span class='ocrx_word' id='word_1_629' title='bbox 3593 4217 3666 4286; x_wconf 66' lang='grc' dir='ltr'><strong>τὴν</strong></span> 
     </span>
    </p>
   </div>
   <div class='ocr_carea' id='block_1_87' title="bbox 2160 4310 3665 4396">
    <p class='ocr_par' dir='ltr' id='par_1_87' title="bbox 2160 4310 3665 4396">
     <span class='ocr_line' id='line_1_87' title="bbox 2160 4310 3665 4396; baseline -0.005 -18"><span class='ocrx_word' id='word_1_630' title='bbox 2160 4325 2366 4396; x_wconf 75' lang='grc' dir='ltr'>σκηνὴν</span> <span class='ocrx_word' id='word_1_631' title='bbox 2417 4325 2597 4379; x_wconf 81' lang='grc' dir='ltr'>αὐτῶν</span> <span class='ocrx_word' id='word_1_632' title='bbox 2637 4326 2878 4395; x_wconf 85' lang='grc' dir='ltr'>φανερὰν</span> <span class='ocrx_word' id='word_1_633' title='bbox 2919 4324 3167 4395; x_wconf 84' lang='grc' dir='ltr'>ἐποίησε,</span> <span class='ocrx_word' id='word_1_634' title='bbox 3215 4322 3411 4392; x_wconf 74' lang='grc' dir='ltr'>σφόδρα</span> <span class='ocrx_word' id='word_1_635' title='bbox 3447 4310 3665 4385; x_wconf 64' lang='grc' dir='ltr'>θυμωθεὶς</span> 
     </span>
    </p>
   </div>
   <div class='ocr_carea' id='block_1_88' title="bbox 2157 4405 3660 4486">
    <p class='ocr_par' dir='ltr' id='par_1_88' title="bbox 2157 4405 3660 4486">
     <span class='ocr_line' id='line_1_88' title="bbox 2157 4405 3660 4486; baseline -0.005 -16"><span class='ocrx_word' id='word_1_636' title='bbox 2157 4418 2185 4470; x_wconf 88' lang='grc' dir='ltr'>ὀ</span> <span class='ocrx_word' id='word_1_637' title='bbox 2221 4416 2453 4486; x_wconf 86' lang='grc' dir='ltr'>δαίμων,</span> <span class='ocrx_word' id='word_1_638' title='bbox 2474 4416 2622 4470; x_wconf 83' lang='grc' dir='ltr'>ὼσάν</span> <span class='ocrx_word' id='word_1_639' title='bbox 2644 4415 2696 4469; x_wconf 81' lang='grc' dir='ltr'>ετ</span> <span class='ocrx_word' id='word_1_640' title='bbox 2724 4434 2806 4480; x_wconf 87' lang='grc' dir='ltr'><strong>τις</strong></span> <span class='ocrx_word' id='word_1_641' title='bbox 2831 4415 2958 4486; x_wconf 76' lang='grc' dir='ltr'>περὶ</span> <span class='ocrx_word' id='word_1_642' title='bbox 2980 4416 3088 4469; x_wconf 82' lang='grc' dir='ltr'><strong>τῶν</strong></span> <span class='ocrx_word' id='word_1_643' title='bbox 3111 4417 3351 4486; x_wconf 78' lang='grc' dir='ltr'>ἐσχάτων</span> <span class='ocrx_word' id='word_1_644' title='bbox 3375 4405 3660 4466; x_wconf 66' lang='grc' dir='ltr'>κινδυνεύων,</span> 
     </span>
    </p>
   </div>
   <div class='ocr_carea' id='block_1_89' title="bbox 2159 4494 3662 4582">
    <p class='ocr_par' dir='ltr' id='par_1_89' title="bbox 2159 4494 3662 4582">
     <span class='ocr_line' id='line_1_89' title="bbox 2159 4494 3662 4582; baseline -0.011 -18"><span class='ocrx_word' id='word_1_645' title='bbox 2159 4510 2262 4564; x_wconf 82' lang='grc' dir='ltr'><strong>ὑπό</strong></span> <span class='ocrx_word' id='word_1_646' title='bbox 2292 4525 2434 4572; x_wconf 88' lang='grc' dir='ltr'>τινος</span> <span class='ocrx_word' id='word_1_647' title='bbox 2463 4507 2682 4579; x_wconf 84' lang='grc' dir='ltr'>οίκτροῦ</span> <span class='ocrx_word' id='word_1_648' title='bbox 2709 4507 2828 4582; x_wconf 77' lang='grc' dir='ltr'>[καὶ</span> <span class='ocrx_word' id='word_1_649' title='bbox 2858 4508 3235 4580; x_wconf 82' lang='grc' dir='ltr'>ταλαιπώρου]</span> <span class='ocrx_word' id='word_1_650' title='bbox 3257 4505 3568 4572; x_wconf 67' lang='grc' dir='ltr'>διελέγχω-ιο,</span> <span class='ocrx_word' id='word_1_651' title='bbox 3592 4494 3662 4547; x_wconf 75' lang='grc' dir='ltr'>καὶ</span> 
     </span>
    </p>
   </div>
   <div class='ocr_carea' id='block_1_90' title="bbox 2158 4584 3657 4670">
    <p class='ocr_par' dir='ltr' id='par_1_90' title="bbox 2158 4584 3657 4670">
     <span class='ocr_line' id='line_1_90' title="bbox 2158 4584 3657 4670; baseline -0.014 -16"><span class='ocrx_word' id='word_1_652' title='bbox 2158 4600 2336 4654; x_wconf 85' lang='grc' dir='ltr'>πάντα</span> <span class='ocrx_word' id='word_1_653' title='bbox 2390 4601 2471 4664; x_wconf 88' lang='grc' dir='ltr'><strong>είς</strong></span> <span class='ocrx_word' id='word_1_654' title='bbox 2501 4598 2708 4654; x_wconf 79' lang='grc' dir='ltr'>ἐκεῖνον</span> <span class='ocrx_word' id='word_1_655' title='bbox 2753 4599 2968 4668; x_wconf 82' lang='grc' dir='ltr'>ἀφιέναι</span> <span class='ocrx_word' id='word_1_656' title='bbox 3001 4600 3044 4631; x_wconf 75' lang='grc'>⁸⁸</span> <span class='ocrx_word' id='word_1_657' title='bbox 3108 4599 3350 4670; x_wconf 83' lang='grc' dir='ltr'>βούλεται</span> <span class='ocrx_word' id='word_1_658' title='bbox 3388 4594 3468 4646; x_wconf 71' lang='grc' dir='ltr'><strong>τὸν</strong></span> <span class='ocrx_word' id='word_1_659' title='bbox 3510 4584 3657 4655; x_wconf 84' lang='grc' dir='ltr'>θυμόν.</span> 
     </span>
    </p>
   </div>
   <div class='ocr_carea' id='block_1_91' title="bbox 2159 4673 3658 4764">
    <p class='ocr_par' dir='ltr' id='par_1_91' title="bbox 2159 4673 3658 4764">
     <span class='ocr_line' id='line_1_91' title="bbox 2159 4673 3658 4764; baseline -0.012 -16"><span class='ocrx_word' id='word_1_660' title='bbox 2159 4693 2509 4764; x_wconf 84' lang='grc' dir='ltr'>Σημειωτέον</span> <span class='ocrx_word' id='word_1_661' title='bbox 2555 4690 2633 4756; x_wconf 83' lang='grc' dir='ltr'>δὲ,</span> <span class='ocrx_word' id='word_1_662' title='bbox 2691 4690 2772 4744; x_wconf 83' lang='grc' dir='ltr'>ὅτι</span> <span class='ocrx_word' id='word_1_663' title='bbox 2814 4691 2989 4745; x_wconf 80' lang='grc' dir='ltr'>καίτοι</span> <span class='ocrx_word' id='word_1_664' title='bbox 3037 4691 3362 4760; x_wconf 83' lang='grc' dir='ltr'>πολυτίμους</span> <span class='ocrx_word' id='word_1_665' title='bbox 3402 4683 3544 4741; x_wconf 65' lang='lat' dir='ltr'><strong>elisa;</strong></span> <span class='ocrx_word' id='word_1_666' title='bbox 3586 4673 3658 4764; x_wconf 59' lang='grc' dir='ltr'><strong>τὰς</strong></span> 
     </span>
    </p>
   </div>
   <div class='ocr_carea' id='block_1_92' title="bbox 2159 4763 3658 4856">
    <p class='ocr_par' dir='ltr' id='par_1_92' title="bbox 2159 4763 3658 4856">
     <span class='ocr_line' id='line_1_92' title="bbox 2159 4763 3658 4856; baseline -0.009 -20"><span class='ocrx_word' id='word_1_667' title='bbox 2159 4763 2422 4856; x_wconf 65' lang='grc' dir='ltr'>γοῄτικάς</span> <span class='ocrx_word' id='word_1_668' title='bbox 2445 4781 2623 4837; x_wconf 76' lang='grc' dir='ltr'>αὐτῶν</span> <span class='ocrx_word' id='word_1_669' title='bbox 2657 4781 2894 4854; x_wconf 84' lang='grc' dir='ltr'>βίϐλους,</span> <span class='ocrx_word' id='word_1_670' title='bbox 2925 4782 2997 4846; x_wconf 86' lang='grc' dir='ltr'><strong>ώς</strong></span> <span class='ocrx_word' id='word_1_671' title='bbox 3025 4782 3134 4836; x_wconf 86' lang='grc' dir='ltr'><strong>τῶν</strong></span> <span class='ocrx_word' id='word_1_672' title='bbox 3168 4784 3224 4835; x_wconf 86' lang='grc' dir='ltr'>ὲν</span> <span class='ocrx_word' id='word_1_673' title='bbox 3251 4782 3348 4852; x_wconf 80' lang='grc' dir='ltr'><strong>βῖῳ</strong></span> <span class='ocrx_word' id='word_1_674' title='bbox 3379 4770 3584 4846; x_wconf 80' lang='grc' dir='ltr'>ἐχουσῶν</span> <span class='ocrx_word' id='word_1_675' title='bbox 3607 4763 3658 4816; x_wconf 71' lang='grc' dir='ltr'><strong>τὰ</strong></span> 
     </span>
    </p>
   </div>
   <div class='ocr_carea' id='block_1_93' title="bbox 2160 4858 3656 4963">
    <p class='ocr_par' dir='ltr' id='par_1_93' title="bbox 2160 4858 3656 4963">
     <span class='ocr_line' id='line_1_93' title="bbox 2160 4858 3656 4963; baseline -0.005 -33"><span class='ocrx_word' id='word_1_676' title='bbox 2160 4876 2442 4940; x_wconf 81' lang='grc' dir='ltr'>κάλλιστα,</span> <span class='ocrx_word' id='word_1_677' title='bbox 2473 4877 2522 4929; x_wconf 84' lang='grc' dir='ltr'>οἱ</span> <span class='ocrx_word' id='word_1_678' title='bbox 2550 4876 2628 4940; x_wconf 80' lang='grc' dir='ltr'><strong>εἰς</strong></span> <span class='ocrx_word' id='word_1_679' title='bbox 2659 4875 2894 4946; x_wconf 78' lang='grc' dir='ltr'>Χριστὸν</span> <span class='ocrx_word' id='word_1_680' title='bbox 2933 4874 3316 4935; x_wconf 85' lang='grc' dir='ltr'>πιστεύσαντες</span> <span class='ocrx_word' id='word_1_681' title='bbox 3348 4871 3438 4924; x_wconf 81' lang='grc' dir='ltr'>οὐκ</span> <span class='ocrx_word' id='word_1_682' title='bbox 3487 4858 3656 4963; x_wconf 59' lang='grc' dir='ltr'>ἐπιξιλψ</span> 
     </span>
    </p>
   </div>
   <div class='ocr_carea' id='block_1_94' title="bbox 2161 4962 3655 5032">
    <p class='ocr_par' dir='ltr' id='par_1_94' title="bbox 2161 4962 3655 5032">
     <span class='ocr_line' id='line_1_94' title="bbox 2161 4962 3655 5032; baseline -0.011 -13"><span class='ocrx_word' id='word_1_683' title='bbox 2161 4983 2283 5032; x_wconf 87' lang='grc' dir='ltr'>σαν,</span> <span class='ocrx_word' id='word_1_684' title='bbox 2338 4964 2454 5019; x_wconf 74' lang='grc' dir='ltr'>ἀλλ’</span> <span class='ocrx_word' id='word_1_685' title='bbox 2492 4965 2731 5018; x_wconf 81' lang='grc' dir='ltr'>ἔκαυσαν</span> <span class='ocrx_word' id='word_1_686' title='bbox 2754 4982 2766 4995; x_wconf 92' lang='grc'><strong>·</strong></span> <span class='ocrx_word' id='word_1_687' title='bbox 2806 4964 2985 5019; x_wconf 89' lang='grc' dir='ltr'>καίτοι</span> <span class='ocrx_word' id='word_1_688' title='bbox 3034 4964 3119 5018; x_wconf 75' lang='grc' dir='ltr'><strong>ἀλ)</strong></span> <span class='ocrx_word' id='word_1_689' title='bbox 3133 4983 3208 5018; x_wconf 91' lang='grc' dir='ltr'><strong>ων</strong></span> <span class='ocrx_word' id='word_1_690' title='bbox 3252 4963 3416 5018; x_wconf 82' lang='grc' dir='ltr'>ἐκεῖσε</span> <span class='ocrx_word' id='word_1_691' title='bbox 3455 4962 3655 5007; x_wconf 75' lang='grc' dir='ltr'>τοιούτων</span> 
     </span>
    </p>
   </div>
   <div class='ocr_carea' id='block_1_95' title="bbox 2159 5040 3653 5126">
    <p class='ocr_par' dir='ltr' id='par_1_95' title="bbox 2159 5040 3653 5126">
     <span class='ocr_line' id='line_1_95' title="bbox 2159 5040 3653 5126; baseline 0.002 -16"><span class='ocrx_word' id='word_1_692' title='bbox 2159 5055 2329 5111; x_wconf 74' lang='grc' dir='ltr'>ὅντων</span> <span class='ocrx_word' id='word_1_693' title='bbox 2360 5055 2467 5110; x_wconf 83' lang='grc' dir='ltr'><strong>τῶν</strong></span> <span class='ocrx_word' id='word_1_694' title='bbox 2493 5056 2756 5110; x_wconf 82' lang='grc' dir='ltr'>θελόντων</span> <span class='ocrx_word' id='word_1_695' title='bbox 2776 5055 2874 5120; x_wconf 81' lang='grc' dir='ltr'>τὰς</span> <span class='ocrx_word' id='word_1_696' title='bbox 2899 5056 3114 5126; x_wconf 87' lang='grc' dir='ltr'>βίϐλους</span> <span class='ocrx_word' id='word_1_697' title='bbox 3147 5052 3462 5126; x_wconf 76' lang='grc' dir='ltr'>κτήσασθαι·</span> <span class='ocrx_word' id='word_1_698' title='bbox 3487 5040 3653 5113; x_wconf 64' lang='grc' dir='ltr'><strong>πρῶτον</strong></span> 
     </span>
    </p>
   </div>
   <div class='ocr_carea' id='block_1_96' title="bbox 2165 5131 3650 5223">
    <p class='ocr_par' dir='ltr' id='par_1_96' title="bbox 2165 5131 3650 5223">
     <span class='ocr_line' id='line_1_96' title="bbox 2165 5131 3650 5223; baseline -0.003 -19"><span class='ocrx_word' id='word_1_699' title='bbox 2165 5147 2284 5220; x_wconf 78' lang='grc' dir='ltr'>μὲν,</span> <span class='ocrx_word' id='word_1_700' title='bbox 2318 5148 2405 5203; x_wconf 77' lang='grc' dir='ltr'>ἵνα</span> <span class='ocrx_word' id='word_1_701' title='bbox 2437 5149 2511 5221; x_wconf 85' lang='grc' dir='ltr'>μή</span> <span class='ocrx_word' id='word_1_702' title='bbox 2542 5165 2627 5213; x_wconf 85' lang='grc' dir='ltr'><strong>τις</strong></span> <span class='ocrx_word' id='word_1_703' title='bbox 2659 5149 2904 5223; x_wconf 80' lang='grc' dir='ltr'>μετάσχῃ</span> <span class='ocrx_word' id='word_1_704' title='bbox 2933 5148 3034 5218; x_wconf 81' lang='grc' dir='ltr'>τῆς</span> <span class='ocrx_word' id='word_1_705' title='bbox 3058 5147 3154 5204; x_wconf 84' lang='grc' dir='ltr'><strong>ἀπ’</strong></span> <span class='ocrx_word' id='word_1_706' title='bbox 3177 5147 3346 5202; x_wconf 84' lang='grc' dir='ltr'>αὐτῶν</span> <span class='ocrx_word' id='word_1_707' title='bbox 3373 5131 3650 5212; x_wconf 57' lang='grc' dir='ltr'>ψυχοξθδρθν</span> 
     </span>
    </p>
   </div>
   <div class='ocr_carea' id='block_1_97' title="bbox 1689 5327 2556 5394">
    <p class='ocr_par' dir='ltr' id='par_1_97' title="bbox 1689 5327 2556 5394">
     <span class='ocr_line' id='line_1_97' title="bbox 1689 5327 2556 5394; baseline 0.006 -6"><span class='ocrx_word' id='word_1_708' title='bbox 1689 5329 1892 5393; x_wconf 62' lang='lat' dir='ltr'><strong>Varia:</strong></span> <span class='ocrx_word' id='word_1_709' title='bbox 1921 5327 2225 5392; x_wconf 83' lang='lat' dir='ltr'><strong>lectiones</strong></span> <span class='ocrx_word' id='word_1_710' title='bbox 2263 5337 2323 5394; x_wconf 89' lang='lat' dir='ltr'><strong>et</strong></span> <span class='ocrx_word' id='word_1_711' title='bbox 2367 5335 2556 5394; x_wconf 70' lang='lat' dir='ltr'><strong>notua.</strong></span> 
     </span>
    </p>
   </div>
   <div class='ocr_carea' id='block_1_98' title="bbox 549 5455 859 5515">
    <p class='ocr_par' dir='ltr' id='par_1_98' title="bbox 549 5455 859 5515">
     <span class='ocr_line' id='line_1_98' title="bbox 549 5455 859 5515; baseline 0.003 -5"><span class='ocrx_word' id='word_1_712' title='bbox 549 5455 598 5488; x_wconf 83' lang='lat'>”</span> <span class='ocrx_word' id='word_1_713' title='bbox 619 5457 859 5515; x_wconf 64' lang='lat' dir='ltr'><strong>ducebat.</strong></span> 
     </span>
    </p>
   </div>
   <div class='ocr_carea' id='block_1_99' title="bbox 551 5607 2044 5683">
    <p class='ocr_par' dir='ltr' id='par_1_99' title="bbox 551 5607 2044 5683">
     <span class='ocr_line' id='line_1_99' title="bbox 551 5607 2044 5683; baseline -0.004 -14"><span class='ocrx_word' id='word_1_714' title='bbox 551 5613 664 5683; x_wconf 79' lang='lat' dir='ltr'><strong>(3i)</strong></span> <span class='ocrx_word' id='word_1_715' title='bbox 703 5612 1000 5683; x_wconf 78' lang='lat' dir='ltr'><strong>lientenius</strong></span> <span class='ocrx_word' id='word_1_716' title='bbox 1051 5627 1150 5682; x_wconf 87' lang='lat' dir='ltr'><strong>pro</strong></span> <span class='ocrx_word' id='word_1_717' title='bbox 1195 5607 1719 5683; x_wconf 36' lang='grc' dir='ltr'>οἰκτρούηιηίεετο,</span> <span class='ocrx_word' id='word_1_718' title='bbox 1749 5609 1912 5683; x_wconf 86' lang='lat' dir='ltr'><strong>habet</strong></span> <span class='ocrx_word' id='word_1_719' title='bbox 1955 5614 2044 5682; x_wconf 80' lang='grc' dir='ltr'>ἐχ-</span> 
     </span>
    </p>
   </div>
   <div class='ocr_carea' id='block_1_100' title="bbox 480 5681 2043 5753">
    <p class='ocr_par' dir='ltr' id='par_1_100' title="bbox 480 5681 2043 5753">
     <span class='ocr_line' id='line_1_100' title="bbox 480 5681 2043 5753; baseline -0.002 -16"><span class='ocrx_word' id='word_1_720' title='bbox 480 5681 919 5753; x_wconf 56' lang='grc' dir='ltr'><strong>θροῦ,⁷ὶηίηιὶςο;</strong></span> <span class='ocrx_word' id='word_1_721' title='bbox 954 5681 1098 5736; x_wconf 87' lang='lat' dir='ltr'><strong>unde</strong></span> <span class='ocrx_word' id='word_1_722' title='bbox 1143 5682 1300 5753; x_wconf 83' lang='lat' dir='ltr'><strong>vertit</strong></span> <span class='ocrx_word' id='word_1_723' title='bbox 1324 5681 1346 5742; x_wconf 58' lang='grc'>⁷,</span> <span class='ocrx_word' id='word_1_724' title='bbox 1385 5681 1521 5734; x_wconf 80' lang='lat' dir='ltr'><strong>velut</strong></span> <span class='ocrx_word' id='word_1_725' title='bbox 1558 5681 1748 5753; x_wconf 73' lang='lat' dir='ltr'><strong>siquis</strong></span> <span class='ocrx_word' id='word_1_726' title='bbox 1788 5682 1839 5734; x_wconf 85' lang='lat' dir='ltr'><strong>in</strong></span> <span class='ocrx_word' id='word_1_727' title='bbox 1869 5681 2043 5734; x_wconf 73' lang='lat' dir='ltr'><strong>extre-</strong></span> 
     </span>
    </p>
   </div>
   <div class='ocr_carea' id='block_1_101' title="bbox 481 5751 2040 5821">
    <p class='ocr_par' dir='ltr' id='par_1_101' title="bbox 481 5751 2040 5821">
     <span class='ocr_line' id='line_1_101' title="bbox 481 5751 2040 5821; baseline -0.002 -15"><span class='ocrx_word' id='word_1_728' title='bbox 481 5751 579 5806; x_wconf 73' lang='lat' dir='ltr'><strong>ntis</strong></span> <span class='ocrx_word' id='word_1_729' title='bbox 637 5752 885 5821; x_wconf 71' lang='lat' dir='ltr'><strong>periculis</strong></span> <span class='ocrx_word' id='word_1_730' title='bbox 932 5754 1131 5819; x_wconf 74' lang='lat' dir='ltr'><strong>positus</strong></span> <span class='ocrx_word' id='word_1_731' title='bbox 1179 5752 1242 5805; x_wconf 83' lang='lat' dir='ltr'><strong>ab</strong></span> <span class='ocrx_word' id='word_1_732' title='bbox 1275 5753 1452 5820; x_wconf 83' lang='lat' dir='ltr'><strong>aliqua</strong></span> <span class='ocrx_word' id='word_1_733' title='bbox 1506 5751 1719 5804; x_wconf 81' lang='lat' dir='ltr'><strong>inimico</strong></span> <span class='ocrx_word' id='word_1_734' title='bbox 1763 5760 2040 5821; x_wconf 81' lang='lat' dir='ltr'><strong>arguatur,</strong></span> 
     </span>
    </p>
   </div>
   <div class='ocr_carea' id='block_1_102' title="bbox 482 5822 2049 5892">
    <p class='ocr_par' dir='ltr' id='par_1_102' title="bbox 482 5822 2049 5892">
     <span class='ocr_line' id='line_1_102' title="bbox 482 5822 2049 5892; baseline -0.002 -14"><span class='ocrx_word' id='word_1_735' title='bbox 482 5824 625 5880; x_wconf 76' lang='lat' dir='ltr'><strong>haud</strong></span> <span class='ocrx_word' id='word_1_736' title='bbox 659 5837 792 5881; x_wconf 81' lang='lat' dir='ltr'><strong>sane</strong></span> <span class='ocrx_word' id='word_1_737' title='bbox 822 5833 965 5877; x_wconf 86' lang='lat' dir='ltr'><strong>recto</strong></span> <span class='ocrx_word' id='word_1_738' title='bbox 988 5839 1170 5880; x_wconf 84' lang='lat' dir='ltr'><strong>sensu.</strong></span> <span class='ocrx_word' id='word_1_739' title='bbox 1205 5824 1270 5878; x_wconf 86' lang='lat' dir='ltr'><strong>At</strong></span> <span class='ocrx_word' id='word_1_740' title='bbox 1310 5822 1754 5892; x_wconf 73' lang='lat' dir='ltr'><strong>Chrysostomus,</strong></span> <span class='ocrx_word' id='word_1_741' title='bbox 1787 5826 1943 5892; x_wconf 78' lang='lat' dir='ltr'><strong>cujus</strong></span> <span class='ocrx_word' id='word_1_742' title='bbox 1965 5832 2049 5878; x_wconf 77' lang='lat' dir='ltr'><strong>est</strong></span> 
     </span>
    </p>
   </div>
   <div class='ocr_carea' id='block_1_103' title="bbox 2154 5593 3641 5682">
    <p class='ocr_par' dir='ltr' id='par_1_103' title="bbox 2154 5593 3641 5682">
     <span class='ocr_line' id='line_1_103' title="bbox 2154 5593 3641 5682; baseline -0.01 -16"><span class='ocrx_word' id='word_1_743' title='bbox 2154 5611 2244 5667; x_wconf 89' lang='lat' dir='ltr'><strong>hic</strong></span> <span class='ocrx_word' id='word_1_744' title='bbox 2267 5619 2468 5678; x_wconf 77' lang='lat' dir='ltr'><strong>textus,</strong></span> <span class='ocrx_word' id='word_1_745' title='bbox 2497 5612 2901 5682; x_wconf 71' lang='grc' dir='ltr'>Ιιιιδοι-οίκτροῦ</span> <span class='ocrx_word' id='word_1_746' title='bbox 2927 5612 3022 5667; x_wconf 72' lang='grc' dir='ltr'>καὶ</span> <span class='ocrx_word' id='word_1_747' title='bbox 3055 5609 3405 5682; x_wconf 85' lang='grc' dir='ltr'>ταλαιπώρου,</span> <span class='ocrx_word' id='word_1_748' title='bbox 3436 5593 3641 5682; x_wconf 42' lang='lat' dir='ltr'><strong>misere-ff</strong></span> 
     </span>
    </p>
   </div>
   <div class='ocr_carea' id='block_1_104' title="bbox 2155 5671 3642 5752">
    <p class='ocr_par' dir='ltr' id='par_1_104' title="bbox 2155 5671 3642 5752">
     <span class='ocr_line' id='line_1_104' title="bbox 2155 5671 3642 5752; baseline -0.01 -17"><span class='ocrx_word' id='word_1_749' title='bbox 2155 5671 2472 5746; x_wconf 67' lang='lat' dir='ltr'><strong>a&#39;rumnoso,</strong></span> <span class='ocrx_word' id='word_1_750' title='bbox 2522 5691 2581 5736; x_wconf 91' lang='lat' dir='ltr'><strong>ut</strong></span> <span class='ocrx_word' id='word_1_751' title='bbox 2629 5697 2729 5737; x_wconf 90' lang='lat' dir='ltr'><strong>nos</strong></span> <span class='ocrx_word' id='word_1_752' title='bbox 2771 5671 3098 5751; x_wconf 79' lang='lat' dir='ltr'><strong>posuimus;</strong></span> <span class='ocrx_word' id='word_1_753' title='bbox 3151 5698 3258 5752; x_wconf 92' lang='lat' dir='ltr'><strong>quo</strong></span> <span class='ocrx_word' id='word_1_754' title='bbox 3295 5671 3502 5746; x_wconf 62' lang='lat' dir='ltr'><strong>congrua</strong></span> <span class='ocrx_word' id='word_1_755' title='bbox 3539 5671 3642 5717; x_wconf 74' lang='lat' dir='ltr'><strong>talio</strong></span> 
     </span>
    </p>
   </div>
   <div class='ocr_carea' id='block_1_105' title="bbox 2156 5753 3209 5809">
    <p class='ocr_par' dir='ltr' id='par_1_105' title="bbox 2156 5753 3209 5809">
     <span class='ocr_line' id='line_1_105' title="bbox 2156 5753 3209 5809; baseline 0.004 -4"><span class='ocrx_word' id='word_1_756' title='bbox 2156 5753 2399 5808; x_wconf 58' lang='lat' dir='ltr'><strong>redditur</strong></span> <span class='ocrx_word' id='word_1_757' title='bbox 2431 5753 2899 5809; x_wconf 62' lang='lat' dir='ltr'><strong>excandescentia</strong></span> <span class='ocrx_word' id='word_1_758' title='bbox 2928 5753 3209 5809; x_wconf 64' lang='lat' dir='ltr'><strong>dtemonis.</strong></span> 
     </span>
    </p>
   </div>
  </div>
