3950 6552
537 397 675 464 1οἱ5

1415 394 1988 456 THEOPHYI.AC’I‘|
2025 393 2437 457 BULGARIAE
2480 398 2838 461 ARCHIEP.

3599 399 3721 469 1016

537 508 774 581 qualiter
804 509 1086 564 vobiscum
1141 523 1236 579 per
1281 522 1442 564 omne
1473 515 1689 576 tempus
1734 505 1950 573 luerim,
1984 520 2102 561 ser-

2223 512 2430 580 πρώτης
2464 511 2676 581 ἡμέρας
2707 510 2804 579 ἀφ’
2824 488 2898 584 ἦς
2927 509 3132 582 ἐπέϐην
3163 511 3239 573 είς
3269 510 3370 582 τὴν
3415 512 3604 576 Ἀσίαν,
3633 519 3728 582 πῶς

539 606 697 658 vicns
724 603 956 658 Domino
990 619 1114 658 cum
1149 603 1298 658 oumi
1329 603 1636 658 humilitate
1669 613 1723 657 et
1761 602 2020 674 lacrymis
2051 610 2106 657 et

541 694 966 754 tentationibus.
1024 709 1144 764 quae
1191 693 1324 748 mihi
1381 692 1702 748 acciderunt
1763 707 1826 746 ex
1887 691 2106 749 insidiis

543 787 852 844 Judcorum
903 787 1226 856 :quomodo
1257 786 1387 840 nihil
1437 785 1802 842 subtraxerim
1847 783 2094 848 utilium,

537 895 648 948 quo
714 878 898 933 minus
937 878 1321 932 annuntiarem
1353 877 1531 939 vobis,
1581 882 1640 931 et
1701 875 1954 931 docerem
2011 888 2110 929 vos

539 969 760 1040 publice
803 978 858 1025 et
915 985 1012 1040 per
1061 969 1277 1032 domos,
1340 969 1644 1024 testiﬁcans
1687 966 1892 1024 Iudaeis
1948 977 2109 1038 atque

535 1063 830 1136 gentilibus
859 1063 913 1119 in
941 1063 1108 1120 Deum
1149 1063 1532 1134 pmnitentiam
1580 1074 1633 1120 et
1663 1062 1823 1118 (idem
1850 1062 1905 1117 in
1925 1061 2110 1118 Domi-

544 1173 674 1212 num
714 1167 964 1213 nostrum
996 1155 1183 1212 Jesum
1214 1156 1520 1213 Christum.
1557 1155 1626 1210 Et
1658 1169 1806 1212 nunc
1835 1169 1966 1236 ecce
1987 1153 2109 1209 alli-

539 1260 697 1320 gatus
726 1265 827 1320 ego
864 1249 1095 1320 Spiritu,
1127 1249 1267 1305 vado
1312 1253 1368 1306 in
1398 1250 1698 1306 Jerusalem
1727 1267 1742 1318 ;
1805 1264 1926 1320 quae
1954 1247 2008 1302 in
2045 1260 2109 1302 ea

528 1350 767 1398 ventura
793 1343 906 1399 sint
940 1343 1093 1407 mihi,
1152 1343 1414 1414 ignorans
1473 1364 1487 1400 :
1532 1342 1636 1400 nisi
1669 1343 1812 1412 quod
1871 1341 2111 1412 Spiritus

541 1443 770 1490 sanctus
832 1450 932 1504 per
979 1450 1172 1490 omnes
1230 1434 1476 1491 civitates
1537 1435 1668 1488 mihi
1721 1440 2104 1503 protestatur,

548 1527 742 1583 dicens
813 1527 1070 1597 quoniam
1113 1526 1330 1581 vincula
1361 1534 1416 1581 ct
1466 1525 1854 1579 trilmlationes
1889 1522 2112 1578 Jeroso-

544 1616 708 1687 lymis
737 1630 825 1670 me
891 1621 1134 1669 manent.
1171 1611 1274 1670 Sed
1330 1613 1464 1667 nihil
1517 1613 1710 1667 horum
1745 1624 1962 1673 vereor,
2015 1621 2113 1663 nec

546 1707 688 1762 facio
715 1707 954 1762 animam
997 1720 1170 1761 meam
1202 1705 1582 1776 pretiosiorem
1615 1717 1776 1772 quam
1813 1715 1922 1764 me,
1955 1699 2114 1754 dum-

547 1797 710 1852 modo
733 1811 1109 1851 consummem
1136 1809 1359 1851 cursum
1403 1809 1607 1861 meum,
1654 1803 1708 1848 et
1751 1791 2112 1845 ministeriqu

548 1889 697 1946 verbi
734 1888 879 1959 quod
911 1888 1094 1957 accepi
1131 1903 1162 1944 a
1203 1887 1428 1942 Domino
1459 1885 1609 1950 Jesu,
1635 1883 1911 1940 testiﬁcari
1938 1881 2115 1936 Evan-

545 1979 745 2050 gelium
778 1978 941 2049 29o
971 1977 1159 2050 gratim
1191 1976 1305 2034 Dei.
1346 1976 1411 2031 Et
1459 1992 1605 2032 nunc
1659 1989 1786 2054 ecce
1839 1988 1941 2043 ego
1973 1969 2116 2033 scio.

548 2070 677 2141 quia
736 2069 976 2140 amplius
1039 2085 1149 2124 non
1206 2068 1462 2124 videbitis
1534 2066 1727 2121 faciem
1795 2080 1972 2121 meam
2018 2077 2117 2118 vos

547 2175 760 2224 omnes,
789 2173 884 2229 per
921 2175 1061 2228 quos
1113 2157 1344 2214 transivi
1379 2157 1686 2226 prmdicans
1745 2171 1970 2227 regnum
1998 2155 2115 2210 Dei.

550 2251 897 2322 Quapropter
924 2258 1209 2306 contestor
1245 2265 1344 2305 vos
1366 2249 1628 2305 hodierna
1661 2249 1770 2314 die,
1810 2249 1935 2318 quia
1958 2263 2117 2303 mnu.-

551 2345 656 2400 dus
693 2358 814 2398 sum
865 2357 896 2398 a
940 2342 1204 2413 sanguine
1235 2341 1505 2399 omnium.
1539 2340 1655 2396 Non
1711 2340 1856 2396 enim
1906 2339 2122 2396 subter-

558 2432 698 2505 fugi,
730 2433 1030 2505 quominus
1065 2433 1450 2489 annuntiarem
1477 2447 1640 2489 omne
1695 2431 1988 2489 consilium
2025 2431 2118 2488 Dei

544 2525 728 2582 vobis.

619 2706 898 2764 Altendite
947 2705 1104 2765 vobis
1157 2714 1211 2762 ct
1242 2705 1498 2764 universo
1545 2707 1718 2778 gregi,
1769 2707 1821 2762 in
1869 2723 1980 2778 quo
2025 2722 2124 2765 vos

553 2799 793 2871 Spiritus
811 2805 1041 2855 sanctus
1068 2798 1258 2870 posuit
1282 2799 1572 2870 episcopos
1599 2815 1788 2871 regere
1817 2797 2120 2856 Erclcsiam

556 2894 649 2948 Dei
675 2905 837 2962 quam
867 2891 1163 2960 acquisivit
1201 2891 1476 2961 sanguine
1509 2907 1634 2948 suo.
1683 2891 1796 2964 Ego
1825 2892 1965 2958 scio,
1986 2907 2126 2962 quo-

557 2988 702 3039 niam
777 2984 1061 3039 lntrabunt
1128 2992 1250 3054 post
1313 2982 1708 3041 discessionem
1759 2999 1936 3039 meam
2011 2984 2123 3055 lupi

556 3089 786 3146 rapaces
808 3074 862 3129 in
892 3088 1011 3138 vos,
1043 3088 1149 3129 non
1203 3082 1490 3142 parcentes
1528 3075 1698 3145 gregi.
1743 3073 1810 3128 Et
1853 3089 1918 3129 cx
1968 3075 2124 3130 vobis

556 3164 692 3274 ipsis
721 3170 1018 3274 ἵξεαι-κομι
1046 3161 1150 3217 viri
1191 3162 1478 3274 loquentes
1522 3169 1930 3274 perversanut.
1951 3163 2126 3274 abdu-
2153 3180 2195 3238 ρ
2229 3161 2395 3274 ὲμίς,

555 3263 686 3312 cant
732 3253 1032 3326 discipulos
1092 3261 1215 3326 post
1263 3267 1343 3309 se.
1406 3252 1637 3325 Propter
1691 3253 1836 3322 quod
1882 3253 2121 3327 vigilate,

557 3347 822 3401 memoria
856 3344 1180 3412 retinentes,
1208 3346 1468 3416 quoniam
1496 3361 1596 3416 per
1626 3345 1922 3402 triennium
1966 3355 2128 3402 nocte

557 3446 611 3494 et
638 3437 728 3494 die
748 3447 855 3492 non
882 3437 1119 3500 cessavi,
1165 3451 1289 3492 cum
1340 3437 1598 3508 lacrymis
1653 3453 1882 3494 monens
1921 3454 2128 3494 unum-

559 3543 831 3600 quemque
866 3536 1134 3584 vestrum.
1167 3527 1232 3582 Et
1261 3543 1406 3584 nunc
1437 3529 1757 3584 commendo
1805 3544 1903 3584 vos
1934 3529 2045 3585 Deo
2074 3537 2129 3585 et

558 3621 728 3678 verbo
751 3620 942 3692 gratia:
987 3621 1184 3692 ipsius,
1225 3620 1319 3692 qui
1372 3628 1568 3691 potens
1625 3627 1711 3676 est
1763 3620 2041 3677 aedificare
2074 3630 2127 3676 et

559 3716 694 3770 dare
722 3713 1096 3770 haereditatem
1131 3713 1182 3769 in
1211 3713 1568 3770 sanetilicatis
1597 3713 1876 3771 omnibus.
1919 3716 2126 3783 Argen-

559 3817 673 3861 tum
694 3815 743 3862 et
779 3821 973 3861 aurum
1010 3814 1104 3860 aut
1134 3814 1340 3863 vestem
1405 3805 1614 3861 nullius
1644 3806 1959 3876 concupivi,
1988 3807 2131 3862 sicut

562 3898 666 3969 ipsi
695 3897 853 3954 scitis
880 3915 894 3952 :
921 3900 1178 3967 quoniam
1210 3897 1274 3951 ad
1328 3913 1392 3952 ea
1439 3911 1561 3968 quae
1591 3897 1724 3951 mihi
1757 3912 1896 3968 opus
1947 3906 2128 3960 erant,

559 3999 614 4044 et
649 3989 737 4046 his
787 3988 881 4060 qui
939 4004 1152 4044 mecum
1206 3999 1357 4054 sunt,
1415 3988 1869 4047 ministraverunt
1938 4004 2131 4045 manus

562 4082 702 4135 istm.
733 4079 926 4136 Omnia
968 4079 1187 4135 ostendi
1221 4079 1400 4146 vobis,
1446 4081 1704 4152 quoniam
1753 4082 1835 4138 sic
1867 4081 2131 4137 laboran-

561 4181 671 4238 tes,
698 4161 916 4241 oportet
941 4171 1221 4242 suscipere
1246 4172 1519 4238 inilrmos,
1548 4189 1611 4232 ac
1642 4175 1955 4230 meminisse
1981 4174 2131 4231 verbi

562 4262 781 4317 Domini
841 4260 968 4320 Jesu
1028 4264 1288 4335 quoniam
1357 4265 1472 4336 ipse
1528 4266 1707 4325 dixit:
1771 4265 1993 4322 Bcalius
2048 4275 2132 4321 est

561 4354 696 4408 dare
717 4368 882 4426 quam
912 4353 1186 4425 accipere.
1238 4353 1303 4409 Et
1341 4369 1466 4412 cum
1509 4356 1624 4411 haec
1659 4355 1907 4423 dixisset,
1935 4354 2130 4428 positis

562 4445 793 4520 genibus
822 4446 964 4513 suis,
994 4447 1173 4504 oravit
1203 4462 1326 4504 cum
1351 4447 1610 4504 omnibus
1634 4448 1767 4505 illis.

1067 4697 1632 4756 COMMENTARIUS.

642 4811 659 4843 ι
716 4791 853 4846 Cum
902 4790 1050 4846 omni
1105 4791 1414 4848 humilitate
1495 4799 1548 4845 et
1615 4790 1891 4862 lacrymis.
1956 4809 1975 4844 ι
2034 4789 2134 4847 ilic

567 4883 829 4939 doctrinm
857 4898 971 4938 sua:
1002 4882 1374 4939 characterem
1412 4882 1481 4938 ob
1515 4883 1705 4938 Oculos
1731 4881 1904 4953 ponit,
1942 4897 2136 4951 nempe

569 4973 776 5030 invidia
817 4981 874 5028 et
906 4973 1047 5028 fastu
1079 4981 1355 5040 expertem
1386 4986 1528 5038 esse,
1558 4972 1788 5042 aliisque
1848 4972 2139 5027 condolere

577 5065 819 5136 (dolebat
857 5064 1003 5120 enim
1033 5063 1124 5119 ille
1156 5071 1209 5118 et
1241 5078 1338 5133 pro
1380 5062 1488 5118 illis
1510 5062 1602 5132 qui
1640 5061 1911 5132 peribant.
1951 5069 2006 5116 et
2038 5077 2136 5132 pro

565 5158 632 5213 iis
663 5157 755 5227 qui
783 5154 1133 5228 perdebant),
1163 5164 1216 5208 et
1245 5152 1478 5208 humiles
1506 5168 1627 5209 esse
1691 5155 1768 5223 (at
1794 5168 1900 5208 non
1939 5163 2136 5207 utcun-

378 5307 394 5321 ο
495 5281 499 5286 -
564 5263 693 5320 que,
735 5245 828 5304 sed
857 5263 980 5302 cum
1007 5245 1154 5303 omni
1183 5245 1510 5306 humilitate,
1534 5259 1748 5314 nempe,
1772 5245 1825 5299 in
1856 5244 2042 5311 verbo,
2079 5243 2133 5297 in

567 5354 754 5410 opere,
789 5355 914 5411 erga
943 5339 1255 5411 superiores
1285 5347 1339 5394 et
1391 5336 1726 5406 inferiores),
1754 5347 1808 5390 et
1833 5352 1954 5405 qua:
1984 5335 2135 5389 utilia

569 5439 700 5485 sunt
766 5430 954 5500 loqui:
993 5439 1152 5485 erant
1185 5445 1422 5500 namque
1469 5426 1638 5482 multa
1671 5441 1792 5496 qua:
1837 5427 2046 5482 discere
2071 5425 2137 5480 iis

567 5539 675 5578 non
702 5523 1052 5594 expediebat.
1079 5523 1252 5580 Sicuti
1274 5523 1418 5580 enim
1437 5519 1685 5594 quaedam
1710 5519 1817 5575 illis
1835 5519 2131 5582 occultare,

2207 605 2332 675 μεθ’
2359 605 2388 657 ύ
2399 605 2516 675 μῶν
2541 605 2633 658 τὸν
2661 604 2840 659 πάντα
2865 604 3056 675 χρόνον
3079 604 3344 674 ἐγενόμην
3363 621 3376 636 ·
3407 606 3652 659 δουλεύων
3670 610 3731 680 τῷ

2210 695 2399 766 Κυρίῳ
2451 694 2591 762 μετὰ
2639 694 2822 765 πάσης
2867 693 3391 766 ταπεινοφροσύνης,
3422 694 3513 746 καὶ
3561 696 3732 750 πολλῶν

2208 787 2460 857 δακρύων
2491 785 2586 841 καὶ
2616 786 2940 858 πειρασμῶν
2965 785 3074 839 τῶν
3113 783 3435 856 συμϐάντων
3461 802 3546 854 μοι
3569 786 3620 836 ὲν
3638 791 3732 850 ταῖς

2210 879 2523 942 ἐπιϐουλαῖς
2568 879 2678 932 τῶν
2729 878 3032 932 ’ἰουδαίωνο
3077 877 3153 941 ὠς
3184 876 3336 930 οὐδὲν
3376 875 3730 945 ὑπεστειλάμην

2209 974 2318 1028 τῶν
2343 975 2734 1042 συμφερὸντων
2757 969 2852 1027 τοῦ
2881 970 2956 1043 μὴ
2983 969 3300 1039 ἀναγγεῖλαι
3332 969 3479 1038 ύμῖν,
3510 969 3594 1020 καὶ
3614 969 3730 1022 διδά-

2213 1067 2302 1134 ξαι
2336 1068 2479 1138 ὑμᾶς
2508 1066 2742 1137 δημοσία
2787 1066 2880 1118 καὶ
2915 1063 3034 1118 κατ’
3067 1064 3249 1126 οἴκους
3270 1079 3285 1092 ο
3343 1061 3734 1131 διαμαρτυρόμε-

2210 1177 2302 1224 νος
2334 1157 2604 1222 Ἰουδαίοις
2639 1175 2699 1210 τε
2736 1155 2831 1210 καὶ
2862 1156 3085 1224 Ἕλλησι
3111 1153 3208 1224 τὴν
3230 1153 3311 1216 εἰς
3333 1151 3424 1205 τὸν
3449 1150 3574 1204 Θεὸν
3605 1157 3731 1222 μετὰ-

2213 1273 2383 1314 νοιαν,
2417 1256 2512 1308 καὶ
2545 1255 2729 1307 πίστιν
2761 1253 2857 1323 τὴν
2892 1252 2968 1314 είς
3009 1251 3100 1304 τὸν
3144 1250 3348 1320 Κύριον
3379 1247 3533 1318 ἡμῶν
3571 1247 3730 1317 Ἰησοῦν

2213 1347 2465 1416 Χριστόν.
2499 1345 2606 1398 Kal.
2637 1343 2732 1398 νῦν
2774 1343 2885 1397 ίδοὺ
2916 1341 3198 1411 δεδεμένος
3245 1338 3358 1408 ἐγὼ
3399 1337 3476 1409 τῷ
3504 1339 3726 1407 Πνεύμιτι

2217 1437 2518 1506 πορεύομαι
2551 1436 2632 1496 είς
2684 1432 3068 1505 Ἰερουσαλὴμ,
3100 1432 3169 1486 τά
3213 1434 3271 1484 ὲν
3327 1431 3466 1500 αὐτῇ
3509 1431 3730 1498 συμϐησίο

2219 1531 2356 1602 μενά
2389 1547 2477 1596 μοι
2509 1529 2582 1600 μὴ
2629 1530 2819 1592 εἰδῶς’
2852 1526 2992 1596 πλὴν
3039 1526 3122 1580 δτι
3169 1525 3230 1578 τὸ
3277 1522 3501 1592 Πνεῦμα
3540 1521 3594 1575 τὸ
3617 1521 3734 1589 ἅγιον

2217 1624 2358 1678 κατά
2391 1621 2547 1678 πόλιν
2579 1618 3011 1691 διαμαρτύρεταί
3045 1635 3134 1688 μοι
3165 1615 3328 1686 λέγον
3350 1631 3366 1647 ⁶
3397 1615 3478 1668 ὅτι
3510 1614 3662 1683 δεσμά
3689 1631 3737 1682 με

2218 1719 2312 1772 καὶ
2342 1716 2547 1786 θλίψεις
2583 1714 2856 1786 μένουσιν.
2894 1710 3036 1766 Ἀλλ’
3067 1709 3278 1774 ούδενδς
3314 1709 3474 1777 λόγον
3503 1707 3738 1777 ποιοῦμαι,

2217 1810 2338 1864 οὐδὲ
2369 1812 2476 1880 ἔχω
2507 1808 2606 1878 τὴν
2635 1807 2814 1878 ψυχήν
2852 1822 2952 1876 μου
2979 1804 3167 1875 τιμίαν
3193 1799 3448 1872 ἐμαυτῷ,
3473 1799 3544 1862 ὡς
3566 1797 3742 1851 τελειῶ-

2221 1921 2312 1958 σαι
2340 1904 2430 1956 τὺν
2459 1902 2660 1972 δρόμον
2703 1917 2805 1969 μου
2836 1897 2970 1967 μετά
3004 1896 3202 1968 χαρᾶς,
3235 1894 3336 1947 καὶ
3367 1893 3464 1962 τὴν
3492 1889 3741 1954 διακονίαν,

2217 1995 2286 2066 ἢν
2319 1994 2509 2048 ἔλαϐον
2538 1993 2688 2062 παρᾶ
2723 1990 2815 2044 τοῦ
2849 1989 3054 2058 Κυρίου
3095 1986 3292 2056 Ἰησοῦ.
3319 1982 3743 2053 διαμαρτύρασθαι

2218 2088 2279 2144 τὸ
2326 2085 2656 2154 Εύαγγέλιον
2679 2084 2780 2155 τῆς
2809 2084 3031 2155 χάριτος
3063 2080 3156 2134 τοῦ
3188 2076 3355 2132 Θεοῦ.
3397 2075 3505 2129 Καὶ
3544 2073 3626 2127 νῦν
3659 2071 3743 2125 ἰδοὺ

2221 2179 2332 2248 ἐγὼ
2363 2176 2501 2241 οῖδα,
2526 2178 2607 2231 ὅτι
2636 2176 2738 2231 οὐκ
2771 2173 2849 2228 ἔτι
2873 2171 3070 2243 ὄψεσθε
3097 2171 3158 2224 τ’)
3186 2167 3482 2241 πρόσωπον
3507 2183 3596 2236 μου
3621 2164 3744 2233 ὑμεῖς

2221 2272 2444 2335 πάντες,
2479 2271 2537 2324 ἐν
2574 2265 2655 2332 οἶς
2686 2267 2900 2339 διῆλθον
2933 2263 3223 2337 κηρύσσων
3256 2261 3364 2333 τὴν
3395 2256 3645 2330 βασιλείαν
3670 2253 3743 2307 τού

2220 2362 2381 2418 Θεοῦ.
2409 2361 2499 2416 Διδ
2546 2361 2899 2432 μαρτύρομαι
2941 2359 3070 2426 ὑμῖν
3103 2359 3159 2409 ὲν
3205 2357 3273 2425 τῇ
3310 2353 3550 2423 σήμερον
3577 2350 3741 2419 ἡμέρῃ

2223 2459 2304 2512 ὅτι
2335 2455 2574 2526 καθαρός
2597 2457 2713 2524 είμι
2742 2451 2849 2526 ἀπὸ
2871 2449 2966 2504 τοῦ
2993 2450 3232 2520 αῖματος
3254 2446 3480 2500 πάντων
3509 2442 3660 2514 ὑμῶν.
3685 2441 3740 2492 Οὐ

2223 2548 2328 2618 γὰρ
2360 2520 2786 2614 ὑτεεστειλάμην’
2820 2541 2912 2596 τοῦ
2965 2541 3039 2613 μὴ
3088 2537 3418 2608 ἀναγγεῖλαι
3458 2536 3576 2605 ύμῖν
3605 2535 3740 2586 πᾶσαν

2223 2643 2321 2714 τὴν
2347 2640 2544 2713 βουλὴν
2566 2638 2660 2693 τοῦ
2687 2637 2846 2691 Θεοῦ.

2298 2736 2598 2805 Προσέχετε
2629 2730 2722 2784 οῦν
2755 2729 2989 2792 ἑαυτοῖς,
3020 2725 3116 2779 καὶ
3152 2723 3314 2777 παντὶ
3339 2720 3421 2792 τῷ
3452 2717 3678 2787 ποιμνίῳ,
3701 2715 3746 2767 ἐν

2224 2820 2268 2896 ᾧ
2304 2829 2447 2898 ὑμᾶς
2476 2827 2536 2879 τὸ
2563 2824 2786 2893 Πνεῦμα
2827 2821 2888 2875 τδ
2915 2821 3069 2890 ἀγιον
3100 2817 3251 2871 ἔθετο
3289 2812 3629 2872 ἐπισκόπους,
3652 2824 3744 2859 ποι-

2231 2922 2441 2991 μαίνειν
2463 2918 2564 2990 τὴν
2594 2915 2920 2985 Ἐκκλησίαν
2949 2910 3042 2966 τοῦ
3073 2907 3228 2972 Θεοῦ,
3268 2908 3332 2979 ἢν
3375 2903 3747 2976 περιεποιήσατο

2226 3013 2314 3067 διὰ
2365 3011 2460 3065 τοῦ
2517 3010 2648 3064 ἰδίου
2707 3008 2961 3079 αἵματος.
2991 3002 3136 3071 Ἐγὼ
3171 3002 3280 3070 γὰρ
3327 2994 3450 3053 οῖδα
3497 2995 3652 3056 τοῦτο,
3685 2992 3747 3041 ὅτι

2231 3105 2370 3176 μετά
2397 3105 2496 3174 τὴν
2525 3102 2708 3173 ἄφιξίν
2743 3117 2846 3170 μου
2887 3093 3285 3152 εἰσελεύσονται
3317 3089 3476 3143 λύκοι
3503 3086 3663 3158 βαρεῖς
3691 3082 3750 3141 είς

2428 3199 2503 3272 μὴ
2529 3197 2834 3268 φειδόμενοι
2855 3192 2950 3247 τοῦ
2981 3190 3230 3262 ποιμνίου
3253 3203 3268 3218 ’
3301 3187 3403 3240 καὶ
3428 3184 3484 3249 ἐξ
3516 3180 3648 3251 ὑμῶν
3673 3178 3748 3228 αύ-

2229 3297 2336 3352 τῶν
2377 3293 2770 3364 ἀναστήσονται
2805 3287 2995 3356 ἄνδρες
3038 3281 3324 3342 λαλοῦντες
3370 3273 3750 3346 διεστραμμένα,

2228 3388 2323 3443 τοῦ
2352 3387 2606 3458 ἀποσπᾷν
2629 3383 2754 3446 τοὺς
2780 3377 3023 3452 μαθητὰς
3054 3375 3228 3430 ὀπίσω
3253 3373 3459 3427 αὐτῶν.
3490 3368 3572 3421 Διὸ
3592 3380 3754 3435 γρηγο-

2233 3483 2375 3554 ρεῖτε
2402 3475 2850 3550 μνημονεύοντες,
2869 3473 2951 3526 ὅτι
2977 3469 3237 3541 τριετίαν,
3254 3463 3432 3520 νύκτα
3457 3461 3544 3516 καὶ
3562 3459 3752 3530 ἡμέραν,

2230 3575 2330 3628 οὐκ
2352 3571 2680 3641 ἐπαυσάμην
2715 3567 2852 3638 μετὰ
2875 3563 3128 3634 δακρύων
3149 3559 3420 3616 νουθετῶν
3453 3557 3544 3610 Eva
3567 3555 3754 3607 ἕκαστον

2233 3646 2422 3737 ὑμῶν..
2455 3665 2564 3717 Καὶ
2608 3659 2773 3716 τανῦν
2812 3655 3183 3730 παρατίθεμαι
3223 3653 3401 3723 ὑμᾶς,
3451 3648 3666 3716 ἀδελφοὶ,
3693 3642 3754 3710 τῷ

2232 3758 2352 3828 Θεῷ
2380 3758 2476 3810 καὶ
2503 3754 2581 3824 τῷ
2608 3753 2752 3822 λόγῳ
2787 3751 2884 3821 τῆς
2926 3749 3146 3822 χάριτος
3179 3743 3368 3809 αὑτοῦ,
3407 3742 3484 3813 τῷ
3522 3737 3758 3808 δυναμένῳ

2232 3847 2652 3917 ὲποικοδομῆσαι
2697 3844 2793 3896 καὶ
2820 3839 3004 3894 δοῦναι
3047 3839 3179 3908 ἡμῖν
3207 3831 3572 3905 κληρονομίαν
3600 3832 3648 3880 ἐν
3673 3829 3757 3917 τοῖς

2234 3914 2586 4012 ἡγιασμένοις
2619 3928 3100 4003 πᾶσιν.’Δργυρίου
3133 3928 3166 3998 ἦ
3194 3926 3432 3998 χρυσίου
3452 3923 3484 3992 ἢ
3506 3914 3756 3992 ἱματισμοῦ

2233 4033 2443 4096 οὐδενὸς
2493 4028 2835 4098 ἐπεθύμησα.
2881 4023 3045 4077 Αὐτοὶ
3095 4021 3150 4073 δὲ
3203 4019 3520 4086 γινώσκετε,
3569 4015 3638 4067 ὅτι
3668 4012 3758 4064 ταῖς

2235 4125 2445 4195 χρείαις
2486 4139 2611 4192 μου,
2643 4119 2738 4174 καὶ
2759 4119 2874 4180 τοῖς
2891 4115 3008 4170 οῦσι
3039 4113 3157 4185 μετ’
3186 4110 3343 4182 ἐμοῦ,
3365 4107 3695 4179 ὑπηρέτησαν
3717 4101 3758 4154 al

2235 4219 2414 4289 χεῖρες
2431 4209 2610 4270 αὗται.
2625 4214 2806 4266 Πάντα
2819 4209 3068 4276 ὑπέδειξα
3085 4207 3112 4260 ύ
3122 4209 3234 4276 μῖν,
3249 4205 3331 4259 ὃτι
3345 4203 3488 4258 οῦτω
3503 4199 3760 4255 κοπιῶντας

2233 4311 2317 4363 δεῖ
2329 4307 2512 4362 ἀντιλα
2521 4303 2821 4375 μϐἀνεσθαι
2834 4301 2940 4355 τῶν
2956 4296 3344 4361 ἀσθενούντων,
3371 4312 3476 4364 μνη
3485 4289 3700 4362 μονεύειν
3716 4301 3759 4336 τε

2235 4401 2346 4456 τῶν
2388 4401 2564 4468 λόγων
2599 4396 2695 4451 τοῦ
2735 4394 2941 4465 Κυρίου
2982 4391 3179 4462 Ἰησοῦ,
3211 4391 3292 4444 ὅτι
3327 4387 3490 4449 αὐτὸς
3522 4379 3760 4436 eiusdis-

2169 4515 2211 4571 υ
2240 4493 2433 4564 κάριόν
2453 4493 2569 4546 ἐστι
2602 4489 2800 4560 μᾶλλον
2819 4486 3041 4547 διδόναί,
3077 4483 3109 4553 ἦ
3137 4481 3456 4550 λαμϐάνειν.
3491 4476 3595 4530 Καὶ
3624 4470 3762 4571 ταῦτα

2239 4584 2429 4650 εἰπὼν,
2485 4582 2598 4646 θεὶς
2651 4580 2718 4634 τὰ
2768 4578 2972 4648 γόνατα
3028 4573 3213 4639 αὑτοῦ,
3255 4572 3353 4625 σὺν
3411 4571 3572 4624 πᾶσιν
3615 4562 3762 4621 αὐτοῖς

2240 4675 2606 4748 προσηύξατο.

2847 4759 3226 4816 ΕΡΜΠΝΕΙΛ.

2310 4861 2578 4918 Ἐνταῦθα
2635 4859 2962 4931 χαρακτῆρα
3019 4853 3369 4914 διδασκαλίας
3421 4851 3667 4905 δείκνυσι,
3717 4839 3763 4890 τὸ

2239 4959 2491 5027 ἄφθονον,
2509 4953 2568 5008 τὸ
2595 4954 2788 5008 ἄοκνον
2809 4951 2950 5016 ⁸⁸,τὺ
2974 4947 3256 5019 συμπαθὲς
3280 4945 3501 5016 (ἔπασχε
3530 4941 3628 5011 γὰρ
3652 4936 3764 5001 ὑπὲρ

2239 5053 2345 5105 τῶν
2373 5047 2782 5118 ἀπολλυμένων,
2835 5044 2976 5115 ὑπὲρ
3008 5042 3116 5095 τῶν
3165 5036 3552 5106 ἀπολλύντων),
3595 5031 3678 5084 καὶ
3718 5027 3764 5078 τὸ

2239 5144 2492 5199 ταπεινὸν
2523 5141 2640 5212 (καὶ
2670 5139 2768 5210 ούχ
2800 5136 2985 5197 ἁπλῶς
3007 5175 3023 5201 ,
3054 5132 3211 5196 ἀλλά,
3249 5151 3268 5183 ι
3309 5128 3446 5201 μετά
3493 5126 3660 5193 πάσης
3685 5136 3762 5170 ται

2238 5232 2690 5305 πεινοςρροσύνης,
2726 5249 2745 5282 ι
2793 5228 2950 5299 φησί·
2995 5225 3165 5280 πολλὰ
3191 5224 3299 5294 γάρ
3334 5223 3451 5292 εἴδη
3489 5218 3583 5287 τῆς
3608 5227 3766 5267 ταπειο

2236 5325 2568 5398 νοφροσύνης
2601 5339 2614 5352 ⁶
2674 5323 2732 5374 ὲν
2783 5320 2946 5390 λόγῳ,
2993 5319 3049 5372 ὲν
3091 5317 3258 5387 ἔργῳ,
3305 5315 3442 5383 πρὸς
3510 5311 3760 5380 ἄρχοντας,

2235 5419 2372 5490 πρὸς
2429 5413 2814 5488 ἀρχομένους),
2848 5410 3035 5466 καὶτὸ
3079 5409 3146 5462 τὰ
3197 5407 3544 5476 συμφέροντα
3580 5398 3760 5490 λέγεινῖ

2234 5482 2301 5583 ἦν
2355 5482 2481 5582 γιᾶιρ⁷
2503 5482 2730 5580 ⁷πρῶτον
2756 5507 2802 5538 ⁸⁸
2849 5504 2949 5559 ούκ
2987 5500 3092 5558 ἔδει
3121 5497 3336 5572 μαθεῖν.
3370 5497 3572 5564 Ὠσπερ
3601 5490 3693 5560 γὰρ
3715 5482 3765 5537 τό

1719 5697 1920 5760 ναι-ἰὼ
1951 5695 2256 5758 lectiones
2299 5698 2354 5754 et
2403 5701 2593 5752 notae.

635 5805 681 5834 “'
709 5803 791 5855 [7.
839 5802 1054 5869 ἆογκον.
1134 5805 1178 5837 ⁸³

3845 584 3847 690 1

3843 866 3851 992 1

3847 1008 3853 1112 1

3845 584 3847 690 1

3843 866 3851 992 1

3847 1008 3853 1130 1

3859 1572 3861 1660 1

3861 1712 3863 1788 1

3863 1854 3865 1926 1
