3950 6580
281 461 392 524 ῙΟΠ

861 457 1396 519 EXPOSI'I‘IONIS
1427 457 1503 516 ΙΝ
1549 452 1733 513 ACTA
1770 450 2070 515 TEXTUS
2101 459 2374 521 ALTER.
2428 458 2670 518 —CAP.
2713 457 2838 516 XX.

3335 449 3469 514 1018

280 594 379 629 τινα
406 572 744 644 κρύπτεσθαι,
793 573 1018 640 φθόνου·
1067 574 1210 628 οὕτω
1262 574 1354 626 καὶ
1391 573 1450 626 ab
1484 573 1592 624 πᾶν
1620 570 1799 638 λέγειν

1912 584 1994 625 res
2047 571 2242 627 fuisset
2298 571 2562 638 invidia);
2613 571 2687 623 ita
2744 565 2927 624 omnia
2994 564 3216 627 dicere,
3271 563 3464 617 fuisset

277 669 451 732 αἰτοίῖ,
489 666 682 729 ἀνοίας.
720 667 828 720 Καὶ
862 668 948 722 διὰ
980 668 1141 722 τούτο
1169 667 1478 736 προσέθηκε
1517 664 1621 718 τῶν
1661 679 1800 730 συμ-

277 762 516 831 φερόντων
540 759 636 813 οὐκ
666 759 841 812 εἰπεῖν
886 761 1062 830 μόνον,
1112 759 1246 814 ἀλλὰ
1295 758 1389 812 καὶ
1417 752 1645 820 διδάξαι.
1679 754 1801 806 Ἐν-

275 853 422 906 ταῦθα
465 852 540 913 είς
585 850 664 913 τὸ,
719 871 738 904 ι
773 851 1075 920 δεδεμένος,
1119 871 1138 904 ν
1175 851 1257 903 δεῖ
1291 847 1578 913 ὑποστίξαι
1615 887 1630 911 ,
1671 845 1797 913 ἶν⁹ή

273 943 449 996 διάνοια
477 942 688 1011 τοιαύτη
712 959 726 972 ’
758 940 1066 1012 Πορεύομαι
1112 942 1191 1006 είς
1245 938 1628 1011 ’Ῑερουσαλήμο
1662 953 1798 1006 προ-

273 1037 410 1103 γνοὺς
439 1033 522 1088 διὰ
566 1032 658 1086 τοῦ
712 1033 1029 1102 Πνεύματος
1073 1032 1142 1088 τὰ
1191 1034 1447 1102 ἐσόμενα,
1494 1029 1800 1098 πορεύομαι

271 1127 459 1194 δέσμιος
493 1123 586 1178 ὧν.
612 1124 726 1178 Ἰνα
771 1124 827 1178 δέ
859 1125 1008 1195 δείξῃ
1053 1124 1135 1177 ὅτι
1177 1123 1338 1186 ἑκὼν,
1371 1123 1464 1175 καὶ
1503 1122 1623 1192 οὐχὶ
1653 1122 1802 1175 ἄκων

269 1217 554 1287 ἀπέρχεται,
606 1215 808 1284 φησίν⁸
854 1234 874 1269 ι
916 1216 1039 1269 ὀτι
1089 1215 1230 1268 κατὰ
1282 1215 1437 1268 πόλιν
1485 1213 1660 1284 δεσμά
1707 1213 1800 1265 καὶ

271 1307 450 1376 θλίψεις
495 1322 561 1376 με
611 1305 856 1375 μένουσι.
896 1325 915 1358 ι
969 1337 1037 1348 —
1089 1325 1108 1358 ι
1154 1307 1406 1376 Καθαρός
1453 1308 1590 1376 είμι,
1639 1306 1796 1375 φησὶ,

269 1395 466 1449 ἀπὸτοῦ
498 1395 727 1463 αἵματος
759 1395 1002 1460 πάντων,
1034 1414 1053 1448 ι
1099 1396 1148 1448 εί
1181 1388 1562 1468 νυστάξαντες,
1595 1394 1801 1448 ἀποθα-

271 1490 385 1539 νείτε
407 1487 470 1518 ⁵³·
503 1486 603 1539 ὑπὸ
629 1485 724 1540 τοῦ
781 1487 1041 1554 φονευτοῦ
1073 1488 1182 1542 τῶν
1209 1489 1415 1558 ψυχῶν.
1449 1488 1521 1540 Τδ
1548 1487 1656 1558 γὰρ
1701 1486 1799 1540 τοῦ

267 1577 578 1640 διδασκάλου,
627 1579 783 1648 φησὶ,
841 1579 1139 1648 πεποίηκα,
1187 1579 1248 1632 τὸ
1295 1578 1622 1647 ἀπαγγεῖλαι
1672 1579 1800 1649 ύμῖν

267 1667 350 1736 τὴν
374 1666 556 1737 βουλὴν
601 1667 695 1720 τοῦ
720 1667 878 1722 Θεοῦ.
914 1669 1055 1739 Ἀρα
1087 1670 1116 1721 ὁ
1160 1669 1232 1740 μὴ
1261 1669 1453 1736 λέγων,
1501 1669 1801 1732 ὑπεύθυνος

266 1759 343 1810 τοῦ
361 1758 577 1827 αἵματός
609 1761 746 1825 ἐστι,
789 1760 1038 1814 τουτέστι
1067 1759 1166 1828 τῆς
1205 1759 1423 1829 σφαγῆς
1450 1759 1651 1814 αὐτῶν.
1684 1759 1801 1812 Δεί-

267 1867 400 1903 κνυτι
426 1850 597 1903 τοίνυν
635 1853 718 1906 ὅτι
756 1852 1019 1913 κάκείνοι,
1065 1853 1133 1905 ἂν
1167 1851 1242 1922 μὴ
1287 1851 1532 1916 ποιῶσιν,
1567 1851 1800 1902 ὑπεύθυ-

266 1941 333 1992 νοί
365 1943 460 1994 εἰσι
504 1941 598 1994 τοῦ
632 1943 766 1996 ἰδίου
809 1945 1062 2014 αἵματος.
1115 1945 1219 1998 Δύο
1252 1944 1582 2014 προστάσσει
1628 1946 1800 1996 ποιεῖν

266 2032 373 2092 τοὺς
411 2033 790 2096 διδασκάλους
846 2033 971 2087 οὗτε
1021 2035 1129 2105 γὰρ
1170 2034 1232 2088 τὸ
1264 2035 1456 2105 ἐτέρου
1505 2033 1804 2103 κατορθοῦν

270 2125 425 2192 μόνον,
454 2125 560 2196 ἔχει
590 2127 780 2195 κέρδος
800 2143 814 2158 ο
851 2126 975 2180 οὔτε
1006 2128 1067 2180 τὸ
1095 2126 1289 2180 ἑαυτοῦ
1327 2127 1485 2198 μόνον
1518 2127 1804 2196 ἐπιμελεῖ-

272 2215 399 2266 σθαι·
427 2216 452 2266 ὁ
483 2215 590 2286 γὰρ
619 2216 883 2278 τοιοῦτος,
918 2216 1194 2284 φίλαυτος.
1239 2217 1579 2287 Σημειωτέον
1609 2217 1687 2280 δὲ,
1720 2218 1802 2271 ὅτι

267 2303 344 2368 οὓς
401 2305 567 2359 ὀπίσω
619 2307 756 2376 φησὶ
809 2308 1240 2379 πρεσϐυτέρους,
1289 2302 1412 2380 [ὧδε
1471 2309 1804 2371 ἐπισκόπους

273 2397 434 2450 καλεῖ·
479 2399 614 2470 ἤτοι,
671 2399 757 2452 διὰ
805 2401 865 2454 τὸ
903 2401 1028 2463 τοὺς
1087 2401 1510 2474 πρεσϐυτέρους]
1560 2404 1805 2474 ἀνάγκην

270 2487 393 2558 ἔχειν
415 2491 734 2544 ἐποπτεύειν
755 2491 823 2546 τά
847 2493 947 2562 τῆς
973 2491 1301 2562 Ἐκκλησίας
1329 2495 1521 2561 λογικά
1555 2494 1800 2563 ποίμνια,

273 2578 437 2647 μήτις
463 2580 658 2650 άσθενῇ
694 2583 760 2651 τῇ
805 2581 1005 2644 πίστει,
1045 2583 1120 2652 μή
1167 2599 1250 2646 τις
1301 2583 1542 2654 πεινᾷ,ἦ
1595 2582 1803 2653 διψᾷ.ῆ

268 2669 461 2739 ἐλέγχου
493 2669 632 2744 [καὶ]
667 2674 1002 2744 ἐπιστροφῆς
1025 2673 1192 2727 δεῖται
1215 2689 1228 2704 '
1263 2672 1295 2742 ἢ
1341 2673 1674 2737 ἐπισκόπους
1703 2669 1806 2726 ὧδε

266 2763 372 2827 τοὺς
409 2764 569 2845 ὅντως
623 2765 959 2829 ἐπισκόπους
1017 2766 1191 2823 καλεῖ.
1225 2766 1338 2837 Τὴν
1390 2766 1546 2838 ῥίζαν
1592 2769 1809 2836 ἀναιρεῖ

266 2854 355 2906 τῶν
380 2857 572 2921 κακῶν,
600 2856 704 2928 τὴν
737 2857 1126 2929 φιλαργυρίαν.
1163 2858 1251 2911 Ὸὺ
1281 2857 1390 2926 γὰρ
1429 2856 1612 2920 ἁπλῶς
1651 2873 1803 2928 φησι.

266 2946 349 2998 οὐκ
370 2946 569 3013 ἔλαϐον,
605 2949 754 3013 ἀλλ’,
788 2949 910 3003 οὐδὲ
942 2967 960 3002 ι
990 2948 1334 3020 ἐπεθύμησα.
1375 2969 1394 3001 ι
1430 2946 1564 3004 Εἶτα
1601 2949 1809 3003 δείκνυ-

269 3055 357 3101 σιν,
399 3041 475 3093 ὃτι
507 3041 715 3111 ἀληθὴς
776 3041 1114 3112 ἐλεημοσύνη
1163 3043 1228 3095 ἐκ
1271 3041 1382 3094 τῶν
1431 3041 1576 3095 ίδίων
1626 3043 1809 3096 κόπων

268 3130 442 3197 ὀφείλει
485 3132 734 3200 γίνεσθαι
777 3133 890 3195 τοῖς
923 3132 1193 3186 ἐνδεέσιν·
1242 3131 1366 3184 ἐπεὶ
1410 3135 1474 3186 ἐκ
1526 3132 1634 3186 τῶν
1663 3135 1811 3188 ἀλλο-

1903 665 2170 719 amentire.
2194 666 2254 720 Et
2272 664 2391 720 ideo
2417 663 2620 718 addidit
2644 680 2659 717 ε
2680 679 2699 712 ι
2727 659 2965 724 utilium,
2993 657 3285 728 quominus
3314 672 3332 707 ι
3360 669 3466 709 ιιοιι

1899 756 2076 808 solum
2111 756 2370 821 dicerem,
2401 754 2494 810 sed
2530 775 2548 806 ‹
2591 762 2645 808 et
2670 754 3083 808 docerem.i--i
3125 750 3416 819 Alligatus.
3442 765 3462 798 ι

1904 847 2002 902 Hic
2068 850 2152 905 ad.
2216 865 2402 905 vocem
2455 849 2712 917 alligatus
2779 842 3281 915 interpungendum
3344 847 3466 905 est;

1901 942 2059 1012 291
2094 949 2154 994 nt
2180 941 2280 996 iste
2313 943 2382 996 sit
2421 955 2656 996 sensus:
2693 938 2842 995 Vado
2872 939 2925 993 in
2967 937 3295 999 Jerusalem,
3327 948 3468 1004 pra!-

1902 1034 2093 1088 videns
2121 1048 2216 1102 per
2247 1033 2510 1103 Spiritum
2562 1038 2808 1086 sanctum
2839 1045 2960 1097 quae
3010 1041 3236 1083 ventura
3292 1036 3420 1081 sunt
3448 1065 3463 1086 ,

1901 1125 2041 1179 vado
2076 1134 2257 1180 autem
2319 1125 2574 1195 alligatus
2606 1143 2620 1179 :
2661 1133 2829 1194 utque
2861 1122 3114 1176 ostendat
3166 1135 3224 1176 se
3248 1126 3465 1188 sponte,

1903 1227 1956 1272 et
1990 1233 2100 1272 non
2154 1218 2382 1271 invitum
2451 1216 2757 1281 discedere,
2823 1216 3015 1269 addit:
3058 1232 3077 1265 ι
3126 1215 3229 1268 Per
3277 1224 3469 1266 onmes

1902 1308 2148 1363 civitates
2176 1309 2390 1364 vincula
2429 1317 2480 1362 et
2513 1308 2900 1361 tribulationes
2931 1321 3015 1359 me
3073 1310 3317 1358 manent.
3357 1321 3376 1353 ι
3399 1329 3470 1341 ιο-

1907 1419 1925 1451 ι
1973 1400 2202 1455 Mundus
2235 1416 2378 1463 sum,
2405 1399 2640 1468 inquit,a
2669 1398 2934 1468 sanguine
2966 1397 3262 1464 omnium,»
3298 1395 3342 1448 si
3375 1409 3470 1448 vos

1902 1493 2309 1547 obdormientes
2335 1491 2662 1546 oecidamiui
2717 1491 2786 1542 ab
2845 1487 3195 1542 interfectore
3257 1487 3469 1540 anima-

1903 1600 2043 1638 rum.
2081 1585 2439 1654 Prmceptoris
2474 1583 2619 1637 enim
2645 1581 2798 1635 oneri
2835 1579 3072 1635 satisfeci
3095 1579 3471 1634 annuntiando

1902 1675 2058 1729 vobis
2117 1673 2412 1728 consilium
2476 1671 2596 1727 Dei.
2658 1669 2801 1741 Ergo
2831 1669 2922 1739 qui
2989 1682 3097 1723 non
3152 1668 3288 1722 dicit
3351 1683 3472 1736 qua:

1903 1765 2081 1829 debet,
2112 1782 2237 1821 rcus
2262 1772 2342 1820 est
2372 1763 2656 1833 sanguinis
2717 1778 2813 1817 seu
2843 1761 3032 1817 caadis.
3059 1763 3240 1826 Quare
3269 1761 3470 1823 innuit,

1907 1867 1962 1912 et
1995 1859 2144 1928 ipsos
2178 1857 2223 1912 si
2259 1873 2362 1912 non
2396 1857 2646 1921 fecerint,
2679 1871 2805 1910 reos
2840 1855 3056 1911 futuros
3107 1855 3310 1923 proprii
3345 1868 3473 1907 san-

1904 1950 2107 2019 guinis.
2141 1967 2161 2001 ι
2194 1947 2474 2003 Attendite
2519 1948 2675 2002 vobis
2723 1956 2777 2002 et
2811 1949 3067 2002 universo
3103 1945 3273 2018 gregi.
3307 1964 3326 1996 ι
3358 1944 3472 1997 Duo

1907 2041 2023 2094 ιιειιο
2079 2039 2399 2094 ductoribus
2459 2039 2754 2109 praecipit:
2818 2053 2942 2092 nam
3001 2052 3178 2107 neque
3247 2035 3472 2089 alterius

1909 2139 2118 2186 tantum
2152 2132 2353 2186 bonum
2386 2133 2667 2202 prosequi,
2708 2131 2842 2185 utile
2881 2140 2984 2195 est,
3020 2144 3192 2199 neque
3240 2125 3321 2183 sui
3349 2134 3472 2180 tan-

1910 2223 2190 2278 tummodo
2248 2237 2434 2276 curam
2483 2223 2719 2277 habere:
2787 2222 2912 2276 talis
2965 2222 3109 2275 enim
3164 2218 3247 2275 sui
3301 2218 3474 2288 ipsius

1907 2321 2119 2367 amator
2142 2311 2517 2367 tantummodo
2551 2320 2655 2366 est.
2700 2310 3084 2365 Adnotandum
3141 2324 3292 2370 vero,
3326 2307 3471 2376 quod

1906 2419 2022 2466 eos,
2055 2417 2193 2473 quos
2215 2418 2381 2474 supra
2447 2405 2793 2475 presbyteros
2823 2403 2981 2465 dixit,
3008 2417 3151 2456 nunc
3189 2400 3475 2470 episcopos

1907 2513 2001 2552 seu
2034 2499 2379 2566 inspectores
2429 2498 2685 2566 appellet,
2721 2497 2800 2551 vel
2849 2497 2974 2564 quia
3008 2510 3234 2549 necesse
3279 2502 3383 2554 cst,
3418 2499 3476 2544 ut

1908 2587 2210 2658 presbyteri
2263 2588 2547 2640 attendant
2600 2601 2768 2654 supra
2807 2585 3112 2639 rationales
3161 2597 3374 2653 greges,
3409 2597 3475 2634 ne

1907 2682 2033 2750 quis
2066 2680 2150 2734 vel
2179 2679 2432 2736 infirmus
2489 2679 2559 2734 sit
2593 2678 2717 2742 fide,
2768 2677 2852 2732 vel
2916 2676 3147 2738 esuriat,
3195 2675 3278 2729 vel
3301 2675 3475 2737 sitiat,

1909 2771 1994 2825 vel
2064 2769 2492 2840 reprehensione
2549 2776 2603 2823 ct
2646 2767 2988 2822 correctione
3041 2766 3280 2835 indigeat
3333 2782 3345 2817 :
3391 2765 3475 2817 vel

1911 2863 2202 2932 episcOpos
2259 2862 2366 2928 hic,
2423 2861 2514 2930 qui
2591 2876 2719 2916 vere
2784 2859 3027 2930 episcopi
3083 2867 3233 2922 sunt,
3292 2865 3475 2912 vocat.

1916 2973 1936 3007 ι
1971 2954 2265 3025 Argentum
2297 2963 2352 3008 et
2394 2967 2613 3008 aurum.
2651 2971 2670 3004 ι
2707 2951 2961 3006 Radicem
2992 2951 3262 3007 exscindit
3307 2949 3477 3003 malo-

1913 3062 2057 3110 rum,
2086 3060 2282 3114 nempe
2315 3043 2643 3100 avaritiam:
2692 3057 2869 3112 ncque
2925 3041 3069 3096 enim
3130 3039 3479 3097 solummodo

1912 3139 2065 3205 dicit,
2098 3153 2206 3193 non
2229 3139 2434 3207 accepi,
2469 3137 2587 3200 sed,
2609 3150 2788 3205 neque
2813 3154 2830 3186 ι
2856 3134 3186 3189 desideravi.
3218 3152 3237 3185 ι
3279 3132 3482 3188 Deinde

271 3223 410 3293 τρίων
435 3224 653 3289 διδόναι,
688 3225 748 3278 ού
789 3225 976 3280 καλόν.
1014 3220 1144 3279 Εἶτα
1176 3224 1270 3278 καὶ
1297 3225 1492 3296 χρῆσιν
1530 3227 1609 3290 εἰς
1642 3245 1809 3281 κατα-

1916 3233 2074 3286 docet
2107 3245 2289 3284 veram
2343 3230 2748 3300 eleemosynam
2789 3242 2856 3280 ex
2913 3226 3146 3296 propriis
3201 3225 3482 3280 laboribus

271 3316 441 3388 σκευὴν
476 3317 671 3372 τούτου
703 3317 788 3372 διὰ
817 3320 1001 3388 φωνῆς
1037 3317 1131 3371 τοῦ
1166 3318 1373 3390 Κυρίου
1427 3318 1678 3390 εἰρῆσθαί
1710 3339 1815 3390 φη·

271 3425 375 3473 σιν,
403 3411 532 3481 ὅπερ
576 3409 678 3465 νῦν
725 3411 823 3480 οὐχ
876 3408 1108 3480 εὓρηται
1157 3412 1216 3464 ἐν
1260 3411 1493 3482 Γραφῇ,
1544 3411 1638 3464 καὶ
1687 3411 1815 3476 ἴσως

268 3500 500 3571 ἀγράφως
545 3503 872 3573 παρέδωκαν
916 3505 963 3556 οἱ
990 3503 1280 3556 ἀπόστολοι
1305 3519 1319 3534 ’
1354 3503 1385 3573 ἢ
1427 3503 1484 3567 ἐξ
1532 3497 1606 3556 ὧν
1640 3505 1707 3559 ἄν
1731 3523 1816 3570 τις

270 3595 612 3664 συλλογίσαιτο
665 3597 889 3652 δυνατὸν
939 3597 1194 3668 εἰρῆσθαι
1248 3597 1316 3650 δι’
1367 3599 1570 3669 ἐτέρων
1617 3599 1816 3665 λέξεων

268 3685 403 3740 τοῦτο
448 3689 747 3759 δηλουσῶν.
785 3689 858 3744 Ού
891 3688 1048 3742 τοῦτο
1085 3689 1142 3742 δέ
1187 3704 1374 3760 φησιν,
1428 3689 1511 3743 ὅτι
1557 3693 1724 3745 κακὸν
1756 3693 1817 3746 τὸ

269 3775 536 3846 λαμϐάνειν
565 3781 666 3836 καὶ
699 3779 1062 3851 μεταδιδόναι,
1091 3779 1228 3834 ἀλλὰ
1258 3781 1469 3851 βέλτιον
1511 3784 1573 3836 τὸ
1603 3786 1676 3854 μὴ
1717 3785 1815 3838 λαὲ

269 3868 393 3925 δείν’
442 3873 596 3927 τοῦτο
645 3873 754 3943 γὰρ
808 3873 1151 3943 συμπαθείας
1181 3873 1282 3942 τῆς
1325 3875 1459 3944 πρὸς
1492 3877 1619 3940 τοὺς
1655 3877 1820 3932 ἀσθε-

268 3964 380 4026 νείς.
410 3965 560 4019 Ἐστι
586 3965 774 4019 τοίνυν
808 3965 1024 4036 πρῶτος
1053 3964 1281 4035 βαθμδς,
1328 3966 1479 4037 ῥῖψαι
1512 3967 1582 4021 τὰ
1609 3969 1778 4023 αὑτοῦ
1801 3985 1816 4001 '

266 4054 510 4130 δεύτερος,
543 4056 727 4126 ἑαυτῷ
759 4058 1022 4128 ἐπαρκεῖν
1045 4071 1060 4085 ⁸
1095 4057 1298 4128 τρίτος,
1341 4057 1401 4110 τὸ
1430 4061 1524 4112 καὶ
1567 4060 1776 4131 ἑτέροις
1799 4080 1813 4094 ο

266 4149 519 4220 τέταρτος,
574 4151 636 4205 τὸ
670 4150 764 4204 καὶ
813 4147 1151 4220 κηρύττοντα
1199 4150 1293 4203 καὶ
1343 4149 1590 4215 ἐξουσίαν
1623 4154 1816 4222 ἔχοντα

267 4236 558 4309 λαμϐάνειν,
593 4241 673 4312 μὴ
707 4239 1030 4310 λαμϐάνειν.
1060 4239 1224 4293 Ὥστε
1269 4240 1404 4294 πολὺ
1433 4241 1543 4297 τῶν
1574 4243 1816 4317 άκτημό-

265 4349 355 4384 νων
380 4334 516 4388 οὕτω
538 4336 586 4368 ⁸⁸
617 4331 845 4405 βελτίων
879 4331 995 4384 ἐστί
1016 4332 1084 4386 ⁵⁷.

1920 3323 2229 3379 faciendam
2262 3337 2413 3385 esse;
2465 3319 2909 3388 quandoquidem
2967 3333 3032 3371 ex
3064 3317 3258 3371 alienis
3325 3316 3479 3381 dare,

1917 3416 2060 3473 haud
2093 3417 2294 3471 bonum
2342 3423 2425 3468 est
2468 3412 2604 3481 (54).
2643 3411 2846 3465 Deinde
2894 3411 2946 3464 in
2979 3410 3141 3479 hujus
3177 3408 3251 3463 rei
3282 3409 3478 3463 contir-

1916 3511 2210 3566 mationem
2243 3507 2529 3562 oraculum
2566 3503 2780 3558 Dontini
2837 3502 3066 3586 profert,
3121 3499 3269 3571 quod
3321 3500 3484 3552 modo

1915 3603 2138 3673 quidem
2177 3601 2234 3656 in
2281 3600 2568 3669 Scriptura
2625 3613 2731 3651 non
2775 3595 3084 3666 reperitur;
3142 3605 3195 3650 et
3247 3593 3486 3647 fortasse

1916 3695 2051 3751 illud
2087 3694 2298 3764 absque
2333 3692 2540 3760 scripto
2567 3689 2843 3743 tradidere
2874 3687 3146 3756 apostoli:
3185 3685 3266 3739 vel
3311 3686 3486 3739 ratio-

1917 3785 2155 3844 cinando
2203 3785 2460 3852 colligere
2533 3782 2658 3852 quis
2723 3787 2920 3850 potest,
2964 3777 3017 3832 id
3074 3777 3282 3832 dictum
3338 3791 3484 3838 esse,

1918 3878 2041 3934 aliis
2073 3877 2258 3932 verbis
2290 3877 2392 3930 hoc
2417 3873 2558 3928 idem
2591 3871 3047 3942 significantibus.
3075 3867 3192 3922 Non
3234 3868 3306 3921 ait
3330 3881 3484 3932 vero,

1922 3970 2126 4026 malum
2162 3984 2286 4025 esse
2317 3966 2589 4036 accipere,
2616 3973 2672 4019 et
2703 3964 2783 4020 sic
2812 3963 2935 4018 aliis
2957 3963 3090 4018 dare
3119 3978 3135 4027 ;
3167 3960 3262 4017 sed
3293 3960 3489 4014 melius

1922 4077 2044 4119 esse
2082 4077 2190 4117 non
2231 4061 2517 4130 accipere:
2556 4059 2660 4112 hoc
2687 4057 2831 4112 enim
2881 4065 2964 4111 est
2999 4053 3490 4110 commiserationis

1923 4170 2054 4225 erga
2089 4154 2360 4208 infirmos.
2397 4151 2613 4205 Primus
2639 4150 2806 4220 igitur
2854 4147 3058 4220 gradus
3111 4145 3491 4217 (perfectionis

1924 4250 2026 4302 hac
2067 4249 2122 4302 in
2164 4245 2244 4314 re)
2273 4253 2356 4300 est
2390 4259 2488 4298 sua
2539 4243 2813 4312 alijicere;
2853 4239 3148 4305 secundus,
3197 4239 3298 4294 sibi
3333 4238 3490 4293 suﬂi‘

1923 4355 2088 4405 cere;
2151 4336 2371 4399 tertius,
2421 4341 2476 4388 ct
2526 4334 2652 4387 aliis
2709 4332 3168 4396 subministrare;
3227 4341 3481 4400 quartus

264 4425 408 4481 etiam
469 4428 906 4499 praedicatorem,
974 4433 1028 4481 et
1087 4425 1179 4494 qui
1236 4424 1402 4481 habet
1475 4436 1798 4498 potestatem
1841 4432 2165 4506 accipiendi,
2218 4445 2324 4484 non
2387 4427 2656 4496 accipere.
2715 4425 2894 4490 Quare
2958 4422 3160 4477 Ρθυιυε
3247 4421 3338 4487 iis:
3399 4412 3490 4492 (1⁸³ἱ

265 4535 362 4575 non
393 4523 699 4593 possident,
731 4521 908 4575 multo
933 4519 1125 4574 melior
1145 4526 1286 4575 erat.

842 4612 1233 4667 KEIMENON.

336 4705 532 4770 Ἱκανὸς
561 4705 620 4760 δὲ
661 4702 942 4774 κλαυθμὸς
969 4703 1184 4771 ἐγένετο
1223 4703 1458 4770 πάντων,
1508 4707 1604 4759 καὶ
1631 4708 1824 4763 ἐπιπε-

267 4795 428 4858 σόντες
445 4798 535 4850 ἐπὶ
547 4798 641 4851 τὸν
653 4797 919 4868 τράχηλον
939 4795 1032 4849 τοῦ
1051 4795 1285 4860 Παύλου,
1297 4797 1618 4866 κατεφίλουν
1636 4801 1820 4869 αὐτὸν,

263 4887 566 4960 ὀδυνώμενοι
627 4890 863 4960 μάλιστα
882 4890 974 4941 ἐπὶ
1000 4888 1077 4958 τῷ
1103 4888 1264 4957 λόγῳ,
1287 4881 1331 4956 ᾧ
1368 4890 1600 4960 είρήκει,
1624 4892 1708 4945 ὅτι
1725 4895 1824 4948 οὐκ

265 4979 334 5030 Ιτι
352 4980 595 5049 μέλλουσι
625 4982 688 5035 τὸ
701 4981 988 5050 πρόσωπον
1007 4980 1171 5034 αὑτοῦ
1199 4980 1440 5053 θεωρεῖν.
1465 4983 1823 5054 Προέπεμπον

264 5069 311 5122 δὲ
326 5073 479 5127 αὑτὸν
504 5076 584 5138 είς
599 5074 663 5127 τὸ
685 5075 887 5128 πλοῖον.
918 5072 1007 5136 Ὠς
1036 5073 1092 5126 δὲ
1111 5072 1327 5141 ἐγένετο
1348 5073 1647 5144 ἀναχθῆναι
1673 5077 1821 5146 ἡμᾶς

266 5161 700 5225 ἀποσπασθέντας
719 5165 815 5219 ἀπ’
833 5163 1034 5228 αὐτῶν,
1051 5163 1552 5234 εὐθυδρομήσαντες
1585 5166 1819 5236 ἤλθομεν

266 5254 334 5316 εἰς
349 5253 441 5322 τὴν
458 5256 573 5309 Κῶο
594 5258 662 5327 τῇ
681 5255 738 5310 δὲ
757 5255 881 5325 ἐξῆς
899 5257 978 5318 είς
997 5255 1314 5326 τὴνῬόδον,
1337 5256 1688 5321 κάκεϊθενείς
1713 5259 1826 5313 Πά-

265 5361 424 5415 ταρα⁹
476 5348 570 5401 καὶ
626 5349 879 5418 εὑρόντες
930 5349 1114 5401 πλοῖον
1154 5348 1426 5418 διαπερῶν
1443 5351 1522 5413 είς
1553 5351 1827 5423 Φοινίκην,

268 5437 540 5503 ἐπιϐάντες
555 5442 764 5511 ἀνήχθη
774 5439 1290 5508 μεν.Ἀναφανὲντες
1304 5439 1359 5492 δέ
1373 5440 1451 5502 είς
1466 5439 1533 5510 τὴ
1547 5457 1567 5492 δ
1582 5439 1827 5512 Κύπρον,

271 5531 357 5584 καὶ
410 5533 801 5598 καταλιπόντες
852 5533 1024 5604 αὐτὴν
1071 5530 1387 5603 εὐώνυμον,
1441 5532 1706 5602 ἐπλέομεν
1745 5536 1826 5598 είς

2561 4611 2861 4668 TEXTUS.

1925 4719 1928 4722 ’
1993 4711 2220 4778 XX,57,
2240 4710 2309 4764 58
2335 4707 2510 4776 ;XXI,
2548 4707 2662 4764 178.
2691 4705 2918 4774 Magnus
2940 4709 3117 4755 autem
3146 4698 3302 4752 ﬂetus
3321 4697 3497 4754 factus

1919 4815 2002 4860 est
2017 4804 2284 4864 omnium,
2304 4811 2359 4856 et
2379 4803 2800 4871 procumbentes
2819 4811 2984 4864 supra
2997 4793 3196 4850 collum
3220 4793 3390 4859 Pauli,
3410 4808 3499 4848 os-

1901 4897 2399 4960 ‘culabantureum,
2415 4894 2661 4948 dolentes
2675 4890 2910 4945 maxime
2927 4891 2977 4943 in
2996 4889 3181 4954 verbo,
3196 4888 3338 4957 quod
3351 4886 3500 4940 dixe-

1922 4997 2028 5053 rat,
2066 4988 2324 5056 quoniam
2346 4984 2580 5054 amplius
2607 4983 2798 5038 faciem
2817 4981 2937 5051 ejus
2961 4994 3068 5033 non
3088 4987 3274 5034 essent
3293 4975 3497 5041 visuri;

1921 5087 1975 5134 et
1991 5077 2330 5133 deducebant
2346 5091 2468 5131 eum
2483 5075 2548 5129 ad
2569 5090 2779 5129 navem.
2797 5072 2928 5126 Cum
2949 5080 3124 5126 autem
3147 5069 3343 5122 factum
3359 5077 3501 5123 esset

1923 5179 1984 5223 ut
2003 5169 2386 5239 navigaremus
2404 5167 2658 5220 abstracti
2679 5165 2746 5219 ab
2763 5164 2864 5230 eis,
2880 5172 3031 5217 recto
3054 5176 3220 5214 cursu
3251 5157 3503 5213 venimus

1931 5261 2126 5327 Coum,
2154 5271 2208 5315 et
2237 5260 2489 5329 sequenti
2513 5261 2599 5313 die
2620 5258 2867 5312 Rhodum
2895 5266 2948 5310 et
2978 5254 3105 5308 inde
3128 5252 3404 5306 Pataram.
3435 5249 3500 5303 Et

1931 5369 2058 5407 cum
2089 5354 2492 5408 invenissemus
2515 5350 2676 5420 292
2731 5365 2919 5403 navem
2966 5344 3409 5400 transfretautcm
3443 5342 3496 5396 in

1929 5445 2241 5501 l’ltmnlcem
2276 5488 2290 5513 ,
2325 5446 2683 5500 ascendentes
2714 5441 3114 5511 navigavimus.
3164 5439 3301 5494 Cum
3336 5450 3501 5506 appao

1931 5538 2245 5593 ruissemus
2303 5545 2482 5590 autem
2543 5535 2741 5605 Cypro,
2816 5531 3187 5602 relinquentes
3258 5544 3376 5584 eam
3431 5527 3498 5582 ad

1419 5641 1618 5703 Variae
1643 5641 1951 5706 lectiones
1985 5651 2046 5706 ct
2093 5653 2284 5706 notae.

334 5720 394 5752 "'
427 5721 759 5791 ἀποθάνητε.
795 5721 842 5753 ⁸⁸
862 5715 1036 5784 οὗτος.
1112 5721 1158 5753 ⁵⁷
1186 5716 1274 5789 ἦν.

337 5813 441 5879 (δά)
477 5813 901 5889 Clirysostomus
940 5797 1143 5873 habet:
1182 5819 1256 5871 0-)
1313 5815 1469 5886 μόνον
1519 5815 1578 5869 οὐ
1612 5814 1792 5881 καλδν,

1912 5817 1967 5870 διὰ
1991 5821 2082 5872 καὶ
2111 5817 2437 5889 ἐπισφαλὲς,
2489 5833 2592 5872 non
2625 5815 2778 5870 modo
2830 5832 2934 5870 non
2969 5814 3158 5871 bonum
3239 5820 3338 5872 est,
3404 5805 3497 5860 scd

275 5884 419 5936 etiam
451 5885 820 5953 periculosum.
