3950 6580
592 422 729 487 1023

1429 428 2015 490 THEOPHYLACTI’
2054 426 2356 487 BULGAll
2372 425 2464 484 LE
2497 424 2855 487 ARCHIEP.

3639 425 3744 492 1094

588 535 863 591 subdunt:
910 553 929 586 ι
968 533 1041 589 De
1066 535 1150 589 his
1179 542 1361 590 autem
1389 536 1483 605 qui
1515 535 1873 592 crediderunt
1901 551 1965 590 ex
2004 551 2143 605 gen-

2256 534 2413 603 ήμετς
2445 532 2860 603 ἐπεστείλαμεν,
2885 530 3042 605 φησὶ,
3066 531 3345 603 κρίναντες
3370 535 3522 606 μηδὲν
3550 539 3746 592 τοιοῦτον

581 628 792 690 tilibus.
817 641 918 682 nos
939 626 1280 696 scripsimus,
1308 626 1648 698 judicantes,
1683 647 1701 680 ι
1744 622 1878 682 nihil
1941 627 2140 681 borum

582 719 910 775 servandum
951 716 1059 772 illis
1106 733 1252 774 esse.
1301 718 1771 786 Quemadmodum
1822 719 1989 790 igitur
2022 733 2145 784 nos,

579 811 682 866 etsi
703 807 908 864 Iudaeis
944 808 1325 880 pmdicemus,
1356 811 1467 865 illis
1502 810 1870 881 praecipimus,
1901 808 1982 865 sic
2005 818 2057 865 et
2085 817 2144 863 tu

579 902 675 971 qui
713 901 968 973 gentibus
997 901 1284 972 praedicas,
1312 904 1469 960 nobis
1496 918 1819 973 cooperare.
1866 903 2148 972 Attempe—

582 993 722 1047 ratio
748 1003 869 1061 est;
897 996 1033 1050 nihil
1071 996 1371 1065 suspicare.
1409 995 1474 1050 Et
1505 995 1725 1065 quidem
1773 994 1879 1049 hoc
1917 993 2147 1050 Jerusa-

579 1080 742 1151 lymis
776 1079 958 1137 facere
983 1082 1200 1137 dilIlcile
1226 1097 1334 1137 non
1373 1092 1479 1139 est.
1520 1082 1634 1139 Hoc
1673 1085 1840 1153 iguur
1886 1081 1974 1137 fac
2037 1082 2146 1148 hic,

580 1182 638 1225 ut
669 1173 800 1228 illud
832 1174 957 1229 alibi
985 1175 1082 1230 tibi
1111 1174 1290 1230 facere
1329 1176 1511 1231 liceat.
1542 1174 1639 1231 His
1663 1189 1963 1246 persuasus
2006 1173 2149 1229 Pau-

582 1262 666 1317 lus
696 1278 756 1319 se
784 1264 1044 1330 totondit,
1084 1274 1138 1320 et.
1176 1268 1356 1320 omnia
1389 1265 1583 1335 legalia
1616 1264 1865 1337 perfecit.

1130 1407 1359 1464 CAPUT
1387 1408 1605 1465 XXXII.

582 1531 660 1588 De
688 1535 1079 1601 perturbatione
1102 1546 1244 1590 mota
1274 1546 1459 1592 contra
1492 1537 1725 1592 Paulum
1776 1538 2149 1608 Jerosolymis,

651 1634 700 1679 et
729 1628 989 1695 quomoda
1015 1645 1131 1682 eum
1169 1629 1413 1683 tribunus
1454 1646 1482 1683 ε
1525 1629 1882 1684 multitudinis
1910 1632 2151 1687 manibus

650 1720 918 1788 eripuerit.

931 1827 1083 1884 Furia
1110 1830 1144 1884 3
1171 1830 1524 1885 hebdomade:
1546 1831 1809 1902 septimae.
1838 1884 1847 1891 ,

1208 1976 1393 2032 TEXT
1405 1976 1511 2034 US.

651 2081 1006 2149 ωηο-ιο.
1026 2085 1178 2141 'l‘unc
1202 2083 1423 2150 Paulus,
1442 2087 1741 2157 assumptis
1763 2087 1918 2153 viris,
1934 2097 2155 2158 postera

583 2174 672 2230 die
696 2174 1015 2244 puriﬁcatus
1034 2190 1158 2229 cum
1181 2176 1289 2231 illis
1306 2177 1532 2231 intravit
1552 2177 1606 2231 in
1633 2179 1915 2248 templum,
1940 2194 2155 2235 annun-

585 2264 733 2317 tians
747 2262 1110 2331 expletionem
1129 2261 1344 2318 dierum
1366 2264 1783 2334 purillcationis,
1800 2266 1974 2321 donec
1996 2266 2156 2322 οσον-

583 2361 733 2408 rctur
751 2369 848 2423 pro
868 2369 1402 2425 unoquoqueeorum
1420 2356 1645 2412 oblatio.
1683 2358 1816 2411 Dum
1832 2367 2012 2414 autem
2031 2375 2155 2429 sep-

581 2456 691 2503 tum
711 2446 828 2502 dies
841 2454 1374 2513 consummarentur,
1394 2448 1446 2503 hi
1461 2450 1552 2519 qui
1565 2450 1631 2504 de
1645 2450 1772 2505 Asia
1790 2460 1944 2507 erant
1960 2451 2152 2521 Judaei,

584 2555 708 2596 cum
742 2540 1004 2596 vidissent
1025 2555 1147 2595 eum
1173 2542 1224 2595 in
1257 2542 1478 2612 templo,
1497 2543 1908 2599 concitaverunt
1934 2561 2151 2600 onmem

583 2631 863 2701 populum,
887 2640 942 2687 et
975 2630 1282 2701 iniecerunt
1313 2634 1361 2687 ei
1398 2648 1611 2698 manus,
1628 2632 1790 2704 295
1816 2634 2148 2690 clamantes:

584 2719 698 2776 Viri
731 2721 1011 2788 Israelita,
1039 2724 1334 2793 adjuvate:
1369 2723 1460 2778 hic
1489 2732 1572 2779 est
1606 2725 1794 2788 homo,
1821 2725 1914 2796 qui
1954 2725 2150 2780 adver-

581 2828 679 2870 sus
706 2814 966 2885 populum
1003 2827 1058 2870 et
1088 2816 1259 2885 legem
1299 2823 1356 2870 et
1386 2816 1563 2870 locum
1612 2816 1757 2871 hunc
1792 2832 1984 2873 omnes
2031 2818 2154 2873 ubi-

580 2920 689 2976 que
708 2905 935 2968 docens,
968 2908 1194 2971 insuper
1214 2917 1268 2961 et
1288 2907 1521 2976 gentiles
1544 2906 1759 2962 induxit
1782 2908 1838 2962 in
1867 2909 2148 2978 templum,

581 3003 639 3048 et
691 2994 915 3049 violavit
965 3006 1215 3049 sanctum
1252 2996 1430 3049 locum
1484 2995 1679 3051 istum.
1715 2993 1979 3052 Viderant
2005 2998 2150 3052 enim

583 3083 940 3153 Trephimum
972 3086 1264 3157 Ephesium
1301 3087 1356 3141 in
1381 3087 1602 3142 civitate
1633 3103 1756 3143 cum
1805 3088 1949 3158 ipso,
1984 3104 2148 3159 quem

583 3176 1017 3241 mstimaverunt,
1051 3177 1309 3247 quoniam
1352 3177 1406 3231 in
1446 3178 1708 3248 templum
1751 3179 2147 3236 introduxisset

583 3265 812 3323 Paulus.
844 3267 1238 3339 Commotaqne
1267 3279 1353 3324 est
1378 3268 1573 3325 civitas
1602 3278 1712 3324 tota
1748 3311 1763 3336 ,
1793 3280 1849 3326 et
1887 3271 2030 3326 facta
2064 3285 2148 3328 est

583 3360 879 3414 concursio
910 3360 1118 3431 populi.
1147 3360 1212 3415 Et
1257 3363 1732 3432 apprehendentes
1761 3363 2010 3430 Paulum,
2039 3374 2151 3421 tra-

585 3450 787 3506 hebant
814 3467 940 3507 eum
969 3462 1124 3509 extra
1156 3456 1439 3525 templum,
1470 3464 1525 3511 et
1552 3458 1739 3512 statim
1790 3458 1993 3514 clausae
2023 3469 2152 3514 sunt

579 3542 780 3612 jattute.
816 3542 1201 3611 Qimrentibus
1229 3556 1410 3602 autem
1468 3562 1589 3603 eum
1625 3548 1898 3615 occidere,
1930 3550 2151 3605 nuntia-

586 3644 698 3689 tum
736 3645 819 3691 est
872 3635 1092 3693 tribuno
1133 3637 1400 3702 cohortis.
1426 3640 1579 3711 ’quia
1628 3649 1740 3697 tota
1796 3642 2154 3698 confunditur

583 3723 910 3783 Jerusalem.
946 3727 1050 3795 Qui
1082 3729 1292 3794 statim,
1316 3733 1613 3802 assumptis
1640 3733 1907 3790 militibus
1931 3746 1986 3790 et
2019 3752 2152 3791 cen-

586 3820 918 3885 turiOnibus,
954 3820 1203 3877 decurrit
1249 3823 1315 3878 ad
1368 3823 1511 3879 illos.
1569 3824 1671 3891 Qui
1731 3841 1854 3881 cum
1886 3828 2154 3885 vidissent

585 3911 864 3968 tribunum
915 3922 970 3969 et
1021 3915 1239 3979 milites,
1278 3927 1634 3973 cessaverunt
1684 3928 1967 3989 percutere
2008 3921 2152 3978 Pau-

659 4292 814 4351 Tunc
854 4294 1120 4352 accedens
1177 4296 1438 4355 tribunus
1492 4299 1856 4370 apprehendit
1902 4319 2048 4368 cum.
2096 4312 2152 4361 et

581 4386 747 4455 jussit
782 4401 905 4441 eum
932 4386 1143 4459 alligari
1170 4389 1382 4446 catenis
1412 4390 1648 4456 duabus,
1677 4400 1732 4446 et
1778 4392 2151 4465 interrogabat

582 4476 705 4547 quis
782 4486 949 4540 esset,
1028 4490 1083 4533 et
1130 4476 1260 4548 quid
1308 4477 1547 4535 fecisset.
1614 4480 1721 4534 Alii
1768 4490 1948 4537 autem
2001 4485 2149 4541 aliud

582 4569 891 4626 clamabant
932 4568 989 4625 in
1044 4570 1226 4626 turba.
1276 4570 1343 4625 Et
1392 4586 1516 4627 cum
1562 4588 1674 4627 non
1724 4584 1907 4645 posset
1934 4586 2142 4632 certum

2252 4574 2565 4643 ἐπεφώνουν
2595 4576 2655 4630 ἐν
2675 4576 2753 4647 τῷ
2773 4576 2936 4647 δχλῳ.
2957 4578 3050 4649 Μὴ
3076 4577 3380 4649 δυναμένου
3409 4578 3463 4632 δδ
3488 4574 3633 4631 αὐτοῦ
3655 4571 3752 4641 γνῶ·
3806 4592 3807 4595 ‘

581 4675 912 4732 cognoscere
993 4676 1105 4732 prae
1171 4662 1429 4730 tumultu,
1485 4664 1655 4734 jussit
1708 4666 1834 4722 duci
1881 4682 2007 4723 eum
2087 4668 2142 4724 in

580 4763 781 4810 castra.
839 4754 905 4810 Et
955 4769 1082 4811 cum
1149 4758 1390 4812 venisset
1444 4758 1510 4813 ad
1577 4760 1820 4830 gradus,
1876 4762 2144 4833 contigit,

583 4853 645 4901 ut
700 4854 1011 4917 portaretur
1069 4861 1101 4902 a
1156 4846 1420 4903 militibus
1478 4859 1702 4920 propter
1756 4851 1864 4906 vim
1935 4855 2142 4925 populi.

582 4939 921 5010 Sequebatur
994 4940 1139 4997 enim
1206 4939 1494 4998 multitudo
1566 4943 1750 5014 populi
1843 4945 2143 5004 clamans:

581 5027 732 5085 Tolle
780 5045 928 5085 eum.
976 5030 1042 5086 Et
1083 5048 1207 5089 eum
1269 5036 1527 5105 coepisset
1581 5038 1764 5095 induci
1824 5038 1878 5092 in
1940 5048 2144 5104 castra,

578 5122 781 5180 Paulus
823 5125 956 5180 dicit
997 5127 1217 5183 tribuno
1254 5147 1273 5183 :
1339 5130 1396 5186 Si
1465 5132 1592 5187 licet
1644 5133 1775 5187 mihi
1821 5134 1969 5202 loqui
2042 5133 2145 5187 ali-

577 5218 707 5287 quid
770 5220 834 5271 asl
884 5220 981 5274 te?
1035 5219 1138 5288 Qui
1177 5222 1316 5278 dixit
1355 5240 1371 5277 :
1407 5223 1594 5280 Graece
1633 5225 1820 5281 nosti?
1852 5225 2044 5281 Nonne
2087 5234 2145 5280 tu

579 5324 639 5365 es
671 5308 983 5381 Egypt-ius,
1017 5316 1110 5383 qui
1136 5324 1264 5370 ante
1294 5315 1394 5370 hos
1425 5314 1543 5395 dies
1569 5316 1862 5372 tumultum
1896 5318 2143 5373 concita-

580 5401 651 5457 sti
678 5411 731 5456 et
759 5402 998 5458 eduxisti
1031 5405 1082 5458 in
1114 5405 1392 5460 desertum
1424 5415 1663 5476 quatuor
1702 5409 1871 5462 millia
1899 5409 2143 5463 virorum

581 5488 952 5545 sicariorum?
986 5490 1053 5544 Et
1098 5494 1234 5547 dixit
1272 5495 1340 5549 ad
1371 5506 1496 5548 eum
1550 5495 1784 5550 Paulus:
1841 5495 1954 5566 Ego
1984 5496 2147 5551 homo

582 5594 703 5633 sum
753 5580 972 5650 quidem
1020 5580 1253 5641 Judaeus
1283 5602 1312 5639 a
1351 5585 1523 5641 Tarso
1551 5586 1778 5650 Cilicizr,
1812 5602 1917 5641 non
1948 5588 2146 5658 ignota:

581 5669 821 5723 civitatis
867 5672 1173 5744 municeps.
1218 5674 1368 5746 Rogo
1400 5684 1579 5730 autem
1628 5683 1702 5737 te,
1734 5675 1984 5743 permitte
2014 5677 2142 5732 mihi

585 5759 730 5829 loqui
763 5759 828 5814 ad
855 5762 1138 5832 populum.
1177 5764 1389 5822 Etcum
1432 5767 1519 5820 ille
1553 5767 1911 5836 permisisset,
1947 5767 2145 5824 Paulus

584 5858 739 5906 stans
760 5851 812 5906 in
834 5853 1116 5923 gradibus,
1134 5857 1321 5912 annuit
1346 5873 1505 5912 manu
1527 5857 1592 5913 ad
1622 5858 1832 5928 plebem
1855 5868 1907 5916 et
1948 5875 2144 5931 magno

2252 628 2440 695 τηρεῐν
2470 626 2686 689 αὐτούς.
2718 645 2737 677 ι
2775 625 2986 697 Ὠσπερ
3017 619 3110 678 οὖν
3158 626 3317 695 ἡμεῖς
3369 626 3579 691 ἐκείνοις
3594 630 3749 683 ἐπετά-

2250 718 2442 789 ξαμεν,
2473 718 2651 774 καίτοι
2697 716 2972 783 Ἰουδαίοις
3020 716 3409 789 κηρύττοντες,
3440 717 3570 771 οῦτω
3596 720 3675 774 καὶ
3697 724 3746 775 σὺ

2245 811 2361 874 τοῖς
2414 809 2593 864 ἔθνεσι
2623 810 2939 882 κηρύσσων,
2978 808 3296 879 σύμπραξον
3324 811 3470 878 ἡμῖν.
3514 810 3746 880 Συγκαταο

2249 902 2464 966 ϐάσεως
2524 902 2684 957 τοῦτό
2719 902 2856 967 ἐστι,
2920 901 3088 971 μηδὲν
3118 900 3485 971 ὑποπτεύσῃς·
3512 902 3596 955 καὶ
3627 904 3676 957 τι
3702 907 3746 958 ἐν

2264 993 2663 1065 Ἰεροσολύμοις
2716 994 2773 1049 δέ
2808 991 2969 1048 τοῦτο
3019 995 3213 1059 ποιεῖν,
3270 993 3513 1064 φορητόν.
3559 995 3743 1067 Ποίησον

2248 1087 2344 1143 06v
2370 1089 2529 1144 τοῦτο
2557 1078 2811 1155 ἐνταῦθα,
2842 1089 2932 1144 ἵνα
2979 1089 3073 1159 ἐξῇ
3125 1104 3207 1141 σοι
3234 1085 3383 1160 [ἔξω]
3409 1090 3568 1141 ποιεῖν
3594 1090 3743 1144 ἐκεῖνο.

2250 1177 2385 1236 Εἶτα
2421 1184 2647 1255 ἐπείσθη
2687 1184 2891 1250 αὐτοῖς,
2945 1182 3196 1254 ἐξυρᾶτο,
3222 1182 3315 1234 καὶ
3357 1180 3522 1235 πάντα
3565 1181 3623 1235 τὰ
3653 1175 3747 1236 Ἰου-

2249 1273 2409 1328 δαϊκὰ
2441 1271 2708 1328 ἐτέλεσεν.
3587 1272 3591 1281 ’

2820 1419 3071 1517 ΚΕΦΔιέ.
3108 1418 3229 1472 AB’.

2254 1544 2391 1613 Περὶ
2419 1544 2530 1613 τῆς
2555 1546 2626 1599 ἐν
2649 1545 3047 1614 Ἰερουσαλὴμ
3069 1545 3221 1601 κατὰ
3247 1545 3354 1600 τοῦ
3384 1547 3605 1602 Παύλου
3624 1565 3744 1618 κινη-

2321 1639 2531 1705 θείσης
2552 1638 2822 1705 ἀταξίας,
2854 1639 3016 1706 ὅπως
3031 1655 3094 1694 τε
3120 1638 3310 1694 αὐτόν
3329 1641 3362 1693 ὁ
3384 1641 3656 1709 χιλίαρχος
3672 1643 3747 1695 τοῦ

2322 1729 2597 1797 πλήθους
2631 1729 2967 1798 ἐξαιρεῖται.

2661 1841 2742 1912 Τῇ
2771 1840 2820 1910 γ’
2865 1842 2964 1911 τῆς
3002 1839 3047 1905 ξι
3083 1840 3401 1913 ἑϐδομάδος.

2836 1967 3222 2022 KEIMENON.

2324 2075 2457 2128 Τότε
2480 2075 2510 2127 6
2545 2072 2757 2138 Παῦλος
2807 2073 3140 2145 παραλαϐὼν
3174 2076 3303 2138 τοὺς
3347 2077 3545 2148 ινδρας,
3578 2079 3632 2147 τῇ
3660 2077 3749 2147 ἐχοο

2258 2167 2394 2239 μένῃ
2420 2166 2627 2239 ἡμέρα,
2666 2167 2762 2221 καὶ
2789 2167 2888 2221 σὺν
2916 2168 3100 2229 αὐτοῖς
3126 2168 3426 2237 ἁγνισθεὶς,
3447 2168 3598 2239 εἰσῄει
3625 2169 3686 2231 είς
3708 2168 3750 2221 τὸ

2256 2256 2422 2327 ἱερὸν,
2448 2257 2779 2327 διαγγέλλων
2810 2258 2907 2328 τὴν
2948 2257 3299 2328 ἐκπλήρωσιν
3331 2259 3435 2313 τῶν
3473 2258 3660 2329 ἡμερῶν
3682 2259 3749 2310 τοῦ

2253 2350 2546 2421 ἁγνισμοῦ,
2586 2350 2693 2414 ἕως
2726 2343 2789 2404 06
2842 2350 3193 2422 προσηνέχθη
3251 2352 3390 2424 ὑπὲρ
3436 2352 3541 2415 ἐνὸς
3569 2354 3747 2406 ἑκάστου

2253 2442 2434 2497 αὐτῶν
2466 2445 2499 2513 ἡ
2534 2443 2838 2516 προσφορά.
2884 2443 2973 2507 Ὠς
3026 2444 3082 2507 δέ
3113 2445 3341 2515 ἔμελλον
3373 2448 3427 2499 al
3450 2447 3571 2500 ἐτττὰ
3596 2446 3749 2517 ἡμέραι

2257 2533 2647 2598 συντελεῖσθαι,
2671 2535 2721 2587 οἱ
2748 2535 2854 2589 ἀπὸ
2877 2536 2972 2605 τῆς
3011 2535 3195 2601 ’Δσίας
3226 2535 3461 2592 Ἰουδαῖοι
3490 2537 3747 2606 θεασάμενοι

2255 2625 2416 2678 αὐτὸν
2460 2626 2517 2679 ἐν
2569 2625 2646 2697 τῷ
2675 2625 2825 2696 ίερῷ,
2873 2627 3126 2698 συνέχεον
3173 2628 3263 2682 ἐπ’
3309 2629 3468 2682 αὑτὸν
3496 2630 3648 2683 πάντα
3685 2631 3747 2680 τὸν

2254 2716 2427 2786 ϐχλον,
2452 2716 2545 2772 καὶ
2571 2717 2834 2772 ἐπέϐαλον
2863 2719 2947 2770 ἐπ’
2968 2718 3131 2772 αὐτὸν
3152 2718 3251 2783 τὰς
3272 2721 3471 2790 χεῖρας.
3494 2718 3747 2791 κράζοντιςο

2259 2809 2487 2879 Ἀνδρος
2534 2809 2884 2879 Ἰσραηλῖται,
2926 2809 3205 2880 βοηθεῖτεο
3240 2805 3396 2874 οὗτός
3449 2812 3581 2864 ἐστιν
3619 2812 3641 2862 ό
3682 2811 3747 2863 ἄν·

2255 2899 2471 2970 θρωπος
2509 2901 2538 2953 6
2564 2901 2702 2954 κατὰ
2734 2900 2827 2954 τοῦ
2860 2901 3012 2968 λαοῦ,
3059 2902 3152 2955 καὶ
3198 2902 3298 2957 τοῦ
3340 2904 3516 2972 νόμου,
3571 2901 3645 2955 καὶ
3683 2898 3751 2954 τοῦ

2252 2990 2419 3043 τόπου
2450 2990 2661 3057 τούτου,
2704 2994 2914 3057 πάντας
2961 2993 3240 3064 πανταχοῦ
3303 2994 3585 3049 διδάσκων·
3625 2992 3687 3045 ἔτι
3707 3009 3750 3044 τε

2253 3083 2349 3137 καὶ
2384 3082 2646 3154 Ἕλληνας
2675 3086 2970 3156 εἰσήγαγεν
2988 3088 3069 3150 είς
3093 3087 3154 3139 τὸ
3197 3088 3366 3159 ιερδν,
3401 3088 3491 3143 καὶ
3520 3088 3752 3141 resolvam

2253 3173 2344 3226 τδν
2398 3174 2555 3242 ἅγιον
2591 3175 2755 3231 τόπον
2806 3176 2996 3231 τοῦτον
3043 3172 3205 3250 (ἦσαν
3244 3178 3356 3248 γὰρ
3409 3176 3750 3248 προεωρακότες

2177 3234 2220 3291 c
2255 3234 2533 3336 Τρόφιμον
2588 3266 2677 3321 16v
2708 3268 2955 3337 Ἐφέσιον
3002 3234 3060 3321 ἐν
3088 3234 3158 3340 τῇ
3190 3234 3372 3325 (ream
3419 3234 3509 3322 σξιν
3537 3234 3677 3337 αξρτῷ,
3711 3234 3753 3318 ὃν

2254 3357 2502 3428 ἐνόμιζον
2541 3359 2623 3413 ὅτι
2655 3360 2736 3423 είς
2765 3359 2827 3415 τὸ
2859 3359 3002 3431 ἱερὸν
3016 3362 3319 3431 εἰσήγαγεν
3350 3364 3378 3416 6
3408 3360 3753 3427 Παῦλος).Ἐκι-

2257 3447 2393 3521 νήθη
2413 3466 2471 3502 τε
2503 3451 2536 3521 ἡ
2562 3450 2714 3514 πόλις
2735 3451 2853 3522 ὅλη.
2883 3452 2976 3506 καὶ
2992 3452 3211 3521 ἐγένετο
3233 3452 3505 3524 συνδρομὴ
3532 3450 3612 3505 τοῦ
3628 3448 3750 3503 λαοῦ·

2258 3540 2353 3592 καὶ
2378 3541 2762 3613 ἐπιλαϐόμενοι
2792 3543 2889 3597 106
2921 3543 3155 3610 Παύλου,
3185 3538 3373 3599 εἷλκον
3400 3545 3550 3597 αὑτὸν
3576 3541 3661 3607 ἔξω
3685 3540 3753 3591 τοῦ
3860 3546 3861 3551 ‘

2260 3632 2408 3704 ἱεροῦ
2433 3652 2447 3664 -
2478 3634 2574 3687 καὶ
2598 3633 2801 3699 εὐθέως
2821 3635 3178 3707 ἐκλείσθησαν
3196 3638 3258 3690 αἱ
3294 3637 3473 3709 θύραι.
3505 3632 3755 3706 Ζητούντων

2253 3723 2311 3776 δέ
2350 3723 2876 3793 αύτδνάποκτεῑναι,
2918 3727 3087 3799 ἀνέϐη
3124 3728 3295 3798 φάσις
3328 3729 3406 3799 τῷ
3429 3728 3660 3799 χιλιάρχῳ
3684 3727 3753 3792 τῆς

2256 3818 2506 3890 σπείρης,
2537 3820 2619 3875 ὅτι
2655 3820 2751 3893 ὅλη
2790 3822 3122 3894 συγκέχυται
3160 3824 3196 3896 ἡ
3232 3815 3755 3894 ’1ερουσαλήμ.“οςἒξ

2253 3910 2425 3979 αὐτῆς
2483 3911 2819 3983 παραλαϐὼν
2863 3915 3201 3986 στρατιώτας
3232 3916 3332 3969 καὶ
3375 3913 3752 3983 ἑκατοντάρχους,

2253 4003 2595 4076 κατέδραμεν
2616 4008 2706 4059 ἐπ’
2744 4006 2961 4069 αὐτούς.
2991 4007 3057 4061 Οί
3088 4007 3167 4073 δὲ,
3201 4006 3405 4072 ἰδόντες
3425 4006 3512 4059 τὸν
3533 4002 3753 4076 χιλίαρχον
3860 4050 3861 4055 η

2252 4096 2349 4152 καὶ
2376 4099 2502 4162 τοὺς
2532 4097 3226 4171 στρατιώτας,⁹ἐπαύσαντο
3248 4100 3533 4163 τύπτοντες
3553 4097 3632 4151 τὸν
3651 4092 3754 4150 Παῦ-

2284 4207 2365 4246 ον.

2322 4300 2458 4354 Τότε
2508 4301 2735 4374 ἐγγίσας
2760 4304 2791 4357 6
2814 4301 3116 4385 χιλίαρχος,
3154 4303 3453 4358 ἐπελάϐετο
3492 4299 3655 4363 αὑτοῦ,
3686 4296 3753 4350 καὶ

2252 4390 2506 4445 ἐκέλευσε
2530 4392 2755 4463 δεθῆναι
2800 4393 3023 4448 ἁλύσεσι
3055 4393 3177 4448 δυσί
3198 4409 3213 4425 ο
3248 4396 3346 4449 καὶ
3392 4392 3678 4477 ἐπυνθάνετο
3694 4387 3753 4449 τίς

2254 4482 2320 4537 ἂν
2348 4483 2457 4554 εἴη,
2501 4485 2595 4540 καὶ
2631 4484 2686 4538 τί
2733 4487 2853 4540 ἐστι
2894 4487 3235 4555 πεποιηκώς.
3270 4487 3454 4541 ’Ἄλλοι
3481 4487 3534 4541 δὲ
3587 4484 3687 4539 ἄλλο
3714 4497 3752 4531 τι

2250 4683 2339 4719 ναι
2393 4667 2456 4721 τὸ
2481 4668 2721 4738 ἀσφαλὲς
2759 4670 2848 4725 διὰ
2883 4671 2975 4725 τὸν
3010 4670 3259 4742 θόρυϐον,
3313 4672 3587 4726 ἐκέλευσεν
3630 4664 3752 4719 αὐτόν

2244 4757 2274 4810 6
2304 4736 2579 4831 χιλίαρχος
2626 4760 2853 4830 ἄγεσθαι
2902 4761 2984 4825 εἰς
3039 4736 3144 4832 τὴν
3199 4736 3752 4832 παρεμ.ϐολήν.’0⁴εεδὲ

2247 4850 2463 4917 ἐγένετο
2495 4852 2587 4906 ἐπὶ
2628 4851 2756 4918 τοὺς
2781 4852 3153 4924 ὰναϐαθμοῦς,
3206 4855 3407 4926 συνέϐη
3450 4847 3751 4928 βαστάζεσθαι

2246 4941 2409 4995 αὑτὸν
2434 4941 2541 4996 ύπδ
2568 4942 2676 4998 τῶν
2726 4944 3077 5015 στρατιωτῶν
3104 4943 3195 4998 διὰ
3219 4944 3321 5015 τὴν
3367 4943 3485 5014 βίαν
3510 4941 3592 4995 τοῦ
3606 4936 3748 5008 λὸχλον.

2259 5033 2554 5104 Ἠκολούθη
2601 5035 2712 5107 γὰρ
2756 5037 2818 5091 τδ
2864 5035 3064 5107 πλῆθος
3114 5036 3210 5089 τοῦ
3268 5036 3401 5091 λαοῦ
3422 5076 3437 5101 ,
3475 5031 3750 5106 κράζοντες·

2244 5120 2380 5198 Αἶρε
2408 5126 2590 5182 αὐτόν.
2626 5128 2854 5183 Μέλλων
2902 5146 2964 5183 τε
2985 5127 3304 5197 είσάγεσθαι
3357 5129 3435 5190 εἰς
3470 5125 3563 5197 τὴν
3586 5134 3751 5193 stupet:-

2247 5218 2408 5290 ϐολήν
2439 5221 2469 5273 6
2503 5218 2735 5286 Παῦλος,
2770 5219 2921 5289 λέγει
2954 5219 3034 5291 τῷ
3061 5218 3331 5290 χιλιάρχῳ
3355 5234 3369 5247 ⁸
3413 5216 3473 5270 Ei
3507 5210 3662 5279 ἒξεστί
3685 5221 3750 5277 μοι

2251 5310 2426 5365 εἰπεῖν
2473 5327 2527 5364 τι
2578 5310 2717 5380 πρὸς
2773 5310 2874 5375 σές
2918 5310 2976 5365 Ὀ
3008 5310 3066 5363 δέ
3114 5310 3261 5381 ἔφη·
3308 5305 3592 5378 Ἑλληνιστὶ
3628 5297 3751 5369 γινώ-

2248 5416 2435 5467 σκεις;
2462 5401 2576 5454 οὐκ
2593 5400 2704 5471 ἄρα
2737 5401 2802 5454 σὺ
2828 5397 2879 5454 si
2913 5402 2942 5455 6
2969 5400 3263 5469 Αἰγύπτιος
3283 5402 3314 5453 6
3342 5401 3449 5471 πρὸ
3478 5397 3653 5451 τούτων
3671 5389 3753 5441 τῶν

2244 5491 2467 5564 ἡμερῶν
2497 5489 2903 5559 ἀναστατώσας,
2934 5495 3027 5546 καὶ
3058 5492 3346 5562 ἐξαγαγὼν
3375 5493 3452 5553 εἰς
3475 5489 3564 5558 τὴν
3588 5486 3750 5554 ἔρημον
3860 5484 3861 5523 3

2246 5584 2375 5648 τοὺς
2402 5584 2894 5661 ,τετρακισχιλίους
2941 5583 3143 5655 ἄνδρας
3196 5584 3302 5636 τῶν
3329 5580 3611 5651 σικαρίωη
3647 5566 3749 5625 Εἷπε

2245 5676 2304 5730 δὲ
2354 5676 2384 5729 6
2442 5675 2693 5740 Παῦλος’
2740 5674 2884 5744 Ἐγὼ
2932 5674 3218 5745 ἄνθρωπος
3263 5675 3364 5744 μέν
3413 5661 3748 5741 εἰμιἸουῶῖος
3860 5682 3861 5707 :

2247 5768 2495 5838 Ταρσεὺς
2514 5767 2613 5839 τῆς
2644 5767 2919 5831 Κιλικῗας,
2950 5766 3050 5820 οὐκ
3081 5767 3296 5837 ἀσήμου
3330 5765 3526 5824 πόλεως
3553 5754 3745 5818 πολίτης-

2249 5859 2452 5930 Δέομαι
2475 5858 2533 5912 δέ
2566 5875 2681 5926 σου,
2705 5858 2996 5929 ἐπίτρεψόν
3017 5874 3108 5928 μοι
3132 5856 3365 5927 λαλῆσαι
3394 5852 3517 5924 πρὸς
3540 5850 3619 5903 τὸν
3634 5840 3742 5896 λαόν.
