3950 6588
214 500 324 564 11ᾏὲὶῦ
783 496 1318 559 EXPOSITIONIS
1349 498 1424 558 IN
1467 499 1654 558 ACTA
1693 497 1992 558 TEX'I‘US
2021 496 2284 557 ALTER.
2319 521 2385 530 -·-
2413 495 2570 554 CAP.
2603 493 2791 557 XXII.
3241 487 3376 554 1035

219 608 588 683 Ἐπιτρέψαντος
617 606 670 661 δὲ
704 605 890 672 αὑτοῦ,
944 609 971 658 ὁ
1008 607 1217 671 Παῦλος
1275 609 1444 672 ἑστὼς
1476 610 1568 661 ἐπὶ
1607 609 1714 662 τῶν
1747 617 1779 670 Α

1827 608 2036 664 si'entio
2087 608 2252 671 facto,
2308 607 2575 662 allocutus
2625 617 2710 662 est
2764 605 2945 676 lingua
3001 601 3269 671 Hebraea,
3305 607 3387 661 di—

209 691 512 773 ἀναϐαθμῶν,
557 700 835 752 κατέσεισε
868 702 933 770 τῇ
970 704 1114 771 χειρὶ
1154 701 1232 769 τῷ
1258 701 1390 770 λαῷ.
1424 701 1633 770 Πολλῆς
1657 701 1714 755 δὲ
1825 715 1974 754 rcus.
3261 705 3268 712 ’

210 797 337 864 σιγῆς
368 789 665 859 γενομένης,
710 789 1102 858 προσεφώνησε
1131 792 1196 860 τῇ
1241 789 1482 860 Ἐϐραΐδι
1534 789 1715 842 atate.

209 904 313 955 κτῳ,
342 883 517 951 λέγων.

210 977 411 1031 Παύλου
457 970 815 1034 κατάστασις
871 970 1004 1038 περὶ
1059 969 1267 1036 αὐτοῦ,
1328 971 1427 1024 καὶ
1479 968 1590 1039 τῆς
1630 971 1719 1036 εὶς

1863 970 2022 1026 ΡιιιιΙὶ
2050 972 2289 1026 narratio
2325 973 2387 1026 de
2417 972 2609 1041 seipse,
2648 986 2848 1042 suaque
2885 969 2954 1023 ad
3004 968 3355 1038 apostolalnm

483 1065 828 1117 ἀπόστολον
863 1062 1049 1116 αὑτοῦ
1088 1062 1384 1132 κλήσεως.

1192 1062 1384 1132 ξσεως.
2471 1064 2752 1118 vocatione.

267 1155 463 1224 Ἀνδρες
485 1153 699 1222 ἀδελφοὶ
731 1153 825 1205 καὶ
861 1155 1116 1221 πατέρες,
1171 1153 1442 1206 ἀκούσατέ
1489 1171 1590 1223 μου
1621 1153 1718 1221 τῆς

1897 1155 2064 1222 XXII,
2092 1157 2178 1210 I-I
2197 1156 2242 1210 l.
2270 1156 2383 1211 Viri
2405 1154 2599 1211 fratres
2630 1165 2680 1211 et
2702 1164 2903 1225 patres,
2926 1155 3110 1212 audite
3136 1169 3298 1224 quam
3326 1153 3391 1207 ad

209 1244 317 1313 πρὸς
357 1243 488 1311 ὑμᾶς
519 1240 635 1294 νυνὶ
692 1239 986 1307 ἀπολογίας
1012 1241 1367 1311 (ἀκούσαντες
1424 1242 1482 1295 δὲ
1534 1245 1617 1297 ὅτι
1649 1246 1715 1313 τῇ

1835 1267 1924 1305 vos
1953 1250 2118 1303 reddo
2137 1247 2424 1302 rationem.
2443 1248 2578 1301 Cum
2615 1249 2894 1304 audissent
2913 1256 3116 1310 autem,
3141 1248 3266 1317 quia
3290 1244 3395 1298 Ile-

216 1333 416 1402 Ἐϐραΐδι
444 1330 699 1400 διαλέκτῳ
752 1330 1090 1400 προσεφώνει
1121 1332 1327 1397 αὐτοῖς.
1354 1333 1552 1403 μᾶλλον
1577 1351 1720 1404 παρ-

1837 1342 1968 1395 bteea
1987 1341 2164 1410 lingua
2179 1341 2492 1409 loqueretur
2503 1338 2566 1391 ad
2587 1338 2728 1403 illos,
2748 1339 2922 1408 magis
2940 1336 3397 1408 priestiteruntﬁsi-

208 1429 323 1495 εἰχον
362 1423 598 1493 ἡσυχίαν.
671 1423 778 1476 Καί
831 1426 1016 1498 φησιν)
1046 1443 1060 1458 '
1103 1426 1246 1494 Ἐγὼ
1282 1428 1383 1497 μέν
1421 1429 1536 1496 εἰμι
1583 1427 1721 1497 ἀνὴρ

1835 1431 2076 1486 lentium.
2126 1429 2188 1484 Et
2223 1431 2355 1485 dicit
2393 1447 2406 1484 :
2461 1429 2570 1500 Ego
2611 1445 2730 1484 sum
2767 1430 2844 1482 vir
2875 1428 3119 1493 Iudicas,
3151 1439 3312 1482 natus
3340 1427 3395 1480 in

218 1516 451 1581 Ἰουδαῖος,
492 1517 886 1586 γεγεννημένος
936 1520 994 1572 δν
1051 1517 1252 1589 Ταρσῷ
1294 1521 1394 1589 τῆς
1444 1520 1718 1584 Κιλικίας,

1836 1523 2002 1578 Tarso
2025 1523 2248 1588 Cilicim,
2285 1522 2526 1576 nutritus
2547 1530 2727 1576 autem
2755 1521 2806 1576 in
2839 1522 2941 1576 ista
2975 1523 3212 1586 civitate,
3238 1534 3396 1577 secus

209 1606 644 1676 ἀνατεθραμμένος
674 1607 726 1660 δὲ
774 1609 832 1660 ἐν
873 1611 937 1680 τῇ
998 1609 1150 1662 πόλει
1203 1609 1372 1680 ταύτῃ
1406 1610 1558 1679 παρᾶ
1595 1612 1721 1675 τοὺς

1834 1617 1993 1686 pedes
2037 1615 2320 1678 Gamaliel,
2356 1613 2604 1668 eruditus
2632 1615 2786 1684 juxta
2813 1615 3099 1669 veritatem
3151 1624 3394 1684 paternae

210 1697 345 1758 πόδας
369 1696 660 1766 Γαμαλιὴλ,
697 1697 1129 1768 πεπαιδευμένος
1157 1700 1300 1754 κατὰ
1320 1692 1604 1770 ἀκρίϐειαν
1628 1701 1723 1754 τοῦ

1838 1707 1985 1778 legis,
2039 1709 2324 1761 ammlator
2378 1705 2532 1776 legis,
2568 1707 2710 1761 sicut
2747 1713 2801 1760 et.
2845 1705 3008 1776 296
3057 1720 3157 1761 vos
3209 1719 3398 1759 omnes

212 1786 424 1858 πατρῴου
455 1787 638 1856 νόμου,
665 1787 915 1858 ζηλωτὴς
947 1789 1206 1861 ὑπάρχων
1227 1790 1320 1844 τοῦ
1352 1791 1509 1854 Θεοῦ,
1542 1792 1722 1856 καθὼς

1838 1799 1966 1854 estis
1999 1797 2194 1852 h'odie:
2233 1799 2325 1868 qui
2361 1797 2503 1852 hanc
2540 1798 2677 1852 viam
2709 1809 3035 1867 persecutus
3071 1811 3191 1852 sum
3222 1811 3398 1866 usque

210 1882 375 1943 πάντες
421 1879 572 1948 ὑμεῖς
623 1881 746 1933 ἐστε
788 1882 1047 1952 σήμερον.
1079 1883 1175 1946 ⁸⁵ος
1221 1882 1428 1954 ταύτην
1459 1883 1561 1954 τὴν
1609 1884 1727 1937 ὁδὸν

1837 1893 1897 1946 ad
1923 1899 2174 1953 mortem,
2207 1892 2436 1959 alligans
2468 1883 2770 1945 et’tradens
2817 1889 2870 1943 in
2921 1888 3204 1944 custodias
3250 1889 3397 1942 viros

211 1970 370 2037 ἐδίωξα
414 1971 535 2041 ἄχρι
563 1971 821 2036 θανάτου,
848 1973 1128 2044 δεσμεύων
1161 1976 1253 2028 καὶ
1288 1975 1613 2045 παραδιδοὺς
1648 1978 1728 2040 εἰς
1755 1973 1771 2030 1

1841 1999 1892 2037 ιο
1928 1984 2218 2048 mulieres;
2255 1983 2396 2037 sicut
2425 1983 2683 2052 princeps
2707 1979 3054 2037 sacerdotum
3096 1978 3225 2032 mihi
3248 1978 3401 2033 testi-

211 2060 414 2127 φυλακὰς
430 2061 620 2130 ἄνδρας
648 2078 707 2115 τε
729 2063 822 2116 καὶ
851 2067 1132 2132 γυναῖκας,
1161 2065 1235 2128 ώς
1258 2065 1350 2118 καὶ
1381 2067 1408 2117 ὁ
1437 2066 1728 2134 ἀρχιερεὺς

1837 2075 2075 2128 monium
2113 2075 2311 2137 reddit,
2333 2084 2388 2130 et
2414 2089 2603 2128 omnes
2651 2074 2886 2142 majores
2929 2080 3102 2138 natu;
3133 2084 3164 2124 a
3196 2070 3397 2140 quibus

214 2156 440 2222 μαρτυρεῖ
460 2169 548 2222 μοι
585 2155 681 2207 καὶ
714 2156 822 2210 πᾶν
844 2155 904 2210 τὸ
931 2155 1194 2228 πρεσϐυτέ
1205 2171 1348 2226 ριον·
1378 2158 1507 2226 παρ’
1536 2151 1610 2209 ὧν
1637 2158 1728 2208 καὶ

1841 2173 1886 2220 et
1923 2165 2188 2238 epistolas
2227 2165 2506 2234 accipiens
2535 2163 2601 2218 ad
2634 2163 2830 2218 fratres
2866 2161 3190 2216 Damascum
3217 2175 3401 2231 perge-

213 2242 453 2306 ἐπιστολὰς
497 2243 790 2315 δεξάμενος
836 2247 976 2316 πρὸς
1025 2248 1147 2310 τοὺς
1179 2247 1463 2316 ἀδελφοὺς,
1511 2248 1589 2310 είς
1621 2250 1728 2299 Δα-

1840 2260 1977 2321 bam,
2010 2268 2067 2311 ut
2114 2256 2442 2312 adducerem
2490 2256 2617 2311 inde
2663 2256 2878 2311 vinctos
2906 2255 2959 2309 in
3005 2253 3307 2308 Jerusalem
3341 2261 3400 2306 ut

216 2335 386 2401 μασκὺν
429 2337 791 2408 ἐπορευόμην,
820 2336 964 2402 ἄξων
1010 2339 1108 2392 καὶ
1162 2340 1289 2401 τοὺς
1339 2340 1522 2392 ἐκεῖσε
1567 2338 1728 2401 ὄντας

1841 2351 2178 2420 punirentur.
2207 2347 2433 2403 Factum
2483 2357 2568 2403 est
2608 2357 2812 2415 autem,
2846 2356 3012 2402 eunte
3058 2359 3163 2410 me,
3201 2353 3254 2399 et
3305 2357 3401 2414 ap—

213 2424 479 2502 δεδεμένους
502 2429 577 2490 είς
614 2426 992 2499 Ἰερουσαλὴμ,
1021 2429 1108 2483 ἵνα
1140 2429 1546 2499 τιμωρηθῶσιν.
1579 2429 1728 2496 Ἐγέο

1947 2441 2240 2510 pinquantc
2268 2439 2531 2494 Damasco
2565 2439 2740 2493 media
2765 2437 2874 2502 die,
2914 2435 3101 2491 subito
3141 2433 3211 2490 de
3261 2433 3404 2488 coelo
3505 2501 3507 2504 ς

213 2534 308 2570 νετο
336 2519 386 2571 δέ
417 2536 500 2589 μοι
521 2521 896 2592 πορευομένῳ,
931 2523 1024 2575 καὶ
1053 2522 1323 2590 ἐγγίζοντι
1353 2525 1420 2592 τῇ
1453 2521 1729 2593 Δαμασκῷ

1839 2530 2195 2588 circumfulsit
2225 2546 2309 2584 me
2339 2531 2429 2583 lux
2459 2531 2714 2598 copiosa:
2745 2537 2800 2583 et
2820 2527 3080 2583 decidens
3103 2527 3156 2580 in
3177 2536 3399 2584 terram.

212 2612 311 2678 περὶ
345 2611 702 2683 μεσημϐρίαν,
737 2614 993 2684 ἐξαίφνης
1043 2616 1107 2667 ὲκ
1148 2613 1240 2667 τοῦ
1290 2613 1521 2683 οὑρινοῦ
1576 2630 1730 2684 περί·

1839 2623 2011 2678 audivi
2059 2637 2244 2676 vocem
2281 2620 2552 2675 dicentem
2609 2619 2738 2673 mihi
2769 2637 2782 2673 :
2826 2617 3012 2682 Sahle,
3049 2617 3235 2679 Saule,
3268 2615 3399 2684 quid

211 2703 442 2771 αστρὰψαι
464 2703 574 2770 φῶς
600 2703 786 2757 ἰκανὸν
813 2706 938 2774 περὶ
964 2705 1305 2775 ὲμέ.”Επεσά
1329 2721 1388 2757 τε
1415 2706 1494 2768 εἰς
1531 2704 1590 2757 τὸ
1618 2704 1733 2758 ἔδα-

1844 2732 1917 2769 me
1961 2714 2348 2786 pchequcris?
2395 2713 2504 2784 Ego
2552 2721 2728 2766 autem
2793 2709 3088 2780 respondi:
3135 2709 3268 2776 Quis
3321 2715 3404 2761 est

210 2809 302 2859 φος,
319 2797 400 2846 καὶ
425 2795 635 2866 ἧκουσα.
657 2796 837 2866 φωνῆς
859 2795 1122 2867 λεγούσης
1162 2813 1252 2866 μοι
1270 2813 1284 2826 ·
1317 2796 1506 2860 Σαοὺλ,
1532 2797 1727 2860 Σαοὺλ,

1845 2804 2092 2860 Domine?
2118 2805 2372 2874 Diititque
2401 2803 2470 2858 ad
2499 2819 2626 2858 me:
2664 2803 2774 2873 Ego
2797 2818 2914 2858 smn
2962 2801 3126 2858 Jesus
3165 2798 3405 2855 Nazare-

209 2887 248 2936 τί
278 2903 333 2956 με
361 2886 596 2955 διώκειςς
651 2888 792 2958 Ἐγὼ
821 2890 877 2944 δὲ
924 2889 1258 2960 ἀπεκρίθην
1285 2889 1379 2951 Τίς
1415 2884 1484 2956 εἶ,
1526 2889 1726 2959 Κύριε;

1841 2912 1959 2962 nus,
1999 2913 2160 2966 quem
2218 2905 2274 2951 tu
2319 2895 2687 2966 persequeris.
2724 2893 2790 2948 Et
2839 2893 2931 2963 qui
2973 2907 3186 2948 mecum
3225 2899 3401 2956 erant,

212 2975 315 3031 Εἷπέ
346 2997 398 3032 τε
433 2983 562 3050 πρός
589 2999 664 3052 με
689 3001 702 3013 ο
746 2981 886 3052 Ἐγώ
927 2984 1042 3052 είμι
1085 2980 1341 3052 Ἰησοῦςὸ
1385 2980 1727 3053 Ναζωραῖος,

1844 2990 2015 3042 lumen
2039 2988 2256 3058 quidem
2308 2987 2578 3054 viderunt,
2611 3001 2801 3043 vocem
2850 2995 3028 3040 autem
3077 2999 3182 3040 non
3213 2981 3404 3037 audie-

208 3073 253 3123 δν
283 3075 337 3126 σὺ
372 3072 596 3138 διώκεις.
639 3075 701 3128 Οί
729 3075 785 3130 δὲ
839 3076 936 3128 σὺν
990 3076 1113 3146 ἐμοὶ
1160 3075 1314 3138 ὅντες
1368 3075 1428 3128 τὸ
1482 3075 1581 3146 μὲν
1616 3076 1731 3143 φῶς

1844 3091 1960 3134 runt
1991 3082 2108 3151 ejus
2144 3080 2234 3150 qui
2270 3080 2595 3148 loquebatur
2623 3093 2855 3134 mecum.
2889 3078 2954 3132 Et
2983 3075 3128 3131 dixi:
3155 3074 3297 3142 Quid
3326 3075 3404 3127 I'a-

209 3161 472 3228 ἐθεάσαντο,
495 3166 590 3220 καὶ
625 3165 857 3235 ἔμφοϐοι
896 3164 1146 3233 ἐγένοντο
1168 3203 1184 3229 ,
1216 3166 1314 3234 τὴν
1342 3164 1398 3218 δὲ
1420 3167 1603 3236 φωνὴν
1633 3166 1732 3218 οὑκ

1847 3174 1999 3239 riam,
2031 3173 2260 3226 Domine
2288 3173 2310 3225 ?
2343 3173 2608 3226 Dominus
2631 3178 2812 3225 autem
2841 3169 2980 3224 dixit
3006 3167 3075 3221 ad
3107 3182 3192 3220 me
3219 3185 3233 3222 :
3277 3164 3407 3220 Sur-

208 3254 404 3322 ήκουσαν
429 3257 519 3310 τοῦ
575 3257 871 3320 λαλοῦντός
908 3275 1014 3328 μοι.
1056 3253 1222 3315 Εἶπον
1253 3257 1344 3310 δέ’
1387 3258 1454 3310 Τί
1490 3257 1725 3328 ποιήσω,
1763 3318 1768 3336 Α

1848 3281 1993 3336 gens,
2038 3265 2172 3320 vade
2213 3264 2559 3328 Damascum,
2587 3271 2641 3317 et
2673 3263 2744 3316 ibi
2772 3260 2868 3316 tibi
2902 3260 3114 3315 dicetur
3136 3259 3203 3314 de
3229 3257 3408 3313 omni-

209 3345 376 3414 Κὸριε;
411 3347 465 3400 '0
510 3347 566 3401 δὲ
632 3347 832 3419 Κύριος
861 3343 981 3401 εἷπε
1019 3348 1156 3419 πρδς
1198 3366 1264 3418 με
1289 3363 1306 3380 ·
1353 3347 1614 3411 Ἀναστὰς
1639 3343 1769 3401 *πο-⁷

1844 3359 1944 3412 bus
1975 3374 2094 3427 qua:
2127 3365 2179 3410 te
2202 3365 2449 3425 Oporteat
2480 3354 2681 3408 facere.
2736 3354 2802 3407 Et
2844 3366 2969 3406 cum
3028 3364 3136 3404 non
3169 3349 3404 3402 viderem

211 3439 335 3507 ρεὺου
387 3443 460 3503 εἰς
496 3441 813 3512 Δαμασκὸν,
846 3442 1010 3494 κάκεῖ
1073 3458 1156 3494 σοι
1185 3440 1548 3512 λαληθήσεται
1602 3441 1731 3512 περὶ

1847 3467 1951 3523 prae
1980 3451 2226 3503 claritate
2257 3448 2479 3502 luminis
2511 3446 2679 3510 illius,
2735 3445 2802 3500 ad
2835 3459 3055 3498 manum
3085 3441 3350 3497 deductus
3377 3455 3407 3492 a

208 3533 383 3586 πάντων
414 3528 484 3588 ὧν
513 3534 795 3602 ζτέτακταί
850 3551 930 3586 σοι
961 3534 1202 3603 ποιῆσαι.
1244 3533 1332 3597 Ὦς
1362 3533 1418 3586 δὲ
1477 3535 1577 3587 οὑκ
1634 3536 1734 3588 ἁν-

1128 3551 1202 3587 αι.
1244 3533 1332 3597 Ὠς
1362 3533 1418 3586 δὲ
1477 3535 1577 3587 οὑκ
1634 3536 1734 3588 ἀν·
1844 3539 2156 3600 comitibus,
2190 3538 2309 3592 veni
2341 3535 2688 3589 Damascum.

206 3623 391 3679 ἔϐλεπον
424 3627 527 3680 ἀπὸ
561 3627 666 3696 τῆς
697 3625 851 3696 δόξης
881 3623 972 3678 τοῦ
1003 3624 1178 3694 φωτὸς
1211 3623 1440 3688 ἐκείνου,
1476 3626 1978 3700 χειραγωγούμενος
2039 3628 2142 3681 ὑπὸ
2180 3627 2286 3681 τῶν
2350 3625 2615 3680 συνόντων
2681 3641 2793 3695 μοι,
2862 3619 3025 3695 ἦλθον
3095 3621 3178 3684 είς
3223 3620 3408 3690 Δαμα-

207 3736 324 3775 σκον.

204 3816 314 3882 Περὶ
336 3809 414 3870 ὧν
433 3817 544 3886 ἔφη
575 3820 607 3871 ό
647 3815 928 3879 Ἀνανίας
947 3812 1097 3883 πρὸς
1127 3812 1236 3867 τὸν
1256 3815 1506 3870 Παῦλον
1536 3815 1605 3868 ἐν
1634 3819 1743 3871 Aa-

1850 3813 1916 3868 De
1957 3814 2023 3867 iis
2043 3829 2161 3882 qua:
2189 3812 2441 3866 Damasci
2466 3810 2704 3865 Ananias
2747 3806 2815 3861 ad
2856 3804 3084 3861 Paulum
3110 3805 3284 3870 dixit;
3319 3805 3410 3858 de-

252 3909 442 3974 μασκῷ
459 3926 473 3941 ·
500 3908 804 3974 ὀπτασίας
821 3924 885 3961 τε
901 3908 995 3960 καὶ
1020 3905 1226 3975 φωνῆς
1249 3907 1396 3961 Θεοῦ
1417 3907 1742 3978 γενομένης

1910 3923 2008 3976 qua
2033 3907 2230 3959 visione
2255 3914 2302 3959 et
2337 3920 2457 3959 voce
2490 3903 2581 3958 Dei
2629 3902 2772 3971 facta
2815 3899 2870 3954 in
2917 3896 3106 3967 templo
3135 3913 3154 3952 :
3187 3907 3232 3950 et
3275 3911 3405 3966 quo-

255 3996 313 4048 ἐν
359 3997 433 4064 τῷ
464 3999 596 4068 ἱερῷ
630 4014 642 4028 ·
693 3997 792 4053 καὶ
840 3997 928 4050 ὅτι
977 3996 1224 4066 μέλλων
1275 4000 1308 4052 δ
1349 3999 1593 4064 Παῦλος
1641 4000 1743 4053 ἐπὶ
1807 4065 1810 4068 ς

1905 3997 2058 4052 modo
2079 3996 2306 4067 jamjam
2363 3995 2425 4048 ob
2458 3996 2568 4050 [nec
2623 3991 3001 4056 verberandus,
3028 3989 3117 4043 ubi
3135 4005 3190 4044 se
3220 3986 3411 4043 Roma-

257 4089 468 4157 τούτοις
512 4092 870 4154 τύπτεσθαι,
911 4088 1096 4142 ειπὼν
1152 4089 1239 4143 ὅτι
1281 4090 1563 4159 Ῥωμαῖός
1600 4093 1737 4162 εἰμι,

1064 4106 1096 4142 ν
1152 4089 1239 4143 ὅτι
1281 4090 1563 4159 Ῥωμαῖός
1600 4093 1737 4162 εἰμι,
1910 4107 2034 4145 num
2067 4092 2224 4156 dixit,
2259 4091 2513 4144 liberatus
2535 4089 2624 4142 sit.

257 4180 439 4236 ἀνέθη.

270 4187 380 4237 me
425 4223 439 4236 .

270 4200 496 4340 'Avacia;
543 4275 600 4328 δέ
636 4292 736 4339 τις,
769 4274 908 4344 ἀνὴρ
959 4273 1191 4340 εὐλαϐὴς
1220 4274 1361 4328 κατὰ
1409 4273 1500 4327 τὸν
1547 4275 1732 4345 νόμον,

1914 4266 2078 4331 XXII,
2105 4264 2282 4320 12-22.
2307 4266 2545 4318 Anamas
2563 4271 2738 4317 autem
2755 4260 2995 4333 quidam,
3015 4261 3095 4314 vir
3111 4259 3410 4316 secundum

207 4370 617 4439 μαρτυρούμενος
663 4367 769 4420 ὑπὸ
822 4370 1044 4421 πάντων
1079 4365 1188 4418 τῶν
1221 4366 1622 4419 κατοικούντων
1676 4368 1734 4419 ὲν

1854 4377 2009 4431 .egem
2029 4358 2413 4414 testimonium
2442 4356 2648 4410 habens
2679 4357 2746 4409 ab
2762 4354 3018 4421 omnibus
3051 4352 3414 4430 cohabitanti-

203 4457 442 4530 Δαμασκῷ
483 4461 785 4527 Ἰουδαίων,
843 4459 1012 4514 ἐλθὼν
1045 4459 1180 4532 πρός
1214 4476 1302 4530 με,
1340 4461 1437 4514 καὶ
1485 4459 1732 4524 ἐπιστὰς,

1853 4453 1943 4507 bus
1958 4450 2178 4512 ludatis,
2193 4448 2420 4503 veniens
2442 4449 2507 4500 ad
2535 4461 2620 4501 me
2635 4453 2687 4499 et
2702 4453 2888 4498 astans
2907 4443 3043 4497 dixit
3059 4443 3188 4496 mihi
3211 4458 3228 4497 :
3250 4440 3413 4497 Saule

205 4543 302 4598 εἷπέ
331 4568 448 4619 μοι·
490 4551 670 4605 Σαοὺλ
695 4551 912 4620 ἁδελφὲ,
941 4550 1263 4620 ἀνάϐλεψον.
1302 4550 1470 4618 Καγὼ
1496 4551 1634 4621 αὑτῇ
1667 4552 1732 4621 τῇ

1847 4543 2033 4608 frater,
2060 4542 2293 4612 respice.
2328 4539 2393 4594 Et
2419 4555 2520 4611 ego
2551 4538 2739 4593 eadem
2768 4537 2899 4590 hora
2931 4535 3145 4604 respexi
3175 4534 3230 4588 in
3263 4548 3407 4588 eum.

203 4633 298 4708 ὥρᾳ
324 4640 586 4712 ἀνέϐλεψα
618 4641 698 4705 εἷς
730 4641 914 4695 αὑτὸν.
960 4641 1018 4694 ’0
1063 4639 1118 4693 δὲ
1142 4635 1297 4692 εἶπεν
1319 4654 1335 4669 ⁸
1382 4641 1442 4693 '0
1463 4639 1597 4703 Θεὸς
1629 4639 1736 4692 τῶν

1853 4635 1912 4686 At
1939 4633 2029 4687 ille
2057 4632 2224 4687 dixit:
2270 4630 2414 4685 Deus
2458 4637 2671 4699 patrum
2703 4635 3021 4682 nostrorum
3077 4624 3413 4695 praeordina-

202 4731 421 4800 πατέρων
468 4711 629 4804 ἡμῶν
662 4733 1074 4802 προεχειρίσατό
1115 4748 1173 4784 σε
1204 4731 1406 4798 γνῶναι
1433 4731 1491 4784 τὸ
1525 4730 1739 4801 Θέλημα

1852 4727 1946 4792 vit,
1985 4737 2043 4780 ut
2082 4735 2440 4795 cognosceres
2494 4720 2828 4775 voluntatem
2882 4717 3025 4788 ejus,
3084 4724 3139 4771 et
3188 4711 3412 4770 videres

202 4818 359 4888 αὑτοῦ,
388 4824 476 4876 καὶ
505 4824 638 4878 ἰδεῖν
685 4824 775 4876 τὸν
813 4823 1043 4888 δίκαιον,
1067 4823 1161 4876 κα)⁸
1198 4821 1433 4876 ἀκοῦσαι
1468 4822 1652 4893 φωνὴν
1681 4823 1744 4876 ἐκ

1855 4819 2074 4887 iustum,
2109 4823 2161 4870 et
2201 4813 2420 4868 audires
2475 4827 2663 4866 vocem
2717 4825 2783 4867 ex
2829 4825 2924 4864 ore
2953 4810 3116 4878 ejus;
3145 4809 3269 4879 quia
3305 4807 3415 4862 eris

201 4905 281 4958 τοῦ
307 4910 567 4980 στόματος
615 4910 818 4965 αὐτοῦ’
874 4909 956 4963 ὅτι
1005 4911 1102 4982 ἔσῃ
1138 4912 1345 4980 μάρτυς
1391 4911 1555 4964 αὑτοῦ
1610 4911 1746 4982 πρὸς

1851 4911 2004 4966 testis
2035 4910 2183 4963 illius
2213 4907 2278 4960 ad
2314 4920 2504 4960 omnes
2536 4905 2788 4958 homines
2835 4915 3048 4967 eorum,
3078 4916 3200 4971 qua:
3229 4899 3411 4954 vidisti

204 4985 385 5063 πάντας
414 5003 763 5074 ἀνθρώπους,
819 4995 894 5056 ὧν
929 5002 1182 5072 ἑώρακας
1215 5007 1308 5056 καὶ
1351 5004 1609 5074 ἤκουσας.
1636 5005 1746 5058 Καὶ

1855 5009 1901 5056 et
1934 5000 2158 5055 audisti.
2189 4999 2254 5052 Et
2283 5012 2426 5052 nunc
2463 4996 2594 5066 quid
2627 4994 2909 5049 moraris?
2939 4992 3205 5062 Exsurge,
3237 5000 3288 5046 et
3317 4991 3415 5044 ba-

203 5087 283 5142 νῦν
310 5094 359 5144 τί
400 5097 651 5163 μέλλεις;
680 5094 945 5157 Ἀναστὰς
996 5094 1255 5165 βάπτισαι
1298 5098 1391 5150 καὶ
1448 5097 1742 5150 ἀπόλουσαι

1854 5093 2076 5162 ptizare,
2124 5099 2179 5144 et
2237 5089 2394 5144 ablue
2451 5097 2676 5155 peccata
2725 5094 2840 5147 tua,
2889 5083 3143 5137 invocato
3195 5081 3414 5136 nomine

201 5180 284 5241 τὰς
311 5183 577 5253 ἁμαρτίας
602 5201 719 5244 σου,
752 5178 1216 5250 ἐπικαλεσάμενος
1262 5182 1322 5234 τὸ
1348 5181 1520 5250 ὄνομα
1555 5181 1741 5237 αὑτοῦ.

1853 5184 2043 5253 Ipsius.
2087 5179 2311 5234 Factum
2346 5188 2432 5234 est
2452 5187 2630 5232 autem
2665 5175 2958 5230 revertenti
2993 5173 3123 5227 Inibi
3172 5171 3224 5226 in
3254 5169 3413 5224 Jeru-

213 5269 433 5336 Ἐγένετο
475 5275 531 5326 δέ
567 5289 661 5344 μοι
692 5266 1090 5343 ὑποστρέφοντι
1117 5273 1198 5335 εἰς
1239 5271 1620 5344 Ἰερουσαλὴμ,
1651 5273 1746 5326 καὶ

1853 5275 2040 5339 salem,
2063 5283 2116 5328 et
2140 5273 2315 5328 oranti
2349 5273 2403 5325 in
2433 5271 2652 5340 templo,
2671 5267 2784 5322 ﬁeri
2820 5281 2904 5320 me
2926 5267 2979 5319 in
3014 5271 3237 5334 stupore
3261 5277 3413 5317 tuen-

203 5366 600 5435 προσευχομένῳ
642 5382 730 5434 μοι
789 5366 848 5417 ἐν
875 5363 954 5434 τῷ
995 5363 1146 5436 ἱερῷ,
1188 5364 1442 5432 γενέσθαι
1470 5381 1537 5433 με
1575 5365 1632 5417 ὲν
1657 5367 1746 5417 ἐκ·

1853 5366 2004 5430 tis,et
2033 5365 2212 5418 videre
2237 5363 2385 5417 illurn
2402 5362 2668 5416 dicentem
2696 5359 2823 5412 mihi
2850 5375 2864 5410 :
2889 5357 3130 5419 Festina,
3153 5358 3296 5412 etexi
3319 5371 3413 5412 ve-

204 5455 390 5519 στάσει,
432 5461 528 5510 καὶ
575 5459 705 5511 ιδεῖν
750 5457 911 5511 αὑτὸν
934 5457 1163 5526 λέγοντά
1215 5472 1304 5527 μοι
1330 5471 1345 5486 °
1377 5456 1619 5510 Σπεῦσον
1654 5456 1747 5508 καὶ

1856 5458 2112 5513 locitercx
2135 5457 2452 5518 Jerusalem,
2475 5455 2730 5524 quoniam
2756 5469 2862 5506 non
2891 5451 3152 5521 recipient
3173 5451 3416 5506 testimo-

202 5543 364 5609 ἔξελθε
396 5552 453 5603 ὲν
487 5553 644 5621 τάχει
679 5551 741 5615 ἐξ
779 5550 1136 5621 Ἰερουσαλήμ
1159 5565 1174 5579 ·
1210 5548 1346 5602 διότι
1396 5550 1457 5602 οὑ
1514 5549 1749 5619 παραδέ-

1852 5551 1999 5604 nium
2031 5560 2179 5604 tuum
2206 5549 2393 5603 deme.
2417 5548 2475 5602 Et
2499 5562 2598 5615 ego
2623 5546 2736 5600 dixi
2763 5564 2776 5600 :
2807 5545 3175 5615 Domine,ipsi
3208 5545 3412 5609 sciunt,

204 5634 362 5700 ξονταί
387 5659 477 5694 σου
507 5644 608 5711 τὴν
643 5641 956 5713 μαρτυρίαν
985 5643 1112 5712 περὶ
1147 5639 1305 5711 ἐμοῦ.
1339 5639 1510 5709 Κάγὼ
1561 5635 1744 5694 εἷπον

1857 5643 1972 5714 quia
1999 5658 2098 5712 ego
2123 5658 2271 5697 eram
2295 5639 2692 5700 concludensin
2716 5653 2991 5693 carcerem
3005 5647 3058 5694 et
3081 5638 3296 5695 caedens
3322 5652 3417 5708 per

205 5729 378 5801 Κύριε,
406 5737 558 5789 αὐτοὶ
598 5738 916 5790 ἐπίστανται
962 5735 1045 5787 ὅτι
1095 5734 1205 5803 ἐγὼ
1235 5735 1384 5806 ήμην
1432 5732 1747 5802 φυλακίζων

1858 5749 2149 5807 synagogas
2183 5748 2278 5787 eos
2305 5733 2394 5802 qui
2420 5731 2783 5801 credebantﬁn
2813 5739 2866 5785 te
2893 5739 2979 5784 :et
3007 5744 3130 5785 cum
3162 5731 3418 5786 fundere-

206 5824 290 5876 καὶ
328 5825 495 5895 δέρων
543 5827 684 5880 κατά
728 5826 829 5890 τὰς
870 5824 1190 5896 συναγωγὰς
1236 5825 1361 5889 τοὺς
1389 5823 1744 5889 πιστεύοντας

1859 5841 1938 5881 tur
1958 5828 2181 5896 sanguis
2211 5824 2467 5894 Stephani
2494 5825 2651 5879 testis
2675 5824 2778 5887 tui.
2808 5838 2910 5894 ego
2925 5825 3196 5888 astabam,
3223 5835 3274 5879 et
3293 5837 3419 5878 con-

206 5915 284 5966 ἐπὶ
312 5918 366 5968 σὲ
391 5936 404 5948 ·
461 5921 555 5973 καὶ
618 5922 702 5974 ὅτε
731 5921 1012 5991 ὲξεχὺνετο
1055 5921 1117 5973 τὸ
1167 5914 1308 5990 αἷμα
1349 5918 1621 5989 Στεφάνου
1649 5917 1741 5971 τοῦ

1853 5919 2141 5974 sentiebam
2175 5927 2228 5972 et
2269 5916 2642 5973 cusmdicbam
2709 5917 3028 5972 vestimenta
3079 5916 3413 5971 interﬁcien-
