3950 6622
235 484 374 548 10:29

829 460 1370 542 EXPOSITIONIS
1409 474 1716 541 IN‘ACTA
1746 476 2048 540 TEXTUS
2079 475 2351 538 ALTER.
2387 502 2455 513 -·-
2481 473 2637 536 CAP.
2674 475 2901 536 XXIII.

3369 470 3506 536 1030

229 591 364 664 οις·]
418 591 730 665 Φαρισαῖοι,
782 589 1154 656 Σαδδουκαῖοι,
1183 589 1280 642 καὶ
1343 589 1611 660 Ἐσσηνοί.
1671 582 1832 642 Οὗτοι

1945 588 2023 656 [ιιιί
2056 586 2289 642 sicarios
2315 600 2478 642 uuam
2506 600 2571 641 ex
2594 583 2910 639 Iudaeorum
2939 582 3105 639 sectis
3127 597 3249 640 esse
3295 593 3504 655 putent-

227 685 318 739 τὸν
343 684 460 755 βίον
501 682 830 753 σεμνότερον
858 680 1108 746 ἀσκοῦσι,
1163 680 1482 750 φιλάλληλοι
1525 679 1682 743 ὄντες
1728 680 1827 734 καὶ

229 775 551 844 ἐγκρατεῖς
581 771 661 824 διὸ
701 770 796 824 καὶ
827 770 1080 839 Ἐσσηνοὶ
1107 769 1626 841 προσαγορεύονται,
1659 770 1827 840 ἧτουν

230 869 394 921 ὅσιοι.
451 866 639 919 Ἀλλοι
662 865 718 918 δὲ
767 862 964 925 αὐτοὺς
1002 861 1286 931 σικαρίους
1329 863 1620 926 ἐκάλεσαν,
1664 863 1829 932 ἦτουν

231 958 504 1029 ζηλωτάς.
550 976 568 1008 ι
594 958 654 1010 Εἰ
696 955 985 1026 ἄνθρωπον
1018 953 1309 1024 Ῥωμαῖον.
1349 972 1368 1005 ι
1407 954 1523 1007 Οὐκ
1561 951 1830 1022 ἔψεύσατο

232 1051 449 1112 Παῦλος
487 1049 760 1118 Ῥωμαῖον
791 1047 983 1100 ἑαυτὸν
1047 1045 1313 1110 καλέσας,
1351 1045 1535 1099 καίτοι
1575 1044 1831 1106 Ἰουδαῖος

232 1144 524 1213 ὑπάρχων,
564 1141 640 1203 ὡς
672 1142 768 1194 καὶ
800 1141 959 1202 αὐτὸς
999 1139 1106 1209 πρὺ
1152 1137 1332 1206 ὀλίγου
1375 1135 1503 1206 ἔφη.
1551 1135 1685 1189 Ἀπὸ
1721 1135 1829 1205 γάρ

242 1234 534 1305 Ἀδριανοῦ
566 1233 765 1304 συνέϐη
795 1234 1007 1297 πάντας
1032 1227 1176 1286 εῖναι
1215 1227 1544 1300 Ῥωμαίους.
1570 1227 1830 1296 Μεγάλην

233 1328 347 1398 γάρ
393 1324 540 1397 εἶχον
581 1326 708 1378 τότε
748 1324 1008 1396 πρόνοιαν
1058 1322 1109 1375 οἱ
1163 1320 1341 1384 οῦτως
1376 1318 1692 1390 ἀξιούμενοι
1725 1336 1826 1372 κα-

231 1419 471 1473 λεῖσθαι.
509 1417 682 1472 Τοῦτο
702 1417 758 1470 δέ
786 1433 971 1487 φησιν,
1005 1416 1094 1469 ἶνα
1121 1415 1196 1486 μὴ
1241 1412 1583 1484 μαστιχθεὶς,
1607 1413 1833 1466 εὐκαταο

231 1514 508 1584 φρόνητος
555 1510 800 1580 γένηται.
852 1507 914 1561 Εἰ
969 1508 1078 1578 γὰρ
1133 1505 1460 1578 ὲμάστιξαν,
1514 1505 1611 1558 καὶ
1689 1520 1833 1575 παρο

232 1601 481 1670 ἔτρεψαν
523 1599 590 1653 ἂν
628 1599 690 1652 τὸ
722 1599 976 1669 πρᾶγμα,
1007 1597 1098 1650 καὶ
1133 1595 1460 1648 ἀπέκτειναν
1487 1593 1673 1646 αὐτόν.
1717 1592 1832 1645 Νῦν

229 1691 314 1756 δὲ,
347 1693 400 1744 εξ
439 1693 533 1744 καὶ
572 1689 592 1762 [
624 1691 702 1761 μὴ
735 1688 854 1760 ]·δι’
886 1689 1093 1758 ἕτερον,
1125 1685 1262 1740 ἀλλά
1301 1701 1362 1752 γε
1395 1684 1483 1737 διὰ
1537 1683 1717 1748 τοῦτο,
1771 1683 1831 1736 ού

233 1783 534 1852 μόνονούκ
578 1780 898 1853 ὲμάστιξαν,
947 1779 1084 1834 ἀλλὰ
1124 1779 1220 1833 καὶ
1257 1777 1555 1832 ἀπέλυσαν.
1615 1793 1635 1828 ι
1685 1776 1746 1831 '0
1776 1775 1834 1830 se

232 1871 455 1934 Παῦλος
486 1869 614 1940 ἔφη.
658 1889 678 1922 ι
713 1870 996 1924 Δείκνυσιν
1034 1862 1130 1922 οὖν
1173 1868 1203 1920 6
1243 1866 1478 1932 Παῦλος,
1528 1866 1609 1920 ὅτι
1655 1866 1752 1921 καὶ
1806 1866 1836 1920 6

1936 676 2074 734 Tres
2131 677 2282 733 enim
2342 685 2475 733 sunt
2535 676 2820 748 generales
2883 675 3006 745 ejus
3059 677 3242 746 gentis
3289 685 3506 730 sectae:

1931 785 2128 841 nempe
2168 768 2455 838 Pharisaei,
2495 768 2856 825 Sadducaeiet
2884 768 3100 824 Esseni.
3160 765 3253 823 Isti
3295 769 3508 825 caeteris

1932 865 2309 920 honestiorem
2340 864 2510 919 vitam
2538 863 2770 927 ducunt,
2808 877 2874 918 ac
2907 873 3100 918 mutuo
3149 879 3207 920 se
3249 864 3507 936 diligunt,

1931 965 1988 1009 et
2017 954 2416 1010 continentiam
2461 955 2672 1009 colunt.
2706 953 2888 1020 Quare
2919 953 3107 1011 Esseni
3143 955 3506 1026 appellantur,

1931 1048 2092 1116 quasi
2123 1045 2254 1111 osii,
2283 1046 2336 1100 id
2367 1054 2454 1101 est
2481 1047 2681 1112 sancti,
2704 1061 2842 1116 quos
2881 1047 2971 1102 alii
3018 1048 3248 1103 sicarius
3279 1056 3505 1111 vocant,

1932 1138 2037 1193 hoc
2086 1147 2192 1203 est,
2223 1141 2449 1193 zelotas.
2487 1155 2507 1187 ι
2547 1135 2603 1191 Si
2645 1136 2920 1192 hominem
2975 1137 3302 1193 Romanum.
3336 1158 3356 1191 ι
3389 1138 3504 1193 Non

1934 1231 2127 1300 utique
2149 1230 2520 1286 mentiebatur
2564 1228 2766 1285 Paulus
2796 1244 2921 1284 sese
2957 1228 3269 1285 Romanum
3323 1231 3509 1301 appel-

1934 1321 2078 1386 lans,
2116 1320 2334 1375 tametsi
2379 1318 2602 1375 Iudaeus
2623 1327 2787 1383 esset,
2833 1326 2894 1373 ut
2925 1320 3048 1389 ipse,
3076 1321 3235 1389 paulo
3268 1329 3395 1374 ante
3423 1319 3509 1372 di-

1934 1417 2107 1466 xerat.
2138 1409 2270 1464 Nam
2305 1410 2372 1464 ab
2405 1409 2632 1464 Adriani
2667 1417 2912 1479 tempore
2940 1406 3194 1479 contigit,
3226 1419 3284 1464 ut
3316 1426 3509 1465 omnes

1933 1510 2127 1558 essent
2175 1500 2449 1568 Romani;
2487 1515 2686 1572 magna
2719 1504 2866 1556 enim
2911 1500 3054 1554 ratio
3086 1502 3304 1555 illorum
3342 1503 3511 1555 hahe-

1934 1593 2116 1659 batur,
2144 1595 2235 1664 qui
2275 1594 2414 1650 hanc
2444 1595 2676 1664 gratiam
2704 1594 2988 1649 consecuti
3009 1601 3186 1655 erant,
3231 1604 3285 1646 ut
3321 1594 3391 1647 ita
3423 1610 3513 1664 ap-

1934 1685 2126 1756 pellari
2161 1696 2411 1757 possent.
2443 1687 2556 1743 lloc
2576 1698 2760 1744 autem
2815 1689 3037 1744 dicebat
3093 1687 3416 1754 Paulusne,
3467 1692 3512 1742 si

1935 1777 2166 1850 ﬂagellis
2197 1780 2518 1842 czederetur,
2565 1781 2622 1835 in
2663 1789 3037 1851 contemptum
3071 1780 3233 1836 facile
3285 1783 3512 1836 veniret.

1938 1871 2000 1927 Et
2033 1872 2252 1944 quidem
2303 1874 2348 1929 si
2384 1873 2751 1943 ﬂagellasseut
2801 1891 2950 1942 eum,
3013 1885 3067 1930 et
3126 1891 3240 1930 rem
3296 1890 3512 1929 omnem

230 1963 428 2034 πατὴρ
451 1962 615 2015 αὐτοῦ
651 1961 921 2032 Ῥωμαῖος
954 1956 1044 2032 ἦν.
1093 1961 1137 2014 Π
1148 1960 1208 2031 96
1241 1960 1354 2030 γάρ
1380 1957 1478 2013 τοῦ
1501 1959 1829 2030 γεννηθῆναι

1945 1973 2250 2033 pervertere
2301 1965 2637 2036 potuissent,
2677 1980 2744 2020 ac
2795 1967 2961 2020 etiam
3020 1982 3144 2020 eum
3185 1965 3512 2020 interficere.

230 2056 332 2110 τὸν
366 2054 596 2120 Παῦλον,
620 2053 996 2124 γεγενημένης
1026 2056 1127 2121 τῆς
1149 2051 1406 2116 Κιλικίας
1438 2052 1547 2105 ὑπὸ
1595 2051 1834 2122 Ῥωμαί-

232 2167 360 2216 ους,
392 2149 610 2218 ἀνάγκη
643 2147 744 2200 καὶ
767 2145 948 2211 αὐτὸν,
979 2144 1056 2209 ὼς
1095 2145 1228 2198 ὄντα
1273 2143 1363 2198 ὑπ’
1417 2143 1636 2208 αὐτοὺς,
1697 2143 1831 2195 Ῥω-

237 2244 406 2312 μαῖον
430 2240 591 2295 εἶναι.
621 2240 772 2302 Τέως
790 2238 846 2292 δὲ
871 2236 1017 2292 κατὰ
1038 2237 1136 2308 τὴν
1158 2235 1499 2308 προφητείαν
1529 2234 1831 2305 ἐδημεύθη

235 2335 300 2386 ὲν
348 2331 728 2405 Ἰερουσαλήμ.
765 2330 831 2384 Τί
862 2329 955 2384 οῦν
989 2329 1096 2383 ἀπὸ
1143 2328 1338 2382 τούτου
1369 2326 1612 2396 γίνεταις
1650 2326 1835 2389 Λύσας

234 2426 562 2493 κατήγαγεν
608 2424 770 2477 αὐτὸν
842 2421 980 2492 πρὸς
1025 2419 1153 2484 τοὺς
1208 2419 1516 2480 Ἰουδαίους.
1559 2419 1674 2472 Οὐκ
1724 2419 1834 2488 ἄρα

234 2516 448 2585 ψεῦδος
473 2511 561 2587 ἦν,
594 2516 675 2568 ὅτι
715 2513 984 2584 Ῥωμαῖος
1019 2507 1109 2583 ἦν.
1157 2529 1177 2562 ι
1223 2509 1497 2581 Ἐφοϐήθη
1553 2510 1684 2580 γὰρ,
1734 2525 1838 2579 φη-

239 2610 356 2672 σὶν,
408 2611 439 2662 ὁ
486 2608 783 2678 χιλίαρχος,
847 2605 1104 2672 ἐπιγνοὺς
1159 2605 1241 2657 ὅτι
1303 2601 1576 2672 Ῥωμαῖός
1638 2603 1774 2667 ἐστι,
1811 2618 1830 2651 ι

238 2701 534 2754 τουτέστιν
582 2698 956 2768 ἀξιωματικοῦ
997 2697 1190 2766 γένους
1223 2697 1373 2752 ὄντα.

1935 2051 2093 2110 Nunc
2123 2069 2273 2122 vero,
2327 2055 2412 2110 sin
2446 2055 2518 2110 ob
2567 2055 2755 2121 aliam,
2786 2065 2936 2110 certe
2971 2056 3041 2110 ob
3068 2057 3229 2110 istam
3271 2069 3513 2118 causam,

1937 2162 2046 2202 non
2076 2148 2254 2202 solum
2293 2163 2398 2202 non
2426 2147 2858 2215 ﬂagellaverunt,
2890 2148 2985 2202 sed
3015 2148 3179 2202 etiam
3219 2161 3248 2199 a
3279 2145 3515 2200 vinculis

1938 2237 2242 2291 solverunt.
2292 2254 2310 2288 ι
2348 2236 2558 2292 Paulus
2595 2237 2692 2291 ait.
2746 2255 2766 2288 ι
2815 2236 3025 2291 Iudicat
3079 2235 3305 2303 Paulus,
3347 2233 3517 2289 etiam

1939 2337 2152 2398 patrem
2201 2343 2361 2384 suum
2422 2328 2729 2383 Romanum
2785 2327 2976 2383 fuisse.
3020 2327 3326 2397 Antequam
3373 2326 3518 2381 enim

1941 2419 2146 2474 Paulus
2170 2429 2515 2488 nasceretur,
2543 2435 2667 2476 cum
2694 2421 2885 2476 Cilicia
2909 2418 3168 2476 Romana:
3192 2416 3416 2473 ditionis
3440 2415 3521 2470 fa-

1941 2520 2030 2566 cta
2064 2520 2233 2577 esset~,
2280 2528 2508 2568 necesse
2555 2512 2660 2568 fuit
2719 2521 2779 2567 ut
2840 2512 2886 2568 is
2940 2512 3127 2577 etiam,
3181 2519 3367 2580 utpote
3413 2508 3522 2563 illis

1942 2601 2252 2670 subjectus,
2305 2605 2588 2659 Romanus
2632 2613 2800 2659 esset.
2844 2603 3068 2659 Interim
3123 2612 3328 2667 tamen,
3362 2599 3518 2670 juxta

1943 2695 2116 2766 Agabi
2155 2696 2513 2765 pmphetiam,
2541 2697 2794 2767 alligatus
2825 2704 2909 2751 est
2941 2695 2994 2749 in
3019 2693 3344 2750 Jerusalem.
3379 2691 3519 2758 Quid

245 2805 443 2862 postea
475 2791 962 2864 contigit?'Solvit
1017 2793 1144 2845 eum
1195 2790 1452 2844 tribunus
1484 2797 1539 2843 et
1567 2787 1725 2844 duxit
1759 2786 1827 2841 ad
1865 2785 2104 2844 Iudaeos.
2139 2787 2280 2845 Vere
2329 2789 2516 2860 itaque
2583 2787 2786 2844 Paulus
2832 2787 3115 2842 Romanus
3181 2793 3320 2840 erat.
3369 2801 3388 2834 ι
3429 2781 3522 2836 Ti—

260 2884 410 2938 muit
475 2883 646 2947 enim,
706 2883 908 2952 inquit,
970 2881 1225 2936 tribunus
1281 2889 1573 2951 postquam
1653 2877 1900 2947 rescivit,
1941 2880 2069 2949 quia
2116 2880 2254 2936 civis
2320 2879 2624 2949 Romanus,
2675 2899 2695 2934 »
2756 2879 2862 2935 hoc
2911 2889 2995 2934 est
3053 2876 3254 2933 nobilis
3299 2887 3520 2947 genere,

244 2989 394 3034 erat.

673 3073 758 3144 Τῇ
793 3073 846 3127 δ’
893 3072 993 3142 τῆς
1023 3069 1076 3135 ζ’
1111 3069 1424 3142 ἑϐδομάδος.

858 3162 1249 3218 KEIMENON.

2258 3071 2414 3127 Feria
2458 3071 2492 3127 4
2548 3071 2903 3127 liebdomada:
2943 3070 3211 3142 septimae.

2580 3161 2884 3219 TEXTUS.

337 3257 616 3319 Ἀτενίσας
658 3256 714 3310 δὲ
763 3257 793 3309 6
829 3254 1042 3318 Παῦλος
1094 3257 1154 3308 ἐν
1193 3252 1272 3324 τῷ
1329 3251 1592 3323 συνεδρίῳ
1645 3246 1834 3305 εἶπενο

2010 3251 2200 3321 XXIII,
2239 3257 2320 3310 l-l
2341 3258 2384 3323 l,
2405 3257 2694 3312 Iutendens
2716 3267 2894 3310 autem
2925 3254 3284 3311 inconcilium
3299 3251 3522 3323 Paulus,

253 3350 492 3420 ’Ἄνδρες
525 3347 766 3415 ἀδελφοὶ,
808 3346 920 3414 ἐγὼ
941 3346 1089 3416 πάσῃ
1115 3345 1418 3415 συνειδήσει
1465 3342 1642 3414 ἀγαθῇ
1669 3359 1838 3395 πεπο·

252 3444 514 3512 λίτευμαι
572 3440 649 3510 τῷ
699 3438 820 3509 Θεῷ
857 3440 984 3509 ἄχρι
1013 3437 1217 3508 ταύτης
1255 3436 1356 3507 τῆς
1399 3436 1633 3507 ἡμέρας.
1677 3434 1738 3488 '0
1782 3435 1839 3488 δὲ

251 3533 552 3606 ἀρχιερεὺς
581 3530 830 3592 Ἀνανίας
857 3527 1086 3592 ἐπέταξε
1119 3530 1232 3590 τοῖς
1283 3525 1632 3597 παρεστῶσιν
1669 3522 1837 3594 αὐτῷ,

251 3628 490 3679 τύπτειν
517 3623 682 3677 αὑτοῦ
711 3623 771 3676 τὸ
803 3623 996 3691 στόμα.
1025 3621 1160 3675 Τότε
1191 3623 1220 3675 6
1243 3620 1454 3683 Παῦλος
1498 3617 1635 3689 πρὸς
1681 3617 1841 3670 αὐτὸν

255 3714 414 3771 εἷπε·
453 3715 690 3768 Τύπτειν
723 3730 782 3766 σε
815 3712 998 3783 μέλλει
1026 3713 1056 3764 6
1089 3711 1240 3775 Θεὸς,
1279 3711 1426 3780 τοῖχε
1465 3708 1840 3778 κεκονιαμένε.

256 3809 371 3860 Καὶ
391 3808 457 3859 σὺ
496 3805 640 3876 κάθῃ
665 3803 863 3874 κρίνων
892 3818 958 3872 με
1018 3801 1161 3854 κατά
1192 3801 1285 3855 τὸν
1316 3800 1502 3869 νόμον,
1544 3799 1640 3852 καὶ⁸
1662 3813 1845 3869 παρά-

257 3899 447 3968 νομὼν
488 3897 729 3960 κελεύεις
794 3911 861 3965 με
883 3893 1223 3960 τύπτεσθαι;
1288 3893 1352 3945 Ol
1385 3891 1443 3944 δὲ
1496 3889 1847 3960 παρεστῶτες

257 3988 419 4045 εἷπον
450 3990 528 4060 τῷ
551 3987 747 4059 Παύλῳ
770 4003 785 4018 ⁶
823 3988 928 4040 Τὸν
961 3985 1221 4057 ἀρχιερέα
1246 3984 1342 4038 τοῦ
1381 3982 1517 4037 Θεοῦ
1547 3983 1844 4052 λοιδορεῖςς

263 4086 413 4155 Ἔφη
431 4099 491 4135 τε
517 4083 546 4135 6
570 4081 774 4143 Παῦλος
797 4095 813 4110 ο
847 4080 960 4133 Οὐκ
989 4079 1156 4149 ᾔδειν,
1188 4076 1428 4146 ἀδελφοὶ,
1454 4077 1534 4129 ὅτι
1560 4072 1850 4144 ἀρχιερεύς

261 4178 402 4229 ἐστι.
452 4173 765 4243 Γέγραπται
809 4172 936 4240 γὰρ,
970 4173 1077 4234 ὅτι,
1110 4169 1382 4239 ’Ἄρχοντα
1428 4165 1524 4218 τοῦ
1567 4164 1700 4217 λαοῦ
1754 4179 1849 4215 σου

260 4270 364 4321 οὐκ
399 4268 545 4337 ἐρεῖς
571 4264 776 4327 κακῶς.
806 4263 972 4324 Γνοὺς
999 4261 1058 4314 δὲ
1101 4263 1128 4314 6
1165 4259 1375 4322 Παῦλος
1398 4257 1481 4311 δτι
1508 4257 1569 4310 τὸ
1597 4254 1655 4307 ἓν
1684 4254 1852 4324 μέρος

265 4362 386 4413 ἐστὶ
423 4357 820 4423 Σαδδουκαίων,
848 4356 907 4408 τὺ
934 4354 992 4407 δὲ
1018 4355 1202 4424 ἕτερον
1239 4350 1571 4422 Φαρισαίων,
1622 4344 1852 4414 ἔκραξεν

264 4455 322 4505 ὲν
367 4452 448 4522 τῷ
487 4448 774 4519 συνεδρίῳ·
827 4445 1053 4518 ’Ἄνδρες
1094 4442 1336 4510 ἀδελφοὶ,
1387 4437 1498 4506 ἐγὼ
1560 4434 1854 4505 Φαρισαῖός

265 4545 408 4613 ειμι,
432 4542 543 4606 υίὸς
573 4539 866 4612 Φαρισαίου
892 4555 906 4569 ⁸
937 4537 1066 4606 περ)⁸
1111 4534 1326 4595 ἐλπίδος
1375 4531 1469 4583 καὶ
1507 4527 1855 4588 ἀναστάσεως

1942 3347 2017 3401 ait
2047 3366 2058 3401 :
2092 3348 2203 3402 Viri
2226 3349 2445 3416 fratres,
2479 3366 2579 3424 ego
2604 3350 2753 3405 omni
2778 3349 3113 3405 conscientia
3133 3349 3275 3405 bona
3297 3362 3524 3404 conver-

1941 3450 2095 3497 s.itus
2114 3457 2234 3497 sum
2257 3452 2382 3497 ante
2393 3441 2581 3508 Deum,
2598 3442 2834 3513 usquein
2852 3441 3175 3496 hodiernum
3189 3441 3351 3496 diem.
3369 3438 3526 3496 Prin-

1942 3547 2070 3603 ceps
2089 3541 2270 3589 autem
2303 3534 2651 3589 sacerdotum
2681 3531 2921 3588 Ananias
2939 3533 3196 3604 praecepit
3217 3531 3529 3588 astantibus

1945 3625 2046 3681 sibi
2072 3633 2428 3695 percutereos
2439 3625 2578 3697 ejus.
2597 3624 2966 3682 TnncPaulus
2985 3625 3121 3680 dixit
3137 3624 3203 3679 ad
3221 3639 3376 3680 eum:
3398 3622 3528 3679 Pcr-

1947 3721 2122 3774 cutiet
2154 3728 2205 3773 te
2235 3717 2402 3784 Deus,
2424 3719 2606 3787 paries
2630 3698 2904 3775 dealbate.
2945 3717 3011 3771 Et
3041 3727 3095 3770 tu
3145 3717 3343 3772 sedens
3368 3715 3526 3786 judi-

1948 3823 2041 3864 cas
2066 3823 2152 3862 me
2187 3807 2490 3864 secundum
2515 3807 2710 3878 legem,
2743 3817 2796 3864 et
2826 3815 3017 3862 contra
3046 3807 3217 3877 legem
3251 3805 3410 3874 iubes
3439 3821 3529 3862 me

1952 3900 2209 3970 percuti?
2235 3901 2303 3954 Et
2347 3900 2442 3970 qui
2488 3900 2728 3967 stabant,
2781 3899 3042 3956 dixerunt
3073 3916 3086 3952 :
3117 3897 3400 3954 Summum
3436 3913 3528 3954 sa-

1949 3992 2229 4048 cerdotem
2271 3991 2437 4064 299
2467 3991 2563 4048 Dei
2599 3990 2934 4049 maledicis?
2965 3991 3113 4046 Dixit
3162 3999 3346 4047 autem
3379 3989 3529 4044 Pau-

1951 4081 2038 4138 lus
2071 4102 2084 4138 :
2117 4083 2462 4146 Nesciebam,
2498 4083 2726 4150 fratres,
2795 4083 2924 4155 quia
2957 4085 3211 4155 princeps
3240 4094 3320 4138 est
3349 4097 3533 4139 sacer-

1951 4171 2163 4227 dotum.
2210 4163 2487 4244 Scripium
2519 4185 2604 4230 est
2643 4175 2793 4230 enim
2834 4191 2848 4230 :
2895 4173 3200 4244 Principem
3234 4173 3418 4244 populi
3450 4171 3530 4226 tui

1943 4279 2063 4320 non
2106 4266 2420 4322 maledices.
2482 4267 2677 4322 Sciens
2725 4276 2908 4321 autem
2965 4265 3190 4329 Paulus,
3243 4265 3372 4334 quia
3419 4281 3532 4320 una

1953 4371 2082 4426 pars
2126 4365 2275 4412 esset
2334 4357 2766 4437 Sadducaeorum
2806 4367 2860 4412 et
2891 4356 3064 4411 altera
3103 4354 3531 4423 Pharisaeorum,

1953 4448 2279 4504 exclamavit
2305 4449 2356 4502 in
2385 4449 2621 4503 concilio
2654 4467 2667 4504 :
2702 4446 2819 4502 Viri
2852 4449 3071 4510 fratres,
3095 4462 3194 4518 ego
3219 4445 3532 4502 Pharisaeus

1956 4555 2124 4604 sum,
2158 4540 2301 4596 filius
2361 4539 2650 4602 Pharistei;
2692 4539 2760 4594 de
2827 4554 2924 4609 spe
2985 4546 3039 4592 et
3126 4536 3532 4592 resurrectione

265 4633 482 4706 νεκρῶν
535 4631 644 4700 ἐγὼ
687 4631 967 4702 κρίνομαι.
1032 4626 1201 4680 Τοῦτο
1243 4625 1299 4678 δὲ
1360 4620 1528 4675 αὐτοῦ
1578 4620 1842 4684 εἰπόντος¹

1957 4639 2296 4685 mortuorum
2325 4644 2425 4699 ego
2454 4627 2696 4693 judicor.
2733 4627 2944 4683 Etcum
2968 4627 3085 4683 haec
3111 4625 3362 4690 dixisset,
3389 4625 3530 4680 facta

267 4727 491 4796 ἐγένετο
540 4727 725 4786 στάσις
777 4722 885 4775 τῶν
937 4715 1310 4772 Σαδδουκαίων
1372 4714 1467 4766 καὶ
1518 4709 1849 4784 Φαρισαίων,

268 4821 365 4890 καὶ
395 4816 621 4888 ἐσχίσθη
641 4815 702 4868 τὸ
730 4813 955 4884 πλῆθος.
987 4809 1328 4863 Σαδδουκαῖοι
1352 4805 1450 4878 μὲν
1474 4802 1584 4873 γάρ
1611 4801 1853 4870 λέγουσι,

271 4909 350 4980 μὴ
385 4903 526 4961 εἶναι
572 4904 887 4967 ἀνάστασιν,
933 4900 1069 4970 μήτε
1119 4898 1374 4966 ἄγγελον,
1413 4895 1551 4965 μήτε
1599 4891 1853 4961 πνεῦμα·

265 4999 556 5070 Φαρισαῖοι
595 4997 652 5049 δὲ
690 4992 1012 5065 ὁμολογοῦσι
1042 4991 1113 5043 τὰ
1147 4989 1454 5059 ἀμφότερα.
1519 4983 1770 5052 Ἐγένετο
1795 4980 1852 5034 δὲ

271 5089 495 5160 κραυγὴ
545 5085 756 5159 μεγάλη
783 5102 796 5114 ο
839 5086 933 5136 καὶ
962 5080 1293 5143 ἀναστάντες
1327 5077 1473 5141 τινὲς
1515 5077 1626 5129 τῶν
1669 5073 1856 5145 Γραμο

275 5181 497 5253 ματέων
559 5177 652 5233 τοῦ
714 5177 911 5248 μέρους
977 5173 1086 5227 τῶν
1149 5168 1457 5242 Φαρισαίων
1510 5165 1854 5237 διεμάχοντο,

271 5272 526 5339 λέγοντες
547 5287 563 5303 ο
596 5268 764 5322 esset.
808 5265 974 5320 κακὸν
1009 5263 1336 5334 εὑρίσκομεν
1378 5263 1438 5314 ὲν
1466 5260 1545 5332 τῷ
1585 5258 1857 5330 ἀνθρώπῳ

272 5363 488 5432 τούτῳο
531 5363 580 5415 εί
627 5361 684 5414 δὲ
736 5356 952 5428 πνεῦμα
1002 5354 1264 5424 ἐλάλησεν
1312 5353 1482 5424 αὐτῷ,
1530 5352 1566 5423 ἢ
1608 5351 1857 5419 ἄγγελος,

275 5455 356 5526 μὴ
411 5451 793 5523 θεομάχῶμεν.
860 5447 1065 5520 Πολλῆς
1113 5446 1171 5500 δὲ
1231 5444 1532 5516 γενομένης
1595 5444 1858 5510 στάσεως,

277 5544 541 5614 φοὸηθεὶς
589 5544 617 5594 6
671 5543 950 5612 χιλίαρχος
995 5542 1069 5611 μὴ
1099 5536 1405 5606 διασπασθῇ
1458 5537 1487 5588 6
1531 5533 1739 5597 Παῦλος
1765 5534 1859 5587 ὑπ’

279 5635 489 5697 αὐτῶν,
517 5633 766 5686 ἐκέλευσε
799 5633 861 5685 τὸ
907 5632 1220 5702 στράτευμα
1248 5626 1575 5696 καταϐῆναι,
1617 5627 1711 5678 καὶ
1752 5625 1858 5696 άρο

281 5728 452 5781 πᾶσαι
483 5727 643 5780 αὐτὸν
672 5729 736 5780 ὲκ
766 5726 930 5796 μέσου
962 5723 1160 5790 αὐτῶν,
1188 5722 1343 5790 ἄγειν
1384 5737 1441 5773 τε
1479 5720 1557 5784 είς
1587 5718 1686 5790 τὴν
1721 5735 1861 5790 τιαρ-

275 5819 542 5890 εμὸολήν.
606 5819 686 5889 Τῇ
746 5819 804 5871 δὲ
869 5815 1097 5886 ἐπιούσῃ
1153 5815 1312 5868 νυκτὶ
1357 5815 1585 5875 ἐπιστὰς
1640 5811 1788 5882 αὐτῷ
1832 5814 1862 5865 6

277 5912 510 5984 Κύριος,
555 5905 676 5964 εἷπε
700 5926 714 5942 ·
761 5908 986 5980 Θάρσει,
1015 5906 1192 5960 Παῦλε
1219 5922 1232 5936 ·
1271 5906 1345 5968 ὡς
1381 5905 1488 5974 γάρ
1512 5903 1860 5975 διεμαρτύρω

1958 4729 2042 4776 est
2077 4720 2356 4776 dissensio
2395 4719 2541 4774 inter
2586 4718 2898 4775 Pharisaeos
2951 4727 3007 4775 et
3067 4717 3422 4796 Sadducgeos,
3479 4727 3534 4772 et

1957 4814 2136 4872 soluta
2174 4821 2260 4868 est
2311 4811 2627 4867 multitudo.
2681 4811 2965 4867 Sadducmi
3028 4810 3175 4866 enim
3203 4809 3392 4864 dicunt
3421 4823 3532 4863 non

1956 4921 2082 4962 esse
2103 4904 2581 4968 resurrectionem,
2614 4918 2791 4974 neque
2836 4903 3111 4976 angelum,
3141 4917 3314 4973 neque
3369 4901 3534 4972 spiri-

1960 5005 2074 5051 tum
2105 5013 2122 5050 :
2153 4995 2415 5050 Pharisaei
2447 5001 2632 5050 autem
2664 5005 2896 5067 utraque
2923 4995 3284 5051 confitentur.
3330 4990 3534 5048 Factus

1959 5096 2044 5145 est
2089 5094 2270 5143 autem
2303 5086 2511 5143 clamor
2552 5103 2804 5158 magnus.
2855 5086 2922 5140 Et
2969 5093 3259 5156 surgentes
3308 5083 3532 5154 quidam

1959 5179 2363 5235 Pharisaeorum
2427 5179 2764 5248 pugnabant,
2787 5177 3074 5233 dicentes:
3112 5175 3259 5230 Nihil
3290 5175 3414 5228 mali
3449 5174 3535 5228 in-

1960 5271 2215 5326 venimus
2249 5268 2304 5324 in
2337 5270 2562 5323 homine
2593 5269 2699 5323 isto
2741 5285 2758 5327 :
2789 5267 2919 5339 quid
2951 5267 2996 5322 si
3045 5267 3273 5338 spiritus
3316 5267 3535 5322 locutus

1959 5370 2047 5418 est
2075 5359 2147 5426 ei,
2174 5366 2270 5414 aut
2297 5358 2568 5430 angelus?
2597 5357 2663 5412 Et
2714 5373 2838 5413 cum
2867 5371 3063 5427 magna
3091 5357 3358 5414 dissensio
3389 5357 3535 5413 facta

1961 5463 2131 5519 esset,
2167 5453 2371 5509 timens
2398 5455 2655 5506 tribunus
2711 5467 2781 5506 ne
2805 5451 3208 5521 discerperetur
3238 5449 3441 5505 Paulus
3467 5451 3537 5505 ab

1963 5547 2120 5618 ipsis,
2146 5545 2317 5616 jussit
2353 5544 2554 5600 milites
2585 5542 2922 5599 descendere
2952 5553 3006 5597 et
3051 5555 3246 5612 rapere
3293 5557 3417 5598 eum
3471 5542 3540 5597 de

1963 5638 2146 5693 medio
2175 5651 2363 5692 eorum
2403 5649 2468 5689 ac
2493 5634 2766 5690 deducere
2792 5649 2916 5689 eum
2943 5634 2997 5688 in
3020 5642 3220 5690 castra.
3271 5631 3536 5705 Sequenti

1961 5737 2145 5784 autem
2195 5735 2358 5781 nocte
2413 5725 2681 5781 assistens
2711 5724 2762 5780 ei
2795 5724 3084 5792 Dominus,
3119 5725 3194 5780 ait
3222 5743 3237 5786 :
3267 5725 3540 5781 Constans

1962 5831 2082 5878 esto
2124 5819 2308 5878 :sicut
2343 5817 2490 5872 enim
2523 5819 2851 5876 testificatus
2891 5833 2952 5876 es
2987 5818 3056 5875 de
3102 5833 3190 5876 me
3229 5819 3282 5875 in
3312 5817 3540 5875 Jerusa-

1966 5910 2094 5971 lem,
2124 5903 2205 5960 sic
2235 5913 2286 5958 te
2317 5911 2540 5975 Oportet
2561 5912 2617 5958 et
2645 5901 2833 5962 Romae
2873 5906 3180 5963 testificari.

279 6011 350 6063 τὰ
378 6007 512 6078 περὶ
555 6003 689 6077 ἐμοῦ
722 6004 802 6066 είς
842 5999 1219 6074 Ἰερουσαλὴμ,
1252 5996 1393 6053 οὕτω
1424 6015 1482 6052 σε
1531 5999 1614 6052 δεῖ
1654 5999 1746 6052 καὶ
1783 6002 1862 6066 είς
1913 6002 2136 6075 Ῥώμην
2189 6003 2554 6075 μαρτυρῆσαι.
