3950 6552
477 403 618 478 1035
1323 410 1895 474 THEOPHYLACTI
1935 410 2341 473 BULGARLE
2373 412 2726 473 ARCHIEP.
3579 407 3710 475 1036

465 523 659 578 'minis.
683 523 744 578 Et
779 536 902 577 cum
937 520 1067 576 mihi
1103 519 1370 591 perlatum
1403 529 1548 576 esset
1582 519 1649 576 de
1673 520 2040 588 insidiisquas

2161 521 2341 587 ιίτίαν,
2376 520 2445 573 δι’
2466 521 2532 592 ἢν
2554 519 2843 574 ἐνεκάλουν
2891 518 3062 587 αὐτῷ,
3089 518 3406 590 κατήγαγον
3451 517 3612 572 αὑτὸν
3641 520 3715 582 εις

471 622 807 686 paraveram
826 613 924 676 illi,
947 612 1068 666 misi
1101 627 1224 668 cum
1253 611 1319 666 ad
1351 620 1401 666 te
1430 613 1786 677 denuntians,
1816 620 1868 666 et
1886 625 2047 666 accu-

2161 610 2216 663 τὸ
2250 611 2524 682 συνέδριον
2556 611 2760 667 αὐτῶν.
2801 612 2898 665 Ὃν
2959 605 3117 683 εῦρον
3144 610 3544 680 ἐγκαλούμενον
3598 610 3717 678 περὶ

480 707 780 773 satoribus,
810 713 870 760 ut
896 703 1084 759 dicant
1120 702 1265 774 apud
1294 712 1364 758 te.
1388 703 1539 758 Vale.
1600 722 1618 755 ι

2165 701 2498 774 ζητημάτων
2529 705 2622 759 τοῦ
2664 704 2829 775 νόμου
2873 704 3077 770 αὐτῶν,
3110 705 3272 778 μηδὲν
3301 703 3357 758 δὲ
3381 702 3532 769 ἄξιον
3563 701 3716 756 θανά-

477 817 576 856 του
617 797 649 868 ἢ
704 797 918 868 δεσμῶν
950 798 1144 868 ἐχοντα
1173 794 1448 866 ἔγκλημα.
1483 795 1840 866 Μηνυθείσης
1869 794 1924 848 δέ
1962 811 2050 864 μοι
2090 793 2379 868 ἐπιϐουλῆς
2414 801 2492 862 εἰς
2544 799 2635 854 τὸν
2680 799 2849 871 ἄνδρα
2902 799 3116 870 μέλλειν
3171 797 3390 853 ἔσεσθαι
3459 795 3564 850 ὑπὸ
3618 795 3718 850 τῶν

488 891 781 959 Ἰουδαίων,
802 889 867 976 ἐξ
911 888 1084 958 αὐτῆς
1131 887 1353 958 ἔπεμψα
1379 887 1516 960 πρὸς
1567 887 1645 954 σὲ,
1677 887 2055 959 παραγγείλας
2095 888 2190 941 καὶ
2221 892 2334 954 τοῖς
2405 892 2734 964 κατηγόροις
2799 893 2977 961 λέγειν
3002 892 3071 946 τὰ
3109 891 3245 963 πρὸς
3277 890 3443 944 αὑτὸν
3477 890 3567 942 ἐπὶ
3610 888 3713 944 σοῦ.

477 987 750 1058 Ἐρῤωσο.
784 1002 802 1035 ι

553 1080 753 1135 Milites
767 1091 896 1148 ergo
927 1073 1232 1131 secundum
1263 1079 1592 1144 praeceptum
1624 1071 1748 1136 sibi,
1774 1084 2057 1126 assumen-

477 1185 561 1230 tcs
594 1171 820 1227 Paulum
858 1170 1135 1224 duxerunt
1169 1180 1264 1236 per
1285 1165 1445 1235 302
1482 1172 1696 1218 noctem
1731 1164 1785 1218 in
1814 1163 2051 1232 Antipa-

472 1267 705 1332 trident;
741 1273 794 1320 et
823 1271 1040 1333 postera
1066 1260 1175 1324 die,
1202 1259 1448 1313 dimissis
1472 1256 1772 1327 equitibus,
1816 1263 1877 1309 ut
1927 1268 2051 1308 cum

475 1377 542 1416 eo
578 1361 742 1421 irent,
778 1356 984 1411 reversi
1007 1361 1136 1409 sunt
1165 1349 1233 1405 ad
1260 1359 1462 1405 castra.
1482 1349 1584 1414 Qui
1615 1358 1740 1402 cum
1771 1347 2053 1402 venissent

455 1453 788 1509 Caesaream
833 1457 888 1503 et
924 1445 1280 1502 tradidissent
1313 1442 1600 1512 epistolam
1658 1437 1900 1510 prmsidi,
1933 1445 2049 1491 sta-

477 1553 706 1601 tuerunt
739 1549 864 1610 ante
886 1540 1040 1595 illum
1066 1544 1120 1591 et
1148 1535 1398 1592 Paulum.
1423 1532 1556 1588 Cum
1586 1531 1809 1602 legisset
1864 1536 2046 1584 autem

473 1651 530 1692 et
562 1639 960 1703 interrogasset
989 1632 1054 1686 de
1078 1643 1185 1700 qua
1217 1625 1496 1698 provincia
1524 1637 1672 1680 esset
1699 1641 1714 1690 ;
1752 1630 1807 1678 et
1837 1634 2047 1692 cogno-

477 1741 665 1789 scens,
703 1726 832 1794 quia
865 1725 932 1778 de
982 1720 1170 1775 Cilicia
1209 1715 1508 1772 :Audiam'
1541 1722 1616 1780 te,
1667 1712 1868 1782 inquit,
1920 1725 2045 1765 cum

475 1828 826 1875 accusatores
857 1816 932 1870 tui
962 1808 1530 1880 venerint.Jussitque
1562 1809 1618 1862 in
1652 1805 1907 1878 praetorio
1940 1803 2048 1860 lle-

473 1912 628 1966 rudis
654 1891 927 1965 custodiri
953 1919 1100 1962 eum.

985 2178 1215 2238 CAPUT
1263 2174 1482 2234 XXXV.

479 2277 707 2335 Tertulli
728 2273 1002 2331 accusatio
1035 2282 1225 2328 contra
1257 2269 1510 2335 Paulum,
1548 2280 1595 2324 et
1628 2267 1786 2338 hujus
1815 2266 2048 2338 defensio

1037 2381 1218 2420 coram
1234 2363 1482 2432 prwside.

549 2460 738 2528 λχιν,
772 2459 918 2516 1-26.
959 2458 1089 2515 Post
1123 2457 1364 2528 quinque
1394 2464 1573 2511 autem
1607 2454 1723 2509 dies
1773 2451 2052 2508 descendit

477 2557 735 2630 princeps
752 2553 1089 2609 sacerdotum
1104 2550 1345 2604 Ananias
1358 2563 1482 2602 cum
1504 2545 1811 2602 senioribus
1827 2543 2054 2614 quibus-

479 2652 603 2702 dam
624 2657 677 2702 et
702 2645 945 2700 Tertullo
966 2642 1200 2712 quodam
1220 2649 1456 2706 oratore,
1482 2640 1573 2709 qui
1595 2638 1848 2692 adierunt
1865 2634 2052 2706 [διἀιεί-

479 2743 602 2796 dem
631 2739 891 2794 adversus
917 2735 1165 2791 Paulum.
1192 2731 1279 2798 Et,
1301 2733 1470 2786 citato
1489 2731 1678 2795 Paulo,
1699 2728 1862 2798 cepit
1889 2741 2052 2782 accu-

478 2843 602 2883 sare
623 2825 924 2890 Tertullus,
947 2823 1136 2878 dicens
1170 2820 1343 2876 :Cunt
1375 2821 1430 2874 in
1471 2820 1640 2874 multa
1671 2833 1805 2889 pace
1829 2831 2053 2888 agamus

480 2935 578 2993 per
603 2927 676 2984 te,
725 2925 780 2973 et
814 2916 984 2970 multa
1048 2913 1393 2984 corrigantur
1431 2926 1527 2981 per
1575 2923 1719 2964 tuam
1761 2907 2054 2980 providen-

482 3012 652 3075 tiam,
698 3021 912 3076 semper
937 3012 991 3060 et
1038 3005 1242 3074 ubique
1273 3002 1630 3072 suscipimus,
1664 2997 2051 3071 optimeFelix,

480 3115 608 3155 cum
653 3097 802 3152 omni
839 3095 1141 3166 gratiarum
1204 3095 1438 3148 actione.
1500 3090 1578 3146 Ne
1632 3091 1841 3146 diutius
1873 3095 2051 3143 autem

365 3239 376 3265 ,
483 3205 537 3248 te
565 3191 904 3264 protraham,
935 3203 1053 3255 oro,
1083 3189 1318 3244 breviter
1351 3185 1544 3242 audias
1574 3201 1675 3241 nos
1711 3200 1809 3256 pro
1833 3192 1922 3237 tua
1939 3182 2053 3238 cle-

2227 1075 2292 1126 Οί
2323 1073 2424 1144 μὲν
2457 1071 2552 1126 οὖν
2595 1072 2927 1145 στρατιῶται
2974 1072 3062 1125 διὰ
3109 1070 3324 1134 νυκτὸς,
3357 1067 3504 1122 κατὰ
3530 1068 3588 1119 τὸ
3611 1067 3712 1121 δια-

2154 1165 2487 1235 τεταγμένον
2515 1165 2718 1229 αύτοίς,
2750 1163 3110 1226 άναάὁὸντες
3145 1161 3238 1214 τὸν
3268 1159 3506 1222 Παῦλον,
3529 1159 3712 1228 ηγαγον

2153 1259 2233 1322 είς
2295 1258 2394 1329 τὴν
2437 1257 2844 1324 Ἀντιπατρίδα.
2900 1257 2980 1325 Τῇ
3026 1256 3083 1309 δέ
3134 1253 3402 1323 ἐπαύριον
3471 1252 3712 1312 ἐάσαντες

2153 1348 2279 1412 τοὺς
2332 1349 2519 1410 ἱππεῖς
2550 1347 2883 1419 πορεύεσθαι
2921 1347 3030 1400 σὺν
3065 1341 3235 1413 αὐτῷ,
3263 1338 3617 1410 ὑπέστρεψαν
3646 1339 3710 1401 εὶς

2151 1438 2250 1509 τὴν
2286 1438 2660 1511 παρεμϐολήν.
2697 1437 2907 1499 Οῖτινες
2953 1433 3286 1496 εἰσελθόντες
3325 1433 3410 1494 είς
3463 1429 3560 1500 τὴν
3593 1430 3710 1482 Kai-

2155 1530 2403 1599 σάρειαν,
2431 1530 2527 1583 καὶ
2571 1529 2855 1591 ἀναδόντες
2890 1526 2989 1597 τὴν
3035 1523 3327 1594 ἐπιστολὴν
3360 1521 3443 1592 τῷ
3481 1520 3709 1591 ἡγεμόνι,

2153 1622 2498 1692 παρίστησαν
2549 1621 2642 1675 καὶ
2687 1620 2777 1674 τὸν
2835 1619 3049 1674 Παῦλον
3077 1616 3249 1688 αὐτῷ.
3305 1615 3586 1682 Δναγνοίις
3613 1614 3662 1665 δὲ
3688 1615 3713 1666 ό

2152 1714 2398 1787 ἡγεμὼν,
2432 1715 2528 1770 καὶ
2579 1715 2934 1786 ἐπερωτήσας
2974 1714 3037 1766 ἐκ
3081 1711 3240 1774 ποίας
3289 1707 3562 1780 ἐπαρχίας
3589 1708 3711 1770 ἐστὶ,

2155 1809 2248 1862 καὶ
2283 1807 2588 1879 πυθόμενος
2617 1807 2701 1860 δτι
2743 1805 2851 1860 ἀπὸ
2897 1805 3175 1871 Κιλικίας,
3205 1801 3580 1872 Διακούσομαί
3607 1816 3710 1864 σου,

2082 1895 2125 1952 Β
2153 1899 2282 1973 ἔφη,
2314 1900 2442 1954 ὅταν
2471 1900 2568 1954 καὶ
2607 1901 2656 1954 οἱ
2686 1899 2986 1970 κατήγοροί
3024 1915 3120 1952 σου
3164 1895 3604 1968 παραγένωνται,
3628 1908 3708 1946 κε·

2153 1993 2350 2058 λεύσας
2407 1995 2464 2048 ἐν
2520 1993 2599 2067 τῷ
2656 1992 2979 2065 πραιτωρίῳ
3035 1990 3280 2063 Ἡρώδου
3357 1987 3709 2058 φυλάσσεσθαι

2153 2086 2334 2142 αὐτόν.

2733 2177 2987 2232 ΚΕΦΑΛ.
3011 2175 3099 2230 ΔΕ
3119 2216 3133 2230 .

2161 2267 2497 2336 Τερτύλλου
2533 2266 2683 2320 κατὰ
2720 2265 2965 2321 Παύλου
3012 2261 3358 2332 κατηγορία,
3406 2258 3507 2312 καὶ
3547 2253 3711 2311 αὐτοῦ

2493 2356 2791 2426 ἀπολογία
2813 2356 2910 2410 ἐπὶ
2941 2353 3047 2410 τοῦ
3070 2351 3387 2422 ἡγεμόνος.

2226 2449 2384 2504 Μετὰ
2406 2448 2462 2503 δέ
2491 2449 2653 2502 πέντε
2679 2447 2917 2519 ἡμέρας,
2949 2443 3158 2515 κατέϐη
3183 2443 3212 2494 ό
3242 2438 3540 2513 ἀρχιερεὺς
3570 2437 3706 2489 ’Δναο

2157 2540 2277 2603 νίας
2331 2540 2471 2610 μετὰ
2528 2537 2918 2610 πρεσϐυτέρων
2966 2535 3149 2600 τινῶν,
3184 2533 3280 2587 καὶ
3332 2531 3565 2601 ῥήτορος
3592 2527 3706 2594 Τερ·

2155 2633 2350 2687 τύλλου
2387 2630 2530 2694 τινὸς
2555 2670 2571 2696 ,
2598 2630 2794 2694 οἵτινες
2825 2629 3164 2700 ἐνεφάνησαν
3203 2623 3281 2696 τῷ
3314 2621 3546 2694 ἡγεμόνι
3590 2618 3709 2672 κατὰ.

2157 2725 2253 2780 τοῦ
2286 2723 2525 2780 Παῦλου.
2553 2723 2866 2794 κληθέντος
2912 2721 2970 2774 δὴ
3003 2720 3196 2786 αὑτοῦ,
3236 2717 3449 2790 ἤρξατο
3503 2729 3707 2782 κατηγο-

2163 2821 2275 2893 ρεῖν
2304 2821 2330 2874 ὁ
2351 2817 2652 2888 Τέρτυλλος
2683 2816 2858 2884 λέγων
2877 2829 2893 2848 ⁸
2920 2814 3130 2884 Πολλῆς
3171 2814 3402 2884 εἰρήνης
3440 2809 3704 2878 τυγχάνονο

2157 2929 2250 2975 τες
2283 2911 2370 2965 διὰ
2401 2909 2520 2976 σοῦ,
2549 2909 2646 2963 καὶ
2675 2905 2888 2962 πολλῶν
2934 2904 3380 2975 κατορθωμάτων
3429 2899 3708 2970 γενομένων

2159 3002 2236 3075 τῷ
2259 3003 2401 3057 ἔθνει
2438 3002 2616 3074 τούτῳ
2649 3000 2740 3055 διὰ
2769 2999 2869 3071 τῆς
2898 2999 2994 3070 σῆς
3025 2995 3306 3068 προνοίας,
3347 2993 3527 3063 πάντη
3556 3007 3608 3043 τε
3630 2990 3709 3041 καὶ

2161 3096 2436 3166 πανταχοῦ
2468 3092 2870 3164 ἀποδεχόμεθα,
2908 3091 3166 3163 κράτιστε
3184 3087 3368 3158 Φῆλιξ,
3395 3085 3536 3156 μετὰ
3551 3085 3709 3151 πάσης

2161 3187 2530 3259 εὐχαριστίας.
2559 3187 2680 3240 Ἵνα
2733 3185 2791 3240 δέ
2822 3185 2901 3256 μὴ
2950 3182 3044 3237 ἐπὶ
3099 3180 3282 3236 πλεῖόν
3343 3195 3405 3232 σε
3464 3179 3705 3240 ἐκκόπτω,

483 3282 711 3337 utentia.
751 3280 1068 3334 Invenimus
1130 3277 1277 3331 hunc
1308 3275 1585 3330 hominem
1641 3272 1960 3344 pestiferum
2003 3277 2058 3325 et

2162 3256 2462 3354 παρακαλῶ
2486 3279 2719 3335 ἀκοῦσαί
2750 3295 2809 3332 σε
2837 3277 2997 3348 ἡμῶν
3023 3276 3326 3346 συντόμως,
3362 3275 3427 3342 τῇ
3465 3273 3527 3340 σῇ
3563 3271 3709 3321 ἐπιει-

485 3373 855 3430 concitantem
893 3371 1194 3426 seditiones
1244 3367 1504 3423 omnibus
1552 3365 1759 3421 Judzeis
1810 3365 1865 3418 in
1929 3361 2058 3416 uni-

485 3480 651 3522 verso
690 3463 842 3529 orbe,
873 3471 928 3519 et
958 3470 1239 3517 auctorem
1265 3459 1550 3514 seditionis
1602 3467 1766 3511 sectae
1817 3454 2059 3510 Nazare-

486 3571 682 3614 norum
716 3574 728 3610 :
761 3554 856 3626 qui
896 3553 1057 3610 etiam
1091 3553 1352 3623 templum
1410 3550 1614 3606 violare
1665 3557 1894 3604 conatus
1950 3554 2055 3612 est,

486 3665 648 3720 quem
679 3657 735 3703 et
766 3647 1166 3718 apprehensum
1219 3643 1494 3699 voluimus
1525 3639 1827 3697 secundum
1885 3637 2056 3708 legem

487 3748 733 3792 nostram
775 3735 1040 3806 judicare.
1103 3732 1511 3804 Superveniens
1564 3741 1751 3786 autem
1807 3730 2059 3785 tribunus

481 3829 695 3900 Lysias,
719 3843 843 3883 cum
876 3827 928 3881 vi
969 3841 1167 3896 magna
1194 3825 1398 3894 eripuit
1433 3838 1558 3878 eum
1595 3823 1662 3876 de
1685 3822 1938 3877 manibus
1962 3836 2061 3874 nu-

487 3922 858 3991 stris,jubens
881 3927 1233 3972 accusatores
1274 3916 1393 3985 ejus
1430 3915 1498 3968 ad
1526 3924 1578 3966 te
1627 3914 1813 3969 venire
1842 3929 1857 3966 :
1888 3929 1917 3966 a
1948 3928 2058 3983 quo

487 4013 692 4085 poteris
723 4014 842 4080 ipse
865 4009 1145 4080 judicans,
1174 4008 1240 4062 de
1261 4006 1518 4061 omnibus
1550 4007 1671 4062 istis
1723 4020 2057 4076 cognoscere

484 4105 554 4159 de
581 4104 779 4174 quibus
802 4117 902 4156 nos
931 4113 1252 4156 accusamus
1273 4113 1418 4153 eum.
1441 4097 1774 4168 Adjecerunt
1800 4105 1980 4151 autem
2004 4105 2058 4152 et

483 4197 680 4260 Judaei,
703 4193 1078 4250 dicenteshaec
1103 4193 1178 4246 ita
1211 4207 1267 4246 se
1299 4191 1516 4246 habere.
1536 4188 1835 4261 ReSpondit
1876 4198 2058 4244 autem

490 4284 690 4338 Paulus
721 4283 1017 4354 (annuente
1057 4281 1162 4336 sibi
1197 4280 1424 4351 praeside
1473 4281 1676 4344 dicere)
1713 4296 1727 4333 ε
1764 4281 1843 4334 Ex
1875 4279 2060 4334 multis

489 4381 648 4432 annis
682 4388 732 4433 te
753 4391 878 4433 esse
896 4377 1103 4447 justum
1130 4375 1369 4445 judiccm
1390 4375 1535 4442 genti
1557 4374 1682 4428 huic
1713 4373 1893 4428 sciens
1918 4372 2058 4428 bono

487 4472 673 4526 animo
699 4486 795 4541 pro
819 4485 905 4525 me
923 4468 1284 4525 satisfaciam.
1320 4466 1482 4522 Petes
1511 4467 1654 4520 enim
1705 4478 2061 4536 cognoscere,

2160 3375 2305 3445 κείᾳ.
2343 3373 2608 3444 Εύρόντες
2668 3371 2777 3441 γὰρ
2823 3368 2918 3422 τὸν
2978 3366 3147 3437 ἄνδρα
3181 3364 3372 3419 τοῦτον
3400 3362 3602 3433 λοιμὸν,
3629 3358 3706 3412 καὶ

2159 3464 2412 3518 κινοῦντα
2445 3461 2662 3524 στάσεις
2692 3461 2824 3514 πᾶσι
2863 3458 2976 3521 τοῖς
3016 3454 3289 3518 Ἰουδαίοις
3318 3457 3432 3517 τοῖς
3469 3451 3600 3506 κατὰ
3624 3451 3704 3516 τὴν

2160 3554 2512 3625 οἰκουμένην,
2547 3552 2939 3623 πρωτοστάτην
2969 3566 3029 3602 τε
3061 3548 3190 3601 ὅντα
3231 3545 3332 3615 τῆς
3378 3543 3488 3597 τῶν
3535 3539 3702 3602 Ναζω-

2162 3649 2330 3719 ραίων
2381 3646 2672 3716 αἱρέσεως·
2703 3642 2758 3707 ὃς
2804 3643 2895 3695 καὶ
2927 3640 2987 3694 τὸ
3020 3639 3163 3710 ἱερὸν
3193 3636 3450 3707 ἐπείρασε
3502 3630 3701 3702 βεϐιηλώ-

2162 3755 2274 3803 σαι,
2309 3736 2367 3789 ὃν
2398 3737 2493 3789 καὶ
2531 3734 2941 3806 ἐκρατήσαμεν,
2975 3731 3070 3784 καὶ
3117 3727 3257 3782 κατὰ
3309 3727 3400 3779 τὸν
3453 3723 3695 3795 ἡμέτερον

2159 3829 2324 3899 νόμον
2369 3825 2720 3897 ἠθελήσαμεν
2753 3822 2986 3894 κρίνειν.
3028 3815 3323 3890 Παρελθὼν
3355 3815 3412 3868 δέ
3463 3807 3705 3899 Λυσίαςᾼό

2158 3894 2463 3990 χιλίαρχος,
2515 3894 2656 3987 μετὰ
2685 3910 2888 3981 πολλῆς
2913 3909 3035 3982 βίας
3065 3908 3131 3962 ἐκ
3182 3904 3294 3960 τῶν
3346 3903 3544 3975 χειρῶν
3569 3894 3705 3969 ἡμῶν

2160 4011 2445 4083 ἀπήγαγε,
2474 4007 2736 4070 κελεύσας
2794 3990 2922 4067 τοὺς
2966 3999 3307 4072 κατηγόρους
3366 3993 3534 4050 αὑτοῦ
3571 3990 3705 4061 ἔρχε-

2162 4105 2287 4158 σθαι
2329 4101 2421 4155 ἐπὶ
2459 4100 2539 4154 σέ.
2572 4099 2709 4169 Παρ⁹
2744 4088 2806 4150 οὗ
2846 4095 3052 4166 δυνήσῃ
3087 4091 3184 4145 καὶ
3219 4088 3385 4152 αὐτὸς
3433 4083 3702 4155 ἀνακρίνας

2161 4197 2295 4267 περὶ
2343 4193 2564 4246 πάντων
2618 4189 2826 4244 τούτων
2854 4184 3175 4255 ἐπιγνῶναι,
3207 4175 3282 4236 ὧν
3310 4181 3471 4252 ἡμεῖς
3502 4188 3706 4267 κατηγο·

2168 4265 2372 4352 ροῦμεν
2431 4277 2620 4334 αὑτοῦ.
2681 4274 3050 4329 Συνεπέθεντο
3118 4271 3174 4325 δὲ
3233 4269 3333 4324 καὶ
3389 4269 3437 4321 oi
3471 4265 3701 4324 Ἰουδαῖοι,

2164 4374 2462 4443 φάσκοντες
2492 4369 2670 4424 ταῦτα
2699 4366 2876 4430 οὕτως
2913 4365 3080 4436 ἐχειν.
3113 4361 3415 4432 Ἀπεκρίθη
3447 4359 3502 4413 δὲ
3532 4358 3559 4410 ὁ
3579 4354 3702 4409 Παῦ-

2163 4467 2276 4531 λος,
2301 4461 2592 4524 νεύσαντος
2631 4458 2780 4529 αὺτῷ
2814 4457 2909 4510 τοῦ
2936 4455 3201 4527 ἡγεμόνος
3227 4453 3413 4520 λέγειν
3432 4467 3446 4480 ·
3480 4450 3570 4502 Ἐκ
3598 4443 3704 4498 πολ·

487 4567 616 4635 quia
668 4539 777 4620 non
811 4565 935 4634 plus
985 4561 1118 4616 mihi
1152 4559 1270 4614 dies
1306 4574 1468 4630 quam
1505 4557 1810 4623 duodecim,
1839 4573 1906 4612 ex
1955 4572 2058 4626 quo

2165 4559 2274 4614 λῶν
2307 4555 2445 4611 ἐτῶν
2473 4557 2603 4610 δντα
2637 4569 2696 4606 σε
2729 4554 2922 4622 κριτὴν
2965 4548 3172 4601 δίκαιον
3234 4545 3312 4614 τῷ
3369 4544 3510 4598 ἔθνει
3554 4539 3702 4604 τούτῳ

486 4655 706 4712 ascendi
736 4656 964 4711 adorare
998 4655 1052 4708 in
1085 4653 1411 4720 Jerusalem,
1433 4661 1486 4708 et
1518 4667 1696 4722 neque
1753 4651 1809 4706 in
1861 4651 2064 4721 templo

488 4751 816 4804 invenerunt
839 4763 926 4803 me
953 4761 1077 4801 cum
1124 4746 1308 4815 aliquo
1369 4745 1760 4813 disputantem,
1801 4753 1896 4798 aut
1933 4759 2066 4799 con-

489 4855 710 4895 cursum
735 4838 1022 4894 iacientem
1044 4839 1239 4904 turbae,
1262 4852 1436 4908 neque
1470 4837 1524 4890 in
1555 4836 1868 4907 synagOgis,
1892 4849 2069 4905 neque

491 4933 818 4998 incivitate,
849 4946 1027 5001 neque
1074 4929 1307 5002 probare
1337 4936 1571 5000 possunt
1612 4928 1709 4982 tibi
1761 4928 1828 4982 de
1869 4928 2068 4998 quibus

491 5039 637 5079 nunc
669 5039 754 5078 tne
772 5029 1060 5077 accusant.
1095 5022 1373 5078 Conliteor
1406 5031 1591 5076 autem
1621 5020 1726 5074 hoc
1763 5019 1882 5083 tibi,
1919 5018 2067 5089 quod

491 5133 518 5172 s
540 5117 794 5169 rcundum
853 5125 1085 5176 sectam,
1121 5127 1284 5184 quam
1316 5112 1507 5166 dicunt
1539 5110 1810 5174 haeresim,
1841 5111 1920 5164 sic
1974 5109 2068 5165 de-

492 5206 674 5260 servio
695 5203 844 5258 Patri
874 5211 927 5258 et
949 5203 1058 5258 Deo
1096 5216 1236 5266 meo,
1287 5201 1518 5256 credens
1547 5199 1802 5254 omnibus
1845 5215 1964 5270 qua:
2012 5201 2066 5253 in

494 5304 609 5368 lege
639 5307 691 5354 et
724 5296 1008 5367 prophetis
1061 5296 1264 5365 scripta
1316 5304 1492 5348 sunt:
1541 5306 1692 5362 spem
1756 5292 1962 5349 habens
2013 5293 2069 5347 in

491 5396 868 5463 Deum,quam
901 5397 954 5446 et
993 5389 1048 5444 hi
1080 5389 1183 5460 ipsi
1212 5395 1554 5458 exspectant,
1606 5387 2064 5442 resurrectionem

499 5487 742 5540 l'uturam
781 5483 1057 5553 justorum
1108 5491 1162 5535 et
1218 5479 1554 5549 iniquorum.
1593 5475 1653 5531 ιιι
1677 5479 1781 5534 hoc
1840 5485 1895 5532 et
1955 5477 2070 5547 ipse

492 5577 687 5634 studeo
733 5577 852 5631 sine
896 5573 1228 5630 oti‘endiculo
1281 5569 1677 5654 conscientiam
1746 5569 1949 5624 habere
2001 5568 2068 5622 ad

501 5671 672 5726 Deum
706 5677 761 5724 et
787 5669 853 5723 ad
886 5668 1137 5722 homines
1193 5679 1432 5734 semper.
1475 5663 1608 5719 Post
1673 5677 1848 5717 annos
1888 5671 2068 5716 autern

493 5763 677 5834 plures
696 5761 1072 5829 elecmosyuas
1099 5756 1262 5827 303
1294 5759 1537 5812 l‘acturus
1566 5755 1618 5810 in
1643 5763 1856 5825 gentem
1893 5767 2068 5809 meam

495 5852 620 5908 veni
656 5857 709 5906 et
728 5846 1040 5905 oblationes
1071 5851 1127 5901 et
1156 5855 1278 5901 vota
1321 5861 1337 5897 :
1392 5845 1444 5897 in
1477 5842 1677 5912 quibus
1735 5843 2067 5898 invenerunt

2167 4649 2551 4720 ἐπιστάμενος,
2603 4641 2856 4714 εὐθύμως
2901 4640 2970 4694 τὰ
3002 4640 3130 4710 περ)⁸
3171 4636 3412 4708 ἐμαυτοῦ
3439 4627 3703 4699 ἁπολογοῦο

2169 4759 2289 4813 μαι,
2324 4736 2626 4808 δυναμένου
2671 4751 2766 4788 σου
2804 4731 3124 4799 ἐπιγνῶναι,
3155 4729 3238 4781 ὅτι
3267 4729 3331 4782 ού
3384 4723 3590 4786 πλείους
3615 4717 3702 4772 elei

2169 4850 2259 4901 μοι
2289 4831 2489 4904 ἡμέραι
2524 4829 2556 4900 ἢ
2605 4826 2835 4889 δώδεκα,
2867 4824 2960 4893 ἀφ’
2994 4816 3062 4894 ἧς
3094 4820 3296 4891 ἀνέδην
3343 4821 3703 4904 προσκυνήσων

2167 4929 2250 4990 εἰς
2309 4903 2704 4995 Ἵερουσαλὴμο
2748 4919 2844 4974 καὶ
2895 4916 3019 4972 οὔτε
3073 4915 3130 4968 ἐν
3163 4912 3242 4983 τῷ
3295 4911 3427 4982 ἱερῷ
3477 4903 3616 4978 εὗρόν
3647 4917 3702 4971 με

2169 5019 2306 5090 πρός
2357 5034 2480 5070 τινα
2517 5013 2924 5082 διαλεγόμενον,
2976 5009 3010 5079 ἢ
3067 5006 3432 5063 ἐπισύστασιν
3480 4996 3704 5052 ποιοῦντα

2169 5082 2353 5180 δγλου,
2379 5106 2504 5160 οὔτε
2557 5107 2614 5158 ἐν
2641 5107 2758 5167 ταῖς
2790 5100 3157 5167 συναγωγαῖς,
3191 5095 3314 5150 οὔτε
3347 5093 3486 5149 κατὰ
3515 5088 3601 5180 τὴν
3624 5082 3702 5137 rx}

2167 5203 2283 5255 λιν·
2331 5197 2455 5253 οὔτε
2508 5195 2862 5268 παραστῆσαι
2891 5190 3147 5246 δύνανταί
3204 5206 3308 5254 σοι,
3367 5186 3492 5255 περὶ
3516 5175 3703 5234 ὧννυνὶ

2169 5286 2538 5360 κατηγοροῦσί
2579 5264 2706 5355 μου.
2751 5279 3033 5353 Ὁμολογῶ
3073 5280 3130 5333 δέ
3162 5275 3321 5332 τοῦτό
3342 5291 3444 5342 σοι,
3469 5274 3542 5325 δτι
3582 5264 3702 5360 κατα

2169 5384 2268 5453 τὴν
2305 5381 2448 5446 ὁδὸν,
2481 5381 2546 5448 ἢν
2596 5377 2852 5445 λέγουσιν
2911 5373 3146 5444 αἵρεσιν,
3200 5368 3346 5422 οὓτω
3385 5360 3616 5434 λατρεύω
3637 5352 3699 5422 τῷ

2171 5473 2413 5546 πατρῴῳ
2441 5469 2586 5540 Θεῷ,
2628 5468 2902 5523 πιστεύων
2937 5467 3072 5520 πᾶσι
3101 5465 3212 5525 τοῖς
3255 5461 3400 5515 κατά
3427 5459 3513 5511 τὸν
3541 5453 3697 5520 νόμον.

2170 5567 2266 5620 καὶ
2291 5537 2429 5629 360i;
2479 5537 2546 5618 ἐν.
2566 5565 2686 5625 τοῖς
2719 5559 3032 5629 προφήταις
3074 5552 3506 5625 γεγραμμένοις,
3537 5537 3700 5597 ἐλπίδα

2171 5658 2310 5729 ἔχων
2343 5656 2480 5727 πρὶς
2509 5653 2599 5708 τὸν
2639 5653 2796 5718 Θεὸν,
2826 5649 2897 5721 ἢν
2925 5648 3018 5701 καὶ
3049 5646 3206 5698 αὐτοὶ
3235 5638 3382 5696 οῦτοι
3415 5631 3700 5729 πρεσδέγονο

2170 5716 2283 5813 ται,
2323 5716 2618 5802 ἀνάστασιν
2673 5716 2889 5814 μέλλειν
2912 5737 3132 5792 ἔσεσθαι
3160 5733 3386 5788 δικαίων
3407 5747 3464 5783 τε
3499 5716 3699 5814 καὶῄἀδί·

2174 5812 2305 5896 κων.
2352 5841 2436 5894 Ἐν
2472 5812 2766 5910 τούτῳκαὶ
2803 5833 2966 5895 αὐτὸς
3013 5829 3166 5885 ἀσκῶ
3207 5827 3553 5898 ἀπρόσκοπον,
3578 5812 3700 5884 ἔχειν
