3950 6546
280 373 410 450 tim

899 385 1433 451 EXPOSITIONIS
1473 388 1554 451 1N
1594 385 1782 450 ACTA
1819 382 2120 450 'I‘EXTUS
2153 380 2422 448 ALTER.
2453 413 2521 424 -
2561 383 2720 448 CAP.
2757 381 2970 447 XXIV.

3374 375 3508 448 1038

274 494 580 566 συνείδησιν
634 497 769 565 πρός
816 515 876 552 τε
923 500 1015 553 τὸν
1066 499 1204 554 Θεὸν
1245 500 1342 555 καὶ
1371 501 1497 564 τοὺς
1523 500 1842 572 ἀνθρώπους

1951 519 2037 557 me
2063 500 2479 571 purificatnmin
2507 499 2730 570 templo,
2767 515 2875 553 non
2923 511 3048 553 cum
3104 497 3284 564 turba,
3329 513 3506 570 neque

267 588 584 651 διαπαντός.
619 591 697 643 Δι’
719 593 856 645 ἐτῶν
883 591 940 646 δὲ
979 593 1242 648 πλειόνων
1289 594 1660 664 ἐλεημοσύνας
1689 595 1844 666 ποιή-

269 696 379 734 σων
409 683 492 744 είς
517 683 580 735 τὸ
631 682 783 756 ἔθνος
817 703 921 753 μου
965 687 1351 758 παρεγενόμην
1388 689 1481 741 καὶ
1506 689 1840 760 προσφοράς.

280 772 366 825 Ἐν
399 769 492 836 αἷς
525 769 682 846 εὗρόν
731 793 798 846 με
838 768 1166 848 ἡγνισμένον
1209 781 1269 833 ὲν
1305 779 1383 851 τῷ
1416 780 1570 850 ίιρῷ,
1592 781 1654 833 ού
1704 781 1844 851 μετὰ

264 863 448 932 ὄχλου,
484 865 604 918 οὐδὲ
637 866 776 935 μετὰ
803 868 1057 938 θορύϐου,
1092 869 1237 933 τινὲς
1266 871 1376 925 τῶν
1397 871 1504 925 ἀπὸ
1525 871 1625 941 τῆς
1658 872 1846 937 Ἀσίας

278 953 583 1010 Ἰουδαίωνο
609 955 704 1020 οὓς
732 957 840 1012 ἔδει
873 960 965 1014 ἐπὶ
997 959 1092 1013 σοῦ
1155 963 1413 1032 παρεῖναι
1467 962 1563 1016 καὶ⁸
1607 979 1844 1031 κατηγο·

262 1045 382 1107 ρεῖν
413 1046 467 1099 εῐ
497 1063 547 1099 τι
577 1046 642 1100 ἂν
669 1046 844 1118 ἔχοιεν
871 1051 1006 1122 πρὸς
1040 1070 1108 1120 με
1128 1066 1143 1080 ⁸
1177 1052 1210 1125 ἢ
1245 1053 1397 1107 αὐτοὶ
1427 1054 1760 1118 εἰπάτωσαν,
1791 1052 1845 1106 τί

263 1126 424 1206 εὖρον
447 1139 506 1191 ἐν
522 1141 642 1208 ἐμοὶ
672 1141 934 1213 ἀδίκημα,
968 1145 1152 1199 στάντι
1181 1164 1270 1214 μοι
1303 1147 1361 1200 ἐν
1389 1132 1466 1216 τῷ
1493 1146 1776 1217 συνεδρίῳ,
1810 1145 1844 1216 ἢ

263 1230 398 1297 περὶ
433 1232 563 1299 μιᾶς
591 1231 792 1300 ταύτης
816 1235 1019 1304 φωνῆς,
1040 1231 1108 1308 ἧς
1125 1236 1330 1306 ἐκραξα
1355 1238 1412 1290 ἐν
1439 1237 1620 1300 αὐτοῖς
1653 1236 1842 1300 ἑστὼς,

266 1322 352 1372 ὃτι
384 1322 521 1392 Περὶ
552 1323 898 1389 ἀναστάσεως
929 1329 1138 1395 νεκρῶν
1163 1329 1275 1396 ἐγὼ
1307 1329 1564 1399 κρίνομαι
1605 1315 1844 1398 σήμερον

261 1413 357 1484 ὑφ’
395 1415 572 1485 ὑμῶν.
619 1417 886 1482 ’Δκούσας
924 1418 984 1471 δὲ
1035 1418 1206 1472 ταῦτα
1261 1421 1289 1473 6
1327 1421 1494 1491 Φῆλιξ
1548 1420 1843 1487 ἀνεϐάλετο

260 1507 490 1570 αὐτοὺς,
515 1506 902 1578 ἀκριϐέστερον
929 1507 1084 1572 εἰδὼς
1111 1510 1178 1563 τά
1208 1510 1335 1581 περὶ
1363 1511 1464 1580 τῆς
1490 1509 1632 1576 ὁδοῦ,
1653 1511 1842 1564 εἰπών·

262 1597 441 1653 ’Ὅταν
475 1600 680 1662 Λυσίας
704 1602 731 1652 6
761 1599 1042 1671 χιλίαρχος
1073 1591 1307 1671 καταϐῇ,
1357 1602 1729 1672 διαγνώσομαι
1777 1600 1847 1654 τά

259 1689 391 1744 καθ’
422 1691 588 1762 ὑμᾶς,
611 1690 1004 1763 διαταξάμενος
1037 1693 1115 1762 τῷ
1159 1685 1532 1766 ἑκατοντάρχῃ
1566 1693 1845 1766 τηρεῖσθαι

260 1781 454 1848 αὑτὸν,
495 1782 636 1854 ἔχειν
687 1801 748 1836 τε
791 1783 998 1850 ἄνεσιν,
1033 1785 1129 1840 καὶ
1173 1775 1381 1856 μηδένα
1447 1784 1676 1840 κωλύειν
1738 1785 1845 1838 τῶν

1945 609 2068 649 cum
2097 594 2358 659 tumultu,
2394 592 2616 664 quidam
2668 605 2847 646 autem
2893 607 2957 647 ex
2983 590 3108 644 Asia
3140 589 3335 656 Judrei,
3376 607 3512 659 quos

1945 684 2235 755 oportebat
2268 683 2409 753 apud
2435 691 2487 736 te
2525 689 2726 753 praesto
2750 697 2896 744 esse,
2939 689 2994 735 et
3013 695 3278 738 accusare
3309 682 3354 736 si
3381 683 3509 752 quid

1949 775 2210 828 haberent
2236 771 2524 826 adversum
2559 786 2644 827 me
2668 788 2684 826 :
2709 778 2802 825 aut
2827 770 2880 825 hi
2923 771 3038 840 ipse
3066 770 3256 825 dicunt
3303 771 3348 825 si
3383 775 3514 841 quid

1947 865 2274 920 invenerunt
2297 863 2350 918 in
2377 879 2462 918 me
2493 863 2798 932 iniquitatis
2828 878 2952 917 cum
2983 872 3118 917 stem
3153 864 3206 918 in
3257 864 3514 925 concilio.

1948 957 2054 1013 nisi
2111 956 2180 1010 de
2232 971 2339 1010 una
2400 955 2502 1010 hac
2558 953 2902 1010 solummodo
2935 969 3070 1009 voce
3126 970 3231 1024 qua
3282 955 3513 1010 clamavi

1948 1048 2092 1104 inter
2116 1062 2214 1103 eos
2251 1054 2432 1114 stans,
2488 1047 2746 1116 quoniam
2805 1045 2880 1103 De
2936 1048 3337 1103 resurrectione
3371 1063 3516 1102 mor-

1949 1150 2168 1194 tuorum
2196 1153 2298 1209 ego
2339 1136 2742 1206 judicorhodie
2793 1153 2823 1191 a
2855 1139 3027 1194 vobis.
3075 1139 3298 1194 Distulit
3333 1153 3514 1195 autem

1948 1231 2072 1285 illos
2097 1216 2268 1296 Felix,
2303 1230 2605 1286 certissime
2627 1231 2809 1286 sciens
2837 1230 2902 1286 de
2955 1233 3042 1285 via
3089 1232 3209 1297 hac,
3267 1232 3462 1288 dicens
3502 1247 3517 1283 :

1945 1322 2081 1379 Cum
2107 1323 2362 1380 tribunus
2420 1322 2611 1395 Lysias
2672 1324 3048 1391 descenderit,
3104 1325 3321 1380 audiam
3397 1341 3518 1380 vos.

1945 1411 2228 1481 Jussitque
2259 1411 2565 1468 centurioni
2600 1411 2878 1467 custodire
2917 1427 3065 1478 eum,
3095 1420 3148 1466 ιιι
3198 1413 3403 1468 habere
3433 1429 3517 1468 rc-

1947 1503 2150 1573 quiem,
2185 1517 2287 1556 nec
2309 1517 2636 1572 quemquam
2673 1502 2740 1557 de
2765 1502 3183 1572 suisprohiherc
3207 1504 3522 1558 ministrare

1945 1596 2020 1650 ei.
2051 1587 2181 1651 Post
2222 1596 2439 1665 aliquos
2487 1603 2666 1650 autem
2715 1595 2835 1661 dies
2894 1596 3120 1652 veniens
3177 1595 3324 1651 Felix
3396 1612 3520 1652 cum

1947 1686 2183 1742 Drusilla
2208 1701 2486 1742 uxoresua
2515 1702 2636 1754 quae
2659 1685 3001 1757 eratJudaea,
3031 1687 3242 1743 vocavit
3269 1686 3522 1753 Paulum,
3619 1758 3630 1764 η

1946 1788 2001 1834 et
2029 1779 2241 1834 audivit
2270 1780 2338 1834 ab
2363 1794 2429 1836 eo
2463 1778 2624 1834 tidem
2648 1795 2773 1848 qua:
2807 1788 2893 1834 est
2921 1780 2975 1834 in
3007 1779 3287 1836 Christum
3313 1778 3523 1835 Jesum.

260 1873 416 1927 ίδίων
453 1871 621 1929 αὑτοῦ
644 1866 958 1948 ὑπηρετεῖν,
991 1878 1025 1949 ἢ
1062 1878 1464 1950 προσέρχεσθαι
1493 1878 1664 1949 αὐτῷ.
1693 1877 1842 1932 Μετά

1952 1871 2274 1942 Disputante
2293 1879 2475 1927 autem
2500 1871 2594 1928 illo
2626 1871 2693 1926 de
2726 1871 2938 1940 iustitia
2963 1880 3020 1927 et
3067 1871 3323 1927 castitate
3353 1881 3408 1927 et
3459 1873 3528 1928 de

256 1961 314 2014 δὲ
348 1963 567 2036 ἡμέρας
596 1967 745 2031 τινάς
770 1967 1216 2038 παραγενόμενος
1242 1969 1272 2022 6
1300 1961 1468 2038 Φῆλιξ
1495 1969 1593 2022 σὺν
1619 1956 1842 2040 Δροσίλδ-

257 2053 331 2127 λῃ
366 2058 436 2127 τῇ
473 2057 578 2129 ἰδίᾳ
599 2059 842 2126 γυναικὶ,
872 2057 1008 2131 οθσῃ
1041 2059 1292 2131 Ἰουδαίᾳ,
1335 2058 1725 2131 μετεπέμψατο
1752 2059 1844 2112 τὸν

261 2146 507 2215 Παῦλον,
546 2150 640 2202 καὶ
691 2150 924 2222 ἤκουσεν
975 2149 1140 2203 αὐτοῦ
1196 2149 1326 2221 περὶ
1369 2151 1471 2219 τῆς
1503 2152 1582 2214 είς
1607 2150 1843 2224 Χριστὸν

271 2235 492 2310 Ἰησοῦν
526 2241 779 2306 πίστεως.
825 2235 1223 2312 Διαλεγομένου
1260 2242 1320 2297 δὲ
1367 2232 1535 2298 αὑτοῦ
1581 2244 1708 2314 περὶ
1763 2244 1842 2298 δι-

257 2327 586 2403 καιοσύνης,
627 2335 723 2387 καὶ
761 2333 1114 2405 ἐγκρατείας,
1143 2333 1239 2388 καὶ
1288 2334 1384 2389 τοῦ
1433 2335 1702 2407 κρίματος
1742 2335 1838 2388 τοῦ

260 2422 559 2491 μέλλοντος
596 2422 836 2492 ἔσεσθαι,
864 2420 1103 2498 ἔμφοϐος
1129 2426 1420 2498 γενόμενος
1451 2427 1481 2480 6
1513 2417 1682 2498 Φῆλιξ
1729 2427 1838 2480 ἀπ-

1947 1956 2156 2035 judicio
2200 1962 2406 2027 futuro,
2453 1962 2805 2018 tren'iel'actus
2830 1956 2979 2018 Felix
3009 1963 3289 2034 respondit
3320 1981 3335 2019 :
3374 1963 3526 2030 Quod

1954 2072 2097 2111 nunc
2133 2056 2348 2120 attinet,
2385 2053 2562 2110 vade:
2589 2067 2836 2127 tempore
2865 2063 3048 2112 autem
3096 2065 3408 2128 opportuno
3431 2071 3528 2112 ac-

1953 2161 2166 2204 cersam
2204 2157 2296 2203 te:
2327 2147 2491 2202 simul
2523 2155 2577 2203 et
2605 2161 2856 2218 sperans,
2887 2147 3031 2219 quod
3081 2148 3313 2218 pecunia
3357 2148 3406 2204 ei
3432 2149 3528 2203 da.

1954 2249 2108 2296 retur
2139 2254 2168 2294 a
2191 2237 2387 2305 Paulo,
2421 2249 2649 2310 propter
2677 2239 2825 2311 quod
2857 2248 2912 2295 et
2944 2239 3290 2312 frequentem
3339 2255 3528 2296 accer-

1959 2348 2093 2391 sens
2126 2347 2262 2390 eum.
2285 2332 2613 2404 loquebatur
2643 2347 2768 2388 cum
2799 2348 2888 2390 co.

255 2517 462 2589 εκρίθη
483 2535 498 2549 θ
533 2516 608 2572 Τὸ
639 2519 731 2572 νῦν
759 2515 881 2590 ἔχον
918 2519 1150 2591 πορεύου
1170 2534 1184 2548 θ
1204 2521 1396 2590 καιρὸν
1435 2515 1491 2574 δὲ
1517 2519 1838 2592 μεταλαϐὼν
1877 2519 2318 2592 μετακαλέσομαί
2347 2537 2408 2572 σε
2429 2535 2442 2549 ·
2475 2519 2594 2589 ἅμα
2615 2517 2673 2573 δὲ
2695 2519 2788 2573 διαὶ
2812 2517 3068 2583 ἐλπίζων,
3124 2518 3208 2574 ὅτι
3269 2518 3528 2590 χρήματα

256 2607 552 2680 δοθήσεται
587 2610 736 2684 αὐτῷ
775 2612 880 2667 ὑπὸ
910 2611 1005 2665 τοῦ
1032 2610 1271 2679 Παύλου,
1297 2613 1446 2679 ὅπως
1469 2603 1607 2686 λύσῃ
1645 2613 1841 2668 αὐτόν’
1915 2615 1996 2668 διὸ
2056 2613 2152 2668 καὶ
2183 2612 2516 2683 πυκνότερον
2573 2613 2736 2668 αὑτὸν
2779 2625 3297 2684 μεταπεμπομενος,
3330 2611 3528 2682 ὡμίλει

254 2691 437 2776 αὖτῷ.

837 2800 1084 2858 non.
1125 2803 1269 2871 Aq'.

259 2883 408 2959 Περὶ
458 2889 572 2960 τῆς
631 2891 893 2961 Φήλικος
945 2895 1253 2966 διαδοχῆς,
1308 2898 1407 2953 καὶ
1458 2897 1566 2967 τῆς
1597 2899 1843 2969 Φήστου

332 2983 756 3053 προαγωγίας,
809 2984 922 3054 τῆς
972 3003 1038 3040 τε
1087 2987 1180 3041 ἐπ’
1233 2989 1421 3044 αὑτοῦ
1469 2989 1843 3060 ἀνακρίσεως

333 3069 586 3132 Παύλου
621 3078 716 3130 καὶ
747 3069 1040 3148 ἀφέσεως.

335 3168 556 3230 Διετίας
603 3168 661 3222 δὲ
696 3169 1103 3242 πληρωθείσης,
1137 3164 1295 3224 ἔλαϐε
1335 3170 1576 3242 διάδοχον
1604 3173 1632 3224 6
1673 3158 1840 3244 Φῆλιξ

2508 2797 2738 2856 CAPUT
2791 2797 3030 2854 XXXVI.

1949 2896 2026 2952 De
2057 2895 2249 2952 Felicis
2278 2893 2605 2950 successione
2629 2902 2678 2948 et
2707 2889 3155 2962 Festifunctione.
3177 2903 3227 2948 et
3263 2893 3326 2950 de
3365 2894 3526 2950 Pauli

2231 3003 2410 3043 coram
2438 2988 2550 3056 ipso
2575 2987 2817 3042 examine
2843 2985 3237 3042 eldimissione.

2018 3141 2288 3244 XXIV,27
2307 3175 2504 3255 ,XXV,
2523 3177 2679 3234 l-l3.
2704 3176 2930 3231 Biennio
2959 3182 3140 3232 autem
3163 3177 3401 3247 expleto,
3437 3194 3530 3234 ace

263 3260 507 3330 Πόρκιον
556 3260 766 3329 Φῆστον
786 3238 821 3292 ί
851 3238 1045 3316 θέλων
1069 3263 1130 3316 δὲ
1172 3263 1332 3335 χάριν
1367 3238 1700 3320 καταθέσθαι
1728 3238 1842 3330 τοῖς

1949 3272 2097 3342 cepit
2112 3247 2486 3327 successorem
2503 3267 2652 3326 Felix
2672 3268 2915 3324 Portium
2933 3267 3180 3325 Festum.
3205 3269 3407 3324 Vulens
3425 3285 3523 3325 aus

272 3351 564 3414 Ἰουδαίοις
598 3352 626 3404 6
651 3350 838 3422 Φῆλιξ,
873 3354 1134 3408 κατέλιπε
1162 3355 1255 3409 τὸν
1291 3355 1505 3410 Παῦλον
1535 3356 1846 3427 δεδεμένον.

257 3444 478 3514 Φῆστος
506 3441 599 3499 οὖν
637 3445 838 3510 ἐπιϐάς
864 3447 930 3519 τῇ
963 3448 1228 3520 ἐπαρχίᾳ,
1264 3449 1404 3520 μετά
1456 3452 1606 3523 τρεῖς
1632 3450 1848 3522 ἡμέρας

258 3535 438 3607 ἀνέϐη
466 3538 546 3599 είς
591 3537 941 3610 Ἰεροσόλυμα
991 3540 1100 3594 ἀπὸ
1150 3542 1510 3612 Καισαρείας.
1553 3543 1848 3612 Ἐνεφάνηι

262 3630 369 3684 σάν
402 3647 463 3682 τε
494 3631 643 3701 αύτῷ
697 3633 747 3686 οἱ
803 3634 1083 3705 ἀρχιερεῖς
1115 3633 1210 3687 καὶ
1249 3635 1299 3687 οἱ
1334 3633 1542 3705 πρῶτοι
1564 3635 1674 3690 τῶν
1714 3635 1845 3689 ’1ου-

259 3722 434 3776 δαίων
465 3723 606 3778 κατά
637 3723 732 3778 τοῦ
762 3725 999 3790 Παύλου,
1031 3726 1128 3780 καὶ
1154 3726 1506 3797 παρεκάλουν
1540 3727 1726 3792 αὑτὸν,
1755 3728 1842 3781 αί-

261 3813 526 3884 τούμενοι
571 3817 730 3887 χάριν
775 3819 900 3870 κατ’
951 3817 1144 3882 αὐτοῦ,
1203 3819 1352 3882 ὅπως
1417 3819 1843 3890 μεταπέμψηται

259 3907 434 3960 αὐτὸν
494 3909 576 3971 είς
627 3910 1007 3982 Ἰερουσαλὴμ,
1049 3911 1272 3982 ἐνέδραν
1311 3912 1590 3975 ποιοῦντες
1625 3913 1834 3965 ἀνελεῖν

260 4000 431 4052 αὐτὸν
464 4001 602 4053 κατά
630 4000 727 4070 τὴν
774 4001 915 4056 ὁδόν.
960 4000 1019 4055 '0
1049 4002 1146 4071 μὲν
1189 4001 1284 4054 οῦν
1305 4002 1511 4072 Φῆστος
1555 4001 1832 4072 ἀπεκρίθη

260 4093 555 4162 τηρεῖσθαι
578 4093 668 4145 τὸν
705 4094 913 4147 Παῦλον
947 4096 1004 4149 ἐν
1034 4095 1366 4165 Καισαρείᾳ,
1401 4094 1594 4146 ἑαυτὸν
1625 4094 1680 4146 δὲ
1712 4094 1841 4166 μέλ-

258 4185 378 4236 λειν
405 4187 465 4237 ἐν
494 4187 650 4254 τάχει
703 4186 1121 4257 ἐκπορεύεσθαι.
1156 4187 1219 4239 Oi
1238 4185 1331 4238 οῦν
1362 4187 1578 4239 δυνατοὶ
1604 4188 1662 4238 ἐν
1688 4187 1836 4256 ὑμῖν,

258 4277 425 4346 φησι,
457 4277 925 4346 συγκαταϐἀντες,
961 4277 1086 4331 sit!
1110 4281 1257 4330 ἐστιν
1287 4280 1344 4331 ὲν
1369 4277 1450 4349 τῷ
1477 4278 1633 4349 ἀνδρὶ
1665 4278 1840 4350 τούτῳ

258 4371 504 4435 ἄτοπον,
551 4373 1030 4444 κατηγορείτωσαν
1099 4372 1288 4427 αὐτοῦ.
1323 4371 1625 4444 Διατρίψας
1683 4373 1741 4426 δὲ
1781 4373 1840 4426 ἐν

1949 3370 2058 3419 tem
2081 3365 2310 3434 gratiam
2334 3371 2592 3432 praestare
2621 3359 2827 3414 .Iudaais
2856 3357 3030 3424 Felix,
3052 3360 3272 3429 reliquit
3293 3360 3521 3415 Paulum

1950 3453 2216 3508 vinctum.
2258 3450 2456 3507 Festus
2481 3466 2613 3521 ergo
2643 3465 2766 3506 cum
2803 3450 3042 3504 venisset
3070 3450 3126 3505 in
3159 3451 3522 3521 provinciam,

1948 3551 2070 3616 post
2101 3545 2340 3599 triduum
2403 3543 2654 3601 ascendit
2715 3541 3112 3614 Jerosolymam
3165 3557 3196 3596 a
3249 3539 3522 3601 Caesarea.

1944 3638 2321 3708 Adieruntque
2369 3651 2492 3691 eum
2523 3633 2803 3705 principes
2850 3635 3196 3690 sacerdotum
3247 3644 3302 3690 et
3353 3637 3516 3706 primi

1943 3731 2258 3788 Iudaeorum
2289 3729 2552 3785 adversus
2586 3727 2836 3792 Paulum,
2870 3736 2922 3783 et
2954 3722 3218 3798 rogabant
3239 3743 3390 3791 eum,
3425 3745 3527 3800 μου

1945 3824 2215 3881 stulantes
2246 3822 2472 3894 gratiam
2501 3821 2764 3878 adverSus
2810 3825 2956 3888 eum,
2984 3820 3270 3892 utjuberet
3294 3821 3523 3892 perduci

1944 3927 2071 3976 cum
2103 3919 2156 3972 in
2179 3908 2507 3984 Jerusalem,
2543 3909 2771 3970 inSidias
2819 3915 3126 3980 tendentes,
3158 3927 3216 3970 ut
3246 3914 3524 3972 interlice‘

1944 4017 2068 4064 rent
2119 4022 2243 4063 eum
2278 4006 2334 4060 in
2367 4005 2474 4058 via.
2507 4003 2706 4060 Festus
2757 4007 2939 4059 autem
2977 4002 3258 4072 respondit
3315 4001 3524 4061 servari

1942 4099 2170 4154 Paulum
2195 4099 2248 4153 in
2277 4096 2548 4160 Caesarea,
2599 4103 2659 4152 se
2692 4097 2877 4149 autem
2932 4096 3208 4151 maturius
3243 4097 3524 4167 profectu.

1944 4209 2089 4248 rum.
2117 4191 2366 4260 Quicrgo
2395 4190 2450 4244 in
2477 4191 2630 4244 vobis
2665 4187 2787 4260 (ait)
2821 4197 3073 4258 potentes
3110 4196 3264 4255 sunt,
3290 4189 3526 4246 descen-

1942 4288 2133 4340 dentes
2151 4283 2336 4346 simul,
2361 4283 2405 4336 si
2433 4281 2576 4350 quod
2635 4288 2718 4334 est
2761 4279 2815 4332 in
2847 4280 2966 4333 viro
2990 4281 3220 4346 crimen,
3261 4290 3524 4337 accusent

1940 4389 2084 4430 eum.
2112 4371 2434 4427 Demorntus
2455 4383 2629 4424 autem
2660 4359 2822 4439 304
2845 4369 2987 4424 inter
3006 4385 3102 4424 eos
3129 4366 3245 4426 dies
3268 4385 3378 4425 non
3404 4387 3524 4425 ams

259 4462 453 4525 αὐτοῖς
483 4464 694 4534 ἡμέρας
718 4466 778 4518 οὐ
811 4460 1030 4529 πλείους
1057 4465 1224 4528 ὀκτὼ,
1256 4466 1287 4536 ἢ
1313 4465 1466 4530 δέκα,
1493 4465 1738 4528 καταϐάς
1760 4466 1840 4528 εἰς

1949 4466 2086 4537 plius
2113 4479 2276 4534 quam
2321 4469 2446 4516 octo
2478 4469 2570 4514 aut
2605 4459 2817 4522 decem,
2866 4460 3151 4516 descendit
3190 4461 3520 4523 Caesaream,

261 4555 628 4626 Καισάρειαν,
662 4558 728 4626 τῇ
761 4557 1027 4628 ἐπαύριον
1065 4556 1297 4620 καθίσας
1326 4557 1420 4610 ἐπὶ
1445 4556 1540 4610 τοῦ
1572 4555 1834 4628 βήματος,

1949 4571 1995 4614 et
2028 4559 2197 4614 altera
2244 4557 2332 4611 die
2363 4554 2503 4611 sedit
2531 4563 2628 4624 pro
2655 4552 2932 4617 tribunali,
2987 4556 3043 4607 et
3093 4552 3259 4622 jussit
3289 4550 3519 4608 Paulum

257 4647 520 4700 ἐκέλευσε
568 4648 659 4700 τὸν
709 4649 920 4702 Παῦλον
964 4649 1213 4720 ἀχθῆναι.
1274 4649 1727 4719 Παραγενομένου
1776 4647 1835 4703 δὲ

1949 4650 2158 4706 adduci.
2191 4649 2315 4716 Qui,
2344 4661 2466 4702 cum
2497 4644 2793 4716 perductus
2813 4652 2981 4706 esset,
3028 4643 3521 4700 circumsteterunt

258 4738 452 4802 αὐτοῦ,
495 4740 866 4810 περιέστησαν
917 4739 1114 4814 [αὐτῷ]
1173 4742 1222 4794 οἱ
1276 4741 1385 4794 ἀπὸ
1449 4741 1836 4811 Ἰεροσολύμων

1949 4762 2086 4810 eum,
2109 4745 2199 4816 qui
2232 4743 2300 4798 ab
2327 4739 2662 4812 JeroIOSyma
2681 4737 3075 4794 descenderant
3091 4737 3288 4800 Judaei,
3318 4737 3516 4792 multas

261 4831 604 4895 καταϐάντες
641 4833 908 4897 Ἰουδαῖοί,
942 4833 1114 4886 πολλά
1157 4835 1254 4887 καὶ
1314 4833 1486 4904 βαρέα
1540 4835 1839 4901 αἰτιάματα

1949 4849 1997 4897 et
2027 4853 2221 4910 graves
2279 4844 2480 4891 causas
2534 4832 2879 4903 obiicientes,
2951 4846 3088 4902 quas
3118 4846 3223 4886 non
3272 4837 3520 4901 peteraut

262 4924 526 4994 φέροντες
553 4925 694 4978 κατά
713 4925 807 4979 τοῦ
836 4925 1074 4988 Παύλου,
1110 4925 1146 4980 ἃ
1178 4927 1280 4979 οὐκ
1311 4927 1499 4997 ἴσχυον
1528 4925 1836 4990 ἀποδεῖξαιο

1949 4927 2194 4999 probare,
2210 4923 2379 4977 Paulo
2401 4923 2666 4976 rationem
2687 4919 2968 4983 reddente,
2990 4920 3246 4988 quoniam
3264 4919 3449 4988 Neque
3465 4919 3517 4971 in

259 5017 359 5070 τοῦ
389 5016 607 5070 Παύλου
635 5017 1100 5089 ἀπολογουμένου,
1129 5017 1212 5070 ὅτι
1260 5017 1398 5072 Οῦτε
1433 5019 1513 5081 είς
1560 5018 1651 5070 τὸν
1678 5019 1840 5087 νόμον

1949 5021 2114 5090 legem
2169 5016 2505 5080 Iudaeorum,
2563 5026 2739 5083 neque
2803 5013 2857 5066 in
2908 5013 3193 5081 templum,
3252 5027 3428 5082 neque
3459 5011 3515 5066 in

262 5109 374 5165 τῶν
409 5110 705 5174 Ἰουδαίων,
726 5110 848 5164 οὔτε
879 5113 957 5173 εἰς
998 5112 1060 5165 τδ
1090 5110 1255 5182 ἱερὸν,
1282 5111 1402 5165 οὔτε
1457 5113 1536 5174 είς
1588 5111 1842 5182 Καίσαρά

1949 5112 2217 5168 Czrsarem
2276 5095 2577 5181 quidquam
2626 5107 2868 5178 peccavi.
2904 5103 3099 5160 Festus
3126 5115 3305 5159 autem
3328 5105 3517 5161 volens

263 5223 315 5257 τι
347 5205 623 5275 ἥμαρτον.
651 5199 860 5271 Φῆστος
887 5203 965 5266 δὲ,
1000 5205 1172 5258 θέλων
1224 5206 1336 5267 τοῖς
1378 5199 1652 5268 Ἰουδαίοις
1685 5205 1842 5276 χάριν

1949 5204 2178 5274 gratiam
2200 5211 2459 5274 praestare
2477 5196 2704 5264 ludatis,
2735 5199 3075 5268 respondens
3101 5198 3292 5264 Paulo,
3323 5197 3461 5252 dixit
3497 5237 3512 5262 ,

273 5296 621 5361 ιαταθέσθαι,
658 5297 981 5366 ἀποκριθεὶς
1009 5296 1086 5366 τῷ
1117 5295 1333 5366 Παύλῳ,
1368 5292 1518 5349 εἴπεο
1550 5297 1734 5360 Θέλεις
1765 5299 1843 5358 είς

276 5386 630 5457 Ἱεροσόλυμα
662 5387 889 5450 ἀναϐάς,
926 5387 1046 5439 ἐκεῖ
1087 5386 1219 5458 περὶ
1248 5385 1452 5438 τούτοιν
1475 5385 1730 5454 κριθῆναι
1757 5385 1842 5438 ἐπ’

264 5481 436 5551 εμοῦ;
471 5476 606 5533 Eius
633 5479 690 5532 δὲ
716 5483 744 5534 6
769 5480 980 5542 Παῦλος
1000 5495 1015 5510 ο
1068 5479 1192 5531 Ἐπὶ
1227 5476 1321 5531 τοῦ
1354 5478 1596 5548 βήματος
1635 5480 1844 5532 Καίσα-

270 5591 362 5644 ρος
419 5573 592 5637 ἐστὼς
630 5575 768 5644 εἰμι,
805 5565 868 5626 οὗ
939 5590 1006 5642 με
1048 5572 1132 5626 δεῖ
1176 5571 1460 5642 κρίνεσθαι
1486 5587 1501 5602 ·
1560 5571 1846 5636 Ἰουδαίους

269 5665 426 5718 οὐδὲν
483 5665 748 5737 ἠδίκησα,
793 5666 868 5728 ὡς
921 5665 1017 5718 καὶ
1066 5664 1130 5717 σὺ
1182 5662 1400 5716 κάλλιον
1437 5661 1842 5731 ἐπιγινώσκεις.

272 5757 335 5812 Εἰ
362 5758 464 5829 μὲν
487 5755 582 5812 οὖν
603 5757 774 5812 ἀδικῶ
811 5759 910 5811 καὶ
936 5757 1086 5818 ἀξιον
1125 5755 1356 5810 θανάτου
1393 5753 1653 5825 πέπραχά
1681 5773 1756 5819 τι,
1783 5756 1844 5809 ού

272 5854 648 5924 παραιτοῦμαι
676 5852 768 5906 τοῦ
795 5853 1082 5907 ἀποθανεῖν
1104 5866 1117 5881 ⁸
1148 5853 1195 5905 εί
1213 5849 1264 5904 δὲ
1289 5849 1438 5906 οὐδέν
1461 5851 1626 5918 ἐστιν,
1649 5844 1721 5904 ὢν
1755 5842 1845 5902 οὗ·

1947 5296 2044 5351 Vis
2072 5296 2466 5366 Jerosolymam
2508 5292 2825 5356 ascendere,
2847 5291 2993 5345 clibi
3029 5290 3096 5344 de
3153 5289 3238 5344 his
3276 5287 3510 5358 iudicari
3567 5338 3570 5340 .

1949 5390 2094 5461 apud
2141 5404 2226 5445 tne
2251 5388 2440 5444 illisit
2466 5395 2648 5441 autem
2675 5386 2875 5439 Patrltts
2911 5400 2926 5438 :
2962 5382 3042 5436 Ad
3064 5382 3302 5438 tribunal
3330 5383 3514 5439 Caes»

1951 5484 2028 5540 ris
2059 5491 2167 5551 sto,
2198 5483 2270 5538 ibi
2294 5489 2510 5552 oportet
2564 5495 2650 5534 me
2675 5477 2932 5549 iudicari.
2960 5474 3163 5530 Iudaeis
3189 5492 3298 5532 non
3327 5477 3512 5540 noetii,

1949 5577 2096 5633 sicut
2137 5583 2193 5629 tu
2226 5575 2422 5628 melius
2450 5571 2615 5626 nosti.
2642 5570 2699 5623 Si
2742 5568 2890 5624 enim
2947 5567 3112 5622 nocui
3153 5579 3247 5623 aut
3294 5569 3512 5639 dignum

1949 5675 2127 5723 morte
2165 5664 2368 5732 aliquid
2399 5661 2525 5726 feci,
2556 5677 2665 5716 non
2703 5675 2899 5716 recuso
2921 5642 3057 5715 mori
3089 5675 3106 5726 ;
3141 5661 3189 5716 si
3221 5676 3350 5715 vero
3377 5654 3513 5714 nihil

1949 5767 2032 5813 cst
2082 5769 2272 5810 eorum
2317 5769 2437 5824 qme
2461 5754 2515 5807 hi
2545 5762 2810 5808 accusant
2837 5767 2944 5814 me,
2977 5767 3136 5807 nemo
3193 5761 3373 5823 potest
3422 5761 3512 5804 me

1953 5849 2060 5904 illis
2085 5846 2310 5904 donare.
2342 5846 2607 5902 Caesarem
2656 5845 2890 5916 appello.
2929 5841 3083 5902 Tunc
3133 5844 3326 5902 Festus
3364 5853 3512 5920 (cum
