3950 6636
229 557 349 621 1041
788 557 1321 621 EXPOSITIONIS
1360 558 1440 620 IN
1480 559 1669 620 ACTA
1700 559 1998 624 TEXTUS
2031 562 2296 625 ALTER.
2342 586 2409 595 --
2451 560 2611 623 CAP.
2646 558 2863 621 XXVI.
3326 553 3462 617 illi“!

797 674 1180 731 EPMHNEIA.
1801 677 1854 737 A
2370 677 2829 735 COMMENTARI
2844 675 2951 732 US.

293 762 384 825 Είς
413 759 569 826 τάξιν
612 762 879 834 βασιλέως
918 763 1111 836 κατῄει
1146 766 1205 818 ὲν
1240 767 1363 829 ταῖς
1415 764 1710 837 ἐπαρχίαις
1761 767 1791 819 ό

1973 775 2078 829 Aut
2108 791 2205 844 pro
2232 789 2357 844 rege
2403 789 2499 829 seu
2527 769 2857 842 imperatore
2909 770 2963 824 in
3011 767 3327 841 provincias
3370 768 3469 822 de—

238 853 564 923 ⁹Αγρίππας,
588 855 682 908 καὶ
710 853 800 908 διὰ
818 852 980 909 τοῦτο
1000 856 1097 910 καὶ
1119 855 1374 928 βασιλεὺς
1402 857 1791 928 ἐχρημάτιζεν*

1946 866 2191 922 :cndcbat
2220 865 2479 937 Agrippa,
2538 872 2594 919 et
2630 862 2836 917 idcirco
2866 877 2959 915 rex
2994 859 3296 931 appellatus
3332 869 3419 914 est
3456 874 3470 911 π

229 945 259 1016 ἢ
282 945 376 997 καὶ
400 943 545 1014 τάχα
575 943 830 1015 βασιλεὺς
857 941 926 1018 ἦν
972 947 1068 1001 καὶ
1094 947 1258 1011 αὐτὸς
1295 946 1406 1001 τῶν
1455 946 1790 1002 ἀνατολικῶν

1946 956 1985 1013 ει
2013 970 2203 1012 revera
2233 971 2326 1010 rex
2357 962 2475 1010 erat
2507 953 2670 1010 etiam
2694 950 2811 1022 ipse
2842 949 2897 1005 in
2928 949 3183 1021 partibus
3215 947 3473 1003 Orienta-

226 1036 430 1115 μερῶν,
447 1034 542 1090 τοῦ
567 1037 820 1109 Νέρωνος
838 1039 948 1093 τῶν
968 1039 1200 1095 δυτικῶν
1221 1041 1503 1112 ἄρχοντος,
1528 1038 1625 1094 καὶ⁸
1645 1040 1797 1105 ὄντος

1946 1050 2060 1114 bus,
2091 1061 2216 1102 cum
2243 1046 2385 1103 Nero
2419 1047 2474 1101 in
2508 1043 2801 1101 Occidente
2855 1040 3148 1114 imperaret
3205 1046 3259 1093 et
3280 1036 3468 1109 Roma:

226 1132 279 1181 ἐν
318 1116 532 1200 Ῥώμη.
816 1218 1182 1275 KEIMENON

1946 1142 2190 1199 :sideret.
2207 1222 2210 1226 Δ

303 1309 711 1381 ’Δπορούμενος
741 1310 799 1363 δὲ
829 1309 941 1380 ἐγὼ
972 1313 1054 1376 είς
1081 1311 1180 1383 τὴν
1223 1311 1353 1381 περὶ
1382 1311 1588 1366 τούτων
1625 1311 1799 1383 ζήτη-

1972 1321 2349 1392 XXV,20-27.
2377 1321 2649 1379 Hmsitans
2680 1327 2861 1377 autem
2896 1332 2996 1388 ego
3032 1317 3101 1374 de
3153 1311 3471 1386 huiusmodi

226 1417 327 1464 σιν,
354 1400 569 1470 ελεγον,
595 1403 645 1455 εί
679 1401 924 1473 βούλοιτο
953 1404 1284 1477 πορεύεσθαι
1309 1405 1390 1468 είς
1428 1403 1799 1474 Ἱεροσόλυμα,

1946 1417 2222 1484 ιιωειίοηθ,
2250 1417 2518 1479 dicebam,
2538 1415 2584 1470 si
2607 1413 2767 1469 vellet
2796 1413 2875 1467 ire
2893 1409 3311 1482 Jerosolymam,
3330 1416 3384 1463 et
3401 1406 3475 1461 ibi

228 1494 390 1547 κάκεῖ
428 1494 708 1564 κρίνεσθαι
761 1498 889 1567 περὶ
921 1497 1144 1550 τούτων.
1186 1496 1294 1551 Τοῦ
1328 1496 1385 1550 δὲ
1433 1496 1645 1552 Παύλου
1678 1497 1802 1549 ἐπι-

1946 1508 2135 1563 tdicari
2154 1503 2567 1563 deistis.Paulo
2598 1514 2778 1561 autem
2794 1502 3122 1575 appellante,
3146 1510 3205 1554 ut
3226 1513 3478 1555 servare-

224 1587 596 1658 καλεσαμένου
636 1588 939 1658 τηρηθῆναι
977 1588 1142 1642 αὐτὴν
1197 1590 1278 1652 είς
1351 1587 1451 1659 τὴν
1510 1588 1604 1641 τοῦ
1637 1587 1807 1670 256a-

1946 1617 1994 1655 ιι·
2013 1600 2081 1655 ad
2103 1601 2330 1670 Augusti
2346 1597 2732 1670 cognitionem,
2753 1594 2891 1666 iussi
2911 1590 3119 1652 servari
3138 1607 3286 1655 eum,
3301 1592 3477 1646 donec

228 1678 351 1731 στοῦ
406 1678 731 1747 διάγνωσιν,
770 1680 1035 1733 ἐκέλευσα
1062 1678 1224 1733 αὐτὸν
1252 1678 1560 1750 τηρεῖσθαι,
1600 1678 1708 1740 Em;
1734 1668 1797 1731 οῦ

1946 1691 2115 1746 uittam
2149 1668 2275 1747 eum
2329 1690 2397 1746 ad
2421 1668 2725 1746 Ctesarem.
2765 1689 3004 1760 Agrippa
3028 1694 3212 1755 autem
3242 1685 3378 1742 dixit
3412 1686 3478 1739 ad

226 1767 542 1838 ἀναπέμψω
565 1769 725 1825 αὐτὸν
750 1770 1182 1842 πρδςλαίσαρα.
1230 1770 1540 1842 Ἀγρίππας
1577 1770 1634 1825 δὲ
1671 1771 1807 1843 πρὸς

1946 1785 2154 1852 'estum,
2186 1783 2388 1839 Vellem
2430 1790 2484 1838 et
2531 1782 2651 1852 ipse
2704 1780 2981 1836 hominem
3030 1778 3228 1845 audire
3269 1795 3284 1831 :
3322 1777 3479 1844 Cras,

224 1859 312 1913 τδν
343 1860 566 1930 Φῆστον
590 1860 694 1933 ἔφη
725 1878 743 1894 ο
791 1861 1124 1934 Ἐϐουλόμην
1155 1863 1249 1916 καὶ
1274 1861 1438 1926 αὐτὸς
1462 1860 1557 1915 τοῦ
1593 1859 1805 1932 ἀνθρὼ-

1946 1876 2108 1946 tquit,
2144 1874 2335 1930 audies
2362 1887 2508 1929 eum.
2542 1873 2718 1929 Altera
2739 1878 2919 1927 autem
2945 1870 3052 1935 die,
3081 1886 3209 1927 cum
3231 1863 3486 1925 venisset

226 1969 323 2005 που
358 1952 623 2039 άκοῦσαι.
672 1954 732 2008 '0
758 1955 836 2019 δὲ,
866 1952 1121 2026 Αύυριον,
1163 1954 1350 2026 φησιν,
1388 1952 1600 2027 ἀκούσῃ
1619 1953 1803 2010 αὐτοῦ.

1946 1967 2145 2039 .grippa
2179 1976 2231 2021 et
2256 1964 2484 2020 Bernice
2518 1978 2640 2018 cum
2682 1962 2850 2016 multa
2881 1960 3200 2027 ambitione,
3227 1970 3280 2015 et
3310 1961 3485 2014 intro-

226 2045 301 2115 Τῇ
334 2038 439 2099 οὖν
495 2045 753 2117 ἐπαύριον
803 2015 1050 2111 ἐλθόντος
1226 2015 1525 2116 ’Ἄγρίππα
1569 2015 1667 2099 καὶ
1709 2045 1808 2116 τῆς

1946 2015 2145 2039 -υ--η-
2183 2015 2482 2021 -------κν-
2750 2015 2753 2016 ν
2808 2015 2812 2016 ν
2989 2015 3019 2016 η
3086 2015 3096 2016 κ
3186 2015 3200 2027 ,

1946 2066 2093 2113 ssent
2118 2057 2174 2112 in
2203 2055 2537 2112 auditorium
2571 2069 2695 2110 cum
2727 2053 2966 2109 tribunis
3017 2064 3070 2108 et
3096 2052 3233 2108 viris
3281 2048 3485 2120 princi-

229 2138 527 2209 Βερνίκης,
560 2138 698 2208 μετὰ
736 2139 936 2208 πολλῆς
967 2139 1291 2211 φαντασίας,
1326 2141 1420 2194 καὶ
1456 2139 1807 2193 εἰσελθόντων

1946 2147 2133 2204 ηθιὶιηιε
2188 2146 2449 2212 civitatis,
2520 2143 2746 2217 iubente
2794 2143 2983 2212 Festo,
3074 2142 3344 2198 adductus
3400 2151 3486 2196 est

229 2232 305 2291 είς
335 2229 401 2283 τὸ
427 2231 823 2304 ἀκροατήριον,
859 2231 956 2286 σύν
981 2242 1042 2287 τε
1072 2235 1182 2296 τοῖς
1214 2230 1540 2302 χιλιάρχοις,
1580 2231 1674 2285 καλ⁵
1716 2230 1811 2284 άν-

1946 2239 2135 2295 ἰιυὶυε.
2178 2238 2246 2293 Et
2274 2239 2409 2296 dicit
2437 2236 2676 2295 Festus:
2733 2237 2972 2309 Agrippa
3031 2251 3148 2298 rex,
3191 2242 3246 2293 et
3292 2249 3486 2288 omnes

228 2319 385 2389 δράσι
418 2323 537 2385 τοῖς
568 2324 691 2377 κατ’
712 2321 906 2394 ἐξοχὴν
932 2320 1052 2378 οὖσι
1078 2323 1176 2393 τῆς
1206 2323 1438 2389 πόλεως,
1480 2323 1576 2377 καὶ
1618 2321 1811 2377 κελεύ-

1949 2331 2004 2388 υἰ
2031 2330 2195 2386 simul
2221 2331 2425 2386 adestis
2445 2330 2608 2402 303
2631 2328 2913 2384 nobiscum
2938 2327 3062 2392 viri,
3087 2325 3285 2381 videtis
3317 2325 3484 2383 hunc.

215 2412 431 2475 ’σαντος
483 2412 578 2466 τοῦ
616 2413 851 2485 Φήστου,
909 2414 1052 2486 ἤχθη
1096 2416 1125 2467 ὁ
1156 2413 1388 2477 Παῦλος.
1438 2414 1549 2468 Καί
1581 2429 1748 2484 φησιν
1782 2413 1810 2465 ὁ

1946 2440 1975 2476 c
1995 2436 2103 2492 quo
2134 2422 2312 2476 omnis
2336 2421 2623 2475 multitudo
2652 2419 2967 2475 Jud:eorum‘
2997 2417 3367 2489 interpellavit
3388 2432 3484 2493 me

227 2504 438 2573 Φῆστος
465 2517 484 2534 ⁶
525 2504 798 2574 Ἀγρίππα
840 2504 1086 2576 βασιλεῦ,
1118 2505 1211 2561 καὶ
1232 2506 1430 2571 πάντες
1459 2508 1509 2559 οἱ
1562 2520 1817 2576 συμπαρ-

232 2592 385 2655 όντες
447 2594 585 2665 ἡμῖν
637 2595 827 2666 ἄνδρες
849 2636 864 2661 ,
907 2598 1160 2668 θεωρεῖτε
1189 2596 1395 2664 τοῦτον,
1424 2598 1551 2667 περὶ
1585 2589 1646 2651 οὗ
1675 2595 1819 2650 ἅπαν

232 2686 291 2739 τὸ
316 2687 535 2758 πλῆθος
562 2686 671 2742 τῶν
719 2689 992 2744 Ἰουδαίων
1026 2689 1279 2760 ἐνέτυχόν
1328 2706 1418 2759 μοι
1448 2687 1504 2741 έν
1548 2703 1608 2740 τε
1652 2685 1815 2756 Ἱερο-

236 2779 502 2849 σολύμοις
529 2780 625 2832 καὶ
654 2780 862 2847 ἐνθάδε,
892 2779 1243 2846 ἐπιϐοῶντες,
1272 2780 1349 2853 μὴ
1389 2780 1499 2834 δεῖν
1525 2778 1688 2833 αὐτὸν
1715 2776 1815 2849 ζῇν

238 2871 464 2942 μηκέτι.
511 2870 650 2940 Ἐγὼ
679 2871 737 2926 δὲ
765 2871 1228 2944 καταλαϐόμενος,
1265 2873 1433 2945 μηδὲν
1462 2870 1624 2928 αὐτὸν
1666 2872 1816 2938 ἄξιον

233 2963 479 3018 θανάτου
505 2965 869 3037 πεπραχέναι,
899 2966 1065 3021 αὑτοῦ
1091 2968 1148 3022 δὲ
1177 2966 1369 3021 τούτου
1410 2963 1816 3036 ἐπικαλεσαμέ-

236 3074 325 3110 νου
366 3057 466 3111 τδν
506 3058 796 3125 Σεϐαστὸν,
832 3060 1023 3133 ἔκρινα
1062 3061 1304 3132 πέμπειν
1337 3062 1518 3119 αὐτόν.
1579 3059 1719 3132 Περὶ
1756 3056 1820 3112 οῦ

236 3151 492 3220 ασφαλές
542 3168 594 3205 τι
646 3153 857 3225 γράψαι
906 3153 987 3225 τῷ
1023 3155 1199 3227 κυρίῳ
1243 3173 1346 3226 μου
1399 3156 1501 3208 οὐκ
1545 3153 1674 3225 ἔχω.
1728 3151 1821 3206 Διὸ

239 3245 569 3314 προήγαγον
615 3244 777 3299 αὐτὸν
815 3246 882 3314 ἐφ
926 3245 1104 3317 ὑμῶν,
1143 3247 1239 3299 καὶ
1283 3244 1519 3315 μάλιστα
1558 3241 1652 3297 ἐπὶ
1700 3238 1819 3309 σοῦ,

1924 2512 2301 2584 Jerosolymis,
2325 2520 2572 2581 petentes
2589 2521 2642 2566 et
2671 2511 3035 2565 acclaman‘tes
3060 2523 3168 2564 non
3235 2515 3489 2577 oportere

1925 2620 2049 2661 eum
2077 2603 2258 2660 vivere
2277 2602 2528 2673 amplius.
2555 2603 2668 2673 Ego
2691 2617 2819 2657 vero
2839 2600 3082 2670 comperi
3112 2599 3245 2653 nihil
3263 2597 3486 2667 dignum

1924 2706 2098 2751 morte
2126 2710 2250 2751 eum
2292 2693 2600 2749 admisisse.
2636 2692 2760 2763 Ipso
2788 2702 2971 2747 autem
3024 2691 3129 2745 hoc
3185 2689 3492 2760 appr-"ante

1923 2785 1988 2840 ad
2016 2785 2343 2856 Augustum,
2366 2782 2604 2855 judieavi
2624 2784 2869 2848 mittere;
2901 2782 2968 2836 de
2997 2795 3105 2851 quo
3128 2779 3256 2851 quid
3285 2788 3490 2833 certum

1922 2877 2160 2932 scribam
2196 2876 2438 2940 domino,
2467 2890 2577 2930 non
2613 2873 2811 2929 habeo.
2852 2871 3080 2942 Pr0pter
3149 2870 3294 2941 quod
3361 2883 3490 2937 pro~

1921 2967 2052 3022 duxi
2101 2981 2226 3023 eum
2260 2967 2326 3023 ad
2362 2982 2479 3031 vos,
2540 2975 2593 3020 et
2626 2966 2857 3020 maxime
2891 2963 2975 3020 ad
3007 2974 3079 3027 te,
3108 2976 3203 3016 rex
3235 2960 3491 3029 Agrippa,

1923 3067 1982 3113 ut
2012 3059 2441 3132 interrOgati‘one
2482 3059 2623 3113 facta
2655 3057 2882 3112 habeam
2911 3056 3040 3128 quid
3074 3054 3337 3111 scribam.
3366 3049 3496 3105 Siue

1925 3151 2135 3207 ratione
2204 3152 2348 3208 enim
2411 3151 2543 3206 mihi
2611 3149 2827 3206 videtur
2913 3149 3131 3204 mittere
3209 3146 3484 3205 vinctum,

1925 3253 1979 3300 et
2003 3260 2203 3301 causas
2232 3246 2352 3315 ejus
2383 3260 2491 3301 non
2538 3245 2866 3317 significare.

239 3334 468 3404 βασιλεῦ
488 3336 768 3408 ’Δγρίππα
791 3354 806 3369 ο
836 3338 986 3402 ὅπως
1006 3337 1107 3407 τῆς
1127 3337 1468 3410 ἀνακρίσεως
1493 3333 1812 3406 γενομένης,
1855 3334 1967 3407 ἔχω
2017 3338 2071 3393 τί
2138 3337 2352 3410 γράψω.
2407 3338 2635 3408 Ἀλογον
2669 3338 2776 3411 γάρ
2830 3344 2941 3408 ’μοι
2982 3334 3185 3400 δοκεῖ,⁹
3215 3330 3504 3403 πέμποντα

236 3426 493 3499 δέσμιον,
530 3427 606 3501 μὴ
636 3429 854 3494 καὶτὰς
880 3429 1002 3485 κατ’
1031 3430 1193 3485 αὐτὸν
1217 3429 1395 3495 αἰτίας
1444 3430 1705 3500 σημᾶναι.

840 3523 1227 3581 EPMHNEIA.

304 3610 590 3667 Σεϐαστὸν
618 3614 1069 3686 καταχρηστικῶς
1090 3616 1180 3670 τὸν
1199 3616 1425 3688 βασιλέα
1448 3617 1622 3685 καλεῖ,
1643 3617 1831 3689 ὥσπερ

242 3704 341 3759 καὶ
375 3703 643 3775 Καίσαρα
683 3721 700 3738 ο
749 3706 811 3759 ὃν
858 3706 1221 3779 παρακατιὼν
1274 3707 1374 3763 καὶ
1426 3709 1618 3781 κύριον
1647 3708 1826 3775 καλεῖ,

240 3796 423 3866 λέγων
456 3811 474 3828 ο
528 3815 548 3850 ι
586 3796 721 3870 Περὶ
755 3790 818 3853 οῦ
877 3815 934 3853 τι
994 3797 1202 3873 γράψαι
1252 3799 1334 3873 τῷ
1373 3801 1554 3874 κυρίῳ
1591 3817 1695 3870 μου
1728 3800 1832 3855 οὐκ

241 3887 378 3958 ἔχω.
415 3907 438 3941 ι
782 3894 792 3904 ⁸

238 3980 501 4036 Παύλου
532 3979 827 4050 ἀπολογία
855 3981 990 4052 περὶ
1016 3982 1224 4038 αὑτοῦ.
1268 3983 1410 4052 Περὶ
1440 3984 1548 4055 τῆς
1575 3986 1647 4041 ἐν
1670 3988 1833 4057 νόμῳ

312 4071 649 4143 θρησκείας
675 4072 901 4140 αὐτοῦ,
950 4074 1051 4128 καί
1103 4075 1381 4145 κλήσεως
1407 4080 1595 4135 αὑτοῦ
1634 4082 1721 4149 είς
1764 4083 1831 4137 τό

310 4161 694 4232 Εὐαγγέλιων·
718 4176 742 4194 ’⁸
795 4163 877 4231 ὠς
916 4163 1100 4220 οὐδὲν
1160 4165 1363 4222 ἀδικεῖ
1396 4169 1733 4240 Ἰουδαίους
1795 4176 1828 4227 ὁ

318 4254 595 4320 Παῦλος,
643 4254 973 4325 Ἀγρίππας
1006 4254 1125 4328 ἔφη
1155 4256 1237 4325 τῷ
1266 4260 1500 4333 Φήστῳ.

241 4348 400 4419 Μηνὶ
430 4346 622 4418 Μαΐῳ,
653 4345 740 4402 κα⁹
773 4347 883 4403 τῶν
912 4348 1083 4419 ἁγίων
1128 4350 1390 4423 βασιλέων
1422 4354 1831 4410 Κωνσταντίνου

860 4442 958 4495 καὶ
995 4438 1239 4511 Ἑλένης.

847 4530 1240 4587 KEIMENON.

333 4622 657 4696 Ἀγρίππας
689 4623 747 4677 δὲ
782 4624 919 4695 πρὸς
943 4624 1036 4678 τὸν
1077 4623 1289 4678 Παῦλον
1320 4624 1422 4696 ἔφη
1445 4643 1461 4657 ·
1514 4626 1838 4701 Ἑπιτέτρα-

235 4714 393 4786 ,πται
430 4730 515 4766 σοι
547 4712 727 4782 λέγειν
752 4713 895 4786 ὑπὲρ
916 4712 1166 4768 σεαυτοῦ.
1192 4712 1324 4767 Τότε
1348 4715 1376 4767 ό
1400 4713 1632 4778 Παῦλος,
1658 4713 1839 4767 ἐκτείν-

245 4823 352 4870 νας
385 4803 490 4876 τὴν
523 4805 703 4876 χεῖρα,
738 4803 1088 4873 ἀπελογεῖτο·
1124 4804 1263 4875 Περὶ⁵
1297 4803 1520 4859 πάντων
1561 4800 1637 4859 ὢν
1671 4807 1838 4873 ἐγκα-

2435 3511 3001 3576 COMMENTARIUS.

2002 3615 2198 3673 Ft-stus
2237 3614 2623 3684 imperatorem
2671 3607 2972 3681 improprie
3038 3604 3345 3673 Augustum
3400 3615 3499 3651 vo-

1926 3700 2046 3773 cat,
2096 3705 2561 3778 quemadmodum
2629 3712 2684 3757 et
2735 3701 3055 3756 Caesarem:
3117 3708 3279 3767 quem
3337 3692 3511 3747 etiam.

1934 3807 2121 3871 postea
2149 3797 2431 3854 dominum
2491 3795 2750 3867 appellat,
2780 3793 2971 3849 dicens
3003 3809 3016 3845 :
3045 3810 3063 3842 ι
3124 3789 3198 3843 De
3225 3799 3335 3857 quo
3368 3784 3499 3856 quid

1934 3901 2144 3948 certum
2172 3890 2408 3946 scribam
2446 3887 2667 3944 domino
2696 3902 2806 3941 non
2834 3884 3028 3939 habeo.
3066 3901 3086 3934 ι

1936 3983 2099 4039 Pauli
2130 3980 2375 4053 apolagia
2408 3996 2503 4046 pro
2522 3978 2733 4047 seipse.
2765 3977 2845 4031 De
2886 3990 2983 4030 suo
3014 3972 3164 4028 cultu
3193 3971 3248 4025 in
3294 3968 3422 4037 lege.
3454 3975 3502 4020 et

2005 4076 2268 4131 vacatione
2311 4073 2379 4127 ad
2418 4070 2764 4143 Evangelium
2795 4084 2813 4122 :
2839 4077 2889 4122 et
2930 4065 3069 4138 quod
3101 4064 3331 4135 Agrippa
3359 4061 3505 4115 dixe-

2005 4168 2075 4221 rit
2094 4164 2274 4231 Festo,
2305 4160 2534 4219 Paulum
2565 4161 2713 4218 nulla
2741 4159 2942 4230 injuria
2963 4156 3200 4231 affecisse
3218 4153 3436 4209 Judwos

2008 4340 2192 4397 Mense
2250 4335 2411 4407 Maio,
2464 4337 2551 4393 die
2586 4334 2679 4398 2|,
2737 4341 3054 4391 sanctorum
3116 4333 3505 4406 imperatorum

2390 4426 2729 4486 Constantini
2777 4435 2833 4483 et
2872 4426 3105 4483 Helenae.

2570 4519 2871 4578 TEXTUS.

2005 4616 2197 4684 XXVI,
2219 4615 2371 4672 1-20.
2392 4615 2627 4688 Agrippa
2656 4628 2782 4668 vero
2799 4610 2864 4665 ad
2890 4609 3115 4665 Paulum
3141 4607 3247 4661 ait:
3273 4603 3502 4663 Permit-

1938 4712 2072 4766 titur
2108 4710 2203 4766 tibi
2233 4708 2378 4780 loqui
2415 4722 2512 4777 pro
2542 4704 2847 4775 temetipso.
2869 4700 3023 4757 Tunc
3051 4700 3253 4755 Paulus
3281 4705 3499 4753 extenta

1939 4820 2101 4859 manu
2129 4801 2292 4872 coepit
2327 4801 2593 4861 rationem
2612 4796 2840 4852 reddere
2867 4813 2882 4850 :
2905 4795 2981 4850 De
3006 4792 3279 4858 omnibus,
3312 4789 3513 4861 quibus

232 4892 458 4968 ’λοῦμαι
501 4898 610 4950 ὑπὸ
653 4896 963 4962 Ἰουδαίων,
997 4895 1222 4966 βασιλεῦ
1275 4895 1588 4967 Ἀγρίππα,
1618 4897 1830 4969 ἥγημαι

1946 4909 2173 4950 accusor
2197 4886 2231 4947 ~a
2257 4889 2482 4955 Judaeis,
2509 4905 2605 4945 rex
2635 4888 2896 4961 Agrippa,
2921 4885 3131 4942 aestimo
3161 4898 3249 4940 me
3270 4882 3510 4943 beatum,

228 4992 501 5071 ⁸ἐμαυτὸν
542 4993 839 5065 μακάριον,
893 4993 987 5046 ἐπὶ
1035 4990 1131 5046 σοῦ
1176 4990 1389 5063 μέλλων
1428 4992 1670 5062 σήμερον
1703 4992 1840 5046 άποο

240 5084 561 5154 λογεῖσθαι.
618 5084 872 5139 Μάλιστα
927 5085 1175 5155 γνώστην
1224 5083 1352 5137 δντα
1383 5100 1441 5136 σε
1474 5085 1695 5138 πάντων
1724 5083 1836 5137 τῶν

232 5179 405 5256 ,κατὰ
458 5178 746 5242 Ἰουδαίους
782 5177 930 5250 ἠθῶν
972 5177 1161 5232 τεκαὶ
1195 5176 1550 5249 ζητημάτων.
1607 5176 1699 5230 Διὸ
1726 5175 1841 5231 δέο-

246 5274 362 5344 μαί
391 5290 485 5327 σου
513 5271 889 5345 μακροθύμως
922 5269 1167 5325 δικοῦσαί¹
1182 5285 1309 5340 μου.
1333 5268 1446 5341 Τὴν
1475 5270 1574 5341 μὶν
1598 5264 1692 5324 οὖν
1714 5267 1841 5341 βίω-

244 5366 345 5420 σίν
390 5381 493 5433 μου
523 5364 622 5435 τὴν
652 5365 716 5417 ὲκ
748 5362 1018 5435 νεότητος,
1074 5363 1174 5430 τὴν
1205 5361 1299 5416 ἀπ’
1326 5360 1502 5433 ἀρχῆς
1535 5359 1839 5433 γενομένην

246 5459 315 5510 ἐν
350 5455 435 5526 τῷ
461 5455 607 5509 ἔθνει
652 5472 781 5527 μου,
813 5456 874 5509 ὲν
913 5454 1331 5527 Ἰεροσολύμοις,
1369 5452 1514 5506 ῐσασι
1559 5453 1761 5517 πάντες
1789 5453 1840 5507 oi

232 5532 568 5611 ξ’ἰουδαίοι,
624 5546 1095 5618 προγινώσκοντές
1142 5562 1206 5615 με
1260 5545 1488 5611 ἄνωθεν,
1522 5545 1616 5599 ἐὰν
1647 5544 1842 5598 θέλωσι

230 5624 241 5636 ⁸
252 5642 600 5711 μαρτυρεῖν,
641 5640 724 5696 ὃτι
754 5639 897 5694 κατὰ
925 5639 1025 5711 τὴν
1059 5638 1463 5709 ἀκριϐεστάτην
1493 5638 1704 5708 αἵρεσιν
1741 5639 1842 5709 τῆς

248 5729 553 5802 ἡμετέρας
586 5730 887 5801 θρησκείας
920 5730 1091 5802 ἔζησα
1118 5732 1434 5801 Φαρισαῖος.
1467 5730 1598 5784 ’Καὶ
1625 5730 1719 5785 νῦν
1754 5730 1842 5784 ἐπ’

248 5819 453 5874 ἑλπίδι
490 5824 587 5892 τῆς
638 5822 776 5891 πρὸς
828 5824 957 5887 τοὺς
999 5825 1245 5896 πατέρας
1297 5823 1453 5893 ἡμῶν
1509 5822 1842 5891 ἐπαγγελίας

246 5914 575 5984 γενομένης
621 5915 729 5971 ὑπὸ
778 5914 877 5970 τοῦ
929 5914 1065 5970 Θεοῦ
1099 5915 1307 5986 ἕστηκα
1358 5913 1675 5985 κρινόμενος
1713 5932 1726 5946 ’
1763 5917 1842 5980 είς

254 6007 336 6076 ἦν
382 6003 444 6056 τὸ
484 6003 867 6075 δωδεκάφυλον
908 6005 1066 6079 ἡμῶν
1115 6008 1171 6061 ὲν
1220 6004 1472 6077 ἐκτενείᾳ
1528 6004 1697 6062 νύκτα
1750 6006 1841 6059 καὶ

1942 4985 2085 5057 apud
2123 4994 2176 5039 te
2200 4999 2324 5040 cum
2351 4982 2456 5039 sim
2485 4979 2813 5036 defensurus
2852 4993 2938 5034 me
2979 4975 3161 5038 hodie,
3194 4972 3429 5029 maxime
3459 4978 3511 5024 te

1943 5076 2152 5134 sciente
2188 5075 2397 5141 omnia,
2421 5083 2478 5131 et
2503 5088 2623 5145 qua:
2648 5071 2789 5142 apud
2820 5066 3041 5125 Iudaeos
3067 5074 3196 5122 sunt
3224 5069 3515 5119 consuetu-

1940 5171 2098 5227 dines
2131 5179 2185 5226 et
2217 5168 2551 5240 qurestiones
2582 5183 2599 5221 :
2656 5173 2879 5237 propter
2907 5158 3078 5233 quod,
3112 5158 3361 5222 obsecro,
3414 5168 3512 5226 pa-

1945 5263 2142 5320 tienter
2195 5278 2281 5319 me
2335 5260 2550 5318 audias.
2624 5258 2694 5314 Et
2744 5255 2962 5328 quidem
3019 5250 3187 5309 vitam
3249 5263 3424 5307 meam
3481 5261 3512 5299 a

1942 5355 2252 5427 iuventute,
2310 5369 2433 5426 quae
2495 5353 2565 5408 ab
2625 5348 2781 5406 initio
2841 5346 2944 5402 fuit
3007 5343 3063 5400 in
3092 5349 3251 5414 gente
3281 5354 3402 5394 mea
3453 5336 3509 5391 in

1947 5444 2331 5520 Jerosolymis,
2362 5452 2632 5501 noverunt
2659 5453 2847 5497 omnes
2883 5436 3054 5493 Judzei
3086 5440 3107 5487 ':
3164 5434 3515 5505 praescientes

1928 5532 2037 5596 'me
2092 5539 2160 5595 ab
2221 5537 2380 5593 initio
2438 5536 2527 5607 (si
2556 5534 2726 5591 velint
2775 5527 3149 5586 testimonium
3202 5520 3512 5595 perhibere)

1950 5631 2210 5703 quoniam
2265 5629 2567 5684 secundum
2621 5618 2984 5681 certissimam
3054 5630 3258 5675 sectam
3312 5624 3513 5671 nostra:

1950 5721 2232 5794 religionis
2261 5720 2371 5775 vixi
2401 5717 2729 5773 Pharisazus.
2772 5713 2837 5768 Et
2876 5728 3042 5777 nunc,
3077 5711 3132 5766 in
3168 5726 3262 5783 spe
3290 5724 3411 5781 quae
3440 5710 3506 5762 ad

1948 5824 2136 5887 patres
2167 5820 2391 5868 nostros
2409 5809 2856 5882 repromissionis
2903 5805 3044 5863 facta
3078 5815 3161 5861 est
3192 5820 3221 5857 a
3250 5802 3382 5869 Deo,
3423 5802 3514 5855 ’διο

1943 5906 2156 5978 Ῑυάίείο
2181 5903 2460 5974 ευὶιὶεοιυε
2490 5919 2504 5956 :
2536 5901 2592 5958 in
2649 5918 2813 5973 quam
2853 5899 3140 5956 duodecim
3186 5890 3362 5952 tribus
3413 5908 3513 5946 nc-

1953 6008 2101 6069 διε-ας,
2149 6005 2311 6056 nocte
2332 6012 2396 6054 ae
2438 5996 2527 6055 die
2557 5995 2946 6062 dcservientes,
2972 5998 3192 6064 sperant
3240 5983 3514 6045 devenire.
