3950 6556
266 457 404 520 1015

334 663 542 716 Ἕνεκα
571 659 775 715 τούτων
799 701 814 723 ,
857 662 1100 715 Ἰουδαῖοί
1145 680 1211 732 με
1244 662 1659 734 συλλαϐόμενοι,
1705 664 1836 717 ὄντα

779 452 1317 516 EXPOSITIONIS
1358 451 1440 514 IN
1467 453 1650 515 ACTA
1688 453 1990 515 TEXTUS
2020 453 2286 516 ALTER.
2320 477 2390 488 -
2427 453 2584 514 CAP.
2630 451 2833 512 XXVI.

846 571 1236 626 KEIMENON.
1859 576 1911 635 Α

3372 449 3433 514 1'0
3449 453 3518 514 26

2573 567 2872 625 TEXTUS.

2009 662 2203 730 XXVI,
2222 662 2410 718 2l—32.
2439 661 2626 717 l‘lacex
2650 677 2815 717 causa
2849 673 2935 716 me
2959 658 3153 723 Judmi,
3181 674 3302 713 cum
3331 676 3508 714 cssmn

264 758 320 809 ἐν
343 754 427 826 τῷ
453 754 606 825 ἱερῷ,
639 754 939 826 ἐπειρῶντο
969 755 1431 826 διαχειρίσασθαι.
1487 756 1840 826 Ἐπικουρίας

1972 771 1996 808 n
2019 753 2240 823 templo,
2267 753 2720 823 comprehensum
2747 749 3375 805 tentabaut'interliCere.
3401 753 3514 802 Au-

263 847 358 902 οῦν
379 847 559 918 τυχὼν
593 847 691 918 τῆς
715 847 825 901 ἀπὸ
850 846 944 900 τοῦ
981 846 1140 915 Θεοῦ,
1179 847 1308 920 ἄχρι
1335 849 1433 919 τῆς
1462 848 1677 921 ἡμέρας
1703 847 1842 904 ταῦτ

1977 847 2071 901 ilio
2097 853 2276 902 autem
2294 845 2511 916 adjutus
2535 845 2626 900 Dei
2642 861 2814 915 usque
2832 844 2885 898 in
2902 845 3222 899 hodiernum
3239 843 3381 897 diem
3401 852 3509 900 sto.

264 956 366 1008 της
399 939 614 1007 ἕστηκα
659 937 1106 1009 μαρτυρούμενος
1148 938 1330 1010 μικρῷ
1362 956 1423 992 τε
1457 939 1551 992 καὶ
1582 937 1839 1008 μεγάλῳ·

1946 937 2246 994 testiﬁcans
2277 937 2478 991 minori
2512 945 2677 1007 atque
2699 935 2917 1007 majori,
2952 935 3086 990 nihil
3126 943 3279 990 extra
3322 933 3513 989 dicens

263 1031 422 1083 οὐδὲν
470 1030 628 1094 ὲκτδς
681 1029 882 1097 λέγων,
919 1025 994 1084 ὧν
1032 1047 1092 1083 τε
1138 1031 1188 1082 οἱ
1238 1031 1519 1102 προφῆται
1571 1029 1843 1100 ἐλάλησαν

1972 1044 2106 1100 [nam
2137 1043 2202 1084 ea
2229 1043 2350 1099 qua:
2381 1027 2655 1100 prephetze
2687 1028 2852 1082 locuti
2884 1036 3013 1084 sunt
3044 1026 3225 1082 futura
3282 1040 3424 1089 esse,
3459 1031 3543 1089 et,

269 1122 582 1191 μελλόντων
632 1121 899 1191 γίνεσθαι,
951 1124 1044 1176 καὶ
1093 1123 1339 1194 Μωῦσῆς
1368 1164 1383 1190 ,
1425 1123 1474 1176 εί
1527 1122 1767 1192 παθητὸς
1814 1123 1844 1175 6

1972 1119 2184 1191 ioyses,
2221 1119 2268 1174 si
2307 1118 2584 1189 passibilis
2608 1117 2884 1184 Christus,
2919 1118 2965 1174 si
2996 1121 3206 1189 primus
3238 1133 3302 1174 ex
3331 1131 3515 1173 resurv

269 1215 544 1285 Χριστὸς,
590 1215 639 1271 εἰ
686 1213 901 1285 πρῶτος
933 1213 994 1280 ἒξ
1027 1215 1374 1280 ἀναστάσεως
1423 1215 1669 1286 νεκρῶν,
1727 1213 1844 1282 φῶς

273 1307 464 1375 μέλλει
520 1307 910 1374 καταγγέλλειν
957 1306 1033 1378 τῷ
1075 1324 1136 1360 τε
1189 1306 1305 1377 λαῷ
1350 1307 1596 1370 καὶτοῖς
1638 1305 1842 1360 ἔθνεσι.

1944 1212 2190 1268 rectione
2249 1222 2614 1273 mortuorum,
2703 1212 2884 1268 lumen
2945 1211 3372 1267 annuntiaturus
3429 1219 3515 1265 est

1946 1303 2144 1374 populo
2174 1311 2226 1358 et
2256 1303 2530 1373 gentibus.
2563 1302 2686 1357 Haec
2732 1303 2987 1372 loquente
3017 1317 3083 1358 eo
3156 1312 3212 1358 et
3241 1303 3510 1358 rationem

270 1397 460 1450 Ταῦτα
487 1396 546 1450 δὲ
572 1396 737 1450 αὐτοῦ
762 1398 1229 1467 ἀπολογουμένου,
1261 1399 1290 1452 6
1310 1399 1517 1467 Φῆστος
1549 1397 1760 1469 μεγάλῃ
1777 1399 1844 1469 τῇ

1975 1396 2222 1460 eddente,
2241 1396 2434 1450 Festus
2465 1409 2656 1465 magna
2688 1409 2817 1450 voce
2846 1395 2981 1449 dixit
3006 1412 3020 1448 :
3045 1394 3280 1459 insanis,
3309 1393 3514 1463 Paule;

271 1489 429 1557 φωνῇ
463 1504 598 1557 φησι
619 1503 634 1518 ο
670 1485 877 1556 Μαίνῃ,
910 1485 1090 1541 Παῦλε
1113 1501 1127 1517 ⁶
1160 1487 1226 1542 τὰ
1251 1487 1421 1542 πολλά
1451 1506 1508 1541 σε
1543 1488 1849 1559 γράμματα

1972 1489 2132 1543 nultzt-
2153 1497 2205 1542 te
2235 1489 2432 1543 litterae
2466 1488 2532 1542 ad
2587 1487 2857 1543 insaniam
2891 1497 3242 1544 convertunt.
3276 1487 3341 1542 Et
3375 1488 3519 1543 Pau-

271 1579 348 1640 εἰς
384 1577 586 1648 μανίαν
619 1577 965 1648 περιτρέπει.
1008 1579 1066 1632 '0
1097 1579 1152 1632 δὲ
1186 1579 1425 1644 Παῦλος,
1461 1580 1536 1636 Οὐ
1563 1580 1845 1651 μαίνομαι,

271 1670 433 1738 φησὶ,
482 1668 742 1740 κράτιστε
786 1669 990 1739 Φῆστε,
1027 1669 1166 1724 ἀλλὰ
1209 1669 1468 1741 ἀληθείας
1506 1672 1600 1725 καὶ
1631 1688 1847 1741 σωφροο

1949 1580 2034 1636 lus
2070 1579 2233 1636 :Non
2266 1581 2505 1647 insanio,
2533 1580 2732 1648 inquit,
2764 1585 2968 1650 Optime
2999 1577 3180 1646 Feste,
3212 1580 3305 1634 sed
3328 1581 3521 1635 verita-

1951 1671 2021 1726 tis
2049 1681 2102 1726 et
2138 1670 2454 1726 sobrietatis
2478 1671 2641 1726 verba
2707 1671 2922 1740 loquor.
2963 1671 3081 1726 Scit
3125 1671 3268 1727 enim
3307 1671 3375 1725 de
3434 1671 3521 1724 his

271 1761 444 1832 σύνης
471 1761 696 1832 ῥήματα
723 1760 1170 1832 ἀποφθέγγομαι.
1215 1760 1538 1818 Ἑπίσταται
1571 1764 1682 1834 γὰρ
1721 1763 1852 1834 περὶ

1972 1778 2074 1830 'ex,
2106 1762 2173 1817 ad
2210 1777 2370 1833 quem
2425 1770 2478 1818 et
2512 1773 2831 1818 constanter
2866 1764 3104 1835 loquor:
3168 1763 3336 1820 latere
3375 1763 3520 1819 enim

269 1837 481 1905 τοῦτων
509 1853 540 1905 6
599 1852 848 1921 βασιλεὺς
871 1894 886 1919 ,
941 1853 1078 1924 πρὸς
1121 1854 1180 1907 ὃν
1211 1854 1302 1908 καὶ
1339 1855 1852 1927 παρρησιαζόμενος

1972 1871 2073 1911 eum
2105 1856 2242 1910 nihil
2274 1857 2472 1910 horum
2507 1856 2765 1911 arbitror.
2795 1855 2984 1928 Neque
3007 1857 3151 1912 enim
3208 1859 3263 1912 in
3323 1857 3524 1928 angulo

268 1943 446 1998 λαλῶ.
500 1943 801 1998 Λανθάνειν
825 1946 937 2015 γὰρ
967 1945 1130 2000 αὐτόν
1155 1963 1207 1998 τι
1249 1925 1455 1999 τούτων
1492 1925 1553 1998 οὐ
1585 1945 1847 2016 πείθομαι

1972 1948 2253 2018 [uidquam
2283 1949 2478 2002 horum
2516 1958 2727 2018 gestum
2761 1961 2864 2007 est.
2889 1925 3107 2015 Credis,
3135 1966 3229 2005 rex
3261 1925 3522 2023 Agrippa.

269 2035 449 2089 οὐδέν.
502 2037 578 2089 υὺ
612 2036 720 2107 γάρ
750 2039 896 2090 ἐστιν
928 2039 986 2092 ὲν
1030 2037 1205 2110 γωνίᾳ
1247 2038 1637 2109 πεπραγμένον
1669 2039 1846 2092 τοῦτο.

1951 2040 2286 2111 prophetis?
2340 2039 2468 2096 Scio
2523 2042 2651 2112 quia
2709 2042 2908 2098 eredis.
2947 2044 3182 2114 Agrippa
3239 2052 3421 2099 autem
3455 2044 3523 2099 ad

273 2126 588 2191 Πιστεύεις,
623 2127 842 2198 βασιλεῦ
875 2128 1176 2198 Ἀγρίππα,
1196 2131 1308 2192 τοῖς
1342 2131 1650 2200 προφήταις
1676 2147 1691 2196 ;
1723 2127 1852 2183 Οἶδα

1972 2129 2180 2184 Paulum
2215 2146 2229 2183 :
2257 2127 2317 2183 In
2343 2129 2559 2186 modico
2611 2130 2805 2184 suades
2837 2146 2921 2184 me
2951 2131 3324 2187 Christianum
3383 2133 3520 2186 ﬁeri.

274 2219 357 2270 ὅτι
409 2219 712 2283 πιστεύεις.
771 2219 832 2272 '0
878 2219 936 2272 δὲ
980 2219 1294 2289 Ἀγρίππας
1340 2220 1479 2291 πρὸς
1519 2220 1608 2273 τὸν
1640 2220 1852 2274 Παῦλον

1972 2219 2019 2273 Et
2045 2218 2250 2274 Paulus
2279 2236 2292 2272 :
2323 2217 2468 2288 Opto
2494 2219 2639 2290 apud
2691 2218 2884 2283 Deum,
2912 2229 2964 2274 et
3017 2220 3070 2274 in
3125 2223 3340 2276 modico
3369 2234 3423 2278 et
3469 2223 3523 2277 in

275 2316 378 2382 ἐφη
413 2333 430 2346 '

475 2315 564 2367 Ἐν
598 2314 763 2386 ὀλίγῳ
805 2333 872 2384 με
903 2315 1110 2379 πείθεις
1133 2315 1456 2385 Χριστιανὸν
1483 2315 1756 2383 γενέσθαι.
1794 2315 1852 2367 '0

1972 2326 2181 2381 magno,
2214 2325 2321 2366 non
2349 2317 2563 2366 tantum
2593 2318 2669 2377 te,
2699 2311 2796 2367 sed
2841 2311 3007 2366 etiam
3061 2329 3250 2370 omnes
3280 2316 3370 2384 qui
3425 2331 3525 2370 au-
3562 2299 3571 2303 ’

273 2408 329 2458 δὲ
389 2405 603 2468 Παῦλος
651 2403 804 2460 εἶπεν
833 2426 847 2439 ·
898 2406 1177 2477 Εὐξαίμην
1229 2406 1294 2461 ἂν
1345 2405 1425 2478 τῷ
1459 2406 1612 2477 Θεῷ,
1661 2409 1755 2460 καὶ
1800 2409 1858 2460 ὲν

1972 2401 2142 2464 diunt,
2174 2402 2336 2457 hodie
2367 2402 2484 2457 ﬁeri
2510 2403 2665 2468 tales,
2693 2403 2872 2473 qualis
2897 2413 2952 2459 et
2982 2419 3082 2474 ego
3116 2421 3259 2471 sum,
3284 2407 3527 2477 exceptis

274 2495 470 2566 ὀλίγῳ,
506 2497 602 2550 καὶ
631 2498 687 2550 ὲν
720 2496 922 2568 πολλῷ,
958 2498 1019 2550 οὑ
1053 2497 1216 2567 μόνον
1247 2496 1332 2562 σὲ,
1361 2497 1496 2551 ἀλλὰ
1528 2499 1622 2552 καὶ
1651 2499 1859 2563 πάντας

1972 2495 2196 2549 vinculis
2224 2494 2332 2548 his.
2360 2493 2426 2548 Et
2461 2496 2771 2551 exsurrexit
2796 2512 2913 2560 rex,
2935 2506 2983 2552 et
3012 2513 3234 2566 praises,
3257 2507 3311 2553 ct
3343 2501 3532 2554 Berni-

276 2589 408 2649 τοὺς
455 2587 754 2652 ἀκούοντάς
801 2606 905 2658 μου
953 2588 1223 2659 σήμερον,
1269 2587 1525 2656 γενέσθαι
1563 2588 1859 2655 τοιούτους,

275 2681 468 2742 ὁποῖος
500 2679 657 2748 κάγώ
703 2682 855 2751 είμι,
897 2680 1174 2751 παρεκτὸς
1220 2682 1328 2734 τῶν
1373 2681 1588 2751 δεσμῶν
1636 2682 1860 2738 τούτων.

278 2769 392 2822 Καὶ
429 2769 605 2823 ταῦτα
647 2770 896 2833 εἰπόντος
935 2768 1104 2823 αὐτοῦ
1127 2808 1142 2833 ,
1181 2769 1381 2837 ἀνέστη
1415 2786 1476 2822 τε
1521 2771 1549 2822 6
1579 2768 1852 2838 βασιλεὺς,

278 2863 373 2914 καὶ
404 2863 434 2915 6
477 2861 737 2932 ἡγεμὼν,
762 2863 797 2926 ἦ
841 2880 902 2916 τε
929 2862 1186 2934 Βερνίκη,
1233 2863 1330 2914 καὶ
1364 2865 1413 2915 οἱ
1450 2862 1856 2933 συγκαθήμενοι

277 2953 472 3017 αὐτοῖς
505 2970 522 2984 ο
570 2955 666 3009 κα)⁸
721 2955 1180 3025 ἀναχωρήσαντες
1233 2953 1458 3006 ἐλάλουν
1507 2954 1644 3025 πρὸς
1685 2953 1855 3024 ἀλλήο

1956 2601 2044 2651 ce,
2098 2595 2151 2640 et
2209 2586 2305 2655 qui
2352 2585 2672 2641 assidebant
2706 2587 2808 2644 eis.
2870 2587 3084 2643 Etcum
3141 2590 3526 2656 recessissent,

1961 2680 2322 2750 loquebantur
2385 2681 2453 2737 ad
2517 2683 2772 2752 invicem,
2845 2686 3106 2753 dicentes,
3184 2688 3310 2757 quia
3379 2689 3529 2742 Nihil

1966 2781 2162 2835 morte,
2193 2782 2286 2826 aut
2317 2773 2553 2830 vinculis
2590 2775 2813 2845 dignum
2847 2776 2978 2845 quid
3023 2777 3152 2833 fecit
3202 2779 3364 2833 homo
3404 2781 3530 2833 iste.

1971 2863 2204 2933 Agrippa
2260 2874 2438 2918 autem
2476 2865 2638 2920 Festo
2669 2865 2845 2922 dixit:
2872 2865 3076 2921 Dimitti
3125 2877 3338 2938 poterat
3369 2867 3532 2922 homo

1968 2953 2078 3020 hic,
2104 2953 2150 3008 si
2180 2969 2286 3008 non
2319 2955 2648 3024 appellasset
2668 2957 2960 3014 Caesarem.

281 3041 444 3107 λους,
484 3043 734 3112 λέγοντες
759 3085 774 3109 ,
817 3047 899 3100 ὅτι
929 3044 1096 3100 Οὐδὲν
1127 3045 1357 3098 θανάτου
1389 3045 1538 3110 ἀξιον
1576 3063 1663 3110 τι,
1694 3046 1727 3116 ἢ
1759 3043 1977 3115 δεσμῶν
2045 3046 2283 3118 πράσσει
2315 3045 2342 3097 6
2369 3047 2658 3119 ἄνθρωπος
2723 3042 2923 3116 οῦτος.’
2977 3051 3285 3124 Ἀγρίππας
3344 3050 3403 3106 δὲ
3455 3049 3534 3120 τῷ

279 3135 481 3205 Φήστῳ
517 3135 621 3207 ἔφη
644 3153 659 3167 ·
716 3138 1114 3192 Ἀπολελύσθαι
1142 3137 1373 3208 ἠδύνατο
1396 3139 1424 3192 6
1454 3138 1740 3206 ἄνθρωπος
1768 3132 1944 3204 οὗτος,
1973 3138 2022 3191 εί
2055 3138 2129 3210 μὴ
2156 3139 2486 3213 ὲπικέκλητο
2508 3140 2781 3213 Καίσαρα.

883 3254 1272 3309 EPMHNEIA.

357 3343 484 3402 Ἵνα
537 3343 612 3420 μὴ
675 3344 800 3422 δόξῃ
861 3347 1024 3410 αὐτὸς
1080 3347 1405 3412 διδάσκαλος
1451 3342 1592 3401 εἶναι
1643 3345 1856 3411 τούτου,

292 3439 497 3508 ἐπάγει
553 3444 838 3511 προφήτας
877 3437 973 3498 καὶ
1017 3439 1110 3498 τὸν
1139 3439 1380 3502 Μωῦσέα
1411 3438 1640 3512 λέγοντα
1677 3453 1692 3469 ο
1747 3457 1765 3490 ι
1798 3438 1860 3490 Et

285 3529 536 3603 παθητὸς
576 3533 605 3586 6
635 3533 893 3603 Χριστὸς,
931 3535 980 3586 εί
1022 3533 1238 3604 πρῶτος
1285 3535 1344 3600 ἐξ
1389 3532 1742 3595 ἀναστάσεως
1771 3544 1861 3583 νεα

275 3622 464 3690 νκρῶν,
493 3642 512 3674 ι
552 3625 646 3678 καὶ
684 3625 753 3678 τὰ
792 3625 943 3694 ἑξῆς.
986 3625 1059 3678 Τὸ
1097 3625 1175 3690 δὲ,
1224 3642 1244 3678 ι
1275 3625 1356 3690 εί,
1385 3643 1404 3677 t
1439 3623 1710 3690 ἐνταῦθα,
1741 3625 1865 3680 ἀντὶ

287 3711 410 3776 135,
441 3712 552 3780 ὅτι,
570 3715 707 3769 ἐστί.
729 3717 992 3786 Μωῦσῆς,
1020 3718 1205 3787 φησὶν,
1236 3711 1380 3782 εἶπε,
1405 3716 1490 3770 ὅτι
1523 3735 1542 3768 ι
1568 3714 1808 3786 παθητὸς
1839 3733 1858 3767 t

288 3811 314 3860 ὁ
348 3807 588 3878 Χριστὸς
633 3807 891 3882 [πρῶτος
942 3809 1000 3875 ἐξ
1050 3807 1487 3882 ἀναστάσεωςοι]
1512 3807 1726 3882 πρῶτος
1755 3807 1865 3879 γὰρ

287 3895 448 3963 οὗτος
477 3900 701 3974 ἀνέστη,
743 3905 839 3958 καὶ
863 3903 964 3957 οὐκ
997 3901 1078 3957 ἔτι
1114 3901 1472 3974 ἀποθνήσκει.
1509 3903 1574 3956 Oi
1602 3900 1710 3971 γὰρ
1737 3902 1867 3955 ἀνά-

291 3991 526 4054 στάντες
559 3991 628 4045 δι’
674 3993 865 4059 αὐτοῦ,
898 3995 932 4064 ἢ
962 3993 1051 4048 διὰ
1085 3994 1194 4048 τῶν
1250 3994 1534 4066 μαθητῶν,
1564 3994 1658 4048 καὶ
1702 3995 1750 4046 οἱ
1779 3993 1866 4048 διὰ

289 4083 404 4134 τιῖιν
433 4083 750 4152 προφητῶν,
796 4084 960 4138 πάλιν
1013 4084 1306 4150 ἀπέθανον,
1355 4085 1461 4150 ἓως
1489 4086 1590 4155 τῆς
1636 4085 1866 4139 καθόλου

290 4172 645 4239 ἀναστάσεως
677 4176 950 4245 μένοντες.
1001 4178 1220 4250 Ἐπειδὴ
1248 4178 1336 4232 ἀεὶ
1370 4181 1506 4249 πρὸς
1527 4178 1618 4232 τὸν
1641 4178 1869 4248 βασιλέα

290 4263 590 4332 διελέγετο,
624 4266 811 4338 ὥσπερ
858 4267 1032 4329 ἔπαθέ
1059 4287 1118 4327 τι
1159 4271 1187 4323 6
1215 4269 1446 4340 Φῆστος,
1479 4270 1573 4324 καὶ
1610 4269 1734 4323 ἰδὼν
1770 4270 1872 4339 τὴν

294 4358 636 4434 παρρησίαν,
675 4359 784 4420 ἀπὸ
831 4359 1006 4435 θυμοῦ
1046 4361 1142 4416 καὶ
1185 4362 1356 4432 ὀργῆς
1394 4379 1528 4433 φησι
1552 4379 1565 4392 ⁸
1605 4379 1624 4412 ι
1659 4361 1870 4432 Μαίνῃ,

297 4448 506 4509 Παῦλε.
537 4469 561 4501 ι.
605 4451 666 4504 '0
708 4451 766 4505 δὲ
809 4450 1024 4516 Παῦλος
1057 4452 1156 4530 τήν
1188 4453 1367 4508 αἰτίαν
1400 4451 1662 4517 διδάσκει,
1693 4451 1760 4505 δι’
1806 4452 1873 4521 ἢν

299 4541 440 4613 πρὸς
467 4542 557 4596 τὸν
600 4542 827 4622 βασιλέα
869 4545 966 4599 τὸν
1006 4545 1163 4614 λόγον
1191 4545 1523 4616 ἀπέστρεψε.
1577 4540 1737 4618 [Εἶτα
1761 4546 1872 4598 δει-

2476 3257 3044 3315 COMMENTARIUS.

2041 3347 2120 3403 Ne
2151 3348 2357 3404 Paulus
2386 3359 2582 3405 auctor
2608 3351 2888 3406 videretur
2911 3353 3178 3408 doctrinae
3203 3367 3364 3424 quam
3394 3368 3537 3423 prte-

1968 3438 2212 3508 dicabat,
2237 3441 2462 3497 adducit
2483 3442 2537 3496 in
2559 3442 2935 3498 testimonium
2961 3445 3254 3513 prophetas
3272 3454 3326 3502 et
3349 3447 3535 3502 Mosen

1969 3529 2239 3586 dicentem
2277 3549 2290 3586 :
2333 3548 2351 3582 ι
2394 3531 2453 3585 Si
2490 3531 2769 3601 passibilis
2821 3532 3096 3598 Christus,
3124 3535 3168 3588 si
3196 3535 3408 3605 primus
3467 3551 3535 3591 ex

1970 3624 2371 3680 resurrectione
2430 3631 2857 3689 mortuorum,”
2916 3633 3021 3679 etc.
3066 3624 3167 3680 Ubi
3221 3627 3357 3682 illud
3384 3646 3403 3679 ι
3433 3629 3478 3684 si
3511 3647 3529 3680 ι

1969 3723 2054 3771 est
2095 3732 2192 3787 pro
2243 3717 2404 3787 quod,
2457 3715 2540 3770 vel
2593 3716 2866 3783 quoniam.
2925 3715 3124 3785 Moses,
3148 3721 3344 3790 inquit,
3375 3719 3533 3786 dixit,

1971 3809 2118 3882 quod
2151 3828 2170 3862 ι
2207 3807 2462 3864 Christus
2488 3808 2771 3880 passibilis
2804 3827 2823 3861 ι
2858 3817 3027 3874 esset,
3087 3825 3150 3868 ac
3190 3829 3208 3862 ι
3243 3813 3451 3881 primus
3473 3828 3538 3868 ex

1976 3900 2406 3957 resurrectione.
2447 3919 2463 3953 ι
2502 3899 2639 3954 Nam
2692 3900 2904 3972 primus
2968 3901 3060 3956 ille
3109 3906 3432 3967 resurrexit,
3486 3912 3542 3960 et

1979 4012 1998 4045 ι
2021 3993 2132 4062 jam
2169 4007 2276 4047 non
2317 3991 2552 4062 amplius
2596 3992 2894 4048 moritur.»
2923 3991 2981 4047 Si
3005 3992 3150 4049 enim
3182 3993 3274 4064 qui
3299 3997 3365 4048 ab
3396 3995 3539 4066 ipso,

1973 4084 2137 4156 309
2182 4086 2266 4140 vel
2295 4085 2364 4140 ab
2418 4085 2536 4156 ejus
2563 4085 2867 4156 discipulis,
2892 4087 2974 4142 vel
3004 4103 3034 4140 a
3058 4088 3337 4158 prophetis
3377 4105 3540 4144 exsu-

1976 4178 2158 4232 scitati
2191 4184 2341 4240 sunt,
2375 4177 2568 4232 iterum
2600 4178 2799 4232 mortui
2825 4187 2995 4247 sunt,
3026 4180 3335 4250 mortuique
3359 4197 3546 4236 manc-

1975 4269 2112 4324 bunt
2143 4281 2319 4339 usque
2349 4267 2416 4323 ad
2443 4267 2813 4324 universalem
2865 4273 3353 4329 resurrectionem.
3405 4272 3549 4339 Quo-

1982 4360 2128 4414 niam
2161 4374 2292 4413 vero
2317 4358 2521 4414 Paulus
2550 4375 2768 4431 semper
2798 4360 2867 4414 ad
2924 4377 3104 4433 regem
3132 4364 3294 4419 verba
3342 4365 3548 4434 dirige-

1981 4451 2094 4515 bat,
2131 4451 2328 4507 Festus
2349 4451 2518 4506 veluti
2547 4466 2668 4507 sese
2697 4451 2960 4508 oll‘ensum
2979 4456 3187 4524 putavit
3217 4456 3549 4526 ;vidensque

1979 4543 2102 4613 ejus
2155 4541 2464 4597 libertatem
2529 4541 2829 4611 loquendi,
2889 4543 2968 4598 ira
3049 4551 3104 4598 et
3177 4545 3550 4615 indignatione

294 4635 457 4707 κνῦς]
491 4637 574 4690 ὅτι
653 4637 936 4710 πανταχοῦ
978 4638 1080 4710 τῆς
1113 4640 1438 4711 οἰκουμένης
1489 4638 1647 4692 τοῦτο
1679 4638 1861 4707 γέγονε

1981 4631 2222 4701 percitus
2256 4648 2268 4682 :
2301 4649 2318 4682 ι
2352 4629 2589 4698 Insanis,
2617 4632 2814 4701 inquit,
2850 4632 3033 4688 Paule.
3069 4651 3089 4685 ι
3133 4633 3335 4690 Paulus
3368 4645 3547 4690 autem

292 4730 358 4786 τὸ
390 4727 590 4798 δόγμα,
624 4728 906 4806 ἐπήγαγεν
931 4747 946 4762 ο
983 4729 1032 4802 [ι
1071 4731 1148 4784 Οὐ
1172 4731 1278 4802 γὰρ
1304 4731 1361 4784 ὲν
1402 4729 1572 4803 γωνίᾳ
1618 4747 1873 4801 πεπραγ-

299 4819 466 4888 μένον
495 4819 649 4873 τοῦτο
673 4835 690 4852 ⁸
722 4839 742 4873 ι
773 4819 793 4892 ]
833 4823 1084 4876 τουτέστι
1111 4821 1172 4876 τὸ
1201 4821 1330 4892 περὶ
1357 4821 1451 4874 τοῦ
1499 4819 1735 4890 σταυροῦ
1777 4821 1872 4874 καὶ

292 4911 400 4980 τῆς
450 4911 797 4975 ἀναστάσεως
853 4913 944 4966 τοῦ
990 4911 1224 4982 Χριστοῦ
1274 4913 1463 4981 λέγων.
1505 4911 1552 4984 [ι
1595 4911 1874 4982 Παρεκτὺς

295 5001 411 5054 τῶν
475 5001 690 5072 δεσμῶν
748 5003 973 5058 τούτων.
1010 5022 1028 5056 ι
1069 5003 1234 5080 Ῑοὺκ
1302 5005 1672 5074 ἀπευχόμενος
1748 5003 1876 5056 ἐαυ-

1974 4737 2200 4778 causam
2247 4721 2474 4792 profert,
2532 4723 2604 4779 ob
2650 4738 2811 4792 quam
2856 4725 2925 4780 ad
2999 4741 3185 4796 regem
3238 4743 3548 4784 sermonem
3603 4787 3611 4794 _

1976 4822 2347 4870 converterat.
2379 4813 2610 4882 Deinde,
2635 4823 2694 4869 ut
2723 4816 3035 4874 ostenderet
3065 4834 3159 4889 per
3180 4827 3351 4875 totum
3375 4828 3549 4874 terra.

1977 4921 2099 4960 rum
2148 4905 2339 4960 orbem
2397 4905 2678 4975 vulgatum
2729 4920 2849 4962 esse
2877 4907 3068 4979 dogma
3121 4909 3288 4975 istud,
3320 4910 3548 4967 subdit:

1985 5015 2005 5048 ι
2041 4996 2227 5068 Neque
2253 4997 2398 5051 enirn
2432 5000 2486 5051 in
2515 4999 2714 5069 angulo
2765 4999 3062 5071 quidquam
3098 5000 3310 5058 horum,
3335 5011 3546 5072 gestum

295 5092 381 5164 τῷ
437 5094 508 5147 τά
555 5095 767 5164 δεσμὰ,
810 5095 930 5158 οὐδὲ
995 5095 1384 5174 αἱσιυνόμειιος
1413 5137 1427 5159 ,
1480 5094 1639 5148 τοῦτο
1690 5095 1861 5162 ἐλεγει

1982 5097 2153 5150 ests:
2183 5089 2426 5160 loquitur
2457 5091 2667 5146 scilicet
2709 5092 2775 5147 de
2815 5102 2990 5149 morte
3039 5101 3097 5148 et
3148 5095 3552 5151 resurrectione

300 5185 486 5257 (τοῦτο
511 5187 619 5258 γὰρ
640 5182 708 5258 ἦν
743 5187 915 5259 αὐτῷ,
956 5189 1114 5259 εἰπερ
1139 5187 1267 5242 ἄλλο
1309 5205 1384 5250 τι,
1410 5187 1562 5250 ἀξιον
1589 5186 1747 5257 δόξης
1787 5205 1857 5241 κα

1987 5182 2195 5237 Christi
2249 5182 2487 5236 Domini.
2545 5200 2564 5234 ι
2603 5184 2859 5253 Exceptis
2923 5186 3166 5246 vinculis.
3214 5187 3320 5245 his.
3384 5187 3551 5244 »Νοη

302 5276 626 5348 καύχημα)·
667 5277 806 5332 ἀλλὰ
864 5279 998 5349 πρὸς
1046 5278 1149 5350 τὴν
1211 5279 1436 5330 ἐκείνων
1479 5277 1747 5348 ὑπόληψιν
1781 5277 1886 5344 ἀφ-

303 5369 449 5440 ορῶν
482 5410 496 5434 ,
533 5369 626 5422 καὶ
647 5372 714 5442 τῇ
741 5371 962 5424 ἐκείνων
979 5369 1230 5441 ἀσθενείᾳ
1253 5369 1723 5437 συγκαταϐαίνων,
1756 5387 1774 5420 ι
1794 5369 1890 5421 Γέ-

1985 5273 2128 5342 quod
2155 5272 2370 5327 vincula
2417 5281 2526 5328 aut:
2564 5274 2884 5332 abhorreret
2912 5284 3003 5329 aut
3028 5279 3402 5345 erubesceret,
3450 5280 3555 5336 hoc

1987 5364 2120 5419 dicit
2169 5365 2479 5434 (siquidem
2507 5366 2598 5420 illa
2654 5367 2764 5436 pati
2804 5367 2975 5437 gloria
3008 5377 3061 5422 et
3087 5370 3474 5438 exsultatione,
3506 5372 3555 5428 si

306 5459 453 5512 νοιτὸ
504 5477 632 5531 μοι,
683 5463 846 5533 φησὶ,
896 5464 1102 5524 πάντας
1148 5460 1420 5522 τοιούτους
1480 5460 1731 5529 γενέσθαι
1774 5455 1861 5514 οἷοι

1989 5455 2288 5526 quidquam
2343 5457 2512 5520 aliud,
2562 5457 2784 5528 dignum
2816 5460 3168 5516 existimabat
3198 5461 3270 5535 );
3337 5463 3434 5520 sed
3481 5465 3551 5520 ad

306 5549 418 5615 ἐγώ
442 5551 576 5619 εἰμι,
605 5551 875 5621 παρεκτὸς
904 5550 1013 5604 τῶν
1037 5550 1250 5620 δεσμῶν
1281 5549 1504 5602 τούτων.
1540 5567 1560 5602 ι

1985 5548 2204 5602 illorum
2232 5555 2466 5602 mentem
2498 5549 2851 5621 animumque
2885 5553 3206 5622 respiciens,
3230 5565 3284 5611 et
3313 5558 3557 5628 ipsorum

306 5645 666 5701 imbecillitati
734 5661 853 5702 sese
911 5645 1377 5702 accommodans:
1423 5663 1442 5696 ι
1479 5641 1642 5715 Opto,
1675 5643 1874 5726 inquit,
1906 5655 2098 5714 omnes
2125 5640 2241 5696 ﬁeri
2277 5641 2443 5706 tales,
2493 5642 2672 5711 qualis
2716 5652 2771 5698 et
2814 5659 2915 5715 ego
2931 5651 3562 5722 sum,exccptisvincu.

309 5739 379 5793 lis
404 5738 509 5794 his.
548 5755 568 5788 ι

378 5855 423 5888 ⁸³
453 5857 608 5911 Rom.
633 5872 709 5915 τι.
732 5858 791 5916 9..
