3950 6552
490 461 627 528 1051

1375 462 1956 526 THEOPHYLACTI
1997 461 2095 521 BU
2105 460 2410 521 LGARIA!
2442 460 2794 523 ARCIIIEP.

3581 459 3711 522 1052

481 587 608 636 sten
634 588 880 650 tempore
905 577 1105 635 exinde
1137 575 1330 644 exivit,
1385 586 1444 631 ιιι
1497 578 1610 648 jam
1657 578 1826 632 ferme
1881 577 2058 630 hiems

2162 555 2372 644 χρόνον,
2410 563 2488 637 ὡς
2517 576 2576 626 ἐν
2630 573 2781 643 αὐτῷ
2818 572 3003 642 σχεδὸν
3032 570 3110 642 τῷ
3161 571 3384 642 χειμῶνι
3438 573 3723 641 παραγενέ-

479 679 649 738 esset,
683 685 810 726 cum
835 670 891 725 in
914 677 1103 741 partes
1127 668 1302 723 Cretae
1333 667 1663 737 perveniret.
1691 667 1894 722 lterum
1923 680 2055 720 vero

482 778 632 820 nunc
681 762 968 834 prophetat
1001 761 1201 817 Paulus
1254 773 1351 816 eos
1384 759 1730 829 naufragium
1791 758 2052 813 facturos.

483 851 552 907 Et
588 852 717 908 licet
751 862 938 922 postea
968 851 1132 923 312
1167 849 1435 920 ejusmodi
1472 849 1816 919 naufragium
1849 849 2057 915 absque

484 943 656 1000 ullius
686 951 882 1008 morte,
921 951 978 997 ut
1009 945 1128 1014 ipse
1170 941 1372 998 Paulus
1405 939 1678 1012 pmdixit,
1719 939 2008 1010 contigerit
2039 952 2055 1003 ;

483 1043 727 1090 attamen
778 1035 939 1106 juxta
970 1045 1183 1091 natura:
1234 1048 1462 1090 cursum
1511 1032 1804 1103 periissent
1841 1044 2055 1094 omnes.

484 1125 589 1181 nisi
613 1126 754 1184 Deus
787 1135 841 1182 et
865 1127 1016 1182 illum
1043 1125 1280 1190 salvum,
1310 1133 1363 1181 et
1393 1139 1492 1195 per
1513 1138 1637 1178 eum
1673 1136 1867 1178 omnes
1900 1122 2057 1177 inco-

484 1218 660 1275 lumes
732 1233 859 1274 esse
911 1217 1196 1274 voluisset.
1251 1215 1514 1272 Centurio
1585 1229 1696 1269 non
1781 1214 2056 1279 credebat,

481 1323 606 1378 qua
651 1325 682 1364 ιι
732 1309 902 1365 Paulo
953 1308 1300 1374 dicebantur,
1342 1315 1404 1362 ut
1453 1307 1547 1376 qui
1577 1305 1752 1374 magis
1784 1303 2056 1359 lldendum

485 1400 711 1468 putabat
760 1399 828 1454 iis
882 1399 972 1470 qui
1013 1397 1303 1467 navigandi
1352 1396 1510 1468 periti
1553 1403 1710 1451 erant
1752 1409 1913 1463 quam
1963 1393 2059 1448 bo-

483 1487 620 1543 mini
653 1489 904 1544 nautices
926 1489 1213 1558 inexperto
1241 1503 1256 1554 ;
1290 1495 1344 1542 et
1369 1501 1434 1541 ex
1469 1486 1571 1539 hoc
1604 1483 1865 1550 ostendit,
1898 1498 2055 1537 men-

487 1579 559 1633 tis
615 1594 862 1635 errorem
929 1579 1102 1635 fuisse
1155 1579 1340 1648 potius
1379 1593 1542 1648 quam
1591 1575 1848 1630 fortunae.
1901 1574 2058 1640 Quod

479 1670 630 1724 enim
676 1671 924 1725 naturale
973 1670 1046 1725 sit
1086 1671 1386 1740 periculum
1456 1668 1670 1737 fugere,
1724 1667 2058 1738 experientia

482 1764 604 1832 ipsa
632 1763 792 1818 docet
821 1804 836 1827 ,
871 1777 994 1818 cum
1022 1777 1182 1817 nemo
1216 1777 1338 1817 sese
1376 1760 1707 1832 praecipitem
1739 1761 1852 1826 det,
1910 1759 2059 1829 quod

485 1855 592 1910 lioc
622 1853 849 1909 evidens
899 1854 1202 1925 periculum
1238 1854 1452 1920 afferat,
1488 1853 1707 1907 fortuna
1741 1860 1796 1907 et
1827 1850 1940 1904 fato
1969 1867 2060 1905 ve-

2159 665 2285 718 σθαι
2316 666 2395 728 είς
2419 665 2489 718 τά
2522 665 2662 737 μέρη
2694 665 2792 733 τῆς
2817 665 3063 734 Κρήτης.
3096 663 3229 716 Ἰδοὺ
3275 661 3608 734 προφητεύει
3640 663 3723 718 καὶ

2157 757 2253 812 νῦν
2285 759 2314 812 6
2344 759 2576 823 Παῦλος,
2614 757 2924 826 ναυαγῆσαι
2975 755 3147 823 λέγων
3195 755 3399 818 αὐτοῖς,
3458 753 3530 824 [εί
3558 754 3723 808 καὶού

2157 851 2383 920 γέγονεν
2437 849 2668 922 αὑτοῖς.]
2705 849 2845 919 μετά
2880 847 3085 918 ζημίας
3132 847 3317 918 ψυχῶν
3371 847 3437 898 τὺ
3486 847 3724 914 ναυάγιον

2157 939 2301 994 κατά
2327 940 2420 995 τὸν
2481 939 2640 1009 λόγον
2682 938 2870 992 αὐτοῦ.
2942 938 3115 992 Τοῦτο
3164 939 3262 1008 μὲν
3293 937 3426 1008 γὰρ,
3455 938 3578 991 ὅσον
3601 937 3725 991 κατά

2156 1031 2257 1100 τὴν
2293 1031 2456 1100 φύσιν
2480 1032 2575 1085 τοῦ
2598 1031 2943 1101 πράγματος.
2990 1030 3206 1098 ἐγένετο
3229 1029 3314 1091 ἀν,
3347 1030 3400 1081 εἰ
3443 1029 3519 1098 μὴ
3557 1030 3585 1080 6
3609 1029 3725 1092 Θεὸς

2155 1123 2402 1178 διέσωσε.
2429 1123 2684 1178 Διάύτδν
2712 1123 2822 1194 γάρ
2846 1123 2940 1176 καὶ
2962 1121 3203 1184 ἐκείνους
3239 1121 3535 1189 δισωθῆναι
3558 1120 3722 1190 εποίη-

2161 1234 2274 1272 σεν.
2308 1218 2382 1270 Οὐ
2413 1219 2672 1288 προσέχει
2711 1220 2824 1280 τοῖς
2857 1216 2962 1270 ὑπὸ
2985 1215 3080 1269 τοῦ
3114 1214 3329 1268 Παύλου
3383 1212 3722 1282 λεγομένοιςδ

2159 1309 2598 1381 ἑκατοντάρχης,
2655 1310 2978 1378 πειθόμενος
3043 1307 3244 1377 μᾶλλον
3293 1308 3411 1368 τοῖς
3467 1304 3722 1373 ἐμπείρως

2159 1399 2343 1470 ἔχουσι
2371 1398 2505 1468 πρὸς
2532 1397 2594 1450 τδ
2624 1397 2798 1464 πλεῖν,
2833 1398 2865 1468 ἢ
2905 1396 3140 1468 ὲπιδάτῃ
3185 1395 3401 1462 ἀπείρῳ
3449 1393 3718 1462 ναυτικῆςο

2163 1493 2256 1545 καὶ
2287 1491 2351 1543 ὲκ
2382 1489 2573 1542 τούτου
2599 1489 2863 1552 διδάσκει,
2899 1490 2980 1542 ὅτι
3015 1485 3238 1556 γνώμης
3273 1487 3416 1551 ἐστὶ,
3451 1485 3542 1538 καὶ
3561 1484 3617 1536 οὗ
3641 1483 3722 1536 τύ-

2160 1598 2280 1652 χης,
2309 1580 2371 1632 τὸ
2399 1580 2724 1650 ἁμάρτημα.
2759 1581 2883 1632 Ὀτι
2918 1579 3028 1650 γὰρ
3059 1579 3173 1632 ἐστι
3213 1577 3358 1631 κατὰ
3395 1576 3554 1644 φύσιν
3576 1577 3722 1646 ἐκφυ-

2159 1677 2276 1742 γεῖν
2304 1672 2394 1726 τδν
2418 1673 2681 1738 κίνδυνον,
2716 1672 2854 1742 αῦτη
2887 1675 2919 1743 ἡ
2951 1675 3116 1743 πεῖρα
3139 1671 3410 1734 διδάσκει,
3438 1669 3513 1739 μὴ
3574 1686 3722 1722 κατα-

2161 1766 2486 1837 κρημνίζειν
2524 1765 2716 1818 ἑαυτόν
2754 1783 2896 1831 τινα,
2925 1767 3000 1827 ώς
3044 1764 3432 1835 ἀναμφιϐόλως
3458 1761 3549 1816 τοῦ
3597 1764 3718 1832 πρα-

2161 1875 2371 1927 γματος
2393 1858 2638 1911 κίνδυνον
2658 1857 2938 1928 φέροντος,
2961 1857 3058 1926 τῆς
3085 1856 3254 1927 τύχης
3275 1855 3374 1908 καὶ
3398 1856 3448 1907 εί
3462 1856 3720 1924 μαρμένης

486 1947 584 2000 luti
612 1945 1091 2002 obdormientibus
1141 1947 1195 2001 in
1225 1945 1392 2002 rebus
1427 1944 1736 2000 manifestis
1775 1959 1838 1998 ac
1867 1943 2058 1999 visibi-

2164 1925 2257 2004 ἐπὶ
2317 1949 2428 2021 τῶν
2483 1925 2780 2021 προῦπτων
2845 1925 3238 2020 κοιμωμένης·
3281 1948 3315 2016 ἦ
3361 1946 3719 2017 γρηγορούσης

481 2037 627 2093 libus
664 2055 679 2104 ;
712 2053 1025 2109 quanquam
1050 2038 1094 2094 si
1128 2038 1294 2094 etiam
1338 2038 1646 2108 vigilarent,
1681 2038 1895 2092 niliilea
1932 2051 2059 2106 pos-

481 2139 606 2184 sent
655 2138 846 2184 contra
878 2141 1233 2200 spontaneam
1263 2130 1608 2195 electionem,
1643 2145 1750 2199 qua
1808 2129 2060 2186 homines

482 2235 582 2276 sua
612 2220 970 2291 sibimetipsis
1011 2222 1180 2276 libere
1226 2221 1625 2288 moderantur;
1669 2230 1738 2276 ut
1766 2221 1953 2276 videre
1975 2228 2060 2276 est

488 2312 544 2365 ln
569 2312 635 2365 iis
662 2312 826 2366 etiam
859 2313 952 2382 qui
1012 2327 1140 2366 cum
1170 2310 1340 2366 Paulo
1365 2312 1716 2384 navigabant.
1744 2311 1892 2366 Adeo
1914 2312 2058 2365 enim

485 2403 564 2458 illi
605 2403 824 2474 propria
861 2403 1115 2459 libertate
1136 2403 1458 2469 utebantur,
1489 2411 1548 2458 ut
1581 2403 1744 2474 paulo
1775 2411 1896 2473 post
1930 2418 2059 2472 pro-

483 2509 707 2566 sperum
746 2503 967 2550 ventum
1023 2496 1194 2562 nacti,
1231 2495 1634 2566 navigationem
1681 2495 1785 2551 laeti
1825 2495 2061 2549 contice-

485 2596 629 2643 rent.
653 2587 1212 2643 Animadvertendum
1250 2602 1405 2653 vero,
1437 2587 1581 2659 quod
1616 2605 1636 2638 ι
1670 2597 1861 2641 contra
1888 2584 2062 2654 respi-

483 2692 614 2732 cere
663 2695 683 2730 s
745 2677 1046 2749 improprie
1093 2678 1162 2734 de
1211 2679 1430 2748 navigio
1468 2679 1724 2736 dicatur:
1782 2678 2058 2748 respicere

483 2770 630 2824 enim
653 2770 756 2826 Soli
786 2771 992 2826 homini
1021 2773 1240 2842 proprie
1263 2772 1538 2827 convenit.
1571 2771 1752 2837 Quare
1773 2787 1880 2824 non
1917 2784 2062 2825 scm-

485 2877 584 2933 per
615 2863 670 2918 in
703 2877 865 2918 sacra
919 2863 1208 2935 Scriptura
1268 2866 1488 2936 propria
1546 2864 1748 2920 locutio
1774 2862 2062 2933 .exigenda

485 2962 592 3008 est.
630 2973 649 3005 ι
680 2951 867 3010 Validu
901 2962 1082 3010 autem
1115 2964 1458 3026 tempestate.
1493 2973 1513 3006 ι
1545 2954 1702 3020 Quod
1741 2955 1908 3025 igitur
1927 2969 2063 3008 con-

485 3045 629 3115 tigit,
667 3043 1010 3115 naufragium
1045 3043 1156 3116 (40)
1185 3061 1212 3098 a
1240 3053 1492 3115 tempore
1531 3045 1742 3100 factum
1801 3054 1888 3102 est
1924 3059 2063 3118 quo-

485 3136 634 3191 niam
661 3149 855 3207 magna
903 3145 1022 3192 erat
1053 3145 1379 3208 tempestas.
1407 3138 1476 3192 At
1507 3138 1832 3192 miraculum
1887 3139 2064 3205 majus

485 3230 610 3296 fuit,
641 3229 786 3301 quod
817 3230 910 3286 tali
935 3238 1178 3302 tempore
1205 3245 1236 3287 e
1265 3231 1460 3288 mediis
1486 3231 1744 3302 periculis
1774 3240 1885 3286 tum
1917 3231 2063 3302 Apo-

485 3324 664 3380 stolus
691 3324 828 3395 ipse,
869 3334 983 3379 tum
1013 3324 1106 3380 alii
1145 3332 1368 3396 propter
1398 3325 1576 3396 ipsum
1613 3325 1786 3395 erepti
1812 3323 2054 3381 fuerint:

484 3430 660 3487 quare
696 3417 959 3486 deceptus
1001 3431 1109 3472 non
1140 3426 1243 3472 est.
1282 3435 1302 3469 ι
1339 3416 1402 3470 Et
1432 3431 1560 3472 ecce
1596 3415 1821 3471 donavit
1869 3415 1988 3470 tibi.
2029 3433 2050 3468 ι

483 3507 562 3565 Ex
598 3509 701 3564 hoc
729 3508 938 3565 falsitas
970 3518 1120 3579 patet
1145 3508 1415 3565 Homerici
1447 3511 1592 3565 illius
1625 3509 1756 3565 dicti
1785 3509 1898 3580 (ll)
1933 3525 1951 3564 :

557 3601 760 3658 Fatum
808 3619 926 3660 vero
945 3604 1181 3659 arbitror
1208 3604 1466 3658 neminem
1489 3602 1762 3660 hominum
1789 3603 2055 3674 effugisse,

555 3737 678 3795 Sive
712 3738 915 3793 malum
941 3738 1049 3795 sive
1081 3738 1294 3805 bonum,
1316 3748 1596 3811 postquam
1626 3739 1855 3878 ρνὶηιῑιιιιι
1899 3747 2058 3861 uiuus

1821 3825 1933 3862 uer:
1961 3847 1977 3862 .

1821 3825 1977 3862 uertt.

484 3899 601 3955 lluc
655 3907 762 3966 est,
808 3900 1161 3970 impossibile
1191 3908 1276 3957 est
1329 3899 1570 3971 eﬂugere
1621 3899 1816 3954 mortis
1862 3898 2061 3968 fatum,

485 3991 634 4060 quod
668 3990 723 4045 in
751 3992 871 4062 ipsa
900 3991 1258 4061 generatione
1278 3990 1520 4048 hominis
1544 3998 1775 4046 mortem
1795 3990 2060 4048 determi-

486 4092 605 4139 nat.
631 4082 772 4139 Ecce
820 4081 992 4148 enim,
1027 4083 1145 4138 nisi
1187 4083 1242 4138 hi
1292 4083 1348 4138 in
1397 4080 1554 4138 Pauli
1585 4081 1815 4156 gratiam
1859 4083 2062 4140 servati

489 4174 748 4240 fuissent,
805 4189 1004 4232 omnes
1034 4174 1102 4231 ad
1159 4191 1327 4230 unum
1367 4175 1420 4230 in
1475 4176 1599 4230 navi
1647 4176 1936 4245 periissent
1967 4184 2063 4243 ;at

487 4267 635 4324 Deus
665 4267 809 4334 illos,
843 4277 902 4323 ut
927 4267 1142 4339 justum
1177 4268 1495 4332 lionoraret,
1531 4268 1803 4324 liberavit.
1832 4267 2057 4334 Deinde,

487 4359 535 4415 si
580 4357 751 4415 fatum
786 4367 904 4416 erat
946 4375 1137 4418 omnes
1172 4359 1377 4431 perire‘,
1409 4360 1573 4416 etiam
1603 4359 1775 4415 Paulo
1827 4375 2064 4430 pereun-

485 4451 617 4507 dum
656 4459 812 4519 erat;
843 4451 922 4508 ait
945 4453 1093 4509 enim
1129 4453 1419 4518 Homerus,
1450 4470 1470 4506 ι
1505 4467 1678 4522 neque
1709 4452 1938 4516 malum,
1963 4467 2062 4506 ne-

427 4587 443 4614 ,
485 4559 595 4615 que
618 4544 822 4600 bonum
852 4560 867 4610 ;
906 4563 926 4598 ι
959 4545 1250 4616 oportebat
1299 4545 1488 4615 igitur,
1525 4554 1584 4599 ut
1615 4553 1728 4599 tum
1774 4543 1901 4597 boni
1947 4553 2058 4597 tum

2163 2043 2283 2113 μὲν,
2344 2019 2606 2112 ιῖηδὲνῖδὲ
2652 2041 2955 2110 δυναμένης
2978 2019 3422 2110 ἀντιπράξασθαι
3459 2037 3592 2090 κατά
3633 2039 3717 2104 τῆς

2161 2136 2534 2206 προαιρέσεως
2564 2135 2674 2188 τῶν
2713 2134 3038 2205 ἀνθρώπων,
3095 2132 3216 2187 καθ’
3241 2133 3314 2203 ἢν
3353 2131 3425 2184 ἂν
3450 2130 3716 2200 βούλωνται

2158 2225 2227 2278 τά
2256 2224 2344 2294 ἐφ’
2380 2223 2566 2282 αὐτοῖς
2612 2225 2917 2294 πράγματα
2973 2225 3166 2292 ἄγουσι
3197 2223 3290 2276 καὶ
3350 2222 3620 2292 φέρουσιν,
3654 2220 3717 2283 ὡς

2160 2319 2253 2372 καὶ
2280 2319 2330 2370 oi
2367 2319 2465 2370 σὺν
2490 2317 2567 2388 τῷ
2598 2317 2794 2389 Παύλῳ
2822 2317 3206 2388 ἐκδημοῦντες.
3241 2314 3406 2368 Οὕτω
3461 2314 3564 2383 γὰρ
3599 2313 3714 2370 κατὰ

2163 2409 2486 2480 προαίρεσιν
2516 2409 2806 2479 ἔπραττον,
2841 2409 2923 2462 ὅτι
2978 2409 3178 2471 εὐθέως
3205 2406 3517 2475 ἐπιτηδείου
3558 2408 3714 2458 ἐπιτυ-

2160 2499 2344 2570 χόντες
2376 2498 2604 2568 ἀνέμου,
2629 2500 2910 2570 χαίροντες
2937 2499 3152 2570 διήνυον
3182 2497 3274 2550 τὸν
3305 2496 3503 2550 πλοῦν.
3548 2495 3714 2549 Ἰστέον

2162 2592 2240 2658 δὲ,
2267 2593 2348 2647 ὅτι
2381 2611 2400 2644 ι
2433 2593 2492 2646 τὸ
2519 2592 2977 2662 ἀντοφθαλμεῖν.»
3014 2592 3110 2643 ἐπὶ
3160 2591 3350 2644 πλοίου
3407 2589 3595 2657 λέγειν,
3633 2586 3712 2639 οὐκ

2162 2683 2278 2738 ἐστι
2315 2683 2695 2756 κυριολεξίαςο
2749 2681 2910 2736 τοῦτο
2953 2684 3063 2754 γὰρ
3113 2682 3204 2736 ἐπὶ
3244 2680 3537 2751 ἀνθρώπω
3581 2677 3711 2747 μόνον

2161 2775 2411 2846 ἁρμόζει.
2444 2775 2610 2828 Ὥστε
2640 2775 2701 2828 οὑ
2729 2774 2814 2829 δεῖ
2843 2773 3216 2846 κυριολεκτεῖν
3240 2773 3500 2825 ἀπαιτεῖν
3542 2769 3618 2822 ἀεὶ
3635 2767 3714 2834 τὴν

2167 2868 2416 2940 Γραφήν.
2466 2887 2486 2920 ι
2523 2867 2776 2938 Σφοδρῶς
2829 2865 2950 2919 δέ.»
3024 2865 3098 2919 Τὸ
3159 2866 3259 2934 μὲν
3311 2859 3411 2916 οῦν
3462 2861 3713 2931 γενόμενον

2167 2959 2447 3029 ναυάγιον,
2475 2959 2586 3012 ἀπὸ
2617 2957 2712 3012 τοῦ
2745 2960 2934 3028 καιροῦ
2992 2957 3229 3024 ἐγένετο,
3275 2953 3471 3024 ἐπειδὴ
3507 2952 3658 3022 μέγας
3692 2951 3716 3000 ὁ

2162 3049 2496 3122 χειμώνοτδ
2552 3051 2613 3103 δὲ
2657 3049 2845 3119 θαῦμα
2881 3048 3087 3119 μεῖζον,
3135 3049 3216 3101 ὅτι
3270 3046 3455 3116 καιρῷ
3514 3044 3710 3110 τοιούτῳ

2166 3144 2230 3196 ὲκ
2256 3143 2439 3211 μέσων
2487 3141 2776 3211 ἐσώθησαν
2821 3139 2932 3193 τῶν
2957 3137 3220 3191 κινδύνων
3246 3137 3415 3199 αὑτός
3441 3152 3498 3187 τε
3532 3137 3558 3186 6
3580 3133 3715 3185 Ἀπό-

2166 3235 2376 3301 στολος,
2410 3235 2503 3288 καὶ
2533 3234 2600 3288 δι’
2640 3233 2806 3287 αὐτὸν
2841 3234 2892 3286 oi
2913 3231 3118 3284 λοιποίο
3152 3229 3292 3283 ὥστε
3321 3230 3386 3283 οὐ
3420 3227 3710 3298 διέψευσται.

2161 3343 2190 3388 ,t
2223 3327 2330 3380 Καὶ
2355 3325 2464 3379 ἰδοὺ
2491 3324 2874 3396 κεχάρισται.)
2913 3321 3195 3376 Ἐντεῦθεν
3223 3321 3504 3375 δείκνυται
3549 3313 3712 3387 ψευδδς

2159 3417 2223 3472 τὸ
2255 3420 2386 3490 παρ’
2430 3418 2655 3490 Ὁμήρῳ
2679 3416 2969 3488 εἰρημένον
3001 3431 3018 3448 ο

2157 3601 2385 3673 Μοῖραν
2419 3600 2472 3655 δ’
2501 3601 2574 3656 οῦ
2597 3599 2732 3655 τινὰ
2780 3618 2929 3669 φημι
2955 3595 3338 3668 πεφυγμένον
3370 3591 3712 3718 emitr-

2162 3744 2246 3799 οὐ
2279 3741 2468 3798 κακὸν
2496 3741 2641 3798 οὐδὲ
2664 3741 2782 3812 μέν
2804 3738 3052 3806 ἐσθλὸν,
3087 3738 3248 3808 ἐπὴν
3276 3738 3350 3792 τὰ
3395 3680 3711 3880 πῖἕὲξὲςέ-

3459 3823 3651 3880 [rutae

2229 3903 2519 3959 Τουτέστιν
2541 3946 2556 3971 ,
2595 3903 2885 3958 ’Δδύνατον
2915 3902 3173 3972 ἐκφυγεῖν
3211 3899 3313 3971 τὴν
3352 3899 3452 3954 τοῦ
3513 3897 3708 3950 θανάτου

2163 3996 2529 4069 εἱμαρμένην,
2549 3995 2664 4066 ἀμα
2684 3995 2751 4066 τῇ
2773 3993 3026 4064 γεννήσει
3042 3991 3333 4066 όρίζουσαν
3344 3990 3441 4044 τοῦ
3459 3986 3710 4062 ἀνθρώπου

2161 4089 2258 4142 τὸν
2292 4089 2541 4144 θάνατον.
2568 4087 2699 4142 Ἰδοὺ
2716 4085 2848 4157 γὰρ,
2871 4087 2921 4139 εί
2943 4085 3018 4159 μὴ
3032 4086 3118 4140 διά
3148 4075 3708 4155 Παύλου.[ὲσώθησαν],

2166 4181 2366 4244 πάντες
2385 4176 2530 4251 εἶχον
2550 4182 2606 4234 ὲν
2629 4179 2707 4250 τῷ
2724 4180 2893 4251 πλοίῳ
2909 4178 3226 4240 ἀπολέσθαι·
3254 4176 3349 4230 τοῦ
3371 4173 3506 4234 Θεοῦ
3521 4171 3708 4231 τούτους

2172 4273 2502 4348 ῥυσαμένου,
2518 4273 2650 4344 τιμῇ
2664 4271 2758 4325 τοῦ
2779 4271 3010 4327 δικαίου.
3040 4271 3268 4325 Ἔπειτα
3286 4270 3344 4323 δὲ
3365 4271 3414 4322 εἰ
3436 4261 3706 4337 είμαρμένη

2165 4359 2236 4436 ἦν
2255 4363 2316 4416 τὸ
2346 4361 2554 4422 πάντας
2579 4361 2901 4426 ἀπολέσθαι,
2927 4357 3073 4433 εἶχεν
3105 4360 3170 4415 ἀν
3196 4361 3294 4414 καὶ
3312 4361 3341 4414 6
3372 4358 3576 4420 Παῦλος
3603 4357 3708 4408 ἀπο-

2160 4456 2348 4510 λέσθαι
2375 4463 2393 4487 ⁸
2435 4457 2570 4526 φησι
2595 4455 2700 4528 γάρ
2727 4471 2741 4486 ⁸
2774 4473 2794 4507 ι
2819 4455 2896 4508 Οὐ
2933 4453 3124 4518 κακὸν,
3183 4452 3305 4506 οὐδὲ
3349 4453 3450 4523 μὲν
3497 4448 3701 4506 ἐσθλόν.»

2167 4549 2316 4602 Ἔδει
2348 4547 2458 4620 γὰρ
2487 4547 2614 4612 τοὺς
2659 4547 2856 4612 καλοὺς
2882 4547 3130 4611 καὶτοὺς
3153 4547 3381 4610 κακοὺς,
3413 4547 3470 4599 ὲν
3520 4543 3592 4603 ἐνὶ
3630 4556 3705 4592 πε-

485 4633 618 4689 mali
650 4635 932 4689 communi
961 4649 1117 4700 casu,
1140 4637 1232 4703 qul
1261 4632 1540 4689 indubiam
1569 4641 1798 4688 mortem
1831 4631 2058 4698 ferebat,

2168 4640 2357 4702 σόντας
2424 4639 2679 4708 πτώματι
2741 4635 3110 4707 ἀναμφίδολον
3200 4635 3426 4706 φέροντι
3487 4631 3702 4688 θάνατον.

487 4727 899 4783 occumberent.
948 4728 1018 4781 At
1063 4727 1402 4782 contrarium
1473 4735 1697 4796 apparet
1737 4745 1750 4780 :
1786 4727 2054 4796 siquidem

484 4818 670 4888 justus
705 4825 958 4873 servatus
1001 4826 1146 4873 esset
1199 4816 1270 4872 ab
1307 4817 1725 4873 evidentissima
1789 4817 2058 4887 periculo,

2169 4729 2483 4784 ἀποθανεῖν.
2535 4729 2694 4783 Ἀλλά
2731 4729 3044 4782 τούναντίον
3105 4728 3381 4781 δείκνυται
3409 4725 3539 4785 νῦν·
3588 4719 3706 4775 ὃτιό

2164 4821 2371 4886 δίκαιος
2402 4820 2639 4886 ἐσώζετο
2681 4821 2741 4888 ἐξ
2775 4821 3212 4892 ὁμολογουμένου
3241 4817 3506 4886 κινδύνου,
3531 4813 3614 4867 καί
3640 4827 3704 4863 τοι

490 4909 712 4965 tametsi
746 4924 960 4976 omnes,
989 4910 1082 4980 qui
1107 4925 1234 4965 cum
1258 4908 1378 4980 ipso
1406 4916 1584 4974 erant,
1619 4907 1930 4979 periissent.
1965 4908 2058 4964 Sic

2166 4912 2383 4966 πάντων
2424 4911 2534 4964 τῶν
2574 4912 2670 4964 σὺν
2692 4911 2841 4982 αύτῷ
2867 4909 3320 4980 ἀποθνησκόντων
3339 4925 3354 4940 ·
3381 4908 3517 4962 οὓτω
3535 4905 3630 4977 γὰρ
3652 4895 3705 4972 ἦν

486 5000 634 5056 enim
667 4999 814 5058 Deus
834 4999 1190 5069 decreverat;
1223 5000 1301 5056 ait
1333 4999 1481 5056 enim
1515 5015 1529 5053 :
1583 5016 1602 5050 ι
1653 4996 1796 5055 Ecce
1834 4998 2058 5053 donavit

2163 5000 2240 5072 τῷ
2272 5000 2390 5072 θεῷ
2419 5001 2598 5068 δόξαν·
2636 5003 2776 5072 Φησὶ
2813 5002 2948 5071 γάρ’
2982 5019 3001 5053 ι
3038 5001 3169 5054 Ἰδοὺ
3226 4996 3543 5072 κεχάρισταί
3596 4991 3704 5046 σοιδ

1667 5136 1868 5200 Variae
1892 5137 2201 5206 lectiones
2243 5151 2304 5206 et
2351 5149 2542 5206 notas.

557 5256 672 5328 (ιο)
692 5255 872 5335 Lacus
897 5257 1254 5335 iste_mutilu_s_
1284 5267 1340 5312 et
1369 5269 1665 5327 corruptus
1697 5257 1787 5335 ita
1810 5259 2054 5335 sarcien-
2159 5273 2387 5330 tempore
2412 5264 2534 5335 fuit.
2571 5261 2752 5333 Maius
2786 5272 2962 5318 autem
2994 5262 3345 5335 miraculum2
3410 5255 3692 5335 etc.__Ca;le-_

490 5331 618 5399 dus,
651 5336 706 5383 et
728 5329 1084 5399 corrigendus
1107 5344 1173 5384 ex
1197 5330 1594 5399 ClirySOstomo
1625 5345 1642 5399 ;
1704 5329 1846 5392 Πῶς.
1893 5329 2049 5397 φησὶ.
2162 5328 2282 5388 runt
2309 5328 2490 5389 textus
2509 5334 2613 5390 iste
2632 5328 2739 5389 non
2758 5344 2933 5389 exstat
2959 5335 3013 5388 in
3032 5333 3277 5389 editione
3301 5328 3564 5394 Hentenii,
3580 5328 3698 5380 sicut

488 5397 682 5475 Epipov
715 5397 895 5475 ἄσιτοί
919 5398 1192 5475 ὅντες-καὶ
1221 5397 1445 5475 μηδενὸς
1484 5398 1915 5475 μεταλαδόμενοι
1941 5415 1957 5464 ;
1985 5399 2048 5454 '0

2161 5411 2216 5459 et
2259 5405 2493 5475 maxima
2520 5420 2648 5475 pars
2688 5404 2791 5460 loci
2822 5409 3128 5474 sequentis.
3177 5471 3212 5475 _
3488 5470 3497 5475 _
3628 5461 3670 5475 ,,

491 5463 656 5553 φόϐος
680 5471 930 5553 κατεῖχεν
952 5469 1169 5553 affici);
1195 5463 1296 5553 οὐκ
1333 5469 1443 5553 εἷα.
1475 5463 1556 5553 είς
1593 5463 1887 5553 ἐπιθυμίαν
1929 5463 2052 5552 τρο-

2231 5474 2342 5543 (41)
2395 5463 2542 5553 Iliad“.
2561 5474 2674 5553 _Vl,_
2690 5491 2742 5527 ν.
2778 5475 2883 5553 48$
2904 5463 2968 5530 ὀι
2995 5475 3120 5530 489.
3167 5471 3405 5553 .Exstant
3433 5470 3579 5526 etiam

491 5537 597 5657 φῖὲς
630 5537 910 5623 ἐμπετσεῖν,
942 5538 1233 5620 μέλλοντα-ς
1259 5537 1672 5618 ὑπὲρηέσχάτιιὲν
1701 5537 2048 5594 κινδυνεύειν.
2162 5537 2357 5600 versus
2384 5544 2526 5614 apud
2559 5537 2836 5599 Stobaaunt
2863 5547 2914 5598 in
2940 5544 3212 5614 excerptis
3243 5543 3316 5596 De
3346 5556 3516 5617 rerum
3540 5545 3698 5588 natura

499 5607 531 5657 ἰ
604 5611 704 5674 μὲν
731 5624 824 5660 ουν
860 5608 1169 5674 γενόμενον,
1192 5609 1298 5660 απὸ
1341 5625 1432 5660 του
1461 5625 1654 5674 καιρου
1693 5608 1913 5674 ἐγένετο
1946 5625 1960 5638 ο
1993 5609 2056 5662 τὸ
2165 5615 2253 5672 tit.
2283 5613 2378 5674 IX,
2412 5629 2552 5674 quos
2607 5616 2683 5668 ita
2720 5615 2902 5670 reddit
2939 5615 3140 5670 ibidem
3175 5612 3329 5674 Ilugo
3374 5612 3580 5668 Grotius
3604 5617 3697 5657 ser-

511 5625 575 5657 ιο
604 5625 704 5674 μεν
731 5625 824 5660 ουν
860 5625 1169 5676 γενομενον,
1192 5625 1298 5660 απο
1341 5625 1432 5660 του
1461 5625 1654 5676 καιρου
1693 5625 1913 5675 εγενετο
1946 5625 1960 5638 ο
1993 5625 2056 5662 το

489 5676 546 5755 δὲ
573 5675 760 5755 θαῦμα
788 5678 991 5755 μεῖζον,
1021 5693 1076 5730 κ.
1102 5695 1156 5755 τ.
1186 5678 1236 5731 λ.
1267 5677 1649 5755 Et__quomodo,
1683 5678 2058 5755 inqui‘esjere-

2165 5625 2253 5672 ιιι.
2285 5625 2378 5678 ιλ,
2412 5629 2552 5695 quos
2607 5625 2683 5668 ita
2720 5625 2902 5696 reddit
2939 5625 3140 5670 ibidem
3175 5625 3291 5683 llug

2166 5693 2290 5740 vata
2326 5693 2537 5740 ratione
2570 5701 2833 5740 carminis
2870 5703 2886 5741 :

493 5747 628 5833 5W“.
642 5746 836 5833 1'9"!!!"
885 5763 1002 5800 cum
1037 5747 1270 5833 WW.
1303 5746 1474 5833 ab?!"
1529 5759 1792 5833 "‘"Ff’e'"
1816 5750 1848 5830 ί).
1877 5746 2059 5833 Τί¹ἷ³⁰τ
2275 5775 2444 5832 Nemo
2491 5795 2678 5833 nocens
2701 5787 2750 5831 et
2777 5795 2925 5832 nemo
2957 5777 3123 5831 bonus
3158 5777 3254 5830 has
3295 5778 3349 5830 in
3381 5769 3575 5830 leoninis
3599 5773 3696 5820 om

495 5815 2059 5922 L‘J’i’ifiji’ﬁ‘223525171213".291.“ffif:‘£ﬁi..31'i‘i"f
2278 5847 2465 5903 tam-ms
2697 5850 2798 5920 ριιιε
2831 5849 2969 5922 quod
3001 5850 3108 5919 tege

492 5886 558 5940 de
585 5888 830 5943 ostremis
872 5886 1286 5957 periclitaturos.
1312 5886 1478 5958 Igitur
1515 5886 1652 5960 quod
1676 5890 1872 5958 factum
1898 5899 1997 5960 est,
2028 5907 2060 5942 α
