3950 6562
257 510 384 582 1053

813 492 1346 584 EXPOSITIONIS
1384 515 1464 578 IN
1505 510 1704 578 ACTA
1733 506 2036 568 rexrus
2074 507 2425 569 ALTER—
2466 504 2624 566 CAP.
2660 498 2938 561 xxvm.

3363 481 3501 550 1054

254 639 373 699 Θεὸς
393 635 602 698 πάντας
631 635 758 696 τοὺς
791 635 1054 699 πλέοντας
1090 639 1226 707 μετά
1258 634 1376 691 σοῦ.
1413 654 1431 686 ι
1457 634 1566 686 Καὶ
1598 626 1700 684 ὦδε
1733 627 1830 696 μὲν

1951 625 2034 680 .ibi
2066 626 2209 682 Deus
2235 641 2428 681 omnes
2451 623 2543 693 qui
2594 629 2773 676 tecum
2798 615 3079 682 navigant.
3122 630 3140 662 ι
3181 609 3243 664 Et
3279 605 3500 675 quidem

255 729 336 782 διὰ
361 728 450 780 τὸν
476 727 693 782 δίκαιον
721 726 887 791 ζῶσιν
920 730 970 782 οἰ
1019 730 1236 790 ἀσεὸεῖς
1259 747 1275 762 ο
1314 729 1430 781 ἔστι
1475 725 1532 776 δὲ
1563 723 1651 775 ὅτε
1708 719 1832 773 τοῦ-

258 817 459 873 ναντίον
492 817 588 870 καὶ
643 818 750 889 πρὸ
799 818 949 890 ὥρας
995 822 1023 874 ὁ
1053 820 1254 889 ἀσεϐὴς
1276 817 1595 878 ἀπόλλυται,
1623 811 1711 864 διὰ
1734 810 1834 881 τὴν

257 910 443 969 ἑαυτοῦ
472 910 702 974 κακίαν,
731 911 876 965 κατά
908 912 971 966 τὸ
997 913 1288 982 εἰρημένον
1309 929 1323 944 ο
1365 930 1383 962 ι
1423 908 1516 978 Μὴ
1558 904 1834 975 ἀσεϐήσῃς

259 1004 409 1064 πολὺ,
446 999 585 1071 μηδὲ
611 1001 767 1068 γίνου
802 1001 1057 1072 σκληρὸς,
1105 1002 1194 1056 ἴνα
1227 1000 1303 1072 μὴ
1343 997 1618 1070 ἀποθάνῃς
1671 997 1728 1048 ὲν
1771 992 1832 1045 οὐ

259 1091 424 1164 καιρῷ
452 1108 569 1146 σου.
603 1109 622 1142 ι
655 1092 770 1145 Ἵνα
793 1090 884 1145 οῦν
905 1092 1154 1163 κατάσχῃ
1188 1092 1386 1153 αὐτοὺς
1409 1091 1438 1142 ὁ
1467 1087 1700 1150 Παῦλος,
1735 1074 1834 1139 καὶ

262 1191 329 1257 μὴ
348 1183 580 1255 διαπέσῃ
601 1183 772 1237 αὐτοῦ
795 1186 829 1254 η
857 1185 1183 1256 προφητεία,
1201 1181 1562 1252 οἰκονομικῶς
1595 1179 1784 1246 ἔλεγεν
1817 1193 1832 1207 ·

267 1301 283 1332 ι
318 1279 436 1331 Ἐὰν
457 1279 532 1348 μὴ
554 1271 706 1332 οῦτοι
732 1279 989 1348 μείνωσιν
1007 1277 1065 1330 ὲν
1085 1277 1164 1348 τῷ
1187 1275 1354 1345 πλοίῳ
1373 1274 1520 1345 (τοὺς
1536 1272 1738 1332 ναύτας
1749 1267 1838 1320 λέ-

261 1371 416 1442 γων,)
448 1371 608 1441 ὑμεῖς
669 1371 906 1440 σωθῆναι
957 1371 1019 1423 οὐ
1066 1366 1317 1424 δύνασθε.
1355 1365 1519 1419 »Ὀτε
1563 1360 1658 1417 οῦν
1696 1357 1838 1415 εἶδον

261 1467 390 1535 ὅτιὴ
429 1463 667 1518 ἀὸουλία
700 1462 882 1516 αὐτῶν
931 1462 1188 1530 ἐποίησεν
1223 1461 1422 1520 αὐτοὺς
1471 1455 1834 1516 κινδυνεῦσαι,

261 1558 372 1612 τότε
397 1556 642 1628 ἧρξαντο
687 1553 836 1626 αὺτῷ
887 1553 1173 1608 πείθεσθαι
1196 1569 1212 1584 ·
1249 1553 1324 1616 ὼς
1361 1549 1560 1619 μᾶλλον
1591 1549 1690 1619 τῆς
1749 1545 1836 1598 εῦ-

263 1650 443 1718 καίρου
481 1647 846 1718 συμϐουλίας,
879 1647 977 1714 τῆς
1000 1645 1152 1718 παρά
1195 1645 1350 1712 ἁγίου
1379 1641 1570 1712 ἀνδρὸς
1615 1638 1842 1709 γινομέ-

261 1757 369 1810 νης,
384 1737 695 1806 δυναμένης
723 1736 968 1807 σῶσαι,ἢ
993 1737 1093 1804 τῆς
1111 1734 1473 1806 εἱμαρμένης,
1501 1731 1601 1800 τῆς
1625 1733 1683 1784 ἐν
1723 1750 1840 1786 κιν-

263 1831 391 1899 δύνῳ
406 1829 541 1898 μηδὲ
564 1828 740 1896 ὄνομα
759 1826 1007 1897 ἐχούσης.
1033 1826 1096 1878 Εἰ
1113 1824 1219 1894 γὰρ
1236 1823 1545 1895 εἱμαρμένῃ
1562 1822 1840 1876 ἐπείθοντο

265 1920 470 1979 ἐκεῖνοι,
526 1916 712 1969 καίτοι
751 1916 902 1977 ὄντες
951 1913 1177 1978 ἐθνικοὶ,
1207 1913 1522 1982 παρειόντες
1550 1910 1568 1982 Ῐ
1593 1911 1634 1980 f.
1667 1928 1833 1981 παρι-

266 2008 433 2068 δόντες
457 2005 536 2058 vel
563 2000 909 2075 παρεῶντες]
938 2003 1037 2072 τὴν
1063 2001 1158 2055 τοῦ
1182 1998 1469 2061 θεοσεϐοῦς
1501 1996 1832 2068 συμϐουλὴν,

267 2097 381 2152 εἴων
412 2096 478 2149 ἂν
505 2094 770 2148 ἀπελθεῖν
801 2094 928 2156 τοὺς
983 2092 1206 2156 ναύτας,
1256 2091 1526 2159 λέγοντες,
1561 2090 1664 2152 ὅτι,
1714 2087 1836 2142 Κᾶν

268 2182 401 2242 οῦτοι
439 2185 742 2250 ἀπέλθωσι,
789 2184 1057 2255 συμφέρει
1088 2184 1144 2238 δὲ
1175 2184 1324 2254 ἡμᾶς
1354 2180 1667 2244 ἀποθανεῖν,
1684 2180 1836 2234 οὐδε.

273 2280 360 2351 μία
381 2279 562 2348 ὄνησις
593 2279 734 2349 ἡμῖν
757 2278 1047 2345 γενήσεται
1077 2279 1140 2330 ὲκ
1178 2274 1272 2329 τοῦ
1308 2275 1382 2346 μὴ
1417 2274 1672 2329 ἀπελθεῖν
1716 2272 1840 2326 τού-

270 2388 402 2434 τους.
444 2370 586 2423 Ἀλλ’
638 2370 743 2422 οὐκ
784 2362 936 2422 εἷπον
1008 2366 1187 2431 τοῦτο,
1243 2367 1362 2420 οὐδὲ
1399 2367 1585 2419 εῐασαν
1645 2364 1842 2426 αὐτοὺς

270 2462 527 2519 ἀπελθεῖν.
555 2461 649 2513 Διὸ
685 2462 748 2513 ἐκ
777 2459 986 2513 πολλῶν
1017 2459 1309 2529 ὲκὸλητέος
1341 2458 1369 2509 ὁ
1397 2459 1527 2528 περὶ
1571 2456 1843 2527 εἱμαρμέ-

272 2573 356 2624 νης
383 2554 414 2626 ἢ
435 2553 604 2625 τύχης
645 2553 826 2622 λόγος.
860 2553 1118 2623 Παραινεῖ
1141 2549 1352 2612 Παῦλος
1371 2548 1692 2618 μεταλαϐεῖν
1709 2565 1838 2619 τρο-

274 2647 406 2716 φῆς*
459 2645 553 2698 καὶ
601 2644 768 2706 αὐτὸς
805 2643 1019 2712 πρῶτος
1100 2641 1616 2711 μεταλαμῆἀνεε,οὺ
1663 2639 1839 2709 λόγῳ,

278 2741 382 2798 ἀλλ’
413 2740 559 2812 ἔργῳ
591 2739 800 2793 πείθων
823 2756 836 2771 ο
865 2738 1036 2792 Τοῦτο
1065 2739 1194 2810 γὰρ,
1229 2739 1382 2808 φησὶ,
1408 2739 1546 2810 πρὸς
1570 2738 1670 2808 τῆς
1709 2739 1845 2808 ὑμε-

277 2835 424 2905 τέρας
454 2833 736 2904 σωτηρίας
762 2831 879 2884 ἐστὶ
919 2829 1206 2902 (τουτέστι,
1255 2833 1315 2885 τὸ
1345 2833 1585 2901 φαγεῖν),
1637 2833 1846 2900 μήποτε

281 2924 439 3030 λιμῷ..
453 2923 824 3030 διαφθαρῆτε.
849 2923 960 3025 -οὐ
991 2923 1099 2993 γὰρ
1122 2917 1190 2992 ἦν
1233 2923 1417 2986 αὐτοῖς
1449 2924 1657 2992 τροφῆς
1686 2939 1849 2992 φρον-

277 3013 371 3075 τὶς,
415 3015 509 3068 ἅτε
539 3016 600 3067 οὐ
642 3015 776 3084 περὶ
806 3013 914 3066 τῶν
952 3015 1225 3084 τυχόντων
1253 3013 1406 3078 ὄντος
1454 3017 1548 3070 τοῦ
1580 3014 1847 3068 κινδύνου.

284 3105 438 3159 Πόθεν
479 3106 537 3160 δὲ
589 3106 818 3174 γέγονεν
878 3106 1065 3168 αὐτοῖς
1108 3105 1264 3175 δῆλος
1301 3105 1412 3160 τῶν
1463 3106 1852 3175 συμπλεόντων

281 3195 307 3250 ὁ
342 3196 610 3267 ἀριθμός;
645 3196 807 3261 Εἰκὸς
834 3191 900 3268 ἦν
929 3195 1127 3260 αὐτοὺς
1154 3197 1365 3268 ἐρωτᾷν
1413 3197 1512 3269 τὴν
1548 3197 1746 3262 αἰτίαν,
1784 3199 1852 3251 δι’

1936 733 2079 772 nttnc
2104 726 2326 787 propter
2352 717 2563 785 justum
2595 711 2789 766 vivunt
2824 704 2999 774 impii.
3039 699 3348 771 Aliquando
3375 713 3506 750 vero

1937 811 2227 863 immature
2281 807 2423 878 perit
2469 803 2672 873 impius
2721 806 2947 870 prepter
2998 791 3261 848 malitiam
3323 803 3505 850 suam,

1934 901 2095 972 313
2124 900 2280 969 juxta
2312 897 2490 952 illud:
2530 915 2548 947 ι
2598 891 2678 948 Ne
2724 891 2891 959 impie
2943 900 3074 957 agas
3126 885 3357 936 multum
3405 897 3418 934 :
3453 887 3508 932 et

1938 994 2048 1048 noli
2095 1006 2216 1047 esse
2273 990 2500 1052 stultus,
2553 1000 2622 1040 ne
2678 979 2934 1037 moriaris
2987 976 3042 1030 in
3100 983 3346 1043 tempore
3399 984 3506 1024 non

1938 1097 2034 1142 tuo
2067 1085 2135 1138 ⁸⁸.
2176 1103 2193 1134 ι
2222 1083 2422 1137 Paulus
2461 1079 2630 1150 igitur
2679 1085 2737 1130 ut
2793 1088 2891 1129 eos
2938 1056 3230 1132 detiti'eret,
3273 1064 3508 1134 ejusque

1937 1176 2220 1249 prophetia
2263 1174 2602 1243 impleretur,
2648 1166 2869 1222 dicebat
2913 1180 2928 1216 :
2971 1179 2990 1213 ι
3024 1159 3140 1215 Nisi
3192 1159 3248 1212 hi
3297 1158 3352 1210 in
3381 1155 3508 1210 nari

1940 1270 2270 1332 manserint,
2307 1281 2404 1322 vos
2440 1263 2575 1320 salvi
2609 1261 2727 1316 fieri
2758 1273 2867 1312 non
2899 1254 3154 1327 potestis.
3185 1269 3206 1304 ι
3239 1249 3308 1306 Ut
3345 1247 3511 1318 igitur

1938 1366 2309 1430 cognoverunt
2369 1372 2429 1411 se
2476 1371 2504 1409 a
2553 1350 2770 1422 propria
2804 1345 3168 1417 imprudentia
3227 1340 3292 1394 ad
3333 1347 3511 1393 extre-

1940 1469 2086 1507 mum
2115 1450 2310 1506 adduci
2333 1447 2659 1519 periculum,
2688 1453 2821 1498 tunc
2851 1444 3134 1506 coeperunt
3169 1433 3347 1488 eidem
3394 1444 3514 1482 crc-

1939 1545 2088 1609 dere,
2121 1541 2320 1612 quippe
2349 1538 2492 1608 quod
2527 1541 2900 1605 opportunum
2926 1525 3220 1581 consilium
3257 1537 3285 1575 a
3319 1526 3512 1574 sancto

1938 1635 2059 1691 viro
2097 1633 2285 1686 datum
2315 1629 2485 1698 magis
2509 1642 2603 1683 eos
2631 1637 2850 1680 servare
2881 1627 3089 1690 posset,
3123 1628 3285 1683 quant
3341 1609 3511 1662 fatum

1940 1726 2169 1799 quodin
2213 1722 2453 1792 periculo
2484 1736 2552 1775 ne
2596 1731 2792 1794 nomen
2831 1711 3048 1780 quidem
3097 1720 3258 1760 suum
3290 1701 3508 1756 retinet.

1947 1790 2004 1875 si
2041 1818 2186 1873 enim
2217 1790 2299 1870 illi
2343 1813 2478 1875 fato,
2510 1790 2658 1862 velut
2688 1805 2937 1876 gentiles,
2968 1796 3354 1856 credidissent,
3391 1805 3515 1860 pro-

1945 1913 2107 1976 fecto,
2137 1909 2328 1964 relicto
2373 1903 2445 1973 pii
2476 1903 2577 1957 viri
2629 1897 2878 1958 consilio,
2909 1891 3172 1949 sivissent
3202 1886 3354 1941 abire
3384 1899 3516 1937 nau-

1940 2015 2045 2069 tas,
2077 2002 2320 2054 dicentes
2349 2015 2365 2052 :
2397 1995 2452 2050 Si
2475 1993 2564 2048 his
2584 1991 2743 2045 etiam
2777 1983 3125 2044 abeuntibus,
3166 1982 3383 2047 oportet
3417 1987 3518 2027 nos

1941 2096 2102 2160 mori,
2138 2093 2271 2148 nihil
2295 2083 2646 2145 emolumenti
2677 2081 2833 2136 nobis
2861 2079 2987 2140 erit,
3022 2071 3235 2129 etiamsi
3266 2084 3371 2121 non
3401 2065 3518 2121 (lis-

1940 2155 2131 2244 cedant
2165 2185 2311 2256 (nam
2346 2178 2701 2236 nihilominus
2742 2174 2848 2226 lato
2883 2168 3133 2236 adigente
3170 2155 3514 2234 peribimus).

1940 2247 2192 2335 Attamen
2209 2289 2320 2329 non
2344 2274 2416 2327 ita
2438 2271 2712 2329 dixerunt,
2735 2277 2910 2329 neque
2931 2265 3255 2330 potestatem
3279 2247 3517 2306 abeundi

1945 2373 2050 2426 illis
2086 2370 2350 2424 fecerunt.
2381 2364 2567 2430 Quare
2601 2374 2668 2413 ex
2704 2351 2989 2423 multiplici
3021 2348 3200 2417 capite
3256 2343 3520 2410 abjicien-

1942 2465 2072 2518 dum
2103 2473 2330 2531 prorsus
2377 2465 2461 2511 est
2488 2456 2854 2508 commentum
2892 2445 2959 2498 de
3009 2441 3121 2495 fato
3167 2447 3221 2493 et
3275 2437 3518 2489 fortuna.

1945 2558 2207 2613 llortatur
2228 2565 2358 2604 vero
2389 2546 2592 2600 Paulus
2615 2548 2845 2595 cunctos
2875 2535 2966 2605 qui
3001 2540 3161 2587 erant
3193 2531 3245 2582 in
3288 2525 3432 2586 navi,
3459 2532 3520 2576 ut

1947 2655 2226 2706 sumerent
2262 2643 2468 2704 cibum,
2509 2648 2559 2691 et
2607 2637 2722 2705 ipse
2755 2631 2966 2702 primus
3018 2622 3275 2692 sumpsit,
3313 2628 3370 2672 nt
3408 2633 3518 2670 non

1949 2753 2058 2797 tam
2087 2739 2249 2794 verbo
2284 2748 2446 2805 quam
2473 2745 2636 2800 Opere
2657 2723 3008 2796 persuaderet
3041 2736 3054 2772 :
3089 2717 3197 2769 Hoc
3231 2713 3400 2774 enim,
3431 2710 3520 2764 in-

1948 2829 2190 2900 quiebat,
2219 2825 2285 2880 ad
2307 2804 2553 2877 vestram
2588 2815 2820 2871 salutem
2870 2804 3247 2864 necessarium
3302 2809 3407 2862 est,
3451 2810 3526 2850 ne

1950 2923 2094 2977 fame
2121 2915 2359 2989 pereatis
2393 2931 2407 2966 :
2441 2922 2619 2978 neque
2664 2904 2809 2960 enim
2840 2900 2997 2956 cibus
3031 2909 3176 2951 curae
3228 2891 3338 2946 illis
3379 2894 3521 2949 erat,

1951 3013 2098 3086 quod
2125 3011 2178 3065 in
2220 3020 2437 3063 summo
2465 3003 2591 3066 vitae
2629 2995 2868 3069 periculo
2917 2996 3287 3046 versarentur.
3327 3001 3348 3034 ι
3387 2979 3521 3034 Era-

1953 3121 2074 3161 mns
2092 3117 2238 3158 vero.
2282 3117 2301 3150 ι
2342 3096 2496 3152 Unde
2519 3089 2846 3148 manifestus
2878 3082 3057 3138 factus
3079 3086 3161 3134 est
3186 3075 3296 3130 illis
3312 3085 3522 3133 eorum,

1955 3201 2048 3269 qui
2081 3198 2135 3251 in
2174 3192 2300 3249 navi
2329 3199 2505 3251 erant,
2541 3181 2844 3242 numerus?
2877 3177 3136 3232 Fortasse
3169 3185 3293 3228 sese
3328 3175 3521 3221 mutuo

284 3289 341 3361 ἢν
386 3289 630 3356 πλέουσι,
689 3292 785 3345 καὶ
838 3291 1030 3362 μαθεῖν
1077 3292 1276 3346 πάντα.
1313 3259 1483 3344 Πάλιν
1533 3292 1596 3344 ἐκ
1655 3259 1845 3344 τοῦτου

1955 3291 2450 3358 interrogaverant,
2486 3294 2595 3350 qua
2624 3277 2692 3332 de
2725 3286 2892 3331 causa
2936 3269 3280 3336 navigarent,
3336 3259 3526 3327 sicque

283 3381 563 3448 δείκνυται,
586 3383 676 3435 ὅτι
717 3381 794 3452 τῷ
829 3382 1025 3453 Παύλῳ
1053 3381 1453 3453 εὐχαρίστησαν
1502 3382 1568 3449 ⁸⁸,
1609 3383 1691 3436 ὃτι
1750 3382 1845 3436 καί

286 3491 358 3530 τοι
387 3475 731 3546 βουλομένων
753 3477 904 3541 τινὰς
935 3478 1203 3548 ἀναιρεῖν,
1240 3477 1328 3532 ἵνα
1357 3476 1432 3548 μὴ
1464 3477 1606 3550 πέσῃ
1631 3477 1664 3548 ἡ
1711 3495 1846 3550 προ-

287 3567 469 3634 φητεία
511 3569 754 3632 Παύλου,
804 3569 906 3622 οὐκ
968 3568 1152 3621 εῐασεν
1186 3569 1387 3633 αὐτοὺς
1438 3569 1850 3641 ἀναιρεθῆναιό

289 3658 703 3734 ἑκατοντάρχης,
739 3660 824 3716 ἴνα
845 3659 936 3712 τὸν
967 3657 1179 3714 Παῦλον
1211 3660 1384 3734 σώσῃ.

637 3903 642 3908 ,
732 3842 822 3914 Τῷ
875 3841 1138 3914 Σασϐἀτῳ
1175 3843 1274 3913 τῆς
1312 3850 1376 3901 ν’,

861 3935 1248 3992 ΚΕΙΜΕΝΟΝ.

355 4024 417 4077 Oi
441 4041 498 4081 τε
535 4025 820 4097 Βάρὸαροι
848 4029 1109 4097 παρεῖχον
1135 4028 1197 4081 οὐ
1225 4027 1324 4099 τὴν
1347 4027 1617 4099 τυχοῦσαν
1656 4028 1850 4098 φιλαν-

293 4111 519 4182 θρωπίαν
557 4117 718 4188 ἡμῖν.
768 4115 1102 4186 Ἀνάψαντες
1156 4117 1266 4188 γὰρ
1319 4119 1521 4188 πυρὰν,
1579 4117 1849 4187 προσελά-

292 4205 435 4260 ϐοντο
482 4209 692 4272 πάντας
737 4209 906 4280 ἡμᾶς,
961 4209 1050 4263 διὰ
1082 4208 1173 4264 τὸν
1223 4210 1377 4264 ὑετὸν
1410 4210 1502 4264 τὸν
1542 4209 1848 4280 ἐφεστῶτα,

1952 3387 2217 3439 noverant
2244 3376 2449 3433 omnia.
2490 3391 2510 3424 ι
2545 3369 2775 3425 Militum
2805 3372 2986 3419 autem
3013 3356 3299 3415 consilium
3324 3357 3462 3406 erat.
3498 3365 3521 3402 ι

1951 3475 2029 3530 Ex
2061 3476 2166 3529 hoc
2194 3471 2358 3526 etiam
2389 3466 2565 3536 palam
2601 3461 2682 3526 lit,
2727 3473 2824 3514 eos
2889 3451 3059 3508 Paulo
3106 3447 3340 3502 donatos
3375 3455 3524 3500 esse,

1952 3565 2122 3639 quod,
2153 3577 2275 3619 cum
2302 3560 2503 3615 vellent
2529 3552 2796 3626 quosdam
2829 3545 3102 3604 occidere,
3139 3552 3209 3594 ne
3246 3533 3526 3592 excideret

1950 3634 2106 3717 Ιῖοιιιί
2143 3651 2444 3726 prophetia.
2485 3646 2754 3710 centurio,
2785 3649 2846 3696 ut
2873 3637 3103 3694 Paulum
3125 3634 3390 3689 servaret,
3413 3640 3528 3682 non

1953 3749 2222 3825 permisit,
2251 3752 2310 3803 ut
2341 3745 2484 3800 ullus
2513 3739 2934 3796 interﬁceretur.

2420 3833 2659 3889 Sabbato
2697 3827 3070 3882 Pentecostes.

2023 4023 2266 4088 XXVIII,
2299 4020 2446 4078 1-10.
2463 3917 2870 4072 13³τῦἷὲξῖῗέ
2868 3957 3198 4080 pra-stabant
3222 4015 3326 4055 non
3351 3995 3531 4053 modi-

1953 4138 2072 4180 cam
2108 4115 2505 4174 humanitatem
2533 4108 2716 4168 nobis.
2749 4105 2994 4160 Accensa
3023 4097 3171 4154 enim
3220 4107 3371 4166 pyra,
3406 4088 3532 4145 reli-

1954 4213 2172 4270 ciebant
2199 4223 2302 4263 nos
2328 4218 2522 4261 omnes
2547 4209 2765 4273 propter
2795 4196 3026 4253 imbrem
3066 4189 3162 4259 qui
3191 4181 3532 4245 imminebat,

293 4299 378 4356 καὶ
427 4299 512 4353 διά
563 4300 629 4355 τὸ
672 4298 866 4371 ψύχος.
919 4301 1330 4373 Συστρέψαντος
1379 4301 1438 4355 δὲ
1492 4301 1588 4360 τοῦ
1633 4300 1845 4356 Παύλου

1951 4313 2006 4362 et
2028 4305 2215 4375 frigus.
2239 4299 2377 4356 Cum
2392 4299 2782 4366 congregasset
2797 4296 2975 4343 autem
2994 4283 3200 4338 Paulus
3225 4283 3535 4334 sarmento-

296 4391 573 4458 φρυγάνων
611 4410 666 4446 τι
697 4390 926 4462 πλῆθος,
961 4394 1054 4446 καὶ
1090 4392 1372 4464 ἐπιθέντος
1405 4393 1496 4451 ἐπὶ
1526 4393 1626 4465 τὴν
1649 4392 1851 4464 πυρὰν,

297 4479 464 4550 ἔχιδνα
493 4483 602 4542 ἀπὸ
635 4487 732 4554 τῆς
764 4484 972 4554 θέρμης
1011 4483 1326 4550 ἐξελθοῦσα,
1360 4483 1576 4554 καθῆψε
1607 4484 1707 4553 τῆς
1735 4502 1850 4554 χει-

299 4575 380 4641 ρὸς
404 4577 586 4632 αὑτοῦ.
631 4577 720 4642 ὀς
745 4577 802 4631 δὲ
843 4573 986 4630 εἶδον
1033 4577 1082 4628 οἰ
1113 4577 1390 4648 Βάρϐαροι
1415 4577 1760 4649 κρεμάμενον
1790 4577 1852 4630 τὸ

300 4660 473 4734 θηρίον
505 4667 563 4720 ἐν
598 4668 667 4738 τῇ
702 4666 848 4737 χειρὶ
878 4666 1068 4733 αὑτοῦ,
1117 4668 1257 4736 πρὸς
1307 4665 1569 4738 ἀλλήλους
1619 4665 1806 4735 ελεγον
1836 4682 1849 4696 ·

299 4753 508 4822 Πάντως
539 4759 739 4830 φονεύς
793 4759 944 4817 ἐστιν
986 4761 1014 4814 ὁ
1042 4758 1330 4830 ἄνθρωπος
1353 4751 1532 4826 οὗτος,
1562 4758 1622 4812 ὃν
1658 4758 1859 4814 διασω-

1954 4412 2074 4460 rnm
2103 4373 2176 4448 ali
2195 4400 2454 4463 quantam
2481 4381 2881 4440 multitudinem
2913 4387 2968 4431 et
2995 4373 3345 4443 imposuisset
3368 4380 3537 4437 super

1956 4489 2162 4562 ignem,
2187 4483 2396 4554 vipera,
2418 4476 2777 4534 acalorecum
2799 4465 3179 4541 processisset,
3197 4458 3397 4516 invasit
3417 4471 3537 4511 ma-

1958 4549 2083 4636 nvum
2097 4549 2313 4646 ejus.Ut
2325 4586 2454 4628 vero
2467 4568 2718 4624 viderunt
2729 4558 2951 4618 Barbari
2967 4554 3291 4628 pendentem
3307 4549 3534 4605 bestiam

1963 4671 2032 4727 de
2061 4638 2222 4724 manu
2251 4663 2392 4734 ejus,
2435 4661 2501 4716 ad
2544 4656 2775 4714 invicem
2809 4647 2975 4723 315
2999 4646 3254 4702 dicebant
3287 4660 3302 4696 :
3338 4638 3537 4709 Utique

1970 4757 2246 4822 homicida
2283 4761 2369 4810 est
2402 4752 2567 4807 homo
2590 4748 2703 4813 hic,
2737 4745 2830 4814 qui
2865 4755 2990 4796 cum
3014 4734 3256 4794 evaserit
3281 4732 3350 4786 de
3375 4728 3537 4792 mari,

305 4844 452 4901 θέντα
482 4852 545 4904 ὲκ
578 4853 680 4922 τῆς
723 4850 1024 4922 θαλάσσης,
1061 4851 1094 4921 ἠ
1138 4820 1264 4920 δίκη
1298 4850 1398 4922 ζῇν
1426 4820 1528 4907 οὐκ
1554 4851 1758 4910 εἴασεν.
1803 4851 1845 4904 'L

1966 4853 2101 4911 ultio
2127 4865 2234 4905 non
2257 4847 2388 4903 sinit
2408 4858 2531 4900 eum
2563 4841 2766 4893 vivere.
2797 4834 2861 4888 Et
2902 4832 2989 4887 ille
3013 4827 3232 4900 quidem
3256 4820 3542 4879 excutiens

306 4936 395 5002 μὲν
421 4937 530 5007 οὖν,
562 4941 1030 5011 ἀποτιναξάμενος
1060 4942 1121 4994 τὸ
1154 4941 1343 5012 θηρίον
1369 4944 1447 5006 εἰς
1470 4943 1532 4995 τὸ
1562 4942 1696 5012 πῦρ,
1725 4942 1861 4995 ἐπα-

307 5026 390 5132 θεν
431 5034 582 5132 οὐδὲν
638 5035 842 5132 κακόνο
871 5035 920 5087 οἰ
956 5035 1010 5087 δὲ
1055 5035 1401 5106 προσεδόκων
1434 5035 1594 5090 αὑτὸν
1647 5035 1860 5104 μέλλειν

305 5124 662 5193 πίμπρασθαι,
696 5124 728 5196 ἢ
757 5126 1118 5185 καταπίπτειν
1145 5125 1299 5194 ἄφνω
1329 5125 1544 5196 νεκρόν.
1578 5125 1701 5179 Ἐπὶ
1726 5125 1861 5179 πολὺ

306 5208 552 5318 δὲναὺτῶν
580 5217 1027 5288 προσδοκώντων,
1063 5218 1156 5271 καὶ
1184 5215 1535 5286 θεωρούντων
1571 5217 1738 5288 μηδὲν
1780 5217 1862 5280 εἰς

307 5305 458 5407 Cv?th
510 5310 803 5407 γενόμενον
861 5309 1060 5407 ἀτοπον
1085 5348 1100 5374 ,
1157 5307 1624 5380 μεταϐαλλόμενοι
1676 5309 1862 5377 ελεγον

309 5393 456 5497 αὐτὸν
506 5394 643 5451 εἶναι
673 5399 810 5453 θεόν.
846 5397 936 5452 Ἐν
963 5398 1019 5452 δὲ
1049 5399 1161 5462 τοῖς
1194 5397 1322 5469 περὶ
1341 5397 1434 5451 τὸν
1461 5400 1624 5452 τόπον
1657 5400 1864 5452 ἐκεῖνον

312 5488 509 5589 Ῠῖπῆρχε
538 5492 720 5589 χωρία
762 5489 838 5589 τῷ
871 5488 1072 5561 πρώτῳ
1099 5489 1197 5560 τῆς
1231 5491 1396 5560 νήσου
1437 5491 1611 5561 ἀνδρὶ,
1637 5491 1860 5560 ὀνόματι

311 5573 536 5649 Ποπλίῳ.
573 5583 669 5645 ’ος
698 5581 1097 5653 ἀναδεξάμενος
1137 5581 1306 5654 ἡμᾶς,
1339 5585 1489 5657 τρεῖς
1528 5583 1739 5657 ἡμέρας
1770 5603 1860 5652 φι-

386 5757 428 5792 ⁸⁵
453 5759 628 5821 Eccle.
663 5780 761 5831 vlt,
785 5764 876 5828 l8.

1965 4945 2196 5004 bestiam
2223 4942 2277 4996 in
2305 4942 2506 5010 ignem,
2545 4931 2678 4989 nihil
2739 4928 2865 4983 mali
2925 4937 3120 4996 passus
3177 4927 3284 4974 est.
3347 4915 3418 4969 At
3464 4911 3541 4967 illi

1965 5038 2351 5098 existimabant
2387 5048 2509 5088 eum
2546 5031 2598 5085 in
2655 5037 2924 5083 tumorem
2985 5012 3436 5076 eonvertendum,
3485 5015 3542 5062 et

1969 5130 2150 5188 subito
2176 5139 2456 5188 casurum,
2487 5129 2544 5176 et
2573 5119 2734 5174 mori.
2769 5116 2868 5170 Diu
2889 5123 3069 5168 autem
3093 5109 3200 5163 illis
3216 5109 3546 5173 exspectan-

1972 5221 2121 5277 tibus
2155 5227 2212 5275 et
2241 5215 2558 5273 videntibus
2592 5212 2728 5266 nihil
2760 5206 2882 5262 mali
2920 5205 2974 5258 in
3001 5216 3066 5256 eo
3116 5196 3254 5259 ﬁeri,
3309 5206 3544 5249 conver-

1973 5322 2151 5370 tentes
2179 5326 2238 5368 se
2289 5308 2544 5364 dicebant
2573 5317 2696 5357 eum
2727 5312 2850 5354 esse
2876 5294 3062 5348 deum.
3095 5289 3154 5343 ln
3190 5287 3328 5339 locis
3355 5289 3539 5334 autem

2117 5367 2274 5457 erant
2302 5394 2498 5468 praedia
2533 5389 2794 5462 principis
2827 5381 3042 5444 insulae,
3085 5372 3304 5430 nomine
3339 5367 3541 5432 Publii,

1972 5494 2065 5564 qui
2099 5506 2199 5546 nos
2227 5488 2553 5558 suspiciens,
2585 5481 2767 5535 triduo
2825 5474 3058 5542 benigne
3105 5463 3538 5539 hospitalitatem

1970 5557 2240 5645 exhibuit.
2264 5557 2504 5650 Contigit
2532 5583 2712 5631 autem
2740 5578 2948 5642 patrem
2996 5562 3174 5620 Publii
3205 5557 3450 5619 lebrtbus
3483 5561 3540 5612 et

1635 5855 1828 5926 Varia:
1863 5852 2195 5921 lectiones.

383 5949 428 5984 ⁸³
454 5954 833 6040 ἐχαρίσοησαν.
