3950 6564
462 444 605 511 1055

1379 443 1952 511 TilEUPIIYLACTI
1986 439 2396 505 BULGARI/E
2436 441 2791 503 ARCHIEP.

3577 437 3708 505 1056

459 557 804 631 dyssenteria
843 566 1059 614 ventum
1099 556 1307 628 jacere.
1342 557 1419 613 Ad
1450 574 1611 628 quem
1650 555 1855 611 Paulus
1903 554 2046 609 intra

2151 550 2424 622 λοφρόνως
2473 550 2731 618 ἐξένισεν.
2801 547 3046 618 Ἐγένετο
3097 545 3153 601 δὲ
3200 546 3298 601 τὸν
3364 547 3575 618 πατέρα
3620 551 3705 604 τοῦ

462 652 595 705 vit:
644 660 699 707 et
776 665 897 705 cum
960 656 1172 704 orasset
1209 660 1262 704 et
1310 649 1664 720 imposuisset
1719 648 1769 704 ei
1826 662 2041 713 manus,

462 741 692 798 salvavit
716 756 863 795 eum.
887 738 1005 807 Quo
1031 739 1196 805 facto,
1228 756 1420 796 omnes
1453 740 1543 811 qui
1576 740 1631 796 in
1666 739 1843 795 insula
1874 738 2044 793 habe-

463 836 594 891 bant
625 833 823 888 infirmi
866 841 1026 899 tates,
1050 832 1385 893 accedebant
1445 841 1498 888 et
1535 829 1873 887 curabantur
1907 846 1920 883 :
1950 830 2043 899 qui

467 924 593 979 tiam
641 924 825 980 multis
858 923 1169 991 honoribus
1204 939 1304 981 nos
1345 922 1773 992 honoraverunt,
1803 933 1857 979 et
1883 922 2044 979 navi-

463 1016 716 1086 gantibus
756 1014 1136 1087 imposuerunt
1186 1030 1308 1089 qua:
1328 1015 1636 1072 necessaria
1661 1023 1838 1071 erant.

987 1278 1216 1344 CAPUT
1271 1283 1517 1343 XXXIX.

569 1375 847 1445 Quomodo
876 1377 1082 1434 Paulus
1127 1376 1317 1434 Melita
1369 1378 1591 1437 Romam
1622 1383 1932 1452 pervenerit.

513 1556 751 1621 XXVIII,
774 1558 894 1613 ii-I
907 1559 958 1614 5.
976 1557 1104 1614 Post
1119 1574 1335 1616 menses
1349 1567 1527 1614 autem
1545 1567 1655 1616 tres
1665 1558 2040 1630 navigavimus

463 1647 519 1703 in
546 1650 670 1707 navi
696 1649 1088 1715 Alexandrina,
1121 1666 1241 1721 quae
1268 1650 1322 1706 in
1353 1650 1525 1706 insula
1558 1651 1916 1714 hiemaverat,
1948 1648 2036 1705 cui

465 1749 586 1796 erat
608 1741 820 1812 insigne
839 1740 1151 1801 Castorum.
1177 1741 1244 1797 Et
1277 1757 1399 1798 cum
1426 1742 1768 1799 venissemus
1796 1740 2032 1813 Syracu-

466 1843 607 1895 Sam,
632 1830 934 1886 mansimus
958 1831 1029 1885 ibi
1059 1830 1264 1887 triduo.
1294 1830 1427 1887 inde
1460 1832 1914 1902 circumlegentes
1941 1831 2037 1888 de-

466 1921 715 1976 venimus
738 1920 1000 1991 Rhegium
1019 1924 1051 1978 ":
1087 1932 1142 1977 et
1181 1931 1305 1994 post
1335 1940 1506 1979 unum
1542 1924 1707 1989 diem,
1736 1922 1901 1979 ﬂante
1931 1921 2040 1978 Au-

467 2021 609 2077 stro,
643 2014 883 2068 secunda
927 2013 1014 2069 die
1053 2016 1302 2070 venimus
1330 2013 1624 2080 Puteolos;
1662 2015 1775 2082 ubi,
1808 2013 2044 2071 inventis

468 2102 754 2170 fratribus,
795 2106 970 2176 rogati
1010 2122 1202 2162 sumus
1250 2121 1474 2162 manere
1522 2106 1664 2179 apud
1694 2122 1788 2163 eos
1810 2106 1931 2164 dies
1957 2121 2043 2165 se-

473 2204 616 2264 ptem
653 2213 666 2249 :
697 2208 753 2252 et
779 2198 859 2252 sic
892 2198 1143 2255 venimus
1168 2197 1420 2253 Romam.
1451 2197 1518 2253 Et
1545 2198 1674 2254 inde
1698 2213 1822 2254 cum
1852 2197 2044 2254 audis-

464 2294 593 2340 sent
645 2285 869 2353 i'ratres,
921 2295 1282 2344 occurrerunt
1334 2287 1495 2344 nobis
1552 2300 1724 2358 usque
1768 2288 1835 2344 ad
1882 2288 2042 2359 Appii

470 2376 670 2439 forum,
693 2390 759 2432 ac
778 2372 914 2432 Tres
935 2378 1236 2434 Tabernas.
1259 2377 1406 2445 Quos
1421 2393 1543 2434 cum
1565 2379 1791 2434 vidisset
1815 2379 2039 2447 Paulus,

477 2466 684 2538 gratias
720 2482 887 2539 agens
911 2468 1043 2534 Deo,
1087 2470 1293 2541 accepit
1323 2471 1604 2527 ﬁduciam.

1057 2648 1289 2707 CAPUT
1324 2651 1438 2706 XL.

468 2736 547 2795 De
595 2740 933 2818 allocutione.
962 2741 1122 2798 Pauli
1169 2744 1241 2798 ad
1272 2741 1495 2799 Judwos
1526 2744 1618 2814 qui
1644 2743 1828 2801 Romae
1865 2756 2038 2802 erant.

539 2914 780 2983 XXVIII,
808 2917 1002 2975 'I6-3l.
1027 2919 1162 2973 Cum
1208 2928 1387 2974 autem
1417 2920 1762 2978 venissemus
1789 2889 2041 2988 Romam,

470 3008 797 3081 permissum
813 3017 900 3065 est
912 3009 1078 3065 Paulo
1094 3025 1312 3067 manere
1325 3012 1546 3068 sibimet
1561 3028 1684 3068 cum
1701 3014 2045 3072 custodiente

472 3116 531 3156 se
549 3101 738 3157 milite.
755 3099 886 3157 Post
902 3101 1123 3157 tertium
1145 3111 1326 3157 autem
1342 3102 1483 3159 diem
1500 3106 1822 3161 convocavit
1840 3107 2046 3176 primos

2148 643 2384 698 Ποπλίου
2430 644 2687 713 πυρετοῖς
2719 641 2813 696 καὶ⁵
2854 640 3173 712 δυσεντερίᾳ
3219 638 3586 709 συνεχόμενον
3614 656 3710 693 κα-

2142 734 2450 789 τακεῖσθαι.
2480 728 2630 807 Πρὸς
2674 734 2733 787 δν
2765 733 2794 785 ό
2823 720 3031 795 Παῦλος
3061 731 3326 785 εἰσελθὼν
3365 728 3461 783 καὶ
3489 745 3707 800 προσευ-

2145 827 2399 895 ξάμενος,
2432 826 2641 889 ὲπιθείς
2670 844 2730 880 τε
2760 825 2907 897 αὐτῷ
2930 826 3030 887 τὰς
3067 826 3282 896 χεῖρας,
3312 823 3509 877 ἰάσατο
3537 823 3704 878 αὐτόν.

2140 916 2349 973 Τούτου
2377 914 2472 972 οὖν
2503 919 2825 989 γενομένου,
2879 917 2973 970 καὶ
3001 916 3051 971 οἰ
3096 916 3279 970 λοιποὶ
3314 914 3367 968 οἰ
3395 912 3456 966 ἓν
3486 915 3551 984 τῇ
3575 917 3708 985 νήσῳ

2140 1009 2357 1081 ἔχοντες
2390 1010 2701 1074 ἀσθενείας,
2743 1010 3124 1083 προσήρχοντο
3152 1007 3251 1060 καὶ
3292 1006 3704 1075 ἐθεραπεύοντο,

2142 1103 2208 1157 Οῖ
2259 1103 2354 1156 καὶ
2403 1101 2625 1165 πολλαῖς
2657 1104 2845 1173 τιμαῖς
2890 1100 3158 1171 ἐτίμησαν
3195 1099 3373 1170 ἡμᾶς,
3407 1100 3502 1153 καὶ
3529 1099 3705 1166 ἀναγο-

2144 1194 2323 1267 μένοις
2355 1193 2611 1248 ἑπέθεντο
2634 1193 2703 1247 τὰ
2736 1192 2873 1264 πρὸς
2907 1191 3009 1259 τὴν
3044 1190 3258 1262 χρείαν.

2718 1285 2972 1340 KEOAA.
3013 1284 3137 1338 ΛΘθ.

2140 1379 2341 1447 ὀπως
2388 1376 2508 1435 ἀπὸ
2551 1378 2814 1444 Μελίτης
2842 1377 2934 1443 εις
2983 1375 3221 1446 Ῥώμην
3267 1374 3646 1441 κατήντησεν
3675 1380 3701 1431 ό

2782 1467 3048 1533 Παῦλος.

2209 1559 2363 1616 Μετὰ
2403 1559 2461 1614 δὲ
2489 1560 2638 1632 τρεῖς
2672 1558 2848 1629 μῆνας
2867 1559 3183 1629 ἀνήχθημεν
3207 1559 3269 1611 ἐν
3302 1574 3701 1626 παρακεχειμα-

2143 1653 2262 1708 κότι
2318 1655 2375 1706 ὲν
2408 1654 2474 1724 τῇ
2515 1652 2665 1723 νήσῳ
2688 1693 2702 1717 ,
2737 1651 2907 1721 πλοίῳ
2945 1650 3338 1720 Ἀλεξανδρινῷ
3406 1650 3699 1719 παρασήμῳ

2147 1743 2514 1815 Διοσκούροις.
2570 1724 2684 1797 κει
2744 1741 3116 1813 καταχθέντες
3178 1742 3262 1804 είς
3322 1738 3697 1808 Συρακούσας,

2146 1836 2514 1909 ἐπεμείναμεν
2565 1836 2782 1907 ἡμέρας
2840 1836 3014 1903 τρεῖς.
3078 1833 3242 1887 Ὅθεν
3329 1830 3700 1901 περιελθόντες,

2145 1927 2570 1997 κατηντήσαμεν
2602 1925 2681 1988 είς
2724 1920 2967 1995 Ῥήγιον·
3014 1922 3110 1975 καὶ
3148 1920 3294 1990 μετὰ
3331 1919 3461 1990 μίαν
3489 1919 3698 1989 ἡμέραν,

2145 2016 2535 2089 ἐπιγενομένου
2574 2015 2751 2079 νότου,
2798 2015 3100 2084 δευτεραῖοι
3133 2010 3381 2083 ἤλθομεν
3420 2013 3500 2075 είς
3536 2011 3700 2065 Ποτιόο

2141 2105 2289 2169 λους.
2337 2102 2412 2163 θῦ
2452 2106 2713 2177 εὑρόντες
2763 2104 3028 2175 ἀδελφοὺς
3053 2145 3069 2167 ,
3104 2102 3537 2174 παρεκλήθημεν
3585 2103 3696 2174 παρ’

2143 2201 2329 2264 αὐτοῖς
2356 2201 2735 2271 ἐπιμείναντες
2758 2198 2974 2269 ἡμέρας
3018 2196 3178 2251 ἑπτά·
3216 2197 3315 2249 καὶ
3345 2195 3519 2257 οὕτως
3546 2194 3689 2266 ﬁliiq-

2148 2308 2246 2363 μεν
2272 2293 2351 2355 εἰς
2389 2291 2628 2362 Ῥώμην.
2659 2289 2931 2346 Κάκεῖθεν
2963 2289 3013 2343 oi
3039 2287 3263 2357 ἀδελφοὶ
3289 2284 3612 2347 ἀκούσαντες
3637 2284 3692 2337 τὰ

2144 2385 2274 2455 περὶ
2321 2381 2498 2455 ἡμῶν,
2567 2382 2789 2453 ἐξῆλθον
2848 2382 2930 2444 εἰς
2987 2381 3300 2449 ἀπάντησιν
3360 2379 3493 2449 ἡμῖν
3544 2377 3681 2446 ἄχρις

2106 2514 2110 2517 -
2156 2473 2388 2530 Ἀππίου
2438 2474 2608 2546 Φόρου
2653 2476 2750 2528 καὶ
2792 2472 2971 2544 Τριῶν
3015 2470 3333 2542 Ταϐερνῶν.
3368 2467 3476 2534 Οὓς
3520 2468 3631 2522 ἰδὼν
3661 2467 3688 2519 6

2144 2563 2383 2631 Παῦλος,
2425 2565 2827 2638 εὐχαριστήσας
2871 2564 2950 2635 τῷ
2982 2562 3124 2636 Θεῷ,
3156 2563 3328 2617 έλαδε
3364 2562 3575 2635 θάρσος.

2747 2658 3000 2712 ΚΕΦΑΛ.
3028 2655 3121 2711 M'.

2147 2750 2286 2820 Περὶ
2316 2748 2636 2817 διαλέξεως
2663 2750 2905 2805 Παύλου
2925 2748 3037 2819 τῆς
3062 2749 3215 2819 πρὸς
3245 2746 3393 2815 τοὺς
3428 2747 3499 2803 ἐν
3528 2744 3691 2818 Ῥώμῃ

2750 2842 3075 2911 Ἰουδαίους

2215 2932 2345 2989 Ὅτε
2394 2933 2451 2988 δὲ
2500 2933 2737 3005 ἦλθομεν
2783 2935 2864 2997 ei;
2939 2932 3178 3008 Ῥώμην,
3232 2936 3263 2987 ὁ
3331 2934 3688 3003 ἑκατόνταρχος

2148 3025 2435 3096 παρέδωκε
2469 3026 2597 3087 τοὺς
2632 3023 2887 3094 δεσμίους
2918 3025 2996 3095 τῷ
3046 3026 3521 3099 στρατοπεδάρχῃ.
3557 3025 3688 3077 Ἐπεο

2141 3116 2332 3189 τράπη
2352 3115 2413 3170 δὲ
2441 3113 2520 3185 τῷ
2566 3115 2766 3187 Παύλῳ
2801 3114 2986 3186 μένειν
3014 3116 3138 3172 καθ’
3165 3117 3361 3170 ἑαυτὸν
3392 3119 3485 3171 σὺν
3504 3116 3574 3186 τῷ
3606 3134 3689 3184 ςυ-

470 3191 803 3249 Judaeorum.
821 3192 1481 3263 Cumqueeonvenissent,
1514 3196 1730 3253 diccbat
1756 3198 1836 3253 eis
1870 3198 2042 3269 :Ego,

2150 3209 2403 3264 λάσσοντι
2435 3207 2601 3264 αὑτὸν
2649 3207 2978 3281 στρατιώτῃ.
3021 3207 3277 3279 Ἐγένετο
3320 3209 3378 3263 δὲ
3413 3210 3545 3280 μετὰ
3571 3207 3688 3280 ἠμί-

472 3286 578 3342 viri
634 3285 860 3352 fratres,
893 3284 1028 3340 nihil
1083 3286 1350 3342 adversus
1401 3287 1612 3358 plebem
1664 3288 1875 3345 faciens
1953 3299 2047 3345 aut

2152 3316 2252 3372 ρας
2281 3301 2434 3371 τρεῖς
2486 3301 2923 3371 συγκαλέσασθαι
2984 3301 3076 3356 τὸν
3130 3302 3350 3358 Παῦλον
3404 3303 3525 3367 τοὺς
3554 3303 3687 3365 ὄντας

470 3393 678 3435 morem
708 3386 1023 3449 paternum,
1060 3377 1280 3435 vinctus
1310 3378 1379 3435 ab
1408 3379 1767 3453 Jerosoiymis
1814 3383 2050 3441 traditus

464 3468 634 3544 315
668 3485 788 3524 sum
818 3467 873 3524 in
899 3482 1093 3526 manus
1128 3470 1537 3539 Romanorum;
1571 3472 1689 3543 qui,
1716 3487 1840 3528 cum
1874 3473 2047 3529 inter-

475 3560 809 3633 rogationem
845 3561 913 3618 de
950 3577 1037 3617 me
1067 3561 1410 3629 habuissent,
1435 3564 1728 3620 voluerunt
1758 3580 1844 3620 me
1864 3564 2050 3621 dimit-

475 3661 615 3717 tere,
655 3666 721 3707 eo
753 3652 898 3723 quod
954 3652 1105 3708 nulla
1155 3663 1305 3711 esset
1362 3671 1531 3713 causa
1590 3658 1787 3714 mortis
1826 3659 1881 3714 in
1938 3674 2046 3714 me.

475 3744 997 3803 Contradicentibus
1022 3754 1204 3803 autem
1244 3747 1472 3814 Judzcis,
1518 3762 1745 3807 coactus
1787 3767 1906 3806 sum
1954 3765 2053 3821 ap-

478 3837 680 3907 pellare
701 3837 969 3895 Cesarem
992 3880 1007 3905 ,
1039 3855 1149 3896 non
1173 3841 1331 3911 quasi
1370 3827 1585 3912 gentem
1622 3859 1798 3899 meam
1843 3846 2050 3902 habens

478 3928 687 3998 aliquid
715 3943 1000 3985 accusare.
1039 3931 1269 4002 PrOpter
1316 3933 1458 3987 hanc
1484 3934 1649 4004 igitur
1682 3950 1906 3990 causam
1965 3952 2050 3990 τοι

476 4020 601 4097 gavi
635 4035 732 4076 vos
772 4021 961 4077 videre
1007 4029 1062 4077 et
1110 4023 1361 4095 alloqui;
1418 4034 1638 4096 propter
1699 4042 1848 4096 spent
1901 4030 2047 4083 enim

478 4111 645 4170 Israel
674 4121 868 4169 catena
899 4113 1005 4169 hac
1019 4114 1395 4173 circumdatus
1423 4132 1567 4172 sim.
1593 4118 1663 4173 At
1688 4120 1764 4174 illi
1794 4121 2050 4176 dixerunt

475 4205 548 4263 ad
569 4222 697 4263 eum
730 4223 745 4261 :
776 4204 889 4263 Nos
909 4220 1089 4279 neque
1118 4208 1331 4265 litteras
1352 4212 1667 4282 accepimus
1697 4213 1765 4269 de
1802 4223 1854 4267 te
1886 4229 1916 4268 ο
1951 4213 2049 4269 Ju-

476 4300 618 4362 dma,
661 4311 843 4369 neque
881 4298 1179 4355 adveniens
1230 4301 1429 4371 aiiquis
1494 4302 1724 4359 fratrum
1776 4306 2050 4365 nuntiavit

456 4382 574 4446 "aut
606 4389 824 4446 locutus
852 4400 936 4446 est
962 4390 1096 4461 quid
1127 4391 1195 4447 de
1224 4398 1283 4447 te
1310 4393 1532 4448 malum.
1560 4393 1840 4465 Rogamus
1864 4408 2044 4453 autem

357 4496 360 4500 λ
477 4500 508 4540 a
542 4490 601 4539 te
631 4483 822 4540 audire
857 4499 980 4555 quae
1026 4487 1198 4542 sentis
1232 4504 1246 4539 :
1276 4501 1403 4541 nam
1444 4488 1513 4543 de
1544 4496 1699 4544 secta
1725 4489 1825 4544 bac
1859 4501 2045 4546 notum

2146 3393 2259 3448 τῶν
2316 3391 2589 3448 Ἰουδαίων
2652 3392 2923 3465 πρώτους.
2983 3394 3362 3450 Συνελθόντων
3411 3395 3466 3450 δὲ
3520 3394 3687 3457 αὐτῶν,

2148 3485 2302 3555 ἔλεγε
2354 3487 2494 3558 πρὸς
2550 3486 2782 3551 αὐτούς’
2818 3486 2994 3556 Ἐγὼ,
3027 3488 3222 3565 ἄνδρες
3275 3487 3511 3560 ἀδελφοὶ,
3559 3487 3687 3541 οὐδὲν

2142 3579 2392 3633 ἐναντίον
2440 3580 2676 3649 ποιήσας
2721 3578 2801 3651 τῷ
2843 3579 2979 3651 λαῷ,
3029 3580 3063 3652 ἢ
3105 3580 3220 3645 τοῖς
3277 3582 3425 3636 ἔθεσι
3474 3583 3578 3646 τοῖς
3602 3567 3689 3634 πίε

2148 3668 2368 3738 τρῴοις,
2399 3668 2621 3739 δέσμιος
2653 3667 2713 3734 ἒξ
2748 3668 3147 3741 Ἰεροσολύμων
3176 3670 3481 3741 παρεδόθην
3514 3672 3585 3732 είς
3606 3669 3688 3728 τὰς

2149 3762 2340 3830 χεῖρας
2391 3759 2503 3813 τῶν
2564 3761 2879 3830 Ῥωμαίων.
2935 3760 3147 3825 Οῖτινες
3197 3763 3579 3834 ἀνακρίναντές
3614 3776 3687 3829 με.

2149 3851 2433 3906 ἐϐούλοντο
2472 3852 2768 3918 ἀπολῦσαι,
2816 3853 2905 3907 διὰ
2931 3853 2993 3906 τδ
3028 3853 3304 3925 μηδεμίαν
3349 3853 3521 3907 αἰτίαν
3549 3850 3687 3905 θανά-

2150 3960 2245 3997 του
2275 3943 2544 4013 ὑπάρχειν
2586 3946 2644 3998 ὲν
2698 3944 2841 4015 ἐμοί.
2887 3943 3308 4011 ’Δντιλεγόντων
3334 3944 3390 3998 δὲ
3438 3943 3540 3996 τῶν
3579 3939 3687 3994 Ἰου-

2157 4036 2344 4101 δαίων,
2376 4037 2734 4107 ἠναγκάσθην
2756 4036 3184 4091 ἐπικαλέσασθαι
3211 4038 3489 4110 Καίσαρα,
3519 4037 3605 4103 οὐχ
3628 4034 3688 4095 ὡς

2148 4129 2244 4184 τοῦ
2295 4128 2479 4193 ἔθνους
2522 4147 2620 4201 μου
2654 4128 2799 4201 ἔχων
2827 4146 2877 4183 τι
2922 4126 3329 4202 κατηγορῆσαι.
3368 4128 3465 4181 Διά
3502 4122 3679 4195 ταύτην

2141 4216 2245 4274 «οὖν
2270 4218 2370 4291 τὴν
2400 4219 2583 4274 αἰτίαν
2615 4220 2971 4290 παρεκάλεσα
3009 4219 3156 4293 ὑμᾶς
3186 4220 3317 4274 ἰδεῖν
3355 4220 3447 4274 καὶ
3475 4219 3685 4288 προσλα-

2149 4311 2335 4382 λῆσαι⁸
2367 4310 2557 4365 ἕνεκεν
2603 4310 2716 4382 γὰρ
2768 4311 2867 4381 τῆς
2913 4309 3129 4373 ἐλπίδος
3164 4309 3261 4364 τοῦ
3318 4308 3561 4380 Ἰσραὴλ.
3607 4305 3687 4374 τὴν

2140 4402 2347 4456 οᾶλυσιν
2386 4401 2592 4472 ταύτην
2646 4400 2990 4473 περίκειμαι.
3023 4403 3086 4455 Oi
3116 4399 3175 4454 δὲ
3202 4398 3520 4472 πρὸςαὺτὸν
3541 4392 3684 4452 εἷπον*

2160 4493 2354 4564 Ἦμεῖς
2379 4491 2504 4547 οὔτε
2549 4493 2853 4564 γράμματα
2878 4492 3175 4563 ἐδεξάμεθα
3196 4496 3325 4565 περὶ
3353 4493 3444 4546 σοῦ
3477 4490 3573 4544 ἀπὸ
3606 4487 3687 4554 τῆς

471 4586 560 4631 est
591 4575 772 4641 nobis,
811 4577 935 4647 quia
964 4575 1165 4648 ubique
1191 4576 1242 4632 ei
1275 4578 1697 4636 contradicitur.
1738 4579 1880 4634 Cum
1914 4597 2047 4636 con-

2162 4586 2444 4652 Ἰουδαίας,
2505 4585 2630 4639 οὔτε
2669 4586 3110 4659 παραγενόμενός
3173 4604 3256 4650 τις
3317 4586 3424 4639 τῶν
3455 4578 3683 4649 ἀδελφῶν,

475 4670 1015 4725 stituissent'autem
1060 4668 1139 4723 iiii
1184 4669 1350 4734 rbem,
1394 4679 1666 4725 venerunt
1716 4672 1783 4726 ad
1837 4686 1962 4725 eum
1996 4672 2047 4727 in

454 4759 783 4828 hospitium
837 4758 1083 4830 plurimi,
1120 4759 1324 4828 quibus
1372 4761 1686 4830 exponebat
1744 4762 2050 4818 teetiiieans

478 4870 708 4926 regnum
744 4854 859 4921 Dei,
887 4853 1234 4926 suadensque
1261 4856 1343 4912 eis
1372 4858 1439 4912 de
1470 4855 1599 4913 .iesu
1633 4875 1698 4913 ex
1727 4859 1845 4929 lege
1882 4860 2049 4933 Moysi

475 4954 537 5002 et
573 4945 853 5019 prophetis
884 4960 917 5000 a
952 4960 1111 5002 mane
1143 4962 1320 5019 usque
1351 4949 1418 5003 ad
1449 4964 1756 5019 vesperam.
1802 4949 1870 5004 Et
1924 4954 2053 5023 qui-

480 5040 607 5094 dam
637 5039 939 5096 credebant
979 5039 1066 5096 his
1099 5055 1222 5111 qum
1250 5040 1618 5110 dicebantur;
1667 5042 1887 5113 quidam
1924 5059 2055 5100 vero

481 5144 592 5186 non
634 5131 950 5189 credebant.
977 5131 1227 5206 Cumque
1264 5133 1511 5189 invicem
1557 5146 1665 5189 non
1701 5145 1888 5191 essent
1924 5151 2056 5190 con-

481 5225 809 5293 sentientes,
852 5225 1227 5294 discedebant,
1260 5226 1478 5282 dicente
1520 5224 1687 5281 Paulo
1732 5242 1898 5282 unum
1935 5243 2055 5282 ver-

485 5315 637 5384 bum,
695 5318 823 5388 quia
902 5316 1050 5374 Bene
1107 5317 1347 5390 Spiritus
1431 5329 1656 5376 sanctus
1723 5320 1936 5379 locutus
1973 5328 2057 5377 est

484 5423 582 5476 per
610 5408 805 5464 Isaiam
858 5410 1179 5481 prophetam
1220 5408 1287 5466 ad
1321 5420 1504 5481 patres
1547 5419 1784 5475 nostros,
1816 5410 2005 5466 dicens
2040 5431 2053 5466 :

486 5502 637 5559 Vade
658 5504 725 5558 ad
747 5504 1006 5574 populum
1047 5504 1235 5570 istum,
1269 5513 1324 5560 et
1353 5502 1442 5558 dic
1473 5502 1538 5556 ad
1563 5518 1660 5559 eos
1691 5521 1706 5559 :
1732 5521 1752 5555 ι
1784 5503 1929 5558 Aurc
1957 5518 2056 5557 au-

484 5592 649 5649 dietis
712 5602 766 5647 et
796 5607 901 5648 non
934 5594 1272 5666 intelligetis,
1301 5601 1355 5649 et
1409 5593 1658 5650 videntes
1705 5591 1957 5649 videbitis
2005 5601 2060 5649 et

490 5701 602 5743 non
656 5687 1018 5757 perspicietis.
1053 5687 1418 5744 lucrassatum
1447 5696 1531 5744 est
1578 5688 1723 5742 enim
1753 5702 1848 5742 cor
1877 5687 2059 5759 pepuli

490 5778 678 5850 hujus,
709 5788 764 5835 et
782 5780 1004 5838 auribus
1028 5781 1266 5852 graviter
1289 5780 1579 5836 audierunt
1638 5789 1693 5837 et
1722 5782 1912 5838 oculos
1931 5798 2062 5838 suos

2155 4677 2506 4756 ἀπήγγειλεν,
2534 4678 2567 4749 ἢ
2595 4677 2822 4745 ἐλάλησε
2857 4680 2986 4751 περὶ
3017 4679 3110 4733 σοῦ
3141 4695 3194 4732 τι
3224 4680 3473 4750 πονηρόν.
3512 4671 3686 4739 Ἀξιοῦ-

2160 4787 2259 4841 μεν
2289 4770 2345 4823 δὲ
2373 4772 2524 4840 παρὰ
2554 4768 2645 4825 σοῦ
2672 4770 2904 4824 ἀκοῦσαι
2930 4770 2966 4826 ἃ.
3011 4774 3227 4842 φρονεῖς
3251 4788 3266 4803 ·
3301 4771 3425 4842 περὶ
3454 4768 3544 4839 μὲν
3588 4765 3672 4835 γὰρ

2154 4865 2257 4933 τῆς
2285 4862 2550 4932 αἱρέσεως
2583 4862 2811 4932 ταύτης,
2843 4862 3084 4930 γνωστὸν
3111 4863 3243 4935 ἡμῖν
3277 4865 3441 4926 ἐστιν,
3468 4861 3542 4912 ὅτι
3576 4870 3686 4908 πανο

2159 4954 2334 5024 ταχοῦ
2376 4950 2740 5023 ἀντιλέγεται.
2803 4953 3113 5024 Ταξάμενοι
3172 4935 3231 5009 δέ
3285 4950 3431 5021 αὐτῷ
3482 4947 3681 5021 ἡμέραν.

2157 5040 2293 5119 ἦγον
2323 5045 2460 5119 πρὸς
2486 5046 2649 5099 αὑτὸν
2675 5049 2754 5108 είς
2780 5046 2883 5117 τὴν
2917 5043 3099 5111 ξενίαν
3132 5045 3397 5107 πλείονες.
3429 5036 3516 5102 Οἷς
3540 5035 3686 5101 ἐξετί-

2161 5134 2285 5189 θετο
2337 5134 2883 5218 διαμαρτυρούμενος
2943 5135 3044 5206 τὴν
3083 5135 3359 5206 βασιλείαν
3411 5128 3499 5186 τοῦ
3533 5123 3681 5218 Θεοῦ,

2163 5226 2366 5280 πείθων
2394 5243 2454 5279 τε
2486 5213 2683 5292 αὐτοὺς
2740 5226 2811 5282 τὰ
2856 5232 2986 5298 περὶ⁵
3020 5226 3115 5281 τοῦ
3148 5227 3376 5297 Κυρίου,
3403 5222 3502 5278 ἀπό
3530 5235 3579 5273 τε
3606 5213 3681 5268 τοῦ

2161 5319 2329 5387 νόμου
2366 5318 2610 5384 Μωσέως
2661 5321 2755 5375 καὶ
2806 5320 2914 5372 τῶν
2966 5319 3282 5392 προφητῶν,
3308 5318 3409 5372 ἀπὸ
3436 5311 3571 5384 πρωῒ
3594 5309 3680 5367 ἕως

2164 5410 2425 5482 ἑσπέρας.
2461 5412 2574 5465 Καὶ
2613 5413 2662 5465 οἱ
2710 5411 2810 5484 μὲν
2844 5408 3125 5465 ἐπείθοντο
3155 5411 3268 5475 τοῖς
3303 5406 3610 5477 λεγομένοις,
3639 5398 3678 5448 οἱ

2165 5505 2222 5559 δὲ
2273 5506 2557 5574 ἠπίστουν.
2602 5503 2951 5579 ’Δσύμφωνοι
2991 5505 3048 5559 δὲ
3080 5505 3235 5567 ὅντες
3281 5502 3411 5573 πρὸς
3436 5494 3672 5586 dilatavi-

2168 5596 2484 5663 ἀπελύοντο,
2515 5594 2762 5658 εἰπόντος
2789 5596 2881 5647 τοῦ
2906 5592 3120 5647 Παύλου
3145 5592 3302 5663 ῥῆμα
3322 5589 3397 5645 ἓν,
3424 5588 3500 5640 ὃτι
3519 5578 3675 5633 Καλῶς

2168 5689 2228 5743 τὸ
2266 5688 2494 5759 Πνεῦμα
2550 5689 2612 5740 τὸ
2646 5685 3070 5756 ἆγιονοὲλάλησε
3100 5685 3189 5738 διὰ
3222 5681 3435 5737 Ἡσαΐου
3458 5672 3539 5728 τοῦ
3565 5682 3671 5759 προ-

2170 5782 2343 5851 φήτου
2374 5757 2507 5850 πρὸς
2529 5779 2654 5841 τοὺς
2682 5775 2924 5849 πατέρας
2953 5776 3129 5847 ἡμῶν,
3164 5774 3340 5842 λέγον*
3369 5788 3387 5821 ι
3417 5757 3667 5851 Πορεύθητξ

491 5879 967 5954 compresserunt,
1002 5887 1070 5929 ne
1104 5871 1249 5928 forte
1272 5872 1492 5928 videant
1525 5874 1722 5938 oculis,
1755 5884 1807 5929 et
1838 5873 2047 5929 auribus

2175 5873 2310 5944 πρὸς
2336 5871 2427 5925 τὸν
2452 5869 2579 5924 λαὸν
2602 5867 2807 5936 τοῦτον,
2834 5869 2928 5922 κού⁹
2943 5867 3086 5923 εἰπέ·
3129 5867 3290 5939 ’Λκοῇ
3326 5860 3576 5918 ἀκούσετε,
3599 5842 3670 5900 καὶ
