3950 6556
514 391 654 461 i059

1391 395 1963 458 THEOPHYLACTI
1996 389 2406 476 BULGARIE
2447 387 2800 455 ARCHIEP.

3597 388 3720 458 1000

511 509 736 581 scriptis
794 510 1122 582 reperimus,
1174 510 1318 581 quod
1371 511 1684 568 Iudaeorum
1747 510 2081 577 sacerdotes,

2191 512 2272 576 είς
2321 511 2505 566 πάντα
2553 510 2930 582 διεπέμψαντο
2985 507 3057 564 τά
3103 509 3250 580 ῑθνη.
3311 512 3426 572 τοῖς
3476 516 3720 585 πανταχοῦ

511 597 721 657 Scriba:
748 611 802 657 et
827 603 1098 668 seniores,
1143 604 1237 672 qui
1297 602 1694 676 Hierosolymis
1738 603 2080 670 habitabant,

510 693 778 764 epistolas
811 695 876 748 ad
926 691 1144 750 Iudaeos
1192 695 1392 767 ubique
1453 697 1698 767 gentium
1751 695 2083 752 exsistentes

511 788 786 853 miserint,
867 790 1072 858 quibus
1118 791 1427 846 doctrinam
1479 789 1686 846 Christi
1743 799 2004 860 tanquam
2049 805 2082 845 a

507 878 622 933 Deo
651 879 886 934 alienam
913 880 1416 945 calumniabantur,
1447 882 1638 950 eisque
1670 881 2080 952 prmeipiehant,

507 985 578 1024 ne
609 985 729 1024 eam
763 971 1246 1040 amplecterentur.
1308 971 1372 1024 Et
1415 972 1636 1042 quidem
1694 973 1795 1026 hoc
1834 971 2083 1026 indicare

507 1061 724 1117 videtur
744 1062 907 1117 etiam
941 1062 1094 1119 Isaia:
1127 1064 1408 1133 pr0phetia
1434 1079 1555 1134 qua:
1584 1066 1659 1118 ait
1691 1081 1706 1120 :
1735 1082 1754 1115 ι
1782 1064 1870 1119 Va:
1899 1072 2080 1127 teme,

509 1151 737 1205 navium
774 1152 874 1206 ala:
904 1161 1058 1208 trans
1106 1151 1329 1207 ﬂumina
1362 1153 1677 1224 Ethiopian.
1708 1156 1799 1224 qui
1835 1154 2000 1208 mittit
2027 1155 2080 1208 in

512 1257 661 1296 mare
716 1242 959 1309 obsides,
1015 1253 1071 1298 et
1158 1244 1421 1314 epistolas
1499 1260 1834 1316 papyraceas
1917 1262 2081 1317 supra

508 1348 706 1400 aquam
735 1333 807 1388 ⁸⁷.
853 1352 872 1385 ι
923 1335 1042 1400 Quo
1088 1336 1346 1391 videlicet
1390 1337 1684 1408 signiﬁcat,
1714 1340 1878 1393 etiam
1937 1343 2080 1394 ultra

508 1419 831 1492 {Ethiopum
875 1423 1154 1495 regionem
1206 1434 1261 1480 et
1291 1441 1465 1495 usque
1509 1426 1577 1480 ad
1621 1428 1885 1483 terminos
1914 1427 2079 1498 317

510 1526 699 1580 teme,
735 1514 1035 1585 malignum
1065 1515 1309 1571 .lndazam
1349 1518 1701 1573 incolentium
1727 1533 1949 1586 sonum,
1982 1536 2082 1575 na-

510 1603 668 1658 vibus
699 1605 858 1674 quasi
889 1607 1199 1661 volantibus
1220 1615 1456 1673 vectum,
1480 1607 1832 1677 praevenisse,
1861 1623 2081 1664 eorum-

509 1710 618 1765 que
637 1697 916 1768 apostolos
943 1697 1206 1768 epistolas
1235 1712 1570 1770 papyraceas
1593 1713 1781 1755 secum
1817 1699 2078 1766 terentes,

511 1808 678 1864 supra
725 1808 898 1864 aquas
938 1794 1174 1866 navigiis
1232 1803 1444 1860 vectos,
1501 1803 1558 1849 et
1619 1809 1771 1850 mare
1811 1795 2081 1866 navigan-

2185 604 2462 668 Ἰουδαίοις
2491 604 2867 669 διαϐάλλοντες
2890 603 2990 672 τὴν
3009 601 3103 656 τοῦ
3125 601 3361 673 Χριστοῦ
3384 601 3718 668 διδασκαλίαν,

2183 699 2260 762 ὡς
2289 697 2578 768 ἀλλοτρίαν
2619 695 2716 750 τοῦ
2746 695 2902 750 Θεοῦ·
2937 694 3315 766 παρήγγειλάν
3345 710 3404 747 τε
3438 693 3505 747 δι’
3528 696 3721 750 επιστο-

2181 787 2292 842 λῶν
2335 787 2412 860 μὴ
2441 786 2848 858 παραδέξασθαι
2877 785 3069 856 αὑτήν.
3101 785 3273 838 Τοῦτο
3295 784 3352 838 δὲ
3389 783 3517 837 αὑτθ
3545 788 3718 856 σημαί-

2183 897 2306 934 νειν
2333 879 2500 945 ἔοικε,
2528 881 2622 933 καὶ
2644 880 2676 948 ὴ
2708 879 2942 944 λέγουσα
2963 876 3263 947 προφητεία
3285 877 3504 928 Ἠσαῖου
3527 891 3541 907 ·
3575 877 3720 930 «Οὐαὶ

2183 973 2311 1044 γῆς,
2339 973 2542 1026 πλοίων
2570 974 2843 1041 πτέρυγες
2866 970 3122 1023 ἐπέκεινα
3153 969 3414 1038 ποταμῶν
3443 968 3716 1032 Αἰθιοπίας,

2185 1064 2533 1118 ἀποστέλλων
2563 1063 2622 1116 ὲν
2670 1062 2916 1132 θαλάσσῃ
2963 1061 3148 1132 ὅμηρα
3196 1061 3295 1113 καὶ
3345 1060 3621 1123 ἐπιστολάς
3647 1061 3715 1130 βιο

2182 1156 2367 1218 ϐλίνας
2391 1155 2578 1209 ἐπάνω
2605 1154 2699 1206 τοῦ
2728 1153 2940 1215 ὓδατος.
2980 1169 2998 1203 ι
3039 1151 3118 1203 Δι’
3145 1143 3207 1205 οὑ
3238 1150 3520 1219 σημαίνει,
3551 1152 3617 1213 ὼς
3641 1156 3714 1204 καὶ

2183 1248 2359 1318 πέραν
2403 1249 2503 1315 τῆς
2545 1246 2824 1299 Δίθιόπων
2877 1243 3082 1314 χώρας,
3117 1244 3210 1296 καὶ
3239 1242 3350 1298 τῶν
3377 1241 3609 1312 ἐσχάτων
3637 1243 3713 1311 τῆς

2183 1341 2308 1408 γῆς.
2335 1339 2365 1391 δ
2388 1338 2486 1407 τῆς
2511 1338 2778 1408 πονηρίας
2805 1332 2938 1407 ἦχος
2975 1336 3085 1389 τῶν
3115 1334 3213 1406 τὴν
3245 1333 3508 1387 Ἰουδαίαν
3535 1337 3710 1387 οἰκούν-

2181 1445 2308 1491 των,
2346 1428 2436 1482 διά
2464 1445 2626 1481 τινων
2659 1427 2848 1496 ὥσπερ
2886 1426 3198 1497 ἱπταμένων
3231 1426 3430 1480 πλοίων
3461 1426 3707 1498 προῆλθεν⁸

2179 1519 2236 1573 σί
2264 1537 2324 1573 τε
2355 1519 2644 1574 ἀπόστολοι
2670 1521 2873 1586 αὑτῶν,
2896 1519 3186 1581 ἐπιστολάς
3219 1517 3463 1589 βιϐλίνας
3497 1519 3709 1587 ἐπικομι.

2183 1613 2422 1683 ζόμενοι,
2450 1613 2710 1684 ὑπεράνω
2738 1631 2796 1667 τε
2825 1613 2936 1666 τῶν
2961 1613 3172 1667 ὑδάτων
3201 1609 3613 1679 ναυτιλλόμενοι,
3639 1611 3710 1663 καί

2181 1703 2280 1776 τὴν
2341 1705 2620 1759 θάλασσαν
2671 1704 2950 1770 πλέοντες,
2989 1702 3268 1774 πανταχοῦ
3321 1702 3423 1772 γῆς
3457 1701 3710 1772 διέτρεχον,

2179 1797 2274 1851 τὸν
2310 1799 2568 1868 περὶτοῦ
2624 1799 2878 1869 Σωτῆρος
2929 1799 3088 1869 ἡμῶν
3143 1795 3520 1858 διαϐάλλοντες
3565 1793 3710 1862 λόγον.

511 1894 596 1942 tes
663 1884 779 1958 (62)
841 1887 1045 1958 ubique
1099 1896 1373 1943 terrarum
1423 1887 1774 1955 discurrisse,
1845 1902 1970 1958 qua:
2011 1887 2080 1945 de

2183 1889 2543 1954 Ἀποστόλους
2578 1889 2636 1944 δὲ
2663 1891 2743 1953 είς
2772 1891 2854 1944 ἔτι
2883 1891 2981 1944 καὶ
3025 1889 3123 1943 νῦν
3148 1889 3275 1954 ἔθος
3309 1889 3456 1942 ἐστὶν
3477 1886 3712 1949 Ἰουδαίοις

512 1977 802 2037 Salvatore
846 1988 1039 2035 nostro
1090 1980 1584 2047 annuntiabantur,
1651 1980 2078 2038 calumniantes.

510 2062 786 2120 (laterum
819 2067 984 2122 etiam
1011 2083 1157 2123 nunc
1182 2069 1353 2124 moris
1381 2079 1465 2124 est
1503 2068 1644 2140 apud
1676 2067 1897 2128 Judaaos
1953 2085 2088 2142 apo-

509 2155 682 2213 stolos
722 2158 997 2228 appellare
1023 2173 1121 2216 eos
1155 2160 1249 2231 qui
1310 2159 1610 2218 circnlares
1655 2175 1884 2218 suorum
1936 2163 2091 2234 prin-

509 2247 692 2318 cipum
767 2251 1029 2321 epistolas
1109 2252 1384 2309 deferunt.

589 2359 608 2392 ‹
644 2341 787 2397 Bene
817 2341 1053 2412 Spiritus
1073 2353 1297 2402 sanctus
1324 2347 1541 2404 locutus
1561 2357 1668 2404 est.
1696 2367 1716 2401 ι
1748 2347 1820 2405 lis
1839 2347 1932 2420 qui
1957 2347 2082 2421 Spi-

513 2435 678 2488 ritum
735 2443 984 2492 sanctum
1044 2436 1224 2494 Patris
1289 2440 1600 2496 ministrum
1677 2457 1801 2498 esse
1848 2443 2080 2509 dicunt,

510 2527 709 2584 lcthale
759 2529 958 2586 vulnus
1003 2529 1092 2585 hic
1122 2529 1320 2590 Paulus
1351 2533 1566 2604 inﬂigit.
1590 2533 1878 2591 Dominum
1909 2537 2081 2604 enim,

509 2635 672 2690 quem
731 2621 906 2678 Isaias
967 2622 1106 2678 vidit
1171 2627 1451 2680 sedentem
1505 2644 1526 2677 ι
1593 2642 1758 2698 supra
1823 2627 2082 2683 thronum

510 2711 787 2766 excelsum
835 2712 922 2778 ⁸⁸,
964 2732 982 2766 ι
1042 2714 1148 2769 hoc
1205 2715 1326 2771 loco
1381 2717 1643 2784 Spiritum
1703 2727 1952 2774 sanctum
1999 2719 2084 2773 di-

415 2842 434 2851 ι
509 2807 584 2861 cit
618 2825 632 2862 :
663 2808 1153 2866 consubstantialis
1174 2821 1261 2866 est
1304 2813 1473 2882 igitur
1523 2813 1670 2868 Patri
1728 2824 1782 2870 et
1811 2813 1974 2883 Filio,
2023 2825 2080 2871 et

512 2899 760 2968 ejusdem
802 2915 929 2956 cum
968 2911 1201 2972 utroque
1250 2906 1560 2972 potestatis.
1607 2907 1696 2962 Ait
1754 2923 1906 2976 vero,
1950 2923 2081 2980 pro-

513 2992 728 3060 phetam
763 2992 1028 3050 divinitus
1077 2995 1404 3064 inspiratum
1439 2997 1648 3054 dictum
1685 2999 1790 3056 hoc
1825 3000 1895 3055 de
1946 3000 2076 3056 .lesu

514 3082 834 3152 protulisse.
865 3083 1318 3154 Quandoquidem
1366 3085 1632 3144 Judaicus
1684 3091 1923 3160 populus
1948 3087 2077 3145 Jesu

512 3174 717 3230 Christi
741 3177 906 3230 verba
942 3176 1176 3246 audivit,
1227 3177 1321 3235 sed
1359 3193 1466 3235 non
1494 3180 1784 3249 intellexit,
1817 3190 1872 3236 et
1891 3182 2083 3237 videns

513 3268 584 3322 ab
611 3283 676 3323 eo
695 3259 851 3339 gesta
887 3277 1158 3338 portenta,
1219 3286 1329 3325 non
1381 3272 1772 3342 perspiciebat.
1823 3271 1958 3327 Nam
2010 3272 2077 3328 ad
2107 3259 2149 3316 C

515 3358 758 3414 futurum
794 3373 1009 3432 tempus
1040 3362 1244 3417 dictum
1291 3363 1426 3418 illud
1459 3363 1726 3429 referens,
1777 3364 1982 3419 indicat
2011 3364 2080 3419 ad

509 3451 616 3506 alia
648 3461 890 3522 tempora
917 3468 980 3508 ea
1008 3468 1129 3524 qua:
1180 3453 1315 3510 inibi
1351 3453 1748 3525 prophetantur
1784 3465 2080 3525 spectasse.

513 3545 903 3602 Animadverte
934 3561 1068 3602 vero
1095 3557 1417 3602 accuratum
1480 3547 1719 3617 Spiritus
1775 3548 1951 3602 sancti
2000 3546 2083 3601 lo-

511 3638 713 3708 quendi
737 3640 978 3694 modum.
1011 3638 1130 3694 Non
1163 3640 1309 3695 enim
1361 3640 1500 3694 dixit
1555 3641 1808 3697 absolute
1855 3641 1924 3696 Et
1973 3655 2079 3695 non

516 3729 789 3796 videbitis,
841 3732 935 3787 sed
1009 3751 1027 3784 ι
1063 3733 1350 3801 Videbitis,
1385 3743 1442 3790 et
1494 3751 1602 3792 non
1651 3734 2016 3804 perspicietis.
2057 3752 2076 3784 ι

509 3820 712 3891 Sicque
739 3838 848 3878 non
872 3822 1028 3890 dixit,
1072 3823 1188 3879 Non
1221 3825 1490 3891 audietis;
1519 3825 1634 3891 sed,
1676 3824 1844 3895 c_Non
1882 3823 2083 3878 intelli-

510 3913 671 3984 getis.
729 3932 749 3967 ι
803 3914 910 3984 lpsi
973 3915 1120 3970 enim
1191 3917 1295 3972 hoc
1358 3916 1715 3986 sibimetipsis
1767 3915 2085 3986 eripuerunt

513 4007 694 4076 primi,
718 4013 742 4059 ἰ
779 4007 1115 4062 Obturantes
1144 4008 1469 4074 sibi-aures,
1490 4009 1700 4065 oculos
1720 4008 2084 4080 comprimen-

514 4112 594 4154 tes
615 4111 672 4154 et
699 4115 792 4154 cor
809 4110 1192 4171 aggravantes.
1231 4119 1250 4153 ι
1293 4099 1412 4156 Non
1437 4102 1614 4155 solum
1651 4103 1797 4158 enim
1839 4116 1946 4156 non
1985 4115 2084 4155 au-

511 4191 751 4253 dierunt,
775 4193 870 4246 sed
893 4210 912 4244 ι
946 4192 1184 4262 graviter
1210 4193 1521 4248 audierunt.
1555 4211 1574 4244 ι
1603 4191 1872 4248 Fecerunt
1899 4201 2080 4247 autem

515 4282 638 4348 hoc,
665 4282 858 4352 inquit,
890 4302 908 4334 ι
939 4283 1014 4340 Ne
1036 4285 1176 4340 forte
1197 4293 1606 4351 convertantur,
1628 4293 1684 4342 et
1715 4299 1902 4340 sanem
1927 4299 2076 4340 eos.»

511 4369 725 4439 Quibus
759 4375 941 4431 verbis
981 4375 1104 4431 illos
1151 4376 1355 4442 allicit,
1387 4377 1684 4433 ostendens
1735 4392 1794 4432 se
1841 4391 1965 4433 esse
2013 4374 2084 4430 ad

509 4479 606 4520 eos
630 4465 907 4522 sanandos
928 4476 1198 4538 paratum,
1231 4469 1278 4524 si
1311 4468 1555 4524 converti
1596 4483 1706 4524 non
1741 4475 2019 4524 recusent.

581 4651 627 4684 ⁸⁷
657 4651 762 4707 lsa.
787 4668 945 4719 xvnt,
980 4654 1034 4708 l.
1117 4651 1166 4686 ⁸⁸
1192 4651 1298 4710 lsa.
1335 4668 1412 4718 vn,
1443 4653 1495 4709 1.

2185 1980 2496 2052 ὀνομάζειν,
2529 1983 2656 2047 τοὺς
2687 1981 2954 2052 ἐγκύκλια
2984 1983 3296 2054 γράμματα
3319 1980 3468 2053 παρά
3503 1979 3601 2034 τῶν
3635 1979 3712 2049 ἄρα

2192 2073 2400 2146 χόντων
2432 2075 2615 2132 αὑτῶν
2655 2075 3160 2148 ιπικομιζομένους.

2256 2353 2386 2418 Τοῖς
2417 2352 2696 2425 ὑπουργὸν
2723 2353 2944 2422 λέγουσι
2973 2352 3068 2407 ⁴τοῦ
3098 2349 3318 2425 Πατρδς
3351 2350 3412 2404 sb
3436 2349 3632 2420 Πνεῦμα
3661 2347 3708 2404 τὸ

2187 2445 2369 2514 ἅγιον,
2407 2447 2436 2499 ὁ
2464 2446 2674 2510 Παῦλος
2717 2445 2954 2500 ἐνταῦθα
3001 2445 3232 2516 καιρίαν
3290 2443 3471 2498 δίδωσι
3513 2443 3704 2512 πληγήν.

2185 2537 2292 2591 Τὸν
2323 2535 2432 2608 γὰρ
2455 2535 2660 2608 Κύριον
2687 2537 2778 2590 τὸν
2813 2536 3127 2608 καθήμενον
3171 2535 3271 2588 ἐπὶ
3323 2533 3506 2604 θρόνου
3542 2533 3705 2602 ὑψηλοῦ

2184 2625 2283 2682 καὶ
2333 2625 2670 2698 ιπηρμένου,
2727 2625 2786 2679 ὃν
2842 2619 2984 2679 εἶδεν
3041 2625 3298 2690 Ἡσαΐας,
3341 2618 3441 2678 ὧδε
3488 2624 3615 2692 λέγει
3662 2625 3706 2676 τὸ

2186 2716 2414 2787 Πνεῦμα
2442 2717 2505 2771 τὸ
2532 2716 2708 2785 ἅγιον·
2745 2714 3032 2786 ὑμοούσιον
3061 2715 3169 2785 γάρ
3196 2717 3320 2768 ἔστι
3353 2715 3428 2784 τῷ
3456 2712 3614 2780 llath
3635 2713 3706 2764 καὶ

2184 2809 2262 2880 τῷ
2292 2809 2430 2880 Υίῷ,
2463 2811 2555 2863 καὶ
2587 2809 2685 2878 τῆς
2725 2809 2848 2878 ῐσης
2887 2807 3140 2873 ἐξουσίας
3185 2807 3431 2877 μετέχει.
3468 2803 3564 2856 Καὶ
3585 2800 3706 2854 τοῦτο

2181 2903 2242 2956 τὸ
2267 2905 2450 2976 ῥητὸν,
2475 2904 2566 2957 τὸν
2599 2903 2884 2975 προφήτην
2918 2899 2996 2964 ὡς
3041 2898 3231 2953 θεόθεν
3259 2897 3702 2967 ἀποφθεγγόμενον.

2185 2999 2213 3053 ὁ
2239 2997 2448 3061 Παῦλος
2481 2997 2611 3078 περὶ
2653 2995 2762 3049 τῶν
2798 2994 2943 3047 κατὰ
2974 2992 3066 3046 τὸν
3103 2991 3323 3063 Ἰησοῦν
3363 2991 3533 3059 λέγειν
3563 3003 3705 3057 παρα⁸

2191 3089 2468 3154 σκευάζει’
2501 3087 2734 3158 ἐπείπερ
2763 3086 2996 3158 ἧκουσεν
3020 3087 3049 3138 ὁ
3077 3084 3205 3148 λαὸς
3249 3083 3342 3137 τὸν
3373 3079 3536 3152 Ἰησοῦ
3561 3079 3703 3146 λόγον.

2185 3183 2280 3236 καὶ
2316 3183 2378 3235 οὑ
2408 3181 2629 3251 συνῆκεο
2655 3181 2750 3234 καὶ
2783 3179 3001 3247 βλέπων
3053 3177 3125 3230 τὰ
3171 3177 3272 3230 ὑπ’
3301 3173 3461 3229 αὑτοῦ
3491 3171 3704 3241 γινόμενα

2182 3276 2462 3350 τεράστια,
2483 3275 2582 3345 οὑχ
2611 3273 2778 3346 ἐώρα.
2808 3273 2902 3336 El;
2923 3270 3186 3343 μέλλοντα
3213 3268 3325 3340 γάρ
3355 3268 3531 3339 χρόνον
3557 3261 3703 3316 mtt-

2183 3387 2292 3424 νων
2321 3370 2382 3424 τὸ
2417 3369 2601 3440 ῥητὸν,
2652 3367 2910 3439 ἐμφαίνει
2969 3364 3070 3436 τὴν
3120 3365 3200 3427 είς
3237 3363 3494 3434 ὑστέρους
3519 3357 3702 3430 χρόνους

2184 3461 2290 3515 τῶν
2330 3459 2825 3532 προφητευσμένων
2865 3455 3168 3526 ἀναφοράν.
3201 3450 3483 3507 Σκόπειδὲ
3521 3449 3606 3517 τὴν
3630 3441 3702 3498 τοῦ

2184 3553 2504 3624 Πνεύματος
2519 3551 2828 3623 ἀκρίϐειαν.
2861 3551 2978 3604 Οὑκ
3007 3543 3150 3612 εἷπε,
3180 3547 3294 3600 Καὶ
3319 3547 3377 3599 οὑ
3409 3543 3478 3615 μὴ
3497 3540 3702 3611 βλέψητε,

2193 3643 2309 3698 ἀλλ’
2351 3644 2434 3696 ὅτι
2473 3661 2491 3693 ι
2531 3639 2790 3709 Βλέψετε,
2813 3639 2909 3692 καὶ
2931 3638 2992 3690 οὑ
3033 3637 3108 3708 μὴ
3132 3637 3307 3706 ίδητε.
3338 3651 3357 3687 ι
3385 3633 3497 3688 Οὐδ’
3520 3633 3589 3682 ὅτι
3615 3628 3704 3680 Οὐκ

2183 3736 2506 3799 ἀκούσεσθε,
2531 3735 2645 3787 ἀλλ’
2677 3735 2759 3788 ὃτι
2781 3751 2799 3784 t
2830 3731 3144 3794 Ἀκούσετε,
3177 3729 3278 3782 καὶ
3303 3728 3362 3780 οὑ
3392 3723 3464 3796 μὴ
3497 3721 3659 3788 συνῆτε
3686 3735 3700 3764 ν

2184 3828 2348 3880 Αὑτοὶ
2396 3825 2623 3889 ἑαυτοὺς
2659 3824 2901 3894 ἀφεῖλον,
2939 3822 3156 3892 πρῶτον
3204 3819 3280 3872 τὰ
3321 3811 3439 3872 ὦτα
3469 3812 3701 3885 βύσαντες.

2184 3920 2312 3983 τοὺς
2363 3916 2674 3988 ὀφθαλμοὺς
2728 3912 3141 3984 καμμύσαντες,
3193 3911 3298 3982 τὴν
3341 3907 3548 3979 καρδίαν
3573 3898 3702 3972 βαρύ-

2184 4029 2394 4076 ναντες.
2426 4012 2501 4066 Οὐ
2528 4010 2638 4080 γὰρ
2671 4009 2832 4078 μόνον
2860 4007 2961 4060 οὑκ
2998 4007 3220 4076 ἢκουον,
3248 4002 3382 4058 ἀλλὰ
3411 3999 3499 4054 καὶ
3533 3993 3702 4066 βαρέως

2184 4107 2412 4178 ἢκουον,
2473 4102 2774 4172 Ἑποίησαν
2825 4099 2882 4153 δὲ
2923 4097 3102 4165 τοῦτο,
3134 4096 3296 4168 φησὶ,
3331 4115 3350 4148 ι
3382 4095 3585 4163 Μήποτε

2187 4177 2462 4268 στρέψωσι
2493 4234 2509 4258 ,
2565 4195 2663 4247 καὶ
2714 4193 2957 4261 ῑάσωμαι
3006 4186 3227 4251 αὐτούς.
3295 4205 3313 4238 ι
3364 4177 3701 4251 Καὶὲρεθίζων

2183 4287 2454 4352 δεικνύει,
2489 4288 2572 4342 ὅτι
2619 4287 2685 4341 ἂν
2717 4282 3145 4356 ἐπιστρέψωσιν,
3179 4280 3398 4334 ιάσεται
3427 4270 3616 4334 αὐτούς.

1641 4796 1846 4861 Varia)
1889 4795 2196 4860 lectiones
2238 4798 2302 4856 et
2343 4798 2538 4856 noua.
2846 4823 2881 4853 '\

584 4965 697 5040 (42)
729 4963 1028 5023 Hentenius
1052 4963 1418 5032 vertithicﬁet
1439 4979 1582 5018 mare
1600 4961 1888 5032 impleam.
1918 4960 2080 5019 Furta

2200 4974 2300 5031 pro
2324 4957 2576 5021 πλέοντες
2604 4957 2730 5030 legit
2753 4956 3106 5028 πληροῦντες.

2101 5131 2180 5149 ἀ-

1943 5275 2351 5338 MONITUM.

573 5450 780 5504 Tertius
797 5449 882 5512 qui
903 5442 1132 5511 sequitur
1153 5449 1322 5496 textus
1349 5441 1765 5514 commentariiin
1787 5441 1906 5514 ᾼοιλ
1928 5454 1954 5488 a
1975 5439 2168 5514 duobus
2193 5435 2366 5514 primis
2397 5438 2445 5487 in
2475 5428 3142 5514 editionejenetatmull‘is
3153 5421 3694 5514 inlfgigginsksgufggg,

418 5547 428 5556 .
517 5485 1844 5584 ηιιῖἷέἓιῗῖἷιξῖὶῗιῖἰὲιῖιῖῖζςὶἷτῐὶὖῖυἲῖιῖἱῐῖιὶεᾜνὰιιιοηις
1858 5510 2098 5584 lenem};
2123 5485 2218 5549 nos
2239 5514 2298 5550 ex
2336 5502 2564 5584 lJoco'non
2588 5512 2676 5548 suo
2697 5492 3280 5584 fied
3305 5485 3695 5584 "fit:

517 5551 1098 5634 2i'i'iﬁébﬁﬁiéaii"qii66
1125 5551 1769 5620 ﬁﬁiﬁéibithr’is'si‘Jédis
1799 5567 1958 5615 series
1978 5551 2097 5614 inde
2123 5576 2280 5627 usque
2309 5563 2369 5615 ad
2394 5563 2672 5614 columnam
2706 5560 2817 5610 1151
2863 5551 3267 5618 interrumpatur.
3303 5554 3376 5604 De
3400 5561 3492 5612 quo
3513 5551 3620 5605 ιωυιι

515 5642 609 5690 dus
632 5643 743 5688 erat
763 5634 1104 5699 ιεσιυτκΕοιτ.
1131 5635 1282 5684 Pun.
