3950 6550
239 383 372 450 1061

977 391 1508 456 EXPOSITIONIS
1549 395 1632 457 IN
1665 395 1857 455 ACTA
1892 396 2193 460 TEXTUS
2231 397 2587 463 TERTIUS.

3340 403 3479 500 ωσι

261 534 3481 587 W

1472 710 2238 844 ΕΞΗΓΗΣΙΣ

801 935 978 1024 ΕΙΣ
1046 939 1256 1027 ΤΑΣ
1326 934 1802 1031 ΠΡΑΞΕΙΣ
1872 948 2101 1036 ΤΩΝ
2188 950 2906 1042 ΑΠΟΣΤΟΛΩΝ.

1305 1302 2442 1422 COMMENTARIUS

1119 1545 1251 1635 IN
1349 1542 1637 1636 ACTA
1740 1541 2439 1641 APOSTOLOR
2461 1548 2626 1639 UM

742 1739 842 1800 Ex
893 1736 1114 1801 codice
1166 1735 1544 1802 Florentino
1594 1733 2000 1801 bibliothecae
2067 1738 2358 1804 Mediceo
2384 1742 2861 1808 -Laurentianae
2907 1747 2969 1810 ⁸.

319 2059 634 2131 Ἀντιοχεὺς
663 2059 926 2133 ὑπάρχων
957 2057 1018 2113 10
1039 2058 1249 2128 γένοςό
1274 2059 1507 2123 Λουκᾶς,
1547 2054 1728 2126 ἱατρός
1753 2071 1816 2109 τε
1844 2058 1891 2117 Α
1918 2054 2136 2118 τούτου,
2166 2053 2343 2119 οὐδεὶς
2391 2055 2524 2128 ἡμῖν
2553 2055 2692 2128 μετά
2744 2057 3033 2129 ἀκριϐείας
3063 2057 3218 2116 εἶπεν
3245 2060 3489 2119 ἅπαντα.

243 2151 337 2222 τήν
364 2150 594 2223 τέχνην,
625 2151 720 2206 δύο
744 2150 967 2222 βίϐλους
1007 2149 1406 2223 συνεγράψατο,
1437 2150 1566 2220 μίαν
1594 2147 1693 2220 τὴν
1722 2147 1816 2201 τοῦ

243 2241 712 2312 Εὑαγγελίου,καὶ
737 2242 996 2315 δευτέραν
1038 2240 1264 2316 [ταύτην
1303 2239 1402 2314 τήν
1426 2239 1536 2294 τῶν
1561 2237 1820 2294 Ἀποστά-

242 2334 370 2408 λων]
405 2335 889 2408 Πράξεων.Ἔστιν
921 2333 1015 2392 οῦν
1041 2338 1070 2391 ό
1101 2337 1207 2401 πᾶς
1233 2335 1392 2404 λόγος
1414 2333 1562 2406 αὐτῷ
1583 2331 1662 2405 (a)
1685 2332 1814 2405 περὶ

241 2426 340 2496 τῆς
409 2427 553 2497 μετὰ
596 2427 696 2499 τήν
725 2426 1028 2482 ἀνάστασιν
1061 2425 1164 2500 [είς
1203 2426 1464 2497 οὐρανοὺς
1500 2425 1689 2483 ἀνόδου
1716 2421 1814 2479 τοῦ

243 2517 515 2589 Χριστοῦ,
557 2519 655 2574 καὶ
689 2521 787 2590 τῆς
817 2518 911 2574 τοῦ
939 2519 1254 2590 Πνεῦματος
1292 2520 1372 2582 είς
1409 2517 1541 2581 τοὺς
1581 2517 1817 2572 ἀποστό-

240 2609 362 2674 λους
392 2609 838 2684 ὲπιφοι[τήσεως,
873 2609 1045 2684 ὅπως]
1071 2611 1165 2666 καὶ
1189 2612 1310 2666 ὅποι
1343 2611 1441 2684 τὴν
1475 2613 1555 2675 είς
1579 2610 1816 2684 Χριστὸν

244 2700 533 2755 εὐσέϐειαν
592 2702 964 2774 κατήγγειλαν
1014 2703 1064 2756 οί
1121 2701 1381 2775 μαθηταὶ,
1436 2701 1555 2776 [καὶ
1603 2704 1678 2770 ὡς
1727 2703 1816 2758 διά

245 2795 555 2866 προσευχῆς
584 2794 680 2848 καὶ
715 2794 814 2866 τῆς
840 2796 921 2859 είς
973 2795 1205 2866 Χριστὸν
1245 2793 1479 2858 πίστεως
1519 2793 1818 2868 00009.01]-

242 2884 542 2956 ούργησαν,
582 2885 677 2940 καὶ
705 2886 834 2956 περὶ
862 2885 961 2956 τῆς
1000 2883 1292 2958 οὐρανόθεν
1331 2885 1578 2957 κλήσεως
1618 2883 1814 2958 ((1)106

246 2978 484 3042 Παύλου,
517 2976 847 3050 ἀ[ποστολῆς
871 2975 954 3050 τε]
988 2976 1155 3031 αὑτοῦ
1180 2977 1276 3030 καὶ
1301 2975 1658 3048 κηρύγματος
1681 2993 1695 3008 ·
1721 2976 1816 3030 καὶ

246 3070 552 3140 συλλήϐδην
579 3070 752 3124 είπείν
783 3086 869 3140 γε,
889 3062 962 3125 ὧν
977 3067 1347 3144 ῗὲελησανῇυοί
1379 3067 1813 3146 ἀὴᾶστολοιΊδιά

244 3159 509 3234 Χριστὸν]
545 3160 760 3215 πολλῶν
790 3161 883 3215 καὶ
910 3162 1182 3233 μεγίστων
1214 3163 1544 3237 [κινδύνων].

310 3253 474 3317 Τίνος
501 3253 688 3307 ἕνεκεν
713 3254 1124 3326 ἀναμιμνήσκει
1149 3255 1313 3309 αὑτὸν
1337 3255 1432 3309 τοῦ
1455 3255 1811 3326 Εύαγγελίου;

246 3343 385 3398 ὥστε
416 3344 517 3417 τὴν
541 3341 798 3417 οίκ[είαν]
831 3345 1119 3417 ἀκρίϐειαν
1149 3344 1540 3420 [φανερῶσαι1.
1572 3347 1680 3400 Καὶ
1706 3347 1815 3420 γὰρ

1918 2142 1993 2197 Ού
2032 2142 2141 2214 γὰρ
2170 2141 2362 2216 ῶσπερ
2389 2145 2499 2216 πρὸ
2527 2146 2629 2216 τῆς
2655 2146 3002 2212 ἀναστάσεως
3038 2149 3127 2204 ἀεὶ
3157 2150 3277 2222 μετ’
3305 2152 3492 2208 αὐτῶν

1916 2228 2008 2304 ἦν,
2041 2233 2186 2288 οὕτω
2215 2236 2312 2290 καὶ
2355 2235 2502 2304 τότε,
2546 2237 2685 2293 ἀλλά
2708 2238 3026 2310 δι’ήμερῶν
3078 2245 3154 2310 μ’.
3198 2241 3490 2310 Ἑφίστατο

1917 2325 2028 2398 γὰρ
2063 2329 2160 2382 καὶ
2183 2327 2450 2399 ἀφίστατο
2482 2329 2553 2400 (e)
2581 2330 2803 2400 ἀνάγων
2837 2328 3042 2404 ίαὺτῶν
3069 2333 3167 2396 τὰς
3220 2332 3488 2400 διανοίας,

1918 2418 2014 2472 καὶ
2031 2417 2132 2472 οὐκ
2158 2418 2238 2473 έτι
2259 2420 2561 2495 συγχωρῶν
2577 2421 2782 2492 ὁμοίως
2815 2423 2949 2494 πρὸς
2977 2423 3138 2478 αὐτὸν
3160 2422 3488 2498 δια]κείσθαι

1920 2505 2132 2581 [ῶσπερ
2169 2508 2285 2582 καὶ]
2326 2511 2610 2582 πρότερον,
2635 2512 2773 2567 ἀλλά
2816 2512 3000 2583 μείζον
3025 2513 3084 2586 [α
3122 2515 3284 2570 αὑτὸν
3327 2533 3486 2587 νομι-

1919 2600 2114 2670 σθῆναι
2139 2596 2173 2672 ή
2207 2602 2351 2656 κατὰ
2377 2602 2687 2676 ἄνθρωπον.
2710 2603 2824 2658 Ούκ
2860 2605 3032 2674 ἐφάνη
3063 2605 3118 2657 δὲ
3149 2606 3336 2670 πᾶσιν,
3367 2606 3486 2662 ἀλλ’

1916 2688 2238 2756 ἀποστόλοις
2291 2690 2475 2762 μόνον.
2507 2689 2625 2746 Ἵνα
2655 2693 2730 2763 μὴ
2778 2691 2906 2765 δόξῃ
2936 2694 3049 2755 τοῖς
3083 2692 3297 2755 πολλοῖς
3350 2692 3484 2761 φάν-

1914 2800 2122 2854 τασμα.
2180 2784 2280 2838 Διά
2340 2785 2498 2838 τοῦτο
2559 2786 2655 2839 καὶ
2717 2783 3208 2857 [τεσσάρακοντα]
3270 2785 3484 2856 ἡμέρας

1917 2874 2124 2949 [ἔμεινε
2176 2877 2314 2948 μετά
2357 2875 2457 2947 τὴν
2491 2876 2810 2941 ἀνάστασιν,
2848 2875 3070 2945 ἔλεγχον
3097 2874 3272 2938 διδοὺς
3309 2877 3368 2928 ὲν
3406 2875 3484 2943 τῷ

1920 2965 2118 3038 μακρῷ
2146 2967 2324 3038 χρόνῳ
2349 2967 2447 3039 τῆς
2479 2965 2657 3037 ὅψεως
2687 2967 2782 3043 τῆς
2821 2965 3076 3046 emtas].
3107 2967 3194 3028 ἵνα
3227 2966 3304 3045 μὴ
3327 2966 3484 3045 νομί-

1915 3075 2049 3117 acem
2095 3059 2166 3118 :0-
2186 3057 2465 3136 ὁρώμενον
2520 3065 2850 3134 φάντασμα·
2912 3065 2992 3119 διὸ
3046 3067 3142 3120 καὶ
3193 3066 3484 3122 συνεσθίει.

1915 3158 2025 3211 Καὶ
2053 3158 2105 3210 τί
2135 3158 2404 3227 διελέγετο
2426 3175 2442 3226 ;
2468 3157 2666 3234 [ιῐΙερὶ
2704 3161 2804 3230 τῆς
2835 3157 3135 3231 βα]σιλείας
3160 3159 3254 3213 τοῦ
3285 3158 3478 3213 Θεοῦ.»

1927 3250 2146 3322 Ἐπειδὴ
2169 3256 2540 3322 πεπονηκότες
2562 3246 2704 3323 ἦσαν
2727 3252 2822 3305 καὶ
2839 3253 3234 3322 τεταραγμένοι
3249 3253 3362 3314 τοῖς
3383 3250 3486 3322 ήδη

1913 3343 2303 3414 γεγενημένοις
2356 3341 2472 3415 [καὶ
2517 3343 2654 3414 πρὸς
2685 3341 2978 3415 μεγάρους
3012 3341 3238 3413 ἔμελλον
3285 3343 3487 3408 ἐξιέναι

244 3436 546 3508 ἀρχόμενος
587 3435 686 3507 τῆς
709 3437 1089 3508 πραγματείας
1111 3439 1328 3510 ἐκείνης
1349 3439 1512 3510 φησίν
1531 3456 1545 3471 ο
1577 3457 1596 3492 ι
1630 3437 1816 3503 Ἔδοξε
1850 3423 1888 3476 Β
1917 3435 2156 3505 ἀγῶνας,
2193 3438 2306 3500 τοῖς
2340 3436 2467 3506 περὶ
2497 3435 2605 3490 τῶν
2637 3436 2942 3507 μελλόντων
2989 3435 3190 3498 αὐτοὺς
3219 3436 3487 3490 ἀνεκτᾶτο

245 3525 440 3600 [κάμοὶ
477 3526 884 3600 παρηκολουθη]
916 3529 1035 3583 κότι
1067 3529 1276 3584 ἄνωθεν
1331 3527 1520 3606 [πᾶσιν
1573 3528 1814 3600 ἀκριϐῶς

247 3616 483 3686 καθεξῆς
514 3635 598 3672 σοι
651 3619 885 3692 γράψαι.
917 3619 968 3692 0]
994 3621 1104 3674 Καὶ
1134 3622 1193 3674 06
1229 3624 1298 3691 τῇ
1327 3621 1504 3693 οίκείᾳ
1537 3619 1814 3692 μαρτυρίᾳ.

242 3707 495 3780 ἀρκεῖται
517 3711 697 3782 μόνον,
724 3711 839 3766 ἀλλ’
859 3711 1074 3784 ἀνάγε[ι
1095 3713 1220 3776 τοὺς
1237 3709 1612 3785 ἀποστόλους],
1629 3711 1689 3764 10
1705 3713 1815 3766 πᾶν

243 3801 440 3871 λέγων,
465 3819 488 3856 ι
527 3803 710 3868 καθὼς
729 3804 1053 3876 παρέδωκαν
1072 3806 1205 3877 ἡμῖν
1225 3809 1274 3858 οἱ
1313 3804 1408 3858 ἀπ’
1433 3804 1631 3878 ἀρχῆς]
1651 3805 1814 3858 αὑτό-

245 3909 377 3948 πται
407 3892 523 3965 [καὶ
574 3894 841 3968 ὑπηρέται
873 3897 1154 3968 γενόμενοι
1181 3895 1275 3951 τοῦ
1310 3895 1492 3966 λόγου.
1529 3895 1578 3970 0]
1607 3898 1695 3951 Διὸ
1723 3897 1814 3953 τὸν

245 3985 423 4056 Ιλόγον
436 3985 769 4061 ἀξιόπιστον]
795 3990 911 4043 ἐκεῖ
926 3989 1180 4060 ποιήσας,
1199 3989 1349 4044 οὐδὲν
1369 3990 1622 4044 είσδεῖται
1635 3989 1705 4062 (ε)
1729 3991 1813 4043 ὲν-

241 4075 416 4130 ταῦθα
427 4077 740 4140 συστάσεως
760 4077 860 4150 ((1),
884 4077 1032 4144 ἅπαξ
1053 4078 1148 4133 τοῦ
1173 4078 1438 4152 μ[αθητοῦ
1453 4079 1810 4153 πεισθέντος].

251 4184 269 4216 ι
300 4167 529 4220 Πάντων
557 4161 633 4221 ῶν
664 4167 889 4238 ήρξατοί
940 4187 961 4222 0
1000 4170 1102 4242 οὐχ
1144 4171 1333 4234 ἁπλῶς
1388 4171 1519 4242 περὶ
1569 4171 1810 4238 πάντων,

243 4257 357 4311 ἀλλ’
387 4257 484 4312 ἀπ’
511 4258 686 4331 ἀρχῆς
710 4259 873 4332 μέχρι
895 4261 1108 4333 ήμέρας
1132 4257 1201 4334 ἧς
1239 4262 1536 4334 ἀνελήφθη.
1562 4263 1669 4318 Καὶ
1704 4263 1811 4336 μὴν

238 4350 265 4400 ὁ
303 4349 561 4420 Ἰωάννης
583 4353 749 4421 φησὶν
778 4352 859 4406 ὅτι
889 4353 988 4408 οὐκ
1012 4349 1080 4425 ἦν
1100 4354 1326 4410 δυνατὸν
1349 4354 1554 4427 π[άντα
1573 4355 1808 4426 γράψαι,

242 4438 381 4511 πῶς]
434 4436 529 4496 οῦν
577 4439 750 4507 οὕτως
781 4445 980 4514 φησίνς
1010 4443 1186 4518 [Ἀλλ’
1218 4447 1318 4500 οὑκ
1347 4441 1468 4500 εἷπε
1500 4447 1702 4512 πάντα,
1733 4446 1808 4510 ὡς

240 4530 306 4586 ἀν
357 4532 505 4585 εἴποι
556 4549 664 4599 τις,
729 4534 1046 4607 ἀδρομερῶς
1091 4536 1210 4608 [καὶ
1262 4537 1648 4610 παχυμερῶς,]
1673 4538 1809 4593 ἀλλὰ

239 4625 369 4695 περὶ
402 4625 624 4679 πάντων
675 4627 785 4682 τῶν
819 4629 1157 4698 συνεχόντων
1199 4633 1295 4684 καὶ
1328 4632 1765 4702 κατεπειγόντων
1787 4648 1802 4664 ·

1917 3528 2115 3597 λόγοις,
2152 3527 2668 3600 [ισυναυλιζόμενος
2711 3525 2980 3599 αὑτοῖς.›]
3015 3528 3123 3582 Καὶ
3155 3525 3227 3600 [οί
3248 3526 3483 3581 ἀπόστο-

1915 3619 2020 3691 λοι]
2059 3620 2202 3692 μέγα
2233 3619 2514 3692 πανταχοῦ
2562 3622 2724 3674 τοῦτο
2776 3620 2873 3690 τῆς
2899 3620 3252 3684 ἀναστάσεως
3281 3621 3485 3690 τεκμή-

1917 3728 2032 3783 ριον
2086 3710 2367 3765 ἐποιοῦντο
2419 3708 2762 3784 [λέγοντες
2825 3711 3035 3774 Οἴτινες
3085 3708 3489 3783 συν[εφάγομεν

1915 3801 2032 3876 καὶ]
2070 3803 2396 3875 συνεπίομεν
2421 3802 2568 3876 αὐτῷ
2588 3820 2603 3836 ·
2625 3803 2689 3858 10
2724 3803 2782 3858 δὲ
2811 3803 2954 3870 πῶς,
2975 3803 3073 3874 οὐχ
3102 3805 3369 3874 ἡμέτερον
3407 3805 3481 3854 εἰ·

1915 3900 2059 3953 πεῖν.
2093 3897 2317 3970 Πρῶτον
2351 3896 2450 3969 μὲν
2471 3897 2552 3962 είς
2580 3897 2680 3968 τὴν
2710 3896 3005 3951 Γαλιλαίαν
3039 3895 3256 3969 [αὐτοὺς
3291 3893 3484 3966 δεδοι]-

1914 3993 2079 4056 κότας
2113 3989 2452 4064 [ἐξήγαγεν,]
2505 3990 2591 4045 ἵνα
2643 3990 2783 4060 μετά
2827 3990 3012 4052 ἀδείας
3055 3987 3334 4042 ἀκούσωσι
3373 3989 3483 4041 τῶν

1912 4084 2250 4154 λεγομένων,
2278 4079 2401 4138 εἶτα
2436 4102 2455 4135 ι
2489 4081 2864 4155 παρήγγειλεν
2894 4082 3078 4145 αὐτοῖς
3109 4082 3216 4135 ἀπὸ
3255 4079 3482 4151 Ἰεροσο-

1911 4177 2099 4248 λύμων
2131 4176 2233 4248 [μὴ
2259 4176 2589 4246 χωρίζεσθαι
2618 4173 2668 4248 0]
2717 4175 2824 4246 πρὸ
2849 4173 2942 4227 τοῦ
2972 4175 3262 4245 μέλλοντος
3297 4173 3481 4235 αὐτοῖς

1865 4294 1874 4313 ι
1913 4268 2291 4341 στρατηγῆσαι
2322 4270 2658 4338 Πνεύματος.
2688 4269 2757 4320 Ἢ
2776 4267 2865 4320 διὰ
2893 4266 2988 4319 τοῦ
3009 4304 3026 4330 ,
3060 4284 3078 4317 ι
3104 4266 3198 4336 Μὴ
3235 4264 3460 4336 χωρίζε-

1911 4354 2058 4418 σθαι,
2093 4373 2112 4407 0
2137 4354 2336 4421 ἔδειξεν
2355 4353 2461 4427 [ὅτι
2487 4354 2642 4408 αὐτοὶ
2671 4354 2751 4417 είς
2774 4353 2833 4406 τὸ
2858 4351 3317 4425 λειπο]τακτῆσαι
3337 4348 3485 4423 ἦσαν

1908 4449 2149 4520 ἕτοιμοιο
2196 4447 2286 4502 διὰ
2341 4448 2398 4501 δὲ
2455 4447 2554 4518 τῆς
2585 4445 2922 4516 ἐπαγγελίας
2974 4445 3240 4514 κατέσχε,
3275 4445 3369 4498 καὶ
3401 4444 3480 4512 τῷ

1907 4537 2088 4610 ἀδήλῳ
2110 4537 2204 4592 τοῦ
2231 4539 2521 4610 χρόνου,...
2553 4533 2720 4592 οὖσάν
2744 4551 2931 4606 φησιν.
2962 4535 3092 4588 Ὅτε
3121 4535 3294 4604 ἔλεγεο
3324 4551 3344 4586 ι
3367 4534 3480 4587 Καὶ

1907 4629 2067 4684 ἀλλον
2095 4630 2457 4702 ΙΙαράκλητον
2485 4628 2686 4700 πέμψω
2707 4645 2722 4660 ⁶
2757 4629 2872 4696 καὶ,
2915 4647 2935 4684 ι
2957 4627 3083 4682 Ἐὰν
3109 4628 3185 4699 μὴ
3218 4625 3330 4696 ἐγὼ
3369 4627 3480 4681 ἀπ·

237 4712 534 4786 του[τὲστι,
587 4719 936 4788 πνευματικά
963 4720 1096 4789 πρὶς
1125 4721 1322 4785 αὐτοὺς
1354 4721 1523 4775 εἰπὼν
1561 4725 1801 4795 ῥήματα,
1827 4748 1874 4812 C
1909 4725 2071 4792 έλθω,
2104 4726 2133 4778 ὁ
2162 4724 2524 4796 Παράκλητος
2555 4724 2656 4777 οὐκ
2705 4722 3008 4778 ἐλεύσεται.
3040 4741 3064 4774 0
3101 4721 3258 4786 Τίνος
3289 4719 3480 4812 ἕνεκεν

238 4803 332 4856 καὶ
356 4803 513 4858 οὐδὲν
535 4805 873 4877 ἀνθρώπινον
906 4848 920 4873 ,
953 4809 986 4879 ἢ
1021 4810 1104 4862 ὅτι
1136 4809 1226 4864 διά
1257 4811 1574 4882 Πνεύματος
1599 4813 1807 4887 αὐτοῖ]ς

235 4891 611 4970 [ﬂentium]
671 4899 738 4952 Τί
790 4898 902 4972 [δαὶ
938 4901 1321 4977 ὲνετείλατο;]
1391 4923 1409 4956 ι
1443 4890 1812 4977 Πορευθέντες

237 4985 617 5057 μαθητεύσατε
645 4990 827 5044 πάντα
852 4991 920 5044 τὰ
956 4991 1106 5063 έονη,
1147 5011 1165 5045 0
1204 5011 1259 5049 κ.
1288 5013 1340 5050 τ.
1369 4994 1421 5050 λ.

306 5093 330 5130 ο
375 5077 701 5151 ’Δνελήφθη.
732 5098 752 5134 0
791 5079 930 5152 [06x
977 5079 1168 5152 εἶπεν,
1221 5085 1438 5156 Ἀνέϐη,
1479 5086 1695 5161 ἐπειδὴ]
1728 5087 1810 5144 έτι

233 5171 306 5235 ὼς
331 5176 461 5243 περὶ
494 5173 787 5245 ἀνθρώπου
835 5175 1167 5245 διαλέγεται.
1200 5179 1346 5249 Ἀρα
1402 5181 1497 5233 καὶ
1529 5181 1670 5251 μετά
1704 5183 1807 5252 τὴν

1906 4819 2176 4889 παρόντος
2205 4815 2395 4878 αὑτοῦ,
2446 4814 2571 4870 οὐδὲ
2600 4813 2954 4880 ἀπελθόντος,
3000 4811 3204 4875 εὐθέως
3233 4810 3477 4882 παρεγέ-

1906 4925 2065 4976 νετο;
2105 4909 2194 4962 Ἐν
2222 4907 2490 4979 ἐπιθυμίᾳ
2531 4906 2731 4968 αὐτοὺς
2759 4905 2866 4960 ἔδει
2920 4902 3175 4974 γενέσθαι
3210 4901 3306 4954 τοῦ
3331 4900 3473 4972 1190-

1905 5017 2138 5070 γματος,
2181 5001 2278 5054 καὶ
2325 4998 2470 5053 οὕτω
2520 4997 2778 5064 δέξασθαι
2811 4999 2911 5066 τήν
2940 4996 3120 5067 χάριν.
3152 4992 3251 5046 Διά
3291 4991 3474 5063 [τοῦτο

1903 5095 1994 5148 ὅτε
2025 5091 2212 5165 αὐτὸς]
2230 5092 2467 5164 ἀπέστη,
2489 5091 2612 5146 τότε
2632 5091 2839 5155 ἐκεῖνος
2866 5085 3052 5162 ἦλθεν.
3073 5085 3137 5140 Εἰ
3156 5086 3263 5156 γὰρ
3291 5084 3482 5156 παρῆν

1904 5184 2090 5252 αὐτὸς,
2123 5185 2227 5238 οὐκ
2259 5183 2325 5238 ἂν
2361 5185 2421 5238 έν
2447 5181 2690 5253 τοσαύτῃ
2747 5180 3000 5251 ἐγένοντο
3040 5177 3340 5249 προσδοκίᾳ
3361 5191 3376 5209 ο
3415 5178 3480 5230 ὲν

233 5266 528 5325 ἀνάστασιν
553 5267 801 5322 ἐδίδασκε
831 5267 984 5341 τ[οὺς
1009 5269 1280 5342 μαθητὰς,
1306 5270 1472 5345 ἀλλὰ]
1487 5272 1580 5327 τοῦ
1607 5274 1804 5346 χρόνου
1911 5277 2179 5349 ἐπιθυμίᾳ
2207 5275 2286 5350 [δὲ
2307 5274 2616 5349 γεν]όμενοι
2643 5274 2892 5346 ἀσμένως
2919 5269 3190 5339 ἐδέξαντο·

301 5451 378 5526 (α)
404 5452 566 5526 τοῦδε
592 5453 685 5509 τοῦ
710 5456 961 5526 τεύχους.

300 5522 375 5598 (ὁ)
398 5523 546 5598 θείας
577 5522 998 5598 παρακλήσεως.

300 5593 372 5661 (c)
401 5595 657 5665 οὐδεμιᾶς
688 5593 879 5652 δεῖται.

1977 5463 2054 5534 (d)
2078 5461 2162 5515 έτέ
2166 5477 2271 5534 ρας
2299 5458 2630 5534 συστάσεως.

1975 5529 2042 5606 (ε)
2079 5529 2351 5605 ἀφίπτατο
2381 5529 2564 5583 πάλιν.

285 5754 304 5771 ⁸
339 5753 410 5804 De
442 5751 534 5802 hac
552 5754 709 5820 _terlia
731 5754 1044 5819 Expositione
1067 5753 1116 5805 in
1151 5755 1273 5806 Acta
1297 5755 1406 5805 vide
1428 5754 1791 5819 Praefationem,
1813 5768 1949 5808 num.
1974 5755 2094 5806 XLV
2123 5756 2290 5820 (supra
2311 5755 2407 5807 col.
2439 5753 2550 5818 671)
2597 5753 2682 5805 ubi
2725 5754 2856 5806 ratio
2895 5750 3130 5810 redditur
3167 5769 3255 5808 cur
3298 5759 3472 5810 Graeco

233 5819 414 5865 tantum
447 5813 673 5874 prodeat.
