3950 6556
221 425 430 491 H89.

1040 427 1490 490 EXPDSITION
1499 429 1569 489 IS
1611 430 1690 492 IN
1732 430 1919 490 ACTA
1942 431 2246 492 TEXTUS
2286 433 2645 494 TERTIUS.

3353 428 3492 494 1090

207 552 303 591 ⁴ιιν
347 537 378 588 6
422 534 630 606 Πέτρος
676 536 978 606 ἀναστῆσαι
1020 536 1255 607 ἀμελητὶ
1294 536 1516 605 νεκρόν·
1553 538 1677 590 ἐπεὶ
1704 537 1820 601 πῶς
1852 547 1887 598 Α
1923 541 2164 603 στάσεως
2197 541 2462 610 σύμϐολα.
2510 543 2670 603 Ἴσως
2724 540 2816 594 ἐπὶ
2856 539 3058 608 γόνατα
3094 541 3348 610 κείμενος
3396 539 3506 593 εἶδε

216 646 250 682 α
261 629 388 682 ὐτὺν
420 647 550 698 μετε
558 646 645 683 στε
656 630 834 683 ίλαντο
851 647 866 694 ;

293 719 443 786 Ὀρα
476 718 536 770 :6
565 717 655 770 τοῦ
693 719 898 788 Πέτρου
954 719 1180 787 ἄτυφον,
1215 720 1334 783 πῶς
1377 721 1438 773 οὐ
1470 720 1620 790 1:696
1641 718 1813 772 ταῦτα

224 807 296 879 [Ῑ.
339 807 538 878 ταύτῃ]
563 807 738 876 μένει,
763 809 882 861 οὐδὲ
904 811 1030 880 παρ’
1050 810 1196 880 ἄλλῳ
1226 812 1336 863 τινὶ
1361 813 1471 864 τῶν
1499 813 1810 882 ἐπισήμων,

217 899 363 952 ἀλλὰ
394 902 547 966 παρά
579 899 792 968 βυρσεῖ,
822 901 908 954 διά
949 902 1168 956 πάντων
1203 905 1282 966 εἰς
1314 905 1814 975 ταπεινοφροσύνην

219 993 375 1060 ἡμᾶς
411 992 581 1058 ἄγων,
611 991 732 1044 οὔτε
763 994 888 1055 τοὺς
924 995 1162 1056 εὐτελεῖς
1209 997 1566 1065 αἰσχύνεσθαι
1607 997 1814 1066 ἀφιεὶς,

217 1083 352 1135 οῦτε
385 1083 515 1146 τούς
548 1085 820 1153 μεγάλους
851 1085 1194 1155 ἐπαίρεσθαι.
1244 1089 1485 1142 Ἐδέοντο
1513 1090 1620 1160 γᾶρ
1650 1088 1814 1142 αὐτοῦ

214 1177 327 1245 τῆς
379 1177 733 1241 διδασκαλίας
762 1177 812 1230 οἱ
841 1177 927 1230 6:6
948 1180 1014 1231 τὰ
1039 1183 1239 1249 σημεῖα
1281 1183 1690 1245 πιστεύσαντες.

294 1263 472 1331 Οὗτος
499 1270 600 1321 οὐκ
651 1270 800 1324 ἐστιν
859 1271 1128 1338 Ἰουδαῖος,
1155 1273 1186 1342 ἦ
1222 1274 1330 1326 τῶν
1359 1276 1462 1327 61:6
1485 1275 1576 1327 τίον
1621 1277 1806 1344 νόμον,

220 1357 348 1410 ἀλλ’
390 1360 491 1428 ἤδη
524 1358 846 1428 προειλήφει
875 1361 976 1429 τὴν
1032 1363 1300 1432 ἡμετέραν
1342 1363 1636 1418 πολιτείαν.
1675 1365 1818 1434 ’Όρα

218 1449 324 1502 δύο
356 1451 755 1514 πιστεύσαντας
788 1453 876 1507 ἐπ’
906 1451 1201 1523 ἀξιώμασι,
1230 1455 1320 1507 τόν
1346 1472 1405 1507 τε
1449 1455 1702 1526 εὐνοῦχον
1725 1456 1820 1510 καὶ

221 1538 425 1592 τοῦτον
447 1556 460 1568 ο
491 1540 588 1592 καὶ
618 1541 720 1610 δρα
745 1541 948 1612 πολλὴν
998 1542 1236 1611 σπουδὴν
1275 1544 1416 1614 ὐπέρ
1445 1543 1652 1598 τούτων
1676 1561 1819 1612 γινο-

227 1633 431 1701 μένην,
462 1631 555 1684 καὶ
581 1635 656 1701 μὴ
683 1633 913 1705 νομίσῃς
963 1634 1050 1687 6:6
1091 1634 1160 1687 :6
1202 1635 1509 1705 ἀξιώματα,
1553 1636 1688 1688 6116
1729 1637 1817 1690 διὰ

221 1722 330 1791 τὴν
359 1724 669 1780 εὐλάϐειαν.
702 1725 800 1778 Διά
826 1727 934 1796 γὰρ
960 1725 1119 1780 τοῦτο
1141 1729 1235 1780 καὶ
1263 1729 1332 1780 τά
1357 1727 1644 1798 ἀξιώματα
1666 1730 1819 1797 τίθη-

226 1830 341 1878 σιν,
385 1814 474 1867 ἵνα
504 1815 706 1882 μείζων
764 1817 797 1885 ὴ
849 1816 1106 1872 εὐλάϐεια
1133 1819 1348 1889 δειχθῇ.
1383 1820 1535 1888 Μέγα
1567 1819 1726 1874 τοῦτο
1759 1821 1818 1872 :6

1921 632 2020 702 τήν
2061 633 2352 690 ὀπτασίαν.
2400 633 2556 703 Ἐμοὶ
2597 634 2743 686 δοκεῖ
2792 633 2886 686 καὶ
2925 634 3185 703 κήρυγμα
3215 621 3393 698 τοῦτο,
3427 632 3512 684 δτι

1917 724 2057 775 θεῖον
2088 719 2152 794 ἦν
2179 725 2238 777 :6
2269 725 2552 794 γινόμενον
2603 725 2724 777 τότε
2784 724 2990 780 ἄνωθεν
3029 725 3156 777 ἰδεῖν
3179 766 3194 788 ,
3222 725 3315 776 καὶ
3355 725 3416 776 :6
3448 725 3512 778 ἐν

1918 813 2172 864 ἐκστάσει
2204 813 2478 880 γενέσθαι,
2507 815 2602 866 καὶ
2632 815 2692 866 :6
2727 815 2911 882 φωνὴν
2947 814 3158 867 ἐκεῖθεν
3189 813 3506 884 ἐνεχθῆναι,

1919 903 2013 955 καὶ
2038 903 2098 956 :6
2119 904 2614 974 τρὶςὸμολογῆσαι,
2674 907 2758 959 δτι
2790 906 3083 976 ἀκάθαρτά
3129 907 3258 971 είσι,
3306 907 3401 959 καὶ
3446 905 3510 957 :6

1919 994 2131 1046 ἐκεῖθεν
2166 996 2342 1065 ἥκειν,
2367 995 2461 1048 καὶ
2492 997 2608 1048 ἐκεῖ
2635 997 3069 1066 ἀνασπασθῆναι.
3120 997 3278 1065 Μέγα
3307 997 3510 1064 δεῖγμα

1921 1086 2316 1155 καθαρότητος,
2347 1087 2444 1139 Διά
2475 1088 2526 1138 τί
2571 1088 2627 1139 δέ
2659 1093 2752 1140 καὶ
2792 1089 2949 1141 τοῦτο
2989 1090 3231 1155 γίνεται;
3261 1089 3358 1141 Διά
3383 1087 3509 1150 :06;

1922 1179 2058 1244 μετᾶ
2101 1177 2294 1243 ταῦτα,
2337 1173 2417 1240 οἷς
2477 1177 2662 1247 μέλλει
2705 1179 3018 1248 ἐξηγεῖσθαι
3054 1199 3066 1209 υ
3113 1179 3303 1246 ἐπε.δὴ
3343 1179 3508 1240 αὐτὸς

1921 1271 2184 1338 ἤκουσενο
2223 1287 2241 1319 ε
2285 1270 2377 1331 Εἰς
2412 1269 2530 1322 ὁδὸν
2577 1267 2745 1322 ἐθνῶν
2793 1254 2873 1339 μὴ’
2905 1269 3195 1339 ἀπέλθητε.
3233 1289 3251 1321 ι
3292 1267 3354 1322 Εἰ
3398 1268 3510 1338 γὰρ

1921 1363 2018 1414 καὶ
2045 1363 2351 1430 περιτομῆς
2407 1361 2600 1432 ἐδεήθη
2651 1362 2742 1414 καὶ
2775 1360 2963 1423 θυσίας
2998 1363 3026 1414 6
3061 1361 3290 1427 Παῦλος,
3328 1360 3510 1425 πολλῷ

1929 1453 2128 1522 μᾶλλον
2151 1453 2273 1504 τότε
2305 1455 2363 1504 ἐν
2389 1454 2532 1522 ἀρχῇ
2563 1452 2656 1505 τοῦ
2702 1452 3055 1523 κηρύγματος
3093 1451 3506 1522 ἀσθενεστέρων

1920 1542 2092 1595 ὄντων
2123 1541 2322 1596 αὐτῶν.
2349 1545 2510 1594 Δοκεῖ
2528 1541 2627 1612 μὲν
2655 1542 2792 1613 πρὸς
2813 1542 2974 1594 αὐτὸν
3009 1541 3312 1611 λέγεσθαιή
3334 1542 3508 1610 φωνὴ,

1920 1634 1980 1687 :6
2007 1633 2202 1697 δέπᾶν
2257 1634 2390 1704 1:96;
2428 1632 2720 1696 Ἰουδαίους
2752 1633 2990 1703 λέγεται.
3039 1634 3099 1686 Εἰ
3136 1633 3244 1701 γὰρ
3288 1634 3316 1686 6
3353 1631 3506 1686 6:66-

1925 1728 2122 1790 σκαλος
2168 1728 2511 1797 ἐπιτιμᾶται,
2577 1725 2757 1796 πολλῷ
2816 1726 3018 1796 μᾶλλον
3077 1719 3244 1778 οὗτοι.
3312 1722 3373 1777 Ἦ
3412 1717 3508 1777 οῦν

1927 1818 2136 1880 σινδὼν,
2162 1819 2195 1888 ή
2225 1819 2298 1888 γῆ
2321 1834 2335 1847 ο
2372 1818 2440 1870 :6
2459 1818 2514 1871 δέ
2553 1819 2610 1870 ἐν
2635 1819 2774 1887 αὐτῇ
2802 1817 2989 1888 θηρία,
3025 1818 3075 1870 οί
3113 1817 3172 1882 ἐξ
3202 1815 3372 1868 ἐθνῶν
3393 1830 3408 1845 ⁸
3447 1815 3512 1868 :6

225 1904 608 1973 ἐλεημοσύνας
653 1909 828 1959 ποιεῖν
879 1909 975 1962 καί⁸
1025 1909 1211 1979 εὐχάς.
1266 1912 1375 1964 Καὶ
1419 1912 1508 1964 διά
1540 1911 1702 1965 τοῦτο
1728 1913 1817 1965 τὸν
1853 1902 1894 1959 Β
1921 1910 1999 1974 δὲ,
2034 1930 2052 1963 ι
2097 1910 2268 1962 Θῦσον
2301 1911 2394 1962 καὶ
2417 1912 2580 1978 φάγε,
2611 1931 2628 1963 ι
2660 1911 2744 1964 6::
2767 1910 3056 1972 κάκείνους
3081 1909 3160 1961 δεῖ
3189 1907 3508 1977 προσιέναι⁶

225 1992 407 2063 ἄνδρα
441 1997 588 2047 ποιεῖ
616 1995 914 2066 γνώριμον,
952 1998 1039 2051 ἴνα
1077 2002 1149 2067 μή
1186 2016 1268 2062 τις
1301 2002 1432 2072 εἴπῃ
1455 2001 1537 2054 ὅτι
1561 2001 1818 2070 ψεύδεται

226 2086 341 2138 τῶν
406 2087 642 2158 Γραφῶν
696 2091 730 2159 ή
791 2089 1028 2160 ἱστορία.
1066 2108 1084 2141 ι
1145 2092 1240 2144 Ἐκ
1303 2093 1554 2162 σπείρης,
1593 2092 1816 2163 »φησί’

233 2182 442 2248 σπεῖρα
469 2180 524 2232 δέ
554 2183 699 2234 ἐστιν
718 2183 746 2232 6
765 2181 1098 2250 καλούμενος
1125 2183 1412 2255 ,νούμερος.

301 2273 406 2322 Δια
428 2271 481 2324 τί
518 2272 706 2341 βλέπει
740 2274 830 2326 τὸν
879 2276 1144 2342 ἄγγελον;
1179 2277 1274 2339 Εἰς
1309 2277 1688 2347 πληροφορίαν
1719 2277 1821 2330 Πέο

232 2376 370 2428 τρου
401 2378 417 2391 ο
453 2361 662 2430 μᾶλλον
701 2364 756 2416 δέ
794 2364 894 2417 οὐκ
923 2366 1158 2433 ἐκείνου,
1206 2366 1341 2420 ἀλλά
1375 2368 1482 2420 τῶν
1511 2369 1687 2422 ἄλλων
1715 2371 1823 2421 τῶν

233 2452 673 2524 ἀσθενεστέρων.
713 2455 938 2526 Ἐννάτῃ
978 2457 1117 2527 ὥρᾳ,
1160 2459 1248 2510 ὅτε
1286 2459 1578 2529 φροντίδων
1607 2459 1820 2528 ἠφίετο,

233 2545 340 2598 καὶ
363 2547 422 2598 ἐν
451 2546 653 2616 ἡσυχία
683 2541 751 2614 ἦν
782 2549 876 2601 καὶ
925 2549 1235 2615 κατανύξει.
1263 2551 1382 2603 Ἵνα
1425 2549 1500 2620 μὴ
1535 2550 1618 2602 ἐπ’
1665 2551 1824 2604 ἄλλον

234 2636 490 2698 ἔλθωσιν,
521 2639 621 2689 οὐκ
650 2638 760 2690 61:6
789 2641 880 2691 τοῦ
910 2639 1199 2708 ἐπωνύμου
1227 2641 1405 2710 μόνον,
1437 2641 1571 2692 ἀλλὰ
1600 2643 1694 2695 καὶ
1719 2643 1825 2694 61:6

235 2724 332 2777 τοῦ
363 2727 536 2780 τόπου
563 2727 714 2798 δηλοῖ
744 2728 836 2781 τὸν
871 2730 1059 2800 ἄνδρα.
1096 2730 1261 2784 Ἴδετε
1299 2731 1414 2794 πῶς
1447 2731 1512 2784 :6
1539 2733 1824 2801 ἀνακεχωο

238 2819 458 2890 ρημένα
501 2819 608 2871 τῶν
646 2821 853 2874 πόλεων
895 2821 1119 2875 ἐδίωκον
1153 2825 1201 2876 οἱ
1232 2823 1540 2888 ἀπόστολοι,
1575 2825 1667 2877 καὶ
1695 2825 1826 2893 ἐρη-

242 2910 373 2977 μίας
394 2909 551 2974 ὅντες
579 2912 722 2980 φίλοι
754 2916 846 2966 καὶ
881 2912 1109 2983 ἡσυχίας
1134 2931 1149 2979 ;
1200 2916 1264 2968 Τί
1286 2915 1400 2980 οῦν,
1435 2917 1482 2968 εἰ
1509 2915 1707 2986 συνέϐη
1733 2915 1826 2967 καὶ

240 3004 404 3057 ἄλλον
428 3001 607 3071 εἷναι;
651 3007 783 3060 Ἰδού
817 3006 930 3061 ἔστι
987 3009 1079 3062 καὶ
1111 3007 1238 3062 ἄλλο
1285 3011 1533 3080 σημεῖον,
1563 3011 1624 3062 :6
1676 3009 1827 3078 παρά

243 3099 524 3154 θάλασσαν
554 3104 723 3154 οἰκεῖν
748 3119 761 3129 ·
793 3104 894 3156 οὐκ
927 3099 1048 3156 εἷπε
1082 3105 1139 3158 δὲ
1171 3104 1258 3158 6:6
1290 3106 1363 3167 τί,
1393 3105 1481 3157 ῖνα
1520 3105 1594 3176 μὴ
1625 3104 1826 3175 ἐλκύσῃ

243 3193 429 3257 αὐτὸν,
457 3194 574 3246 ἀλλ’
601 3195 814 3264 ἀφῆκεν
844 3194 1007 3248 αὐτὸν
1035 3195 1092 3249 ἐν
1126 3195 1391 3268 ἐπιθυμίᾳ⁴
1419 3197 1511 3249 καὶ
1550 3196 1700 3268 πόθῳ
1729 3195 1829 3266 τῆς

242 3286 567 3354 ἀκροάσεως
614 3287 881 3354 γίνεσθαι.

325 3378 641 3449 Ὀρᾷςςούχ
661 3380 847 3443 ἁπλῶς
883 3379 1051 3434 ταῦτά
1071 3397 1254 3448 φησιν,
1290 3381 1372 3432 ὅτι
1401 3380 1451 3431 οἱ
1489 3371 1830 3448 προσκαρτε-

247 3468 654 3549 ροῦντεςιαύτῴ
707 3472 946 3524 τοιοῦτοι
966 3468 1128 3543 ἦσαν.
1155 3473 1298 3542 ’Ὅρα
1319 3473 1374 3523 δὲ
1399 3473 1492 3524 καὶ
1516 3472 1576 3523 τὸ
1606 3471 1830 3538 ἄτυφον.

252 3581 269 3610 ε
316 3563 424 3613 Καὶ
461 3562 622 3632 ἤθελε
681 3563 1008 3631 γεύσασθαι.
1045 3584 1063 3615 ι
1094 3565 1169 3617 Οὐ
1210 3567 1321 3633 γὰρ
1359 3561 1504 3628 εἷπε,
1549 3562 1836 3616 Καλέσατέ

251 3673 343 3722 μοι
369 3656 597 3725 Πέτρον,
618 3657 733 3709 ἀλλ’
757 3656 896 3709 ὥστε
920 3660 1013 3709 καὶ
1035 3659 1218 3708 πεῖσαι
1242 3657 1550 3724 ἐξηγήσατο
1576 3655 1792 3708 ἅπαντα
1817 3669 1832 3684 ο

249 3748 343 3798 καί
375 3747 535 3800 τοῦτο
566 3749 924 3817 οἰκονομικῶς
947 3763 959 3776 ’
993 3749 1053 3801 οὐ
1091 3749 1200 3818 γάρ
1227 3747 1381 3817 ἠξίου
1405 3747 1512 3800 61:6
1537 3749 1630 3801 τοῦ
1670 3750 1835 3816 ἀξιῶ-

250 3856 423 3907 ματος
451 3839 616 3893 αὐτὸν
645 3839 1126 3909 μεταπέμψασθαι.
1155 3839 1445 3908 Ὀραπῶς
1463 3841 1589 3902 τοὺς
1611 3845 1837 3910 καιροὺς

251 3933 476 3998 συνάγει
511 3933 572 3984 :6
635 3932 882 4001 Πνεῦμα,
913 3930 1035 3984 οὔτε
1086 3931 1301 3996 θᾶττον,
1334 3930 1458 3985 οὔτε
1507 3932 1837 4005 βραδύτερον

249 4023 382 4076 αὐτὸ
433 4025 577 4076 ποιεῖ
635 4023 907 4090 γενέσθαι,
961 4024 1219 4076 Τουτέστι
1271 4024 1392 4077 κατ’
1447 4025 1587 4079 ίδίαν
1634 4029 1727 4080 καὶ
1782 4033 1839 4081 ἐν

250 4114 465 4186 ἠσυχίᾳ·
489 4116 562 4178 ῶς
591 4117 648 4168 ἐν
673 4116 750 4185 τῷ
779 4115 1030 4186 ὑπερῴῳ.

322 4208 390 4259 Τί
445 4211 582 4268 ἐστι,
616 4226 634 4258 ι
711 4207 1001 4274 ἐκστασιςς
1050 4227 1067 4259 ι
1107 4209 1456 4278 Πνευματική
1506 4227 1590 4273 τις
1638 4211 1838 4262 ὡσανεὶ

251 4301 457 4370 θεωρία
489 4301 716 4368 γέγονεν
745 4300 916 4370 αὐτῷ,
938 4302 1032 4354 καὶ
1063 4301 1337 4370 σώματος,
1359 4300 1433 4362 ὡς
1468 4301 1532 4354 ἂν
1559 4302 1705 4356 εῖποι
1731 4320 1836 4365 τις,

255 4394 448 4462 ἐξέστη
491 4395 524 4462 ή
556 4393 727 4464 ψυχή.
771 4393 834 4444 Ἥ
863 4394 1118 4454 ἔκστασις
1139 4393 1291 4463 δηλοῖ
1323 4395 1411 4446 καί
1437 4393 1537 4464 τὴν
1565 4394 1657 4446 ἐπὶ
1704 4393 1840 4446 θαυ.

255 4486 462 4556 μασμῷ
498 4486 784 4556 ἔκπληξιν,
840 4489 934 4539 καὶ
983 4487 1043 4540 :6
1075 4486 1182 4552 ἔξω
1212 4487 1323 4538 τῶν
1374 4487 1650 4556 αἰσθητῶν
1682 4487 1838 4554 γενέ-

253 4580 401 4641 σθαι,
431 4581 525 4632 ἐπὶ
553 4581 626 4632 τά
655 4578 1004 4648 πνευματικά
1042 4579 1476 4650 ποδηγούμενον.

322 4673 603 4743 Σύμϐολον
647 4673 750 4741 τῆς
813 4673 1142 4742 οἰκουμένης
1194 4672 1414 4740 ἀπάσης
1467 4671 1495 4723 6
1547 4670 1838 4740 ἄνθρωπος

252 4768 557 4838 ἀκρότατον
582 4763 670 4834 ἦν.
697 4765 864 4818 Οὐδὲν
889 4765 998 4835 γὰρ
1023 4763 1200 4816 κοινὸν
1229 4759 1341 4833 εἶχε
1361 4763 1498 4834 πρὸς
1526 4761 1839 4824 Ἰουδαίους.

258 4858 525 4929 Ἔμελλον
555 4856 719 4910 αὐτοῦ
741 4858 1068 4925 κατηγορεῖν
1102 4857 1357 4917 ἅπαντες,
1391 4854 1466 4917 ὡς
1496 4852 1838 4922 παραϐάτου.

255 4952 399 5022 Ὅρα
422 4950 518 5004 οῦν
552 4949 605 5002 τί
659 4952 1026 5018 οἰκονομεῖται
1054 4948 1145 5000 καὶ
1195 4947 1387 5010 αὐτός·
1416 4947 1588 5014 λέγει,
1616 4966 1634 4997 ι
1673 4944 1841 4998 Οὐδέ-

257 5061 386 5097 ποτε
417 5043 645 5112 έφαγον,
685 5060 702 5092 ι
739 5041 860 5110 οὐχὶ
923 5040 1118 5101 66:06;
1168 5038 1444 5102 δεδοικὼς,
1484 5039 1557 5109 μὴ
1587 5038 1835 5106 γένοιτοὲ

256 5136 371 5190 ἀλλ’
407 5134 515 5188 61:6
536 5134 632 5186 :06
670 5131 988 5201 Πνεύματος
1014 5132 1402 5201 οἰκονομεῖται,
1429 5131 1496 5182 ἵν’
1528 5131 1626 5201 ἔχῃ
1647 5129 1842 5183 61:010-

255 5227 381 5294 γίαν
423 5226 560 5295 πρὸς
583 5225 710 5286 :06;
737 5221 1126 5291 ἐγκαλοῦντας,
1157 5222 1238 5274 ὅτι
1273 5221 1366 5274 καὶ
1395 5219 1612 5274 ἀντεῖπε
1637 5237 1654 5254 ο
1697 5221 1840 5272 πάνυ

257 5318 365 5387 γὰρ
421 5314 622 5376 66:06;
667 5314 773 5366 ἔδει
833 5313 924 5365 τὸν
969 5312 1134 5381 νόμον
1193 5310 1504 5380 φυλάττειν.
1558 5311 1651 5374 Εἰς
1713 5311 1840 5381 ἔθνη

259 5410 565 5479 ἐπέμπετο,
588 5407 674 5458 ἵνα
709 5406 783 5474 μὴ
810 5400 954 5459 06:0:
985 5402 1148 5457 αὐτοῦ
1189 5403 1660 5474 κατηγορήσωσιν.
1701 5403 1843 5471 Ὀρα

261 5503 402 5555 πόσα
436 5500 670 5569 γίνεται.
713 5496 830 5550 ’Ἰνα
875 5495 985 5566 γάρ
1028 5494 1101 5566 μὴ
1154 5493 1279 5563 δόξῃ
1342 5493 1640 5562 φαντασίαν
1670 5490 1838 5557 εἶναι,

260 5590 430 5647 Εἶπον
471 5591 540 5663 ῙῙ.
573 5586 741 5661 είπε],
777 5588 942 5658 φησί⁸
978 5606 996 5637 ι
1035 5585 1339 5656 Μηδαμῶς,
1376 5585 1567 5655 Κύριε.
1605 5602 1624 5634 ι

329 5689 396 5741 Δί
416 5689 686 5755 τέσσαρες
717 5683 885 5754 ἀρχαὶ
942 5682 1010 5734 :6
1043 5681 1288 5752 τέσσαρα
1315 5683 1551 5750 στοιχεῖα
1579 5679 1798 5749 δηλοῦσι
1824 5697 1839 5710 ·

263 5779 432 5832 καὶτὸ
453 5776 623 5845 φανὲν
651 5773 844 5836 σκεῦος
890 5773 981 5825 τὸν
1004 5771 1311 5842 παχύτερον
1333 5772 1532 5840 κόσμον
1564 5789 1628 5841 ση
1639 5770 1839 5839 μαίνειο

265 5869 357 5921 καὶ
389 5867 460 5921 :6
491 5866 724 5936 διάφορα
754 5863 869 5929 ζῶα
913 5863 1012 5933 τῆς
1042 5863 1151 5916 τῶν
1183 5861 1485 5934 ἀνθρώπων
1515 5861 1632 5914 ἐστὶ
1666 5876 1840 5913 κατα-

1926 2002 1987 2054 :6
2014 2002 2071 2055 δὲ
2102 2002 2281 2072 τρίτον
2305 2002 2462 2055 τοῦτο
2488 2003 2765 2070 γενέσθαι,
2792 2001 2852 2053 :6
2882 2001 3182 2070 βάπτισμα.
3214 1998 3389 2068 Πολλὴ
3416 1997 3510 2051 τοῦ

1928 2093 2244 2164 Πνεύματος
2293 2096 2327 2165 ή
2381 2093 2633 2158 ἐξουσία*
2700 2093 2729 2145 6
2779 2092 2887 2161 γὰρ
2923 2093 3065 2142 ποιεῖ
3107 2091 3135 2142 6
3163 2090 3316 2156 Θεὸς,
3354 2087 3513 2141 τοῦτο

1927 2185 2144 2252 λέγεται
2174 2185 2234 2238 :6
2262 2185 2486 2255 Πνεῦμα
2516 2184 2575 2236 :6
2601 2184 2756 2250 ἆγιον
2786 2184 2978 2235 ποιεῖν.
3019 2181 3077 2233 '0
3129 2180 3228 2249 μὲν
3278 2181 3385 2250 γὰρ
3415 2181 3513 2248 6y-

1929 2277 2084 2345 γελος
2111 2276 2207 2346 οὐχ
2236 2275 2430 2340 οὕτως,
2457 2276 2592 2328 ἀλλά
2619 2275 2831 2343 πρῶτον
2865 2272 3058 2336 εἰπὼν,
3091 2290 3107 2320 ι
3139 2271 3206 2322 Δί
3237 2271 3393 2340 εὐχαί
3418 2287 3512 2322 σου

1929 2373 2024 2424 1:61
2068 2371 2124 2422 αί
2176 2369 2538 2438 ἐλεημοσύναι
2563 2385 2679 2430 σου,
2711 2385 2729 2418 ι
2765 2367 2852 2419 ἵνα
2875 2365 3023 2435 δείξῃ
3055 2365 3135 2416 ὅτι
3172 2362 3379 2415 ἐκεῖθεν
3403 2363 3513 2416 61:-

1931 2462 2206 2516 έσταλται.
2230 2461 2303 2513 Τὸ
2335 2461 2390 2515 δὲ
2428 2459 2650 2529 Πνεῦμα
2673 2460 2732 2512 οὐ
2740 2477 2772 2527 λ
2794 2455 2990 2519 οὕτως,
3024 2455 3165 2520 ἀλλ’,
3209 2475 3226 2507 ι
3249 2454 3371 2508 Ὅτι
3399 2452 3511 2520 ἐγὼ

1931 2555 2128 2618 αὐτοὺς
2158 2554 2262 2609 άπέ
2272 2553 2498 2608 σταλκα.
2538 2573 2557 2605 ι

2002 2645 2124 2700 Εἷδε
2164 2645 2520 2717 στρατιώτην,
2569 2640 2707 2697 εἶδεν
2767 2643 3076 2712 ἄνθρωπον,
3121 2640 3222 2693 οὐκ
3273 2636 3514 2708 ἐφοϐήθη

1930 2741 2149 2795 λοιπόνο
2183 2739 2320 2793 ἀλλὰ
2344 2739 2608 2810 πρότερον
2639 2737 2982 2806 ὁμολογήσας
3014 2735 3178 2796 66:6;
3210 2727 3371 2795 εἶναι,
3419 2731 3516 2784 καὶ

1937 2830 2203 2898 ζητήσας,
2251 2827 2371 2881 τότε
2400 2827 2498 2896 τὴν
2535 2827 2715 2880 αἰτίαν
2761 2825 3085 2879 πυνθάνεται
3110 2839 3125 2855 ⁸
3150 2823 3224 2886 ῶς
3249 2823 3305 2875 δὲ
3329 2820 3501 2874 θέλων

1934 2922 2126 2974 ἑαυτὸν
2155 2919 2523 2990 κατακρύψαι,
2557 2920 2666 2982 ἵνα,
2688 2918 2784 2971 ἐὰν
2807 2919 2902 2987 μὲν
2937 2917 3137 2981 εὐθέως
3184 2913 3517 2984 κατεπείγῃ,

1935 3014 2032 3068 καὶ
2056 3012 2350 3084 συνεξέλθῃ
2374 3029 2388 3043 ·
2433 3013 2500 3066 ἂν
2529 3012 2586 3064 δέ
2607 3010 2726 3081 εμὴ,
2786 3011 2876 3064 ἵνα
2923 3009 3103 3080 ξενίσῃ
3131 3009 3210 3071 εἰς
3243 3007 3336 3060 τὸν
3367 3001 3517 3059 οἷκον

1937 3107 2158 3168 αὐτούς.
2203 3105 2444 3173 Λέγουσι
2493 3102 2562 3156 :6
2608 3101 2882 3171 ἐγκώμια,
2916 3101 3055 3154 ὥστε
3085 3101 3272 3152 πεῖσαι
3309 3098 3392 3151 ὅτι
3421 3096 3518 3164 ἄγ-

1937 3199 2095 3266 γελος
2123 3195 2278 3266 ὤφθη
2319 3195 2489 3264 αὐτῷ.
2518 3195 2683 3262 "096,
2718 3195 2883 3246 πόθεν
2916 3195 2947 3261 ἡ
2993 3191 3134 3262 ἀρχὴ
3170 3193 3380 3259 γίνεται
3407 3189 3518 3242 τῶν

1934 3291 2125 3353 ἐθνῶν,
2167 3289 2275 3342 61:6
2315 3289 2504 3357 ἀνδρὸς
2520 3286 2782 3349 εὐλαϐοῦς
2801 3285 2954 3350 ἀξίου
2987 3286 3244 3354 φανέντος
3275 3284 3384 3338 61:6
3405 3282 3516 3336 τῶν

1934 3383 2132 3453 ἔργων.

2003 3476 2095 3543 Μὴ
2126 3473 2550 3543 καταφρονήσῃς
2576 3489 2591 3504 ο
2619 3472 2716 3540 οὐχ
2747 3471 2822 3534 ὡς
2852 3468 3213 3538 καταφρονῶν
3243 3467 3518 3538 ἐπεμψεν,

1935 3564 2048 3619 ἀλλ’
2089 3564 2381 3632 ἐκελεύσθη
2415 3563 2611 3624 οὕτως.
2645 3561 2804 3615 Μετὰ
2855 3560 3170 3630 παρρησίας
3201 3559 3390 3612 λοιπὸν
3421 3559 3520 3611 καὶ

1938 3657 2330 3719 συνδιαιτᾶται,
2366 3655 2460 3709 καὶ
2498 3650 2661 3724 ἦλθον
2711 3655 2809 3706 σὺν
2841 3652 2991 3721 αὐτῷ
3035 3653 3084 3704 οἱ
3117 3651 3288 3706 ἄλλοι.
3319 3650 3516 3711 Καλῶς

1936 3745 2029 3802 οὖν
2083 3747 2349 3818 πρότερον
2399 3745 2802 3814 φιλοφρονεῖται
2858 3743 2985 3806 :06;
3028 3742 3247 3811 ἄνδρας,
3288 3742 3384 3796 ᾶτε
3411 3741 3520 3796 61:6

1939 3839 2187 3910 καμάτου
2215 3838 2375 3899 ὄντας
2406 3838 2499 3890 καὶ
2519 3836 2712 3888 οἱκειοῖ
2735 3835 2948 3888 ἑαυτόν.
2976 3832 3240 3895 Καίτινες
3269 3831 3521 3902 ἔρχονται

1942 3931 2058 4003 μετ’
2083 3930 2246 3985 αὐτοῦ
2267 3947 2278 3960 ·
2306 3930 2400 3982 καὶ
2427 3927 2584 3982 τοῦτο
2621 3925 3008 3994 οἰκονομικῶς,
3039 3923 3181 3978 ὥστε
3221 3919 3360 3978 εἶναι
3383 3924 3522 3994 μάρ-

1937 4042 2108 4096 τυρας
2142 4025 2278 4092 μετὰ
2307 4020 2502 4080 ταῦτα,
2528 4021 2617 4072 ὅτε
2663 4018 2781 4070 δέον
2819 4016 3266 4086 ἀπολογήσασθαι
3301 4015 3390 4068 τὸν
3419 4016 3520 4068 Πέ-

1940 4135 2088 4188 τρον.
2137 4114 2438 4182 Ἑπίσημος
2490 4107 2558 4180 ἦν
2608 4113 2636 4163 ὀ
2681 4109 2841 4179 ἀνὴρ,
2873 4109 2968 4160 καλ⁴
2997 4109 3053 4160 ἐν
3089 4107 3344 4176 ἐπισήμῳ
3365 4107 3522 4160 πόλει

1939 4207 2251 4275 τυγχάνωνο
2289 4204 2378 4256 6:6
2433 4201 2588 4254 τοῦτο
2646 4201 2824 4253 πάντα
2881 4200 3112 4268 γίνεται,
3147 4200 3240 4251 καὶ
3274 4197 3382 4252 61:6
3421 4198 3520 4264 τῆς

1952 4298 2208 4357 Ἰουδαίας
2242 4295 2414 4366 ἀρχὴν
2437 4293 2705 4361 λαμϐάνει
2733 4292 2795 4343 τὸ
2825 4294 3078 4358 πρᾶγμα.
3115 4288 3250 4358 Οὐχὶ
3273 4289 3330 4341 ἐν
3363 4287 3521 4359 ὕπνῳ

1939 4392 2114 4461 ῶφθη,
2139 4389 2257 4444 ἀλλ’
2288 4385 2635 4456 ἐγρηγορότι,
2664 4387 2720 4437 ἐν
2743 4385 2927 4452 ἡμέρα
2964 4384 3092 4450 περὶ
3119 4382 3318 4451 ἐνάτην
3344 4381 3519 4452 ὤραν.

1941 4485 2126 4545 Οὕτως
2168 4479 2318 4550 αὐτῷ
2365 4479 2654 4548 προσεῖχε·
2690 4476 2969 4528 καὶτοῦτο
3016 4472 3194 4540 φίλου,
3226 4471 3288 4524 :6
3318 4473 3376 4525 ἐν
3406 4474 3520 4536 τοῖς

1871 4588 1917 4645 ι)
1943 4575 2168 4644 ἀγαθοῖς
2211 4569 2480 4624 ποιεῖσθαι
2546 4566 2840 4626 κοινωνοὺς
2886 4563 3013 4626 :06;
3061 4560 3396 4631 ἀναγκαίους
3429 4562 3522 4630 φί-

1939 4669 2084 4730 λους.
3322 4706 3327 4711 .

2012 4759 2182 4812 Τοῦτο
2215 4755 2278 4829 [Ῑ.
2307 4754 2504 4826 τούτῳ]
2559 4753 2656 4811 καί.
2688 4752 2814 4812 :06;
2843 4748 3037 4812 ἄλλους
3089 4747 3388 4813 παιδεύων,
3420 4736 3520 4802 καὶ

1941 4853 2018 4922 τῷ
2047 4851 2166 4921 Θεῷ
2191 4847 2553 4919 εὐχαριστῶν,
2619 4845 2714 4898 καὶ
2752 4844 2811 4897 τὸ
2866 4841 3120 4895 ταπεινὸν
3145 4841 3206 4894 :6
3235 4837 3404 4893 αὐτοῦ
3431 4840 3521 4893 ἐν-

1940 4943 2306 5011 δεικνύμενος.
2337 4938 2484 5009 Ὅρα
2510 4938 2626 4999 πῶς
2675 4936 2782 5006 πρὸ
2808 4934 2916 4986 τῶν
2932 4933 3107 4986 ἄλλων
3138 4931 3297 4985 τοῦτο
3325 4932 3524 4996 αὐτοὺς

1943 5033 2282 5097 παιδεύουσι,
2323 5029 2454 5100 μηδὲ
2492 5028 2558 5099 If.
2600 5024 2788 5098 μηδὲν]
2828 5024 2969 5092 μέγα
3004 5022 3134 5090 περὶ
3161 5021 3344 5073 αὐτῶν
3374 5038 3514 5090 φανο

1941 5126 2205 5192 τάξεσθαι
2230 5140 2243 5154 ⁸
2274 5124 2369 5176 καὶ
2403 5122 2532 5189 περὶ
2569 5120 2666 5188 τῆς
2691 5116 2785 5170 τοῦ
2807 5113 2942 5168 Θεοῦ
2967 5112 3377 5183 φιλανθρωπίας
3403 5112 3520 5166 δια-

1942 5218 2185 5286 λέγεται,
2223 5214 2318 5267 καὶ
2341 5214 2614 5267 δείκνυσιν
2649 5210 2734 5262 ὅτι
2794 5205 3047 5276 μεγάλως
3098 5205 3282 5264 αὐτοῖς
3326 5203 3516 5274 ἐχαρί-

1945 5311 2122 5364 σατοό
2144 5307 2297 5370 Θεός.
2328 5305 2440 5360 Καὶ
2465 5305 2588 5374 δρα,
2627 5299 2744 5361 πῶς
2781 5297 2940 5366 ὁμοῦὲ
2971 5297 3065 5350 καὶ
3099 5293 3310 5363 μεγάλα
3345 5293 3518 5361 φθέγ.

1944 5417 2121 5469 γεται,
2183 5399 2278 5450 καὶ
2335 5394 2636 5465 μετριάζει.
2688 5387 2762 5441 Οὐ
2816 5387 2924 5456 γὰρ
2964 5382 3143 5438 εἶπενο
3182 5383 3520 5452 Ἄνθρωποι,

1949 5489 2138 5560 μηδενὶ
2163 5485 2547 5550 καταξιοῦντες
2569 5477 2882 5538 κολλᾶσθαι,
2904 5475 3136 5546 ἤλθομεν
3167 5473 3301 5542 πρὸς
3333 5473 3479 5540 ὑμᾶς
3505 5490 3521 5506 ο

1945 5582 2080 5636 ἀλλά
2127 5580 2180 5632 τί
2224 5595 2238 5642 ;
2280 5597 2296 5629 ι
2341 5575 2532 5644 Ὑμεῖς
2577 5568 2893 5631 ἐπίστασθε,
2929 5585 2950 5619 ο
2995 5567 3022 5618 6
3055 5565 3186 5626 Θεὸς
3213 5562 3370 5616 τοῦτο
3397 5567 3520 5618 ἐκέ-

1942 5677 2121 5738 λευσε,
2184 5671 2498 5740 παράνομον
2547 5660 2686 5716 εἶναι
2733 5680 2752 5712 ε
2797 5658 3114 5724 κολλᾶσθαι,
3157 5655 3521 5727 ήπροσέρχε-

1946 5768 2068 5820 σθαι
2099 5762 2400 5829 ἀλλοφύλῳ.
2427 5777 2462 5809 -ι

2016 5851 2381 5926 Σημειωτέον,
2416 5850 2500 5902 ὅτι
2545 5845 2706 5909 αὐτὸς
2733 5847 2762 5898 6
2804 5843 2936 5907 Θεδς
2974 5841 3244 5914 ἐπέτρεψε
3271 5838 3348 5910 τῷ
3376 5839 3519 5907 Χρι-
