3950 6560
208 413 380 485 1093

1075 423 1610 489 EXPOSITIONIS
1650 424 1731 487 IN
1789 425 1976 486 ACTA
2011 427 2314 492 TEXTUS
2345 430 2702 494 TERTIUS.

3353 434 3487 503 ιοοι

202 545 351 583 ποτε
387 527 615 600 ἔφαγον,
638 530 773 602 πρὸς
808 530 965 586 τοῦτο
991 532 1022 585 ὃ
1051 531 1240 603 ἔλεγον
1263 537 1483 600 ἐκεῖνοι,
1509 537 1595 592 ὅτι
1627 556 1645 590 ι
1670 536 1800 592 Είσ-
1834 539 1874 593 Λ
1908 536 2184 606 ἐγκώμιον
2238 538 2398 593 τοῦτο
2443 540 2585 611 πρὸς
2623 542 2871 609 ἅπαντας
2901 542 3097 615 στῆσαι
3120 542 3368 613 δύναται,
3395 547 3507 603 δτι-

200 617 392 688 ἦλθες
430 621 528 675 καὶ
555 622 861 693 συνέφαγες
891 625 1097 689 αὐτοῖς.
1127 644 1146 678 ι
1176 626 1348 682 Τοῦτο
1381 628 1440 682 δὲ
1480 628 1618 698 πρδς
1652 632 1798 701 Κορ-

201 712 409 783 νήλιον
434 714 501 768 ού
534 715 683 785 λέγει
704 731 720 749 ·
752 716 818 770 ού
844 718 953 788 γάρ
993 713 1061 788 ἦν
1095 719 1334 792 ἀνάγκη.
1377 722 1562 794 Ὁρᾷς,
1592 723 1674 777 ὅτι
1701 723 1798 778 τοῦ

206 806 553 877 Πνεύματος
605 807 639 879 ἡ
692 808 1020 879 νομοθεσίας
1081 812 1176 865 καὶ
1220 812 1370 867 οὐδὲν
1415 814 1800 885 ταπεινότερον

206 895 356 948 ὅταν
375 898 481 969 τὴν
501 898 611 953 τῶν
630 899 878 968 ἀδελφῶν
906 901 1208 972 μαρτυρίαν
1233 902 1518 973 ἐπάγεται.
1541 906 1658 960 Ούκ
1676 902 1800 961 εἷπε

199 986 278 1040 τά
315 990 483 1060 παρὰ
518 989 613 1043 τοῦ
645 989 879 1059 ἀγγέλου
909 992 1166 1062 ρηθέντα,
1201 995 1281 1051 ὃτι
1322 991 1443 1048 εἷπε
1476 995 1554 1066 τῷ
1584 996 1796 1069 Κορνη-

201 1078 354 1150 λίῳ·
406 1101 427 1131 ε
466 1081 533 1134 Δί
556 1081 855 1151 προσευχαί
894 1099 988 1136 σου
1025 1085 1120 1137 καὶ⁹
1155 1086 1212 1138 αί
1241 1085 1598 1157 ἐλεημοσύναι
1621 1104 1737 1156 σου,
1773 1108 1793 1142 ι

201 1173 306 1227 καὶ
343 1173 420 1227 τά
450 1174 615 1245 ἐξῆς·
642 1173 778 1230 ἀλλά
814 1175 862 1229 τί
893 1192 1069 1247 φησι;
1103 1193 1125 1229 ι
1152 1177 1391 1248 Δαλήσει
1418 1179 1636 1251 ῥήματα
1665 1181 1799 1252 πρὸς

206 1264 297 1327 at,
323 1266 394 1318 ἐν
421 1260 509 1329 οἷς
538 1266 766 1338 σωθήσῃ
814 1267 878 1321 σὺ
913 1269 1010 1322 καὶ
1050 1271 1160 1332 πᾶς
1187 1270 1218 1322 6
1250 1264 1396 1334 οἶκός
1434 1287 1551 1325 σου.
1576 1290 1596 1324 ι
1629 1271 1801 1326 Τοῦτο

202 1354 457 1419 είκότως
484 1356 832 1427 πρόσκειται,
864 1359 962 1412 καὶ
1014 1360 1170 1415 οὐδὲν
1200 1361 1349 1430 λέγει
1385 1363 1516 1436 περὶ
1545 1364 1645 1432 τῆς
1675 1366 1798 1419 ἐπι-

199 1459 328 1496 εικε
340 1443 431 1508 ίας
457 1446 552 1500 τοῦ
575 1446 788 1519 ἀνδρός.
816 1447 924 1503 Τοῦ
951 1450 1265 1521 Πνεύματος
1294 1453 1795 1526 πέμψαντος.φησὶ,

200 1532 306 1588 τοῦ
339 1533 488 1589 Θεοῦ
532 1536 889 1605 κελεύσαντος
922 1541 1011 1596 διά
1059 1541 1157 1596 τοῦ
1201 1544 1455 1614 ἀγγέλου.
1497 1547 1797 1616 Ἐντεῦθεν,

199 1626 527 1695 αἰτοῦντος,
565 1629 786 1695 λύοντος
839 1632 939 1705 τὴν
974 1633 1252 1706 διάκρισιν
1282 1638 1393 1691 τῶν
1430 1641 1796 1710 πραγμάτων,

198 1719 259 1775 τί
288 1720 533 1790 ποιῆσαι
574 1723 717 1792 ἔδεις
752 1725 895 1779 ’Δλλ⁹
932 1728 996 1783 οὐ
1046 1728 1196 1797 λέγει
1228 1729 1434 1786 τούτων
1472 1733 1646 1798 οὐδὲν,
1677 1735 1798 1789 ἀλλ’

199 1812 325 1865 ἀπὸ
376 1812 478 1865 τοῦ
529 1814 757 1885 ὑστέρου
808 1817 1165 1889 ἰσχυρίζεται,
1217 1821 1247 1876 δ
1301 1824 1397 1877 καὶ
1446 1825 1590 1880 κατά
1638 1825 1798 1883 τοῦτο

195 1902 311 1955 ἀνα
319 1904 710 1977 μφισϐήτητον
729 1903 798 1978 ἦν
820 1911 1141 1980 τεκμήριον.

276 1993 406 2048 Καὶ
437 1995 540 2049 οὐκ
562 1997 814 2068 ἀρκεῖται
842 1999 1039 2071 τούτῳ,
1064 2002 1200 2057 ἀλλά
1229 2005 1325 2058 καὶ
1357 2006 1638 2077 μνήματος
1666 2011 1798 2067 ἀνα-

202 2086 526 2157 μιμνήσκει
552 2088 648 2142 τοῦ
685 2089 909 2160 Κυρίου.
927 2092 1011 2146 ὅτι
1034 2093 1188 2148 ούδέν
1213 2096 1524 2170 καινότερον
1548 2100 1792 2169 γέγονεν,

199 2173 329 2230 ἀλλ’
370 2175 564 2249 ὥσπερ
599 2181 896 2248 προεῖπεν·
946 2199 967 2234 ι
1009 2181 1151 2238 Ἀλλ’
1194 2186 1296 2241 οὐκ
1319 2185 1738 2259 ἐδειβαπτίσαι;
1769 2212 1789 2246 ι

211 2268 374 2324 Ἀλλ’
393 2272 650 2343 ἀπηρτίω
668 2274 732 2327 τδ
754 2273 1056 2347 βάπτισμα·
1096 2280 1191 2332 καὶ
1210 2282 1271 2334 οὐ
1295 2280 1473 2352 λέγει’·
1504 2285 1793 2341 Ἐκέλευσα

197 2359 416 2424 αὐτοὺς
451 2356 855 2435 βαπτισθῆναι·
883 2364 1021 2421 ἀλλὰ
1048 2366 1136 2434 τί;
1169 2369 1453 2426 Δείκνυσιν
1481 2373 1647 2428 αὐτὸν
1683 2393 1794 2446 μη·-

198 2450 297 2504 δέν
363 2453 690 2523 ποιήσαντα.
724 2455 903 2528 Ὅπερ
952 2458 1272 2530 ἐσχήκαμεν
1302 2500 1320 2526 ,
1371 2462 1560 2536 φησιν,
1607 2466 1788 2536 ἡμεῖς.

199 2544 412 2599 ελαϐον
442 2547 663 2602 ἐκεῖνοι.
705 2547 824 2602 Ἵνα
871 2548 1135 2619 μειζόνως
1180 2553 1392 2611 ἐαυτῶν
1435 2556 1691 2631 ἐμφράξῃ
1722 2558 1793 2612 τὰ

203 2637 488 2707 στόματα,
522 2639 610 2693 διὰ
631 2638 792 2694 τοῦτο
822 2641 1150 2715 προσέθηκε⁴
1182 2662 1202 2697 ι
1222 2644 1324 2716 τὴν
1361 2644 1483 2717 ἴσην
1506 2646 1735 2718 δωρεάν.
1764 2668 1785 2701 ι

212 2726 415 2800 ⁸0,.ᾷς,
446 2730 565 2794 πῶς
588 2730 697 2785 οὐκ
727 2731 953 2801 ἀφίησιν
976 2735 1176 2800 αὐτοὺς
1202 2735 1425 2790 ἐλαττον
1455 2740 1605 2808 σχεῖν
1641 2756 1658 2806 ;
1694 2740 1791 2796 καὶ

198 2822 265 2875 ού
298 2822 482 2890 λέγει,
534 2823 686 2896 ύμῖν,
730 2824 870 2892 ἀλλ’,
927 2843 947 2878 ι
1004 2827 1159 2897 ἡμῖν.
1190 2846 1210 2881 ι
1244 2829 1310 2883 Τί
1352 2827 1788 2897 ἀναξιοπαθεῖτε,

200 2914 345 2967 ὅταν
372 2915 542 2985 ἡμεῖς
575 2917 868 2982 κοινωνοὺς
896 2917 1094 2983 αὐτοὺς
1123 2919 1385 2990 λέγομενς
1420 2919 1616 2987 Βαϐιὶ,
1646 2923 1787 2995 ⁴ιεόση

201 3003 521 3073 ἀπολογίαι
554 3006 633 3062 ού
660 3007 771 3079 γὰρ
806 3004 964 3063 εἷπε·
995 3008 1181 3067 Ταῦτα
1211 3005 1307 3064 οὖν
1340 3011 1542 3074 εἰδότες
1585 3012 1791 3084 ἠσυχά-

200 3096 368 3162 ζετε·
400 3097 543 3154 ἀλλά
567 3099 658 3167 τίς
691 3100 917 3171 Δέχεται
936 3101 1118 3158 αὐτῶν
1143 3101 1246 3173 τήν
1269 3102 1465 3174 ὁρμὴν,
1497 3104 1593 3159 καὶ
1619 3106 1789 3173 ἐγκα-

200 3188 400 3244 λοῦσιν
445 3190 821 3259 ἀπολογεῖται·
860 3192 994 3254 «Τίς
1014 3193 1161 3264 ἢμην
1184 3194 1407 3256 δυνατὸς
1437 3194 1680 3251 κωλῦσαι
1712 3212 1729 3258 ;
1762 3214 1784 3249 ι

205 3279 435 3349 σφόδρα
459 3280 827 3349 ἐντρεπτικῶς
856 3283 950 3339 καὶ
981 3282 1196 3355 βαρέως
1212 3301 1228 3317 ·
1267 3285 1390 3340 ὃθεν
1409 3286 1595 3340 λοιπὸν
1616 3287 1792 3359 φοϐη-

204 3371 425 3437 θέντες,
480 3390 500 3425 ι
524 3371 796 3445 ἡσύχαζον
847 3375 949 3431 καὶ
1018 3375 1266 3441 ἐδόξαζον
1307 3377 1400 3431 τὸν
1447 3377 1600 3433 Θεόν.
1643 3396 1664 3431 ι
1712 3378 1791 3435 ού

202 3461 418 3534 μικρὸν
482 3465 812 3536 κατόρθωμα
860 3467 890 3520 6
933 3465 1173 3537 διωγμὸς
1230 3468 1444 3538 γέγονε.
1502 3470 1629 3534 Τοῖς
1680 3471 1793 3542 γὰρ

201 3555 476 3623 ἀγαπῶσι
504 3556 597 3611 τὸν
656 3556 791 3612 Θεδν
830 3557 1007 3614 πάντα
1052 3563 1307 3633 συνεργεῖ
1347 3561 1428 3625 είς
1456 3561 1517 3616 τὸ
1548 3562 1787 3630 ἀγαθόν.

205 3649 330 3702 Οὐκ
362 3649 454 3714 ἂν,
482 3650 539 3703 εί
561 3665 626 3719 γε
655 3650 909 3721 ἐπίτηδες
931 3651 1269 3715 ἐσπούδασαν
1294 3651 1493 3722 στῆσαι
1522 3652 1623 3727 τὴν
1663 3655 1790 3709 Ἑκο

203 3740 472 3809 κλησίαν,
514 3741 642 3797 ἀλλο
691 3758 743 3797 τι
793 3743 1080 3815 ἐποίησαν,
1155 3743 1190 3815 ἢ
1240 3743 1434 3799 τοῦτο·
1480 3744 1791 3816 διέσπειραν

203 3833 341 3896 τοὺς
367 3831 747 3896 διδασκάλους.
771 3834 939 3905 Ὅρα,
971 3833 1076 3887 ποῦ
1124 3834 1186 3889 τὸ
1235 3837 1499 3907 κήρυγμα
1537 3834 1789 3905 ἐξετάθη,

211 3939 231 3972 ι
270 3921 384 3985 ιως
431 3921 684 3990 Φοινίκης
713 3959 730 3986 ,
780 3922 875 3975 καὶ
921 3920 1188 3993 Κύπρου,
1225 3924 1322 3977 καὶ
1370 3924 1731 3994 ’Δντιοχείαςο
1764 3943 1785 3976 ι

204 4014 391 4069 οοέιδενὶ
443 4012 631 4083 μέντοι
663 4012 910 4076 ἐλάλουν,
942 4029 962 4065 ι
1016 4015 1066 4066 εἰ
1095 4012 1171 4084 μὴ
1214 4014 1398 4084 μόνοις
1439 4014 1732 4078 Ἰουδαίοις.
1765 4032 1785 4067 ι

204 4105 325 4159 Καὶ
354 4104 447 4159 ὅτε
477 4103 753 4174 Στέφανος
804 4104 1072 4175 ἀνῃρέθη,
1119 4104 1214 4158 καὶ
1264 4104 1477 4168 Παῦλος
1518 4104 1788 4161 διεκινδύ-

203 4210 396 4258 νευσε,
434 4193 531 4248 καὶ
553 4195 604 4247 οἱ
660 4193 950 4248 ἀπόστολοι
992 4193 1407 4265 ἐμαστίχθησαν
1458 4195 1554 4249 καὶ
1585 4195 1791 4268 ἠλάθη-

205 4303 338 4347 σαν,
370 4287 492 4340 τότε
522 4284 590 4341 τά
615 4284 745 4354 ἔθνη
785 4285 1084 4357 ἐδέχθησαν
1105 4302 1120 4318 ·
1145 4284 1176 4340 6
1203 4286 1298 4339 καὶ
1341 4284 1553 4349 Παῦλός
1584 4302 1753 4355 φησιν
1771 4304 1789 4321 ·

213 4400 233 4433 ι
264 4380 438 4451 Ὑμῖν
474 4375 544 4452 ἦν
582 4378 801 4450 πρῶτον
839 4378 1139 4451 λαληθῆναι
1180 4378 1475 4448 ἀναγκαῖον
1511 4379 1602 4436 τὸν
1634 4381 1790 4452 λόγον

203 4471 309 4529 τοῦ
338 4471 476 4529 θεοῦ
496 4487 512 4502 ·
541 4472 666 4526 ἐπεὶ
725 4471 784 4525 δὲ
817 4471 1112 4539 ἀπωθείτε,
1162 4471 1273 4529 ίδοϋ
1337 4471 1684 4542 στρεφόμεθα
1712 4475 1792 4537 είς

1906 628 2004 681 τοῦ
2057 629 2328 699 στόματος
2384 634 2596 688 ἐκείνου
2652 635 2909 692 τοσοῦτον
2953 636 3236 708 ἀπήλαυσε
3287 639 3480 709 χρόνον

1905 717 2094 789 πρώτη
2118 719 2229 773 τῶν
2252 720 2428 775 ἄλλων
2448 722 2680 776 ἀπασῶν
2704 739 2718 755 ·
2735 723 2815 779 διὸ
2848 725 2943 780 καὶ
2978 726 3214 796 πρώτως
3240 728 3481 786 ἐνταῦθα

1903 807 1997 861 τοῦ
2013 809 2272 881 ὀνόματος
2294 812 2623 883 ἠξιώθησαν.
2654 815 2816 887 ὐρᾷς
2836 817 3052 872 Παύλου
3066 818 3127 874 τὸ
3149 820 3481 895 κατόρθωμα

1906 900 1988 961 εἰς
2012 900 2138 955 ὅσον
2182 902 2388 973 ἐπῆρεν
2418 902 2552 974 ὕψος
2578 903 2772 978 ὥσπερ
2800 924 2854 962 τι
2894 911 3118 979 σημεῖον
3170 910 3231 971 τὸ
3269 911 3475 983 δνομα;

1908 985 2083 1041 Ἔνθα
2112 991 2405 1060 τρισχίλιοι
2432 994 2529 1047 καὶ
2558 996 2983 1067 πεντακισχίλιοι
3010 998 3360 1067 ἐπίστευσαν,
3383 1004 3477 1055 καὶ

1905 1077 2043 1132 πολὺ
2086 1079 2312 1149 πλῆθος,
2345 1082 2499 1136 οὐδὲν
2554 1084 2798 1139 τοιοῦτον
2824 1087 3067 1155 γέγονεν,
3112 1089 3231 1149 ἀλλ’
3278 1091 3331 1145 οί
3376 1091 3476 1160 τῆς

1904 1167 2025 1251 όδοῦ
2084 1170 2322 1239 ἢκουον·
2352 1174 2590 1228 ἐνταῦθα
2618 1175 2676 1230 δέ
2708 1177 3025 1247 Χριστιανοὶ
3056 1180 3473 1251 ὠνομάσθησαν.

1906 1256 2349 1334 [ΔΜΜΠΝΙΟΥ.]
2379 1265 2723 1335 Σημειωτέον
2762 1267 2846 1322 ὅτι
2878 1269 3078 1339 μᾶλλον
3115 1273 3150 1342 ἠ
3177 1271 3476 1345 ’Δντιοχεία

1903 1348 1992 1403 διά
2015 1348 2175 1404 τοῦτο
2200 1350 2431 1418 δεόντως
2460 1353 2666 1426 ἠξιώθη
2694 1355 2890 1425 θρόνου
2919 1360 3260 1430 ἀρχοντικοῦ,
3286 1361 3476 1430 ἐπειδὴ

1904 1441 2020 1497 ἐκεῖ
2050 1444 2337 1516 προτέρως
2371 1447 2859 1519 ἐχρηματίσθησαν
2882 1450 2933 1503 οί
2970 1452 3312 1521 Χριστιανοί.
3341 1455 3475 1525 Χρι-

1905 1534 2124 1598 στιανὸς
2152 1536 2262 1608 γάρ
2294 1536 2466 1609 ὄνομα
2499 1537 2790 1604 πολυθέως
2825 1542 3141 1598 ἀντίπαλον.

1974 1625 2042 1681 Τί
2071 1626 2129 1680 δέ
2152 1644 2321 1699 φησιν
2369 1631 2398 1683 6
2419 1631 2675 1701 Χριστὸς,
2698 1633 2782 1687 ὅτι
2810 1652 2830 1688 ι
2871 1633 2929 1693 ’0
2952 1635 3113 1705 νόμος
3139 1635 3235 1689 καὶ
3256 1636 3306 1690 οί
3338 1655 3473 1710 προ-

1904 1716 2190 1785 φῆτσιέως
2211 1718 2495 1788 ’ἁωάννους
2529 1740 2549 1774 ι
2578 1724 2713 1794 Περὶ
2738 1726 2964 1781 ἐκείνων
3010 1726 3146 1797 φησὶ
3203 1728 3311 1783 τῶν
3343 1746 3475 1798 προ-

1906 1808 2094 1877 φητῶν
2124 1812 2235 1867 τῶν
2270 1809 2372 1883 τὴν
2409 1815 2718 1884 παρουσίαν
2761 1817 2926 1872 αὐτοῦ
2976 1821 3475 1893 προαναφωνησάν-

1826 1893 1873 1951 Β
1899 1918 2033 1958 των.
2074 1902 2353 1975 Κυπρίους
2386 1903 2547 1974 ἐσχον
2596 1905 2950 1973 διδασκάλους
2977 1912 3072 1965 καὶ
3104 1912 3473 1983 Κυρηναίους,

1903 1993 1996 2045 καὶ
2048 1991 2294 2045 Παῦλον·
2348 1994 2463 2049 ἀλλ’
2498 1989 2652 2059 οὗτος
2696 1998 3053 2068 ὑπερέϐαινεν
3084 2003 3313 2067 αὐτοὺς,
3348 2005 3475 2058 ἐπεὶ

1902 2085 1999 2138 καὶ
2027 2083 2239 2149 Παῦλος
2280 2086 2533 2145 ’Δνανίαν
2579 2089 2676 2145 καὶ
2726 2090 3016 2161 Βαρνάϐαν
3050 2093 3176 2164 ἐσχε
3216 2094 3473 2151 διδασκάο

1900 2175 2049 2240 λους.
2083 2176 2199 2233 Ἰνα
2231 2179 2339 2249 γάρ
2380 2181 2458 2251 μὴ
2505 2181 2835 2247 νομίσωσιν,
2867 2182 2949 2243 ὅτι
2979 2185 3012 2238 6
3041 2182 3196 2255 λιμὸς
3222 2185 3470 2257 γέγονεν,

1899 2267 1982 2319 ὃτι
2004 2267 2428 2340 Χριστιανισμὸς
2456 2271 2732 2342 εἰσῆλθεν,
2748 2273 2831 2328 ὅτι
2856 2273 3109 2344 δαίμονες
3131 2276 3470 2349 ἀπέστησαν,

1900 2357 2161 2427 προλέγει
2216 2361 2275 2412 τὸ
2306 2361 2531 2436 Πνεῦμκα
2578 2364 2642 2417 τδ
2687 2363 2865 2431 ἀγιον.
2918 2363 3079 2419 ’Λλλά
3113 2368 3272 2421 τοῦτο
3318 2369 3474 2423 οὐδὲν

1901 2450 2247 2517 θαυμαστόν·
2294 2454 2386 2509 καὶ
2433 2454 2542 2525 γάρ
2589 2456 2620 2509 6
2671 2456 2908 2526 Χριστὸς
2953 2460 3323 2529 προεῖπεν,οὐ
3382 2461 3471 2513 διά

1897 2542 2288 2615 τοῦτο,ἐπειδὴ
2345 2545 2406 2611 ἐξ
2458 2548 2634 2618 ἀρχῆς
2664 2547 2825 2603 τοῦτο
2848 2548 3099 2616 γενέσθαι
3146 2549 3275 2614 ἐδει,
3331 2550 3470 2605 ἀλλὰ

1899 2636 1996 2686 καὶ
2018 2634 2107 2690 διὰ
2139 2635 2207 2691 τὰ
2240 2635 2387 2691 κακά
2414 2636 2483 2692 τά
2512 2637 2597 2700 είς
2636 2637 2764 2702 τοὺς
2796 2638 3127 2703 ἀποστόλους
3159 2640 3426 2710 γενόμενα
3448 2658 3465 2673 ·

1898 2727 1994 2780 καὶ
2022 2725 2483 2799 ἐμακροθύμησεν
2516 2729 2546 2782 6
2567 2728 2700 2793 Θεός
2722 2744 2738 2759 ·
2769 2727 2846 2794 ὡς
2886 2728 2945 2783 δὲ
2978 2729 3270 2799 ἐνέκειντο,
3311 2731 3468 2803 λιμὸς

1900 2817 2075 2887 μέγας
2102 2817 2332 2885 γίνεται,
2378 2818 2602 2890 μηνύων
2646 2822 2760 2886 τοῖς
2805 2819 3073 2887 Ἰουδαίοις
3122 2821 3195 2876 τά
3230 2824 3468 2896 ἐσόμεια

1898 2908 2084 2963 κακά·
2116 2909 2213 2964 καὶ
2246 2908 2350 2979 ὅρα
2383 2909 2513 2971 πότε
2545 2908 2777 2981 γίνεται,
2802 2911 2894 2971 ὅτε
2941 2912 3036 2971 καὶ
3064 2911 3270 2968 ἐθνικοὶ
3297 2931 3468 2987 προσ-

1894 3000 2188 3071 ετέθησαν.

1916 3138 1936 3150 ι
1968 3094 2112 3165 Ὅρα
2139 3094 2326 3159 αὐτοῖς
2358 3093 2452 3150 τὸν
2478 3093 2637 3166 λιμὸν
2662 3096 2837 3151 αἴτιον
2870 3096 3143 3168 σωτηρίας
3171 3097 3266 3152 καὶ
3290 3098 3467 3169 ἀφορ-

1898 3188 2006 3260 μὴν
2034 3188 2405 3260 ἐλεημοσύνης
2434 3189 2762 3259 γενόμενον·
2798 3189 2897 3245 καὶ
2932 3190 3052 3263 ἀμα
3084 3191 3466 3257 πιστεύοντας,

1894 3281 2013 3354 ἀμα
2069 3281 2166 3336 καὶ
2222 3281 2729 3353 καρποφοροῦντας,
2772 3283 2836 3341 ού
2885 3284 2998 3345 τοῖς
3040 3282 3225 3345 αὐτοῖς
3276 3283 3464 3353 μόνον,

1894 3373 2035 3429 ἀλλὰ
2069 3374 2165 3428 καὶ
2200 3375 2311 3436 τοῖς
2346 3373 2561 3445 πόρρω·
2594 3374 2759 3427 ’Ὥστε
2801 3372 2894 3427 οῦν
2932 3373 3030 3427 καὶ
3075 3372 3465 3444 πρεσϐυτέρων

1890 3460 2035 3535 είχον
2063 3463 2221 3530 ἀξίαν
2248 3463 2301 3518 οί
2328 3463 2619 3519 ἀπόστολοι
2638 3480 2652 3493 ο
2703 3463 2802 3518 καὶ
2830 3464 2889 3518 ἐν
2916 3463 3063 3534 ἀλλῳ
3090 3463 3148 3519 δέ
3179 3462 3465 3535 κεφαλαίῳ

1892 3553 2287 3624 σεσημείωται,
2339 3554 2423 3608 ὅτι
2475 3553 2740 3611 διακόνων
2797 3553 2894 3607 καὶ
2947 3552 3270 3613 ἐπισκόπων
3314 3547 3465 3624 εῐχον

1892 3643 2125 3715 βαθμὸν.
2160 3644 2320 3697 Ποῖον
2344 3643 2575 3715 καιρόν;
2614 3644 2718 3697 Τὸν
2745 3645 2839 3698 ἐπὶ
2870 3643 3136 3699 Κλαυδίου
3162 3642 3460 3713 Καίσαρος.

1888 3735 2051 3799 Γάϊος
2083 3734 2193 3807 γάρ
2241 3734 2597 3806 αὐτοκράτωρ
2645 3733 2935 3806 Ῥωμαίων
2988 3734 3302 3806 ’Δγρίππαν
3330 3733 3464 3787 καθ-

1893 3822 2077 3896 ίστησι
2142 3823 2370 3896 βασιλέα
2411 3824 2512 3897 τῆς
2544 3824 2832 3888 Ἰουδαίας,
2875 3824 2967 3877 τὸν
3009 3823 3259 3896 Ἡρώδην
3291 3822 3464 3893 ἐξορί-

1891 3929 1990 3978 σας
2051 3914 2110 3968 ἐν
2157 3914 2477 3986 Λουγδούνῳ
2542 3915 2643 3985 τῆς
2692 3913 2952 3978 Γαλλίας,
2980 3915 3077 3969 σὺν
3125 3915 3195 3987 τῇ
3242 3911 3467 3983 γυναικὶ

1902 4007 2213 4079 Ἡρωδιάδι.
2241 4002 2409 4073 Οὗτός
2437 4009 2584 4064 ἐστιν
2605 4008 2635 4062 6
2664 4010 2807 4063 κατὰ
2828 4006 2890 4063 τδ
2921 4006 3091 4071 πάθος
3124 4004 3221 4062 τοῦ
3257 4002 3465 4075 Κυρίου

1891 4099 2240 4171 βασιλεύσας,
2289 4100 2365 4165 ὡς
2414 4100 2621 4173 ίστορεῖ
2665 4097 2993 4173 Ἰώσηππος,
3061 4098 3156 4153 καὶ
3205 4096 3465 4162 Εὐσέϐιος

1904 4196 2087 4260 καλῶς
2126 4196 2295 4265 λέγει,
2324 4196 2407 4252 δτι
2445 4194 2692 4267 Ἡρώδης
2724 4197 2753 4250 6
2783 4194 3039 4266 βασιλεὺς
3074 4187 3230 4257 οὗτος
3258 4191 3360 4247 οὐκ
3394 4187 3465 4263 ἦν

1890 4288 1984 4341 ἐπὶ
2018 4287 2116 4342 τοῦ
2144 4286 2405 4357 Χριστοῦ.
2446 4288 2562 4340 Οὐκ
2588 4286 2672 4340 ἔτι
2717 4286 2983 4350 Ἰουδαῖοι,
3011 4286 3046 4356 ἢ
3082 4286 3149 4341 τὰ
3185 4284 3466 4354 συνέδριον

1889 4379 2050 4434 τοῦτο
2074 4381 2240 4443 ποιεῖ,
2266 4377 2381 4432 ἀλλ’
2418 4379 2447 4429 6
2489 4375 2775 4447 βασιλεύς·
2809 4376 3013 4446 μείζων
3041 4377 3075 4447 η
3112 4374 3332 4440 ἐξουσία
3369 4372 3468 4428 καὶ

1890 4471 1920 4523 6
1943 4470 2202 4540 πόλεμος,
2244 4468 2355 4539 ὅσῳ
2391 4467 2528 4537 πρὸς
2563 4466 2725 4539 χάριν
2757 4465 2971 4534 ἐγίνετο
3017 4468 3132 4529 τοῖς
3167 4463 3462 4527 Ἰουδαίοις.

204 4567 277 4620 τά
305 4565 456 4634 ἔθνη.
485 4581 506 4616 ι
540 4563 700 4626 Ἴσως
731 4562 820 4617 διὰ
843 4562 906 4618 τὸ
927 4562 1006 4634 μὴ
1037 4562 1234 4617 εἰδέναι
1269 4562 1546 4634 Ἐϐραϊστὶ
1589 4563 1784 4637 Ἔλλη-
1821 4583 1867 4651 D
1894 4560 2029 4625 Θέα,
2063 4560 2146 4614 ὅτι
2181 4559 2365 4613 πιστοὶ
2392 4556 2608 4651 ἄνδρες,
2640 4558 2734 4651 καί
2778 4557 2840 4610 τὸ
2868 4555 2928 4651 ἐξ
2959 4553 3140 4651 αὐτῶν
3181 4554 3461 4651 σύστημα,

206 4671 310 4719 νας
342 4653 546 4719 αὐτοὺς
584 4651 835 4708 ἐκάλουν.

279 4745 381 4800 Διά
408 4744 465 4800 τί
510 4743 607 4801 καὶ
654 4742 752 4798 νῦν
790 4744 826 4811 ἡ
858 4743 969 4798 τῶν
998 4741 1240 4814 σημείων
1278 4742 1493 4814 ἀνάγκη
1522 4741 1783 4813 γέγονενς

206 4838 334 4893 Ἰνα
367 4835 726 4893 πιστεύσωσι.
755 4834 855 4889 Διά
876 4834 931 4888 τί
959 4834 1038 4905 μὴ
1067 4832 1270 4904 Παύλῳ
1289 4833 1614 4904 γράφουσιν,
1649 4834 1786 4897 ἀλλά

203 4927 503 4999 Βαρνάϐαν
532 4926 876 4998 πέμπουσινς
899 4923 1069 4981 Οὔπω
1094 4923 1188 4979 τοῦ
1221 4924 1413 4997 ἀνδρὸς
1437 4924 1657 4996 ᾔδεισαν
1685 4926 1787 4998 τὴν

204 5020 415 5091 ἀρετήν
436 5035 451 5051 ·
507 5018 876 5089 οίκονομεῖται
919 5018 977 5072 δέ
1024 5016 1315 5089 Βαρνάϐαν
1355 5018 1783 5089 παραγενέσθαι,

206 5109 400 5181 ἐπειδὴ
419 5111 516 5164 καὶ
550 5108 753 5180 πλῆθος
774 5104 867 5182 ἦν,
885 5108 983 5162 καὶ
1009 5108 1186 5171 οὐδεὶς
1204 5109 1234 5161 6
1265 5107 1511 5166 κωλύων.
1546 5109 1786 5174 Εἰκότως

203 5198 545 5271 ἐϐλάστησεν
569 5201 604 5272 ἠ
632 5200 837 5262 πίστις,
855 5200 951 5253 καὶ
976 5199 1209 5269 μάλιστα
1231 5198 1315 5253 ὅτι
1335 5198 1569 5255 ἐνταῦθα
1595 5200 1785 5255 οὐδένα

206 5290 515 5362 ὑπέμειναν
575 5290 920 5363 πειρασμὸν,
976 5294 1071 5347 καὶ
1124 5293 1337 5359 Παῦλος
1387 5294 1667 5367 κηρύττει.
1706 5298 1785 5352 Ού

204 5384 407 5437 ταύτόν
436 5384 557 5436 ἐστι
585 5381 719 5436 Θεὸν
764 5382 971 5453 ἀγαθὸν
1000 5378 1163 5450 εἶναι,
1206 5385 1303 5439 καὶ
1346 5384 1536 5459 ἀνδρα,
1573 5387 1636 5442 ’0
1683 5389 1785 5459 μὲν

206 5473 338 5544 γὰρ,
363 5474 488 5527 κατ’
514 5473 704 5528 οὐσίαν
728 5473 873 5546 ἀρχὴ
907 5476 1006 5529 καὶ
1051 5476 1204 5547 πηγὴ
1234 5476 1309 5531 ὣν
1351 5476 1575 5545 ἀγαθῶν
1600 5495 1615 5511 ·
1648 5481 1678 5533 6
1704 5479 1783 5545 δέ,

78 5556 87 5571 ’“
206 5562 270 5616 οὐ
301 5564 426 5619 κατ’
457 5563 646 5617 οὐσίαν
677 5566 959 5634 τυγχάνει,
995 5564 1112 5619 ἀλλ’
1164 5566 1222 5619 ἐν
1266 5566 1533 5639 ἀναλήψει
1582 5567 1783 5639 ἀρετῆς

207 5651 321 5724 εχει
343 5650 530 5709 τοῦτο.
566 5652 777 5719 Ὄντως
811 5652 901 5709 διά
923 5652 1083 5709 τοῦτο
1117 5654 1353 5710 ἐνταῦθα
1379 5656 1784 5729 ἐχρηματίσθη-

210 5761 310 5800 σαν
336 5744 628 5802 καλεῖσθαι
654 5746 998 5817 Χριστιανοὶ,
1019 5749 1105 5803 ότι
1147 5747 1360 5813 Παῦλος
1384 5749 1620 5804 ἐνταῦθα
1646 5766 1783 5804 τοσ-

207 5833 363 5890 οῦτον
391 5836 657 5907 ύπέμεινε
713 5835 924 5907 χρόνον.
963 5837 1039 5892 οὐ
1095 5836 1295 5910 μικρὸν
1325 5838 1381 5894 δέ
1416 5837 1517 5911 τῆς
1574 5839 1782 5903 πόλεως

1907 4651 2205 4722 Ἐκκλησία
2256 4651 2524 4705 καλεῖται.
2562 4650 2672 4704 Καὶ
2704 4649 2791 4705 ῐνα
2826 4648 3015 4720 μηδεὶς
3056 4647 3211 4719 λέγῃ,
3240 4646 3324 4701 ὅτι
3373 4645 3465 4700 διά

1887 4744 2049 4798 τοῦτο
2068 4744 2240 4806 ἀδεῶς
2275 4741 2661 4813 κατατολμῶσι
2691 4740 2785 4794 τοῦ
2816 4739 3073 4806 θανάτου,
3093 4739 3189 4795 ac;
3218 4738 3462 4808 ἐξαρπά-

1888 4837 2071 4903 ζοντος
2100 4838 2298 4900 αὐτοὺς
2328 4835 2424 4889 τοῦ
2454 4834 2614 4902 Θεοῦ,
2649 4835 2923 4907 συγχωρεῖ
2955 4832 3311 4905 ἀναιρεθῆναι
3338 4833 3464 4896 τοὺς

1892 4926 2245 4998 κορυφαίους,
2288 4926 2559 4996 Στέφανον
2593 4927 2690 4980 καὶ
2731 4924 3008 4980 Ἰάκωϐον.
3065 4925 3176 4978 Καὶ
3225 4940 3465 4993 σημειω-

1886 5021 2028 5086 τέον,
2063 5020 2145 5074 ὅτι
2197 5015 2411 5089 πρῶτος
2453 5016 2835 5090 ἐμαρτύρησεν
2876 5017 2904 5069 6
2937 5013 3188 5079 Ἰάκωϐος
3234 5014 3298 5065 ἐκ
3347 5004 3462 5065 τῶν

1886 5111 2117 5164 δώδεκα.
2146 5108 2314 5164 Πάλιν
2340 5111 2376 5181 ἡ
2397 5108 2627 5180 περιττὴ
2655 5109 2762 5160 τῶν
2794 5106 3062 5160 Ἰουδαίων
3085 5103 3460 5176 ἀκριϐολογία,

1888 5202 2098 5257 ἀνελεῖν
2127 5201 2228 5274 μὲν
2271 5201 2534 5267 ἐκώλυον,
2562 5201 2621 5255 ἐν
2654 5199 2712 5253 δέ
2743 5198 2921 5271 καιρῷ
2954 5195 3183 5265 τοιούτῳ
3233 5195 3463 5251 τοιαῦτα

1887 5297 2178 5369 ἔπραττον.

1952 5384 2339 5458 Φιλοστοργίας
2365 5380 2436 5458 ἦν
2467 5404 2487 5438 ι
2532 5386 2567 5458 ἡ
2595 5382 2876 5457 προσευχή
2923 5379 3170 5451 ἐκτενης.
3202 5397 3221 5432 ι
3265 5376 3461 5432 ’Δκού-

1890 5496 2021 5534 σατε
2074 5478 2193 5544 πῶς
2221 5477 2486 5539 διέκειντο
2531 5477 2625 5531 ἐπὶ
2654 5477 2782 5539 τοὺς
2830 5474 3183 5535 ἀποστόλους.
3218 5471 3359 5551 Ὅρα
3404 5469 3463 5525 δὲ

1890 5571 2098 5644 Πέτρον
2142 5569 2497 5632 καθεύδοντα,
2533 5567 2628 5621 καὶ
2657 5567 2757 5621 ούκ
2803 5565 2933 5619 δντα
2967 5566 3027 5618 ἐν
3073 5564 3306 5634 ἀγωνίᾳ,
3340 5563 3460 5616 οὖδέ

1887 5665 1946 5717 ἐν
1972 5661 2125 5732 φόϐῳ
2173 5662 2311 5729 αὐτῇ
2338 5661 2406 5729 τῇ
2448 5657 2626 5720 νυκτὶ,
2651 5652 2683 5728 ᾖ
2712 5656 3048 5726 προάγεσθαι
3084 5654 3310 5726 ἔμελλεν
3330 5670 3344 5685 ⁸
3371 5651 3461 5708 οῐα

1878 5752 1943 5808 δέ
1971 5751 2194 5806 δύναται
2226 5752 2260 5821 η
2311 5748 2613 5822 προσευχὴ,
2649 5751 2714 5807 ἐκ
2748 5748 2939 5804 τούτου
2987 5747 3270 5821 μάθωμεν.
3322 5748 3460 5817 Φέρε

1887 5845 2111 5901 κάκεῖνο
2151 5841 2496 5912 ἐξετάσωμεν
2516 5883 2532 5900 .
2578 5838 2742 5899 Εἶπεν
2785 5844 2814 5897 6
2842 5841 3111 5913 Χριστός·
3151 5860 3171 5900 ι
3197 5842 3292 5914 ειη
3319 5838 3456 5911 κτη-
