3950 6584
145 518 296 584 1103

984 522 1524 588 EXPOSITIONIS
1553 525 1635 588 IN
1673 525 1871 587 ACTA
1910 526 2214 588 TEXTUS
2253 523 2614 586 TERTIUS.

3297 503 3436 586 1110

143 633 408 703 ζατησαν
434 631 527 686 τὸν
549 631 733 706 βωμὸν
761 632 990 700 ἐκεῖνον,
1014 634 1424 706 ἐπιγράψαντες
1446 652 1462 668 ο
1490 653 1508 688 ι
1548 635 1757 705 Ἀγνώ-
1788 641 1831 697 Α
1860 633 2000 691 εἶναι
2035 639 2242 706 ὅμοιον,
2295 635 2392 689 καὶ
2424 634 2614 706 μιαροί
2646 634 2792 698 ἐστε,
2839 634 2978 690 ἀλλά
3027 631 3434 704 ταπεινότερον,

147 742 270 795 στῳ
308 724 424 796 θεῷ
455 744 469 757 ο
523 745 542 778 ι
573 725 734 780 τοῦτο
773 725 829 781 δέ
875 727 1142 797 λέγοντες,
1162 729 1241 782 ὅτι
1260 729 1368 782 Καὶ
1393 728 1539 792 εῖτις
1565 728 1752 799 ἕτερος

146 819 429 887 ἀγνοοῖτο
483 820 625 887 θεὸς,
673 823 755 886 είς
807 821 974 894 τιμὴν
1045 823 1256 876 ἐκείνου
1300 817 1452 886 οὗτος
1501 822 1566 893 δὴ
1618 823 1750 890 παρ’

143 909 324 978 ἡμῶν
359 911 671 982 ἐγηγέρθω,
711 912 786 977 ώς
811 913 877 968 ἂν
906 913 1064 978 ἵλεως
1095 915 1182 986 εἴη
1214 918 1370 987 ἡμῖν,
1395 915 1554 985 εῐπερ
1580 914 1745 983 ἀγνο-

144 1003 406 1071 ούμενος
451 1004 528 1058 ῶν
563 1005 640 1077 μὴ
670 1005 1047 1078 θεραπεύοιτο.
1101 1010 1258 1063 Ἔστι
1303 1010 1358 1063 δέ
1389 1011 1422 1080 ἡ
1449 1011 1596 1062 πᾶσα
1654 1007 1749 1061 τοῦ

147 1095 363 1164 βωμοῦ
391 1099 672 1170 ἐπιγραφή
701 1115 716 1130 ο
753 1118 772 1152 ι
806 1099 959 1165 Θεοῖς
1016 1102 1325 1173 Ἀσίαςηκαὶ
1388 1101 1593 1174 Λιϐύης
1657 1101 1755 1154 καὶ

145 1187 466 1261 Εὐρώπης,
502 1191 622 1262 Θεῷ
655 1191 919 1264 ἀγνώστῳ
954 1195 1050 1248 καὶ
1078 1195 1234 1266 ξένῳ.
1284 1215 1300 1246 ι

225 1281 317 1334 UO
358 1283 472 1352 γὰρ
513 1277 580 1354 ἦν
635 1283 859 1338 δυνατὸν
909 1285 997 1340 διὰ
1037 1287 1135 1357 τῆς
1178 1287 1379 1354 ἔξωθεν
1428 1287 1621 1359 σοφίας
1653 1289 1754 1357 τὴν

150 1373 470 1442 ἀκρίϐειαν
493 1373 809 1443 γινώσκειν.
845 1375 994 1446 Α’ύτη
1025 1377 1132 1449 γὰρ
1159 1379 1410 1452 καθάπερ
1455 1397 1539 1443 τις
1593 1380 1755 1451 θερα·

149 1468 359 1530 παινὶς
409 1469 736 1539 ἡτιμωμένη
785 1470 885 1523 ούκ
919 1470 1114 1541 ἀφείθη
1148 1470 1298 1526 ἔνδον
1337 1471 1622 1538 εἰσελθεῖν,
1661 1473 1756 1525 καὶ

150 1557 504 1628 παρακύψαι
531 1559 611 1621 είς
638 1559 708 1613 τὰ
739 1561 1044 1614 Δεσποτικά
1077 1564 1376 1632 μυστήρια.
1417 1562 1533 1615 Ἵνα
1563 1563 1639 1633 μὴ
1671 1578 1758 1615 νο-

153 1650 411 1716 μίσωσιν
465 1650 558 1702 ἕνα
604 1651 712 1703 τῶν
747 1649 961 1704 πολλῶν
999 1647 1142 1705 εἶναι
1185 1651 1306 1706 θεὸν
1340 1652 1430 1706 τὸν
1463 1652 1555 1706 ὑπ’
1587 1652 1755 1707 αὑτοῦ

145 1740 600 1809 κηρυττόμενον,
628 1741 938 1810 διορθοῦται
980 1745 1204 1813 ἐπάγων
1231 1759 1246 1774 ⁶
1291 1764 1309 1796 ι
1335 1745 1450 1798 Οὐκ
1485 1745 1544 1799 ἐν
1574 1762 1758 1817 χειροο

145 1828 424 1895 ποιήτοις
451 1831 599 1892 ναοῖς
629 1833 900 1885 κατοικεῖ.
931 1850 949 1883 ι
999 1832 1264 1886 Ἐνταῦθα
1292 1835 1478 1888 λοιπὸν
1503 1835 1760 1905 αἰνιγμα-

1869 749 1886 782 ‹
1923 730 2036 783 Ούκ
2055 728 2344 800 ὀφείλομεν
2373 728 2636 799 νομίζειν.
2671 745 2691 780 ι
2727 728 2876 800 Ὅρα
2903 727 3021 793 πῶς
3046 727 3108 783 τὸ
3143 727 3438 799 ἀσώματον

1852 821 2154 892 εἰσήγαγεν
2183 837 2198 854 ·
2231 823 2264 891 ἡ
2289 821 2396 893 γὰρ
2416 821 2627 877 διάνοια
2643 821 2774 877 ὅταν
2795 821 3113 894 ὑποπτεύσῃ
3134 821 3315 893 σῶμα,
3341 819 3438 875 καὶ

1851 912 2127 983 διάστημα
2145 911 2475 968 ύπονοεῖται.
2492 911 2557 966 Τί
2569 908 2682 981 οὗνς
2701 913 2878 978 οὐδεὶς
2897 913 3187 979 κολάζεται
3203 911 3433 979 τούτωνς

1855 1001 2042 1066 Ούδεὶς
2065 1002 2172 1056 τῶν
2203 1002 2465 1058 θελόντων
2493 1006 2796 1075 μετανοεῖν.
2853 1005 2990 1076 Περὶ
3021 1003 3228 1060 τούτων
3243 1003 3436 1076 φησὶν,

1853 1091 1914 1144 ού
1941 1091 2070 1163 περὶ
2095 1093 2203 1146 τῶν
2235 1093 2596 1162 ἀπελθόντων,
2621 1095 2734 1149 ἀλλ’
2757 1090 2840 1160 οἷς
2877 1096 3274 1167 παραγγέλλει.
3320 1097 3441 1152 Οὐκ

1854 1182 2075 1236 ἀπαιτεῖ
2113 1181 2272 1252 λόγον
2301 1185 2474 1255 ἡμᾶς,
2515 1185 2696 1254 φησίν.
2735 1185 2850 1241 Ούκ
2889 1181 3030 1252 εἷπε,
3073 1185 3353 1257 Παρεῖδεν,
3376 1185 3438 1255 ἢ,

1856 1273 2054 1328 Εῖασεν
2079 1316 2094 1339 ,
2137 1275 2276 1340 ἀλλ’,
2341 1275 2716 1346 Ἠγνοήσατε,
2775 1277 3026 1346 ὑπερεῖδε
3057 1293 3073 1310 ·
3131 1275 3435 1342 τουτέστιν,

1858 1367 1972 1420 Ούκ
2001 1366 2225 1420 ἀπαιτεῖ
2245 1367 2488 1434 κόλασιν,
2518 1368 2708 1440 ὥσπερ
2732 1367 2916 1434 ἀξίους
2945 1369 3108 1434 ὄντας
3138 1367 3434 1430 κολάσεως

1857 1459 2182 1529 ὴγνοήσατε.
2235 1461 2346 1513 Καὶ⁹
2378 1462 2439 1515 ού
2465 1461 2635 1531 λέγει,
2683 1460 2942 1522 Ἐκόντες
2969 1462 3438 1532 ἐκακουργήσατε,

1858 1549 1994 1602 ἀλλὰ
2014 1549 2171 1604 τοῦτο
2192 1549 2279 1604 διὰ
2311 1549 2419 1604 τῶν
2453 1551 2566 1605 ἀνω
2599 1551 2791 1618 ἔδειξε.
2824 1550 2890 1604 Τί
2913 1551 3116 1623 δήποτε
3149 1550 3442 1612 πείσαντες

1859 1639 2079 1704 αὐτοὺς,
2131 1641 2228 1694 καὶ
2266 1640 2430 1695 πάλιν
2457 1641 2637 1695 αὐτῶν
2673 1640 2735 1714 [Γ.
2771 1641 2939 1695 αὐτοῦ
2981 1641 3062 1696 vel
3089 1641 3199 1696 τῶν
3238 1640 3445 1704 αὐτῶν]

1861 1735 2215 1804 ἀκούσεσθαι,
2244 1738 2340 1791 καὶ
2369 1737 2630 1791 κινδύνων
2679 1736 2781 1791 οὐκ
2812 1735 3003 1801 ὄντων,
3053 1733 3230 1798 οὕτως
3279 1732 3445 1803 ἠπεί-

1861 1844 1986 1896 γετο
2015 1829 2114 1893 τὰς
2151 1828 2393 1900 Ἀθήνας
2421 1830 2692 1897 ἀφεῖναιό
2721 1827 2976 1893 Παῦλοςς
3016 1827 3179 1889 Ἴσως
3214 1825 3332 1896 ᾔδει
3377 1823 3442 1876 ού

150 1917 366 1979 τωδῶς
393 1914 516 1971 εἶπε
550 1919 610 1974 τδ
652 1922 845 1976 ἑαυτοῦ
883 1923 978 1978 καὶ
1026 1923 1244 1996 ἔστησε,
1271 1928 1386 1994 ξκαὶ
1414 1925 1669 1996 καθαιρεῖ
1698 1927 1760 1980 τὸ
1866 1921 2009 1992 μέγα
2036 1921 2270 1990 ὀνήσων,
2303 1923 2396 1975 καὶ
2422 1922 2528 1976 ὑπὸ
2555 1921 2651 1975 τοῦ
2703 1919 3022 1991 Πνεύματος
3064 1919 3144 1981 είς
3171 1915 3443 1987 Κόρινθον

153 2009 429 2063 ἐκείνων.
469 2012 626 2064 Οξκεῖ
670 2013 771 2082 μὲν
802 2014 911 2084 γὰρ
943 2016 1001 2069 ἐν
1031 2018 1201 2081 ναοῖς,
1228 2017 1344 2070 ἀλλ’
1371 2017 1470 2071 οὐκ
1500 2018 1558 2070 ἐν
1585 2015 1759 2070 τοιού-
1787 2043 1835 2103 Β
1865 2013 2050 2084 ἤγετο.
2093 2013 2188 2076 Εἰς
2229 2013 2516 2084 Κόρινθον,
2561 2013 2636 2076 ὡς
2665 2012 2826 2083 ἔφην,
2871 2010 2978 2065 ύπδ
3000 2009 3092 2064 τοῦ
3123 2007 3444 2078 Πνεύματος

146 2119 304 2164 τοις,
341 2101 460 2156 ἀλλ’
490 2105 548 2157 ἐν
575 2104 892 2178 ἀνθρωπίνῃ
942 2107 1111 2179 ψυχῇ,
1143 2108 1242 2179 τὴν
1273 2108 1592 2182 σωματικὴν
1623 2109 1760 2164 καθ-

149 2193 302 2248 εῖλε.
339 2193 408 2246 Τί
442 2193 564 2261 οῦν;
591 2195 651 2248 ού
683 2201 928 2251 κατοικεῖ
967 2199 1025 2251 ἐν
1056 2199 1134 2270 τῷ
1169 2200 1283 2270 ναῷ
1314 2200 1422 2254 τῶν
1462 2200 1761 2271 Ἱεροσολύ-

152 2303 288 2355 μων
319 2302 336 2351 ;
395 2288 471 2338 05
524 2287 682 2357 δῆτα,
716 2289 831 2342 ἀλλ’
858 2291 1088 2362 ἐνεργεῖ.
1126 2291 1251 2356 Πῶς
1278 2289 1371 2346 οὖν
1392 2294 1760 2366 ἐθεραπεύετο

149 2376 270 2429 ὑπὸ
323 2378 527 2448 χειρῶν
573 2379 879 2450 ἀνθρώπων
941 2383 1092 2454 παρά
1134 2384 1448 2451 Ἰουδαίοιςς
1501 2385 1612 2454 Οὐχ
1654 2385 1760 2438 ὑπὸ

149 2467 402 2537 χειρῶν,
437 2469 550 2522 ἀλλ’
601 2470 705 2524 ὑπὸ
742 2473 1005 2538 διανοίας,
1055 2475 1180 2528 ἐπεὶ
1211 2477 1394 2532 ἐκεῖνά
1419 2493 1482 2546 γε
1511 2477 1612 2530 ούκ
1630 2477 1760 2548 ἐζή-

153 2576 249 2612 τει
281 2561 470 2624 οὕτως
514 2561 591 2625 ὡς
622 2565 1040 2637 προσδεόμενος.
1081 2585 1098 2618 ι
1139 2567 1233 2639 Μὴ
1275 2569 1562 2641 φάγωμαι,
1602 2571 1758 2640 φησὶ,

154 2651 317 2719 κρέα
342 2649 588 2721 ταύρων,
617 2651 650 2722 ἢ
681 2650 821 2723 αἷμα
840 2654 1057 2725 τράγων
1081 2655 1292 2726 πίωμαι
1317 2673 1332 2723 ;
1364 2674 1383 2708 ι

235 2741 360 2794 Δύο
391 2743 668 2813 τεκμήρια
708 2745 982 2816 θεότητος,
1004 2747 1065 2799 τὸ
1097 2748 1260 2812 αὐτός
1282 2765 1341 2801 τε
1391 2749 1620 2819 μηδενὸς
1659 2748 1766 2803 δεῖ·

159 2833 335 2899 σθαι,
385 2835 485 2886 καὶ
539 2836 672 2888 πᾶσι
722 2838 898 2891 πάντα
950 2838 1234 2909 παρέχειν.
1299 2841 1571 2907 (Διδοῦς,
1603 2843 1761 2912 φησὶ,

161 2922 333 2990 ζωὴν
372 2922 471 2974 καὶ
509 2924 697 2994 πνοήν.
731 2941 748 2975 ι
822 2925 954 2978 Ἰδοὺ
983 2927 1077 2980 καὶ
1108 2927 1206 2997 τῆς
1231 2927 1407 2998 ψυχῆς
1430 2928 1764 3001 δημιουργὸν

157 3013 347 3068 αὑτὸν
383 3017 553 3079 ποιεῖ,
580 3016 640 3067 ού
682 3018 1003 3088 γεννήτορα.

236 3106 450 3161 Ταῦτα
481 3107 675 3180 βελτίῳ
704 3111 951 3176 ἐκείνων,
985 3113 1079 3165 καὶ
1127 3109 1268 3183 πόση
1311 3113 1616 3182 κατηγορία
1656 3112 1765 3166 τῶν

157 3217 225 3252 τε
275 3199 508 3268 ἀτόμων
537 3205 630 3254 κα³ι
677 3205 777 3270 τῆς
815 3202 948 3272 ῦλης
973 3202 1140 3269 ;,Ούκ
1177 3203 1258 3256 ἔτι
1307 3203 1510 3277 μερικὴ
1549 3206 1582 3275 ἡ
1616 3204 1765 3275 ψυχὴ

163 3290 276 3344 τοῦ
319 3288 635 3358 ἀνθρώπου,
665 3290 823 3344 τοῦτο
855 3292 911 3344 δέ
954 3292 1055 3345 ούκ
1082 3291 1198 3346 ἔστι
1229 3292 1572 3363 Δημιουργὸν
1604 3286 1764 3358 εἶναι,

1863 2103 2048 2176 ἤγετο,
2096 2105 2156 2158 ἐν
2268 2104 2449 2174 μένειν
2473 2105 2602 2161 ἔδει.
2664 2105 2727 2158 Ol
2756 2104 2865 2176 γὰρ
2901 2103 3201 2174 Ἀθηναῖοι,
3256 2099 3439 2153 καίτοι

1861 2197 2018 2267 ξένης
2044 2196 2196 2260 ὄντες
2227 2197 2544 2267 ἀκροάσεως
2576 2197 2823 2269 ἐρασταὶ,
2857 2197 3008 2267 ὅμως
3032 2195 3094 2248 ού
3123 2195 3438 2265 προσεῖχον⁸

1859 2285 1922 2339 ού
1957 2289 2066 2359 γὰρ
2106 2287 2262 2340 τοῦτο
2308 2287 2666 2355 ἐσπούδαζον,
2715 2287 2829 2343 ἀλλ’
2877 2287 3020 2341 ῶστε
3057 2285 3142 2339 ἀεί
3187 2302 3240 2337 τι
3295 2282 3442 2353 ἔχειν

1861 2379 2056 2433 είπεῖν.
2089 2379 2216 2434 Ἐπὶ
2247 2379 2348 2451 μὲν
2371 2381 2480 2449 γὰρ
2509 2381 2764 2453 Νέρωνος
2801 2377 3093 2450 ἐτελειώθη
3144 2379 3174 2431 ὀ
3211 2375 3442 2439 Παῦλος,

1861 2469 1956 2523 ἐπὶ
1981 2469 2038 2522 δὲ
2068 2470 2339 2524 Κλαυδίου
2366 2471 2754 2543 ἀνερριπίζετο
2781 2471 2972 2525 λοιπὸν
2993 2471 3024 2524 ό
3049 2469 3183 2540 πρὸς
3223 2465 3446 2522 ἰουδαί-

1861 2577 1956 2626 ους
1982 2561 2240 2630 πόλεμος,
2271 2561 2548 2632 μακρόθεν
2581 2563 2700 2632 μὲν,
2730 2561 2870 2615 ὥστε
2913 2561 3016 2614 κάν
3044 2559 3198 2629 αύτῷ
3231 2571 3447 2626 σωφρο-

1863 2654 2034 2720 νίσαι,
2055 2655 2148 2708 καὶ
2171 2653 2280 2708 ἀπὸ
2329 2653 2551 2726 Ῥώμης
2575 2654 2651 2717 ώς
2682 2653 2961 2724 λυμεῶνες
2985 2651 3302 2723 ἠλαύνοντο.
3345 2648 3444 2701 Διά

1861 2743 2024 2799 τοῦτο
2071 2747 2444 2816 οἰκονομεῖται
2498 2745 2691 2800 τοῦτον
2729 2747 2806 2811 ώς
2859 2745 3083 2816 δέσμιον
3127 2740 3444 2810 ἀπαχθῆναι

1865 2836 2002 2900 ἐκεῖ,
2034 2835 2122 2890 ἵνα
2157 2834 2231 2906 μὴ
2262 2836 2338 2898 ώς
2385 2835 2637 2899 Ἰουδαῖος
2667 2834 3064 2904 ἀπελαύνηται,
3094 2830 3211 2887 ἀλλ’
3234 2828 3311 2893 ὡς
3338 2827 3446 2884 ὑπὸ

1864 2929 1931 2998 τῇ
1952 2926 2105 2992 τάξει
2135 2928 2414 2997 πράττων,
2441 2927 2538 2980 καὶ
2578 2926 2918 2996 φυλάττηται
2945 2925 3080 2978 ἐκεῖ.

1948 3018 2182 3086 Ἀσαφές
2212 3019 2330 3071 ἐστι
2357 3018 2416 3071 τὸ
2451 3017 2620 3087 ῥητόν
2653 3033 2669 3049 ο
2703 3010 2862 3087 οἶμαι
2891 3016 2948 3069 δέ
2970 3015 3134 3069 αὑτὸν
3163 3013 3326 3068 τοῦτο
3356 3012 3447 3065 λέ-

1866 3125 1986 3180 γειν
2009 3128 2023 3141 ο
2054 3110 2328 3174 Ἕκαστος
2347 3109 2454 3164 τῶν
2481 3109 2935 3164 ἀποστατούντων
2963 3105 3211 3179 Χριστῷ,
3241 3107 3300 3169 ὃς
3325 3106 3446 3158 ἐστι

1868 3203 2003 3275 ζωὴ,
2027 3203 2176 3257 δοκεῖ
2200 3203 2396 3256 ἑαυτὸν
2425 3202 2696 3272 φονεύειν,
2732 3199 2975 3274 άπὸ-τῆς
3004 3198 3152 3269 ζωῆς
3183 3195 3448 3268 μεταδαί-

1869 3311 1981 3348 νειν
2007 3296 2087 3358 είς
2109 3293 2360 3359 θάνατον,
2387 3291 2448 3346 τὸ
2481 3285 2626 3361 αἷμα
2657 3289 2824 3344 αὐτοῦ
2847 3287 3053 3360 ἐκχέων
3092 3287 3296 3358 τρόπον
3327 3284 3452 3338 τινά

163 3384 327 3452 ὅπερ
357 3381 561 3435 ἐκεῖνοί
615 3399 806 3450 φασιν,
853 3382 992 3437 ἀλλά
1039 3385 1134 3437 καὶ
1161 3383 1368 3455 διανοίᾳ
1402 3381 1768 3452 θεραπεύεται
1795 3379 1839 3439 C
1870 3386 1958 3441 διὰ
1988 3387 2086 3457 τῆς
2127 3387 2364 3456 σφαγῆς,
2402 3386 2468 3456 ῆν
2517 3382 2774 3453 ἐπιφέρει
2802 3383 2886 3451 ἐφ’
2917 3379 3120 3450 ἑαυτῷ.
3153 3378 3327 3432 Τοῦτο
3354 3375 3452 3431 οὖν

161 3473 372 3537 αὐτὸς,
409 3474 504 3526 καὶ
541 3473 608 3526 τὰ
637 3473 817 3526 πάντα
854 3473 1020 3527 αὑτοῦ
1063 3476 1200 3541 ἐστι,
1241 3476 1392 3546 φησί.
1431 3475 1622 3545 Ὢρισε
1663 3476 1762 3544 ζηο

157 3569 349 3638 τῆσαι
407 3569 501 3621 τόν
539 3567 694 3632 Θεὸν,
742 3567 858 3621 ἀλλ’
896 3567 959 3621 ού
992 3567 1082 3622 διὰ
1122 3569 1323 3629 παντὸς
1355 3567 1514 3621 τοῦτο
1541 3565 1760 3638 ῶρισεν,

162 3659 324 3715 ἀλλα
363 3679 383 3712 ι
422 3660 935 3730 προστεταγμένους
965 3659 1190 3732 καιρούς
1213 3675 1227 3692 ο
1271 3678 1290 3712 ι
1325 3658 1537 3724 δεικνὺς
1567 3659 1650 3714 δτι
1671 3657 1767 3713 νῦν

159 3752 302 3823 οὖχὶ
333 3753 676 3822 ζητήσαντες
704 3743 887 3823 εὗρον.
926 3750 1146 3823 Ἐπειδὴ
1177 3752 1288 3823 γὰρ
1318 3751 1654 3822 ζητήσαντες
1670 3751 1771 3822 οὐχ

162 3839 366 3915 εὗρον,
395 3843 669 3897 δείκνυσιν
695 3843 778 3896 ὅτι
806 3841 983 3906 οὕτως
1006 3838 1076 3914 ἦν
1096 3842 1354 3914 φανερὸς,
1375 3842 1566 3914 ῶσπερ
1589 3843 1656 3897 ἂν
1689 3843 1770 3906 είς

169 3939 358 4006 μέσον
383 3953 439 3988 τι
467 3935 892 4008 ψηλαφώμενον.
922 3937 998 3990 Οὐ
1029 3936 1138 4006 γὰρ
1162 3935 1397 3990 ἐνταῦθα.
1419 3932 1489 4008 ἦν
1517 3935 1770 4008 οὐρανὸς,

167 4029 432 4098 ἀλλαχοῦ
451 4028 508 4082 δὲ
535 4026 594 4081 οῦ
614 4043 631 4060 °
652 4029 771 4083 οὐδὲ
803 4031 860 4083 ἐν
880 4028 1053 4100 τούτῳ
1071 4027 1148 4099 τῷ
1167 4029 1345 4100 χρόνῳ
1370 4024 1439 4100 ἦν
1471 4029 1589 4099 μέν,
1625 4028 1772 4096 ἄλλῳ

167 4129 230 4180 δὲ
267 4124 361 4180 οῦ.
393 4125 561 4177 ’Ὥστε
590 4126 682 4178 καὶ
705 4125 847 4179 κατὰ
876 4126 1054 4180 πάντα
1081 4126 1291 4197 καιρὸν,
1319 4127 1417 4179 καὶ
1441 4124 1578 4194 κατᾲ
1593 4127 1773 4179 πᾶσαν

168 4218 477 4290 ὁροθεσίαν
507 4218 732 4272 δυνατὸν
763 4218 928 4271 αὐτὸν
957 4219 1160 4289 εὑρεῖν.
1211 4215 1398 4280 Οῦτως
1426 4216 1535 4287 γὰρ
1565 4216 1770 4288 ᾠκονό⁹

173 4326 396 4380 μησεν,
447 4307 586 4360 ὥστε
636 4308 776 4377 μήτε
813 4308 963 4377 τόπῳ
1013 4305 1364 4372 κωλύεσθαι,
1407 4307 1542 4377 μήτε
1569 4307 1770 4376 χρόνῳ.

174 4401 335 4456 Αὐτὸ
370 4399 484 4469 γὰρ
519 4400 584 4469 δὴ
613 4401 774 4453 τοῦτο
809 4401 1046 4469 μάλιστα
1077 4399 1260 4463 αὐτοῖς
1303 4398 1681 4462 συνεϐάλλετο,
1714 4399 1776 4452 τὸ

174 4490 476 4560 τανταχοῦ
537 4486 680 4544 εἶναι
728 4490 821 4546 τὸν
871 4491 1138 4560 οὐρανὸν,
1192 4490 1254 4543 τὸ
1303 4492 1361 4544 ἐν
1394 4491 1556 4544 παντί¹
1595 4491 1775 4560 χρόνῳ

176 4585 447 4637 ἑστάναι.
512 4582 657 4651 Ὅρα
688 4581 790 4634 ποῦ
823 4579 1076 4652 καθαίρει
1108 4579 1174 4652 [Ῑ.
1205 4580 1482 4652 καθαιρεῖ]
1519 4582 1642 4643 τοὺς
1675 4596 1774 4649 με-

177 4675 408 4750 ρικούς.
466 4674 532 4725 Τί
583 4674 726 4741 λέγω
772 4673 1026 4744 μακράνς
1072 4671 1246 4734 οὕτως
1285 4672 1450 4740 ἐγγύς
1497 4675 1647 4725 ἐστιν
1698 4671 1773 4734 ώς

1869 3492 2034 3546 φησιν
2055 3491 2070 3506 ο
2117 3473 2261 3528 Ἀνθ’
2294 3465 2370 3526 ὧν
2409 3471 2644 3540 σφάζετε
2676 3469 2906 3532 ἑαυτοὺς
2934 3466 3024 3521 διὰ
3042 3467 3143 3536 τῆς
3165 3465 3448 3530 ἀπιστίας,

1868 3564 2034 3619 αὑτοῦ
2081 3564 2278 3619 τούτου
2332 3563 2493 3634 ὑμεῖς
2541 3560 2819 3632 ύπόσχητε
2847 3558 3029 3629 δίκην,
3073 3555 3208 3627 ἐμοῦ
3259 3552 3444 3608 ἀθώου

1869 3657 2044 3723 όντος.
2087 3657 2185 3711 Ἐκ
2213 3655 2416 3724 ταύτης
2449 3654 2509 3708 δὲ
2539 3652 2638 3724 τῆς
2688 3649 3042 3724 σημειώσεως
3063 3647 3287 3702 δυνατὸν
3307 3644 3452 3716 τάχα

1869 3751 2062 3814 εἰπεῖν,
2095 3749 2179 3802 ’ὁτι
2209 3749 2240 3801 ὀ
2273 3745 2494 3816 σφάζων
2523 3741 2719 3798 ἑαυτὸν
2774 3743 3100 3822 τιμωρεῖται
3132 3737 3208 3802 ώς
3251 3736 3451 3808 φονεὺς

1873 3841 2026 3913 παρὰ
2060 3839 2138 3912 τῷ
2166 3837 2311 3908 Θεῷ.

1944 3935 2090 4004 Ὅρα
2134 3930 2254 3996 πῶς
2291 3931 2456 3985 πάλιν
2504 3923 2713 3994 εἰπὼν,
2749 3944 2772 3979 ι
2798 3927 2908 3983 ἀπὸ
2955 3925 3056 3978 τοῦ
3105 3921 3204 3977 νῦν
3227 3963 3244 3990 ,
3276 3940 3296 3974 ι
3327 3919 3452 3976 οὐδὲ

1873 4027 1970 4084 νῦν
2007 4027 2182 4092 οὕτως
2213 4025 2394 4080 αὐτῶν
2418 4023 2632 4095 ἀμελεῖ,
2658 4021 2803 4076 ῶστε
2838 4019 2933 4074 τοῦ
2966 4019 3232 4088 διεγεῖραι
3257 4015 3450 4087 ἔμελλε

1873 4119 2054 4185 τοῦτο,
2097 4117 2242 4173 ῶστε
2295 4117 2392 4169 καὶ
2431 4114 2540 4170 ἀπὸ
2585 4111 2780 4167 τούτου
2830 4110 2992 4183 ζῆλον
3037 4109 3185 4180 ἔχειν
3215 4107 3324 4164 ἀπὸ
3350 4105 3453 4178 τῆς

1873 4207 2247 4279 γειτνιάσεως.

1945 4293 2116 4360 Οὗτός
2147 4299 2299 4350 ἐστιν
2333 4299 2362 4350 ὀ
2408 4295 2660 4368 Κρίσπος
2693 4294 2753 4356 δς
2778 4293 3007 4364 γράφων
3051 4292 3219 4361 φησίν
3248 4308 3263 4323 ο
3305 4309 3324 4342 ι
3352 4291 3458 4345 06-

1873 4391 2003 4446 δένα
2031 4389 2302 4445 ἐϐάπτισα
2336 4391 2384 4442 εί
2425 4389 2500 4460 μὴ
2529 4387 2779 4458 Κρίσπον
2826 4385 2924 4439 καὶ
2959 4383 3143 4438 Γάϊον.
3177 4401 3196 4436 ι
3247 4381 3454 4435 Τοῦτον

1875 4480 2029 4554 οἴμαι
2063 4482 2156 4536 καὶ
2185 4479 2471 4550 Σωσθένην
2498 4479 2718 4547 λέγεται
2746 4476 2765 4550 [
2782 4478 2823 4548 f.
2847 4473 3128 4544 λέγεσθαι]
3159 4473 3330 4544 ἄνδρα
3363 4490 3454 4526 πι-

1878 4574 2024 4639 στὸν,
2066 4572 2205 4625 ῶστε
2247 4571 2342 4624 καὶ
2373 4567 2681 4623 τύπτεσθαι
2714 4567 2810 4620 καὶ
2837 4564 2926 4620 ἀεὶ
2953 4565 3324 4634 συμπαρεῖναι
3373 4561 3455 4632 τῷ

1879 4665 2098 4736 Παύλῳ.
2147 4663 2528 4733 Σημειωτέον,
2574 4661 2656 4713 ὅτι
2702 4655 2811 4712 εἶδε
2841 4660 2937 4712 τὸν
2975 4657 3183 4728 Κύριον
3241 4656 3455 4726 Ἰησοῦν

174 4746 366 4847 χωρὶς
402 4770 570 4824 αὑτοῦ
616 4769 692 4841 μὴ
727 4770 851 4840 ζῇν.
916 4786 933 4819 ι
983 4769 1069 4821 Ἐν
1110 4768 1256 4838 αὐτῷ
1285 4768 1393 4838 γὰρ
1435 4766 1640 4835 ζῶμεν,
1681 4765 1776 4816 καὶ
1809 4746 1849 4769 υ
1877 4759 1906 4812 ό
1935 4755 2144 4847 Παῦλος
2168 4753 2512 4847 δι’ᾼόνείρων,
2536 4752 2736 4847 διὸ-καὶ
3035 4749 3215 4847 «μοὺχι
3250 4746 3457 4847 Ἰησοῦν

177 4861 523 4933 κινούμεθα,
561 4862 658 4914 καὶ
681 4861 847 4929 ἐσμέν
885 4877 899 4891 ο
926 4879 944 4911 ι
980 4860 1169 4930 ὥσπερ
1200 4861 1260 4912 ἐν
1312 4857 1610 4929 σωματικῷ
1641 4857 1776 4910 ὑποο

176 4955 481 5022 δείγματι,
514 4951 705 5021 ῶσπερ
736 4949 1000 5003 ἀδύνατον
1044 4951 1308 5020 ἀγνοῆσαι
1339 4951 1428 5003 τὸν
1469 4951 1607 5020 ἀέρα
1649 4964 1780 5000 παν-

176 5043 363 5114 ταχοῦ
401 5043 726 5111 κεχυμένον,
769 5043 865 5094 καὶ
886 5043 948 5095 ού
985 5043 1204 5112 μακρὰν
1233 5043 1340 5095 ἀπὸ
1384 5042 1504 5106 ἐνὸς
1545 5043 1777 5094 ἑκάστου

181 5138 216 5205 ἡ
227 5137 356 5205 μῶν
388 5133 730 5204 ὑπάρχοντα,
775 5134 977 5202 μᾶλλον
1007 5134 1063 5186 δὲ
1094 5135 1186 5186 καὶ⁹
1214 5136 1272 5186 ἐν
1305 5136 1436 5204 ἡμῖν
1459 5134 1607 5187 ὄντα.
1638 5132 1779 5186 Ἀλλ’

181 5229 353 5283 οὐδὲν
380 5227 498 5279 ἴσον
527 5223 684 5279 εἶπεν
715 5226 745 5279 δ
785 5225 1017 5296 ποιητὴς
1068 5229 1275 5289 ἐκεῖνος
1297 5243 1311 5257 ο
1357 5245 1375 5277 ι
1410 5225 1516 5278 Τοῦ
1549 5227 1657 5294 γὰρ
1687 5225 1781 5278 καὶ

181 5321 358 5390 γένος
404 5320 593 5386 ἐσμέν.
628 5337 647 5370 ι
723 5319 867 5371 Ἀλλ’
905 5319 1112 5380 ἐκεῖνος
1146 5319 1244 5388 μὲν
1280 5319 1406 5387 περὶ
1438 5317 1532 5370 τοῦ
1559 5318 1679 5380 Διὸς
1707 5313 1783 5370 εῖ-

183 5429 300 5464 πεν
325 5426 344 5442 ο
369 5403 526 5472 οὗτος
555 5408 612 5460 δέ
645 5409 774 5479 περὶ
801 5408 896 5461 τοῦ
924 5408 1273 5478 Δημιουργοῦ
1315 5408 1445 5460 αὐτὸ
1489 5407 1780 5477 λαμὸάνει,

182 5506 250 5558 οὐ
289 5503 390 5556 τὸν
439 5501 604 5554 αὑτὸν
642 5501 837 5571 ἐκείνῳ
881 5500 1056 5568 λέγων
1082 5539 1096 5564 ,
1137 5499 1210 5570 μὴ
1240 5499 1486 5567 γένοιτοί
1537 5498 1672 5552 ἀλλὰ
1721 5499 1784 5551 τὸ

186 5594 413 5666 κυρίως
464 5595 552 5645 ἐπ’
605 5593 754 5663 αύτῷ
796 5592 972 5660 λέγων
1025 5608 1038 5620 ·
1083 5592 1204 5644 ἐπεὶ
1251 5591 1306 5644 δέ
1347 5589 1409 5662 [Ῑ.
1451 5589 1568 5661 καὶ]
1604 5590 1785 5660 βωμὸν

183 5687 399 5744 τούτου
430 5681 604 5751 εἶπεν,
636 5686 736 5739 ούκ
765 5685 974 5738 ἐκείνου
1007 5678 1068 5738 οὗ
1098 5682 1307 5739 ἔσεϐον.
1340 5683 1500 5745 Γένος
1517 5683 1625 5751 γὰρ
1647 5679 1784 5733 Θεοῦ

182 5779 357 5835 εἶπεν
397 5780 547 5848 ἡμᾶς
593 5774 753 5842 εἶναι,
796 5777 1078 5830 τουτέστιν
1109 5774 1379 5839 οἰκείους,
1427 5771 1786 5840 ἐγγυτάτους,

187 5876 402 5942 ῶσπερ
436 5869 734 5941 παροίκους
754 5869 850 5922 κα)⁸
873 5868 1114 5937 γείτονας
1139 5869 1266 5921 ὅταν
1291 5866 1440 5938 λέγῃ.
1467 5864 1582 5918 Οὐκ
1611 5857 1786 5927 εἶπεν,

191 5965 321 6019 Οὐκ
357 5959 608 6030 ὀφείλετε
633 5959 876 6030 νομίζειν
929 5957 1135 6029 χρυσῷ,
1183 5955 1483 6028 ἥάργύρῳ
1529 5953 1589 6008 τὸ
1636 5953 1788 6008 Θεῖον

1877 4847 1969 4900 τὸν
2001 4845 2204 4915 Κύριον
2237 4844 2459 4914 ἑώρακα
2483 4859 2500 4908 ;
2523 4861 2564 4909 _n
2608 4843 2730 4896 Εῖτε
2761 4842 2817 4896 δέ
2855 4841 2922 4894 δι’
2970 4840 3220 4912 ὀνείρων,
3263 4839 3372 4892 εττε
3396 4838 3455 4892 δὲ

1881 4937 2200 5008 ἐγρηγορῶν
2228 4932 2334 4988 εἶδε
2363 4935 2454 4988 τὸν
2499 4933 2732 5007 Ἰησοῦν,
2760 4932 2991 5002 ούδεμία
3021 4931 3255 5002 διαφορά
3273 4947 3288 4962 ο
3314 4931 3456 5000 πλὴν

1881 5033 1939 5084 ἐν
1969 5029 2152 5100 ἡμέρα
2192 5026 2351 5098 ὤφθη
2392 5026 2563 5098 αὐτῷ.
2588 5027 2712 5090 Πῶς
2748 5023 2842 5080 οὗν
2877 5023 3258 5088 συνεπέθεντο,
3307 5022 3454 5075 εῖποι

1879 5143 1964 5189 τις
1985 5125 2080 5191 av;
2119 5121 2212 5177 καὶ
2236 5124 2344 5194 μὴν
2367 5121 2517 5174 ούδέν
2544 5122 2791 5192 ῖσχυσαν,
2827 5118 2942 5174 ἀλλ’
2972 5113 3110 5188 ἦγον
3135 5115 3297 5170 αὑτὸν
3317 5115 3455 5186 πρὸς

1883 5215 1975 5270 τὸν
2013 5215 2350 5270 ἀνθύπατον.
2403 5213 2686 5283 Ἐπιεικής
2727 5229 2813 5276 τις
2861 5210 3145 5280 ἄνθρωπος
3194 5203 3333 5261 εἷναί
3366 5222 3458 5277 μοι

1884 5309 2050 5361 δοκεῖ.
2094 5304 2467 5375 ’Δπετείχισεν
2497 5303 2680 5367 αὐτοῖς
2710 5307 2772 5354 τὸ
2807 5299 3184 5371 δικαστήριον,
3225 5296 3456 5368 λαμπρά

1886 5397 2106 5466 γέγονεν
2133 5397 2167 5466 ἡ
2198 5394 2346 5463 δίκη.
3202 5467 3204 5469 γ

1958 5486 2308 5555 Τυπτομένου
2338 5483 2447 5556 γὰρ
2477 5482 2663 5548 αὐτοῦ,
2690 5482 2788 5553 οὐχ
2837 5481 3112 5554 ἡγήσαντο
3141 5481 3278 5535 ἰδίαν
3302 5477 3462 5550 ὖόριν

1889 5577 2026 5634 εἶναι
2049 5620 2064 5645 ,
2119 5579 2294 5642 οὕτως
2329 5573 2474 5648 ἦσαν
2506 5575 2690 5646 ἰταμοὶ
2716 5575 2984 5629 Ἰουδαῖοι.
3042 5573 3106 5625 ’Ὠ
3134 5573 3232 5644 τῆς
3265 5572 3459 5644 αἰσχύ-

1889 5690 1987 5742 νης
2013 5673 2027 5725 !
2062 5669 2518 5740 ἀναισχύντησαν,
2563 5669 2657 5720 καὶ
2687 5667 2838 5722 οὐδὲν
2863 5667 2943 5738 τῷ
2971 5667 3237 5722 Γαλλίωνι
3269 5666 3462 5737 ἔμελλε

1893 5763 1968 5837 [ξιξ
1998 5761 2182 5834 ἔμελε]
2203 5779 2216 5792 ο
2249 5761 2427 5814 καίτοι
2474 5759 2556 5822 είς
2609 5759 2708 5829 τὴν
2751 5760 2915 5812 αὑτοῦ
2947 5759 3106 5831 ὓϐριν
3130 5762 3192 5812 τὸ
3227 5767 3459 5829 πρᾶγμα

1888 5855 1979 5927 ἦν,
2019 5855 2134 5910 ἀλλ’
2163 5854 2237 5918 ώς
2269 5851 2426 5924 δῆθεν
2478 5850 2728 5918 ἐξουσίαν
2758 5850 3018 5916 λαϐόντες
3061 5851 3314 5904 ἔτυπτον.
3362 5850 3460 5902 Διὰ

1893 5948 1944 6005 τί
2001 5946 2078 6020 μὴ
2126 5947 2332 6010 ἐκεῖνος
2374 5943 2688 6015 ἐτύπτησε;
2752 5943 2942 5998 Καίτοι
3001 5943 3162 6008 αὐτὸς
3211 5942 3457 6010 ἐξουσίαν
