3950 6578
256 410 398 475 1125

1108 409 1654 471 EXPOSITIONIS
1684 411 1762 471 IN
1797 410 1987 469 ACTA
2021 411 2326 473 TEXTUS
2366 415 2729 480 TERTIUS.

3380 418 3517 484 1116

249 523 425 593 μηδὲν
478 519 625 591 ἔχειν
667 521 760 576 τὸν
814 522 1077 593 δικαστὴν
1110 524 1140 575 ὃ
1169 542 1219 576 τι
1252 521 1373 576 εἷπε
1407 522 1473 593 [ί.
1514 520 1682 592 είποι]
1717 520 1844 590 περὶ
1873 535 1913 579 Α
1948 521 2143 592 ὀργῆς,
2182 523 2372 592 ἐπειδὴ
2402 521 2541 579 εἶδεν
2571 527 2733 581 αὐτὸν
2762 527 2848 580 ἀεὶ
2876 528 3011 599 πρὸς
3034 528 3124 581 τὸν
3153 527 3375 599 βασιλέα
3396 531 3517 584 διαο

245 613 444 667 αὐτοῦ.
504 613 700 666 Καίτοι
757 629 823 681 γε
892 613 941 666 εί
1005 614 1223 685 συνῄδει
1270 613 1468 681 ἐαυτῷ,
1526 611 1832 681 φοϐηθῆναι

245 705 444 775 ἐχρῆν,
513 705 664 774 παρά
714 704 791 775 τῷ
822 704 1002 758 πάντα
1033 706 1197 759 εἰδότι
1255 704 1632 774 δικαζόμενον.
1672 701 1834 755 Ἀ).λά

246 797 501 869 καθαροῦ
558 797 862 859 συνειδότος
895 797 1056 851 τοῦτό
1107 799 1245 862 ἐστι,
1305 797 1380 867 μὴ
1441 795 1831 866 παραιτεῖσθαι

245 890 514 960 δικαστὴν
542 890 634 943 τὸν
677 890 923 961 ἀκριϐῶς
959 890 1143 943 εἰδότα
1190 890 1259 943 τά
1292 890 1662 960 γεγενημένα,
1695 888 1834 942 ἀλλὰ

245 982 347 1036 καὶ
382 984 621 1055 χαίρειν,
647 984 741 1039 καὶ
769 984 1046 1056 μακάριον
1076 985 1238 1039 αὑτὸν
1274 985 1476 1053 λέγειν.

330 1075 553 1147 Ἐπειδὴ
582 1075 767 1145 μέλλει
800 1076 958 1145 λόγον
990 1077 1257 1130 ἐκτείνειν
1286 1078 1381 1130 καὶ
1411 1076 1592 1144 λέγειν
1617 1095 1669 1131 τι
1702 1094 1767 1130 πε
1780 1078 1834 1148 pl

244 1166 442 1234 αὑτοῦ,
474 1168 563 1222 διὰ
579 1167 741 1222 τοῦτο
772 1169 1061 1240 προλαϐὼν
1093 1170 1459 1240 παρεκάλεσε,
1499 1170 1671 1241 καίΙῙ.
1701 1172 1826 1224 add.

244 1260 334 1331 οὐ]
365 1259 516 1327 λέγει
558 1260 801 1322 ποταπὸς
828 1259 992 1314 αὐτοῦ
1024 1263 1053 1314 ὁ
1082 1260 1216 1330 βίος,
1246 1260 1362 1313 ἀλλ’
1395 1261 1620 1332 ἀφίησιν
1650 1262 1832 1315 αὐτῶν

244 1350 324 1421 τῷ
360 1352 650 1416 συνειδότι,
686 1352 781 1404 καὶ
809 1351 870 1404 τὸ
906 1353 1016 1405 πᾶν
1063 1354 1122 1406 ἐν
1168 1357 1230 1425 τῇ
1264 1355 1473 1424 αἱρέσει
1499 1353 1704 1425 τίθησι,
1731 1355 1831 1408 οὐκ

246 1442 313 1496 ἂν
358 1443 616 1513 ἐλόμενος
661 1442 856 1515 αὐτὴν,
909 1445 959 1496 εἰ
993 1444 1266 1516 μοχθηρὸς
1320 1441 1390 1517 ἦν
1427 1446 1523 1500 καὶ
1567 1447 1827 1517 πονηρός.

243 1537 351 1590 Δύο
384 1537 567 1607 τίθησι
604 1538 735 1609 περί
763 1539 1111 1601 ἀναστάσεως
1135 1539 1449 1610 λογισμοὺς,
1477 1539 1573 1594 ἕνα
1606 1540 1705 1610 μὲν
1737 1540 1831 1593 τὸν

244 1628 356 1683 ἀπὸ
409 1629 521 1683 τῶν
571 1629 889 1700 προφητῶν,
932 1631 1029 1684 καὶ
1095 1630 1157 1683 οὗ
1210 1632 1455 1701 παράγει
1514 1632 1825 1702 προφήτην,

244 1720 364 1773 ἀλλ’
397 1720 570 1792 αὐτὴν
599 1720 709 1775 τῶν
745 1720 1017 1776 Ἰουδαίων
1066 1721 1164 1792 τὴν
1214 1724 1392 1789 δόξαν·
1421 1722 1580 1777 ἄλλον
1604 1722 1683 1789 δέ,
1735 1723 1827 1777 τὸν

247 1814 640 1885 ἰσχυρότερον,
691 1814 785 1869 τὸν
843 1815 953 1870 ἀπὸ
1019 1816 1387 1886 πραγμάτιον,
1436 1816 1519 1871 ὅτι
1569 1816 1826 1888 διηλέχθη

240 1904 395 1974 αὐτῷ
419 1907 448 1958 ό
480 1906 738 1976 Χριστὸς,
786 1906 883 1960 καὶ
915 1905 1321 1970 κατασκευάζει
1362 1906 1457 1961 καὶ
1493 1906 1684 1961 τοῦτον
1717 1909 1828 1963 ἀπὸ

240 1994 527 2066 λογισμῶν
574 1997 673 2069 τὴν
717 1999 991 2071 προτέραν
1035 1999 1202 2053 αὐτοῦ
1232 2000 1433 2070 μανίαν
1465 2000 1828 2073 διηγούμενον

242 2088 444 2162 μενος]
478 2090 749 2162 ἀκριϐῶςο
785 2086 906 2146 εἶτα
933 2091 1031 2146 καὶ
1079 2091 1200 2164 μετ’
1232 2091 1512 2163 ἐγκωμίου
1542 2091 1652 2145 τῶν
1691 2093 1829 2146 Ἰου-

241 2183 433 2238 δαίωνο
482 2203 500 2236 ι
536 2185 729 2239 Νύκτα
751 2186 846 2240 καὶ
876 2184 1111 2258 ἡμέραν,
1134 2186 1291 2256 φησὶ,
1323 2184 1586 2256 λατρεῦον
1618 2183 1827 2250 ἐλπίζει

148 2282 159 2293 ⁸
241 2276 602 2347 καταντῆσαι.
643 2295 665 2331 ι
707 2277 873 2331 Ὠστε
925 2278 974 2331 εἰ
1007 2276 1100 2330 καὶ
1150 2275 1225 2348 μὴ
1277 2274 1548 2347 εὐλήπτου
1575 2274 1691 2347 βίου
1736 2270 1827 2346 ἦν,

240 2367 387 2438 ὑπὲρ
412 2368 625 2423 τούτων
656 2368 756 2422 οὐκ
784 2367 893 2423 ἔδει
947 2366 1252 2438 κρίνεσθαι.
1286 2385 1307 2420 ι
1343 2368 1409 2421 Τί
1457 2367 1688 2422 ἄπιστον
1731 2370 1829 2423 είδ

237 2456 377 2521 Θεὸς
407 2458 639 2529 νεκροὺς
659 2457 906 2529 ἐγείρει;
954 2475 974 2510 ι
1003 2456 1115 2513 Καὶ
1138 2457 1297 2523 ἄλλος
1321 2456 1604 2529 λογισμός.
1635 2458 1698 2511 Εἰ
1719 2457 1827 2529 γὰρ

244 2548 323 2620 μὴ
362 2548 593 2621 τοιαύτῃ
641 2547 770 2614 δόξα
823 2545 913 2620 ἦν,
959 2548 1009 2602 εί
1056 2548 1167 2621 γὰρ
1227 2549 1303 2621 μὴ
1352 2548 1827 2619 ἀνατεθραμμένοι

236 2634 383 2709 ἦσαν
437 2641 497 2693 ἐν
538 2640 750 2704 τούτοις
781 2642 896 2706 τοῖς
939 2639 1198 2710 δόγμασι,
1246 2639 1343 2695 νῦν
1384 2640 1439 2694 δέ
1485 2640 1825 2711 εἰσεφέρετο,

237 2730 323 2794 τίς
352 2730 459 2784 οὐκ
512 2729 578 2785 ἂν
604 2731 821 2797 ἐδέξατο
857 2732 949 2787 τὸν
979 2732 1176 2801 λόγον;
1224 2731 1398 2802 ’Υπὲρ
1424 2735 1524 2805 τῆς
1558 2732 1828 2803 αἱρέσεως

237 2822 473 2917 ταύτης,
512 2824 679 2892 φησὶν
708 2867 723 2891 ,
758 2825 1122 2897 ἐγκαλοῦμαι,
1166 2825 1262 2917 κα)
1312 2824 1451 2896 αῦτη
1495 2825 1625 2898 παρ’
1655 2825 1829 2895 αὐτῆς

239 2913 308 2987 [ﬂ
342 2914 555 2988 αὐτοῖς]
594 2916 983 2988 πρεσϐεύεται.

313 3008 483 3077 Λέγει
511 3008 629 3072 πῶς
653 3009 868 3076 ἐδίωκε,
897 3010 992 3065 καὶ
1022 3011 1181 3065 τοῦτο
1207 3011 1264 3065 δέ
1294 3010 1824 3066 κατασκευαστικόνο

242 3102 491 3173 παράγει
522 3102 580 3156 δέ
614 3104 710 3157 καὶ
754 3103 884 3167 τοὺς
917 3104 1084 3175 ἱερεῖς
1118 3103 1427 3177 μάρτυρας.
1461 3106 1559 3157 καὶ
1595 3104 1695 3169 τάς
1721 3104 1827 3169 ἔξω

1938 614 2251 686 λεγόμενον,
2283 620 2375 671 καί
2413 637 2545 690 φησι
2567 636 2582 651 ο
2620 639 2637 671 ι
2681 620 2861 691 Μαίνῃ
2884 658 2899 683 ,
2934 618 3133 673 Παῦλε.
3174 638 3193 671 ι
3244 620 3301 671 '0
3327 620 3383 674 δὲ
3416 622 3516 690 τὴν

1937 709 2116 763 αἰτίαν
2147 709 2391 765 διδάσκει
2450 712 2520 765 δι’
2552 713 2618 783 ἢν
2656 714 2789 784 πρὸς
2836 711 2927 766 τὸν
2962 711 3191 782 βασιλέα
3228 711 3320 765 τὸν
3359 711 3518 781 λόγον

1935 803 2269 872 ἀπέστρεψε.

2009 912 2104 976 Τὸ,
2138 930 2156 963 ι
2193 913 2261 978 εί,
2302 932 2321 966 ι
2365 915 2487 968 ἀντὶ
2521 914 2640 978 τοῦ,
2676 916 2785 978 ὅτι,
2824 914 2994 981 ἔστιν,
3049 916 3133 969 ὃτι
3192 912 3436 985 παθητὸς
3484 915 3515 967 ὁ

1935 1004 2174 1075 Χριστὸς
2197 1044 2211 1065 ,
2246 1006 2328 1060 ὅτι
2375 1006 2590 1078 πρῶτος
2625 1008 2683 1072 ἐξ
2729 1009 3082 1071 ἀναστάσεως
3105 1024 3119 1039 ο
3149 1008 3366 1078 πρῶτος
3406 1007 3514 1075 γάρ

1934 1091 2095 1160 οὗτος
2134 1098 2360 1167 ἀνέστη,
2386 1101 2480 1152 καὶ
2508 1100 2609 1153 οὐκ
2633 1100 2714 1153 έτι
2752 1099 3114 1170 ἀποθνήσκει.
3144 1102 3207 1153 Ol
3242 1102 3352 1172 γὰρ
3379 1102 3513 1153 ἀνα-

1936 1188 2164 1252 στάντες
2194 1188 2261 1241 δι’
2285 1189 2473 1255 αὐτοῦ,
2506 1190 2539 1261 ἦ
2569 1190 2655 1243 διά
2685 1190 2793 1244 τῶν
2825 1193 3088 1263 μαθητῶν
3124 1191 3313 1257 αὐτοῦ,
3350 1193 3515 1247 πάλιν

1934 1280 2233 1347 ἀπέθανον,
2269 1283 2373 1346 ἕως
2404 1284 2504 1353 τῆς
2528 1283 2825 1354 καθολικῆς
2864 1286 3214 1350 ἀναστάσεως
3238 1287 3510 1357 μένοντες.

2003 1395 2270 1450 Ἐνταῦθα
2316 1398 2447 1467 περὶ
2493 1398 2587 1452 τοῦ
2645 1400 2883 1471 σταυροῦ
2913 1417 3070 1468 φησι,
3100 1402 3227 1470 περὶ
3254 1402 3353 1469 τῆς
3382 1402 3515 1454 ἀνα-

1935 1489 2200 1554 στάσεως,
2239 1489 2321 1543 ὄτι
2376 1490 2655 1560 πανταχοῦ
2709 1490 2810 1560 τῆς
2877 1491 3203 1562 οἰκουμένης
3231 1494 3421 1561 γέγονε
3453 1493 3514 1545 τὸ

1931 1584 2130 1656 δόγμα.
2177 1583 2368 1640 Ταῦτά
2425 1602 2561 1654 φησι
2620 1586 2835 1650 δεικνὺς
2891 1588 2973 1640 ὅτι
3041 1587 3218 1640 πάντα
3276 1581 3417 1640 οἶδεν
3483 1587 3512 1637 ὁ

1899 1712 1913 1728 .
1944 1676 2280 1749 Ἀγρίππας,
2341 1678 2626 1749 μονονουχὶ
2672 1678 2845 1746 λέγων
2907 1680 3003 1733 καὶ
3070 1678 3210 1749 πρὸς
3277 1678 3512 1742 αὐτούς’

1935 1769 2085 1823 Ἔδει
2123 1770 2226 1841 μέν
2251 1769 2363 1839 γάρ
2392 1770 2537 1840 ὑμᾶς
2568 1768 2739 1821 ταῦτα
2796 1769 3030 1823 εἰδέναι·
3058 1769 3120 1822 τὸ
3149 1770 3260 1838 γάρ
3308 1771 3514 1837 ἐπαγό-

1856 1868 1905 1928 Β
1934 1881 2096 1936 μενον
2127 1864 2287 1918 τοῦτό
2316 1865 2465 1918 ἐστιν
2490 1880 2505 1894 ο
2558 1883 2577 1916 ι
2608 1864 2684 1918 Οὐ
2736 1863 2847 1935 γάρ
2879 1864 3028 1917 ἐστιν
3074 1863 3134 1917 ἐν
3180 1864 3357 1934 γωνῖᾳ
3410 1879 3510 1917 πε-

1929 1973 2082 2026 πραγ
2090 1957 2272 2026 μένον.
2306 1974 2325 2008 ι

2001 2072 2199 2126 Καίτοι
2238 2071 2390 2140 ἀξιον
2436 2068 2504 2144 ἦν
2544 2070 2723 2137 δόξης,
2775 2069 2913 2127 ἀλλά
2963 2070 3101 2142 πρὸς
3144 2069 3245 2141 τὴν
3281 2071 3512 2125 ἐκείνων

1929 2161 2199 2232 ὑπόληψιν
2245 2162 2491 2235 ἀφορῶν,
2530 2164 2618 2217 διὰ
2656 2161 2816 2217 τοῦτο
2837 2158 2957 2216 εἷπε
2979 2178 2993 2194 ο
3036 2179 3055 2214 ι
3090 2162 3363 2231 παρεκτὸς
3397 2162 3510 2215 τῶν

1927 2256 2147 2328 δεσμῶν
2198 2257 2440 2310 τούτων·
2472 2276 2492 2307 ι
2545 2258 2645 2310 οὐκ
2676 2255 2853 2319 »αὐτὸς
2902 2251 2995 2310 οὖν
3028 2256 3400 2326 ἀπευχόμενος
3438 2254 3509 2308 τά

1926 2349 2125 2421 δεσμὰ,
2153 2349 2187 2421 ἢ
2214 2349 2607 2419 αἰσχυνόμενος
2629 2349 2804 2404 ταῦτά
2825 2365 3011 2420 φησιν,
3041 2347 3156 2401 ἀλλ’
3188 2347 3411 2400 ἐκείνων
3439 2350 3505 2416 τῇ

1927 2442 2188 2514 ἀσθενείᾳ
2223 2441 2701 2511 συγκαταϐαίνων.
2732 2441 2946 2511 Ἐμαθε
2977 2441 3087 2512 γάρ
3117 2439 3265 2510 παρά
3291 2439 3386 2492 τοῦ
3413 2440 3512 2491 Δε-

1931 2531 2135 2586 σπότου
2196 2531 2273 2602 μὴ
2319 2530 2633 2586 ἐπιϐάλλειν
2667 2529 2949 2600 ἐπίϐλημα
3014 2530 3216 2600 ῥάκους
3262 2526 3510 2594 ἀγνάφου

1928 2621 2023 2675 ἐπὶ
2049 2621 2248 2693 ίματίῳ
2275 2619 2492 2691 παλαιῷ
2513 2636 2527 2651 ·
2560 2620 2651 2675 διὰ
2702 2618 2863 2672 τοῦτο
2889 2618 3067 2679 οὕτως
3097 2613 3240 2671 εἷπε.
3267 2619 3361 2670 Δεῖ
3396 2616 3508 2669 τοί-

1928 2732 2027 2769 νυν
2058 2712 2540 2783 συγκαταϐαίνειν.
2580 2712 2750 2766 Ὅταν
2779 2711 2889 2781 γὰρ
2921 2709 3135 2781 μάθωσι
3168 2709 3508 2778 φιλοσοφεῖν,

1927 2806 2052 2860 τότε
2082 2805 2325 2859 εἴσονται
2353 2803 2447 2857 τοῦ
2480 2804 2705 2875 σιδήρου
2738 2802 2929 2857 τούτου
2955 2802 3016 2855 τὸ
3043 2801 3261 2864 κάλλος,
3285 2799 3382 2853 καὶ
3408 2800 3509 2870 τὴν

1928 2900 2039 2955 ἀπὸ
2057 2899 2168 2953 τῶν
2196 2899 2413 2970 δεσμῶν
2444 2899 2997 2972 περιφάνειαν.’¹ορα,
3027 2896 3145 2961 πῶς
3173 2896 3333 2950 πάλιν
3364 2894 3509 2964 ὑπὲρ

1929 2993 2097 3050 αὐτοῦ
2131 2994 2484 3065 ψηφίζοντος,
2546 2993 2641 3047 καὶ
2683 2992 2822 3064 μετά
2855 2991 2916 3044 τὸ
2943 2993 3141 3055 εἰπεῖν,
3182 3009 3201 3042 ι
3242 2988 3445 3060 Μαίνῃ,
3488 3009 3505 3038 ι

1930 3089 2157 3159 ἀφίησιν
2200 3087 2383 3152 αὑτὸν,
2432 3086 2494 3139 ού
2526 3085 2622 3139 τοῦ
2672 3083 2940 3149 θανάτου,
2974 3083 3110 3136 ἀλλά
3139 3082 3247 3136 τῶν
3272 3081 3509 3153 δεσμῶν,

244 3193 455 3260 πόλεις,
490 3194 574 3247 δτι
606 3193 847 3265 ῆκουσαν
889 3194 1057 3249 αὑτοῦ
1091 3194 1341 3263 λέγοντος
1370 3210 1385 3225 ⁸
1417 3194 1661 3266 Σκληρόν
1708 3197 1822 3248 ἐστι
1855 3215 1898 3272 C
1932 3182 2029 3272 κα)-
2057 3181 2245 3234 τέλεον
2275 3179 2589 3272 ἂννάφῆκεξ
2632 3178 2818 3272 αῧῗδνν
2856 3196 2875 3229 ⁸
2917 3179 2965 3231 εἶ
2992 3178 3084 3272 *μὴ
3123 3177 3380 3272 Faba?“

239 3288 303 3338 τὸ
358 3287 498 3355 πρὸς
553 3287 762 3358 κέντρα
811 3287 1113 3352 λακτίζειν,
1166 3288 1262 3341 καὶ
1292 3288 1534 3342 δείκνυσι
1567 3287 1660 3342 τοῦ
1689 3287 1826 3341 Θεοῦ
1865 3267 1897 3272 τ
1931 3271 2219 3342 εκέκλητο·
2251 3290 2270 3321 ³
2317 3270 2481 3323 Ἀλλὰ
2502 3268 2663 3322 τοῦτο
2694 3268 3057 3339 οἶκονομικῶς
3082 3267 3297 3335 γέγονε,
3334 3268 3427 3320 καὶ
3452 3267 3513 3318 τδ

236 3377 342 3445 τὴν
379 3376 797 3448 φιλανθρωπίαν
834 3415 850 3441 ,
903 3377 987 3430 ὅτι
1049 3377 1384 3448 διωκόμενος
1437 3375 1594 3446 ῶφθη
1654 3376 1824 3446 αὐτῷ.

241 3469 382 3523 Οὐδὲ
417 3469 529 3541 γάρ
576 3470 678 3541 ἐμὲ
720 3469 902 3540 μόνον,
926 3467 1119 3540 φησὶν,
1151 3469 1532 3540 εὐηργέτησαν
1558 3468 1622 3541 [ι’.
1655 3466 1825 3540 -σεν],

239 3562 382 3617 ἀλλά
417 3562 513 3616 καὶ
565 3563 777 3633 ἐτέροις
825 3560 1042 3632 έπεμψε
1080 3562 1421 3629 διδασκάλον,
1472 3564 1566 3614 καὶ
1611 3559 1827 3623 δεικνὺς

240 3655 343 3725 τὴν
376 3655 718 3724 προφητείαν
748 3652 1075 3719 ἐξελθοῦσαν
1109 3653 1209 3724 τὴν
1238 3652 1529 3722 λέγουσαν·
1569 3671 1589 3706 ι
1640 3653 1826 3720 Ἐξαι-

243 3747 516 3818 ρούμενός
544 3764 604 3801 σε
648 3749 712 3800 ἐκ
747 3746 845 3801 τοῦ
891 3746 1024 3802 λαοῦ
1077 3747 1171 3800 καὶ
1208 3746 1317 3799 τῶν
1358 3745 1552 3799 ἐθνῶν.
1593 3763 1612 3798 ι

310 3843 541 3906 Τούτοις
587 3840 875 3912 ἐπείσθην,
914 3840 1083 3910 φησὶ,
1120 3839 1298 3912 ταύτῃ
1329 3842 1395 3909 τῇ
1433 3837 1672 3907 ὀπτασίᾳ
1729 3838 1823 3890 ἐπ-

244 3936 496 4007 ηγάγετο
518 3975 534 4000 ,
569 3934 667 3987 καὶ
704 3931 881 3996 οὕτως
926 3932 1112 3985 ἔπεισε
1147 3931 1223 4004 μὴ
1268 3930 1689 3986 ἀναϐάλλεσθαι.

310 4029 396 4083 Τά
431 4028 725 4099 συνέχοντα
770 4025 919 4080 κακά
964 4027 1091 4090 τοὺς
1142 4026 1405 4089 ἀπίστους
1451 4024 1692 4078 δείκνυσι
1738 4025 1829 4078 τὸν

238 4124 513 4177 Σατανᾶν
548 4122 610 4175 τὸ
638 4120 852 4185 σκότος,
883 4120 951 4173 τά
984 4119 1165 4188 ἀγαθὰ
1190 4119 1299 4171 τῶν
1332 4117 1561 4171 πιστῶψ
1595 4118 1655 4169 τὸ
1689 4118 1825 4185 φᾷς,

234 4216 333 4267 τὸν
356 4212 515 4279 Θεὸν,
550 4212 641 4266 τὸν
681 4211 886 4281 κλῆρον
914 4210 1022 4263 τῶν
1052 4210 1245 4277 ἁγίων.
1278 4209 1391 4279 Οὐχ
1438 4205 1624 4270 ἁπλῶς
1660 4223 1828 4276 μετα-

234 4309 381 4359 νοεῖν
423 4304 705 4374 παραινεῖ,
741 4302 879 4357 ἀλλὰ
908 4302 1006 4356 καὶ
1032 4300 1147 4372 βίον
1178 4299 1589 4353 ἐπιδείκνυσθαι
1614 4299 1828 4368 θαυμα-

236 4398 388 4451 στόν.
428 4398 540 4452 Καὶ
566 4397 690 4467 ὅρα,
722 4393 999 4465 πανταχοῦ
1028 4396 1097 4447 τά
1132 4392 1258 4464 ἔθνη
1289 4390 1718 4464 συμπλεκόμενα
1750 4389 1827 4461 τῷ

232 4490 372 4560 λαῷ·
408 4489 461 4544 οἱ
486 4490 591 4557 γὰρ
637 4489 904 4560 παρόντες
952 4487 1012 4551 ἐξ
1046 4486 1216 4539 ἐθνῶν
1246 4481 1409 4556 ἦσαν.

321 4584 384 4636 '0
416 4582 599 4636 τοίνυν
645 4581 742 4635 καὶ
784 4581 912 4642 τοὺς
956 4578 1152 4642 ἄλλους
1199 4577 1471 4631 παιδεύων
1525 4577 1655 4649 περὶ
1705 4576 1824 4648 βίου

235 4678 499 4748 ἀρίστου,
542 4674 662 4736 πῶς
720 4672 787 4727 ἂν
841 4672 1004 4735 αὐτὸς
1060 4668 1303 4732 στάσεως
1359 4669 1455 4721 καί.
1496 4668 1828 4737 φιλονεικίας

233 4770 487 4841 ἀρχηγὸς
517 4767 773 4837 γέγονεν;
807 4764 1021 4836 Ὥσπερ
1067 4759 1159 4818 οὖν
1188 4762 1300 4829 ἐγὼ
1336 4762 1651 4827 ἐπίστευσα,
1684 4760 1829 4815 οὓτω

234 4865 324 4918 δεῖ
365 4862 463 4916 καὶ
506 4861 601 4915 τὸν
649 4857 923 4913 ἀκούοντά
969 4874 1070 4928 μου
1108 4854 1395 4911 πιστεῦσαί
1448 4869 1559 4924 μοι.
1604 4853 1679 4906 Οὐ
1719 4852 1828 4923 γάρ

237 4956 419 5028 ἀκοὴν
474 4953 811 5022 ἀπαγγέλλω
875 4950 1052 5019 λόγων
1115 4949 1337 5021 ἐτέρων,
1406 4946 1524 5002 ἀλλ’
1584 4941 1659 5001 ὧν
1716 4946 1830 5016 ἐγὼ

238 5051 480 5120 ἤκουσα.
517 5045 788 5100 Ὀπτασία
824 5043 882 5097 δέ
936 5045 1086 5096 ἐστιν
1114 5042 1147 5113 ἡ
1173 5039 1391 5111 καθαρά
1419 5038 1539 5107 θέα,
1574 5038 1608 5111 ἡ
1650 5038 1825 5110 ὑπερ-

239 5140 512 5195 ϐαίνουσα
545 5137 856 5209 ἄνθρωπον,
910 5137 1054 5204 ἆπερ
1085 5131 1150 5206 [Ι.
1183 5130 1386 5205 ἥνπερ]
1444 5149 1527 5195 τις
1566 5133 1624 5185 ἐν
1664 5130 1831 5204 σαρκὶ

240 5229 339 5297 ῶν,
370 5228 499 5300 δίχα
519 5226 616 5281 τοῦ
644 5224 1105 5295 ἀποκαλυφθῆναι
1130 5221 1299 5276 αὐτοῦ
1328 5223 1455 5285 τοὺς
1487 5220 1825 5293 ὀφθαλμοὺς,

238 5322 342 5374 οὐκ
367 5320 518 5373 ἔστιν
556 5318 686 5373 ἰδεῖν
714 5316 963 5372 δυνατόν.

313 5414 484 5485 Ὅρα,
523 5411 642 5475 πῶς
674 5409 835 5474 ἐκτὸς
870 5407 1163 5471 κολακείας
1200 5404 1351 5461 ἐστὶν
1387 5408 1415 5461 ὁ
1442 5405 1601 5475 λόγος
1638 5405 1826 5474 αὐτοῦ,

239 5510 336 5563 καὶ
367 5508 430 5562 τὸ
468 5509 578 5561 πᾶν
601 5504 901 5577 ἐπιγράφει
951 5500 1029 5574 τῷ
1056 5501 1198 5573 Θεῷ.
1226 5495 1358 5555 Εἶτα
1414 5502 1448 5571 ὴ
1498 5500 1784 5571 παρρησία
1811 5518 1825 5532 ⁸

250 5596 396 5653 Ἀλλ’
427 5596 553 5651 ούδέ
586 5594 684 5651 νῦν
730 5594 1077 5664 ἀφίσταμαι·
1115 5591 1211 5645 καὶ
1259 5590 1322 5644 τὸ
1364 5589 1645 5659 ἀσφαλές*
1694 5591 1830 5644 Ἀπὸ

238 5692 350 5762 γάρ
404 5688 708 5762 προφητῶν
740 5685 1113 5759 ἰσχυρίζομαι.
1155 5702 1173 5736 ι
1216 5684 1279 5738 Et
1324 5682 1571 5756 παθητὸς
1615 5683 1644 5735 ὁ
1700 5684 1829 5754 Χρι-

239 5785 386 5850 στὸς,
430 5803 449 5836 ι
490 5785 541 5837 εἰ
575 5780 875 5842 ἀνάστασις
906 5779 942 5850 ή
974 5779 1299 5848 ἐπαγγελία.
1332 5774 1456 5831 Εϊδε
1485 5774 1585 5849 τὴν
1612 5779 1831 5849 παῤῥη-

241 5878 365 5933 σίαν
407 5878 437 5932 ὁ
479 5876 716 5946 Φῆστος,
749 5875 846 5931 καὶ
878 5873 1069 5945 ὥσπερ
1094 5869 1689 5966 ἓταθὲἐῇθυμοῦ
1729 5870 1825 5923 καὶ

1852 4547 1906 4607 D

1933 3365 2072 3435 μετά
2105 3363 2321 3433 δεσμῶν
2361 3362 2642 3426 ἀπελθεῖν,
2677 3362 2840 3433 μέχρι
2890 3358 3109 3430 δεσμῶν
3155 3359 3231 3422 ὡς
3262 3358 3507 3429 κακοῦρ-

1928 3475 2047 3527 γος,
2082 3457 2242 3526 φησί.
2311 3457 2424 3509 Καὶ
2469 3454 2832 3527 Ἀρίσταρχος
2862 3452 3025 3522 μέχρι
3057 3468 3162 3505 που
3191 3450 3511 3521 συνέρχεται

1928 3552 2006 3621 τῷ
2036 3548 2458 3618 Παύλῳ,καλῶς
2479 3548 2576 3601 καὶ
2606 3546 2919 3619 χρησίμως,
2960 3545 3197 3613 πάρεστι
3229 3545 3257 3595 ό
3286 3542 3507 3613 Ἀρίστ-

1930 3659 2099 3712 αρχος
2137 3641 2346 3710 μέλλων
2392 3638 2610 3694 ἅπαντα
2661 3637 3026 3706 ἀπαγγέλλειν
3060 3635 3139 3700 είς
3166 3634 3511 3689 Μακεδονίαν

1928 3734 1999 3786 τὰ
2024 3737 2153 3803 περὶ
2180 3732 2369 3797 αὑτοῦ,

2001 3846 2162 3910 Εἰκὸς
2192 3846 2302 3914 γὰρ
2349 3840 2418 3916 ἦν
2453 3844 2618 3897 αὑτὸν
2649 3841 2760 3896 ἀπὸ
2811 3840 3014 3909 πλλῆς
3045 3838 3339 3901 κακώσεως
3370 3832 3511 3891 εἶναι

1932 3941 1996 4013 [Ῑ.
2032 3937 2264 4011 ἀνεῖναι]
2320 3940 2427 3992 τῶν
2465 3937 2720 4008 δεσμῶν,
2774 3935 2868 3988 τοῦ
2901 3935 3091 4005 φόϐου,
3134 3934 3227 3986 τοῦ
3280 3932 3512 4001 ἄγεσθαι

1929 4033 2027 4089 καὶ
2081 4032 2368 4103 φέρεσθαι.
2402 4030 2571 4101 ’Ὀρα,
2605 4029 2723 4093 πῶς
2757 4029 2877 4082 οὐδὲ
2917 4027 3076 4081 τοῦτο
3134 4027 3387 4095 κρύπτει,
3430 4027 3511 4078 ὅτι

1930 4124 2183 4183 ἐϐούλετο
2223 4147 2243 4180 ι
2280 4127 2602 4197 ἐπιμελείας
2643 4129 2850 4197 τυχεῖν.
2880 4144 2901 4177 ι
2945 4124 3223 4193 Νηστείαν
3274 4120 3514 4176 ἐνταῦθα

1928 4221 2030 4291 τὴν
2062 4220 2175 4274 τῶν
2205 4217 2475 4273 Ἰουδαίων
2510 4218 2694 4285 λέγειν
2739 4217 3001 4287 ἡγοῦμαι.
3051 4214 3207 4269 Μετὰ
3264 4213 3373 4283 γάρ
3414 4213 3513 4282 τὴν

1931 4314 2317 4385 Πεντηκοστὴν
2351 4313 2573 4382 ἐξῆλθον
2620 4313 2832 4365 ἐκεῖθεν
2881 4312 3021 4382 μετὰ
3080 4311 3245 4364 πολὺν
3296 4308 3508 4380 χρόνον.

1928 4408 2005 4471 ὡς
2037 4408 2093 4459 ἐν
2126 4405 2275 4476 αὐτῷ
2317 4404 2504 4475 σχεδὸν
2530 4402 2607 4474 τῷ
2648 4403 2880 4473 χειμῶνι
2908 4400 3312 4471 παραγενέσθαι
3337 4402 3415 4463 εἰς
3443 4402 3511 4452 τὰ

1934 4498 2077 4569 μέρη
2121 4496 2222 4565 τῆς
2260 4498 2504 4568 Κρήτης.
2546 4494 2656 4549 Καὶ
2687 4493 2847 4547 τοῦτο
2890 4492 2948 4545 δέ
2978 4492 3040 4545 οὐ
3076 4490 3270 4563 μικρὸν
3301 4489 3507 4559 θαῦμα,

1931 4587 1991 4641 τὸ
2024 4585 2380 4656 διασωθῆναι,
2413 4590 2508 4639 καὶ
2536 4584 2605 4638 δι’
2632 4585 2797 4637 αὐτὸν
2824 4583 3088 4645 ἐκείνους.
3127 4582 3270 4653 Ὅρα
3299 4581 3358 4633 τὸ
3380 4580 3512 4642 ἄτυ-

1932 4693 2033 4746 φον
2052 4690 2069 4708 ο
2099 4675 2186 4727 ῖνα
2212 4674 2287 4745 μὴ
2314 4674 2439 4744 δόξῃ
2469 4673 2855 4744 προφητεύειν,
2890 4670 3028 4726 ἀλλά
3058 4670 3166 4726 ἀπὸ
3197 4669 3507 4740 στοχασμοῦ

1930 4768 2130 4835 λέγειν,
2171 4785 2189 4818 ι
2226 4766 2449 4836 Θεωρῶ,
2483 4785 2501 4817 ι
2542 4765 2740 4835 φησίνο
2771 4764 2832 4818 οὐ
2880 4765 2989 4835 γὰρ
3021 4764 3087 4818 ἂν
3117 4763 3360 4827 ἐδέξαντο
3418 4763 3509 4814 εύ-

1933 4859 2092 4926 θέως,
2151 4860 2201 4912 εί
2251 4858 2411 4912 τοῦτο
2462 4856 2635 4913 εἶπεν.
2668 4860 2833 4912 ’Ὥστε
2890 4860 2954 4912 ού
3006 4858 3110 4929 χρὴ
3167 4855 3505 4927 κυριολεξίαν

1931 4949 2210 5022 πανταχοῦ
2262 4951 2515 5005 ἀπαιτεῖν
2571 4953 2639 5022 τῇ
2684 4952 2910 5022 Γραφῇ·
2954 4953 3077 5004 ἐπεὶ
3129 4950 3247 5012 πῶς
3280 4948 3505 5001 δύναται

1932 5044 2138 5114 κυρίως
2177 5043 2271 5096 ἐπὶ
2320 5043 2511 5096 πλοίου
2535 5041 2724 5096 λαϐεῖν
2754 5042 2856 5113 τὴν
2892 5041 3040 5108 λέξιν
3070 5041 3164 5094 τοῦ
3200 5037 3504 5108 ἀντοφθαλ-

1938 5136 2081 5204 μεῖν,
2143 5133 2280 5187 ὃπου
2336 5134 2429 5187 ἐπὶ
2478 5132 2769 5205 ἀνθρώπου
2815 5130 3079 5203 ἀρμόζεις
3129 5129 3371 5183 τουτέστι
3435 5129 3506 5183 τά

1935 5225 2082 5279 ίστία
2114 5241 2129 5256 ⁶
2156 5227 2286 5279 ὅταν
2337 5227 2447 5297 γὰρ
2492 5224 2720 5297 σφοδρὸς
2762 5225 2961 5294 ἄνεμος
3013 5219 3085 5297 ᾖ,
3111 5221 3270 5275 τοῦτο
3296 5219 3504 5289 γίνεται

1932 5317 2345 5390 ἐγκοπτομένης
2379 5314 2480 5389 τῆς
2512 5316 2647 5380 νεὼς
2704 5317 2800 5369 καὶ
2840 5315 2938 5383 τῆς
2976 5312 3247 5384 πρύμνης.
3287 5311 3362 5366 Τὸ
3404 5312 3506 5383 μὲν

1931 5412 2225 5484 γενόμενον
2286 5410 2391 5464 ὑπὸ
2446 5408 2540 5464 τοῦ
2591 5407 2783 5478 καιροῦ
2834 5407 3068 5471 ἐγένετο,
3118 5405 3180 5457 τὸ
3222 5404 3280 5458 δὲ
3319 5403 3507 5473 θαῦμα

1936 5502 2147 5574 μεῖζον,
2199 5502 2280 5554 ὅτι
2316 5502 2375 5555 ἐν
2400 5497 2579 5571 καιρῷ
2621 5496 2849 5566 τοιούτῳ
2898 5496 2962 5548 ἐκ
2992 5494 3176 5565 μέσων
3216 5493 3506 5564 ἐσώθησαν

1931 5596 2040 5649 τῶν
2075 5593 2354 5657 κινδύνων,
2390 5592 2551 5654 αὑτός
2581 5607 2640 5642 τε
2666 5591 2759 5643 καί
2781 5588 2847 5641 δι’
2875 5588 3038 5642 αὐτὸν
3059 5587 3108 5640 oi
3138 5585 3338 5641 λοιποί.
3370 5583 3506 5641 Εἶτα

1932 5687 2166 5759 χαλεπὸς
2216 5687 2245 5739 ὁ
2274 5684 2504 5756 χειμὼν,
2535 5683 2669 5736 πολὺ
2699 5683 2760 5735 τὸ
2792 5681 3002 5746 σκότος,
3036 5682 3132 5736 καὶ
3157 5681 3244 5735 ἵνα
3277 5679 3353 5751 μὴ
3380 5682 3505 5734 ἐπι-

1930 5779 2202 5833 λάθωνται
2246 5778 2342 5831 καὶ
2395 5775 2456 5828 τὸ
2487 5776 2672 5829 πλοῖον
2723 5772 3029 5836 διαλύεται,
3058 5772 3153 5826 καὶ
3181 5772 3211 5825 ό
3246 5774 3389 5833 σῖτος
3420 5772 3506 5840 pi-

1934 5886 2152 5938 πτεται,
2182 5870 2276 5950 καὶ
2324 5866 2523 5933 πάντα,
2554 5867 2638 5921 ἴνα
2673 5866 2748 5936 μὴ
2774 5866 2941 5935 ἔχωσι
2975 5863 3114 5927 μετά
3142 5862 3315 5916 ταῦτα
3345 5863 3504 5916 ἀναι-
