3950 6602
526 489 666 556 1139

1399 490 1978 567 THEOPIIYLACTI
2017 480 2428 551 BULGARUE
2467 486 2822 603 ΛΙΣΟΗΙΕΡ.

3640 489 3748 559 1140

521 609 644 679 ejus
663 607 804 673 ﬂori,
821 615 878 661 ut
907 607 1284 662 brevissimam
1309 593 1485 677 ipsius
1503 605 1844 661 (iurationem
1875 602 2095 658 eviden-

2211 593 2593 674 μωιμωτέρῷ,
2631 603 2747 656 ἀλλ’
2772 602 2947 668 ἄνθει,
2987 602 3047 656 τὸ
3071 603 3442 674 ὀλιγοχρόνιον
3473 602 3629 658 αὐτοῦ
3659 624 3744 660 aa—

524 708 633 761 tius
659 704 948 775 exprimat.
982 703 1052 756 At
1083 718 1210 758 vero
1255 716 1426 771 quare
1460 701 1639 755 dictus
1673 708 1756 754 est
1787 699 1890 753 iste
1943 717 1960 749 ι
1997 695 2106 751 Du-

519 800 642 869 plex
678 798 860 851 animo
891 795 916 848 ?
960 816 978 847 ι
1035 793 1278 860 Scilicet,
1315 795 1442 864 quia
1470 809 1644 862 neque
1681 791 1748 845 ad
1778 799 2104 862 praesentem

521 905 697 958 neque
724 887 790 942 ad
842 887 1083 941 futuram
1116 887 1285 941 vitam
1321 894 1404 940 est
1445 884 1784 939 contidenter
1813 883 2056 936 directus
2086 898 2102 936 :

518 984 574 1036 in
610 981 892 1050 Scriptura
930 980 1076 1034 enim
1130 980 1348 1034 animus
1381 993 1477 1034 seu
1525 978 1704 1030 anima
1739 976 1937 1031 dieitur
1969 974 2100 1038 vita,

513 1076 666 1145 juxta
693 1074 884 1139 illud’,
924 1094 942 1125 ‹
976 1072 1166 1128 Omdia
1203 1088 1326 1143 qua:
1381 1071 1565 1134 habet,
1599 1070 1750 1122 dabit
1789 1069 1952 1122 homo
2007 1083 2104 1136 pro

517 1169 698 1223 anima
752 1182 873 1222 sua.
915 1187 933 1218 ›
998 1165 1152 1222 Tolle
1200 1167 1367 1237 igitur
1401 1181 1427 1218 a
1473 1174 1524 1218 te
1577 1161 1887 1232 hujusmodi
1935 1161 2102 1214 animi

517 1263 931 1334 perplexitatem
961 1279 974 1326 ;
1026 1269 1081 1316 et
1110 1275 1176 1313 ne
1209 1259 1428 1314 dubites
1460 1265 1646 1326 petere
1678 1271 1707 1310 a
1741 1255 1881 1315 Deo,
1909 1253 2101 1307 dicens

516 1354 572 1406 in
625 1353 938 1423 temetipso,
982 1351 1267 1418 Quomodo
1319 1364 1542 1419 possum
1599 1364 1627 1400 a
1681 1345 1789 1400 Deo
1827 1353 2011 1414 petere
2045 1351 2101 1397 et

515 1445 835 1513 impetrare,
878 1458 998 1513 ego,
1049 1443 1139 1512 qui
1190 1440 1327 1496 adeo
1379 1441 1432 1494 in
1486 1441 1658 1510 ipsum
1703 1437 1975 1508 peccavi?
2009 1432 2103 1501 ~Nec

514 1536 722 1602 Cogites
772 1536 875 1589 ista
911 1552 924 1601 ;
963 1534 1055 1588 sed
1097 1549 1162 1588 ex
1213 1535 1361 1587 omni
1417 1533 1584 1586 corde
1625 1539 1719 1583 tuo
1759 1529 2019 1584 comitere
2047 1519 2100 1582 εἰ

515 1638 839 1682 convertere
864 1625 930 1680 ad
958 1624 1246 1679 Dominum
1270 1666 1284 1688 ,
1317 1632 1369 1679 et
1395 1624 1606 1692 pustula
1649 1623 1854 1692 absque
1888 1620 2101 1674 dubita-

517 1721 687 1784 tione,
717 1728 771 1774 et
807 1733 1114 1788 cognosces
1156 1718 1547 1787 benignitatem
1578 1716 1746 1784 ipsius
1784 1731 1798 1779 ;
1839 1715 2098 1784 quoniam

519 1831 539 1864 ι
563 1829 668 1865 non
706 1823 754 1865 te
777 1812 1139 1882 derelinquet,
1174 1810 1266 1864 scd
1299 1808 1564 1863 dabittibi
1601 1808 1889 1875 petitiones
1919 1805 2100 1860 cordis

513 1904 594 1956 tui
625 1904 686 1956 ἰ
721 1921 739 1954 ι
767 1901 910 1956 Dens
928 1903 1070 1956 enim
1100 1901 1423 1969 iniuriarum
1465 1899 1623 1955 facile
1656 1899 2020 1960 obliviscitur,
2044 1905 2098 1951 et

511 2005 885 2049 creaturarum
926 2007 1149 2048 suarum
1189 1992 1502 2046 miseretur.

583 2085 748 2141 Vens.
775 2086 828 2141 9.
859 2086 1166 2141 «Glorietur
1187 2095 1368 2139 autem
1389 2083 1796 2138 iraterhumilis
1817 2081 2096 2138 incxalta-

515 2176 662 2229 tione
683 2190 814 2227 sua.
843 2191 863 2226 ι
904 2173 1182 2230 Bonorum
1230 2175 1476 2228 omnium
1507 2173 1849 2228 distributrix
1887 2185 1969 2228 est
1999 2173 2099 2226 hu-

512 2268 741 2330 militas,
772 2276 825 2323 et
849 2267 1056 2338 absque
1087 2268 1176 2322 illa
1203 2267 1333 2321 nihil
1373 2267 1501 2323 boni
1539 2266 1628 2332 ﬂt;
1657 2267 1861 2322 idcirco
1891 2265 2096 2332 subdit,

519 2379 538 2411 ι
573 2359 848 2415 Glorietur
900 2367 1079 2414 autem
1135 2358 1361 2415 humilis
1419 2361 1471 2413 in
1525 2360 1880 2425 exaltatione,
1921 2378 1940 2410 ι
1997 2375 2096 2415 seu

514 2453 852 2509 sublimitate
877 2468 996 2507 sua.
1030 2452 1166 2518 Quia
1215 2471 1233 2504 ι
1258 2451 1440 2508 ﬂuctui
1476 2455 1664 2514 maris,
1700 2470 1721 2505 ι
1758 2462 1904 2516 eum,
1943 2470 1963 2504 ‹
2003 2451 2097 2521 qui

517 2545 734 2599 luesitat
761 2565 780 2596 ι
818 2545 1140 2600 assimilavit
1172 2562 1186 2610 ;
1219 2546 1310 2615 qui
1343 2545 1564 2615 quidem
1591 2546 1763 2599 ventis
1791 2543 2010 2600 inﬂatus
2043 2544 2095 2598 in

511 2640 680 2693 altum
709 2637 934 2702 tollitur,
960 2638 1124 2692 citius
1150 2652 1281 2692 vero
1302 2653 1461 2706 quam
1492 2639 1734 2692 elevatus
1765 2636 1882 2700 fuit,
1912 2637 2096 2706 depri-

513 2736 682 2788 mitur
724 2747 787 2785 ac
833 2732 1246 2801 complanatur:
1302 2731 1480 2786 simile
1529 2731 1656 2798 quid
1701 2731 1903 2800 patitur
1932 2731 2094 2785 etiam

521 2845 538 2875 ι
579 2825 856 2887 hmsitans,
902 2843 920 2876 ι
957 2824 1134 2894 quiex
1161 2824 1327 2877 animi
1371 2823 1605 2878 elatione
1642 2824 1709 2878 ad
1742 2824 1878 2878 nihil
1904 2837 2094 2878 eorum

513 2932 634 2986 quae
664 2917 972 2972 necessaria
1002 2915 1166 2987 324.
1207 2923 1335 2970 sunt
1358 2954 1372 2977 ,
1412 2916 1704 2984 petitiones
1737 2930 1865 2970 suas
1894 2915 2096 2969 firmat.

513 3004 724 3060 Idcirco
752 3005 826 3058 ait
855 3022 868 3058 :
911 3023 928 3056 ι
977 3003 1255 3059 Glorietur
1287 3005 1454 3060 frater
1489 3005 1729 3069 humilis,
1772 3026 1789 3057 ι
1841 3021 1906 3059 ac
1937 3007 1982 3060 si
2013 3005 2097 3060 di-

515 3109 705 3153 ceret:
740 3096 842 3163 Qui
877 3097 1077 3167 aliquid
1113 3099 1224 3151 vult
1257 3107 1463 3168 petere,
1501 3107 1646 3168 petat
1689 3099 1946 3168 primum,
1975 3115 2097 3169 qua:

513 3190 824 3245 necessaria
857 3199 1004 3254 sunt,
1037 3191 1308 3261 inquibus
1333 3192 1644 3260 neutiquam
1679 3192 1766 3258 iis,
1792 3207 1911 3262 quae
1940 3191 2092 3261 petit,

2210 692 2429 762 ριστῶν.
2464 695 2562 746 Διὰ
2608 695 2659 747 τί
2711 694 2767 747 δὲ
2816 713 2834 746 ι
2873 679 3108 765 Δίψυχος
3139 715 3158 746 ο
3221 697 3485 767 εἴρηται;
3525 698 3608 760 Ὠς
3648 698 3745 751 οὐτε

2207 785 2343 855 πρὸς
2387 784 2486 854 τὴν
2520 785 2824 856 παροῦσαν,
2862 784 2983 839 οὐτε
3023 787 3158 856 πρὸς
3199 788 3297 858 τὴν
3342 789 3637 858 μέλλουσαν
3669 807 3746 842 πε-

2208 877 2476 940 ποιθότως
2506 877 2944 946 ἀπευθυνόμενος
2974 880 3143 949 ζωήν.
3194 881 3354 952 Ψυχὴ
3387 881 3502 950 γὰρ
3543 882 3674 952 παρὰ
3694 887 3743 951 τῇ

2207 970 2396 1040 Γραφῇ
2425 972 2456 1040 ἠ
2515 969 2627 1040 ζωὴ
2659 971 2905 1025 καλεῖται
2933 988 2948 1001 ·
2982 972 3058 1034 ὡς
3087 972 3169 1034 τὸ,
3212 989 3230 1024 ι
3266 974 3450 1026 Πάντα
3475 975 3574 1026 ὅσα
3603 974 3692 1042 ἔχει
3724 975 3746 1026 ό

2206 1065 2512 1133 ἄνθρωπος,
2549 1063 2710 1116 δώσει
2769 1063 2910 1132 ύπέρ
2953 1065 3048 1132 τῆς
3103 1064 3282 1134 ψυχῆς
3339 1065 3530 1117 αὐτοῦ.
3560 1084 3576 1114 ι
3608 1059 3745 1134 *Ᾱρον

2209 1157 2434 1210 σεαυτοῦ
2496 1158 2597 1228 τὴν
2623 1157 2898 1227 διψυχίαν,
2932 1160 3025 1211 καὶ
3073 1157 3239 1227 μηδὲν
3289 1158 3427 1221 ὅλως
3482 1157 3743 1230 διψυχήςῃς

2204 1251 2531 1320 αἰτιῖσασθαι
2582 1252 2733 1321 παρὰ
2775 1251 2868 1304 τού
2918 1250 3076 1314 Θεοῦ,
3111 1250 3289 1318 λέγων
3319 1252 3376 1303 ἐν
3431 1252 3652 1316 σεαυτῷ,
3679 1246 3739 1304 ὅτι

2206 1345 2328 1407 Πῶς
2351 1343 2583 1410 δύναμαι
2613 1345 2838 1414 αἰτῆσαι
2867 1345 3018 1414 παρὰ
3051 1343 3144 1396 τοῦ
3177 1343 3408 1414 Κυρίου,
3451 1342 3546 1394 καὶ
3569 1341 3736 1406 λαῦεῐν,

2204 1433 2545 1504 ἡμαρτηκὼς
2576 1435 2811 1488 τοσαῦτα
2853 1437 2934 1496 είς
2967 1435 3169 1500 αὐτόνς
3202 1435 3292 1504 Μὴ
3324 1434 3538 1500 λογίζου
3582 1434 3738 1497 ταῦτα,

2203 1527 2318 1578 ἀλλ’
2347 1526 2405 1590 ἐξ
2430 1525 2557 1596 ὅλης
2583 1523 2808 1596 καρδίας
2839 1541 2934 1578 σου
2960 1525 3308 1592 ἐξοειολογοῦ,
3333 1525 3428 1578 καὶ
3459 1524 3740 1594 ἐπίστρεῴν

2205 1618 2340 1688 πρὸς
2379 1617 2602 1688 Κύριον,
2633 1617 2728 1670 καὶ
2749 1616 2899 1670 αἰτοῦ
2925 1618 3052 1687 παρ’
3079 1616 3245 1668 αὐτοῦ
3287 1615 3615 1676 ἀδιστάκτως
3632 1633 3645 1647 ⁶
3666 1616 3740 1667 καὶ

2204 1711 2389 1783 γνώσῃ
2415 1712 2510 1782 τὴν
2543 1711 2950 1780 εὐσπλαγχνίαν
2978 1709 3162 1774 αὐτοῦ,
3194 1711 3274 1762 ὅτι
3313 1729 3330 1760 ι
3363 1709 3423 1761 οὐ
3465 1709 3539 1778 μή
3587 1725 3636 1760 σε
3672 1709 3740 1773 ἐγο

2204 1805 2504 1875 καταλίπῃ,
2556 1805 2691 1858 ἀλλὰ
2731 1805 2791 1857 τὸ
2825 1805 3035 1872 αἴτημα
3087 1802 3188 1872 τῆς
3233 1800 3415 1870 ψυχῆς
3456 1818 3546 1852 σου
3576 1800 3740 1869 πληρο-

2203 1900 2430 1968 ᾳορήσει
2458 1915 2472 1927 ·
2509 1916 2526 1948 ι
2554 1899 2580 1950 ὁ
2619 1897 2726 1968 γὰρ
2747 1895 2877 1956 Θεὸς
2904 1894 3278 1964 ἁμνησίκακός
3301 1897 3438 1956 ἐστι,
3459 1893 3546 1945 καὶ
3565 1889 3737 1958 σπλαγ-

2132 1979 2170 2030 Β
2204 1990 2565 2062 χνίζεταιέπὶ
2587 1992 2700 2052 τοῖς
2733 1991 3032 2060 ποιήμασιν
3053 1987 3239 2042 αὐτοῦ.

2279 2101 2298 2132 ι
2335 2083 2643 2152 καυχάσθω
2681 2081 2736 2134 δὲ
2771 2083 2798 2135 6
2845 2080 3073 2148 ἀδελφὸς
3103 2083 3132 2133 6
3162 2078 3415 2141 ταπεινὸς
3464 2081 3519 2131 ἐν
3541 2078 3610 2148 τῷ
3637 2076 3736 2147 War

2202 2175 2390 2229 αὐτοῦ.
2425 2195 2443 2225 ι
2491 2173 2708 2244 Ἐπειδὴ
2763 2173 2872 2227 τῶν
2905 2173 3088 2227 καλῶν
3125 2174 3382 2227 ἁπάντων
3414 2173 3736 2242 ταμιεύτριαν

2200 2265 2310 2323 οἶδε
2341 2269 2438 2341 τὴν
2470 2267 2995 2340 ταπεινοφροσύνην,
3027 2269 3120 2321 καὶ
3139 2269 3220 2321 ὅτι
3246 2269 3371 2322 ἄνευ
3399 2267 3592 2335 ταύτης
3611 2265 3735 2318 οὐδὲν

2201 2363 2564 2434 κατορθοῦται
2587 2362 2696 2416 τῶν
2730 2362 3057 2427 σπουδαίων,
3089 2361 3176 2415 διὰ
3208 2361 3367 2414 τοῦτο
3394 2360 3630 2429 ἐπιφέρει
3666 2357 3731 2422 τὸ,

2206 2477 2225 2511 ι
2266 2456 2576 2527 Καυχάσθω
2626 2459 2655 2511 6
2681 2456 2936 2518 ταπεινὸς
2966 2457 3024 2509 ἐν
3052 2453 3128 2525 τῷ
3160 2453 3283 2523 ὕψει
3335 2453 3522 2507 αὐτοῦ.
3554 2472 3571 2505 ι
3610 2453 3734 2505 Ἐπεὶ

2199 2549 2309 2621 γὰρ
2338 2569 2353 2600 ι
2399 2549 2627 2602 κλύδωνι
2659 2531 2988 2617 θαλάσσηςή
3016 2543 3107 2600 τὶν
3141 2546 3552 2615 διακρινόμενον
3603 2547 3731 2599 ἀπει-

2199 2642 2380 2706 κάζει,
2400 2641 2458 2703 ὃς
2486 2641 2878 2711 μετεωρίζεται
2914 2641 3013 2709 μέν
3051 2641 3162 2702 τοῖς
3190 2639 3496 2707 πνεύμασιν
3518 2634 3732 2704 ἐξογκούε

2202 2753 2385 2808 μενος,
2413 2735 2606 2789 θᾶττον
2654 2734 2710 2786 δὲ
2756 2733 2789 2799 ἢ
2846 2731 3125 2802 ὑψωθῆναι
3183 2713 3524 2800 κοιμίζεταισ
3570 2731 3732 2798 ὁμοίως

2199 2831 2400 2898 πᾶσχει
2426 2829 2521 2882 καὶ
2544 2829 2570 2880 ό
2601 2847 2621 2879 ι
2657 2827 3069 2897 διακρινόμενος
3099 2844 3116 2876 ι
3144 2825 3200 2890 ἐξ
3230 2823 3600 2894 ὑπερηφανίας
3625 2821 3733 2890 πρὶς

2197 2921 2350 2974 οὐδὲν
2378 2920 2488 2973 τῶν
2516 2919 2742 2972 δεόντων
2769 2917 3137 2988 ἐπιστηρίζων
3159 2919 3258 2980 τὰς
3283 2916 3478 2969 ἑαυτοῦ
3508 2917 3738 2983 αἰτήσεις.

2200 3014 2297 3066 Διὰ
2334 3013 2490 3065 τοῦτο
2517 3010 2768 3081 ἐπιφέρει
2805 3011 2886 3076 τὸ,
2929 3029 2946 3060 ι
2981 2990 3290 3078 καυχάσθω
3338 3008 3562 3076 ἁδελφὲις
3609 3006 3634 3057 6
3657 3021 3737 3056 τα-

2199 3103 2384 3166 πεινός
2410 3119 2424 3134 ⁸
2464 3121 2483 3153 ι
2513 3100 2755 3154 τοιοῦτόν
2799 3118 2850 3154 τι
2886 3100 3061 3168 λέγων
3085 3116 3099 3128 ·
3153 3101 3212 3154 Ὀ
3244 3100 3564 3169 βουλόμενος
3596 3098 3739 3150 αἰτεῖν

2197 3214 2271 3262 τι,
2299 3196 2516 3266 πρῶτον
2551 3195 2651 3265 μὲν
2679 3192 2900 3247 αἰτείτω
2928 3193 2994 3246 τὰ
3018 3193 3232 3256 δέοντα,
3265 3195 3324 3246 ὲν
3353 3189 3435 3256 οἷς
3464 3192 3581 3246 οὐδὲ
3606 3194 3742 3245 dm

514 3281 885 3338 traudabitur.
917 3283 1041 3339 Hzec
1070 3295 1250 3339 autem
1283 3295 1429 3350 sunt,
1464 3304 1481 3336 ι
1515 3284 1759 3356 llegnum
1797 3285 2088 3348 cmlorum,

2199 3293 2357 3361 χὴσει
2390 3290 2500 3342 τῶν
2531 3287 2880 3358 ζητουμένων
2905 3304 2921 3319 ο
2956 3285 3131 3340 ταῦτα
3155 3285 3211 3338 δέ
3249 3287 3422 3351 ἐστιν,
3457 3304 3477 3336 ι
3524 3285 3583 3337 Ἦ
3610 3283 3740 3353 βασι-

514 3377 806 3446 etjustitia
858 3378 977 3446 ejus
1006 3381 1073 3432 ἰ
1117 3397 1136 3428 ι
1192 3377 1390 3434 deinde
1427 3379 1712 3448 postulans
1760 3385 2093 3447 perseveret,

519 3485 629 3524 non
670 3485 799 3526 vero
841 3471 1026 3526 statim
1063 3485 1127 3525 ac
1166 3470 1380 3526 modice
1406 3471 1606 3538 oravit,
1631 3471 1850 3526 recedat
1878 3472 2096 3540 (super-

513 3563 708 3618 borum
747 3565 890 3618 enim
923 3563 1026 3618 hoc
1054 3572 1135 3619 est
1166 3573 1182 3634 )
1227 3564 1320 3619 sed
1361 3571 1699 3634 permaneat,
1733 3561 1783 3618 id
1820 3561 1965 3634 quod
1999 3577 2095 3631 pe-

514 3656 606 3724 tit,
635 3656 913 3712 humiliter
941 3671 1005 3712 ac
1031 3657 1261 3712 lirmiter
1289 3668 1637 3727 exspectans.

586 3838 750 3894 Vens.
780 3839 865 3904 10,
889 3839 974 3892 11.
997 3859 1014 3891 ι
1042 3838 1201 3893 Dives
1223 3850 1400 3895 autem
1422 3839 1474 3894 in
1498 3841 1804 3895 humilitate
1819 3855 1943 3904 sua,
1961 3853 2097 3908 quo-

509 3932 658 3987 niam
694 3930 835 3987 sicut
869 3931 966 3987 ﬂos
991 3932 1120 3986 faeni
1151 3933 1424 3987 transibit.
1453 3932 1686 3986 Exortus
1716 3941 1798 3988 est
1827 3935 1970 3988 enim
2014 3933 2094 3988 sol

513 4039 638 4079 cum
689 4025 906 4088 ardore,
963 4033 1016 4079 et
1066 4024 1292 4079 arcfecit
1327 4027 1552 4091 ίωιιιιιιι,
1582 4036 1633 4081 et
1673 4025 1773 4080 ﬂos
1805 4027 1924 4096 ejus
1947 4025 2096 4081 deci-

512 4115 614 4170 dit.
661 4134 682 4168 ›
713 4115 858 4169 Flori
890 4116 1018 4170 [αλιιὶ
1046 4117 1318 4172 assimitat
1353 4117 1598 4184 divitias,
1656 4119 1845 4174 volens
1902 4135 2093 4175 earum

510 4206 883 4263 eadueitatem
943 4207 1188 4264 indicare
1222 4248 1238 4263 .
1297 4229 1315 4262 ι
1372 4210 1438 4265 Ει
1499 4212 1667 4267 decor
1722 4213 1907 4268 vultus
1969 4213 2094 4285 ejus

512 4299 768 4370 deperiit.
809 4318 827 4351 ι
873 4299 1091 4355 Vultum
1128 4301 1218 4356 hic
1256 4303 1627 4374 metaphorice
1665 4304 1802 4361 dicit
1835 4323 1849 4360 :
1881 4306 1949 4362 de
1974 4306 2094 4362 solo

513 4393 659 4448 enim
709 4391 928 4448 homine
981 4395 1166 4450 vultus
1209 4395 1459 4462 dicitur;
1506 4413 1614 4453 non
1654 4409 1836 4454 autem
1871 4399 1940 4456 de
1966 4401 2092 4458 aliis

507 4485 698 4541 rebus.
732 4503 750 4537 ι
786 4486 865 4540 ita
896 4496 949 4543 et
975 4487 1128 4542 dives
1151 4489 1204 4542 in
1233 4489 1522 4546 itineribus
1555 4491 1673 4547 suis
1707 4504 2030 4550 marcescet.
2064 4513 2085 4546 ι

507 4579 711 4634 Itinera
741 4587 900 4635 vocat
931 4583 1215 4652 praesentis
1243 4583 1366 4638 vitae
1396 4583 1711 4639 decursum.

580 4838 748 4898 Vens.
783 4840 871 4895 12.
929 4860 951 4895 ι
995 4840 1196 4901 Beatus
1237 4849 1320 4901 vir
1351 4849 1445 4918 qui
1477 4850 1668 4905 suffert
1709 4854 2085 4920 tentatiouem,

507 4933 768 5005 quoniam
793 4948 916 4988 cum
943 4937 1205 5005 probatus
1223 4939 1640 5011 fuerit,accipiet
1658 4959 1914 4999 coronam
1939 4947 2084 5012 vitae,

507 5042 672 5098 quam
711 5028 1021 5096 repromisit
1047 5029 1187 5085 Deus
1215 5031 1566 5103 diligentibus
1598 5051 1676 5093 se.
1709 5039 1880 5093 stium
1906 5039 2087 5110 dupli-

507 5119 588 5171 cis
607 5120 822 5186 generis
843 5119 950 5172 sint
970 5122 1320 5190 tentationes,
1339 5127 1670 5192 utdiximus,
1694 5132 1746 5183 in
1762 5145 2089 5202 unaquaque

506 5223 696 5264 earum
731 5211 878 5267 utilis
908 5220 992 5269 est
1017 5216 1299 5283 patientia.
1328 5218 1593 5274 Cancrum
1628 5237 1835 5277 memor
1905 5235 2091 5280 uoster

507 5305 789 5372 apostolus
841 5324 859 5357 ι
917 5305 1191 5364 Orationis
1264 5309 1574 5372 Dominicar,
1639 5333 1656 5364 ι
1710 5331 1830 5383 qua:
1867 5319 2089 5372 exhibet
2129 5350 2146 5364 -

509 5399 654 5466 quod
679 5399 926 5454 securius
949 5407 1052 5465 est,
1080 5412 1134 5455 ut
1176 5411 1370 5472 nempe
1403 5419 1643 5468 oremus,
1683 5420 1750 5460 ne
1780 5406 2086 5463 incidamus

508 5489 566 5539 in
590 5472 944 5553 tentationes,
979 5492 1272 5544 reassumit
1301 5507 1396 5561 per
1436 5496 1714 5562 proposita
1737 5510 2043 5550 sermonem
2069 5516 2083 5556 :

511 5577 887 5645 declaratque,
932 5597 1182 5650 quaenam
1229 5583 1299 5636 sit
1342 5586 1588 5648 tentatio,
1627 5601 1747 5654 qua:
1779 5602 1806 5640 a
1849 5569 2085 5643 Deo-im-

510 5666 765 5731 mittitur,
792 5678 847 5722 et
875 5687 995 5740 qua:
1018 5687 1047 5726 a
1079 5672 1234 5726 nobis
1251 5674 1480 5738 oriatur,
1509 5674 1754 5745 adeoque
1784 5678 2086 5732 voluntaria

512 5769 614 5813 est.
651 5749 972 5830 Quanquam
1005 5772 1056 5817 et
1091 5775 1237 5820 recte
1268 5782 1326 5820 se
1348 5767 1524 5832 habet,
1554 5769 1596 5822 si
1632 5769 2081 5833 dieamus,Deum

591 5941 610 5975 ⁷
652 5941 755 5998 Job
804 5943 949 6009 11,4.
1028 5944 1046 5973 ⁸
1089 5942 1234 6000 Psal.
1298 5961 1480 6010 xxx",
1530 5947 1584 6001 4.

2113 4658 2168 4719 D

1661 5947 1680 5979 ’
1721 5945 1910 6001 Matth.
1945 5963 2020 6014 vt,
2058 5947 2146 6002 55.

2198 3381 2316 3433 λεία
2369 3381 2476 3431 τῶν
2525 3377 2792 3449 οὐρανῶν,
2845 3377 2941 3432 καὶ
2997 3380 3030 3447 ὴ
3081 3377 3421 3447 δικαιοσύνη.
3455 3395 3473 3428 ι
3532 3376 3741 3429 Ἔπειτα

2198 3489 2364 3543 καρτε
2377 3471 2536 3542 ρείτω
2562 3488 2625 3523 πε
2637 3471 2688 3541 pi.
2715 3469 2825 3523 τῶν
2850 3469 3108 3523 τοιούτων
3141 3469 3309 3523 αίτῶν
3331 3485 3346 3500 ·
3385 3469 3522 3524 ἀλλὰ
3568 3470 3636 3539 μὴ
3671 3466 3742 3519 ἐπ’

2195 3565 2378 3634 ὀλίγον
2405 3561 2725 3634 εὐξάμενος,
2761 3562 2923 3625 εὐθὺς
2949 3562 3304 3632 ἀναχωρείτω
3335 3562 3625 3630 (ἀλαζόνων
3653 3560 3743 3629 γὰρ

2197 3658 2400 3728 τοῦτο),
2447 3657 2584 3710 ἀλλὰ
2645 3657 2993 3726 περιμενέτω
3027 3654 3127 3724 τὴν
3149 3653 3314 3726 λῆψιν
3347 3657 3404 3709 ἐν
3447 3653 3743 3708 ταπεινώσει

2197 3752 2370 3821 ψυχῆς
2400 3750 2853 3821 προσκαρτερῶν.

2277 3864 2294 3895 ι
2343 3845 2400 3896 Ὀ
2424 3844 2478 3896 δὲ
2520 3842 2795 3906 πλούσιος,
2823 3845 2881 3896 ἐν
2915 3847 2980 3914 τῇ
3013 3842 3343 3898 ταπεινώσει
3374 3841 3561 3904 αὐτοῦ,
3588 3844 3662 3894 ὅτι
3683 3837 3742 3900 ὡς

2197 3939 2357 4001 ἄνὲος
2387 3937 2582 4009 χόρτου
2636 3936 3052 4008 παρελεύσεται.
3101 3936 3368 3990 Ἀνέτειλε
3412 3938 3520 4008 γὰρ
3550 3937 3577 3988 6
3619 3934 3741 4005 ἥλιος

2200 4033 2298 4084 σὺν
2355 4028 2430 4100 τῷ
2483 4027 2751 4092 καύσωνι,
2799 4028 2896 4080 καὶ
2949 4028 3180 4097 ἐξήρανε
3211 4027 3304 4079 τὸν
3341 4028 3560 4096 χόρτον,
3588 4021 3742 4077 καὶτὸ

2195 4121 2356 4186 ἄνθος
2389 4121 2636 4187 ἐξέπεσε.
2671 4141 2690 4172 ι
2733 4120 2920 4174 Ἀνθει
2948 4121 3143 4192 χόρτου
3170 4121 3464 4185 ἀπεικάζει
3493 4121 3580 4172 τὸν
3608 4114 3743 4169 πλού-

2193 4233 2308 4279 τον,
2360 4215 2421 4268 τὸ
2469 4215 2749 4284 ἐφήμερον
2800 4214 2966 4268 αὐτοῦ
3022 4215 3379 4283 παραστῆσαι
3428 4212 3741 4283 βουλόμενος.

2201 4327 2219 4359 ι
2259 4307 2367 4360 Καὶ
2402 4308 2435 4378 ἡ
2466 4306 2768 4376 εὐπρέπεια
2796 4304 2890 4358 τοῦ
2927 4303 3224 4377 προσώπου
3248 4303 3417 4359 αὐτοῦ
3453 4303 3736 4358 ἀπώλετο.»

2197 4398 2499 4470 Πρόσωπον
2548 4397 3008 4468 καταχρηστικῶς
3056 4398 3282 4468 εἰρηκεο
3331 4396 3490 4450 τοῦτο
3513 4399 3614 4466 γὰρ
3666 4395 3744 4446 ἐπὶ

2196 4491 2356 4560 μόνου
2384 4489 2601 4559 λέγεται
2637 4487 2928 4561 ἀνθρώπου
2964 4507 2980 4522 ο
3021 4489 3116 4542 ἐπὶ
3147 4489 3206 4542 δὲ
3235 4489 3346 4542 τῶν
3396 4488 3568 4543 ἄλλων
3604 4485 3737 4549 ζώων

2191 4582 2324 4646 οῢ.,ι
2360 4582 2518 4637 οὕτω
2549 4585 2643 4636 καὶ
2681 4584 2710 4636 6
2763 4582 3014 4644 πλούσιος
3053 4583 3111 4635 ἐν
3144 4584 3263 4646 ταῖς
3315 4581 3564 4653 πορείαις
3596 4575 3741 4633 αὐτοῦ

2197 4677 2626 4747 μαρανθήσεται.
2653 4695 2673 4728 ι
2712 4675 2962 4746 Πορείας,
2984 4675 3084 4738 τὰς
3108 4674 3250 4728 κατὰ
3276 4674 3370 4727 τόν
3399 4675 3627 4744 παρόντα
3648 4670 3744 4741 βίον

2195 4768 2466 4843 διεξόδους
2502 4770 2660 4839 φησί.

2273 4885 2291 4914 ε
2324 4863 2612 4934 Μακάριος
2642 4862 2781 4933 ἀνὴρ
2803 4863 2860 4925 ὃς
2883 4863 3145 4933 ὑπομένει
3178 4864 3510 4934 πειρασμὸν,
3557 4864 3632 4915 ὅτι
3669 4858 3744 4912 δό-

2195 4971 2358 5023 κιμος
2387 4954 2673 5023 γινόμενος
2710 4953 2942 5023 λήψεται
2969 4955 3061 5006 τὸν
3089 4954 3356 5022 στέφανον
3386 4955 3484 5024 τῆς
3516 4953 3664 5021 ζωῆς,
3691 4947 3740 5000 ὃν

2195 5043 2563 5113 ἐπηγγείλατο
2596 5045 2625 5095 ό
2657 5043 2859 5113 Κύριος
2893 5047 3005 5107 τοῖς
3045 5047 3338 5113 ἀγαπῶσιν
3370 5047 3549 5100 αὐτόν.
3581 5065 3598 5096 ι
3637 5045 3742 5094 Ar:-

2193 5136 2301 5188 τῶν
2327 5135 2497 5189 ὄντων
2558 5135 2664 5189 τῶν
2721 5137 3065 5207 πειρασμῶν,
3101 5137 3176 5200 ὡς
3212 5139 3446 5209 ἔφαμεν,
3504 5135 3743 5207 συμφέρει

2191 5229 2315 5281 καθ’
2342 5229 2605 5298 ἑκάτερον
2641 5230 2674 5296 ἡ
2705 5229 2976 5300 ὐπομονή.
3003 5227 3135 5284 Εἶτα
3162 5233 3261 5302 τῆς
3287 5233 3383 5286 τοῦ
3406 5233 3602 5304 Κυρίου
3625 5241 3743 5297 μνη·

2192 5321 2342 5383 σθεὶς
2375 5321 2559 5392 εὐχῆς,
2591 5323 2713 5384 ἥτις
2745 5323 2820 5393 μὴ
2873 5325 2953 5387 είς
2985 5325 3293 5394 πειρασμὸν
3331 5327 3579 5378 ἐκπεσεῖν
3609 5319 3740 5390 ἡμᾶς

2190 5413 2329 5477 ego;
2339 5415 2540 5482 μένους
2556 5413 2673 5483 (εἰς)
2697 5415 2758 5465 τὸ
2779 5417 3025 5482 κρεῖττον
3050 5419 3360 5487 παρεγγυᾷ,
3384 5411 3742 5481 ἐπαναλαμϐάο

2192 5519 2273 5553 νει
2300 5504 2388 5555 διὰ
2423 5502 2533 5555 τῶν
2559 5506 2942 5572 προκειμένων
2972 5509 3062 5558 τὸν
3097 5507 3276 5573 λόγον,
3313 5505 3627 5575 σαφηνὲζων,
3667 5499 3740 5559 τίς

2192 5592 2291 5660 μὲν
2323 5592 2351 5644 ὁ
2381 5592 2488 5645 ἀπὸ
2517 5593 2652 5647 Θεοῦ
2682 5596 3010 5665 πειρασμὸς,
3062 5595 3147 5659 τίς
3173 5594 3229 5648 δὲ
3268 5597 3298 5649 6
3331 5599 3458 5664 παρ’
3487 5593 3626 5664 ἡμῶν
3653 5589 3739 5641 a6-

2190 5683 2461 5755 οαίρετος.
2515 5686 2662 5756 Πλὴν
2711 5687 2892 5752 καλῶς
2952 5688 3086 5758 ἔχει,
3143 5689 3235 5741 τὸν
3286 5689 3386 5759 μὲν
3424 5688 3606 5756 Κύριον
3651 5679 3738 5732 καὶ

2187 5778 2319 5830 Θεὸν
2349 5779 2484 5849 πρὸς
2513 5781 2575 5833 τὸ
2605 5782 2998 5854 ἀσθενέστερον
3021 5783 3119 5852 τῆς
3141 5783 3492 5854 ἀνθρωπίνης
3520 5781 3734 5833 ἀποσκο-
