3950 6570
470 439 603 506 1ἶ47

1389 436 1936 499 TIlEOPHYI-.AC'I‘
1941 434 1969 495 Ι
2001 431 2415 495 ΒῐίΙιϐΑΒῐᾸΞ
2456 433 2815 495 ΑΗΟΗῘΕΡ.

3573 424 3705 490 ιιιε

466 556 514 610 si
547 554 674 625 quis
705 554 926 609 auditor
954 559 1038 608 est
1065 549 1237 611 verbi,
1268 558 1323 604 et
1356 563 1463 602 non
1494 545 1692 613 factor,
1718 547 1806 601 hic
1828 559 2051 616 compa-

2157 545 2431 616 ἀκροατὴς
2488 544 2649 614 λόγου
2699 544 2838 609 ἐστῖ,
2926 540 3023 597 καὶ
3093 542 3154 595 οὓ
3221 539 3481 611 ποιητὴς,
3560 535 3705 605 οὗτος

467 649 683 703 rabitur
711 648 827 701 viro
854 643 1220 701 consideranti
1247 641 1461 697 vultum
1506 639 1809 696 nativitatis
1846 653 1961 693 suae
1984 637 2038 692 in

468 737 715 806 speculo.
754 755 773 788 ι
820 733 1188 790 (ἶοιιείιίειιιιε
1223 750 1242 782 ι
1278 731 1486 784 vultum
1538 726 1848 783 nativitatis
1879 744 1899 778 ι
1930 732 2037 789 est,

468 826 823 896 setttetipsutn
876 840 973 896 per
1025 827 1199 894 legem
1244 835 1597 893 cognoscere,
1647 828 1703 875 et
1745 818 1867 874 ideo
1929 832 2042 872 non

469 919 606 972 dixit
632 916 1013 972 tantummodo
1048 935 1066 968 ι
1104 916 1335 977 vultum,
1365 932 1384 964 ι
1415 913 1507 968 sed
1547 931 1565 964 ι
1590 911 1799 967 vultum
1840 909 2043 963 nativi-

469 1012 633 1071 tatis;
673 1030 692 1062 ι
733 1025 826 1077 per
864 1010 1036 1079 legem
1065 1008 1209 1063 enim
1257 1006 1547 1069 discimus,
1578 1003 1769 1074 quales
1801 1001 1915 1056 nati
1946 1016 2044 1056 su-

469 1117 592 1156 mus
634 1110 688 1154 et
741 1102 1114 1172 intelligimus,
1165 1097 1357 1170 quales
1388 1105 1579 1168 postea
1624 1091 1928 1164 spiritualis
1961 1092 2045 1146 lex

467 1209 566 1264 per
589 1205 838 1249 naturam
882 1191 1324 1264 regenerationis
1355 1204 1458 1244 nos
1478 1187 1739 1243 eﬂ'ecerit.
1761 1185 1831 1239 At
1850 1186 2046 1239 deinde

470 1302 579 1341 non
615 1295 1028 1358 perseverantes
1058 1287 1113 1340 in
1161 1286 1263 1340 bac
1308 1283 1646 1353 inspectione
1684 1294 1778 1351 per
1808 1277 2043 1350 praxim,

469 1378 667 1448 ipsius,
711 1376 857 1448 quod
887 1376 1222 1447 recepimus,
1254 1373 1561 1446 spiritualis
1602 1369 1729 1426 doni
1772 1367 2049 1423 oblivisci-

471 1485 617 1525 mur.
658 1469 762 1536 Qui
802 1469 948 1524 enim
988 1483 1048 1524 se
1077 1468 1263 1538 pravis
1300 1463 1717 1536 operationibus
1748 1461 1919 1526 dedit,
1953 1475 2049 1515 ne-

472 1578 578 1633 que
611 1561 1031 1626 beneﬁciorum,
1082 1560 1285 1631 quibus
1328 1573 1448 1614 eum
1491 1555 1639 1611 Deus
1696 1554 1904 1619 aﬂ'ecit,
1937 1569 2049 1608 amo

470 1653 615 1723 plius
644 1653 1035 1708 reminiscitur.
1070 1653 1127 1706 Si
1151 1653 1296 1705 enim
1329 1648 1591 1703 memoria
1629 1653 1862 1710 teneret,
1900 1644 2050 1716 quod

471 1759 714 1814 superne
762 1744 1058 1814 regenitus,
1102 1741 1457 1813 jttstilicatus,
1493 1746 1548 1792 et
1590 1739 1731 1793 inter
1768 1739 1909 1793 filios
1955 1738 2049 1792 Dei

471 1842 763 1906 coeptatus
786 1834 880 1898 sit,
912 1832 1161 1904 profecto
1192 1845 1532 1903 nequaquam
1566 1844 1627 1883 se
1654 1828 1890 1883 traderet
1914 1843 2050 1898 ope-

2144 642 2321 695 ἐοικεν
2352 639 2507 711 ἀνδρὶ
2540 636 2891 694 κατανοοῦντι
2911 635 2972 690 τὸ
3003 634 3293 707 πρόσωπον
3324 631 3423 703 τῆς
3454 635 3705 700 γενέσεως

2144 732 2311 787 αὐτοῦ
2355 733 2412 785 ἐν
2479 731 2748 801 ἐσόπτρῳ.
2789 748 2809 782 ι
2872 758 2944 768 -
3014 745 3035 780 ι
3071 727 3369 796 Πρόσωπον
3429 728 3702 800 γενέσεω-,

2146 822 2485 898 [κατανοεῖν]
2516 842 2535 875 ι
2571 822 2633 875 τὸ
2666 821 2755 876 διὰ
2786 820 2879 875 τοῦ
2906 820 3074 888 νόμου
3108 821 3302 875 ἐαυτὸν
3324 821 3697 890 ἐπεγνωκέναι.

2145 918 2237 970 Διδ
2265 916 2361 971 xei.
2416 916 2495 987 τῷ
2523 933 2543 968 ι
2578 913 2857 986 προσώπῳ
2879 913 3128 984 ἐπήγαγε
3169 931 3187 964 ι
3227 913 3329 982 τῆς
3372 914 3643 981 γενέσεως.
3677 934 3693 967 ι

2146 1007 2248 1062 Διὰ
2295 1006 2405 1078 γὰρ
2468 1006 2561 1059 τοῦ
2616 1005 2785 1074 νόμου
2822 1002 3178 1074 μανθάνομεν
3228 999 3332 1056 οἷοι
3392 1003 3697 1073 γεγόναμεν,

2147 1100 2242 1153 καί⁵
2272 1096 2646 1166 κατανοοῦμεν
2697 1095 2846 1158 οἴους
2891 1093 3225 1164 γενομένους
3271 1096 3301 1146 ό
3354 1095 3699 1163 πνευματικδς

2147 1189 2297 1259 ἡμᾶς
2329 1186 2583 1240 ἀποτελεῖ
2627 1186 2792 1253 νόμος
2831 1184 2920 1237 διὰ
2950 1183 3045 1236 τοῦ
3086 1181 3298 1254 λυτροῦς
3322 1183 3425 1253 τῆς
3459 1183 3697 1252 παλιγγε-

2147 1279 2352 1342 νεσίας.
2384 1275 2514 1332 Εἶτα
2555 1279 2630 1350 μὴ
2665 1276 2998 1349 ἐμμένοντες
3025 1280 3093 1349 τῇ
3124 1277 3353 1349 τοιαύτη
3385 1277 3483 1349 θέᾳ
3509 1279 3592 1331 διὰ
3615 1281 3699 1350 τῆς

2150 1372 2424 1442 πράξεως,
2455 1371 2551 1424 καὶ
2603 1369 2697 1422 τοῦ
2729 1368 3068 1440 χαρίσματος
3123 1370 3606 1441 ἐπιλανθανόμεθα.
3648 1372 3698 1424 '0

2151 1463 2260 1534 γὰρ
2312 1461 2582 1533 πράξεσιν
2635 1461 2877 1524 ἐκδιδοὺς
2919 1460 3113 1514 ἐαυτὸν
3165 1462 3454 1532 πονηραῖς,
3487 1462 3602 1515 οὐδὲ
3627 1465 3698 1517 ὅτι

2149 1555 2518 1627 εὖηργέτηται
2573 1555 2725 1626 παρὰ
2778 1554 2872 1608 τοῦ
2904 1553 3041 1608 Θεοῦ
3094 1553 3449 1625 μνημονεύει.
3491 1556 3549 1609 Ei
3605 1558 3698 1627 γὰρ

2151 1648 2541 1719 ἐμνημόνευεν,
2560 1647 2643 1701 ὅτι
2659 1645 2865 1700 ἄνωθεν
2881 1645 3167 1717 ἐγεννήθη,
3183 1647 3279 1699 καί⁵
3299 1647 3606 1717 ἐδικαιώθη,
3620 1652 3701 1704 καί
3754 1642 3761 1649 ’

2153 1738 2211 1789 ἐν
2228 1736 2364 1798 υἰοῖς
2394 1735 2649 1804 ἐλογίσθη
2674 1735 2831 1800 Θεοῦ,
2864 1736 2964 1789 οὐκ
2993 1735 3056 1789 ἂν
3090 1736 3284 1790 ἐαυτὸν
3299 1732 3577 1808 παρεδίδου
3604 1742 3702 1803 τοῖς

2154 1825 2440 1881 ἀθετοῦσιν
2456 1826 2638 1897 ἔργοις
2659 1825 2952 1897 τὴνχάριν.
2973 1820 3105 1878 Ἀπδ
3124 1825 3181 1879 δέ
3205 1825 3297 1879 τοῦ
3317 1829 3572 1898 συνήθους
3596 1829 3704 1883 τού-

472 1927 644 1991 ribns,
675 1942 795 1997 quae
826 1934 1102 1996 receptam
1133 1926 1366 1997 gratiam
1405 1924 1611 1979 delent.
1640 1925 1907 1978 Caeterum
1929 1937 2052 1993 apo-

2157 1936 2249 1972 του
2295 1922 2587 1991 ἐσόπτρου,
2627 1919 2719 1972 ἐπὶ
2739 1920 2799 1970 τὸ
2828 1918 3015 1986 νοητὸν
3083 1917 3370 1989 ἔσοπτρον,
3429 1919 3702 1986 διαὸιεὰζει

471 2019 649 2073 stolus
679 2017 748 2073 ab
788 2016 993 2075 usitato
1034 2017 1284 2088 speculo,
1323 2016 1391 2071 ad
1438 2016 1726 2088 spirituale
1767 2015 2050 2085 speculum

472 2124 779 2165 sermonem
862 2107 1232 2174 transferens,
1316 2107 1549 2163 alterum
1625 2105 2053 2176 comparationis

408 2239 419 2247 .
472 2201 778 2256 membrum
802 2199 946 2255 haud
976 2199 1249 2270 expressit
1276 2219 1292 2266 ;
1319 2199 1394 2254 ita
1423 2198 1569 2254 enim
1617 2213 1677 2253 se
1709 2198 1938 2253 haberet
1970 2198 2053 2253 in-

473 2299 625 2361 tegra
653 2290 992 2359 comparatio
1049 2305 1065 2342 :
1126 2289 1183 2345 Si
1223 2290 1351 2360 quis
1391 2289 1608 2345 auditor
1653 2290 1789 2360 legis
1830 2298 1938 2352 est,
1997 2298 2052 2345 et

472 2396 581 2435 non
642 2382 837 2444 factor.
890 2380 979 2435 hic
1024 2380 1225 2437 similis
1276 2392 1361 2437 est
1412 2380 1616 2437 homini
1680 2381 2050 2437 consideranti

469 2475 681 2527 vultum
717 2488 875 2528 suum
902 2473 958 2532 in
983 2474 1237 2543 speculo;
1281 2473 1745 2544 quemadmodum
1786 2473 1930 2528 enim
1960 2473 2053 2528 ille

471 2564 842 2619 consideravit
874 2579 956 2627 se,
983 2572 1038 2618 et
1062 2564 1217 2631 abiit,
1250 2573 1306 2621 et
1335 2567 1521 2620 statim
1545 2565 1749 2622 oblitus
1776 2574 1883 2630 est,
1912 2583 2053 2636 qua—

474 2657 541 2711 lis
578 2658 743 2728 328
777 2658 912 2727 fuit;
944 2658 1017 2714 ita
1046 2675 1106 2714 se
1134 2659 1299 2713 habet
1328 2658 1438 2725 ille,
1489 2658 1581 2729 qui
1612 2673 1681 2713 ex
1715 2658 1835 2729 lege
1885 2657 2052 2713 Dlosis

473 2746 739 2803 addidicit
789 2748 863 2815 id,
908 2756 1133 2820 propter
1170 2748 1320 2821 quod
1372 2745 1557 2803 factus
1593 2749 1686 2810 sit,
1741 2762 1937 2819 nempe
1985 2749 2052 2802 a-l

472 2841 568 2895 Dei
592 2841 844 2913 gloriam,
877 2851 932 2899 et
973 2844 1204 2914 utjuxta
1239 2842 1530 2915 imaginem
1561 2843 1654 2898 Dei
1691 2841 1915 2899 factoris
1942 2845 2051 2908 sui,

470 2942 700 2999 viveret,
734 2949 794 2989 se
829 2935 1028 2989 factum
1064 2950 1205 3001 esse,
1234 2936 1534 3006 cognovit;
1565 2944 1757 3005 postea
1796 2935 1932 2990 nihil
1953 2935 2054 2990 ho-

471 3045 595 3083 rum
636 3030 785 3095 facit,
810 3030 905 3086 sed
942 3031 1130 3086 eodem
1158 3030 1323 3086 modo
1358 3046 1419 3087 se
1450 3032 1612 3102 gerit,
1643 3046 1707 3086 ac
1751 3030 1844 3101 qui
1873 3030 2054 3085 consi-

470 3123 627 3177 derat
679 3123 887 3178 vultum
940 3138 1121 3179 suum.
1185 3122 1301 3179 Hoc
1369 3123 1538 3194 igitur
1605 3124 1948 3193 exemplum,
1996 3133 2054 3176 ut

2152 2012 2445 2080 τὸνλόγον,
2507 2012 2673 2083 μηδὲν
2719 2012 3030 2080 ἀπενέγκας
3078 2011 3189 2064 τῶν
3241 2014 3321 2076 εἰς
3378 2013 3702 2085 παράδειγμα

2152 2106 2523 2176 ἀφοριζόντων
2573 2106 2635 2161 τὺ
2674 2106 2985 2176 εἰρημένον.
3032 2099 3160 2159 Οἷον
3207 2106 3293 2160 ἴνα
3343 2106 3473 2177 εἴπῃ
3512 2106 3699 2169 οὕτως*

2154 2200 2222 2254 Εἰ
2257 2218 2342 2261 τις
2405 2198 2683 2271 ἀκροατὴς
2744 2198 2909 2269 νόμου
2940 2198 3057 2251 ἐστὶ
3088 2198 3182 2251 καὶ
3205 2198 3271 2250 οὐ
3291 2198 3539 2268 ποιητὴς.
3568 2194 3705 2262 οὗτος

2155 2293 2333 2346 ἔοικεν
2347 2292 2504 2363 ἀνδρί
2531 2290 2886 2345 κατανοοῦντι
2917 2290 2979 2343 τὸ
3014 2292 3306 2362 πρόσωπον
3328 2289 3499 2343 αὑτοῦ
3522 2293 3575 2343 ἐν
3602 2292 3703 2343 ἐσό-

2154 2399 2332 2454 πτρῳ.
2364 2383 2463 2445 Ὣς
2496 2382 2606 2453 γὰρ
2643 2384 2849 2444 ἐκεῖνος
2883 2384 3215 2452 κατενόησεν
3247 2380 3442 2434 ἐαυτὸν
3466 2382 3556 2435 καὶ
3610 2383 3703 2435 ἀπ-

2156 2475 2401 2546 ελήλυθε,
2427 2475 2524 2529 καὶ
2558 2474 2718 2536 εὐθὺς
2750 2474 3049 2528 ἐπελάθετο
3097 2476 3282 2537 ὁποῖος
3308 2470 3379 2545 ἦν
3406 2490 3422 2505 ⁸
3454 2474 3590 2528 οὕτω
3626 2474 3704 2528 καὶ

2156 2563 2309 2632 οὗτος
2339 2569 2369 2620 ὁ
2393 2567 2482 2622 διὰ
2505 2566 2599 2620 τοῦ
2630 2565 2891 2629 Μωῦσέος
2922 2565 3091 2637 νόμου
3124 2567 3478 2636 κατανοήσας
3500 2566 3557 2619 τὸ
3582 2566 3705 2620 διατί

2155 2661 2402 2731 γέγονεν,
2427 2661 2509 2714 ὅτι
2534 2660 2676 2731 πρὸς
2704 2658 2864 2724 δόξαν
2888 2659 3046 2722 Θεοῦ,
3072 2660 3165 2712 καὶ
3195 2660 3255 2713 τὸ
3277 2661 3400 2714 κατ’
3428 2660 3602 2714 εἰκόνα
3623 2678 3703 2728 γε·

2156 2751 2343 2807 νέσθαι
2371 2751 2467 2805 τοῦ
2503 2752 2867 2820 πεποιηκότος
2905 2751 3066 2817 Θεοῦ,
3102 2752 3243 2822 μετὰ
3272 2752 3333 2806 τδ
3371 2754 3703 2823 κατανοῆσαι,

2156 2843 2312 2899 οὐδὲν
2337 2844 2447 2898 τῶν
2481 2843 2936 2913 κατανοηθέντων
2969 2836 3282 2915 εἰργάσατο,
3322 2844 3444 2899 ἀλλ’
3471 2843 3706 2906 ὡσαύτως

2156 2936 2231 3008 τῷ
2274 2936 2629 2990 κατανοοῦντι
2684 2934 2745 2986 τὸ
2771 2936 2965 2989 ἑαυτοῦ
3003 2936 3315 3008 πρόσωπον.
3352 2935 3539 3006 Τούτῳ
3557 2931 3709 2997 οὕτως

2158 3030 2468 3101 χρήσασθαι
2491 3030 2630 3096 δέον,
2683 3031 2784 3083 οὐκ
2818 3030 3110 3101 ἐχρήσατο.
3139 3030 3250 3084 Καὶ
3274 3029 3336 3083 οὐ
3377 3028 3552 3099 μάτην
3571 3027 3708 3081 τοῦτο

2158 3125 2308 3177 ποιεῖ
2334 3124 2363 3175 ὀ
2400 3122 2726 3187 ἀπόστολος,
2753 3124 3003 3191 συνάγων
3033 3123 3126 3176 τὸν
3152 3122 3434 3193 ἀκροατὴν
3485 3123 3575 3175 καὶ
3599 3139 3708 3174 συνο

471 3224 728 3286 eportere
773 3216 1084 3279 videbatur,
1131 3215 1450 3286 neutiquam
1508 3215 1718 3285 integre
1770 3218 2052 3285 proposuit

2160 3214 2351 3269 τείνων
2389 3216 2469 3279 εἰς
2495 3215 2557 3268 τὸ
2588 3216 2663 3286 μὴ
2691 3215 2986 3285 παρὲργως
3015 3214 3221 3268 τούτων
3250 3213 3492 3268 ἀκούειν,
3524 3215 3592 3266 Οὔ
3619 3210 3714 3283 γὰρ

471 3306 606 3362 illc:
640 3320 748 3362 non
781 3316 959 3362 tamen
1003 3308 1213 3379 absque
1241 3323 1407 3364 causa
1442 3326 1458 3364 ι
1494 3307 1705 3365 scilicet
1738 3307 1942 3378 aliquid
1968 3322 2056 3362 re-

2161 3309 2357 3360 ἐκεῖνοι
2389 3308 2653 3378 μακάριοι
2694 3308 2745 3359 εἰ
2798 3307 3092 3374 ἀκροαταὶ,
3130 3306 3246 3360 ἀλλ’
3300 3307 3349 3360 οἰ
3377 3307 3715 3368 συνάπτοντες

473 3398 694 3454 ticcndo
729 3399 1036 3456 auditorem
1067 3401 1414 3458 attentiorem
1461 3400 1692 3456 reddere
1726 3408 1781 3455 et
1815 3400 2052 3454 cveitarc

2163 3403 2231 3471 τῇ
2259 3400 2518 3471 ἀκροάσει
2551 3400 2649 3468 τὴν
2683 3398 2906 3469 πρᾶξιν.
2953 3399 3104 3451 Ἐπεὶ
3132 3398 3228 3451 καί
3244 3400 3291 3451 οἰ
3314 3399 3595 3467 Φαρισαῖοι
3609 3397 3715 3464 ἐγέ-

472 3490 667 3555 voluit,
702 3507 770 3547 ne
792 3493 967 3548 otiose
1003 3493 1107 3550 ista
1144 3494 1382 3549 audiret.
1410 3493 1530 3548 Non
1561 3493 1709 3548 enim
1747 3493 1888 3547 beati
1929 3499 2052 3547 sunt

2161 3510 2316 3545 νοντο
2350 3493 2638 3563 ἀκροατατ,
2674 3492 2788 3546 ἀλλ’
2826 3492 2949 3545 ἐπεὶ
2979 3492 3040 3545 οῦ
3077 3493 3298 3562 ποιηταὶ
3350 3488 3508 3561 ἦσαν,
3556 3491 3715 3543 οὐκέτι

473 3583 786 3651 auditores;
848 3587 943 3641 sed
1011 3586 1104 3657 qui
1170 3586 1381 3642 auditui
1434 3585 1646 3655 praxim
1703 3586 2052 3655 adiungunt:

2166 3585 2447 3656 μακάριοι.
2477 3604 2496 3637 ι
2536 3585 3041 3657 Πλραλογιζόμενοι
3085 3585 3333 3645 ἑαυτούς.
3364 3604 3383 3636 ι
3441 3584 3582 3643 ’Λντί
3614 3581 3709 3643 τοῦ,

473 3674 913 3746 quandoquidem
948 3686 1004 3733 et
1036 3678 1293 3733 Pltariszci
1345 3677 1570 3733 fuerunt
1593 3675 1912 3742 auditores;
1960 3676 2052 3730 sed

2162 3675 2562 3741 ἐξαπατῶντες,
2584 3676 3057 3747 καταφρονοῦντες
3088 3677 3187 3747 τῆς
3202 3676 3415 3729 ἑαυτῶν
3442 3673 3709 3744 σωτηρίας.

476 3770 732 3837 quoniam
757 3769 993 3827 factores
1019 3789 1128 3827 non
1160 3782 1337 3836 erant,
1366 3787 1712 3843 nequaquam
1749 3772 1895 3826 beati
1963 3779 2283 3826 evaserunt.
2326 3790 2344 3821 ι
2395 3770 2665 3827 Fallcntes
2737 3773 3139 3843 vosmetipsos;
3174 3787 3193 3822 ι
3263 3769 3367 3824 hoc
3436 3777 3537 3834 est,
3588 3766 3711 3823 deci-

474 3862 690 3933 pientes’
711 3864 1096 3934 vosmetipsos,
1130 3866 1284 3935 parvi
1332 3863 1622 3935 pcndendo
1650 3873 1886 3919 vestram
1918 3864 2192 3935 prepriam
2220 3865 2474 3920 salutem.

548 3953 713 4010 Vens.
749 3955 840 4011 24.
889 3975 907 4007 ι
949 3954 1333 4011 Consideravit
1370 3956 1516 4011 enim
1578 3972 1658 4021 se,
1702 3966 1759 4010 et
1805 3958 1958 4021 abiit,
2004 3966 2058 4012 et

475 4046 663 4101 Statim
704 4047 908 4102 oblitus
943 4054 1028 4101 est
1066 4046 1247 4117 qualis
1279 4046 1463 4102 fuerit.
1509 4066 1528 4100 ι
1565 4048 1850 4103 Auditioni
1878 4048 2060 4120 jungit

476 4138 833 4192 oblivionem.
876 4138 1146 4204 Quoniam
1177 4138 1245 4194 ad
1282 4141 1478 4196 animas
1515 4141 1747 4196 salutem
1782 4156 1891 4197 non
1937 4142 2054 4197 suf-

480 4228 594 4284 ficit
634 4229 841 4284 auditio
880 4229 1037 4301 legis,
1081 4230 1189 4286 nisi
1234 4232 1399 4286 etiam
1435 4232 1703 4302 operatio,
1743 4247 1865 4303 qua:
1901 4232 2058 4288 audi-

478 4320 683 4377 tionem
718 4321 1026 4388 conftrmct,
1058 4323 1448 4394 subsequatur.

548 4414 716 4471 Vsus.
757 4415 849 4470 25.
889 4434 907 4467 ι
932 4415 1036 4482 Qui
1074 4424 1253 4471 autem
1274 4416 1616 4486 perspexerit
1642 4416 1696 4470 in
1727 4417 1901 4486 legem
1938 4433 2060 4489 per-

2247 3976 2267 4008 ι
2304 3954 2620 4027 Κατενόησε
2655 3954 2764 4024 γὰρ
2798 3954 3011 4019 ἐαυτὸν,
3053 3953 3150 4008 καί⁸
3175 3953 3502 4024 ἀπελήλυθε,
3535 3954 3620 4006 καὶ
3636 3953 3710 4005 εὖ·

2167 4049 2305 4113 θέως
2350 4048 2647 4102 ἐπελάθετο
2688 4047 2872 4110 ὁποῖος
2917 4040 3006 4116 ἦν.
3042 4064 3062 4098 ι
3097 4047 3177 4117 Τῇ
3237 4047 3500 4117 ἀκροάσει
3533 4046 3710 4115 συνῆψε

2164 4138 2264 4211 τὴν
2289 4138 2680 4210 ἐπιλησμονὴν,
2705 4137 2781 4200 ὡς
2805 4137 2906 4190 οὐκ
2929 4134 3208 4207 ἀρκούσης
3230 4137 3398 4207 μόνης
3425 4136 3710 4208 ἀκροάσεως

2166 4230 2334 4300 νόμου
2381 4230 2517 4300 πρὸς
2575 4228 2814 4298 ψυχικὴν
2846 4228 3146 4296 σωτηρίαν,
3205 4228 3254 4280 εἰ
3308 4226 3384 4298 μη
3435 4227 3526 4279 καὶ
3576 4226 3711 4295 ποίη-

2169 4340 2254 4388 σις
2284 4321 2719 4393 ἐπακολουθήσει
2759 4322 2899 4394 πρὸς
2937 4322 3229 4393 βεϐαίωσιν
3268 4322 3371 4392 τῆς
3401 4321 3710 4392 ἀκροάσεως.

2244 4434 2264 4467 ι
2287 4416 2345 4468 '0
2363 4414 2421 4470 δὲ
2439 4432 2515 4467 πα
2524 4413 2772 4486 ρακύψας
2795 4415 2875 4474 εἰς
2895 4414 3059 4484 νόμον
3075 4412 3280 4469 τέλειον
3306 4413 3397 4466 τὸν
3415 4412 3513 4481 τῆς
3530 4409 3712 4465 ἐλευθεο

478 4507 675 4563 fectam
711 4506 1005 4571 libertatis,
1033 4518 1088 4562 et
1119 4504 1485 4577 permanserit
1508 4508 1560 4562 in
1587 4523 1672 4572 ea,
1704 4524 1811 4562 non
1840 4510 2052 4566 auditor

2169 4516 2292 4587 ρὶας
2323 4514 2418 4568 καὶ
2437 4512 2806 4585 παραμείνας,
2836 4506 2991 4575 οὗτος
3012 4513 3112 4565 οὐκ
3135 4507 3415 4581 ἀκροατὴς
3445 4509 3710 4578 ἐπιλησμο-

477 4598 784 4653 obliviosus
827 4597 1028 4664 factus,
1062 4599 1157 4654 sed
1196 4601 1370 4654 factor
1403 4600 1609 4668 cperis.
1652 4600 1744 4653 hic
1787 4601 1975 4658 beatus
2004 4603 2052 4656 in

2166 4605 2261 4676 νῆς
2278 4604 2590 4674 γενόμενος,
2604 4602 2741 4657 ἀλλὰ
2755 4601 2981 4674 ποιητὴς
3000 4601 3186 4673 ἔργου,
3217 4594 3373 4660 οὗτος
3398 4601 3651 4671 μακάριος
3665 4601 3711 4651 ἐν

479 4689 628 4745 facto
655 4704 757 4744 suo
778 4690 905 4745 erit.
941 4708 960 4742 ι
988 4718 1061 4730 -
1087 4708 1106 4741 ι
1143 4689 1247 4756 Qui
1282 4691 1623 4761 perspexerit
1655 4690 1757 4761 (9),
1800 4710 1820 4744 ι
1854 4693 2048 4763 inquit,

2162 4698 2227 4767 τῇ
2278 4695 2496 4766 ποιήσει
2520 4692 2689 4748 αὐτοῦ
2707 4692 2883 4747 ἐσται.
2919 4711 2939 4745 ι
2974 4710 3083 4742 -ι
3115 4690 3476 4761 Παρακὺψας,
3509 4711 3526 4742 ι
3560 4686 3710 4750 εἶπεν,

477 4793 688 4846 etnon,
726 4780 827 4847 Qui
863 4782 1144 4851 ingressus
1186 4781 1370 4837 fuerit.
1418 4782 1736 4852 Spiritualis
1780 4785 1924 4838 enim
1949 4784 2055 4853 lex,

478 4890 605 4931 eum
640 4874 845 4944 ubique
878 4874 1138 4929 eximium
1162 4881 1213 4929 et
1245 4890 1501 4945 magnum
1532 4876 1663 4946 quid
1691 4877 1961 4944 praeferat,
1990 4892 2057 4933 ex

478 4964 693 5019 modica
716 4965 878 5019 etiam
910 4965 996 5020 sui
1044 4966 1485 5022 consideratione
1542 4978 1720 5037 potest
1763 4969 2059 5037 quemlibet

478 5056 545 5111 ad
571 5072 630 5111 se
652 5057 826 5127 ipsam
847 5057 1089 5113 allicere.
1123 5057 1421 5128 Postquam
1447 5075 1576 5115 vero
1614 5059 1777 5124 dixit,
1809 5080 1828 5112 ι
1861 5059 2057 5126 Legem

479 5147 802 5219 perfectam,
837 5167 856 5200 ο
897 5149 1104 5213 subdit,
1138 5168 1156 5200 ι
1195 5150 1486 5214 libertatis,
1527 5168 1544 5201 ι
1580 5158 1639 5203 ιιι
1685 5150 1856 5220 ipsius
1893 5151 2060 5205 liber-

481 5241 607 5294 tatis
636 5241 818 5295 dotem
869 5241 1226 5311 significarct.
1277 5240 1385 5296 Lex
1439 5242 1584 5296 enim
1630 5242 1826 5296 Christi
1875 5257 1999 5296 cmn
2033 5257 2061 5295 a

482 5333 770 5400 servitute,
798 5349 919 5404 qua:
957 5334 1261 5388 secundum
1309 5349 1531 5389 carnem
1581 5346 1688 5397 est,
1728 5334 2065 5398 liberaverit,

482 5426 831 5481 accedentem
856 5426 921 5481 ad
944 5442 1004 5482 se
1029 5427 1084 5481 in
1115 5428 1361 5483 libertate
1389 5426 1679 5482 constituit
1707 5442 1722 5477 :
1750 5441 1859 5496 quo
1893 5426 2061 5480 illicio

481 5534 607 5575 eum
646 5522 996 5575 attentioretn
1040 5521 1242 5584 reddit,
1283 5532 1447 5590 atque
1497 5522 1565 5575 ab
1611 5521 1905 5585 oblivione,
1938 5536 2060 5589 quae

483 5611 627 5667 bona
651 5614 834 5665 omnia
869 5611 1194 5682 corrumpit,
1235 5612 1449 5667 liberat.

2167 4786 2287 4840 ἀλλ’
2309 4787 2431 4853 οὐκ,
2458 4784 2732 4840 Εἰσελθὼν
2759 4802 2775 4818 ο
2824 4784 2993 4854 ὑπὲρ
3051 4786 3427 4856 πνευματικὸς
3463 4783 3635 4852 νόμος.
3663 4778 3712 4831 τδ

2170 4879 2362 4947 ἐφετὸν
2398 4880 2674 4951 πανταχοῦ
2693 4880 2787 4934 καὶ
2819 4880 3112 4950 μεγαλεῖον
3135 4881 3296 4951 ἔχων,
3330 4880 3425 4933 καὶ
3446 4877 3540 4932 ἀπ’
3568 4875 3714 4940 αὐτῆς

2167 4971 2269 5040 τῆς
2300 4971 2559 5042 βραχείας
2586 4972 2839 5043 ἐντυχίας
2884 4966 3029 5025 οἶδεν
3064 4970 3414 5040 ἐφέλκεσθαι,
3451 4967 3623 5023 Εἰπὼν
3647 4966 3709 5030 δέ,

2176 5083 2195 5119 ι
2228 5066 2411 5136 Νόμον
2454 5064 2678 5134 τέλειον,
2715 5086 2734 5119 ι
2800 5068 3098 5139 ἐπήνεγκε,
3138 5085 3156 5117 ι
3197 5065 3298 5136 τῆς
3352 5062 3666 5132 ἐλευθερίας.
3692 5074 3710 5108 ν

2170 5159 2270 5230 τὴν
2300 5159 2617 5230 ἐλευθερίαν
2643 5160 2916 5231 ἐπίσημον
2945 5159 3108 5213 αὑτοῦ
3145 5157 3487 5227 ποιούμενος.
3530 5153 3587 5207 ’0
3624 5151 3715 5219 γὰρ

2174 5251 2317 5305 κατὰ
2355 5251 2593 5322 Χριστὸν
2616 5252 2779 5314 νόμος
2811 5252 2906 5321 τῆς
2942 5268 3007 5303 πε
3019 5251 3071 5323 pi
3097 5250 3194 5321 τὴν
3224 5249 3403 5319 σάρκα
3430 5240 3714 5306 ἀπαλλάξας

2173 5342 2439 5408 δουλείας,
2471 5344 2529 5397 ἐν
2556 5341 2841 5415 ἐλευθερίᾳ
2861 5346 2948 5396 τὸν
2973 5342 3269 5412 προσιόντα
3304 5339 3604 5409 καθίστησι,
3637 5334 3712 5387 καὶ

2170 5435 2258 5489 διὰ
2288 5435 2348 5490 τὸ
2375 5437 2705 5508 ἐλευθέριον,
2761 5435 2857 5488 καὶ
2888 5435 3250 5505 προσεκτικὸν
3295 5432 3583 5503 εἰργάσατο
3606 5423 3708 5478 τοῦο

2170 5541 2285 5588 τον,
2319 5527 2410 5579 καὶ
2437 5528 2531 5596 τῆς
2568 5525 2629 5577 ἓν
2640 5526 2975 5596 μαινομένης
2999 5526 3177 5579 ἅπασι
3206 5526 3320 5586 τοῖς
3354 5523 3531 5584 καλοῖς
3556 5512 3706 5584 πῆλ’

2168 5613 2330 5681 λαξεν
2362 5616 2756 5687 ἐπιλησμονῆς.

1722 5726 2023 5788 Bnnifacii
2063 5726 2287 5790 Finetti
2338 5736 2528 5790 noue.

556 5827 638 5899 (9)
679 5823 921 5883 Verbum
953 5828 1544 5900 mpmtimwpropric
1575 5827 2056 5895 siguili-:at,obilcr
2092 5835 2141 5880 et
2162 5842 2253 5895 per
2280 5837 2619 5884 transennam
2650 5830 2882 5895 intueri;
2929 5831 3019 5886 cui
3092 5824 3483 5900 signiﬁcationi
3548 5820 3699 5875 ttititut

487 5898 725 5971 sequcns
754 5898 1204 5955 commentator-is
1232 5898 1651 5953 animadversio.
