3950 6592
266 451 411 519 “£9

1084 457 1490 520 EXPOSITIO
1526 456 1608 518 IN
1639 454 1878 518 EPIST.
1913 456 1977 517 S.
2004 455 2285 517 JACOBI-
2316 482 2384 493 --
2418 459 2576 521 CAP.
2628 460 2677 520 Ι.

3392 457 3526 523 1150

342 583 366 619 ε
403 564 475 619 Εἴ
491 583 574 628 τις
610 565 756 618 δοκεῖ
799 563 1037 636 θρῆσκος
1066 538 1206 619 εῖνῶ.
1244 568 1304 619 ἐν
1333 566 1485 636 ὑμῖν,
1525 564 1600 635 μὴ
1661 564 1842 634 χαλινο

2018 563 2188 622 Vens.
2223 565 2312 621 26.
2359 586 2377 618 ι
2414 566 2471 623 Si
2505 566 2634 637 quis
2674 574 2858 622 aufem
2889 573 3060 638 putat,
3103 582 3162 624 se
3209 568 3522 639 religiosum

257 659 492 729 αγαγῶν
513 657 769 727 γλῶσσαν
798 658 1018 722 ἑαυτοῦ,
1054 657 1169 712 ἀλλ’
1203 658 1431 713 ἀπατῶν
1466 657 1692 728 καρδίαν
1714 658 1842 709 ἑαυ-

254 751 381 817 τοῦ,
451 749 644 804 τούτου
728 750 959 821 μάταιος
1054 752 1081 822 ί)
1141 750 1427 823 θρησκεία.
1482 768 1500 801 ι
1592 747 1843 817 Θρῆσκός

258 846 380 897 ἐστι
425 843 579 914 παρά
621 842 899 907 Ἰουδαίοις
932 845 959 897 6
996 842 1180 896 πίστιν
1244 841 1384 912 ἔχων
1444 841 1502 893 ἐν
1553 839 1733 910 ἔργοις
1763 836 1842 908 τῷ

252 935 437 990 δοκεῖν
470 935 867 1006 ἀδημοσίευτον
888 952 901 967 ο
935 934 1032 989 καὶ
1063 933 1250 1005 ἐπειδὴ
1288 933 1433 1003 μέγα
1479 931 1743 1002 ἐφρόνουν
1793 930 1841 982 oi

256 1027 514 1080 Ἰουδαῖοι
546 1029 666 1091 ταῖς
700 1027 1142 1097 παρατηρήσεσι,
1177 1026 1272 1079 καὶ
1299 1027 1358 1077 ὲν
1391 1026 1616 1087 ταῦταις
1641 1022 1701 1076 τὸ
1732 1023 1842 1075 πᾶν

255 1120 359 1187 τῆς
391 1118 520 1187 περὶ
547 1117 679 1170 Θεὸν
713 1117 996 1181 εὐσεϐείας
1042 1115 1344 1184 κατορθοῦν
1378 1114 1565 1187 ᾤοντο,
1590 1115 1683 1167 καὶ
1713 1114 1843 1183 περὶ

256 1206 462 1268 ταύτας
487 1206 874 1277 ἀσχολούμενοι
902 1206 1092 1274 μόνας,
1111 1206 1294 1268 αὐτοῖς
1310 1206 1369 1259 :6
1395 1205 1664 1276 μακάριον
1685 1222 1750 1257 πε
1758 1222 1844 1277 ρι-

259 1298 440 1349 ποιεῖν
494 1296 835 1365 ἐλογίζοντο·
895 1298 1029 1368 πρδς
1064 1297 1120 1351 δὲ
1170 1299 1296 1362 τοὺς
1320 1297 1514 1360 ἄλλους
1554 1298 1842 1353 ὀνειδιστι»

258 1383 509 1454 κώτερον
533 1386 815 1452 διέκειντο,
843 1385 917 1449 ὡς
946 1385 1102 1454 δῆλον
1126 1388 1234 1442 ἀπὸ
1267 1388 1359 1442 τοῦ
1395 1391 1450 1442 ἐν
1486 1389 1843 1458 Εὐαγγελίοις

257 1476 582 1546 Φαρισαίου,
620 1476 714 1529 καὶ
750 1470 825 1529 ὧν
874 1479 1003 1549 ’περὶ⁹
1054 1477 1150 1531 τοῦ
1203 1479 1435 1532 τελώνου
1485 1479 1843 1550 ἀπηυθαδιά-

260 1584 402 1619 caro
422 1583 437 1597 '
468 1566 671 1637 ταύτην
691 1566 789 1639 τὴν
817 1568 993 1639 οἴησιν
1013 1569 1395 1623 καταστέλλων
1425 1572 1454 1622 6
1474 1570 1768 1633 ἀπόστολος
1780 1571 1841 1624 :6

260 1658 626 1729 προκείμενόν
658 1674 824 1729 φησι·
866 1659 1126 1731 μνησθεὶς
1160 1660 1268 1732 γὰρ
1323 1679 1342 1712 t
1372 1661 1596 1731 ποιητοῦ
1640 1661 1840 1732 ἔργων,

260 1750 360 1804 καὶ
390 1751 706 1822 μακαρίσας
733 1750 921 1813 αὑτὸν,
950 1752 1342 1823 ἐπανορθοῦται
1390 1753 1550 1815 εὐθὺς
1584 1754 1677 1808 καὶ
1705 1753 1764 1806 τὸ
1785 1755 1842 1807 ὲν

259 1845 327 1915 τῇ
380 1845 597 1916 ποιήσει
649 1844 801 1915 παρά
831 1847 945 1908 τοῖς
979 1844 1194 1908 πολλοῖς
1249 1844 1620 1915 ἐπιφυόμενον
1650 1847 1838 1913 κακὸν,

1949 673 2093 724 esse,
2124 673 2233 713 non
2268 656 2556 721 refrenans
2598 659 2841 731 linguam
2884 674 3065 727 suam,
3110 658 3206 715 sed
3256 658 3526 716 seducens

1948 765 2046 806 cor
2085 766 2244 807 suum
2277 792 2291 814 ,
2347 750 2514 821 hujus
2606 765 2745 806 vana
2790 760 2873 807 est
2938 751 3149 822 religio.
3190 769 3208 803 I
3287 749 3527 821 Religio-

1949 859 2046 900 sus
2076 844 2406 900 censebatur
2439 842 2582 913 apud
2615 841 2860 908 Judaeos,
2883 844 2979 913 qui
3008 842 3172 897 iidem
3205 839 3444 896 habebat
3468 839 3523 892 in

1949 933 2210 1003 operibus
2245 933 2360 1003 (10)
2399 939 2693 1002 propterea
2733 932 2878 1003 quod
2911 932 2957 987 is
2998 933 3082 987 vir
3110 930 3252 985 haud
3285 929 3526 1000 vulgaris

1950 1024 2287 1082 conditionis
2331 1025 2630 1080 videretur.
2671 1025 2739 1079 Et
2792 1026 3054 1095 quoniam
3096 1023 3267 1078 Judaei
3304 1032 3527 1094 propter

1951 1118 2151 1190 legales
2189 1118 2570 1174 observantiae
2595 1118 2663 1172 de
2687 1134 2747 1174 se
2777 1117 3063 1189 magniﬁce
3089 1116 3422 1180 sentiebant,
3466 1113 3521 1167 in

1949 1212 2138 1282 eisque
2178 1224 2397 1265 omnem
2426 1224 2555 1279 erga
2590 1209 2760 1263 llenm
2805 1210 3057 1278 pietatem
3090 1210 3252 1263 sitam
3272 1221 3398 1262 esse
3422 1221 3526 1276 pn-

1951 1300 2181 1363 tabant;
2213 1297 2462 1367 adeoque
2496 1296 2604 1351 illis
2640 1296 3021 1351 tantummodo
3048 1309 3268 1365 operam
3304 1295 3523 1354 dantes.

1949 1407 2008 1447 se
2030 1390 2423 1445 beatitudinem
2451 1397 2808 1444 assecuturos
2835 1386 3276 1444 arbitrabantur.
3312 1384 3525 1440 etalios

1949 1484 2188 1554 superbe
2212 1482 2592 1553 deSpiciebant
2625 1495 2690 1535 ac
2723 1479 3131 1550 vituperabant,
3194 1487 3257 1532 ut
3285 1485 3433 1547 patet
3458 1492 3527 1533 ex

1951 1579 2019 1634 iis
2044 1592 2164 1648 quae
2192 1576 2504 1629 Pharisaeus
2528 1573 2832 1643 Evangelii,
2870 1567 3525 1640 adversns‘publicanum

1949 1678 2272 1741 arroganter
2303 1668 2531 1738 protulit
2578 1684 2591 1719 :
2628 1681 2874 1720 errorem
2921 1665 3068 1720 hunc
3111 1672 3170 1718 ut
3196 1662 3529 1718 convelleret

1951 1762 2251 1832 apostolus,
2284 1761 2445 1814 allata
2483 1759 2647 1815 verba
2712 1758 2873 1814 dixit.
2928 1757 3066 1814 Cum
3111 1754 3258 1811 enim
3300 1751 3529 1808 factoris

1949 1871 2175 1928 operum
2248 1853 2582 1909 mentionem
2657 1852 2913 1916 fecisset,
2973 1864 3211 1921 eumque
3307 1848 3527 1903 beatum

253 1934 352 1990 καί
381 1951 568 2004 φησιν,
593 1936 675 1990 ὅτι
701 1938 794 2007 Μὴ
839 1936 1212 2007 ὑπολάμϐανε,
1244 1939 1272 1991 6
1306 1938 1415 1990 ἀπὸ
1443 1939 1543 2008 τῆς
1570 1940 1844 2002 ποιήσεως

1951 1946 2324 2018 praedicasset.
2366 1945 2553 2003 statim
2604 1944 2834 2015 corrigit
2873 1943 3101 2007 malum,
3154 1939 3300 2010 quod
3331 1935 3530 1994 exinde

252 2026 350 2081 τοῦ
372 2027 539 2096 νόμου
565 2027 768 2098 αὐχῶν,
804 2027 866 2080 τὸ
900 2032 1172 2098 μακάριον
1195 2029 1333 2082 κατὰ
1362 2030 1531 2100 μόνην
1563 2032 1664 2099 τὴν
1686 2031 1841 2102 ποίη-

255 2135 346 2173 σιν
375 2119 542 2189 ἔχειν.
583 2120 657 2173 Οὐ
691 2121 799 2191 γάρ
829 2120 1125 2174 ἀποδεκτον
1154 2121 1315 2174 τοῦτο
1356 2121 1508 2194 Θεῷο
1541 2123 1655 2176 ἀλλ’
1696 2125 1841 2178 ὲκεί-

255 2228 351 2271 νος
380 2211 703 2276 ἀποδεκτδς,
738 2213 766 2264 6
799 2215 969 2269 ποιῶν
1002 2213 1124 2284 μὲν,
1172 2216 1249 2286 μὴ
1271 2215 1330 2280 ἐξ
1362 2218 1591 2287 οἰήσεως
1616 2217 1672 2271 δὲ
1701 2218 1841 2271 ὀνει-

254 2304 514 2368 διστικῶς
546 2308 660 2371 τοῖς
696 2305 771 2377 μὴ
802 2307 1015 2362 ποιοῦσι
1046 2308 1367 2380 φερόμενος.
1395 2309 1469 2362 Τὸ
1507 2309 1589 2375 δὲ,
1632 2328 1650 2361 σ
1674 2310 1841 2364 Ἀπα-

253 2395 367 2450 τῶν
395 2394 625 2467 καρδίαν
661 2396 878 2461 ἑαυτοῦ,
916 2417 934 2450 ι
970 2400 1156 2466 οἱονεὶ,
1188 2402 1525 2473 Κατάγχων,
1548 2404 1646 2455 καὶ
1664 2403 1741 2472 μὴ
1777 2405 1836 2469 ἐξ

255 2488 490 2557 οίὴσεως
547 2489 622 2552 ὡς
651 2508 670 2542 t
723 2491 953 2563 ποιητὴς
987 2492 1153 2562 νόμου
1194 2510 1213 2545 ι
1267 2493 1494 2547 ἀπατῶν
1533 2494 1840 2565 συνείδησιν

257 2579 451 2633 αὐτοῦ.
485 2578 658 2634 Τοῦτο
679 2581 842 2652 γάρή
872 2582 1070 2653 καρδία
1099 2581 1349 2652 βούλεται
1380 2584 1615 2640 ἐνταῦθα
1636 2585 1842 2656 σημαί-

255 2688 393 2738 νειν,
421 2672 497 2736 ὡς
531 2674 624 2726 καὶ
652 2674 710 2725 ἐν
737 2673 838 2744 τῷ,
871 2693 890 2726 ι
941 2674 1187 2746 Καρδίαν
1240 2679 1714 2748 συντετριμμένην
1746 2678 1842 2731 καὶ

254 2765 756 2838 τεταπεινωμένην.
795 2786 815 2819 ι

1948 2038 2113 2110 329
2139 2039 2392 2109 cuiquam
2439 2035 2699 2106 subnasci
2728 2040 2930 2105 potest,
2974 2030 3203 2102 perinde
3237 2044 3304 2084 ae
3345 2028 3392 2084 si
3442 2025 3531 2081 di-

1948 2142 2096 2190 ceret
2127 2147 2141 2185 :
2173 2131 2251 2187 Ne
2285 2141 2467 2199 putes,
2501 2129 2816 2200 quicunque
2845 2141 2907 2180 ex
2949 2123 3210 2195 operibus
3245 2120 3383 2190 legis
3411 2117 3528 2187 glo-

1949 2224 2132 2285 riaris,
2168 2231 2222 2278 te
2263 2223 2482 2278 beatum
2532 2227 2755 2289 propter
2790 2214 3106 2286 huiusmodi
3146 2226 3313 2282 opera
3355 2208 3472 2262 fore
3507 2222 3522 2259 :

1947 2329 2058 2369 non
2106 2313 2250 2369 enim
2288 2313 2390 2366 hoc
2438 2311 2579 2366 satis
2627 2315 2734 2373 est,
2779 2315 2840 2361 ut
2864 2312 3124 2375 acceptus
3155 2303 3233 2359 sis
3269 2303 3401 2356 Deo.
3430 2298 3527 2353 ille

1948 2406 2095 2461 enim
2140 2412 2398 2473 acceptus
2446 2400 2827 2457 tantummodo
2878 2406 2987 2462 est,
3036 2395 3130 2467 qui
3172 2408 3296 2450 cum
3355 2390 3528 2446 multa

1946 2497 2088 2553 bona
2118 2504 2399 2566 operetur,
2450 2509 2563 2548 non
2590 2500 2775 2547 tamen
2800 2489 3009 2545 idcirco
3031 2503 3096 2543 ex
3130 2501 3270 2542 vana
3301 2484 3388 2541 sui
3418 2483 3531 2539 exi-

1946 2589 2266 2646 stimatione
2290 2587 2529 2658 despicit
2572 2585 2736 2650 alios,
2769 2582 2861 2653 qui
2902 2581 3094 2637 eadem
3132 2594 3243 2634 non
3289 2591 3528 2647 operanc

1948 2687 2061 2735 tur.
2111 2679 2247 2734 lllud
2299 2687 2481 2734 autem
2519 2695 2539 2729 ι
2575 2673 2864 2731 Seducens
2917 2688 3016 2728 cor
3048 2690 3068 2724 ι
3105 2666 3528 2739 intelligendum

1948 2780 2056 2834 est,
2086 2784 2150 2824 ac
2188 2769 2236 2824 si
2268 2767 2500 2834 diceret,
2543 2764 2837 2836 Jugulans.
2874 2770 2933 2818 et
2967 2775 3035 2815 ex
3081 2757 3249 2812 animi
3289 2755 3529 2810 elatione

255 2865 520 2929 tanquam
563 2874 583 2912 ι
622 2861 797 2916 factor
838 2860 996 2932 legis,
1045 2880 1068 2915 ι
1111 2861 1396 2932 decipiens
1439 2862 1838 2919 conscientiam
1880 2879 2077 2932 suam;
2124 2863 2269 2918 banc
2298 2864 2446 2918 enim
2496 2860 2601 2916 hoc
2649 2861 2772 2915 loco
2840 2855 3115 2928 signiﬁcat
3156 2866 3276 2919 cor,
3340 2864 3536 2922 quem-

253 2950 552 3006 admodum
585 2965 791 3009 etcum
842 2953 1046 3009 dicitur
1071 2953 1116 2987 “
1152 2971 1166 3008 :
1209 2973 1228 3007 ι
1271 2954 1383 3010 Cor
1415 2957 1745 3019 contritum,
1781 2965 1837 3011 et
1874 2956 2240 3013 humiliatum.
2271 2973 2291 3005 ι

335 3066 356 3101 t
395 3048 679 3119 Θρησκεία
726 3049 946 3121 καθαρά
974 3051 1067 3104 καὶ
1117 3050 1377 3121 ἀμίαντος
1423 3050 1576 3123 παρὰ
1603 3052 1723 3123 Θεῷ
1751 3052 1846 3108 καὶ

254 3140 438 3212 Πατρὶ
489 3141 630 3210 αὕτη
683 3141 849 3208 ἐστιν,
886 3143 1287 3196 ἑπισκέπτεσθε
1313 3143 1479 3216 [vulg.
1505 3174 1577 3185 —
1601 3143 1716 3216 θαι]
1744 3145 1842 3214 ὀρ-

254 3232 462 3301 φανοὺς
489 3233 584 3286 καὶ
610 3233 785 3304 χήρας
809 3234 867 3286 ὲν
893 3235 961 3304 τῇ
994 3232 1171 3303 θλίψει
1198 3235 1397 3288 αὐτῶν.
1438 3252 1457 3284 ι
1493 3233 1559 3286 Ἢ
1579 3232 1845 3304 θρησκεία

254 3324 421 3379 πλέον
449 3341 502 3378 τι
534 3324 684 3379 δοκεῖ
721 3325 820 3395 τῆς
861 3326 1098 3389 πίστεως
1137 3325 1302 3396 ἔχειν.
1357 3326 1616 3398 Κρυφίων
1672 3323 1836 3378 τινῶν

254 3412 464 3482 γνῶσιν
491 3412 601 3482 γὰρ
637 3413 697 3467 τὸ
719 3413 890 3484 ὄνομα
919 3414 1339 3482 ἐπαγγέλλεται,
1384 3416 1476 3468 καὶ
1512 3414 1841 3484 βεϐαιότητα
1868 3447 1913 3509 C

255 3505 372 3558 τῶν
407 3504 549 3559 κατὰ
580 3505 767 3559 πίστιν
822 3507 1296 3579 ἐνθεωρουμένων.
1327 3506 1426 3561 Διά
1454 3506 1667 3560 τοιοῦτο
1691 3507 1787 3560 καὶ
1815 3507 1844 3558 6

257 3596 585 3660 Ἀπόστολος
616 3601 681 3668 τῇ
723 3597 866 3662 λέξει
900 3598 1070 3671 ταύτῃ
1097 3600 1390 3670 ἐχρήσατο,
1436 3616 1455 3650 ι
1508 3598 1781 3669 Θρῆσκος,
1819 3617 1839 3648 ι

255 3690 453 3759 εἰπὼν,
507 3691 697 3762 ὥσπερ
734 3695 781 3747 εἰ
819 3693 1005 3761 ἔλεγε·
1056 3691 1310 3763 Γνώστην
1356 3690 1549 3747 ἑαυτὸν
1597 3693 1699 3747 οἴει
1737 3692 1847 3746 τῶν

256 3785 595 3856 ἀπορρήτων
647 3786 704 3837 ἐν
749 3786 826 3856 τῷ
855 3787 1003 3856 νόμῳ
1036 3784 1132 3839 καὶ
1158 3784 1365 3857 ἀκριϐῆ
1406 3783 1646 3854 φύλακα.
1682 3785 1838 3849 Πῶς,

254 3874 317 3940 ὃς
351 3876 454 3946 τὴν
485 3874 738 3944 γλῶσσαν
778 3877 878 3930 οὐκ
921 3877 1215 3930 ἐπίστασαι
1249 3876 1669 3948 χαλιναγωγεῖν,
1716 3894 1847 3932 κατ-

256 3970 488 4039 ηγορεῖς
517 3968 611 4022 τοῦ
643 3969 892 4039 πλησίον,
926 3971 1017 4023 καὶ
1040 3971 1427 4041 ὑπεροπτικῶς
1454 3970 1720 4036 διαϐιοὺς,
1754 3972 1845 4025 οὖα

256 4057 386 4112 δένα
418 4059 527 4111 τῶν
576 4059 932 4131 ἀπορούντων
970 4060 1261 4132 οἰκτείρεις
1284 4076 1298 4090 ’
1331 4061 1426 4114 τοῦ
1481 4061 1650 4131 νόμου
1702 4061 1844 4131 μήτε

258 4150 356 4205 τὸν
389 4150 802 4204 καταλαλοῦντα
834 4152 1223 4222 προσιεμένου.
1266 4153 1403 4206 ἀλλὰ
1439 4156 1531 4206 καὶ
1572 4154 1699 4211 τοὺς
1755 4155 1848 4223 ἐχ-

262 4242 432 4314 θροὺς
469 4242 763 4314 οἰκτείρειν
821 4243 1167 4310 κελεύοντοςς
1224 4246 1396 4316 Εἴπερ
1459 4240 1553 4298 οὖν
1614 4244 1847 4315 Θρῆσκος

260 4328 404 4389 εἶναι
455 4334 659 4403 βούλει,
691 4335 766 4406 μὴ
805 4336 862 4389 ἐν
919 4339 985 4408 τῇ
1017 4338 1323 4406 ἀναγνώσει
1368 4336 1465 4391 τοῦ
1510 4337 1676 4407 νόμου
1727 4337 1848 4389 ἑπι-

258 4431 513 4487 δείκνυσο
538 4434 629 4486 τὸν
658 4432 924 4505 θρῆσκον,
970 4433 1087 4488 ἀλλ’
1127 4436 1184 4487 ὲν
1216 4436 1284 4505 τῇ
1318 4435 1555 4505 ποιήσει.
1593 4429 1764 4485 Τοῦτο
1789 4429 1847 4484 δέ

260 4525 403 4587 ἐστι.
468 4525 531 4578 τὸ
558 4526 683 4588 τοὺς
744 4526 976 4598 πλησίον
1015 4526 1332 4596 οίκτείρειν.
1369 4526 1428 4580 '0
1488 4528 1596 4596 γὰρ
1628 4528 1708 4590 είς
1752 4527 1846 4580 τὸν

262 4616 498 4687 πλησίον
531 4619 846 4690 οίκτειρμδς
891 4617 1229 4690 ἀφομοίωσίς
1254 4619 1370 4671 ἐστι
1391 4619 1529 4689 πρὸς
1562 4617 1653 4670 τὸν
1686 4618 1844 4674 Θεόν.

271 4728 291 4763 t
327 4710 552 4764 Γίνεσθε
583 4710 715 4783 γάρ,
745 4713 933 4783 φησὶν,
964 4709 1333 4781 οἰκτίρμονες,
1357 4709 1435 4772 ὡς
1469 4711 1566 4764 καὶ
1594 4710 1849 4781 ὀρΠατὴρ

2023 3045 2192 3108 Vens.
2221 3050 2314 3106 27.
2353 3068 2373 3103 ι
2408 3046 2624 3119 Religio
2662 3044 2890 3107 munda,
2917 3050 2975 3099 et
3013 3038 3365 3097 immaculata
3388 3035 3533 3101 apud
3640 3045 3645 3050 '

1948 3143 2119 3200 Deum
2143 3151 2202 3199 et
2248 3142 2464 3198 Patrem
2497 3141 2612 3197 hac
2645 3149 2752 3208 est,
2799 3136 3027 3192 visitare
3070 3133 3312 3206 pupillos
3368 3138 3424 3186 ct
3451 3131 3534 3184 vi-

1945 3235 2085 3291 duas
2113 3235 2167 3289 in
2208 3234 2569 3291 tribulatione
2613 3246 2829 3289 eorum.
2862 3248 2883 3283 ι
2917 3226 3200 3300 Θρησκεία
3249 3227 3268 3297 (
3303 3219 3529 3292 religio)

1944 3329 2069 3401 plus
2116 3327 2327 3397 aliquid
2369 3326 2671 3396 importare
2714 3322 2958 3385 videtur,
3000 3334 3165 3390 quam
3209 3316 3370 3372 ﬁdes.
3413 3312 3532 3369 Vox

1945 3419 2091 3475 enim
2121 3417 2435 3489 huiusmodi
2471 3414 2817 3472 occultorum
2868 3412 3123 3469 notitiam
3174 3410 3423 3472 denotat,
3457 3406 3532 3462 si-

1950 3511 2170 3579 mulque
2201 3511 2252 3563 in
2290 3510 2381 3575 iis,
2415 3524 2537 3578 quae
2570 3522 2670 3578 per
2691 3506 2851 3561 fidem
2892 3511 3325 3574 cognoscuntur,
3361 3497 3535 3552 ﬁrmi-

1948 3611 2115 3658 tatem
2146 3602 2281 3669 (ll).
2314 3599 2526 3656 Idcirco
2571 3600 2737 3656 etiam
2777 3599 3060 3669 apostolus
3099 3595 3203 3650 hac
3232 3608 3366 3648 voce
3397 3606 3531 3647 usus

1947 3704 2052 3758 est,
2091 3713 2111 3746 ι
2152 3693 2489 3765 Religiosum
2522 3712 2542 3744 ›
2589 3692 2828 3757 dicens;
2876 3705 2940 3744 ac
2992 3689 3038 3744 si
3070 3687 3300 3752 diceret,
3333 3680 3537 3754 Cogni-

1950 3795 2126 3841 torem
2177 3791 2231 3839 te
2264 3797 2427 3854 putas
2453 3796 2783 3838 arcanorum
2816 3780 2975 3851 legis,
3004 3786 3059 3833 et
3098 3775 3399 3849 perlectum
3433 3773 3535 3831 ob—

1950 3888 2308 3935 servatorem.
2348 3874 2455 3930 Sed
2492 3873 2772 3946 quomodo
2795 3916 2812 3939 ,
2862 3873 2911 3929 si
2949 3871 3198 3943 linguam
3247 3878 3396 3924 luant
3427 3866 3538 3923 fre-

1950 3986 2083 4026 nare
2110 3985 2223 4026 non
2252 3970 2465 4034 valens,
2508 3966 2761 4039 proximo
2789 3975 2883 4019 tuo
2906 3961 3239 4020 conviciaris
3267 3999 3283 4027 ,
3312 3969 3368 4016 et
3407 3972 3536 4014 cum

1952 4064 2100 4119 fastu
2128 4065 2343 4123 vivens,
2373 4060 2736 4131 indigentium
2787 4073 2897 4112 non
2936 4055 3243 4117 misereris.
3289 4068 3412 4110 cum
3449 4052 3536 4108 lex

1949 4151 2244 4222 nequidem
2292 4151 2683 4220 obloqucntem
2732 4146 2891 4207 ferat,
2958 4154 3014 4201 et
3075 4149 3319 4216 ipsorum
3366 4143 3535 4199 etiam

1950 4243 2301 4299 inimicorum
2334 4257 2438 4297 nos
2472 4240 2722 4297 misereri
2751 4238 3073 4310 praecipiat?
3119 4236 3176 4292 Si
3214 4237 3379 4309 igitur
3408 4235 3537 4293 reli-

1948 4339 2139 4410 giosus
2183 4351 2309 4392 esse
2342 4337 2450 4400 vis,
2485 4351 2599 4391 non
2635 4335 2692 4391 in
2738 4334 2976 4391 lectione
3002 4333 3165 4403 legis,
3199 4331 3296 4388 sed
3327 4332 3383 4386 in
3407 4345 3537 4400 ope-

1950 4431 2164 4487 ratione
2213 4428 2535 4500 religionem
2568 4437 2718 4483 tuam
2761 4426 3067 4489 ostendito,
3130 4424 3277 4495 quod
3313 4423 3535 4493 potissi-

1951 4538 2099 4579 mum
2140 4524 2199 4579 lit
2243 4520 2603 4578 miseratione
2634 4534 2764 4590 erga
2793 4519 3100 4589 proximum
3128 4555 3143 4583 ,
3177 4531 3302 4586 qua:
3325 4514 3542 4570 assimi-

1953 4614 2214 4670 lationem
2259 4614 2555 4685 quamdam
2617 4610 2686 4667 ad
2732 4611 2904 4667 Deum
2955 4610 3117 4681 parit,
3165 4608 3322 4679 juxta
3371 4604 3527 4672 illud,

1959 4726 1979 4759 ι
2041 4708 2231 4764 Estote
2273 4706 2687 4772 misericordes,
2740 4704 2883 4760 sicut
2910 4705 2985 4766 ,‘et
3016 4702 3178 4759 Pater
3220 4710 3401 4757 vester
3429 4714 3543 4757 co:-

264 4801 424 4873 ὐμῶν
477 4804 506 4856 6
534 4802 808 4872 οὐράνιος.
849 4822 869 4856 ι
920 4801 1082 4856 Ἀλλά
1111 4801 1207 4856 καὶ
1236 4802 1266 4854 6
1315 4801 1631 4872 οίκτειρμὸς
1694 4803 1849 4873 ὑμῶν

1956 4800 2111 4857 lestts
2143 4800 2459 4858 misericors
2483 4809 2569 4855 est
2593 4798 2659 4854 ¹⁸.
2698 4818 2717 4852 ι
2761 4799 2831 4856 At
2859 4814 2989 4855 vero
3036 4797 3322 4853 miseratio
3362 4802 3542 4849 vestra

269 4897 347 4968 μὴ
379 4898 440 4950 ὲν
465 4895 902 4967 προσωποληψίᾳ
932 4895 1101 4948 Eatur
1130 4894 1253 4947 ἐπεὶ
1278 4891 1416 4963 μηδὲ
1434 4893 1463 4945 6
1487 4892 1619 4956 Θεὸς
1639 4893 1851 4963 ἀπομε-

268 4989 616 5060 μερισμένας
679 4990 914 5040 ποιεῖται
959 4987 1057 5050 τὰς
1107 4987 1305 5040 ἑαυτοῦ
1353 4987 1699 5059 εὐεργεσίας,
1732 4987 1848 5043 ἀλλ’

273 5098 293 5131 ι
336 5077 627 5133 ἀνατέλλει
653 5078 745 5131 τὸν
767 5079 920 5148 ἥλιον
962 5096 981 5130 ι
1008 5079 1101 5151 ἐπὶ
1140 5078 1430 5141 πλουσίους
1459 5079 1554 5133 καὶ
1586 5079 1847 5152 πένητας,

1956 4908 2069 4948 non
2099 4908 2222 4948 cum
2268 4892 2590 4965 acceptione
2622 4907 2988 4966 personarum
3033 4892 3147 4958 sit;
3198 4888 3546 4960 quandoqui-

1956 4984 2082 5041 dem
2125 5000 2307 5056 neque
2334 4985 2499 5050 Deus,
2526 4987 2858 5058 quibusdam
2905 4993 3115 5040 tantum
3157 4982 3409 5052 personis
3443 4981 3541 5058 be-

1955 5076 2153 5134 nelicia
2169 5092 2272 5133 sua
2296 5078 2560 5149 impertit,
2591 5078 2688 5134 sed
2716 5098 2735 5132 ι
2761 5078 2896 5134 oriri
2916 5076 3050 5131 facit
3075 5072 3299 5129 solem“
3324 5090 3345 5125 ι
3373 5086 3542 5143 supra

264 5168 364 5224 καὶ
408 5184 429 5217 ι
457 5166 641 5239 βρέχει
672 5168 767 5221 ἐπὶ
789 5167 1029 5232 δικαίους
1055 5166 1153 5221 καὶ
1176 5167 1449 5239 ἀδίκουςμ
1475 5169 1850 5224 -ιἊσπιλον

1956 5169 2176 5235 divites,
2223 5180 2278 5227 et
2312 5185 2603 5242 pauperes,
2639 5188 2659 5223 ι
2694 5177 2752 5225 et
2786 5170 2924 5239 pluit
2965 5182 3130 5238 super
3150 5167 3332 5237 iustos
3364 5174 3422 5221 et
3456 5165 3543 5220 in-

265 5259 464 5314 ὲαυτδν
483 5261 671 5331 τηρεῖν
687 5259 795 5313 ἀπὸ
823 5258 916 5313 τοῦ
942 5259 1172 5331 κόσμου.
1200 5278 1219 5313 ι
1252 5259 1474 5327 Κόσμον
1504 5260 1741 5316 ἐνταῦθα
1758 5260 1851 5317 τὸν

1951 5258 2157 5327 iustos.
2197 5279 2218 5313 ι
2247 5289 2317 5301 --
2341 5279 2364 5314 ι
2402 5259 2470 5316 Et
2494 5260 2906 5318 immaculatum
2943 5273 3004 5315 se
3042 5255 3327 5314 custodire
3344 5255 3414 5311 ab
3436 5254 3542 5311 hoc

342 5396 392 5428 ιδ
441 5395 586 5452 Psal.
637 5411 693 5461 t.,
750 5397 840 5452 l9.
918 5394 1345 5461 "Luc.vr,56.
1425 5396 1469 5429 “
1490 5393 1685 5452 Matth.
1718 5411 1773 5461 v,
1827 5396 1919 5453 45.

1511 5531 1819 5596 Bonifacii
1862 5535 2091 5598 Finetti
2139 5542 2330 5602 notae.

342 5632 458 5704 (l0)
501 5630 690 5686 Fidem
718 5629 908 5686 habere
935 5629 990 5684 in
1035 5629 1281 5698 operibus
1311 5627 1541 5704 perinde
1572 5643 1698 5683 esse
1727 5639 1865 5704 puto
1964 5651 2079 5689 cere
2104 5643 2159 5689 et
2201 5637 2475 5689 observare
2504 5632 2821 5704 signiﬁcat:
2833 5630 3054 5704 dempto
3092 5651 3152 5698 α,
3188 5631 3488 5687 deduxisse
3516 5632 3532 5655 '

268 5698 716 5769 apud'nostrum
766 5707 1254 5757 commentatorem
1304 5713 1368 5754 ac
1416 5698 1568 5753 bonis
1611 5701 1862 5769 operibus
1960 5721 2087 5773 eum
2124 5714 2305 5758 tamen
2338 5698 2580 5773 plerique
2607 5703 2698 5755 alii
2726 5718 2756 5756 a
2784 5698 3079 5757 Thraribus
3109 5705 3378 5773 «lerivent,
3408 5720 3523 5771 παρ

269 5768 568 5843 abundare.
667 5840 680 5843 Α
941 5840 1023 5843 __
1221 5839 1236 5843 _
1436 5838 1448 5843 _
1550 5839 1562 5843 _
1703 5840 1732 5843 ,Α

1955 5768 2033 5827 ὦν
2066 5776 2124 5828 τὸ
2158 5768 2504 5843 θρησκεύειν,
2530 5772 2604 5836 ὼς
2634 5775 2663 5827 6
2690 5774 2867 5840 λόγος,
2902 5791 2935 5828 a
2960 5776 3171 5842 quibus,
3209 5776 3283 5827 ait
3303 5768 3536 5826 Nazian-

349 5843 398 5913 (l
416 5842 463 5911 l)
504 5842 643 5897 Cum
666 5840 809 5897 hanc
837 5841 954 5915 voci
983 5840 1189 5896 Graeca:
1215 5838 1485 5915 θρησκεία
1515 5839 1622 5893 vim
1648 5840 1857 5915 tribuat

1952 5860 2148 5912 lenus,
2187 5838 2405 5900 deorum
2438 5844 2635 5914 cultus,
2671 5854 2731 5900 ut
2761 5838 3208 5915 fertur,'sumpsit
3232 5845 3530 5899 exordium.

275 5909 368 5968 hic
387 5909 810 5981 cetntnentator,
836 5912 1051 5968 videtur
1063 5926 1181 5967 eam
1218 5909 1285 5967 ab
1300 5909 1503 5981 ἀορέω,
1524 5909 1669 5981 quod
1694 5910 1857 5980 dispi-
