3950 6594
448 446 588 514 1ὶ51
1373 452 1954 516 THEOPHYLACTI
1994 457 2008 516 1

2142 457 2407 518 canta:
2441 459 2805 551 mentae,
3574 456 3702 529 me

457 563 685 619 mundo.
722 582 741 616 ι
779 563 1016 621 Mundus
1050 564 1139 620 hic
1184 565 1577 637 intelligendus
1607 568 1956 639 estvulgaris
1986 582 2017 623 e

2144 568 2366 639 δημώδη
2400 570 2495 624 καὶ
2527 569 2797 640 συρφετὸν
2822 564 2978 641 δχλον
3006 569 3320 635 ἀκουστέον,
3339 570 3430 624 τὸν
3456 571 3588 626 κατά
3607 575 3698 639 τὶς

456 657 808 725 promiscuus
849 658 1112 728 populus,
1157 659 1252 729 qui
1290 659 1756 729 concupiscentiis
1799 670 1856 715 et
1888 674 2016 715 erro

1888 674 2042 715 erro—
2146 663 2441 731 ἐπιθυμίας
2477 666 2577 735 τῆς
2610 663 2825 733 ἀπάτης
2853 660 3017 715 αὑτοῦ
3046 662 3423 735 φθειρόμενον.

460 750 614 805 ribus
652 749 1023 805 deformatur.
1638 742 1654 755 ’

1075 839 1312 898 CAPUT
1352 840 1417 896 ll.

2750 842 2978 898 ΚΕΦΔΛ
2989 883 3002 896 .
3046 842 3121 895 Β’.

531 931 694 987 Vsus.
739 932 792 988 i.
845 951 865 985 ι
903 932 1127 989 Fratres
1173 934 1302 1000 mei,
1344 934 1515 989 nolite
1566 934 1624 990 in
1680 949 2044 1006 personarum

2225 953 2244 986 ι
2291 934 2539 1005 ’Ᾱδελφοί
2565 951 2690 1006 μου.
2725 934 2802 1003 μὴ
2831 935 2888 987 έν
2924 932 3414 1005 προσωποληψίαις
3440 932 3580 1004 ἔχετε
3611 935 3707 1007 τὴν

461 1026 785 1095 acceptione
811 1024 1016 1081 habere
1050 1025 1211 1081 fidem
1245 1026 1463 1082 Domini
1513 1028 1693 1083 nostri
1727 1026 1856 1082 Jcsu
1885 1027 2015 1083 Chri

2149 1029 2332 1084 πίστιν
2352 1028 2447 1083 τοῦ
2483 1029 2688 1101 Κυρίου
2710 1030 2870 1101 ἡμῶν
2912 1027 3089 1098 Ἰησοῦ
3117 1027 3357 1100 Χριστοῦ
3385 1028 3650 1097 τῆςδνῆης.
3675 1050 3690 1082 ι

454 1118 532 1174 sti
556 1117 763 1187 gloriae.
803 1136 822 1169 ι
862 1116 966 1183 Qui
1005 1119 1152 1174 enim
1176 1133 1303 1175 cum
1334 1134 1696 1188 personarum
1727 1120 2011 1189 acception

2159 1123 2219 1177 ’0
2252 1122 2361 1193 γὰρ
2419 1124 2478 1176 ὲν
2517 1121 2956 1193 προσωποληψία
2991 1120 3164 1174 ποιῶν
3190 1139 3265 1186 τι,
3300 1119 3497 1173 πολλοῦ
3527 1122 3700 1177 σπῦιου

460 1210 762 1280 quidquam
796 1211 947 1275 facit,
979 1226 1038 1265 se
1078 1211 1429 1266 immunditia
1454 1203 1682 1281 replet,
1726 1220 1919 1281 utpote
1954 1227 2020 1281 qu

2151 1213 2347 1269 ἑαυτὸν
2373 1214 2702 1284 ἐμπίπλησι,
2735 1213 2796 1266 τὸ
2840 1212 3102 1283 ὁμογενὲς
3138 1211 3427 1283 ἀτιμάζων
3474 1214 3561 1265 καὶ
3605 1216 3696 1283 πρὸ

457 1303 707 1373 ejusdem
755 1313 1071 1360 consortem
1122 1313 1357 1369 naturae,
1390 1306 1501 1359 imo
1539 1320 1648 1374 pra:
1689 1305 1806 1367 illo,
1844 1312 2017 1359 semet

2152 1306 2364 1359 ἐκείνου
2399 1306 2609 1371 ἑαυτὸν,
2640 1305 2752 1373 εἴγε
2784 1304 2818 1376 ἡ
2868 1305 3007 1375 πρὸς
3033 1304 3096 1357 τὸ
3126 1304 3316 1373 ὅμοιον
3338 1304 3589 1369 ἐπίδειξις
3618 1309 3698 1359 καὶ

459 1398 640 1467 ipsum
690 1396 989 1466 ignominia
1037 1395 1201 1451 allicit
1240 1414 1256 1453 :
1292 1398 1735 1468 quandoquidem
1783 1398 2019 1469 quidqui

1882 1398 2051 1469 dquid
2155 1398 2292 1470 πρὸς
2320 1397 2515 1451 ἑαυτὸν
2548 1398 2983 1472 παραπέμπεται
3004 1398 3098 1451 τὸν
3115 1398 3442 1467 πράττοντα.

454 1488 629 1542 simili
673 1489 758 1543 sui
802 1489 928 1558 quis
963 1488 1111 1554 facit,
1144 1489 1277 1543 illud
1321 1490 1375 1543 in
1429 1504 1488 1545 se
1539 1490 1719 1560 ipsum
1760 1490 2051 1545 facientem

463 1588 766 1651 retorquet.

536 1671 702 1729 Vens.
749 1675 804 1740 ε,
836 1676 890 1730 3.
937 1692 956 1727 ι
995 1673 1210 1730 Etenim
1254 1674 1299 1731 si
1336 1674 1613 1729 introierit
1645 1675 1697 1730 in
1719 1683 2055 1731 conventum

2235 1681 2254 1715 ι
2286 1663 2417 1717 Ἐἀν
2450 1663 2560 1735 γὰρ
2587 1662 2804 1737 εἰσέλθῃ
2836 1664 2917 1727 είς
2946 1662 3049 1736 τὴν
3082 1663 3406 1734 συναγωγὴν
3428 1663 3569 1733 ὑμῶν
3583 1664 3704 1735 ἀνὴρ

462 1773 708 1821 vestrum
741 1767 827 1821 vir
853 1781 1082 1823 aureum
1125 1756 1391 1822 annulum
1420 1767 1630 1822 habens
1660 1767 1715 1822 in
1749 1776 1900 1822 veste
1929 1782 2022 1822 can

2159 1757 2621 1828 χρυσοδακτύλιος
2670 1758 2728 1811 ἐν
2758 1756 2952 1827 έσθῆτι
3001 1756 3252 1828 λαμπρᾷ,
3302 1755 3516 1828 εἰσέλθῃ
3546 1757 3598 1809 δὲ
3623 1758 3705 1810 καὶ

464 1858 615 1923 dida,
657 1858 972 1914 introirerit
1005 1868 1185 1914 autem
1218 1867 1273 1915 et
1310 1875 1520 1929 pauper
1546 1859 1711 1931 330
1750 1860 1803 1914 in
1828 1861 2024 1915 sordidi

2156 1849 2374 1921 πτωχὸς
2417 1850 2474 1903 ὲν
2510 1850 2733 1922 ῥυπαρᾷ
2774 1849 2985 1921 ἐσθῆτι,
3034 1847 3368 1920 ἐπιϐλέψητε
3417 1847 3472 1901 δὲ
3518 1848 3602 1901 ἐπὶ
3628 1850 3714 1902 τὸν

468 1953 683 2019 habitu,
725 1961 780 2007 et
811 1952 1115 2009 inundatis
1148 1952 1203 2008 in
1235 1919 1384 2017 curn,
1410 1919 1502 2023 qui
1536 1919 1768 2009 indutus
1792 1961 1874 2008 est
1904 1960 2028 2009 ιιεειι

2159 1919 2430 2012 φοροῦντα
2459 1919 2557 2010 την
2597 1919 2803 2012 ἐσθῆτα
2830 1919 2933 2012 τὴν
2961 1941 3247 2012 λαμπρὰν,
3280 1919 3377 1994 καὶ
3412 1941 3617 2011 εἴπητε,
3642 1942 3702 1995 Σὺ

468 2046 752 2114 praeclara,
799 2053 853 2099 et
882 2044 1133 2100 dixeritis
1159 2045 1208 2099 ei
1239 2063 1255 2100 :
1286 2043 1368 2098 Tn
1411 2044 1544 2101 sede
1588 2045 1677 2101 hic
1715 2045 1890 2114 bene;
1924 2062 2028 2117 pau

2158 2036 2326 2091 κάθου
2355 2030 2457 2089 ὧδε
2489 2035 2670 2099 καλῶς
2689 2050 2703 2064 ⁶
2737 2037 2833 2090 καὶ
2861 2036 2943 2107 τῷ
2982 2035 3186 2107 πτωχῷ
3209 2034 3404 2106 εἴπητε
3424 2050 3441 2066 °
3472 2035 3539 2088 Σὺ
3571 2034 3707 2104 στῆθι

466 2135 583 2205 peri
616 2146 799 2191 autem
831 2135 1069 2191 dicatis:
1113 2133 1195 2189 Tu
1229 2144 1310 2197 sta
1344 2136 1455 2189 illic
1478 2175 1493 2200 ,
1527 2144 1623 2190 aut
1650 2136 1781 2191 sede
1810 2137 1912 2192 sub
1934 2151 2026 2193 sca

2160 2130 2295 2196 ἐκεῖ,
2327 2128 2360 2200 ἢ
2406 2127 2574 2184 κάθου
2600 2121 2702 2182 ὦδε
2747 2128 2852 2181 ὑπὸ
2896 2129 2958 2181 τὸ
2991 2127 3285 2181 ὑποπόδιόν
3334 2144 3459 2198 μου.
3492 2146 3508 2179 ι
3546 2127 3708 2180 Ἐοιχε

464 2226 612 2283 bello
667 2227 865 2297 pedum
920 2242 1194 2284 meorum.
1232 2248 1248 2280 I
1285 2229 1514 2285 Videtur
1577 2230 1927 2286 consuetudo
1975 2231 2024 2286 ie

2158 2222 2219 2275 τδ
2237 2221 2682 2293 δακτυλιοφορεῖν
2713 2220 2950 2291 μάλιστα
2974 2221 3107 2292 παρ’
3179 2218 3453 2289 Ἑϐραίοις
3485 2218 3590 2283 ἕξιν
3611 2221 3705 2272 κεῖ-

469 2318 626 2373 rendi
654 2319 919 2373 annulum
961 2320 1200 2374 maxime
1225 2317 1367 2387 apud
1391 2316 1613 2375 Iudaeos
1645 2320 1909 2388 viguisse.
1948 2322 2029 2375 Set

2163 2315 2306 2370 σθαι.
2337 2316 2496 2380 Ἴσως
2521 2316 2579 2369 δὲ
2628 2315 2745 2386 έρεῖ
2775 2331 2858 2379 τις
2885 2312 3160 2368 ἐνταῦθα’
3191 2312 3255 2366 Ei
3282 2313 3384 2383 τῆς
3409 2311 3543 2367 κατά
3575 2311 3710 2384 [Χριο

471 2408 729 2464 fortassis
780 2408 991 2478 inquiet
1046 2408 1136 2463 hic
1186 2408 1389 2478 aliquis
1426 2424 1449 2462 :
1490 2409 1549 2464 Si
1591 2408 1833 2467 Jacobus
1871 2410 2031 2466 Testa

2160 2406 2277 2481 τὸν]
2313 2408 2585 2481 Διαθήκης
2635 2407 2898 2472 Ἰάκωϐος
2952 2406 3294 2471 διδάσκαλος,
3328 2405 3447 2470 πῶς
3489 2406 3577 2459 νῦν
3608 2406 3709 2477 οὐχὶ

469 2498 643 2551 menti
681 2496 814 2552 Iesu
863 2497 1073 2553 Christi
1117 2496 1314 2554 doctor
1357 2507 1460 2563 est,
1508 2514 1686 2568 quare
1735 2499 1899 2555 modo
1948 2517 2029 2556 n01

2162 2500 2471 2555 καταπαύει
2494 2501 2565 2554 τὰ
2587 2497 2681 2553 τοῦ
2705 2500 2894 2572 νόμου,
2939 2498 3078 2553 ἀλλά
3107 2497 3309 2569 μᾶλλον
3336 2497 3557 2568 ἐξαίρει,
3601 2498 3708 2560 τοὺς

466 2588 700 2658 abrogat
724 2604 787 2644 ea
817 2604 937 2659 qua:
965 2590 1101 2662 legis
1124 2599 1287 2660 sunt;
1321 2592 1414 2648 sed
1447 2592 1632 2663 potius
1661 2593 1892 2659 extollit,
1924 2595 2026 2649 reci

2163 2595 2222 2646 ὲν
2242 2593 2310 2663 τῇ
2337 2592 2431 2646 τοῦ
2455 2592 2623 2663 νόμου
2648 2591 2922 2664 θρησκείᾳ
2950 2590 3370 2661 ἀποδεχόμενος,
3395 2593 3488 2644 καὶ
3511 2590 3580 2661 μὴ
3608 2592 3708 2642 ἑπι-

472 2680 631 2749 piens
648 2697 767 2747 eos,
804 2683 897 2753 qui
926 2685 983 2737 in
1016 2683 1177 2754 legali
1207 2684 1355 2739 cultu
1395 2693 1718 2751 versantur,
1758 2701 1937 2757 neque
1963 2702 2030 2743 eo

2164 2685 2339 2755 τιμῶν
2371 2684 2615 2752 τούτοιςς
2650 2682 2793 2756 Πρὸς
2851 2684 2910 2738 δν
2939 2685 3114 2738 έκεῖνο
3136 2682 3393 2754 ἐροῦμεν,
3415 2681 3488 2746 ὡς
3504 2684 3708 2751 εἰσαγω-

464 2773 589 2827 ’ullo
617 2779 778 2844 pacto
807 2775 1199 2845 reprehendit?
1230 2776 1309 2831 Ad
1340 2792 1504 2848 quem
1553 2779 1898 2849 reponimus,
1934 2795 2024 2834 cur

2162 2779 2465 2850 γικώτερον
2506 2779 2692 2842 αὐτοῖς
2725 2778 2821 2833 νῦν
2869 2779 3199 2849 διαλέγεται,
3249 2778 3345 2832 καὶ
3381 2775 3710 2847 συγκαταϐαί-

456 2878 598 2919 sese
630 2864 951 2921 insinuandi
995 2867 1171 2938 gratia
1220 2868 1299 2924 ita
1329 2884 1455 2924 cum
1491 2870 1604 2927 illis
1633 2871 1806 2942 loqui,
1838 2880 1892 2928 et
1918 2875 2016 2944 ipSt

2165 2885 2247 2922 νει
2273 2870 2339 2939 τῇ
2369 2866 2577 2922 τούτων
2602 2868 2878 2941 ἀσθενείᾳ,
2910 2866 2999 2923 ἵνα
3030 2867 3106 2941 μὴ
3130 2868 3194 2923 ὲκ
3217 2867 3402 2940 θυρῶν
3422 2867 3715 2938 ἀνατρέπων

475 2971 599 3012 rum
641 2958 1007 3013 imbecillitati
1051 2959 1522 3027 condescendere,
1559 2978 1629 3018 ne
1669 2964 1714 3018 si
1753 2964 1941 3019 statim
1991 2968 2035 3021 ie

2162 2959 2257 3013 τὸν
2286 2960 2473 3031 νόμον,
2525 2959 2703 3013 ὀπίσω
2729 2959 2929 3031 χωρεῖν
2986 2960 3192 3032 ποιήσῃ
3223 2961 3289 3029 τῇ
3321 2958 3593 3027 καινότητι
3618 2957 3716 3010 τῶν

473 3064 596 3120 gem
632 3057 926 3116 everteret,
959 3051 1230 3110 doctrinae
1275 3055 1521 3110 novitate
1549 3054 1674 3112 illos
1708 3056 1806 3113 abs
1827 3033 1893 3112 se
1932 3059 2033 3113 aha

2164 3052 2533 3123 διδαγμὰτων.
2570 3050 3078 3123 Οἰκονομικώτερον
3126 3049 3183 3104 δὲ
3220 3051 3716 3124 μεταχειρισάμενος

476 3141 734 3198 iienaret.
793 3143 1015 3200 Scilicet
1052 3146 1307 3216 prudenti
1369 3148 1683 3203 oeconomia
1734 3148 1975 3205 admittit
2004 3152 2036 3207 it

2164 3144 2227 3197 τδ
2271 3145 2525 3216 πρᾶγμα,
2556 3145 2650 3199 καὶ
2700 3143 2964 3208 ὕπενδοὺς
2984 3142 3111 3198 ὅσον
3144 3142 3307 3198 αὐτὸν
3349 3145 3451 3199 οὐκ
3479 3143 3712 3196 ἔϐλαπτεν

476 3233 630 3290 Novo
690 3233 1049 3294 Testamento
1096 3238 1298 3309 legales
1348 3242 1742 3305 caremonias,
1797 3255 2036 3314 quantun

2168 3238 2249 3301 είς
2278 3237 2377 3306 τὴν
2403 3237 2615 3309 Καινὴν
2652 3237 2931 3309 Διαθήκην
2975 3238 3095 3300 ταῖς
3140 3240 3396 3308 νομικαῖς
3435 3235 3714 3298 δεισιθείαις

478 3327 701 3398 quidem
754 3329 966 3400 absque
1020 3330 1269 3402 ejusdem
1332 3332 1661 3391 detrimento
1703 3344 1955 3406 poterat;
1988 3337 2038 3410 (ο

2170 3329 2243 3402 (τί
2272 3330 2383 3401 γὰρ
2439 3330 2602 3383 αὑτὸν
2641 3328 2923 3400 παρέφερε
2980 3327 3388 3401 Σαϐϐατισμδς,
3443 3329 3476 3401 ἦ
3522 3328 3711 3401 νηστεία

478 3432 614 3475 sane
645 3420 776 3492 quid
812 3421 935 3477 fidei
970 3422 1176 3478 Christi
1217 3433 1312 3478 aut
1350 3422 1760 3491 Sabbatismus,
1793 3438 1891 3485 aut
1920 3429 2035 3498 jeju

2169 3424 2266 3478 καὶ
2318 3421 2501 3496 ἀποχὴ
2530 3421 2841 3494 βρωμάτων
2888 3425 2989 3493 τῆς
3019 3422 3160 3476 κατὰ
3204 3422 3441 3493 Χριστὸν
3467 3421 3710 3487 πίστεως).

477 3508 656 3575 nium,
702 3519 799 3565 aut
840 3521 1120 3567 certorum
1157 3498 1513 3570 abstinentia
1539 3514 1791 3572 ciborum
1841 3518 2037 3592 dernga

2170 3517 2269 3570 καὶ
2297 3514 2509 3580 τούτοις
2528 3515 2665 3579 τέως
2687 3515 3227 3588 προσεκτικωτέρους
3256 3515 3458 3578 αὐτοὺς
3486 3513 3575 3567 τοῦ
3604 3513 3708 3565 ἑαυ-

481 3602 574 3656 bat
590 3603 638 3672 ?)
672 3618 911 3675 cumque
940 3604 1044 3660 hac
1076 3605 1293 3660 ratione
1317 3606 1490 3677 magis
1528 3608 1846 3680 benevolos,
1872 3614 2041 3685 magis

2167 3606 2263 3662 τοῦ
2297 3605 2457 3677 λόγου
2507 3605 2711 3675 λαϐὼν,
2738 3606 2912 3671 οὕτως
2940 3607 3084 3660 κατά
3121 3604 3321 3678 μικρὸν
3354 3606 3461 3659 τῶν
3493 3605 3583 3676 μὲν
3630 3604 3711 3672 ἀφ-

477 3707 587 3763 que
610 3696 793 3750 verbis
827 3696 945 3752 suis
985 3705 1228 3753 attentos
1254 3698 1620 3768 :reddidisset,
1683 3711 1797 3758 tum
1846 3704 2037 3759 demur

2174 3703 2426 3759 ίστασθαι
2452 3703 2739 3774 παραινεῖν
2765 3704 2830 3773 υ.
2855 3731 2925 3743 -
2952 3699 3082 3773 νεῖ],
3129 3700 3240 3755 τῶν
3282 3700 3379 3756 τοῦ
3427 3699 3603 3768 νόμον,
3652 3695 3711 3759 ὡς

479 3787 746 3857 paulatim
782 3786 1056 3854 hortatur,
1091 3796 1152 3844 ιιι
1188 3805 1217 3844 a
1247 3790 1542 3861 legalibus,
1574 3794 1721 3848 velut
1754 3795 2039 3852 inutilibus

2171 3795 2488 3867 ἀνωφελῶν,
2525 3797 2621 3851 καὶ
2661 3796 2798 3867 πρθος
2834 3792 3102 3861 δουλείαν,
3139 3794 3201 3848 οὗ
3239 3794 3378 3866 πρὸς
3432 3791 3711 3864 ἐλευθερίαν

476 3895 545 3937 ac
573 3896 696 3951 qum
732 3882 909 3953 magis
938 3881 1006 3939 ad
1049 3884 1396 3951 servitutem,
1428 3900 1593 3956 quam
1634 3886 1702 3941 ad
1735 3886 2036 3942 libertatem

2174 3888 2640 3959 μετακαλούντων,
2667 3889 2767 3950 τὴν
2786 3888 2843 3941 έν
2857 3886 3099 3959 Χριστῷ.
3119 3885 3309 3956 Σοφῶς
3322 3885 3601 3957 τοιγαροῦν
3617 3884 3713 3946 ταῖς

486 3988 610 4046 quae
638 3975 691 4029 in
718 3975 940 4030 Christo
970 3984 1076 4041 est,
1110 3975 1425 4042 conferunt,
1471 3977 1805 4033 abstineant.
1837 3978 2046 4051 Sapien

2174 3981 2459 4053 βραχείαις
2487 3979 2827 4050 ὑπαλλαγαῖς
2852 3980 3156 4052 χρώμενος,
3194 3980 3282 4034 ὅτε
3317 3980 3393 4050 μὴ
3418 3980 3709 4045 δυσαιασχε-

490 4076 574 4123 ter
610 4068 777 4137 igitur
804 4068 1072 4123 brevibus
1093 4069 1554 4125 alternationibus
1593 4084 1751 4136 usus,
1778 4079 2050 4143 postquan

2170 4072 2398 4136 τοῦντας
2428 4067 2595 4144 εἷλαι[
2624 4073 2663 4143 f.
2689 4066 2826 4144 εἷλε]
2845 4073 2955 4134 τοῖς
2984 4070 3324 4141 λεγομένοις,
3352 4069 3472 4125 τότε
3492 4070 3557 4122 τὶ
3571 4083 3708 4140 προσ·

488 4156 723 4213 obtinuit
750 4172 839 4221 ne,
865 4171 987 4226 qua:
1016 4158 1098 4211 eis
1124 4156 1364 4222 dicebat,
1390 4159 1629 4229 graviter
1662 4158 1887 4231 ferrent,
1941 4172 2048 4219 tunt

1551 4166 1629 4214 ter
1662 4158 1887 4231 ferrent,
1941 4172 2071 4221 tunc
2171 4165 2373 4236 ήκοντα.
2401 4164 2745 4234 Χριστιανοῖς
2780 4161 3111 4234 παρέθηκεν.

481 4260 605 4317 qua:
639 4244 973 4299 Christianis
1000 4245 1356 4312 conveniunt,
1400 4248 1711 4317 proposuit.

557 4337 720 4391 Vsus.
753 4336 807 4393 4.
856 4355 876 4389 ι
909 4337 976 4392 Ει
1011 4352 1192 4394 nonne
1238 4338 1592 4409 dijudicastis
1630 4343 1648 4410 (
1661 4340 1743 4412 12)
1771 4343 1915 4411 apud
1946 4359 2073 4401 vos-

2251 4362 2270 4395 r
2310 4341 2504 4415 [Καὶ]
2562 4343 2623 4395 οὐ
2691 4338 2998 4411 διεκρίθητε
3057 4338 3116 4393 έν
3172 4339 3407 4402 ἑαυτοῖς.
3442 4356 3459 4389 ι
3505 4337 3562 4390 Ὀ
3635 4334 3712 4388 καί

480 4431 797 4500 metipsos,r
834 4429 1105 4486 Particula
1137 4431 1449 4501 copulativa
1480 4440 1532 4485 et
1564 4432 1651 4488 hic
1669 4434 1912 4490 abundat
1933 4436 2040 4508 (15]

2176 4434 2470 4504 σύνδεσμος
2521 4432 2783 4504 παρέλκει
2823 4430 3058 4486 ἐνταῦθα
3104 4429 3350 4503 συνήθως
3400 4425 3709 4502 ἀρχαϊζοῦσῃ

480 4530 568 4577 est
623 4522 774 4577 enim
818 4521 1204 4577 tantummodo
1242 4535 1310 4576 ex
1358 4528 1581 4576 vetusto
1611 4521 1871 4589 loquendi
1920 4538 2040 4578 mor

2178 4525 2399 4596 φράσει,
2429 4523 2552 4578 ἐπεὶ
2583 4522 2895 4586 ἀποδόσεως
2942 4522 3111 4593 οὔσης
3146 4522 3383 4576 ἐνταῦθα
3412 4520 3506 4575 τοῦ
3529 4521 3628 4576 ἄνω
3657 4519 3714 4570 εξ-

480 4604 751 4685 apposita.
779 4613 915 4668 Cum
946 4613 1091 4669 enim
1133 4612 1238 4668 hoc
1263 4613 1338 4667 sit
1370 4627 1724 4683 consequens
1761 4616 2040 4685 praeeeden

2181 4616 2440 4689 ρημέονυ.
2476 4614 2731 4687 περιττὸς
2770 4617 2797 4669 ὁ
2843 4613 3181 4685 σύνδεσμοςο
3215 4613 3333 4667 ἔστι
3381 4614 3489 4685 γάρ
3539 4610 3711 4672 οὕτως·

482 4709 554 4763 tis
583 4706 856 4761 orationis
889 4705 1221 4770 membrum,
1265 4705 1544 4776 superﬂua
1593 4715 1681 4760 est
1728 4706 2042 4776 coniunctio

2178 4730 2196 4762 ι
2234 4709 2368 4764 Ἐάν
2402 4726 2487 4770 τις
2515 4706 2736 4778 εἰσέλθῃ
2771 4708 2851 4769 είς
2884 4707 2985 4778 τὴν
3000 4705 3343 4777 τυναγωγὴν
3397 4704 3567 4773 ὑμῶν,
3605 4722 3621 4754 ι
3643 4703 3716 4755 καὶ

481 4801 562 4856 Ita
594 4800 740 4853 enim
786 4814 848 4853 se
885 4798 1087 4853 habet:
1124 4817 1143 4851 ι
1180 4798 1240 4852 Si
1271 4798 1544 4854 introierit
1589 4798 1715 4865 quis
1751 4797 1805 4852 in
1835 4813 2041 4855 conren

2171 4802 2326 4872 έξῆςο
2362 4798 2502 4865 εἷτα,
2541 4818 2560 4849 ε
2598 4800 2675 4854 Οὐ
2697 4799 3009 4872 διεκρίθητε
3045 4798 3103 4851 έν
3145 4799 3378 4861 ἑαυτοῖς.
3421 4816 3439 4850 ι
3495 4795 3718 4851 Ἐνταῦοα

483 4905 596 4948 tum
640 4899 909 4953 vestrum,
950 4908 969 4941 ι
1001 4897 1109 4944 cte.
1140 4889 1383 4945 Deinde:
1422 4907 1443 4941 ι
1476 4888 1670 4944 Nonne
1719 4889 2040 4958 dijudicasti

2170 4892 2273 4960 τῆς
2321 4889 2630 4952 ἀπῶσεως
2692 4888 2896 4960 οὔσης,
2985 4889 3142 4952 ἐκτὸς
3192 4889 3421 4941 ἀπαιτεί
3478 4886 3591 4951 τοῦ,
3643 4884 3719 4938 καί

481 4979 625 5050 apud
658 4977 1115 5045 vosmetipsos?»
1150 4977 1286 5034 Cum
1331 4978 1435 5033 hoc
1455 4978 1530 5034 sit
1580 4977 1815 5035 alterum
1862 4981 2041 5050 periuri

2178 4983 2481 5053 συνδέσμου
2539 4984 2573 5051 ὴ
2633 4980 2834 5054 φράσις
2894 4979 3276 5051 προσενεχθῇ⁶
3332 4980 3422 5033 ἵνα
3470 4977 3630 5038 οὕτως

476 5071 811 5132 membrum.
848 5070 1068 5141 phrasis
1105 5070 1439 5141 postulabat,
1477 5079 1537 5126 ut
1583 5071 1795 5142 absque
1836 5071 2036 5142 conjun

2192 5071 2411 5143 Ἐπειδὴ
2441 5072 2499 5125 οὐ
2531 5072 2591 5124 τδ
2606 5071 2724 5125 δέον
2755 5069 3031 5139 ἐκρίνατε,
3055 5088 3073 5121 ι
3100 5067 3354 5138 ἐγένεσθε
3374 5069 3560 5140 κριταὶ
3576 5065 3722 5119 διαλο-

478 5164 663 5220 ctione
682 5172 736 5219 et
763 5163 1104 5235 proferretur
1128 5204 1143 5230 ,
1198 5172 1261 5220 ut
1295 5162 1617 5234 huiusmodi
1661 5180 1859 5221 sensus
1883 5180 2038 5221 exsul

2179 5163 2395 5234 γισρῶν
2411 5161 2683 5232 πονηρῶν.
2708 5179 2726 5214 ι
2752 5161 2825 5214 Τὸ
2849 5160 2928 5225 δὲ,
2955 5178 2974 5211 ι
2999 5159 3075 5212 Οὐ
3102 5158 3435 5230 διεκρίθητε,
3460 5177 3477 5211 ι
3499 5157 3610 5212 ἀντὶ
3629 5153 3721 5219 τοῦ,

482 5263 685 5328 geret:
721 5258 994 5324 Quoniam
1051 5272 1188 5322 non,
1233 5266 1295 5313 ut
1355 5257 1666 5327 oportebat,
1698 5256 2042 5327 dijudicastis

2178 5257 2254 5311 Τδ
2277 5255 2615 5326 διακριτικὸν
2651 5252 2808 5324 ὑμῶν
2846 5251 3219 5322 διεφθείρατε,
3258 5250 3535 5321 μηδεμίαν
3582 5246 3719 5315 συζή-

422 5406 423 5409 η
490 5369 510 5403 ι
538 5349 669 5406 facti
688 5350 821 5406 estis
847 5349 1066 5420 judices
1092 5349 1494 5420 cogitationum
1527 5362 1838 5418 pravarum.
1872 5367 1890 5401 ι
1932 5348 1982 5403 ill

2176 5367 2336 5421 τησιν
2376 5348 2705 5419 ποιήσαντες
2745 5343 3034 5416 πρότερον,
3072 5343 3165 5398 τὸν
3196 5342 3404 5417 πένητα
3431 5341 3550 5412 μὲν,
3586 5354 3720 5393 σπουο

485 5454 689 5510 autem,
728 5461 746 5494 ι
783 5440 975 5497 Nonne
1007 5440 1375 5511 dijudicastis,
1413 5459 1432 5493 ι
1474 5440 1703 5510 perinde
1744 5451 1851 5504 est,
1883 5456 1947 5496 ac
1973 5437 2045 5495 Jul

2181 5443 2329 5497 δαῖον
2358 5442 2437 5507 δὲ,
2465 5441 2499 5509 ἢ
2548 5438 2639 5493 τὸν
2698 5435 2954 5491 πλούσιον
3002 5436 3121 5507 μὲν,
3147 5434 3391 5507 ῥᾴθυμον
3415 5434 3471 5488 δέ
3498 5451 3511 5464 ·
3543 5429 3658 5484 ἀλλά
3673 5427 3720 5480 τὸ

487 5536 694 5592 dicium
718 5545 986 5602 vestrum,
1010 5535 1162 5592 nulla
1192 5536 1344 5606 prius
1374 5533 1765 5605 disquisitione
1805 5535 1972 5602 facta,
2007 5550 2047 5589 a1

2187 5534 2500 5606 ἀδιάκριτον
2521 5532 2550 5586 ὑ
2559 5530 2677 5604 μῶν
2698 5530 3018 5601 ὑπηγάγετο
3041 5529 3184 5599 ὑμᾶς
3208 5528 3267 5580 ὲν
3302 5519 3716 5598 προσωποληψίᾳι

1749 5673 2058 5738 Bonifacii
2100 5668 2330 5738 Finctti
2375 5680 2565 5735 nota).

558 5770 677 5847 (ἰᾷ)
719 5770 952 5847 vulgata
986 5776 1150 5829 habet
1181 5775 1457 5841 jrtdicalis.
1503 5776 1684 5846 Aliqui
1732 5777 1820 5832 hic
1850 5779 2074 5831 vertunt
2257 5776 2368 5847 (i5)
2410 5775 2472 5828 Et
2523 5774 2626 5828 hac
2665 5754 3005 5828 fortassc'de
3051 5781 3219 5827 causa
3255 5780 3286 5822 a
3326 5765 3545 5837 vulgato
3583 5758 3716 5814 inler'

488 5843 771 5920 dijudicati
824 5846 959 5920 estis
996 5848 1051 5898 in
1107 5846 1509 5915 robismetipsis,
1561 5843 1704 5917 quod
1761 5847 2072 5920 διεκρίθητε
2182 5843 2569 5919 νισοιοόιιιίεεσ
2600 5852 2704 5899 cst.

487 5914 560 5969 sit
592 5912 782 5970 format:
814 5916 1068 5997 passivtr.
