3950 6554
519 385 662 453 11θῦ

1412 380 1991 444 TIIEOPHYLACTI
2037 377 2449 439 BUI.G:\Rl.-E
2483 377 2838 436 ARCHIEP.

3630 373 3740 438 1158

510 497 731 573 quidem
766 493 882 567 qui,
912 509 1000 550 ex.
1031 507 1082 548 c.
1118 491 1429 547 castitatem
1460 491 1725 554 custodit,
1760 489 2098 560 quandoque

2207 487 2642 558 ωποληπτοῦντα
2683 486 2916 548 ἐλλιπῶς
2949 485 3113 556 uiti}:
3134 484 3336 550 ἀνύειν,
3358 485 3473 540 ἀλλ’
3501 488 3745 555 ὀλοτελῶς.

510 591 752 647 vincitur
773 589 842 643 ab
876 588 990 642 ira:
1032 596 1090 642 et
1121 586 1213 655 qui
1237 586 1643 656 elccmosyuam
1685 583 1840 647 facit,
1874 582 2096 637 invidus

513 693 599 740 est
639 699 746 737 nou
791 696 938 736 raro.
994 679 1177 744 Quare
1208 693 1319 732 non
1384 677 1533 730 omni
1569 676 1966 746 pra-scribitur,
2033 683 2094 727 ut

512 773 790 828 defectum
824 771 1034 824 nullum
1062 772 1116 823 iu
1150 768 1446 822 virtutibus
1483 767 1701 825 habeat.
1731 765 1825 820 scd
1868 781 1934 820 ne
1963 765 2096 818 cha-

513 867 755 927 ritatcm,
811 878 906 932 per
966 875 1325 930 personarum
1387 859 1764 928 acccptioucm
1823 855 2095 911 diminute

513 961 792 1022 exerceat,
854 953 948 1008 sed
1005 953 1233 1020 integre.
1266 949 1382 1004 lloc
1439 957 1620 1003 autem
1645 950 1810 1003 etiam
1849 949 1916 1002 dc
1973 947 2095 1002 aliis

511 1046 815 1100 virtutibus
854 1044 1040 1099 dicere
1092 1057 1421 1113 possumus.
1488 1042 1589 1108 Qui
1631 1042 1776 1094 cnim
1815 1057 1923 1093 non
1970 1054 2095 1110 per-

511 1135 653 1190 fecte
720 1134 1161 1204 temperantiam,
1221 1133 1304 1186 vel
1334 1132 1607 1200 justitiam
1657 1131 1818 1200 332
1881 1135 2094 1192 servat,

513 1227 608 1282 sed
671 1227 977 1288 imminute,
1040 1234 1213 1278 totum
1273 1224 1498 1278 virtutis
1569 1238 1770 1292 corpus
1853 1220 2099 1291 graviter

513 1319 679 1374 laedit.
714 1317 817 1372 Pcr
853 1326 1019 1372 totam
1055 1318 1221 1388 igitur
1257 1316 1427 1384 legem
1486 1311 1840 1382 intelligenda
1881 1321 1965 1365 est
2014 1312 2102 1365 hic

517 1410 603 1464 lex
630 1409 946 1475 charitatis,
983 1423 1105 1478 qua:
1131 1407 1440 1477 praecipuus
1494 1419 1698 1473 scopus
1733 1405 1964 1473 apostoli
1997 1413 2102 1458 est.

2201 581 2370 635 Τοῦτο
2399 582 2456 634 δὲ
2485 582 2578 634 καὶ
2639 581 2768 651 περὶ
2813 581 2924 633 τῶν
2955 581 3129 635 ἄλλων
3189 582 3401 650 ἀρετῶν
3447 600 3637 651 φαμεν.
3671 588 3746 650 ’ος

2199 675 2306 743 γὰρ
2339 674 2413 745 μὴ
2439 673 2526 726 διὰ
2557 673 2742 734 τέλους
2771 673 2879 725 τῶν
2908 673 3284 743 σωφρονικῶν,
3314 674 3346 742 ἢ
3398 674 3505 726 τῶν
3552 675 3743 730 δικαίων

2199 765 2542 832 ἁντίσχηται,
2567 762 2680 815 ἀλλ’
2703 763 3083 830 ἐλλιπέστερον
3100 766 3366 832 χρὲισεται
3389 763 3452 834 [ί.
3478 795 3544 805 --
3567 767 3739 840 σηται],

2197 849 2350 919 οὗτος
2389 854 2642 925 χωλεύων
2677 857 2805 926 περὶ
2832 856 2933 924 τὴν
2973 855 3348 926 μεταχείρισιν
3373 856 3452 926 τῷ
3482 861 3635 911 παντὶ
3660 861 3736 928 τῆς

2198 948 2400 1018 ἀρετῆς
2435 948 2743 1018 ἐλυμήνατο
2791 946 3025 1018 σώματι.
3060 948 3223 1001 ’Ὀλον
3257 945 3352 1002 οὖν
3379 949 3472 1004 τὸν
3500 952 3649 1020 νόμον
3667 955 3737 1007 τὸν

2199 1041 2328 1109 περὶ
2362 1039 2460 1108 τῆς
2484 1039 2708 1109 ἀγάπης
2759 1040 3074 1104 ἀκουστέον,
3103 1043 3231 1112 περὶ
3250 1037 3318 1114 ἧς
3349 1046 3739 1114 προηγουμένως

2200 1130 2348 1197 αὑτῷ
2380 1133 2407 1182 6
2445 1130 2666 1192 σκοπός.
2701 1131 2884 1198 Νόμον
2915 1133 2972 1184 δὲ
3031 1133 3354 1203 ἐλευθερίας
3393 1136 3483 1188 τὸν
3529 1137 3743 1206 ἀπροσωο

2200 1220 2479 1290 πόληπτέν
2518 1237 2682 1291 φησιο
2727 1224 2754 1275 6
2786 1223 2894 1292 γὰρ
2923 1225 3403 1294 προσωπολὴπτης
3442 1227 3542 1279 οὐκ
3567 1228 3741 1281 ἐλεύθε-

2207 1329 2318 1383 ροῖ,
2349 1311 2488 1365 ἀλλά
2543 1313 2748 1377 δοῦλος.
2789 1307 2858 1384 ᾯ
2917 1315 3028 1386 γάρ
3061 1333 3143 1378 τις
3173 1316 3432 1387 ἥττηται,
3484 1319 3646 1390 τούτῳ
3670 1324 3743 1374 καὶ

2204 1404 2550 1460 δεδούλωται.
3467 1398 3481 1405 ’
3625 1399 3644 1408 ’

515 1487 714 1571 Εεεθηι
776 1516 906 1555 vero
966 1497 1240 1552 libertatis
1308 1505 1466 1549 vocat
1517 1509 1662 1559 eam,
1718 1509 1840 1564 qua:
1885 1509 1914 1547 a
1984 1509 2372 1580 personarum'
2406 1497 2728 1566 acceptione
2776 1497 2949 1552 libera
3007 1510 3130 1554 est:
3195 1505 3467 1570 siquidem
3533 1517 3746 1576 acceptor

514 1606 900 1664 personarum,
933 1605 1048 1642 .nuu
1081 1589 1218 1642 liber
1275 1595 1380 1650 est,
1436 1586 1532 1640 sed
1582 1600 1817 1640 servus:
1855 1605 1873 1638 ι
1909 1585 1962 1670 Α.
1986 1601 2097 1655 quo
2133 1589 2278 1642 enim
2312 1589 2436 1656 quis
2486 1601 2782 1661 superatus
2825 1603 2930 1658 est,
2961 1593 3203 1664 hujuset
3245 1611 3440 1652 servus
3463 1608 3544 1652 est
3569 1599 3628 1654 ⁸⁸,
3671 1623 3686 1650 ι

593 1687 763 1742 Vens.
795 1686 883 1740 l-l.
928 1703 946 1736 ι
991 1683 1131 1750 Quid
1166 1682 1431 1753 proderit,
1469 1683 1666 1737 fratres
1704 1683 1834 1747 mci,
1868 1683 1913 1736 si
1941 1681 2101 1736 fidem

519 1781 643 1846 quis
673 1778 821 1832 dicat
857 1793 914 1832 se
977 1777 1201 1842 habere,
1243 1791 1410 1844 opera
1473 1783 1654 1830 autem
1693 1791 1802 1828 non
1857 1774 2100 1828 habeat?

517 1870 776 1941 Nunquid
813 1868 1011 1938 potctlt
1037 1868 1169 1922 fides
1200 1868 1417 1923 salvare
1469 1867 1643 1923 eum?
1684 1887 1701 1920 ι
1741 1868 1796 1923 Si
1850 1867 2100 1938 proximo

519 1969 713 2016 nostro
744 1960 987 2014 offensas
1027 1959 1435 2025 remiserimus,
1469 1969 1634 2028 atque
1669 1975 1795 2012 cum
1857 1958 2107 2028 indigen-

518 2054 664 2108 tibus
692 2053 834 2108 bona
869 2063 1061 2107 nostra
1095 2051 1716 2114 communicaverimus.
1745 2051 1910 2106 etiam
1939 2051 2106 2106 mise-

518 2145 756 2202 ricordia
811 2145 905 2200 Dei
964 2160 1066 2198 nos
1109 2145 1345 2216 benigne
1385 2144 1657 2214 suscipiet
1721 2144 1776 2198 in
1849 2145 1957 2210 die,
1997 2159 2107 2213 qua

517 2237 1146 2307 discutictquzecunquc
1179 2252 1209 2290 a
1251 2236 1411 2290 nobis
1464 2237 1519 2290 in
1581 2237 1683 2290 hac
1741 2235 1852 2290 vita
1914 2251 2106 2306 perpe-

520 2337 659 2385 trata
692 2329 916 2385 fuerint.
945 2329 1200 2398 Magnum
1233 2329 1381 2383 enim
1407 2338 1460 2384 et
1485 2329 1813 2399 praeclarum
1842 2339 1928 2384 cst
1959 2329 2105 2384 istud

520 2422 756 2478 facinus.
794 2421 1272 2489 Quemadmodum
1319 2437 1348 2475 e
1400 2430 1624 2486 contra,
1689 2421 1874 2492 gravis
1903 2419 2107 2474 conde-

518 2505 726 2569 mnatio
755 2513 859 2568 erit
887 2513 978 2577 iis,
1003 2515 1097 2583 qui
1133 2528 1261 2582 erga
1297 2512 1548 2582 ejusdem
1577 2521 1872 2567 consortes
1896 2521 2106 2565 natura:

517 2605 752 2677 benigne
800 2603 981 2659 allecti
1023 2620 1132 2659 non
1189 2604 1424 2659 fuerint.
1477 2603 1587 2659 Eos
1636 2603 1804 2669 enim,
1854 2605 1947 2673 qui
1976 2617 2103 2673 erga

515 2713 634 2764 eos,
661 2697 755 2768 qui
815 2699 869 2751 in
925 2698 1078 2770 ipsos
1131 2703 1527 2766 peccaverunt,
1585 2695 1830 2749 immites
1877 2693 2104 2759 fuerint,

517 2788 644 2842 mali
719 2789 864 2844 illius
953 2787 1097 2844 servi
1177 2785 1570 2842 eundemnatio
1642 2785 2104 2855 comprehcndct,

515 2896 690 2951 eaque
719 2881 1029 2944 retributio,
1067 2895 1192 2950 qua:
1217 2880 1268 2934 in
1306 2879 1568 2934 Oratione
1601 2877 1887 2932 Dominica
1915 2877 2107 2932 subiu-

516 2973 762 3036 dicatur,
804 2973 858 3026 iu
891 2988 1001 3043 qua
1033 2987 1296 3042 rogamus
1332 2971 1527 3036 Deum,
1561 2978 1621 3024 ut
1675 2989 1694 3022 ι
1733 2971 1891 3025 nobis
1915 2971 2106 3025 dimit-

519 3076 621 3134 tat,
646 3068 791 3123 sicut
815 3075 869 3122 et
898 3083 999 3122 uos
1022 3067 1358 3122 dimittimus
1381 3065 1727 3121 debitoribus
1748 3064 1955 3119 nostris
1983 3066 2046 3117 ηε
2082 3082 2101 3116 ι

517 3168 574 3214 et
619 3159 1154 3214 inunisericordibus
1221 3159 1343 3228 (seu
1399 3159 1466 3212 iis
1501 3157 1598 3227 qui
1645 3158 1782 3211 dure
1812 3171 1870 3211 se
1908 3157 2110 3210 habent
2137 3140 2180 3198 (ἶ

517 3267 646 3323 erga
676 3252 984 3322 indigentes
1021 3253 1329 3322 corporalis
1395 3251 1632 3320 alicujus
1689 3248 2108 3320 consolationis)

526 3364 545 3399 ι
604 3345 876 3416 judicium
935 3345 1056 3400 sine
1112 3345 1491 3422 misericordia
1528 3345 1643 3404 ﬁet.
1678 3363 1696 3396 ι
1727 3375 1794 3384 --
1833 3362 1849 3395 ι
1907 3344 2113 3413 Super-

517 3439 723 3494 cxaltat
753 3447 935 3494 autem
968 3437 1339 3493 misericordia
1366 3439 1655 3508 judicium.
1689 3457 1708 3489 ι
1740 3469 1810 3479 --
1842 3457 1858 3488 ι
1899 3436 2113 3490 Miseri-

518 3531 716 3588 cordes
756 3551 775 3584 ι
810 3533 980 3595 enim,
1017 3533 1174 3602 juxta
1227 3531 1444 3586 Domini
1481 3533 1840 3596 sententiam,
1879 3549 1897 3581 ι
1942 3531 2110 3584 mise-

518 3623 816 3678 ricordiam
863 3631 1274 3692 consequentur
1301 3625 1366 3678 ⁸ο.
1409 3643 1427 3674 ι
1470 3623 1704 3678 Aliunde
1756 3637 1884 3677 vero
1949 3621 2112 3675 etiam

521 3716 836 3772 infidelibus
892 3716 1192 3788 aliquando
1263 3717 1644 3772 misericordia
1722 3716 1778 3771 in
1825 3730 2110 3786 pauperes

520 3811 737 3864 veniam
764 3813 1013 3865 obtinere
1037 3812 1212 3865 valuit
1243 3810 1381 3880 (l6),
1409 3819 1468 3864 ut
1503 3825 1568 3863 cx
1608 3808 1838 3863 historia
1875 3808 2112 3862 Danielis

522 3905 939 3973 cognoscimus.
975 3903 1118 3968 Quid
1159 3903 1328 3972 igitur
1358 3903 1412 3956 in
1469 3902 1723 3955 lidelibus
1790 3899 2106 3954 hominibus

524 4000 789 4060 pra’stare
837 4009 944 4045 non
983 3993 1223 4061 poterit?
1249 3991 1394 4046 Sane
1451 3991 1584 4044 mihi
1612 3989 1832 4045 videtur
1884 3989 2104 4043 miseri-

519 4084 712 4138 cordia
773 4082 1001 4152 perinde
1061 4097 1120 4137 sc
1153 4081 1378 4144 habere,
1418 4096 1482 4135 ac
1547 4081 1599 4135 iu
1629 4081 1854 4136 athletis
1901 4080 2102 4143 oleum,

523 4174 668 4242 quod
695 4190 762 4228 ex
792 4174 1085 4229 arboribus
1113 4173 1423 4243 colligitur:
1458 4173 1601 4227 istud
1646 4188 1883 4243 namque
1907 4173 2102 4226 illitum

521 4264 764 4325 athletis.
810 4275 1038 4334 pra-Stat
1072 4266 1202 4327 illis,
1255 4273 1311 4318 ut
1365 4278 1594 4318 suorum
1654 4264 2101 4318 adversariorum

2287 1704 2305 1736 ι
2340 1684 2406 1738 Τί
2434 1685 2494 1739 τὸ
2524 1687 2741 1756 ὄφελος,
2772 1688 2992 1757 ἀδελφοί
3019 1707 3141 1757 μου,
3175 1691 3271 1744 ἐὰν
3313 1692 3499 1744 πίστιν
3540 1692 3660 1765 λέγῃ
3684 1711 3750 1757 τις

2137 1827 2178 1885 Β
2208 1775 2376 1847 ἔχειν,
2419 1778 2556 1850 ἔργα
2588 1779 2645 1832 δὲ
2681 1780 2756 1849 μὴ
2783 1779 2882 1850 ἔχῃ
2908 1797 2922 1846 ;
2964 1782 3056 1852 Μὴ
3079 1782 3306 1836 δύναται
3331 1784 3364 1852 ἠ
3399 1785 3578 1847 πίστις
3608 1785 3748 1839 σῶσαι

2207 1871 2404 1936 αὖτόνς
2441 1890 2460 1923 ι
2494 1871 2615 1924 Τῶν
2670 1874 2748 1936 εἰς
2781 1874 3016 1938 ἑαυτοὺς
3069 1875 3491 1946 ἁμαρτημάτων
3544 1876 3746 1945 ἀφέντας

2207 1965 2355 2034 ἡμᾶς
2375 1968 2487 2028 τοῖς
2522 1965 2770 2036 πλησίον,
2811 1968 2905 2020 καὶ
2943 1969 3042 2036 τὴν
3081 1969 3187 2022 τῶν
3225 1970 3576 2040 ὑπαρχόντων
3620 1971 3748 2040 ἡμῶν

2211 2057 2496 2126 μετάδοσιν
2545 2059 2941 2123 κοινωνοῦντας
2992 2063 3105 2122 τοῖς
3165 2061 3429 2124 ἐνδεέσιν,
3488 2066 3514 2115 6
3547 2064 3644 2116 ἀπὸ
3671 2065 3744 2117 τοῦ

2207 2147 2342 2200 Θεοῦ
2385 2149 2534 2214 ἕλεος
2555 2151 2703 2220 ἡμᾶς
2725 2151 2786 2204 ὲν
2820 2154 2884 2221 τῇ
2922 2151 3030 2204 τῶν
3063 2152 3416 2222 βεϐιωμένων
3453 2155 3745 2224 ἀναλήψεται

2207 2240 2498 2309 διαγ-.ὡσει
2542 2257 2554 2271 ·
2593 2243 2736 2314 μέγα
2762 2243 2871 2314 γὰρ
2913 2244 2975 2298 τὸ
2999 2245 3300 2316 διόρθωμα·
3332 2246 3518 2316 ὥσπερ
3551 2250 3746 2302 ἀπεναν-

2206 2330 2326 2394 τέας
2354 2332 2493 2403 βαρὺ
2525 2331 2584 2385 τὸ
2637 2333 2958 2405 κατάκριμα
2988 2337 3101 2392 τοῖς
3152 2335 3227 2406 μὴ
3267 2340 3405 2407 πρὸς
3444 2338 3502 2390 τὸ
3547 2340 3744 2407 ὁμοσυές

2207 2424 2594 2487 εὐσυνειδᾶτως
2625 2424 2974 2478 διατεθεῖσιν.
3019 2426 3143 2479 Ἑπὶ
3174 2445 3232 2480 τε
3269 2429 3378 2498 γὰρ
3407 2430 3512 2481 τῶν
3536 2431 3605 2492 εὶς
3637 2431 3742 2482 ἐαυ-

2207 2519 2334 2580 “Job;
2357 2518 2465 2569 ἀπὸ
2496 2518 2603 2570 τῶν
2644 2519 2871 2590 πλησίον
2906 2519 3414 2590 πλημμεληθέντων
3442 2523 3742 2592 ἀσυμπαθῶς

2207 2609 2636 2680 διαγενομένων,
2681 2611 2740 2663 τὸ
2791 2610 2884 2664 τοῦ
2950 2611 3190 2680 πονηροῦ
3239 2612 3428 2666 δούλου
3472 2616 3744 2684 κατάκριμα

2211 2705 2641 2774 περιστοιχὴσει,
2679 2705 2820 2772 μετᾶ
2867 2705 2963 2758 καὶ
2991 2704 3084 2758 τοῦ
3133 2706 3190 2758 ὲν
3225 2709 3289 2776 τῇ
3322 2707 3454 2778 εὐχῇ
3491 2710 3744 2762 ἀνταποδὸο

2212 2812 2401 2865 ματος.
2451 2797 2557 2849 Καὶ
2612 2795 2722 2865 γὰρ
2767 2796 2990 2866 ἀφιέναι
3038 2797 3170 2868 ἡμῖν
3197 2799 3369 2868 ὲκεῖή
3409 2802 3611 2870 αἴτησις
3637 2801 3743 2870 πρὶς

2209 2889 2362 2952 Θεδν,
2391 2907 2407 2938 ι
2421 2887 2601 2951 καθὼς
2619 2889 2890 2958 καὶ-ἡμεῖς
2904 2907 2921 2940 ι
2945 2889 3056 2952 τοῖς
3076 2892 3152 2953 εἰς
3169 2893 3319 2960 ἡμᾶς
3336 2892 3746 2962 πλημμελήσασιν

2216 3003 2235 3032 τ
2268 2980 2520 3050 ἀφίεμεν.
2558 3000 2576 3031 ι
2621 2980 2730 3034 Καὶ
2756 2983 2870 3044 τοῖς
2897 2981 3164 3052 ἀνηλεῶς,
3191 2985 3311 3054 ἢτοι
3347 2985 3608 3056 σκληρῶς,
3639 2985 3745 3055 πρὸς

2210 3068 2336 3132 τοὺς
2373 3068 2677 3140 χρῄζοντας
2713 3076 3036 3142 σωματικῆς
3100 3075 3452 3144 παραμυθίας
3506 3074 3747 3144 διακειμέ-

2214 3179 2346 3224 νοις,
2375 3179 2392 3212 ι
2425 3161 2666 3231 ἀνηλεῶς
2697 3163 2730 3232 ἡ
2763 3163 2946 3231 κρίσις
2983 3164 3378 3236 ἀπαντήσεται.
3417 3185 3435 3218 ι
3465 3198 3527 3208 -
3548 3187 3565 3218 ι
3597 3169 3750 3220 Κατα-

2216 3255 2488 3324 καυχᾶται
2516 3253 2571 3307 δὲ
2603 3254 3024 3325 ἐλεοςκρεσεως.
3059 3276 3076 3307 ι
3110 3286 3178 3297 —-
3207 3277 3223 3309 ι
3255 3260 3446 3328 Οξγάρ
3477 3260 3748 3328 ἐλεήμονες,

2215 3342 2467 3412 κατάςτὴν
2489 3343 2582 3395 τοῦ
2601 3345 2804 3411 Κυρίου
2835 3347 3129 3414 ἀπόφασιν,
3152 3367 3168 3397 ι
3190 3349 3617 3418 ὲλεηθήσονται.ι
3643 3351 3747 3404 Ἀλ-

2216 3435 2322 3495 λιυς
2352 3452 2436 3498 τε,
2474 3440 2566 3489 καὶ
2595 3434 2656 3508 [ί.
2696 3438 2823 3492 add.
2855 3439 2924 3511 si]
2987 3440 3404 3512 εἰδωλολάτραις
3458 3445 3486 3496 6
3531 3445 3602 3505 εἰς
3649 3445 3749 3506 τοὺς

2219 3527 2458 3598 πένητας
2486 3528 2633 3584 ἕλεος
2662 3529 2854 3598 deum
2880 3527 2986 3584 οἶδε
3021 3533 3291 3601 πορίζειν,
3321 3535 3396 3598 ὡς
3420 3539 3476 3588 ἐν
3505 3535 3752 3606 τῷΔανιὴλ

2214 3617 2554 3688 ἠκούσαμεν,
2581 3618 2632 3671 τί
2667 3621 2766 3673 οὑκ
2800 3620 2865 3675 ἂν
2895 3622 3188 3692 ἐργάσαιτο
3219 3627 3313 3677 ἐπὶ
3347 3627 3551 3680 πιστῶν
3576 3625 3755 3696 ἀνθρὼ-

2213 3728 2359 3776 πωνς
2403 3713 2626 3766 Τοιοῦτο
2666 3712 2722 3767 δέ
2778 3731 2870 3784 μοι
2912 3716 3059 3768 δοκεῖ
3091 3710 3249 3779 οὗτος
3280 3720 3307 3770 6
3342 3718 3492 3782 ἕλεος
3521 3720 3753 3790 διαπράτ-

2210 3802 2421 3867 τεσθαι,
2457 3803 2648 3872 ῶσπερ
2709 3805 2804 3858 ὲπὶ
2841 3805 2950 3858 τῶν
2984 3807 3043 3860 ὲν
3078 3808 3317 3872 σταδίοις
3365 3809 3676 3874 ἀθλούντων,
3707 3809 3755 3861 τὸ

2207 3895 2314 3948 ἀπὶ
2353 3895 2461 3948 τῶν
2513 3896 2746 3968 δένδρων
2795 3899 3003 3951 ἔλαιονο
3055 3900 3492 3971 ὲπαλειφόμενον
3519 3906 3619 3973 γὰρ
3663 3905 3756 3964 τοῖς

2207 3985 2488 4055 ἀθληταῖς,
2547 3987 2926 4042 διολισθαίνειν
2960 3990 3145 4044 δίδωσι
3187 3993 3285 4056 τὰς
3321 3994 3430 4046 τῶν
3477 3995 3759 4048 ἀντιπάλων

2209 4073 2377 4138 λαϐάς
2404 4091 2417 4105 θ
2453 4074 2626 4140 οὕτως
2659 4078 2754 4130 καὶ
2783 4078 2839 4129 ἐν
2886 4082 2950 4149 τῇ
2981 4081 3182 4150 κρίσει,
3214 4085 3241 4135 6
3277 4085 3358 4146 εἰς
3403 4085 3527 4145 τοὺς
3555 4084 3760 4152 πένητας

2221 4166 2380 4236 ἡμῶν
2411 4168 2579 4234 ἔλεος,
2633 4171 2735 4234 τὰς
2765 4171 2876 4226 τῶν
2912 4173 3185 4243 δαιμόνων
3228 4176 3501 4246 ἐπιφορὰς
3531 4176 3762 4245 διαδιδράο

2220 4276 2373 4313 σκειν
2401 4262 2717 4333 παρέξεται.

521 4357 916 4426 ριἰιιιοιιείοιιεε
966 4357 1279 4421 clahautur,
1329 4355 1468 4411 adeo
1530 4364 1587 4410 ut
1623 4357 1797 4410 teneri
1845 4356 1913 4409 ab
1944 4355 2080 4424 ipsis
2118 4368 2226 4408 non
2262 4355 2498 4422 possint.
2529 4354 2602 4410 Ita
2635 4365 2687 4410 et
2713 4358 2764 4411 in
2793 4358 3022 4428 judicio,
3100 4362 3146 4416 si
3211 4377 3375 4432 quam
3441 4363 3765 4418 habuerimus

522 4453 577 4506 in
645 4466 916 4521 pauperes
964 4449 1426 4515 misericordiam,
1480 4463 1544 4502 ea
1607 4448 1888 4518 praestabit
1946 4448 2131 4514 nobis,

519 4549 826 4603 valeamus.

597 4642 760 4694 Vens.
790 4640 880 4702 l5,
909 4639 992 4692 16.
1024 4655 1042 4688 ι
1077 4637 1134 4691 Si
1165 4645 1348 4692 autem
1377 4638 1540 4692 frater
1558 4646 1612 4691 et
1635 4651 1796 4692 soror
1817 4635 1948 4690 nudi
1979 4635 2108 4700 sint,
2144 4643 2191 4701 ι)

522 4743 576 4789 ct
606 4733 886 4801 indigeant
915 4731 1062 4785 victu
1094 4729 1436 4799 quotidiauo.
1501 4729 1649 4784 dicat
1697 4740 1876 4784 autem
1906 4728 2108 4798 aliquis

523 4840 590 4878 ex
624 4822 781 4877 vobis
815 4820 943 4883 illis,
989 4818 1067 4874 Ite
1096 4822 1146 4873 in
1183 4835 1316 4890 pace
1342 4859 1356 4884 ,
1391 4818 1781 4882 calclacimini,
1812 4827 1864 4873 et
1892 4828 2107 4873 satura-

524 4918 686 4983 miui,
745 4933 853 4972 non
910 4915 1174 4970 dederitis
1227 4928 1409 4968 autem
1455 4917 1555 4978 eis,
1617 4931 1737 4986 qua:
1794 4917 2106 4971 necessaria

523 5019 657 5063 sunt
685 5007 926 5078 corpori,
957 5005 1092 5077 quid
1134 5005 1393 5075 prodest?
1433 5024 1452 5057 ›
1490 5006 1734 5060 Observa
1763 5007 2104 5076 spiritualem

524 5116 770 5156 sensum.
810 5099 927 5154 Non
956 5099 1102 5154 enim
1156 5099 1296 5153 dixit
1341 5097 1745 5162 tantummodo,
1784 5116 1802 5150 ι
1848 5098 1904 5152 Si
1945 5098 2103 5152 fidem

525 5196 753 5258 habeas.
791 5213 810 5246 ι
865 5194 960 5250 sed
1003 5212 1022 5245 ι
1061 5193 1200 5260 Quid
1265 5193 1534 5262 prodest?
1575 5211 1593 5242 ι
1636 5207 1700 5248 ac
1752 5192 1797 5247 si
1865 5191 2105 5246 diceret:

525 5288 769 5345 Ostende
802 5289 932 5342 mihi
966 5304 1129 5357 opus,
1165 5287 1233 5340 ob
1269 5288 1414 5356 quod
1449 5286 1608 5339 talem
1658 5287 1753 5338 tibi
1784 5284 2109 5355 appellatio-

530 5396 651 5435 nem
713 5379 1058 5448 adjudicem:
1100 5381 1202 5432 hoc
1243 5386 1325 5433 est
1351 5377 1498 5431 enim
1555 5391 1696 5445 opus
1750 5375 1896 5430 fidei.
1949 5373 2109 5440 Quod

528 5471 605 5525 ait
633 5471 815 5540 igitur,
846 5469 1158 5540 bujusmodi
1185 5479 1303 5524 est:
1336 5468 1390 5523 Si
1433 5467 1558 5538 quis
1588 5482 1750 5537 opere
1783 5481 1892 5522 non
1923 5474 2111 5520 osten-

602 5610 645 5642 ⁸⁸
672 5609 717 5664 ll
759 5609 902 5664 l‘etr.
939 5625 999 5674 ιι,
1037 5611 1121 5664 l9.

1201 5609 1244 5640 "
1280 5609 1469 5662 Matth.
1505 5623 1579 5673 νι,
1617 5604 1701 5658 ιε.
1779 5604 1824 5634 ¹⁰
1851 5601 2040 5656 Matth.
2074 5617 2125 5668 ν,
2157 5603 2213 5657 7.

2212 4455 2270 4498 ut
2323 4448 2632 4503 da‘mouum
2700 4452 2956 4522 impetus,
3015 4465 3180 4526 atque
3247 4457 3488 4511 iusultus
3556 4455 3766 4524 effugere

2296 4655 2313 4686 ι
2356 4635 2480 4688 Ἐἀν
2510 4635 2564 4688 δὲ
2600 4635 2851 4705 ἀδελφὸς,
2903 4636 2934 4706 ἥ
2979 4635 3184 4710 ἀδελφὴ
3225 4638 3424 4709 γυμνοὶ
3486 4639 3765 4708 ὑπάρχωσι,

2213 4727 2310 4780 καὶ
2349 4727 2660 4798 λειπόμενοι
2715 4723 2818 4782 ὦσι
2841 4730 2938 4798 τῆς
2972 4731 3253 4801 ἐφημέρου
3304 4731 3547 4802 τροφῆς,
3580 4732 3698 4801 εῐπη
3720 4728 3769 4779 δέ.

2211 4839 2296 4884 τις
2351 4823 2536 4884 αὐτοῖς
2568 4821 2626 4887 ἐξ
2653 4823 2838 4890 ὑμῶν·
2882 4822 3156 4890 Ὑπάγετε
3212 4826 3271 4875 ἐν
3304 4824 3521 4894 εἰρήνῃ,
3563 4819 3769 4890 θερμαί-

2211 4913 2366 4967 νεσοε
2407 4916 2503 4966 καὶ
2537 4913 2890 4984 χορτὲζεσθε,
2939 4915 3015 4986 μὴ
3041 4914 3164 4967 δότε
3211 4914 3266 4968 δὲ
3301 4915 3484 4977 αὐτοῖς
3514 4915 3577 4967 τὰ
3598 4913 3766 4980 ἐπιτή-

2211 5003 2328 5056 δεια
2369 5004 2463 5056 τοῦ
2512 5003 2784 5074 σώματος,
2816 5005 2870 5056 τί
2899 5007 2958 5059 τὸ
2984 5006 3211 5075 ὄφελοςς
3253 5025 3270 5057 ι
3313 5006 3510 5059 Σκόπει
3543 5020 3764 5073 πνευμα-

2207 5098 2367 5166 τικὴν
2419 5098 2656 5152 σύνεσιν.
2692 5100 2765 5151 Οὐ
2812 5099 2924 5168 γὰρ
2969 5095 3088 5152 εἷπε
3139 5100 3321 5171 μόνον,
3357 5118 3376 5150 ‹
3429 5100 3552 5153 Ἐὰν
3601 5097 3763 5150 πίστιν

2211 5190 2362 5260 ἔχῃς,
2397 5209 2416 5242 ι
2459 5190 2615 5255 ἀλλὰ,
2653 5209 2670 5240 ι
2727 5189 2790 5243 Τί
2831 5191 2890 5242 τὸ
2921 5189 3146 5257 ὄφελος,
3198 5208 3216 5242 ι
3274 5190 3462 5260 ῶσπερ
3507 5192 3552 5242 εἰ
3599 5188 3761 5252 ἔλεγε·

2213 5282 2395 5346 Δεῖξον
2429 5301 2519 5351 μοι
2550 5283 2610 5335 τὸ
2640 5285 2875 5354 πρᾶγμα
2906 5283 3001 5350 ἀφ’
3026 5277 3085 5335 οὗ
3123 5281 3252 5355 [σοι]
3279 5282 3376 5353 τὴν
3425 5276 3762 5351 προσηγορίαν

2213 5374 2420 5446 ταύτην
2467 5376 2780 5445 λογίσομαι.
2822 5376 2992 5429 Τοῦτο
3044 5377 3152 5446 γὰρ
3184 5377 3286 5446 τῆς
3336 5376 3566 5436 πίστεως
3601 5373 3759 5442 ἔργον.

2221 5471 2286 5521 Ὃ
2312 5469 2365 5522 δὲ
2398 5469 2570 5537 λέγει,
2604 5470 2844 5523 τοιοῦτόν
2879 5471 3056 5522 ἐστιν*
3098 5469 3222 5522 Ἐὰν
3259 5469 3334 5540 μὴ
3369 5465 3664 5538 ἓργῳδ;ίξη
3692 5476 3760 5523 τις

1764 5735 2071 5800 Bonifacii
2121 5734 2342 5794 Finetti
2392 5741 2578 5794 notae.

600 5851 715 5924 (16)
747 5848 989 5920 lutellige
1019 5848 1196 5918 quoad
1230 5862 1444 5917 ιιωιιίιιιι
1483 5845 1894 5915 temporariam.
