3950 6552
193 381 331 451 1157

1013 387 1418 448 EXPOSITIO
1443 387 1523 448 1N
1564 386 1801 449 EPIST.
1837 389 1898 450 S.
1950 388 2230 451 JACOBI.
2276 415 2345 426 -
2378 391 2537 456 CAP.
2579 391 2662 454 ΙΙ.

3315 391 3452 457 1158

189 500 276 554 ὅτι
313 497 565 551 πιστεύει
594 497 666 569 τῷ
697 497 839 568 Θεῷ,
871 499 1100 570 περιττὴ
1132 501 1225 552 καὶ
1268 500 1302 570 ἡ
1343 501 1648 571 κατηγορία
1677 500 1772 553 τοῦ

1893 501 1994 566 lat,
2055 518 2115 558 se
2169 503 2396 560 credere
2455 503 2584 570 Deo,
2637 495 2970 573 superﬁuum
3032 503 3195 560 etiam
3254 518 3338 562 est
3395 527 3456 564 se

193 593 390 646 πιστὸν
441 591 718 658 λέγεσθαι.
773 591 848 644 Οὐ
894 593 1002 662 γὰρ
1053 592 1080 644 ὁ
1131 592 1317 656 ἁπλῶς
1364 592 1538 659 λέγων
1587 593 1779 645 ἑαυτὸν

191 680 335 738 εἶναι
370 683 464 735 τοῦ
501 683 726 753 Κυρέον,
762 673 916 745 οὗτός
949 685 1064 736 ἐστι
1113 685 1324 748 πιστὸς,
1380 683 1494 736 ἀλλ’
1541 684 1568 734 ὁ
1609 683 1780 746 οὕτως

193 777 432 841 ἀγαπῶν
455 775 546 827 τὸν
581 775 786 842 Κύριον
820 770 895 838 ὡς
922 775 1012 828 διὰ
1044 775 1140 845 τὴν
1171 777 1249 837 εἰς
1283 775 1446 828 αὑτὸν
1483 775 1663 828 πίστιν
1690 775 1782 828 καὶ

194 869 434 922 θανάτου
475 867 835 937 κατατολμῶν
980 867 1175 940 -μᾷν]·
1228 869 1322 922 καὶ
1353 869 1434 921 ὅτι
1481 863 1640 931 οὗτος
1674 869 1781 921 τῶν

193 959 636 1028 προκειμένωνὸ
680 957 904 1022 σκοπὸς,
959 958 1028 1011 τὰ
1076 958 1455 1027 ὑποδείγματα
1503 957 1779 1028 δηλοῦσιν.

203 1049 467 1119 Ἀϐραὰμ
489 1049 618 1119 γὰρ,
652 1051 838 1119 φησὶν,
871 1049 1019 1120 ἔργῳ
1049 1047 1250 1112 ἔδειξεν
1275 1051 1356 1102 ὅτι
1389 1049 1674 1102 ἐπίστευσε
1704 1049 1782 1120 τῷ

187 1142 342 1212 Θεῷ,
395 1141 702 1210 ἀνενεγκὼν
753 1145 834 1205 εἰς
877 1143 1258 1213 ὁλοκάρπωσιν
1291 1144 1382 1196 τὸν
1414 1143 1778 1212 πρωτότοκον.

203 1233 446 1304 Ὁμοίως
497 1234 554 1286 δὲ
600 1236 692 1286 καὶ
759 1233 930 1287 Ῥαὰϐ
987 1233 1337 1290 πιστεύσασα
1403 1236 1781 1307 κατεφρόνησε

195 1329 456 1384 θανάτου.

195 1416 210 1425 “
277 1439 297 1471 ι
336 1419 494 1473 Οῦτω
515 1420 608 1473 καὶ
641 1421 675 1490 ἠ
706 1417 908 1482 πίστις,
937 1418 1031 1473 ἐὰν
1063 1419 1136 1490 μὴ
1167 1419 1302 1491 ἔργα
1324 1418 1443 1491 ἔχῃ,
1470 1419 1638 1491 νεκρά
1666 1421 1780 1474 ἐστι

192 1515 325 1568 καθ’
357 1515 582 1582 ἑαυτήν.
626 1512 764 1566 Ἀλλ’
799 1513 914 1584 ἐρεῖ
941 1530 1024 1576 τις
1047 1530 1064 1545 ο
1113 1514 1184 1566 Σὺ
1214 1513 1394 1567 πίστιν
1444 1513 1587 1584 ἔχεις
1624 1511 1782 1583 κάγὼ

194 1606 340 1677 ἔργα
368 1606 500 1676 ἔχω.
543 1606 724 1672 Δεῖξον
761 1623 852 1677 μοι
894 1607 994 1676 τὴν
1025 1605 1210 1661 πίστιν
1251 1624 1342 1660 σου
1374 1609 1438 1660 ὲκ
1465 1608 1574 1662 τῶν
1606 1608 1782 1679 ἔργων

197 1713 326 1761 σου,
359 1695 518 1765 κάγὼ
547 1695 707 1763 δείξω
739 1713 822 1750 σοι
871 1697 935 1750 ὲκ
968 1696 1077 1750 τῶν
1108 1695 1287 1768 ἔργων
1321 1715 1422 1768 μου
1454 1696 1554 1768 τὴν
1600 1699 1782 1753 πίστιν

201 1806 332 1858 μου.
373 1789 446 1842 Σὺ
486 1789 764 1852 πιστεύεις
789 1790 870 1844 ὅτι
895 1784 978 1854 εἷς
1014 1789 1144 1853 Θεός
1167 1791 1284 1844 ἐστι
1306 1804 1319 1818 ⁸
1360 1790 1539 1854 καλῶς
1571 1794 1779 1855 ποιεῖς’

1881 594 2162 662 appellare
2189 593 2424 650 ﬁdelem.
2452 594 2568 648 Non
2592 593 2738 648 enim
2771 594 2863 663 qui
2891 593 3034 650 unde
3059 595 3213 658 dicit,
3245 613 3304 651 se
3333 614 3457 653 esse

1883 681 2122 746 Domini,
2191 685 2240 738 is
2275 684 2448 738 ﬁdelis
2481 693 2602 750 est;
2661 685 2759 738 sed
2815 685 2907 755 qui
2967 685 3134 740 Deum
3185 688 3346 758 333
3383 689 3458 744 ita

1881 773 2082 842 diligit,
2117 784 2174 829 ut
2206 784 2426 845 propter
2465 776 2624 830 iidem
2685 775 2739 829 in
2789 775 2968 846 ipsum
3017 779 3182 832 etiam
3221 789 3454 834 mortem

1883 865 2070 920 subire
2103 875 2324 934 paratus
2349 867 2440 921 sit.
2481 867 2542 920 Et
2577 867 2718 937 quod
2771 867 3086 936 huiusmodi
3145 870 3219 924 sit
3250 885 3456 941 propo-
3489 939 3494 942 i

1883 958 2114 1010 sitorum
2163 973 2386 1027 scapus,
2439 962 2710 1029 exempla,
2742 974 2862 1029 qua:
2905 959 3226 1026 aﬁ‘eruntur,
3268 959 3490 1040 declao;

1883 1057 2029 1102 rant.
2065 1047 2336 1103 Abraham
2393 1051 2565 1115 enim,
2624 1051 2824 1122 inquit,
2873 1067 3040 1122 opere
3078 1055 3345 1122 ostendit,
3397 1071 3458 1110 se

1883 1140 2190 1195 credidisse
2224 1139 2358 1206 Deo,
2391 1157 2515 1198 cum
2564 1143 2764 1200 obtulit
2805 1146 2861 1200 in
2904 1145 3285 1202 holocaustum
3343 1148 3460 1217 pri-

1883 1233 2217 1301 mogenitum
2267 1248 2450 1288 suum.
2490 1234 2754 1289 Similiter
2789 1246 2844 1291 et
2895 1237 3068 1304 Raab,
3101 1253 3226 1294 cum
3276 1239 3457 1294 credi-

1883 1324 2076 1389 disset,
2119 1332 2351 1380 mortem
2399 1326 2749 1396 contempsit.

1954 1415 2124 1471 Vens.
2159 1417 2341 1472 17-19.
2384 1437 2401 1470 ‹
2449 1419 2540 1474 Sic
2565 1426 2619 1471 et
2649 1417 2805 1483 ﬁdes,
2837 1418 2881 1472 si
2910 1433 3015 1473 non
3049 1418 3247 1474 habeat
3269 1436 3456 1491 Opera,

1883 1521 2101 1566 mortua
2126 1523 2210 1568 est
2235 1515 2288 1566 in
2319 1512 2634 1584 semetipsa.
2691 1511 2798 1567 Sed
2839 1511 2984 1567 dicet
3011 1514 3154 1584 quis,
3182 1513 3261 1567 Tu
3299 1515 3456 1570 iidem

1883 1603 2078 1668 habes,
2139 1612 2194 1660 et
2225 1619 2322 1672 ego
2378 1619 2543 1673 opera
2581 1603 2790 1658 habeo:
2844 1609 3070 1659 ostemle
3118 1605 3248 1658 mihi
3298 1605 3457 1661 ﬁdem

1883 1703 2032 1750 tuam
2088 1711 2157 1751 ex
2187 1695 2484 1765 operibus;
2513 1704 2567 1749 et
2621 1711 2720 1766 ego
2751 1696 3037 1751 ostendam
3089 1696 3185 1750 tibi
3215 1713 3281 1752 ex
3329 1712 3460 1766 ope-

1886 1787 2036 1842 ribus
2074 1787 2230 1842 ﬁdem
2263 1802 2460 1842 meam.
2499 1785 2580 1840 'l‘u
2612 1787 2810 1853 credis,
2842 1787 2986 1858 quod
3017 1803 3159 1843 unus
3187 1797 3264 1842 est
3293 1786 3457 1843 Dens:

198 1882 298 1934 καὶ
334 1881 406 1934 τὰ
458 1881 713 1952 δαιμόνια
755 1882 1072 1936 πιστεύουσι
1121 1882 1214 1936 καὶ
1261 1883 1567 1953 φρίττουσι.
1615 1903 1634 1935 ι
1668 1884 1781 1937 Οὐκ

1893 1881 2019 1935 bene
2054 1879 2229 1934 lacis:
2293 1889 2348 1935 et
2419 1880 2698 1936 daemones
2743 1880 2995 1945 credunt,
3051 1892 3105 1935 et
3163 1885 3461 1936 contremi-

196 1972 529 2042 ἁντιφάσκει
558 1973 732 2027 ταῦτα
779 1973 858 2044 τῷ
911 1973 1168 2046 μακαρίῳ
1227 1974 1458 2045 Παύλῳ’
1505 1977 1646 2030 κατὰ
1689 1977 1784 2030 δύο

201 2064 315 2134 γὰρ
349 2066 766 2134 σημαινομένων
797 2065 890 2120 τοῦ
931 2066 1029 2136 τῆς
1069 2066 1303 2132 πίστεως
1334 2068 1599 2140 ὀνόματος
1627 2087 1784 2141 φερο-

203 2155 370 2224 μένου
395 2155 485 2208 ἐπί
512 2174 572 2209 τε
614 2157 711 2227 τῆς
733 2156 912 2228 ἁπλῆς
957 2157 1050 2211 τοῦ
1079 2159 1406 2230 φαινομένου
1444 2161 1784 2228 συγκαταθέο

205 2263 366 2309 σεως.
421 2247 611 2300 Πίστιν
642 2249 752 2320 γὰρ
789 2249 1062 2320 εἰώθαμεν
1096 2251 1190 2304 καὶ
1230 2251 1386 2305 τοῦτο
1413 2252 1614 2320 λέγειν,
1650 2253 1784 2307 καθὸ

204 2337 300 2389 καὶ
346 2340 473 2400 τοὺς
517 2339 780 2408 δαίμονας
826 2339 1072 2410 ἔγνωμεν
1107 2341 1383 2396 πιστεύειν
1412 2343 1491 2406 εἰς
1525 2345 1780 2412 Χριστὸν,

202 2431 286 2483 ὅτι
318 2431 446 2494 Υἱός
477 2432 593 2482 ἐστι
623 2430 714 2484 τοῦ
751 2431 884 2484 Θεοῦ
910 2449 923 2462 ο
960 2433 1052 2486 καὶ
1075 2433 1240 2486 πάλιν
1270 2433 1367 2503 τὴν
1397 2435 1463 2488 ἔκ
1491 2434 1784 2500 διαθέσεως

203 2517 637 2587 ἐπακολούθησιν
693 2521 834 2591 μετά
893 2519 1116 2590 βεϐαίας
1176 2522 1626 2590 συγκαταθέσεως
1683 2523 1785 2596 [τῷ

208 2609 310 2678 τῆς
351 2611 588 2674 πῖστεως
625 2613 976 2683 προσρήματι
1015 2613 1323 2667 καλούντων
1354 2613 1558 2688 iuxtim]
1589 2617 1618 2669 ὁ
1643 2616 1784 2681 θεῖος

223 2701 479 2765 Ἰάκωϐος
502 2702 600 2774 τὴν
628 2703 808 2774 ἁπλῆν
830 2705 1238 2772 συγκατὰϐασιν
1260 2708 1461 2774 νεκρὰν
1490 2703 1628 2761 εἷναί
1653 2726 1784 2780 φησι

211 2792 442 2866 ίπίστιν]
477 2794 551 2857 ὼς
575 2795 910 2866 ἀμοιροῦσαν
931 2797 1038 2849 τῶν
1065 2797 1566 2870 ἁναζωπυρούντων
1585 2799 1784 2870 ἔργων.

209 2883 418 2948 Παῦλος
454 2884 510 2938 δὲ
561 2887 730 2956 αὐτὴν
760 2887 823 2940 ἐκ
882 2886 1173 2951 διαθέσεως
1223 2887 1368 2956 λέγει
1409 2889 1615 2954 πίστιν,
1664 2890 1787 2961 ἥτις

213 2976 450 3046 μάλιστα
497 2977 596 3031 οὐκ
630 2978 922 3050 ἐστέρηται
975 2979 1185 3050 ἔργων·
1242 2980 1340 3033 οὐκ
1371 2981 1436 3034 ἂν
1484 2983 1591 3052 γὰρ
1648 2981 1786 3056 αὕτη

208 3068 442 3138 διακένῳ
472 3067 684 3139 σεμνῷύ
715 3070 888 3141 ἔργων
912 3071 1207 3140 ἐγγένοιτο.
1236 3071 1372 3126 Οὐδὲ
1397 3073 1504 3145 γὰρ
1541 3074 1788 3146 Ἀϐραὰμ.

207 3161 365 3232 ἔτυχε
412 3162 616 3232 ταύτης
651 3161 725 3234 μὴ
760 3165 1022 3235 πρότερον
1075 3163 1497 3236 διηγωνισμένος
1547 3168 1644 3238 τὴν
1679 3185 1785 3222 πα·
1814 3197 1859 3258 C

207 3253 402 3326 τρικὴν
450 3253 777 3308 ἀπώσασθαι
822 3256 1129 3320 ἀσθένειαν,
1181 3251 1334 3325 ᾧτινι
1375 3259 1714 3330 ἀγωνίσματι
1750 3263 1782 3333 ἡ

212 3347 396 3409 πίστις
459 3347 692 3400 ἔπαθλον
757 3348 1105 3417 ὲϐραϐεύετο.
1152 3349 1290 3402 Ἀλλ’
1342 3351 1518 3420 ἔργων
1581 3354 1786 3424 ταύτην

210 3439 539 3508 προέκρινεν
567 3441 594 3492 ὁ
627 3439 835 3503 Παῦλος
877 3439 986 3493 τῶν
1013 3440 1155 3518 κατὰ
1181 3441 1344 3511 νόμον
1377 3442 1785 3514 σαϐϐατισμῶν,

211 3537 304 3590 καὶ
336 3538 665 3608 περιτομῆς,
697 3537 792 3591 καὶ
821 3537 930 3590 τῶν
967 3537 1170 3591 λοιπῶν
1201 3539 1506 3609 ἁγνισμῶν.
1538 3540 1643 3593 Δύο
1677 3542 1786 3612 γὰρ

213 3630 306 3682 καὶ
337 3630 428 3680 ἐπὶ
462 3629 569 3681 τῶν
611 3629 790 3700 ἔργων
823 3631 1018 3700 ὁρᾶται
1063 3629 1132 3682 τὰ
1180 3630 1575 3700 σημαινῦμενα.
1611 3632 1788 3701 Ἔργα

210 3719 319 3793 γὰρ
352 3721 447 3774 καὶ
485 3719 554 3788 τᾲ
582 3721 680 3792 τὴν
705 3718 889 3772 πίστιν
915 3718 1235 3789 βεϐαιοῦντα
1257 3719 1496 3788 λέγεται,
1523 3713 1598 3772 ὧν
1625 3723 1788 3790 ἀμοι-

1891 1980 2073 2026 scunt.
2117 1992 2135 2025 ι
2171 1970 2288 2026 Non
2321 1983 2450 2028 sunt
2505 1972 2607 2028 ista
2633 1971 2905 2027 contraria
2932 1972 3058 2026 diro
3104 1971 3290 2028 Paulo.
3323 1973 3458 2028 Cum

1884 2063 2028 2116 enim
2067 2078 2261 2119 nomen
2302 2064 2424 2119 ﬁdei
2483 2064 2593 2120 duo
2629 2063 2945 2134 signiﬁcare
2993 2065 3203 2120 valeat;
3236 2079 3363 2119 nam
3400 2075 3458 2120 et.

1885 2154 2185 2224 simplicem
2218 2159 2418 2212 mentis
2437 2157 2514 2212 rei
2541 2158 2822 2226 apparenti
2859 2172 3146 2211 assensum
3183 2156 3460 2212 interdum

1886 2247 2192 2316 signiﬁcat;
2245 2247 2405 2302 ﬁdem
2455 2263 2692 2317 namque
2739 2247 2931 2301 ethoc
2991 2247 3176 2302 dicere
3219 2249 3465 2304 solemus

1887 2341 2014 2408 (qua
2066 2339 2280 2393 ratione
2307 2347 2362 2394 et
2415 2338 2692 2395 daemones
2746 2339 2971 2394 credere
3003 2340 3277 2403 novimus,
3313 2341 3458 2410 quod

1885 2432 2138 2487 Christus
2169 2431 2241 2486 sit
2270 2430 2444 2486 Filius
2477 2430 2596 2502 Dei)
2631 2449 2646 2497 ;
2681 2440 2735 2486 et
2773 2447 2965 2486 rursus
3015 2433 3459 2488 consecutionem

1885 2543 1949 2582 ex
2010 2524 2304 2580 allectione
2359 2523 2522 2580 simul
2581 2538 2706 2577 cum
2781 2521 2940 2577 ﬁrmo
3019 2538 3273 2585 assensu,
3333 2523 3459 2578 ﬁdei

1886 2617 2112 2672 nomine
2152 2615 2494 2686 appellamus
2543 2633 2556 2669 :
2608 2622 2835 2670 sanctus
2876 2613 3115 2670 Jacobus
3159 2616 3462 2684 simplicem

1888 2709 2040 2764 illum
2074 2723 2362 2764 assensum
2386 2707 2544 2763 ﬁdem
2576 2725 2594 2758 ι
2628 2719 2900 2762 mortuam
2939 2726 2956 2758 ι
2983 2707 3245 2776 appellat,
3271 2717 3465 2777 utpote

1890 2800 2302 2856 viviﬁcantibus
2350 2800 2612 2870 operibus
2643 2801 2988 2855 destitutam.
3021 2800 3223 2856 Paulus
3278 2811 3461 2855 autem

1889 2905 2008 2944 eam
2033 2905 2152 2960 qum
2191 2905 2258 2946 ex
2294 2890 2584 2944 affectione
2609 2899 2714 2950 est,
2750 2896 2912 2945 vocat
2972 2889 3156 2956 ﬁdem,
3183 2907 3305 2959 qua:
3331 2905 3467 2946 sane

1889 2990 2097 3037 nonest
2126 2981 2386 3051 operibus
2415 2997 2587 3036 vacua
2611 2981 2722 3051 (i7)
2755 2999 2769 3036 :
2800 2997 2976 3052 neque
2996 2983 3142 3036 enim
3175 2983 3264 3035 illa
3297 2982 3468 3037 hone-

1891 3076 1992 3128 stis
2029 3073 2290 3143 operibus
2323 3089 2494 3127 vacuo
2521 3073 2938 3143 ingeneraretur
2962 3073 3098 3142 (l8).
3127 3071 3262 3126 Nam
3287 3089 3468 3144 neque

1891 3165 2168 3220 Abraham
2203 3167 2344 3220 bane
2365 3175 2697 3220 consecutus
2731 3173 2836 3229 est,
2871 3174 3162 3235 antequam
3198 3173 3468 3220 certasset

1894 3261 1960 3314 ad
1994 3268 2279 3328 paternam
2335 3258 2698 3329 repellendam
2755 3257 3183 3313 imbecillitatem
3216 3257 3351 3327 (i9),
3378 3261 3468 3313 cui

1893 3351 2181 3406 certamini
2209 3351 2341 3406 ﬁdes
2360 3351 2412 3405 in
2440 3349 2721 3420 praemium
2739 3350 2861 3404 data
2885 3359 2966 3404 est
2997 3349 3131 3420 (ΞΟ).
3161 3349 3309 3404 lianc
3338 3365 3470 3405 vero

1894 3442 2097 3497 Paulus
2127 3442 2284 3496 ﬁdem
2311 3441 2604 3512 praeposuit
2632 3441 2912 3510 operibus,
2946 3456 3144 3510 nempe
3193 3441 3471 3496 sabbatis-

1896 3539 2024 3596 niis.
2043 3537 2475 3600 circumcisioni,
2494 3537 2828 3606 reliquisque
2853 3533 3100 3588 Biosaica:
3122 3535 3254 3606 legis
3279 3537 3472 3591 obser-

1897 3629 2118 3683 vantiis.
2146 3627 2601 3698 Quandoquidem
2637 3628 2798 3680 etiam
2844 3641 3068 3694 operum
3118 3642 3319 3682 nomen
3357 3628 3468 3683 duo

1897 3721 2212 3791 signiﬁcat:
2252 3737 2374 3774 nam
2424 3728 2478 3774 ct
2508 3734 2673 3788 opera
2705 3718 2963 3773 dicuntur
3014 3720 3106 3772 illa
3159 3736 3281 3789 qua:
3311 3719 3466 3775 ﬁdem

1432 3899 1740 3964 Bonifacii
1783 3903 2008 3964 Finetti
2059 3909 2248 3962 notae.

287 4002 402 4072 (i7)
427 3999 623 4074 Fidem
647 4018 711 4057 ea:
745 4002 1020 4071 affectione
1047 4002 1166 4074 (seu
1201 4003 1369 4056 animi
1400 4003 1782 4074 dispositione)

213 4080 376 4127 vocat
424 4073 537 4142 hic,
569 4083 968 4126 commentator
1034 4072 1191 4126 ﬁdem
1226 4088 1372 4142 quae
1428 4090 1458 4126 a
1493 4072 1786 4142 Vitheologis

214 4145 458 4213 formata
511 4141 736 4213 dicitur,
791 4158 1067 4212 quamque
1124 4142 1180 4196 S.
1222 4141 1418 4213 Paulus
1457 4141 1602 4212 (Gal.
1637 4141 1786 4212 v,’(i)

218 4211 298 4267 ait
361 4228 455 4280 per
528 4211 842 4266 charitatem
913 4213 1148 4281 operari.
1225 4211 1410 4266 Fidem
1470 4211 1790 4279 hujusmodi

215 4283 483 4352 operibus
547 4297 777 4337 vacuam
838 4297 962 4338 esse
1015 4297 1124 4336 nou
1181 4297 1375 4353 posse,
1431 4283 1788 4352 perSpicuum

215 4361 324 4410 est.

283 4421 403 4491 (l8)
446 4421 522 4476 De
545 4436 610 4476 eo
636 4421 781 4490 quod
839 4421 1120 4492 ordinarie
1152 4421 1441 4490 contingit,
1491 4421 1639 4492 loqui
1705 4421 1792 4476 hic

1891 4009 2037 4063 enim
2078 4007 2236 4060 video
2293 4007 2570 4076 quomodo
2605 4008 2724 4063 haec
2775 4006 2964 4062 Gneca
2998 4003 3183 4076 verba,
3211 4074 3220 4076 _
3247 4017 3368 4072 quae
3411 4005 3468 4056 in

1893 4085 2046 4131 textu
2106 4074 2376 4146 Crteco'e
2433 4081 2654 4145 regione
2712 4077 2833 4146 ejus
2877 4075 3151 4146 versionis
3210 4074 3470 4146 leguntur

1895 4147 2061 4217 (Edit.
2095 4145 2217 4199 Par.
2245 4147 2425 4214 163i),
2457 4143 2556 4217 τῆν
2607 4143 2882 4217 πατρικὴν
2931 4145 3224 4217 ἀπώ-σαθαι
3255 4143 3468 4211 ἁθείαν,

1893 4215 2594 4286 talem»interpretationem
2633 4215 2878 4286 recipere
2919 4215 3154 4286 possint.

1970 4284 2082 4352 (9.0)
2113 4284 2169 4338 Si
2225 4293 2628 4340 commentator
2689 4283 2760 4340 de
2819 4283 2992 4353 prima
3060 4283 3328 4353 Abrahae,
3366 4283 3471 4336 ﬁde

1896 4355 2159 4424 loquitur,
2189 4354 2470 4425 prmmium
2503 4357 2720 4425 proprie
2759 4352 2980 4425 dictum
3014 4353 3126 4425 hic
3151 4352 3469 4425 intelligere

1897 4421 2006 4480 non
2043 4421 2240 4494 potest,
2292 4422 2385 4477 sed
2429 4421 2833 4488 tantummodo,
2879 4421 3024 4494 quod
3079 4421 3296 4474 cuidam
3330 4437 3469 4494 con-

219 4490 662 4567 primam-torem
704 4493 890 4567 istum2
950 4490 1241 4567 Ordinarie
1277 4493 1423 4546 enim
1475 4490 1610 4567 ﬁdes
1661 4507 1788 4545 vera
1823 4511 1867 4567 ι)
1899 4490 2146 4567 gruitati,
2184 4508 2280 4548 seu
2318 4508 2579 4567 congruae
2617 4490 3001 4567 tlispositioni‘
3028 4491 3465 4567 _corres_pondct:

222 4561 334 4618 iion
364 4562 675 4616 innascitur
704 4562 771 4616 i‘s
803 4561 893 4630 qui
931 4572 1078 4615 recte
1106 4562 1334 4632 etjuxta
1389 4562 1618 4632 rationis
1649 4577 1792 4632 prae-

224 4634 432 4702 scripta
463 4647 569 4702 non
602 4632 832 4702 vivunt;
862 4645 1027 4700 prava
1065 4631 1210 4702 enim
1240 4630 1457 4685 vivendi
1491 4632 1630 4686 ratio
1651 4630 1796 4686 'vali-

219 4700 489 4757 dissinms
525 4700 648 4755 ﬁdei
681 4701 817 4755 obex
853 4715 975 4754 esse
1003 4701 1166 4755 solet.

291 4770 408 4842 (l9)
445 4771 550 4825 Per
577 4779 854 4839 paternam
893 4770 1576 4842 imbecillitatemintelligo
1597 4787 1799 4840 paren-

218 4839 336 4896 tum
369 4839 634 4905 amorem,
679 4855 838 4908 quem
871 4855 1130 4909 superare
1162 4839 1356 4894 debuit
1401 4839 1704 4906 Abraham,
1734 4851 1794 4896 ut

220 4911 316 4965 Dei
355 4911 614 4964 mandato
645 4909 944 4979 egrediendi
981 4909 1042 4962 de
1070 4918 1210 4962 terra
1257 4919 1308 4963 et
1338 4912 1651 4980 cognatione
1697 4928 1795 4964 sua

219 4981 377 5052 (Gen.
423 4997 520 5045 xu,
576 4983 626 5048 l)
687 4981 1111 5052 obtemperaret.
1172 4980 1364 5052 Editus
1418 4983 1521 5034 sub
1568 4982 1795 5052 nomine

217 5049 544 5107 (Ecumeuii
601 5051 1032 5103 commentarius
1068 5065 1165 5116 pro
1205 5049 1512 5112 ἀσθενεξαν,
1560 5051 1795 5103 imbecil-

218 5125 450 5184 litatem,
471 5124 553 5175 vel
579 5119 967 5188 inﬁrmitatem,
999 5119 1176 5183 habet,
1204 5129 1256 5172 et
1278 5120 1522 5188 [Ortasse
1575 5121 1792 5182 melius,

219 5192 437 5248 ἀθειαν.
493 5187 868 5258 impietatem:
927 5203 1047 5256 qute
1109 5189 1153 5243 si
1214 5187 1543 5258 admittatur
1608 5190 1791 5255 lectio,

222 5261 538 5330 respexisse
569 5257 786 5330 ridetur
810 5258 897 5310 hic
942 5265 1135 5310 auctor
1160 5257 1224 5311 ad
1267 5272 1414 5330 eam,
1445 5273 1566 5328 quae
1593 5261 1794 5314 multo-

221 5326 347 5385 rum
405 5339 513 5394 est,
574 5329 911 5397 opinionem,
975 5343 1204 5397 nempe.
1265 5326 1499 5382 Tliarem
1581 5339 1789 5396 patrem

219 5401 479 5462 Abrahae,
510 5396 802 5466 imdjuxta
847 5396 1162 5459 nonnullos,
1203 5397 1380 5466 ipsutn
1418 5398 1788 5452 Abrahamuni

220 5471 544 5540 aliquando,
601 5470 760 5540 idolis
814 5468 1094 5540 serviisse.
1137 5466 1256 5531 Quo
1302 5467 1606 5537 supposito,
1659 5469 1789 5537 quid

221 5537 331 5596 sibi
371 5541 498 5594 Velit
519 5554 640 5592 cum
669 5539 766 5603 ait,
797 5537 1168 5591 Abrahamuui
1200 5552 1305 5591 non
1335 5541 1485 5604 prius
1521 5552 1788 5591 consecu-

224 5623 340 5665 tum
393 5624 512 5664 esse
564 5608 743 5669 ﬁdem,
796 5622 960 5676 qttam
1019 5607 1084 5660 ad
1139 5616 1415 5674 paternam
1464 5608 1786 5676 impietatem

226 5675 937 5749 repellendam“certaverit,
1000 5678 1341 5744 perspicuum
1425 5688 1545 5749 est._
1591 5675 1788 5749 Nescio

221 5746 409 5806 autem
435 5752 563 5818 quid
600 5747 899 5801 llentenius
965 5749 1174 5815 legerit,
1233 5747 1612 5818 cuurvertit:
1674 5746 1788 5811 Quo

224 5816 568 5896 (certamine)
616 5828 838 5887 paterna
883 5819 1194 5886 cognatione
1242 5816 1621 5882 expelleretur:
1677 5832 1786 5871 non

1901 4561 2010 4621 non
2043 4565 2190 4618 enim
2229 4561 2633 4618 veruni'ullum
2671 4561 2926 4618 meritum
2974 4561 3160 4624 ﬁdem,
3217 4561 3326 4612 imo
3369 4576 3470 4614 nec

1900 4637 2245 4697 cliaritatem,
2281 4633 2585 4701 pratcedere
2617 4642 2818 4702 potest.
2849 4632 2905 4686 Si
2948 4646 3075 4685 vero
3105 4632 3172 4683 de
3214 4629 3472 4702 uberiore

1899 4707 2081 4774 aliqua
2110 4702 2234 4763 ﬁde.
2270 4699 2748 4774 setrprrecedentis
2773 4703 2892 4774 ﬁdei
2927 4699 3472 4774 augnieuto‘i‘ibralne

1898 4776 1968 4829 ob
1995 4768 2276 4828 certamen
2316 4768 2401 4824 ad
2437 4773 2786 4838 repellendam
2847 4773 2962 4826 sive
3007 4768 3468 4834 imbecillitatem,

1899 4846 2015 4899 sive
2047 4845 2371 4910 impietatem
2398 4852 2676 4909 paternam
2696 4857 2964 4898 concesso
2994 4841 3272 4910 loquatur,
3293 4841 3473 4908 potuit

1899 4913 1950 4967 id
1997 4913 2222 4982 quidem
2275 4911 2482 4982 praemii
2551 4913 2822 4967 rationem
2887 4909 3122 4982 habere;
3178 4909 3231 4963 id
3289 4921 3472 4982 tamen

1897 4979 2041 5036 haud
2091 4979 2330 5044 conﬁcit,
2386 4981 2542 5036 ﬁdem
2602 4984 2655 5036 in
2716 4982 2935 5037 homine
2985 4979 3144 5032 bonis
3214 4979 3473 5047 operibus

1895 5067 2071 5107 vacuo
2106 5052 2417 5120 ingenerari
2461 5068 2568 5105 non
2596 5068 2778 5120 posse.
2820 5053 2885 5102 ad
2917 5051 3064 5118 quod
3126 5048 3472 5120 probandum

1895 5121 2143 5189 exemplo
2169 5117 2416 5175 'Abralne
2439 5123 2516 5175 uti
2543 5117 2756 5176 videtur
2782 5117 3205 5189 commentator.
3249 5117 3471 5189 Verum,

1895 5187 2017 5245 titul
2057 5187 2225 5246 incus
2269 5192 2442 5260 ipsius
2489 5193 2590 5246 hoc
2629 5193 2748 5246 loco
2787 5190 3093 5247 sehabeat,
3134 5187 3264 5260 illud
3297 5190 3476 5260 omni-

1893 5262 1996 5317 bus
2038 5271 2218 5315 ratum
2242 5257 2366 5316 esse
2399 5263 2574 5323 debet,
2608 5259 3184 5328 ﬁdemjustilicantem
3232 5257 3284 5308 in
3319 5257 3475 5308 adul-

1895 5333 1968 5387 tis
2039 5346 2216 5400 neque
2288 5332 2448 5385 bonis
2507 5333 2768 5400 operibus
2822 5343 3064 5400 vacuant
3123 5341 3471 5400 permanere,

1893 5417 2072 5473 neque
2091 5397 2322 5473 absque
2353 5401 2513 5456 bonis
2547 5397 2835 5473 'operibus
2893 5406 2949 5473 et
2980 5397 3146 5450 animi
3206 5411 3477 5465 pra'para-

1894 5471 2062 5535 tione,
2122 5489 2218 5526 seu
2278 5471 2490 5541 absque
2558 5471 2866 5538 pmposito.
2939 5471 3082 5521 bona
3145 5481 3312 5541 opera
3372 5482 3474 5520 suo

1895 5551 2160 5612 tempore,
2195 5549 2248 5597 et
2279 5557 2376 5610 pro
2398 5536 2869 5612 'data'oceasione
2925 5537 3217 5591 exercendi
3241 5536 3478 5612 ingene-

1892 5605 2214 5680 rari'pOsse.
2247 5605 2311 5664 Et
2343 5613 2423 5666 sic
2451 5610 2864 5678 intelligendus,
2885 5621 3202 5680 quanquam
3239 5605 3478 5658 fortasse

1893 5677 2049 5736 haud
2096 5683 2235 5734 satis
2291 5693 2544 5735 accurate
2599 5677 2658 5733 se
2721 5681 2983 5748 explicet,
3041 5677 3128 5730 hic
3189 5690 3476 5730 commeti-

1891 5761 2055 5806 lator.
