4010 6608
447 375 580 439 1175

1358 376 1937 437 THEOPHYLACTI
1971 376 2380 435 BULGARL‘E
2415 377 2749 438 ARCUIEP

3561 374 3710 437 1:76

445 491 567 544 dem
602 504 785 544 rerum
820 490 1092 545 inuti-lium
1144 488 1325 547 studio
1350 498 1405 546 ct
1449 504 1635 545 amore
1679 489 2009 562 parvipetnlit

2125 491 2251 553 τοὺς
2292 492 2618 560 μισομένους
2645 492 2738 544 καὶ
2769 491 2995 560 ἑχθροῦς
3025 491 3182 561 ἡμῶν
3230 490 3559 560 πάσχομενῖ
3595 491 3710 542 Δὑο

449 587 670 651 divina,
695 586 776 641 vel
804 587 964 641 etiam
1007 603 1070 643 ea
1130 586 1350 642 fastidio
1400 587 1562 641 habet
1597 603 1610 640 :
1642 601 1748 655 qua
1805 586 2017 641 ratione

449 694 578 747 erga
612 694 706 735 eos
735 678 880 734 solos
904 695 1042 748 quos
1074 679 1200 735 odio
1234 680 1524 743 habemus,
1576 679 1754 747 iisque
1811 677 2014 732 inimici

450 787 667 834 sumus,
709 787 808 826 nos
850 786 1040 841 gerere
1071 772 1336 827 solemus.
1368 769 1502 827 Cum
1538 771 1706 842 igitur
1743 769 1854 824 duo
1882 768 2013 830 sint,

414 853 418 860 ’
445 865 646 932 quibus
673 878 889 933 operam
912 865 1041 917 dant
1071 865 1343 929 homines,
1382 863 1524 918 Deus
1553 863 1831 917 scilicetet
1860 876 2015 914 mun-

417 941 548 1006 Idus
578 991 592 1015 ,
622 967 684 1006 ac
721 959 831 1008 duo
887 968 1108 1022 quoque
1156 956 1262 1008 sint
1305 953 1506 1024 quibus
1544 955 1688 1008 circa
1722 959 2016 1021 utrumque

443 1060 629 1098 eorum
662 1045 869 1099 versari
893 1060 990 1099 nos
1013 1061 1334 1115 possumus.
1352 1059 1546 1113 nempe
1567 1058 1720 1097 amor
1738 1052 1791 1097 et
1807 1043 2013 1106 odium,

441 1150 570 1203 erga
610 1135 925 1188 utrumlibet
961 1136 1152 1190 horum
1183 1137 1413 1192 studiosi
1447 1152 1547 1190 nos
1602 1135 1777 1189 simus
1848 1147 2016 1204 Opor-

419 1233 536 1296 τοι,
565 1232 624 1279 ut
684 1226 918 1280 alterum
963 1227 1322 1296 negligamus.
1374 1225 1548 1280 Porro
1587 1224 1826 1278 studium
1874 1224 2014 1292 parit

438 1315 598 1387 342
637 1317 934 1373 amicitiam
963 1358 978 1381 ,
1023 1319 1309 1390 neglectus
1359 1334 1486 1373 vero
1517 1318 1724 1372 odium.
1753 1315 2012 1385 Quisquis

439 1409 606 1475 igitur
633 1409 816 1464 divina
861 1410 1230 1480 amplectitur,
1265 1412 1476 1465 amicus
1533 1410 1623 1464 Dei
1687 1419 1741 1464 et
1796 1415 1901 1474 est,
1960 1416 2014 1460 ct

438 1497 661 1552 dicitur.
688 1498 789 1564 Qui
824 1514 954 1554 vero
984 1501 1151 1554 Deum
1205 1499 1592 1570 parvil'aciens,
1626 1496 1888 1552 mundum
1931 1497 2011 1549 di-

439 1589 694 1660 ligit,hie
751 1591 894 1646 inter
955 1592 1210 1647 inimicos
1262 1590 1355 1646 Dei
1420 1592 1542 1660 jure
1583 1590 2008 1660 conputahitnr.

435 1680 705 1746 Quoniam
744 1698 873 1738 vero
902 1684 1016 1739 haec
1036 1683 1217 1738 omnia
1251 1698 1319 1738 ex
1373 1683 1685 1754 arrogantia
1734 1692 1780 1735 et
1813 1697 2009 1751 super-

439 1777 524 1830 hia
551 1777 692 1834 falso
722 1781 1030 1850 sapientum
1057 1781 1344 1836 doctorum
1372 1778 1506 1836 oriri
1568 1784 1854 1833 ostensum
1891 1783 2004 1837 est,

2119 583 2411 654 τοιγαροῦν
2441 585 2610 638 ὄντων
2639 584 2745 636 τῶν
2767 584 2896 654 περὶ
2916 583 2950 636 ἃ
2979 583 3365 646 σπουδάζουσιν
3389 583 3486 635 ἄνθ
3494 599 3702 651 ρωποι,

2119 674 2256 727 Θεοῦ
2313 675 2412 729 καὶ
2444 675 2677 745 κόσμου,
2721 675 2816 728 καὶ
2869 675 2992 730 καθ’
3042 673 3306 745 ἑκάτερον
3347 673 3556 726 τούτων
3583 674 3703 725 τῶν

2118 768 2211 820 δύο
2245 769 2607 837 στεφομένων,
2641 767 2822 835 φιλίας
2863 768 2958 820 καὶ
3005 769 3216 836 μίσους,
3259 770 3389 838 περὶ
3431 769 3703 837 ὁπότερον

2118 859 2322 912 τούτων
2371 860 2765 924 σπουδάζοντες
2801 859 3306 930 καταληφθείημεν,
3343 860 3562 923 πάντως
3599 857 3699 911 τοῦ

2118 950 2308 1021 ἑτέρου
2333 949 2674 1019 ἀφειδοῦντες
2694 950 2976 1021 όρώμεθα.
3001 953 3150 1005 Dote!
3175 951 3234 1006 δὲ
3289 953 3323 1020 ἡ
3356 952 3456 1022 μὲν
3490 950 3701 1021 σπουδὴ

2089 1041 2302 1109 ,φιλίαν
2334 1059 2350 1074 ·
2385 1043 2420 1111 ὴ
2448 1041 2504 1094 δὲ
2536 1041 2822 1111 ὀλιγωρία,
2855 1044 3034 1112 μῖσος.
3070 1044 3168 1104 Ὃς
3217 1041 3314 1096 οὖν
3366 1042 3476 1096 τῶν
3531 1042 3698 1094 θείων

2119 1133 2462 1202 ἀντίσχηται,
2500 1133 2652 1202 φίλος
2686 1133 2822 1186 Θεοῦ
2851 1134 2949 1186 καὶ
2980 1133 3096 1187 ἐστι
3126 1135 3221 1187 καὶ
3249 1134 3469 1202 λέγεται
3503 1151 3518 1164 ·
3547 1134 3607 1197 ὃς
3634 1135 3694 1188 δὲ

2115 1223 2250 1276 Θεοῦ
2281 1224 2379 1294 μὲν
2404 1224 2874 1294 κατολιγωρήσας,
2899 1225 3103 1296 κόσμον
3122 1226 3178 1279 δὲ
3205 1227 3515 1295 ἠγάπησεν,
3537 1220 3695 1289 οὗτος

2116 1317 2172 1368 ὲν
2200 1317 2311 1379 τοῖς
2342 1315 2557 1384 ἐχθροῖς
2579 1316 2673 1370 τοῦ
2700 1316 2834 1370 Θεοῦ
2863 1316 3414 1388 καταλογισθησεται.
3455 1318 3609 1370 Ἐπεὶ
3635 1317 3690 1369 δὲ

2114 1404 2283 1458 ταῦτα
2319 1405 2493 1459 πάντα
2526 1406 2583 1472 ἐξ
2619 1406 2937 1472 ἀλαζονείας
2967 1407 3087 1478 [καὶ
3129 1408 3532 1480 ὑπερηφανίας]
3581 1409 3691 1462 τῶν

2113 1497 2463 1567 ψευδοσόφων
2492 1498 2708 1569 ἐδείχθη
2743 1497 3103 1570 [διδασκάλων
3135 1498 3426 1570 φυόμενα],
3449 1499 3694 1570 δευτέρῳ

2117 1588 2278 1642 πάλιν
2311 1589 2516 1660 ἐλέγχῳ
2574 1591 2858 1660 κέχρηται,
2911 1591 3183 1660 ἀνανῆψαι
3235 1590 3556 1661 βουλόμενος
3589 1591 3692 1656 τῆς

2119 1681 2286 1752 μέθης
2309 1682 2511 1743 αὐτῶν,
2546 1681 2666 1753 [καὶ
2689 1681 2782 1734 τοῦ
2809 1683 2979 1753 κάρου
3007 1682 3340 1754 ἀπαλλάξαι]
3364 1685 3489 1746 τοὺς
3519 1682 3688 1736 τοιοῦ-

2113 1789 2238 1834 τους
2266 1789 2280 1804 ο
2320 1772 2414 1825 καί
2433 1790 2596 1842 φησιν
2629 1791 2644 1807 ο

436 1870 543 1923 alio
565 1886 761 1926 rursus
786 1873 958 1926 utitur
975 1878 1318 1943 argumento,
1343 1870 1571 1940 cupiens
1600 1865 1868 1936 ejusmodi
1901 1865 2149 1920 homines
2181 1863 2249 1916 ab
2276 1862 2541 1921 ebrietate
2583 1863 2649 1918 ad
2724 1865 3073 1921 sobrietatem
3135 1866 3335 1933 redire,
3397 1880 3562 1938 atque
3623 1869 3690 1925 ab

435 1961 546 2015 alto
577 1963 1049 2032 soporeliberare,
1070 1976 1123 2018 et
1153 1963 1227 2017 ait
1253 1981 1266 2017 :

506 2053 671 2110 Vens.
700 2055 759 2121 5,
792 2053 844 2110 θ.
877 2073 894 2106 ι
927 2056 1008 2109 An
1044 2056 1253 2127 putatis
1283 2055 1426 2126 quod
1458 2056 1696 2112 inaniter
1721 2055 2004 2124 Scriptura
2042 2050 2081 2107 Β

435 2145 620 2199 dicat:
657 2145 737 2199 Ad
770 2145 1031 2199 invidiam
1065 2146 1414 2215 concupiscit
1446 2146 1672 2215 spiritus
1724 2143 1815 2213 qui
1854 2141 2011 2195 habi-

435 2243 514 2289 tat
547 2236 598 2290 in
634 2237 834 2292 vobis?
867 2235 1127 2304 Maiorem
1168 2246 1348 2292 autem
1382 2236 1476 2290 dat
1497 2236 1751 2308 gratiam.
1782 2236 2012 2302 Propter

428 2326 580 2395 quod
616 2326 750 2382 dicit
779 2343 793 2380 :
822 2326 965 2382 Deus
1000 2328 1252 2398 superbis
1280 2327 1508 2392 resistit,
1567 2327 1868 2382 humilibus
1907 2340 2008 2379 au-

425 2403 545 2484 tem
577 2417 670 2472 dat
695 2421 946 2488 gratiam.
981 2439 998 2470 ι
1037 2419 1166 2475 Tale
1188 2420 1466 2491 quidpiam
1491 2419 1578 2474 bic
1596 2435 1692 2491 per
1715 2421 1818 2476 ista
1843 2419 2010 2489 signi-

438 2513 586 2574 ﬁcat,
628 2511 867 2581 elliptico
891 2521 1052 2582 atque
1086 2513 1406 2568 ahbreviato
1433 2527 1686 2568 sermone
1715 2519 1898 2576 utens,
1946 2526 2010 2566 ac

430 2603 483 2666 si
509 2603 722 2656 diceret
751 2617 763 2654 :
799 2599 913 2671 Ego
941 2603 1161 2672 quidem
1215 2603 1453 2674 propriis
1484 2603 1667 2657 verbis
1689 2617 1784 2656 vos
1803 2600 2008 2656 hucus-

433 2708 542 2762 que
567 2695 904 2759 commonui,
929 2705 986 2749 ut
1039 2704 1186 2750 recte
1211 2704 1265 2748 et
1301 2695 1703 2765 inculpabiliter
1745 2692 2008 2763 sapientia

435 2795 616 2840 vestra
647 2787 898 2848 utamini,
927 2803 1061 2842 neve
1085 2804 1181 2858 per
1199 2787 1511 2858 superbiam
1543 2789 1660 2859 ipsa
1692 2788 2004 2853 abutentes,

435 2876 660 2930 verbum
736 2877 1000 2933 doctrina:
1055 2878 1400 2935 adulteretis.
1459 2878 1514 2933 Si
1578 2895 1708 2934 vero
1761 2879 1924 2934 etiam
1973 2893 2006 2932 a

436 2980 594 3021 saera
629 2965 915 3037 Scriptura
951 2967 1002 3021 id
1037 2969 1243 3024 rescire
1268 2969 1484 3038 cupitis,
1541 2968 1726 3024 audite
1757 2985 1770 3022 :
1805 2987 1823 3020 ι
1864 2967 2006 3023 Deus

435 3057 689 3126 superbis
712 3057 919 3114 resistit
950 3059 1016 3113 ⁸⁸.
1057 3078 1078 3112 ι
1116 3057 1170 3112 Si
1203 3059 1367 3130 igitur
1403 3077 1422 3112 ι
1461 3059 1605 3114 Deus
1638 3059 1888 3130 superbis
1914 3075 2002 3114 re-

435 3147 620 3215 sistit,
647 3165 666 3198 ι
702 3164 804 3205 nos
830 3155 1010 3203 autem
1041 3149 1280 3204 inimicis
1309 3149 1563 3206 resistere
1594 3149 1856 3214 solemus,
1881 3163 2005 3220 pro-

437 3239 581 3296 iecto
615 3239 836 3310 superbi
864 3240 1007 3295 inter
1049 3241 1303 3298 inimicos
1353 3241 1445 3296 Dei
1479 3241 1830 3313 computandi
1851 3249 2000 3296 sunt.

434 3329 553 3383 Non
576 3331 721 3384 enim
778 3346 914 3386 vane
946 3347 1008 3388 ac
1038 3333 1323 3395 stulte.vel
1353 3332 1420 3386 ad
1449 3332 1711 3387 invidiam
1739 3331 2001 3402 impossi-

2189 2061 2205 2092 ι
2252 2043 2310 2095 Εί
2368 2043 2577 2096 δοκεῖτε
2626 2043 2707 2096 ὅτι
2742 2042 2915 2107 κενῶς
2966 2045 3002 2113 ἡ
3059 2042 3250 2115 Γραφὴ
3296 2044 3495 2113 λάγει·
3547 2047 3691 2117 Πρὸς

2112 2134 2307 2202 φθόνον
2337 2134 2592 2188 ἐπιποθεῖ
2617 2134 2677 2187 τὸ
2716 2134 2957 2205 πνεῦμα,
2991 2136 3020 2189 ὃ
3046 2137 3368 2207 κατῴκησεν
3411 2139 3468 2191 ἐν
3503 2139 3636 2210 ὑμῖν
3665 2158 3684 2206 ς

2112 2226 2354 2291 Μείζονα
2391 2228 2447 2282 δὲ
2483 2227 2664 2281 δίδωσι
2695 2229 2874 2300 χάριν.
2901 2228 2992 2280 Διὸ
3021 2229 3171 2297 λέγει
3199 2246 3213 2260 ·
3260 2231 3321 2283 Ὀ
3357 2230 3491 2295 Θεὸς
3516 2232 3687 2304 ὑπερ-

2111 2321 2340 2390 ηφάνοις
2372 2320 2778 2384 ἀντιτάσσεται,
2823 2322 3101 2385 ταπεινοῖς
3144 2320 3199 2374 δὲ
3231 2322 3416 2376 δίδωσι
3449 2325 3628 2394 χάριν.
3660 2343 3684 2377 ι

2111 2411 2362 2465 Τοιοῦτόν
2389 2429 2440 2464 τι
2470 2411 2644 2481 λέγων
2679 2412 2776 2467 καὶ
2806 2412 2982 2480 δηλῶν
3025 2414 3112 2469 διὰ
3145 2413 3370 2480 τούτων,
3419 2416 3687 2469 ὲλλειπτι-

2112 2505 2224 2566 κῶς
2257 2504 2456 2574 χρῆται
2492 2503 2568 2574 τῷ
2605 2505 2748 2575 λόγῳ
2779 2503 2897 2578 [καὶ
2929 2505 3138 2578 adiuv},
3178 2507 3268 2560 διὰ
3307 2511 3406 2578 τὴν
3437 2508 3534 2562 τοῦ
3564 2526 3686 2562 συν.

2110 2597 2456 2668 τετμημένου
2483 2596 2645 2665 λόγου
2679 2597 2900 2668 χρῆσιν,
2940 2596 3083 2666 Ἐγὼ
3120 2598 3241 2668 μὲν,
3264 2599 3513 2666 φάσκων,
3547 2600 3686 2669 ὑμᾶς

2109 2689 2221 2749 τοῖς
2255 2687 2476 2750 οἰκείοις
2527 2687 2808 2758 ἐπέστησα
2855 2688 3056 2756 λόγοις,
3111 2689 3240 2760 περὶ
3282 2690 3344 2743 τὸ
3386 2690 3545 2751 εὑθὲς
3594 2694 3688 2746 καὶ

2109 2779 2532 2845 ἀκατάγνωστον
2557 2779 2656 2850 τῆς
2683 2780 2932 2850 χρήσεως
2962 2781 3062 2851 τῆς
3084 2781 3273 2850 σοφίας
3300 2780 3480 2850 ὑμῶν,
3507 2783 3583 2844 ὡς
3617 2782 3691 2835 ἂι

2113 2871 2188 2942 μὴ
2233 2870 2292 2935 ἐξ
2341 2871 2720 2942 ὑπερηφανίας
2753 2873 3178 2943 παραχρώμενοι.
3210 2873 3382 2944 ταύτῃ
3430 2873 3679 2943 νοθεύητε

2109 2961 2202 3016 καὶ
2234 2961 2434 3013 δολοῖτε
2479 2960 2570 3014 τὸν
2603 2960 2702 3030 τῆς
2754 2960 3104 3026 διδασκαλίας
3151 2962 3330 3030 λόγον.
3383 2963 3447 3016 Εἰ
3490 2963 3548 3016 δὲ
3591 2965 3681 3016 καὶ

2107 3053 2214 3107 ἀπὸ
2239 3051 2338 3123 τῆς
2373 3052 2594 3124 Γραφῆς
2623 3051 2780 3106 τοῦτο
2813 3052 3044 3122 ζητεῖτε,
3073 3053 3341 3108 ἀκούσατε
3369 3070 3386 3086 ο
3428 3073 3447 3106 ι
3481 3054 3681 3124 Κύριος

2109 3144 2477 3218 numerium;
2519 3146 2961 3199 ἀντιτάσσεται.»
3001 3146 3064 3198 El
3091 3140 3184 3198 οὖν
3236 3148 3350 3209 τοῖς
3402 3147 3682 3218 ὐπερητὰε

2106 3255 2219 3301 νοις
2291 3237 2949 3310 ἀντιτάσσεται,“ὲχθροῖς
3007 3238 3071 3308 δὴ
3139 3235 3200 3308 If.
3278 3236 3358 3309 δὲ]
3411 3239 3690 3310 εἰώθαμεν

2106 3328 2489 3385 ἀντιτάσσεθαι
2523 3346 2535 3359 ·
2599 3330 2818 3393 πάντως
2887 3347 2987 3384 που
3059 3331 3154 3384 καὶ⁵
3214 3330 3557 3400 ὑπερήφανοι
3624 3333 3684 3386 ἐν

436 3420 575 3479 ίιὶιία,
602 3422 763 3478 nobis
805 3422 1087 3494 Scriptura
1120 3425 1395 3495 proponit,
1425 3424 1519 3480 sed
1551 3424 1697 3494 quod
1747 3401 2007 3480 exhorta-

2111 3425 2220 3486 τοῖς
2273 3422 2488 3493 ἐχθροῖς
2543 3422 3002 3492 καταλογισθείεν.
3060 3424 3136 3477 Οὐ
3173 3423 3280 3494 γὰρ
3313 3424 3509 3488 κενῶς,
3566 3425 3678 3493 ἦτοι

437 3512 585 3569 tione
609 3528 709 3567 sua
741 3512 960 3571 edicere
987 3516 1194 3585 cupiat,
1228 3524 1288 3570 ut
1322 3517 1376 3571 in
1401 3516 1564 3572 nobis
1588 3515 1851 3571 inhabitet
1881 3531 2006 3586 gra-

437 3605 541 3663 tia.
563 3603 746 3670 Quare
781 3605 834 3660 si=
860 3607 1158 3677 Scriptum
1180 3608 1550 3678 obsequentes
1574 3607 1728 3674 estis,
1753 3605 2009 3661 humilia-

431 3694 576 3772 :inini
637 3709 822 3749 curam
882 3697 1010 3762 Deo,
1039 3705 1102 3763 et
1143 3696 1433 3753 invenietis
1473 3698 1729 3767 gratiam,
1783 3699 1875 3752 illo
1909 3714 2007 3754 vos

433 3786 734 3844 exaltante.
783 3787 1046 3858 Superbia
1079 3797 1162 3843 est
1209 3797 1586 3848 consummata
1619 3790 1864 3858 nequitia
1891 3829 1908 3854 ,
1943 3803 2006 3844 ac

434 3875 616 3933 diﬂ‘ert
646 3893 676 3933 a
707 3894 844 3933 vana
877 3879 960 3934 sui
986 3879 1411 3944 existimatione,
1460 3879 1604 3948 quod
1650 3879 1904 3949 superbia
1936 3879 2008 3934 sit

437 3963 603 4024 animi
641 3969 807 4024 elatio
852 3984 918 4024 ex
977 3970 1069 4036 iis,
1101 3985 1224 4041 qua:
1257 3971 1395 4024 alias
1427 3972 1637 4035 insunt;
1672 3970 1764 4024 illa
1788 3984 1918 4024 vero
1941 3983 2007 4022 ex

435 4060 529 4122 iis,
587 4076 708 4130 qum
748 4061 896 4114 nullo
935 4062 1094 4115 modo
1125 4061 1416 4115 habentur.
1453 4061 1638 4115 Diti‘ert
1692 4075 1820 4114 vero
1843 4059 2005 4114 etiam

431 4152 705 4214 modestia
730 4153 798 4206 ab
837 4153 1170 4219 humilitate,
1201 4156 1463 4224 quoniam
1493 4169 1554 4210 ea
1577 4153 1867 4224 quidem...
1895 4153 2004 4224 (40)

435 4245 569 4312 Qua:
596 4251 777 4300 autem
810 4261 839 4302 e
862 4247 1129 4302 diametro
1151 4247 1417 4318 superbiae
1445 4248 1762 4318 opponitur,
1823 4245 2007 4300 mode-

435 4339 543 4408 stia
572 4353 668 4392 seu
697 4338 998 4405 humilitas,
1035 4349 1116 4393 est
1174 4353 1426 4409 magnum
1464 4339 1688 4396 bonum.
1738 4336 2005 4403 Quoniam

435 4444 568 4484 vero
609 4437 838 4499 utraque
881 4429 934 4483 in
965 4429 1124 4483 nobis
1153 4428 1463 4484 voluntarie
1498 4428 1860 4500 progignitur,
1884 4427 2010 4496 qui~

434 4537 652 4592 runque
681 4537 747 4576 ex
799 4521 1053 4591 superbia
1093 4537 1150 4576 se
1185 4522 1362 4592 ipsum
1424 4521 1646 4585 exultat,
1688 4537 1717 4574 a
1780 4517 2008 4574 Domino

436 4612 835 4670 condemnatur
870 4622 925 4668 et
985 4613 1353 4668 humiliatur:
1415 4629 1539 4666 cuin
1598 4628 1627 4666 e
1675 4621 1863 4667 contra
1905 4629 2006 4668 suo

2114 3512 2378 3584 ματαίως,
2407 3515 2440 3584 ἡ
2470 3513 2683 3585 Γραφὴ,
2716 3513 2748 3584 ἥ
2789 3515 2924 3584 πρὸς
2954 3514 3148 3586 φθόνον
3178 3515 3246 3570 τὰ
3267 3517 3527 3587 ἀμήχανα
3553 3521 3682 3587 ἡμῖν

2117 3605 2449 3678 διαγορεύει,
2491 3606 2606 3660 ἀλλ’
2636 3605 2973 3660 ἐπιποθοῦσα
3011 3607 3108 3675 τὴν
3140 3607 3226 3660 διὰ
3258 3608 3358 3676 τῆς
3395 3610 3679 3678 παρακλή-

2112 3715 2252 3763 σεως
2286 3699 2454 3770 αὐτῆς
2479 3699 3002 3770 ἑγκατοικιζομένην
3046 3702 3182 3770 ἡμῖν
3219 3702 3407 3773 χάριν.
3444 3702 3609 3754 Ὥστε
3631 3702 3677 3754 εί

2113 3791 2385 3862 πειθήνιοί
2417 3793 2538 3844 ὲστε
2572 3794 2638 3862 τῇ
2665 3792 2878 3862 Γραφῇ,
2910 3790 3284 3863 ταπεινώθητε
3322 3791 3560 3846 ἐνώπιον
3589 3793 3689 3855 τοῦ

2109 3880 2270 3950 Θεοῦ,
2303 3883 2402 3936 καὶ
2447 3882 2714 3952 εὑρήσετε
2768 3881 2866 3953 τὴν
2922 3883 3009 3936 διὰ
3069 3885 3169 3953 τῆς
3217 3885 3383 3938 αὑτοῦ
3422 3885 3678 3955 ὑψώσεως

2109 3977 2291 4048 χάριν.
2337 3975 2718 4046 ’Υπερηφανία
2750 3976 2806 4029 δέ
2837 3978 2984 4029 ἐστιν
3024 3977 3056 4046 ἡ
3087 3979 3168 4040 εἰς
3206 3977 3358 4042 τέλος
3391 3980 3676 4049 ἐπηρμένη

2109 4067 2298 4133 κακία,
2324 4067 2675 4138 ιδιαιρέρουσα
2721 4066 2818 4137 τῆς
2861 4069 3109 4136 οἰήσεως,
3143 4069 3222 4121 ὅτι
3263 4071 3295 4138 ἡ
3338 4069 3437 4138 μὲν
3471 4071 3680 4142 ὑπερη-

2110 4157 2276 4227 φανία
2308 4158 2401 4212 ἐπὶ
2451 4159 2563 4221 τοῖς
2616 4158 2988 4228 ὑπηργμένοις
3039 4158 3176 4227 αὐτῇ
3233 4160 3629 4230 κατεπαίρεται
3660 4199 3677 4224 ,

2110 4251 2146 4318 ἡ
2185 4249 2361 4318 οίησις
2393 4248 2449 4301 δὲ
2479 4247 2570 4301 ἐπὶ
2609 4247 2718 4301 τῶν
2751 4248 2887 4319 μηδὲ
2920 4249 3054 4311 ὅλως
3081 4249 3457 4318 ὑπαρχόντων.
3485 4253 3680 4320 Διαφὲ-

2111 4340 2272 4410 ρειδὲ
2307 4338 2402 4392 καὶ
2435 4339 2640 4408 ἀτυφία
2673 4340 2770 4408 τῆς
2793 4339 3196 4404 ταπεινώσεως,
3225 4343 3308 4395 ὃτι
3345 4343 3377 4413 ἡ
3414 4343 3517 4412 μὲν
3545 4342 3682 4396 κατά

2109 4432 2402 4502 διάμετρον
2431 4434 2466 4503 ἡ
2492 4432 2716 4500 ἀτυφία,
2749 4433 2866 4502 ἦτοι
2899 4433 3258 4499 ταπείνωσις,
3281 4433 3678 4506 [ἀντικειμένη]

2110 4524 2176 4592 τῇ
2206 4521 2574 4593 ὑπερηφανία,
2607 4522 2723 4575 ἐστι
2769 4524 2913 4592 μέγα
2953 4523 3158 4590 ἀγαθόν
3186 4539 3200 4554 ο
3237 4527 3328 4580 καὶ
3358 4525 3549 4595 ἐπειδὴ
3577 4526 3678 4595 ἀμ-

2113 4611 2318 4681 φότερα
2368 4610 2766 4681 προαιρετικῶς
2797 4613 2926 4681 ἡμῖν
2956 4615 3252 4680 ἐγγίνεται,
3301 4617 3408 4676 πᾶς
3463 4614 3493 4665 ὁ
3542 4612 3676 4667 κατὰ

437 4713 682 4774 tempore
714 4705 1038 4760 exaltandus
1066 4705 1134 4759 sit
1164 4705 1277 4768 ille,
1315 4702 1404 4774 qui
1439 4719 1496 4759 sc
1525 4703 1703 4772 ipsum
1761 4717 1857 4770 per
1892 4718 2008 4756 mo-

2113 4701 2434 4766 ἀλαζονείαν
2465 4702 2615 4772 ὑψῶν
2637 4702 2850 4766 ἑαυτὸν,
2877 4704 3011 4773 πρὸς
3051 4703 3130 4773 τῷ
3175 4704 3280 4757 ὑπὸ
3324 4703 3424 4757 τοῦ
3472 4704 3672 4773 Κυρίου

436 4794 664 4848 destiam
702 4796 1090 4862 humiliaverit,
1139 4805 1322 4865 utpote
1353 4793 1499 4866 quod
1561 4793 1652 4848 illa
1696 4793 1998 4848 certamina

437 4899 557 4950 qua!
589 4883 999 4954 propteripsam
1029 4883 1313 4951 subiverit,
1341 4883 1517 4953 ipsum
1549 4883 1616 4936 ad
1664 4881 2007 4953 spiritualem

436 4971 855 5040 sublimitatem,
906 4975 1178 5045 prehensa
1234 4975 1400 5028 veluti
1463 4989 1653 5036 manu,
1713 4973 2008 5029 deducent.

436 5066 634 5120 Aliter.
667 5065 877 5135 Cyrilli.
921 5084 940 5117 ι
997 5065 1052 5119 Si
1086 5064 1289 5120 invidia
1343 5066 1541 5120 diaboli
1579 5065 1822 5118 introivit
1863 5080 2008 5119 mors

439 5157 493 5212 in
523 5157 711 5211 orbem
740 5166 1008 5212 terrarum
1047 5157 1113 5223 “,
1152 5177 1170 5210 ι
1203 5166 1254 5213 et
1289 5159 1334 5213 si
1393 5158 1448 5212 in
1503 5157 1766 5212 interiore
1815 5165 2003 5210 nostro

438 5247 660 5303 homine
688 5247 953 5304 habitavit
983 5250 1236 5305 Christus
1270 5248 1571 5305 secundum
1634 5247 1950 5320 Seriptnras
1986 5286 2000 5312 ,

437 5341 646 5396 idcirco
701 5339 966 5397 habitavit
1002 5343 1053 5396 in
1098 5342 1279 5410 nobis,
1313 5351 1370 5396 ut
1408 5342 1675 5398 invectam
1695 5344 1763 5396 ab
1799 5341 2001 5398 invidia

441 5523 446 5528 -
510 5517 557 5551 sa
584 5517 743 5575 pro“
783 5536 860 5583 m,
889 5517 978 5573 54,
1055 5517 1096 5550 ³³
1140 5517 1266 5588 Sap.
1322 5535 1379 5583 ll,
1412 5520 1500 5576 ‘24.

2113 4792 2542 4864 κατακεκρέσθαι
2585 4792 2665 4846 ἔτι
2704 4793 2798 4847 καὶ
2822 4794 3168 4847 ταπεινοῦται
3196 4795 3286 4848 ὑπ’
3320 4794 3487 4848 αὐτοῦ
3516 4788 3675 4864 ὑφω-

2112 4883 2276 4956 μένου
2331 4885 2388 4934 ὲν
2437 4882 2615 4952 καιρῷ
2643 4883 2736 4934 τοῦ
2765 4883 2908 4937 κατά
2957 4883 3192 4952 ἀτυφίαν
3244 4884 3675 4948 ταπεινώσαντος

2109 4974 2319 5039 ἑαυτὸν,
2373 4974 2476 5030 ἆτε,
2519 4974 2628 5026 τῶν
2660 4973 2746 5026 ἐπ’
2775 4974 2912 5045 αὐτῇ
2953 4974 3130 5028 ἄθλων
3179 4974 3675 5046 ξεναγωγησάντων

2107 5067 2196 5120 τὸν
2241 5065 2583 5136 κεχρημένον
2623 5067 2758 5134 πρὸς
2815 5067 2947 5137 ὕψος
2998 5069 3392 5137 πνευματικόν.
3448 5067 3669 5132 Ἄλλως,

2109 5159 2436 5225 Κιιρίλνῑου.
2484 5157 2547 5210 Εἰ
2576 5157 2753 5228 φθόνῳ
2781 5158 3024 5212 διαϐόλου
3060 5157 3288 5220 Θάνατος
3319 5159 3567 5228 εἰσῆλθεν
3595 5158 3674 5221 εἰς

2109 5250 2201 5302 τὸν
2241 5249 2465 5318 κόσμον,
2502 5252 2596 5304 καὶ
2637 5251 2685 5303 εί
2737 5249 3053 5322 κατῴκησεν
3098 5251 3179 5313 εἰς
3231 5249 3322 5302 τὸν
3364 5251 3476 5302 εσω
3523 5248 3674 5318 ἡμῶν

2110 5339 2394 5396 ἄνθοωπον
2423 5339 2451 5390 ό
2497 5341 2754 5414 Χριστὸς,
2791 5344 2930 5397 κατὰ
2972 5341 3070 5402 τὰς
3115 5341 3153 5394 Γ
3159 5341 3359 5412 ραφας,
3402 5340 3493 5398 διὰ
3520 5339 3676 5395 τοῦτο

1690 5656 1991 5719 Bonifacii
2029 5653 2262 5717 Finetti
2307 5642 2491 5718 uoltu.

510 5783 620 5852 (40)
655 5782 750 5837 llic
783 5785 1037 5839 nonnulla
1074 5785 1283 5846 deesse,
1319 5784 1664 5854 pet‘spit'uum
1699 5794 1802 5841 cst.
