4010 6546
255 395 388 459 1177

1092 402 1494 463 EXPOSITIO
1532 404 1614 464 IN
1650 405 1885 466 El’lST.
1929 407 1990 468 δ’.
2031 408 2577 470 JACOBI.—CAP.
2610 410 2714 472 IV.

3360 411 3498 482 1178

251 507 598 580 κατῴκησεν,
659 511 745 564 ἵνα
787 509 879 565 τὸν
928 513 992 566 ὲκ
1036 511 1127 566 τοῦ
1175 515 1368 584 φθόνου
1401 516 1824 587 προσγινόμενον

1929 529 2159 574 mortem
2193 521 2246 574 in
2280 521 2439 576 nobis
2474 520 2797 576 destrueret.
2835 519 3033 576 Verum
3059 537 3166 578 non
3201 523 3498 582 bocsolnm

254 602 490 656 θάνατον
550 606 896 676 καταργήσῃ.
951 607 1060 659 Καὶ
1117 608 1178 660 οὐ
1234 608 1394 678 μόνον
1438 610 1634 673 τοῦτο,
1692 612 1824 664 ἀλλὰ

259 713 277 745 ι
307 697 405 750 καὶ
467 697 691 764 μείζονα
743 697 928 750 δίδωσι
979 699 1158 768 χάριν.
1207 719 1225 752 ι
1280 699 1420 769 Ἐγὼ
1455 703 1561 773 γὰρ
1591 722 1611 754 ι
1640 699 1822 774 ἦλθον,

255 785 442 854 φησιν,
477 785 563 838 ἴνα
613 784 758 857 ζωὴν
789 785 952 855 ἔχωσι
987 788 1080 840 καὶ
1109 790 1366 859 περισσὸν
1396 791 1609 860 ἔχωσιν.
1649 812 1666 844 ι
1703 793 1824 847 Ὅτι

253 876 310 928 δὶς
360 879 702 945 ἐπιποθήσας
747 880 895 948 ἡμᾶς
947 881 976 932 ὀ
1029 880 1158 942 Θεὸς
1209 880 1531 952 κατῴκησεν
1582 885 1640 936 ἐν
1669 887 1823 954 ἡμῖν,

267 966 495 1029 Ἡσαΐας
525 968 792 1037 ἐδήλωσεν
825 968 1021 1023 εἰπών’
1051 972 1164 1024 Οὐκ
1189 971 1437 1040 ἅγγελος,
1470 975 1531 1026 οὐ
1559 975 1822 1044 πρέσϐυς,

254 1057 368 1108 ἀλλ’
399 1079 417 1109 ι
459 1059 621 1122 αὐτὸς
659 1081 676 1112 ι
714 1061 741 1112 ὁ
785 1061 989 1130 Κύριος
1026 1081 1044 1113 ι
1080 1062 1282 1116 ἔσωσεν
1339 1067 1483 1134 ἡμᾶς
1521 1087 1537 1117 ι
1580 1067 1690 1139 [διὰ
1729 1071 1823 1122 τοῦ

252 1153 474 1222 ἀγαπᾷν
509 1153 654 1222 ἡμᾶς
689 1155 780 1207 καὶ
809 1155 1068 1224 κήδεσθαι
1099 1155 1303 1227 ἡμῶνῖ.
1356 1157 1475 1219 Πῶς
1504 1160 1561 1212 δὲ
1594 1162 1688 1214 καὶ
1720 1161 1824 1214 σώ-

253 1262 352 1308 σας
403 1245 570 1298 ἔδωκε
623 1265 642 1297 ι
681 1248 840 1317 χάριν
892 1247 1153 1317 μείζονα;
1187 1269 1204 1301 ι
1277 1252 1535 1306 Καθελὼν
1583 1254 1674 1307 τὸν
1705 1257 1824 1308 ἐπι-

250 1334 624 1388 ϐουλεύσαντα
681 1337 946 1391 Σατανᾶν.
1001 1339 1097 1392 Διὰ
1126 1338 1284 1393 τοῦτο
1335 1341 1443 1413 γὰρ
1499 1345 1776 1414 ἐπήγαγεν
1804 1361 1818 1376 ο

260 1428 321 1481 '0
351 1428 486 1489 Θεὸς
514 1429 886 1498 ὑπερηφάνοις
915 1431 1316 1486 ἀντιτάσσεται.
1353 1452 1373 1486 ι
1421 1435 1543 1497 Πῶς
1575 1435 1684 1506 γὰρ
1723 1437 1822 1507 οὐχ

249 1521 608 1589 ὑπερήφανος
637 1523 665 1573 ὁ
694 1519 832 1591 βοῶν
863 1540 877 1556 ·
925 1541 944 1576 ι
982 1524 1094 1594 Τὴν
1121 1527 1448 1598 οἰκουμένην
1489 1527 1618 1600 ὃλην
1659 1545 1824 1584 κατα-

247 1611 494 1683 λήψομαι
523 1615 588 1683 τῇ
625 1613 774 1684 χειρὶ
807 1615 882 1674 ὡς
912 1617 1163 1682 νοσσιάν;
1205 1636 1224 1668 ι

331 1725 349 1756 ι
379 1705 717 1777 Ὑποτάγητε
739 1699 832 1759 οὖν
855 1705 932 1775 τῷ
954 1707 1071 1777 Θεῷ
1093 1723 1107 1737 °
1148 1708 1434 1779 ἀντίστητε
1460 1712 1536 1781 τῷ
1567 1713 1816 1785 διαϐόλῳ,

1929 609 2015 663 ille
2043 611 2199 664 nobis
2227 618 2447 679 przcslat
2476 649 2492 672 .
2533 613 2626 666 sed
2668 611 2831 666 etiam
2872 630 2891 662 ι
2939 612 3203 681 majorem
3226 613 3320 667 dat
3370 631 3496 685 gra-

1927 700 2077 754 tiam.
2120 719 2138 752 ι
2169 700 2280 770 Ego
2310 702 2455 755 enim
2499 720 2520 752 ι
2563 701 2707 764 veni,
2736 702 2934 770 inquit,
2964 712 3020 756 ut
3047 704 3212 757 vitam
3239 704 3494 772 habeant,

1927 797 1981 842 et
2017 789 2382 845 abundantius
2419 791 2656 844 habeant
2678 791 2750 845 ³⁸.
2789 809 2807 841 ι
2839 792 2993 857 Quod
3036 807 3165 846 vero
3195 795 3371 848 nostri
3397 793 3495 850 de-

1927 881 2133 936 siderio
2159 880 2300 934 Deus
2327 882 2649 936 habitaverit
2699 883 2751 936 in
2785 883 2964 943 nobis.
3007 882 3178 939 Isaias
3229 884 3494 947 declarat,

1927 972 2115 1026 dicens
2137 973 2179 1003 ³⁸
2213 970 2370 1024 :Non
2403 973 2651 1039 angelus,
2688 987 2796 1026 non
2829 973 3037 1041 legatus
3078 973 3376 1042 quispiam,
3399 976 3494 1028 sed

1927 1065 2042 1131 ipse
2110 1062 2373 1116 Dominus
2429 1065 2656 1118 salvavit
2714 1079 2834 1130 nos,
2900 1065 3025 1132 quia
3089 1063 3341 1119 videlicet
3395 1081 3496 1120 nos

1923 1152 2083 1223 35,3
2115 1162 2280 1215 amat,
2310 1154 2590 1221 nostrique
2623 1169 2805 1206 curam
2857 1153 3014 1222 gerit.
3055 1154 3337 1218 Quomodo
3370 1172 3496 1210 vero

1927 1241 2177 1296 Salvator
2206 1252 2387 1296 noster
2421 1261 2438 1294 ι
2473 1243 2731 1311 majorem
2751 1243 2898 1297 dedit
2920 1246 3150 1314 gratiam
3189 1244 3212 1296 ?
3247 1262 3265 1296 ι
3295 1243 3497 1310 Nempe

1925 1337 2233 1404 dejiciendo
2261 1336 2612 1390 insidiantem
2649 1335 2928 1389 Satanam.
2984 1335 3190 1391 Idcirco
3225 1337 3446 1390 additur
3477 1353 3491 1388 :

1896 1448 1947 1481 νι
1987 1429 2126 1483 Deus
2183 1427 2432 1496 superbis
2501 1429 2726 1482 resistit.
2793 1449 2810 1479 ι
2868 1427 3153 1491 Quomodo
3194 1429 3337 1482 enim
3388 1444 3494 1481 non

1898 1521 2190 1589 .superbns
2221 1521 2336 1586 ille,
2381 1521 2474 1589 qui
2524 1519 2794 1574 clamabat
2823 1520 2866 1550 ⁸⁷
2909 1536 2922 1574 :
2959 1539 2974 1569 ι
3019 1517 3336 1574 Universum
3383 1526 3498 1572 ter-

1921 1627 2037 1666 ram
2059 1610 2511 1680 comprehendam
2535 1627 2691 1664 manu
2719 1626 2858 1671 mea,
2885 1619 3142 1680 tanquam
3161 1611 3441 1664 nidulum?
3470 1629 3488 1660 ι

1992 1702 2158 1758 Vsus.
2195 1704 2354 1758 7-10.
2395 1721 2414 1756 ι
2459 1701 2677 1758 Snbditi
2701 1719 2832 1772 ergo
2881 1711 3057 1757 estote
3087 1701 3195 1754 Deo
3226 1702 3498 1755 :resistite

249 1798 349 1850 καὶ
381 1798 640 1864 φεύξεται
661 1799 754 1867 ἀφ’
789 1799 965 1868 ὑμῶν.
1013 1800 1297 1868 Ἐγγίσατε
1327 1802 1404 1869 τῷ
1435 1803 1573 1869 Θεῷ,
1605 1807 1702 1859 καὶ
1729 1807 1816 1874 ὲγο

1922 1805 2102 1852 autem
2145 1797 2384 1861 diabolo,
2414 1795 2669 1864 etfugiet
2731 1810 2761 1848 a
2821 1795 2994 1850 vobis.
3055 1794 3500 1864 Appropinquate

245 1891 363 1955 γιεῖ
385 1855 536 1956 μῖν.
569 1855 916 1960 Καθαρέσατε
941 1855 1150 1961 χεῖρας,
1184 1855 1818 1962 ἀμαρτῷῥῃᾏξσέιάγζιὲ-

1924 1889 2053 1955 Deo,
2090 1897 2144 1943 et
2188 1855 2646 1960 appropinquabit
2687 1887 2862 1942 vobis.
2921 1855 3493 1948 Einnudate'ma-nus,

253 1999 385 2034 σατε
428 1981 680 2049 καρδίας,
717 1981 953 2052 δίψυχοι.
985 1982 1452 2052 Ταλαιπωρήσατε
1477 1987 1572 2040 καὶ
1619 1989 1822 2058 πενθή-

251 2090 382 2125 σατε
416 2074 510 2126 καὶ
544 2073 814 2128 κλαύσατε
844 2092 857 2106 ·
882 2077 909 2128 ὁ
948 2075 1120 2143 γέλως
1147 2077 1301 2148 ὑμῶν
1331 2080 1410 2142 εἰς
1428 2080 1624 2144 πένθος
1653 2099 1821 2151 μετα-

249 2168 538 2236 τραπήτω,
586 2167 681 2220 καὶ
727 2167 759 2227 ’δ
809 2169 953 2238 χαρὰ
981 2168 1062 2231 εἰς
1082 2171 1818 2242 κατήφειαν.Ταπεινιῖ›θητε

247 2255 482 2310 ἐνώπιον
513 2256 608 2311 τοῦ
637 2258 866 2328 Κυρίου,
916 2259 1012 2312 καὶ
1042 2259 1248 2328 ὑψώσει
1287 2260 1452 2331 ὑμᾶς.
1489 2283 1506 2312 ι
1556 2263 1820 2334 Διψύχονς

243 2345 404 2415 λέγει
451 2349 578 2411 τοὺς
633 2349 706 2420 μὴ
758 2349 882 2402 καθ’
914 2349 1011 2403 ἕνα
1040 2352 1242 2420 τρόπον
1289 2351 1386 2423 ζῇν
1442 2355 1818 2424 αἱρουμένους,

246 2437 367 2493 ἀλλ’
413 2439 718 2510 ἀγομένους
763 2443 859 2495 καὶ
892 2440 1245 2512 πειθομένους
1299 2442 1561 2513 διηνεκῶς
1615 2447 1679 2516 τῇ
1730 2443 1828 2516 βίοι¹

244 2530 359 2584 τῶν
402 2528 704 2599 ἀνθρώπιον
733 2544 750 2561 ⁶
803 2530 864 2584 οὗ
905 2531 1013 2602 γάρ
1047 2533 1153 2585 εἰσι
1198 2532 1518 2602 μονότροποι
1575 2535 1632 2588 ὲν
1685 2534 1821 2604 οἴκῳ

244 2618 354 2671 ὑπὸ
410 2618 616 2690 Κυρίου
669 2621 1128 2689 κατοικιζόμενοι.
1183 2621 1307 2675 Ὅτι
1354 2623 1411 2675 δὲ
1443 2622 1591 2694 ψυχὴ
1643 2628 1738 2678 καὶ
1787 2625 1820 2695 ἡ

248 2709 363 2780 ζωὴ
393 2708 633 2778 λέγεται,
662 2711 722 2764 τὺ
768 2713 828 2765 ἐν
861 2712 984 2765 Ἰὼϐ
1012 2713 1161 2784 ἡμᾶς
1190 2712 1416 2778 διδάξει,
1459 2715 1540 2774 τὺ,
1581 2733 1602 2766 ι
1634 2715 1822 2786 Δέρμα

248 2805 354 2856 ὕπὸ
381 2804 675 2875 δέρματος,
706 2806 805 2859 καὶ
833 2807 1011 2861 πάντα
1040 2807 1139 2861 ὅσα
1173 2808 1286 2878 ἔχει
1333 2807 1492 2862 δώσει
1533 2809 1820 2882 ἄνθρωπος

246 2895 391 2966 ὑπὲρ
418 2897 518 2966 τῆς
545 2897 721 2967 ψυχῆς
759 2895 949 2966 αὐτοῦ,
991 2917 1013 2951 ι
1047 2897 1166 2970 ἦτοι
1208 2898 1304 2968 τῆς
1335 2899 1504 2968 ζωῆς.

323 3091 340 3125 ι
379 3072 469 3140 Μὴ
493 3072 842 3126 καταλαλεῖτε
878 3073 1398 3145 ἅλλήλων,ἀδελφοί.
1428 3077 1486 3131 Ὀ
1513 3077 1619 3148 γὰρ
1650 3096 1818 3134 κατα-

1922 1991 2278 2050 peceatores:
2318 1988 2373 2035 et
2413 1980 2699 2051 purilicate
2745 1979 2935 2042 corda,
2990 1977 3236 2047 duplices
3287 1978 3494 2032 animo.

1907 2072 2101 2127 Miseri
2134 2077 2329 2136 estote,
2361 2079 2415 2126 et
2436 2073 2640 2140 lugete,
2673 2078 2726 2123 et
2748 2070 2956 2138 plorate
2992 2088 3006 2122 :
3047 2069 3192 2123 risus
3230 2077 3410 2121 vester
3439 2068 3492 2120 in

1897 2163 2126 2218 luctum
2155 2169 2532 2224 convertatur,
2569 2161 2825 2231 gaudium
2858 2159 2912 2214 in
2944 2174 3266 2214 mmrorem.
3302 2155 3495 2210 lfuini-

1925 2249 2130 2312 liamini
2165 2251 2220 2302 in
2280 2260 2575 2318 conspectu
2631 2248 2870 2310 Domini,
2902 2258 2956 2301 et
3004 2246 3268 2304 exaltabit
3317 2259 3435 2298 vos.
3471 2263 3489 2295 ι

1924 2344 2172 2413 Dupliees
2197 2342 2389 2398 animo.
2405 2341 2534 2395 dicit
2563 2355 2678 2403 eos.
2699 2339 2793 2409 qui
2823 2338 3066 2393 eamdem
3098 2336 3218 2390 vitae
3251 2343 3494 2390 tenorem

1890 2460 1900 2467 τ
1921 2450 2142 2491 servare
2173 2449 2280 2488 non
2315 2444 2512 2488 curant
2541 2471 2556 2494 ,
2593 2433 2690 2487 sed
2712 2447 2772 2486 se
2803 2430 3086 2484 hominum
3115 2430 3164 2482 vi
3214 2439 3377 2497 atque
3404 2442 3499 2481 ne-

1918 2527 2091 2596 quitia
2110 2525 2484 2588 indesinenter
2504 2524 2674 2592 abripi
2723 2530 2887 2590 atque
2908 2520 3250 2574 circumferri
3273 2520 3492 2586 patiuno

1895 2627 2012 2672 -~tur
2045 2634 2060 2670 :
2094 2617 2338 2684 adeoque
2363 2632 2470 2668 non
2530 2633 2548 2665 ι
2587 2615 2837 2668 ιιιιι;ᾶ;ιιιι
2877 2610 3041 2665 unius
3088 2611 3253 2664 moris
3295 2609 3348 2662 in
3398 2609 3496 2662 do-

1923 2723 2014 2762 mo
2043 2708 2122 2759 ³⁸»
2148 2707 2377 2778 subjecti
2399 2706 2645 2760 Domino.
2668 2703 2821 2770 Quod
2847 2711 3027 2757 autem
3051 2702 3244 2756 auium
3275 2699 3512 2780 nomine

1921 2802 2034 2855 vita
2062 2799 2419 2871 significetur,
2443 2807 2659 2854 constat
2686 2813 2752 2850 ex
2788 2811 2874 2859 eo,
2919 2795 3064 2865 quod
3125 2794 3180 2848 in
3226 2789 3328 2845 Job
3362 2789 3496 2844 dici-

1919 2901 2010 2948 tur
2035 2893 2080 2926 ³⁹
2119 2908 2133 2945 :
2171 2909 2190 2944 ι
2230 2891 2428 2947 Pellem
2480 2905 2578 2961 pro
2617 2889 2778 2961 pelle,
2821 2897 2878 2945 et
2926 2899 3120 2943 cuncta
3152 2900 3272 2954 quae
3309 2883 3490 2948 habet,

1919 2983 2074 3039 dabit
2107 2984 2270 3039 homo
2306 2999 2403 3053 pro
2426 2984 2605 3036 anima
2640 2997 2764 3044 sua,
2811 2998 2831 3031 ι
2871 2977 2923 3033 id
2942 2987 3025 3033 est
3059 2991 3156 3047 pro
3184 2975 3314 3031 vita.

1996 3074 2158 3131 Vatis.
2195 3075 2282 3137 il.
2330 3074 2421 3127 1‘2.
2489 3093 2508 3125 ι
2565 3071 2742 3127 Nolite
2801 3071 3094 3125 detrahere
3147 3069 3490 3131 alterutrum,

243 3162 424 3217 λαλιζν
456 3163 709 3232 ἀδελφοῦ,
749 3164 781 3235 ἦ
826 3164 1027 3235 κρίνων
1060 3165 1146 3218 τὸν
1177 3166 1402 3235 ἀδελφὸν
1442 3169 1607 3221 αὑτοῦ
1646 3186 1812 3223 κατα-

1919 3168 2138 3223 fratres.
2167 3167 2269 3233 Qui
2296 3167 2534 3221 detrahit
2569 3165 2744 3230 fratri,
2775 3173 2868 3216 aut
2888 3165 2980 3232 qui
3029 3162 3240 3230 iudicat
3272 3159 3490 3214 fratrem

243 3254 400 3310 λιιλεῖ
424 3257 612 3327 νόμον,
647 3257 742 3311 καὶ
778 3258 954 3328 κρίνει
984 3261 1168 3330 νόμον.
1211 3262 1273 3314 ΕΞ
1307 3261 1362 3314 δὲ
1393 3263 1555 3332 νόμον
1590 3266 1814 3331 κρίνεις,

239 3349 342 3401 οὐκ
378 3344 428 3401 εἶ
480 3349 709 3419 ποιητὴς
773 3349 962 3420 νόμον,
1011 3351 1147 3404 ἀλλὰ
1198 3352 1414 3424 κριτής.
1474 3348 1566 3416 Εἷς
1613 3355 1760 3407 ἐστιν
1791 3357 1818 3409 ὁ

243 3439 545 3510 νομοθέτης
575 3441 670 3494 καὶ
708 3443 923 3509 κριτὴς,
955 3443 983 3495 ὁ
1020 3443 1315 3507 δυνάμενος
1366 3445 1538 3497 σῶσαι
1564 3446 1658 3498 καὶ
1683 3447 1817 3500 ἀπο.

243 3531 419 3586 λέσαι.
458 3550 476 3583 ι
511 3528 632 3586 Οἵδε
683 3533 784 3602 τὴν
857 3535 1235 3603 ὑπερηφανίαν
1278 3535 1336 3600 ἐξ
1378 3535 1677 3607 ὑπεροψίας
1725 3538 1817 3590 καὶ

245 3621 582 3683 unum;
617 3624 788 3674 κινεῖν
817 3623 960 3676 κατὰ
988 3623 1096 3675 τῶν
1129 3623 1388 3702 ὲαπιεικῶν
1429 3625 1818 3691 ἐπειγομένους

245 3715 324 3775 εἰς
352 3714 590 3784 παντελῆ
613 3714 982 3780 ὲξουδένωσιν.
1001 3713 1206 3768 Τούτου
1234 3714 1328 3768 οὖν
1351 3714 1578 3782 ἀπάγων
1598 3715 1812 3782 αὐτοὺς,

242 3806 332 3858 διὰ
373 3805 484 3858 τῶν
514 3806 890 3876 προκειμένων
926 3807 1276 3876 σωφρονίζειν
1321 3807 1586 3877 βούλεται.
1634 3808 1708 3860 To
1737 3808 1816 3873 δὲ,

249 3917 270 3946 ο
301 3897 512 3966 κρένειν
559 3896 1018 3968 [Ῑ.--νει]ονόμον,
1058 3917 1076 3950 ι
1133 3901 1252 3952 ἀντὶ
1304 3900 1422 3964 τοῦ,
1477 3900 1816 3966 κατακρίνει,

243 3993 602 4058 καταφρονεῖ.
653 3989 713 4043 '0
764 3991 873 4059 γὰρ
911 3991 1251 4059 κατακρίνων
1293 3991 1402 4043 ἀπὸ
1467 3991 1816 4060 καταφρονήρ

247 4096 390 4142 eam;
419 4081 578 4134 τοῦτο
608 4085 770 4137 ποιεῖ,
808 4083 964 4135 Ποῖον
987 4082 1044 4135 δὲ
1075 4082 1239 4153 νόμον
1265 4098 1281 4148 ;
1320 4081 1543 4151 Πρῶτον
1585 4083 1684 4150 μὲν
1725 4081 1817 4135 τὸν

241 4172 634 4240 διαγορεύοντα
656 4188 674 4206 ·
705 4192 724 4224 ι
760 4172 851 4242 Μὴ
884 4173 1123 4235 κρίνετε,
1157 4173 1248 4225 καὶ
1281 4173 1341 4226 οὺ
1374 4172 1448 4243 μὴ
1483 4172 1710 4243 κριθῆτε
1745 4188 1760 4204 ο
1792 4192 1810 4224 ι

248 4262 446 4315 ἔπειτα
475 4264 571 4316 καὶ
604 4263 695 4316 τὸν
724 4263 806 4334 [ὲν
835 4262 1108 4334 Ψαλμοῖς]
1129 4280 1142 4294 ·
1201 4281 1219 4314 ι
1256 4265 1360 4316 Τὸν
1406 4263 1816 4316 καταὶιαλοῦντα

244 4353 426 4426 λάθρα
462 4356 553 4410 τὸν
578 4357 802 4424 πλησίον
835 4356 1022 4420 αὑτοῦ,
1059 4355 1244 4409 τοῦτον
1291 4356 1574 4420 ὲξεδίωκον
1610 4372 1626 4388 ο
1671 4375 1690 4408 ι
1722 4356 1818 4409 καὶ

245 4449 330 4501 ᾶτι
399 4448 508 4503 ἀπὸ
567 4451 1024 4520 καταφρονήσεως
1073 4449 1231 4502 τοῦτο
1294 4450 1522 4517 γίνεται,
1580 4450 1814 4518 ἐπάγει·

1884 4177 2107 4231 Ῥτίιιιο
2149 4189 2292 4239 eam,
2322 4159 2447 4243 qua}
2491 4175 2566 4225 ait
2613 4191 2627 4228 :

1885 4266 2235 4339 -judicemini
2266 4265 2372 4318 ⁸ο.»
2414 4265 2626 4318 Deinde
2667 4279 2808 4328 eam,
2834 4280 2956 4334 qua:
2991 4265 3045 4318 in
3075 4264 3308 4318 Psalmis
3363 4266 3496 4318 sub-

1926 3275 2119 3322 suum,
2155 3257 2393 3312 detrahit
2431 3256 2558 3326 legi,
2616 3265 2670 3309 et
2721 3255 2929 3325 indicat
2968 3254 3162 3323 legem.
3225 3251 3283 3306 Si
3314 3262 3492 3306 autem

1887 3351 2344 3421 'judieaslegem,
2371 3364 2477 3404 non
2492 3363 2550 3403 es
2578 3347 2750 3401 factor
2777 3347 2931 3416 legis,
2964 3346 3059 3400 sed
3107 3345 3298 3414 judex.
3335 3344 3489 3399 Unus

1919 3455 2001 3501 est
2029 3442 2310 3512 legislator
2339 3449 2392 3494 et
2416 3440 2583 3510 judex
2613 3439 2703 3508 qui
2759 3447 2934 3506 potest
2984 3437 3211 3505 perdere
3259 3445 3309 3494 et
3357 3439 3493 3491 libe-

1917 3551 2063 3593 rare.
2098 3555 2117 3587 ι
2155 3534 2317 3589 Novit
2347 3533 2648 3604 apostolus,
2669 3529 2981 3600 superbiam
3003 3545 3121 3592 eos,
3153 3529 3245 3598 qui
3300 3540 3494 3584 contra

1918 3629 2078 3683 mites
2103 3627 2374 3688 nituntur,
2400 3639 2464 3678 ex
2495 3623 2746 3692 neglectu
2797 3628 2852 3674 et
2905 3619 3243 3674 detractione
3270 3617 3336 3672 ad
3374 3633 3494 3688 per-

1920 3719 2122 3774 fectum
2155 3723 2526 3785 contemptum
2557 3714 2858 3782 impellere.
2899 3711 2984 3765 Ab
3055 3711 3159 3765 hoc
3210 3711 3375 3782 igitur
3433 3719 3495 3765 ut

1917 3809 2068 3879 ipsos
2124 3807 2442 3872 abduceret,
2513 3803 2815 3875 propositis
2853 3803 3034 3858 verbis
3083 3802 3362 3857 modestos
3395 3818 3494 3858 eos

1918 3900 2148 3957 reddere
2173 3899 2390 3954 nititur.
2449 3897 2579 3952 lllnd
2615 3905 2796 3952 autem
2850 3915 2871 3946 ι
2907 3896 3117 3964 judicat
3153 3912 3172 3946 ι
3230 3895 3333 3948 hec
3373 3895 3494 3949 loco

1922 3990 2154 4062 perinde
2186 3990 2349 4056 valet,
2411 4003 2475 4044 ac
2525 3988 2770 4050 damnat,
2827 3985 3146 4041 contemnit.
3200 3984 3302 4050 Qui
3347 3984 3491 4038 enim

1917 4085 2270 4149 condemnat,
2304 4098 2369 4136 ex
2397 4089 2711 4151 contemptu
2733 4080 2837 4134 hoc
2872 4078 3022 4133 facit.
3049 4077 3279 4149 Legem:
3303 4076 3497 4146 quam?

2691 4191 2711 4224 ι
2749 4170 2930 4226 Nolite
2981 4171 3240 4240 iudicare,
3280 4177 3339 4224 ut
3384 4185 3494 4224 ncn

1919 4359 2212 4421 indicatur,
2251 4355 2342 4410 ubi
2373 4355 2578 4409 dicitur
2604 4369 2620 4407 :
2653 4373 2672 4405 ι
2709 4355 3091 4408 Detrahentem
3121 4361 3337 4407 secreto
3361 4368 3490 4422 pro-

1915 4451 2066 4504 ximo
2098 4461 2221 4512 suo,
2262 4447 2412 4500 hunc
2445 4443 2894 4515 persequebar“.
2925 4462 2944 4494 ι
2981 4442 3044 4496 Et
3073 4443 3333 4511 quoniam
3392 4444 3493 4496 hoc

249 4557 271 4592 ι
304 4541 367 4592 El
411 4541 467 4593 δὲ
517 4541 680 4605 νόμον
723 4542 950 4611 κρίνεις.
989 4543 1088 4594 οὐκ
1119 4538 1169 4593 εἴ
1195 4543 1424 4611 ποιητὴς
1449 4541 1640 4611 νόμου.
1682 4561 1701 4593 ι
1737 4532 1815 4592 Οὗ

1919 4557 1984 4596 ex
2017 4546 2336 4608 contemptu
2373 4539 2638 4608 procedit,
2667 4537 2952 4605 subiungit
2989 4551 3003 4586 :
3040 4553 3057 4585 ι
3100 4534 3154 4588 Si
3186 4544 3366 4588 autem
3397 4534 3492 4603 ju.

239 4631 354 4700 γάρ
395 4649 482 4692 τις
541 4635 896 4701 καταφρονεῖ,
926 4633 1040 4694 πῶς
1083 4632 1331 4696 ἀνέξεται
1388 4633 1479 4685 ὑπ’
1536 4631 1684 4702 αὐτῷ
1736 4631 1818 4686 ἔτι

243 4722 345 4791 ζῇν
374 4741 388 4786 ;
425 4723 516 4791 Μὴ
550 4719 661 4784 οὖν,
699 4725 886 4793 φησὶν,
937 4723 1228 4788 ἔξουδενῶν
1257 4724 1351 4777 καὶ
1381 4723 1570 4792 ὥσπερ
1604 4723 1816 4775 ἀντινοο

244 4811 490 4880 μοθετῶν
527 4812 788 4866 διάκεισο.
825 4811 900 4865 Οὐ
933 4814 1040 4883 γὰρ
1089 4813 1300 4882 ἐφεῖται
1341 4829 1444 4876 σοι,
1491 4811 1609 4876 ὲνδς
1652 4812 1815 4882 μόνου

241 4901 397 4966 am;
447 4904 737 4973 νομοθέτου
784 4903 880 4957 τοῦ
939 4905 1114 4967 Θεοῦ,
1168 4903 1264 4956 τοῦ
1310 4903 1609 4973 δυναμένου
1685 4902 1814 4966 τοὺς

242 5012 318 5048 πα
329 4995 570 5064 ρασάτας
590 4994 684 5048 τοῦ
706 4996 870 5067 νόμου
896 4995 1056 5048 αὑτοῦ
1089 5011 1108 5046 ι
1153 4993 1323 5047 σῶσαι
1347 4996 1441 5048 καὶ
1465 4993 1726 5048 ἀπολέσαι
1749 5007 1764 5022 ⁸
1790 5012 1808 5046 ι

241 5086 403 5139 τοῦτο
431 5088 540 5156 γὰρ
575 5085 741 5154 νόμον
776 5090 868 5140 καὶ
906 5086 1216 5157 νομοθέτου,
1248 5084 1310 5138 τδ
1335 5086 1458 5148 τοὺς
1491 5085 1811 5155 παραϐάτας

242 5179 411 5231 αὐτοῦ
433 5182 701 5248 τιμωρεῖν
725 5195 737 5208 ’
763 5179 880 5231 ἀλλ’
909 5179 1027 5248 οὑχὶ
1059 5177 1145 5240 σὺ,
1167 5177 1242 5240 ὡς
1353 5175 1436 5247 ὃς]
1463 5177 1624 5229 πλέον
1646 5177 1815 5245 φλυα-

246 5271 369 5341 ρίας
399 5271 551 5323 οὐδὲν
585 5270 750 5340 ἔχεις,
791 5269 926 5323 ἀλλὰ
963 5271 1054 5323 καὶ
1080 5270 1220 5322 κατὰ
1251 5268 1477 5321 σεαυτοῦ
1510 5269 1608 5337 τὴν
1635 5268 1814 5338 ψῆφον

242 5363 421 5430 ἄγεις.
479 5361 560 5415 Τὰ
598 5361 706 5433 γὰρ
753 5360 896 5415 αὐτὰ
954 5360 1027 5430 τῷ
1075 5357 1530 5427 καταλαλουμένιρ
1569 5357 1674 5410 ὑπὸ
1719 5357 1814 5411 σοῦ

205 5450 436 5515 .ποιῶν,
472 5453 532 5505 ἐν
579 5453 689 5522 ὅσῳ
735 5453 924 5504 τοῦτον
966 5448 1335 5519 κατακρίνεις,
1384 5449 1607 5500 σεαυτὶν
1650 5465 1818 5502 κατα-

243 5559 419 5597 κοινει
436 5560 471 5597 ⁸.

393 5742 552 5826 Ιςιιιιι.
583 5762 647 5826 ει,
690 5748 768 5803 ιι).

1455 5749 1494 5779 ³⁷
1523 5744 1628 5803 lsn.
1659 5763 1708 5813 x,
1759 5747 1840 5802 li.

247 5813 290 5848 δ’
315 5812 459 5871 l’sal.
491 5832 545 5882 υ,

853 5747 893 5781 ³⁶
935 5747 1039 5806 lsa.
1068 5763 1256 5814 χχχιιι,
1286 5747 1372 5801 '22.

1915 4631 2068 4686 dicas
2111 4630 2306 4700 legem,
2331 4644 2438 4684 non
2470 4643 2530 4682 es
2557 4627 2733 4681 factor
2790 4627 2942 4695 legis.
2971 4645 2990 4677 ι
3033 4624 3168 4692 Quis
3189 4627 3334 4680 enim
3355 4624 3492 4678 fera!

1918 4719 2100 4774 vivere
2137 4718 2240 4773 sub
2263 4732 2349 4781 eo,
2368 4731 2529 4786 quem
2557 4715 2902 4769 contemnit?
2928 4716 3042 4768 Non
3073 4714 3260 4784 igitur,
3289 4715 3494 4783 inquit,

1917 4817 2268 4879 contemptor
2292 4808 2390 4870 sis,
2427 4821 2607 4876 neque
2640 4807 2786 4861 velut
2821 4808 3165 4862 contrarium
3217 4805 3497 4874 legislato-

1919 4915 2033 4954 rem
2061 4908 2114 4956 te
2144 4901 2386 4961 habeas;
2413 4914 2590 4968 neque
2619 4899 2762 4954 enim
2797 4901 2898 4954 hoc
2933 4901 3028 4952 tibi
3059 4908 3158 4951 aut
3207 4899 3354 4962 licet,
3401 4906 3496 4952 aut

1919 4993 2140 5062 expedit
2173 5008 2185 5043 :
2226 5011 2245 5042 ι
2277 4989 2435 5046 Unus
2463 5001 2550 5047 est
2568 4993 2715 5047 enim
2763 4993 3043 5062 legislator
3074 4991 3236 5053 Deus,
3264 4989 3356 5060 qui
3394 5005 3496 5058 po-

1921 5093 2025 5138 test
2069 5101 2088 5135 ι
2117 5090 2558 5153 transgressores
2600 5100 2618 5132 ι
2659 5085 2884 5152 perdere
2903 5092 2955 5136 et
3011 5083 3260 5136 liberare.
3300 5100 3318 5132 ι
3359 5080 3468 5150 Spe

1921 5185 2032 5230 ctat
2058 5176 2202 5232 enim
2233 5177 2299 5230 ad
2335 5176 2508 5244 legem
2571 5183 2625 5230 et
2652 5176 3016 5246 legislalorem
3074 5175 3157 5227 sui
3205 5173 3497 5226 violatores

1923 5283 2080 5339 poena
2114 5269 2293 5323 debita
2326 5269 2596 5338 pleetere,
2621 5282 2729 5322 non
2762 5282 2890 5321 vero
2919 5266 2986 5319 ad
3041 5274 3113 5326 te.
3160 5266 3254 5334 qui
3301 5274 3498 5333 praeter

1923 5375 2184 5432 nugacetn
2257 5362 2643 5431 loquacitatem
2713 5358 2850 5413 nihil
2926 5359 3118 5413 habes.
3189 5357 3385 5412 Verum
3439 5368 3496 5413 et

1930 5462 2119 5507 contra
2151 5451 2384 5522 teipsutn
2412 5451 2686 5507 calculum
2732 5450 2881 5505 fers:
2930 5464 3055 5502 eum
3090 5449 3236 5502 enim
3281 5447 3496 5516 eadem,

1935 5561 1998 5598 ac
2026 5545 2097 5609 is,
2129 5544 2216 5598 cui
2248 5545 2511 5606 detrahis,
2534 5543 2650 5611 ipse
2679 5541 2870 5605 facias,
2903 5544 3003 5595 hoc
3031 5541 3148 5610 ipse
3183 5539 3496 5610 (“todillqu

1928 5634 2282 5698 condemnas,
2322 5645 2372 5690 te
2392 5632 2748 5688 Condemnas.

1945 5749 1993 5780 ³⁸
2030 5746 2172 5802 Psal.
2214 5761 2379 5811 vau,
2417 5748 2467 5800 7.
2551 5747 2596 5778 ³⁵
2635 5745 2739 5804 Job
2778 5763 2839 5814 ιι,
2881 5750 2934 5804 4.
3015 5750 3059 5783 ⁵ο
3089 5749 3278 5806 Matth.
3312 5765 3405 5813 vn,
3439 5749 3491 5804 Ι.
