4010 6542
506 391 635 456 1171

1421 397 1724 459 ΤΙΙΕΟΡΙΙ
1738 401 1996 460 YLAC'I‘I
2038 403 2130 461 BU
2144 404 2443 463 LG.\lil.‘E
2478 408 2520 463 Α
2532 407 2832 466 RClIIEP.

3606 410 3749 472 li7'2

506 508 882 567 simulatione.
917 509 1151 566 Fructus
1199 518 1377 566 autem
1412 509 1638 580 justitia:
1679 513 1730 566 in
1761 528 1893 584 pace
1920 513 2079 567 sciui-

2188 517 2430 570 ποιοῦσιν
2457 519 2699 590 εἰρήνην.
2726 539 2744 571 ι
2783 519 3011 589 Καθαρά
3040 520 3133 574 καί
3174 517 3478 592 ἀρύπαρος,
3518 521 3759 592 μηδενὸς

510 610 673 657 natur
706 602 1036 657 facientibus
1070 619 1282 674 pacem.
1329 622 1345 654 ι
1379 602 1562 666 Casta,
1596 605 1697 659 hoc
1746 614 1829 660 cst
1861 620 1990 675 pura
2023 615 2078 658 et

509 693 715 763 absque
747 695 981 756 macula.
1020 695 1150 750 nulli
1185 697 1260 750 rei
1304 697 1509 751 carnali
1556 697 1862 752 adhmrens.
1905 715 1922 746 ι
1958 693 2074 749 Non

502 787 777 854 judicans,
811 808 830 840 ι
874 791 976 843 hoc
1017 799 1122 853 est,
1155 806 1262 845 non
1297 791 1619 846 discernens
1665 791 2076 846 observationes

507 876 753 930 chorum
781 887 833 932 et
867 881 1140 934 variarum
1169 881 1454 936 lotioumn.
1489 881 1758 936 Accurate
1798 892 1978 935 autem
2009 881 2077 934 de

509 969 593 1022 his
616 969 835 1024 disserit
870 970 1068 1027 Paulus
1099 973 1152 1024 in
1176 970 1415 1040 Epistula
1452 973 1515 1026 ad
1535 973 1906 1028 Colosseuses.

1102 1062 1330 1119 CAPUT
1378 1062 1467 1119 ιν.

579 1150 744 1206 Vens.
780 1152 830 1208 1.
869 1171 888 1205 ι
928 1152 1081 1210 Unde
1132 1156 1270 1211 bella
1317 1167 1368 1211 et
1407 1159 1529 1213 lites
1567 1158 1620 1212 in
1662 1155 2079 1217 vobis?Nonue

510 1239 674 1295 hinc?
727 1241 805 1296 Ex
854 1245 1228 1314 voluptatibus
1260 1245 1374 1316 (39)
1409 1247 1630 1310 vestris,
1681 1265 1801 1318 qua:
1841 1250 2077 1303 militant

508 1331 562 1386 in
597 1333 858 1390 membris
897 1336 1118 1390 vestris.
1161 1355 1180 1388 ι
1213 1335 1488 1404 Ostendit,
1536 1339 1679 1407 quod
1726 1340 1938 1393 etiamsi
1978 1342 2076 1394 do-

506 1431 684 1476 ctores
733 1437 854 1479 sese
899 1437 1022 1480 esse
1079 1427 1422 1496 portendant,
1459 1429 1557 1481 toti
1601 1437 1779 1483 tamen
1830 1431 2078 1485 carnales

506 1512 638 1578 sint,
665 1521 718 1568 et
755 1515 992 1584 pessima
1045 1526 1362 1586 operentur,
1405 1519 1776 1588 voluptatibus
1819 1536 1939 1577 sese
1968 1532 2077 1576 tra-

508 1604 742 1672 dentes;
775 1613 829 1662 et
876 1607 967 1661 alii
1018 1610 1234 1678 quidem
1289 1625 1488 1664 mensa:
1529 1611 1862 1667 delicatioris
1918 1613 2078 1683 (quos

510 1694 711 1753 Paulus
741 1699 1059 1770 vituperans
1098 1700 1240 1754 ait”
1278 1717 1292 1754 :
1321 1719 1340 1745 ι
1390 1699 1711 1770 llujusmodi
1743 1703 1886 1757 enim
1914 1701 2076 1758 Chri-

508 1793 592 1842 sto
617 1787 848 1843 Domino
885 1798 1072 1845 nostro
1103 1805 1210 1844 non
1239 1792 1504 1857 serviunt,
1545 1791 1639 1848 sed
1669 1808 1771 1848 suo
1801 1793 2027 1858 ventri),
2049 1811 2068 1844 ι

2181 609 2290 662 τῶν
2321 610 2601 679 σαρκικῶν
2631 611 2989 682 ἀντεχομένη.
3026 629 3045 662 ι
3082 611 3438 682 Ἀδιάκριτος,
3472 631 3489 662 ι
3522 614 3597 682 μὴ
3631 612 3758 665 δια-

2182 700 2438 766 κρίνουσα
2485 704 2899 772 παρατηρήσεις
2960 703 3266 773 βρωμάτων
3319 703 3415 755 καὶ
3471 703 3756 772 διαφόρων

2181 792 2522 862 βαπτισμῶν.
2567 795 2833 865 Ἀκριὸῶς
2867 796 2922 849 δὲ
2953 796 3082 864 περὶ
3131 795 3336 850 τούτων
3379 795 3438 848 ὲν
3489 795 3559 864 τῇ
3615 795 3760 864 πρὸς

2181 885 2519 949 Κολασσαείς
2564 887 2871 955 διαλέγεται
2899 886 3129 950 Παῦλος.

2798 1061 3048 1115 ΚΕΦΛΛ.
3084 1060 3156 1116 Δ⁹.

2255 1173 2272 1204 ι
2306 1153 2477 1206 Πόθεν
2522 1152 2768 1223 πόλεμοι,
2809 1156 2904 1208 καὶ
2942 1155 3104 1208 πόθεν
3129 1155 3299 1226 μάχαι
3341 1170 3397 1208 εν
3426 1155 3599 1224 ύμῖνς
3638 1155 3758 1205 Οικ

2179 1246 2446 1309 ἐντεῦθεν,
2484 1249 2548 1298 ὲκ
2578 1246 2687 1298 τῶν
2737 1245 2940 1315 ἡδονῶν
2972 1247 3143 1311 ὑμῶν,
3176 1247 3285 1300 τῶν
3306 1245 3764 1316 στρατευομένων

2178 1337 2236 1388 ἐν
2259 1338 2368 1398 τοῖς
2399 1336 2614 1405 μέλεσιν
2639 1335 2824 1405 ὑμῶνς
2854 1356 2873 1388 υ
2901 1335 3205 1402 Δείκνυσιν,
3230 1337 3306 1400 ὡς
3339 1336 3442 1388 κᾶν
3473 1332 3762 1389 ὑποπλατ-

2179 1443 2377 1479 τωνται
2412 1426 2567 1496 λόγον
2595 1426 2992 1491 διδασκαλικὸν,
3024 1427 3173 1497 ὅμως
3203 1427 3313 1480 ὅλοι
3346 1425 3597 1497 σαρκικοί
3620 1425 3758 1487 εἰσι,

2179 1517 2296 1590 [mi
2343 1517 2410 1570 τά
2461 1517 2827 1588 χαλεπώτατα
2867 1516 3244 1589 πράττουσιν,]
3291 1516 3482 1586 ἡδονὰς
3539 1517 3760 1578 ἑαυτοῖς

2179 1609 2560 1680 ποριζόμενοι*
2611 1611 2662 1663 οἱ
2719 1609 2838 1679 μὲν,
2889 1609 3192 1680 ἁδροτέρας
3251 1607 3526 1679 τραπέζης
3564 1606 3632 1675 (6
3664 1607 3762 1658 καὶ

2178 1700 2392 1765 Παῦλος
2443 1700 2870 1770 καταγινώσκων
2933 1701 3134 1772 φησίν·
3178 1700 3288 1753 «Ol
3339 1699 3449 1770 γὰρ
3516 1697 3759 1752 τοιοῦτοι

2179 1792 2258 1862 τῷ
2287 1793 2478 1865 Κυρίῳ
2509 1795 2569 1846 ού
2603 1793 2966 1856 δουλεύουσιν,
2998 1793 3132 1848 ἀλλά
3152 1796 3218 1864 τῇ
3240 1792 3450 1846 ἑαυτῶν
3473 1791 3716 1863 κοιλίᾳ)’
3734 1809 3759 1843 ι

509 1878 601 1932 alii
662 1894 792 1933 vero
855 1880 1225 1951 possessionis
1289 1879 1454 1953 3&0
1493 1897 1747 1952 agrorum
1801 1891 1930 1935 sunt
1985 1898 2079 1937 cu-

2187 1882 2229 1935 σί
2257 1881 2334 1947 δὲ,
2371 1863 2620 1952 κτήσεως
2659 1883 2847 1953 ἀγρῶν
2875 1863 3227 1953 ὀρεγόμενοιε
3256 1880 3456 1950 ἕτεροι,
3480 1880 3761 1950 λαμπρῶν

507 1969 655 2040 pidi;
695 1971 784 2024 alii
832 1972 1144 2042 splendidas
1191 1973 1381 2028 domos
1414 1974 1681 2038 ambiunt,
1725 1981 1779 2028 ct
1811 1974 1900 2028 alii
1932 1973 2079 2029 aliud

2187 1972 2402 2025 οἰκιῶν·
2435 1971 2596 2035 ἄλλος
2627 1971 2753 2026 ἄλλο
2799 1987 2851 2025 τι
2883 1971 3010 2042 περί
3045 1970 3079 2024 ἃ
3124 1972 3151 2024 6
3175 1969 3409 2038 πονηρὸς
3437 1969 3769 2040 ὑποτίθησιν

507 2062 790 2133 quidpiam
815 2081 877 2119 ex
912 2064 1000 2132 iis,
1030 2081 1147 2136 qum
1186 2066 1322 2136 ipsis
1349 2067 1623 2137 malignus
1651 2069 1894 2136 suggerit
1926 2069 2079 2138 spiri-

2187 2063 2365 2126 αὐτοῖς
2405 2062 2686 2134 ἀποσυλᾷν
2722 2062 2920 2125 αὐτοὺς
2954 2059 3400 2135 [μηχανώμενος]
3427 2064 3528 2133 τῆς
3567 2076 3755 2114 σωτη-

507 2167 622 2222 tus,
661 2171 878 2210 omnem
909 2167 1170 2212 conatum
1221 2159 1508 2226 adhibens,
1549 2166 1608 2212 ut
1639 2169 1894 2215 aeternam
1932 2162 2079 2216 salu-

507 2259 615 2302 tem
652 2247 896 2316 ipsorum
924 2247 1287 2318 deprmdetur.

579 2337 748 2393 Vens.
778 2338 833 2392 2.
875 2357 893 2391 ι
927 2340 1330 2411 Concupiscitis
1358 2348 1412 2395 et
1441 2355 1545 2394 non
1579 2339 1788 2396 habetis
1826 2361 1839 2396 :
1875 2341 2080 2396 occidi-

508 2430 602 2496 tis,
637 2440 692 2484 ct
738 2431 963 2498 zelatis;
1001 2441 1054 2487 et
1113 2449 1220 2488 non
1254 2433 1484 2502 potestis
1531 2431 1758 2503 adipisci
1793 2454 1806 2488 :
1839 2434 2078 2505 litigatis,

505 2532 560 2577 et
594 2523 964 2595 belligeratis:
1005 2531 1059 2579 et
1103 2539 1209 2577 non
1254 2524 1488 2587 habetis,
1528 2533 1751 2596 propter
1792 2525 1936 2595 quod
1971 2543 2078 2581 non

510 2615 814 2686 postulatis.
847 2635 864 2667 ι
904 2616 1008 2672 Per
1059 2617 1472 2674 aﬂirmationem
1515 2630 1571 2675 et
1613 2621 1949 2691 negationem
1990 2622 2080 2678 liic

507 2707 775 2777 procedit.
805 2705 1164 2763 aﬂirmatione
1186 2710 1398 2765 sublata
1419 2719 1638 2782 propter
1658 2711 2074 2769 absurditatem.

507 2800 835 2864 Absurditas
864 2816 994 2859 vero
1021 2802 1073 2856 in
1105 2818 1170 2858 eo
1215 2803 1393 2872 posita
1423 2812 1529 2869 est,
1581 2804 1724 2872 quod
1779 2819 1840 2858 ea
1872 2821 1993 2875 qum.
2025 2806 2080 2859 in

507 2894 868 2949 aﬂirmatione
913 2894 1350 2961 considerantur,
1382 2896 1492 2950 sint
1543 2887 1897 2970 incitamcu‘ta
1929 2897 2082 2952 volu-

507 2989 698 3056 ptatis.
720 2988 1175 3056 Concupiscentia
1202 2990 1343 3043 enim
1375 2987 1428 3041 in
1461 2989 1800 3057 voluptatum
1828 3003 2081 3043 consum-

511 3081 752 3134 matione
783 3079 1012 3144 desinit,
1061 3088 1114 3134 et
1165 3080 1364 3145 cmdes,
1397 3090 1451 3135 et
1498 3079 1668 3142 zelus,
1703 3088 1756 3134 et
1795 3095 1996 3152 pugna,
2029 3089 2081 3136 et

2182 2155 2302 2226 ρξας
2335 2153 2536 2211 αὐτῶν.

2257 2357 2275 2391 ι
2312 2337 2686 2406 Ἑπιθυμεττε,
2735 2335 2828 2389 καὶ
2877 2335 2979 2389 ούκ
3030 2334 3210 2406 ἔχετε·
3244 2333 3501 2404 φονεύετε
3533 2333 3628 2386 καὶ
3661 2333 3762 2404 ζη-

2179 2433 2356 2491 λοῦτε.
2385 2431 2480 2485 καὶ
2529 2431 2591 2483 ού
2645 2428 2874 2483 δύνασθε
2921 2429 3229 2498 ἐπιτυχεῖν·
3261 2425 3502 2497 μάχεσθε
3533 2425 3628 2478 καὶ
3659 2443 3760 2478 πο-

2178 2525 2419 2592 λεμεῖτε,
2451 2522 2546 2576 καὶ
2575 2523 2674 2574 οὐκ
2705 2521 2878 2591 ἔχετε,
2909 2519 2995 2573 διὰ
3022 2519 3085 2572 τὸ
3138 2520 3214 2590 μὴ
3251 2517 3521 2570 αἰτεῖσθαι
3557 2517 3755 2586 ὑμᾶς.»

2181 2619 2336 2674 Κατά
2367 2617 2516 2671 θέσιν
2542 2616 2636 2670 καὶ
2665 2615 2827 2686 ἄρσιν
2861 2613 3097 2683 πρόεισι,
3132 2611 3233 2680 τῆς
3265 2609 3468 2672 θέσεως
3495 2610 3759 2677 ἀναιρου-

2184 2708 2353 2779 μένης
2379 2708 2466 2761 διά
2505 2705 2564 2760 τὸ
2605 2706 2824 2758 ἄτοπον.
2861 2701 2957 2774 [Τδ
2994 2701 3050 2754 δὲ
3083 2701 3302 2765 ἄτοπον,
3346 2699 3436 2753 διὰ
3469 2699 3531 2751 τδ
3560 2697 3763 2768 ἡδονῆς

2183 2799 2584 2870 ὑπεκκαύματα
2618 2797 2832 2868 μέλλειν
2871 2792 3086 2848 ἔσεσθαι
3128 2793 3198 2846 τὰ
3230 2791 3322 2846 ἐπὶ
3371 2792 3437 2860 τῇ
3483 2789 3632 2843 θέσει
3669 2789 3756 2842 ὲν-

2182 2888 2582 2962 θεωρούμενα.]
2619 2889 2682 2942 ἸΙ
2713 2889 2822 2958 γὰρ
2848 2883 3112 2955 ἐπιθυμία
3137 2885 3194 2938 ὲν
3221 2882 3421 2956 ἡδονῶν
3453 2879 3760 2934 ἑπιτελέσει

2189 2981 2623 3053 ἀποτελευτᾷ.”0
2648 2997 2707 3034 τε
2739 2980 2919 3049 φόνος.
2948 2978 3043 3031 καὶ
3073 2975 3255 3044 ζῆλος,
3281 2975 3370 3027 καὶ
3399 2974 3434 3042 ἡ
3466 2972 3646 3041 μάχη,
3664 2972 3759 3023 καὶ

2182 3081 2209 3131 ό
2237 3077 2492 3146 πόλεμος,
2519 3077 2618 3131 ούκ
2653 3073 2864 3144 ἀγαθάο
2892 3072 3082 3142 διόπερ
3112 3070 3233 3124 οῦδὲ
3265 3068 3594 3138 τυγχάνουσι
3632 3066 3759 3119 τού-

514 3170 716 3226 bellum
750 3186 858 3226 non
909 3181 1037 3226 sunt
1062 3171 1249 3227 bona:
1297 3178 1351 3226 et
1377 3170 1498 3226 ideo
1530 3187 1706 3240 neque
1746 3187 1807 3225 ea
1849 3187 2079 3248 quorum

2187 3184 2314 3231 των,
2349 3160 2423 3220 ὧν
2471 3166 2634 3219 ἕνεκα
2687 3163 2860 3216 ταῦτα
2893 3160 3324 3232 ἐπιτηδεύουσιν,
3370 3157 3569 3210 ’ἰστέον
3593 3155 3648 3208 δὲ
3675 3156 3758 3208 ὅτι

511 3263 686 3332 gratia
721 3263 822 3316 ista
848 3271 1125 3326 exercent,
1164 3271 1552 3332 assequuntur.
1605 3261 1896 3316 Sciendum
1931 3279 2079 3330 vero,

510 3349 654 3420 quod
687 3366 793 3406 non
820 3350 886 3405 de
914 3352 1119 3405 carnali
1148 3351 1292 3405 crede
1323 3351 1529 3407 bellove
1583 3352 1667 3406 llic
1700 3352 1991 3422 loquatur;
2029 3353 2081 3406 id

511 3445 654 3495 enim
697 3443 962 3496 absonum
1012 3442 1148 3497 foret
1181 3443 1262 3497 vel
1317 3442 1384 3497 de
1414 3443 1720 3500 latronibus
1758 3445 2081 3516 intelligere,

513 3531 710 3586 nedum
741 3533 808 3586 de
839 3533 927 3598 iis,
977 3533 1066 3603 qui
1116 3533 1300 3604 aliquo
1351 3542 1512 3588 tenus
1546 3535 1734 3589 saltem
1791 3533 1976 3590 ﬁdeles
2029 3544 2084 3591 ct

514 3623 580 3677 ad
611 3624 782 3678 Deum
818 3625 1069 3678 conversi
1095 3635 1243 3679 sunt.
1286 3623 1353 3678 Ut
1387 3624 1555 3694 igitur
1586 3625 1717 3679 mihi
1753 3626 1972 3696 quidem
2004 3626 2084 3680 vi-

516 3717 696 3781 detur,
732 3715 980 3769 occidere
1028 3715 1162 3769 dicit
1216 3732 1330 3779 eos,
1387 3717 1483 3785 qui
1537 3717 1810 3788 prepriam
1844 3720 2080 3772 animam

514 3807 771 3862 accidunt
801 3809 1106 3864 temerariis
1139 3809 1204 3862 iis
1232 3810 1544 3875 conatibus,
1569 3809 1769 3878 quibus
1803 3811 1964 3865 etiam
1988 3810 2084 3864 ad-

512 3912 706 3952 versus
755 3897 1008 3968 pietatem
1059 3897 1257 3952 bellum
1311 3907 1526 3966 gerunt.
1564 3897 1782 3954 Scilicet
1826 3898 2087 3968 quemad-

515 3989 738 4042 modum
765 3997 951 4058 postea
988 4006 1006 4040 ι
1047 3987 1325 4043 adulteros
1356 3998 1411 4042 et
1435 3989 1711 4044 adulteras
1741 4009 1758 4041 ι
1795 3989 1950 4052 dicit,
1972 4005 2081 4044 non

514 4081 606 4149 qui
643 4079 821 4149 reipsa
862 4080 999 4133 tales
1020 4089 1183 4145 sunt,
1212 4078 1306 4133 scd
1357 4079 1447 4150 qui
1500 4081 1553 4134 in
1604 4081 1784 4135 divina
1825 4081 2080 4136 mandata

515 4171 830 4240 spuriarum
866 4169 1184 4239 opinionum
1238 4167 1640 4226 introductione
1693 4169 2077 4226 fornicautur:

514 4263 700 4332 (nemo
753 4261 937 4326 enim,
988 4261 1203 4316 tametsi
1263 4262 1456 4316 suibus
1512 4263 1856 4319 truculentior
1905 4272 2073 4332 esset,

514 4354 818 4409 adulterum
868 4353 1004 4407 lerat
1040 4352 1342 4424 doctorem)
1385 4355 1464 4410 sic
1501 4363 1555 4408 et
1605 4355 1782 4412 caedes
1822 4365 1876 4412 et
1914 4357 2076 4422 bella,

515 4460 622 4500 non
660 4446 986 4514 corporalia,
1019 4445 1110 4499 sed
1145 4445 1447 4514 spiritualia
1488 4445 1759 4514 intelligit.

2186 3260 2344 3330 φόνον
2375 3258 2629 3328 ἐνταῦθα,
2663 3256 2760 3310 καὶ
2788 3255 3046 3325 πόλεμον,
3081 3251 3142 3305 ού
3177 3252 3270 3304 τὸν
3300 3249 3566 3321 σαρκικόν
3599 3262 3754 3324 φησι.

2185 3349 2354 3404 Τοῦτο
2385 3348 2492 3420 γὰρ
2524 3347 2658 3418 βαρὺ
2701 3346 2797 3399 καὶ
2852 3345 2995 3398 κατὰ
3040 3341 3253 3414 λῃστῶν
3294 3339 3518 3402 ἐννοεῖν,
3554 3336 3628 3406 μὴ
3675 3337 3756 3388 ὅτι

2183 3457 2245 3508 γε
2271 3438 2411 3494 κατὰ
2444 3434 2677 3509 [ποσῶς]
2706 3433 2914 3488 πιστῶν
2948 3433 3068 3506 [καὶ
3099 3431 3178 3501 τῷ
3216 3430 3407 3502 Κυρέῳ
3453 3444 3755 3499 προσερχο-

2187 3528 2407 3602 μένων].
2458 3528 2595 3582 Ἀλλ’
2625 3528 2700 3590 ὡς
2767 3527 2890 3596 ἐμοὶ
2936 3524 3102 3587 δοκεῖ,
3146 3523 3390 3592 φονεύειν
3426 3521 3583 3592 φησὶ,
3616 3519 3746 3582 τοὺς

2181 3624 2280 3695 τὴν
2336 3623 2543 3676 ἑαυτῶν
2594 3620 2770 3692 ψυχὴν
2834 3616 3262 3679 ἀποκτιννύντας
3313 3617 3434 3676 ταῖς
3477 3613 3754 3674 τοιαύταις

2183 3715 2577 3785 ἐπιχειρήσεσι,
2620 3712 2687 3765 δι’
2715 3710 2781 3775 ἃς
2819 3709 2915 3763 καὶ
2946 3710 2974 3762 6
3017 3708 3154 3780 πρὸς
3199 3707 3298 3779 τὴν
3345 3704 3624 3758 εὐσέϐειαν
3654 3704 3752 3754 a21-

2183 3811 2296 3872 τοῖς
2361 3807 2617 3877 πόλεμος.
2685 3806 2794 3860 Καὶ
2851 3803 3040 3873 ὥσπερ
3081 3801 3284 3872 προῖὼν
3317 3820 3335 3852 ι
3363 3799 3579 3870 μοιχοὺς
3654 3796 3751 3848 καὶ

2186 3902 2496 3974 μοιχαλίδας
2520 3921 2538 3952 ι
2572 3897 2744 3964 εἷπεν,
2785 3900 2846 3953 ού
2879 3898 3098 3962 πάντως
3121 3897 3395 3959 τοιούτους
3426 3895 3622 3955 αὐτοὺς
3655 3893 3750 3945 δν-

2182 4011 2304 4058 τας,
2333 3993 2446 4046 ἀλλ’
2476 3993 2553 4056 ὡς
2584 3995 2661 4056 εἰς
2705 3991 2775 4044 τὰ
2807 3991 2929 4045 θεῖα
2970 3989 3368 4060 προστάγματα
3400 3983 3753 4053 ἐκπορνεύονρ

2182 4101 2279 4148 τας
2317 4083 2404 4137 διὰ
2432 4083 2532 4153 τῆς
2562 4082 2672 4136 τῶν
2691 4081 2860 4135 νόθων
2894 4080 3231 4150 εἰσηγήσεως
3262 4093 3277 4108 ·
3304 4077 3402 4129 ούκ
3438 4075 3503 4129 ἂν
3531 4073 3636 4142 γάρ
3665 4089 3753 4134 τις

2183 4155 2380 4245 πόρνου
2428 4175 2716 4244 ἀνάσχοιτο
2763 4171 3078 4225 διδασκάλου
3109 4169 3234 4242 [κᾶν
3267 4162 3522 4239 χοῖρωνῇ
3557 4164 3758 4234 βορϐο-

2186 4267 2509 4338 ρωδέστερος
2605 4263 2751 4318 οῦτω
2804 4263 2899 4316 καὶ
2951 4262 3143 4331 φόνους
3200 4260 3295 4312 καὶ
3346 4257 3632 4327 πολέμους,
3686 4253 3748 4306 οὐ

2181 4361 2304 4422 τοὺς
2337 4359 2700 4428 σωματικοὺς,
2731 4355 2864 4409 ἀλλὰ
2905 4356 3026 4418 τοὺς
3045 4353 3309 4423 ψυχικοὺς
3336 4349 3505 4419 λέγει.

584 4537 751 4593 Vens.
802 4539 856 4593 ‘5.
891 4558 908 4589 ι
955 4535 1170 4598 Ροιὶιξε,
1235 4545 1290 4591 et
1351 4553 1458 4590 non
1527 4536 1800 4606 accipitis;
1841 4552 1908 4592 eo
1934 4539 2077 4606 quod

2263 4561 2280 4590 ι
2310 4539 2540 4601 Αἰτεῖτε,
2561 4536 2653 4591 καὶ
2672 4537 2733 4588 ού
2766 4534 3095 4604 λαμϐάνετε,
3125 4532 3259 4584 διοτι
3282 4531 3469 4593 κακῶς
3489 4524 3747 4589 αἰτεῖσθε,

518 4630 658 4683 male
691 4629 911 4700 petatis,
939 4636 996 4681 ut
1034 4628 1086 4682 in
1118 4626 1584 4697 concupiscentiis
1613 4629 1809 4682 vestris
1840 4629 2084 4684 insuma-

515 4719 607 4772 tis.
650 4735 668 4768 ›
697 4716 845 4770 Talis
877 4723 996 4770 erat
1025 4714 1336 4770 Pliariszcus
1363 4716 1415 4770 in
1451 4715 1610 4770 Luca:
1641 4715 1934 4787 Evangelio
1967 4732 2080 4771 me-

514 4813 756 4860 moratus
782 4823 793 4858 :
829 4805 920 4875 qui
949 4814 1153 4874 quanto
1182 4807 1335 4875 plura
1363 4806 1504 4861 bona
1537 4821 1701 4878 opera
1729 4822 1759 4861 a
1793 4824 1851 4863 se
1875 4817 2087 4878 patrata

515 4897 859 4962 recensebat,
907 4905 1058 4950 tanto
1089 4897 1261 4966 magis
1292 4898 1534 4952 divinum
1573 4899 1897 4954 obstruebat
1930 4901 2085 4954 audi-

517 4999 665 5055 tum;
705 4989 896 5058 sicque
924 4989 1215 5043 verborum
1252 4996 1435 5042 tumor
1465 5005 1671 5045 vacuus
1709 5006 1804 5060 per
1827 4991 1969 5044 labia
2001 4991 2083 5045 di-

513 5083 736 5147 lluebat,
760 5091 812 5136 et
845 5085 894 5135 in
921 5096 1169 5150 spumam
1193 5081 1336 5134 velut
1367 5081 1648 5134 mstuantis
1678 5081 1843 5136 maris
1884 5079 2081 5138 ﬂuetus

515 5173 936 5227 dissolvebatur.
963 5173 1028 5238 At
1051 5172 1260 5242 inquiet
1281 5172 1549 5241 quispiam
1573 5188 1594 5225 ι,
1621 5171 1678 5225 Si
1711 5172 1921 5226 Domini
1949 5171 2080 5228 Jesu

515 5265 741 5323 Christi,
774 5266 864 5328 qui
892 5263 1076 5318 fallere
1103 5280 1206 5317 non
1244 5273 1441 5332 potest,
1481 5274 1706 5318 veraest
1730 5264 1816 5317 illa
1845 5265 2081 5333 promis-

515 5357 596 5408 sin
619 5356 664 5387 ³⁰
695 5376 708 5411 :
741 5359 1079 5424 «Urnisqui
1101 5358 1230 5425 petit
1259 5357 1451 5424 accipit
1489 5376 1506 5408 ι
1535 5372 1550 5418 ς
1605 5357 1878 5426 quomodo
1933 5373 2080 5412 nunc

515 5448 796 5514 aposlolus
845 5453 944 5502 iste
977 5448 1102 5501 talia
1140 5449 1321 5501 latur?
1359 5447 1771 5518 Respondemus
1803 5466 1828 5505 :_
1853 5447 2088 5513 Quicun-

589 5625 633 5656 ²⁹
668 5623 826 5680 Bom.
867 5643 980 5691 xvi,
1009 5626 1095 5682 18.
1170 5626 1422 5682 "Matth.
1449 5646 1542 5694 vu,
1568 5630 1618 5683 ὅ.

2187 4633 2272 4685 ἵνα
2295 4633 2352 4684 ὲν
2382 4631 2500 4693 ταῖς
2523 4629 2735 4698 ἡδοναῖς
2759 4625 2915 4697 ὑμῶν
2945 4623 3316 4693 δαπανήσητε.
3341 4641 3360 4674 ι
3411 4622 3498 4684 Ὦς
3527 4624 3555 4674 6
3572 4621 3743 4688 Φαρι-

2189 4725 2337 4784 σαῖος
2380 4723 2406 4774 6
2445 4722 2503 4774 ὲν
2547 4719 2624 4788 τῷ
2667 4717 2810 4772 κατὰ
2857 4717 3073 4770 Λουκᾶν
3103 4714 3441 4784 Εύαγγελίῳ.
3470 4710 3752 4779 Ὀσιργᾷρ

2187 4813 2357 4866 πολλά
2385 4811 2638 4877 κατέλεγε
2656 4809 2766 4862 τῶν
2795 4807 2990 4862 ἑαυτοῦ
3023 4805 3485 4876 κατορθωμάτων,
3516 4805 3749 4870 τοσούτῳ

2187 4903 2351 4956 πλέον
2395 4899 2599 4956 ἀπέθυε
2639 4897 2738 4970 τὴν
2771 4897 2922 4953 θείαν
2957 4896 3148 4966 ἀκοὴν,
3183 4898 3275 4948 καί
3299 4897 3327 4948 6
3353 4894 3464 4946 τῶν
3493 4893 3749 4961 ῥημάτων

2187 4995 2350 5062 ὄγκος
2390 4991 2545 5056 κενὸς
2583 4993 2711 5062 περὶ
2742 4990 2810 5044 τὰ
2830 4991 2980 5062 χείλη
3009 4985 3100 5062 ἦν,
3139 4989 3236 5042 καὶ
3275 4988 3354 5050 εἰς
3388 4987 3568 5056 ἀφρὸν
3591 4983 3750 5056 [κατ-

2189 5087 2362 5158 ἑρῤει,
2414 5084 2508 5137 καὶ
2555 5084 2795 5136 διελύετο
2849 5083 3102 5152 καθάπερ
3137 5081 3514 5151 παφλάζοντος
3571 5075 3754 5145 κύμαο

2188 5173 2324 5247 το;].
2373 5173 2513 5226 Ἀλλ’
2544 5175 2660 5243 ἐρεῖ
2694 5189 2778 5235 τις
2797 5188 2812 5201 ·
2842 5171 2906 5224 Εἰ
2939 5171 3034 5225 τοῦ
3065 5169 3271 5240 κυρίου
3316 5167 3492 5239 Ἰησοῦ
3519 5170 3750 5232 ἐπαγγε-

2188 5265 2276 5319 λία
2321 5265 2522 5334 ἀληθὴς
2555 5263 2649 5316 τοῦ
2677 5263 2943 5333 ἀψευδοῦς
2987 5261 3332 5323 διδασκάλου,
3380 5260 3464 5324 τὸ,
3519 5278 3536 5310 ι
3562 5259 3673 5319 Πᾶς
3722 5257 3751 5308 ό

2188 5357 2356 5411 αἰτῶν
2401 5356 2666 5426 λάμϐανει
2691 5397 2704 5416 ,
2739 5374 2758 5406 ι
2796 5355 2911 5418 πῶς
2957 5355 3053 5409 νῦν
3095 5354 3271 5408 ταῦτά
3308 5371 3472 5423 φησιν
3504 5354 3531 5405 6
3560 5347 3754 5414 παρὼν

2197 5449 2562 5516 Ἀπόστολος;
2604 5445 2766 5503 ’Λλλά
2813 5463 3012 5519 φαμεν,
3067 5446 3142 5512 ὡς
3168 5448 3197 5501 6
3223 5443 3326 5515 ὀδῷ
3363 5446 3430 5514 τῇ
3477 5439 3754 5508 ἀκολούθῳ

1738 5721 2039 5785 Bonifacii
2086 5723 2304 5786 F'i'netti
2341 5729 2528 5786 notas.

587 5818 702 5888 (59)
741 5815 963 5888 Vulgata
1001 5819 1182 5888 habet,
1209 5835 1272 5873 cx
1301 5820 1743 5888 concupiscentiis.
