4010 6608
441 372 574 436 1175

1351 374 1931 435 THEOPHYLACTI
1964 374 2373 433 BULGARL’E
2409 375 2743 434 ARClllEP

3553 374 3698 437 1176

439 488 560 541 d'em
595 501 779 541 rerum
814 487 1085 542 inuti-liun't
1137 487 1318 544 studio
1343 495 1398 544 ct
1442 502 1629 543 amore
1671 487 2000 560 parvipt-udit

2117 488 2244 551 τοὺς
2285 491 2612 558 μισομένους
2638 489 2732 542 καὶ
2763 489 2988 558 ἂχθροὺς
3019 489 3176 560 ἡμῶν
3223 489 3552 559 πάσχομενῖ
3585 490 3696 542 Δύο

443 584 625 638 divina
649 624 664 648 ,
688 584 770 638 Vel
797 585 957 638 etiam
1001 600 1064 640 ea
1123 583 1343 640 fastidio
1393 584 1556 639 habet
1591 601 1604 638 :
1635 598 1741 653 qua
1799 583 2010 638 ratione

443 691 571 745 erga
605 691 699 732 eos
729 675 874 732 solos
897 693 1034 746 quos
1067 676 1194 732 odio
1227 677 1517 741 habemus,
1569 677 1746 745 iisque
1804 675 2006 729 inimici

443 783 660 832 sumus,
703 784 802 823 nos
843 783 1033 838 gerere
1064 769 1329 824 solemus.
1361 767 1496 824 Cum
1531 768 1698 839 igitur
1735 766 1847 822 duo
1875 765 2006 827 sint,

407 849 411 856 ’
438 862 639 929 quibus
666 875 882 930 operam
905 863 1034 914 dant
1064 862 1336 926 homines,
1375 861 1516 915 Deus
1546 861 1823 914 scilicetet
1852 873 2008 911 mun-

409 939 541 1004 Idus
571 988 586 1012 ,
615 964 677 1003 ac
715 956 824 1005 (tuo
880 966 1100 1019 quoque
1149 953 1255 1006 sint
1298 950 1499 1022 quibus
1537 952 1681 1004 circa
1715 957 2008 1019 utrumque

435 1057 622 1095 eorum
655 1043 862 1096 versari
885 1058 983 1097 nos
1006 1059 1326 1112 possumus.
1345 1057 1540 1110 nempe
1560 1056 1713 1094 amor
1731 1049 1784 1094 et
1799 1041 2006 1104 odium,

434 1147 563 1200 erga
603 1132 918 1186 utrumlibet
954 1133 1144 1188 horum
1176 1135 1405 1189 studiosi
1440 1150 1540 1188 nus
1595 1132 1770 1186 simus
1841 1146 2008 1201 Opor-

431 1230 528 1283 tet,
558 1229 616 1276 ut
676 1223 910 1276 alterum
955 1225 1314 1293 uegligamus.
1367 1223 1540 1277 Porro
1579 1221 1819 1276 studium
1867 1222 2006 1290 parit

430 1313 591 1384 342
630 1314 926 1370 amicitiam
955 1355 970 1378 ,
1015 1317 1302 1386 neglectus
1351 1332 1478 1370 vero
1509 1316 1716 1369 odium.
1745 1313 2004 1383 Quisquis

431 1406 598 1472 igitur
625 1406 809 1461 divina
854 1407 1223 1477 amplectitur,
1258 1409 1468 1462 amicus
1524 1408 1616 1461 Dei
1679 1417 1733 1462 et
1788 1413 1894 1471 est,
1953 1414 2006 1458 ct

429 1495 653 1549 dicitur.
681 1495 782 1561 Qui
817 1510 947 1551 vero
977 1498 1143 1552 Deum
1198 1496 1584 1567 parvil'acicns,
1619 1495 1880 1549 mundum
1923 1495 2004 1547 di-

431 1586 572 1656 ligit,
600 1587 687 1642 hic
743 1589 886 1643 inter
948 1589 1202 1644 inimicos
1255 1587 1348 1643 Dei
1413 1589 1535 1657 jure
1575 1588 2000 1657 con-putaliitur.

427 1678 697 1744 Quoniam
736 1695 866 1735 vero
896 1681 1009 1736 haec
1029 1680 1210 1735 omnia
1243 1695 1312 1734 ex
1365 1680 1677 1750 arrogantia
1726 1689 1773 1732 et
1805 1694 2001 1749 snper-

432 1774 516 1828 bia
543 1775 684 1832 falso
715 1779 1023 1848 sapientum
1050 1779 1337 1833 doctorum
1364 1776 1498 1834 oriri
1560 1782 1846 1830 ostensum
1883 1781 1996 1835 est,

2112 581 2404 652 τοιγαροῦν
2435 583 2604 635 ὄντων
2633 582 2739 634 τῶν
2761 583 2890 652 περὶ
2909 581 2944 634 ἃ
2972 581 3358 645 σπουδάζουσιν
3382 581 3689 651 ἄνθρωποι,

2113 671 2249 725 Θεοῦ
2307 672 2405 726 καὶ
2438 673 2670 743 κόσμου,
2715 673 2810 725 καὶ
2863 673 2985 728 καθ’
3036 672 3300 744 ἑκάτερον
3340 672 3546 724 τούτων
3574 675 3691 724 τῶν

2111 765 2205 818 δύο
2238 766 2601 835 στεφομένων,
2635 765 2816 834 φιλίας
2856 766 2952 819 καὶ
2999 767 3209 834 μίσους.
3252 769 3382 836 περὶ
3424 767 3692 836 ὁπότερον

2111 857 2315 910 τούτων
2364 858 2758 922 σπουδάζοντες
2794 858 3299 929 καταληφθείημεν,
3336 859 3552 922 πάντως
3589 857 3688 910 τοῦ

2111 948 2301 1019 ἐτέρου
2325 947 2667 1016 ἀφειδοῦντες
2687 949 2968 1020 δρώμεθα.
2994 951 3142 1004 Ποιεῖ
3169 950 3227 1004 δὲ
3283 952 3316 1019 ἡ
3349 951 3447 1021 μὲν
3481 949 3691 1020 σπουῆ

2081 1038 2294 1106 ,φιλίαν
2327 1056 2343 1072 ·
2379 1041 2412 1109 ὴ
2441 1039 2497 1092 δὲ
2529 1040 2815 1109 ὀλιγωρία,
2848 1042 3028 1110 μῖσος.
3063 1043 3160 1103 Ὃς
3210 1041 3307 1094 οὖν
3359 1041 3468 1095 τῶν
3523 1041 3689 1093 θείων

2112 1131 2455 1200 ἀντίσχηται,
2493 1130 2644 1199 φίλος
2679 1131 2814 1184 Θεοῦ
2845 1132 2942 1185 καὶ
2973 1132 3088 1185 ἔστι
3119 1133 3214 1185 καὶ
3242 1133 3461 1201 λέγεται
3495 1149 3509 1164 ·
3537 1133 3597 1196 ὃς
3625 1134 3687 1188 δὲ

2108 1221 2243 1274 Θεοῦ
2275 1223 2372 1292 μὲν
2396 1222 2867 1292 κατολιγωρήσας,
2891 1224 3096 1294 κόσμον
3115 1225 3171 1278 δὲ
3198 1225 3506 1294 ἠγάπησεν,
3527 1219 3687 1288 οὗτος

2108 1314 2165 1365 ὲν
2192 1315 2303 1377 τοῖς
2335 1313 2550 1382 ἐχθροῖς
2573 1314 2666 1368 τοῦ
2693 1314 2827 1368 Θεοῦ
2856 1315 3407 1386 καταλογισθήσεται.
3447 1317 3602 1369 Ἐπεὶ
3625 1316 3684 1368 δὲ

2107 1402 2276 1456 ταῦτα
2311 1403 2486 1457 πάντα
2519 1404 2576 1470 ἐξ
2612 1404 2929 1470 ἀλαζονείας
2961 1405 3080 1477 [καὶ
3122 1407 3524 1478 ὑπερηφανίας]
3572 1408 3686 1460 τῶν

2105 1495 2456 1565 ψευδοσόφων
2485 1497 2700 1567 ἐδείχθη
2735 1495 3096 1568 [διδασκάλων
3127 1497 3419 1569 φυόμενα],
3441 1499 3688 1568 δευτέρῳ

2109 1585 2270 1640 πάλιν
2304 1587 2509 1658 ἐλέγχῳ
2566 1589 2851 1658 κέχρηται,
2904 1589 3175 1658 ἀνανῆψαι
3227 1588 3548 1660 βουλόμενος
3581 1590 3689 1655 τῆς

2111 1678 2278 1750 μέθης
2301 1679 2502 1742 αὐτῶν,
2538 1679 2658 1751 [καὶ
2682 1679 2774 1733 τοῦ
2801 1681 2972 1751 κάρου
3001 1680 3331 1754 ἀπαλλάξαι]
3356 1683 3482 1746 τοὺς
3511 1681 3687 1735 τοιού·

2105 1787 2230 1832 τους
2258 1787 2272 1801 ·
2312 1770 2589 1841 καίφησιν
2621 1789 2636 1805 ·

429 1867 535 1921 alio
558 1884 753 1924 rursus
779 1870 950 1924 utitur
968 1875 1310 1940 argumento,
1334 1867 1563 1938 cupiens
1592 1863 1860 1934 ejusmodi
1893 1862 2141 1917 homines
2173 1860 2242 1914 ab
2268 1860 2533 1919 ebrietate
2575 1861 2641 1915 ad
2716 1863 3066 1920 sobrietatem
3127 1865 3328 1931 redire,
3390 1879 3552 1938 atque
3616 1868 3691 1924 ab

428 1959 539 2012 alto
569 1961 1042 2030 soporeliberare,
1062 1973 1114 2016 et
1145 1960 1219 2014 ait
1245 1979 1257 2014 :

499 2050 663 2107 Vens.
692 2052 750 2118 5,
783 2051 836 2107 6.
869 2071 886 2103 ι
919 2053 1000 2106 An
1035 2052 1244 2124 putatis
1275 2053 1418 2124 quod
1449 2053 1688 2110 inaniter
1712 2053 1996 2121 Scriptura
2033 2048 2073 2105 Β

428 2142 612 2196 dicat:
649 2142 729 2196 Ad
762 2141 1022 2195 invidiam
1057 2143 1405 2212 concupiscit
1438 2143 1663 2213 spiritus
1715 2141 1807 2211 qui
1845 2139 2002 2193 habi-

427 2240 506 2286 tat
539 2233 589 2287 in
625 2233 825 2289 vobis?
858 2232 1119 2301 Maiorem
1159 2243 1340 2290 autem
1373 2233 1467 2288 dat
1489 2234 1742 2305 gratiam.
1773 2234 2003 2300 Propter

420 2323 572 2392 quod
608 2323 740 2379 dicit
771 2340 784 2378 :
813 2323 956 2379 Deus
990 2325 1244 2395 superbis
1272 2325 1499 2391 resiStit,
1558 2325 1859 2379 humilibus
1898 2338 2000 2377 au-

418 2399 538 2469 tem
569 2414 661 2470 dat
687 2418 937 2485 gratiam.
972 2436 989 2468 ι
1027 2416 1158 2472 Tale
1179 2418 1458 2488 quidpiam
1483 2417 1570 2472 hic
1587 2433 1683 2488 per
1707 2418 1810 2474 ista
1835 2417 2002 2487 signi-

431 2510 578 2570 ﬁcat,
619 2508 858 2578 elliptico
883 2517 1043 2580 atque
1077 2510 1397 2566 ahbreviato
1425 2525 1678 2565 sermone
1707 2517 1890 2573 utens,
1938 2523 2002 2564 ac

423 2599 476 2663 ,εἰ
501 2599 714 2654 diceret
741 2614 754 2651 :
790 2597 904 2668 Ego
933 2601 1152 2669 quidem
1206 2601 1445 2672 propriis
1475 2600 1660 2655 verbis
1681 2615 1776 2654 vos
1795 2598 2000 2654 hucus-

426 2704 534 2759 que
559 2692 895 2756 commouui,
921 2702 977 2746 ut
1031 2701 1177 2748 recte
1203 2702 1258 2747 et
1293 2693 1694 2762 inculpabiliter
1737 2690 1999 2761 sapientia

427 2791 608 2837 vestra
639 2784 890 2845 utamini,
919 2801 1053 2839 neve
1077 2801 1174 2856 per
1191 2785 1503 2855 superbiam
1535 2787 1651 2857 ipsa
1684 2786 1996 2852 abutentes,

427 2873 653 2927 verbum
728 2874 992 2930 doctrina:
1047 2875 1392 2931 adulteretis.
1450 2875 1506 2930 Si
1571 2891 1700 2932 vero
1753 2877 1916 2931 etiam
1965 2891 1998 2930 a

427 2977 586 3017 sacra
621 2962 907 3034 Scriptura
942 2964 994 3026 id
1029 2967 1234 3020 rescire
1259 2965 1476 3036 cupitis,
1533 2965 1718 3021 audite
1749 2983 1763 3019 :
1797 2985 1814 3018 ι
1856 2965 1998 3020 Deus

427 3053 681 3122 superbis
704 3053 910 3110 resistit
942 3056 1008 3110 ³³.
1049 3075 1069 3108 ι
1108 3055 1162 3110 Si
1195 3056 1360 3127 igitur
1395 3074 1414 3109 ι
1454 3057 1596 3111 Deus
1630 3057 1878 3128 superbis
1905 3072 1993 3112 re—

426 3144 612 3212 sistit,
640 3162 658 3195 ι
693 3161 796 3202 nos
822 3152 1001 3200 autem
1032 3145 1272 3200 inimicis
1300 3145 1555 3202 resistere
1586 3147 1848 3211 solemus,
1871 3161 1996 3218 pro-

428 3236 573 3292 fecto
607 3236 827 3307 superbi
857 3237 998 3291 inter
1040 3237 1296 3295 inimicos
1344 3238 1437 3293 Dei
1471 3239 1822 3311 computandi
1842 3247 1991 3294 sunt.

424 3325 545 3382 Non
568 3327 713 3380 enim
770 3342 906 3382 vane
937 3343 1000 3384 ac
1029 3330 1212 3392 stulte,
1231 3329 1315 3384 vel
1344 3329 1414 3384 ad
1442 3329 1703 3384 invidiam
1731 3329 1992 3400 impossi-

2180 2059 2197 2091 ι
2243 2041 2302 2093 Εἰ
2360 2040 2570 2094 δοκεῖτε
2618 2041 2699 2094 ὅτι
2735 2041 2908 2105 κενῶς
2959 2043 2994 2112 η
3052 2041 3242 2114 Γραφὴ
3289 2043 3440 2112 λέγει
3468 2059 3487 2076 ο
3539 2046 3690 2116 Πρὸς

2103 2132 2299 2200 φθόνον
2329 2132 2584 2186 ἐπιποθεῖ
2608 2132 2669 2185 τδ
2709 2133 2950 2204 πνεῦμα,
2984 2134 3013 2187 ὃ
3038 2136 3360 2206 κατῴκησεν
3402 2137 3460 2190 ὲν
3494 2138 3631 2209 ὑμῖν
3665 2157 3686 2204 ;

2103 2224 2346 2289 Μείζονα
2382 2226 2439 2280 δὲ
2475 2225 2656 2279 δίδωσι
2687 2227 2867 2298 χάριν.
2893 2227 2984 2279 Διὸ
3013 2227 3162 2296 λέγει
3191 2245 3204 2260 ’
3252 2229 3314 2281 ⁸0
3350 2229 3482 2294 Geo;
3508 2231 3690 2302 ὑπερ-

2103 2318 2332 2388 ηφάνοις
2363 2318 2771 2382 ἀντιτάσσεται,
2815 2321 3093 2384 ταπεινοῖς
3135 2319 3190 2372 δὲ
3223 2320 3408 2375 δίδωσι
3440 2323 3623 2394 χάριν.
3661 2342 3688 2376 ο

2103 2409 2354 2464 Τοιοῦτόν
2380 2427 2431 2462 τι
2462 2409 2636 2479 λέγων
2671 2410 2768 2464 καλ⁸
2798 2411 2974 2478 δηλοῦν
3017 2412 3104 2468 διὰ
3136 2412 3361 2478 τούτων,
3411 2415 3692 2468 ἑλλειπτιι-

2103 2503 2215 2564 κῶς
2248 2502 2447 2573 χρῆται
2483 2500 2560 2572 τῷ
2597 2503 2740 2574 λόγῳ
2771 2501 2889 2576 [καὶ
2921 2503 3130 2577 adiuv],
3170 2505 3260 2558 διὰ
3299 2509 3397 2577 τὴν
3429 2507 3525 2561 τοῦ
3553 2525 3688 2561 συν-

2102 2595 2448 2666 τετμημένου
2474 2594 2636 2663 λόγου
2671 2595 2892 2666 χρῆσιν,
2932 2594 3074 2664 Ἐγὼ
3111 2596 3233 2666 μὲν,
3255 2598 3503 2665 φάσκων,
3537 2599 3694 2668 ὑμᾶς

2101 2687 2213 2746 τοῖς
2246 2685 2467 2748 οἰκείοις
2519 2685 2800 2757 ἐπέστησα
2847 2686 3048 2755 λόγοις,
3103 2688 3232 2758 περὶ
3274 2688 3336 2742 τὸ
3376 2688 3535 2750 asse;
3585 2692 3692 2746 καὶ

2101 2777 2523 2843 ἀκατάγνωστον
2548 2776 2647 2847 τῆς
2675 2779 2924 2848 χρήσεως
2953 2779 3054 2850 τῆς
3075 2779 3265 2848 σοφίας
3293 2779 3469 2850 ὑμῶν,
3498 2781 3574 2842 ὡς
3609 2781 3694 2834 ἀι

2104 2869 2178 2939 μὴ
2224 2868 2283 2933 ἐξ
2333 2869 2712 2939 ὑπερηφανίας
2745 2871 3170 2942 παραχρώμενοι
3201 2871 3373 2942 ταύτῃ
3421 2872 3681 2943 νοθεὺητε

2100 2959 2194 3014 καὶ
2225 2958 2425 3011 δολοῖτε
2470 2958 2561 3011 τὸν
2594 2957 2695 3028 τῆς
2746 2959 3095 3025 διδασκαλίας
3142 2961 3322 3029 λόγον.
3373 2962 3438 3015 Εἰ
3479 2962 3538 3014 δὲ
3581 2965 3684 3015 καὶ

2098 3051 2206 3104 ἀπὸ
2230 3049 2330 3120 τῆς
2365 3050 2585 3122 Γραφῆς
2615 3049 2772 3104 τοῦτο
2805 3051 3036 3121 ζητεῖτε,
3065 3051 3332 3106 ἀκούσατε
3360 3069 3377 3084 ο
3419 3072 3438 3104 ι
3470 3053 3684 3123 Κύριος

2100 3142 2468 3215 ὑπερηφά·.οις
2511 3144 2953 3198 ἀντιτάσσεται.»
2994 3145 3055 3196 El
3082 3139 3176 3197 οὖν
3227 3147 3341 3208 τοῖς
3392 3145 3684 3216 ὑπερητάμ

2097 3253 2210 3299 νοις
2281 3235 2940 3308 ἀντιτάσσετειι.“ὲχθροῖ;
2999 3236 3063 3307 δὴ
3130 3234 3191 3307 ff.
3269 3234 3349 3308 δὲ]
3402 3237 3692 3308 εἰώθαμεν

2097 3326 2480 3382 ἀντιτάσσεθαι
2514 3345 2526 3356 ·
2591 3329 2810 3391 πάντως
2878 3345 2979 3383 που
3051 3330 3145 3382 καὶ¹
3205 3329 3546 3400 ὑπερήφανοι
3616 3331 3695 3385 ἓν.

428 3417 566 3475 ltitia
595 3418 755 3474 nobis
796 3419 1078 3490 Scriptura
1111 3422 1387 3492 proponit,
1417 3421 1512 3477 sed
1542 3421 1688 3492 quod
1739 3399 1998 3478 exhorta-

2104 3423 2212 3484 τοῖς
2265 3420 2478 3490 ἐχθροῖς
2533 3420 2994 3491 καταλογισθεῖεν.
3051 3423 3128 3476 Οὑ
3165 3422 3271 3492 γὰρ
3303 3399 3497 3486 κενῶς,
3556 3423 3679 3492 ἦτοι.

429 3509 576 3565 tione
600 3525 700 3563 sua
732 3509 951 3566 eﬂicere
979 3513 1185 3581 cupiat,
1219 3521 1280 3567 ut
1313 3513 1368 3568 in
1393 3513 1556 3569 nobis
1579 3512 1842 3568 inhabitet
1872 3529 1997 3584 gra-

428 3602 525 3654 tia.
555 3599 737 3666 Quare
772 3601 826 3657 si.
852 3603 1150 3673 Scriptum
1171 3605 1542 3675 obsequentes
1565 3604 1720 3671 estis,
1744 3602 2000 3659 humilia-

422 3691 568 3768 .niini
629 3705 813 3744 curam
875 3693 1002 3758 Deo,
1031 3702 1094 3759 et
1135 3693 1425 3750 invenietis
1465 3695 1720 3762 gratiam,
1774 3696 1866 3749 illo
1900 3711 1998 3752 vos

425 3781 726 3839 exaltantc.
773 3783 1038 3854 Superbia
1070 3794 1154 3839 est
1200 3795 1577 3844 consummata
1610 3786 1854 3855 nequitia
1883 3825 1899 3851 ,
1933 3800 1998 3841 ac

425 3871 607 3929 diﬂ‘ert
637 3889 667 3928 a
699 3890 836 3929 vana
868 3875 953 3932 sui
978 3876 1402 3940 existimatione,
1451 3875 1595 3944 quod
1641 3875 1895 3945 superbia
1927 3876 1999 3930 sit

427 3961 594 4021 animi
633 3966 798 4021 elatio
843 3981 910 4020 ex
969 3966 1061 4032 iis,
1093 3981 1215 4036 qua:
1249 3967 1386 4021 alias
1418 3968 1629 4032 insunt;
1663 3967 1755 4020 illa
1779 3981 1910 4020 vero
1933 3980 1998 4019 ex

425 4057 519 4120 iis,
577 4073 699 4127 qua:
739 4058 888 4112 nullo
926 4059 1086 4111 modo
1116 4058 1407 4114 habentur.
1444 4057 1630 4112 Ditl'crt
1683 4072 1810 4112 vero
1833 4056 1996 4112 etiam

421 4149 696 4211 modestia
721 4151 789 4204 ab
829 4150 1167 4215 humilitate,
1193 4151 1455 4220 quoniam
1484 4166 1547 4206 ea
1569 4151 1858 4220 quidem...
1886 4150 1995 4221 (40)

425 4243 559 4309 Quae
587 4248 768 4296 autem
801 4258 830 4298 e
853 4243 1120 4298 diametro
1141 4242 1409 4315 superbia:
1437 4245 1754 4314 opponitur,
1813 4243 1998 4298 mode-

426 4337 533 4405 stia
562 4351 658 4390 seu
687 4334 989 4401 humilitas,
1025 4345 1107 4390 est
1165 4349 1417 4405 magnum
1455 4335 1681 4392 bonum.
1730 4333 1996 4400 Quoniam

425 4441 558 4480 vero
598 4435 829 4497 utraque
871 4425 926 4479 in
957 4425 1115 4479 nobis
1145 4424 1454 4480 voluntarie
1489 4424 1850 4496 progignitur,
1875 4424 2001 4494 quis

425 4534 642 4588 runque
671 4535 738 4574 ex
789 4517 1044 4589 superbia
1083 4533 1142 4572 se
1176 4518 1353 4588 ipsum
1415 4517 1638 4581 exultat,
1679 4532 1709 4570 a
1772 4515 1998 4570 Domino

427 4609 825 4667 condemnatur
861 4620 915 4666 et
975 4611 1344 4665 humiliatur:
1405 4626 1530 4664 cum
1589 4625 1618 4664 e
1667 4618 1856 4664 contra
1897 4626 1998 4665 suo

2105 3511 2368 3582 ματαίως,
2397 3513 2431 3582 ἡ
2462 3511 2675 3583 Γραφὴ,
2707 3512 2739 3583 ἢ
2780 3512 2915 3582 πρὸς
2945 3513 3140 3584 φθόνον
3169 3514 3236 3568 τὰ
3259 3515 3516 3585 ἀμήχανα
3541 3519 3683 3585 ἡμῖν

2107 3602 2440 3675 διαγορεύει,
2482 3604 2597 3657 ἀλλ’
2627 3603 2964 3658 ἐπιποθοῦσα
3003 3605 3100 3674 τὴν
3131 3605 3218 3659 διά
3249 3606 3348 3675 τῆς
3385 3608 3678 3677 παρακλήο

2103 3713 2242 3762 σεως
2277 3697 2444 3768 αὐτῆς
2470 3697 2992 3768 ὲγκατοικιζομένην
3037 3701 3172 3769 ἡμῖν
3210 3700 3396 3772 χάριν.
3433 3701 3599 3752 Ὥστε
3623 3701 3675 3754 εί

2103 3788 2376 3860 πειθήνιοί
2407 3791 2529 3842 ἐστε
2564 3791 2629 3860 τῇ
2655 3789 2868 3860 Γραφῇ,
2901 3788 3274 3861 ταπεινώθητε
3313 3790 3548 3844 ἐνώπιον
3578 3791 3688 3854 τοῦ

2100 3878 2260 3947 Θεοῦ,
2295 3881 2392 3934 καὶ
2438 3879 2704 3950 εὑρήσετε
2759 3879 2857 3951 τὴν
2913 3880 3000 3934 διὰ
3061 3883 3159 3952 τῆς
3208 3883 3373 3936 αὑτοῦ
3411 3883 3674 3954 ὑψώσεως

2101 3974 2282 4045 χάριν.
2328 3973 2709 4043 ’Υπερηφανία
2740 3973 2797 4027 δέ
2828 3976 2976 4027 ἐστιν
3015 3976 3047 4044 ἡ
3078 3976 3158 4038 είς
3197 3976 3347 4040 τέλος
3381 3979 3672 4048 ἐπηρμένη

2099 4065 2289 4130 κακία,
2315 4064 2665 4136 ιδιαφερουσα
2711 4064 2809 4135 τῆς
2851 4067 3100 4133 οἰήσεως,
3133 4067 3213 4119 ὅτι
3253 4069 3286 4136 ἡ
3329 4067 3427 4137 μὲν
3461 4069 3675 4140 ὑπερηο

2101 4155 2266 4224 φανία
2299 4156 2409 4210 ἐπὶ
2442 4157 2554 4219 τοῖς
2606 4156 2979 4225 ὑπηργμένοις
3031 4157 3166 4226 αὐτῇ
3223 4157 3617 4228 κατεπαίρεται
3651 4198 3669 4223 ,

2100 4249 2136 4316 ὴ
2176 4246 2351 4316 οἴησις
2383 4246 2440 4298 δὲ
2470 4245 2561 4298 ἐπὶ
2600 4245 2708 4299 τῶν
2741 4246 2877 4316 μηδὲ
2911 4247 3044 4309 ὅλως
3073 4247 3446 4316 ὑπαρχόντων.
3473 4252 3672 4318 Διαφέ-

2101 4355 2186 4408 ρει
2206 4337 2263 4390 δὲ
2297 4336 2393 4390 καὶ
2426 4337 2631 4406 ἀτυφία
2664 4338 2760 4406 τῆς
2783 4337 3187 4402 ταπεινώσεως,
3214 4341 3297 4393 ὅτι
3335 4343 3367 4410 ἡ
3404 4341 3506 4411 μὲν
3534 4341 3674 4395 κατά

2099 4430 2392 4500 διάμετρον
2421 4432 2456 4501 ἡ
2483 4430 2706 4498 ἀτυφία,
2740 4431 2856 4501 ἦτοι
2889 4431 3247 4496 ταπείνωσις,
3271 4431 3670 4504 [ἀντικειμένη]

2100 4522 2166 4590 τῇ
2197 4519 2565 4591 ὑπερηφανία,
2597 4520 2714 4574 ἐστι
2759 4522 2904 4590 μέγα
2944 4521 3149 4589 ἀγαθόν
3177 4537 3190 4553 ·
3227 4525 3318 4578 καὶ
3349 4523 3538 4594 ἐπειδὴ
3566 4525 3671 4594 ἀμο

2104 4609 2308 4678 φότερα
2359 4609 2757 4680 προαιρετικῶς
2787 4612 2916 4680 ἡμῖν
2945 4613 3242 4679 ἐγγίνεται,
3291 4615 3398 4674 πᾶς
3453 4613 3483 4664 ὁ
3532 4611 3668 4666 κατὰ

428 4709 672 4770 tempore
705 4703 1028 4759 exaltandus
1056 4702 1124 4756 sit
1155 4701 1264 4765 ille,
1307 4699 1403 4770 qui
1429 4716 1487 4756 sc
1516 4700 1694 4770 ipsum
1752 4715 1848 4769 per
1883 4716 1998 4754 mo-

2105 4699 2424 4764 ἀλαζονείαν
2456 4701 2605 4772 ὑψῶν
2627 4701 2840 4765 ἑαυτὸν,
2866 4702 3001 4771 πρὸς
3041 4701 3122 4772 τῷ
3165 4702 3270 4756 ὑπὸ
3315 4702 3414 4754 τοῦ
3461 4702 3664 4771 Καρίου

427 4790 655 4844 destiam
693 4792 1078 4858 humiliaverit,
1128 4801 1312 4862 utpote
1344 4791 1489 4863 quod
1553 4791 1642 4846 illa
1687 4790 1989 4846 certamina

427 4895 547 4946 quae
579 4879 990 4950 propteripsatn
1019 4881 1304 4948 subiverit,
1331 4881 1508 4951 ipsum
1540 4881 1607 4935 ad
1654 4881 1998 4951 spiritualcm

428 4968 846 5036 sublimitatem,
897 4973 1167 5042 prehensa
1224 4971 1390 5026 veluti
1454 4987 1644 5034 manu,
1703 4971 2000 5026 deducent.

427 5047 624 5117 Aliter.
657 5061 868 5132 Cyrilli.
912 5080 930 5114 ι
987 5063 1042 5116 Si
1075 5062 1278 5117 invidia
1332 5064 1531 5118 diaboli
1569 5063 1812 5117 introivit
1853 5079 1999 5117 mors

430 5153 484 5208 in
514 5153 701 5208 orbem
730 5162 998 5209 terrarum
1037 5154 1102 5221 ³⁸,
1142 5175 1159 5210 ι
1192 5164 1244 5210 et
1279 5156 1324 5210 si
1383 5157 1438 5210 in
1493 5155 1756 5209 interiore
1805 5163 1993 5207 nostro

429 5244 650 5300 homine
678 5245 943 5301 habitavit
973 5247 1226 5302 Christus
1260 5246 1561 5302 secundum
1624 5244 1940 5316 Scripturas
1975 5283 1990 5309 ,

428 5337 636 5394 idcirco
693 5335 956 5394 habitavit
991 5340 1043 5393 in
1087 5339 1269 5405 nobis,
1303 5347 1361 5392 ut
1399 5339 1754 5394 invectamab
1789 5338 1992 5394 invidia

433 5521 438 5528 '
501 5515 547 5548 ³³
574 5515 734 5572 Prov.
773 5533 850 5580 ut,
879 5514 968 5570 54.
1044 5514 1085 5547 ³³
1129 5514 1257 5586 Sap.
1312 5531 1370 5580 ιι,
1403 5515 1491 5571 24.

2103 4791 2532 4862 κατακεκρίσθαι
2575 4790 2656 4844 ἔτι
2694 4791 2788 4845 καὶ
2812 4793 3158 4846 ταπεινοῦται
3186 4793 3277 4846 ὑπ’
3311 4793 3476 4847 αὑτοῦ
3505 4787 3666 4863 64w-

2103 4881 2267 4952 μένου
2322 4883 2379 4933 ὲν
2427 4880 2606 4951 καιρῷ
2633 4881 2726 4933 τοῦ
2755 4882 2898 4936 κατά
2947 4882 3182 4950 ἀτυφίαν
3234 4883 3667 4946 ταπεινώσαντος

2100 4972 2310 5037 ἑαυτὸν,
2363 4972 2466 5028 ars,
2510 4972 2618 5025 τῶν
2651 4971 2736 5024 ἐπ’
2765 4972 2902 5043 αὐτῇ
2942 4973 3120 5026 ἀολων
3168 4973 3666 5045 ξεναγωγησάντων

2098 5065 2188 5118 τδν
2233 5064 2574 5134 κεχρημένον
2613 5065 2748 5132 πρὸς
2805 5065 2936 5134 ὕψος
2987 5067 3381 5136 πνευματικόν.
3438 5067 3660 5131 "sum.

2100 5157 2427 5223 Κυρίλνίου.
2473 5156 2537 5208 El
2566 5155 2743 5226 φθόνῳ
2771 5157 3014 5210 διαὸόλου
3050 5156 3279 5220 θάνατος
3309 5157 3556 5227 εἰσῆλθεν
3585 5157 3664 5220 εἰς

2099 5247 2192 5300 τὸν
2232 5246 2455 5315 κόσμον,
2492 5251 2586 5302 καὶ
2627 5250 2675 5301 εί
2727 5247 3043 5320 κατῴκησεν
3088 5251 3169 5312 εἰς
3221 5248 3312 5301 τὸν
3355 5249 3465 5302 ἔσω
3512 5247 3664 5317 ἡμῶν

2100 5336 2384 5394 ἀνθοωπον
2413 5337 2442 5387 ό
2487 5339 2744 5413 Χριστὸς,
2781 5342 2919 5394 κατὰ
2961 5340 3060 5400 τὰς
3105 5340 3142 5393 Γ
3149 5340 3349 5411 papas,
3392 5339 3483 5396 διὰ
3509 5338 3664 5394 τοῦτο

1679 5653 1981 5716 Bonifztcii
2018 5651 2252 5714 Finetti
2297 5640 2483 5715 nota).

500 5780 610 5848 (ιο)
646 5779 739 5834 llic
773 5781 1027 5836 nonnulla
1063 5782 1273 5841 dces-sc,
1308 5781 1653 5852 perspiruum
1689 5790 1792 5838 cst.
