4010 6550
271 398 398 462 1181

1065 402 1467 462 EXPOSITIO
1503 405 1582 464 ΙΝ
1607 404 1840 469 EPIST.
1878 412 1935 472 S.
1969 413 2254 474 JABOBI.
2283 439 2352 449 -
2385 414 2543 475 CAP.
2593 416 2657 477 V.

3390 411 3526 476 1182

264 510 480 581 αὔριον.
518 511 653 564 Ποία
697 511 805 582 γάρ
835 513 867 582 ὴ
897 511 1010 582 ζωὴ
1041 512 1192 581 ὑμῶν
1222 531 1236 576 ;
1276 534 1293 565 ο
1343 515 1439 568 καὶ
1483 516 1628 584 ἑξῆς.
1664 519 1763 568 Διά
1789 519 1842 571 δὲ

1973 523 2037 578 iis
2067 525 2283 589 vestris,
2316 543 2335 578 ι
2369 539 2464 579 vos
2500 543 2519 576 ι
2570 524 2662 594 qui
2713 523 2974 594 ignoratis
3007 521 3137 593 quid
3187 522 3294 578 erit
3320 523 3374 576 in
3403 538 3530 575 cra-

263 604 384 667 τοῦ,
423 622 440 654 ι
481 604 616 655 Ποία
650 605 683 672 ἡ
719 603 833 674 ζωὴ
858 603 1070 672 ὑμῶν,›
1103 606 1534 675 προοδοποιῆσας
1560 607 1646 660 διὰ
1674 609 1849 677 τούτῳ

267 696 333 768 [Γ.
363 695 585 767 τούτου]
613 695 688 765 τῷ
735 697 948 750 εὐτελεῖ
990 698 1418 767 παραδείγματι,
1449 698 1622 762 οὕτως
1652 700 1849 768 ἐπάγει

266 787 361 838 καὶ
385 787 448 838 τὸ
481 786 808 857 ὑπόδειγμα,
839 787 1204 858 καιριώτατον
1232 788 1392 842 τούτο
1426 790 1595 842 ποιᾶν
1627 805 1641 819 ⁸
1678 809 1692 840 ι
1732 791 1847 842 Νῦν

266 876 322 929 δὲ
355 876 633 944 καυχᾶσθε
695 879 753 930 ὲν
788 880 907 942 ταῖς
941 877 1285 942 ἀλαζονείαις
1325 881 1500 950 ὑμῶν.
1537 900 1556 933 ι
1610 879 1850 942 Ἀλαζὼν

268 972 366 1024 καὶ
434 972 721 1035 ἀλαζονεία
797 973 872 1044 μὴ
953 974 1280 1042 ὑφεστώτων
1333 977 1448 1028 ἐστὶ
1511 978 1852 1047 πραγμάτων

271 1065 506 1135 σπουδή.
542 1065 635 1117 Διὸ
665 1065 759 1118 καὶ
801 1065 1020 1131 ἀλαζὼν
1055 1066 1275 1133 λέγεται
1307 1069 1334 1120 ὁ
1369 1069 1506 1137 μετά
1548 1068 1703 1137 ἄλης,
1733 1071 1852 1138 ἦτοι

267 1157 505 1226 πλάνης,
569 1156 701 1221 ζῶν.
763 1177 781 1210 ι
821 1159 972 1212 Πᾶσα
1025 1159 1293 1230 καύχησις
1345 1159 1591 1231 τοιαύτη,
1639 1161 1855 1231 πονηρά

266 1265 437 1301 εστιν.
476 1268 493 1300 ι

343 1458 364 1492 ι
425 1440 600 1494 Εέδότι
653 1441 746 1494 οὖν
797 1442 959 1496 καλὸν
997 1444 1210 1510 ποιεῖν,
1269 1443 1366 1497 καὶ
1426 1445 1528 1515 -μὴ
1587 1445 1852 1516 ποιοῦντι,

273 1531 524 1601 ἁμαρτία
550 1530 699 1601 αύτῷ
723 1532 889 1586 ἐστιν.
933 1551 953 1584 ι
995 1532 1472 1603 Ἐπαναλαμὸάνει
1521 1534 1619 1606 τὴν
1663 1535 1851 1590 διάκε-

268 1639 362 1674 νον
401 1621 692 1692 καύχησιν,
717 1623 837 1693 ῆτις
857 1621 916 1687 ἐξ
935 1623 1316 1693 ὑπερηφανίας
1339 1624 1489 1693 φιλεῖ
1546 1625 1852 1690 τίκτεσθαι,

269 1711 368 1765 καὶ
425 1712 589 1764 οἱονεὶ
662 1714 1048 1784 συμπεραίνων
1094 1715 1185 1767 τὸν
1233 1714 1412 1783 λόγον,
1465 1717 1732 1787 ἐπιφέρει.
1774 1720 1853 1772 ὅτι

280 1822 301 1856 ι
335 1803 551 1875 πονηρά
582 1804 756 1859 ἐστιν.
777 1823 796 1856 ι
837 1805 898 1857 Et
926 1805 982 1858 δὲ
1013 1806 1244 1875 πονηρὰ,
1269 1809 1483 1870 πάντως
1523 1811 1603 1861 ὅτι
1630 1810 1726 1863 καὶ
1749 1810 1854 1863 ἀπὸ

267 1890 366 1943 τοῦ
400 1871 646 1962 non-5906
681 1895 848 1948 ἐστιν.
882 1895 956 1948 Οὐ
984 1895 1064 1948 δεῖ
1086 1871 1300 1960 Bst-10b;
1325 1897 1403 1967 τῷ
1424 1897 1613 1969 Κυρίῳ
1641 1899 1726 1952 διὰ
1757 1899 1854 1953 τοῦ
1883 1871 1928 1929 Β

270 1984 431 2052 ἁγίου
465 1983 842 2054 βαπτίσματος
873 1986 1226 2051 ἀνατιθέντας
1258 1986 1322 2058 [θ’.
1356 1987 1607 2061 ἀνατεθ.]
1634 1989 1728 2043 τοῦ
1746 1991 1852 2042 Πο-

269 2075 441 2146 wheat“.
465 2075 718 2146 δέχεσθαι
781 2078 1103 2147 ὲπισποράς.
1173 2077 1486 2150 Ἐπιφέρων
1527 2080 1584 2138 δὲ
1631 2080 1727 2135 καὶ
1770 2080 1851 2146 τὸ,

277 2188 298 2219 ι
339 2167 516 2221 Εἰδότι
546 2163 638 2222 οὖν
682 2168 846 2223 καλὸν
874 2173 1067 2237 ποιεῖν,
1110 2171 1208 2225 καὶ
1235 2172 1310 2243 μὴ
1339 2172 1608 2239 ποιοῦντι,
1671 2175 1855 2244 ἀμαρ-

269 2259 365 2313 τία
420 2259 574 2330 αύτῷ
631 2261 804 2325 ἐστιν,
857 2281 876 2313 ι
941 2264 1066 2326 τοὺς
1129 2263 1650 2334 ψευδοδιδάσκάλους
1691 2269 1854 2323 πάλιν

273 2352 544 2418 παιδεύει,
577 2351 652 2423 μὴ
689 2352 861 2408 ταῦτα
895 2355 1170 2410 παιδεύειν
1198 2358 1426 2430 τολμᾷν,
1462 2359 1497 2412 ἃ
1547 2359 1625 2430 μὴ
1659 2361 1855 2431 πρότε-

273 2462 370 2514 ρον
400 2445 556 2498 αὐτοὶ
586 2445 976 2515 κατώρθωσαν.
1015 2467 1033 2500 ι
1069 2448 1356 2520 Μακάριος
1385 2469 1404 2502 ι
1461 2450 1589 2522 γὰρ,
1666 2453 1851 2523 φησὶν,

270 2537 372 2605 οὔχ
403 2535 459 2608 ὃς
487 2535 710 2600 διδάξει,
743 2536 856 2590 ἀλλ’
903 2555 922 2589 ι
977 2538 1037 2602 ὃς
1117 2541 1334 2610 ποιήσει
1387 2543 1482 2595 καὶ
1555 2543 1779 2609 διδάξει.
1824 2561 1842 2595 ι

275 2629 776 2700 Προηγεῖσθαιγὰρ
804 2628 884 2682 δεῖ
927 2628 998 2681 τὰ
1053 2629 1191 2700 ἔργα
1257 2633 1365 2686 τῶν
1411 2632 1607 2701 λόγων,
1663 2635 1853 2689 καθότι

274 2723 371 2770 καὶ
396 2718 849 2788 ἐπιδεικνυμένην
875 2719 1057 2772 πίστιν
1089 2721 1420 2790 ἀπαγγέλλει
1449 2724 1680 2789 δίκαιος.
1725 2746 1744 2778 ι
1796 2728 1854 2780 ὐ

273 2808 384 2878 γάρ
412 2809 577 2874 λύων,
610 2811 772 2882 φησιν
801 2813 828 2864 ὁ
854 2810 1075 2881 Κύριος,
1108 2813 1233 2882 μίαν
1271 2814 1376 2866 τῶν
1397 2817 1625 2870 ἐντολῶν
1653 2819 1854 2874 τούτων

274 2901 387 2954 τῶν
402 2899 716 2971 ἐλαχίστων,
735 2903 829 2955 καὶ
859 2903 1124 2956 διδάσκων
1151 2903 1208 2957 οὔ
1218 2923 1293 2958 τω
1317 2908 1442 2970 τοὺς
1464 2907 1561 2960 ἀνθ
1572 2907 1803 2979 ρώπους,
1831 2929 1849 2964 ι

271 2993 417 3047 τοῦτ’
453 2993 596 3048 ἔστιν
625 2993 708 3062 ἐφ’
729 2991 810 3058 οἷς
842 2996 1002 3058 αὐτὸς
1032 2995 1177 3068 [οὐκ]
1203 3021 1206 3024 ’
1251 2999 1565 3066 ἐκοπίασεν,
1621 3021 1638 3054 ι
1673 3002 1856 3071 ἐλάχι-

276 3100 404 3145 στος
433 3082 766 3152 κληθήσεται
790 3097 802 3112 ·
849 3103 867 3135 ι
911 3083 1084 3153 μέγας
1115 3085 1172 3138 δὲ
1197 3125 1213 3147 ,
1244 3086 1300 3148 ὃς
1359 3089 1497 3157 μετὰ
1534 3089 1597 3142 τὸ
1649 3090 1854 3160 πρᾶξαι

274 3173 540 3227 διδάσκει.
581 3174 734 3227 Ἐπεὶ
760 3173 856 3227 καὶ
897 3175 1059 3240 αὐτὸς
1087 3177 1117 3228 ὁ
1163 3175 1549 3247 Θεάνθρωπος,
1608 3173 1682 3234 ὧν
1752 3181 1855 3251 ηρ-

279 3267 412 3331 ξατο
484 3269 678 3328 ποιεῖν,
768 3267 976 3322 τούτων
1039 3268 1134 3322 καὶ
1184 3268 1534 3322 διδασκαλίαν
1601 3272 1852 3324 ἐποιεῖτο.

278 3358 506 3412 Τοιοῦτό
559 3376 649 3428 μοι
700 3360 849 3414 δοκετί
896 3363 989 3415 καὶ
1046 3361 1127 3426 τὸ,
1187 3379 1206 3414 ι
1259 3362 1317 3416 ’0
1374 3361 1748 3434 καυχώμενος,
1801 3367 1858 3416 ὲν

277 3449 471 3519 Κυρίῳ
499 3449 818 3518 καυχάσθω,
860 3470 880 3502 ι
916 3452 1038 3505 ἀντὶ
1105 3452 1222 3516 τοῦ,
1283 3453 1423 3508 κατὰ
1482 3453 1573 3508 τὸν
1635 3453 1857 3524 Κύριον,

277 3542 472 3612 ἐκείνῳ
501 3541 784 3612 χρώμενος
810 3542 1115 3614 διδασκάλῳ
1147 3545 1238 3596 καὶ
1275 3545 1656 3614 ὑποδείγματι.
1709 3545 1861 3598 Ἐπεὶ

276 3636 376 3688 καὶ
402 3635 530 3687 ὅταν
563 3634 774 3704 φησὶνὸ
812 3635 999 3700 Δαὸὶδ,
1055 3655 1074 3687 t
1117 3636 1206 3688 'Ev
1262 3636 1340 3704 τῷ
1403 3637 1593 3708 Κυρίῳ
1639 3638 1860 3690 ἐπαινε-

280 3723 574 3794 θήσεταιή
620 3723 766 3794 ψυχή
817 3741 941 3794 μου,
985 3743 1004 3776 ι
1056 3725 1158 3778 ούκ
1236 3723 1364 3778 ἄλλο
1439 3730 1623 3796 φησιν,
1686 3727 1718 3796 ἢ
1779 3727 1860 3780 ὅτι

279 3815 444 3868 Κατὰ
470 3815 568 3878 τὰς
606 3815 831 3878 ἐντολὰς
857 3815 953 3868 τοῦ
1006 3815 1198 3888 Κυρίῳ
1225 3817 1595 3889 πορευόμενος
1644 3819 1864 3872 ἐπαινε-

281 3904 464 3958 θείην.

887 4018 1136 4073 ΚΕΦΑΛ.
1165 4017 1240 4072 E'.

362 4129 382 4162 ι
425 4111 560 4178 Ἀγε
609 4109 724 4176 νῦν,
782 4109 831 4162 οἱ
895 4110 1162 4174 πλούσιοι,
1198 4109 1470 4163 κλαύσατε
1522 4108 1863 4174 ὀλολύζοντες

283 4200 534 4269 calﬁeri;
555 4201 951 4271 ταλαιπωρίαις
999 4203 1153 4271 ὑμῶν
1207 4205 1328 4266 ταῖς
1380 4201 1795 4271 ἐπερχομέναις.
1837 4221 1856 4252 ι

285 4297 364 4349 Ἱὺ
396 4295 656 4364 φειδωλὸν
690 4296 783 4350 καὶ
840 4296 1098 4367 γλίσχρον
1165 4295 1274 4350 τῶν
1329 4296 1598 4350 πλουσίων
1667 4295 1864 4366 θρῆνον

239 4406 242 4408 ⁷
286 4387 472 4441 αὐτῶν
509 4391 765 4451 ποιεῖται,
802 4386 1076 4452 ὀλολύζειν
1115 4389 1310 4450 αὐτοὺς
1338 4387 1862 4456 παρακελευόμενος,

280 4476 433 4530 τοῦτ’
464 4477 580 4530 ἐστι
632 4479 868 4548 Θρηνεῖν,
926 4479 1002 4542 ὡς
1051 4481 1131 4543 εἰς
1189 4479 1397 4550 φθοράν
1444 4478 1866 4550 ταμιευομένους

1953 618 2099 670 stino
2133 635 2144 670 :
2181 631 2302 686 qua:
2331 617 2480 671 enim
2515 623 2598 670 est
2638 617 2744 670 vita
2779 615 3002 670 vestra?
3033 633 3050 667 ι
3087 622 3194 669 etc.
3229 613 3330 668 l’cr
3375 613 3530 678 illud,

1957 724 1976 758 ι
2016 722 2136 776 quze
2164 715 2249 762 est
2273 708 2384 762 vita
2423 708 2644 763 vestra?
2677 725 2695 759 ι
2733 708 2873 760 viatn
2903 707 3002 760 sibi
3020 714 3184 774 parat
3215 706 3281 760 a'd
3321 705 3529 774 fragili-

1957 802 2084 856 tatis
2117 802 2422 872 exemplum
2449 800 2783 856 afferendum
2817 818 2829 854 :
2863 798 3057 853 deinde
3096 799 3340 867 subiicit,
3381 799 3526 864 qttutl

1952 892 2061 962 jam
2126 895 2358 948 maxime
2387 893 2547 965 345
2571 901 2937 962 opportunum
2999 899 3247 945 evaserat
3275 916 3282 922 ι
3327 910 3345 942 ι
3371 889 3528 942 Nunc

1955 997 2138 1040 autem
2174 987 2456 1040 exsultatis
2481 988 2534 1040 iu
2567 984 3454 1054 arrogantiisvestris.rArrogaus
3477 992 3530 1034 et

1955 1079 2264 1146 arrogantia
2303 1089 2382 1131 est
2419 1093 2599 1131 rerum
2631 1077 2905 1131 soliditate
2929 1077 3226 1129 carentium
3259 1076 3524 1129 studium.

1954 1172 2132 1238 Quare
2207 1185 2467 1240 arrogans
2511 1170 2695 1224 Graece
2795 1169 2997 1223 dicitur
3074 1170 3308 1230 alazon,
3369 1169 3524 1238 quasi

1957 1272 2099 1317 meta
2152 1263 2264 1316 ales
2317 1278 2442 1326 zon,
2490 1277 2582 1317 seu
2641 1277 2762 1315 cum
2796 1276 2981 1315 errore
3044 1261 3158 1315 sive
3210 1262 3528 1330 deceptione

1952 1357 2197 1410 vivctts.t
2231 1354 2427 1410 Omnis
2449 1354 2742 1408 exsultatio
2776 1353 2899 1406 talis
2934 1354 3162 1422 maligna
3196 1363 3333 1406 est»

2026 1447 2189 1502 Vens.
2232 1448 2312 1501 l7.
2350 1467 2368 1498 t
2403 1447 2605 1501 Scienti
2662 1447 2824 1515 igitur
2859 1446 3059 1500 bonum
3111 1445 3309 1506 facere,
3349 1454 3524 1499 etnon

1957 1541 2194 1605 facienti,
2233 1549 2515 1612 peccatum
2542 1552 2645 1594 est.
2690 1559 2707 1590 υ
2751 1539 2946 1594 lterum
2985 1538 3051 1593 tle
3080 1554 3218 1592 vana
3250 1539 3417 1608 gloria
3443 1539 3525 1592 lo-

1955 1636 2160 1706 quitur,
2201 1649 2323 1703 quze
2379 1649 2443 1688 ex
2490 1631 2744 1700 superbia
2783 1631 3030 1701 progigni
3088 1631 3246 1687 solet.
3290 1645 3353 1683 ac
3383 1630 3528 1683 velut

1955 1741 2261 1783 sermonem
2287 1724 2622 1780 concludens
2686 1722 2870 1786 infert,
2896 1739 3015 1776 eam
3052 1724 3246 1776 malam
3286 1737 3427 1776 esse.
3470 1723 3526 1775 Si

1957 1832 2136 1876 autem
2163 1821 2300 1874 mala
2320 1862 2334 1885 ,
2369 1818 2712 1889 perspicuum
2744 1815 2966 1870 omnino
2985 1827 3085 1878 est,
3110 1831 3226 1868 eam
3246 1831 3273 1868 a
3291 1816 3527 1884 maligno

1955 1929 2097 1969 esse.
2129 1911 2246 1966 Non
2276 1911 2434 1966 decet
2466 1925 2615 1974 vero,
2641 1924 2736 1964 cos
2764 1909 2853 1978 qui
2880 1923 2973 1976 per
3000 1907 3267 1975 baptisma
3300 1907 3528 1960 Domino

1955 2004 2261 2061 consecrati
2310 2010 2458 2067 sunt,
2507 2001 2728 2070 maligni
2787 1999 3349 2069 supersemiuationes
3384 1997 3527 2051 recl-

1954 2114 2098 2170 pcrc.
2126 2097 2372 2151 Inicrens
2388 2097 2549 2150 etiam
2579 2093 2681 2148 hoc
2712 2091 2756 2124 “
2787 2109 2801 2150 :
2839 2110 2857 2143 ι
2887 2090 3088 2144 Scienti
3119 2089 3283 2158 igitur
3303 2088 3530 2154 butum,

1954 2197 2008 2243 et
2037 2203 2143 2242 non
2170 2183 2388 2241 facienti
2428 2193 2709 2253 peccaturo
2743 2189 2833 2236 est
2875 2180 2979 2245 illi,
3023 2198 3040 2232 ι
3077 2180 3243 2234 falsos
3274 2179 3530 2232 dottores

1955 2279 2150 2334 iterum
2207 2275 2455 2340 instruit,
2500 2287 2567 2328 ne
2595 2287 2658 2327 ea
2707 2270 2907 2326 ducere
2952 2269 3211 2330 audeant,
3255 2283 3376 2336 quae
3425 2267 3531 2338 ipsi

1964 2369 2115 2437 prius
2166 2381 2276 2421 nou
2331 2365 2600 2420 fecerunt.
2638 2382 2656 2414 ι
2697 2361 2896 2415 Beatus
2937 2379 2954 2411 ο
2998 2360 3165 2421 enim,
3190 2359 3389 2429 inquit,
3426 2373 3530 2412 non

1956 2455 2048 2526 qui
2075 2454 2344 2518 docuerit,
2369 2453 2462 2508 sed
2483 2469 2502 2503 t
2532 2451 2624 2520 qui
2653 2449 2864 2511 fecerit.
2883 2457 2934 2504 et
2963 2448 3210 2503 docuerit
3231 2447 3329 2504 “.o
3352 2446 3530 2515 Opor-

1955 2555 2027 2601 tet
2056 2546 2228 2610 euim,
2257 2552 2313 2598 ttt
2368 2543 2510 2598 facta
2563 2541 2873 2612 praecedant
2909 2539 3112 2603 verba;
3164 2553 3268 2608 qua
3321 2538 3536 2592 ratione

1954 2639 2119 2692 etiam
2153 2636 2340 2706 justus
2395 2635 2617 2697 insitam
2676 2632 2834 2687 [idem
2875 2629 3131 2685 ostendit.
3166 2647 3185 2680 ι
3244 2628 3345 2694 Qui
3383 2628 3530 2682 euint

1957 2730 2205 2792 solverit,
2239 2725 2417 2796 inquit
2455 2725 2739 2788 Dominus,
2774 2739 2940 2778 unum
2981 2721 3049 2776 de
3089 2720 3360 2774 mandatis
3410 2718 3532 2774 istis

1958 2823 2221 2884 minimis,
2249 2830 2300 2875 et
2329 2819 2574 2875 docuerit
2609 2819 2688 2872 sic
2724 2817 3023 2876 homines,»
3058 2815 3160 2869 hoc
3185 2824 3290 2876 est,
3325 2813 3526 2866 docue-

1957 2915 2028 2970 rit
2059 2929 2120 2969 ea
2147 2915 2200 2968 itt
2222 2913 2422 2983 quibus
2455 2911 2571 2981 ipse
2605 2925 2710 2965 non
2742 2910 3059 2973 laboravit,t
3091 2908 3347 2960 minimus
3371 2919 3534 2958 voca-

1957 3007 2145 3060 bitur:
2186 3023 2204 3056 ι
2245 3020 2478 3074 magnus
2510 3018 2640 3057 vero
2672 3001 2788 3071 qui,
2829 3009 3113 3069 postquam
3171 2997 3376 3057 fecerit,
3429 2995 3530 3049 do-

1957 3098 2154 3153 cucrit.
2190 3093 2647 3165 Quandoquidem
2690 3101 2744 3145 et
2787 3092 2904 3161 ipse
2935 3090 3073 3143 Deus
3104 3091 3278 3142 Homo
3315 3107 3332 3137 σ
3367 3088 3582 3156 empit.

1957 3191 2193 3260 primum
2229 3188 2430 3247 facere,
2471 3206 2490 3238 ι
2525 3195 2578 3240 et
2603 3196 2786 3253 postea
2819 3203 2836 3233 ι
2900 3182 3100 3235 (locere.
3147 3181 3211 3233 ".
3265 3198 3284 3230 ›
3321 3179 3418 3231 Cui
3459 3180 3536 3231 si-

1951 3281 2086 3338 ‘mile
2117 3281 2248 3335 mihi
2285 3280 2500 3334 videtur
2533 3287 2586 3331 ct
2615 3276 2744 3330 illud
2781 3293 2792 3328 :
2823 3297 2840 3326 ι
2871 3273 2974 3339 Qui
3027 3272 3308 3340 gloriatur,
3337 3272 3388 3324 in
3428 3271 3533 3325 Do-

1960 3374 2109 3428 mino
2141 3373 2404 3442 glorietur
2442 3369 2512 3430 “,
2554 3386 2573 3420 ι
2627 3366 2730 3421 hoc
2769 3372 2852 3418 est
2881 3362 3179 3418 secundum
3213 3362 3531 3424 Dominum;

1961 3478 2054 3518 seu
2082 3463 2174 3516 illo
2227 3471 2390 3516 utens
2419 3459 2642 3514 doctore
2696 3464 2752 3511 et
2794 3453 3112 3524 exemplari.
3150 3450 3282 3505 Nam
3325 3461 3378 3506 et
3404 3465 3530 3505 cum

1963 3553 2130 3608 David
2155 3553 2268 3607 ait:
2301 3571 2319 3602 ι
2352 3550 2408 3605 In
2443 3549 2674 3603 Domino
2705 3547 3018 3601 laudabitur
3039 3543 3220 3599 anima
3250 3556 3371 3596 mea
3417 3540 3525 3605 “,i

1962 3663 2072 3702 non
2100 3644 2245 3700 aliud
2296 3645 2476 3699 dicere
2516 3641 2772 3706 intendit,
2824 3641 2926 3694 nisi
2981 3638 3083 3692 hoc
3118 3653 3132 3690 :
3166 3633 3383 3690 Utinam
3433 3648 3536 3704 ego

1958 3737 2113 3804 juxta
2141 3743 2410 3807 praecepta
2459 3732 2673 3786 Domini
2716 3729 3002 3785 ambulans
3041 3727 3247 3781 laudari
3285 3726 3530 3780 merear!

2596 4013 2824 4072 CAPUT
2855 4013 2916 4068 V.

2034 4113 2200 4168 Vens.
2240 4112 2288 4166 Ι.
2325 4130 2345 4163 ι
2369 4111 2527 4182 Agite
2561 4125 2731 4175 nunc,
2773 4109 2989 4170 divites,
3025 4105 3231 4178 plorate.
3261 4101 3538 4158 ululantes

1966 4205 2021 4260 in
2043 4204 2291 4259 miseriis
2319 4206 2543 4266 vestris,
2602 4217 2724 4271 qua:
2782 4201 3070 4254 advenient
3119 4197 3297 4251 vobis.
3334 4213 3352 4247 ι
3383 4194 3542 4247 Βῑνί-

1968 4305 2078 4350 tum
2115 4295 2346 4364 parcitas
2371 4301 2424 4348 et
2458 4295 2724 4347 tenacitas
2745 4292 2890 4360 ipsos
2911 4291 2964 4343 in
2994 4289 3409 4342 lamentationes
3437 4301 3539 4338 sae-

1968 4404 2033 4457 pe
2064 4399 2418 4456 prorumpere
2457 4383 2610 4438 facit.
2645 4383 2712 4436 At
2743 4382 3022 4450 apostolus
3048 4381 3224 4447 jubet,
3251 4389 3307 4432 ut
3332 4379 3541 4432 ululent

1969 4496 2064 4536 seu
2097 4478 2478 4541 lamententur,
2509 4491 2574 4531 eo
2607 4475 2748 4542 quod
2797 4473 3011 4527 divitias
3065 4488 3193 4526 suas
3254 4470 3319 4523 ad
3349 4485 3542 4523 corru-

285 4572 381 4621 τὸν
403 4569 634 4622 πλοῦτον
666 4571 847 4623 αὐτῶν
881 4572 1073 4644 καὶμὴ
1103 4574 1220 4634 τοῖς
1271 4572 1548 4640 δεομένοις
1580 4571 1862 4624 δαπανών-

1972 4573 2210 4642 ptionem
2236 4569 2556 4628 recondant,
2575 4578 2627 4621 et
2648 4581 2751 4619 non
2779 4566 2831 4618 in
2864 4564 3046 4634 egenis
3068 4561 3418 4616 sublevandis
3446 4577 3545 4616 eas

285 4678 400 4712 των
419 4662 778 4731 αύτόν.Μόνη
819 4663 990 4733 γὰρὴ
1037 4663 1176 4733 πρὸς
1221 4661 1446 4724 τούτους
1490 4662 1582 4714 τοῦ
1636 4661 1864 4714 πλούτου

283 4752 502 4822 δαπάνη
533 4753 630 4805 ούκ
663 4753 978 4806 ἀπόλλυται.
1009 4755 1109 4806 Διὰ
1142 4753 1300 4806 τοῦτο
1355 4755 1448 4806 καὶ
1479 4756 1506 4806 ὁ
1562 4754 1865 4824 Παροιμια-

289 4845 425 4914 στής
484 4862 648 4914 (pne-2
680 4858 694 4875 ‘
754 4862 776 4899 ι
838 4845 1180 4900 ’Δπόστειλον
1235 4845 1328 4898 τὸν
1389 4845 1554 4916 ἄρτον
1613 4862 1706 4897 σου
1773 4844 1865 4897 ἐπὶ

287 4937 584 5006 πρόσωπον
615 4954 830 5000 υοατος,
859 4955 876 4988 ι
918 4935 1066 4988 τοῦτ’
1097 4937 1264 5002 ἔστιν,
1322 4938 1415 4990 ἐπὶ
1479 4935 1710 5008 δοκούσῃ
1767 4935 1865 5005 μὲν

289 5028 536 5097 διαλύσει
567 5029 662 5082 καὶ
711 5029 902 5100 φθορᾷ.
940 5027 1134 5100 [Τοῦτο
1195 5029 1303 5097 γὰρ
1361 5031 1472 5091 τοῖς
1515 5027 1634 5081 καθ’
1675 5026 1867 5089 ὓδατος

291 5121 677 5187 ριπτουμένοις
708 5119 1000 5190 συμϐαῖνον
1029 5120 1220 5188 ὁρᾶται
1254 5116 1493 5189 ἄρτοις,]
1560 5119 1620 5171 ού
1682 5117 1866 5186 μέντοι

290 5209 389 5261 καὶ
419 5209 834 5278 ἀπολλυμένοις,
867 5208 1003 5262 ἀλλὰ
1035 5213 1102 5280 τῇ
1149 5208 1393 5263 διαλύσει
1421 5208 1704 5278 ἀναψυχὴν
1733 5210 1866 5278 ἡμῖν

289 5299 665 5370 προξενοῦσιν.
713 5301 989 5370 Ἀναψυχὴ
1027 5300 1104 5365 δὲ,
1151 5300 1387 5368 ὁπηνίκα
1413 5302 1444 5370 ἡ
1471 5299 1865 5370 γλῶσσαήμῶν

291 5391 793 5458 ἁποτηγανίζεσθαι
843 5392 1023 5461 μέλλει
1044 5394 1111 5461 τῇ
1147 5392 1321 5443 ὲκεῖσε
1345 5388 1523 5459 φλογί.

375 5484 445 5535 ὐ
481 5484 711 5549 πλοῦτος
767 5485 920 5554 ὑμῶν
970 5485 1174 5552 σέσηπε
1204 5499 1218 5512 ·

295 5575 616 5647 σητόϐρωτα
677 5576 922 5644 γέγονεν.
962 5575 1022 5628 '0
1073 5574 1271 5644 χρυσὸς
1321 5574 1477 5643 ὑμῶν
1528 5572 1621 5624 καὶ
1686 5573 1862 5641 ἄργυ-

296 5683 390 5736 ρος
424 5669 686 5722 κατίωται
711 5682 726 5698 ⁹
758 5669 853 5723 καὶ
883 5670 910 5721 ὁ
957 5667 1032 5732 Eb;
1061 5669 1240 5720 αὐτων
1270 5669 1347 5731 είς
1386 5663 1683 5736 μαρτύριον
1739 5665 1869 5733 ὑμῖν

377 5824 420 5854 ⁸⁵
454 5821 644 5878 \latllt.
689 5838 808 5891 xm,
847 5822 940 5878 23.
1018 5823 1060 5855 "‘
1096 5820 1292 5877 Matth.
1324 5839 1378 5888 ι’,
1421 5820 1504 5876 l9.

1255 5483 1347 5535 καὶ
1381 5482 1448 5535 τά
1481 5481 1672 5552 ίμάτια
1719 5480 1873 5549 ὑμῶν

1588 5820 1629 5851 ³⁷
1656 5820 1777 5873 Act.
1815 5833 1848 5884 ι,
1902 5817 1946 5870 l.

1965 4665 2246 4717 insumant
2281 4677 2294 4713 :
2331 4675 2408 4714 ea:
2445 4659 2588 4712 enim
2625 4657 2774 4721 solm,
2811 4670 2929 4725 qum
2960 4655 3012 4706 in
3073 4655 3209 4708 istos
3254 4654 3544 4706 insumun-

1970 4764 2079 4818 tur,
2113 4769 2220 4808 non
2261 4757 2511 4821 pereunt.
2570 4748 2750 4815 Quare
2808 4756 2863 4802 ct
2923 4746 3281 4802 Ecclesiastes
3335 4745 3380 4776 ὐ
3414 4744 3540 4797 ait:

1976 4864 1993 4896 ι
2030 4845 2180 4898 Mitte
2219 4857 2410 4911 panem
2452 4849 2604 4894 tuum
2658 4854 2822 4908 super
2871 4844 3216 4891 transeuntes
3269 4849 3483 4902 aquas:
3515 4851 3542 4884 δ

1972 4934 2073 4987 ltoe
2099 4940 2183 4986 est
2246 4930 2312 4983 ad
2345 4939 2692 5000 apparentem
2720 4927 3132 4982 dissolutionem
3157 4933 3210 4978 et
3234 4924 3546 4991 corrunptio-

1973 5037 2115 5076 nem.
2151 5018 2261 5074 Hoc
2297 5022 2442 5074 enim
2475 5019 2791 5088 contingere
2825 5018 3036 5070 videtur
3083 5015 3206 5084 pani
3259 5017 3309 5066 in
3345 5028 3544 5080 aquam

1970 5111 2215 5183 proiecto
2257 5127 2270 5163 τ
2307 5111 2396 5177 qui
2430 5118 2610 5163 tamen
2646 5125 2752 5163 non
2789 5107 3142 5175 depcrtlitur,
3173 5106 3418 5172 quinimo
3441 5118 3543 5156 sua

1967 5202 2332 5258 dissolutione
2359 5200 2536 5269 majus
2559 5199 2715 5253 nobis
2737 5198 3075 5267 refrigerium
3112 5203 3327 5265 praestat
3351 5211 3364 5246 :
3395 5194 3542 5263 quod

1969 5294 2312 5361 refrigerium
2351 5299 2482 5344 tunc
2542 5288 2866 5345 sentiemus.
2932 5301 3056 5340 cutn
3107 5300 3288 5348 secus,
3353 5285 3543 5355 lingua

1967 5392 2152 5440 nostra
2181 5383 2396 5435 ﬂamma
2435 5381 2522 5434 illa
2552 5380 2849 5434 eruciamla
2879 5379 3038 5434 foret.

2050 5476 2215 5531 Vens.
2244 5476 2362 5543 2,3.
2398 5492 2416 5526 ι
2465 5472 2675 5527 Divitiae
2705 5480 2898 5526 vestra-
2924 5469 3240 5542 putrefacta:
3270 5476 3401 5522 sunt
3426 5484 3440 5521 :
3487 5476 3544 5520 ct

1977 5568 2297 5623 vestimenta
2337 5573 2516 5620 vestra
2579 5579 2608 5616 a
2673 5562 2833 5616 tineis
2866 5571 3104 5617 comesta
3154 5567 3300 5615 sunt.
3336 5557 3545 5612 Aurum

1973 5673 2026 5715 ct
2062 5668 2346 5730 argentum
2395 5664 2634 5712 vestrum
2663 5654 2979 5724 mrttgittatit
3004 5694 3018 5719 ,
3051 5663 3103 5708 ct
3146 5666 3327 5723 :l‘l‘ttgo
3353 5663 3546 5706 eorum

2030 5817 2070 5850 "'
2102 5815 2117 5870 Ι
2152 5815 2278 5870 Cor.
2304 5831 2340 5878 ι,
2364 5815 2452 5869 5|.
2529 5814 2571 5846 δ’
2600 5813 2745 5869 l‘sal.
2774 5828 2944 5880 anu,
2966 5815 2999 5865 τὶ
3096 5815 3139 5845 ⁸⁸³
3169 5811 3350 5866 little.
3385 5824 3455 5877 ιι.
3483 5807 3545 5863 2.
