4010 6556
294 420 426 504 lio‘t

278 728 339 787 δν
387 734 514 805 ἄρτι
558 735 632 805 μὴ
682 735 919 804 ὁρῶντες
946 778 961 801 ,
999 738 1348 802 πιστεύοντες
1381 739 1438 791 δὲ
1469 779 1484 802 ,
1519 740 1849 807 ἀγαλλιᾶσθε

1105 424 1504 505 Exposmo
1546 445 1623 505 1N
1670 447 1906 509 EPIST.
1942 452 2061 513 IS.
2096 436 2345 515 PETRI.
2379 482 2433 490 -
2475 458 2630 519 cep.
2672 442 2716 520 i.

358 569 379 601 ι
420 551 514 613 Εἰς
541 523 781 616 ἔπαινον,
821 551 913 604 καὶ
950 553 1136 622 τιμὴν,
1175 555 1492 622 καὶδόξαν,
1548 559 1607 609 ὲν
1649 559 1859 612 ἀποκα-
1893 572 1934 623 Α

289 641 452 711 λύψει
495 642 671 714 Ἰησοῦ
710 643 972 714 Χριστοῦ*
1008 645 1065 698 ὃν
1099 646 1198 699 οὐκ
1224 648 1427 709 εἰδότες
1449 650 1697 715 ἀγαπᾶτε
1725 668 1738 680 ·
1775 655 1855 714 εἰς

3398 454 3532 532 1193

2043 564 2201 620 Vens.
2235 565 2349 621 7-9.
2396 587 2414 618 ι
2455 568 2513 623 Ιιι
2566 571 2779 625 laudent
2815 579 2870 625 et
2904 572 3131 643 gloriam
3178 583 3226 630 el
3271 576 3532 635 honorent

1962 653 2014 706 in
2068 656 2399 712 revelatione
2455 659 2581 714 Jesu
2629 660 2854 716 Christi.
2909 663 3085 730 Quem
3140 682 3265 721 cum
3320 673 3530 726 nescia.

1957 745 2047 808 tis,
2077 745 2302 815 diligitis
2340 767 2353 802 :
2395 750 2447 803 in
2473 766 2632 819 quem
2692 770 2839 808 nunc
2875 772 3091 826 quoque
3142 775 3252 814 non
3285 763 3532 818 videntes

279 822 426 894 χαρᾷ
455 824 805 895 ἀνεκλαλήτῳ
832 829 926 878 καὶ
965 826 1328 897 δεδοξασμένῃ
1351 843 1364 855 ⁸
1408 829 1760 897 κομιζόμενοι
1793 826 1838 883 τῗ

1953 838 2199 901 creditis,
2237 842 2526 898 credentes
2562 854 2743 899 autem
2783 852 3132 907 exsultabitis
3186 853 3371 908 laetitia
3411 857 3526 912 inca-

278 914 436 978 τέλος
479 915 577 985 τῆς
608 917 844 980 πίστεως
880 917 1053 985 ὑμῶν,
1097 922 1372 989 σωτηρίαν
1420 920 1626 989 ψυχῶν.
1665 941 1682 971 ι
1739 922 1849 991 Τὴν

278 1007 462 1060 αἰτίαν
510 1008 618 1059 τῶν
676 1009 1134 1062 κακοπαθούντων
1188 1010 1424 1063 ἐνταῦθα
1480 1011 1703 1066 δικαίων
1761 1014 1847 1067 διὰ

224 1136 244 1147 -
278 1094 485 1150 τούτων
510 1098 696 1169 δηλοῖ·
729 1099 846 1169 ἅμα
880 1101 979 1171 μὲν
1002 1102 1495 1173 παραμυθούμενος
1524 1105 1742 1169 αὐτοὺς,
1771 1106 1847 1169 ὡς

276 1190 757 1264 περιφανεστέρων
785 1196 965 1247 αὐτῶν
1001 1197 1104 1249 ὑπὸ
1134 1197 1243 1250 τῶν
1264 1193 1497 1268 θλίψεων
1523 1200 1843 1270 γινομένων,

276 1286 394 1356 ἃμα
424 1286 480 1338 δὲ
510 1286 602 1339 καὶ
624 1286 1073 1358 σπουδαιοτέρους
1102 1292 1271 1343 ποιῶν
1293 1290 1381 1343 διὰ
1406 1290 1496 1343 τοῦ
1526 1292 1843 1360 τ.ροσθεῖνὰι

273 1376 356 1443 τὸ,
388 1397 407 1429 ι
447 1376 536 1430 Ἑν
561 1378 897 1448 ἀποκαλύψει
940 1381 1110 1449 Ἰησοῦ
1139 1380 1374 1451 Χριστοῦ
1398 1398 1413 1411 ·
1434 1400 1453 1434 ι
1489 1381 1560 1444 ὼς
1602 1382 1693 1435 τοῦ
1724 1385 1841 1436 τότε

272 1467 467 1536 καιροῦ
497 1473 560 1538 τῇ
602 1471 859 1538 ἐπιδείξει
882 1471 987 1523 τῶν
1009 1473 1207 1533 πόνων,
1232 1473 1433 1543 πολλὴν
1455 1476 1554 1544 τὴν
1590 1475 1840 1529 εὔκλειαν

269 1559 381 1611 τῶν
411 1558 851 1629 διηγωνισμένων
881 1563 1270 1631 παρεξομένου.
1307 1563 1632 1634 [Ιροστίθησι
1659 1567 1713 1616 δὲ
1747 1570 1839 1618 καὶ

268 1648 401 1701 ἄλλο
442 1667 495 1701 τι
551 1651 937 1717 ὲφελκυστικὸν
975 1653 1109 1721 πρὸς
1147 1655 1245 1723 τὴν
1274 1654 1551 1724 ὑπομονὴν
1589 1658 1695 1707 τῶν
1729 1656 1840 1708 θλί-

266 1740 437 1808 ψεων.
500 1741 564 1793 Τί
601 1741 795 1809 τοῦτο;
830 1742 939 1804 Τὸ,
989 1760 1007 1792 ι
1038 1745 1137 1795 ’⁸ον
1182 1746 1281 1797 οὐκ
1329 1747 1528 1808 εἰδότες
1583 1749 1835 1815 ἀγαπᾶτε

269 1828 416 1903 ἄρτι.
454 1853 474 1886 ι
516 1835 577 1888 Ei
608 1834 716 1903 γὰρ
749 1853 766 1885 ι
796 1836 895 1888 οὐκ
925 1834 1123 1897 εἰδότες
1153 1856 1171 1887 ι
1207 1838 1367 1890 αὑτὸν
1398 1838 1598 1909 σαρκὸς
1630 1839 1832 1907 ὀφθαλ-

1953 928 2211 982 narrabili
2281 940 2336 984 et
2397 935 2724 1001 glo‘rilitrata,
2798 948 3143 1008 rcportantcs
3206 945 3365 999 linem
3423 946 3528 1001 lidc

1950 1027 2166 1082 νοείτω,
2219 1022 2449 1077 salutem
2506 1029 2831 1083 auimarmn.
2873 1050 2889 1081 ι
2950 1032 3208 1098 Causam,
3251 1038 3320 1090 ob
3359 1053 3523 1107 quam

1946 1106 2078 1176 justi
2115 1112 2164 1163 in
2224 1113 2324 1166 hac
2354 1116 2458 1168 vita
2515 1118 2835 1173 alllictiones
2873 1125 3176 1191 patiuntdr,
3219 1129 3365 1183 hisce
3404 1139 3526 1184 vcr-

1949 1199 2031 1253 bis
2054 1202 2313 1258 declarat.
2345 1205 2518 1259 Simul
2546 1209 2711 1263 etiam
2740 1227 2834 1265 eos
2860 1220 3176 1271 consolatur
3201 1235 3261 1274 ea
3288 1225 3521 1289 ratione,

1946 1291 2089 1354 qttod
2126 1308 2191 1344 ex
2224 1293 2513 1349 alﬂictione
2554 1300 2883 1359 illustriores
2942 1309 3092 1361 llaut.
3144 1308 3412 1367 Prmterea
3463 1322 3524 1367 ut.

1944 1377 2317 1450 diligentiores
2342 1388 2554 1453 reddat,
2580 1409 2597 1438 ι
2626 1389 2679 1442 In
2712 1396 3043 1450 revelatione
3068 1398 3194 1455 ,Ιρειι
3222 1404 3450 1473 Christi,
3494 1426 3515 1460 ι

1943 1472 2091 1526 addit
2119 1480 2411 1543 :quoniam
2436 1496 2500 1532 eo
2528 1490 2770 1551 tempore
2795 1490 3237 1546 manil‘estatione
3272 1496 3518 1551 laborum

1943 1562 2230 1617 maximam
2260 1581 2356 1635 pro
2392 1572 2640 1624 toleratis
2673 1580 3069 1634 certaminibus
3099 1584 3325 1651 gloriam
3367 1590 3521 1641 retri-

1940 1651 2085 1705 buet.
2132 1652 2327 1709 Verum
2370 1670 2421 1712 et
2459 1662 2603 1714 aliud
2640 1665 2938 1734 quidpiam,
2976 1682 3031 1722 ut
3060 1673 3279 1726 eosdem
3330 1676 3397 1728 ad
3429 1688 3513 1731 lo-

1941 1740 2223 1797 lerantiam
2281 1750 2695 1806 tribulationum
2739 1757 2962 1822 alliciat,
3020 1768 3292 1832 prolionit.
3334 1767 3517 1832 Quod-

1937 1846 2062 1885 nam
2087 1850 2213 1889 vero
2240 1837 2386 1893 istud
2409 1840 2433 1893 ?
2453 1840 2656 1911 Nempe
2684 1864 2702 1894 ι
2735 1845 2927 1914 Quem,
2960 1866 3082 1905 cum
3110 1870 3215 1908 non
3245 1859 3509 1926 videritis,

269 1927 414 1992 μοῖς,
447 1928 511 1979 ὲκ
549 1925 717 1995 μόνης
743 1928 911 1995 ἀκοῆς
953 1946 970 1979 ι
996 1931 1270 1995 ἀγαπᾶτε,
1300 1948 1317 1977 ι
1372 1930 1527 1999 φησὶ,
1563 1935 1835 1997 σκοπεῖτε,

1941 1923 2188 1996 diligitis,
2238 1942 2257 1978 ι
2284 1931 2359 1983 ’ac
2418 1933 2461 1985 si
2522 1934 2725 1991 diceret
2766 1957 2779 1993 :
2822 1940 2878 1993 Si
2909 1957 3057 2007 eum,
3112 1950 3328 2002 tametsi
3369 1966 3513 2005 nun-

264 2015 398 2084 ὅσην
425 2017 647 2088 ἀγάπην
682 2017 1272 2100 ἐπιδείξεσθαίδόντες
1302 2023 1487 2100 αὑτὸν,
1533 2025 1628 2077 καὶ
1661 2023 1832 2079 ταῦτα

265 2104 325 2157 ἒν
360 2105 487 2178 δόξῃ
529 2108 1023 2180 ἀποκαλυπτόμενα
1053 2098 1118 2183 If.
1145 2112 1309 2185 -vov].
1333 2112 1396 2166 Εἰ
1424 2098 1532 2184 γὰρ
1570 2116 1632 2167 τὸ
1665 2116 1833 2178 πάθος

264 2192 430 2247 αὐτοῦ
468 2194 637 2259 οὕτως
668 2197 810 2265 ὑμᾶς
836 2199 1206 2266 ἐπεσπάσατο,
1234 2201 1288 2253 τί
1322 2201 1429 2271 ἄρα
1456 2203 1664 2274 διαθείη
1688 2200 1833 2273 ὑμᾶς

262 2279 297 2350 ἢ
334 2281 475 2348 μετὰ
514 2283 929 2353 ἀνυπερϐλήτου
982 2284 1366 2358 λαμπρότητος
1418 2289 1690 2359 ἐμφάνεια
1734 2292 1833 2344 αὖ-

261 2371 381 2435 τοῦ,
415 2373 503 2426 ὅτε
531 2373 625 2426 καὶ
663 2376 791 2443 ὑμῖν
831 2375 1053 2447 παρέξει
1082 2378 1142 2430 τὸ
1172 2379 1338 2449 γέρας
1359 2419 1374 2444 ,
1424 2381 1696 2453 σωτηρίαν
1725 2384 1831 2454 ψυ-

262 2462 415 2531 χῶν;
475 2463 563 2526 Ὠς
612 2460 705 2517 οῦν
737 2466 911 2535 τούτῳ
945 2467 1337 2536 ἐμφανίζεσθαι
1385 2471 1687 2540 μέλλοντες,
1736 2476 1830 2528 καὶ

258 2552 422 2625 δόξης
475 2557 743 2628 τοσαύτης
784 2557 1123 2629 ἀξιωθῆναι,
1176 2560 1466 2632 ίσόρῤοπον
1506 2563 1696 2618 τούτου
1734 2567 1828 2619 νῦν

262 2645 659 2716 ἐπιδειξάμενοι
705 2651 1019 2721 καρτερίαν,
1059 2651 1119 2705 τὸ
1148 2653 1257 2706 πᾶν
1286 2653 1435 2719 ἕξετε
1491 2655 1583 2709 τοῦ
1635 2662 1830 2729 προτε-

257 2732 447 2800 θέντος
487 2738 712 2795 σκοποῦ.

335 3022 355 3055 ι
389 2996 526 3079 Περὶ
558 3002 625 3082 ἦς
656 3012 927 3083 σωτηρίας
958 2997 1292 3089 ἐξεζήτησαν
1324 3020 1417 3075 καὶ
1451 3020 1827 3095 ἐξηρεύνησαν

257 3098 556 3167 προφῆται,
592 3101 640 3153 οἱ
670 3104 921 3175 περὶτῆς
960 3109 1038 3170 είς
1070 3108 1213 3177 ὑμᾶς
1240 3110 1464 3183 χάριτος
1507 3117 1789 3184 προφητεύ
1810 3145 1821 3153 -

258 3196 474 3248 σαντες.
510 3204 529 3237 ι
566 3188 783 3261 Ἐπειδὴ
814 3194 961 3263 ,περὶ
1008 3195 1183 3265 ψυχῆς
1236 3201 1508 3271 σωτηρίας
1551 3202 1819 3275 ἐμνήσθη,

1941 2030 2103 2084 quam
2170 2024 2347 2077 oculis
2396 2030 2678 2096 corporeis
2710 2031 2959 2089 videritis
2992 2036 3176 2109 354.
3245 2055 3275 2095 e
3306 2041 3425 2097 solo
3454 2051 3507 2097 ta

1941 2120 2064 2161 men
2093 2110 2284 2171 auditu
2313 2131 2331 2165 ι
2371 2112 2637 2184 diligitis;
2678 2138 2696 2170 ι
2736 2123 3007 2190 reputate,
3039 2136 3298 2195 quantam
3329 2129 3510 2199 ipSum

1937 2197 2187 2254 videntes
2213 2202 2557 2259 dilectionem
2604 2209 2723 2263 sitis
2769 2211 3030 2280 habituri,
3084 2217 3249 2287 idque
3278 2197 3400 2273 cum
3452 2221 3508 2276 in

1937 2287 2107 2357 gloria
2159 2293 2449 2348 reveletur.
2482 2293 2540 2350 Si
2575 2301 2717 2352 enim
2771 2303 2963 2358 Passio
3002 2307 3175 2375 ipsius
3231 2310 3371 2365 adeo
3408 2323 3508 2369 vos

1938 2382 2198 2447 attraxit;
2245 2388 2521 2452 quomodo
2560 2404 2660 2444 vos
2692 2393 2887 2448 aﬂieiet
2943 2396 3088 2453 illius
3135 2413 3257 2453 cum
3299 2401 3509 2457 incom-

1935 2475 2165 2544 parabili
2198 2478 2489 2545 splendore
2528 2485 2811 2550 revelatio,
2845 2491 3065 2556 quando
3094 2502 3143 2545 et
3178 2494 3335 2549 vobis
3369 2511 3506 2566 pra:-

1935 2567 2103 2618 miunt
2146 2571 2391 2637 erogabit
2424 2590 2442 2622 ι
2494 2560 2724 2627 salutem
2777 2581 3106 2635 animarum.
3158 2603 3177 2634 ι
3233 2586 3503 2650 Quoniam

1935 2657 2100 2722 igitur
2127 2674 2249 2713 cum
2278 2662 2395 2732 ipso
2425 2669 2722 2734 apparitori
2753 2671 2903 2735 estis,
2942 2683 2993 2725 et
3043 2684 3191 2727 tanta
3223 2679 3394 2747 gloria
3428 2682 3504 2735 di-

1937 2752 2086 2805 tandi
2113 2790 2126 2817 ,
2158 2768 2344 2822 parem
2386 2766 2533 2812 tanto
2556 2763 2781 2828 praemio
2806 2764 3176 2822 fortitudinem
3211 2771 3496 2829 exhibete:

1934 2844 2125 2913 sicque
2156 2847 2497 2916 propositum
2532 2868 2755 2924 scopum
2786 2858 2932 2911 ontni
2968 2875 3032 2914 ex
3064 2874 3217 2930 parte
3251 2880 3500 2937 assequeb

1932 2938 2087 2994 mini.

2008 3027 2173 3088 Vens.
2204 3034 2291 3090 l0.
2326 3047 2345 3087 ι
2381 3036 2456 3094 De
2500 3051 2604 3110 qua
2655 3039 2829 3100 salute
2875 3044 3274 3121 exuuisierunt,
3335 3069 3498 3127 atque

1933 3120 2159 3176 scrutati
2193 3137 2321 3181 sunt
2350 3134 2646 3201 prophetce,
2683 3138 2773 3205 qui
2807 3138 2872 3193 de
2897 3139 3079 3195 futura
3105 3143 3156 3197 in
3186 3120 3340 3202 vobis
3360 3120 3496 3216 gra-

1933 3215 2005 3269 tia
2042 3220 2521 3287 propltetaverunt.
2561 3236 2580 3277 ι
2625 3227 2891 3293 Quoniam
2948 3232 3015 3288 de
3075 3238 3251 3291 salute
3299 3243 3495 3296 anima;

254 3274 395 3345 αῦτη
422 3277 478 3330 δὲ
509 3278 722 3350 ἄδηλος,
770 3285 862 3336 καὶ
893 3284 1172 3350 ξενίζουσα
1195 3290 1291 3360 τὴν
1315 3292 1505 3363 ἀκοὴν,
1534 3296 1657 3358 τοὺς
1689 3274 1819 3366 προσ

254 3365 430 3395 ...ι-η-
476 3371 709 3395 ---ι-.--
785 3375 871 3395 --ηε
922 3379 934 3395 ς
955 3376 979 3395 ο-
1140 3381 1155 3395 ι
1387 3385 1400 3395 .
1458 3387 1469 3395 .
1709 3390 1719 3395 -

2042 3274 2057 3285 _
2144 3274 2158 3287 ,
2561 3274 2574 3277 -
2948 3274 3015 3288 ..ν
3075 3274 3250 3291 ...μων
3299 3274 3491 3296 ...ηιιηυ

1924 3308 2252 3362 mentionem
2286 3312 2430 3377 fecit,
2464 3332 2635 3385 eaque
2659 3335 2737 3369 ou
2759 3322 2869 3374 ulta
2896 3334 2947 3376 et
2971 3327 3254 3395 peregrina
3280 3333 3491 3387 auditui

253 3365 430 3436 φήτας
476 3371 734 3441 παράγει,
785 3375 878 3428 καὶ
918 3376 1276 3450 ἐζητηκότας,
1317 3385 1409 3436 καὶ
1450 3365 1820 3457 ὴρευνηκότας

253 3460 383 3530 περὶ
412 3461 601 3531 αὐτῆς.
632 3464 741 3517 Καὶ
773 3468 882 3538 γὰρ
909 3469 1203 3543 ἐζήτησαν,
1235 3473 1424 3546 ὥσπερ
1462 3480 1660 3549 Δανιὴλ
1689 3484 1817 3553 περὶ

248 3549 360 3601 τῶν
396 3551 721 3621 μελλόντων,
752 3556 808 3619 ὃς
837 3560 927 3611 καὶ
960 3561 1048 3615 διὰ
1073 3564 1230 3618 τοῦτο
1273 3584 1292 3617 ι
1319 3567 1456 3640 ἀνὴρ
1482 3549 1809 3643 ἐπιθυμιῶν»

248 3639 457 3713 ἐκλήθη
492 3643 595 3698 ὑπὸ
621 3646 714 3700 τοῦ
748 3653 1178 3720 χρηματίζοντος
1216 3657 1365 3729 αὐτῷ
1401 3639 1685 3728 ἀγγέλους
1724 3665 1817 3718 καὶ

246 3732 299 3784 τί
336 3734 628 3805 ἐζήτησαν,
662 3740 890 3809 ἐπάγει·
959 3763 976 3794 ι
1008 3745 1103 3808 Et;
1141 3748 1262 3801 τίνα
1314 3752 1410 3804 καὶ
1447 3754 1598 3807 ποῖον
1624 3756 1814 3825 καιρὸν

246 3821 436 3890 ἐδήλου
465 3825 524 3876 τὸ
548 3827 604 3878 ὲν
625 3828 808 3892 αὐτοῖς
852 3832 1092 3903 Πνεῦμα.
1133 3853 1152 3886 ι
1190 3867 1258 3878 -
1285 3858 1304 3890 ι
1342 3840 1435 3904 Et;
1466 3842 1587 3896 τίνα
1621 3863 1641 3896 ι
1691 3821 1812 3915 μὲν,

242 3913 336 3965 τὸν
366 3915 458 3968 ἐπὶ
510 3918 820 3992 συντελείᾳυ
868 3942 887 3974 ι
923 3929 1073 3979 ποῖον
1104 3945 1123 3978 ι
1173 3929 1251 3994 δὲ,
1283 3929 1395 3995 τὸν,
1425 3934 1514 3987 ὅτε
1544 3938 1667 3999 ταῖς
1697 3938 1812 3991 δια-

243 4006 432 4077 φόροις
463 4011 859 4080 αἰχμαλωσίαις
908 4016 1017 4069 τῶν
1069 4020 1340 4075 Ἰουδαίων
1388 4026 1522 4096 πρὸς
1571 4030 1808 4100 παντελῆ

243 4096 555 4151 θεοσέϐειαν
579 4101 1004 4171 ἀποκλινάντων,
1040 4111 1432 4180 εὐπαράδεκτοι
1463 4117 1808 4188 κατέστησαν

240 4189 325 4251 είς
366 4189 429 4241 τὸ
478 4193 618 4245 κατὰ
673 4196 907 4265 Χριστὸν
964 4203 1285 4273 μυστήριον.
1331 4207 1529 4260 Σκόπει
1573 4208 1668 4273 δὲ,
1725 4211 1806 4263 ὅτι

246 4284 264 4325 ι
302 4278 533 4349 Πνεῦμα
558 4282 793 4355 Χριστοῦ
822 4305 840 4337 ι
878 4289 1137 4358 εἰρηκὼς,
1177 4293 1416 4363 θεολογεῖ
1437 4298 1526 4351 τὸν
1548 4300 1800 4368 Χριστόν.

253 4369 475 4441 Ἑδήλου
499 4371 555 4426 δὲ
585 4374 745 4428 τοῦτο
784 4377 844 4430 τὺ
879 4379 1101 4449 Πνεῦμα
1133 4383 1199 4435 τὰ
1231 4384 1378 4454 πάθη
1411 4386 1504 4439 τοῦ
1540 4389 1798 4459 Χριστοῦ,

238 4460 329 4511 διὰ
363 4461 463 4529 μὲν
504 4463 726 4519 Ἠσαίου
761 4469 916 4521 εἰπόν
943 4486 957 4499 ο
1004 4490 1022 4522 ι
1072 4472 1158 4535 Ὠς
1202 4474 1474 4544 πρόῖατον
1527 4480 1618 4532 ἐπὶ
1667 4497 1805 4548 σφα-

238 4548 347 4617 γὴν
370 4550 510 4623 ἢχθη
543 4571 556 4585 ·
586 4572 605 4605 ι
639 4555 727 4608 διὰ
753 4557 809 4609 δὲ
849 4557 1134 4630 Ἰερεμίου,
1175 4581 1191 4613 ι
1223 4564 1408 4630 Δεῦτε,
1434 4569 1525 4620 καὶ
1555 4568 1803 4638 ἐμϐάλω-

240 4655 343 4709 μεν
380 4643 533 4706 ξύλον
564 4646 643 4706 είς
672 4647 763 4699 τὸν
795 4648 958 4718 ἄρτον
990 4653 1174 4705 αὐτοῦ’
1200 4673 1220 4705 ι
1270 4655 1367 4726 τὴν
1389 4657 1445 4711 δὲ
1482 4660 1796 4728 ἀνάστασιν,

233 4732 322 4785 διὰ
364 4734 542 4804 Ὠσηὲ,
577 4755 594 4787 ι
630 4739 705 4809 Τῇ
745 4741 944 4812 ἡμέρᾳ,
977 4746 1267 4813 φήσαντος,
1291 4750 1355 4819 τῇ
1384 4750 1537 4822 τρίτῃ
1560 4753 1797 4824 ἀναστηο

235 4826 444 4891 σὸμεθα
493 4828 730 4881 ἐναντίον
777 4831 970 4897 αὑτοῦ,
1022 4835 1116 4886 καὶ
1154 4834 1417 4907 διώξομεν
1445 4839 1540 4892 τοῦ
1594 4844 1794 4910 γνῶναι

229 4916 326 4965 τὸν
361 4913 563 4986 Κύριον
596 4934 609 4948 ·
650 4921 724 4983 ὡς
755 4921 952 4993 ὄρθρον
990 4924 1206 4996 ἕτοιμον
1236 4930 1542 5002 εὑρήσομεν
1573 4934 1787 4988 αὐτόν.»

244 5005 630 5079 Ἀπεκαλύφθη
663 5011 749 5074 δὲ,
812 5017 944 5082 φησὶ
972 5058 986 5082 ,
1027 5018 1235 5084 τούτοις
1263 5060 1277 5085 ,
1335 5024 1394 5075 οὐ
1429 5024 1498 5077 δι’
1545 5026 1789 5090 ἑαυτοὺς.

228 5084 368 5149 ἀλλὰ
412 5098 479 5150 δι’
521 5101 666 5169 ἡμᾶς
712 5102 787 5174 υ.
828 5105 973 5179 ὑμ.]ι
1026 5110 1129 5160 Δύο
1165 5110 1221 5164 δε
1258 5112 1429 5166 ταῦτα
1470 5115 1557 5169 διὰ
1589 5084 1793 5172 τούτῷ»)

229 5187 525 5256 ἐργάζεται
574 5193 682 5245 τῶν
726 5195 920 5263 λόγων,
953 5201 1012 5252 τό
1046 5218 1103 5252 τε
1132 5205 1404 5273 προμηθὲς
1446 5208 1555 5261 τῶν
1581 5227 1792 5283 προφη-

225 5278 338 5331 τῶν
364 5280 785 5352 ἐνδεικνύμενος,
818 5289 910 5340 καὶ
942 5290 1022 5355 τὸ,
1058 5293 1139 5344 ὅτι
1172 5300 1613 5367 προεγνωσμένοι
1647 5299 1785 5373 ἧσο..
1819 5270 1877 5351 ’

223 5370 344 5441 Θεῷ
373 5372 469 5425 καὶ
507 5375 612 5442 πρὸ
658 5379 961 5450 καταϐολῆς
997 5384 1202 5453 κόσμου
1251 5388 1299 5440 οί
1357 5387 1452 5442 νῦν
1496 5370 1787 5462 κληθέντες

223 5466 304 5526 εἰς
331 5464 432 5534 τὴν
469 5470 610 5521 κατὰ
646 5469 878 5540 KRH:th
919 5476 1121 5529 πίστιν.
1163 5478 1262 5531 Διὰ
1293 5482 1389 5549 μὲν
1418 5482 1511 5536 οῦν
1544 5488 1637 5539 τοῦ
1672 5490 1780 5541 τῶν

222 5556 521 5626 προφητῶν
556 5562 870 5631 προμηθοῦς
922 5566 1100 5633 ἐνάγει
1158 5570 1390 5635 αὐτοὺς,
1438 5573 1511 5644 μὴ
1544 5579 1780 5643 ἀπειθῶς

218 5648 556 5703 διατίθεσθαι
591 5653 724 5722 προς
763 5655 828 5708 τὰ
867 5656 969 5710 ὑπὸ
997 5658 1105 5712 τῶν
1136 5663 1434 5732 προφητῶν
1463 5667 1646 5733 αὐτοῖς
1684 5689 1781 5723 πε-

1922 3405 2028 3463 est,
2091 3400 2143 3453 in
2172 3403 2540 3458 teStimonium
2578 3410 2798 3464 adducit
2825 3414 3138 3484 prophetas,
3172 3420 3263 3489 qui
3295 3425 3489 3494 exqui-

1923 3485 2132 3542 sierunt
2165 3498 2219 3544 et
2251 3497 2482 3548 scrutati
2524 3497 2591 3551 de
2625 3515 2686 3563 ea
2743 3511 2888 3556 sunt.
2953 3485 3489 3582 Scilicet—exquisiei

1920 3587 2067 3645 runt,
2101 3579 2239 3635 sicut
2268 3581 2452 3639 Daniel
2475 3587 2541 3640 de
2568 3590 2731 3645 rebus
2763 3592 2999 3662 futuris;
3037 3608 3207 3667 qnare
3236 3579 3316 3635 πί
3341 3624 3360 3657 ι
3387 3606 3485 3663 Vir

1917 3665 2309 3725 desideriorum
2344 3684 2364 3724 ι
2399 3675 2580 3732 dictus
2609 3690 2691 3735 εει
2742 3683 2811 3736 ab
2839 3665 3069 3754 angelo,
3110 3691 3202 3762 qui
3262 3693 3363 3763 ipsi
3397 3714 3486 3753 se-

1915 3766 2063 3811 creta
2094 3758 2276 3815 futura
2307 3766 2600 3833 pandebat.
2636 3770 2700 3823 Et
2731 3773 2860 3841 quid
2890 3758 3247 3846 exqttisierint
3274 3758 3479 3856 subdit,

1914 3863 2109 3920 nempe
2146 3868 2164 3903 ι
2211 3853 2267 3907 in
2293 3858 2461 3926 quod,
2493 3862 2578 3915 vel
2604 3865 2764 3932 quale
2803 3875 3017 3937 tempus
3051 3874 3375 3942 signiﬁcaret
3423 3853 3478 3936 in

1911 3941 1991 4001 eis
2022 3941 2282 4014 Spiritus.
2310 3967 2436 4003 ι--ι
2461 3952 2520 4006 ιιι
2545 3956 2689 4024 quod
2714 3977 2733 4010 ι
2763 3961 3004 4029 quidem,
3036 3978 3229 4037 nempe
3265 3981 3479 4042 tempus

1911 4041 2404 4097 consummationis
2436 4048 2659 4116 mundi;
2698 4064 2716 4102 ι
2756 4052 2999 4124 inquale
3038 4076 3055 4109 ι
3091 4075 3240 4125 vero,
3284 4078 3479 4137 nempe

1909 4126 2067 4193 illud,
2118 4146 2227 4200 quo
2257 4132 2428 4189 Judaei
2461 4139 2532 4193 ob
2583 4144 2766 4201 varias
2798 4149 3142 4216 captivitates
3175 4155 3240 4208 ad
3297 4126 3475 4226 perte

1908 4227 2054 4271 ctum
2096 4219 2190 4275 Dei
2249 4226 2451 4281 cultum
2493 4230 2829 4292 declinantes
2864 4242 3101 4308 aptiores
3151 4249 3217 4302 ad
3271 4219 3473 4306 Christi

1906 4311 2225 4379 mySterium
2257 4329 2574 4376 evaserunt.
2610 4323 2849 4383 Observa
2880 4346 3030 4399 vero,
3072 4340 3347 4404 quomodo
3387 4343 3473 4396 di-

1903 4411 2054 4462 cens,
2087 4418 2106 4451 ι
2146 4399 2386 4471 Spiritus
2416 4406 2644 4477 Christi,
2685 4434 2704 4466 ι
2736 4416 2938 4474 Christi
2987 4399 3326 4483 divinitatem
3383 4433 3472 4487 iu-

1902 4488 2068 4547 dicat.
2110 4492 2447 4565 Signiﬁeavit
2498 4510 2681 4557 autent
2736 4505 2838 4562 hoc
2875 4510 3130 4579 Spiritus,
3159 4530 3280 4571 cum
3315 4521 3473 4576 Chri-

1905 4582 1972 4634 sti
2006 4585 2317 4652 passionem
2354 4605 2450 4659 per
2504 4594 2699 4650 Isaiam
2751 4604 3134 4668 praenuntiavit
3172 4608 3361 4667 dicens
3395 4616 3416 4648 ⁸
3451 4634 3465 4668 :

1913 4686 1933 4725 ι
1964 4674 2117 4730 Sicut
2159 4679 2276 4735 ovis
2311 4685 2376 4737 ad
2403 4687 2732 4743 occisionem
2789 4693 2982 4749 ductus
3015 4707 3098 4753 est
3137 4718 3150 4753 :
3207 4721 3225 4753 ι
3272 4715 3325 4757 et
3371 4721 3468 4774 per

1898 4766 2230 4829 Jeremiant:
2279 4794 2296 4827 ι
2342 4775 2553 4841 Venite,
2607 4786 2888 4844 mittamus
2930 4792 3132 4861 lignum
3186 4798 3237 4849 in
3274 4815 3463 4867 panem

1897 4857 2016 4927 ejus
2052 4859 2140 4916 ηε
2193 4879 2213 4912 ι
2273 4871 2725 4927 resurrectionem
2779 4892 2907 4934 vero
2973 4857 3071 4950 per
3121 4886 3338 4952 (iseam,
3368 4890 3461 4957 q'ui

1896 4947 1970 5002 ait
2021 4965 2037 5004 :
2101 4966 2120 5003 ι
2175 4951 2233 5006 In
2296 4955 2385 5011 die
2454 4962 2607 5015 tertia
2664 4981 3009 5039 resurgemus
3060 4975 3114 5025 in
3168 4988 3460 5045 conspectu

1891 5038 2032 5108 ejus,
2084 5056 2505 5119 sequemurque,
2559 5063 2616 5105 ut
2673 5072 3066 5126 rognosramns
3122 5064 3456 5125 Dominum:

1894 5132 2050 5200 quasi
2079 5133 2375 5191 diluculum
2415 5151 3395 5226 pra-paratuminveniemusipSum“.
3432 5183 3452 5215 ι

1894 5218 2211 5279 Revelatum
2236 5237 2338 5294 est,
2373 5233 2570 5301 inquit,
2603 5236 2743 5304 iStis,
2773 5254 2878 5293 non
2917 5253 3137 5313 propter
3172 5218 3339 5316 ipsos,
3362 5256 3453 5308 sed

1891 5326 2109 5382 prepter
2167 5331 2286 5374 nos.
2349 5321 2465 5377 Duo
2535 5336 2714 5382 autem
2765 5346 2858 5397 per
2896 5333 3010 5390 hac
3040 5338 3200 5393 verba
3232 5345 3454 5399 coniicit

1889 5406 2170 5472 apostolus
2201 5425 2215 5460 :
2250 5424 2374 5464 nam
2412 5422 2465 5467 ct
2497 5417 2882 5483 prophetarum
2914 5426 3325 5492 pravidentiam
3362 5445 3452 5490 os-

1887 5494 2088 5562 tendit;
2128 5504 2179 5551 et
2225 5503 2379 5569 Quod-
2401 5515 2525 5559 ante
2560 5508 2747 5561 mundi
2778 5515 3221 5571 conStitntlonem
3251 5534 3451 5591 praeco-

1887 5585 2018 5653 gniti
2058 5600 2213 5642 erant
2251 5593 2360 5645 Deo
2400 5596 2458 5659 ii,
2488 5599 2577 5664 qui
2630 5609 2772 5653 nunc
2825 5604 2889 5655 ad
2930 5598 3085 5660 {idem
3121 5585 3321 5665 Chriin
3356 5623 3451 5669 \‘0-

1889 5675 1992 5727 cati
2027 5689 2173 5732 sunt.
2204 5681 2268 5733 Et
2297 5685 2513 5751 quidem
2546 5690 2934 5759 prophetarum
2989 5699 3333 5767 providentia
3361 5707 3449 5760 in-

292 5821 363 5856 ⁷·⁸
397 5823 533 5880 Dan.
567 5842 619 5891 τ,
652 5830 737 5883 Η.
813 5831 833 5862 ⁹
858 5830 965 5884 lsa.
989 5849 1107 5897 uti,
1150 5836 1197 5889 7.
1278 5839 1320 5869 '°
1360 5837 1560 5897 Jerent.
1594 5860 1668 5908 xi,
1707 5848 1793 5903 19.

1937 5851 2065 5908 05c.
2097 5871 2172 5922 vt,
2207 5858 2259 5913 3.
