4010 6540
591 488 729 556 1199

1505 487 2071 548 THEUl’IlYLACTl
2121 487 2526 547 BULGARL‘E
2551 490 2900 552 ARCIIIEP.

3696 496 3835 563 1200

581 605 767 660 sinuat
799 601 931 661 illis,
967 616 1029 652 ne
1065 599 1378 653 incredulos
1413 614 1469 652 se
1505 598 1778 668 praebeant
1810 598 1874 650 ad
1924 613 2010 660 ea,
2037 611 2160 666 qum

2269 602 2727 668 προφητενμένα’
2764 603 2843 655 ὅτι
2899 603 3029 673 μηδὲ
3087 603 3194 656 υἱοὶ
3229 606 3500 676 σώφρονες
3553 626 3837 681 καταφροο

581 703 714 750 sunt
743 693 811 747 ab
841 691 1047 747 eisdem
1076 691 1357 762 prophetis
1388 690 1752 760 prmnuntiata
1779 707 1792 742 :
1827 703 1950 742 nam
1980 705 2156 759 neque

583 786 702 846 lilii.
735 785 824 854 qui
877 788 1118 854 sapiunt,
1161 790 1417 852 paternos
1475 782 1693 834 labores
1746 795 1984 850 unquam
2035 796 2157 833 eon-

585 883 849 929 temnunt.
888 873 942 926 Si
978 876 1121 927 enim
1166 875 1265 936 illi,
1300 873 1390 942 qui
1437 873 1510 926 nil
1577 872 1929 926 emolumenti
1969 887 2153 940 perce-

585 972 729 1041 pturi
771 981 950 1031 erant,
997 968 1374 1038 exquisierunt
1405 976 1583 1020 tamen
1613 975 1667 1020 et
1703 967 2063 1030 invenerunt;
2097 979 2158 1016 ac

585 1073 844 1132 praeterea
869 1076 990 1130 qua:
1023 1060 1367 1122 invenerant,
1417 1060 1622 1127 scripto
1653 1056 2072 1119 commiserunt,
2101 1065 2158 1108 ut

587 1157 730 1210 velut
768 1153 1137 1208 lizereditatem
1165 1153 1454 1221 quamdam
1486 1151 1550 1204 ad
1579 1166 1678 1205 nos
1705 1152 2154 1212 transmitterem,

585 1253 827 1316 proiecto
860 1264 982 1310 ηις,
1035 1249 1236 1318 inquit,
1275 1245 1465 1314 injusti
1503 1259 1774 1307 essemus,
1807 1244 1854 1297 si
1897 1243 2011 1296 hzee
2041 1257 2160 1310 par-

584 1357 652 1394 vo
694 1344 747 1394 in
793 1342 970 1410 pretio
1013 1343 1364 1395 haberemus.
1397 1337 1764 1404 Quamobrem
1818 1338 1985 1390 nolite
2032 1351 2154 1398 nos,

586 1434 676 1499 qui
716 1433 814 1485 ista
852 1435 1004 1485 vobis
1035 1432 1498 1501 erangelizamus,
1532 1428 1686 1483 flocci
1721 1428 2002 1491 facientes,
2048 1429 2160 1481 ina-

589 1543 708 1578 ueni
748 1524 970 1577 reddere
1001 1525 1444 1594 pimlieationem
1491 1531 1759 1576 nostram.
1790 1519 1855 1573 Et
1901 1521 2013 1574 [nec
2041 1521 2161 1590 qui-

586 1619 712 1671 dem
744 1616 811 1670 de
846 1615 1185 1685 providentia
1222 1613 1633 1683 prophetarum.
1661 1609 1733 1662 Ex
1765 1624 1830 1664 eo
1858 1625 1984 1664 vero
2013 1612 2156 1679 quod

585 1707 899 1779 prmeogniti
933 1707 1042 1762 sint
1070 1721 1098 1759 a
1128 1708 1254 1769 Deo,
1295 1713 1465 1759 terret
1509 1719 1627 1768 eos,
1681 1719 1746 1756 ne
1795 1703 2043 1774 indignos
2079 1706 2160 1758 dis

589 1805 709 1857 vina
769 1801 1110 1871 prmseieutia
1151 1815 1213 1853 ae
1252 1799 1536 1854 vocatione
1581 1809 1639 1850 se
1687 1793 2014 1860 exhibeant,
2065 1796 2158 1852 sed

590 1895 769 1960 potius
821 1893 1050 1947 invicem
1099 1907 1159 1948 se
1187 1891 1446 1953 excitent,
1498 1904 1608 1959 quo
1660 1886 1750 1941 Dei
1805 1887 1952 1942 dono
2009 1889 2156 1959 digiti

589 1988 740 2039 ilaut.

655 2076 814 2146 355
864 2075 1026 2130 Vens.
1062 2075 1241 2130 11-12.
1305 2094 1324 2127 ι
1387 2075 1710 2131 Serutantes
1777 2078 1831 2130 in
1879 2073 2026 2145 quod
2073 2071 2159 2128 vel

586 2172 745 2235 quale
779 2178 992 2236 tempus
1049 2168 1382 2237 significaret
1419 2168 1471 2220 in
1505 2169 1584 2221 eis
1637 2168 1876 2237 Spiritus
1908 2165 2111 2220 Christi
2146 2182 2158 2217 :

595 2263 978 2330 prmnuntians
1001 2275 1092 2314 eas
1117 2276 1236 2329 qua:
1266 2261 1318 2311 in
1352 2259 1573 2314 Christo
1612 2271 1760 2326 sunt,
1795 2259 2078 2330 passiones
2109 2267 2163 2312 et

589 2353 915 2421 posteriores
943 2352 1169 2423 glorias.
1199 2350 1410 2417 Quibus
1444 2351 1740 2406 revelatum
1766 2360 1871 2417 est,
1900 2351 2027 2421 quia
2055 2365 2162 2406 non

587 2441 960 2510 sibimetipsis,
995 2441 1153 2496 nobis
1179 2454 1362 2495 autem
1409 2441 1797 2496 ministrabant
1843 2455 1928 2494 ea.
1968 2459 1986 2491 ι
2026 2439 2080 2494 Si
2110 2449 2164 2494 et

587 2535 820 2604 apostoli
849 2543 900 2587 et
933 2533 1210 2603 propheta:
1238 2534 1450 2603 Spiritu
1488 2542 1682 2589 sancto
1725 2534 1942 2588 aﬂlante
1981 2533 2165 2588 edide-

591 2634 741 2688 runt,
803 2626 856 2678 hi
898 2626 1117 2694 quidem
1167 2625 1527 2694 prophetiam,
1567 2625 1642 2678 illi
1704 2635 1886 2679 autem
1912 2624 2164 2695 Evange-

589 2716 743 2776 lium,
781 2715 817 2768 ii
858 2715 932 2766 nil
966 2730 995 2767 a
1026 2715 1308 2784 prophetis
1343 2713 1749 2783 diserepabant.
1783 2713 2010 2785 Oportet
2067 2715 2164 2784 igi-

591 2816 705 2868 tur,
752 2805 1164 2874 inquit,eodem
1223 2822 1320 2860 vos
1353 2805 1540 2860 studio
1597 2805 1749 2872 ferri,
1778 2822 1844 2861 ac
1876 2807 2163 2863 domestici

591 2899 980 2968 prophetarum
1028 2897 1363 2964 ferebantur,
1436 2913 1504 2952 ne
1554 2913 1728 2967 poena
1784 2915 1998 2963 eorum,
2067 2900 2160 2970 qui

591 2989 876 3059 prophetis
905 3002 1013 3042 non
1046 2987 1422 3053 crediderunt,
1458 2990 1814 3059 subjaceatis.
1883 2991 2166 3046 Adnotan-

591 3082 718 3134 dum
754 3094 882 3134 vero
935 3078 1154 3133 Petrum
1189 3079 1474 3135 Trinitatis
1507 3084 1830 3152 mysterium
1883 3083 2064 3138 allatis
2109 3084 2162 3137 in

593 3171 772 3224 verbis
797 3168 1127 3240 patefacere.
1175 3169 1310 3224 Cum
1371 3171 1539 3238 enim,
1601 3171 1802 3242 inquit,
1867 3192 1884 3225 ι
1927 3172 2164 3244 Spiritus

2263 689 2480 743 νοῦνται
2518 695 2801 762 πατρικῶν
2837 696 3033 747 πόνων.
3074 697 3133 748 lii
3168 697 3276 766 γὰρ
3302 699 3479 764 αὐτοὶ,
3507 700 3676 770 μηδὲν
3714 704 3840 774 ονήο

2263 783 2456 835 σασοαι
2513 783 2818 853 μέλλοντες,
2869 787 3142 856 ἐζήτησαν
3175 790 3266 840 καὶ
3313 783 3472 859 εῦρον
3500 807 3514 820 ·
3569 793 3705 848 ἀλλὰ
3750 797 3841 847 καὶ

2261 874 2511 942 εὑρόντες
2561 875 2787 943 βιϐλίοις
2819 879 3169 942 ἐγκατίοεντο
3303 881 3609 954 ἐγκατέο.],
3649 884 3842 954 ῶσπερ

2259 982 2378 1017 τινα
2427 965 2625 1034 κλῆρον
2670 969 3135 1036 παραπέμποντες
3187 973 3317 1039 ἡμῖν
3352 988 3368 1004 ο
3396 974 3495 1024 οὐκ
3544 976 3610 1027 ἂν
3655 977 3836 1044 ἡμεῖς,

2262 1058 2415 1124 φησι,
2457 1055 2677 1120 δίκαιοι,
2718 1059 2844 1126 περὶ
2886 1058 3058 1112 ταῦτα
3091 1066 3584 1133 καταφρονητικῶς
3628 1067 3834 1120 διακεί-

2262 1164 2436 1216 μενοι.
2470 1148 2568 1201 Διά
2598 1165 2680 1201 τοι
2710 1147 2805 1202 οὖν
2831 1148 2989 1202 τοῦτο
3026 1153 3157 1221 μηδὲ
3190 1155 3334 1222 ἡμᾶς
3377 1156 3504 1216 τοῦς
3539 1154 3716 1209 ταῦτα
3746 1159 3834 1209 εὑ-

2260 1240 2717 1309 αγγελιζομὲνους
2750 1243 2878 1311 ὑμῖν
2902 1284 2914 1303 ,
2959 1244 3131 1295 ταῦτα
3172 1245 3298 1314 περὶ
3329 1247 3546 1313 φαύλων
3580 1246 3658 1318 [Ῑ.
3692 1254 3834 1319 napi

2262 1330 2488 1401 φαῦλον]
2524 1332 2783 1399 τιθέντες,
2820 1333 2974 1386 κενὸν
3029 1336 3342 1406 ἁποφήνητε
3391 1339 3451 1389 τὸ
3498 1339 3830 1406 Εὖαγγέλεον

2259 1425 2436 1492 ἡμῶν.
2492 1424 2589 1476 Διὰ
2625 1425 2723 1494 μὲν
2754 1426 2846 1479 οῦν
2889 1427 2981 1480 τοῦ
3019 1429 3338 1499 προμηθοῦς
3370 1430 3478 1482 τῶν
3516 1434 3832 1502 προφητῶν.

2261 1515 2433 1569 ταῦτα
2458 1533 2471 1546 ·
2502 1517 2588 1570 διὰ
2621 1518 2676 1570 δὲ
2707 1519 2800 1572 τοῦ
2835 1521 3212 1589 προεγνῶσοαι
3241 1523 3344 1574 ὑπὸ
3375 1521 3513 1575 Θεοῦ
3549 1524 3730 1590 φοϐεῖ,
3769 1526 3832 1592 μὴ

2261 1613 2511 1676 ἀναξίους
2549 1613 2776 1676 ἑαυτοὺς
2828 1614 2927 1681 τῆς
2977 1612 3070 1666 τοῦ
3105 1613 3240 1665 Θεοῦ
3278 1615 3649 1682 προγνώσεως
3708 1618 3835 1670 ἁπο-

2263 1703 2448 1772 φῆναι,
2486 1702 2620 1772 μηδὲ
2658 1702 2758 1772 τῆς
2793 1702 2897 1756 ὑπὸ
2948 1702 3138 1756 τούτου
3197 1705 3462 1773 κλήσεως,
3512 1706 3652 1759 ἀλλὰ
3680 1725 3830 1758 κατεο

2264 1796 2548 1864 πείγεσθαι
2580 1795 2824 1864 ἀλλήλων
2852 1797 2928 1858 εἰς
2951 1796 3011 1848 τὸ
3032 1795 3212 1859 ἀξίους
3237 1796 3489 1864 γενέσθαι
3506 1797 3607 1866 τῆς
3631 1798 3767 1869 δωρε
3779 1802 3830 1859 Ξς

2262 1888 2354 1942 τοῦ
2391 1887 2553 1942 Θεοῦ.

2342 2093 2359 2124 ι
2407 2072 2826 2144 Ἐξερευνῶντες
2857 2073 2936 2135 είς
2967 2074 3085 2124 τίνα
3115 2073 3207 2124 καὶ
3238 2075 3388 2126 ποῖον
3420 2075 3616 2146 καιρδν
3647 2075 3829 2146 ἐδήλου

2261 2167 2322 2219 τὸ
2356 2167 2412 2218 ὲν
2445 2167 2630 2228 αὐτοῖς
2662 2163 2887 2233 Πνεῦμα
2913 2165 3149 2234 Χριστοῦ
3185 2167 3747 2238 προμαρτυροῦμενον
3771 2171 3828 2218 τὰ

2263 2259 2342 2320 είς
2388 2256 2625 2327 Χριστὸν
2667 2255 2964 2325 παθήματα
2997 2257 3088 2307 καὶ
3136 2258 3233 2318 τὰς
3271 2259 3410 2326 μετὰ
3454 2257 3631 2311 ταῦτα
3661 2258 3826 2322 δόξας.

2264 2347 2360 2414 Οἷς
2395 2349 2757 2419 ἀπεκαλύφθη
2780 2363 2794 2378 ⁶
2829 2349 2910 2401 ὃτι
2958 2348 3055 2418 οὐχ
3108 2350 3343 2412 ἑαυτοῖς,
3391 2350 3524 2420 ἡμῖν
3561 2350 3620 2402 δὲ
3654 2350 3828 2414 διηκο-

2265 2461 2388 2498 νουν
2420 2443 2579 2496 αὐτά.
2612 2461 2629 2494 ι
2660 2441 2722 2495 Εἰ
2759 2444 2852 2494 καὶ
2883 2441 3038 2494 αὐτοὶ
3072 2445 3164 2493 καὶ
3202 2443 3248 2494 οἱ
3285 2443 3563 2513 προφῆται
3591 2444 3650 2495 ὲν
3683 2442 3832 2494 Πνεύο

2268 2549 2395 2601 ματι
2439 2532 2578 2600 ἁγίῳ
2623 2531 2958 2600 ὲνήργησαν,
3006 2532 3054 2582 οἱ
3099 2530 3195 2599 μὲν
3238 2532 3335 2600 τὴν
3395 2534 3757 2602 προφητείαν,
3787 2533 3830 2583 οί

2263 2620 2319 2673 δὲ
2361 2620 2421 2673 τὸ
2468 2621 2801 2688 Εὑαγγέλιον
2836 2635 2850 2650 ’
2879 2619 3028 2673 οὐδὲν
3067 2619 3271 2674 τούτων
3324 2620 3382 2671 τὸ
3411 2621 3676 2689 διάφορον
3710 2621 3828 2688 πρὶς

2264 2713 2390 2774 τοὺς
2425 2713 2732 2782 προφήτας.
2773 2715 2866 2764 Δεῖ
2895 2713 3076 2764 τοίνυν
3119 2712 3215 2779 τὴν
3255 2711 3425 2780 αὐτὴν
3472 2711 3644 2782 ὑμᾶς,
3688 2711 3826 2780 φησι,

2267 2804 2499 2874 σπουδὴν
2535 2803 2794 2871 εἰσάγειν,
2836 2805 2901 2874 ἣν
2963 2805 3057 2856 καὶ
3094 2804 3143 2856 οἱ
3201 2805 3457 2874 κατήκοοι
3487 2803 3596 2856 τῶν
3633 2820 3826 2872 προςη-

2263 2897 2393 2962 τῶν,
2443 2897 2528 2950 ἵνα
2564 2897 2638 2966 μὴ
2674 2899 2740 2966 τῇ
2779 2895 2887 2948 τῶν
2939 2895 3352 2965 ἁπειΟησὰντων
3387 2898 3501 2958 τοῖς
3539 2898 3826 2968 προφήταις

2267 2989 2611 3059 ὑποδληθῆτε
2679 2989 2941 3060 τιμωρίᾳ.
2989 2989 3420 3058 Ἐπισημαντέον
3476 2989 3554 3052 δὲ,
3611 2991 3691 3042 ὅτι
3750 2989 3826 3040 6:1

2263 3081 2468 3134 τούτων
2517 3081 2580 3134 τὸ
2633 3082 2734 3151 τῆς
2784 3081 3014 3152 Τριάδος
3071 3083 3372 3151 μυστήριον
3407 3082 3668 3151 ὀΠέτρος
3701 3084 3822 3134 ἁπο-

2268 3173 2568 3227 καλύπτει”
2602 3173 2689 3226 διὰ
2724 3173 2816 3226 τοῦ
2866 3175 3041 3226 εἰπεῖν
3065 3175 3185 3243 μὲν,
3233 3194 3251 3226 ι
3277 3172 3500 3244 Πνεῦμα
3523 3173 3778 3243 Χριστοῦ,
3801 3192 3816 3221 ι

592 3263 822 3328 Christi,
861 3281 878 3314 ι
911 3260 1108 3316 Filium
1145 3270 1199 3316 et
1251 3261 1514 3331 Spiritum
1576 3273 1824 3319 sanctum
1874 3265 2161 3335 exprimit;

2268 3269 2362 3320 τὸν
2408 3267 2539 3320 Υίὸν
2574 3269 2667 3321 καὶ
2709 3267 2770 3318 τὸ
2801 3266 3059 3336 Πνεῦμαο
3086 3268 3177 3319 τὸν
3235 3267 3290 3320 δὲ
3323 3267 3565 3336 Πατέρα.
3605 3267 3691 3319 διὰ
3741 3264 3824 3318 τοῦ

591 3354 806 3408 Patrem
839 3369 985 3420 vero,
1018 3369 1141 3408 eum
1176 3354 1270 3420 ait,
1303 3371 1320 3404 ι
1358 3353 1430 3408 De
1475 3355 1616 3410 cmlo
1649 3372 1662 3407 ε
1704 3373 1723 3407 ι
1751 3371 1862 3410 non
1893 3357 2037 3412 enim
2067 3372 2161 3426 per

2273 3361 2468 3426 εἰπεῖν,
2504 3378 2522 3410 ι
2561 3359 2693 3412 Ἀπὸ
2736 3359 2986 3430 οὐρανοῦ.
3012 3380 3028 3410 ι
3085 3360 3158 3411 Τὸ
3189 3359 3265 3420 δὲ,
3306 3379 3324 3412 i
3379 3360 3500 3412 Ἀπ’
3543 3359 3819 3430 cupavo-3,»

591 3446 790 3500 emtum
832 3445 919 3499 hic
952 3447 1110 3500 locus
1144 3446 1344 3515 aliquis
1368 3446 1758 3517 intelligendus
1800 3456 1904 3512 est,
1939 3449 2035 3504 sed
2065 3465 2160 3518 per

592 3539 969 3592 eaeellentiam
1006 3535 1150 3592 Deus
1179 3538 1312 3607 ipse.
1348 3529 1374 3540 ”

669 3648 688 3680 ι
726 3629 1026 3694 ριιαιιιιιιιο
1051 3628 1303 3682 nuntiata
1359 3637 1488 3682 sunt
1529 3629 1708 3694 vobis,
1762 3645 1860 3700 per
1916 3645 2013 3688 eos
2067 3632 2160 3702 qui

593 3722 1106 3791 evangelizaverunt
1158 3719 1335 3784 vobis,
1368 3718 1576 3790 Spiritu
1621 3730 1814 3777 saneto
1865 3723 2034 3779 misso
2097 3724 2165 3779 de

594 3812 756 3876 celo,
790 3813 844 3864 in
877 3827 995 3880 qua:
1045 3811 1121 3882 (t)
1157 3809 1472 3866 desiderant
1519 3813 1696 3883 angeli
1763 3815 2094 3883 prospicere.
2142 3834 2160 3868 ι

593 3901 1039 3956 Exhortationem
1069 3901 1157 3955 bic
1187 3901 1465 3956 subnectit
1505 3903 1786 3974 apostolus
1823 3920 1889 3959 ex
1942 3907 2008 3962 iis
2049 3921 2167 3975 qua:

595 4000 720 4045 aute
767 3992 821 4044 in
866 3993 1072 4044 honore
1120 3989 1361 4044 fuerunt.
1393 3992 1528 4045 Cum
1607 3994 1980 4063 praemisisset,
2022 3998 2165 4067 quod

597 4083 874 4150 prophetae
926 4080 1083 4135 nobis
1113 4081 1309 4136 salutis
1337 4091 1541 4137 nostris
1578 4087 1834 4149 mysteria
1897 4089 2166 4143 submini-

595 4172 843 4236 strarint,
869 4179 921 4224 et
959 4170 1103 4240 quod
1128 4171 1226 4224 ista
1258 4171 1396 4226 adeo
1416 4172 1671 4229 sublimia
1697 4185 1897 4241 essent,
1924 4189 1980 4232 ut
2003 4180 2166 4234 etiam

595 4262 801 4332 angelis
828 4261 1080 4317 amabilia
1117 4261 1318 4330 forent,
1363 4265 1508 4332 quod
1569 4269 1808 4322 ostendit
1851 4285 1917 4324 ex
1959 4271 2164 4338 laztitia,

595 4371 702 4424 qua
737 4354 839 4424 ipsi
870 4354 923 4408 in
954 4352 1250 4409 Nativitate
1286 4354 1499 4410 Domini
1531 4357 1846 4412 cecinerunt
1881 4377 1893 4412 :
1933 4377 1951 4410 ι
1985 4359 2168 4415 Gloria

594 4450 648 4500 in
675 4447 956 4501 altissimis
983 4445 1177 4500 Deo‘"
1215 4463 1230 4500 :
1261 4465 1278 4497 ι
1315 4461 1440 4500 eum
1470 4447 1605 4513 hate,
1639 4454 1884 4520 inquam,
1917 4452 2166 4519 dixisset,

592 4541 773 4594 subdit
807 4539 1097 4606 rationem,
1121 4554 1219 4593 cur
1245 4553 1305 4593 ea
1332 4540 1553 4602 dixerit,
1580 4543 1725 4595 hunc
1754 4542 1925 4599 ferme
1956 4545 2010 4599 in
2047 4562 2168 4601 mo—

2268 3452 2342 3523 μὴ
2361 3451 2598 3513 τοπικῶς
2623 3450 2811 3522 λάϐῃς,
2836 3451 2969 3504 ἀλλὰ
2989 3451 3110 3503 καθ’
3131 3452 3402 3520 ὑπεροχὴν
3421 3452 3820 3520 προηγουμένου

2265 3544 2421 3597 Θεοῦ.

2339 3658 2360 3690 ς
2395 3639 2459 3690 ’Δ
2509 3638 2603 3690 νῦν
2655 3636 2946 3705 ἀπηγγέλη
2981 3637 3108 3706 ὑμῖν
3139 3633 3228 3688 διὰ
3255 3634 3364 3686 τῶν
3400 3634 3818 3704 εὐαγγελισαμέ-

2266 3750 2370 3784 νων
2407 3731 2552 3799 ὐμᾶς
2587 3731 2643 3781 ὲν
2677 3727 2956 3798 Πνεῦματι
2998 3727 3138 3797 ἁγίῳ
3164 3727 3524 3780 ἀποσταλέντι
3552 3725 3642 3778 ἀπ’
3668 3727 3820 3794 οὐρι-

2265 3821 2382 3884 νοῦ,
2415 3821 2496 3883 εἰς
2553 3818 2592 3873 ἃ
2630 3817 2995 3888 ἐπιθυμοῦσιν
3047 3819 3266 3885 ἄγγελοι
3308 3819 3645 3888 παρακύψαι.
3675 3835 3694 3866 ι
3735 3818 3818 3868 Al-

2269 3914 2584 3983 τιολογικῶς
2611 3915 2718 3968 ἀπὸ
2768 3913 2876 3966 τῶν
2909 3912 3402 3984 προτετιμημένων
3453 3915 3487 3981 ἡ
3549 3911 3818 3980 παράκλη-

2271 4026 2375 4072 σις.
2426 4006 2608 4062 Εἰπὼν
2658 4006 2786 4076 γὰρ,
2823 4006 2906 4060 ὅτι
2943 4007 2992 4057 οἱ
3027 4004 3304 4073 προφῆται
3352 4003 3674 4071 διηκόνησαν
3698 4004 3816 4069 ἡμῖν

2268 4099 2338 4152 τὰ
2390 4097 2492 4168 τῆς
2544 4097 2820 4166 σωτηρίας
2867 4095 3027 4164 ἡμῶν
3053 4113 3065 4124 ·
3107 4095 3281 4148 ταῦτα
3310 4095 3368 4147 δὲ
3402 4093 3572 4155 οὕτως
3598 4089 3661 4162 ἦν
3702 4093 3817 4145 Bau-

2274 4189 2473 4260 μαστὰ,
2509 4189 2584 4252 ὡς
2619 4189 2712 4242 καὶ
2756 4187 3010 4256 ἀγγέλοις
3059 4187 3298 4256 ὲράσμια
3338 4184 3673 4254 καταστῆναι
3719 4182 3820 4250 (καὶ

2270 4277 2351 4329 ὃτι
2389 4277 2628 4345 ἑράσμια
2663 4277 2847 4338 αὐτοῖς
2893 4275 3087 4338 ταῦτα,
3126 4274 3326 4338 ἔδειξεν
3357 4275 3449 4343 ἀφ’
3476 4271 3549 4327 ὦν
3591 4276 3649 4327 ἐκ
3677 4289 3817 4342 περι-

2272 4367 2498 4438 χαρείας
2522 4371 2578 4421 έν
2611 4370 2675 4438 τῇ
2705 4368 2958 4437 γεννήσει
2992 4366 3252 4438 Χριστοῦ,
3287 4367 3370 4434 τὸ,
3411 4386 3430 4418 c
3457 4367 3591 4432 Δόξα
3617 4367 3674 4418 ὲν
3712 4365 3817 4432 ὑψί-

2275 4476 2417 4522 στοις
2447 4459 2585 4530 Θεῷ,
2615 4478 2634 4513 ι
2669 4458 2974 4530 ὲμελῲδουν
2997 4457 3017 4529 )
3043 4474 3057 4488 ·
3088 4459 3260 4514 εἰπὼν
3297 4455 3390 4513 οῦν
3422 4458 3610 4519 ταῦτα.
3641 4457 3816 4522 ἐπάγει

2271 4551 2477 4604 τούτων
2520 4549 2582 4602 τδ
2627 4551 2819 4613 αῐτιον,
2872 4549 2964 4602 καί
3016 4565 3218 4619 φησιν’
3260 4549 3415 4602 Ἐπεὶ
3441 4545 3536 4602 οῦν
3566 4547 3730 4601 ταῦτα
3757 4546 3814 4597 ei

593 4633 720 4685 dum
755 4647 766 4682 :
803 4631 858 4683 Si
881 4640 1064 4685 nostra
1112 4631 1371 4686 omnibus
1421 4631 1639 4702 (nempe
1692 4647 1800 4687 non
1835 4639 2012 4689 solum
2068 4637 2162 4690 bo-

2271 4642 2523 4712 ήμέτερα
2566 4645 2729 4694 πᾶσιν
2773 4642 3036 4712 ὲράσμια,
3064 4643 3126 4694 οὐ
3157 4642 3320 4710 μόνον
3351 4642 3672 4713 ἀνθρώποις,
3697 4639 3815 4692 ἀλλὰ

600 4724 857 4783 minibus,
889 4721 985 4775 sed
1017 4722 1181 4775 etiam
1235 4723 1469 4794 angelis)
1519 4723 1773 4778 amabilia
1825 4734 1973 4793 sunt,
2005 4729 2167 4799 igitur

598 4825 650 4869 et
687 4829 782 4869 vos
816 4813 957 4867 haud
995 4828 1192 4882 Segnes
1220 4823 1274 4868 et
1319 4815 1538 4880 incurii,
1572 4819 1664 4871 sed
1697 4817 1885 4872 fervidi
1919 4826 1974 4874 et
1998 4819 2167 4878 fortes

595 4925 716 4964 esse
753 4908 985 4962 debetis.
1041 4905 1157 4962 Hoc
1197 4906 1341 4962 enim
1378 4907 1822 4977 signiﬁeatillud,
1886 4929 1905 4961 ι
1945 4912 2168 4980 praecin-

596 5001 668 5054 cti
705 5001 947 5054 lumbos:
978 5018 997 5050 ι
1031 4998 1176 5069 quod
1211 4998 1374 5054 etiam
1405 4999 1510 5054 Job
1533 5000 1585 5054 in
1612 5002 1877 5056 mandatis
1902 5005 2113 5074 accepit
2139 5020 2168 5058 a

596 5091 725 5146 Deo.
769 5089 921 5156 Quod
978 5099 1156 5143 autem
1223 5089 1437 5146 lumbos
1461 5090 1736 5160 praecineti
1778 5106 1899 5148 esse
1967 5091 2161 5148 debea-

597 5197 742 5246 mus,
775 5180 1033 5251 patefacit
1061 5180 1270 5236 addens
1308 5199 1320 5233 :
1358 5199 1376 5233 ι
1414 5182 1611 5236 mentis
1640 5190 1856 5237 vestrm.
1887 5201 1905 5234 ι
1959 5183 2038 5237 Ita
2068 5184 2170 5255 igi-

596 5284 687 5327 tur
718 5272 1043 5341 comparati,
1065 5281 1118 5326 et
1154 5290 1172 5322 i
1206 5272 1398 5339 sobrii,
1421 5273 1659 5342 perfecte
1695 5282 1910 5342 sperate
1944 5274 1996 5328 id
2026 5277 2169 5344 quod

598 5365 750 5417 vobis
781 5362 1140 5432 promittitur,
1215 5362 1510 5432 gaudium;
1562 5381 1579 5413 ι
1618 5365 1760 5434 quod
1790 5374 1874 5417 est
1913 5365 2067 5428 illud,
2103 5365 2170 5422 de

598 5470 705 5526 quo
737 5457 898 5524 paulo
934 5465 1059 5509 ante
1090 5453 1422 5509 mentionem
1449 5453 1598 5520 facit,
1632 5470 1826 5526 nempe
1860 5457 2165 5514 habendum

599 5549 652 5600 in
681 5549 918 5602 secundo
943 5546 1145 5600 tihristi
1177 5545 1432 5602 adventu.

706 5702 772 5731 ¹¹⁶
814 5699 946 5753 Luc.
986 5700 1154 5762 ",14.

2276 4737 2369 4789 καὶ
2401 4735 2674 4802 ἀγγέλοις,
2707 4734 2840 4804 μηδὲ.
2866 4735 3023 4803 ὑμεῖς
3052 4733 3274 4803 ἀμελῶς
3305 4734 3441 4804 πρὸς
3468 4733 3636 4787 ταῦτα
3659 4733 3813 4786 διατε-

2275 4825 2428 4896 οῆτε,
2494 4826 2629 4879 ἀλλὰ
2714 4827 3084 4888 συντείναντες
3141 4826 3386 4889 ἑαυτοὺς,
3436 4827 3532 4880 καὶ
3576 4823 3812 4892 ἀνδρικῶς

2273 4917 2612 4979 διατεθέντες
2645 4916 2841 4984 (τοῦτο
2885 4917 2994 4985 γὰρ
3049 4916 3204 4986 δηλοῖ
3243 4916 3334 4969 διὰ
3368 4915 3488 4980 τοῦ,
3529 4916 3810 4978 ’Δναζὼσα-

2276 5009 2369 5061 σθε
2411 5027 2428 5060 ι
2460 5009 2557 5071 τὰς
2580 5007 2787 5075 ὀσφύας
2807 5028 2820 5039 ο
2849 5027 2866 5059 ι
2903 5009 2932 5062 ὃ
2954 5010 3047 5063 καὶ
3088 5009 3210 5061 Ἰὼϐ
3237 5010 3640 5081 προστάσσεται
3682 5007 3811 5072 παρά

2274 5099 2368 5152 τοῦ
2400 5099 2538 5152 Θεοῦ
2557 5116 2569 5131 ·
2613 5099 2817 5168 ὀσφύας
2840 5099 2896 5152 δὲ
2925 5100 3094 5164 τίνας,
3117 5101 3414 5170 ἐσήμανεν,
3448 5099 3529 5152 ὃτι
3576 5100 3664 5160 τὰς
3691 5116 3708 5147 ι
3728 5097 3810 5161 τῆς

2276 5190 2513 5253 διανοίας
2539 5209 2557 5241 ι
2599 5191 2785 5258 λέγει)
2813 5210 2825 5221 ·
2859 5191 3033 5253 οὕτως
3061 5191 3154 5245 οῦν
3197 5191 3702 5260 παρεσκευασμένοι
3729 5187 3809 5239 καὶ

2285 5284 2611 5353 «νήφοντες,
2659 5283 2883 5346 τελείως
2947 5283 3205 5336 ἐλπίσατε
3248 5285 3341 5335 ἐπὶ
3390 5282 3490 5353 τὴν
3537 5278 3809 5352 φερομένην

2276 5373 2406 5442 ὑμῖν
2453 5373 2648 5444 χαράν.
2676 5391 2694 5424 ι
2755 5371 2901 5442 Αὕτη
2936 5373 2990 5425 δέ
3023 5375 3190 5438 ἐστιν,
3221 5375 3288 5444 ἦν
3317 5374 3414 5426 καὶ
3465 5374 3572 5443 πρὸ
3609 5367 3809 5440 βραχέος

2275 5465 2434 5534 φησι,
2466 5465 2608 5519 κατὰ
2640 5465 2737 5533 τὴν
2765 5463 3023 5534 δευτέραν
3053 5464 3147 5517 τοῦ
3175 5464 3379 5534 Κυρίου
3411 5462 3720 5535 παρουσίαν.

1811 5829 2119 5894 Bonifacii
2155 5832 2383 5894 Finetti
2426 5836 2614 5892 notua.

672 5916 747 5986 (l)
783 5913 941 5986 Vulg.
983 5932 1157 5984 quem.
