4010 6538
299 352 437 415 ιΞλοι

1026 352 1431 415 Ε’ΧΡΟΞΙΤΙΟ
1468 352 1552 415 IN
1589 353 1829 416 EPIST.
1867 355 1896 415 Ι
1938 354 1999 415 S.
2024 351 2276 414 PETRI.
2314 376 2383 387 -
2411 350 2569 413 CAP.
2607 351 2655 409 Ι.

3418 351 3564 416 liii!

368 466 504 520 (Διὸ
555 466 969 537 ἀναζωσάμενοι
1045 466 1143 530 τὰς
1216 465 1425 536 ὀσφύας
1477 467 1578 535 τῆς
1636 467 1873 531 διανοίας

2051 465 2218 523 Vens.
2254 466 2438 520 15-16.
2501 483 2519 516 ι
2582 464 2816 536 Propter
2851 465 2996 535 quod
3041 467 3307 522 succincti
3343 472 3555 523 imuims

290 556 472 629 ὑμῶν,
510 557 798 629 νήφοντες,
828 557 1050 620 τελείως
1081 556 1340 612 ἐλπίσατε
1381 558 1472 611 ἐπὶ
1506 559 1603 628 τὴν
1634 557 1871 629 φερομέ-

290 668 390 717 νην
426 652 555 718 ὑμῖν
584 651 743 721 χάριν
774 652 833 704 ἐν
864 649 1210 719 ἀποκαλύψει
1257 649 1436 720 Ἰησοῦ
1488 649 1731 721 Χριστοῦ
1755 668 1767 681 ·
1797 650 1873 715 ὡς

291 742 461 796 τέκνα
495 744 768 812 ὑπακοῆς,
805 743 880 815 μὴ
916 743 1461 815 συσχηματιζόμενοι
1501 746 1622 806 ταῖς
1669 744 1870 812 πρότε-

295 853 390 905 ρον
419 838 477 890 ἒν
503 840 567 908 τῇ
608 836 801 908 ἀγνοίᾳ
831 836 986 906 ὑμῶν
1018 836 1340 907 ἐπιθυμίαις
1368 853 1381 867 ο
1420 837 1557 891 ἀλλά
1590 837 1735 894 κατᾶ
1782 838 1873 890 τὸν

292 926 604 981 καλέσαντα
627 927 771 997 ὑμᾶς
805 927 1019 995 ’Ᾱγιον,
1044 927 1138 981 καὶ
1197 926 1353 981 αὐτοὶ
1410 925 1556 994 ἅγιοι
1610 930 1667 980 ὲν
1724 927 1873 997 πάσῃ

289 1018 608 1091 ἀναστροφῇ
642 1018 934 1091 γενήθητε.
965 1018 1113 1073 Διότι
1141 1020 1489 1091 γέγραπται·
1514 1019 1698 1088 Ἀγιοι
1726 1020 1873 1089 γίνε-

302 1110 425 1176 σθε,
477 1112 561 1165 ὅτι
612 1109 740 1180 ὲγὼ.ζ
778 1110 934 1181 ἅγιός
979 1111 1117 1182 εἰμι.
1145 1131 1165 1164 ι
1225 1110 1710 1182 Συσχηματισμδν,
1773 1111 1875 1182 τὴν

294 1198 722 1268 συμπεριφορὰν
759 1198 856 1269 τὴν
897 1199 1035 1271 πρὸς
1075 1199 1145 1252 τὰ
1177 1199 1483 1272 πράγματα
1531 1200 1602 1255 τά
1631 1200 1875 1272 παρόντα

291 1284 447 1355 λέγει
472 1303 489 1318 ο
536 1286 565 1340 ὃ
606 1304 751 1350 τινες
805 1287 915 1340 τῶν
959 1288 1205 1359 ἀνοήτων
1258 1287 1376 1362 [καὶ
1413 1287 1539 1362 νῦν]
1574 1307 1760 1360 φασιν,
1791 1292 1873 1346 ὅτι

292 1376 437 1446 πρὸς
482 1378 550 1431 τά
594 1377 897 1447 πράγματα
951 1376 1081 1450 [δεῖ]
1141 1378 1497 1448 διαγίνεσθαι.
1559 1380 1732 1436 Τοῦτο
1785 1381 1876 1436 οὖν

292 1470 482 1531 ἐᾶσαι,
528 1471 604 1534 ὡς
655 1470 906 1542 μάταιον,
962 1469 1252 1546 [κελεύει,]
1282 1475 1395 1527 εἴτε
1430 1475 1488 1528 έν
1515 1473 1738 1543 γνώσει,
1767 1475 1876 1528 εἴτε

293 1563 392 1616 καὶ
450 1563 547 1617 «ιν
603 1562 839 1635 ἀγνοίᾳ»
884 1561 1063 1635 ταύτῃ
1111 1565 1218 1634 πρὸ
1260 1564 1453 1620 τούτου
1484 1566 1876 1638 ἐνεσχέθησαν.

295 1670 322 1704 ι
361 1651 519 1707 Ἀλλὰ
549 1672 568 1706 ι
605 1653 721 1719 νῦν,
749 1651 967 1727 [λέγει,]
998 1654 1073 1721 τῷ
1102 1655 1394 1711 καλέσαντι
1429 1675 1449 1709 ι
1474 1655 1881 1727 συσχηματιζό-

296 1740 476 1811 μενοι.
506 1758 525 1792 ι
574 1741 740 1811 Ἀγίῳ
766 1741 902 1805 ϐντι,
939 1761 956 1794 ι
985 1743 1132 1811 ἅγιοι
1160 1746 1255 1798 καὶ
1282 1745 1439 1800 αὐτοὶ
1478 1747 1714 1815 γίνεσθε.
1743 1767 1763 1800 ι

1980 561 2182 617 mentis
2215 570 2432 627 vestras,
2466 558 2635 615 sobrii
2671 566 2889 628 sperate
2924 559 2977 612 in
3013 573 3296 629 eam,qu:e
3325 560 3555 616 otl‘ertur

1977 656 2156 721 vobis,
2217 655 2472 725 gratiam,
2532 655 2585 709 in
2622 654 3009 711 revelationcm
3063 654 3195 711 Jcsu
3269 654 3476 711 Christi
3525 673 3542 711 :

1976 750 2132 820 quasi
2173 748 2268 802 lilii
2330 748 2678 810 obeilientim,
2728 762 2836 801 non
2891 745 3221 817 contigurati
3274 728 3557 816 prioribus

1981 841 2303 911 ignorantiae
2342 849 2537 896 vestrae
2576 840 2890 896 desideriis.
2943 839 3050 894 Sed
3087 840 3385 895 secundum
3432 856 3555 895 eum

1979 934 2068 1001 qui
2096 934 2309 988 vocavit
2338 948 2455 997 vos,
2490 931 2777 996 Sanctum,
2824 940 2885 987 et
2920 932 3023 1003 ipsi
3060 933 3112 986 in
3142 933 3289 986 omni
3325 948 3556 987 conver-

1981 1023 2196 1080 satione
2226 1025 2399 1079 sancti
2428 1025 2569 1081 sitis.
2605 1024 2872 1091 Quoniam
2903 1025 3172 1095 scriptum
3214 1032 3298 1081 est
3331 1042 3344 1078 :
3372 1022 3557 1079 Sanrti

1978 1117 2156 1182 eritis,
2183 1117 2443 1187 quoniam
2498 1132 2599 1188 ego
2653 1125 2881 1172 sanctus
2932 1132 3079 1172 sunt.
3133 1136 3149 1167 ι
3214 1116 3558 1188 Contigurari

1979 1211 2070 1265 hic
2096 1218 2253 1264 vocat
2284 1209 2449 1265 rebus
2477 1210 2840 1281 praesentibus
2885 1208 3271 1277 circumferri;
3324 1220 3384 1265 ut
3432 1210 3558 1274 qui-

1978 1300 2102 1355 dam
2132 1299 2455 1369 insipientes
2478 1307 2531 1355 et
2553 1314 2703 1354 nunc
2757 1300 2968 1361 dicunt,
3001 1308 3256 1371 oportere
3295 1301 3477 1355 sinere
3505 1316 3561 1352 se

1981 1394 2344 1465 pra-sentibus
2376 1394 2539 1450 rebus
2589 1391 2740 1448 ferri.
2788 1390 2904 1446 Hoc
2929 1393 3134 1463 itaque,
3172 1402 3429 1462 tanquam
3468 1408 3557 1444 ra-

1980 1502 2137 1559 num,
2160 1487 2245 1541 cui
2270 1486 2534 1542 hactenus
2574 1487 2692 1541 sive
2728 1485 2986 1548 scientes,
3010 1487 3123 1540 sive
3151 1505 3169 1537 ι
3195 1487 3510 1552 ignorantes
3537 1505 3554 1535 ι

1982 1582 2352 1646 adhmserunt,
2398 1588 2457 1633 ut
2483 1579 2815 1648 relinquant,
2847 1578 3131 1648 praecipit:
3165 1596 3181 1629 ι
3211 1577 3315 1632 Sed
3335 1593 3500 1633 nunc.
3538 1597 3555 1629 ι

1984 1674 2180 1742 inquit,
2215 1693 2233 1725 ι
2296 1670 2621 1743 contigurali
2661 1690 2679 1722 ι
2719 1671 2818 1734 illi,
2876 1670 2967 1740 qui
3010 1685 3135 1724 vere
3174 1671 3406 1724 Sanctus
3459 1680 3563 1733 cst,

1991 1785 2008 1818 ι
2039 1773 2092 1819 et
2125 1780 2222 1819 vos
2249 1765 2425 1819 sancti
2455 1770 2653 1817 estote.
2694 1780 2710 1812 ι

376 1850 398 1884 ι
432 1832 544 1887 Καὶ
593 1835 642 1886 εί
677 1834 902 1906 Πατέρα
947 1836 1299 1891 ἐπικαλεῖσθε
1346 1838 1437 1892 τὸν
1478 1812 1878 1911 ἀπροσωπολή-

2056 1855 2219 1927 356
2245 1846 2406 1910 Vens.
2441 1853 2630 1908 17-19.
2658 1871 2676 1905 ι
2707 1852 2772 1906 Et
2799 1853 2842 1909 si
2866 1852 3085 1906 Patrem
3121 1853 3388 1907 invocatis
3416 1868 3564 1909 eum,

295 1940 454 1987 πτως
480 1925 739 1995 κρίνοντα
770 1926 913 1981 κατὰ
943 1926 1006 1981 τὸ
1036 1928 1269 1983 ἑκάστου
1298 1930 1481 2001 ἔργον,
1515 1933 1574 1986 ὲν
1608 1931 1757 2002 φόϐῳ
1787 1933 1881 1986 τὸν

293 2014 400 2084 τῆς
448 2016 743 2087 παροικίας
777 2019 934 2088 ὑμῶν
985 2019 1178 2091 χρόνον
1222 2022 1609 2094 ἀναστράφητε
1632 2039 1648 2055 ⁶
1681 2024 1880 2087 είδότες

297 2104 382 2157 ὅτι
411 2104 473 2157 οὑ
505 2103 786 2176 φθαρτοῖς,
813 2108 1066 2180 ἀργυρίῳ
1098 2109 1132 2180 ἢ
1165 2110 1396 2182 χρυσίῳ,
1435 2112 1781 2183 ἐλυτρώθητε
1817 2116 1882 2168 ἐκ

294 2195 400 2265 τῆς
449 2197 689 2265 ματαίας
745 2198 901 2269 ὑμῶν
956 2202 1446 2273 πατροπαραδότου
1506 2204 1878 2275 ἀναστροφῆς,

295 2287 438 2342 ἀλλά
475 2289 643 2361 τιμίῳ
686 2291 887 2357 αἵματι
935 2291 1011 2355 ὡς
1051 2293 1226 2364 ἀμνοῦ
1267 2296 1358 2347 καὶ
1405 2295 1565 2367 ivulg.
1624 2315 1730 2350 om.
1762 2297 1878 2370 xui]

295 2378 537 2451 ἀμώμου
564 2382 658 2435 καὶ¹
692 2383 925 2437 ἀσπίλου
947 2385 1209 2455 Χριστοῦ.
1242 2405 1259 2437 ι
1296 2387 1482 2441 Διττὸν
1513 2391 1545 2459 ἡ
1572 2389 1759 2459 Γραφὴ
1791 2391 1880 2442 τὸν

298 2470 468 2540 φόϐον
496 2468 603 2526 οἶδε
625 2491 640 2505 θ
672 2474 766 2528 τόν
794 2476 892 2545 μὲν
922 2478 1423 2548 προκαταρκτικὸν,
1455 2481 1548 2533 τὸν
1576 2480 1633 2534 δὲ
1656 2480 1878 2533 τελειω-

296 2564 477 2619 τικόν.
520 2564 1005 2635 Προκαταρκτικόν
1059 2570 1179 2638 μὲν,
1220 2568 1276 2632 ὃς
1331 2571 1424 2623 καὶ
1478 2571 1880 2639 στοιχειωτικός

297 2658 439 2721 ἐστι,
477 2657 568 2711 τόν
618 2658 705 2715 διὰ
748 2660 911 2727 φόϐον
947 2660 1056 2714 τῶν
1085 2662 1494 2733 πεπραγμένων
1522 2666 1626 2715 τινί
1654 2664 1789 2732 πρὸς
1822 2662 1881 2715 τ’)

300 2752 606 2820 σωφρονεῖν
639 2749 1074 2821 έκκαλοὺμενον,·
1110 2753 1451 2807 τελειωτικὸν
1473 2753 1550 2817 δὲ,
1574 2755 1661 2807 τὸν
1684 2753 1746 2826 [Ῑ.
1777 2756 1881 2827 τμη,

299 2842 394 2895 διὰ
439 2842 501 2896 τὸ
550 2842 871 2896 τελειῶσθαι
996 2843 1303 2919 -οῦσθαι]
1345 2847 1404 2899 ἐν
1438 2849 1505 2917 τῇ
1551 2848 1738 2919 ἀγάπῃ
1787 2849 1880 2901 τοῦ

299 2937 440 3005 πρξς
468 2936 527 2989 ὃν
580 2935 731 3004 φιλία
776 2937 1052 3002 σπεύδειν,
1108 2939 1414 3007 φοϐεῖσθαι,
1454 2942 1525 3010 μή
1569 2960 1620 2994 τι
1676 2942 1883 2995 τούτων

301 3027 456 3098 αῦτῷ
492 3025 654 3085 ἐνδεῖ,
689 3021 764 3080 ὧν
788 3045 873 3091 τις
905 3027 970 3099 if.
1011 3028 1145 3100 τοῖς]
1188 3032 1393 3101 σφόδρα
1426 3031 1712 3098 ἀγαπῶσιν
1734 3034 1883 3101 ὀφεί-

298 3118 479 3172 λεται.
529 3117 870 3187 ’Υπόδειγμα
908 3120 1000 3171 τοῦ
1039 3120 1280 3190 πρώτου,
1323 3122 1382 3185 ὂς
1415 3124 1510 3176 καὶ
1548 3141 1879 3193 στοιχειωτι-

300 3210 400 3274 κός
423 3210 640 3272 suam?)
673 3212 731 3262 ὲν
770 3211 1021 3282 Ψαλμοῖς
1067 3213 1382 3282 εἰρημένον,
1418 3214 1501 3278 τὸ,
1550 3236 1567 3267 ι
1593 3216 1887 3288 Φοϐηθήτω

299 3302 396 3357 τὸν
421 3302 632 3374 Κύριον
659 3303 807 3355 πᾶσα
839 3305 870 3373 ή
912 3304 1006 3371 γῆ,
1036 3323 1054 3354 ι
1111 3304 1257 3357 τοῦτ’
1281 3304 1449 3372 ἐστιν,
1473 3300 1557 3370 οἷς
1575 3308 1728 3361 οὐδὲν
1762 3311 1890 3380 μελ-

301 3397 389 3450 λει
554 3392 730 3467 μέλει]
772 3395 1029 3465 οὐρανίου
1078 3398 1463 3467 φρονήματος,
1515 3399 1652 3453 ἀλλὰ
1695 3403 1887 3471 γηῖνου

304 3485 693 3556 ματαιότητος.
727 3484 792 3537 Τί
812 3484 919 3552 γὰρ
939 3485 1006 3538 ἂν
1031 3486 1276 3553 πάθοιεν,
1299 3506 1319 3539 ι
1349 3486 1477 3541 ὅταν
1496 3490 1702 3561 ἀναστῇ
1723 3490 1888 3562 θραῦ-

304 3594 399 3632 σαι
444 3576 545 3648 τὴν
586 3577 689 3646 γῆν
713 3594 727 3643 ;
755 3596 774 3629 ι
805 3579 846 3629 Τ
850 3576 911 3630 οῦ
951 3578 1205 3647 δευτέρου
1240 3578 1318 3645 δὲ,
1363 3579 1459 3633 τοῦ
1491 3581 1885 3650 τειλειωτικοῦ,

302 3671 473 3739 λέγω,
499 3668 527 3722 ὃ
555 3669 649 3722 καὶ
676 3670 806 3722 αὑτὸ
838 3672 990 3739 παρὰ
1019 3671 1097 3738 τῷ
1131 3668 1296 3725 Δαϐὶδ
1335 3671 1483 3725 ἔστιν
1506 3671 1688 3744 εὑρεῖν
1723 3676 1780 3729 ἐν
1806 3672 1890 3740 οἷς

302 3763 489 3829 λέγει·
525 3780 542 3813 ι
570 3759 844 3831 Φοϐήθητε
888 3761 982 3812 τόν
1022 3758 1250 3832 Κύριον,
1295 3764 1499 3829 πάντες
1532 3766 1581 3818 οἱ
1609 3767 1755 3836 ἆγιοι
1789 3769 1888 3821 αὑ-

301 3852 524 3915 τοῦ,δτι
553 3852 653 3905 οὐκ
678 3851 824 3905 ἐστιν
841 3854 1126 3923 ὑστέρημα
1149 3857 1260 3917 τοῖς
1285 3855 1641 3927 φοϐουμένοις
1668 3861 1881 3913 αὐτόν»

307 3946 406 4000 καὶ
433 3945 618 4008 πάλιν,
659 3962 677 3995 ι
711 3943 769 3998 Ὀ
817 3944 983 4011 φόϐος
1034 3947 1264 4015 Κυρὲου,
1295 3947 1479 4015 ἁγνὸς,
1509 3950 1780 4019 διαμένων
1810 3954 1888 4016 εἰς

306 4035 484 4091 αίῶνα
524 4035 738 4099 αἰῶνος.
769 4054 787 4087 ι
842 4037 1000 4090 Κατᾶ
1034 4036 1223 4089 τοῦτον
1255 4036 1346 4090 οὖν
1397 4038 1487 4089 τὸν
1545 4039 1889 4095 τελειωτικὸν

305 4134 478 4203 φόϐον
506 4133 601 4185 καὶ
631 4132 838 4202 Πέτρος
883 4131 1197 4202 παρακαλεῖ
1237 4130 1332 4185 νῦν
1377 4131 1712 4188 διατίθεσθαι
1765 4135 1891 4196 τοὺς

309 4220 592 4290 ὑπηκόους
638 4219 811 4289 αὑτῷ,
872 4220 1124 4289 φάσκων,
1171 4219 1247 4284 ὡς
1283 4220 1437 4275 Ἐπεὶ
1502 4223 1571 4277 δι’
1609 4223 1890 4295 οἰκτιρμὸν

308 4316 520 4383 ἄφατον
552 4311 647 4365 τοῦ
678 4313 1042 4383 πεποιηκότος
1093 4313 1229 4367 Θεοῦ
1263 4316 1344 4378 εἰς
1379 4315 1530 4376 υἱοὺς
1592 4316 1760 4369 αὑτοῦ
1797 4318 1890 4369 ἀν-

306 4404 606 4473 ελήφθητε,
650 4405 678 4457 ό
728 4403 891 4474 φόϐος
922 4406 1051 4475 ὑμῖν
1095 4400 1253 4470 οὗτος
1299 4408 1682 4481 συμπάρεδρος
1728 4409 1889 4473 ἔστω,

310 4498 390 4555 ὼς
439 4496 502 4560 ἐξ
547 4497 768 4567 ἀγάπης
823 4499 981 4568 ὑμεῖς
1030 4497 1127 4551 τοῦ
1177 4502 1538 4570 πεποιηκότος
1589 4503 1890 4572 γενόμενοι,

1988 1948 2081 2017 qui
2112 1949 2231 2002 sine
2262 1946 2582 2015 acceptione
2612 1959 2975 2014 personarum
3021 1944 3231 2013 judicat
3263 1944 3561 2000 secundum

1989 2040 2428 2109 uniuscujusque
2457 2053 2618 2108 opus,
2675 2038 2730 2092 in
2792 2037 2992 2091 timore
3052 2036 3324 2090 incolatus
3395 2035 3561 2088 vestri
3652 2028 3667 2036 ’

1989 2140 2232 2199 tempore
2264 2128 2690 2194 cenversamini,
2751 2127 2993 2183 scientes
3024 2127 3169 2196 quod
3200 2141 3308 2180 non
3376 2139 3570 2181 corru-

1990 2224 2269 2293 ptibilihns
2301 2236 2437 2275 auro
2466 2221 2551 2275 vel
2583 2231 2810 2290 argento
2835 2219 3101 2289 redempti
3146 2217 3302 2285 estis,
3336 2217 3405 2271 de
3429 2231 3567 2270 vana

1990 2322 2166 2368 vestra
2196 2314 2613 2368 conversatione
2667 2319 2906 2384 paternae
2936 2309 3272 2375 traditionis,
3322 2309 3415 2365 sed
3449 2323 3566 2376 pre-

1990 2409 2133 2460 tioso
2160 2408 2431 2477 sanguine
2480 2406 2644 2475 quasi
2682 2404 2812 2476 agni
2861 2403 3196 2459 immaculati
3276 2403 3481 2456 Christi
3519 2413 3572 2454 (ιι

1992 2498 2433 2553 ἴοι-ιιιιιιιιιιίιιοιὶ.
2477 2517 2506 2550 ι-
2536 2497 2817 2567 Duplicem
2875 2497 3129 2550 timorem
3182 2494 3334 2549 novit
3378 2492 3565 2553 Scrin-

1989 2602 2111 2645 tura
2163 2610 2176 2644 :
2240 2591 2569 2645 iuitiativum
2621 2604 2826 2654 unum,
2905 2587 3133 2642 alterum
3193 2584 3569 2656 perfectivnm.

1991 2685 2321 2747 initizttit'tts,
2352 2685 2444 2749 qui
2503 2692 2558 2738 et
2615 2681 2990 2743 elementaris,
3043 2687 3132 2735 est
3184 2694 3293 2744 quo
3330 2679 3474 2747 quis.
3508 2693 3572 2731 ex

1989 2775 2237 2839 improha
2262 2774 2324 2826 ad
2357 2774 2638 2826 honestam
2672 2771 2837 2823 ritavn
2864 2776 3187 2824 revocatur:
3220 2766 3573 2838 perfectivus,

1991 2881 2098 2933 quo
2126 2868 2269 2930 quis.
2296 2872 2584 2931 propterea
2626 2863 2768 2930 quod
2808 2862 2861 2913 in
2897 2861 3042 2927 ejus,
3070 2859 3232 2928 cujus
3315 2857 3575 2912 amicitiae

1989 2958 2197 3022 s'udet,
2259 2973 2445 3011 amore
2505 2955 2809 3025 perﬁcitur,
2874 2953 3026 3007 timet
3093 2966 3161 3006 ne
3214 2950 3290 3004 illi
3369 2948 3574 3018 aliquid

1990 3069 2178 3104 eorum
2246 3050 2410 3111 desit.
2505 3064 2626 3118 qum
2698 3048 2824 3114 quis
2903 3046 3151 3115 inpense
3223 3042 3578 3112 diligentibus

1992 3143 2175 3195 debet.
2208 3141 2525 3209 Exemplum
2560 3138 2742 3209 primi,
2786 3153 2882 3192 seu
2932 3134 3300 3192 elcmentaris.
3328 3145 3423 3188 est
3445 3133 3577 3185 illud

1992 3235 2219 3303 quodin
2283 3232 2515 3286 Psalmis
2581 3229 2824 3283 dicitur:
2895 3246 2913 3278 ι
2996 3224 3210 3279 Timcat
3288 3222 3577 3279 Dominum

1989 3326 2171 3381 omnis
2223 3332 2397 3386 terra,
2453 3341 2471 3374 ι
2531 3323 2632 3374 hoc.
2661 3319 2832 3381 ostii,
2895 3318 2988 3386 qui
3048 3316 3250 3370 nullam
3340 3314 3582 3371 crelestis

2001 3417 2309 3485 sapientizr,
2352 3414 2446 3469 sed
2530 3413 2703 3468 solius
2783 3420 3015 3465 terreme
3078 3408 3337 3462 vanitatis
3391 3420 3579 3460 curam

1992 3510 2187 3564 habent
2215 3526 2229 3560 :
2259 3506 2391 3577 quid
2428 3505 2575 3561 enim
2609 3503 2694 3558 bis
2726 3501 2961 3565 eveniet,
3026 3518 3045 3551 ι
3102 3515 3225 3552 eum
3252 3497 3575 3553 surrexerit

1990 3601 2256 3657 Dominus
2306 3606 2592 3671 percutere
2640 3605 2839 3649 terram
2871 3594 2963 3646 “2?
3010 3611 3029 3644 ι
3081 3592 3323 3646 Alterius
3415 3592 3579 3645 etiam

1990 3692 2297 3762 exemplum
2356 3689 2500 3760 apud
2561 3688 2726 3742 David
2785 3685 3031 3754 reper'r:
3113 3692 3234 3747 est,
3289 3682 3379 3737 ubi
3434 3682 3511 3735 ait
3562 3699 3576 3734 :

1995 3804 2015 3838 ι
2061 3784 2272 3838 Timete
2320 3780 2608 3834 Dominum
2665 3793 2859 3833 onmes
2901 3777 3077 3832 sancti
3121 3775 3263 3845 eius,
3317 3772 3578 3844 quoniam

1987 3873 2102 3933 non
2150 3886 2234 3931 est
2288 3874 2470 3944 inopia
2521 3872 2841 3928 timentibus
2871 3885 2998 3924 eum
3030 3870 3106 3934 ¹³;
3142 3888 3161 3920 ι
3216 3876 3271 3922 et
3316 3881 3510 3921 rursus
3564 3902 3579 3938 ε

1997 3987 2018 4020 ι
2054 3967 2241 4021 Timor
2277 3964 2515 4028 Domini,
2542 3973 2763 4018 sanctus
2828 3977 3154 4032 permanens
3209 3960 3263 4016 in
3320 3959 3579 4014 smculum

1993 4060 2263 4115 saeculi“.
2291 4057 2533 4114 :Petrus
2578 4058 2763 4127 itaque
2811 4056 3067 4111 hortatur
3113 4054 3414 4124 discipulos
3450 4068 3582 4107 suos

1994 4159 2054 4206 ut
2084 4152 2228 4206 hunc
2263 4149 2624 4219 perlectivum
2685 4149 2944 4202 timorem
2992 4147 3046 4200 in
3084 4147 3255 4202 corde
3318 4143 3581 4203 habeant,

1993 4243 2233 4299 dicens:
2283 4240 2557 4306 Quoniam
2615 4254 2715 4308 per
2780 4238 3113 4293 ineﬂ'abilem
3171 4237 3265 4291 Dei
3316 4235 3585 4290 creatoris

1994 4330 2432 4388 misericordiam
2468 4332 2524 4384 in
2550 4329 2692 4385 tilios
2724 4329 2901 4398 ipsius
2933 4328 3203 4396 assumpti
3231 4328 3388 4391 estis,
3420 4329 3586 4381 timor

1996 4426 2097 4480 iste
2123 4437 2341 4492 semper
2371 4420 2658 4476 vobiscum
2722 4417 2987 4486 assideat,
3053 4423 3243 4485 utpote
3284 4414 3378 4486 qui
3440 4415 3584 4468 tales

1999 4514 2177 4572 etIecti
2202 4514 2338 4570 estis
2362 4528 2425 4567 ex
2484 4511 2578 4566 Dei
2640 4508 3000 4580 benignitate,
3032 4521 3145 4561 non
3190 4522 3256 4561 ex
3315 4505 3584 4574 operibus

313 4588 412 4640 καὶ
442 4588 543 4641 οὐκ
578 4588 637 4655 ἐξ
686 4587 888 4660 ἔργων.
935 4588 1028 4642 Ἐκ
1056 4588 1269 4643 πολλῶν
1298 4591 1354 4645 δὲ
1387 4592 1758 4663 ποιησάμενος
1796 4594 1895 4664 τὴν

1999 4608 2217 4664 vestris.
2250 4606 2326 4660 Ex
2356 4604 2544 4659 multis
2574 4602 2739 4672 igitur
2767 4599 3208 4656 adhortationem
3256 4613 3411 4652 suam
3446 4612 3583 4652 cou-

317 4679 670 4752 παράκλησιν
704 4681 948 4753 (πρῶτον
977 4683 1066 4736 διὰ
1104 4682 1213 4735 τῶν
1264 4684 1681 4756 ἐπιθυμητικῶν
1729 4687 1795 4759 [Ῑ.
1829 4719 1891 4727 -

316 4770 480 4844 κῶς]
586 4774 725 4843 πρὸς
800 4774 940 4828 αὑτά
992 4774 1351 4845 διακειμένων
1421 4777 1709 4844 ἀγγέλων,
1777 4775 1896 4832 εἷτα

312 4865 426 4920 ἀπὸ
480 4864 575 4920 τοῦ
625 4866 926 4937 Γραφικοῦ,
956 4862 1073 4921 εἶτα
1103 4868 1211 4922 ἀπὸ
1250 4869 1346 4923 τοῦ
1399 4870 1698 4937 ἀναγκαίου
1732 4885 1745 4899 ’
1779 4873 1900 4924 ἐπεὶ

312 4955 429 5026 γὰρ
449 4955 542 5010 τὸν
572 4957 702 5009 Θεὸν
725 4958 1114 5011 ἐπικαλοῦνται
1142 4959 1382 5030 Πατέρα,
1411 4961 1627 5029 ἀνάγκη
1657 4959 1748 5013 τὸν
1777 4962 1900 5014 ἑπι-

313 5047 599 5119 θυμοῦντα
644 5050 922 5104 υἱοθεσίαν
974 5049 1041 5123 [Ῑ.
1074 5050 1275 5123 -αςῖ,
1338 5053 1466 5120 ἀξια
1528 5054 1625 5106 τοῦ
1684 5054 1897 5125 Πατρὸς

316 5143 494 5194 ποιεῖν
519 5157 534 5172 ’
584 5143 680 5197 καὶ
724 5142 1006 5213 τέταρτον,
1038 5143 1121 5196 ὅτι
1169 5142 1340 5214 μυρία
1370 5143 1560 5198 ἔλαϐον
1600 5144 1783 5214 ἀγαθὰ
1811 5146 1898 5199 διά

314 5231 413 5286 τοῦ
463 5234 895 5305 καταϐληθέντος
946 5239 1086 5310 ὑπὲρ
1130 5239 1310 5293 αὐτῶν
1340 5240 1656 5310 τιμήματος
1689 5258 1702 5273 ο
1741 5240 1897 5295 τοῦτο

314 5325 375 5378 δέ
404 5326 521 5379 ἐστι
553 5327 614 5379 τὸ
638 5326 731 5380 τοῦ
758 5329 997 5397 Χριστοῦ
1029 5324 1188 5401 αἷμα,
1219 5332 1356 5400 ὅπερ
1389 5332 1707 5403 ἀντίλυτρον
1742 5334 1895 5403 ἐδόθη

315 5417 429 5471 τῶν
479 5419 767 5491 ἁμαρτιῶν
817 5422 925 5474 τῶν
979 5422 1354 5492 ἀνθρώπων)·
1406 5422 1614 5475 κελεύει
1669 5422 1762 5475 οὖν
1809 5425 1898 5479 διά

316 5508 492 5563 ταῦτα
518 5511 610 5564 τὸν
653 5510 848 5583 χρόνον
877 5511 1062 5565 πάντα
1081 5510 1176 5565 τοῦ
1214 5513 1315 5583 ζῇν
1350 5512 1600 5564 σύνοικον
1629 5512 1774 5582 ἔχειν
1804 5515 1894 5566 τὸν

318 5598 485 5667 φόϐον
533 5601 627 5653 τὸν
680 5603 1051 5659 τελειωτικόν.
1075 5603 1243 5668 Φόϐος
1271 5604 1379 5675 γὰρ
1409 5604 1496 5656 ἀεὶ
1538 5606 1649 5666 τοῖς
1679 5605 1896 5657 τελειω-

400 5783 442 5815 "
471 5781 577 5839 lsa.
611 5797 672 5845 tl,
706 5783 796 5844 i9.
819 5784 909 5839 ει.
990 5786 1030 5816 ⁸³
1064 5784 1203 5839 l’snl.
1236 5799 1427 5847 XXXIII,
1473 5784 1552 5837 lt).

2001 4699 2117 4754 ticit
2170 4698 2473 4767 apostolus.
2525 4694 2750 4762 Nempe,
2820 4691 3021 4763 primo,
3053 4706 3117 4746 ex
3148 4689 3442 4752 desiderio,
3475 4704 3584 4757 quo

2000 4805 2128 4860 erga
2151 4803 2216 4845 ea
2246 4788 2464 4858 ipsimet
2487 4785 2663 4855 angeli
2693 4787 2942 4839 feruntur
2964 4821 2982 4851 ,
3011 4781 3254 4839 secundo
3277 4823 3293 4848 ,
3320 4796 3386 4837 ex
3435 4780 3586 4833 Scri-

2004 4888 2159 4951 ptura
2186 4897 2202 4947 ;
2241 4879 2426 4945 tertio,
2444 4893 2512 4934 ex
2542 4876 2878 4934 necessitate
2909 4893 2924 4930 ι
2964 4873 3405 4947 quandoquidem
3437 4870 3581 4927 enim

2005 4971 2173 5026 Deum
2206 4970 2419 5027 Patrem
2451 4970 2746 5041 appellant,
2781 4983 3005 5025 necesse
3033 4977 3119 5023 est
3180 4976 3236 5020 ut
3266 4965 3358 5033 qui
3395 4964 3582 5019 altilia-

2002 5061 2207 5115 tionem
2289 5060 2624 5121 desiderant,
2651 5057 2815 5130 digna
2864 5062 3019 5110 tanto
3052 5056 3215 5109 Patre
3253 5060 3581 5124 operentur;

2004 5160 2202 5220 quarto
2245 5151 2490 5217 ricinum,
2529 5150 2791 5221 quoniam
2845 5148 3133 5203 innumera
3162 5146 3301 5199 bona
3333 5159 3581 5215 perenne.

2007 5253 2134 5300 runt
2162 5262 2227 5299 ex
2256 5245 2430 5315 pretio
2458 5260 2555 5314 pro
2583 5243 2717 5312 ipsis
2739 5240 3017 5311 pet-soluto
3037 5255 3052 5294 :
3072 5238 3220 5308 qttod
3249 5247 3338 5292 est
3361 5235 3585 5305 sanguis

2003 5335 2228 5400 Christi,
2266 5336 2358 5405 qui
2389 5335 2550 5389 datus
2582 5341 2667 5389 est
2697 5334 2749 5387 in
2780 5331 3013 5402 pretium
3050 5329 3445 5398 redemptionis
3484 5343 3586 5397 pro

2009 5426 2246 5495 peccatis
2279 5426 2582 5481 hominum.
2613 5425 2716 5479 Per
2748 5425 2862 5479 haec
2887 5423 3054 5494 igitur
3092 5422 3273 5475 omnia
3308 5422 3578 5491 przt‘cipit,

2006 5523 2065 5570 ut
2101 5524 2214 5570 toto
2245 5514 2367 5570 vita:
2418 5528 2662 5583 tempore
2717 5509 3078 5582 perfectivum
3122 5510 3268 5565 hunc
3330 5510 3591 5566 timorem

2012 5606 2246 5661 habeant
2282 5624 2294 5659 :
2326 5607 2491 5660 timor
2515 5606 2660 5661 enim
2687 5611 2986 5676 perpetuus
3015 5610 3099 5661 est
3132 5600 3388 5670 perfectis
3416 5603 3587 5656 homi-

1638 5784 1676 5813 “
1714 5783 1854 5838 l'sal.
1892 5801 2041 5847 svnt,
2087 5784 2169 5836 Ill.
