4010 6538
519 383 652 450 1203

1475 390 2043 453 THEOPHYLACTI
2081 394 2489 455 BULGARIJE
2529 398 2880 458 ARCIIIEP.

3616 396 3754 461 ιεθι

511 496 693 556 nibus,
724 512 789 552 ne
819 496 923 553 illis
957 497 1158 567 aliquid
1185 497 1248 553 ad
1280 514 1458 554 veram
1487 497 1873 571 perfectionem
1907 503 2068 559 desit.

2181 506 2352 563 θεῖσιν
2412 509 2740 578 ἀνθρώποις,
2814 512 2889 581 μὴ
2934 509 3200 563 ἐλλείπειν
3243 527 3294 573 τι
3343 509 3452 561 τῶν
3505 511 3751 569 τελείων,

508 585 803 641 Considera
849 603 996 653 vero,
1042 605 1147 659 qua
1203 591 1435 655 ratione,
1504 592 1718 649 dicente
1778 595 1999 651 Christo
2058 614 2071 649 :

517 697 536 732 ι
574 677 733 733 Pater
761 696 863 743 non
892 680 1102 752 judicat
1126 699 1451 754 quemquam
1478 703 1491 751 ;
1520 689 1611 741 sed
1637 688 2072 756 omnejudicium

511 772 657 827 dedit
685 772 822 827 Filio
844 774 906 840 ¹⁸,
946 793 962 822 ι
999 791 1146 831 nunc
1170 775 1368 832 Petrus
1400 778 1543 832 dicat
1566 779 1779 835 Patrem
1804 780 2069 849 judicare.

510 866 587 918 Ad
633 866 734 919 hoc
777 882 879 921 nos
933 866 1192 940 dicimus,
1230 870 1374 938 quod
1428 872 1590 925 etiam
1648 872 1753 927 hoc
1820 872 2073 929 Christus

508 964 717 1017 asserat
752 976 764 1010 :
803 977 820 1008 ι
850 956 969 1013 Non
1021 968 1195 1028 potest
1237 959 1528 1016 Filiusase
1555 964 1731 1020 facere
1754 964 2069 1034 quidquam,

507 1046 611 1102 nisi
642 1048 786 1118 quod
818 1049 1012 1104 viderit
1042 1050 1254 1105 Patrem
1286 1052 1567 1106 facientem
1589 1054 1651 1107 ".
1685 1073 1701 1103 ι
1742 1052 1851 1107 Hoc
1892 1064 2072 1109 autem

507 1140 1135 1195 censubstantialitatem
1179 1154 1381 1198 sanctae
1417 1143 1703 1199 Trinitatis
1739 1146 1993 1208 ostendit,
2022 1155 2074 1200 et

509 1231 654 1300 quod
687 1232 827 1285 inea
878 1234 949 1287 sit
1006 1235 1319 1288 omnimoda
1387 1236 1662 1298 identitas.
1709 1246 1762 1291 et
1824 1237 2069 1305 paciﬁca,

505 1333 668 1391 atque
688 1323 1154 1392 irnperturhabilis
1179 1329 1496 1389 concordia.
1527 1330 1614 1383 Ait
1643 1337 1821 1383 autem
1858 1329 2070 1385 indiffe-

509 1428 691 1470 renter
716 1417 930 1471 Patrem
956 1419 1224 1486 judicare,
1257 1420 1382 1487 quia
1417 1420 1684 1489 quidquid
1720 1422 1844 1489 quis
1869 1423 1935 1475 de
1964 1438 2069 1476 una

502 1505 740 1561 Persona
776 1508 931 1575 dicit,
971 1510 1021 1562 id
1078 1511 1331 1564 omnibus
1365 1526 1653 1565 commune
1683 1528 1809 1568 esse
1838 1530 2071 1569 censen-

503 1599 632 1653 dttm
691 1607 792 1653 est.
884 1599 1116 1655 Aliunde
1182 1616 1311 1657 vero
1389 1602 1550 1672 357
1625 1617 1748 1658 cum
1809 1602 2071 1661 Dominus

504 1691 783 1760 apostolos
818 1692 958 1749 filios
990 1694 1278 1757 vocaverit,
1304 1709 1367 1749 ac
1398 1697 1560 1749 etiam
1589 1697 1887 1767 paratytieo
1917 1698 2071 1753 dixe-

513 1783 616 1838 rit:
639 1802 656 1833 ι
692 1782 812 1849 Fili,
847 1785 1202 1838 remittuntur
1229 1786 1323 1839 tibi
1348 1793 1568 1855 peccata
1597 1797 1683 1840 tua
1707 1787 1772 1852 ",
1796 1787 1964 1841 inihil
1989 1789 2071 1842 in-

502 1875 728 1944 congrui
764 1884 1008 1946 apparet,
1035 1876 1178 1946 quod
1210 1878 1321 1947 ipse
1343 1894 1554 1943 eorum,
1586 1894 1725 1949 quos
1761 1880 2071 1937 sanctitatis

499 1965 993 2022 communicatione
1027 1968 1231 2037 genuit,
1255 1969 1413 2023 Pater
1441 1969 1756 2040 appelletur.

574 2056 738 2113 Vsus.
776 2056 967 2112 20-2l.
1020 2076 1038 2110 ι
1080 2057 1402 2129 Prmcogniti
1443 2059 1659 2129 quidem
1709 2070 1832 2117 ante
1882 2062 2096 2129 mundL

500 2148 973 2213 constitutionem,
999 2147 1330 2203 manifestati
1369 2160 1552 2205 autem
1583 2152 1898 2206 novissimis
1928 2162 2070 2208 tem-

502 2240 726 2309 poribus
757 2248 977 2309 propter
998 2255 1116 2295 vos.
1150 2238 1252 2305 Qui
1286 2255 1381 2312 per
1417 2240 1594 2310 ipsum
1638 2241 1823 2298 fideles
1860 2244 2069 2299 estisin

505 2332 634 2396 Deo,
660 2332 750 2401 qui
786 2318 1071 2386 suscitavit
1101 2331 1249 2385 illum
1282 2347 1311 2385 a
1339 2332 1587 2396 mortuis,
1620 2344 1673 2387 et
1706 2332 1854 2388 dedit
1884 2335 1932 2390 ei
1954 2334 2065 2404 glo-

502 2421 658 2474 riam.
692 2439 709 2472 ι
739 2419 897 2475 Morti
965 2421 1190 2485 Christi,
1223 2420 1344 2491 ejus
1379 2423 1839 2478 resurrectionem
1875 2425 2071 2493 adjun-

501 2509 620 2562 xit:
656 2509 879 2563 timebat
909 2510 1053 2564 enim
1084 2508 1292 2565 faeilem
1330 2513 1726 2583 necphytorum
1777 2514 1841 2567 ad
1876 2514 2070 2567 inlide-

499 2597 706 2655 litatem
750 2599 1049 2667 relapsum,
1103 2601 1148 2656 si
1180 2600 1350 2655 solius
1402 2601 1797 2659 huiniliationis
1862 2604 2066 2660 Christi

500 2702 596 2756 per
652 2688 936 2757 passiones
977 2691 1335 2755 meminisset,
1376 2707 1567 2746 verum
1625 2695 1886 2765 quoniam
1924 2695 2066 2750 haud

497 2792 692 2835 recens
708 2794 826 2834 esse
846 2779 1236 2838 incarnationis
1259 2784 1592 2853 mysterium,
1612 2787 1878 2856 siquidem
1897 2797 1951 2842 et
1970 2791 2071 2843 hoc

500 2869 830 2940 insipientes
892 2874 1220 2939 conturbat;
1284 2877 1377 2930 sed
1428 2878 1480 2930 in
1540 2880 1791 2947 supernis
1859 2899 1877 2932 ι
1947 2891 2071 2936 ante

500 2963 954 3017 constitutionem
981 2965 1168 3018 mundi
1229 2984 1249 3017 ›
1308 2983 1405 3036 pro
1462 2979 1706 3037 tempore
1761 2979 2069 3040 Opportuna

499 3052 867 3119 reconditum,
897 3053 1308 3110 manifestatum
1358 3058 1521 3110 etiam
1551 3072 1631 3113 est
1664 3062 1941 3131 prophetis
1976 3062 2066 3132 qui

2179 605 2378 657 Σκόπει
2406 604 2481 666 δὲ,
2510 604 2592 657 ὃτι
2617 604 2911 672 εἰρημένου
2944 602 3048 655 ὑπὸ
3074 598 3334 671 Χριστοῦ,
3362 602 3442 653 ὅτι
3479 618 3497 649 σ
3536 600 3596 651 Ὀ
3638 602 3747 651 Παε

2176 697 2277 765 τὴρ
2306 696 2479 766 κρίνει
2509 695 2716 759 ούδένα,
2745 693 2880 746 ἀλλὰ
2903 693 3000 764 τὴν
3033 694 3211 758 κρίσιν
3240 694 3420 744 πᾶσαν
3447 681 3646 744 δέδωκε
3675 690 3752 760 τῷ

2176 788 2309 859 Υίῷ,
2340 806 2359 838 ι
2394 788 2508 851 πῶς
2543 784 2639 841 νῦν
2671 789 2698 840 ὁ
2734 787 2938 851 Πέτρος
2958 786 3049 837 τὸν
3073 785 3292 856 Πατέρα
3318 784 3526 853 κρίνειν
3577 784 3747 847 λέγει.

2176 878 2317 945 Πρὸς
2365 875 2392 929 δ
2441 874 2693 946 ἐροῦμεν,
2738 874 2814 936 ὡς
2859 873 2952 931 καὶ
3012 872 3168 924 τοῦτο
3190 873 3455 941 εἴρηκενὸ
3480 871 3747 940 Χριστόςο

2189 969 2300 1019 ,⁸οὑ
2337 967 2560 1019 δύναται
2619 964 2725 1034 γὰρ
2753 966 2780 1017 ό
2815 962 3144 1024 Υἱὸςιποιεϊν
3191 962 3367 1021 οὐδὲν,
3420 961 3517 1012 ἐὰν
3573 960 3649 1028 μή
3695 976 3746 1011 τι

2177 1059 2348 1130 βλέπῃ
2380 1058 2468 1110 τὸν
2497 1057 2714 1128 Πατέρα
2752 1055 3026 1109 ποιοῦντα.
3057 1074 3074 1105 ›
3109 1053 3281 1106 Τοῦτο
3309 1051 3365 1107 δὲ
3405 1052 3464 1105 τὸ
3504 1051 3750 1119 συμφυὲς

2174 1153 2272 1220 τῆς
2312 1150 2473 1216 ἁγίας
2532 1148 2758 1218 Τριάδος
2819 1145 3141 1216 παρίστησι,
3210 1146 3303 1196 καὶ
3353 1145 3436 1196 ὅτι
3481 1142 3747 1207 ταύτότης

2176 1247 2325 1297 πᾶσα
2349 1244 2465 1295 ἐκεῖ
2502 1243 2597 1295 καὶ
2636 1241 2910 1309 σύμπνοια
2937 1237 3188 1309 εἰρηναία
3233 1238 3328 1287 καὶ
3362 1233 3744 1293 ἀστασίαστος.

2177 1332 2342 1387 Εἶπεν
2381 1336 2688 1401 ἀδιαφόρως
2718 1334 2808 1385 τὸν
2866 1331 3084 1399 Πατέρα
3131 1329 3358 1399 κρίνειν,
3397 1326 3493 1391 ὡς,
3542 1325 3569 1377 ὅ
3600 1342 3653 1376 τι
3683 1323 3746 1374 ἄν

2176 1430 2271 1497 ὲρῇ
2313 1445 2395 1489 τις
2427 1426 2547 1479 καθ’
2596 1427 2713 1489 ἑνὸς
2765 1425 2874 1478 τῶν
2933 1423 3098 1493 τριῶν
3164 1418 3501 1491 Προσώπων,
3562 1413 3749 1469 κοινοῦ

2174 1518 2391 1587 λογιζομ
2404 1518 2523 1569 ένου
2556 1519 2666 1579 τοῖς
2697 1517 2881 1568 πᾶσιν.
2919 1513 3129 1576 ’Ἄλλως
3157 1529 3237 1575 τε,
3265 1508 3359 1561 καὶ
3388 1506 3480 1561 τοῦ
3534 1507 3745 1573 Κυρίου

2174 1610 2340 1665 τέκνα
2372 1608 2663 1671 καλοῦντος
2693 1607 2818 1670 τοὺς
2843 1604 3195 1665 ἀποστόλους,
3226 1598 3420 1669 καὶτῷ
3448 1594 3748 1671 παραλύτῳ

2176 1702 2448 1764 εἰπόντος·
2494 1719 2511 1751 ‹
2536 1701 2758 1764 Τέκνον,
2805 1696 3075 1767 ἀφέωνταί
3139 1712 3231 1746 σου
3268 1696 3323 1751 αἱ
3375 1689 3644 1759 ἁμαρτίαι
3675 1704 3690 1716 θ
3721 1705 3742 1737 ι

2177 1796 2327 1849 aestv
2354 1792 2714 1863 ἀπεμφαίνει,
2743 1792 2837 1845 κα)⁸
2866 1791 3029 1844 αὐτὸν
3066 1788 3285 1857 Πατέρα
3327 1783 3615 1838 καλεῖσθαι.
3641 1781 3750 1833 τῶν

2175 1884 2471 1956 γεννητῶν,
2505 1877 2579 1938 ὧν
2605 1883 2886 1954 μεταδόσει
2913 1881 3196 1949 ἐγέννησεν
3228 1878 3536 1948 ἁγιότητος.

2251 2091 2268 2122 ι
2297 2067 2761 2140 Προεγνωσμένου
2831 2065 2933 2133 μὲν
2979 2063 3085 2133 πρὸ
3146 2060 3450 2127 καταϐολῆς
3492 2058 3747 2125 κόσμου,

2174 2160 2579 2231 φανερωθέντος
2606 2160 2661 2212 δὲ
2691 2157 2776 2210 ἐπ’
2804 2157 3046 2225 ἐσχάτων
3070 2155 3177 2207 τῶν
3200 2157 3433 2223 χρόνων,
3476 2148 3547 2203 δι’
3574 2149 3748 2216 ὑμᾶς,

2170 2257 2294 2317 τοὺς
2332 2254 2400 2307 δι’
2428 2252 2592 2305 αὑτοῦ
2623 2252 2978 2311 πιστεύοντας
3026 2248 3105 2310 είς
3135 2246 3265 2298 Θεὸν
3310 2244 3402 2297 τὸν
3450 2242 3747 2311 ἐγείραντα

2171 2347 2332 2400 αὐτὸν
2372 2348 2434 2397 ἐκ
2479 2341 2709 2411 νεκρῶν,
2744 2342 2837 2394 καὶ
2886 2338 3042 2402 δόξαν
3084 2334 3233 2403 αὐτῷ
3257 2335 3434 2387 δόντα.
3463 2351 3482 2383 ι
3528 2332 3621 2399 Τῷ
3650 2330 3745 2389 τοῦ

2171 2435 2411 2508 Χριστοῦ
2442 2434 2657 2503 Θανάτῳ
2698 2430 2899 2500 συνῆψε
2949 2429 3043 2482 καὶ
3071 2428 3167 2496 τὴν
3196 2426 3495 2487 ἀνάστασιν
3528 2440 3543 2455 ’
3576 2423 3743 2475 εὐλα-

2173 2529 2350 2582 ϐεῖται
2382 2527 2491 2599 γάρ
2521 2525 2583 2578 τὸ
2621 2523 2754 2593 πρὸς
2783 2521 3041 2575 ἀπιστίαν
3069 2518 3175 2577 τῶν
3203 2515 3477 2585 νεοφύτων
3504 2511 3742 2580 εὐμετά-

2173 2622 2349 2681 ϐολον,
2383 2618 2470 2673 διά
2498 2618 2559 2672 τὸ
2584 2617 2693 2668 τῶν
2739 2613 2926 2668 παθῶν
2965 2611 3056 2665 τοῦ
3090 2608 3325 2681 Χριστοῦ
3352 2606 3740 2661 ἐπονείδιστον.

2185 2714 2325 2769 Ἀλλ’
2356 2715 2439 2767 ὅτι
2461 2713 2554 2766 καὶ
2584 2712 2647 2764 οὑ
2679 2708 2871 2779 νεαρὸν
2905 2706 2966 2758 τὸ
3004 2703 3143 2758 κατὰ
3168 2701 3405 2773 Χριστὸν
3440 2702 3742 2770 μυστήριον

2172 2808 2189 2868 (
2206 2804 2325 2856 ἐπεὶ
2358 2803 2452 2856 καὶ
2482 2800 2639 2853 τοῦτο
2669 2800 2795 2861 τοὺς
2827 2797 3088 2865 ἀνοήτους
3136 2790 3407 2863 θορυϐεῖ),
3444 2788 3562 2843 ἀλλ’
3599 2789 3744 2842 ἀνωη

2173 2892 2263 2946 θεν
2301 2909 2320 2943 ι
2345 2891 2449 2961 πρὸ
2503 2888 2804 2957 καταϐολῆς
2843 2885 3049 2953 κόσμου
3075 2903 3093 2934 ι
3128 2881 3269 2934 κατά
3323 2879 3415 2932 τὸν
3481 2876 3743 2945 εὔκαιρον

2172 2983 2316 3052 αύτῷ
2340 2983 2529 3052 χρόνον
2553 2979 2975 3047 ταμιευόμενον,
3005 2972 3326 3044 ἐφανερώθη
3362 2972 3461 3040 μὲν
3500 2969 3596 3023 καὶ
3628 2969 3740 3031 τοῖς

2174 3076 2536 3147 περὶτούτων
2576 3073 2848 3141 ζητήσασι
2894 3069 3224 3138 προφήταις,
3259 3065 3335 3128 ὼς
3368 3063 3551 3130 ὀλίγον
3607 3076 3739 3113 κατε

500 3147 568 3202 de
624 3147 706 3200 bis
752 3147 1147 3215 exquisicrunt,
1190 3157 1249 3202 ut
1305 3150 1468 3219 paulo
1517 3160 1674 3206 antea
1716 3153 1886 3206 dixit:
1925 3170 2066 3209 nunc

2172 3170 2293 3221 όπιν
2332 3168 2547 3236 εἴρηκε·
2586 3165 2678 3219 καὶ
2705 3161 2801 3214 νῦν
2832 3160 2889 3213 δέ
2928 3176 3110 3230 φησιν,
3157 3158 3237 3210 ὅτι
3295 3155 3357 3207 τὸ
3386 3172 3404 3205 ι
3432 3153 3542 3223 πρὸ
3569 3154 3709 3205 κατα

501 3240 596 3304 ai',
651 3238 726 3304 id,
783 3239 925 3308 quod
985 3258 1003 3290 ι
1036 3247 1161 3295 ante
1214 3243 1657 3298 constitutionem
1712 3246 1895 3299 mundi
1928 3264 2068 3315 prre-

502 3332 777 3400 eognitum
824 3340 930 3397 est,
960 3350 979 3383 »
1016 3332 1125 3402 jam
1161 3332 1305 3387 clare
1356 3336 1780 3400 manifestatum.
1814 3356 1908 3394 seu
1946 3356 2067 3410 per-

503 3422 700 3477 rectum
733 3439 877 3481 esse.
942 3424 1045 3480 Sed
1102 3436 1323 3495 prcpter
1388 3441 1528 3496 quos
1586 3430 1883 3499 perfectum
1950 3433 2070 3488 est?

507 3535 527 3569 ι
571 3515 797 3585 Propter
825 3534 967 3574 vos:
1015 3536 1137 3570 ι--ι
1183 3518 1414 3589 Propter
1440 3536 1534 3573 vos
1591 3539 1609 3573 ι
1667 3523 1832 3589 enim,
1866 3524 2065 3590 inquit,

508 3627 527 3661 ι
592 3611 848 3664 excitavit
918 3625 1042 3665 eum
1133 3623 1165 3665 ε
1252 3614 1502 3667 mortuis.
1578 3631 1596 3664 ι
1649 3613 1827 3678 Quare
1884 3625 2062 3671 autem

509 3719 529 3751 ι
562 3701 943 3773 proptervos?
983 3723 1001 3755 ι
1040 3701 1131 3768 Ut,
1169 3703 1363 3773 inquit,
1403 3723 1422 3755 ι
1484 3705 1845 3773 vosmetipsos
1875 3706 2065 3777 puriﬂo

502 3800 693 3849 cantes
724 3793 779 3846 in
810 3793 1115 3848 obcdientia
1156 3794 1401 3848 veritatis
1430 3809 1527 3864 per
1559 3794 1821 3865 Spiritum
1847 3817 1865 3849 ι
1906 3799 2063 3853 ﬁdem

501 3891 555 3935 et
585 3898 733 3952 spem
794 3891 1029 3939 vestram
1065 3884 1119 3938 in
1169 3885 1339 3939 Deum
1396 3885 1667 3945 habeatis.
1713 3887 1817 3942 Sed
1847 3891 1910 3943 ad
1935 3891 2062 3960 quid

501 3974 1125 4043 pttriiicantes?Ncmpe,
1163 3977 1316 4041 utei,
1348 3978 1438 4053 qui
1474 3993 1570 4046 per
1608 3982 2064 4035 resurrectionem
2124 4036 2131 4043 ,

503 4082 572 4120 ex
599 4067 829 4120 mortuis
860 4066 1295 4135 incorruptibilis
1329 4067 1448 4121 vitm
1482 4068 1805 4138 principium
1840 4072 2066 4137 exstitit,

504 4142 790 4210 credentes
816 4155 997 4213 etiam.
1018 4156 1170 4225 juxta
1201 4157 1471 4222 eumdem,
1498 4161 1587 4229 qui
1611 4177 1705 4216 vos
1737 4163 1802 4216 ad
1840 4163 2067 4218 immor-

505 4247 767 4301 talitatem
829 4248 1060 4312 vocavit,
1122 4266 1139 4299 ι
1186 4251 1239 4302 in
1310 4251 1551 4305 novitate
1621 4253 1741 4307 vitae
1820 4257 2064 4311 ambule-

504 4339 573 4392 tis
610 4338 673 4393 “.
700 4357 718 4390 ι
753 4337 907 4405 Quod
936 4347 1113 4395 autem
1149 4342 1428 4410 apostolus
1467 4345 1587 4403 iste.
1620 4345 1760 4398 sicut
1811 4356 1864 4398 et
1922 4345 2065 4399 Pau-

502 4431 776 4497 lus,dieat
825 4434 1094 4489 Patrem}
1155 4436 1451 4490 suscitasse
1493 4434 1770 4492 Christum
1822 4452 1884 4491 ex
1913 4454 2061 4491 mor-

2175 3258 2332 3325 ϐολῆς
2384 3257 2588 3325 κόσμου
2616 3272 2635 3305 ι
2682 3248 3044 3319 ἐγνωσμένον,
3102 3244 3342 3315 δηλονότι
3390 3241 3487 3294 νῦν
3544 3242 3739 3307 ἐφανε-

2173 3348 2345 3418 ρώθη,
2377 3347 2494 3416 ἢτοι
2526 3342 2805 3408 ἐτελέσθη.
2830 3340 2940 3392 Καὶ
2968 3338 3055 3391 διὰ
3084 3337 3235 3398 τίνας
3271 3331 3529 3399 ἐτελέσθη
3554 3348 3568 3396 ;
3617 3352 3635 3382 ι
3661 3328 3740 3381 Δι’

2173 3439 2335 3509 ὑμᾶς.
2368 3456 2385 3488 ι
2411 3466 2481 3476 --
2507 3454 2523 3486 ι
2555 3434 2633 3486 Δι’
2659 3432 2801 3502 ὑμᾶς
2832 3449 2850 3481 ι
2886 3429 3017 3500 γὰρ,
3050 3428 3231 3496 φησὶν,
3263 3426 3484 3495 ἧγειρεν
3529 3440 3548 3473 ι
3578 3419 3736 3473 αὑτὸν

2170 3530 2234 3583 ἐκ
2272 3527 2502 3598 νεκρῶν.
2534 3544 2553 3577 ι
2597 3522 2697 3576 Διά
2746 3522 2797 3574 τί
2849 3520 2907 3574 δὲ
2944 3537 2962 3570 ι
2992 3518 3058 3571 δι’
3106 3518 3278 3586 ὑμᾶςς
3306 3533 3324 3566 ι
3368 3512 3510 3577 Ἵνα,
3550 3511 3733 3579 φησὶν,

2176 3644 2194 3675 ι
2225 3621 2513 3694 ἡγνικότες
2546 3618 2773 3679 ἑαυτοὺς
2812 3617 2870 3668 ἐν
2895 3615 2961 3683 τῇ
2989 3612 3205 3680 ὑπακοῇ
3236 3610 3334 3675 τῆς
3366 3604 3627 3673 ἀληθείας
3650 3601 3731 3694 διὰ

2168 3712 2502 3781 Πνεύματος,
2539 3727 2557 3761 ι
2595 3709 2694 3778 τὴν
2727 3706 2909 3758 πίστιν
2943 3700 3096 3772 ὑμῶν
3124 3700 3217 3753 καὶ⁵
3249 3697 3437 3750 ἐλπίδα
3463 3696 3623 3764 ἔχητε
3658 3693 3733 3763 είς

2171 3802 2324 3855 Θεόν.
2364 3799 2471 3853 Καὶ
2510 3795 2599 3850 διὰ
2624 3795 2674 3848 τί
2703 3814 2721 3844 ‹
2744 3790 3058 3862 ἡγνικότεςς
3092 3808 3110 3839 ι
3152 3789 3273 3841 Ὀτι
3315 3784 3392 3854 τῷ
3421 3784 3510 3837 διὰ
3545 3781 3639 3850 τῆς
3670 3783 3730 3832 ἐκ

2168 3892 2377 3962 νεκρῶν
2398 3887 2744 3947 ἀναστάσεως
2779 3882 3055 3951 ἀφθάρτου
3084 3877 3229 3945 ζωῆς
3260 3876 3389 3945 ὑμῖν
3423 3884 3731 3962 προκατᾼαρτ

2171 3959 2389 4048 ξαρξένῳ
2439 3973 2848 4032 πιστεύδτντες,
2906 3965 3179 4037 ὀφειλέται
3243 3964 3365 4016 ἐστὲ
3432 3963 3528 4014 καὶ⁵
3584 3959 3729 4012 αὐτοὶ

2170 4073 2309 4125 κατά
2338 4071 2428 4124 τὸν
2467 4067 2774 4122 καλέσαντα
2807 4063 2951 4132 ὑμᾶς
2982 4060 3060 4121 είς
3086 4055 3415 4124 ἀφθαρσίαν,
3458 4055 3516 4106 ἐν
3552 4049 3728 4106 καινό-

2166 4182 2290 4234 τητι
2338 4163 2482 4231 ζωῆς
2514 4156 2902 4227 περιπατῆσαι.
2944 4154 3006 4205 Et
3033 4151 3089 4203 δὲ
3134 4150 3225 4203 τὸν
3259 4148 3477 4215 Πατέρα
3508 4144 3603 4198 καὶ
3644 4133 3731 4195 οῦς

2171 4273 2261 4317 τος
2292 4254 2388 4306 καὶ
2418 4240 2635 4313 Παῦλὸςλ
2651 4265 2817 4318 φησιν
2861 4265 2880 4297 ι
2914 4242 3277 4311 ἐξαναστῆσαι
3317 4239 3409 4291 τὸν
3440 4235 3642 4305 Κύριον
3670 4235 3729 4285 ἐκ

2169 4345 2399 4416 νεκρῶν,
2434 4361 2451 4395 ι
2513 4341 2588 4411 μὴ
2675 4336 3003 4408 θορυϐηθῇς.
3062 4328 3582 4399 Είσαγωγικὼτερον
3627 4323 3729 4393 γὰρ

2168 4438 2449 4508 χρώμενος
2501 4435 2565 4503 τῇ
2597 4426 2917 4498 διδασκαλίᾳ
2974 4424 3070 4479 νῦν
3117 4422 3287 4476 ταῦτά
3344 4436 3530 4490 φησιν.
3585 4416 3728 4508 Ἐπεί

501 4524 629 4587 tuis,
682 4543 698 4575 ι
732 4539 838 4578 non
897 4535 945 4579 te
1008 4527 1309 4596 perturbet.
1360 4525 1432 4579 lta
1464 4526 1607 4580 enim
1662 4528 2059 4582 iutrodueloria

2172 4507 2402 4583 ἄκουσον
2433 4522 2673 4595 Χριστοῦ
2717 4523 2815 4594 μὲν
2864 4519 3113 4586 λέγοντος
3154 4514 3344 4569 ἑαυτὸν
3385 4514 3615 4581 ἐγεῖραι,
3662 4507 3726 4560 δι’

501 4622 661 4669 utens
717 4615 943 4670 doeenii
983 4617 1210 4680 ratione,
1270 4618 1533 4685 loquitur.
1606 4619 1871 4674 Caeterum
1934 4621 2059 4675 audi

500 4703 782 4759 Christum
812 4706 1101 4771 dicentem,
1127 4712 1476 4777 semetipsum
1497 4725 1555 4764 se
1588 4710 1908 4774 suscitasse,
1940 4727 2062 4765 eum

498 4795 613 4849 ait:
649 4812 669 4845 ‹
707 4794 909 4850 Solvite
934 4796 1189 4865 templum
1222 4797 1343 4863 hoc,
1382 4808 1435 4853 et
1464 4799 1516 4853 in
1548 4800 1724 4855 tribus
1746 4801 1938 4855 diebus
1966 4817 2066 4856 cx-

501 4886 682 4941 eitabo
714 4886 845 4944 illud
868 4888 973 4954 ";i
1001 4894 1056 4942 et
1087 4904 1278 4946 rursus
1306 4893 1419 4960 ipse
1441 4892 1775 4958 Christus“,
1796 4894 2066 4949 «Potesta-

500 4987 630 5041 tem,
662 4976 859 5048 inquit,
895 4977 1070 5033 habeo
1099 4981 1332 5051 ponendi
1373 4982 1606 5037 animam
1649 4997 1845 5043 meam.
1881 4991 1933 5038 et
1963 4997 2055 5051 po-

501 5077 749 5124 testatem
785 5069 1171 5128 liabeoiterum
1207 5074 1451 5128 sumendi
1472 5089 1610 5128 eam.
1655 5094 1672 5126 ι
1708 5073 1811 5127 Per
1843 5089 2062 5129 meone-

499 5162 659 5217 miam
696 5160 861 5231 igitur
893 5163 1219 5234 quandoque
1254 5162 1495 5218 referunt
1519 5165 1586 5218 ad
1625 5165 1842 5219 Patren;
1876 5166 2059 5220 susci-

494 5253 754 5308 tationem
784 5254 927 5319 Filii,
959 5262 1017 5309 ut
1042 5255 1272 5309 innuant
1297 5269 1459 5310 unam
1500 5270 1617 5311 esse
1639 5254 1815 5310 Patris
1840 5264 1894 5311 et
1934 5257 2056 5311 Filii

493 5343 887 5412 operationem.
925 5362 944 5395 ι
989 5343 1060 5399 Ut
1109 5344 1244 5400 tides
1306 5352 1489 5400 vestra
1525 5353 1580 5399 et
1632 5360 1759 5413 spes
1818 5355 1965 5401 esset
2000 5347 2055 5401 in

494 5433 628 5495 Deo.
668 5454 687 5486 ι

566 5526 733 5582 Vens.
763 5526 955 5581 22-25.
992 5544 1012 5578 ι
1043 5527 1267 5583 Animas
1328 5538 1539 5584 vestras
1596 5529 1963 5585 castiﬁcantes
2004 5532 2061 5586 in

492 5617 803 5679 obedientia
842 5617 1152 5683 cbaritatis,
1181 5618 1237 5673 in
1292 5619 1656 5677 fraternitatis
1709 5635 1895 5678 amore
1924 5622 2059 5678 sim-

2166 4618 2240 4678 ὧν
2267 4639 2433 4692 φησι·
2481 4640 2498 4671 ι
2532 4617 2748 4672 Λύσατε
2803 4615 2893 4668 τὸν
2940 4612 3065 4666 ναὸν
3118 4607 3329 4671 τοῦτον,
3352 4607 3445 4659 καὶ
3478 4608 3537 4658 ἐν
3558 4600 3727 4680 τρισὶν

2170 4714 2404 4786 ἡμέραις
2460 4710 2635 4780 ἐγερῶ
2675 4707 2871 4761 αὐτόν·
2906 4724 2926 4758 ι
2971 4702 3066 4757 καὶ
3126 4699 3291 4754 πάλιν
3331 4698 3495 4759 αὐτὸς
3527 4697 3557 4747 ὸ
3596 4694 3726 4786 Χριῗ-

2173 4785 2318 4869 στδς,
2363 4822 2381 4852 ο
2417 4802 2695 4866 Ἔξουσίαν
2734 4799 2843 4869 ἔχω
2897 4797 3070 4849 θεῖναι
3112 4792 3208 4862 τὴν
3257 4789 3437 4859 ψυχήν
3486 4804 3612 4856 μου,
3638 4785 3725 4836 καὶ

2172 4896 2419 4965 ἐξουσίαν
2446 4895 2554 4965 ἔχω
2596 4891 2757 4945 πάλιν
2807 4888 2991 4942 λαϐεῖν
3022 4886 3209 4954 αὐτήν.
3247 4901 3266 4935 ι
3302 4875 3725 4948 Οἰκονομικώτε-

2173 5008 2263 5061 ρον
2294 4985 2386 5042 οὖν
2412 4987 2488 5057 τῷ
2518 4983 2692 5053 Πατρὶ
2716 4982 2827 5035 ἔσθ’
2851 4981 2938 5034 ὅτε
2973 4975 3290 5033 ἀνατιθέασι
3328 4973 3420 5026 τὸν
3455 4972 3581 5023 Υίδν
3601 4970 3723 5020 ἀνα-

2169 5082 2385 5151 στῆσαι,
2418 5078 2509 5137 ἵνα,
2541 5076 2671 5147 μία)
2725 5074 3012 5146 ἐμφήνωσι
3052 5069 3268 5139 Πατρδς
3320 5067 3413 5120 καὶ
3470 5062 3600 5117 Υξοῦ
3633 5062 3722 5130 τὴν

2164 5176 2459 5243 ἐνέργειαν.
2506 5188 2525 5221 ι
2552 5170 2712 5222 Ὥστε
2742 5168 2842 5239 τὴν
2871 5167 3052 5230 πίστιν
3076 5164 3228 5234 ὑμῶν
3258 5161 3352 5217 καὶ
3380 5159 3571 5213 ἐλπίδα
3595 5153 3720 5212 εἶναι

2164 5266 2309 5319 Θεόν.
2334 5283 2352 5316 ι

2244 5550 2262 5582 ι
2294 5530 2407 5594 Τὰς
2434 5528 2613 5600 ψυχὰς
2644 5527 2797 5599 ὑμῶν
2826 5524 3111 5596 ἡγνικότες
3157 5524 3216 5575 ἐν
3262 5522 3327 5590 τῇ
3372 5521 3587 5591 ὑπακοῇ
3626 5516 3719 5589 τῆς

2169 5621 2422 5690 ἀληθείας
2453 5620 2539 5674 διὰ
2565 5618 2900 5689 Πνεύματος,
2931 5615 3009 5679 εἰς
3050 5611 3402 5684 φιλαδελφίαν
3429 5610 3716 5683 ἀνυπόκριρ

568 5802 797 5869 "toan.
847 5818 897 5869 ν.
955 5802 1044 5868 22.
1128 5804 1333 5870 “Ibid.
1376 5804 1460 5861 t9.
1540 5805 1581 5838 "
1612 5804 1803 5862 Matth.
1830 5821 1906 5871 ιι,
1931 5807 1985 5860 2.
2064 5809 2068 5836 1

2182 5820 2290 5860 om.
2327 5820 2403 5873 vr,
2440 5805 2492 5859 4.
2571 5805 2615 5837 ¹⁹
2642 5800 2798 5858 Joan.
2856 5817 2918 5867 tt,
2964 5803 3051 5871 l9,
3122 5802 3170 5835 ³⁸
3198 5799 3358 5861 loan.
3392 5815 3453 5871 ι,
3478 5798 3560 5863 18.
