4010 6544
236 447 370 512 12θό

1061 450 1465 509 EXPOSITIO
1498 451 1577 510 ΙΝ
1614 452 1852 511 EPIST.
1883 452 1905 509 Ι
1931 452 2263 512 5.ΡΕΊἪῘ.
2307 476 2377 488 ·-
2398 454 2561 513 .CAP'.
2594 453 2678 513 lI‘.

3348 452 3487 516 19.06

231 576 347 622 τον,
382 559 446 611 ὲκ
482 558 726 629 καθαρᾶς
761 556 989 627 καρδίας
1022 560 1280 629 ἀλλήλους
1301 561 1625 629 ἀγαπήσατε
1657 562 1811 613 ἐκτε-
1842 616 1843 619 η

1926 562 2062 630 plici,
2092 579 2157 616 cx
2195 562 2271 633 (Ω)
2319 564 2484 618 corde
2540 563 2771 617 invicem
2829 561 3038 632 diligite
3087 562 3331 632 impense
3385 568 3487 636 (5).

236 651 377 713 νῶς⁸
432 649 945 718 ἀναγεγεννημένοι,
1000 651 1100 702 οὐκ
1156 652 1219 705 ἐκ
1274 655 1483 723 σπορᾶς
1540 652 1808 723 φθαρτῆς,

236 742 375 798 ἀλλά
404 742 709 814 ἀφθάρτου,
750 743 837 796 διά
893 743 1054 811 λόγου
1083 742 1283 807 ζῶντος
1310 744 1468 809 Θεοῦ,
1503 746 1596 798 καὶ
1624 744 1810 814 μένον-
1864 752 1869 757 ’

234 854 330 899 τος
362 838 443 899 είς
482 835 575 888 τὸν
614 835 806 891 αἰῶνα.
856 834 1000 889 Διότι
1050 839 1201 888 πᾶσα
1262 836 1398 903 σὰρξ
1452 836 1668 906 χόρτος,
1718 837 1814 890 καὶ

237 930 390 983 πᾶσα
444 927 571 994 δόξα
613 928 785 994 αὐτῆς
830 927 905 991 ὼς
960 928 1124 989 ἄνθος
1170 928 1384 997 χόρτου.
1433 927 1735 998 Ἐξηράνθη
1786 930 1814 981 ὁ

239 1020 459 1091 χόρτος,
501 1020 594 1073 καὶ
622 1019 685 1072 τὸ
715 1019 872 1082 ἄνθος
911 1019 1132 1085 ἐξέπεσε
1158 1036 1174 1051 ⁸
1200 1021 1262 1074 τὸ
1284 1020 1344 1074 δὲ
1373 1020 1527 1092 ῥῆμα
1559 1020 1651 1073 τοῦ
1676 1021 1811 1074 Θεοῦ

244 1113 398 1180 μένει
433 1113 514 1175 είς
542 1112 634 1165 τὸν
671 1112 874 1166 αίῶνα⁸
907 1112 1065 1166 τοῦτο
1093 1113 1149 1167 δέ
1168 1114 1287 1166 ἐστι
1335 1114 1396 1167 τὸ
1428 1113 1814 1181 εὐαγγελισθὲν

242 1204 322 1263 είς
347 1202 515 1271 ὑμᾶς.
540 1222 557 1254 t
590 1203 799 1267 Εἰπὼν,
833 1224 851 1255 ι
875 1204 1420 1275 Ἀναγεγεννημένοι,
1448 1205 1548 1259 οὐκ
1583 1209 1646 1259 ὲκ
1677 1223 1813 1259 σπο-

243 1299 347 1366 ρᾶς
379 1297 650 1368 φθαρτῆς,
704 1299 840 1354 ἀλλά
888 1300 1191 1369 ἀφθάρτου,
1252 1300 1339 1355 διά
1408 1300 1569 1369 λόγου
1614 1301 1815 1366 ζῶντος

239 1390 400 1453 Θεοῦ,
431 1389 525 1441 καῖ
573 1390 825 1459 μένοντος
876 1393 956 1455 είς
1018 1391 1110 1446 τὸν
1151 1392 1343 1451 αίῶνα,
1374 1412 1393 1446 ι
1452 1393 1814 1464 παρατίθησιν

240 1479 677 1544 ἑξουδενωτικῶς
719 1481 815 1535 καὶ
859 1485 920 1536 τὸ
982 1484 1083 1553 τῆς
1131 1484 1481 1554 ἀνθρωπίνης
1520 1485 1678 1554 δόξης
1723 1484 1817 1536 εῦ-

243 1567 509 1635 φθαρτον,
579 1571 752 1643 ταύτῃ
800 1573 890 1626 τὸν
943 1573 1222 1643 ἀκροατὴν
1279 1575 1649 1643 ὑπολιχνεύων
1704 1577 1814 1629 τῶν

242 1657 518 1725 προϐεϐλη
531 1660 705 1727 μένων
736 1662 829 1714 ὑπ’
869 1662 1034 1715 αὑτοῦ
1072 1664 1321 1731 ἔχεσθαι·
1351 1665 1426 1726 ὡς
1468 1664 1576 1717 τῶν
1603 1666 1723 1735 μὲν,
1754 1668 1814 1719 τὸ

244 1744 402 1806 ὲστὶς
434 1746 666 1814 ἑχόντων
701 1749 792 1800 καὶ
836 1749 1254 1813 διαιωνιζόντων
1279 1766 1294 1783 ⁸
1332 1752 1444 1804 τῶν
1471 1752 1550 1817 δὲ,
1581 1752 1812 1820 φθανόν-

244 1852 353 1887 των
396 1840 463 1907 τῇ
499 1837 675 1909 φθορᾷ
711 1822 808 1911 τὴν
851 1842 1170 1897 ὑπόστασιν.
1203 1864 1223 1894 ο
1273 1846 1479 1914 Χόρτος
1507 1865 1524 1898 ι
1576 1846 1809 1899 ὲνταδθα

245 1929 343 1979 καὶ
383 1946 402 1978 t
443 1928 606 1993 ἄνθος
649 1931 844 2001 χόρτου
887 1951 907 1984 ι
952 1934 1014 1987 τὸ
1053 1937 1317 2007 καὶπρὸς
1363 1937 1595 2009 ὓπαρξιν
1621 1939 1814 2011 χόρτου
1852 1915 1891 1971 Β

246 2020 635 2093 ἀσθενέστερον
673 2025 753 2087 είς
782 2024 967 2079 πίστιν
1021 2026 1351 2098 παράγεται,
1385 2024 1471 2093 οἷς
1515 2031 1610 2085 καὶ
1648 2029 1817 2083 Δαυῒδ

248 2113 346 2184 τὴν
380 2114 503 2168 καθ’
541 2116 690 2187 ἡμᾶς
719 2118 1009 2184 ἀπεικάζει
1048 2120 1215 2190 ζωήν.
1252 2120 1407 2176 Οὕτω
1451 2122 1508 2176 δὲ
1536 2123 1635 2194 τὴν
1661 2123 1822 2190 δόξαν

248 2205 410 2275 ἡμῶν
453 2207 754 2274 εέτελίσας,
804 2211 1179 2281 ἀναλαμϐάνει
1241 2215 1402 2268 πάλιν
1454 2216 1549 2269 καὶ
1578 2216 1821 2270 διδάσκει

252 2296 605 2365 σαφέστερον,
628 2300 684 2353 τί
713 2303 827 2355 ἐστι
850 2302 911 2355 τδ
936 2305 1307 2375 ἀναγεννῆσαν
1331 2307 1528 2369 αὐτοὺς
1562 2325 1581 2359 t
1618 2307 1705 2361 διὰ
1731 2307 1820 2360 λό-

250 2401 349 2454 γου
374 2386 578 2452 ζῶντος
613 2391 771 2457 Θεοῦ,
791 2395 883 2449 καὶ
916 2395 1169 2465 μένοντος
1208 2398 1288 2461 είς
1312 2398 1409 2451 τὸν
1443 2398 1647 2453 αίῶνα⁸
1671 2419 1689 2451 ι
1726 2401 1820 2454 καί

253 2494 391 2546 φησι
412 2492 427 2511 ⁸
461 2498 481 2531 t
504 2481 676 2535 Τοῦτο
711 2483 770 2536 δέ
799 2488 916 2539 ἐστι
944 2488 1006 2540 τὸ
1031 2489 1187 2559 ῥῆμα
1230 2490 1291 2543 τὸ
1321 2490 1708 2558 εὐαγγελισθὲν
1741 2492 1822 2556 είς

255 2568 421 2637 ὑμᾶς.
458 2591 479 2625 ι
512 2603 582 2616 -—
608 2592 628 2625 ι
652 2576 747 2639 Ei;
778 2576 872 2630 τὸν
923 2580 1098 2634 αἰῶνα
1159 2582 1344 2653 μένειν
1370 2601 1388 2635 ι
1450 2585 1581 2638 αὐτὸ
1640 2585 1828 2639 διαϐε-

252 2660 525 2728 ϐαιοῦται,
554 2664 739 2728 καθὼς
770 2668 866 2721 καὶ
897 2672 925 2722 ὀ
963 2671 1170 2741 Κύριός
1200 2689 1368 2741 φησιν
1390 2690 1404 2705 ⁸
1440 2692 1467 2725 ι-
1494 2675 1553 2727 ’0
1592 2677 1823 2747 οὐρανὸς

252 2754 350 2807 καὶ
390 2757 427 2819 ἡ
459 2758 530 2828 γῆ
584 2760 1039 2831 παρελεύσονται,
1094 2767 1143 2818 oi
1205 2766 1262 2820 δὲ
1321 2768 1469 2836 λόγοι
1501 2786 1603 2840 μου
1655 2772 1716 2824 οὐ
1750 2772 1823 2842 μὴ

252 2847 586 2915 παρέλθωσι.
608 2870 627 2903 ι
663 2855 754 2906 Δεῖ
789 2854 848 2907 δὲ
884 2855 1103 2921 είδέναι,
1134 2859 1216 2913 ὅτι
1263 2860 1345 2923 rb,
1386 2879 1404 2913 t
1433 2862 1543 2933 Εἰς
1576 2863 1824 2933 φιλαδελ-

254 2938 385 3006 φίαν
451 2941 839 3012 ἀνυπόκριτον,
908 2966 928 2999 ι
986 2949 1126 3004 οὕτω
1179 2952 1285 3024 χρὴ
1337 2930 1668 3026 προφέρειν·
1732 2960 1827 3013 Ἕκ

252 3030 499 3102 καθαρᾶς
541 3037 771 3105 καρδίας
795 3038 1060 3109 ἀλλήλους,¹
1092 3044 1420 3116 ἀγαπήσατε
1451 3049 1703 3117 ἐκτενῶς,
1747 3054 1826 3115 είς

256 3121 614 3192 φιλαδελφίαν
660 3127 1047 3201 ἀνυπόκριτον.
1096 3133 1162 3186 Ai
1220 3135 1328 3204 γάρ
1391 3138 1648 3204 ἐκϐάσεις
1718 3141 1824 3194 τῶν

1914 652 2108 710 Benati
2146 670 2253 708 non
2292 670 2358 710 ex
2396 656 2603 712 semine
2629 656 2995 725 corruptibili,
3034 656 3126 712 sed
3163 658 3489 725 incorrupti-

1916 748 2009 801 bili
2034 763 2131 817 per
2174 748 2400 803 verbum
2432 746 2527 801 Dei
2561 748 2688 812 vivi.
2712 755 2763 802 et
2806 750 3179 818 perntanentis
3239 750 3292 804 in
3327 759 3489 803 mter-

1916 853 2067 894 nttm.
2106 838 2245 902 Quia
2275 839 2455 894 omnis
2511 846 2728 894 carent
2782 838 3016 896 fenum:
3072 842 3255 897 omnis
3308 842 3482 910 gloria

1911 928 2034 998 ejus
2072 936 2327 995 tanquam
2364 929 2463 984 flos
2512 927 2663 983 leni:
2721 931 2937 986 exaruit
3001 930 3214 993 fenum,
3270 943 3324 988 et
3393 932 3490 986 llos

1914 1019 2032 1086 ejus
2084 1018 2319 1084 decidit;
2378 1019 2602 1075 verbum
2664 1030 2845 1075 autem
2923 1020 3136 1076 Domini
3210 1035 3387 1078 manet
3438 1024 3490 1076 iu

1912 1122 2196 1163 aeternum.
2223 1110 2337 1165 Hoc
2357 1121 2535 1165 autem
2576 1114 2796 1166 verbum
2831 1112 2959 1166 illud
2980 1120 3064 1168 est
3084 1113 3227 1183 quod
3260 1129 3492 1176 cvange-

1914 1198 2134 1251 lizatum
2172 1207 2257 1253 est
2285 1199 2340 1253 in
2389 1198 2564 1254 vobis.
2598 1218 2616 1249 ι
2667 1197 2961 1269 Postquam
2988 1199 3123 1253 dixit
3168 1218 3179 1251 :
3218 1218 3237 1251 ι
3298 1198 3489 1259 Renati

1914 1306 2024 1345 non
2091 1307 2166 1344 ex
2223 1291 2431 1346 semine
2477 1291 2850 1360 corruptibili,
2931 1292 3024 1347 sed
3082 1282 3491 1361 incorruptibili

1914 1396 2011 1451 per
2066 1382 2290 1437 verbum
2350 1381 2444 1436 Dci
2510 1381 2641 1446 vivi,
2694 1390 2757 1435 et.
2795 1383 3166 1452 perntanzntis
3212 1384 3265 1438 in
3326 1396 3489 1440 aiter-

1916 1488 2066 1536 num,
2130 1492 2157 1525 »ι
2205 1474 2276 1528 οὶ)
2328 1474 2518 1529 oculos
2570 1476 2732 1529 etiam
2787 1475 2961 1543 ponit,
2994 1485 3337 1547 contemptus
3366 1493 3491 1545 gra-

1916 1564 2012 1627 tia,
2065 1564 2312 1618 humanas
2353 1565 2536 1633 gloria:
2570 1565 2785 1619 facilem
2835 1568 3263 1635 corruptionem,
3319 1569 3491 1622 Audi-

1915 1662 2085 1731 torem
2110 1654 2187 1709 sic
2218 1655 2486 1719 alliciens,
2521 1664 2578 1712 ut.
2628 1656 2796 1726 358
2855 1657 2941 1721 iis,
2976 1674 3097 1727 quas
3152 1660 3267 1730 ipse
3291 1676 3490 1731 propo-

1916 1726 2237 1808 suitfarcte
2275 1747 2598 1809 adhaereret,
2634 1748 3068 1818 quandoquidem
3099 1764 3161 1803 ea
3216 1758 3269 1804 et
3306 1752 3491 1805 consi-

1916 1840 2171 1892 stentiam
2195 1838 2463 1893 babentet
2490 1839 2926 1909 perpetuitatem.
2948 1842 3026 1895 Ad
3057 1856 3327 1896 summam
3365 1858 3494 1895 vero

1923 1947 2104 1985 rerum
2162 1932 2596 2002 corruptibilium
2663 1932 3023 1987 caducitatem
3079 1932 3490 1999 declarandum,

1923 2027 2020 2089 ait,
2053 2040 2116 2080 ea
2147 2040 2269 2080 esse
2302 2044 2316 2076 ι
2353 2022 2534 2081 fenum
2573 2042 2591 2078 ι
2639 2039 2702 2080 ac
2757 2025 2918 2080 etiam
2954 2043 2972 2075 t
3051 2024 3239 2079 ﬂorem
3291 2024 3427 2090 feni,
3469 2044 3486 2076 ι

1921 2118 2065 2186 quod
2098 2126 2183 2171 est
2230 2116 2356 2172 feno
2376 2117 2511 2186 ipso
2540 2117 2770 2171 debilior
2787 2126 2949 2187 atque
2977 2116 3219 2187 fugacior
3245 2136 3258 2171 :
3289 2117 3493 2188 quibus

1921 2210 2084 2261 etiam
2123 2207 2287 2263 David
2318 2217 2600 2278 comparat
2644 2208 2809 2262 vitam
2870 2215 3138 2263 nostram.
3178 2206 3269 2263 Sic
3306 2209 3492 2279 itaque

1920 2299 2106 2368 glorlte
2126 2308 2324 2355 nostra:
2345 2299 2587 2355 exilitate
2614 2297 2898 2369 etplicata,
2930 2312 3122 2355 rursus
3148 2298 3495 2355 manifestius

1921 2392 2100 2455 docet,
2140 2391 2269 2460 qttid
2314 2394 2385 2446 sit
2428 2392 2580 2459 illud,
2624 2407 2720 2461 per
2765 2390 2908 2460 quod
2955 2400 3079 2446 sunt
3126 2410 3144 2443 ‹
3183 2391 3360 2446 renati
3401 2407 3496 2461 per

1920 2485 2146 2539 verbum
2178 2483 2269 2540 Dei
2296 2484 2422 2550 vivi,
2474 2494 2527 2538 et
2577 2483 2944 2553 permanentis
2990 2484 3044 2537 in
3075 2485 3305 2549 saecula;
3336 2502 3355 2534 ι
3393 2483 3498 2537 ait-

1923 2570 2028 2645 qué
2067 2595 2087 2627 ι
2127 2577 2227 2630 hoc
2256 2590 2377 2630 esse
2402 2574 2652 2639 verbum,
2685 2574 2831 2643 quod
2864 2575 3293 2644 evangelizatum
3322 2583 3407 2630 est
3438 2575 3492 2630 in

1924 2669 2103 2721 vobis.
2140 2686 2159 2718 ι
2226 2665 2407 2735 ipsum
2465 2674 2644 2719 autem
2684 2685 2702 2716 ι
2764 2664 2984 2718 Manere
3055 2666 3106 2718 in
3164 2674 3425 2720 aeternum
3469 2685 3491 2716 ι

1926 2758 2152 2813 allirmat
2189 2777 2201 2811 :
2235 2759 2372 2813 sicut
2399 2765 2453 2812 et
2478 2757 2741 2813 Dominus
2767 2758 2881 2811 ait:
2939 2775 2957 2807 ι
2992 2755 3202 2812 Caelum
3250 2766 3305 2812 et
3348 2765 3491 2810 terra

1927 2850 2314 2915 transibunt",
2345 2850 2512 2904 verba
2547 2859 2723 2902 autem
2768 2863 2885 2902 mea
2915 2864 3020 2902 non
3051 2848 3425 2916 praeteribunt.
3469 2868 3487 2901 ι

1926 2940 2154 3010 Oportet
2194 2951 2374 2996 autem
2431 2942 2602 3005 scire,
2657 2940 2801 3009 quod
2870 2940 3054 2994 illud:
3121 2957 3139 2990 t
3197 2941 3250 2993 in
3306 2938 3500 2993 frater-

1928 3034 2117 3088 nitatis
2158 3048 2343 3089 amore
2365 3034 2623 3103 simplici,
2656 3052 2674 3085 ›
2709 3039 2843 3095 etc.,
2864 3032 2937 3087 ita
2962 3031 3346 3102 proferendum
3382 3034 3497 3088 sib:

1935 3148 1953 3177 ι
2000 3125 2074 3180 Ex
2160 3141 2296 3195 puro
2343 3125 2509 3181 corde
2572 3125 2801 3180 invicem
2862 3126 3068 3197 diligite
3119 3126 3384 3193 impense.
3442 3126 3498 3181 in

256 3214 604 3285 πραγμάτων
653 3220 1041 3276 ὲπακολουθειν
1095 3226 1318 3282 εἰώθασι
1376 3233 1489 3295 τοῖς
1540 3233 1608 3286 δι’
1657 3235 1823 3300 αὐτὰς

1929 3218 2289 3274 fraternitatis
2343 3233 2528 3273 amore
2586 3217 2848 3287 simplici,
2930 3232 3026 3271 seu
3082 3232 3188 3272 non
3276 3216 3437 3283 ficto;
3476 3237 3494 3269 ι

254 3310 834 3397 πραγματευομένοις.
874 3313 1028 3368 Ἐπεὶ
1061 3312 1154 3371 οῦν
1186 3321 1251 3390 τῇ
1286 3338 1305 3372 ι
1325 3321 1389 3374 ὲκ
1409 3321 1656 3395 καθαρᾶς
1694 3343 1829 3397 καρ-

252 3395 371 3459 δίας
399 3416 418 3449 ι
476 3399 719 3470 ἀλλήλων
770 3405 981 3459 ἐκτενεῖ
1012 3408 1263 3482 ἀγάπῃὴ
1309 3412 1678 3486 ἀνυπόκριτος
1729 3395 1829 3471 ἐπ-

211 3500 224 3511 '
253 3487 538 3544 ακολουθεῖ
574 3493 914 3565 φιλαδελφία,
949 3499 1131 3563 καλῶς
1156 3501 1290 3572 ἔχει,
1323 3506 1577 3574 ἡγεῖσθαι
1629 3509 1728 3578 μὲν
1744 3512 1825 3576 τὸ,

260 3596 282 3629 t
324 3580 417 3633 Ἐκ
450 3583 700 3655 καθαρᾶς
727 3589 955 3660 καρδίας
974 3606 992 3623 ⁸
1015 3611 1034 3644 ι
1066 3592 1298 3649 ἔπεσθαι
1327 3597 1384 3651 δὲ
1415 3597 1495 3663 τὸ,
1536 3618 1555 3651 t
1579 3601 1672 3664 Είς
1704 3604 1832 3670 φιλ-

256 3670 576 3741 αδελφίαν.)
648 3677 1081 3750 Ἐπισημαντέον
1143 3687 1350 3755 μέντοι,
1403 3690 1485 3743 ὅτι
1541 3692 1637 3746 καὶ
1707 3692 1826 3765 τὴν,

262 3765 424 3857 filii,
456 3784 475 3817 ι
510 3768 767 3838 πρόθεσιν
809 3772 898 3826 δεῖ
936 3776 1376 3849 μεταλαμϐάνειν
1411 3784 1494 3849 είς
1523 3785 1649 3857 τὴν,
1689 3786 1791 3841 διά
1813 3803 1826 3818 ⁸

256 3853 344 3908 ενα
435 3871 450 3887 ⁸
483 3858 581 3914 Διά
608 3862 983 3935 φιλαδελφίαν.

863 4041 1116 4102 ΚΕΦΛΔ.
1152 4046 1227 4102 B‘.

336 4142 356 4173 ι
407 4126 758 4198 Ἀποθέμενοι
797 4132 892 4187 οὖν
926 4137 1108 4190 πᾶσαν
1144 4138 1364 4204 κακίαν,
1391 4140 1484 4193 καὶ
1537 4142 1714 4196 πάντα
1743 4145 1831 4198 δό-

257 4215 374 4282 λον,
406 4221 502 4272 καὶ
536 4222 875 4293 ὑποκρίσεις,
915 4228 1012 4281 καὶ
1039 4229 1287 4297 φθόνους,
1325 4232 1419 4284 καὶ
1451 4234 1630 4297 πάσας
1666 4252 1835 4289 κατα-

255 4307 470 4372 λαλιὰς,
497 4311 571 4375 ὡς
605 4315 972 4387 ἀρτιγέννητα
1025 4320 1223 4391 βρέφη,
1279 4322 1339 4375 τὸ
1384 4324 1600 4392 λογικὸν
1650 4326 1833 4380 ἄδολον

257 4400 399 4465 γάλα
459 4403 846 4473 ἐπιποθήσατε,
884 4411 970 4462 ἵνα
1015 4414 1073 4464 ὲν
1119 4412 1272 4483 αὐτῷ
1310 4415 1582 4485 αὐξηθῆτε
1621 4417 1699 4481 είς
1726 4434 1833 4471 σω-

1930 3310 2198 3380 siquidem
2252 3310 2429 3364 exitus
2488 3325 2668 3364 rerum
2730 3309 3161 3378 correspondere
3206 3308 3379 3363 solent
3433 3309 3501 3362 iis

1929 3420 2049 3474 quae
2079 3411 2296 3473 propter
2345 3402 2491 3472 ipsas
2540 3402 2697 3458 fiunt.
2729 3400 2997 3468 Quoniam
3055 3400 3222 3469 igitur
3274 3400 3500 3455 intensze

1928 3509 1995 3549 ex
2029 3510 2163 3563 puro
2216 3494 2379 3549 corde
2440 3505 2642 3549 mutuae
2747 3493 3022 3549 dilectioni
3107 3494 3498 3563 correspondet

1931 3586 2204 3641 fraternus
2260 3601 2413 3640 amor
2445 3602 2554 3640 non
2585 3585 2740 3642 ﬁctus
2760 3627 2774 3653 ,
2814 3586 2942 3640 binc
2973 3586 3239 3642 concinne
3267 3587 3504 3656 praemit-

1933 3682 2065 3732 titur
2092 3677 2224 3731 illud
2268 3696 2286 3729 ι
2332 3676 2409 3730 Ex
2432 3691 2575 3747 puro
2597 3677 2782 3743 corde,
2819 3696 2838 3729 ι
2881 3675 3175 3746 subjicitur
3205 3692 3333 3731 vero
3364 3677 3497 3730 illud

1940 3790 1958 3820 ι
2001 3770 2054 3823 in
2089 3768 2455 3823 fraternitatis
2487 3783 2695 3823 amore.
2732 3787 2749 3820 ι
2780 3769 3339 3823 Animadvertendum
3374 3783 3500 3822 vero

1932 3867 2200 3935 est,quod
2230 3866 2321 3922 hic
2342 3864 2643 3935 propositio
2676 3886 2694 3918 ι
2721 3866 2775 3919 in
2806 3884 2825 3915 ι
2861 3872 3115 3920 sumatur
3139 3879 3238 3934 pro
3262 3873 3496 3934 propter,

1935 3970 2001 4013 ut'
2023 3958 2246 4028 perinde
2264 3959 2335 4015 sit
2353 3973 2416 4013 ac
2438 3976 2449 4011 :
2471 3960 2699 4029 Pmpter
2719 3957 3076 4014 fraternitatis
3095 3970 3357 4012 amorem.

2529 4049 2759 4106 CAPUT
2802 4052 2871 4105 ll.

2009 4143 2170 4198 Vens.
2206 4145 2322 4199 1-6.
2362 4165 2381 4195 ε
2417 4144 2758 4213 Deponentes
2785 4144 2950 4213 igitur
2997 4159 3213 4198 omnem
3243 4143 3500 4197 malitiam

1934 4245 1987 4290 et
2020 4251 2234 4289 omnem
2264 4237 2445 4289 dolum
2472 4245 2526 4290 et
2556 4236 2931 4291 simulationes
2954 4247 3007 4290 et
3028 4236 3264 4291 invidias
3296 4244 3349 4289 et
3384 4253 3499 4288 om-

1936 4342 2035 4381 nes
2067 4327 2454 4390 detractiones,
2492 4327 2636 4381 sicut
2669 4326 2831 4380 modo
2866 4327 3033 4394 geniti
3058 4328 3312 4390 infantes,
3339 4329 3503 4382 ratiov

1938 4417 2145 4472 nabiles
2180 4427 2234 4471 et
2287 4420 2405 4473 sine
2425 4418 2550 4472 dolo
2577 4419 2660 4472 lac
2679 4417 3074 4486 concupiscite,
3106 4425 3164 4471 ut
3188 4419 3326 4472 ineo
3386 4434 3510 4472 cre-

256 4491 564 4564 τηρίαν[είς
590 4513 717 4551 σωτ.
752 4516 854 4554 om.
881 4502 1047 4571 vulg.'|
1071 4519 1087 4536 ⁸
1109 4504 1267 4576 είπερ
1289 4506 1582 4574 ἐγεύσασθε
1602 4509 1682 4563 ὅτι
1703 4510 1837 4579 Χρι-

1937 4510 2102 4563 scutis
2138 4510 2190 4563 in
2221 4508 2470 4574 salutem,
2503 4509 2765 4578 siquidem
2790 4508 3348 4579 gustastis,‘qu0niam
3386 4512 3505 4562 dul-

261 4581 388 4644 στὸς
421 4580 542 4653 [leg].
571 4590 832 4661 χρηστὸς]
864 4593 892 4643 ὁ
913 4592 1136 4661 Κύριος.
1162 4596 1300 4664 Πρὸς
1315 4596 1374 4650 δν
1393 4599 1822 4669 προσερχόμενοι

1934 4604 2014 4656 cis
2040 4611 2123 4654 est
2175 4600 2459 4656 Dominus.
2488 4600 2567 4653 Ad
2601 4615 2761 4667 quem
2788 4599 3130 4662 accedentes,
3164 4599 3393 4668 lapidem
3424 4601 3503 4651 vi-

259 4669 408 4724 λίθον
430 4672 630 4740 ζῶντα,
659 4680 763 4731 ὑπὸ
789 4681 1089 4750 ἀνθρώπων
1117 4685 1214 4754 μὲν
1239 4687 1824 4759 ἀποδεδοκιμασμένον,

258 4765 416 4831 παρὰ
444 4765 502 4818 δὲ
539 4768 658 4836 Θεῷ
689 4771 964 4837 ἐκλεκτὸν,
1011 4774 1250 4846 ἔντιμον,
1279 4778 1374 4830 καὶ
1413 4778 1569 4832 αὐτοὶ
1593 4778 1668 4842 ὡς
1694 4780 1830 4833 λίθοι

261 4851 465 4917 ζῶντες
487 4858 878 4928 οἰκοδομεῖσθε,
920 4861 1068 4928 οἶκος
1098 4868 1489 4936 πνευματικὸς,
1527 4870 1832 4939 ίεράτευμα

261 4943 442 5010 ἅγιον,
504 4950 795 5019 ἀνενέγκαι
847 4959 1221 5024 πνευματικὰς
1265 4960 1477 5022 θυσίας,
1534 4962 1833 5032 εὐπροσδέ-

261 5052 425 5097 κτους
456 5038 534 5109 τῷ
556 5040 674 5110 Θεῷ
700 5044 788 5096 διὰ
831 5046 1004 5115 Ἰησοῦ
1025 5048 1288 5127 Χριστοῦ.
1320 5054 1464 5105 Διότι
1501 5054 1745 5122 περιέχει
1779 5056 1836 5106 ὲν

261 5131 330 5199 τῇ
365 5129 588 5200 Γραφῇο
639 5133 767 5187 Ἰδοὺ
817 5137 1008 5208 τίθημι
1061 5142 1119 5191 ὲν
1172 5140 1314 5195 Σιὼν
1372 5144 1522 5197 λίθον
1585 5147 1836 5213 ἀκρογω-

261 5223 458 5282 νιαῐον,
482 5226 757 5289 ἐκλεκτὸν,
794 5229 1011 5300 ἔντιμον
1029 5248 1043 5263 ⁸
1077 5235 1172 5285 καὶ
1194 5234 1223 5286 ὁ
1257 5236 1527 5289 πιστεύων
1548 5239 1636 5290 ἐπ’
1661 5238 1834 5307 αὐτῷ,

262 5312 325 5363 οὐ
360 5311 436 5382 μὴ
461 5318 859 5387 καταισχυνθῇ.
882 5338 901 5372 t
939 5322 1051 5390 Τῆς
1096 5326 1475 5394 πνευματικῆς
1527 5326 1830 5397 ἀναγεννή-

268 5415 407 5464 σεως
436 5403 537 5473 τὴν
570 5405 843 5478 ὑπεροχὴν
874 5410 1009 5481 πρὸς
1051 5413 1155 5483 τὴν
1185 5415 1325 5469 κστά
1357 5417 1534 5483 σάρκα
1571 5419 1831 5486 γέννησιν

338 5564 381 5593 ’³
414 5560 608 5619 Matth.
647 5581 794 5633 utv,
831 5569 921 5623 55.

1936 4691 2162 4754 vutn,ab
2186 4690 2497 4745 hominibus
2519 4690 2733 4757 quidem
2764 4689 3132 4759 rcprobatutn,
3153 4704 3181 4742 a
3197 4687 3302 4743 Deo
3326 4700 3507 4744 autem

1940 4780 2174 4833 electum
2212 4790 2267 4834 et
2311 4780 2754 4834 honoriﬁcittum.
2786 4778 2853 4832 Et
2884 4778 2987 4849 ipsi
3034 4788 3296 4850 tanquam
3356 4779 3504 4848 lapi-

1939 4872 2036 4926 des
2070 4871 2174 4924 νὶνί
2208 4868 2740 4939 supera-difieamini,
2770 4870 2965 4925 domus
2984 4870 3297 4939 spirituales
3327 4869 3382 4925 in
3415 4884 3506 4924 sa-

1940 4962 2235 5017 cerdotium
2256 4971 2503 5014 sanctum
2520 4959 2812 5016 otferentes
2841 4961 3151 5030 spirituales
3173 4960 3475 5026 hostias,ae

1943 5053 2241 5122 ceptabiles
2274 5053 2383 5106 Deo
2406 5067 2502 5121 per
2532 5051 2718 5108 Jesum
2765 5051 3072 5107 Christum.
3107 5050 3337 5122 PrOptcr
3360 5054 3504 5123 quod

1944 5146 2191 5199 continet
2215 5144 2515 5213 Scriptura,
2541 5142 2680 5199 Ecce
2701 5157 2844 5212 pono
2868 5144 2919 5197 in
2946 5144 3079 5199 Sion
3108 5145 3338 5215 lapidem
3359 5161 3507 5200 sunt-

1940 5250 2087 5288 mum
2111 5235 2447 5303 angularem,
2476 5233 3061 5302 probatum,electum.
3085 5236 3382 5305 pretiosum
3411 5252 3425 5288 :
3451 5244 3506 5290 et

1936 5328 2028 5395 qui
2051 5325 2340 5382 crediderit
2374 5327 2428 5379 in
2454 5340 2541 5390 eo,
2578 5336 2687 5379 non
2722 5324 3107 5381 confundetur.
3149 5344 3171 5379 ι
3203 5324 3501 5393 Postquam

1935 5420 2232 5489 spiritualis
2251 5417 2694 5490 regenerationis,
2714 5432 2877 5487 supra
2916 5420 3213 5482 carnalem,
3240 5420 3501 5480 excelled

1454 5662 1765 5727 Bonifacii
1808 5664 2034 5727 Finetti
2077 5676 2266 5730 noltc.

341 5771 418 5916 {2)
449 5772 652 5830 Textus
681 5777 777 5834 Gr.
810 5780 971 5837 habet
993 5784 1054 5837 ἐκ
1078 5785 1323 5855 καυαρᾶς
1345 5784 1593 5855 καρδίας,
1612 5799 1676 5839 ex
1695 5799 1825 5852 puro
1865 5786 2020 5845 corde

365 5843 419 5914 5)
442 5842 598 5916 Vulg.
620 5851 887 5904 attentius.

365 5843 419 5914 5)
442 5842 598 5916 Vulg.
620 5851 887 5904 attentius.
