4010 6576
357 409 501 477 nos

357 614 511 668 τικδν
553 632 575 667 ι
601 615 826 678 ἑαυτοὺς
859 616 1310 685 καταρτίσαντες,
1338 619 1430 670 καὶ
1462 619 1543 679 είς
1589 636 1610 669 c
1638 617 1936 686 ἱεράτευμα

360 706 518 776 ἅγιον
559 725 579 759 ι
639 707 1042 778 ἀποφήναντες,
1102 728 1120 759 ι
1155 709 1485 778 ἀνενέγκατε
1536 708 1727 771 θυσίας
1775 724 1938 760 πνευ-

360 797 624 867 ματικάς.
665 817 684 850 ι
720 798 812 868 Μὴ
843 798 953 868 γὰρ
977 799 1179 863 οἴεσθε,
1203 799 1295 853 τὸν
1345 801 1480 869 πρὸς
1511 800 1769 871 ἀλλήλους
1812 802 1942 855 σύν-

354 892 559 960 δεσμον
590 894 682 944 τὸν
701 891 793 945 διὰ
814 891 916 960 τῆς
945 892 1167 960 ἀγάπης
1219 893 1621 961 κρατυνόμενον
1647 892 1722 962 μὴ
1777 895 1938 963 ἐσχη-

356 982 540 1046 κότες,
562 980 829 1050 ἀμώμους
854 980 1046 1043 θυσίας
1077 982 1373 1049 ἀναφέρειν
1423 980 1563 1050 Θεῷ.
1624 1000 1644 1032 ι
1682 979 1941 1049 “prius;

355 1070 488 1141 γὰρ,
512 1072 699 1142 φησὶν,
725 1070 905 1134 ὁσίους
930 1072 1141 1141 χεῖρας,
1171 1073 1342 1141 χωρὶς
1362 1071 1536 1141 ὀργῆς
1579 1072 1675 1124 καὶ
1703 1070 1942 1139 διαλογιο

359 1162 535 1232 σμῶν.
570 1181 590 1216 t
616 1162 744 1225 Πῶς
773 1162 885 1233 γὰρ
918 1164 948 1216 ὁ
968 1162 1058 1216 διὰ
1106 1161 1419 1233 προσευχῆς
1457 1159 1704 1215 σπεύδων
1747 1160 1942 1214 ἑαυτὸν

357 1252 513 1306 ινσῦν
533 1252 608 1322 τῷ
631 1251 753 1321 Θεῷ
767 1251 1021 1318 τεύξεται
1048 1250 1265 1317 τούτου,
1282 1251 1446 1313 αὐτὸς
1478 1250 1672 1303 ἑαυτὸν
1696 1249 1763 1303 δι’
1795 1266 1815 1301 ι
1845 1250 1940 1319 ὀρ-

354 1346 462 1413 τῆς
490 1348 584 1400 καὶ
608 1346 979 1417 διαλογισμῶν
1013 1364 1034 1399 ι
1075 1343 1333 1417 πονηρῶν
1351 1344 1448 1398 τοῦ
1472 1341 1707 1413 ἀδελφοῦ
1744 1340 1940 1397 ἑαυτὸν

356 1438 664 1507 smmi»);

433 1668 453 1700 ‹
497 1648 659 1718 Ὑμῖν
683 1642 779 1703 οὖν
828 1649 862 1719 ἡ
908 1649 1044 1719 τιμὴ
1072 1649 1184 1731 τοζς
1207 1647 1561 1702 πιστεύουσιν
1588 1662 1603 1679 ⁸
1653 1644 1939 1701 ἀπειθοῦσι

356 1741 436 1805 δὲ,
466 1739 616 1804 λίθος
660 1740 720 1794 ὃν
749 1734 1163 1809 ἀπεδοκίμασαν
1194 1741 1245 1794 oi
1301 1738 1732 1809 οἰκοδομοῦντες,
1783 1731 1940 1800 οὗτος

1158 412 1560 474 EXPOSITIO
1588 413 1669 473 ΙΝ
1703 412 1947 474 EPIST.
1984 412 2011 471 Ι
2046 413 2107 476 S.
2131 416 2383 478 PETRI.
2425 440 2492 454 -”
2524 418 2684 481 CAP.
2719 421 2801 482 II.

354 519 637 591 γισθέντες
660 518 726 591 [Ῑ.
756 519 1038 593 γηθέντες]
1068 523 1146 588 δὲ,
1180 522 1276 575 καὶ
1318 524 1399 586 εἰς
1457 542 1475 573 ι
1514 520 1663 576 οἷκον
1691 539 1940 591 πνευμα-

2047 525 2116 579 ris
2166 526 2306 594 lapis
2346 545 2365 579 ο
2416 526 2674 585 Christus
2730 528 2992 586 Dominus
3034 547 3049 584 :

3469 420 3610 483 1319

3105 529 3197 584 scd
3252 530 3319 583 ad
3373 541 3616 587 mutuam

2042 623 2454 692 proportionem
2486 623 2771 686 elaborati,
2807 634 2861 677 et.
2912 624 2966 676 in
3014 622 3355 693 spiritualem
3396 624 3615 678 domum

2040 716 2403 786 vosmetipsos
2431 722 2706 785 aptantes,
2743 725 2794 771 et
2834 734 2853 768 ι
2897 724 3153 770 sanctqu
3185 715 3554 771 sacerdotium
3590 728 3609 769 ι

2043 818 2152 877 pne
2186 808 2339 863 vobis
2368 807 2688 873 referentes,
2733 826 2752 859 ι
2795 808 3121 876 spirituales
3156 807 3363 861 hostias
3391 806 3499 861 Deo
3532 807 3617 861 of-

1994 901 2268 965 κίοι-θείς,
2312 919 2331 953 ι
2360 914 2427 956 ne
2456 900 2598 955 enim
2632 900 2962 956 existimetis
3021 916 3118 955 vos
3176 899 3387 954 hostias
3426 899 3620 953 imma-

2041 991 2250 1046 cltlatas
2280 990 2477 1047 offerre
2503 1009 2739 1062 unquam
2763 1006 2942 1061 posse,
2976 992 3020 1045 si
3083 1000 3291 1044 mutuze
3328 989 3618 1043 charitatis

2043 1084 2321 1139 vinculum
2382 1083 2599 1137 ﬁrmum
2649 1099 2756 1139 non
2818 1082 3128 1139 habueritis
3195 1100 3210 1137 :
3261 1100 3279 1133 ι
3342 1081 3620 1135 Levantes

2039 1178 2209 1239 enim,
2271 1177 2368 1240 ait,
2430 1178 2598 1247 puras
2636 1192 2834 1231 manus
2890 1176 3008 1232 sine
3070 1176 3173 1240 ira,
3223 1182 3277 1231 et
3347 1176 3620 1244 discepta-

2043 1269 2192 1323 tione
2218 1269 2285 1323 ³⁸.
2321 1287 2339 1320 ι
2373 1262 2476 1333 Qui
2507 1268 2651 1321 enim
2677 1267 2791 1321 fieri
2816 1277 3011 1339 potest,
3039 1278 3211 1338 utpcr
3227 1266 3528 1321 orationem
3561 1280 3622 1321 se

2041 1358 2341 1429 coniungat
2366 1374 2497 1413 cum
2559 1344 2691 1426 Deo,
2727 1362 2818 1429 qui
2885 1375 2980 1429 per
3042 1379 3059 1411 ι
3127 1361 3291 1422 itam,
3339 1359 3625 1425 malasque

2040 1452 2464 1519 disceptationes
2511 1472 2529 1504 ι
2593 1468 2712 1507 sese
2748 1469 2777 1505 a
2807 1452 2972 1506 fratre
3032 1465 3288 1522 separare
3328 1464 3438 1505 non
3467 1464 3622 1504 vere-

2043 1542 2179 1597 tur?

2109 1653 2271 1724 360
2292 1650 2457 1707 Vens.
2494 1651 2607 1707 7-8.
2651 1672 2669 1703 ι
2707 1652 2873 1706 Vobis
2923 1652 3087 1723 igitur
3147 1646 3322 1708 honor
3347 1653 3624 1709 credenti-

2040 1742 2187 1801 bus:
2244 1759 2350 1797 non
2395 1745 2752 1800 credentibus
2778 1754 2957 1800 autem
3011 1745 3145 1815 lapis
3200 1761 3360 1816 quem
3434 1761 3623 1816 repro-

356 1832 593 1904 ἐγενήθη
619 1833 697 1895 εἰς
720 1831 965 1902 κεφαλὴν
990 1830 1214 1900 γωνίας,
1247 1830 1343 1885 καὶ
1395 1830 1542 1894 λίθος
1567 1829 1933 1901 προσκόμμα-

2047 1839 2313 1894 haverunt
2348 1838 2702 1899 aedificantes,
2734 1838 2820 1892 hic
2850 1836 3024 1892 factus
3056 1847 3138 1892 est
3198 1838 3250 1892 in
3305 1847 3471 1906 caput
3522 1854 3625 1893 an-

353 1940 447 1987 τος
479 1923 574 1976 καὶ¹
602 1925 778 1993 πέτρα
806 1922 1103 1978 σκανδάλου
1129 1937 1143 1953 ⁸
1170 1920 1220 1976 οἳ
1251 1922 1652 1992 προσκόπτουσι
1702 1921 1780 1991 τῷ
1829 1920 1935 1974 Λό-

355 2015 843 2084 γῳ,άπειθοῦντες,
867 2017 946 2079 εἰς
971 2015 1029 2069 δν
1044 2014 1207 2087 [υιιιθ.
1236 2015 1315 2078 εἰς
1336 2014 1364 2067 ὅ
1392 2011 1506 2085 καὶ]
1538 2014 1937 2084 ἐτέθησαν.›-ο

364 2125 384 2158 ι
433 2106 594 2176 Ὑμῖν
645 2104 737 2159 οὖν
781 2108 814 2175 ἡ
869 2107 1026 2178 τιμὴ,
1058 2126 1075 2156 ι
1136 2105 1653 2177 προσυπακουστέον
1707 2104 1789 2171 τὸ,
1845 2103 1935 2158 δέε-

359 2200 532 2254 δοται.
559 2199 633 2251 Τὸ
665 2199 720 2251 δὲ
746 2198 872 2268 ἑξῆς
904 2199 1076 2262 οὕτως
1101 2214 1116 2229 ·
1152 2218 1170 2250 ι
1212 2198 1376 2270 Ὑμῖν
1405 2196 1499 2251 οὖν
1528 2197 1563 2267 ἡ
1585 2196 1716 2274 τιμὴ
1749 2214 1769 2247 ι
1800 2195 1939 2266 πρὸς

357 2291 453 2343 τοῦ
482 2289 727 2354 εἰπόντος
758 2290 891 2344 Θεοῦ
916 2290 997 2351 τὸ,
1037 2307 1056 2340 ι
1089 2289 1293 2359 Τίθημι
1334 2303 1349 2319 ⁸
1381 2307 1401 2340 ι
1430 2291 1463 2359 ἡ
1495 2288 1630 2359 τιμὴ
1661 2288 1718 2341 δὲ
1745 2286 1937 2358 δηλον-

357 2382 442 2434 ότι
506 2381 836 2448 ἀπονέμεται
867 2399 881 2412 ο
912 2383 1024 2444 τοῖς
1061 2400 1079 2432 ι
1116 2379 1402 2432 ἀπειθοῦσι
1450 2378 1527 2444 δὲ,
1571 2396 1592 2429 ι
1642 2376 1802 2432 τοῦτο
1847 2378 1939 2432 καὶ

358 2473 455 2526 νῦν
472 2490 633 2543 φησιν
654 2473 829 2535 ὁΘεός
860 2490 874 2502 ·
905 2491 924 2523 ι
954 2472 997 2524 Τ
1004 2473 1157 2542 ίθημι
1188 2471 1316 2540 ύμῖν
1353 2472 1412 2524 ὲν
1442 2469 1579 2523 Σιὼν
1599 2469 1747 2522 λίθον
1770 2488 1943 2541 προσ-

358 2566 665 2634 κόμματος,
709 2584 729 2618 ι
787 2564 846 2628 ὃς
906 2565 1001 2617 καὶ
1047 2582 1066 2614 ι
1111 2563 1291 2634 πέτρα
1344 2561 1660 2617 σκανδάλου.
1695 2581 1715 2614 ι
1781 2562 1941 2616 Ἀλλὰ

364 2656 570 2719 (λίθος
618 2657 717 2725 μὲν
750 2656 1183 2730 προσκόμματος
1220 2674 1239 2707 ι
1282 2655 1435 2709 ἔσται
1489 2656 1601 2718 τοῖς
1637 2674 1655 2707 ι
1692 2653 1945 2707 ἀπειθοῦ-

361 2768 470 2812 σιν,
523 2751 573 2805 οϊ
644 2751 738 2803 καὶ
810 2750 1250 2819 προσκόπτουσιν
1285 2768 1304 2800 ι
1386 2747 1745 2810 ἀπειθοῦντες
1807 2766 1826 2799 ι
1861 2746 1939 2817 τῷ

358 2841 541 2913 Λόγῳ,
569 2842 648 2905 εἰς
682 2842 710 2895 ὃ
742 2844 835 2896 καὶ
854 2842 1140 2911 ἐτέθησαν.
1183 2859 1202 2892 ι
1247 2841 1441 2894 Ἔσται
1460 2835 1552 2893 οὖν
1580 2839 1640 2891 τὸ
1669 2838 1788 2893 ὅλον
1816 2837 1945 2910 νόη-

362 2952 462 3005 μα,
495 2933 666 2997 οὕτως
694 2948 708 2961 ·
747 2953 766 2986 ι
798 2934 931 2986 Ἰδοὺ
972 2932 1163 3002 τίθημι
1221 2935 1277 2985 ὲν
1306 2930 1444 2984 Σιὼν
1489 2929 1637 2983 λίθον
1695 2929 1948 3001 ἀκρογω-

358 3028 552 3085 νιαϊον,
574 3025 811 3088 ἔντιμον,
836 3024 1091 3077 ἐκλεκτόν
1114 3040 1125 3052 ⁶
1148 3024 1242 3076 καὶ
1263 3024 1290 3075 ὁ
1312 3022 1585 3076 πιστεύων
1606 3021 1693 3075 ἐπ’
1711 3022 1860 3090 αὐτῷ
1882 3021 1941 3074 ού

362 3116 440 3189 μὴ
456 3117 844 3187 καταισχυνθῆ,
859 3134 970 3166 ι-ι
988 3114 1277 3185 Ἔντιμον»
1303 3115 1431 3186 ύμῖν
1447 3117 1558 3178 τοῖς
1574 3113 1941 3168 πιστεύουσιν·

2039 1929 2174 2001 guli,
2213 1936 2266 1985 et
2312 1929 2452 1998 lapis
2502 1927 2837 1990 otl‘ensionis,
2869 1940 2922 1983 et
2949 1939 3102 1999 petra
3133 1930 3375 1984 scandali
3411 1930 3496 1984 his
3526 1930 3623 2002 qui

2036 2021 2320 2078 oﬂ‘endunt
2349 2019 2538 2085 verbo,
2569 2035 2666 2075 nec
2683 2020 2911 2074 credunt
2936 2022 2991 2073 in
3020 2036 3128 2089 quo
3145 2030 3198 2075 et
3222 2020 3385 2092 positi
3414 2031 3567 2075 sunt.
3600 2040 3620 2073 ι
3652 2060 3657 2067 .

2037 2144 2108 2155 -
2143 2132 2161 2166 ι
2193 2112 2364 2168 Vobis
2409 2112 2575 2181 igitur
2597 2109 2792 2173 honor,
2820 2130 2838 2162 ι
2878 2109 3414 2179 subintelligendum,
3437 2110 3625 2176 datur.

2037 2202 2313 2261 Orationis
2328 2202 2552 2259 ordoita
2570 2219 2627 2258 se
2648 2202 2809 2257 habet
2834 2219 2848 2255 :
2880 2221 2898 2253 ι
2923 2198 3090 2256 Vobis
3111 2200 3276 2272 igitur
3304 2199 3478 2255 honor
3507 2218 3525 2253 ι
3557 2200 3627 2255 ab

2037 2314 2103 2353 eo
2120 2298 2215 2367 qui
2239 2296 2396 2361 dixit,
2430 2295 2666 2360 «Pone,»
2702 2293 3083 2349 distribuitur:
3118 2311 3136 2343 ι
3159 2309 3264 2348 non
3280 2293 3629 2348 credentibus

2040 2399 2262 2443 autenn
2291 2388 2454 2442 etiam
2475 2402 2623 2442 nunc
2653 2387 2727 2440 ait
2754 2385 2924 2441 Deus:
2946 2404 2965 2437 ι
2994 2384 3144 2440 Ροηο
3174 2384 3228 2439 in
3245 2383 3376 2440 Sion
3395 2384 3628 2457 lapidem

2041 2477 2380 2542 otl'ensionis,
2412 2496 2431 2529 ι
2487 2477 2579 2547 qui
2601 2484 2652 2531 et
2714 2484 2903 2546 «petra
2955 2474 3223 2530 scandali.
3267 2493 3287 2526 ι
3333 2474 3402 2529 Αι
3433 2494 3452 2527 ι
3492 2475 3630 2546 lapis

2040 2566 2356 2624 offensionis
2384 2586 2403 2619 ι
2426 2568 2531 2623 erit
2559 2586 2578 2618 ι
2602 2581 2707 2620 non
2731 2566 3109 2630 credentibus,
3128 2565 3220 2635 qui
3244 2573 3296 2622 ct
3313 2565 3623 2622 ollendunh

2041 2676 2152 2715 non
2187 2659 2473 2715 credentes
2513 2676 2532 2709 ι
2572 2658 2760 2723 verbo,
2823 2658 2878 2712 in
2911 2673 3020 2727 quo
3043 2667 3097 2713 et
3137 2657 3295 2728 positi
3332 2668 3460 2714 sunt
3497 2659 3564 2712 ".
3603 2677 3623 2710 ι

2043 2752 2255 2822 Integer
2285 2750 2471 2821 itaque
2502 2766 2698 2806 sensus
2727 2749 3044 2821 huiusmodi
3080 2759 3166 2807 est
3199 2768 3213 2805 :
3250 2770 3268 2803 ι
3315 2751 3458 2807 Ecce
3481 2766 3628 2820 pono

2044 2843 2100 2897 in
2165 2840 2300 2898 Sion
2356 2841 2592 2912 lapidem
2650 2859 2925 2898 summum
2984 2843 3320 2914 angularem,
3373 2841 3626 2908 electum,

2044 2936 2346 3006 pretiosum
2376 2950 2391 2988 :
2418 2941 2472 2988 et
2504 2933 2597 3003 qui
2630 2932 2926 2987 crediderit
2962 2933 3015 2986 in
3051 2950 3136 2996 eo,
3166 2950 3274 2987 non
3322 2932 3653 3001 coniuncte-7

2048 3030 2157 3081 tur.
2202 3043 2326 3078 r—t
2352 3023 2662 3081 Pretiosuut
2700 3044 2717 3077 ι
2753 3040 2846 3080 seu
2870 3025 3243 3082 ιιοιιυιόὺίιιιηι
3273 3043 3292 3077 ι
3328 3025 3487 3080 vobis
3502 3040 3627 3079 cre-

2049 3116 2339 3185 dentibus;
2374 3132 2484 3172 non
2510 3115 2864 3172 credentibus
2884 3126 3062 3171 autem
3102 3117 3334 3187 lapidem
3370 3115 3629 3171 nﬂ'ensio-

372 3228 392 3261 ¢
418 3209 702 3263 ἀπειθοῦσι
729 3208 805 3273 δὲ,
840 3208 987 3261 λίθον
1023 3208 1451 3278 προσκόμματος
1471 3224 1485 3239 ’
1504 3206 1562 3260 ὃν
1575 3206 1720 3260 λίθον
1752 3205 1948 3260 ἀπεδοι

2054 3212 2182 3265 nis:
2225 3227 2245 3261 ι
2282 3224 2444 3280 quem
2491 3209 2723 3279 lapidem
2756 3210 3186 3279 reproharerunt
3246 3209 3470 3279 quidem
3501 3209 3634 3265 aedi-

363 3302 609 3371 κίμασαν
675 3302 773 3370 μὲν
840 3301 887 3353 oi
949 3300 1379 3369 οἰκοδομοῦντες,
1464 3295 1619 3361 οὗτος
1680 3297 1737 3350 δὲ
1820 3297 1945 3364 ἐγε-

369 3396 503 3465 νήθη
532 3397 612 3457 εἰς
640 3393 881 3463 κεφαλὴν
910 3392 1134 3462 γωνίας,
1169 3411 1185 3443 ι
1233 3392 1517 3445 συνάπτων
1555 3390 1653 3456 μὲν
1690 3390 1815 3451 τοὺς
1851 3405 1944 3441 πι-

364 3490 652 3552 στεύοντας
670 3490 748 3553 εἰς
775 3487 958 3543 αὐτόν·
991 3488 1104 3550 τοῖς
1132 3507 1150 3539 ‹
1189 3484 1476 3538 ἀπειθοῦσι
1505 3482 1583 3547 δὲ,
1606 3481 1752 3545 λίθος
1783 3497 1948 3550 προσ-

360 3583 647 3652 κόμματος
665 3595 676 3607 ·
703 3581 752 3633 οἳ
782 3578 1187 3648 προσκόπτουσι
1214 3577 1292 3647 τῷ
1324 3576 1493 3645 λόγῳ,
1532 3596 1553 3627 ι
1580 3574 1820 3645 δηλονότι
1849 3570 1943 3626 τοῦ

360 3672 718 3742 Εύαγγελίου,
758 3691 777 3724 ι
804 3674 882 3736 είς
905 3673 1039 3726 δκαὶ
1064 3670 1348 3739 ἐτέθησαν.
1378 3689 1396 3723 ι
1436 3667 1606 3724 Τοῦτο
1638 3668 1713 3734 δὲ,
1744 3686 1765 3722 ί
1795 3669 1888 3733 Εἰς
1917 3666 1947 3722 ὃ

361 3770 457 3822 καὶ
478 3766 763 3836 ἐτέθησαν,
787 3785 804 3818 ι
829 3767 928 3835 οὐχ
955 3765 1029 3828 ὡς
1049 3766 1157 3818 ἀπὸ
1184 3764 1277 3819 τοῦ
1293 3764 1428 3818 Θεοῦ
1448 3766 1665 3834 εἴρηται
1691 3765 1767 3826 είς
1789 3760 1948 3814 τοῦτο

361 3856 770 3926 ἀςωρεσμένοις
795 3854 1038 3927 (οὐδεμία
1062 3855 1172 3925 γάρ
1199 3856 1474 3918 ἀπωλείας
1501 3853 1651 3908 αἰτία
1671 3850 1824 3922 παρά
1849 3847 1945 3902 τοῦ

363 3949 571 4008 πάντας
583 3947 679 3999 ἀνθ
689 3945 762 4014 ρώ
770 3963 868 4000 που
878 3965 899 4008 ς
917 3947 1163 4011 θέλοντος
1178 3949 1417 4016 σωθῆναι
1435 3943 1783 4016 βραϐεύεται)
1796 3985 1807 4003 .
1837 3942 1948 4015 [ἀλ-

364 4043 432 4095 λά
451 4045 558 4104 τοῖς
591 4042 814 4103 ἑαυτοὺς
842 4059 859 4090 ι
886 4039 1054 4107 σκεύη
1084 4057 1103 4090 ι
1130 4037 1521 4107 κατηρτικόσιν
1542 4056 1560 4088 ι
1587 4036 1780 4107 ὀργῆς,
1812 4055 1831 4088 ι
1853 4034 1948 4088 καὶ

362 4137 396 4204 ἡ
430 4134 679 4188 ἀπείθεια
709 4132 1139 4203 ἐπηκολούθησε,
1169 4133 1264 4184 καὶ
1291 4132 1370 4193 εἰς
1420 4130 1489 4201 ἣν
1521 4127 1948 4200 παρεσκεύασαν

366 4228 594 4289 ἑαυτοὺς
633 4226 786 4290 τάξιν
834 4223 1156 4296 ὲτέθησαν.]
1201 4223 1262 4276 Et
1291 4223 1398 4293 γὰρ
1423 4221 1773 4288 αὐτεξούσιος
1806 4220 1948 4274 δάν-

367 4318 584 4387 θρῳπος
614 4315 857 4384 γέγονεν,
884 4314 978 4369 ἅτε
1006 4315 1229 4384 λογικῆς
1263 4313 1499 4382 φύσεως,
1524 4313 1620 4366 καὶ
1663 4312 1764 4387 ούκ
1830 4312 1946 4366 ἐστι

369 4408 650 4479 βιάζεσθαι
682 4408 743 4461 τὸ
768 4407 1140 4472 αὐτεξούσιον,
1163 4409 1261 4460 οὐκ
1294 4406 1361 4461 ἂν
1390 4406 1562 4461 είκότι
1608 4405 1752 4474 λόγῳ
1802 4405 1947 4476 μέμ-

366 4500 530 4570 ψαιτό
558 4518 641 4563 τις
662 4500 917 4568 τοιαύτης
945 4499 1152 4570 λήξεως
1184 4498 1477 4565 ἀξιώσαντι
1503 4490 1805 4569 τοῦτον,.ἦς
1855 4497 1946 4552 διὰ

367 4592 476 4646 τῶν
504 4591 668 4645 αὐτοῦ
707 4590 881 4662 ἔργων
910 4593 938 4644 ὁ
960 4592 1134 4645 ταῦτα
1178 4591 1384 4662 δράσας
1437 4590 1614 4661 ἑαυτῷ
1650 4588 1950 4662 ἐμνηστεύ-

371 4701 521 4738 σατο.
591 4684 1055 4754 «Ἀκρογωνιαῖος
1115 4684 1171 4737 δὲ
1225 4683 1372 4747 λίθος
1421 4701 1440 4736 ι
1477 4684 1692 4754 εἴρηται
1735 4684 1764 4736 ὀ
1814 4682 1952 4752 Χριιέ

370 4777 517 4841 στδς,
548 4777 622 4840 ὡς
640 4776 765 4840 τοὺς
797 4776 890 4829 δύο
925 4777 1139 4847 τοίχους
1191 4777 1317 4838 τοὺς
1367 4774 1460 4829 τὸν
1515 4793 1535 4827 ι
1581 4774 1950 4843 πνευματικὸν

369 4864 519 4923 οἷκον
551 4887 570 4920 ι
610 4866 1028 4933 άποτελοῦντας,
1059 4867 1177 4938 ἦτοι
1207 4867 1335 4929 τοὺς
1358 4865 1418 4931 ἐξ
1463 4863 1636 4918 ἐθνῶν
1662 4864 1760 4918 καὶ
1813 4864 1949 4919 Ἰου-

367 4962 559 5027 δαίων,
590 4960 679 5014 διά
734 4963 835 5030 τῆς
866 4959 1060 5014 ἑαυτοῦ
1100 4960 1388 5013 συνάπτων
1441 4958 1680 5027 ἐπαφῆς,
1736 4957 1833 5011 καὶ
1869 4960 1950 5022 είς

375 5052 507 5123 μίαν
538 5051 853 5121 συσφίγγων
880 5050 1236 5121 ἀρμολογίαν,
1267 5050 1375 5103 τῶν
1407 5052 1504 5121 μὲν
1532 5049 1630 5114 τὰς
1652 5050 1955 5119 ἀνωφελεῖς

372 5144 656 5214 ἀφανίζων
688 5144 900 5209 θυσίας,
929 5144 1037 5196 τῶν
1066 5141 1121 5195 δὲ
1154 5143 1253 5213 τὴν
1308 5138 1636 5214 δαιμονιὼδη
1693 5141 1953 5197 δεισιδαι-

375 5236 568 5306 μονίαν
594 5235 908 5306 μετατιθεὶς
938 5235 1018 5299 είς
1040 5235 1348 5288 εὐσέϐειαν.

450 5534 475 5574 s
526 5517 718 5588 Ὑμεῖς
755 5517 834 5581 δὲ,
861 5516 1017 5585 γένος
1047 5514 1322 5581 ἐκλεκτὸν,
1344 5513 1608 5585 βασίλειον
1631 5514 1949 5586 ἱεράτευμα,

375 5609 529 5673 ιθνος
561 5608 738 5677 ἅγιον,
771 5608 897 5672 λαὸς
912 5610 993 5671 είς
1027 5606 1369 5680 περιποίησιν
1390 5620 1406 5635 ⁸
1438 5607 1587 5670 ὅπως
1617 5605 1715 5669 τὰς
1746 5605 1946 5676 ἀρετὰς

451 5837 498 5868 ’⁸
539 5833 555 5893 ι
586 5833 729 5893 Tim.
766 5848 822 5900 ιι,
859 5831 910 5888 8.
988 5836 1032 5871 ³⁷
1063 5830 1219 5886 Rom.
1260 5846 1331 5897 tx,
1365 5832 1452 5887 35.

1565 5832 1609 5864 ⁸⁸
1641 5829 1830 5885 ITittt.
1875 5845 1915 5897 ι,
1954 5832 2040 5888 15.

2054 3302 2305 3364 ﬁcantes,
2368 3300 2457 3354 hic
2518 3306 2700 3354 autem
2745 3298 2922 3354 factus
2955 3309 3037 3353 est
3081 3298 3132 3351 in
3172 3299 3565 3366 eaputanguli,
3602 3317 3624 3350 ι

2048 3390 2387 3461 eonjungens
2408 3387 2697 3443 credentes
2728 3388 2782 3442 in
2814 3388 3024 3457 ipsum:
3067 3405 3084 3438 ι
3142 3401 3247 3440 non
3275 3386 3634 3458 credentibus

2051 3492 2239 3538 autem
2290 3481 2434 3553 lapis
2461 3479 2800 3546 oﬂ‘ensionis,
2865 3478 2961 3550 qui
2997 3499 3016 3532 ι
3056 3477 3347 3534 otl‘cndnnt
3403 3478 3626 3546 verbo,»

2049 3588 2246 3644 nempe
2277 3572 2578 3645 Evangelii,
2624 3592 2643 3625 ι
2706 3569 2763 3627 in
2794 3588 2903 3642 quo
2936 3579 2991 3626 et
3045 3569 3204 3642 positi
3266 3580 3416 3625 sunt.
3463 3588 3482 3622 ι
3517 3571 3634 3626 Hoc

2049 3675 2254 3729 autem,
2293 3684 2312 3718 ι
2340 3666 2402 3722 In
2426 3681 2536 3736 quo
2557 3672 2612 3720 et
2645 3665 2808 3735 positi
2837 3683 2856 3715 ›
2910 3679 3005 3718 seu
3068 3662 3352 3717 constituti
3390 3679 3409 3713 ι
3439 3673 3568 3716 sunt
3605 3679 3627 3714 ι

2051 3776 2156 3813 non
2192 3757 2399 3813 dictum
2433 3757 2711 3828 est,quasi
2744 3756 2781 3810 ii
2816 3771 2845 3810 a
2877 3754 2990 3809 Deo
3010 3754 3077 3809 ad
3106 3754 3206 3807 hoc
3232 3761 3415 3808 essent
3444 3767 3629 3821 segre-

2049 3850 2180 3921 gati,
2207 3865 2305 3906 seu
2336 3849 2715 3915 determinati;
2756 3845 2900 3903 Deus
2933 3850 3080 3903 enim
3112 3847 3202 3917 qtti
3243 3862 3261 3897 ι
3300 3860 3494 3901 omnes
3532 3844 3630 3898 ho-

2053 3940 2229 3996 mines
2261 3940 2377 3995 vult
2410 3940 2595 3996 salvos
2649 3938 2763 3994 lieri
2800 3939 2870 4005 ⁸³,
2919 3953 3084 3993 causa
3120 3937 3445 4011 perditionis
3477 3937 3629 3991 nullo

2052 4032 2215 4087 modo
2248 4048 2372 4089 esse
2399 4039 2579 4103 poteSt
2612 4049 2628 4087 :
2662 4033 2756 4089 sed
2790 4028 2917 4103 quia
2958 4031 3035 4085 illi
3073 4030 3399 4099 semetipsos
3443 4047 3462 4080 ι
3499 4043 3629 4084 vas:t

2051 4122 2147 4177 iraa
2172 4142 2191 4174 ι
2220 4123 2649 4188 constituerunt,
2674 4130 2838 4192 atque
2860 4119 3153 4175 inﬁdelitas
3184 4116 3480 4176 subsecuta
3524 4127 3631 4180 est,

2047 4213 2193 4271 ineo
2226 4213 2446 4277 ordine,
2504 4229 2665 4284 quem
2715 4213 2820 4269 sibi
2881 4212 3017 4284 ipsis
3068 4219 3417 4283 paraverunt,
3470 4210 3633 4275 positi

2051 4315 2202 4359 sunt.
2238 4305 2294 4360 Si
2329 4306 2475 4360 enim
2510 4306 2678 4358 libero
2709 4304 2939 4359 arbitrio
2973 4305 3255 4373 praeditus,
3305 4312 3495 4372 utpote
3547 4317 3636 4355 rae

2052 4395 2272 4452 tionalis
2298 4406 2529 4460 naturae,
2559 4393 2741 4450 factus
2762 4402 2849 4449 est
2894 4396 3078 4460 homo,
3104 4395 3171 4449 ad
3211 4394 3356 4464 quod
3399 4394 3635 4449 liberum

2052 4487 2228 4553 est,ei
2250 4486 2513 4543 violentia
2546 4485 2740 4542 inferri
2793 4502 2903 4541 non
2957 4494 3156 4555 potest,
3188 4484 3434 4555 profecto
3481 4487 3637 4540 nullo

2047 4577 2172 4649 jure
2202 4578 2329 4648 quis
2353 4593 2479 4634 eum
2512 4577 2782 4647 culparet,
2815 4577 2906 4647 qui
2940 4576 3032 4631 tali
3071 4575 3223 4631 illum
3277 4583 3427 4631 sorte
3454 4574 3631 4632 dona.

2047 4671 2146 4736 vit,
2186 4669 2402 4741 qualem
2464 4670 2514 4727 is
2556 4669 2818 4740 operibus
2883 4668 3222 4739 sibimetipsi
3270 4670 3633 4738 comparavit.

2054 4781 2073 4815 ι
2107 4761 2372 4817 Summus
2413 4778 2432 4813 ι
2473 4770 2653 4815 autem
2720 4779 2739 4811 ι
2777 4760 3055 4832 angularis
3087 4760 3225 4830 lapis
3276 4778 3295 4812 ι
3340 4760 3519 4815 dictus
3550 4769 3639 4817 est

2051 4854 2327 4920 Christus,
2345 4852 2547 4923 quippe
2574 4851 2667 4923 qui
2686 4852 2823 4908 duos
2843 4852 3098 4923 parietes,
3120 4853 3210 4922 qui
3239 4870 3258 4904 ι
3287 4851 3635 4921 spiritualem

2050 4949 2273 5004 domum
2316 4966 2336 4999 ι
2386 4946 2753 5011 constituunt,
2778 4961 2974 5016 nempe
3031 4960 3199 4999 unum
3229 4959 3297 4999 ex
3350 4943 3633 5014 gentibus,

2052 5055 2117 5094 ex
2151 5034 2360 5093 Iudaeis
2394 5037 2651 5103 alterum,
2704 5053 2806 5094 suo
2840 5036 3116 5106 cepulavit
3165 5043 3440 5100 contactu,
3468 5044 3523 5090 et
3573 5036 3631 5092 in

2052 5130 2244 5185 eadem
2280 5130 2467 5184 cultus
2523 5130 2732 5184 ratione
2799 5128 3105 5198 conjunxit,
3166 5126 3360 5183 ltot'um
3412 5126 3631 5197 quidem

2057 5221 2275 5275 inutilia
2338 5220 2615 5291 abmgans
2663 5220 2957 5285 sacriﬁcia,
2988 5219 3205 5275 illorum
3247 5226 3378 5275 νει-υ
3428 5218 3633 5273 daemo-

2061 5317 2272 5370 niacam
2307 5315 2755 5387 superstitionem
2785 5313 2839 5368 in
2880 5328 3063 5370 veram
3096 5311 3350 5383 pietatem
3377 5324 3629 5367 contmn-

2057 5416 2202 5462 ιαυε.

2124 5524 2287 5581 Vens.
2327 5525 2361 5580 9
2382 5525 2484 5581 tt).
2512 5542 2532 5577 ι
2567 5520 2676 5579 Vos
2705 5533 2887 5580 autem
2932 5537 3108 5593 genus
3138 5521 3398 5583 electum,
3448 5518 3631 5591 regale

2052 5613 2449 5679 sacerdotium,
2501 5626 2637 5683 gens
2680 5623 2898 5680 sancta,
2931 5612 3167 5686 populus
3217 5610 3625 5685 acquisitionis,
