4010 6536
416 373 547 444 1211

1300 378 1873 437 THEOPHYLACTI
1917 379 2319 441 BULGARIIE
2344 334 2701 440 mentae.

3517 378 3667 446 1212

418 500 480 545 ut
497 489 725 545 virtutes
744 488 1075 543 annuntietis
1095 486 1232 556 ejus,
1253 488 1345 558 qui
1360 489 1426 543 de
1444 489 1682 544 tenebris
1705 504 1802 544 vos
1822 502 1981 543 voca-

2099 489 2428 559 ιξαγγείλητε
2458 490 2552 543 τοῦ
2587 491 2651 544 ἐκ
2682 489 2904 554 σκότους
2939 491 3082 561 ὑμᾶς
3107 491 3439 556 καλέσαντος
3483 495 3563 557 εἰς
3598 497 3661 549 re

420 584 498 635 vit
529 582 583 636 in
622 580 940 635 admirabile
974 582 1148 634 lmncn
1181 596 1360 635 suum.
1399 580 1502 647 Qui
1534 579 1829 650 aliquando
1863 594 1974 634 non

418 672 671 744 populus,
700 686 845 726 nunc
871 680 1050 724 autem
1080 672 1311 739 pupulus
1338 671 1428 726 Dei
1464 689 1478 727 :
1515 670 1606 742 qui
1647 687 1752 726 non
1784 687 1981 727 conse-

419 765 528 820 cuti
580 762 1031 825 misericordiam,
1105 778 1249 818 nunc
1306 771 1486 818 autem
1549 764 1980 819 misericordiam

421 854 721 923 consecuti.
758 871 777 905 ι
819 852 1113 922 Postquam
1148 869 1256 908 non
1288 854 1625 909 credentium
1680 856 1978 926 nequitiam

419 946 717 1003 insectatus
745 952 847 1007 est,
867 959 1121 999 asserens
1144 960 1239 1001 eos
1257 946 1614 1017 sibimetipsis
1650 947 1986 1004 inﬁdelitatis

417 1051 639 1092 causam
658 1035 828 1091 fuisse
860 1053 875 1091 :
909 1051 1054 1091 nunc
1078 1041 1144 1091 ad
1164 1051 1375 1102 eorum,
1407 1038 1499 1107 qui
1533 1048 1681 1093 recte
1695 1049 1986 1109 gesserunt

422 1128 635 1183 laudem
669 1143 977 1183 sermonem
1009 1130 1301 1193 convertit,
1326 1131 1511 1200 aitque
1541 1146 1557 1184 :
1611 1148 1630 1183 σ
1664 1132 1796 1198 Vos,
1833 1150 1853 1184 ι
1891 1132 1984 1201 qni

418 1228 569 1277 recte
598 1220 865 1290 gessistis,
902 1239 921 1272 ι
963 1236 1137 1291 genus
1173 1241 1192 1274 ι
1220 1222 1352 1277 estis
1390 1242 1408 1273 ι
1437 1222 1694 1288 electum,
1722 1238 1787 1279 ac
1809 1226 1987 1296 regale

420 1313 823 1377 sacerdotium;
865 1331 883 1364 ι
926 1314 1081 1382 quasi
1104 1314 1307 1370 diceret
1346 1316 1470 1369 :llli
1515 1315 1730 1385 quidem
1767 1328 1988 1386 prepter

420 1402 700 1464 duritiem,
717 1413 771 1457 et
793 1402 1169 1458 infidelitatem
1189 1419 1342 1458 suam
1366 1422 1385 1456 ι
1409 1404 1752 1476 impegerunt
1775 1404 1829 1458 in
1849 1404 1990 1474 lapi-

421 1493 545 1547 dem
565 1492 928 1559 angularenm
954 1503 1008 1546 at
1038 1510 1143 1547 non
1162 1492 1321 1548 simul
1339 1508 1461 1547 cum
1483 1494 1602 1563 ipso
1623 1494 1674 1548 in
1693 1495 1984 1551 aedilicium

422 1584 780 1637 coaluerunt:
810 1601 829 1635 ι
860 1584 966 1640 \‘os
993 1602 1012 1635 ›
1048 1592 1225 1638 autem
1252 1593 1470 1655 propter
1486 1585 1643 1657 381
1674 1587 1985 1643 ﬁdelitatem

423 1682 479 1729 ct
513 1673 874 1728 obedientiam
904 1676 1220 1730 coaedificati
1244 1676 1376 1731 estis
1397 1677 1450 1730 in
1485 1694 1503 1727 ι
1530 1679 1711 1748 regale
1729 1679 1990 1733 sacerdo-

429 1766 561 1817 tium
599 1784 617 1816 t
648 1765 793 1819 velut
827 1784 845 1818 ι
870 1782 1039 1835 genus
1063 1766 1312 1829 electum,
1337 1767 1513 1824 tvelut
1536 1788 1555 1820 ι
1580 1784 1716 1839 gens
1737 1781 1944 1825 sancta.
1962 1790 1981 1824 ι

2080 580 2389 649 θαυμαστὸν
2406 581 2571 635 αὐτοῦ
2604 581 2735 651 φῶς.
2772 583 2835 635 οι
2864 583 2991 637 ποτὲ
3014 585 3077 637 οὒ
3105 585 3253 648 λαὸς,
3310 587 3406 639 νῦν
3438 587 3497 640 δὲ
3530 588 3659 650 λαὸς

2079 671 2212 725 Θεοῦ
2237 688 2253 704 ο
2278 673 2326 726 οἱ
2350 674 2449 727 οὐκ
2478 674 2791 744 ἠλεημένοι,
2818 673 2912 726 νῦν
2938 674 2996 727 δὲ
3024 674 3354 744 ἐλεηθέντες.
3394 694 3413 727 t
3455 678 3659 731 Διαὸαο

2080 763 2187 817 ὶὼν
2221 763 2318 835 τὴν
2344 765 2452 817 τῶν
2496 765 2865 819 ἀπειθούντων
2928 768 3325 837 κακοτροπίαν,
3382 770 3482 823 καὶ⁵
3510 770 3663 833 ὅπως

2082 856 2233 909 αὐτοὶ
2259 856 2471 919 ἑαυτοῖς
2499 858 2837 926 κατέστησαν
2864 860 3028 912 αῐτιοι
3058 859 3358 923 ἀπειθείας,
3377 860 3473 914 νῦν
3492 879 3661 931 μεταο

2082 943 2255 997 ϐαίνει
2285 943 2423 1011 πρὸς
2450 942 2670 997 ἔπαινον
2700 943 2810 997 τῶν
2835 944 3299 1013 κατωρθωκότων,
3342 946 3436 998 καί
3469 961 3657 1016 φησιν,

2082 1036 2164 1090 ὅτι
2201 1054 2220 1087 ι
2264 1035 2451 1105 Ὑμεῖς
2481 1053 2501 1087 ι
2548 1038 2597 1088 οἱ
2638 1034 3087 1106 κατωρθωκότες,
3129 1054 3148 1088 ι
3185 1035 3345 1099 γένος
3380 1035 3667 1099 ὶκλεκτὸν,

2086 1125 2355 1196 βασίλειον
2378 1126 2677 1197 ἱεράτευμα
2706 1142 2721 1157 ·
2757 1146 2776 1178 t
2811 1127 3001 1196 ὥσπερ
3062 1128 3112 1181 ει
3167 1128 3353 1196 ἔλεγεν
3380 1143 3395 1159 ο
3429 1127 3667 1181 Ἐκεῖνοι-

2087 1218 2188 1288 μὲν
2215 1218 2303 1271 διὰ
2326 1217 2674 1289 σκληρότητα
2704 1219 2800 1271 καὶ
2818 1218 3106 1271 ἀπείθειαν
3139 1235 3159 1270 ι
3196 1217 3550 1289 προσέκοψαν
3580 1216 3672 1287 τῷ

2085 1310 2483 1381 ἀκρογωνιαιῳ,
2521 1328 2541 1362 ι
2582 1290 2698 1364 ἀλλ’
2721 1310 2784 1363 οὐ
2821 1310 3370 1381 συνῳκοδομήθησαν.
3399 1329 3418 1362 ι
3471 1309 3671 1382 Ὑμεῖς

2084 1398 2143 1452 δὲ
2179 1417 2197 1451 t
2225 1398 2290 1452 δι’
2324 1399 2638 1455 εὐπείθειαν
2669 1402 3151 1473 συνῳκοδομήθητε
3184 1404 3264 1466 εἰς
3328 1421 3349 1454 ι
3382 1400 3673 1473 βασίλειον

2088 1488 2422 1560 ἱεράτευμα,
2467 1509 2485 1541 t
2543 1491 2619 1550 ὼς
2687 1510 2707 1544 ι
2748 1492 2904 1559 γένος
2953 1492 3229 1558 ἐκλεκτὸν,
3263 1510 3282 1543 ι
3316 1493 3393 1556 ὡς
3452 1510 3473 1544 ι
3512 1492 3662 1556 ἔθνος

2087 1578 2262 1647 ἅγιον.
2299 1597 2318 1632 ι
2371 1579 2517 1650 Πλὴν
2569 1579 2659 1634 ἴνα
2686 1580 2762 1651 μὴ
2815 1579 2894 1652 τῷ
2945 1581 3189 1652 περιττῷ
3213 1583 3424 1652 ὲπαινῳ
3462 1580 3665 1651 sul-Jan

2088 1671 2307 1737 αὐτοὺς,
2352 1670 2526 1735 ἄλλως
2547 1688 2607 1725 τε
2638 1672 2730 1724 καὶ
2766 1671 2851 1724 ἵνα
2884 1673 2972 1745 μὴ
3013 1671 3480 1745 ἀποκληρωτικῶς
3504 1671 3668 1737 δόξωο

2093 1779 2176 1816 σιν
2193 1761 2335 1832 ἔχειν
2363 1763 2424 1816 τὸ
2452 1780 2469 1814 ι
2496 1763 2649 1830 ἅγιον
2676 1762 2850 1825 ἔθνος,
2887 1781 2906 1815 t
2948 1764 3041 1817 καὶ
3062 1765 3160 1819 ὅσα
3189 1764 3449 1833 ἑξῆς,καὶ
3465 1764 3548 1817 ὅτι
3579 1763 3673 1816 διὰ.

427 1857 682 1912 Aitamen
712 1872 776 1910 ne
802 1857 968 1911 nimia
1002 1858 1160 1913 laude
1186 1875 1380 1929 segnes
1414 1875 1507 1915 eos
1545 1860 1815 1928 redderet,
1852 1878 1987 1919 neve

2099 1853 2262 1907 τὸτοῦ
2304 1853 2557 1925 Ἀϐραὰμ
2586 1853 2743 1923 γένος
2767 1852 2908 1909 εἶναι
2941 1855 3037 1910 καὶ
3089 1856 3362 1925 μηδέποτε
3428 1853 3667 1925 προσκό-

431 1953 704 2015 putarent,
720 1947 862 2016 quod
883 1963 976 2016 per
993 1948 1357 2004 hatreditatem
1382 1949 1770 2007 haberentcsse
1790 1968 1991 2023 «genus

381 2042 386 2048 '
428 2048 698 2103 sanctum,
727 2056 745 2090 ι
778 2047 910 2104 ctc.,
941 2052 993 2093 et
1022 2042 1165 2111 quod
1214 2049 1364 2097 tanto
1410 2042 1598 2098 donati
1648 2055 1833 2100 essent
1890 2046 1990 2100 ho-

430 2143 567 2183 nore
622 2139 904 2198 prepterea
955 2134 1110 2200 quod
1150 2140 1334 2188 essent
1387 2150 1559 2204 genus
1617 2137 1873 2198 Abraha'.
1939 2144 1993 2191 et

435 2235 709 2289 nunquam
734 2220 1086 2293 impegissent
1117 2241 1132 2280 :
1167 2232 1225 2278 ut
1250 2226 1537 2281 elationem
1597 2242 1784 2284 eorum
1819 2232 1995 2300 repri-

436 2322 625 2392 meret,
666 2315 852 2370 subdit
886 2316 1104 2375 :Nolite
1140 2332 1360 2391 propter
1405 2338 1577 2391 genus
1603 2325 1892 2395 magnifice
1927 2328 1994 2384 de

434 2405 588 2461 vobis
624 2408 865 2462 sentire:
900 2424 1010 2464 non
1051 2411 1195 2464 enim
1229 2420 1448 2481 propter
1476 2412 1747 2473 Abraham
1770 2416 1821 2469 itt
1862 2437 1880 2468 ι
1908 2434 1995 2473 re-

433 2496 551 2564 gale
571 2498 933 2552 sacerdotium
973 2518 991 2551 »
1026 2499 1179 2555 electi
1209 2504 1389 2558 estis:
1431 2504 1523 2573 qui
1581 2504 1725 2559 enim
1775 2506 1830 2561 in
1877 2508 1995 2576 ipso

434 2588 681 2654 prognati
710 2596 859 2652 sunt,
878 2590 1242 2645 sacerdotium
1283 2608 1312 2646 a
1345 2593 1489 2664 regia
1515 2594 1781 2665 dignitate
1810 2613 1997 2653 secre-

435 2687 546 2734 tum
570 2677 808 2733 habuere
839 2695 853 2732 :
885 2694 991 2734 non
1015 2682 1179 2752 igitur
1206 2693 1426 2754 propter
1444 2685 1715 2740 Abraham
1744 2703 1840 2745 vos
1862 2691 1999 2746 estis

439 2789 463 2825 e
504 2786 636 2839 gens
666 2780 875 2839 sancta,
903 2780 955 2828 et
984 2790 1155 2844 genus
1195 2776 1427 2831 electum
1490 2786 1545 2831 et
1580 2778 1633 2832 in
1685 2781 1864 2851 regale
1913 2796 2000 2834 sa-

436 2861 737 2916 cer-lotium
776 2882 796 2914 ι
840 2866 1107 2934 segregati
1137 2883 1157 2932 ;
1185 2866 1277 2921 sed
1304 2877 1524 2940 propter
1548 2868 1847 2936 Christum,
1905 2871 1998 2940 qui

436 2963 489 3005 et
530 2970 548 3003 ι
588 2953 855 3016 Sacerdos
888 2957 1187 3010 secundum
1213 2958 1459 3012 ordinem
1485 2959 1885 3015 Melchisedech
1919 2962 1994 3014 ’ἰ

440 3043 617 3098 dictus
636 3054 740 3109 est,
768 3053 821 3099 et
846 3063 862 3095 ι
885 3045 997 3099 Rex
1024 3049 1558 3118 mansuetus,justus
1576 3049 1959 3105 etSalrator”.
1976 3070 1996 3103 ι

438 3132 516 3189 Es
552 3135 670 3203 ipso
702 3136 864 3205 igitur
891 3137 980 3205 qui
1011 3146 1298 3210 utramque
1325 3142 1734 3211 prterogativam
1789 3142 1998 3208 habuit,

446 3240 465 3273 ι
505 3222 616 3278 Vos
650 3243 668 3273 ι
693 3235 886 3278 sancto
917 3227 1138 3296 regeniti
1166 3228 1489 3300 baptismate
1552 3241 1605 3284 et
1640 3248 1659 3281 ι
1685 3246 1856 3299 genus
1899 3231 2001 3287 ele-

426 3324 607 3400 .ctum.
642 3327 693 3372 et
732 3319 911 3391 regale
941 3321 1301 3377 sacerdotium
1328 3340 1348 3375 ι
1411 3323 1796 3381 convenienter
1820 3324 2004 3396 appel-

440 3408 647 3464 lamini.
668 3408 783 3464 Hoc
809 3420 989 3466 autem
1011 3422 1181 3466 totum
1208 3413 1421 3469 habetis
1438 3416 1812 3470 misericordia
1833 3418 2000 3481 illius,

446 3520 465 3553 ι
511 3503 603 3572 qui
634 3504 701 3558 de
729 3506 971 3559 tenebris
1004 3521 1099 3561 vos
1141 3508 1355 3562 vocavit
1379 3509 1430 3563 in
1459 3510 1777 3566 admirabile
1818 3511 2002 3566 lumen

440 3608 621 3648 suum.
662 3613 681 3646 ι
742 3595 1102 3661 Quamobrem
1143 3615 1238 3667 per
1268 3615 1429 3669 opera
1490 3601 1628 3657 lucis
1664 3603 1785 3657 aliis
1832 3603 2006 3658 homi-

444 3681 605 3737 nibus
628 3684 858 3738 virtutes
889 3685 1007 3754 ejus
1042 3695 1198 3742 notas
1256 3687 1438 3744 facile.
1478 3688 1591 3745 Hoc
1636 3690 1877 3761 quidem,
1923 3693 2007 3747 iu—

443 3773 582 3843 quit,
607 3789 671 3828 ex
716 3774 874 3845 hujus
904 3776 1234 3847 benignitate
1264 3778 1475 3833 habetis
1510 3796 1524 3832 :
1563 3781 2005 3852 quandoquidem

443 3863 577 3919 illud
609 3864 661 3918 in
695 3879 790 3919 vns
819 3866 1052 3936 quadrat
1100 3882 1115 3919 :
1156 3886 1175 3919 ι
1233 3864 1475 3939 Populus
1516 3887 1535 3919 ι
1587 3869 1744 3931 estis.
1775 3871 1867 3939 qui
1908 3871 2010 3925 ali-

442 3956 664 4028 quando
694 3976 712 4009 ι
750 3973 858 4012 non
893 3959 1127 4028 populus
1168 3976 1189 4011 ι
1227 3968 1282 4027 et
1312 3958 1474 4013 modo
1511 3977 1530 4011 ι
1568 3961 2008 4015 misericordiam

443 4049 747 4115 consecuti,
792 4068 810 4102 ι
850 4051 941 4119 qui
973 4052 1100 4106 olim
1147 4070 1166 4102 ι
1201 4051 1630 4107 misericordiam
1680 4068 1789 4107 non
1817 4069 2011 4108 conse-

443 4142 573 4194 cuti.
616 4160 634 4193 ι
678 4140 746 4195 Ut
774 4149 954 4195 autem
996 4142 1311 4198 minus-illis
1351 4151 1641 4198 n-oiestum
1698 4159 2007 4200 sermonem

446 4243 607 4284 suum
649 4227 922 4294 redderet,
974 4230 1444 4299 exprobrationem
1490 4231 1673 4286 verbis
1709 4230 1849 4286 Osee
1887 4246 2012 4301 pro-

2093 1945 2216 2014 ψαι,
2266 1944 2471 2014 ταύτης
2525 1945 2840 2016 ἠξιώθησαν
2880 1946 2976 2015 τῆς
3013 1945 3201 2015 τιμῆς,
3246 1946 3438 2013 ἐπάγει
3505 1963 3671 2000 κατα-

2096 2026 2329 2088 «mm
2361 2034 2542 2088 αὐτῶν
2561 2033 2622 2089 τὸ
2655 2036 2932 2107 φρόνημα,
2961 2036 3055 2092 καί
3083 2053 3269 2107 φησιν,
3296 2038 3377 2090 ὄτι
3410 2036 3502 2106 Μὴ
3528 2038 3670 2107 μέγα

2094 2126 2186 2177 ἐπὶ
2236 2126 2312 2195 τῷ
2359 2125 2507 2195 γένει
2566 2128 2831 2199 φρονεῖτε.
2882 2128 2956 2180 Οὐ
3017 2127 3126 2199 γὰρ
3171 2128 3259 2181 διὰ
3300 2127 3673 2197 τδνἋόραὰμ

2097 2214 2380 2285 ἒξελέγητε
2435 2218 2515 2281 εἰς
2592 2235 2610 2268 ι
2650 2216 2922 2287 βασίλειον
2982 2218 3285 2287 ἱεράτευμα
3319 2234 3333 2249 ⁸
3381 2236 3400 2269 ι
3464 2219 3515 2271 οἱ
3564 2219 3671 2289 γὰρ

2094 2305 2153 2369 ἐξ
2174 2305 2335 2357 αὐτοῦ
2365 2304 2717 2374 προελθόντες
2745 2305 3137 2378 διεσταλμένην
3161 2305 3305 2378 εἶχον
3365 2308 3463 2377 τὴν
3523 2308 3671 2379 ἱερα-

2094 2397 2243 2448 τείαν
2278 2397 2408 2467 πρὸς
2440 2398 2537 2468 τὴν
2569 2395 2865 2466 βασίλειαν.
2886 2399 2961 2451 Οὐ
2991 2398 3076 2452 διὰ
3097 2399 3188 2451 τὸν
3259 2398 3512 2469 Ἀϐραὰμ
3562 2400 3671 2451 τοί-

2096 2506 2189 2539 νυν
2217 2507 2237 2540 ι
2267 2487 2417 2551 ἔθνος
2450 2507 2467 2538 t
2497 2487 2618 2540 ὲστὲ
2654 2506 2672 2538 ι
2730 2489 2884 2556 ἅγιον
2923 2507 2941 2539 ι
2973 2490 3063 2541 καὶ
3103 2509 3120 2538 ι
3156 2490 3312 2556 γὲνος
3344 2488 3621 2553 ὲκλεκτδιν,
3648 2507 3669 2541 ι

2095 2579 2188 2630 καὶ
2217 2580 2296 2640 εἰς
2342 2596 2360 2628 ι
2397 2576 2665 2647 βασίλειον
2693 2580 2995 2651 ἱεράτευμα
3025 2600 3042 2631 t
3082 2581 3477 2650 ἀφωρισμένοι,
3536 2581 3671 2633 ἀλλὰ

2096 2670 2182 2721 διὰ
2217 2669 2470 2737 Χριστὸν,
2509 2669 2678 2731 ὅςκαὶ
2708 2689 2727 2722 ι
2788 2671 2993 2742 Ἰερεὺς
3032 2673 3170 2725 κατὰ
3199 2672 3295 2743 τὴν
3350 2673 3504 2737 τάξιν
3527 2674 3672 2727 Μελ-

2097 2761 2351 2830 χισεδὲκ»
2388 2762 2784 2833 κεχρημάτικε,
2840 2764 2938 2816 καὶ
2976 2783 2994 2815 ι
3037 2763 3302 2826 Βασιλεὺς
3350 2764 3553 2835 πραῢς,
3600 2765 3675 2818 δί-

2100 2870 2272 2917 καιος.
2307 2856 2395 2907 καὶ
2432 2855 2638 2919 σώζων.
2678 2875 2697 2907 ι
2727 2855 2819 2922 Ἐξ
2842 2854 3006 2910 αὑτοῦ
3037 2855 3213 2910 τοίνυν
3247 2856 3341 2910 τοῦ
3383 2857 3451 2910 τὰ
3499 2858 3679 2927 ἀμφόο

2099 2963 2231 3016 τερα
2262 2946 2553 3016 ἐσχηκότος
2583 2945 2671 2999 διὰ
2697 2946 2789 2999 τοῦ
2826 2948 2981 3017 ἁγίου
3003 2947 3459 3019 ἀναγεννηθέντες
3488 2947 3675 3017 βαπτι-

2105 3054 2328 3108 σματος,
2356 3038 2576 3101 εἰκότως
2605 3038 2699 3091 καὶ
2732 3057 2750 3089 ι
2790 3037 2942 3107 γένος
2998 3038 3251 3093 ἐκλεκτὸν
3289 3059 3307 3091 t
3344 3040 3672 3110 χρηματίζει-

2104 3145 2185 3195 τε,
2220 3128 2313 3182 καὶ
2341 3128 2642 3197 (βασίλειον
2675 3130 2992 3202 ἱεράτευμα.
3023 3150 3042 3184 t
3079 3130 3248 3184 Τοῦτο
3269 3131 3325 3185 δὲ
3356 3131 3489 3200 ἐλέῳ
3509 3130 3669 3184 αὕτοῦ

2109 3238 2128 3271 ι
2156 3219 2251 3273 τοῦ
2279 3221 2605 3284 καλέσαντος
2625 3222 2770 3293 ὑμᾶς
2802 3242 2819 3275 ι
2845 3222 3027 3292 ἔχετε»
3051 3223 3115 3277 ὲκ
3146 3224 3367 3287 σκότους
3387 3226 3467 3288 εἰς
3483 3224 3542 3276 τὶ
3554 3223 3678 3277 θαυ-

2107 3313 2307 3385 μαστὺν
2332 3313 2496 3369 αὑτοῦ
2521 3314 2657 3386 φῶς.
2698 3332 2718 3369 t
2752 3313 2843 3368 Διὸ
2874 3314 2963 3369 διὰ
2994 3313 3102 3369 τῶν
3142 3315 3235 3368 τοῦ
3285 3316 3461 3384 φωτὸς
3500 3315 3667 3384 ἔργων

2102 3406 2214 3467 τοῖς
2237 3403 2414 3466 ἄλλοις
2442 3403 2749 3473 ἀνθρώποις
2780 3405 3131 3474 ὲξαγγέλλετε
3169 3406 3266 3469 τὰς
3313 3406 3516 3476 ἀρετὰς
3574 3407 3668 3458 ati-

2103 3494 2220 3549 τοῦ.
2252 3495 2421 3549 Τοῦτο
2457 3494 2578 3566 μὲν,
2615 3498 2804 3567 φησὶν,
2846 3499 2910 3551 ὲκ
2939 3500 3037 3570 τῆς
3064 3498 3270 3551 ἐκείνου
3306 3498 3457 3568 ἔχετε
3489 3498 3674 3568 φιλαν-

2113 3584 2360 3655 θρωπίας
2403 3601 2417 3617 °
2448 3587 2591 3651 ἐπεὶ,
2633 3588 2692 3640 τό
2728 3605 2791 3656 γε
2815 3592 2894 3652 εἰς
2926 3589 3069 3659 ὑμᾶς
3094 3584 3247 3661 ἧκον,
3286 3607 3303 3639 ι
3340 3587 3468 3651 λαός
3493 3607 3514 3641 ι
3557 3589 3675 3642 ἐστε

2116 3696 2133 3727 ι
2167 3678 2216 3731 οἱ
2243 3677 2372 3730 ποτὲ
2431 3677 2490 3731 οὑ
2524 3677 2673 3745 λαὸς,
2705 3681 2797 3732 καὶ
2824 3679 3136 3750 ἠλεημένοι,
3173 3681 3223 3731 οἱ
3277 3680 3377 3731 οὐκ
3439 3680 3672 3749 ἠλεημέο

2108 3784 2212 3823 νοι.
2251 3786 2267 3820 t
2304 3768 2804 3841 Ἀνεπαχθέστερον
2833 3769 2887 3824 δὲ
2922 3771 3011 3825 τὸν
3033 3769 3188 3839 λόγον
3211 3770 3401 3835 ποιῶν,
3427 3770 3487 3835 ἐξ
3526 3770 3675 3841 Ὠσηὲ

2110 3858 2392 3914 πιστοῦται
2422 3861 2513 3916 τὸν
2557 3860 2712 3929 λόγον
2767 3861 2858 3915 τοῦ
2910 3861 3235 3932 ὀνειδισμοῦ.
3301 3862 3673 3931 Ἐξαγγελλετε

2109 3952 2405 4024 τοιγαροῦν
2430 3953 2500 4007 δι’
2533 3953 2900 4025 ἀγαθοεργξας
2938 3957 3035 4017 τὰς
3069 3955 3269 4025 ἀρετὰς
3322 3954 3509 4007 αὑτοῦ.
3559 3952 3675 4015 Πῶς

2110 4043 2166 4096 δὲ
2191 4042 2641 4112 ὲξαγγέλλουσιν;
2677 4045 2849 4109 Αὐτὸς
2882 4046 2908 4097 ό
2940 4046 3140 4117 Κύριος
3183 4045 3446 4109 διδάσκει,
3497 4044 3564 4098 δι’
3608 4037 3677 4098 ῶν

2112 4152 2312 4206 φησιν·
2366 4155 2383 4187 ι
2414 4137 2571 4190 Οὕτω
2611 4136 2881 4208 λαμψάτω
2931 4137 2992 4190 τδ
3033 4137 3149 4207 φῶς
3205 4138 3332 4207 ὑμῖν
3376 4135 3678 4207 ἔμπροσθεν

2109 4226 2218 4280 τῶν
2255 4225 2579 4298 ἀνθρώπων,
2615 4227 2763 4290 ὅπως
2798 4228 2950 4280 ἴδωσι
2995 4227 3063 4282 τὰ
3108 4228 3247 4281 καλὰ
3314 4226 3467 4293 ὑμῶν
3528 4227 3678 4298 ἔργα,

444 4318 621 4388 pheta:
657 4318 959 4373 contexuit.
1014 4318 1181 4391 igitur
1238 4334 1331 4389 per
1381 4321 1519 4375 bona
1572 4336 1737 4388 opera
1781 4322 1997 4376 virtute:

2118 4320 2215 4373 καὶ
2248 4319 2513 4385 δοξάσωσι
2540 4319 2629 4372 τὸν
2658 4320 2875 4390 Πατέρα
2911 4319 3069 4389 ὑμῶν
3130 4319 3223 4372 τὸν
3262 4319 3320 4369 ὲν
3367 4320 3480 4382 τοῖς
3526 4319 3678 4388 οὖρα-

444 4409 785 4464 annuntiate.
814 4409 931 4477 Qua
960 4425 1088 4464 vero
1119 4408 1331 4465 ratione
1376 4414 1699 4467 annuntiare
1748 4426 1841 4467 cas
1889 4426 1997 4480 pos-

2114 4412 2244 4474 νοϊς.
2286 4429 2304 4465 t
2331 4443 2397 4451 —-
2437 4430 2454 4462 ι
2482 4410 2625 4475 Aab;
2643 4411 2699 4464 δὲ
2726 4411 2803 4475 εἰς
2829 4411 3198 4481 περιποίησιν,
3237 4426 3256 4459 ›
3300 4409 3421 4461 ἀντὶ
3455 4409 3570 4473 τοῦ,
3606 4410 3678 4469 εἰς

444 4503 580 4567 sint,
602 4501 819 4557 edocuit
854 4502 1113 4558 Dominus
1146 4518 1269 4558 cum
1299 4503 1373 4558 ait
1404 4506 1446 4535 "
1476 4523 1489 4558 :
1520 4521 1538 4554 ι
1597 4502 1688 4558 Sic
1710 4504 1888 4558 luceat
1920 4505 1997 4558 lu:

2119 4503 2333 4573 κτῆσιν,
2361 4505 2479 4576 ἦτοι
2506 4506 2585 4567 εἰς
2616 4503 2997 4575 κληρονομίαν.
3045 4503 3252 4566 Πάντες
3311 4502 3410 4572 μὲν
3439 4502 3548 4573 γὰρ
3575 4502 3681 4555 κτε-

445 4600 630 4646 vestra
676 4606 862 4646 coram
917 4592 1260 4656 hominibus,
1293 4601 1349 4645 ttt
1382 4593 1598 4649 videant
1629 4607 1796 4665 opera
1825 4601 1997 4648 vestra

2117 4612 2229 4665 σμα
2255 4595 2391 4648 Θεοῦ
2429 4612 2444 4627 ·
2483 4595 2669 4665 κτῆμα
2701 4595 2779 4663 δὲ,
2806 4598 2959 4666 μόνοι
2995 4593 3147 4649 οἱδιὰ
3173 4594 3272 4665 τῆς
3312 4594 3519 4648 ἑαυτῶν
3553 4595 3679 4662 ἀτα-

445 4682 610 4747 bona,
647 4695 701 4736 et
729 4682 1031 4751 gloriﬁcent
1086 4682 1298 4738 Patrem
1349 4692 1613 4750 vestrum,
1657 4677 1748 4754 qui
1782 4685 1838 4737 in
1863 4684 1997 4741 C(BIis

2124 4684 2212 4738 θοε
2222 4686 2376 4755 ργίας
2396 4685 2585 4739 τούτου
2615 4686 2926 4757 ἠξιωμένοι.

445 4782 551 4831 est.
591 4792 613 4827 ι
638 4792 750 4825 -ι
786 4772 1028 4843 Populus
1059 4783 1237 4828 autem
1285 4774 1687 4844 acquisitionis,
1731 4793 1749 4826 ι
1803 4774 1858 4829 id
1922 4783 2003 4829 est
2034 4772 2088 4826 in
2136 4775 2536 4844 possessionem
2564 4772 2619 4831 et
2648 4774 3041 4830 hxereditatem.
3112 4776 3310 4830 Omnes
3363 4774 3508 4830 enim
3563 4768 3684 4828 sunt

446 4882 586 4937 opus
617 4865 728 4934 Dei,
788 4867 1067 4937 possessio
1086 4876 1265 4921 autem
1298 4868 1517 4940 proprie
1550 4868 1585 4923 ii
1640 4868 1763 4933 soli,
1803 4870 1894 4940 qui
1922 4884 2017 4939 per
2054 4867 2194 4923 bona
2220 4882 2383 4938 opera
2416 4869 2517 4925 hoc
2548 4870 2653 4925 sibi
2678 4871 2957 4940 promeriti
2979 4880 3126 4925 sunt.

518 4962 686 5019 Vens.
719 4958 906 5016 11-12.
935 4980 953 5015 ι
989 4961 1334 5028 Charissimi,
1358 4963 1584 5019 obsecro
1617 4978 1712 5019 vos
1752 4972 2008 5035 tanquam

446 5052 685 5110 advenas
718 5062 772 5109 et
810 5055 1130 5124 peregrinos
1161 5053 1438 5110 abstinere
1486 5071 1580 5110 vos
1620 5069 1650 5110 a
1697 5056 2010 5111 carnalibus

447 5143 736 5199 desideriis
761 5156 882 5214 qua:
912 5143 1148 5198 militant
1178 5144 1441 5200 adversus
1474 5144 1734 5198 animam.
1762 5143 2006 5198 Conver-

448 5235 716 5291 sationem
758 5243 1001 5291 vestram
1038 5234 1181 5291 inter
1213 5244 1404 5305 gentes
1438 5230 1698 5288 habentes
1724 5234 1941 5288 bonam.
1986 5251 2005 5284 ι

448 5324 604 5392 Quod
636 5325 884 5397 sequitur
909 5326 983 5381 ita
1019 5340 1080 5381 se
1106 5325 1306 5381 habet:
1343 5342 1363 5377 ι
1396 5323 1743 5391 Charissimi,
1783 5325 2014 5380 obsecro

450 5430 548 5471 vos
565 5426 822 5486 tanquam
850 5412 1089 5471 advenas
1104 5422 1159 5472 et
1184 5414 1505 5485 peregrinos
1534 5430 1553 5465 ι
1584 5412 1639 5467 in
1663 5411 1769 5467 hoc
1792 5413 2015 5479 mundo,

452 5516 514 5564 ut
566 5526 584 5559 ι
628 5509 947 5566 abstineatis
977 5522 1009 5563 a
1049 5507 1364 5564 carnalibus
1391 5506 1696 5570 desideriis,
1725 5521 1846 5577 quae
1874 5506 2018 5559 mili-

453 5609 572 5656 tant
599 5599 862 5659 adversus
908 5600 1142 5657 animam
1182 5617 1202 5652 ι
1237 5606 1496 5655 vestram.
1542 5597 1783 5654 Obsecro
1834 5605 2014 5652 autem

529 5787 572 5825 "
609 5784 751 5846 Paul.
789 5801 894 5851 cx,
926 5787 978 5840 4.

2190 4980 2209 5013 ι
2263 4963 2581 5034 Ἀγαπητοὶ,
2620 4963 2919 5036 παρακαλῶ
2960 4965 3104 5035 ὑμᾶς
3141 4964 3216 5028 ὡς
3250 4966 3548 5038 παροίκους
3597 4965 3684 5018 καὶ

2115 5057 2529 5126 παρεπιδήμους
2570 5057 2869 5127 ἀπέχεσθαι
2906 5057 3014 5110 τῶν
3049 5059 3324 5130 σαρκικῶν
3366 5057 3688 5128 ἐπιθυμιῶν,

2116 5146 2323 5211 αἵτινες
2352 5148 2736 5219 στρατεύονται
2762 5149 2901 5203 κατὰ
2931 5151 3031 5219 τῆς
3066 5147 3266 5220 ψυχῆς,
3294 5149 3391 5218 τὴν
3429 5151 3686 5219 ἀναστρο-

2115 5239 2221 5309 φὴν
2256 5239 2407 5307 ὑμῶν
2446 5240 2503 5293 ὲν
2538 5242 2648 5302 τοῖς
2682 5240 2861 5293 ἔθνεσι
2899 5240 3069 5310 καλὴν
3117 5240 3349 5310 ἔχοντες.
3388 5259 3407 5292 ι
3465 5240 3538 5293 Τὸ
3566 5239 3689 5308 ἑξῆς

2115 5326 2309 5389 οὕτως.
2348 5345 2369 5379 ι
2409 5328 2731 5399 Ἀγαπητοὶ,
2763 5328 3064 5397 παρακαλῶ
3082 5329 3226 5399 ὑμᾶς
3251 5329 3325 5393 ὡς
3351 5329 3641 5400 παροίκους
3667 5346 3684 5378 ι

2120 5418 2281 5481 ὂντας
2311 5436 2331 5470 ι
2384 5419 2479 5471 καὶ
2529 5418 2944 5490 παρεπιδήμους
3001 5437 3021 5470 ι
3080 5419 3173 5473 τοῦ
3228 5420 3434 5491 κόσμου
3484 5420 3688 5481 τούτου,

2131 5525 2151 5559 ι
2188 5508 2483 5579 ἀπέχεσθαι
2508 5509 2614 5560 τῶν
2646 5509 2919 5580 σαρκικῶν
2949 5507 3272 5580 ἐπιθυμιῶν,
3302 5510 3507 5575 αἵτινες
3533 5527 3692 5582 utpa-

2122 5597 2371 5653 τεύονται
2401 5601 2540 5655 κατὰ
2583 5599 2680 5671 τῆς
2710 5599 2885 5675 ψυχῆς
2915 5619 2934 5654 t
2968 5602 3148 5672 ὑμῶν’
3182 5620 3201 5653 ι
3247 5601 3549 5674 παρακαλῶ
3582 5624 3599 5654 ι
3639 5599 3694 5656 δὲ

1092 5783 1137 5818 ³⁸
1176 5784 1320 5843 Ζιιιι
1369 5752 1528 5850 ιχ,’9.
1610 5787 1651 5819 ³¹
1694 5783 1884 5841 Matth.
1917 5799 1969 5850 ν,
2026 5781 2112 5841 16.
