4010 6538
414 372 551 437 12ῗό
1334 366 1913 430 THEOPHYLACTI
1944 365 2352 428 BULGARI/E
2379 370 2738 431 AllCIIlEP.
3533 359 3677 427 1215

416 498 650 551 namque
679 482 745 535 de
781 481 934 535 nolis
973 480 1129 551 quasi
1180 481 1429 550 superbis
1495 487 1549 532 ct
1594 479 1977 548 arrOgautibus

2151 476 2337 538 λῶσιν,
2373 478 2606 549 ὁρῶντες
2642 480 2789 550 ἡμᾶς
2856 477 2951 531 καὶ
2996 476 3283 540 ταπεινοὺς
3331 478 3427 530 καὶ
3477 476 3666 548 πειθησ

421 576 814 643 obloquantur,
860 574 905 629 si
962 574 1013 627 in
1068 573 1159 635 iis.
1207 588 1328 642 qua:
1360 572 1582 635 det-ent,
1637 571 1895 631 humiles.
1936 578 1991 623 et

2151 590 2237 636 ους
2266 573 2325 624 ἐν
2357 567 2437 636 οἷς
2467 573 2569 637 δεῖ,
2603 572 2804 643 μᾶλλον
2836 568 3309 643 καταισχύνονται.

416 669 784 735 obsequentes
828 679 927 720 nas
979 664 1235 730 viderim,
1282 663 1526 734 profecto
1551 677 1620 717 eo
1653 661 1827 731 magis
1857 675 1992 715 eou-

421 757 724 812 fundentur
746 766 801 812 et
823 757 1171 811 erubescent.

498 848 659 904 Vens.
698 850 784 904 l6.
819 868 840 901 ι
886 850 1056 915 Quasi
1089 849 1265 914 liberi,
1296 856 1351 904 et
1396 862 1506 903 non
1547 848 1705 918 quasi
1735 848 1992 903 velamen

2178 882 2197 915 ι
2241 862 2332 925 Ὠς
2361 860 2659 933 ἐλεύθεροι,
2687 862 2782 915 καὶ
2834 864 2908 930 μὴ
2960 862 3038 925 ὡς
3066 862 3425 933 ἐπικάλυμμα
3466 863 3683 932 ἔχοντες

422 943 687 998 habentes
717 943 940 998 malitite
974 944 1306 999 libertatem.
1334 962 1353 996 ι
1387 941 1569 998 Series
1603 943 1871 997 orationis
1914 951 1992 998 est

2151 955 2196 1024 ἒς
2260 953 2460 1016 κακίας
2516 953 2615 1023 τὴν
2670 953 3005 1022 ἐλευθερίαν.
3081 972 3098 1005 ι
3146 955 3220 1009 τδ
3277 955 3408 1022 ἑξῆς
3473 956 3677 1018 οὕτως.

420 1032 736 1099 huiusmodi
765 1051 778 1088 :
820 1050 841 1086 ι
868 1032 1110 1103 Snbjecti
1142 1042 1319 1089 estote
1356 1034 1513 1104 quasi
1543 1026 1705 1104 363
1737 1033 1914 1097 liberi,
1943 1041 1992 1088 et

2169 1045 2508 1114 Ὑποτάγητε
2532 1043 2608 1107 ὡς
2630 1043 2924 1113 ἐλεύθεροι,
2975 1044 3071 1097 καὶ
3100 1045 3172 1115 μὴ
3202 1046 3280 1108 ὡς
3324 1046 3682 1115 ἐπικάλυμμα

424 1141 535 1180 non
596 1126 752 1193 quasi
789 1126 1033 1182 velamen
1071 1126 1337 1183 habentes
1389 1126 1612 1181 malitia
1664 1126 1992 1190 libertatem,

2151 1156 2314 1208 [οντες
2349 1139 2447 1207 τῆς
2484 1138 2679 1198 κακίας
2731 1135 2829 1207 τὴν
2875 1136 3210 1205 ἐλευθερίαν,
3257 1136 3394 1191 ἀλλὰ
3453 1138 3548 1191 καὶ
3608 1137 3683 1202 ὥς

420 1216 520 1272 sed
567 1216 713 1274 sicut
764 1217 910 1272 servi
954 1218 1068 1272 Dei.
1108 1224 1131 1269 ι
1171 1217 1289 1272 Non
1340 1219 1517 1272 solum
1556 1216 1851 1287 principes,
1904 1217 1992 1271 sed

2151 1229 2275 1283 ιὺλοι
2304 1228 2462 1287 Θεοῦ,
2505 1247 2524 1280 ι
2556 1227 2646 1297 Μὴ
2682 1226 2842 1297 μόνον
2871 1227 3156 1295 ἄρχοντας,
3204 1226 3341 1280 ἀλλά
3371 1229 3465 1281 καὶ
3499 1247 3519 1280 ι
3555 1228 3686 1283 πάν-

426 1309 592 1364 etiam
625 1328 645 1362 ι
684 1324 878 1364 omnes
907 1308 1191 1372 honorate,
1230 1308 1627 1365 fraternitatem
1662 1310 1882 1379 quidem
1913 1308 1992 1363 di-

2151 1335 2204 1380 ις
2238 1319 2526 1389 τιμήσατε,
2570 1315 2669 1387 τὴν
2696 1315 3034 1385 ἀδελφότητα
3087 1315 3188 1385 μὲν
3220 1315 3568 1383 ἀγαπῶντες,
3600 1318 3685 1371 τὸν

431 1400 682 1470 ligentes,
748 1400 918 1455 Deum
955 1415 1086 1455 vero
1123 1400 1399 1466 timentes,
1442 1410 1625 1471 regem
1669 1410 1850 1454 autem
1906 1398 1992 1454 ho-

2151 1425 2162 1463 ι
2191 1409 2323 1463 Θεὸν
2365 1407 2707 1477 φοϐούμενοι,
2736 1408 2828 1459 τὸν
2868 1406 3091 1477 βασιλέα
3118 1408 3425 1478 τιμῶντες,
3454 1429 3473 1462 ι
3512 1410 3586 1463 re
3609 1410 3687 1467 δὲ.

431 1491 804 1549 noriﬁcantes.
854 1511 873 1544 ι
928 1493 1104 1547 Porro
1169 1492 1326 1557 illud,
1393 1512 1414 1545 ι
1453 1492 1623 1558 Quasi
1669 1493 1828 1546 liberi
1868 1511 1887 1545 ι
1931 1492 1992 1547 ita

2167 1499 2255 1563 Ὠς
2279 1498 2570 1568 ἐλεύθεροι,
2605 1517 2624 1551 ι
2654 1501 2680 1551 ὁ
2710 1499 2808 1568 μέν
2828 1498 3214 1568 Χρυσόστομος
3244 1498 3498 1568 Ἰωάννης
3520 1499 3691 1561 οὕτως

430 1583 729 1652 explicavit
777 1583 861 1640 εἷο.
890 1584 1352 1656 (:hrysostomns:
1380 1603 1400 1636 ι
1433 1584 1510 1639 Ne
1539 1585 1810 1646 dicerent.
1844 1583 1992 1640 Libe-

2151 1591 2429 1659 νέπτυξεν,
2459 1591 2648 1652 εἰπὼν,
2700 1591 2781 1644 ὅτι
2817 1608 2838 1642 ι
2874 1591 2991 1644 Ἷνα
3024 1591 3099 1662 μὴ
3127 1592 3390 1659 λέγωσινο
3444 1591 3693 1646 Ἦλευθε-

435 1677 543 1731 rati
590 1692 781 1731 sumus
813 1694 843 1731 a
888 1672 1112 1743 tn'uudu,
1158 1679 1281 1731 emli
1317 1678 1465 1732 cives
1506 1677 1631 1733 lacti
1688 1694 1900 1743 sumus,
1954 1685 1992 1732 et

2151 1682 2366 1754 ώθημεν
2395 1682 2503 1736 ἀπὸ
2530 1681 2624 1735 τοῦ
2655 1683 2882 1751 κόσμου,
2915 1683 3325 1752 οὑρανοπολῖται
3365 1684 3692 1754 γεγόναμεν,

437 1773 496 1818 ιιι
537 1765 878 1835 principibus
909 1764 1072 1835 hujus
1115 1766 1301 1820 mundi
1326 1765 1505 1822 denuo
1541 1783 1641 1822 nos
1678 1768 1924 1835 subjicis,
1958 1784 1992 1821 ει

2152 1775 2205 1829 αὶ
2237 1774 2301 1828 σὺ
2359 1772 2520 1828 πάλιν
2572 1774 2899 1836 ύποτάσσεις
2934 1774 3081 1845 ἡμᾶς
3135 1777 3249 1839 τοῖς
3290 1774 3542 1845 ἄρχουσι,
3600 1778 3695 1829 καὶ

436 1856 643 1911 eisdem
687 1864 876 1926 parere
917 1858 1212 1927 praecipis?
1261 1859 1363 1913 hac
1396 1860 1465 1916 de
1518 1876 1707 1923 causa,
1753 1860 1983 1916 Obedite

2154 1866 2415 1922 πακούειν
2444 1865 2717 1933 κελεύεις;
2762 1865 2954 1920 τούτου
2984 1862 3077 1919 οὖν
3101 1867 3265 1937 χάριν
3295 1868 3463 1937 φησίν
3494 1882 3510 1898 ’
3560 1868 3695 1922 Ὕπ-

440 1946 910 2016 inquit,tanquam
945 1948 1125 2005 liberi.
1178 1950 1282 2004 hoc
1309 1958 1413 2015 est,
1443 1951 1591 2007 velut
1621 1952 1669 2004 ei
1702 1951 1986 2007 credentes

2151 1958 2340 2015 κούετε
2385 1959 2461 2022 ὡς
2495 1957 2789 2030 ἐλεύθεροι,
2815 1956 2961 2011 τοῦτ’
2991 1956 3158 2023 ἐστιν,
3187 1958 3263 2022 ὡς
3308 1959 3701 2022 πιστεύσαντες

436 2038 533 2109 qui
584 2054 680 2094 vos
723 2040 995 2104 liberavit,
1048 2050 1102 2096 et
1154 2042 1256 2097 hoc
1312 2040 1493 2098 facere
1553 2043 1850 2100 mandavit.
1900 2043 1992 2098 lla:

2151 2051 2191 2121 ᾧ
2219 2049 2642 2120 ἐλευθερώσαντι
2673 2049 2766 2104 καὶ
2801 2048 3164 2120 προστάξαντι
3194 2049 3348 2105 τοῦτο
3374 2052 3569 2105 ποιεῖν.
3597 2051 3701 2105 0’3-

438 2128 587 2183 enim
620 2129 828 2184 ratione
877 2128 1302 2201 haudquaquam
1337 2131 1657 2187 videbimini
1682 2132 1737 2185 in
1775 2132 1992 2190 malitiae

2151 2161 2191 2197 ω
2239 2142 2346 2213 γάρ
2376 2143 2438 2196 οὑ
2475 2142 2653 2208 δόξετε
2684 2142 2783 2211 τῆς
2832 2141 2975 2195 κατὰ
3002 2141 3229 2213 γνώμην
3276 2143 3495 2207 κακίας,
3558 2145 3704 2198 τοῦτ’

442 2234 540 2274 seu
572 2220 983 2284 inobedientiae,
1032 2230 1086 2277 ct
1128 2222 1485 2277 contumacia:
1514 2223 1783 2286 velamen,
1813 2223 1992 2278 haberi

2151 2254 2233 2290 στι
2273 2235 2367 2289 τοῦ
2413 2234 2672 2299 ἀπειθοῦς
2703 2236 2798 2289 καὶ
2839 2234 3097 2301 ἀνηκόου,
3156 2235 3302 2307 ἔχειν
3329 2237 3707 2308 προκάλυμμα

442 2308 780 2373 libertatem;
806 2322 865 2366 ut
884 2312 1297 2381 contingeret,si
1325 2311 1487 2380 huius
1518 2320 1778 2381 pnetextu
1796 2313 1992 2369 obedin

2152 2327 2217 2398 ἦν
2276 2324 2612 2397 ἐλευθερίαν,
2655 2326 2723 2378 δι’
2790 2320 2860 2396 ἦς
2914 2324 3197 2379 ἀναίνεσθε
3252 2325 3349 2398 τὴν
3380 2327 3649 2395 ὑπακοήν.
3682 2347 3701 2378 ι

446 2401 775 2455 renuerctis.
826 2419 845 2452 ι
897 2399 1060 2455 Juxta
1120 2392 1281 2455 aliam
1347 2403 1842 2459 considerationem
1906 2404 1992 2459 dic

2151 2392 2279 2473 ἐστι
2346 2417 2403 2471 δέ
2467 2392 2569 2471 ⁷καὶ
2600 2415 2725 2471 καθ’
2765 2392 2959 2487 ἑτέραν
3002 2416 3257 2489 ἐπιϐολὴν
3306 2392 3453 2489 ἐρεῖν
3502 2435 3554 2472 τι
3582 2392 3709 2488 περὶ

447 2500 648 2558 potest,
688 2493 918 2548 liberum
949 2510 1072 2549 esse
1092 2495 1250 2562 juxta
1283 2495 1596 2583 Dominum,
1634 2497 1727 2566 qui
1776 2497 1910 2551 nulli
1943 2512 1992 2552 re

2151 2492 2680 2580 ,ὑτοῦδῈλεύθερός
2712 2511 2828 2564 ἐστι
2877 2509 3022 2564 κατὰ
3076 2506 3295 2581 Κύριοι
3314 2513 3342 2564 ό
3379 2510 3571 2581 μηδενὶ
3604 2510 3713 2564 τῶν

450 2583 704 2639 absurda:
735 2586 1081 2656 obsequitur.
1112 2585 1384 2652 Quoniam
1437 2585 1607 2657 igitur
1645 2588 1901 2643 simulate
1932 2589 1983 2642 vi

2151 2605 2339 2658 [τόπων
2370 2602 2635 2658 ὑπείκων.
2678 2601 2833 2656 Ἐπεὶ
2853 2602 3034 2656 τοίνυν
3067 2600 3126 2656 τδ
3160 2604 3217 2657 ἐν
3258 2602 3547 2673 ὑποκρίσει
3595 2603 3705 2656 δια-

450 2691 579 2731 vere
632 2692 722 2733 res
774 2693 882 2732 non
947 2685 1033 2732 est
1101 2678 1281 2744 liberi,
1331 2679 1422 2733 sed
1495 2678 1637 2749 ejus,
1695 2681 1791 2748 qui
1841 2681 1992 2750 pravi

2151 2694 2297 2759 ῖιοῦν,
2347 2697 2449 2749 οὑκ
2497 2695 2804 2766 ἐλευθέρου.
2845 2694 2984 2748 ἀλλὰ
3045 2693 3274 2748 πάθεσιν
3326 2696 3711 2764 ὑποκειμένου,

452 2773 742 2831 aﬂectibus
804 2776 1057 2831 subditus
1117 2783 1227 2841 est,
1275 2776 1381 2832 hoe
1418 2786 1605 2832 autem
1661 2787 1746 2833 est
1805 2793 1835 2831 a
1891 2776 1992 2833 Deo

2151 2805 2243 2858 ιτοι
2272 2786 2582 2857 ἀρεσκείας,
2626 2785 2658 2856 ἢ
2698 2787 2789 2837 καὶ
2820 2784 2985 2854 ἄλλης
3031 2786 3265 2853 αἰσχρᾶς
3302 2784 3527 2853 ήδονῆςυ
3567 2783 3714 2849 ξένον

452 2868 740 2938 servisque
800 2869 918 2935 ejus
974 2869 1247 2933 alienum;
1295 2869 1504 2924 idcirco
1552 2886 1700 2925 nunc
1753 2871 1992 2940 praecipit

2151 2873 2181 2925 ὲ
2232 2872 2408 2934 τοῦτο,
2469 2871 2561 2925 καὶ
2616 2872 2752 2925 Θεοῦ
2788 2872 3137 2942 θεραπόντων
3185 2872 3502 2943 ἀλλότριον”
3549 2889 3713 2943 προσ-

456 2969 516 3013 ιιι
549 2960 690 3014 bono
722 2976 785 3015 ac
815 2963 1032 3016 sincero
1081 2961 1264 3015 animo
1309 2963 1653 3031 principibus
1683 2964 1920 3032 subjecti
1948 2964 1992 3019 si

2151 2962 2310 3016 τάττει
2342 2960 2437 3016 νῦν
2475 2962 2574 3031 τὴν
2609 2962 2890 3033 ὑποταγὴν
2918 2964 3033 3026 τοῖς
3092 2961 3352 3032 ἄρχουσιν
3399 2962 3458 3029 ἐξ
3512 2962 3713 3031 ἀγαθοῦ

386 3056 394 3063 ’
460 3066 614 3115 ιιιιιε,
649 3066 712 3105 ac
736 3066 866 3117 non,
890 3051 1031 3104 male
1061 3066 1186 3120 erga
1211 3051 1333 3106 illos
1363 3051 1565 3116 allecti,
1588 3053 1750 3107 veluti
1782 3061 1992 3108 coactat

2151 3056 2221 3108 ta‘t
2247 3055 2435 3108 ἀδόλου
2464 3053 2832 3108 ἐνδείκνυσθαι
2858 3052 3059 3123 τρόπου
3081 3069 3096 3083 ·
3149 3054 3284 3108 ἀλλὰ
3316 3055 3389 3124 μὴ
3442 3056 3720 3123 δυσμενῶς

459 3141 826 3196 obedientiam
868 3149 1230 3212 praestemus;
1261 3157 1396 3197 neve
1425 3142 1743 3212 huiusmodi
1784 3143 1835 3197 in
1870 3143 1992 3199 nobi

2151 3146 2357 3215 ἷχοντας
2399 3143 2536 3215 πρὸς
2566 3145 2783 3210 αὐτοὺς,
2845 3142 2922 3208 ὡς
2968 3146 3516 3216 κατηναγκασμένως
3546 3150 3719 3199 πο.εῖν

459 3237 663 3290 latente
696 3233 921 3296 malitia.
949 3236 1096 3291 velut
1120 3237 1417 3296 sincerum.
1457 3252 1521 3291 ac
1557 3235 1789 3306 simplex
1818 3248 1992 3292 morur

2151 3238 2232 3309 τὴν
2273 3237 2540 3308 ὑπακοὴν,
2592 3237 2687 3289 καὶ
2750 3237 2850 3306 τῆς
2907 3237 3163 3307 τοιαύτης
3218 3238 3624 3307 ἐνδομυχούσης
3665 3239 3723 3290 ἐν

461 3334 778 3381 nostrorum
828 3325 1072 3382 velamen
1127 3327 1413 3390 faciamus,
1456 3336 1809 3397 apparentem
1838 3344 1992 3399 quam

2151 3330 2263 3397 Βμῖν
2293 3326 2512 3392 κακίας,
2543 3327 2603 3381 τὸ
2632 3327 2818 3382 ἄδολον
2847 3328 3008 3397 δῆθεν
3034 3325 3127 3380 τοῦ
3155 3328 3356 3397 τρόπου
3390 3329 3488 3380 καὶ
3518 3327 3719 3381 ἁπλοῦν

460 3418 609 3480 dam,
640 3426 693 3474 et
744 3434 852 3472 non
892 3434 956 3473 ex
1010 3419 1205 3473 intimo
1250 3416 1444 3474 aﬂ'ectn
1474 3419 1841 3474 obedientiam
1874 3419 1992 3475 exbi

2151 3419 2410 3472 ποιεῖσθαι
2437 3417 2806 3487 προκάλυμμα
2827 3418 3160 3488 φαινομένην
3186 3417 3284 3487 τὴν
3305 3416 3575 3486 ὑπακοὴν,
3610 3418 3719 3470 ἀλλ’

465 3508 676 3563 bentes.
733 3505 871 3562 Illud
926 3507 1094 3571 enim,
1161 3528 1180 3560 ι
1234 3509 1391 3579 quasi
1455 3509 1699 3564 Velamen
1774 3508 1992 3564 babenti

2151 3506 2258 3575 οὑχ).
2284 3506 2377 3558 καὶ
2411 3506 2473 3558 ἐκ
2506 3504 2798 3569 διαθέσεως
2823 3503 3027 3575 ταύτην
3058 3506 3462 3570 ἐπιτελοῦντας.
3497 3506 3571 3559 ’το
3593 3508 3717 3575 γὰρ,

467 3599 691 3654 malitiae
742 3599 1074 3667 libertatem,
1119 3619 1137 3650 ι
1189 3600 1413 3668 perinde
1462 3606 1549 3655 est
1595 3615 1661 3654 ac
1708 3600 1756 3655 si
1805 3601 1992 3655 brevitt

2151 3616 2168 3650 ι
2206 3597 2295 3668 Μὴ
2324 3596 2398 3659 ὡς
2432 3595 2793 3666 ἐπικάλυμμα
2827 3594 3042 3667 ἔχοντες
3072 3598 3173 3665 τῆς
3206 3598 3407 3662 κακίας
3440 3599 3541 3671 τὴν
3576 3600 3723 3652 ἐλευ-

469 3693 711 3747 dicerct:
760 3691 1049 3762 Simplices
1099 3692 1315 3762 quidem
1362 3701 1416 3747 et
1465 3692 1669 3748 sinceri
1700 3692 1992 3748 extrinsecr

2151 3685 2354 3757 θερίαν,
2411 3704 2430 3737 ι
2486 3683 2728 3739 τοιοῦτόν
2773 3687 2941 3749 ἐστιν,
2999 3687 3075 3750 ὡς
3125 3690 3183 3741 ἐν
3240 3688 3493 3761 συντόμῳ
3551 3692 3718 3762 ἐρεῖνο

471 3791 794 3853 apparentes
826 3784 971 3838 velut
998 3783 1100 3839 sub
1132 3784 1403 3839 velamine
1424 3784 1717 3847 libertatis,
1793 3792 1850 3838 et
1873 3799 1992 3855 expc

2159 3777 2348 3834 Ἀπλοῖ
2392 3777 2491 3846 μέν
2525 3776 2619 3831 καὶ
2638 3774 2812 3831 ἀδολοι
2843 3776 2905 3830 τὸ
2949 3776 3228 3848 δρώμενον
3272 3779 3718 3849 χρηματίζοντες,

475 3876 670 3931 ricntia
706 3876 962 3947 improbi,
999 3886 1051 3933 et
1076 3875 1413 3947 apparentia:
1437 3875 1704 3932 contrarii
1740 3876 1969 3932 inventi.

2151 3872 2224 3935 ὡς
2256 3870 2361 3924 ὑπδ
2393 3868 2816 3941 προκαλύμματι
2841 3872 2940 3939 τῆς
2967 3868 3302 3939 ἐλευθερίας,
3335 3874 3399 3939 τῇ
3455 3873 3621 3944 πείρᾳ
3668 3871 3722 3925 δὲ

2151 3959 2315 4014 δεινοὶ
2352 3959 2445 4014 καὶ
2482 3957 2813 4020 ἀπεναντίας
2843 3956 2938 4011 τοῦ
2973 3957 3301 4027 φαινομένου
3329 3959 3725 4029 εὑρισκόμενοι.

546 4064 711 4121 Vens.
741 4066 930 4123 16-22.
971 4084 990 4117 ι
1033 4063 1137 4120 Sed
1171 4066 1313 4120 sicut
1340 4066 1481 4120 servi
1511 4064 1624 4119 Dei.
1654 4063 1857 4121 Omnes
1881 4068 1986 4122 bon

2229 4069 2249 4103 ι
2289 4050 2430 4104 Ἀλλ’
2460 4049 2535 4113 ὼς
2590 4049 2767 4104 δοῦλοι
2803 4048 2941 4103 Θεοῦ
2970 4067 2983 4081 ·
3022 4050 3237 4113 Πάντας
3275 4051 3548 4120 τιμήσατε
3576 4066 3590 4082 ·
3630 4050 3724 4120 τὴν

476 4168 632 4212 rate:
666 4157 1061 4213 fraternitatem
1114 4157 1356 4228 diligite:
1392 4157 1560 4212 Deum
1598 4158 1821 4213 timete:
1869 4171 1992 4228 rege

2155 4142 2490 4213 ἀδελφότητα
2510 4143 2762 4209 ἀγαπᾶτε
2784 4158 2798 4172 ο
2830 4140 2925 4195 τὸν
2956 4140 3090 4195 Θεὸν
3117 4141 3370 4212 φοϐεῖσθε
3401 4160 3415 4173 ο
3450 4142 3544 4196 τον
3583 4142 3727 4213 βασι-

478 4250 859 4306 honoriﬁcate.
898 4247 1049 4303 Servi
1075 4249 1279 4304 subditi
1307 4249 1361 4302 in
1386 4247 1533 4304 omni
1563 4248 1760 4305 timore
1794 4249 1992 4303 domini

2157 4232 2255 4287 λέα
2306 4234 2524 4304 τιμᾶτε.
2585 4233 2650 4285 υί
2687 4231 2923 4299 οίκέται,
2967 4232 3401 4300 ὑποτασσόμενοι
3458 4233 3519 4285 ἑν
3572 4231 3728 4284 παντὶ

480 4356 593 4397 non
626 4349 837 4396 tantum
872 4340 1034 4396 bonis
1073 4348 1126 4394 et
1148 4340 1434 4404 modestis,
1473 4339 1566 4397 sed
1589 4341 1759 4395 etiam
1786 4341 1992 4412 dyscoli

2161 4325 2311 4397 φόϐῳ
2378 4326 2494 4388 τοῖς
2550 4324 2860 4388 δεσπόταις,
2898 4324 2959 4378 οὑ
2997 4325 3159 4394 μόνον
3212 4324 3327 4386 τοῖς
3373 4322 3596 4392 ἀγαθοῖς
3642 4323 3731 4376 καὶ

484 4432 607 4487 llzec
618 4444 700 4489 est
711 4431 852 4487 enim
867 4433 1040 4504 gratia
1056 4433 1194 4503 apud
1212 4431 1403 4499 Deum,
1419 4432 1464 4488 si
1486 4442 1706 4503 propter
1723 4433 1918 4490 bonam
1935 4449 1992 4488 cu

2163 4417 2483 4479 ἐπιεικέσιν,
2519 4414 2655 4471 ἀλλὰ
2688 4417 2919 4481 καὶτοῖς
2949 4416 3205 4479 σκολιοῖς.
3236 4413 3411 4470 Τοῦτο
3448 4417 3559 4487 γάρ
3584 4417 3733 4486 χάρις

483 4524 770 4580 scientiam
789 4526 1158 4596 sustinetquis
1176 4525 1447 4591 tristitias,
1467 4526 1680 4596 patiens
1704 4525 1992 4595 injuste.Qt

2168 4511 2318 4581 παρά
2346 4507 2424 4581 τῷ
2442 4507 2583 4580 Θεῷ,
2608 4508 2769 4563 είδιά
2793 4507 3097 4578 συνείδησιν
3125 4509 3336 4579 ἀγαθὴν
3363 4508 3628 4578 ὑποφέρει
3653 4525 3729 4569 τις

485 4618 633 4671 enim
656 4627 743 4673 est
772 4617 963 4687 gloria,
993 4619 1037 4673 si
1064 4628 1352 4688 peccantes
1369 4631 1421 4671 et
1443 4618 1767 4690 colapbizati
1785 4617 1989 4674 sullerti

2162 4602 2340 4672 λύπην
2368 4601 2596 4671 πάσχων
2631 4600 2850 4663 ἀδίκως.
2882 4600 3039 4653 Ποῖον
3084 4599 3193 4669 γὰρ
3232 4601 3413 4662 κλέος,
3442 4603 3491 4652 εξ
3532 4600 3712 4668 ἀμαρ-

484 4708 583 4766 sed
639 4709 685 4765 si
731 4709 871 4763 bene
915 4708 1202 4777 facientes,
1248 4711 1515 4780 patienter
1566 4710 1876 4775 sustinetis,
1953 4708 1992 4763 h;

2165 4696 2421 4758 τάνοντες
2488 4692 2584 4748 καὶ
2632 4692 3047 4763 κολαφιζόμενοι
3097 4691 3467 4760 ὑπομενεῖτες
3522 4692 3657 4744 Ἀλλ’
3686 4691 3731 4742 εί

485 4810 570 4856 εει
589 4801 763 4870 gratia
785 4802 924 4871 apud
960 4799 1152 4855 Deum.
1178 4800 1231 4855 lu
1253 4802 1356 4857 hoc
1384 4803 1528 4858 enim
1551 4801 1725 4857 vocati
1743 4801 1880 4857 estis
1903 4818 1916 4855 :
1936 4817 1992 4871 ιιι

2166 4786 2766 4859 ἀγαθοποιοῦντεςκαὶ
2830 4783 3130 4855 πάσχοντες
3187 4784 3537 4854 ὑπομενεῖτε,
3585 4783 3736 4836 τοῦτο

482 4902 543 4946 et
562 4890 817 4949 Christus
847 4907 1045 4963 passus
1082 4902 1167 4948 est
1196 4908 1293 4962 pro
1326 4893 1505 4959 nobis,
1540 4892 1698 4948 vobis
1745 4892 1992 4963 relinque

2170 4883 2331 4954 χάρις
2397 4881 2548 4950 παρά
2596 4876 2676 4948 τῷ
2712 4874 2850 4947 Θεῷ.
2920 4876 3014 4940 Εἰς
3052 4873 3213 4929 τοῦτο
3282 4875 3392 4945 γάρ
3451 4874 3733 4945 ἐκλήθητε.

483 4985 824 5054 exemplum,
855 4992 915 5039 ut
969 4985 1275 5055 sequamini
1305 4986 1531 5055 vestigia
1560 4984 1702 5055 ejus.
1736 4984 1838 5050 Qui
1871 4999 1992 5055 pecc

2171 4975 2252 5029 ὅτι
2282 4974 2376 5029 καὶ
2414 4970 2649 5043 Χριστός
2704 4966 2908 5022 ἔπαθεν
2974 4967 3117 5039 ύπέρ
3144 4967 3327 5038 ἡμῶν,
3364 4968 3496 5036 ὑμῖν
3519 4966 3737 5035 ὑπολιμο

487 5084 606 5129 tum
636 5090 744 5132 non
774 5074 923 5143 fecit,
960 5092 1060 5133 nec
1087 5077 1345 5133 inventus
1368 5086 1452 5131 est
1476 5078 1635 5131 dolus
1672 5078 1724 5129 in
1751 5092 1845 5131 ore
1871 5075 1992 5142 ejus

2174 5065 2361 5119 πάνων
2394 5060 2781 5133 ὑπογραμμὸν.
2812 5059 2900 5112 ἴνα
2942 5057 3421 5128 ἐπακολουθήσητε
3450 5059 3562 5118 τοῖς
3601 5055 3735 5125 ἴχνε-

487 5166 736 5221 Observa
782 5176 1092 5222 accuratam
1129 5168 1616 5225 distributionem:
1651 5170 1926 5238 quomodo
1959 5166 1992 5219 ἰ]

2176 5174 2260 5210 σιν
2295 5153 2459 5210 αὑτοῦ
2497 5170 2511 5185 ⁸
2564 5152 2622 5216 ὃς
2652 5152 2929 5223 ἁμαρτίαν
2954 5150 3056 5205 οὐκ
3096 5149 3377 5218 ἐποίησεν,
3406 5149 3528 5203 ούδέ
3551 5146 3738 5217 εὑρέθη

492 5257 713 5327 quidem
769 5258 1042 5325 timorem,
1105 5262 1215 5330 regi
1289 5278 1419 5315 vero
1489 5264 1752 5316 honorem
1804 5263 1986 5332 assign

2178 5249 2326 5311 δόλος
2360 5248 2419 5300 ἐν
2455 5243 2534 5316 τῷ
2574 5243 2802 5312 στόματι
2829 5239 3019 5295 αὑτοῦ.
3044 5259 3061 5291 ι
3103 5239 3305 5292 Σκόπει
3328 5238 3425 5307 τὴν
3439 5238 3738 5307 ἀκρίϐειαν,

494 5350 676 5415 Quare
706 5352 752 5406 si
787 5351 929 5406 Deus
969 5329 1243 5407 timendus
1272 5363 1376 5416 est,
1434 5372 1453 5404 ι
1495 5354 1589 5422 qui
1614 5360 1790 5422 potest
1814 5329 1992 5406 anima

2182 5339 2320 5401 πῶς,
2344 5336 2422 5406 τῷ
2460 5335 2556 5405 μὲν
2608 5331 2727 5402 Θεῷ
2753 5330 2846 5384 τόν
2910 5329 3073 5399 φόϐον
3109 5330 3275 5399 φησιν
3314 5329 3631 5398 ἀπονέμειν,
3668 5329 3741 5392 τῷ

495 5453 551 5497 et
576 5458 777 5513 corpus
812 5442 1039 5513 perdere
1064 5442 1131 5509 ⁸³,
1168 5462 1186 5495 ι
1225 5459 1331 5498 non
1366 5444 1553 5515 utique
1592 5458 1797 5498 morem
1826 5458 1992 5512 εει-ειν

2185 5432 2397 5505 βασιλεῖ
2427 5430 2483 5484 δὲ
2520 5428 2621 5499 τὴν
2670 5426 2858 5496 τιμήν.
2886 5423 3050 5521 Ὥστε
3092 5421 3141 5474 εί
3169 5419 3404 5521 eques?
3587 5417 3743 5521 φόϐον

502 5510 743 5602 regibus,
794 5510 919 5588 cum
974 5534 1252 5604 quidpiam
1302 5534 1429 5590 mali
1464 5510 1630 5589 nobis
1673 5510 1988 5605 praeceperit

2183 5521 2576 5593 ἀπονεμητέον,
2617 5536 2636 5570 ι
2670 5516 2747 5588 τῷ
2779 5512 3064 5582 δυναμένῳ
3102 5512 3195 5565 καὶ
3243 5510 3427 5581 ψυχὴν
3453 5512 3545 5563 καὶ
3593 5510 3744 5609 σῶμα

500 5621 691 5677 Timor
729 5624 872 5677 enim
912 5622 1003 5679 Dei
1056 5626 1219 5680 etiam
1266 5626 1529 5681 honorem
1567 5626 1784 5697 regibus
1811 5624 1947 5679 alias
1980 5644 1992 5678 ι

2187 5617 2471 5681 ἀπολέσαι,
2491 5634 2510 5667 ι
2551 5614 2652 5668 οὑκ
2674 5611 2741 5665 ἀν
2775 5609 3085 5679 ὑπείξωμεν
3115 5604 3428 5660 ϐασιλεῦσιν
3466 5602 3556 5655 ἐπί
3574 5619 3625 5654 τι
3644 5602 3749 5652 τῶν

583 5804 628 5837 ³⁵
650 5803 841 5859 Matth.
874 5820 923 5867 ς,
964 5806 1058 5859 ⁸28.
