4010 6536
386 403 524 468 1217

1121 395 1528 462 EXPOSITIO
1565 394 1648 457 IN
1688 395 1923 456 EPIS’I‘.
1964 393 1992 451 ι
2022 393 2081 453 s.
2128 393 2381 454 PETRI.
2414 419 2482 428 -—
2520 394 2676 454 CAP.
2709 372 2807 453 11.’

3503 388 3641 452 1218

386 522 607 575 ἀτόπων
648 518 1055 589 παρακαλοῦσιν
1100 519 1267 587 ἡμᾶς.
1307 516 1368 568 '0
1415 514 1524 586 γὰρ
1556 514 1643 577 είς
1693 513 1786 567 τὸν
1820 514 1957 566 ’θεὸν
1990 564 1992 572 λ

2095 514 2230 566 itum
2285 525 2544 580 superare
2596 517 2774 579 potest
2821 522 2885 562 ac
2932 506 3111 562 debet.
3140 504 3396 571 Quinimo
3441 504 3645 560 honore

390 614 553 679 φόϐος
583 613 739 681 νικᾷν
765 604 871 663 οἶδε
911 610 1006 663 καὶ⁹
1049 608 1147 678 τὴν
1212 607 1290 670 είς
1316 606 1442 669 τοὺς
1472 604 1716 675 βασιλεῖς
1770 605 1960 673 τιμὴνο

390 702 608 756 Μᾶλλον
644 703 701 755 δὲ
739 702 834 754 καὶ
891 703 990 773 τῆς
1050 702 1215 770 τιμῆς
1283 697 1483 759 αὐτοὺς
1541 696 1906 765 ἀποστερήσει
1936 696 1964 747 6

2095 707 2217 750 uxta
2242 696 2414 751 sancti
2441 695 2589 751 illius
2615 696 2819 747 dictum
2864 709 2878 745 :

392 797 483 849 ὑπ’
531 794 710 848 αὐτῶν
750 795 831 856 εἰς
887 792 1033 845 κακὰ
1070 788 1411 860 βιαζόμενος,
1436 786 1581 842 κατὰ
1619 787 1709 841 τὸν
1737 787 1964 840 εἰπόντα

393 889 549 955 ἅγιον
574 902 587 916 ·
622 902 642 935 ι
688 882 1071 947 Ἐξουδὲνωται
1121 879 1351 933 ἐνώπιον
1381 877 1548 933 αὑτοῦ
1582 879 1968 947 ,πονηρευόμε-

393 997 542 1043 νίς.»
599 976 672 1031 Τὸ
955 976 1035 1036 δὲ,
1098 995 1116 1026 ι
1151 976 1214 1028 Ol.
1261 974 1486 1041 οἰκέται,
1513 992 1533 1025 )
1580 988 1971 1043 προσυπακου-

395 1072 551 1125 στέον
571 1071 653 1137 τὸ,
688 1064 787 1141 ἦτε
811 1085 825 1100 ·
859 1069 925 1121 ἶν’
1012 1067 1187 1132 οὕτως
1208 1085 1222 1098 ·
1252 1067 1315 1120 Οἱ
1339 1066 1573 1127 οἰκέται,
1599 1059 1699 1135 ἦτε
1729 1064 1967 1118 ὑποτασ-

398 1163 637 1233 σόμενοι.
681 1159 914 1231 Ὁμοίως
967 1162 1062 1212 καὶ
1090 1162 1148 1213 ὲν
1181 1159 1282 1231 τῷ,
1330 1177 1348 1211 ί
1377 1157 1444 1212 Αἱ
1485 1157 1764 1225 γυναῖκες,
1792 1173 1813 1207 ι
1863 1151 1970 1205 Τοῦ

403 1273 422 1305 ι
448 1254 612 1323 φόϐου
637 1270 656 1303 ι
689 1252 744 1305 δὲ
777 1251 1056 1321 πολλαχῶς
1080 1250 1375 1319 λεγομένου
1400 1265 1416 1280 ο
1434 1248 1648 1316 λέγεται
1674 1246 1782 1317 γὰρ
1811 1246 1974 1315 φόϐος

396 1349 425 1399 6
465 1345 560 1399 καὶ
621 1346 718 1399 σὺν
743 1345 1027 1415 ἐπιστήμῃ
1052 1360 1067 1374 θ
1107 1347 1167 1395 ὃν
1204 1336 1355 1404 οὗτος
1394 1341 1489 1393 νῦν
1524 1337 1976 1407 συνείδησίψφη-

401 1455 508 1501 σιν,
527 1436 583 1501 ὃς
609 1440 721 1490 ,καὶ
762 1435 1020 1490 εὐλάϐεια
1074 1436 1320 1488 καλεῖται
1346 1451 1359 1467 ο
1389 1433 1604 1502 λέγεται
1634 1430 1796 1500 φόϐος
1831 1430 1926 1484 καὶ
1948 1431 1975 1482 6

400 1528 724 1601 παθητικὸς,
745 1527 893 1582 τοῦτ’
919 1527 1068 1581 ἔστιν
1102 1528 1131 1580 6
1158 1526 1245 1581 διὰ
1284 1527 1558 1589 κολάσεως
1587 1526 1782 1594 πεῖραν
1821 1524 1975 1590 ἐγγι-

399 1623 648 1692 νόμενος,
674 1620 733 1673 ὃν
757 1621 853 1674 καὶ
882 1622 951 1673 τὰ
982 1619 1147 1690 θηρία
1166 1618 1409 1689 φοϐεῖται
1435 1633 1449 1649 ’
1483 1615 1775 1685 λεγομένου
1814 1615 1977 1666 πάλιν

402 1710 571 1781 φόϐου
624 1712 716 1763 καὶ
743 1710 838 1763 τοῦ
869 1708 1373 1780 προκαταρκτικοῦ,
1407 1707 1465 1767 ὃς
1504 1709 1615 1769 τοῖς
1655 1705 1731 1774 τῷ
1791 1706 1979 1775 Κυρίῳ

403 1800 864 1872 προσερχομένοις
899 1799 1271 1860 ἐπακολουθεῖ,
1309 1797 1395 1852 διὰ
1431 1798 1492 1851 τὸ
1525 1796 1819 1849 συνειδέναι
1849 1795 1977 1847 ἑαυ-

402 1895 519 1956 τοῖς
577 1892 753 1945 πολλά
783 1894 875 1945 ἐπὶ
908 1892 1182 1962 τιμωρίαν
1217 1889 1620 1959 ὲκκαλούμενα,
1644 1890 1703 1942 ὃν
1730 1890 1824 1942 καὶ
1859 1889 1892 1957 ἡ
1920 1888 1977 1939 ὲν

406 1986 762 2056 Εὖαγγελίοις
790 1987 964 2056 πόρνη
1003 1984 1323 2055 φοϐηθεῖσα,
1362 1981 1634 2053 προσῆλθε
1663 1980 1741 2052 τῷ
1762 1980 1973 2050 Κυρίῳ·

407 2080 543 2134 ἀλλᾶ
571 2080 679 2148 καὶι
704 2077 798 2130 τοῦ
841 2075 1188 2129 τελειωτικοῦ
1229 2076 1391 2129 πάλιν
1452 2074 1620 2144 φόϐου
1659 2072 1979 2143 λεγομένου,

409 2173 470 2233 ὃς
497 2174 595 2227 καὶ
632 2174 766 2225 πᾶσι
816 2173 927 2233 τοῖς
950 2169 1127 2238 ἁγίοις
1156 2169 1243 2222 ἀεὶ
1277 2170 1531 2239 πάρεστι,
1578 2166 1777 2219 δεδιόσι
1845 2166 1978 2235 μήτι

412 2263 703 2316 ὲλλείπωσι
725 2262 833 2315 τῶν
867 2255 941 2313 ὧν
972 2261 1117 2322 εἰκὸς
1148 2260 1477 2331 ἐνυπάρχειν
1511 2259 1623 2320 τοῖς
1651 2258 1731 2319 εἰς
1770 2255 1982 2308 τελείαν

412 2356 638 2426 ἀγάπην
686 2354 1045 2423 ἀναληφθεῖσι
1086 2367 1101 2383 ο
1148 2349 1499 2420 τοσαυταχῶς
1547 2343 1640 2402 οὖν
1678 2345 1772 2399 τοῦ
1816 2345 1982 2415 φόϐου

411 2447 730 2519 λεγομένου,
759 2447 808 2498 εί
835 2447 933 2516 μὲν
965 2447 1059 2497 καὶ
1087 2441 1174 2496 διὰ
1227 2441 1431 2495 τούτων
1471 2441 1690 2493 πάντων
1728 2434 1982 2509 [δίκαιον]

415 2539 510 2593 καὶ
536 2540 662 2602 τοὺς
692 2537 908 2599 δούλους
931 2532 1335 2606 προσφέρεσθαι
1358 2534 1471 2593 τοῖς
1501 2531 1650 2591 ἰδίοις
1676 2529 1983 2591 δεσπόταις,

413 2632 518 2684 οὐκ
540 2631 604 2685 ἂν
634 2630 1063 2699 ἀπαγορεύσειεν
1082 2628 1109 2679 ὁ
1135 2627 1192 2678 ὲν
1219 2622 1383 2679 παντὶ
1408 2621 1555 2692 φόϐῳ
1586 2619 1987 2674 ὑποτάσσεσθαι

418 2722 544 2785 τοὺς
573 2721 791 2783 δούλους
842 2722 949 2782 τοῖς
990 2717 1279 2781 δεσπόταις
1347 2714 1629 2786 παραινῶν
1666 2714 1781 2768 νῦν.
1837 2713 1904 2767 ’⁷0
1927 2730 1985 2765 τε

419 2814 530 2884 γὰρ
570 2810 1046 2885 προκαταρκτικδς
1087 2809 1182 2864 καὶ
1217 2810 1246 2865 6
1277 2807 1618 2870 τελειωτικὸς
1674 2805 1857 2869 καλῶς
1888 2807 1988 2858 αὐ-

418 2907 547 2967 τοὺς
586 2904 838 2975 διαθῆται
888 2902 1146 2974 προσῶν·
1186 2904 1215 2956 6
1253 2901 1352 2971 μὲν
1403 2900 1496 2954 τοῦ
1572 2898 1843 2969 μηδέποτε
1904 2897 1990 2950 διὰ

422 3001 529 3068 πλη
540 2998 802 3083 μμέλειαν
829 2997 857 3048 ὑ
867 2993 1233 3049 ποϐλέπεσθαι
1251 2992 1443 3047 παθεῖν
1462 3009 1514 3044 τι
1534 2990 1641 3043 τῶν
1654 2989 1989 3059 ἀνηκέστων·

419 3092 446 3144 ό
477 3089 554 3155 δὲ,
586 3080 686 3143 ’τοῦ
718 3087 882 3159 μηδὲν
912 3085 1075 3157 ἀηδὲς
1104 3084 1425 3156 ἐννοηθῆναι
1451 3080 1529 3153 τῷ
1567 3080 1777 3134 ἑαυτῶν
1815 3096 1990 3133 κατα-

423 3183 733 3254 πράξασθαι
759 3180 1013 3252 δεσπότῃ.
1050 3179 1164 3235 Νῦν
1193 3178 1324 3247 γοῦν
1356 3175 1529 3265 ⁴φόϐον
1566 3175 1657 3229 τὸν
1693 3172 1781 3228 διὰ
1824 3190 1997 3226 συνει-
2020 3210 2062 3265 C

423 3274 654 3344 ὁὴσεως,
679 3272 823 3326 τοῦτ’
846 3271 970 3325 ἐστι
1000 3269 1096 3323 σὺν
1118 3268 1397 3340 ἐπιστήμῃ
1417 3264 1509 3319 τοῦ
1537 3264 1699 3338 ὀρθοῦ
1730 3265 1889 3333 λόγου
1910 3279 1985 3332 για

425 3365 652 3437 νόμενόν
684 3381 868 3435 φησιν,
890 3364 949 3426 ὃς
989 3364 1137 3416 ἐστιν
1166 3363 1195 3415 ό
1226 3362 1285 3414 ὲν
1324 3358 1402 3429 τῷ
1428 3357 1598 3428 μηδὲν
1652 3356 1992 3428 ἁμαρτάνειν

427 3457 582 3530 παρά
611 3458 721 3510 τῶν
774 3453 1006 3507 σκολιῶν
1034 3449 1311 3505 δεσποτῶν
1344 3452 1454 3512 τοῖς
1480 3448 1690 3501 ἑαυτῶν
1714 3448 1995 3517 ἐπαγόμε-

429 3571 517 3618 νος
560 3553 822 3615 οἰκέταις.
877 3550 1078 3605 Τοῦτον
1122 3544 1214 3602 οὖν
1241 3547 1332 3601 τὸν
1366 3546 1531 3617 φόϐον
1570 3544 1806 3599 ἐπαίνων
1829 3542 1996 3608 ἀξιῶν

431 3646 721 3715 παρεγγυᾷ
752 3641 1145 3712 καταδέχεσθαι
1180 3638 1301 3711 μεθ’
1328 3637 1628 3711 ὑπομονῆς.
1668 3635 1823 3689 Ἐπεὶ
1871 3639 1997 3699 τοῖς

434 3736 502 3791 δι’
552 3734 851 3808 ἁμαρτίας,
880 3734 913 3801 ἢ
952 3731 1363 3806 ὲνεργηθείσας,
1396 3730 1430 3801 ἢ
1466 3730 1558 3785 καὶ
1583 3729 1658 3800 μὴ
1689 3728 1999 3801 πραχθῆναι

432 3827 898 3898 φυλασσομένους,
951 3826 1115 3896 φόϐον
1158 3825 1382 3896 ἔχοντας
1432 3824 1728 3892 ὑπομένειν
1771 3821 1828 3874 εί
1853 3838 1906 3876 τι
1931 3820 2000 3873 δι’

433 3920 603 3983 αὐτὰς
633 3919 914 3988 πάσχοιεν,
972 3917 1333 3987 εὐγνωμόνων
1365 3916 1462 3986 μὲν
1488 3920 1583 3971 καὶ
1615 3913 1775 3971 τοῦτο
1800 3912 2003 3966 δούλων

437 4011 689 4082 καὶπρὸς
713 4010 997 4082 διόρθωσιν
1025 4010 1420 4071 ἀπονευόντων,
1453 4007 1570 4060 ἀλλ’
1622 4003 1777 4059 οὖπω
1804 4002 2002 4056 τοσαύ-

435 4117 534 4173 της
568 4101 885 4170 φιλοσοφίας
914 4100 1047 4171 ὅσης
1096 4099 1158 4152 τδ
1189 4098 1356 4169 μηδὲν
1395 4096 1575 4167 ἑαυτῷ
1612 4094 1879 4148 συνειδότι
1907 4111 2004 4146 κα-

438 4195 535 4249 κδν
557 4194 914 4265 ἐγκαρτερεῖν
938 4192 1298 4264 εὐχαρίστως.
1324 4187 1497 4243 Τοῦτο
1533 4189 1702 4259 μιγα,
1725 4185 1882 4239 τοῦτο
1909 4184 2005 4237 καὶ

439 4282 572 4354 παρ’
617 4282 818 4352 ὀλίγοις
872 4279 1310 4350 ἐπιτελούμενον,
1366 4277 1528 4332 τοῦτο
1566 4275 1661 4331 καὶ
1706 4273 1857 4345 παρά
1884 4271 2005 4341 Θεῷ

439 4382 705 4449 τυγχάνον
758 4374 1052 4444 ἀποδοχῆς,
1080 4372 1156 4436 ὡς
1184 4360 1297 4435 τοῖς
1334 4370 1429 4426 τοῦ
1482 4366 1720 4441 Χριστοῦ
1770 4366 2002 4421 πάθεσιν

444 4466 841 4538 ἁμιλλώμενον.
878 4463 1030 4515 Ἐπεὶ
1084 4462 1175 4515 καὶ
1228 4460 1388 4522 αὐτὸς
1444 4459 1543 4529 οὐχ
1596 4455 1735 4526 ὑπὲρ
1785 4454 2005 4509 οἰκείων

2066 608 2215 676 ipsos
2247 605 2483 674 privabit
2529 605 2619 669 qui
2654 603 2721 655 ab
2767 602 2900 670 ipsis
2946 599 3012 653 ad
3068 600 3210 652 mala
3259 598 3639 667 compellitur,

2931 711 2948 741 ι
2993 691 3072 744 Ad
3102 690 3328 744 nihilum
3376 689 3644 744 deductus

2067 790 2227 843 estin
2260 796 2554 859 conspectu
2592 786 2712 854 ejus
2736 785 3002 855 malignus
3024 782 3086 833 ³⁸.
3125 801 3144 833 ι
3180 779 3344 852 364
3372 779 3451 834 Ad
3487 778 3643 843 illud,

2075 882 2310 947 «Servi,»
2329 878 2760 934 subaudiendum
2776 885 2879 938 est,
2897 883 3088 938 estote,
3106 874 3183 927 sic
3201 891 3213 926 :
3240 892 3258 923 ι
3272 870 3450 936 Servi,
3470 879 3651 926 estote

2076 973 2330 1040 subjecti.
2362 990 2379 1021 ι
2409 970 2676 1026 Similiter
2705 966 2939 1023 inferius
2971 966 3036 1023 ad
3069 984 3088 1016 ι
3124 964 3377 1019 Mulieres
3415 964 3467 1018 in
3490 963 3643 1018 omni

2075 1068 2291 1118 limnrc.
2333 1083 2351 1115 ι
2378 1062 2490 1117 Vox
2530 1082 2548 1113 ι
2581 1063 2742 1115 timor
2776 1080 2794 1113 ι
2828 1057 3111 1127 multiplici
3144 1072 3307 1111 sensu
3334 1062 3647 1125 usurpatur.

2075 1158 2207 1211 Nam
2247 1159 2423 1225 primo
2454 1156 2655 1210 dicitur
2684 1155 2848 1207 timor
2880 1153 2948 1214 is,
2982 1151 3074 1220 qui
3117 1149 3361 1203 scientia:
3411 1146 3647 1214 conjun-

2074 1260 2196 1306 ctns
2247 1259 2366 1315 est;
2401 1262 2561 1317 quem
2603 1247 2706 1303 iste
2761 1259 2908 1299 nunc
2950 1242 3343 1298 conscientiam
3390 1238 3647 1309 appellat,

2075 1342 2168 1411 qui
2212 1349 2265 1395 ct
2297 1338 2622 1401 reverentia,
2656 1351 2752 1390 seu
2787 1336 2950 1388 timor
2988 1330 3365 1386 reverentialis
3396 1337 3645 1384 vocatur.

2077 1434 2287 1488 Dicitur
2326 1431 2491 1486 etiam
2531 1430 2695 1483 timor
2720 1428 2835 1491 ille,
2878 1426 2972 1496 qui
3007 1432 3089 1479 est
3126 1425 3308 1494 passio
3353 1421 3599 1491 quaedam
3632 1436 3646 1471 :

2078 1525 2387 1595 cuiusmodi
2441 1532 2546 1587 est,
2595 1537 2755 1591 quem
2803 1517 3054 1589 supplicii
3087 1516 3384 1586 periculum
3419 1513 3650 1576 incutit;

2078 1637 2186 1690 quo
2222 1621 2418 1673 timore
2460 1616 2589 1671 ferae
2629 1629 2847 1685 quoque
2879 1611 3204 1666 afﬁciuntur.
3245 1608 3341 1663 Est
3369 1609 3529 1662 etiam
3582 1607 3651 1659 ti-

2080 1728 2201 1766 mor
2239 1712 2484 1781 quidam,
2515 1710 2605 1779 qui
2644 1707 2869 1762 initialis
2900 1706 3238 1775 appellatur:
3273 1719 3381 1773 quo
3428 1699 3650 1772 percelli

2082 1806 2279 1870 solent,
2321 1803 2413 1872 qui
2440 1803 2615 1871 primo
2646 1801 2709 1854 ad
2744 1798 2910 1852 Deum
2943 1798 3230 1857 accedunt,
3258 1809 3324 1848 eo
3355 1790 3500 1862 quod
3521 1792 3652 1844 mul-

2084 1904 2286 1957 torum,
2338 1906 2460 1961 qure
2498 1903 2713 1960 pmuam
2764 1894 3063 1950 merentur,
3101 1883 3308 1939 conscii
3353 1882 3455 1936 sibi
3497 1888 3650 1937 sunt.

2082 1983 2399 2052 llujusmodi
2433 1984 2626 2036 timore
2667 1994 2934 2034 concussa
2976 1976 3291 2046 evangelica
3330 1974 3420 2027 illa
3464 1985 3656 2039 poem-

2079 2079 2186 2133 trix
2243 2076 2309 2130 ad
2363 2067 2651 2129 Dominum
2701 2071 2968 2142 confugit.
3002 2070 3073 2121 At
3117 2068 3281 2121 timor
3322 2065 3486 2120 etiam
3530 2078 3654 2133 per-

2082 2169 2312 2225 fectis-us
2344 2167 2565 2229 dicitur,
2595 2164 2687 2235 qui
2720 2165 2974 2216 omnibus
3003 2161 3208 2215 sanctis
3236 2172 3453 2227 semper
3477 2157 3654 2221 adest,

2083 2267 2269 2330 utpote
2299 2257 2388 2326 qui
2429 2253 2637 2324 jugiter
2672 2252 2882 2313 timent,
2936 2264 3003 2303 ne
3044 2246 3173 2318 quid
3226 2245 3410 2301 minus
3462 2259 3651 2300 eorum

2081 2354 2339 2415 habeant,
2368 2363 2490 2418 qua:
2514 2347 2713 2402 habere
2732 2354 2947 2414 oportet
2980 2358 3097 2406 eos,
3134 2341 3228 2412 qui
3263 2338 3329 2393 ad
3360 2337 3653 2409 perfectam

2083 2444 2409 2499 charitatem
2441 2438 2709 2507 assunzpti
2732 2445 2881 2492 sunt.
2911 2435 3028 2490 iam
3056 2450 3184 2489 vero
3214 2447 3339 2488 cum
3373 2442 3483 2484 tam
3514 2430 3658 2483 mul-

2085 2537 2320 2607 tiplices,
2379 2533 2626 2600 variique
2677 2531 2788 2585 sint
2840 2528 3090 2589 timores,
3136 2524 3376 2594 profecto
3445 2521 3656 2590 justum

2087 2644 2229 2690 esse,
2272 2636 2332 2680 ut
2376 2625 2446 2678 oh
2494 2639 2591 2677 eos
2628 2635 2820 2677 omnes
2865 2617 3102 2673 dominis
3148 2616 3264 2670 suis
3311 2613 3453 2669 servi
3497 2612 3660 2667 obse-

2089 2727 2347 2789 quantur.
2410 2733 2517 2770 non
2580 2712 2860 2783 negaverit
2914 2712 3024 2774 ille,
3081 2708 3172 2777 qui
3226 2705 3446 2760 eosdem
3512 2717 3661 2758 nunc

2091 2814 2364 2877 hortatur,
2400 2818 2459 2863 ut
2489 2827 2506 2859 ι
2549 2811 2601 2862 in
2633 2808 2781 2860 omni
2820 2805 3015 2857 timore
3063 2800 3291 2868 subjecti
3333 2800 3444 2851 sint
3483 2795 3661 2849 domi-

2093 2904 2180 2957 nis
2212 2903 2365 2958 suis:
2407 2920 2425 2952 ι
2475 2910 2709 2969 uterque
2758 2897 2903 2952 enim
2937 2896 3122 2960 timor,
3176 2890 3421 2950 initialis,
3454 2896 3508 2940 et
3538 2900 3661 2955 per-

2097 2992 2353 3056 feclivus,
2391 2992 2501 3046 illis
2530 2991 2737 3059 optime
2770 2986 3064 3040 convenit:
3097 2984 3307 3052 primus
3346 2978 3561 3048 quidem
3606 2982 3664 3027 ut

2097 3097 2328 3141 caveant
2385 3100 2454 3138 ne
2509 3091 2733 3154 promer
2778 3080 2970 3133 delicta
3024 3077 3079 3130 in
3124 3083 3419 3129 extremam
3481 3068 3664 3140 perni-

2096 3179 2241 3233 ciem
2309 3177 2627 3237 incurrant;
2690 3172 2849 3231 alter,
2909 3175 2967 3223 ut
3029 3181 3096 3220 ne
3142 3163 3361 3233 quidem
3422 3160 3664 3229 cogitent

2097 3265 2319 3335 aliquod
2339 3262 2518 3319 facere
2545 3276 2757 3322 eorum,
2785 3272 2905 3326 quze
2931 3255 3170 3309 dominis
3196 3254 3311 3307 suis
3342 3253 3551 3320 ingrata
3574 3261 3666 3303 aut

2096 3357 2326 3411 moleSta
2355 3368 2479 3409 esse
2516 3358 2740 3406 norunt.
2782 3346 3052 3403 Caeterum
3102 3357 3251 3397 nunc
3280 3343 3347 3396 de
3374 3355 3439 3395 eo
3470 3340 3669 3394 timore

2098 3446 2360 3518 loquitur,
2405 3442 2496 3515 qui
2559 3455 2654 3511 per
2701 3437 3093 3494 conscientiam
3143 3449 3241 3488 seu
3293 3431 3667 3501 cngnitionem

2098 3546 2262 3592 recta:
2298 3533 2528 3589 rationis
2550 3530 2938 3602 ingeneratur;
2972 3539 3164 3592 nempe
3188 3523 3279 3590 qui
3315 3522 3513 3581 servis,
3541 3535 3664 3574 cum

2100 3628 2237 3686 nihil
2284 3628 2411 3682 mali
2459 3621 2916 3696 perpetraverint,
2953 3633 2983 3672 a
3024 3615 3285 3688 dyscolis,
3326 3629 3424 3669 seu
3458 3612 3669 3681 iniquis

2101 3721 2339 3779 dominis
2374 3719 2675 3776 incutitur:
2710 3726 2765 3769 et
2796 3714 2943 3768 hunc
2977 3708 3201 3780 quidem
3233 3706 3477 3760 timorem
3514 3705 3675 3758 laude

2102 3811 2325 3883 dignum
2377 3815 2661 3878 reputans,
2716 3805 2983 3875 patienter
3040 3795 3427 3854 sustinendum
3473 3794 3663 3855 edicit;

2103 3903 2372 3973 siquidem
2394 3900 2544 3954 illum
2566 3906 2786 3966 propter
2807 3892 3045 3949 admissa
3063 3891 3258 3947 delicta
3284 3887 3526 3960 perferre
3553 3900 3679 3940 esse

2103 3994 2322 4064 quidem
2358 4004 2668 4048 servorum,
2712 3986 2804 4056 qui
2839 3985 2981 4047 bona
3013 3990 3142 4059 sunt
3192 3988 3394 4046 mente,
3425 3987 3479 4033 et
3508 3978 3559 4032 in
3589 3977 3679 4031 sui

2106 4070 2502 4137 correctionem
2554 4074 2842 4138 inclinant,
2914 4081 2971 4127 at
3027 4086 3137 4124 non
3204 4077 3367 4123 tantm
3430 4065 3675 4125 virtutis.

2105 4179 2307 4242 quanta
2347 4169 2557 4238 praediti
2586 4175 2714 4220 sunt
2746 4164 2843 4228 illi,
2876 4163 2969 4231 qui
2996 4176 3118 4215 cum
3153 4160 3286 4213 nihil
3309 4159 3436 4212 mali
3467 4153 3677 4212 conscii

2106 4264 2211 4319 sibi
2250 4263 2383 4325 sint,
2410 4260 2610 4328 injuste
2642 4266 2824 4311 tamen
2858 4255 3140 4307 incussum
3174 4254 3428 4306 timorem
3464 4249 3682 4306 fortiter

2107 4356 2314 4421 ferunt,
2343 4359 2397 4407 et
2435 4365 2558 4405 cum
2589 4351 2889 4418 gratiarum
2941 4346 3177 4397 actione.
3210 4340 3322 4396 Hoc
3357 4356 3491 4396 sane
3539 4357 3683 4411 prac-

2108 4450 2319 4504 clarum
2370 4454 2425 4500 et
2482 4456 2737 4513 magnum
2772 4449 2859 4494 est
2894 4454 2908 4491 :
2945 4436 3051 4490 hoc
3087 4446 3192 4497 est,
3240 4433 3387 4504 quod
3428 4448 3456 4487 a
3495 4434 3687 4503 paucis

443 4527 681 4629 ἔπασχεν
738 4552 1023 4626 ἁμαρτιῶν
1088 4550 1134 4621 (ι
1169 4549 1471 4620 Ἀμαρτίαν
1510 4527 1642 4618 ἡγὰρ
1674 4547 1774 4600 οὐκ
1827 4545 1992 4615 ἐποίηι

2117 4548 2436 4597 exercetur:
2486 4544 2540 4590 et
2594 4535 2696 4587 hoc
2761 4531 2871 4586 Deo
2927 4545 3049 4584 cum
3114 4527 3305 4597 primis
3372 4537 3679 4595 acceptum,

447 4667 538 4705 σεν
563 4650 633 4720 ι),
660 4647 774 4702 ἀλλ’
803 4646 942 4718 ὑπὲρ
967 4644 1123 4716 ἡμῶν
1171 4642 1268 4695 καὶ
1297 4640 1405 4694 τῶν
1438 4640 1723 4710 ἡμετέρων
1753 4638 2009 4707 ἔπασχεν.

451 4759 472 4793 ι
505 4740 639 4796 ’Δπὺ
676 4739 784 4792 τῶν
817 4733 1060 4807 ἀνομιῶν
1086 4731 1180 4786 τοῦ
1215 4730 1344 4785 λαοῦ
1370 4746 1498 4800 μου,
1537 4747 1556 4780 ι
1599 4727 1744 4781 τοῦτ’
1777 4726 1893 4779 ἔστι
1926 4726 2013 4779 διὰ

447 4833 546 4897 τὰς
575 4830 805 4903 ἀνομίας
825 4828 918 4881 τοῦ
956 4826 1109 4891 λαοῦ,
1147 4844 1165 4875 ι
1188 4824 1329 4893 ἤχθη
1357 4824 1438 4885 εἰς
1462 4821 1714 4885 θάνατον,
1742 4837 1761 4870 ι
1801 4817 1966 4889 φησὶν
1985 4820 2013 4870 6

451 4924 758 4994 προφήτης.
818 4917 1130 4973 Ἐπαινετόν
1182 4916 1280 4985 μὲν
1333 4911 1429 4968 οὖν
1471 4912 1565 4966 τὸν
1616 4911 1779 4981 φόϐον
1825 4909 2013 4963 τοῦτον

450 5015 684 5069 τίθεται.
725 5010 886 5065 Ἀλλά
921 5009 1027 5081 μὴν
1052 5007 1146 5061 καὶ
1172 5009 1283 5069 τοῖς
1310 5005 1489 5068 ἄλλοις
1516 5003 1703 5072 φόϐοις
1734 5002 1861 5066 τοὺς
1887 4999 2013 5054 δού-

453 5106 580 5168 λους
629 5102 878 5175 βούλεται
944 5095 1412 5169 περικρατεῖσθαι.
1486 5094 1597 5146 Καὶ
1625 5092 1782 5161 δῆλον
1817 5090 1912 5159 ἀφ’
1945 5083 2020 5143 ὧν

454 5182 660 5268 φησιν’
705 5214 723 5247 ι
757 5194 844 5248 Ἑν
868 5192 1029 5247 παντὶ
1058 5188 1227 5261 φόϐῳ.
1255 5206 1273 5239 ι
1316 5183 1640 5255 ’Υπερφυῶς
1675 5183 1732 5237 δὲ
1757 5182 2019 5252 ἀντέθηκε

454 5292 566 5352 τοῖς
590 5285 770 5351 ἄλλοις
800 5284 987 5353 φόϐοις
1018 5283 1109 5336 τὸν
1136 5281 1223 5335 διὰ
1259 5277 1565 5347 συνείδησιν
1590 5276 1756 5344 φόϐον
1801 5276 1893 5328 καὶ
1921 5275 2019 5344 μό-

456 5400 563 5444 νως
587 5381 780 5437 τούτου
811 5374 950 5433 εἶναι
978 5376 1040 5428 τὸ
1057 5374 1392 5440 ἀξιέπαινον,
1426 5370 1777 5441 ἀληθεστάτῳ
1807 5368 2020 5438 ἀπεφήο

458 5490 586 5527 varo
612 5471 786 5543 λόγῳο
820 5469 895 5534 ὡς
939 5468 1045 5521 τῶν
1090 5467 1187 5535 μὲν
1224 5465 1454 5534 ἑχόντων
1486 5463 1547 5516 τὸ
1590 5462 1882 5532 παραίτιον
1912 5460 2012 5528 τῆς

457 5565 566 5616 τῶν
591 5559 864 5614 δεσποτῶν
915 5560 993 5620 είς
1046 5558 1242 5618 αὐτοὺς
1278 5553 1469 5625 όργῆς,
1493 5552 1589 5606 τοῦ
1627 5552 1684 5606 δὲ
1724 5552 1889 5622 μηδὲν
1913 5568 2020 5621 μη-

458 5655 654 5723 δαμοῦ.

2117 4646 2305 4710 utpote
2321 4634 2467 4706 quod
2496 4631 2697 4686 Christi
2723 4625 3041 4699 patientiam
3082 4622 3485 4694 quadamtenus
3510 4635 3683 4675 mutu-

2117 4733 2292 4785 latur:
2326 4740 2451 4781 nam
2472 4733 2525 4780 et
2555 4724 2669 4793 ipse
2694 4736 2799 4774 non
2832 4734 2930 4789 pro
2954 4715 3194 4786 peccatis
3223 4712 3341 4769 suis
3369 4714 3682 4783 (peccatum

2114 4823 2260 4876 enirn
2289 4833 2396 4873 non
2423 4815 2666 4880 fecerat),
2692 4811 2784 4865 sed
2818 4825 2913 4879 pro
2941 4806 3120 4870 nobis,
3145 4802 3455 4871 austrisque
3471 4800 3685 4855 delictis

2115 4923 2313 4980 passus
2344 4914 2449 4962 est.
2501 4922 2521 4955 ι
2586 4903 2670 4957 Ab
2733 4896 3138 4968 iniquitatibus,
3179 4915 3200 4944 ι
3248 4893 3298 4947 id
3346 4900 3432 4947 est
3463 4899 3687 4960 propter

2116 5000 2439 5071 iniquitates
2469 5014 2488 5048 ι
2518 4994 2705 5066 populi
2737 4993 2842 5046 mei
2868 4991 3068 5043 ductus
3095 4998 3181 5042 est
3216 4984 3282 5039 ad
3312 4992 3542 5038 mortem
3562 4982 3626 5042 ³⁷,
3660 5001 3679 5032 ι

2116 5095 2192 5149 ait
2229 5091 2511 5160 propheta.
2545 5086 2776 5156 Dignum
2810 5086 2993 5150 itaque
3028 5078 3191 5133 laude
3237 5078 3487 5132 timorem
3520 5078 3687 5129 istum

2116 5200 2237 5240 esse
2289 5178 2502 5236 statuit.
2536 5178 2817 5236 Attamen,
2847 5183 2907 5225 ut
2946 5171 3068 5224 aliis
3122 5183 3341 5238 quoque
3399 5167 3690 5221 timoribus

2118 5277 2261 5331 servi
2300 5278 2610 5333 teneantur,
2641 5252 2855 5335 teqnﬁum
2910 5272 2961 5316 et
3010 5262 3142 5314 utile
3169 5268 3396 5313 censet:
3447 5267 3505 5310 ut
3540 5263 3689 5326 patet

2119 5383 2182 5420 cx
2236 5378 2321 5428 eo,
2353 5359 2498 5432 quod
2557 5357 2723 5418 dicat,
2762 5371 2779 5402 ι
2817 5352 2872 5405 in
2913 5352 3059 5406 omni
3108 5351 3324 5403 timore.
3365 5366 3385 5398 ι
3427 5345 3534 5402 Sed
3567 5361 3690 5400 eum

2121 5458 2218 5527 qui
2248 5465 2473 5524 prepter
2507 5444 2905 5503 conscientiam
2941 5451 3043 5508 est,
3077 5442 3199 5496 aliis
3231 5440 3520 5494 timoribus
3543 5447 3693 5491 autc-

2125 5546 2303 5627 ponit,
2334 5554 2388 5598 et
2423 5542 2566 5595 hunc
2620 5538 2794 5591 solum
2831 5549 2955 5588 esse
2979 5532 3196 5601 proprie
3255 5530 3416 5584 laude
3472 5529 3693 5595 dignum

2124 5620 2413 5691 verissima
2444 5633 2631 5686 deiiuit
2663 5630 2873 5681 ratione
2899 5644 2912 5677 :
2941 5622 3377 5691 quandoquidem
3411 5620 3505 5674 alii
3534 5620 3695 5672 timo-

463 5766 550 5802 res
579 5746 830 5819 prmviani
875 5743 1072 5796 habent
1112 5739 1313 5811 iustam
1346 5751 1566 5793 causam
1625 5730 2008 5805 indignationis
2047 5729 2397 5784 dominorum
2430 5724 2485 5777 in
2519 5734 2707 5776 servos
2736 5733 2751 5782 ;
2790 5717 2892 5772 iste
2928 5723 3112 5768 autem
3149 5711 3375 5766 nullam.

533 5865 574 5897 ³⁸
611 5861 752 5915 l’sal.
782 5876 892 5924 ιιν,
921 5857 974 5911 4.
1056 5855 1110 5895 θ’
1142 5853 1244 5910 lsa.
1289 5867 1490 5917 nam,
1529 5852 1581 5906 8.
