4010 6534
338 406 476 477 1221

1111 412 1514 475 exeosmo
1552 412 1628 473 IN
1668 410 1907 474 EPIST.
1945 411 1974 472 Ι
2014 412 2078 472 s.
2118 400 2373 471 PETRI.
2400 430 2470 443 -
2505 403 2664 467 CAP.
2710 360 2832 466 IIl:

3430 364 3569 469 me

337 544 474 590 σεως
507 523 734 595 ἱματίων
758 522 980 593 κόσμος.
1013 542 1031 574 ι
1065 525 1164 578 Διά
1196 525 1413 579 πάντων
1447 524 1651 577 τούτων
1672 525 1764 578 τὸν
1789 524 1904 593 ἠθι-

2025 537 2189 577 .orum
2214 521 2417 577 cultus.
2457 537 2476 573 ι
2510 519 2645 575 Cum
2682 532 2778 588 per
2805 527 2995 571 omnes
3043 512 3326 569 hominum
3372 515 3575 585 gradus

334 618 430 672 κδν
455 618 607 683 λόγον
631 615 1006 687 συμπεράνας,
1059 615 1146 669 διὰ
1190 615 1475 686 βασιλέων,
1506 615 1572 668 δι’
1600 616 1901 685 ἀρχόντων,

336 709 427 761 διὰ
480 706 774 771 δεσποτῶν,
825 707 912 759 διὰ
936 690 1182 760 ’δούλων
1214 709 1445 771 καὶτοῖς
1478 708 1575 778 μὲν
1628 706 1906 776 βασιλεῦσι

337 802 432 853 καὶ
480 800 738 869 ἄρχουσιν
767 796 1171 852 ὑποτάσσεσθαι
1210 792 1293 862 οἷς
1326 798 1425 864 δεῖ,
1458 800 1555 853 καὶ
1583 800 1644 852 ἐν
1663 793 1745 861 οἷς
1802 799 1899 862 δεῖ,

335 892 465 954 τοὺς
485 890 818 961 ἀρχομένους
848 889 1236 960 νομοθετήσαςο
1271 892 1365 943 καὶ
1381 890 1556 956 δείξας
1576 890 1665 944 διὰ
1689 891 1905 955 τούτου,

339 983 424 1035 ὅτι
457 982 550 1036 καὶ
597 981 752 1036 αὐτοὶ
780 981 828 1034 οἱ
871 982 1131 1053 ἄρχοντες
1187 981 1439 1051 ἐναυσμὰ
1474 1000 1526 1035 τι
1560 983 1909 1052 δικαιοσύνης

338 1074 554 1144 ἔχοντες
592 1074 718 1135 τοὺς
747 1073 968 1143 νόμους,
1003 1075 1103 1127 ὅσα
1134 1073 1233 1143 μὲν
1265 1074 1387 1128 κατ’
1426 1075 1620 1137 αὐτοὺς
1657 1077 1911 1145 ποιήσου-

338 1181 446 1225 σιν,
486 1165 545 1216 οὐ
577 1164 1095 1233 κατακριθήσονται,
1127 1165 1229 1219 ὅσα
1260 1165 1317 1217 δέ
1350 1166 1500 1236 παρὰ
1526 1164 1748 1229 τούτους
1780 1165 1907 1219 ἀνό-

341 1273 461 1323 μως
495 1256 587 1307 καὶ
637 1255 876 1322 ἀκρίτως
904 1258 998 1309 καὶ
1057 1256 1422 1326 τυραννικῶς,
1460 1259 1518 1309 ἐν
1570 1256 1780 1321 τούτοις
1813 1260 1908 1311 καὶ

344 1345 694 1399 ἀπολοῦνται·
729 1347 821 1399 ἐπὶ
851 1346 1187 1418 συμφέροντι
1211 1349 1321 1418 γάρ
1360 1350 1468 1401 τῶν
1500 1349 1717 1403 ἐθνῶνό
1748 1350 1911 1420 νόμος

342 1434 501 1502 ἐδόθη
522 1435 725 1500 αὐτοῖς,
749 1435 820 1497 ὡς
847 1436 939 1487 καὶ
965 1435 1176 1498 Παῦλος
1199 1437 1319 1508 βοᾷ·
1346 1437 1481 1491 ἀλλά
1512 1438 1606 1491 καὶ
1632 1439 1682 1491 οί
1721 1439 1915 1510 ἄρχον-

348 1542 440 1590 τες
463 1528 663 1598 ὁμοίως
696 1530 810 1591 τοῖς
855 1528 1042 1597 νόμοις
1093 1528 1187 1580 ἐπὶ
1241 1531 1574 1600 συμφέροντι
1629 1532 1911 1602 ἐδόθησαν,

349 1617 467 1671 ἀλλ’
496 1618 593 1686 οὐχ
617 1616 690 1679 ὡς
709 1618 837 1671 ἐνιοι
860 1620 1046 1683 κακῶς
1073 1620 1355 1689 βούλονται
1386 1622 1477 1675 τοῦ
1505 1623 1753 1676 διαϐόλου
1775 1620 1914 1677 εἶναι

346 1710 449 1780 τὴν
480 1710 732 1774 ἐξουσίαν
794 1711 896 1781 τὴν
919 1712 1015 1764 ἐπὶ
1056 1714 1180 1782 γῆς,
1209 1713 1288 1784 τῷ
1312 1713 1542 1785 διαϐόλῳ
1581 1716 1721 1769 κατά
1758 1715 1917 1769 τοῦτο

347 1800 826 1871 συναγορεύοντες,
874 1803 1084 1856 εἰπόντι
1121 1804 1258 1875 πρὸς
1279 1806 1371 1859 τὸν
1406 1806 1638 1876 Κύριον·
1689 1828 1707 1860 ι
1731 1806 1919 1882 Ταῦτα

345 1891 527 1944 πάντα
558 1892 680 1961 ἐμοὶ
698 1892 926 1958 δέδοται,
948 1887 1097 1962 καὶῷ
1113 1894 1177 1949 ἂν
1192 1895 1467 1966 βούλωμαι
1486 1898 1679 1969 δίδωμι
1714 1900 1876 1954 αύτάο
1891 1918 1910 1951 ι

338 1982 408 2033 οὐ
438 1982 548 2052 γάρ
580 1985 646 2053 τῇ
689 1984 879 2037 τούτου
936 1985 1184 2040 κελεύσει
1246 1987 1487 2058 βασιλεῖς
1541 1990 1916 2057 καθίστανται,

344 2075 545 2137 οἵτινες
578 2076 712 2146 πρὸς
747 2078 1121 2149 ἐπανόρθωσιν
1146 2084 1255 2134 τῶν
1296 2083 1486 2137 κακῶν
1520 2084 1782 2153 δέδονται,
1815 2087 1910 2140 τοῦ

258 2220 318 2238 κ
346 2165 594 2220 διαϐόλου
628 2168 794 2237 μηδὲν
822 2170 1063 2223 τοιοῦτον
1096 2171 1549 2240 ἐμπολιτεύεσθαι
1577 2177 1689 2238 τοῖς
1718 2175 1922 2247 ἀνθρώο

350 2272 474 2322 ποις
505 2260 862 2330 ἐπειγομένου
889 2278 903 2292 ο
955 2260 1216 2332 ἐδόθησαν
1263 2262 1373 2333 γὰρ
1404 2264 1645 2329 ἐξουσίαι
1688 2267 1786 2319 καὶ
1817 2266 1918 2336 άρ-
1964 2282 1969 2285 ·

351 2364 537 2420 χοντες
567 2349 673 2403 ὑπὸ
697 2350 856 2417 Θεοῦ,
880 2352 931 2404 οἱ
957 2351 1075 2422 μὲν,
1117 2355 1196 2416 είς
1228 2355 1558 2426 συντήρησιν
1586 2355 1682 2408 τοῦ
1709 2356 1917 2409 δικαίου

353 2439 449 2492 καὶ
473 2438 842 2511 ἐπανόρθωσιν
861 2442 954 2494 καὶ⁹
981 2440 1250 2512 ὠφέλειαν
1279 2444 1388 2497 τῶν
1410 2446 1752 2517 ἀρχομένων,
1785 2449 1834 2499 οἱ
1862 2447 1920 2499 δὲ

342 2531 441 2582 διὰ
481 2532 645 2599 φόϐον
678 2532 814 2601 πρὸς
844 2536 1115 2604 τιμωρίαν
1153 2537 1246 2590 καὶ
1278 2537 1568 2607 ἐπίπληξιν
1604 2539 1712 2591 τῶν
1746 2540 1921 2609 ἀμαρ-

354 2623 644 2689 τανόντων,
668 2627 714 2677 οί
746 2624 801 2677 δὲ
832 2627 927 2678 καὶ
960 2628 1041 2689 είς
1062 2626 1124 2679 τὸ
1155 2627 1281 2690 τοὺς
1337 2628 1729 2698 ἐξυϐρίσαντας
1765 2629 1919 2701 δίκην

348 2715 511 2778 ἀξίαν
568 2716 854 2769 ἀποτῖσαι·
888 2717 1065 2782 δείξας
1113 2719 1208 2772 οὖν
1233 2718 1414 2783 τοῦτο,
1456 2722 1548 2773 καὶ
1582 2721 1666 2773 ὅτι
1695 2721 1755 2772 τὺ
1788 2722 1920 2773 ὑπο-

355 2804 648 2859 τάσσεσθαι
701 2806 912 2871 τούτοις
940 2808 1163 2876 ὰγαθδν,
1196 2810 1253 2875 τὸ
1283 2811 1339 2862 δέ
1375 2811 1620 2873 ἀπειθεῖς
1649 2807 1787 2864 εἶναι
1820 2831 1921 2865 κα-

356 2895 483 2947 κόν·
519 2898 717 2965 ὁμοίως
757 2900 813 2952 δὲ
847 2899 942 2953 καὶ
985 2903 1095 2963 τοῖς
1161 2900 1392 2963 δούλοις,
1433 2902 1506 2965 ὡς
1545 2902 1753 2972 ἔφημεν
1792 2903 1923 2956 ὑπο-

361 2988 663 3057 μνήσαντες
696 2989 794 3042 καῖ
831 2990 959 3059 περὶ
1009 2990 1211 3044 δούλων
1236 2991 1332 3044 καὶ
1351 2991 1624 3045 δεσποτῶν
1655 3010 1671 3024 ο
1710 2993 1922 3063 μέτεισι

353 3072 456 3127 νῦν
490 3076 585 3128 καὶ
609 3075 810 3147 ἐπὶτὴν
824 3082 1229 3145 γυναικωνῖτιν.
1266 3080 1437 3149 Φησὶν
1458 3076 1552 3133 οὖν
1583 3082 1711 3151 περὶ
1737 3096 1925 3147 γυναι·

360 3164 497 3230 κῶν,
518 3164 593 3229 ὡς
622 3166 704 3220 δεῖ
730 3169 933 3230 ταύτας
968 3169 1062 3221 δύο
1092 3168 1267 3224 ταῦτα
1298 3171 1642 3235 σπουδάζειν,
1692 3190 1710 3224 ι
1755 3173 1925 3225 Ὑπι-

359 3256 653 3312 τάσσεσθαι
680 3260 793 3320 τοῖς
826 3259 976 3323 ἰδίοις
1001 3260 1247 3331 ἀνδράσι,
1277 3278 1296 3312 ι
1345 3261 1441 3314 καὶ
1462 3263 1668 3332 κόσμου
1716 3265 1923 3328 παντὸς

362 3344 457 3397 καὶ
482 3344 872 3416 καλλωπισμοῦ
904 3346 1190 3419 ἀλλοτρίας
1214 3350 1412 3412 ἐαυτάς
1451 3350 1796 3419 ἀποφαίνειν,
1838 3372 1927 3422 μι-

364 3437 635 3507 μουμένας
690 3437 792 3502 τὰς
842 3439 1007 3506 ἁγίας
1051 3443 1336 3510 γυναῖκας.
1405 3443 1558 3495 Ἐπεὶ
1603 3445 1698 3497 καὶ
1739 3440 1925 3509 αὗται,

362 3533 517 3601 φησὶ,
542 3531 744 3602 κόσμον
769 3530 956 3586 τοῦτον
979 3534 1178 3606 ᾔδεσαν
1209 3533 1392 3602 μόνον,
1433 3533 1494 3586 τὸ
1520 3534 1657 3605 πρὸς
1681 3536 1804 3596 τοὺς
1832 3539 1925 3589 αὑ-

360 3622 470 3675 τῶν
484 3622 682 3692 ἄνδρας
710 3625 1006 3695 πειθήνιον.
1045 3625 1152 3678 Καὶ
1178 3623 1232 3676 τί
1252 3626 1313 3677 τὸ
1335 3623 1445 3678 ἀπὸ
1468 3627 1673 3679 τούτων
1698 3627 1884 3696 κέρδος
1905 3644 1921 3693 ;

378 3713 440 3769 Ὀ
464 3715 570 3767 ἀπὸ
620 3716 735 3769 τῶν
758 3715 864 3779 ἔξω
896 3720 995 3787 τῆς
1025 3716 1259 3779 πίστεως
1293 3715 1454 3785 ζῆλος
1480 3718 1707 3785 ἀγαθὸς,
1739 3718 1795 3781 ὃς
1834 3719 1929 3771 καὶ

363 3805 476 3859 ἀπὸ
504 3805 604 3875 τῆς
642 3807 751 3859 τῶν
789 3807 1069 3878 ἀρχόντων
1130 3807 1259 3877 παρ’
1295 3807 1450 3878 ἡμῶν
1488 3809 1766 3878 ὑποταγῆς
1801 3811 1929 3862 ἀπο-

364 3898 630 3965 τίκτεται,
688 3901 781 3951 καὶ
808 3900 844 3969 ἡ
875 3900 1012 3971 πρὸς
1059 3900 1293 3970 Χριστὸν
1346 3901 1438 3954 ὑπ’
1470 3902 1650 3954 αὐτῶν
1683 3902 1751 3955 δι’
1786 3903 1930 3973 ἡμᾶς

365 3991 706 4062 εὐχαριστία)
733 3990 762 4044 ὃ
795 4001 883 4044 καί
910 3991 1053 4060 μέγα
1097 3991 1360 4062 καύχημα
1385 3994 1748 4063 Χριστιανῶν,
1783 3994 1933 4047 εὐλο-

366 4080 631 4152 γουμένου
670 4082 736 4134 δι’
762 4082 909 4152 ἡμᾶς
939 4081 1034 4135 τοῦ
1060 4083 1324 4152 ὀνόματος
1355 4084 1451 4136 τοῦ
1481 4083 1618 4137 Θεοῦ
1650 4086 1742 4137 καὶ
1778 4087 1932 4156 παρὰ

365 4172 477 4227 τῶν
506 4172 677 4227 ἐθνῶν
705 4172 794 4227 διὰ
820 4173 918 4244 τὴν
958 4173 1130 4246 καλὴν
1186 4175 1530 4247 ἀναστροφὴν
1564 4177 1739 4248 ἡμῶν.
1775 4176 1845 4230 Τὸ
1874 4178 1931 4232 δὲ

366 4263 562 4327 είπεῖν,
604 4279 624 4309 ε
653 4265 814 4317 ’Λνευ
838 4264 997 4330 λόγου
1030 4265 1482 4337 κερδηθήσονται,
1513 4286 1530 4319 ι
1594 4269 1712 4338 ἦτοι
1741 4268 1933 4338 σχολά-

368 4354 553 4416 ζοντος
580 4355 778 4417 παντός
801 4354 960 4424 λόγου
985 4357 1079 4409 καὶ
1120 4358 1300 4426 πάσης
1333 4357 1648 4425 ἀντιλογίας
1666 4375 1681 4387 ·
1708 4358 1740 4429 ἢ
1766 4357 1842 4421 ὡς
1870 4359 1931 4410 τὸ

366 4443 432 4515 if.
458 4444 582 4516 τῆς]
603 4445 693 4499 διὰ
722 4446 833 4499 τῶν
855 4447 1033 4518 ἔργων
1055 4447 1369 4513 ἐπιδείξεως
1396 4452 1735 4520 κυριωτέρας
1766 4449 1934 4523 οὔσης

2010 626 2205 680 nempe
2257 626 2354 680 per
2386 624 2566 679 rcges,
2598 605 2900 678 principes,
2956 605 3208 659 dominos
3261 617 3325 657 ac
3361 618 3574 666 Servos,

2011 705 2201 757 morali
2234 718 2488 757 sermone
2519 717 2623 756 suo
2667 698 3003 754 excurrissct
3047 695 3368 766 apostolus;
3413 702 3581 765 atque

2011 792 2410 859 subiectionem
2440 792 2660 861 regibus
2682 798 2736 843 et
2761 787 3119 859 principibus,
3146 786 3351 856 quibus
3363 794 3580 856 oportet

2009 893 2063 936 et
2094 884 2145 935 in
2176 884 2376 952 quibus
2427 890 2661 953 oportet,
2701 880 3045 951 praecepisset
3082 879 3317 948 indeque
3354 881 3582 934 demon-

2012 980 2264 1039 strasset,
2284 975 2444 1029 etiam
2486 971 3013 1042 principes,‘quibus
3046 970 3192 1041 leges
3228 970 3585 1042 incitamento

2013 1062 2368 1129 adjustitiam
2414 1036 2536 1117 esse
2570 1036 2788 1127 debent,
2818 1036 2862 1117 si
2905 1036 3200 1131 quidquam
3220 1036 3410 1115 contra
3433 1060 3583 1129 ipsas

2014 1144 2222 1223 inique.
2250 1154 2457 1223 absque
2476 1152 2708 1222 judicio,
2723 1166 2777 1207 et
2797 1154 3040 1224 tyranice
3056 1153 3287 1222 egerint,
3317 1162 3583 1207 aeternum

2016 1246 2287 1314 perituros
2312 1264 2326 1300 :
2353 1243 2792 1314 quandoquidem
2834 1244 2901 1298 ad
2941 1243 3264 1313 populorum
3294 1242 3581 1296 utilitatem

2013 1333 2138 1388 data
2163 1342 2248 1389 est
2280 1333 2387 1387 illis
2421 1334 2526 1396 lex,
2561 1331 3022 1402 quemadmodum
3056 1339 3109 1385 et
3129 1331 3331 1385 Paulus
3360 1330 3585 1396 clamat;

2015 1436 2067 1480 et
2089 1426 2204 1494 pari
2227 1427 2438 1479 ratione
2465 1425 2530 1479 ad
2552 1424 2839 1478 utilitatem
2888 1422 3293 1492 ussignatisunt
3311 1420 3588 1492 principes

2016 1517 2264 1588 legibus:
2303 1517 2445 1571 unde
2498 1516 2731 1585 pessime
2786 1513 3009 1584 quidam
3042 1514 3386 1584 pertendunt,
3432 1520 3589 1583 pote-

2018 1618 2214 1664 Statem
2262 1622 2537 1677 quamque
2569 1613 2843 1660 terrenam
2879 1619 3002 1660 esse
3030 1620 3060 1657 a
3093 1603 3337 1659 diabolo.
3373 1601 3490 1668 Qua
3531 1602 3588 1656 in

2018 1716 2077 1755 re
2101 1701 2321 1769 ipsimet
2339 1700 2556 1754 diabolo
2586 1700 3026 1769 patrocinentur,
3054 1697 3145 1767 qui
3179 1710 3346 1751 ausus
3371 1703 3456 1751 est
3484 1693 3592 1748 Do—

2021 1792 2168 1845 mino
2191 1792 2405 1847 dicere:
2442 1790 2597 1845 ιιιωυ
2618 1788 2956 1844 omnia'mibi
2989 1788 3188 1843 tradita
3217 1795 3385 1850 sunt;
3419 1790 3482 1841 et'
3500 1783 3591 1841 cui

1954 1866 1993 1921 Β
2024 1888 2164 1947 volo,
2196 1885 2268 1938 do
2306 1883 2401 1937 illa
2433 1882 2501 1936 ⁵⁵.
2534 1902 2553 1934 ι
2589 1881 2707 1937 Non
2758 1880 2901 1936 enim
2959 1880 3109 1935 illius
3148 1878 3378 1948 imperio
3433 1891 3593 1948 reges

2018 1977 2455 2040 constituantur,
2507 1977 2708 2045 quippe
2732 1976 2822 2040 qui
2863 1973 2929 2028 ad
2964 1972 3232 2026 malorum
3293 1971 3592 2026 correctio-

2019 2087 2142 2125 nem
2174 2070 2432 2124 destinati
2468 2078 2597 2125 sunt
2631 2085 2644 2121 :
2677 2069 2822 2137 quod
2874 2065 3137 2121 Diabolus
3191 2063 3455 2133 impedire
3505 2076 3593 2117 co-

2021 2173 2202 2218 natur.
2234 2162 2441 2217 A‘Deo
2503 2162 2688 2231 itaque
2734 2160 2861 2213 data
2921 2169 3007 2214 est
3054 2164 3324 2228 potestas,
3375 2164 3430 2210 et
3463 2169 3595 2210 con-

2021 2257 2197 2313 stituti
2230 2264 2361 2311 sunt
2395 2255 2692 2325 principes,
2723 2268 2845 2307 cum
2871 2250 2936 2305 ad
2963 2248 3595 2322 patrocininmjustitite,
3635 2319 3639 2323 ε

2021 2356 2075 2404 et
2100 2347 2458 2401 directionem
2509 2352 2674 2414 atque
2722 2344 3013 2398 utilitatem
3059 2340 3431 2403 subditorum,
3482 2347 3595 2394 tum

2022 2438 2090 2492 ad
2123 2449 2409 2500 terrorem,
2451 2436 2791 2505 punitioncm
2826 2442 2881 2489 et
2913 2432 3322 2503 repressionem
3379 2431 3598 2500 iniquo-

2022 2543 2185 2593 rum;
2228 2536 2338 2580 tum
2378 2524 2595 2580 demum
2634 2524 2701 2577 ad
2728 2522 2907 2578 debita
2943 2536 3099 2591 poena
3128 2519 3444 2590 plectendos
3473 2519 3599 2573 illos

2022 2618 2115 2689 qui
2149 2616 2404 2687 injuriam
2430 2616 2633 2670 inferre
2655 2614 2781 2669 aliis
2804 2614 2921 2668 ausi
2952 2612 3180 2667 fuerint.
3215 2610 3350 2665 Cum
3391 2611 3467 2663 ita
3490 2610 3597 2663 hoc

2023 2710 2373 2773 ostendisset,
2404 2720 2457 2763 et
2499 2707 2641 2777 quod
2681 2705 2878 2774 subjici
2914 2705 3119 2759 bonum
3155 2702 3314 2758 nobis
3349 2702 3448 2766 sit,
3481 2715 3593 2755 non

2026 2816 2220 2872 parere
2252 2812 2432 2855 autem
2462 2800 2666 2852 malum
2695 2813 2711 2855 :
2741 2796 2994 2852 similiter
3017 2796 3182 2850 etiam
3210 2795 3386 2850 servis
3413 2792 3596 2862 quoad

2026 2896 2281 2951 dominos
2310 2908 2466 2957 suos,
2499 2902 2557 2945 ut
2593 2892 2702 2960 jam
2739 2890 3017 2945 diximus:
3048 2902 3197 2942 nunc
3243 2885 3312 2941 ad
3337 2886 3599 2941 mulieres

2028 3003 2332 3042 sermonem
2372 2984 2664 3040 convertit.
2701 2983 2790 3036 Ait
2846 2985 3051 3049 itaque,
3101 2979 3361 3033 mulieres
3391 2976 3459 3032 ad
3488 2977 3602 3032 duo

2029 3094 2152 3132 cum
2205 3077 2397 3149 primis
2453 3075 2625 3129 adniti
2678 3074 2915 3128 debere:
2975 3085 3210 3140 quorum
3269 3082 3438 3122 unum
3492 3074 3601 3131 est.

2036 3190 2055 3222 ι
2100 3170 2377 3239 subjectas
2423 3182 2548 3222 esse
2602 3166 2735 3221 viris
2774 3165 2891 3219 suis
2935 3179 2949 3216 :
2989 3180 3008 3213 ι
3046 3163 3304 3225 alterum,
3366 3174 3398 3213 a
3426 3158 3602 3214 nimio

2028 3278 2247 3333 ornatu,
2287 3266 2549 3334 omnique
2573 3262 2720 3327 fuco,
2758 3271 3072 3315 sanctarum
3103 3259 3396 3313 mulierum
3413 3270 3594 3311 exem-

2028 3361 2115 3431 plo
2148 3362 2462 3413 abhorrere.
2497 3354 2632 3409 Nam
2654 3362 2709 3408 et
2752 3354 2873 3417 illae,
2906 3350 3104 3420 inquit,
3141 3351 3246 3404 hoc
3296 3349 3474 3404 solum
3507 3361 3599 3402 or-

2029 3463 2344 3508 namentum
2378 3450 2482 3505 sibi
2506 3447 2848 3503 conveniens
2877 3445 3230 3514 reputabant,
3266 3441 3412 3511 quod
3436 3439 3604 3495 mari-

2030 3540 2098 3594 tis
2149 3540 2266 3593 suis
2313 3538 2683 3604 obsequentes
2714 3542 2921 3588 essent.
2952 3536 3021 3585 At
3065 3532 3343 3602 quodnam
3398 3543 3465 3585 ex
3499 3530 3604 3583 hoc

2031 3635 2246 3686 lucrum
2274 3630 2297 3681 ?
2329 3629 2480 3682 Bona
2501 3626 2779 3681 zeinulatio
2814 3626 2869 3680 in
2900 3623 3232 3686 inﬁdelibus,
3259 3636 3384 3691 qua:
3435 3624 3600 3677 etiam

2029 3738 2059 3776 a
2096 3731 2279 3776 nostra
2339 3733 2467 3791 erga
2517 3719 2789 3789 principes
2856 3715 3221 3771 submissione
3261 3710 3600 3781 producitur,

2030 3810 2481 3882 quemadmodum
2512 3817 2565 3862 et
2590 3807 2791 3861 Christi
2818 3812 3040 3875 propter
3068 3819 3169 3857 nos
3223 3802 3379 3856 laus:
3416 3802 3469 3855 in
3494 3814 3603 3869 qno

2033 3920 2228 3974 magna
2292 3900 2729 3957 Christianorum
2762 3899 2933 3969 gloria
2971 3897 3147 3967 posita
3166 3902 3280 3949 est:
3310 3908 3433 3948 cum
3457 3893 3605 3947 scili-

2031 4006 2115 4049 cet
2146 4000 2364 4063 propter
2384 4008 2509 4054 nos,
2537 4006 2633 4048 seu
2662 4001 2882 4060 propter
2907 3989 3103 4042 bonam
3133 3984 3602 4041 conversationem

2032 4094 2276 4140 nostram
2332 4083 2425 4138 Dei
2488 4097 2685 4137 nomen
2753 4081 3109 4150 gloriﬁcatur.
3174 4076 3308 4131 Illud
3370 4084 3602 4130 autem:

2040 4196 2058 4227 ι
2099 4177 2231 4230 Sine
2258 4176 2424 4230 verbo
2453 4174 2784 4235 lucriﬁant,»
2810 4172 2951 4225 idem
2970 4171 3108 4224 valet
3127 4184 3191 4224 ac
3223 4176 3433 4224 semoto
3456 4166 3606 4222 onmi

2033 4280 2282 4322 sermone
2338 4264 2597 4332 onmiqne
2644 4261 3115 4322 contradictione;
3153 4260 3257 4325 vel,
3318 4259 3605 4312 veritatem

2034 4357 2244 4412 ﬁrmius
2272 4352 2775 4410 demonstrantibus
2824 4350 2987 4405 factis
3032 4364 3197 4420 quam
3230 4349 3434 4404 verbis.
3457 4346 3610 4417 Opus

2034 4448 2180 4504 enim
2242 4447 2361 4501 sine
2386 4443 2585 4508 verbis,
2615 4452 2675 4496 nt
2699 4444 2781 4496 vir
2818 4449 3042 4496 sanctus
3064 4439 3222 4503 dixit,
3258 4439 3610 4508 prastanlius
3688 4470 3699 4473 -

369 4537 530 4606 λόγου
564 4538 659 4591 καὶ
681 4542 1024 4611 περιεργίας.
1066 4540 1313 4608 ’Δφωνον
1357 4541 1464 4611 γάρ
1491 4542 1651 4610 ἔργον
1679 4544 1923 4612 κρεῖσσον

2038 4540 2211 4594 multo
2247 4546 2332 4593 est
2359 4536 2540 4593 verbis
2574 4535 2692 4590 sine
2729 4549 2912 4604 opere.

370 4627 652 4699 ἀπράκτου
680 4628 859 4698 λόγου,
899 4630 928 4680 ὁ
947 4627 1117 4682 εἰπὼν
1147 4631 1287 4700 ἀνὴρ
1314 4629 1489 4697 ἀγιος.

449 4737 469 4770 ι
510 4719 649 4773 Ἀλλ’
681 4721 709 4772 ό
734 4719 978 4790 κρυπτὸς
1013 4719 1111 4789 τῆς
1146 4720 1372 4789 καρδίας
1424 4719 1711 4791 ἄνθρωπος
1748 4723 1808 4774 ἐν
1855 4721 1934 4793 τῷ

369 4809 635 4880 ἀφθάρτῳ
653 4809 747 4862 τοῦ
779 4810 980 4880 πραέος
1010 4811 1102 4862 καὶ
1137 4809 1360 4881 ἡσυχίου
1382 4811 1710 4880 πνεύματος,
1733 4812 1761 4866 ὃ
1787 4815 1935 4867 ἐστιν

373 4897 603 4953 ἐνώπιον
632 4899 725 4953 τοῦ
745 4900 881 4953 Θεοῦ
909 4900 1214 4964 πολυτελές.
1244 4921 1263 4951 ι
1298 4931 1365 4944 -.
1405 4921 1423 4952 ι
1442 4903 1596 4956 Πᾶσα
1629 4905 1737 4974 γὰρ
1755 4906 1786 4972 ἡ
1806 4903 1934 4971 δόξα

371 4992 472 5060 τῆς
500 4988 765 5059 θυγατρὸς
811 4989 905 5043 τοῦ
960 4990 1227 5059 βασιλέως
1253 4991 1456 5045 ἔσωθεν
1497 4996 1555 5044 ἐν
1607 4997 1939 5063 κροσσωτοῖς

371 5084 595 5152 χρυσοῖς
651 5081 1089 5151 περιϐεϐλημένη
1141 5082 1541 5152 πεποικιλμένη
1566 5100 1580 5113 ·
1608 5102 1627 5135 ι
1654 5086 1815 5138 οἱονεὶ
1840 5086 1940 5155 τῆς

372 5176 434 5225 ἐν
460 5171 541 5242 τῷ
569 5170 799 5245 κρυπτῷ
819 5172 977 5243 ήμῶν
999 5172 1316 5237 διαθέσεως,
1338 5177 1435 5225 καὶ
1461 5177 1560 5243 τῆς
1582 5174 1740 5237 ἐκτὸς
1768 5193 1908 5229 κατα
1929 5208 1937 5215 -

376 5265 640 5327 στάσεως,
674 5262 918 5333 σύμϐολα
939 5264 1333 5333 ἀνεπιτήδευτα
1379 5268 1788 5334 παρεχομένων.
1810 5268 1935 5319 To:-

373 5355 530 5418 οὗτος
558 5356 669 5423 γὰρ
693 5357 721 5408 ὀ
757 5355 986 5424 κροσσὸς
1041 5356 1360 5424 περίττωμα
1388 5354 1464 5407 ὢν
1486 5356 1578 5407 τοῦ
1618 5357 1933 5425 ὑφάσματος

375 5446 476 5515 τὴν
531 5446 707 5516 ἀρχὴν
762 5445 939 5515 λαχὼν
992 5444 1098 5497 τῶν
1142 5445 1447 5513 στημόνων,
1495 5445 1524 5498 ὅ
1586 5449 1682 5516 τῆς
1731 5450 1933 5517 κρόκης

374 5536 724 5606 ἀπήλλακται
743 5536 843 5607 τῆς
868 5536 1175 5606 ἐμπλοκῆς,
1196 5537 1290 5588 καὶ
1316 5536 1411 5605 τῆς
1441 5536 1681 5605 ἀρχῆθεν
1701 5539 1940 5591 ὑποστά-

378 5644 516 5691 σεως
575 5627 771 5698 μηνύει
800 5627 898 5699 τὴν
926 5627 1204 5698 ἐργασίαν.
1240 5646 1258 5679 ι
1281 5626 1560 5697 Χρυσοῦ;›
1604 5628 1659 5681 δέ
1686 5645 1818 5699 φησι
1846 5627 1939 5681 καὶ

449 5810 494 5841 ⁸⁸
523 5806 657 5864 Luc.
692 5823 765 5875 vr,
796 5805 850 5862 6.
928 5806 972 5838 ⁸⁸
1002 5804 1143 5862 l’sal.
1172 5818 1318 5870 xuv,
1350 5804 1438 5859 l4.

2113 4718 2275 4774 Vens.
2306 4719 2363 4772 4.
2403 4734 2422 4768 ι
2459 4715 2564 4770 Sed
2604 4714 2697 4785 qui
2726 4708 3078 4769 absconditus
3092 4715 3173 4762 cst
3202 4705 3382 4761 cordis
3419 4705 3605 4769 homo,

2039 4812 2094 4867 in
2134 4810 2647 4881 incorruptibilitate
2704 4808 2875 4877 quieti
2898 4813 2954 4860 et
2987 4801 3211 4857 modesti
3238 4801 3485 4869 spiritus,
3512 4800 3605 4867 qui

2039 4910 2124 4958 est
2161 4903 2216 4957 in
2266 4909 2560 4970 conspectu
2622 4899 2715 4954 Dei
2766 4897 3013 4966 locnplex
3061 4913 3080 4945 ι
3122 4891 3258 4946 Nam
3326 4908 3345 4941 ι
3412 4888 3605 4944 Omnis

2037 4995 2211 5068 gloria
2243 4993 2368 5048 ﬁliae
2420 4992 2565 5062 regis
2612 4991 2679 5044 ab
2737 4989 2993 5051 intus,‘in
3031 4983 3261 5039 ﬁmbriis
3291 4980 3605 5034 θυι-εἰδεῖτ-

2038 5087 2362 5143 cumamicta
2391 5084 2744 5137 varietatibus
2761 5081 2838 5133 “:
2880 5098 2898 5131 ι
2937 5077 3096 5148 361
3119 5075 3327 5131 scilicet
3350 5071 3607 5126 interiore

2040 5189 2224 5232 nostra
2258 5175 2562 5239 atl‘ectione,
2587 5181 2642 5228 et
2692 5172 2962 5227 exteriore
3010 5167 3405 5237 compositione
3433 5162 3608 5215 amico

2039 5264 2503 5333 conspirantibus.
2550 5259 2786 5331 Fimbria
2830 5257 2974 5311 enim
3007 5265 3093 5309 est
3138 5251 3454 5309 extremitas
3487 5248 3608 5303 telae

2043 5357 2126 5412 vel
2163 5356 2346 5426 panni,
2396 5353 2485 5407 ubi
2542 5353 2751 5406 stamen
2806 5363 2930 5402 eum
2969 5344 3306 5416 subtegmine
3361 5355 3473 5396 non
3520 5348 3608 5394 est

2044 5450 2380 5519 implexum:
2420 5458 2590 5515 quare
2628 5441 2698 5496 ab
2726 5440 2884 5496 initio
2935 5436 3174 5507 ostendit
3206 5433 3376 5490 totius
3426 5430 3607 5502 aperis

2046 5539 2432 5595 substantiam.
2481 5553 2500 5587 ι
2538 5534 2748 5588 Aureus
2780 5550 2800 5583 ι
2837 5539 3020 5585 autem
3052 5527 3186 5583 dicit
3221 5543 3241 5579 ι
3280 5523 3543 5587 ﬁmbrias,
3582 5537 3601 5571 ι

2047 5625 2174 5695 quia
2207 5624 2260 5679 id
2305 5625 2493 5687 etiam,
2543 5620 2691 5697 quod
2723 5634 2789 5675 ex
2836 5621 2984 5673 intus
3030 5617 3232 5673 latente
3280 5612 3519 5668 exterius
3548 5622 3608 5664 se
