4010 6542
565 420 698 482 ἷέὶὶἹ

1458 415 2053 480 "'I‘llEOl‘llYLACTI
2105 418 2508 480 BUI.GARI.E
2544 419 2892 481 meumr.

3697 421 3821 485 122$

563 539 681 592 dies
707 533 892 606 videre
921 532 1116 596 bonos,
1145 543 1391 585 Coert‘cat
1422 531 1664 603 linguam
1714 547 1867 586 suam
1904 546 1931 583 a
1965 531 2130 594 tnalo,

2239 529 2469 597 ἀγαθὰς,
2504 532 2768 585 παυσάτω
2811 531 2906 602 τὴν
2962 532 3212 600 γλῶσσαν
3240 533 3404 586 αὑτοῦ
3450 535 3558 588 ἀπ’)
3623 540 3816 598 κακοῦ,

557 640 611 684 et
633 628 774 683 labia
810 625 930 696 ejus
964 641 1032 679 ne
1065 625 1361 696 loquamur
1387 626 1596 679 dolum.
1633 625 1876 679 Drclinet
1906 640 1935 677 a
1968 625 2132 688 malo,

557 735 608 778 et
633 723 794 776 faciat
815 720 1014 773 bonum
1044 735 1056 771 :
1085 717 1330 787 inquirat
1360 725 1640 787 parum,“
1671 725 1935 785 sequatur
1955 730 2130 768 eam.»

562 815 627 869 Ut
659 826 932 867 summunt
973 809 1320 866 eertitudinis
1354 808 1583 879 gradum
1617 807 1978 862 admonitioni
2020 820 2134 860 suae

557 903 834 967 conciliet,
856 917 976 956 eam
1002 899 1224 954 Davidis
1249 899 1582 954 auctoritate
1611 899 1921 963 confirmat,
1949 896 2134 951 et.ait:

562 1017 577 1047 ι
610 996 711 1064 Qui
738 995 882 1050 enim
907 993 1022 1048 vult
1054 993 1220 1046 vitam
1256 992 1484 1063 diligere
1519 1009 1533 1045 ι
1574 1010 1592 1044 ι
1633 991 1736 1046 hoc
1761 1000 1867 1052 est,
1893 990 1985 1060 qui
2017 1003 2138 1045 sese

525 1085 622 1140 'ad
656 1100 840 1141 veram
876 1085 1044 1138 vitam
1073 1085 1357 1148 reformat,
1387 1098 1620 1154 eamque
1674 1081 1961 1138 amabilem
2011 1080 2136 1135 red-

557 1182 685 1234 dere
739 1177 923 1233 studet
986 1176 1122 1247 (hoc
1154 1176 1298 1230 enim
1353 1177 1532 1232 innuit
1577 1175 1737 1239 illud,
1807 1194 1825 1226 ι
1889 1173 1992 1240 Qui
2027 1173 2138 1226 vnlt

523 1252 781 1340 'diligere
814 1308 832 1334 ,
907 1288 924 1322 ι
983 1285 1076 1323 seu
1130 1267 1549 1324 desiderabilem
1581 1306 1596 1331 ,
1651 1278 1706 1322 et
1772 1265 2134 1336 expetendam

560 1365 874 1420 hominibus
923 1363 1220 1432 reddere),
1252 1363 1566 1417 firmissime
1623 1362 1724 1416 ista
1765 1368 1966 1424 teneat,
2020 1374 2140 1430 qua:

561 1473 773 1514 mecum
813 1457 1058 1528 suggerit
1093 1455 1449 1527 propheticus
1478 1468 1680 1510 sermo.
1772 1476 1780 1486 -

530 1703 540 1716 _
627 1629 794 1684 Vens.
836 1627 1022 1682 12-15.
1060 1645 1078 1680 ι
1115 1626 1252 1693 Quia
1283 1625 1428 1681 oculi
1484 1624 1693 1680 Domini
1748 1637 1914 1694 super
1940 1621 2137 1694 jnstos,

556 1735 609 1777 et
651 1738 810 1777 aures
854 1721 971 1792 ejus
1035 1723 1089 1774 in
1149 1733 1335 1789 preces
1414 1731 1604 1772 eorum
1660 1733 1672 1770 :
1727 1716 1910 1770 vultus
1958 1723 2139 1769 autem

563 1817 773 1874 Domini
837 1830 1004 1886 super
1072 1812 1334 1868 facientes
1397 1810 1560 1865 mala.
1624 1809 1690 1864 Et
1740 1811 1864 1881 quis
1897 1818 2000 1872 est,
2041 1809 2135 1879 qni

2241 626 2334 675 καὶ
2361 623 2510 692 χείλη
2539 623 2702 677 αὑτοῦ
2729 622 2824 676 τοῦ
2861 623 2934 694 μὴ
2969 623 3196 694 λαλῆσαι
3243 625 3415 680 δόλον.
3487 627 3817 683 Ἐκκλινάτω

2242 717 2349 770 ἀπὸ
2377 717 2571 777 κακοῦ,
2623 717 2715 767 καὶ
2755 715 3037 783 ποιησάτω
3067 714 3269 782 ἀγαθόν
3295 732 3308 745 ·
3347 715 3642 785 ζητησάῑω
3669 718 3816 788 εἰρή-

2241 826 2357 874 ναν,
2403 808 2497 860 καὶ
2526 806 2770 869 διωξάτω
2799 807 2992 876 αὐτήν.
3021 825 3037 857 ι
3071 807 3161 870 Εἰς
3193 807 3634 876 ἁπαραλόγιστον
3659 811 3814 878 ὲκφέ·

2243 917 2350 968 ρων
2385 899 2476 952 τὸν
2532 899 2629 967 τῆς
2683 897 2966 962 νουθεσίας
3015 897 3180 950 αὑτοῦ
3222 898 3400 966 λόγον,
3429 898 3527 952 καὶ
3581 901 3691 953 ἀπὸ
3723 901 3812 953 τοῦ

2239 991 2488 1046 AaV/laxo
2525 992 2712 1045 πιστὸν
2744 990 2893 1061 αὐτῷ
2915 992 3426 1064 προαπορίξει,-καί
3467 1011 3666 1064 φησιν·
3705 1014 3723 1047 ι
3755 995 3811 1049 '0

2240 1083 2348 1152 γὰρ
2387 1082 2555 1135 Θέλων
2587 1082 2731 1152 ζωὴν
2761 1083 3000 1153 ἀγαπᾷν,
3040 1100 3058 1135 ι
3088 1082 3230 1136 τοῦτ’
3271 1082 3439 1146 ἔστιν,
3474 1086 3504 1138 6
3550 1085 3689 1153 πρὸς
3719 1085 3813 1156 τὴν

2239 1173 2409 1236 ὄντως
2447 1173 2595 1244 ζωὴν
2629 1173 3051 1244 μεταστοιχειῶν
3099 1173 3312 1236 ἑαυτὸν,
3355 1174 3463 1227 καὶ
3518 1174 3815 1245 ἐπέραστον

2245 1265 2418 1335 αὐτὴν
2453 1267 2732 1334 ἀποφῆναι
2773 1266 2932 1338 (πρὸς
2953 1264 3114 1319 τοῦτο
3149 1265 3544 1335 γὰρ-ἀπονεύει
3570 1269 3652 1332 τὸ,
3687 1287 3704 1319 ι
3728 1268 3812 1321 θέ-

2201 1415 2204 1419 _
2240 1358 2346 1412 λων
2377 1359 2655 1429 ἀγαπᾷν,ο
2693 1359 2878 1425 οἱονεὶ,
2923 1359 3171 1413 ποθεινὸν
3198 1360 3523 1428 ἀποφαίνειν
3579 1362 3811 1431 περιμά-

2241 1467 2406 1519 χητον
2465 1449 2820 1520 ἀνθρώποις),
2869 1450 3077 1520 ὲχὲσθω
3119 1450 3328 1503 τούτων
3377 1452 3810 1521 ἀνεπιστρόΜ,

2239 1533 2313 1593 ὧν
2336 1540 2428 1594 καὶ
2457 1541 2849 1610 ὁπροφητικδς
2882 1540 3388 1610 λόγοςκσυναίρεταί
3421 1558 3532 1610 μοι.

2322 1651 2340 1684 ι
2385 1632 2508 1684 Ὀτι
2558 1631 2828 1701 ὀφθαλμοὶ
2872 1632 3078 1702 Κυρίου
3107 1632 3198 1684 ἐπὶ
3252 1631 3517 1694 δικαίους.
3557 1631 3651 1683 καὶ
3706 1623 3815 1683 ὦτα

2242 1719 2406 1776 αὑτοῦ
2436 1721 2513 1784 είς
2546 1721 2728 1790 δέησιν
2762 1719 2962 1775 αὐτῶν.
3021 1719 3323 1790 Πρόσωπον
3355 1719 3416 1772 δὲ
3452 1720 3660 1790 Κυρίου
3721 1722 3815 1772 ἐπὶ

2244 1810 2532 1874 ποιοῦντας
2563 1812 2727 1866 κακά.
2779 1811 2887 1866 Καὶ
2913 1810 2993 1875 τίς
3022 1812 3050 1864 6
3080 1811 3350 1865 κακώσων
3378 1811 3543 1881 ὑμᾶς,
3579 1813 3677 1865 ἐὰν
3719 1811 3811 1864 τοῦ

559 1908 712 1964 vobis
741 1914 934 1964 noceat
966 1945 981 1971 ,
1013 1906 1058 1961 si
1099 1905 1224 1962 boni
1259 1903 1609 1960 aemulatores
1663 1902 1919 1958 fueritis?
1952 1902 2056 1956 Sed
2079 1913 2131 1956 et

2239 1901 2442 1971 ἀγαθοῦ
2476 1902 2714 1972 ζηλωταὶ
2747 1901 3024 1973 γένησοε;
3057 1901 3201 1955 Ἀλλ’
3225 1905 3274 1955 εί
3305 1905 3399 1956 καὶ
3417 1879 3686 1973 πάσχοιτε
3731 1903 3816 1955 Eri

529 1991 600 2056 si
636 2000 764 2071 quid
798 1997 1047 2070 patimini
1078 2006 1300 2067 propter
1335 1995 1631 2065 justitiam,
1665 1992 1834 2048 beati.
1857 1991 2132 2047 Timorem

2239 1993 2597 2062 δικαιοσύνην,
2633 1994 2916 2064 μακάριοι.
2943 1993 3047 2046 Τὸν
3075 1993 3130 2047 δὲ
3154 1993 3320 2064 φόϐον
3369 1993 3550 2048 αὐτῶν
3598 1995 3673 2064 μὴ
3723 2013 3802 2063 (ρο

549 2097 736 2144 autem
771 2102 961 2143 eorum
1016 2102 1082 2142 ne
1111 2084 1431 2150 timueritis,
1472 2092 1525 2138 et
1565 2098 1675 2137 non
1704 2082 2130 2138 eonturbemini.

559 2181 846 2236 Dominum
877 2190 1058 2234 autem
1084 2178 1425 2234 sanctificata
1467 2177 1521 2231 in
1551 2176 1811 2232 cordibus
1851 2176 2072 2231 vestris.
2111 2194 2128 2227 ι

560 2270 827 2326 Absoluto
856 2267 1178 2340 prophetico
1202 2264 1427 2321 oraculo
1456 2303 1469 2328 ,
1503 2279 1628 2319 cum
1660 2265 1714 2318 in
1739 2279 1801 2319 eo
1826 2260 2088 2318 habeatur
2119 2282 2131 2316 :

563 2378 579 2409 ι
617 2355 771 2414 Oculi
792 2356 1004 2413 Domini
1032 2354 1420 2427 superjustos,
1457 2373 1474 2405 ›
1512 2363 1565 2409 et
1615 2373 1636 2406 ι
1678 2352 1868 2410 Vultus
1921 2353 2134 2408 Domini

559 2449 725 2516 super
791 2443 1054 2499 facientes
1101 2442 1273 2505 mala,
1305 2460 1323 2494 ι
1388 2440 1622 2496 subdit:
1679 2438 1735 2495 Si
1793 2440 1892 2494 hac
1928 2441 2139 2495 ratione

556 2539 724 2592 vitam
785 2534 1076 2598 duxeritis,
1132 2534 1297 2588 Deum
1350 2531 1678 2587 benevolum
1756 2540 1810 2586 et
1880 2533 2136 2602 precibus

560 2628 752 2682 vestris
807 2627 1197 2695 obsequentem
1241 2621 1531 2678 habebitis.
1595 2622 1738 2678 Tum
1802 2637 1953 2687 vero,
2010 2623 2136 2693 quis

559 2718 756 2772 malum
799 2715 952 2770 vobis
1005 2714 1209 2769 inferre
1267 2714 1484 2783 poterit,
1525 2727 1648 2768 cum
1692 2711 1745 2766 in
1792 2727 1956 2767 manu
2015 2712 2137 2782 ejus

558 2810 667 2864 sint
719 2823 866 2862 mors
895 2815 950 2862 et
993 2805 1145 2862 vita?
1195 2802 1482 2869 Prauerea,
1545 2818 1669 2858 cum
1710 2803 1954 2858 nonnulli
1999 2803 2138 2859 allii-

559 2901 790 2966 etioocs,
830 2914 967 2970 quas
1002 2911 1102 2968 pro
1159 2895 1271 2950 fide
1296 2893 1660 2960 sustinebant,
1697 2901 1956 2964 tanquam
1994 2895 2137 2950 mala

561 2989 810 3060 quatdam
884 2992 1224 3057 reputarent,
1261 2984 1486 3048 Petrus,
1537 2994 1594 3037 nt
1644 2986 1788 3038 hunc
1839 2984 2138 3054 corrigeret

559 3095 822 3143 tITOI’enl,
855 3076 932 3133 Ne
965 3077 1189 3148 putetis,
1238 3077 1334 3139 ait,
1368 3074 1481 3128 hare
1525 3074 1662 3128 mala
1691 3088 1845 3141 esse;
1869 3073 2000 3144 quin
2040 3089 2139 3146 pro

553 3187 757 3244 magna
789 3169 1052 3226 felicitate
1087 3166 1338 3223 habenda
1363 3173 1513 3222 sunt.
1546 3165 1736 3221 Timor
1773 3167 1916 3220 enim
1945 3167 2012 3220 ab
2037 3167 2133 3220 ho-

561 3264 805 3320 minibus
838 3263 1096 3318 incussus
1127 3258 1283 3315 nihili
1335 3257 1613 3324 putandus
1647 3269 1750 3324 est,
1799 3267 1986 3328 utpote
2016 3258 2135 3313 bre-

561 3357 800 3412 vissimae
847 3352 1178 3408 durationis.
1211 3349 1268 3405 Si
1299 3351 1442 3404 enim
1477 3369 1495 3402 ‹
1543 3347 1937 3404 Oculi-Domini
1975 3364 2141 3419 super

560 3452 784 3520 justos,
854 3429 910 3502 et
961 3460 1122 3500 aures
1175 3443 1298 3514 ejus
1352 3443 1408 3498 in
1445 3457 1635 3513 preces
1688 3456 1910 3508 eorum;
1977 3457 2143 3512 super

561 3550 740 3596 autem
804 3540 1066 3595 facientes
1118 3536 1258 3592 mala
1290 3536 1475 3591 vultus
1522 3535 1643 3606 ejus
1707 3555 1725 3588 ι
1766 3537 2139 3592 omnimodunt

543 3625 632 3700 ‘jis
685 3632 966 3689 interitum
997 3629 1371 3693 comminans,
1413 3625 1678 3696 profecto,
1728 3627 1774 3682 si
1824 3627 1940 3683 btec
1996 3627 2138 3682 mala

564 3732 762 3790 forent,
789 3737 1040 3779 summus
1086 3719 1176 3775 ille
1220 3720 1488 3773 bonorum
1520 3717 1890 3788 dispensator,
1938 3734 2144 3788 nequa-

562 3829 724 3886 quam
779 3829 877 3869 nos
911 3813 1002 3884 qui
1036 3814 1212 3884 ipsum
1239 3809 1546 3881 diligimus,
1582 3809 1735 3865 hisee
1782 3810 2138 3866 retribueret:

564 3911 618 3964 in
668 3907 814 3962 solos
869 3906 1013 3960 enim
1065 3903 1235 3958 malos
1277 3902 1420 3956 mala
1477 3901 1745 3956 immittit.
1801 3899 1921 3956 Non
1976 3901 2144 3973 igitur

567 3999 720 4053 malae
776 3995 1063 4052 censenda:
1126 3999 1257 4050 sunt
1312 3991 1633 4046 afflictiones
1667 4030 1683 4056 ,
1735 4006 1865 4061 quze.
1922 3993 2144 4063 pietatis

541 4095 733 4145 'rausa
800 4088 1176 4158 perferuntur.
1213 4101 1230 4135 ι
1266 4082 1616 4138 Sanctificate
1653 4091 1834 4138 autem
1866 4081 2034 4138 Deum
2086 4083 2143 4140 in

567 4179 823 4235 cordibus
859 4176 1058 4233 vestris
1088 4175 1192 4242 ",o
1234 4174 1550 4244 inquitcum
1579 4173 1738 4242 Isaia,
1771 4174 1875 4229 hoc
1899 4183 2015 4231 est:
2065 4173 2144 4232 Ne

543 4271 729 4326 'rebus
757 4267 1145 4340 apparentibus
1196 4265 1360 4337 370
1411 4264 1757 4336 gloriemini,
1811 4267 1913 4322 sed
1956 4267 2012 4322 in
2041 4282 2142 4324 se-

564 4371 714 4418 creto
730 4361 912 4418 cordis
928 4358 1095 4414 vestri
1116 4357 1366 4414 conclavi
1387 4356 1880 4412 sanctificationem
1902 4356 2140 4426 Domini,

563 4471 684 4524 qua:
711 4455 764 4508 in
793 4451 1118 4524 purgatione
1144 4465 1172 4504 a
1195 4449 1447 4514 maculis,
1472 4463 1567 4504 seu
1593 4463 1624 4502 a
1653 4449 1838 4518 pravis
1872 4449 2140 4516 moribus,

2163 3225 2210 3284 ϐ

2233 2086 2436 2156 ὁηοῆτε
2458 2085 2590 2156 μηδὲ
2607 2085 2939 2155 ταραχθῆτε.
2975 2085 3174 2156 Κύριον
3199 2085 3254 2138 δὲ
3279 2085 3370 2137 τδν
3392 2084 3523 2138 Θεὸν
3551 2086 3814 2152 ἁγιάσατε

2236 2179 2439 2241 ἐνλταίς
2470 2177 2714 2246 καρδίαις
2733 2176 2955 2245 ὑμῶν.»
2988 2177 3496 2248 Συμπερανάμενος
3532 2176 3633 2248 τὴν
3681 2194 3815 2246 προ-
3901 2228 3903 2231 .

2237 2270 2470 2339 φητικήν
2501 2269 2718 2340 χρῆσιν,
2752 2269 2874 2321 ἐπεὶ
2901 2271 2959 2322 ὲν
2994 2270 3130 2338 αὐτῇ
3153 2270 3266 2334 τδ,ι
3287 2268 3590 2340 Ὀφθαλμοὶ
3616 2270 3815 2340 Κυρίου

2239 2359 2329 2412 ἐπὶ
2357 2360 2623 2423 διιιαίους,
2653 2377 2669 2410 ι
2712 2360 2983 2427 ἔγκειται,
3015 2360 3113 2413 καὶ
3141 2360 3223 2424 τὸ,
3254 2362 3578 2429 «πρόσωπον
3608 2362 3814 2431 Κυρίου

2236 2447 2328 2500 ἐπὶ
2359 2447 2643 2511 ποιοῦντας
2677 2449 2845 2510 κακὰ,
2871 2467 2890 2499 ι
2925 2447 3136 2509 τούτοις
3181 2449 3455 2518 ἐπιφέρει,
3484 2449 3566 2503 ὅτι
3627 2451 3689 2502 Εἰ
3723 2449 3813 2502 οὖ-

2237 2557 2314 2591 τω
2351 2539 2666 2611 διαϐιῴςτε,
2705 2541 2907 2610 εὐμενῆ
2933 2540 3085 2605 ἕξετε
3111 2541 3202 2593 τὸν
3253 2541 3386 2594 Θεὸν
3415 2542 3510 2594 καὶ
3567 2543 3814 2612 εῠήκοον.

2239 2623 2314 2682 Οὗ
2375 2630 2682 2696 γεγονότος,
2739 2629 2820 2693 τίς
2895 2630 3220 2693 κακωτικῶς
3287 2632 3416 2701 ὑμῖν
3455 2633 3814 2702 navalem};

2242 2721 2426 2774 Πάντα
2472 2721 2580 2791 γὰρ
2631 2723 2687 2776 ἐν
2733 2722 2891 2792 ,χειρὶ
2941 2722 3134 2787 αὐτοῦ,
3190 2722 3434 2787 θάνατκ,
3478 2723 3618 2795 ζωή.
3674 2726 3814 2794 Πλὴν

2240 2811 2424 2882 ἐπειδή
2481 2829 2625 2866 ετισιν
2665 2815 2740 2868 .αί
2769 2815 3138 2885 περιστάσεις,
3187 2815 3254 2869 αι
3309 2815 3398 2868 διὰ
3461 2815 3560 2886 τὴν
3614 2816 3814 2881 πίστιν,

2240 2903 2390 2958 κακὰ
2440 2904 2658 2959 ἐδόκουν
2688 2945 2704 2970 ,
2756 2906 3220 2978 ἐπανορθούμενος
3291 2906 3463 2960 ταῦτα
3527 2907 3558 2959 6
3615 2909 3818 2978 Πέτρος

2241 2999 2406 3068 φησί·
2433 2998 2528 3070 Μὴ
2556 2997 2843 3066 λογίζετοε
2874 2999 3050 3054 ταῦτα
3078 3000 3244 3062 κακὰ,
3277 3001 3325 3052 εί
3350 3001 3426 3070 μὴ
3457 3000 3555 3054 καὶ
3579 3017 3816 3070 μακαρι-

2245 3089 2384 3162 σμοῦ
2421 3089 2569 3154 ἀξια.
2629 3091 2691 3144 30
2764 3093 2871 3162 γὰρ
2914 3092 2975 3156 ἐξ
3033 3092 3334 3163 ἀνθρώπων
3391 3091 3553 3160 φόϐος
3610 3092 3818 3154 οὐδενὸς

2242 3181 2402 3250 λόγου
2442 3181 2610 3248 ἄξιος,
2641 3181 2756 3235 ἀλλ’
2792 3183 3090 3253 ἐφήμερος.
3124 3183 3184 3237 Et
3214 3184 3366 3255 γὰρ-ι
3399 3182 3677 3254 ὀφθαλμοὶ
3709 3184 3813 3237 Κυ-

2244 3272 2359 3344 ρίου
2393 3273 2486 3324 tut
2515 3272 2778 3337 δικαίους,
2812 3274 2908 3328 καὶ
2938 3267 3052 3328 ὦτα
3073 3273 3238 3329 αὐτοῦ
3264 3277 3341 3338 είς
3359 3275 3550 3344 δέησιν
3595 3277 3776 3330 αὐτῶν
3797 3293 3811 3307 ·

2240 3364 2332 3419 ἐπὶ
2361 3363 2416 3418 δὲ
2443 3364 2568 3427 τοὺς
2603 3364 2892 3428 ποιοῦντας
2948 3364 3094 3419 κακά
3127 3366 3186 3419 τὸ
3237 3366 3529 3437 πρόσωπον
3577 3365 3764 3431 αὑτοῦ,
3791 3385 3810 3418 ι

2241 3455 2517 3511 ἀπώλειαν
2546 3457 2876 3510 ὲπαπειλοῦν
2923 3461 3036 3521 τοῖς
3063 3458 3252 3521 κακοῖς
3277 3475 3290 3488 ·
3324 3459 3542 3520 πάντως
3579 3459 3628 3511 εί
3673 3459 3812 3513 κακὰ

2213 3549 2440 3620 ταῦτα,
2483 3549 2584 3601 οὐκ
2640 3547 2707 3602 ἂν
2756 3549 2785 3602 6
2830 3548 2939 3602 τῶν
2980 3549 3199 3618 ἀγαθῶν
3247 3549 3454 3620 ταμίας
3502 3551 3650 3620 ἡμᾶς
3694 3551 3812 3612 τοὺς

2241 3639 2640 3709 ἁγαπωμένους
2666 3639 2816 3709 αὖτῴ
2838 3641 3029 3701 κακοῖς
3061 3641 3443 3711 ἀντημείϐετο.
3472 3641 3555 3696 Τὰ
3579 3646 3688 3710 γὰρ
3715 3659 3814 3698 κα.

2237 3734 2315 3785 κὰ
2342 3735 2454 3795 τοῖς
2482 3733 2676 3796 κακοῖς
2715 3733 3089 3804 καταπέμπει.
3133 3735 3396 3790 Ὥστε.οὑ
3455 3735 3628 3788 κακαὶ
3650 3735 3704 3787 ai
3729 3734 3812 3790 διὰ

2242 3823 2340 3892 τὴν
2363 3823 2647 3876 εὐσέϐειαν
2681 3823 2908 3893 ολίψεις.
2952 3846 2969 3878 ι
2993 3825 3271 3895 Ἀγιάζειν
3289 3828 3348 3884 δὲ
3377 3827 3470 3883 τὺν
3509 3829 3710 3898 Κύριον
3758 3831 3810 3881 ἐν

2243 3915 2364 3976 ταῖς
2399 3913 2650 3984 καρδίαις
2676 3933 2694 3964 ι
2738 3916 2873 3985 μετά
2915 3915 3140 3971 Ἠσαῖου
3187 3920 3648 3990 παρακελεύεταν
3675 3919 3811 3972 τοῦτ’

2241 4002 2378 4070 ἔστι,
2410 4004 2502 4074 Μὴ
2535 4007 2646 4067 τοῖς
2666 4006 3009 4075 φαινομένοις
3039 4008 3491 4080 μεγαλαυχεῖσθε,
3513 4011 3628 4064 ἀλλ’
3658 4012 3716 4064 ἐν
3738 4010 3810 4081 τῷ

2245 4092 2528 4168 [κρυπτῷ]
2571 4096 2671 4166 τῆς
2728 4097 2954 4169 καρδίας
2999 4103 3232 4172 ταμιείῳ
3257 4101 3410 4172 ὑμῶν
3443 4103 3807 4174 τὺνὰγιασρὸν

2243 4183 2636 4255 ἑνεργήσαντες
2689 4186 2784 4240 τοῦ
2839 4188 3072 4259 Κυρίου,
3105 4189 3166 4254 ὃς
3193 4193 3250 4243 ὲν
3280 4190 3490 4262 «pars
3551 4193 3658 4245 τῶν
3689 4210 3806 4262 μια·

2241 4273 2492 4343 σμάτων,
2529 4275 2647 4345 ἦτοι
2682 4275 2792 4328 τῶν
2841 4278 3094 4349 πονηρῶν
3139 4279 3278 4333 ἐθῶν
3302 4321 3318 4348 ,
3379 4281 3672 4353 ἀφορισμῷ
3709 4283 3803 4334 τῶν

2239 4365 2413 4420 ἐθνῶν
2443 4367 2804 4436 περιγίνεται,
2830 4369 3000 4433 οὕτως
3024 4371 3184 4424 αὑτὸν
3210 4389 3229 4422 ι
3260 4374 3548 4440 ἁγιάσατε.
3579 4393 3596 4427 ι
3631 4375 3802 4442 Ἀγιᾱιρ

2245 4456 2399 4519 (sui
2427 4458 2483 4510 δὲ
2513 4457 2602 4512 διὰ
2632 4462 2728 4528 τῆς
2756 4460 2927 4530 καλῆς
2959 4462 3114 4531 ὑμῶν
3144 4463 3520 4536 ἀναστροφῆς,
3565 4465 3800 4531 δοξαζόν·

565 4549 842 4614 consistit,
878 4545 1253 4609 elaborantes,
1310 4545 1384 4598 ita
1419 4545 1596 4614 ipsum
1634 4563 1652 4596 ι
1695 4545 2078 4601 sanetiflcate:
2115 4563 2136 4598 ι

2244 4561 2354 4597 των
2384 4545 2547 4598 αὐτὸν
2585 4547 2694 4600 τῶν
2733 4546 2911 4602 ἄλλων
2972 4550 3298 4620 ἀνθρώπων,
3331 4553 3407 4617 ὡς
3439 4555 3534 4609 καὶ
3587 4556 3743 4618 αὐτὸς
3781 4555 3807 4607 6

565 4642 794 4705 scilicet,
826 4639 964 4694 bona
994 4635 1410 4692 conversatione
1440 4643 1620 4690 vestra
1649 4634 1867 4701 efﬁcite,
1909 4644 1988 4704 ut,
2016 4635 2139 4707 qui-

551 4738 784 4802 'runque
802 4746 896 4785 vos
921 4727 1183 4794 viderint,
1207 4741 1332 4782 eum
1363 4725 1675 4796 gloriﬁcent
1699 4744 1711 4780 :
1745 4726 1889 4798 quod
1915 4737 1970 4784 et
2002 4727 2140 4783 divi-

549 4823 669 4879 ~nus
693 4819 948 4891 Magister
981 4817 1248 4890 prtecipit,
1271 4817 1400 4871 dum
1425 4815 1500 4872 ait
1527 4817 1574 4850 “
1603 4833 1618 4869 :
1656 4835 1676 4869 ι
1713 4816 1918 4873 Luceat
1954 4827 2009 4875 et
2047 4819 2140 4875 lux

566 4924 744 4968 vestra
773 4926 957 4967 coram
995 4908 1332 4976 hominibus,
1366 4917 1427 4962 ut
1473 4907 1696 4964 videant
1743 4924 1905 4981 opera
1957 4921 2138 4968 vestra

565 5009 729 5070 b0tta,
766 5023 786 5056 ι
819 5015 924 5060 etc.

637 5096 806 5151 Vens.
842 5095 928 5160 15,
961 5093 1048 5150 Hi.
1083 5113 1102 5146 ι
1141 5087 1323 5149 Parati
1357 5109 1572 5166 semper
1605 5094 1669 5147 ad
1707 5092 2135 5149 satisfactionem

567 5191 714 5246 omni
745 5189 995 5260 poscenti
1023 5203 1121 5244 vos
1157 5189 1427 5243 rationem
1455 5189 1521 5243 de
1550 5203 1612 5242 ea
1645 5202 1764 5256 qua:
1794 5186 1848 5242 in
1875 5187 2029 5242 vobis
2054 5196 2140 5241 est

567 5298 682 5352 spe.
734 5279 839 5334 Sed
886 5295 1008 5335 cum
1063 5278 1326 5334 modestia
1373 5289 1426 5332 et
1491 5278 1690 5331 timore
1745 5277 2135 5332 conscientiam

539 5375 830 5432 tabentes
883 5372 1080 5426 bonam
1115 5388 1128 5423 :
1162 5380 1220 5424 ut
1248 5371 1302 5426 in
1339 5385 1404 5425 eo
1437 5371 1583 5440 quod
1621 5369 1920 5425 detrahunt
1957 5371 2136 5439 vobis,

567 5464 998 5528 confundantur,
1028 5463 1119 5532 qui
1154 5461 1562 5516 calumniantur
1586 5472 1819 5515 vestram
1857 5461 2050 5515 bonam
2083 5461 2134 5514 in

566 5549 1300 5610 Christoconversationem.
1345 5568 1364 5628 ρ
1399 5549 1533 5605 Illud
1571 5569 1587 5601 ι
1613 5548 1791 5604 Parati
1821 5551 1886 5604 ad
1917 5548 2137 5604 satisfa-

569 5646 826 5701 ctionem.
864 5664 880 5698 ν
915 5655 1020 5701 etc.
1076 5660 1200 5700 cum
1243 5657 1330 5708 eo,
1366 5660 1384 5692 ι
1439 5650 1492 5697 et
1520 5642 1712 5697 timore
1740 5641 2133 5697 conscientiam

654 5828 696 5864 ⁸¹
733 5828 836 5883 lsa.
861 5841 972 5893 vui,
1002 5823 1085 5878 l5.
1177 5823 1221 5853 ”
1245 5820 1433 5877 Kattb.
1461 5835 1514 5886 τ’,
1547 5819 1635 5874 16.

2243 4636 2606 4708 Θεάνορωπος
2629 4639 3000 4710 παραγγέλλει
3025 4658 3040 4673 ·
3077 4660 3099 4693 ι
3136 4641 3292 4696 οὕτω
3317 4644 3588 4715 λαμψάτω
3617 4646 3676 4698 τὸ
3701 4645 3807 4715 φῶς

2244 4728 2400 4797 ὑμῶν
2429 4727 2740 4800 ἔμπροσθεν
2769 4733 2876 4786 τῶν
2901 4733 3226 4805 ἀνθρώπιον,
3259 4736 3403 4801 ὅπως
3433 4737 3585 4794 ἴδωσι
3616 4736 3684 4792 τὰ
3717 4754 3808 4791 καο

2241 4821 2309 4877 λὰ
2353 4821 2505 4892 ὑμῶν
2534 4820 2692 4892 ἔργα.
2707 4841 2725 4874 ι

2322 5096 2509 5150 ι”Ετοι
2517 5113 2607 5167 μοι
2623 5097 2679 5154 δὲ
2703 5097 2792 5151 ἀεὶ
2811 5099 2947 5169 πρὸς
2974 5102 3274 5172 ἀπολογίαν
3298 5108 3462 5160 παντὶ
3485 5107 3814 5178 τῷαίτοῦντι

2221 5185 2392 5257 ’ὑμᾶς
2431 5188 2589 5258 λόγον
2629 5190 2890 5262 περὶτῆς
2945 5193 3004 5246 ὲν
3033 5193 3161 5265 ὑμῖν
3200 5198 3436 5268 ἐλπίδος,
3500 5202 3636 5256 ἀλλὰ
3685 5203 3815 5273 μετὰ

2242 5279 2554 5349 πραΰτητος
2587 5281 2681 5335 καὶ
2716 5281 2883 5349 φόὅου
2946 5285 3252 5356 συνείδησιν
3313 5290 3527 5359 ἔχοντες
3565 5293 3776 5363 ἀγαθήν
3798 5308 3814 5324 ·

2243 5372 2329 5424 ἵνα
2355 5375 2412 5423 ἐν
2444 5363 2488 5438 ᾧ
2517 5371 2888 5427 καταλαλῶσιν
2920 5376 3074 5446 ὑμῶν
3117 5378 3193 5443 ὡς
3234 5385 3564 5447 κακοποιῶν,
3630 5403 3817 5438 καται-

2247 5459 2650 5529 σχυνθῶσινόἱ
2701 5462 3103 5532 ἐπηρεάζοντες
3157 5467 3311 5537 ὑμῶν
3361 5469 3464 5541 τὴν
3498 5472 3708 5542 ἀγαθὴν
3759 5475 3814 5523 ἐν

2245 5552 2463 5622 Χριστῷ
2499 5553 2865 5624 ἀναστροφήν.
2905 5573 2924 5606 ι
2960 5556 3038 5632 Τὸ¹
3072 5558 3152 5621 δὲ,
3182 5559 3464 5632 «Ἐτοιμοι
3499 5563 3636 5633 πρὸς
3685 5565 3815 5616 ἀπο·

2246 5645 2483 5713 >.ογίαν,ι
2513 5646 2694 5700 καὶτά
2731 5647 2879 5716 ἑξῆς,
2933 5654 3070 5718 μετὰ
3099 5652 3191 5705 καὶ
3229 5651 3325 5706 τοῦ
3369 5654 3569 5724 πρᾶξιν
3622 5651 3813 5708 ἐπιδεί-
