4010 6560
334 387 466 453 1%?

1135 388 1537 456 EXPOSITIO
1571 392 1926 456 IN'EPIST.
1952 397 1980 456 Ι
2009 396 2072 458 S.
2100 396 2353 459 PETRI.
2392 419 2456 433 ι-
2483 398 2646 459 CW;
2677 396 2773 459 [VI

3440 397 3572 456 1233

330 494 390 546 ὲν
419 495 485 566 τῇ
516 491 661 563 ίσχύῖ
692 492 857 547 αὐτοῦ
876 511 903 525 ··
929 512 947 546 ι
979 495 1072 548 καὶ
1099 497 1155 549 ἐν
1180 497 1281 568 τῷ.
1320 517 1338 549 ι
1368 498 1624 569 Ἔτοιμος
1658 500 1686 552 ό
1714 497 1929 567 θρόνος,

2012 502 2281 570 signiﬁcat
2314 504 2425 558 hoc
2449 504 2566 557 loco
2600 522 2616 554 ι
2652 511 2901 572 paratum
2931 520 2947 554 ι
2986 517 3131 558 esse.
3194 500 3564 568 Quemadmo-

334 598 454 638 σου.
485 602 504 636 t
542 584 634 655 Τῷ
668 584 761 638 οὖν
795 585 1030 658 κρίνοντι
1068 586 1277 652 ζῶντας
1314 589 1410 643 καὶ
1438 591 1662 660 νεκροὺς
1690 590 1894 657 ἀμετα-

334 674 508 739 θέτως
530 677 622 730 καὶ
650 676 883 746 βεὸαίως
919 697 938 731 ι
974 678 1386 750 δὼσουσιολόγον
1418 700 1436 734 ι
1463 683 1513 735 οί
1547 681 1900 752 χλευάζοντες

331 766 499 837 ὑμᾶς.
530 768 656 834 Πῶς
685 769 743 822 δὲ
792 769 1011 835 ζώντων
1063 771 1301 847 [κριτὴς]
1352 775 1442 828 καὶ
1488 772 1716 844 νεκρῶν,
1776 768 1903 839 ἑξῆς

329 857 563 929 δηλώσει
595 861 624 914 ό
662 862 837 915 ταῦτα
866 862 1118 934 γράφων.
1190 928 1193 933 ι

2003 591 2213 646 dum-ct
2242 607 2364 646 cum
2393 592 2593 648 dicitur
2625 592 2665 624 “
2699 612 2710 648 :
2750 612 2769 644 ι
2801 591 3117 665 Praeparatis
3136 597 3349 646 montes
3376 589 3431 642 in
3465 590 3571 642 \‘ir-

2009 690 2121 734 tute
2148 697 2268 736 sua.
2315 702 2333 735 ι
2374 682 2496 737 Et“
2531 702 2544 738 :
2596 703 2613 735 ι
2647 680 2842 739 Parata
2897 683 3055 739 sedes
3091 690 3204 737 tua.
3238 699 3256 734 ι
3294 679 3352 735 Ei
3388 680 3572 750 igitur.

2011 772 2102 839 qui
2136 774 2291 827 firma
2343 784 2395 830 et
2427 775 2751 831 immutabili
2776 775 3049 832 sententia
3075 773 3229 828 vivos
3251 779 3305 831 et
3331 776 3573 825 mortuos

2015 861 2356 930 iudicaturus
2413 876 2517 928 est,
2577 866 2892 937 quicunque
2946 864 3051 923 'vos
3101 878 3247 919 nunc
3300 859 3568 942 irrident,

333 962 400 1004 ac
447 948 685 1006 ludibrio
746 952 971 1021 habent,
1030 973 1049 1007 ι
1091 954 1359 1013 rationem
1441 956 1689 1013 reddent.
1733 972 1751 1007 ι
1797 952 1933 1020 ροσε
1990 964 2121 1007 vero
2212 955 2424 1011 ratione
2483 956 2778 1011 viventium
2870 963 2924 1011 et
2997 956 3336 1009 mortuorum
3392 938 3555 1020 indeii

329 1042 421 1108 sit,
448 1042 708 1119 deinceps
738 1045 985 1102 declarat
1020 1049 1135 1104 haec
1160 1050 1431 1106 scribens.
1468 1044 1477 1051 ’

409 1151 431 1187 ι
463 1133 528 1188 Οἳ
564 1134 908 1194 ἀποδώσουσι
945 1138 1105 1209 λόγον
1130 1141 1462 1213 τῷἐτοίμως
1493 1142 1665 1214 ἔχοντι
1714 1142 1900 1212 κρῧιαι

330 1222 542 1291 ζῶντας
576 1227 672 1280 καὶ
701 1233 950 1301 νεκρούς.
986 1250 1006 1285 ι
1063 1231 1138 1285 Τδ
1187 1233 1338 1305 ἑξῆς,
1369 1234 1540 1297 οὕτως
1565 1250 1578 1265 ·
1634 1227 1795 1288 θῦτοι
1849 1232 1899 1287 oi

331 1316 789 1391 βλασφημοῦντες
835 1322 982 1392 ὑμᾶς
1020 1340 1042 1376 ι
1070 1323 1303 1379 δώσουσι
1372 1325 1529 1395 λόγον
1556 1325 1635 1396 τῷ
1689 1324 1896 1387 πάντας
1934 1334 1957 1355 ⁴

328 1410 603 1479 κρινοῦντι
630 1410 839 1478 ζῶντας
868 1416 962 1469 καὶ
990 1415 1237 1488 νεκρούς.
1276 1436 1296 1470 ι
1338 1418 1626 1489 Κρίνονται
1652 1417 1759 1491 γὰρ
1803 1417 1899 1470 καὶ⁵

329 1501 535 1570 νεκροὶ,
569 1502 664 1556 καὶ
688 1502 852 1573 ¹δῆλον
879 1505 989 1561 ἀπὸ
1018 1505 1115 1561 τοῦ
1135 1508 1343 1579 Κυρίου
1366 1507 1463 1578 τῆς
1489 1509 1568 1572 είς
1598 1508 1731 1581 ᾅδην
1759 1524 1900 1578 παρ-

327 1591 537 1656 ουσίας.
563 1595 744 1649 Κάκεῖ
767 1596 876 1669 γὰρ
901 1598 1248 1673 ἐπιδημήσας
1274 1602 1333 1657 ἐν
1353 1600 1430 1672 τῷ
1458 1603 1595 1672 μετὰ
1620 1605 1708 1655 τὸν
1737 1619 1903 1655 σταυ-

333 1681 426 1752 ρδν
471 1681 713 1754 δηλονότι
748 1686 962 1760 θανάτῳ
1006 1690 1171 1745 αὐτοῦ
1210 1690 1544 1765 [ὲκήρυξεν,]
1586 1690 1776 1764 ὥσπερ
1806 1693 1901 1745 καὶ

328 1772 423 1825 ἐπὶ
457 1772 561 1843 τῆς
592 1777 719 1847 γῆς.
765 1778 1031 1852 Ἐκήρυξε
1058 1781 1116 1837 δὲ
1144 1783 1207 1837 οὐ
1230 1782 1392 1854 λόγῳ,
1422 1783 1559 1837 ἀλλὰ
1589 1783 1897 1857 πράγματι.

328 1860 440 1966 iisti.
476 1861 667 1966 disne-9
714 1868 773 1921 ὲν
811 1868 895 1966 rip-
927 1872 1117 1944 κόσμῳ
1144 1873 1605 1966 ⁸παραγενόμενος
1645 1877 1760 1939 τοῖς
1803 1876 1901 1945 μὲν
1931 1902 1992 1966 Β

328 1948 564 2021 ἑτοίμως
615 1952 830 2025 ἔχουσιν
879 1958 1247 2027 ἐπεγνωκέναι
1283 1960 1444 2014 αὐτὸν
1499 1961 1579 2025 είς
1627 1961 1902 2033 δικαίωμα

330 2042 718 2115 παραγέγονε,
772 2048 887 2111 τοῖς
936 2048 993 2103 δι
1044 2051 1375 2121 ἀγνοήσασιν
1422 2054 1505 2116 είς
1549 2053 1919 2124 κατάκριμαν

332 2133 478 2189 οὕτω
507 2138 735 2202 καὶτοῖς
760 2140 820 2192 ἐν
846 2137 970 2213 ᾅδῃ.
1002 2144 1117 2207 τοῖς
1156 2142 1265 2214 μὲνε
1283 2143 1427 2198 κατά
1461 2142 1641 2216 σάρκα
1674 2143 1905 2214 ζήσασιν

331 2227 415 2291 είς
450 2230 624 2301 κρίμα
656 2232 1023 2303 πσραγέγονε,
1073 2235 1187 2298 τοῖς
1221 2234 1280 2289 δὲ
1313 2235 1456 2290 κατὰ
1491 2235 1728 2307 πνεῦμα,
1757 2233 1903 2290 τοῦτ’

332 2318 449 2374 ἔστι
479 2321 622 2375 κατὰ
658 2321 752 2375 τὸν
805 2324 1180 2391 πνευματικὸν
1208 2326 1306 2379 καὶ
1349 2326 1604 2398 ἐνάρετον
1644 2326 1779 2399 βίον,
1824 2328 1905 2391 είς

329 2408 491 2473 δόξαν
540 2410 637 2464 καὶ
669 2411 967 2484 σωτηρίαν.
997 2413 1163 2466 Ὠστε
1196 2414 1295 2468 καὶ
1325 2411 1543 2480 ζώντων
1572 2415 1667 2468 καὶ
1697 2416 1905 2488 νεκρῶν

330 2498 558 2567 δικαίως
593 2502 659 2558 ἂν
696 2504 904 2576 Κριτὴς
934 2505 1163 2575 λέγοιτο.
1204 2505 1440 2572 Ἄλλως.
1478 2507 1927 2581 [ΚΥΡΙΛΛΟΥ.].-

332 2590 582 2666 Νεκρούς
613 2595 848 2652 ἐνταῦθα
871 2598 1027 2652 καλεῖ
1052 2599 1180 2665 τούς
1209 2600 1269 2654 ὲν
1296 2602 1407 2664 τοῖς
1436 2600 1648 2656 ἔθνεσιν
1667 2601 1770 2656 ὐπὸ
1796 2602 1905 2657 τῶν

334 2684 834 2757 κατηριθμημένων
883 2689 1170 2760 ἁμαρτιῶν
1201 2692 1785 2764 νενεκρωμένους,⁷οὐς
1814 2695 1907 2749 καὶ

334 2772 554 2846 εὔχεται
603 2776 634 2830 δ
664 2777 960 2844 ἀπόστολος
985 2782 1421 2854 ἐπιστρέψαντας
1457 2801 1475 2836 ι
1497 2784 1653 2854 λόγον
1676 2804 1695 2838 ι
1727 2785 1907 2858 ἄμεμ-

337 2879 474 2917 πτον
526 2882 548 2918 ι
578 2864 882 2923 ἀποδοῦναι
908 2869 984 2941 τῷ
1010 2872 1242 2943 ἑτοίμως
1279 2872 1457 2945 ἔχοντι
1489 2877 1672 2947 κρῖναι
1700 2875 1907 2942 ζῶντας

338 2955 435 3009 καὶ
464 2959 714 3028 νεκρούς.
744 2978 764 3013 ι
799 2989 868 3002 -
908 2981 926 3015 ι
946 2964 1170 3028 Ζῶντας
1210 2965 1266 3020 δὲ
1295 2967 1392 3022 καὶ
1420 2969 1644 3041 νεκροὺς
1680 2989 1699 3022 ι
1743 2970 1908 3026 πάλιν

247 3088 260 3099 .
339 3045 477 3115 φησὶ
524 3047 651 3110 τοὺς
698 3048 938 3115 δικαίους
971 3052 1067 3106 καὶ
1128 3053 1508 3125 ἁμαρτωλοὺς,
1573 3050 1656 3121 οἷς
1688 3058 1717 3111 ό
1766 3055 1909 3121 θεῖος

336 3136 511 3205 Λόγος
544 3137 891 3212 ἐπιδημήσας
922 3128 1317 3215 εὐηγγελίσατο
1365 3144 1465 3217 τὴν
1506 3145 1619 3201 τῶν
1661 3147 1909 3219 οὐρανῶν

2084 1131 2250 1191 Vsus.
2277 1134 2329 1190 5.
2365 1153 2383 1187 ι
2421 1136 2524 1203 Qui
2559 1136 2788 1193 reddent
2811 1136 3080 1191 rationem
3110 1120 3182 1200 ei,
3208 1133 3299 1204 qui
3352 1136 3572 1202 paratus

2006 1234 2092 1280 est
2142 1225 2397 1296 judicare
2431 1227 2585 1283 vivos
2647 1236 2702 1282 et
2756 1238 3077 1284 mortuos.)
3118 1228 3325 1281 Sensus
3357 1232 3477 1280 est:
3511 1222 3572 1289 li,

2017 1315 2111 1386 qui
2138 1332 2234 1373 vos
2267 1318 2537 1374 conviciis
2595 1318 2937 1375 insectantur
2975 1338 2994 1371 ι
3039 1316 3309 1374 rationem
3345 1315 3576 1371 reddent

2001 1406 2074 1473 ei,
2106 1406 2197 1478 qui
2233 1409 2385 1465 vivos
2438 1417 2494 1465 et
2536 1417 2783 1466 mortuos
2831 1409 3124 1482 iudicabit.
3156 1418 3185 1462 “›
3250 1406 3575 1464 Judicantur

2004 1497 2149 1552 enim
2176 1499 2338 1554 etiam
2368 1499 2591 1568 mortui,
2630 1510 2690 1556 ut
2727 1516 2793 1556 ex
2832 1501 3045 1556 Domini
3100 1500 3166 1555 ad
3215 1498 3418 1554 inferos
3482 1496 3575 1552 dc-

2004 1603 2204 1645 scensu
2236 1600 2405 1661 patet.
2431 1590 2562 1647 Illuc
2584 1592 2730 1648 enim
2752 1601 2876 1664 post
2907 1602 3136 1648 mortem
3168 1604 3326 1647 suam
3389 1587 3573 1659 profe-
3654 1644 3665 1653 ,

2003 1689 2126 1736 ctns
2161 1681 2295 1751 ipse,
2313 1697 2422 1737 non
2455 1697 2615 1740 secus
2662 1680 2732 1740 ac
2766 1699 2932 1754 supra
2965 1694 3161 1740 terram
3186 1682 3404 1746 fecerat,
3433 1693 3574 1750 prae-

2006 1772 2225 1827 dicavit.
2255 1772 2582 1830 Praedicavit
2606 1784 2787 1830 autem
2814 1764 2923 1830 non
2957 1789 3230 1841 sermone,
3263 1770 3356 1829 sed
3389 1785 3573 1843 opere.

1998 1861 2478 1944 Quemadmodum
2516 1881 2669 1933 vero,
2714 1881 2836 1922 cum
2870 1865 2924 1921 in
2983 1865 3188 1920 mundo
3242 1869 3574 1927 versaretur,

2006 1952 2128 2023 ejus
2161 1955 2503 2022 praedicatio,
2538 1955 2606 2010 iis
2635 1954 2853 2026 quidem
2892 1955 2987 2029 qui
3057 1954 3127 2010 ad
3179 1954 3357 2025 ipsum
3411 1966 3579 2023 agno-

2005 2039 2269 2098 scendum
2306 2043 2609 2115 comparati
2644 2051 2832 2110 erant,
2880 2044 2936 2100 in
2987 2041 3431 2114 justiﬁeationem
3463 2079 3480 2104 ,
3507 2038 3574 2094 iis

2007 2148 2139 2190 vero
2166 2134 2261 2201 qui
2291 2134 2472 2206 ipsum
2507 2149 2807 2206 agnoscere
2865 2134 3192 2201 noluerunt,
3221 2133 3277 2189 in
3313 2130 3575 2189 condem-

2006 2225 2286 2281 nationem
2311 2225 2477 2282 cessit
2495 2243 2523 2294 ζ
2536 2226 2617 2283 sic
2644 2235 2697 2282 ct
2726 2225 2870 2296 apud
2900 2225 3107 2283 inferos
3134 2224 3368 2283 detentis
3397 2221 3576 2291 conti,-

2004 2315 2130 2387 git:
2187 2315 2271 2373 iis-
2303 2317 2450 2373 enim
2510 2317 2603 2389 qui
2664 2318 2965 2374 secundum
3022 2332 3247 2375 carnem
3303 2317 3574 2379 vixerant,

2001 2407 2293 2478 judicium,
2349 2409 2428 2465 iis
2447 2417 2631 2467 autem
2655 2412 2747 2481 qui
2771 2409 3137 2483 spiritualem,
3172 2426 3269 2468 seu
3327 2415 3574 2466 ornatam

2011 2499 2335 2568 virtutibus,
2390 2502 2560 2556 vitam
2615 2503 2907 2569 duxerant,
2951 2502 3183 2576 gloriam
3247 2510 3301 2558 et
3343 2501 3573 2557 salutem

2008 2591 2213 2645 attulit.
2236 2588 2419 2657 Quare
2436 2589 2611 2647 Iudex
2641 2589 2887 2647 vivorum
2951 2584 3378 2648 ct'mortuorum
3432 2598 3576 2646 recte

2006 2678 2227 2736 dicitur.
2284 2681 2477 2736 Aliter.
2545 2680 2789 2739 Mortuus
2849 2682 2940 2757 hic
2996 2682 3233 2755 appellat
3283 2696 3379 2737 eos
3437 2682 3578 2736 inter

2007 2771 2260 2843 gentiles.
2293 2773 2386 2843 qui
2426 2773 2764 2829 enumeratis
2807 2789 2972 2844 supra
3038 2769 3363 2829 criminibus
3409 2768 3576 2826 occisi

2005 2871 2163 2932 erant
2195 2883 2209 2920 :
2239 2864 2309 2922 de
2356 2866 2555 2936 quibus
2586 2873 2738 2938 optat
2800 2865 3108 2938 apostolus,
3164 2872 3224 2920 ut
3282 2862 3578 2933 aliquando

2007 2957 2260 3014 conversi
2312 2965 2517 3014 rectam
2584 2976 2619 3011 ια
2649 2957 2917 3014 rationem
2983 2956 3211 3013 reddere
3273 2974 3292 3009 ›
3361 2955 3577 3026 possint

2013 3068 2035 3103 ι
2071 3051 2143 3118 ei,
2178 3050 2273 3123 qui
2304 3058 2527 3120 paratus
2555 3057 2638 3105 est
2683 3048 2928 3120 judicare
2958 3049 3111 3106 vivos
3161 3057 3215 3103 et
3245 3054 3512 3103 mortuos.
3556 3065 3572 3097 ι

2010 3160 2039 3195 ι
2077 3141 2261 3205 Vivos,
2302 3159 2335 3194 »ο
2359 3155 2551 3197 rursus
2576 3139 2783 3212 justos,
2810 3158 2833 3194 ι
2889 3148 3134 3195 mortuos
3162 3156 3187 3191 ι
3216 3147 3396 3193 autem
3452 3151 3581 3208 pec-

340 3226 639 3299 βασιλείαν.
674 3230 885 3298 οίτινες
923 3235 1240 3306 ἁμαρτωλοὶ
1276 3236 1701 3309 προσδεξάμενοι
1740 3241 1905 3295 αὐτοῦ

2012 3241 2227 3289 catores
2261 3238 2461 3287 vocat:
2496 3230 2701 3303 quibus
2726 3230 2971 3287 divinum
3010 3228 3245 3286 Verbum
3281 3229 3337 3284 in
3369 3243 3471 3285 suo
3523 3229 3577 3283 in

340 3320 442 3386 τὰς
491 3322 735 3391 ἐντολὰς,
796 3320 1077 3398 κρινοῦσιν
1123 3329 1350 3396 ἑαυτοὺς
1406 3329 1548 3384 κατὰ
1588 3332 1907 3403 ἀνθρώπους

341 3414 505 3483 σαρκί
550 3429 564 3444 ·
597 3414 744 3469 τοῦτ’
793 3417 962 3484 ἐστιν,
1011 3421 1070 3474 ἐν
1105 3419 1184 3490 τῷ
1221 3420 1547 3493 ἀνθρωπίνῳ
1589 3420 1763 3492 τούτῳ
1808 3420 1908 3492 βίῳ

339 3500 441 3566 τὴν
473 3505 682 3562 ἑαυτῶν
712 3507 894 3581 σάρκα
920 3510 1378 3576 καταδικάζουσιν
1408 3513 1464 3565 ὲν
1493 3510 1792 3582 νηστείαις,
1816 3513 1909 3566 καὶ

340 3596 684 3667 χαμευνίαις,
716 3599 809 3652 καὶ
841 3599 1095 3671 δάκρυσι,
1130 3602 1226 3655 καὶ
1252 3605 1319 3674 τῇ
1349 3602 1510 3675 λοιπῇ
1542 3601 1905 3675 κακοπαθείᾳ,

342 3683 436 3739 ἵνα
455 3684 671 3755 ζήσωσι
689 3688 832 3743 κατὰ
860 3687 994 3744 Θεὸν
1019 3690 1404 3761 πνεύματιμτδ
1429 3690 1787 3746 άποστολικδν
1819 3691 1910 3745 λό-

342 3790 465 3844 γιον
495 3774 892 3847 ἐνθυμούμενοι
916 3770 976 3833 te
999 3780 1207 3849 φάσκον
1228 3797 1241 3810 ·
1274 3798 1299 3834 ε
1329 3781 1392 3836 El
1434 3783 1530 3836 καὶ
1555 3784 1584 3836 ὁ
1616 3781 1722 3850 ἔξω
1750 3781 1913 3853 ἡμῶν

345 3865 634 3937 ἄνθρωπος
664 3865 963 3939 φθείρεται,
990 3870 1104 3926 ἀλλ’
1133 3871 1162 3926 δ
1184 3871 1291 3927 ἔσω
1314 3871 1701 3930 ἀνακαινοῦται
1725 3872 1911 3947 ἡμέρᾳ

341 3960 409 4030 τῇ
438 3959 640 4032 ἡμέρᾳ.
662 3979 689 4012 ι

422 4254 443 4287 ι
481 4234 576 4300 Εἰς
620 4236 781 4293 τοῦτο
819 4240 928 4312 γὰρ
972 4241 1069 4295 καὶ
1115 4244 1330 4314 νεκροῖς
1370 4244 1757 4316 εὐηγγελίσθη.
1796 4264 1819 4297 ι
1850 4246 1918 4301 Θὲ

349 4329 451 4399 μὲν
476 4328 695 4383 παλαιοὶ
725 4330 1123 4406 τῶνιῐατέρων
1152 4332 1310 4389 τοῦτο
1334 4335 1415 4403 τὸ,
1455 4354 1473 4387 ι
1498 4335 1730 4408 Νεκροῖς
1749 4336 1915 4411 εὐηγ-

347 4421 598 4493 γελίσθη,
628 4443 647 4475 ι
687 4423 762 4488 ὡς
802 4426 1110 4499 περικοπὴν
1148 4426 1502 4500 ἐξηγήσαντο,
1547 4420 1700 4483 οὐδὲν
1748 4446 1909 4501 φρονο

345 4512 597 4577 τίσαντες
627 4514 724 4584 τῆς
765 4516 1049 4587 συνεχείας
1089 4517 1199 4572 τῶν
1241 4516 1377 4585 ἄνω,
1419 4518 1528 4573 οὐδ’
1555 4518 1640 4574 ὅτι
1681 4519 1912 4574 αἰτιολο-

2018 3327 2164 3379 huno
2195 3324 2457 3379 mundum
2485 3326 2718 3378 adventu
2764 3322 3157 3394 evangeliaarit
3188 3336 3411 3392 regnum
3469 3335 3554 3387 cce

2015 3412 2217 3469 lorum.
2266 3412 2333 3467 Et
2361 3411 2581 3483 quidem
2640 3419 2958 3481 peccatores
3003 3408 3095 3482 qui
3148 3412 3273 3481 ejus
3329 3408 3582 3464 mandata

2016 3507 2245 3577 amplexi
2276 3504 2706 3577 sunt,judicant
2758 3506 3081 3575 semetipsos
3130 3504 3284 3559 velut
3335 3500 3583 3558 homines

2021 3618 2039 3650 ι
2071 3612 2260 3665 carne,
2306 3618 2325 3651 ι
2367 3599 2470 3653 hoc
2500 3603 2607 3663 est,
2638 3597 2742 3652 hac
2766 3596 2820 3650 in
2863 3595 2972 3649 vita
3001 3610 3223 3650 carnem
3259 3610 3414 3650 suam
3454 3610 3585 3649 con-

2015 3689 2296 3756 demnant,
2327 3688 2490 3760 375
2521 3699 2574 3745 et
2595 3686 2853 3759 ieiuniis,
2881 3686 3277 3753 humistcrniis,
3304 3686 3582 3758 lacrymis,

2017 3782 2249 3852 aliisque
2318 3780 2759 3835 aillictationibus
2815 3779 3106 3848 castigant,
3170 3786 3228 3832 ut
3290 3778 3583 3834 vivantsc-

1992 3864 2253 3933 cundum
2285 3876 2456 3931 Deum
2495 3874 2715 3946 spiritu,
2762 3888 3034 3929 memores
3071 3872 3384 3944 apostolica:
3441 3869 3585 3925 illius

2017 3967 2298 4025 sententiae
2323 3967 2371 4000 ⁸⁸
2406 3983 2423 4022 :
2462 3985 2481 4017 ‹
2517 3965 2665 4021 Licet
2689 3965 2756 4029 is,
2784 3964 2876 4035 qui
2918 3962 3050 4019 foris
3073 3971 3177 4030 est,
3210 3972 3392 4017 noster
3424 3961 3586 4015 homo

2014 4066 2427 4130 corrumpatur,
2478 4065 2660 4114 tamen
2718 4061 2764 4116 is
2807 4056 2898 4128 qui
2931 4056 3079 4112 intus
3133 4064 3235 4120 est,
3290 4052 3587 4109 renovatur

2019 4154 2086 4206 de
2114 4153 2200 4206 die
2233 4153 2287 4206 in
2319 4151 2542 4205 diem.»
3160 4142 3161 4145 ‘
3246 4136 3249 4139 ’
3429 4140 3437 4149 ’

2089 4240 2255 4297 Vsus.
2290 4242 2344 4297 θ.
2369 4261 2390 4294 ι
2418 4242 2648 4311 Propter
2677 4243 2782 4296 hoc
2837 4240 2982 4295 enim
3014 4248 3068 4296 et
3096 4239 3328 4294 mortuis
3353 4249 3587 4306 cvange-

2019 4334 2241 4389 lizatum
2288 4341 2396 4388 est.
2436 4351 2459 4385 ι
2490 4331 2702 4386 Vetusti
2762 4331 2984 4401 quidam
3027 4331 3219 4386 Patres
3273 4331 3441 4384 hocce
3505 4328 3590 4383 di-

2018 4434 2164 4481 ctum
2196 4443 2213 4481 :
2256 4444 2280 4477 ι
2305 4424 2537 4480 Mortuis
2562 4423 2993 4492 evangelizatunt
3017 4429 3122 4487 est,
3161 4440 3181 4473 ι
3219 4422 3292 4475 ita
3325 4421 3591 4491 interpre-

2023 4517 2118 4572 tati
2150 4524 2301 4582 sunt,
2361 4531 2424 4570 ac
2461 4515 2508 4569 si
2555 4514 2762 4568 nullam
2815 4529 2938 4568 cum
3011 4511 3137 4568 aliis
3195 4510 3589 4567 connexioncm

348 4603 523 4670 γικῶς
547 4605 854 4675 εἰρημένων
877 4604 941 4679 [Ῑ.
968 4638 1038 4649 --
1065 4605 1178 4681 νον]
1207 4607 1290 4660 δεῖ
1308 4608 1442 4678 πρὸς
1463 4610 1589 4673 τούς
1617 4609 1725 4681 πρὸ
1748 4611 1918 4666 αὐτοῦ

2027 4608 2296 4675 haberet;
2350 4622 2457 4663 non
2493 4603 2933 4668 considerantes,
2992 4603 3161 4670 quod,
3206 4616 3330 4655 cum
3360 4614 3589 4655 causam

348 4689 742 4760 ἀναφέρεσθαι.
765 4692 936 4748 Τοῦτο
960 4694 1069 4766 γάρ
1097 4695 1302 4767 ὀφείλει
1326 4696 1386 4750 τὸ
1415 4697 1534 4751 κατ’
1556 4699 1736 4753 αἰτίαν
1758 4698 1915 4769 λεγό-

351 4799 513 4854 μενον
559 4782 736 4852 ἔχειν·
774 4783 891 4838 ἀλλ’
942 4784 1019 4846 ὡς
1051 4785 1288 4861 εῐρηται,
1323 4790 1398 4853 ὡς
1445 4790 1749 4862 περικοπὴν
1784 4792 1917 4846 αὐτὸ

348 4873 692 4944 ἐξηγήσαντο
721 4872 916 4939 οὕτως.
954 4894 974 4928 ι
1012 4878 1260 4951 Νεκρούς
1288 4900 1307 4932 ι
1346 4879 1455 4953 γάρ
1482 4879 1691 4951 ἔφασαν
1721 4880 1917 4947 διττῶς

348 4965 534 5033 λέγειν
566 4967 667 5037 τὴν
699 4964 853 5022 θείαν
909 4965 1157 5039 Γραφὴν,
1203 4970 1238 5041 ἢ
1277 4972 1403 5035 τοὺς
1452 4974 1573 5036 ταῖς
1617 4973 1917 5043 ἁμαρτίαις

350 5059 801 5125 ἐναποθανόντας,
828 5057 879 5114 οἶ
908 5059 1027 5115 οὐδὲ
1056 5060 1202 5132 ζωήν
1227 5077 1357 5115 ποτε
1388 5062 1548 5116 ἴδοιεν
1568 5079 1583 5094 ο
1612 5063 1646 5133 ἢ
1680 5063 1805 5133 τοὺς
1836 5062 1917 5133 τῷ

352 5148 570 5220 θανάτῳ
601 5148 698 5204 τοῦ
751 5151 992 5223 Χριστοῦ
1033 5153 1557 5223 συμμορφωθέντας,
1590 5156 1685 5209 καὶ⁵
1713 5154 1921 5211 ἀποθα-

350 5241 541 5303 νόντας
574 5242 673 5314 μὲν
697 5242 774 5314 τῷ
802 5244 1014 5315 κόσμῳ,
1031 5242 1178 5297 τοῦτ’
1201 5243 1318 5298 ἔστι
1340 5245 1460 5308 ταῖς
1488 5248 1776 5316 κοσμικαῖς
1804 5247 1921 5301 ἐπι-

350 5332 601 5404 θυμίαις,
647 5333 857 5400 ζῶντας
889 5334 947 5388 δὲ
999 5336 1145 5406 μόνῳ
1184 5334 1444 5407 Χριστῷο
1476 5336 1558 5401 ὡς
1588 5338 1683 5391 καὶ
1712 5337 1920 5403 Παῦλός

351 5438 555 5493 φησιν·
594 5444 612 5476 ι
648 5426 713 5479 Ὃ
742 5424 799 5480 δὶ
828 5426 924 5480 νῦν
975 5424 1054 5492 ζῶ
1082 5427 1141 5479 ἐν
1201 5427 1386 5496 σαρκὶ,
1417 5427 1474 5480 ὲν
1512 5426 1694 5480 πίστει
1732 5428 1810 5491 ζῶ
1852 5431 1919 5500 τῇ

350 5514 447 5570 τοῦ
477 5513 608 5568 Υἱοῦ
637 5516 729 5570 τοῦ
757 5517 912 5572 Θεοῦ.
932 5537 954 5570 ι
988 5518 1154 5572 Φασὶν
1175 5516 1302 5571 οὖν*
1342 5518 1406 5572 Oi
1428 5515 1598 5581 οὕτως
1621 5517 1922 5571 ἀποθανόν-

350 5619 445 5669 τες
466 5606 708 5679 Χριστῷ,
740 5611 807 5681 τῇ
835 5610 999 5682 σαρκὶ
1030 5610 1258 5673 ἑαυτοὺς
1290 5607 1711 5679 κατακρίνουσιν
1737 5610 1831 5663 ἐπὶ
1854 5614 1920 5682 τῇ

454 5787 500 5821 ⁸³
533 5787 678 5842 Psal.
706 5803 849 5856 utr,
876 5789 931 5843 7.
1009 5790 1053 5821 "
1084 5788 1229 5844 Pnl.
1280 5801 1411 5853 xcn,
1437 5787 1492 5844 2.

1571 5787 1618 5821 ⁸³
1650 5786 1826 5843 lCor.
1865 5803 1936 5855 tv,
1969 5787 2053 5843 16.

2016 4701 2316 4763 contineat,
2358 4698 2424 4751 ad
2467 4695 2547 4760 id,
2599 4694 2744 4766 quod
2799 4694 3082 4764 prwecdit,
3150 4689 3357 4746 referre
3412 4680 3589 4759 ipsum

2018 4799 2326 4862 Oporteat.t
2364 4788 2560 4846 Mortui
2601 4807 2618 4841 ι
2656 4788 2841 4859 igitur,
2865 4787 3144 4857 inquiunt,
3167 4784 3274 4839 duo
3303 4783 3585 4838 hominum

2021 4896 2223 4955 genera
2256 4883 2309 4937 in
2342 4881 2629 4952 Scriptura
2678 4881 2975 4935 dicuntur:
3003 4878 3085 4933 vel
3142 4876 3177 4931 ii
3208 4875 3438 4940 scilicet,
3497 4873 3591 4943 qui

2023 4976 2267 5047 peccatis
2300 4972 2583 5028 immortui
2616 4981 2764 5037 sunt,
2824 4971 2916 5042 qui
2949 4983 3124 5040 neque
3153 4981 3391 5036 unquam
3426 4964 3589 5018 vitam

2022 5066 2223 5122 habere
2252 5073 2553 5137 poterunt;
2598 5063 2680 5123 vel
2717 5066 2809 5136 qui
2842 5062 3051 5119 Christi
3095 5059 3254 5116 morti
3280 5057 3591 5114 conl‘ormes

2024 5160 2205 5215 allecti
2237 5168 2388 5223 sunt,
2417 5160 2625 5214 mundo
2657 5157 2900 5229 quidem,
2948 5171 3044 5212 seu
3116 5151 3408 5208 mundanis
3467 5149 3596 5205 οιτο-

2024 5249 2211 5306 ctibus
2242 5249 2466 5314 mortui,
2500 5250 2745 5305 viventes
2786 5254 2967 5301 autem
3001 5244 3222 5300 Christo
3252 5243 3352 5298 soli
3380 5259 3394 5310 ;
3428 5241 3503 5295 uti
3539 5248 3595 5295 et

2024 5341 2226 5397 Paulus
2261 5339 2338 5393 ait
2365 5340 2454 5394 οδε
2490 5357 2509 5391 ι
2546 5339 2701 5407 Quod
2729 5354 2875 5394 nunc
2898 5336 3131 5403 vivo,'in
3160 5348 3346 5400 carne,
3381 5334 3435 5388 in
3490 5331 3596 5388 [ide

2022 5432 2148 5486 vivo
2168 5429 2290 5485 Filii
2336 5429 2455 5487 Dei.
2498 5450 2517 5484 ι
2554 5430 2644 5485 Sic
2680 5430 2863 5500 itaque
2892 5428 3044 5484 aiunt
3083 5444 3098 5481 :
3131 5425 3170 5481 li
3205 5425 3298 5497 qui
3353 5426 3455 5481 hac
3505 5440 3595 5479 ra-

2031 5521 2179 5576 tione
2210 5519 2433 5576 Christo
2483 5519 2808 5576 commortui
2865 5523 3016 5582 sunt,
3072 5517 3128 5572 in
3178 5531 3341 5572 carne
3385 5514 3596 5586 scipsos

2030 5612 2101 5668 ob
2156 5612 2486 5666 anteriorem
2549 5610 2717 5666 vitam
2809 5607 3079 5666 desidiose
3140 5614 3193 5664 et
3264 5606 3599 5679 negligenter

2144 5782 2191 5821 "
2213 5784 2393 5841 Galat.
2417 5800 2477 5853 ιι,
2500 5785 2594 5841 20.
