4010 6606
354 471 490 550 tatu
1120 478 1526 546 EXPOSlTlO
1552 484 1632 547 IN
1673 480 1907 545 EPIST.
1943 486 1970 545 ι
2011 487 2068 545 s.
2114 482 2364 550 PETRI.
2401 514 2472 525 —
2506 466 2663 554 CAP.
2707 493 2807 555 ιν.
3451 489 3588 554 m2

348 598 563 667 εῐρηται
602 596 684 663 τὸ,
715 615 733 650 ι
757 589 842 651 Ἐν
859 589 935 668 τῷ
970 590 1070 669 ᾅδῃ
1133 598 1217 662 τίς
1250 594 1702 668 ἐξομολογήσεταί
1737 612 1856 658 σοις
1890 614 1894 646 1

2020 594 2226 656 dictum
2251 600 2321 654 sit
2345 598 2390 632 ⁸⁸
2431 617 2443 655 :
2477 618 2494 652 ι
2516 599 2633 654 Νοιι
2655 601 2853 655 mortui
2875 596 3171 656 laudabunt
3202 609 3276 664 te,
3297 597 3520 654 Domine
3565 616 3590 650 ι·

243 738 254 745 .
346 689 634 746 Confessio
665 690 846 760 itaque
885 691 966 744 est
1013 690 1312 760 gratiarum
1337 690 1479 743 actio
1513 688 1640 754 Deo,
1665 699 1789 745 Cum
1815 687 1940 762 quis
1973 686 2043 748 ab
2072 693 2252 761 aliqua
2315 690 2562 746 molestia
2599 691 2861 747 liberatus
2898 701 3004 748 est.
3044 691 3214 746 Porro
3272 705 3396 744 cum
3453 695 3587 742 tetu.

348 799 454 856 pus
486 781 751 853 operandi
788 782 891 834 hac
952 781 1061 834 vita
1089 779 1594 852 ﬁniatur,(mortni
1657 783 1801 837 enim
1844 784 1913 840 ab
1955 783 2104 839 omni
2132 782 2552 853 vacantoperc,)
2586 782 2832 853 profecto
2859 798 2987 838 cum
3031 783 3166 838 nihil
3196 782 3307 836 illic
3375 781 3590 834 comiti-

345 885 458 946 gat,
491 876 561 929 ob
589 873 734 944 quod
765 873 901 942 quis
929 872 1192 928 liberatus
1258 873 1606 939 conﬁteatur,
1648 875 1842 930 merito
1881 876 2088 931 dietmn
2121 884 2206 929 est
2237 893 2250 928 :
2281 893 2300 926 ι
2336 875 2391 930 In
2427 877 2642 931 inferno
2697 875 2822 946 quis
2856 875 3210 931 conﬁtebitur
3245 873 3341 928 tibi
3399 873 3440 927 ?'
3463 890 3481 924 ι

426 987 445 1020 ι
489 967 714 1022 Πάντων
751 965 807 1019 δὲ
842 961 904 1017 τὸ
937 956 1089 1027 τέλος
1119 961 1338 1036 ἧγγικε.
1371 965 1766 1034 Σωφρονήσατε
1799 961 1893 1021 οὖν

2093 961 2260 1022 Vens.
2287 968 2404 1025 7-9.
2435 987 2454 1021 ι
2485 967 2741 1024 Omnium
2775 978 2958 1024 autem
2997 967 3122 1022 ﬁnis
3190 967 3592 1037 appropinqua-

345 1059 443 1112 aut
474 1057 682 1126 νήψατε
729 1056 810 1118 είς
854 1055 957 1139 ,τὰς
1024 1051 1354 1124 προσευχάς.
1433 1047 1544 1124 Πρὸ
1590 1055 1810 1109 πάντων
1862 1049 1894 1112 δ

2021 1063 2118 1123 vit,
2149 1063 2338 1119 Estote
2375 1064 2561 1135 itaque
2591 1064 2912 1135 prudentes,
2955 1073 3010 1117 et
3045 1061 3270 1132 vigilate
3306 1061 3359 1115 in
3381 1062 3591 1115 oratio.

345 1152 446 1220 τὴν
477 1152 558 1213 είς
588 1139 813 1210 ἑαυτοὺς
841 1143 1062 1217 ἀγάπην
1085 1139 1278 1214 ὲκτενῆ
1303 1142 1538 1216 ἔχοντες,
1557 1141 1638 1202 ὅτι
1668 1142 1701 1220 ἡ
1733 1149 1894 1218 άγάπτ

2019 1154 2206 1208 nihus.
2233 1152 2373 1210 Ante
2412 1156 2598 1209 omnia
2631 1166 2810 1210 autem
2846 1162 3092 1208 mutuam
3124 1153 3176 1207 in
3228 1151 3589 1220 vobismctip;

345 1241 618 1295 καλύπτει
658 1228 862 1309 πλῆθος
892 1229 1199 1308 ἁμαρτιῶν.
1237 1229 1507 1302 Φιλόξενοι
1538 1239 1620 1301 είς
1657 1230 1888 1310 ἀλλήλου

2023 1244 2102 1300 sis
2131 1245 2454 1299 eharitatem
2490 1245 2805 1299 continuam
2829 1244 3087 1298 habentes
3117 1259 3131 1296 :
3167 1241 3296 1310 quia
3338 1242 3588 1294 charitas

345 1331 478 1386 ἄνευ
512 1317 839 1398 γογγισμδῦ.
874 1344 892 1378 ι
927 1345 994 1365 -κ-
1032 1343 1051 1376 ι
1079 1315 1264 1390 Τέλος,
1297 1343 1316 1377 ι
1354 1316 1475 1378 ἀντὶ
1508 1316 1626 1388 τὀῦ,
1666 1322 1887 1396 συμπλή

2019 1333 2198 1404 operit
2227 1333 2636 1388 multitudinem
2675 1341 3054 1403 peccatorum.
3088 1329 3400 1401 llospitales
3454 1329 3590 1382 invi-

347 1439 536 1494 ρωσις,
568 1412 871 1474 συντέλεια.
903 1436 923 1470 ι
947 1416 1112 1480 Τέλος
1143 1436 1162 1469 ι
1201 1417 1366 1488 φησὶν
1408 1435 1426 1468 ι
1459 1410 1746 1487 ἡγγικέναι
1780 1419 1894 1471 πάν

2016 1438 2133 1478 cem
2166 1424 2286 1480 sine
2340 1424 2795 1478 murmuratione.
2831 1441 2849 1476 ι
2923 1420 3156 1476 Ponitur
3219 1439 3238 1473 ι
3275 1420 3401 1474 ﬁnis
3437 1438 3455 1470 ι
3489 1433 3590 1488 pro

343 1529 484 1567 των·
519 1528 538 1565 ι
576 1502 738 1566 τοῦτο
785 1500 843 1564 δὲ
892 1509 1085 1580 ἀληθεῖ
1128 1498 1271 1580 λόγῳ
1307 1502 1455 1563 ἐστὶν
1495 1511 1522 1563 ό
1552 1505 1786 1578 Χριστός
1809 1525 1823 1538 ·
1879 1511 1894 1563 i

2017 1515 2443 1583 complementa,
2475 1531 2570 1571 seu
2602 1516 3094 1569 consummatione.
3135 1512 3310 1566 Porro
3347 1530 3366 1562 ι
3426 1513 3587 1565 ﬁnem

343 1606 564 1661 πάντων
615 1604 724 1674 γὰρ
771 1602 1047 1670 τελειότης
1089 1602 1251 1666 αὐτός
1309 1603 1491 1656 ἐστιν’
1545 1601 1661 1655 ἀλλ’
1704 1603 1802 1674 οὐχ
1840 1596 1894 1656 ὦς

2017 1600 2264 1659 omnium
2328 1605 2820 1675 appropinquasse,
2853 1622 2872 1655 ι
2911 1604 3008 1667 ait,
3038 1603 3130 1672 qui
3159 1613 3240 1658 est
3289 1602 3589 1658 Christus:

339 1693 604 1764 Ἕλληνες
651 1690 932 1762 ληροῦσιν,
962 1691 1011 1744 οί
1070 1682 1170 1762 μὲν
1212 1690 1312 1761 τὴν
1364 1687 1558 1762 ἡδονὴν
1613 1683 1894 1760 φάσκοντες

2014 1697 2131 1766 ipSe
2161 1695 2306 1751 enim
2337 1698 2580 1752 omnium
2598 1693 2864 1768 perfectio
2891 1702 2974 1752 est
3003 1707 3018 1749 :
3046 1702 3101 1751 et
3137 1710 3244 1748 non
3279 1701 3336 1748 ut
3364 1692 3593 1762 gentiles

335 1784 511 1848 τέλος,
556 1771 632 1846 ὼς
675 1774 1025 1852 Ἐπίκουροςο
1081 1781 1132 1833 oi.
1175 1779 1233 1834 δὲ
1270 1779 1369 1851 τὴν
1427 1781 1756 1852 ἐπιστήμην,
1788 1775 1894 1853 ἦτοι

2008 1782 2284 1852 elfutiunt,
2329 1796 2563 1858 quorum
2583 1787 2674 1842 alii
2702 1787 3054 1857 voluptatem,
3093 1792 3151 1839 ut
3184 1784 3474 1854 Epicurus,
3499 1782 3588 1836 alii

337 1871 648 1944 θεωρίαν,ἢ
700 1871 925 1942 ἀρετήν.
963 1865 1086 1925 Ἐπὶ
1224 1870 1370 1944 ἐπεὶ]
1407 1871 1588 1925 τοίνυν
1621 1874 1652 1941 ή
1683 1872 1894 1927 πάντων

2006 1877 2292 1933 scientiam
2311 1892 2403 1934 seu
2417 1876 3044 1949 cantemplationemmiii
3061 1876 3316 1930 virtutem
3338 1874 3588 1929 ultiumm

335 1965 616 2034 τελειότης
644 1955 878 2036 Χριστὸς
901 1966 1264 2036 παραγέγονε,
1305 1966 1401 2019 καὶ
1449 1965 1602 2020 αὐτοὶ
1631 1965 1805 2040 ταύτῃ
1834 1963 1894 2039 τῇ

2006 1964 2166 2024 ﬁnem
2190 1979 2313 2025 esse
2338 1969 2696 2025 arbitrantur.
2715 1968 2984 2036 Quoniam
3009 1968 3178 2039 igitur
3195 1967 3438 2022 omnium
3459 1979 3580 2034 per-

335 2057 656 2128 τελειότητι,
695 2057 849 2127 φησὶ,
886 2057 1394 2129 συμμορφούμενοι,
1422 2049 1728 2123 ἀνελλιπεϊς
1779 2054 1910 2113 ἐαυ-

335 2149 464 2212 τοὺς
518 2150 578 2202 ὲν
608 2149 769 2202 παντὶ
816 2139 1026 2216 δείξατε
1059 2189 1074 2214 ,
1124 2141 1181 2202 ὲν
1221 2141 1581 2223 σωφροσύνῃ,
1632 2149 1692 2204 ἐν
1749 2150 1910 2222 νήφει

335 2237 787 2311 προσευχόμενοι.
839 2239 1140 2310 Νηφόντων
1190 2241 1300 2314 γὰρ
1346 2243 1380 2312 ἠ
1425 2241 1704 2313 προσευχὴ
1741 2241 1800 2296 ὲν
1841 2243 1908 2313 τῇ

333 2331 476 2401 πρὸς
495 2330 760 2402 ἀλλήλους
787 2332 1000 2403 ἀγάπῃ.
1040 2323 1261 2404 Ταύτην
1281 2325 1340 2386 δὲ
1377 2326 1590 2397 Παῦλος
1630 2353 1648 2386 ι
1685 2325 1909 2404 πλήρω-

336 2434 417 2490 μα
448 2437 468 2472 ι
506 2415 627 2473 εἶπε
660 2419 826 2490 νόμου
850 2437 863 2450 ’
899 2413 1055 2484 οὗτος
1101 2419 1159 2474 δὲ
1197 2438 1215 2470 ι
1245 2420 1521 2492 ἁμαρτίας
1551 2439 1570 2473 ι
1600 2419 1909 2493 δυναμένην

293 2505 296 2508 ’
339 2528 360 2563 ι
397 2509 712 2564 καλύπτειν.
748 2528 769 2562 ι
813 2510 871 2564 ’0
919 2510 1028 2581 γὰρ
1083 2511 1164 2574 είς
1190 2510 1282 2564 τὸν
1330 2510 1557 2583 πλησίον
1605 2509 1754 2571 ἔλεος
1816 2511 1909 2568 τὸν

335 2601 468 2655 Θεὸν
499 2603 629 2672 ἡμῖν
659 2601 818 2654 ἵλεων
845 2603 1009 2654 ποιεῖ.
1040 2599 1224 2655 Εἰπὼν
1247 2601 1304 2656 δὲ
1346 2619 1364 2654 ι
1389 2603 1628 2673 ἀγάπην,
1653 2623 1672 2657 ι
1711 2604 1908 2674 ἐπάγει

332 2693 430 2745 καὶ
464 2691 532 2744 τὰ
581 2693 648 2762 τῇ
703 2691 892 2763 ἀγάπῃ
944 2691 1462 2760 συνακολουθοῦντα,
1499 2693 1599 2765 τὴν
1637 2713 1656 2746 ι
1694 2695 1906 2766 φιλοξε-

332 2773 475 2845 νίαν,
521 2799 540 2834 ι
599 2782 666 2852 ἢν
720 2801 738 2833 ι
777 2781 906 2836 ἄνευ
937 2782 1256 2854 γογγυσμοῦ
1297 2802 1317 2834 ι
1383 2783 1624 2839 ἐκτελεῖν
1669 2777 1903 2842 κελεύει.

341 2868 507 2928 Ἆλλά
536 2871 629 2927 καὶ
667 2877 780 2938 τοῖς
808 2870 1043 2947 εὖπορου
1052 2875 1234 2946 μένοις
1261 2875 1477 2946 ἑκάστῳ
1503 2877 1806 2948 χαρίσματι
1830 2877 1907 2946 τῷ

334 2959 412 3037 μὴ
435 2959 613 3037 ἔχοντι
644 2958 858 3037 ἀδελφῴ
882 2967 1179 3033 κοινωνεῖν,
1206 2961 1318 3020 οἷον
1348 2969 1377 3022 ὃ
1397 2967 1557 3037 λόγον
1588 2967 1727 3039 ἔχων
1757 2969 1905 3022 διδα-

332 3056 592 3110 σκαλικὸν
632 3057 813 3128 (τοῦτο
846 3056 953 3130 γάρ
985 3058 1044 3111 τὸ
1070 3097 1086 3122 ,
1127 3071 1145 3110 t
1177 3057 1251 3120 ὼς
1271 3053 1428 3126 λόγια
1467 3058 1625 3125 Θεοῦ,
1660 3078 1678 3111 ι
1712 3058 1906 3130 δηλοῖ),

327 3139 410 3217 τῷ
437 3141 693 3220 χρῄζοντι
722 3149 933 3204 τούτου.
981 3149 1040 3204 Ὀ
1083 3149 1350 3224 χορηγίαν
1389 3149 1530 3220 ἔχων
1580 3153 1798 3222 τροφῶν
1824 3152 1904 3222 τῷ

329 3241 407 3310 μὴ
462 3239 642 3310 ἔχοντι
694 3240 1017 3306 ἐπιδιδόναι,
1073 3243 1147 3312 μὴ
1191 3241 1564 3313 μικροψύχως,
1608 3242 1724 3298 ἀλλ’
1753 3242 1828 3306 ὡς
1867 3245 1894 3314 ή

2006 3243 2242 3299 libenter
2289 3243 2690 3300 communicent
2739 3261 2754 3297 :

2013 2057 2177 2114 fectio
2216 2073 2281 2114 ac
2315 2057 2437 2115 ﬁnis
2481 2059 2732 2115 Christus
2754 2054 2990 2121 advenit,
3023 2055 3223 2126 inquit,
3244 2060 3298 2108 et
3331 2067 3428 2106 vos
3463 2051 3584 2105 huic

2010 2149 2344 2204 conformati
2411 2147 3052 2220 perfemiuuhexbibete
3102 2143 3471 2212 vosmetipsos
3530 2141 3583 2194 in

2011 2240 2162 2294 omni
2191 2242 2393 2295 virtute
2453 2239 2660 2310 absque
2687 2239 2931 2305 defectu,
2965 2238 3018 2292 in
3043 2237 3340 2293 sobrietate
3361 2241 3418 2290 et
3451 2232 3584 2301 vigi-

2017 2327 2187 2385 lantia
2243 2331 2512 2405 orantes(
2537 2331 2884 2402 vigilantium
2915 2329 3064 2383 enim
3127 2334 3213 2382 est
3267 2325 3446 2378 oratio
3477 2323 3494 2382 l
3528 2323 3584 2376 in

2017 2439 2035 2474 ι
2071 2429 2261 2475 mutua
2283 2422 2573 2476 charitate.
2617 2440 2637 2471 ι
2671 2423 2825 2476 Hauc
2857 2421 3064 2475 Paulus
3089 2417 3308 2488 quidem
3343 2434 3364 2467 ι
3403 2413 3583 2484 pleni-

2016 2511 2259 2567 tudinem
2303 2511 2434 2580 legis
2464 2530 2484 2564 ι
2511 2522 2705 2577 vocat;
2740 2511 2832 2565 hic
2858 2521 3040 2565 autem
3071 2509 3355 2578 apostolus
3401 2507 3476 2558 ait
3505 2505 3579 2566 °’,

2017 2617 2138 2658 eam
2175 2620 2194 2654 ι
2229 2610 2452 2672 peccata
2501 2602 2721 2672 Operire
2785 2621 2804 2654 ι
2856 2616 3020 2672 posse
3061 2617 3076 2655 :
3108 2597 3379 2668 siquidem
3411 2596 3582 2649 mise-

2011 2692 2251 2748 ricordia
2289 2693 2488 2764 quaain
2523 2693 2832 2763 proximum
2861 2702 3171 2754 exercetur,
3208 2687 3372 2742 Deum
3422 2685 3581 2739 nobis

2009 2784 2303 2856 prepitium
2332 2783 2535 2839 reddit.
2569 2783 2638 2838 Ut
2665 2798 2796 2838 vero
2825 2783 2893 2838 de
2921 2802 2939 2834 ι
2973 2781 3242 2837 eharitate
3276 2795 3295 2830 ι
3337 2777 3578 2832 mentio-

2006 2891 2131 2932 nem
2157 2875 2307 2939 fecit,
2333 2876 2620 2946 subiungit
2649 2891 2739 2939 ea,
2763 2890 2894 2945 quae
2923 2874 3068 2927 illam
3098 2869 3350 2927 comitari
3365 2869 3579 2924 solent:

2009 2977 2069 3023 ut
2091 2977 2175 3024 est
2214 2985 2234 3020 ι
2282 2967 2666 3039 hospitalitas»
2701 2983 2865 3038 quam
2895 2985 2915 3019 ‹
2949 2967 3069 3022 sine
3092 2962 3523 3018 murmuratione
3557 2979 3576 3011 ι

2005 3058 2366 3115 exercendam
2401 3059 2679 3129 prmeipit;
2707 3060 2849 3114 sicut
2890 3058 3077 3124 etiam,
3100 3065 3164 3110 ut
3194 3055 3255 3120 ii,
3281 3053 3374 3121 qui
3397 3053 3581 3122 aliquo

2010 3152 2296 3208 abundant
2321 3150 2490 3216 dono,
2521 3151 2654 3205 illud
2689 3167 2812 3206 cmn
2845 3150 3004 3220 3'77
3032 3147 3200 3203 fratre
3218 3162 3324 3202 non
3346 3145 3582 3200 habente

2832 3251 2892 3296 ut
2968 3241 3014 3295 si
3077 3239 3204 3310 quis
3271 3238 3580 3292 doctrinam

322 3331 556 3402 δύναμις
595 3350 614 3384 ι
654 3333 885 3404 παρέχει
919 3333 1019 3403 τῆς
1061 3333 1169 3388 ἀπὸ
1211 3333 1350 3388 Θεοῦ
1392 3334 1678 3406 χορηγίας.
1712 3335 1894 3390 Ταῦτα

2000 3333 2285 3407 possidet(
2319 3337 2420 3388 hoc
2440 3334 2587 3389 enim
2642 3332 2798 3397 illud,
2847 3350 2866 3385 ι
2910 3341 2970 3386 ut
2996 3346 3280 3388 sermones
3313 3329 3408 3382 Dei
3444 3346 3464 3379 ι
3501 3327 3580 3382 si-

322 3418 382 3474 δὲ
425 3423 697 3492 παραινῶ,
728 3425 913 3494 φησιν,
953 3443 971 3477 ι
1007 3424 1093 3480 ἵνα
1123 3425 1182 3479 ιν
1208 3426 1375 3479 πᾶσιν
1400 3444 1418 3478 ι
1459 3425 1568 3478 εἴτε
1601 3425 1830 3493 ἔθνεσιν,
1861 3427 1894 3498 ἢ

1999 3425 2266 3498 gniﬁcat).
2297 3439 2447 3484 eum.
2477 3425 2571 3492 qui
2608 3422 2862 3493 indigens
2911 3429 3019 3487 est,
3084 3421 3205 3490 ipsa
3268 3417 3578 3490 participct.
3636 3490 3639 3491 ν

323 3512 420 3564 καὶ
450 3516 562 3578 τοῖς
592 3511 758 3585 ἐγγὺς
787 3514 963 3587 ὑμῶν,
1004 3531 1022 3567 ι
1049 3511 1341 3586 δοξάζηται
1374 3513 1402 3569 ό
1427 3515 1581 3580 Θεός.
1619 3530 1640 3569 ι

1999 3520 2090 3576 Sic
2121 3518 2214 3589 qui
2277 3517 2555 3573 alimentis
2605 3517 2869 3578 abundat,
2903 3515 2952 3572 ei
3011 3515 3104 3585 qui
3153 3524 3328 3578 caret,
3369 3518 3575 3581 partem

321 3595 490 3658 faciat
523 3613 611 3672 ;et
666 3622 772 3662 non
811 3600 1034 3679 quidem
1090 3616 1278 3679 parce,
1336 3607 1430 3664 sed
1461 3607 1620 3679 juxta
1649 3607 1984 3682 facultatem,
2031 3628 2194 3686 quam
2233 3612 2310 3668 illi
2342 3612 2484 3668 Deus
2546 3609 2938 3682 suppeditavit.
2972 3611 3085 3665 iloc
3116 3617 3320 3673 autem,
3379 3603 3578 3673 inquit,

320 3700 481 3757 vobis
511 3700 714 3756 ideirco
765 3700 992 3765 suadeo,
1070 3720 1089 3752 ι
1158 3710 1217 3756 ιιι
1253 3701 1322 3758 ab
1387 3699 1663 3769 omnibus,
1729 3724 1748 3759 ι
1785 3709 1900 3763 sive
1940 3707 2170 3780 gentiles
2205 3705 2336 3772 sint,
2370 3707 2484 3762 sive
2511 3706 2822 3777 propinqui,
2859 3723 2878 3758 ι
2907 3704 3300 3759 honorillcetur
3352 3695 3516 3752 Deus.
3555 3714 3574 3748 ι

397 3813 418 3848 ι
454 3794 724 3858 Ἕκαστος
768 3793 951 3859 καθὼς
984 3792 1144 3850 ἔλασε
1171 3794 1419 3868 χάρισμα
1473 3797 1582 3851 ἀπὸ
1620 3797 1780 3863 Θεοῦ,
1811 3802 1891 3864 εἰς

319 3876 549 3950 ἑαυτοὺς
574 3886 708 3940 αὐτὸ
734 3885 1129 3952 διακονοῦντες,
1159 3887 1236 3952 ὡς
1281 3887 1439 3943 καλοὶ
1463 3889 1738 3962 οἰκονόμοι
1771 3909 1861 3946 ποι

318 3975 480 4046 κὶλης
507 3976 731 4047 χάριτος
781 3975 939 4030 Θεοῦ.
971 3975 1037 4028 Et
1061 3992 1146 4040 τις
1198 3977 1371 4044 λαλεῖ,
1413 3978 1490 4043 ὡς
1523 3979 1680 4048 λόγια
1713 3976 1850 4038 Θεοῦ
1873 3995 1890 4015 ⁸

318 4061 374 4122 ιτ
399 4084 481 4132 τις
513 4067 772 4128 διακονεῖ,
804 4065 880 4130 ὡς
907 4066 966 4133 ἐξ
995 4065 1177 4138 ἰσχύος
1207 4063 1276 4140 ἧς
1299 4073 1529 4141 χορηγεῖ
1565 4073 1738 4138 όΘεός
1761 4089 1775 4104 ο
1806 4075 1894 4131 ἵνα

315 4150 375 4210 ιν
405 4148 569 4209 πᾶσιν
628 4154 656 4210 ὁ
703 4147 838 4219 Θεδς
888 4147 1180 4227 δοξάζηται
1211 4157 1299 4212 διά
1341 4158 1515 4229 Ἰησοῦ
1546 4161 1806 4232 Χριστοῦ,

313 4249 465 4302 ἔστιν
489 4238 523 4320 ἦ
557 4247 684 4311 δόξα
699 4249 794 4302 καὶ
817 4242 877 4302 ct
898 4238 1119 4321 κράτος,
1149 4250 1228 4315 είς
1257 4250 1382 4314 τοὺς
1402 4251 1604 4317 αἰῶνας
1625 4252 1737 4309 τῶν
1762 4251 1892 4310 αἰώ-

313 4349 449 4396 νων.
490 4333 684 4411 ’Ᾱμήν.
728 4359 748 4394 ι
784 4339 905 4394 Τῶν
934 4341 1044 4413 γὰρ
1087 4332 1328 4414 ὲφδήμῐν
1369 4344 1661 4415 κειμένων,
1689 4347 1786 4401 καὶ
1811 4342 1888 4402 ῶν

313 4427 486 4504 ἔσμεν
516 4433 716 4504 κύριοι,
745 4433 820 4506 μὴ
841 4437 1034 4500 ποιεῖν,
1091 4435 1250 4490 τοῦτο
1298 4436 1477 4508 πάσης
1518 4437 1734 4503 ἀδικίας
1777 4439 1892 4511 ἔχει

314 4523 558 4594 γραφήν.
588 4523 663 4578 Οὔ
719 4525 829 4596 γὰρ
877 4525 972 4578 ἐπὶ
1003 4525 1103 4596 τῆς
1159 4526 1271 4580 τῶν
1315 4526 1614 4599 χρημάτων
1645 4529 1892 4600 κτήσεως

319 4615 512 4684 μόνης,
545 4615 682 4670 ἀλλά
712 4616 808 4670 καὶ
837 4617 947 4671 τῶν
983 4617 1159 4678 ἀλλων
1203 4619 1448 4688 φυσικῶν
1481 4620 1890 4691 πλεονεκτημά-

314 4721 425 4758 των
454 4706 615 4775 ἔχων,
659 4707 945 4779 ὑπόχρεώς
998 4710 1117 4763 ἐστι
1153 4709 1415 4782 παρέχειν
1455 4709 1533 4782 τῷ
1575 4711 1651 4784 μὴ
1682 4711 1881 4782 ἔχοντι.

313 4794 440 4850 Ὀτι
468 4797 562 4850 καὶ
585 4797 747 4862 αὐτὸς
786 4799 862 4870 μὴ
889 4798 1029 4870 ἔχων
1061 4803 1213 4874 παρά
1239 4801 1374 4858 Θεοῦ
1397 4801 1609 4872 ἔλαϐεν,
1632 4805 1720 4860 ἴνα
1736 4811 1880 4877 περ.

310 4883 412 4958 ἔχῃ
446 4887 524 4957 τῷ
548 4887 623 4959 μὴ
652 4886 846 4958 ἔχοντα

391 5085 410 5120 ι
459 5063 782 5141 ’Ᾱγαπητοὶ,
821 5067 896 5142 μὴ
945 5066 1216 5137 ξενίζεσθε
1257 5076 1324 5145 τῇ
1369 5076 1426 5128 ὲν
1455 5069 1584 5147 ὑμῖν
1617 5076 1880 5150 πυρώσει,

313 5160 450 5229 πρὸς
490 5163 800 5232 πειρασμὸν
833 5161 960 5234 ὑμῖν
977 5165 1242 5236 γενομένη
1261 5164 1422 5238 [ιιιιιθ.
1450 5166 1608 5242 γιν.],
1637 5169 1711 5232 ὡς
1730 5169 1882 5235 ξένου

309 5247 444 5320 ὑμῖν
474 5245 893 5321 συμϐαίνοντος⁶
924 5252 1060 5307 ἀλλά
1087 5254 1222 5308 καθὸ
1250 5254 1413 5328 [vnlg].
1453 5256 1662 5331 καθὼς]
1689 5276 1884 5314 κοινω-

310 5342 452 5394 νεῖτε
485 5344 598 5406 τοῖς
645 5342 738 5397 τοῦ
798 5345 1003 5416 Κυρίου
1036 5346 1347 5417 παθήμασι,
1383 5347 1605 5421 χαίρετε
1625 5365 1640 5380 ο
1673 5351 1759 5404 ἵνα
1787 5351 1882 5405 καὶ

309 5428 370 5487 ἓν
391 5431 457 5505 τῇ
480 5433 824 5505 ἀποκαλύψει
856 5438 954 5509 τῆς
991 5437 1150 5508 δόξης
1177 5439 1342 5493 αὐτοῦ
1377 5439 1583 5512 χαρῆτε
1607 5443 1879 5508 ἀγαλλἰώ-

313 5540 487 5594 μινοι.
537 5544 556 5579 ι
611 5525 769 5582 υῦτω
812 5529 1205 5601 διαταξάμενος
1258 5532 1386 5602 περὶ
1434 5532 1545 5586 τῶν
1597 5533 1880 5607 προσεχῶς

309 5615 638 5687 είρημένων,
664 5619 784 5674 ὲπεί
805 5639 959 5686 τινας
991 5623 1137 5695 ἑώρα
1176 5623 1262 5676 διὰ
1288 5626 1385 5688 τὰς
1411 5625 1754 5697 ἐπαγομένας
1779 5630 1876 5682 αύο

2066 3794 2235 3857 Vsns.
2269 3799 2462 3865 10,“.
2500 3817 2521 3852 ι
2565 3797 2976 3871 Unusquisque,
3029 3798 3174 3852 sicut
3211 3793 3426 3865 accepit
3453 3809 3574 3863 gra-

1988 3893 2143 3958 tiam,
2171 3893 2223 3947 in
2243 3891 2562 3947 alterutrum
2597 3891 2741 3946 illam
2775 3886 3243 3946 administrantes.
3263 3888 3409 3941 sicut
3447 3884 3573 3937 boni

1999 3984 2418 4057 dispensatores
2467 3983 2821 4040 multiformis
2854 3982 3042 4052 gratia:
3073 3981 3191 4036 Del.
3228 3977 3286 4033 Si
3325 3977 3452 4049 quis
3495 3976 3575 4031 lo-

2001 4077 2216 4147 quitur,
2242 4074 2397 4146 quasi
2427 4087 2714 4131 sermones
2737 4073 2832 4129 Dei
2856 4091 2871 4130 :
2903 4073 2949 4130 si
2975 4071 3098 4143 quis
3123 4068 3422 4132 ministrat,
3453 4075 3570 4121 tan--

1998 4182 2162 4234 quam
2213 4180 2279 4222 ex
2316 4167 2539 4226 virtute.
2597 4181 2760 4236 quam
2817 4163 3164 4219 administrat
3203 4160 3346 4214 Deus
3374 4177 3388 4214 :
3421 4167 3480 4214 ut
3519 4158 3574 4213 in

1999 4254 2255 4310 omnibus
2292 4255 2686 4309 honoriﬁeetur
2724 4253 2885 4317 Dens,
2907 4267 3003 4322 per
3032 4252 3218 4307 Jesum
3245 4249 3524 4306 Christum
3558 4266 3571 4301 :

1997 4347 2082 4402 eui
2123 4355 2209 4402 est
2257 4345 2427 4417 gloria
2454 4353 2508 4402 et
2537 4345 2824 4414 imperium
2876 4346 2930 4398 in
2978 4343 3177 4399 saecula
3222 4343 3572 4398 mulorum.

1997 4437 2192 4494 Amen.
2231 4454 2252 4491 ι
2285 4436 2419 4492 Nam
2449 4452 2573 4508 qua:
2606 4436 2662 4490 in
2717 4441 2905 4490 nostra
2940 4441 3211 4504 potestate
3258 4433 3572 4488 omnimodo

1993 4541 2141 4596 sunt,
2173 4541 2235 4584 ea
2266 4544 2373 4585 non
2419 4528 2603 4583 facere
2634 4537 2863 4582 summa
2887 4524 3172 4593 injustitiz
3212 4525 3428 4593 species
3460 4531 3566 4578 est.

1989 4619 2106 4678 Non
2137 4619 2285 4677 enim
2330 4619 2370 4677 ii
2409 4629 2623 4676 tantum
2657 4620 2750 4691 qui
2784 4618 3049 4690 pecunias
3107 4617 3409 4687 possident,
3469 4617 3565 4670 sed

1987 4716 2312 4786 quicunque
2363 4713 2601 4768 naturali
2634 4711 2822 4782 aliquo
2847 4711 2994 4766 dono
3033 4709 3372 4780 prtecelluut,
3429 4707 3562 4761 illud

1984 4816 2108 4863 cum
2139 4821 2244 4860 non
2271 4804 2505 4860 haheute
2539 4804 2946 4859 communicare
2974 4803 3366 4871 debent:quan
3387 4801 3570 4864 loqui-

1915 4869 1959 4925 θ
1991 4897 2113 4953 dem
2144 4897 2307 4952 etiam
2340 4897 2479 4967 ipse.
2515 4911 2641 4950 cum
2672 4911 2778 4950 non
2816 4895 3062 4961 haberet,
3105 4869 3320 4965 accepit
3377 4894 3568 4963 utique

1993 4996 2052 5042 ut
2075 4988 2448 5060 indigentibus
2477 4986 2852 5043 distribueret.

2060 5073 2228 5134 "sas.
2272 5079 2357 5147 l2,
2395 5080 2484 5135 15.
2533 5098 2552 5132 ι
2579 5079 2920 5146 Charissimi,
2957 5078 3121 5133 nolite
3150 5077 3482 5148 peregrinari
3507 5077 3561 5132 in

1991 5170 2220 5233 fervore.
2250 5172 2344 5242 qui
2393 5172 2462 5226 ad
2495 5172 2851 5227 tcutationem
2894 5171 3048 5224 vobis
3104 5171 3196 5232 sit,
3241 5171 3398 5241 quasi
3435 5171 3558 5222 novi

1993 5263 2197 5335 aliquid
2226 5263 2381 5320 vobis
2401 5264 2700 5334 contingat.
2737 5264 2843 5319 Sed
2865 5262 3330 5318 communicantes
3353 5260 3557 5315 Christi

1989 5353 2362 5424 passionibus,
2394 5357 2648 5424 gaudete,
2707 5364 2767 5409 ut
2810 5362 2865 5409 et
2895 5353 2947 5407 in
2985 5352 3316 5408 revelatione
3367 5351 3553 5420 gloriae

1988 5447 2105 5513 eius
2135 5445 2420 5517 gaudeatis
2446 5448 2808 5503 exsultantes.
2846 5463 2864 5496 ι
2895 5445 3028 5499 Cum
3068 5444 3140 5498 ita
3177 5443 3320 5499 circa
3357 5449 3554 5512 praece-

1987 5537 2169 5591 dentia
2207 5538 2601 5604 constituisset,
2625 5537 2880 5609 quoniam
2908 5536 3288 5607 perspiciebat,
3323 5536 3528 5590 nonnnl

1984 5629 2052 5683 lis
2082 5628 2410 5684 oll'endiculo
2436 5645 2556 5685 esse
2587 5645 2705 5696 eas,
2737 5646 2873 5702 quas
2900 5631 3265 5701 patiebantur,
3297 5629 3552 5684 amictio-

303 5701 421 5770 τοῖς
449 5706 658 5778 θλίψεις
681 5713 1222 5786 σκανδαλιζομὲνους,
1261 5715 1356 5769 an
1397 5715 1457 5770 ὲν
1479 5717 1556 5788 τῷ
1580 5717 1732 5790 νόμῳ
1763 5722 1872 5786 τοῖς

1999 5732 2100 5788 tes,
2128 5734 2194 5777 eo
2214 5721 2514 5794 praesertim
2534 5721 2679 5794 quod
2703 5723 2754 5779 in
2784 5723 2898 5796 lege
2918 5723 3005 5789 iis,
3026 5722 3115 5795 qui
3138 5722 3245 5779 Deo
3268 5721 3541 5788 serviunt,

378 5883 430 5918 *⁸
466 5882 612 5940 Ρμιιιι
664 5900 820 5953 cun,
881 5888 966 5944 i7.
1035 5889 1078 5923 ⁶⁹
1110 5887 1270 5946 Rom.
1300 5907 1420 5958 xm,
1453 5891 1538 5948 l0.
