4010 6546
412 429 542 494 12.7

1279 417 1282 421 ’
1364 428 1935 493 ΤΠΕΟΡΠῩΙΛΟΤΙ
1997 430 2405 491 ιιιιι.‹;.ιιιι.-ι;
2464 430 2820 490 Λιιειιιιιιι.

3542 429 3677 494 ιειε

411 541 648 610 majores
679 550 828 598 natu.
859 541 1059 596 Deinde
1093 552 1149 596 ut
1177 543 1528 599 eminentiam
1561 562 1736 610 suam,
1772 556 1826 600 et
1876 547 1974 600 hu-
2005 593 2011 606 .

2102 545 2196 600 »ττι
2238 547 2557 616 βουλόμενος
2604 544 2665 598 τὸ
2713 541 3235 613 ὑπερέχον,ιάυτοῦ
3297 547 3673 614 παραστῆσαι,

409 635 660 690 utilitatis
715 634 1091 689 tantummodo
1141 636 1312 704 gratia
1361 650 1421 692 se
1464 653 1482 688 t
1537 638 1912 692 conseniorem
1950 654 1968 687 ι

411 741 654 792 vocasse,
685 725 1017 792 ostenderet,
1060 727 1480 796 pr:rceilentiam
1515 744 1670 783 suam
1701 729 1890 798 pandit
1925 729 1980 782 iu

411 830 479 870 eo
511 823 691 878 sttam,
718 814 861 884 quod
900 833 918 865 ι
976 815 1129 870 testis
1158 816 1361 871 Christi
1390 817 1706 886 passionum
1739 838 1757 871 ι
1784 825 1930 874 essrt
1962 834 1978 885 ;

415 903 640 974 perinde
668 921 731 959 ac
765 905 809 960 si
839 904 1049 960 diceret
1075 922 1087 958 :
1127 904 1181 960 Si
1213 921 1334 977 ego,
1362 907 1452 977 qtti
1485 908 1674 962 talium
1705 909 1979 963 visionum

417 997 570 1052 vobis
601 996 871 1066 interpres
902 1013 1047 1062 sum,
1095 997 1234 1052 haud
1277 997 1562 1069 dedignor,
1598 1001 1979 1069 memetipsum

420 1106 440 1138 s
465 1089 842 1142 conseniorem
868 1107 886 1140 ι
917 1095 1156 1143 vestrum
1179 1089 1450 1158 appellare
1473 1105 1485 1152 ;
1508 1089 1749 1157 profecto
1766 1105 1981 1160 aequum

415 1193 522 1233 non
553 1186 656 1240 est,
694 1187 754 1232 ttt
788 1194 885 1234 vos
924 1194 1090 1250 supra
1137 1193 1256 1245 eos,
1308 1181 1400 1248 qui
1463 1179 1567 1233 sub
1621 1180 1774 1234 vobis
1816 1179 1982 1232 mini-

414 1278 613 1335 strant,
642 1270 970 1325 efferantini.
1010 1270 1192 1336 Quare
1223 1278 1274 1325 et
1316 1269 1580 1326 Dominus
1607 1269 1672 1326 de
1702 1270 1984 1324 humilita-

413 1360 484 1414 tis
510 1361 658 1414 cuitu
691 1361 967 1417 disserens
982 1362 1152 1416 ait":
1189 1379 1208 1414 ι
1241 1360 1297 1416 Si
1323 1376 1422 1432 ego
1453 1361 1554 1415 lavi
1581 1361 1746 1431 pedes
1771 1372 1985 1417 vestros

417 1450 680 1507 Dominus
734 1460 788 1508 et
825 1452 1104 1522 Magister,
1167 1472 1186 1506 ›
1247 1469 1353 1509 etc.
1405 1454 1569 1509 Addit
1599 1469 1774 1509 vero:
1816 1474 1835 1506 ι
1879 1455 1983 1522 Qui

415 1545 469 1590 et
497 1537 641 1606 ejus,
681 1554 804 1608 quae
836 1539 890 1594 in
924 1540 1111 1595 futuro
1143 1543 1430 1596 revelanda
1465 1550 1568 1604 est,
1609 1544 1798 1614 gloriae
1829 1559 1984 1598 com-

417 1630 750 1693 municatur,
787 1649 807 1682 ι
837 1646 933 1688 seu
969 1646 1222 1698 consors,
1252 1641 1312 1688 ut
1361 1633 1688 1690 humilitatis
1708 1637 1991 1690 excellen-

418 1721 547 1776 tiam
575 1723 1009 1780 demonstraret:
1033 1726 1491 1794 quemadmodum
1515 1735 1569 1781 ct
1587 1726 1787 1782 Paulus
1803 1728 1938 1782 ait"
1967 1744 1983 1781 :

424 1827 448 1863 ‹
499 1812 638 1866 Cum
683 1813 934 1870 Christus
985 1817 1319 1886 apparuerit,
1345 1826 1477 1871 tunc
1497 1827 1551 1872 et
1576 1833 1675 1873 nos
1692 1820 1988 1888 apparebi-

418 1903 613 1958 musin
637 1904 828 1974 gloria.
869 1925 887 1957 ι
931 1905 1100 1962 Porro
1135 1925 1154 1959 ι
1187 1923 1292 1961 non
1326 1916 1514 1964 coacte
1551 1926 1571 1962 ι
1609 1923 1828 1980 gregem
1865 1909 1982 1974 Dei,
2020 1889 2061 1946 Β

419 1994 596 2062 pascit
626 1995 737 2059 ille,
770 1995 860 2066 qui
888 2004 1145 2066 tanquam
1183 2014 1202 2047 ι
1244 1997 1469 2051 formam
1501 2015 1519 2048 ι
1558 1997 1696 2052 bene
1723 1997 1983 2066 operandi

421 2083 656 2138 subditis
689 2087 804 2138 suis
834 2085 1001 2157 380
1049 2088 1402 2154 semetipsum
1443 2102 1779 2158 proponens,
1813 2087 1987 2143 disci-

422 2175 579 2244 pulos
609 2177 771 2231 habet
802 2193 860 2233 se
891 2189 1082 2233 atntuo
1137 2179 1427 2234 incitantes
1489 2179 1558 2234 ad
1618 2179 1982 2234 imitationem

422 2265 691 2337 Μίδεω-ἰ.
718 2269 794 2324 Ac
827 2287 845 2320 ι
883 2271 1061 2339 turpis
1091 2271 1226 2325 lucri
1268 2289 1287 2323 ι
1324 2281 1574 2340 raptatur
1617 2287 1722 2325 non
1750 2281 1836 2327 est
1869 2271 1984 2336 ille,

419 2359 517 2428 qui
547 2375 712 2430 supra
735 2361 1012 2432 subjectos
1039 2378 1163 2418 sese
1189 2373 1511 2433 arroganter
1533 2379 1640 2418 non
1671 2364 1851 2428 eﬂert,
1895 2361 1988 2416 sed

427 2450 707 2508 humiliter
744 2469 866 2508 cum
894 2455 1028 2524 ipsis
1055 2464 1303 2509 versatur
1331 2473 1343 2507 :
1379 2471 1473 2510 seu
1501 2457 1590 2525 qui
1622 2470 1722 2510 nec
1753 2453 1990 2522 pretiosa

424 2542 772 2606 vestimenta,
803 2558 902 2598 nec
942 2553 1320 2611 sumptuosam
1359 2561 1628 2608 mensam,
1665 2543 1984 2613 enjusmodi

426 2636 740 2705 arrogantia
782 2637 1006 2707 expetit,
1039 2646 1091 2690 et
1139 2647 1296 2706 turpe
1335 2638 1552 2692 luerum
1579 2637 1989 2702 subministrat,

425 2728 678 2797 requirit.
713 2744 732 2778 ι
765 2727 984 2783 (lterum
1026 2747 1044 2781 ι
1081 2738 1237 2782 vocat
1268 2744 1485 2783 sacrum
1513 2738 1741 2785 εει-ιιιιιι.
1775 2727 1994 2784 Addens

428 2827 650 2872 autem:
682 2837 700 2871 t
737 2819 932 2873 Forma
967 2821 1090 2874 lacti
1121 2820 1320 2891 gregis,
1362 2839 1381 2872 ι
1415 2837 1520 2874 nou
1545 2830 1733 2875 coacte
1762 2836 1992 2891 pascen-

427 2909 557 2964 dum
599 2911 780 2966 docet.
831 2912 888 2965 ltt
927 2927 994 2966 eo
1045 2923 1270 2966 autem:
1310 2931 1328 2963 ι
1392 2911 1456 2965 Et
1507 2929 1630 2966 cum
1679 2913 1996 2982 apparuerit

428 3001 689 3070 Princeps
718 3014 1018 3071 pastorum,
1051 3023 1070 3054 ι
1109 3005 1238 3058 illud
1267 3025 1284 3056 ι
1323 3014 1376 3058 et
1416 3023 1433 3056 ι
1465 3005 1729 3073 particula
1760 3004 1997 3059 causalis

433 3093 520 3146 hic
543 3102 648 3156 est,
681 3093 855 3162 posita
883 3109 1030 3164 pro,c
1061 3103 1120 3149 ut
1157 3113 1176 3147 ι
1230 3111 1244 3159 ;
1272 3095 1518 3163 adeoque
1555 3111 1750 3149 sensus
1802 3095 1994 3164 hujus-

431 3183 575 3238 modi
599 3192 721 3239 est:
764 3203 783 3237 ι
816 3185 882 3240 Ut
901 3201 1025 3240 cum
1049 3187 1362 3258 apparuerit
1385 3185 1645 3257 Princeps
1675 3195 1950 3256 pastorum
1977 3227 1992 3251 ,

433 3277 752 3346 percipiatis
780 3279 1323 3349 incorruptibilitatis
1344 3295 1625 3334 coronam.
1661 3277 1867 3334 Omnes
1896 3295 1992 3334 au-

433 3378 539 3423 tem
565 3367 798 3422 invicem
825 3369 1082 3438 Sltltjet'li,
1124 3370 1486 3426 humilitatem
1529 3372 1789 3427 innectite
1826 3389 1839 3424 :
1873 3371 1998 3440 quia

434 3457 580 3512 Deus
618 3459 866 3528 superbis
901 3463 1146 3527 resistit,
1201 3461 1503 3517 humilibus
1535 3470 1715 3517 autem
1753 3463 1844 3515 dat
1874 3477 2000 3528 gra-

433 3550 589 3604 tiam.
629 3567 649 3602 ι
707 3551 863 3617 ΙΙΙιιιΙ,
902 3569 922 3603 ι
971 3552 1264 3615 innectite,
1302 3573 1323 3606 ι
1367 3555 1446 3622 (6)
1499 3553 1642 3608 idem
1715 3551 1803 3608 hic
1863 3554 2003 3606 valet

433 3658 500 3697 ac
559 3643 838 3711 involvite,
898 3644 1261 3715 circumdate,
1322 3647 1608 3713 assutuite,
1667 3645 1999 3715 complecta-

509 3829 671 3886 Vsns.
726 3831 838 3894 6,7.
899 3848 919 3882 ι
958 3829 1331 3887 iituniliamini
1389 3833 1554 3903 igitur
1599 3835 1706 3891 sub
1779 3834 1995 3904 potenti

435 3937 602 3979 manu
641 3923 754 3988 Dei,
794 3935 852 3978 ttt
874 3940 972 3979 vos
1003 3925 1204 3980 exalth
1247 3926 1300 3980 in
1339 3934 1584 3994 tempore
1614 3942 1716 3982 suo
1739 3928 1840 3996 (7).
1870 3925 2004 3982 0m-

436 4030 560 4069 ncm
591 4015 1020 4069 sollicitudinem
1069 4027 1307 4070 vestram
1363 4017 1718 4085 projicicntes
1764 4018 1818 4072 in
1849 4033 2002 4080 eum.

435 4105 698 4174 quoniam
759 4106 861 4173 ipsi
915 4120 1046 4159 cura
1085 4113 1170 4161 est
1216 4106 1283 4160 de
1324 4107 1498 4161 vobis.
1537 4125 1557 4160 ι
1599 4135 1673 4150 -
1700 4126 1720 4160 ι
1759 4107 2005 4178 Tempus

437 4213 620 4261 suum,
652 4215 670 4248 ι
707 4197 914 4264 Ιιοοζοει
947 4208 1312 4266 Opportunum
1343 4202 1434 4253 hic
1456 4199 1624 4264 dicit;
1645 4201 2006 4271 quemadmo-

435 4287 566 4343 dum
593 4297 646 4342 et
673 4287 861 4350 David,
888 4304 1011 4344 cum
1053 4289 1132 4344 ait
1165 4291 1214 4322 "
1249 4307 1263 4342 :
1297 4309 1317 4341 ι
1353 4291 1513 4356 Quod
1559 4293 1798 4348 fructum
1841 4309 2004 4348 suum

437 4381 588 4434 dabit
624 4381 677 4435 in
705 4390 951 4451 tempore
981 4397 1104 4436 suo.
1142 4400 1160 4434 ι
1190 4382 1353 4436 Addit
1391 4393 1571 4438 autem
1612 4403 1631 4437 ι
1669 4383 1727 4439 in
1757 4397 2006 4454 tempore

435 4488 559 4534 suo,
595 4491 615 4526 ι
656 4475 783 4542 quia
809 4473 1222 4529 tleexaltatione
1249 4475 1562 4544 loquiturin
1593 4475 1774 4531 futuro
1803 4477 2006 4532 sarculo

2087 639 2182 691 καὶ
2201 638 2284 690 ὅτι
2316 632 2814 704 ταπεινοφροσύνης
2835 631 3022 686 ἕνεκεν
3052 653 3070 685 ι
3101 634 3592 704 συμπρεσσὺτερον
3626 655 3644 686 ι

2084 727 2276 782 ἑαυτὸν
2297 726 2442 792 λέγει
2459 741 2474 755 ·
2503 725 2701 792 ἀπάγει
2730 723 2790 776 τὸ
2806 723 3021 795 ἀξίωμα
3041 725 3258 789 ἑαυτοῦ,
3277 725 3358 788 τι,
3389 744 3408 778 ι
3444 727 3667 796 μάρτυς

2084 817 2194 871 τῶν
2221 817 2315 870 το]
2349 815 2586 886 Χριστοῦ
2620 814 2959 886 παθημάτων
2989 832 3006 847 ο
3044 834 3063 868 a
3120 815 3286 870 οἱονεὶ
3330 816 3528 886 λέγων,
3583 818 3685 871 ὅτι-

2087 909 2148 962 Εί
2176 906 2286 976 ἐγὼ
2312 908 2341 960 ὁ
2369 907 2481 961 τῶν
2529 907 2787 960 τοιούτων
2827 907 2957 976 ὑμίν
3011 906 3300 977 θεαμάτων
3357 907 3668 978 ὑφηγητὴς,

2085 999 2185 1051 οὑκ
2244 995 2460 1062 ἀπαξιῶ
2523 1017 2542 1049 ι
2579 996 3061 1068 συμπρεσσύτερον
3094 1014 3112 1048 ι
3161 997 3400 1065 ιμαυτδν
3459 997 3668 1061 καλεῖν,

2094 1089 2214 1143 οὐδὲ
2252 1089 2410 1158 ὑμεῖς
2444 1088 2654 1142 δίκαιον
2697 1087 3098 1159 κατεπαίρεσθε
3156 1088 3222 1157 [ί.
3274 1088 3477 1143 δίκαιοι
3533 1107 3669 1142 κατι

2085 1180 2434 1253 επαίρεσθαι]
2463 1181 2570 1234 τῶν
2600 1181 2690 1250 ὑφ’
2722 1181 2865 1251 ὑμᾶς
2887 1179 3203 1238 τελούντων.
3222 1180 3394 1234 Τοῦτο
3425 1181 3483 1234 δὲ
3521 1183 3672 1234 καὶὸ

2088 1272 2292 1341 Κύριός
2321 1289 2455 1342 φησι
2485 1272 2615 1342 περὶ
2638 1272 3141 1340 ταπεινοφροσύνης
3169 1270 3342 1338 λέγων
3376 1287 3390 1300 ·
3423 1290 3444 1322 ε
3487 1272 3547 1324 Εἰ
3573 1267 3674 1324 οὖν

2088 1363 2200 1432 ἑγὼ
2227 1365 2254 1415 ὀ
2276 1364 2477 1433 Κύριος
2507 1363 2601 1416 καὶ
2629 1363 2980 1426 Διδασκάλος,
3012 1362 3169 1432 ἔνιψα
3197 1363 3350 1432 ὑμῶν
3395 1365 3520 1426 τοὺς
3567 1363 3670 1415 πό-

2087 1459 2202 1520 δας.
2245 1477 2262 1510 ι
2299 1458 2373 1510 Τὸ
2399 1457 2476 1518 δὲ,
2533 1477 2551 1509 ι
2582 1459 2842 1520 κοινωνός
2896 1459 2994 1526 τῆς
3018 1455 3369 1527 [μελλούσης]
3401 1456 3682 1509 ἀποκαλύ-

2088 1550 2319 1604 πτεσθαι
2341 1548 2556 1618 δόξης,ι
2581 1548 2956 1619 προστίθησιν,
2986 1548 3074 1602 ἵνα
3117 1561 3442 1618 παραστήσῃ
3473 1548 3533 1600 τδ
3576 1551 3674 1616 τῆς,

2088 1639 2592 1709 ταπεινοφροσύνης
2616 1637 2913 1709 ἐξαίρετον,
2942 1636 3018 1700 ὡς
3065 1639 3160 1691 καὶ
3200 1636 3414 1700 Παῦλος
3453 1654 3618 1706 φησιν
3658 1653 3673 1666 ο

2096 1748 2116 1783 ⁸
2152 1730 2324 1783 Ὅταν
2356 1729 2384 1780 6
2408 1727 2642 1799 Χριστὸς
2675 1727 2988 1797 φανερωθῇ,
3024 1726 3141 1780 τότε
3168 1727 3265 1780 καὶ
3315 1729 3481 1796 ἡμεῖς
3512 1745 3679 1795 em-

2095 1820 2478 1892 ρωθησόμεθα.
2526 1837 2546 1872 a
2589 1847 2656 1858 -—
2714 1837 2734 1871 ι
2801 1819 2892 1888 Μὴ
2948 1816 3310 1885 ἀναγκαστῶς
3349 1836 3369 1870 ι
3417 1817 3477 1870 δὲ
3517 1810 3680 1880 οὗτος

2099 1909 2425 1984 [ποιμανεῐ,]
2455 1909 2516 1973 ὃς
2575 1929 2593 1962 ι
2625 1907 2793 1963 τύπον
2825 1926 2844 1960 ι
2903 1907 3095 1961 ἑαυτὸν
3139 1906 3504 1977 ἀγαθοεργίας
3561 1911 3680 1969 τοῖς

2097 1991 2187 2072 ὑφ’
2215 2003 2409 2056 taurini
2464 1999 2766 2072 προτιθεὶς,
2821 1999 2948 2064 τοὶς
2990 1998 3461 2069 μαθητευομὲνους
3513 1998 3675 2072 [ἔχει]

2095 2092 2234 2164 πρὸς
2263 2091 2424 2161 ζῆλον
2455 2090 2549 2145 τοῦ
2577 2091 2912 2144 Διδασκῦου
2967 2089 3463 2158 κατεπιγομένους
3507 2090 3672 2157 ἀλλή-

2095 2181 2203 2236 λων
2236 2197 2251 2214 ο
2290 2181 2366 2252 μὴ
2403 2198 2422 2232 ι
2463 2181 2866 2252 αἰσχροκερδῶς
2903 2197 2926 2233 ι
2992 2179 3072 2246 δὲ,
3102 2179 3131 2232 ὀ
3163 2178 3238 2249 μὴ
3263 2178 3330 2232 δι’
3358 2178 3678 2243 ἀλαζονείας

2097 2270 2304 2342 προῖὼν
2353 2271 2451 2325 καὶ
2484 2269 2950 2340 κατεπαιρόμενος
2975 2268 3084 2322 τῶν
3106 2268 3502 2338 ὑποκειμένων,
3558 2268 3678 2321 ἀλλ’

2097 2364 2156 2416 ιν
2179 2361 2424 2432 εὑτελεία
2452 2361 2675 2426 διαζῶν,
2704 2361 2760 2414 εῐ
2800 2378 2886 2424 τις
2930 2360 3160 2430 ἱματίων
3212 2359 3536 2424 πολυτελῶν,
3582 2362 3681 2412 καὶ

2097 2455 2373 2526 τραπέζης
2401 2454 2591 2524 ὁμοίας
2613 2454 2713 2508 οὑκ
2741 2453 3008 2523 ἐπιζητεῖ,
3036 2451 3185 2522 ἀτὴν
3208 2450 3527 2515 ἀλαζονείαν
3585 2451 3682 2503 καὶ

2095 2546 2198 2616 τὴν
2225 2545 2332 2600 ἀπὸ
2359 2546 2458 2614 τῆς
2491 2545 2930 2616 αἰσχροκερδείας
2957 2544 3226 2616 χορηγίαν
3265 2545 3428 2596 ποιεῖ.
3479 2562 3497 2595 ι
3533 2543 3683 2612 1(λῆ-

2101 2654 2194 2707 ρον
2238 2655 2256 2688 ι
2285 2637 2343 2690 δὲ
2398 2637 2460 2690 τὺ
2484 2638 2629 2708 ἱερὸν
2658 2636 2911 2706 σύστημα
2944 2635 3119 2700 καλεῖ,
3151 2635 3465 2706 προστιθεὶς
3493 2635 3549 2689 δὲ
3593 2635 3678 2695 τὸ,

2105 2749 2124 2782 ι
2154 2729 2312 2784 τύποι
2361 2730 2644 2800 γενόμενοι
2697 2727 2793 2782 τοῦ
2840 2727 3112 2796 ποιμνίου,
3147 2747 3166 2781 ι
3208 2727 3270 2781 τὸ
3318 2727 3681 2797 ἀναγκαστῶς

2104 2821 2178 2892 μὴ
2219 2820 2525 2890 ποιμαίνειν
2571 2819 2756 2892 φησίν.
2792 2819 2880 2872 Ἐν
2933 2818 2992 2872 δὲ
3049 2817 3146 2888 τῷ,
3185 2835 3207 2870 ε
3248 2816 3406 2890 [Καὶ]
3431 2835 3681 2890 φανερω-

2101 2914 2283 2976 θέντος
2309 2913 2401 2967 τοῦ
2447 2910 2875 2982 Ἀρχιποίμενος,
2924 2929 2942 2962 ι
2969 2912 3016 2972 ὁ,
3051 2930 3070 2962 ι
3106 2912 3234 2974 καὶ,
3268 2929 3287 2962 ι
3321 2911 3684 2977 αἱτιολογικδς

2104 3005 2400 3073 σύνδεσμος
2421 3007 2618 3067 κεῖται,
2651 3003 2771 3056 ἀντὶ
2805 3001 2921 3066 τοῦ,
2945 3002 3032 3057 ἵνα
3057 3003 3187 3073 γὰρ,
3223 3003 3615 3066 Εστιτδμεκαὶ,
3643 3021 3665 3054 ι

2103 3095 2193 3150 ἴνα
2257 3113 2275 3146 ι
2304 3096 2705 3166 φανερωθέντος
2743 3094 2838 3148 τοῦ
2901 3094 3331 3166 Ἀρχιποίμενος,
3399 3095 3684 3166 κομιεῖσθε

2102 3187 2194 3241 τὸν
2222 3206 2240 3238 ι
2267 3190 2366 3256 τῆς
2399 3185 2707 3259 ἀφθαρσίας
2745 3205 2764 3238 ι
2790 3186 3070 3256 στέφανον.
3105 3205 3227 3238 ι-ι
3263 3187 3470 3252 ili-ns;
3500 3189 3556 3240 δὲ
3589 3188 3685 3240 ἁλ-

2101 3279 2283 3350 λήλοις
2317 3280 2767 3352 ὑποτασσόμενοι,
2799 3280 2897 3351 τὴν
2927 3280 3435 3351 ταπεινοφροσύνην,
3485 3281 3690 3350 ἐγκομ-

2103 3371 2350 3425 6ὡσασοε
2385 3387 2400 3404 ’
2459 3373 2541 3425 ὅτι
2594 3372 2624 3424 ὁ
2686 3372 2818 3436 Θεὸς
2862 3373 3232 3442 ὑπερηφάνοις
3276 3372 3686 3439 ἀντιτάσσεται,

2100 3465 2378 3527 ταπεινοῖς
2406 3463 2462 3516 δὲ
2493 3463 2678 3516 δίδωσι
2711 3465 2888 3534 χάριν.
2927 3482 2946 3516 ι
2972 3465 3066 3529 Τὸ,
3105 3482 3123 3516 ι
3163 3463 3682 3533 ⁹Εγκομ6ὡσασθε,ι

2103 3555 2222 3609 ἀντὶ
2244 3554 2356 3618 τοῦ,
2379 3555 2750 3626 ὲνειλήσασθε,
2778 3556 3134 3628 περιϐαλέσθε
3167 3572 3183 3589 ο
3235 3555 3271 3627 ἢ
3326 3555 3690 3619 ἀνασάλεσθε,

2103 3644 2515 3700 ἁναστείλασθε.

2184 3851 2202 3883 ι
2243 3827 2628 3900 Ταπεινῶθητε
2648 3824 2741 3884 οὖν
2770 3828 2876 3882 ὑπὸ
2927 3827 3026 3899 τὴν
3073 3829 3340 3898 κραταιὰν
3383 3832 3543 3900 χεῖρα
3589 3831 3687 3883 τοῦ

2106 3923 2266 3986 Θεοῦ,
2301 3924 2390 3977 ῐνα
2417 3921 2606 3993 ὑψώσῃ
2630 3922 2779 3993 ὑμᾶς
2827 3923 2886 3974 ἑν
2907 3920 3105 3992 καιρῷ,
3159 3923 3339 3975 πᾶσαν
3386 3922 3485 3991 τὴν
3527 3921 3693 3992 μέρι-

2111 4032 2249 4085 μναν
2276 4014 2430 4084 ὑμῶν
2457 4013 2842 4086 ἑπιρρίψαντες
2867 4015 2954 4067 ἐπ’
2976 4013 3156 4082 αὑτὸν,
3179 4013 3260 4068 ὅτι
3321 4013 3473 4085 αὑτῷ
3533 4014 3693 4084 μέλει

2109 4107 2240 4178 περὶ
2274 4108 2449 4176 ὑμῶν.
2487 4126 2504 4156 ι
2547 4136 2610 4147 -
2657 4128 2675 4158 ι
2699 4105 2912 4176 Καιρδν
2947 4124 2964 4157 ι
3000 4105 3092 4159 τδν
3145 4106 3454 4176 ἐπιτήδειόν
3501 4123 3694 4175 φησιν,

2107 4201 2184 4265 ὡς
2205 4201 2346 4254 καὶὺ
2376 4199 2540 4253 Δαὸἰδ
2573 4214 2588 4230 ο
2652 4217 2672 4250 ι
2710 4199 2776 4251 ὐ
2806 4199 2898 4252 τὸν
2925 4197 3138 4266 καρπὸν
3196 4197 3363 4250 αὑτοῦ
3418 4196 3582 4250 δώσει
3632 4201 3696 4250 ἐν

2108 4292 2287 4362 καιρῷ
2331 4289 2498 4346 αὑτοῦ
2529 4307 2542 4321 ·
2577 4309 2598 4343 ι
2652 4289 2976 4360 πρόσκειται
3009 4288 3066 4342 δι
3114 4289 3196 4352 τὸ,
3228 4308 3248 4340 ι
3292 4290 3352 4342 ὲν
3411 4289 3590 4360 καιρῷ
3615 4305 3630 4319 ·
3669 4310 3688 4340 ι

2111 4382 2247 4455 πρὸς
2265 4382 2372 4450 γὰρ
2398 4379 2496 4451 τὴν
2531 4379 2591 4433 ἐν
2607 4379 2685 4449 τῷ
2727 4377 2979 4448 μέλλοντι
3033 4379 3190 4433 αἰῶνι
3239 4379 3448 4449 ὕψωσιν
3510 4398 3689 4450 παρα-

2109 4475 2410 4545 πέμπεται,
2437 4473 2560 4542 ἣτις
2581 4472 2674 4528 καὶ
2724 4473 2888 4543 [μόνη
2917 4470 3146 4542 Musa]
3197 4472 3274 4532 ῶς
3327 4472 3688 4535 ἀναλλοίωτος

438 4564 723 4629 habenda;
755 4581 880 4634 qua:
921 4567 1034 4620 sola
1067 4566 1413 4621 invariahilis
1463 4583 1529 4622 ac
1577 4579 1840 4639 perpetua
1897 4581 2000 4626 est.

2112 4567 2205 4620 καὶ
2223 4565 2620 4628 διαιωνίζόυσα.
2650 4565 2714 4617 Ἦ
2743 4563 2852 4633 γὰρ
2876 4562 3110 4618 ἐνταῦθα
3139 4563 3345 4633 ὓψωσις
3373 4565 3473 4618 οὑκ
3507 4567 3685 4635 ἀσφα-

438 4655 708 4710 Esaltatio
732 4671 986 4726 namque,
1019 4673 1141 4726 qute
1159 4659 1210 4711 in
1233 4657 1337 4712 hoc
1358 4660 1557 4714 saeculo
1585 4659 1884 4725 obtinetur,
1909 4675 2010 4717 nec

439 4761 659 4812 secura,
689 4764 868 4817 neque
886 4750 1102 4804 stabilis
1128 4759 1210 4805 est
1235 4767 1252 4816 ;
1282 4751 1482 4820 quippe
1507 4767 1628 4820 qua:
1648 4753 1812 4808 citius
1842 4767 2006 4822 quam

438 4837 684 4898 advenit.
719 4843 1016 4896 evanescit.
1054 4842 1121 4894 At
1156 4844 1464 4898 humilitate
1498 4859 1682 4900 veram
1719 4844 2008 4900 exaltatio-

438 4943 566 4985 nem
595 4933 922 5000 comparari,
959 4941 1013 4986 et
1038 4932 1154 5002 ipse
1195 4933 1458 4989 Dominus
1500 4936 1703 4990 diserte
1732 4934 1894 4990 docet
1924 4935 2010 4990 his

439 5020 623 5076 verbis
651 5021 698 5055 "
737 5038 750 5074 :
799 5041 818 5074 ι
853 5023 1056 5091 ξοιιιιιίε
1072 5026 1164 5095 qui
1207 5041 1268 5081 se
1290 5028 1496 5080 cxaltat
1519 5026 1918 5092 bumiiiabitur,
1954 5034 2012 5080 et

434 5114 532 5182 qui
559 5128 620 5168 sc
649 5114 895 5170 humiliat
921 5117 1250 5171 esaitabitur
1273 5157 1288 5171 .
1333 5135 1352 5168 ι
1394 5116 1523 5171 Et"
1558 5132 1572 5169 :
1610 5134 1630 5168 ι
1663 5116 1720 5170 Si
1751 5117 1875 5188 quis
1899 5115 2015 5170 vult

441 5207 656 5276 primus
685 5222 827 5273 esse,
861 5209 967 5262 crit
994 5210 1236 5264 omnium
1291 5207 1644 5264 novissimus.
1722 5225 1741 5260 ι
1831 5207 2015 5261 innuit

439 5305 622 5350 autent
655 5312 751 5367 per
801 5299 956 5362 illttd,
989 5317 1009 5350 ι
1058 5299 1110 5353 ἰιι
1138 5309 1379 5368 tempore
1432 5314 1553 5361 suo,
1602 5317 1622 5350 ι
1662 5305 1721 5352 nt
1750 5297 2010 5360 t'liximus,

439 5385 604 5437 etiam
635 5387 688 5440 itt
723 5385 906 5441 futuro
950 5389 1153 5443 ssecnio
1192 5390 1430 5460 promitti
1465 5389 1763 5442 humilibus
1807 5388 2013 5442 exalta-

445 5473 674 5530 tionem.
729 5477 1093 5534 Stabilitatetn
1145 5481 1290 5536 enim
1340 5491 1396 5537 et
1443 5481 1876 5536 imtnobil'ttatem
1929 5495 2016 5535 res

2109 4658 2228 4730 λης,
2277 4657 2401 4711 οὑδὲ
2434 4654 2646 4727 βεϐαία,
2688 4654 2822 4708 ἀλλά
2865 4654 3122 4725 θᾶττονῆ
3171 4654 3451 4724 ὑψωθῆναι
3501 4674 3689 4709 ταπει-

2108 4753 2365 4822 νουμένη.
2404 4749 2576 4820 Τῆσδε
2609 4747 3010 4813 ταπεινώσεως,
3064 4749 3164 4816 τῆς
3225 4748 3284 4800 τὸ
3321 4747 3452 4817 ὕψος
3506 4749 3690 4802 ποιού-

2110 4861 2236 4913 σης,
2255 4843 2350 4896 καὶ
2381 4840 2540 4903 αὑτὸς
2568 4839 2598 4891 ύ
2620 4837 2822 4909 Κύριός
2853 4856 2986 4908 φησι
3021 4853 3033 4865 ·
3068 4856 3088 4890 ι
3129 4839 3240 4900 Πᾶς
3268 4837 3460 4906 ὸὺψῶν
3477 4838 3694 4896 ἑαυτὸν,

2114 4933 2582 5001 ταπεινωθήσεται
2613 4945 2631 4963 ⁶
2667 4931 2808 4984 καὶὸ
2841 4930 3116 4984 ταπεινῶν
3142 4931 3357 4995 ἑαυτὸν,
3413 4929 3697 5000 ὑψωθήσε-

2116 5039 2208 5079 ται
2248 5038 2263 5053 ·
2299 5042 2318 5076 ι
2352 5022 2463 5085 καὶ,
2497 5040 2516 5072 ι
2557 5020 2617 5075 Ὀ
2649 5021 2821 5076 θέλων
2853 5024 2910 5074 ὲν
2941 5021 3070 5091 ὑμῖν
3116 5017 3258 5075 εἶναι
3285 5022 3521 5092 πρῶτος,
3555 5022 3698 5074 ἔστω

2118 5114 2337 5168 πάντων
2357 5114 2600 5184 ἔσχατος.
2633 5133 2652 5164 ι
2673 5113 2928 5183 ᾙνίξατο
2947 5113 3003 5165 δὲ
3030 5112 3140 5182 [διὰ
3160 5113 3276 5174 τοῦ,
3307 5132 3326 5167 ι
3355 5115 3413 5166 ὲν
3434 5113 3695 5184 καιριῖω]

2116 5204 2194 5267 ὡς
2220 5204 2457 5272 εφημεν,
2508 5203 2604 5257 καὶ
2658 5203 2716 5257 τὺ
2769 5205 2849 5267 εἰς
2885 5203 2976 5255 τὸν
3009 5203 3275 5274 μέλλοντα
3321 5204 3494 5256 αἰῶνα
3522 5207 3694 5271 ἐπαγ·

2123 5295 2410 5362 γέλλεσθαι
2441 5294 2538 5364 τὴν
2572 5293 2679 5349 ἀπὸ
2703 5294 2801 5362 τῆς
2830 5295 3210 5358 ταπεινώσεως
3233 5294 3463 5363 ὕψωσεν.
3504 5295 3562 5347 Ὀ
3584 5295 3695 5363 γὰρ

2120 5385 2227 5439 τῶν
2265 5385 2640 5438 ἀναλλοιῶτων
2667 5385 2856 5453 καιρὸς
2888 5386 2946 5437 ἐν
2967 5385 3042 5453 τῷ
3078 5385 3322 5454 μέλλοντι
3356 5387 3533 5440 αἰῶνι.
3561 5382 3694 5438 Εἶτα

2121 5477 2182 5530 τὸ
2203 5477 2321 5540 δέος
2342 5476 2591 5547 ἀφαιρῶν
2630 5476 2692 5529 τὸ
2724 5476 2822 5539 τῐις
2846 5476 3250 5544 ταπεινώσεως,
3277 5479 3409 5548 φησί
3435 5495 3452 5510 ο
3489 5481 3583 5549 Mi;
3612 5478 3694 5531 δὲ-

520 5635 570 5668 "
595 5635 752 5692 Joan.
778 5655 899 5706 xm,
929 5640 1014 5695 Η.
1091 5641 1136 5673 ’⁸
1162 5641 1376 5699 Coloss.
1403 5657 1486 5708 ιιι,
1521 5641 1574 5697 ι.
1653 5642 1696 5675 ⁷⁷
1730 5641 1871 5697 Psal.
1901 5655 1942 5706 ι,
1964 5641 2011 5694 5.

2102 5640 2132 5671 ’⁸
2156 5638 2290 5693 Luc.
2327 5655 2435 5696 χιιι.
2479 5639 2561 5701 ll,
2598 5654 2750 5704 xvut,
2789 5639 2870 5695 ιι.
2951 5641 2998 5673 τ’
3023 5639 3406 5704 Mart'..tx,5i.

1661 5762 1961 5826 Bottifucii
2009 5762 2229 5824 Ftttetti
2279 5769 2473 5828 nota),

524 5860 604 5934 (6)
631 5859 780 5933 Vulg.
810 5860 992 5928 habet,
1030 5861 1311 5919 iusiuuate.

2188 5863 2268 5932 (7)
2307 5862 2484 5932 γυιεη
2512 5863 2564 5917 iu
2598 5872 2820 5930 (comere
2855 5863 3190 5919 t'iaitatiout’s.
