4010 6594
284 431 419 501 125⁸1

1054 436 1462 501 EXPOSITIO
1488 438 1570 501 IN
1601 438 1841 503 EPIST.
1874 439 1933 499 II
1972 441 2033 501 S.
2073 438 2325 501 PETRI.
2366 465 2435 479 -·
2469 442 2625 508 CAP.
2658 441 2710 503 ῐ.

2052 323 2097 335 ο
2120 326 2125 327 ⁷

3373 439 3511 505 125i

277 549 346 603 δι’
403 543 478 600 ὢν
537 546 607 601 sit
657 546 810 617 τίμια
862 547 953 601 καὶ
992 548 1229 617 μέγιστα
1281 550 1413 620 ἡμῖν
1446 551 1874 623 ἐπαγγέλμαται

1960 554 2025 605 ria
2097 561 2149 607 ct
2198 553 2415 609 virtute.
2482 552 2584 608 Per
2635 567 2795 623 quem
2844 553 3077 608 maxima
3154 560 3208 607 et
3277 556 3499 622 prtrtima

276 637 599 710 δεδώρηται.
638 658 657 691 ι
693 638 766 693 Τὸ
827 639 955 709 ἑξῆς
992 639 1154 695 οὕτωσ
1189 640 1366 713 Χάρις
1401 644 1532 713 ύμῖν
1566 644 1661 697 καὶ
1695 645 1844 715 είρή-

276 749 368 799 νη,
418 732 494 795 ὡς
527 732 704 786 πάντα
731 732 867 800 πρὸς
915 732 1060 803 ζωὴν
1095 734 1193 787 καὶ
1224 734 1510 789 εὐσέϐειαν
1538 737 1598 789 ἐν
1626 739 1693 808 τῇ
1726 738 1846 789 ἐπι-

277 824 479 894 γνώσει
534 822 629 878 τοῦ
668 821 807 877 Θεού
845 823 1137 894 καὶίησοῦ
1179 825 1275 879 τοῦ
1309 825 1515 897 Κυρίου
1552 826 1729 897 ἡμῶν,
1760 826 1848 880 διὰ

275 918 375 986 τῆς
403 916 551 977 θείας
573 915 739 969 αὐτού
781 916 1062 987 δυνάμεως
1095 917 1196 987 τῆς
1223 919 1445 989 χάριτος
1474 918 1680 989 ταύτης
1719 920 1849 990 ὑμῖν

276 1009 678 1079 δωρησαμένης
710 1008 790 1071 είς
821 1008 920 1080 τὴν
965 1009 1259 1076 ἐπίγνωσιν
1282 1010 1380 1081 τῆς
1402 1009 1561 1079 δόξης
1591 1012 1686 1065 καὶ
1718 1014 1847 1078 ἀρεο

276 1100 399 1169 τῆς,
424 1099 491 1152 δι’
527 1092 602 1153 ὧν
636 1098 705 1152 τὰ
746 1100 980 1167 μέγιστα
1030 1099 1424 1171 ἐπαγγέλματα
1459 1101 1730 1172 ἐδωρήθη·
1759 1102 1848 1154 ἴνα

276 1191 652 1267 ἀποφυγόντες
691 1189 789 1261 τὴν
829 1191 1100 1261 κοσμικὴν
1147 1190 1354 1262 φθορὰν
1378 1231 1394 1255 ,
1420 1192 1518 1263 τὴν
1563 1192 1632 1246 δι’
1660 1194 1848 1247 ἐπιθυ-

282 1281 409 1351 μίας
445 1281 823 1352 ἐγγινομένην,
877 1281 1107 1350 γένησθε
1148 1283 1395 1337 κοινωνοὶ
1429 1283 1577 1346 θείας
1608 1283 1848 1352 φύσεως.

283 1372 494 1434 Ἀλλως
525 1386 539 1400 ’
599 1373 697 1425 Διά
758 1370 976 1443 μακροῦ
1031 1373 1131 1441 μὲν
1183 1373 1524 1428 ἀποδέδοταν
1558 1374 1673 1427 ἔστι
1710 1374 1765 1427 δὲ
1813 1377 1847 1446 ἡ

277 1464 488 1523 διάνοια
535 1463 697 1533 αὔτηο
742 1465 829 1526 Ὠς
878 1463 1050 1535 μυρία
1083 1463 1341 1529 λαόόντες
1392 1464 1575 1533 ἀγαθά
1626 1465 1715 1520 διὰ
1750 1467 1850 1537 τῆς

277 1558 563 1626 δυνάμεως
601 1554 696 1607 τοῦ
728 1554 992 1625 Χριστοῦ,
1024 1554 1301 1625 δυνάμεθα
1328 1557 1420 1610 καὶ
1459 1556 1611 1620 θείας
1635 1557 1850 1625 φύσεως

1946 641 2103 699 nobis
2159 644 2425 712 promissa
2474 644 2716 699 donavit.
2758 664 2776 694 ι
2806 643 2954 701 Ordo
3006 645 3094 699 hic
3151 656 3279 699 est:
3330 642 3503 700 Gratia

1945 732 2097 787 vobis
2135 743 2188 786 et
2219 748 2320 803 pax
2359 734 2464 800 sit;
2508 733 2964 803 quemadmodum
2998 735 3181 789 omnia
3230 735 3297 789 ad
3346 739 3503 789 vitan.

1943 832 1999 879 et
2049 825 2324 895 pietatem,
2381 827 2435 880 in
2486 826 2807 895 uoguitione
2866 827 2955 882 Dei
3018 836 3074 881 et
3122 825 3251 883 Jesu
3305 827 3503 882 Christi

1946 915 2155 969 Domini
2194 918 2387 976 nostri.
2429 932 2526 987 per
2551 918 2723 986 ipsms
2757 918 3077 988 potentiam.
3107 934 3230 988 qua:
3276 935 3377 975 vos
3410 922 3507 975 hac

1944 1007 2117 1076 gratia
2161 1008 2403 1074 donavit,
2460 1009 2623 1080 385
2686 1010 2754 1064 ad
2813 1010 3177 1080 cognitionem
3224 1012 3408 1081 gloriae
3460 1020 3514 1063 et.

1947 1097 2185 1162 virtutis,
2226 1114 2319 1166 per
2348 1115 2469 1168 quae
2501 1100 2732 1154 maxima
2776 1102 3044 1171 promissa
3088 1102 3290 1157 donata
3325 1114 3454 1157 sunt
3495 1122 3507 1155 :

1947 1193 2004 1238 ut
2055 1187 2322 1242 evitantes
2377 1189 2705 1243 mundanam
2753 1192 3183 1260 corruptionem.
3239 1207 3362 1261 quae
3417 1209 3516 1261 per

1944 1280 2445 1348 concupiscentiam
2512 1281 2883 1350 ingeneratur,
2953 1283 3256 1338 cfﬁciamini
3316 1284 3516 1338 divina:

1946 1378 2232 1425 consortes
2284 1382 2512 1424 naturae.
2558 1372 2765 1427 Aliter:
2825 1372 2944 1429 fuse
2989 1374 3240 1443 equidem
3296 1374 3400 1429 ista
3463 1376 3516 1429 in

1948 1468 2097 1514 textu
2154 1461 2385 1516 deducta
2437 1471 2566 1518 sunt
2603 1480 2617 1515 :
2664 1473 2900 1519 attamen
2942 1481 3138 1522 sensus
3173 1467 3279 1522 huc
3324 1466 3463 1522 redit
3504 1487 3516 1521 :

1945 1556 2082 1613 Cum
2113 1558 2398 1611 innumera
2433 1573 2527 1627 per
2557 1559 2764 1615 Christi
2809 1560 3066 1615 virtutem
3108 1561 3247 1616 bona
3298 1578 3516 1631 recepe-

278 1648 533 1717 γενέσθαι
593 1646 863 1711 κοινωνοὶ,
906 1647 999 1700 καὶ
1048 1649 1182 1717 πρὸς
1228 1647 1372 1718 ζωὴν
1410 1649 1506 1701 καὶ
1565 1649 1855 1704 εὐσέϐειαν

1960 1648 2158 1713 rimus;
2217 1663 2511 1718 possumus
2565 1649 2728 1703 etiam
2788 1650 2902 1705 fieri
2972 1650 3171 1706 divinat
3235 1662 3520 1706 consortes

284 1741 610 1812 ἀναχθῆναι,
642 1739 932 1810 ὀφείλομεν
966 1740 1345 1803 πολιτεύεσθαι
1397 1740 1593 1808 οὕτως,
1625 1743 1700 1807 ὡς
1729 1745 1849 1797 ἐπι·

1948 1746 2176 1800 naturae,
2207 1746 2261 1793 et
2293 1738 2358 1791 ad
2421 1743 2584 1794 vitam
2637 1748 2692 1795 et
2742 1741 2992 1808 pietatem
3040 1743 3284 1811 perduci.
3321 1740 3516 1797 Verum

280 1835 537 1904 χορηγεῖν
575 1835 641 1901 τῇ
672 1833 853 1885 πίστει
885 1832 985 1902 τὴν
1010 1832 1235 1903 ἀρετὴν,
1265 1835 1357 1888 καὶ
1380 1834 1471 1889 διὰ
1508 1838 1609 1906 τῆς
1646 1837 1849 1909 ἀρετῆς

1960 1830 2023 1880 ita
2055 1827 2371 1882 conversari
2401 1827 2683 1891 debemus,
2719 1837 2776 1882 ut
2811 1827 2915 1883 fide
2958 1844 3312 1885 exerceamus
3346 1832 3516 1885 virtu-

281 1924 363 1986 είς
391 1923 488 1993 τὴν
513 1922 635 1977 κατ’
662 1922 945 1977 εύσέόειαν
976 1926 1284 1994 προκοπὴν,
1316 1925 1421 1990 ἓως
1450 1929 1528 1991 είς
1553 1928 1615 1981 τὸ
1648 1907 1850 1982 τέλειον

1960 1925 2083 1981 tem,
2138 1932 2202 1971 ac
2240 1932 2334 1988 per
2385 1919 2639 1972 virtutem
2695 1918 2748 1971 in
2807 1919 3059 1988 pietatem
3118 1921 3517 1988 proficiamus:

280 2015 391 2070 τῶν
440 2016 680 2084 ἀγαθῶν,
747 2017 776 2070 ὅ
807 2019 958 2071 ἐστιν
1007 2017 1220 2088 ἀγάπη.
1286 2017 1552 2090 ἔλθωμεν.
1595 2020 1757 2085 Θείας
1791 2020 1848 2074 δὲ

282 2110 530 2165 κοινωνοὶ
564 2109 781 2176 φύσεως
809 2108 1113 2180 γεγόναμεν
1142 2108 1232 2164 διὰ
1268 2110 1368 2181 τῆς
1397 2110 1491 2164 τοῦ
1524 2111 1730 2183 Κυρίου
1756 2114 1850 2166 καὶ

282 2200 420 2255 Θεοῦ
448 2201 769 2270 ἐπιδημίας,
813 2202 1072 2272 ἀπαρχὴν
1109 2201 1210 2269 τῆς
1237 2203 1509 2273 ἡμετέρας
1550 2203 1766 2271 φύσεως
1794 2205 1852 2257 ἐν

282 2291 460 2363 ἑαυτῷ
483 2292 889 2363 ύποστήσαντός
927 2310 986 2345 τε
1013 2293 1105 2346 καὶ
1143 2294 1471 2361 ἀγιάσαντος
1509 2299 1576 2367 τῇ
1614 2298 1851 2367 προσλή-

281 2384 393 2455 ψει,
427 2386 490 2439 Εἰ
522 2384 580 2439 δὲ
620 2386 653 2454 ὴ
680 2386 905 2456 ἀπαρχὴ
940 2385 1091 2454 ἀγία,
1124 2386 1222 2441 καὶ
1267 2387 1326 2439 τὸ
1361 2386 1610 2458 φύραμα.
1639 2389 1852 2457 Φθορὰν

281 2475 340 2530 δέ
367 2475 466 2548 τὴν
497 2475 607 2530 ἀπὸ
633 2476 739 2551 τῆς
767 2475 1039 2546 κοσμικῆς
1091 2476 1390 2546 ἐπιθυμίας
1444 2477 1635 2548 φησὶν,
1676 2464 1763 2541 ’ὡς
1788 2480 1854 2531 ἐκ

284 2565 544 2638 φθαρτῶν
581 2581 643 2620 τε
680 2566 777 2619 καὶ
808 2566 940 2638 περὶ
976 2565 1195 2639 φθαρτά
1228 2568 1614 2639 συγκειμένης.

364 2894 384 2928 ι
419 2876 539 2930 Ἵνα
566 2875 656 2928 διὰ
678 2875 881 2928 τούτων
905 2874 1137 2945 γένησθε
1154 2874 1312 2936 ,θείας
1337 2873 1551 2945 φύσεως
1584 2873 1833 2928 κοινωνοί⁸

284 2969 660 3038 ἀποφυγόντες
698 2968 797 3039 τῆς
831 2970 888 3022 ἐν
931 2968 1121 3038 κόσμῳ
1150 2969 1207 3021 ἐν
1242 2966 1509 3039 ἐπιθυμίᾳ
1566 2950 1796 3037 φθορᾶς.
1833 2984 1851 3018 ι

287 3061 362 3114 Τὸ
396 3061 523 3130 ἑξῆς
570 3060 776 3124 οὕτως·
802 3059 921 3112 Ἵνα
981 3056 1391 3128 ἀπαλλαγέντες
1427 3060 1526 3129 τῆς
1566 3060 1626 3113 ἐν
1667 3060 1857 3130 κόσμῳ

287 3152 513 3223 φθορᾶς.
548 3152 651 3222 τῆς
679 3151 737 3205 ἐν
774 3151 1039 3223 ἐπιθυμίᾳ
1084 3140 1351 3224 ’σαρκικῇ
1374 3152 1728 3225 τελουμένης,
1766 3152 1858 3222 γέ-

1953 2006 2125 2061 doncc
2156 2007 2372 2061 tandem
2411 2007 2476 2061 ad
2507 2007 2965 2076 perfectissimum
2999 2009 3290 2074 bonorum,
3324 2026 3518 2080 nempe

1954 2097 2295 2163 charitatem,
2330 2098 2729 2165 perveniamus.
2775 2097 2977 2153 Divina:
3027 2107 3206 2154 autem
3235 2108 3519 2155 eonsortcs

1955 2198 2162 2242 naturae
2194 2188 2368 2243 cll’ecti
2406 2204 2594 2243 sumus
2630 2204 2725 2259 per
2775 2190 2984 2245 Domini
3039 2191 3328 2246 adventum
3366 2209 3379 2244 :
3410 2209 3521 2262 quo

1956 2278 2225 2348 primitias
2276 2287 2488 2333 natura:
2546 2288 2744 2334 nostrae
2792 2279 2846 2334 in
2893 2281 3074 2350 seipso
3119 2282 3436 2350 assumpsit,
3467 2292 3522 2336 et

1956 2370 2286 2424 assutnenzio
2310 2370 2692 2424 sanctificat-it.
2725 2370 2780 2424 Si
2804 2383 2985 2425 autem
3012 2371 3309 2442 primordia
3334 2382 3522 2426 sancta

1955 2469 2102 2526 sunt,
2159 2471 2214 2515 et
2244 2463 2360 2531 ipsa
2408 2475 2586 2515 massa
2621 2472 2804 2516 sancta
2845 2463 2915 2516 sit
2945 2470 3177 2532 oportet.
3212 2463 3528 2532 Corruptio-

1959 2566 2086 2607 nem
2134 2568 2261 2608 vero
2304 2567 2424 2607 eam
2462 2552 2549 2606 hic
2578 2550 2734 2617 dicit,
2764 2568 2885 2622 quae
2915 2568 2981 2607 ex
3021 2552 3292 2607 mundana
3320 2568 3526 2607 concu-

1957 2645 2223 2713 piscentia
2254 2644 2503 2715 procedit
2538 2684 2550 2695 .
2582 2644 2780 2713 quippe
2809 2658 2931 2713 qua:
2958 2659 3025 2698 ex
3075 2644 3522 2713 corruptibilibus

1958 2744 2197 2802 constat,
2223 2746 2278 2792 et
2316 2737 2369 2790 in
2402 2736 2781 2805 corruptibilia
2822 2734 3015 2791 tendit.

2034 2893 2053 2926 ι
2099 2872 2171 2930 Ut
2200 2889 2295 2944 per
2324 2873 2438 2929 haec
2474 2873 2780 2931 emciantini
2810 2873 3006 2951 divina:
3054 2882 3337 2947 consortes
3364 2886 3548 2955 natu;

1959 2984 2057 3035 τε,
2099 2967 2371 3039 fugientes
2401 2968 2522 3038 ejus
2547 2983 2666 3037 quae
2687 2967 2742 3022 in
2767 2967 2970 3035 mundo
3000 2978 3104 3035 est,
3136 2967 3526 3038 concupiscent.

1961 3061 2050 3116 tite
2072 3058 2501 3130 corruptionem.
2545 3077 2564 3111 ι
2598 3057 2655 3113 Id
2683 3068 2806 3135 est:
2840 3057 2907 3114 Ut
2938 3073 2971 3113 a
3007 3060 3279 3123 mundana
3327 3074 3525 3114 corru-

1962 3153 2169 3221 ptione,
2215 3166 2335 3225 qua:
2374 3152 2426 3206 in
2478 3150 2928 3228 concupiscentia
2971 3149 3179 3223 carnali
3227 3148 3529 3219 perficitur,

288 3244 468 3297 νοισθε
508 3242 660 3306 θείας
708 3243 923 3314 φύσεως
975 3242 1242 3298 κοινωνοί.
1304 3244 1376 3297 Τὸ
1409 3242 1538 3315 γὰρ,
1592 3263 1610 3295 ι
1648 3244 1854 3313 ἀποφυ-

1966 3243 2199 3307 liberati,
2227 3242 2533 3319 eﬂician‘tini
2568 3242 2766 3299 divinae
2798 3250 3084 3303 consortes
3127 3249 3356 3313 naturai.
3394 3241 3529 3297 lllud

287 3334 499 3403 γόντες,
543 3354 563 3388 ι
605 3335 728 3389 ἀντὶ
759 3333 877 3400 τοῦ,
918 3334 1350 3406 ἀπαλλαγέντες,
1384 3333 1552 3388 ἐστίν.

365 3489 385 3525 ι
413 3472 522 3525 Καὶ
551 3469 682 3523 αὐτὸ
729 3469 786 3523 δὲ
815 3469 994 3538 τοῦτο,
1038 3470 1272 3542 σπουδὴν
1303 3472 1852 3545 παρεισενέγκαντες.

290 3562 736 3633 ἐπιχορηγήσατε
767 3562 827 3614 ἐν
863 3563 930 3633 τῇ
957 3546 1136 3614 πίστει
1164 3561 1317 3632 ὑμῶν
1346 3560 1443 3634 τὴν
1466 3560 1689 3632 ἀρετὴν,
1709 3563 1767 3614 ἐν
1797 3561 1855 3614 δέ

289 3654 357 3723 τῇ
391 3634 560 3723 ἀρετῇ
595 3649 693 3722 τὴν
724 3651 945 3719 γνῶσιν,
978 3652 1034 3703 ἐν
1073 3650 1129 3703 δὲ
1166 3654 1237 3721 τῇ
1284 3650 1482 3718 γνώσει
1515 3651 1615 3721 τὴν
1652 3650 1857 3721 ἐγκρά-

288 3726 463 3807 τειαν,
499 3744 556 3797 ἐν
616 3741 674 3794 δὲ
704 3743 769 3812 τῇ
803 3742 1101 3814 ἐγκρατείᾳ
1128 3741 1227 3814 τὴν
1264 3742 1565 3812 ὑπομονὴν,
1602 3743 1661 3794 ὲν
1691 3742 1749 3796 δὲ
1786 3744 1854 3813 τῇ

290 3836 538 3911 ὑπομονῇ
576 3834 673 3906 τὴν
723 3833 1026 3901 εύσὲΰειαν,
1056 3835 1114 3887 ἐν
1143 3834 1201 3887 δὲ
1223 3836 1289 3904 τῇ
1315 3833 1569 3903 εὐσεϐείᾳ
1595 3831 1693 3900 τὴν
1735 3831 1855 3899 φιλ-

213 3982 219 3988 ,
289 3928 549 3997 αδελφίαν
584 3965 601 3992 ,
654 3928 711 3978 ἐν
763 3925 820 3979 δὲ
881 3929 945 3996 τῇ
1002 3925 1328 3997 φιλαδελφίᾳ
1384 3925 1484 3995 τὴν
1533 3926 1772 4001 ἀγάπην.
1832 3944 1850 3976 ι

290 4020 544 4093 Βαθμοὺς
573 4019 671 4091 τῆς
698 4017 980 4088 προκοπῆς
1011 4016 1323 4080 ἐπίσταται,
1377 4016 1603 4086 πρώτην
1639 4018 1737 4085 τὴν
1771 4018 1857 4069 πί-

294 4130 438 4176 στιν,
486 4112 606 4185 ἥτις
634 4109 882 4181 θεμέλιός
916 4110 1033 4162 ἐστι
1069 4107 1179 4173 τῶν
1236 4106 1458 4175 ἀγαθῶν
1493 4110 1585 4163 καὶ
1621 4107 1853 4176 κρηπίςο

292 4202 425 4277 εἶτα,
448 4204 708 4276 δευτέραν
743 4221 763 4254 ι
798 4203 897 4271 τὴν
928 4200 1152 4273 ἀρετὴν,
1191 4219 1209 4251 ο
1239 4198 1358 4269 ῆτοι
1396 4198 1464 4251 τά
1501 4198 1668 4273 ἔργα·
1689 4198 1855 4265 χωρὶς

290 4297 402 4366 γάρ
426 4284 632 4347 τούτων
656 4293 694 4363 ἡ
729 4291 910 4353 πίστις
939 4307 958 4340 ι
986 4287 1179 4360 νεκρὰ,
1216 4305 1235 4339 ι
1265 4285 1341 4348 ὡς
1391 4287 1418 4337 ὁ
1468 4281 1722 4345 Ίάκωδός
1756 4299 1856 4351 φη-

294 4401 402 4440 σιν.
451 4384 573 4439 Ἐπὶ
617 4381 831 4446 τούτοις
864 4399 882 4432 ι
915 4381 949 4451 ῆ
988 4378 1213 4449 γνῶσις.
1262 4396 1282 4429 ι
1322 4377 1419 4442 Τίς
1461 4376 1517 4431 δὲ
1553 4376 1741 4443 ,αὖτης
1792 4376 1859 4427 Ἡ

291 4472 406 4525 τῶν
453 4470 549 4524 τοῦ
577 4469 712 4523 Θεοῦ
743 4467 1076 4540 ἀποκρύφων
1117 4466 1433 4538 μυστηρίων
1479 4466 1704 4535 είδησις,
1739 4466 1857 4536 ἧτις

1964 3335 2108 3389 enim
2138 3351 2156 3385 ι
2192 3331 2465 3415 fugientes
2504 3350 2522 3383 ι
2564 3331 2704 3387 idem
2737 3340 2842 3397 est,
2876 3346 2940 3387 ac
2969 3333 3202 3389 liberati.

2035 3469 2200 3527 Vens.
2241 3470 2363 3526 5-7.
2408 3487 2429 3522 ι
2458 3469 2566 3527 Vos
2604 3481 2785 3526 autem
2811 3486 2998 3528 curam
3032 3487 3246 3529 omnem
3278 3474 3527 3531 subinte-

1965 3574 2148 3622 rentes
2177 3564 2482 3621 ministrate
2504 3565 2558 3619 in
2591 3563 2692 3637 fide
2722 3572 2897 3619 vestra
2931 3565 3206 3631 virtutem,
3238 3567 3293 3622 in
3328 3568 3527 3623 virtute

1963 3667 2142 3714 autem
2175 3657 2480 3714 Scientiam.
2519 3657 2573 3710 In
2625 3657 2856 3712 scientia
2889 3665 3064 3712 autem
3117 3658 3526 3725 abstinentiam,

1963 3748 2020 3802 in
2048 3746 2378 3800 abstinentia
2403 3752 2584 3799 autem
2619 3744 2956 3812 patientiam,
2982 3745 3035 3799 in
3064 3746 3322 3814 patientia
3344 3756 3524 3802 autem

1963 3838 2239 3909 pietatem.
2293 3835 2348 3889 ln
2381 3835 2581 3903 pietate
2631 3842 2810 3890 autem
2857 3849 3095 3889 amorem
3151 3835 3527 3902 fraternitatis,
3583 3871 3586 3874 ~

1966 3928 2020 3981 in
2055 3939 2239 3981 amore
2267 3935 2446 3981 autem
2483 3924 2841 3980 fraternitatis
2866 3925 3213 3983 charitatem.
3240 3947 3259 3979 ι
3291 3926 3527 3990 Gradus,

1963 4019 2165 4087 quibus
2193 4017 2589 4087 proficiendum
2627 4017 2784 4071 nobis
2817 4024 2926 4081 est,
2962 4017 3047 4071 hic
3087 4018 3156 4072 ob
3195 4018 3387 4074 oculos
3428 4033 3528 4087 po-

1965 4111 2065 4163 nit.
2110 4110 2180 4164 Et
2219 4109 2441 4178 quidem
2491 4109 2669 4180 primo
2700 4110 2819 4163 loco
2861 4110 3049 4163 statuit
3084 4127 3104 4165 ι
3136 4109 3316 4174 fidem,
3365 4128 3383 4161 ι
3412 4126 3531 4181 qua:

1966 4202 2206 4253 omnium
2258 4202 2533 4254 bonorum
2585 4216 2809 4269 operum
2853 4200 3266 4257 fundamentum
3322 4211 3406 4258 est
3473 4211 3531 4258 ct

1967 4290 2133 4343 basis.
2177 4288 2383 4344 Deinde
2416 4306 2435 4339 ι
2468 4290 2748 4349 virtutem.
2788 4308 2807 4340 ι
2848 4290 2950 4343 hoc
2998 4302 3084 4346 est
3134 4292 3270 4346 bona
3318 4308 3480 4362 opera
3515 4311 3529 4347 :

1967 4397 2093 4435 nam
2150 4381 2269 4436 sine
2327 4381 2448 4437 istis
2511 4381 2643 4436 fides
2682 4398 2701 4431 ι
2742 4392 2955 4434 mortua
2994 4390 3096 4447 est,
3138 4399 3158 4433 ι
3197 4392 3257 4437 ιιι
3306 4394 3532 4439 sanctus
3570 4454 3575 4457 _

1965 4472 2202 4527 Jacnbus
2233 4473 2328 4527 ait.
2360 4471 2613 4529 Succedit
2645 4489 2664 4523 ι
2706 4472 2956 4527 scientia.
2997 4491 3017 4526 ι
3058 4474 3315 4539 Quaenam
3348 4484 3527 4530 autem

294 4566 358 4618 ού
402 4562 481 4645 τῷ
541 4561 760 4632 τυχόντι
805 4559 1194 4635 ἐμφιλοχωρεί,
1242 4558 1379 4612 ἀλλὰ
1440 4557 1519 4626 τῷ
1552 4556 1634 4643 ,δι’
1683 4557 1858 4627 ἔργων

1969 4564 2094 4619 illa?
2129 4563 2351 4634 Nempe,
2396 4573 2732 4620 secretorum
2768 4563 2861 4618 Dei
2917 4566 3298 4636 mysteriorum
3340 4570 3532 4638 cogni-

296 4655 624 4728 κρειττόνων
660 4655 759 4725 τὴν
789 4652 901 4718 ἕξιν
914 4650 1370 4723 γεγυμνασμένῳ.
1389 4650 1512 4707 Ἐπὶ
1531 4648 1739 4712 τούτοις
1770 4668 1788 4700 ι
1826 4651 1857 4718 ἠ

1964 4659 2042 4713 tio
2075 4671 2090 4710 :
2127 4668 2245 4726 quae
2276 4672 2381 4712 non
2421 4657 2620 4726 cuique
2666 4662 2838 4726 patet,
2881 4655 2973 4711 sed
3008 4657 3189 4728 ei,qui
3223 4672 3280 4711 sc
3306 4659 3357 4711 in
3390 4674 3531 4728 pra:-

297 4749 618 4821 ἐγκράτεια.
652 4764 674 4799 ι
716 4748 808 4799 Δεῖ
848 4746 958 4816 γὰρ
1010 4746 1106 4799 καὶ
1147 4742 1351 4811 ταύτης
1379 4742 1629 4813 τῷπρδς
1662 4742 1859 4812 μέτρον

1965 4749 2326 4803 stantioribus
2368 4748 2629 4818 operibus
2664 4746 3013 4801 continenter
3035 4756 3276 4803 exercet.
3338 4747 3532 4804 Postea

298 4840 643 4909 ἀφικομένῳ,
674 4837 747 4899 ὡς
770 4835 836 4888 ἂν
858 4835 934 4905 μὴ
971 4833 1243 4905 ἐξυϐρίςοι
1276 4831 1355 4903 τῷ
1373 4832 1598 4903 μεγέθει
1625 4834 1722 4900 τῆς
1755 4830 1861 4883 δω-

1972 4857 1989 4890 ι
2023 4837 2377 4900 abstinentia,
2416 4855 2436 4889 ι
2476 4851 2573 4891 seu
2603 4838 2979 4904 temperantia.
3020 4834 3151 4891 Nam
3183 4848 3237 4891 et
3270 4837 3370 4892 hac
3392 4853 3531 4909 Opus

303 4936 455 5006 ρεᾶς.
495 4930 716 5001 Ἐπειδὴ
746 4927 803 4981 δὲ
829 4927 905 4989 ὡς
929 4927 1028 4980 οὐκ
1062 4926 1208 4997 ἐστιν
1248 4927 1340 4980 ἐπὶ
1378 4924 1561 4996 μικρῷ
1580 4925 1864 4995 χρώμενον

1969 4933 2147 4993 habet,
2177 4930 2269 4999 qui
2303 4930 2371 4983 ad
2421 4928 2620 4984 bonam
2667 4928 2977 4982 mensuram
3018 4928 3283 4997 pervenit,
3316 4944 3382 4983 ne
3404 4927 3533 4983 doni

301 5030 366 5097 τῇ
410 5022 706 5095 ἐγκρατείᾳ
732 5012 954 5092 βεϐαίαν
986 5019 1284 5089 κεκτῆσθαι
1313 5016 1467 5089 [τῶν]
1508 5016 1603 5086 τὴν
1627 5017 1860 5088 δωρεὰν,

1967 5020 2341 5092 magnitudine
2389 5019 2717 5075 insolentius
2761 5018 3043 5074 efforatur.
3094 5018 3367 5085 Quoniam
3401 5034 3532 5075 vero

299 5113 600 5186 φιλούντων
643 5111 732 5164 ἀεὶ
760 5109 867 5162 τῶν
899 5108 1105 5173 παθῶν,
1132 5105 1194 5178 [ί.
1225 5108 1349 5162 add.
1383 5108 1474 5177 τὰ]
1506 5108 1603 5177 τῆς
1658 5123 1865 5173 καταγ-

299 5209 500 5282 χούσης
538 5203 847 5279 ἐλευθερίας
874 5202 1047 5254 ταῦτα
1075 5201 1168 5273 ἐπὶ
1194 5205 1256 5253 τὸ
1286 5203 1468 5269 χεῖρον
1491 5199 1859 5268 προάγεσθαιο

300 5305 335 5373 η
377 5296 624 5369 ὑπομονὴ
647 5292 1060 5358 ἐπεισελθοῦσα,
1088 5292 1148 5344 τὸ
1170 5290 1277 5357 πᾶν
1315 5289 1736 5360 κατειργάσατο,
1769 5292 1866 5344 καὶ

301 5395 400 5465 τὴν
434 5391 713 5447 εὐσέύειαν
740 5378 1092 5458 προεξένησε,
1150 5382 1492 5452 τελεωτέραν
1546 5383 1866 5453 ἀπεργασα-

305 5488 443 5558 μένη
465 5483 564 5555 τὴν
586 5484 665 5545 εἰς
698 5479 831 5532 Θεὸν
863 5474 1215 5544 πεποίθησιν.
1249 5473 1339 5526 Διὺ
1359 5474 1452 5526 καὶ
1495 5475 1564 5543 τῇ
1608 5473 1863 5551 εὐσεϐείᾳ

301 5581 336 5650 ἡ
378 5572 698 5646 φιλαδελφία
717 5566 1144 5639 προσεπορίσθη,
1179 5565 1274 5618 καὶ
1294 5565 1387 5618 ἐπὶ
1407 5565 1539 5617 πᾶσι
1565 5564 1626 5617 τὸ
1641 5565 1860 5617 πάντων

299 5670 411 5724 τῶν
438 5664 657 5736 ἀγαθῶν
696 5662 988 5732 πλήρωμα,
1021 5661 1054 5729 ἠ
1083 5652 1290 5725 ἀγάπη,
1336 5657 1410 5716 ὡς
1440 5654 1637 5725 Παύλῳ
1670 5656 1764 5707 καὶ
1794 5657 1860 5724 τῇ

303 5759 534 5830 ἀληθείᾳ⁸
578 5755 744 5809 δοκεῖ.
777 5752 924 5819 Λῦτη
948 5749 1053 5817 γὰρ
1087 5748 1180 5799 καὶ
1210 5748 1297 5799 τὸν
1320 5744 1412 5798 τοῦ
1437 5744 1571 5797 Θεοῦ
1604 5742 1730 5797 Υἱδν
1765 5745 1860 5795 καὶ

301 5854 395 5907 τὸν
427 5850 617 5905 τούτου
666 5844 886 5915 Πατέρα
919 5841 1263 5905 ἐξεδιάσατοθ
1297 5839 1384 5890 τὸν
1440 5838 1560 5907 μὲν,
1593 5837 1682 5888 τὸν
1721 5836 1862 5901 ἀγα-

614 5944 887 6004 Ριτιιυι..
920 5938 1036 5996 (in.
1072 5931 1300 5995 CXXV.

1972 5114 2085 5167 fieri
2114 5127 2224 5166 non
2258 5118 2458 5181 potest,
2486 5110 2657 5181 utqui
2682 5109 2752 5165 ad
2786 5110 2950 5163 breve
2978 5117 3193 5178 tempus
3224 5118 3535 5180 temperans

1971 5210 2097 5255 tam
2131 5200 2391 5270 servavit,
2423 5202 2664 5259 [firmum
2715 5213 2780 5252 ac
2836 5192 3089 5253 securum
3119 5199 3319 5252 donum
3354 5203 3536 5270 possi-

1969 5293 2094 5347 deat
2118 5289 2585 5362 (quandoquidem
2610 5303 2829 5358 semper
2858 5288 3109 5361 nituntttr
3138 5281 3419 5360 passiones
3447 5308 3531 5358 ea,

1970 5396 2090 5450 quae
2124 5379 2361 5447 libertati
2392 5378 2667 5445 contraria
2715 5385 2866 5443 sunt,
2901 5379 3112 5443 tollere,
3138 5387 3195 5434 et
3245 5380 3301 5434 in
3351 5380 3531 5450 pejora

1970 5466 2347 5539 convertere);
2389 5468 2786 5538 superveniens
2823 5486 2843 5520 ι
2872 5469 3150 5539 patientia,
3192 5487 3211 5522 ι
3263 5485 3374 5526 rem
3408 5487 3536 5527 Olli-

1972 5579 2094 5618 nem
2146 5560 2367 5617 conficit
2398 5577 2411 5614 ε
2457 5574 2583 5615 nam
2612 5569 2669 5614 et
2692 5559 2951 5631 pietatem
2979 5562 3256 5626 conciliat,
3285 5570 3338 5616 et
3355 5562 3535 5632 perfe-

1970 5655 2195 5708 ctioretu
2227 5652 2281 5705 in
2317 5650 2488 5706 Deum
2529 5650 2782 5707 liduciam
2835 5652 3116 5721 elargitur.
3164 5653 3343 5720 Quare
3367 5657 3532 5711 ctiam

1972 5743 2158 5812 pietati
2204 5739 2626 5810 supperadditur
2679 5758 2698 5793 ι
2733 5754 2887 5796 amor
2939 5740 3320 5812 fraternitatis,
3352 5762 3373 5799 ι
3435 5760 3531 5801 seu

1976 5854 1993 5885 ι
2031 5831 2304 5887 fraternus
2338 5846 2382 5883 ς»
2418 5839 2471 5884 et
2523 5840 2647 5902 post
2705 5834 2909 5898 omnia,
2948 5847 3010 5888 ea
3068 5847 3188 5902 qua:
3236 5836 3532 5891 secundum

3099 5928 3176 5987 ιο
