4010 6540
297 290 429 411 ῙΞθῙ

1095 336 1503 400 EXPOSITIO
1545 335 1626 397 ΙΝ
1658 334 1892 395 EPIST.
1938 333 1996 393 ιι
2029 332 2094 394 S.
2141 330 2391 391 PETRI.
2435 355 2506 368 --
2542 330 2703 393 CAP.
2750 332 2792 390 Ι.

3440 328 3573 392 i262

291 460 470 529 τούτῳ
490 457 569 528 τῷ
596 452 939 526 σκηνώματι,
968 450 1260 521 διεγείρειν
1291 449 1435 520 ὑμᾶς
1460 450 1520 501 ὲν
1544 446 1872 515 ὑπομνήσει,

2009 458 2115 505 ror,
2156 442 2403 513 quandiu
2450 458 2571 498 sum
2626 446 2677 497 in
2734 446 2839 501 hoc
2889 441 3268 506 tabernaculo,
3305 443 3573 497 suscitare

294 551 474 616 εἰδὼς,
509 549 593 602 ὅτι
633 543 829 616 ταχινή
870 544 1020 595 ἐστιν
1066 542 1101 607 ἠ
1146 541 1409 603 ἀπόθεσις
1458 537 1551 592 τοῦ
1589 538 1877 607 σκηνώμα-

295 644 385 707 τός
429 632 554 713 μου,
588 636 771 702 καθὼς
796 635 891 689 καὶ
916 636 944 687 ὁ
972 635 1177 705 Κύριος
1207 632 1367 703 ἡμῶν
1405 629 1617 700 Ἰησοῦς
1645 629 1882 699 Χριστὸς

297 732 533 805 ἐδήλωσὲ
579 748 690 802 μοι.
734 747 752 779 ι
794 728 916 780 Ἵνα.
948 727 1024 796 μὴ
1056 724 1250 792 δόξωσι
1282 722 1527 793 συνεχῶς
1562 723 1881 790 ἀναμιμνη-

301 827 557 896 σχόμενοι
613 820 889 894 περὶτῶν
946 817 1166 880 αὐτῶν,
1224 817 1301 879 ῶς
1350 817 1431 877 εἰς
1473 814 1678 884 ἀργίαν
1731 811 1884 871 ὄντες

300 920 745 988 κατεγνωσμένοι
796 913 971 967 ταῦτα
1040 909 1340 973 ἀκούουσι,
1397 908 1492 962 καὶ
1546 904 1883 975 λυπηθῶσιν,

299 1012 547 1083 ἐπήγαγε
587 1009 669 1076 τὸ,
704 1025 725 1061 ι
766 1006 986 1075 Καίπερ
1057 1003 1266 1066 εἰδότας
1314 1001 1408 1055 καὶ
1451 997 1882 1069 ἐστηριγμένους

299 1105 357 1156 ὲν
385 1105 450 1173 τῇ
492 1097 744 1171 παρούσῃ
784 1094 1034 1167 ἀληθείᾳ.
1077 1113 1096 1146 ι
1133 1092 1327 1147 Αἰτίαν
1374 1091 1431 1143 δὲ
1471 1089 1755 1151 ἀποδιδοὺς
1787 1088 1887 1157 τῆς

303 1193 566 1263 συνεχοῦς
615 1190 1000 1261 ὑπομνήσεως,
1054 1187 1301 1257 ἐπήγαγε
1344 1184 1426 1247 τὸ,
1485 1201 1503 1232 ι
1553 1181 1753 1233 εἰδέναι
1789 1196 1888 1231 τοι⁶

303 1291 454 1358 χεῖαν
498 1306 515 1337 ι
546 1283 762 1338 ἔσεσθαι
794 1282 891 1354 τὴν
928 1280 1037 1334 ἀπὸ
1080 1278 1177 1332 τοῦ
1210 1277 1460 1346 σώματος
1492 1271 1658 1327 αὐτοῦ
1696 1272 1888 1324 τούτου

305 1376 655 1446 ἀπαλλαγήν.

385 1576 405 1609 ι
443 1554 735 1610 Σπουόἅσω
781 1552 837 1605 δὲ
873 1549 968 1604 καὶ
1014 1548 1273 1602 ἑκάστοτε
1323 1544 1468 1615 ἔχειν
1518 1544 1660 1613 ὑμᾶς
1695 1542 1891 1607 ταῦτα,

309 1653 404 1702 καὶ
470 1650 609 1719 μετὰ
669 1646 767 1716 τὴν
832 1644 972 1714 ιμὴν
1051 1640 1233 1707 ἔξοδον
1298 1639 1397 1707 τὴν
1473 1637 1679 1691 τούτων
1756 1635 1890 1704 μνή-

315 1762 424 1813 μην
460 1739 751 1796 ποιεῖσθαι.
790 1757 808 1789 ι
846 1737 1016 1791 Τοῦτό
1050 1751 1197 1799 τινες
1224 1734 1283 1786 ἐν
1322 1730 1616 1803 ὑπερσατῴ
1662 1729 1889 1783 ἀκούον-

1984 552 2081 591 vos
2111 537 2163 590 in
2196 540 2649 603 couuuonitionc,
2696 547 2904 602 certus,
2959 537 3107 607 quod
3156 536 3307 591 velox
3351 545 3433 589 cst
3480 537 3571 588 de-

1986 630 2185 701 positio
2216 631 2551 688 tabernaculi
2578 631 2704 697 mei,
2732 629 3032 687 secundum
3063 629 3206 699 quod
3231 637 3285 685 et
3310 627 3573 681 Dominus

1990 736 2176 778 uoster
2199 724 2362 780 Jesus
2397 724 2655 780 Christus
2685 722 3015 793 significavit
3055 722 3208 775 mihi.
3248 740 3265 773 ι
3302 718 3378 774 Ne
3414 728 3573 790 puta-

1989 826 2134 880 rent,
2168 831 2235 871 eo
2270 818 2415 887 quod
2440 819 2509 872 de
2535 818 2727 872 iisdem
2772 815 2939 870 rebus
2989 816 3306 884 frequenter
3333 830 3576 867 commo-

1991 919 2271 974 nerentur,
2331 908 2562 978 ignaviae
2618 924 2676 964 se
2728 907 3118 967 condemnari,
3171 906 3403 975 indeque
3464 907 3576 959 haec

1992 999 2277 1055 audientes
2303 1001 2785 1066 contristareutur,
2837 999 3116 1069 subjungit
3145 1016 3157 1052 :
3188 1014 3204 1048 ι
3252 996 3315 1051 Et
3353 997 3574 1068 quidem

1992 1092 2249 1153 scientes,
2278 1099 2331 1145 et
2363 1092 2713 1146 confirmatos
2755 1106 2851 1146 vos
2885 1090 2939 1143 in
2982 1089 3232 1159 prmsenti
3264 1091 3509 1143 veritate.
3548 1105 3570 1141 ι

1994 1185 2227 1238 Causam
2281 1198 2413 1238 vero
2464 1184 2860 1253 explicaturos,
2916 1198 3017 1236 cur
3075 1181 3212 1237 adeo
3262 1181 3580 1252 frequenter

1995 1294 2089 1332 eos
2133 1274 2654 1338 commonefaceret,
2688 1274 2859 1337 addit,
2898 1289 2957 1329 se
2985 1291 3003 1324 ‹
3045 1282 3255 1328 eertum
3287 1288 3430 1336 esse,
3485 1290 3577 1328 ve-

1998 1374 2190 1435 locem,
2229 1390 2245 1420 ι
2289 1385 2383 1423 seu
2417 1383 2604 1439 prope,
2637 1382 2756 1423 esse
2786 1383 2941 1422 suam
2986 1383 3014 1420 a
3048 1381 3279 1437 corpore
3309 1369 3414 1422 isto
3443 1365 3579 1420 libe-

2000 1464 2099 1516 rati
2127 1481 2286 1516 ιιιιέιιι.

2072 1554 2233 1609 Vens.
2274 1553 2361 1608 15.
2393 1573 2412 1604 ι
2457 1552 2603 1608 Dabo
2645 1562 2826 1608 autem
2882 1568 3106 1624 operam
3168 1560 3223 1608 et
3256 1567 3472 1622 semper
3525 1559 3581 1605 ct

2002 1649 2203 1717 ubique
2247 1646 2449 1701 habere
2478 1661 2573 1701 vos
2617 1654 2739 1716 post
2780 1646 2993 1700 obitum
3044 1661 3249 1709 meum,
3286 1655 3344 1699 ut
3382 1643 3579 1699 horum

2003 1738 2320 1793 memoriam
2373 1736 2603 1794 faciatis.
2643 1755 2660 1787 ι
2688 1738 2920 1803 Quidam
2968 1737 3056 1792 hic
3108 1738 3337 1806 liguram
3380 1738 3581 1809 hyper-

309 1806 425 1901 τες,
457 1832 569 1889 οἷον
598 1834 680 1897 τὸ,
721 1852 739 1884 ι
784 1831 1084 1885 Σπουδάσω
1112 1830 1169 1885 δὲ
1210 1829 1306 1883 καὶ
1340 1828 1477 1899 μετὰ
1505 1827 1604 1897 τὴν
1643 1828 1781 1895 ἐμὴν
1808 1824 1892 1889 ἐξ·

2009 1837 2161 1886 baton
2213 1832 2395 1886 inesse
2444 1839 2719 1901 putantes,
2752 1838 2809 1884 ut
2837 1829 3065 1902 perinde
3104 1831 3177 1886 sit
3207 1846 3269 1885 ac
3322 1833 3369 1885 si
3402 1806 3581 1886 dixis-

311 1930 429 1981 οδον
456 1927 600 1997 ἔχειν
635 1925 779 1991 ὑμᾶς
811 1921 1069 1979 ἑκάστοτε
1113 1940 1131 1974 ι
1166 1919 1333 1992 (τοῦτ’
1362 1919 1499 1985 ἔστι,
1546 1916 1893 1986 καθεκάστην

312 2023 406 2076 καὶ
438 2017 724 2085 διηνεκῶς)
763 2036 782 2068 ι
842 2015 940 2084 τὴν
996 2014 1200 2068 τούτων
1241 2012 1486 2082 μνήμην,
1532 2030 1551 2063 ι
1611 2008 1894 2079 βούλονται

311 2113 587 2183 παριστᾷν
613 2111 721 2164 ὰπὸ
743 2109 961 2168 τούτου,
995 2107 1077 2159 ὃτι
1110 2107 1203 2158 καὶ
1243 2107 1379 2173 μετὰ
1411 2104 1641 2157 θάνατον
1671 2101 1719 2153 0i
1749 2100 1894 2168 ἅγιοι

318 2208 622 2277 μέμνηνται
672 2202 778 2256 τῶν
828 2194 951 2260 ἅδε,
1006 2199 1103 2252 καὶ
1150 2195 1549 2266 πρεσϐεύουσιν
1598 2192 1742 2263 ὑπὲρ
1787 2193 1896 2246 τῶν

318 2298 349 2361 ζ
369 2315 555 2359 ⁴ιντων,
578 2295 766 2365 ῶσπερ
796 2295 895 2348 ούκ
926 2293 1030 2359 ἔξω
1072 2293 1311 2353 πίστεως
1342 2287 1606 2357 ἐναργοῦς
1732 2285 1894 2355 aria]

316 2388 589 2461 ὁσημέραι
631 2385 787 2441 τοῦτο
834 2384 1122 2452 γινόμενον
1160 2380 1435 2451 ὁρώντων,
1468 2379 1578 2432 τῶν
1607 2377 1898 2430 ἐπικαλουο

324 2481 502 2550 μένων
541 2478 638 2549 τὴν
666 2478 819 2531 θείαν
843 2474 1027 2529 αύτῶν
1065 2472 1244 2543 χάριν.
1280 2473 1388 2523 Καὶ
1416 2468 1575 2524 τοῦτο
1606 2471 1704 2539 μὲν
1727 2468 1898 2531 οὕτως

320 2575 536 2626 ἐκεῖνοι.
580 2570 768 2623 Ἀλλοι
816 2567 872 2622 δὲ
904 2566 1076 2629 οὕτως
1128 2565 1274 2634 ἔχειν
1300 2566 1428 2631 περὶ
1472 2561 1667 2614 τούτου
1711 2560 1900 2622 ἁπλῶς

322 2664 605 2737 βούλονται
646 2661 741 2715 τοῦ
789 2659 951 2730 ῥητοῦ
984 2660 1081 2713 καὶ
1107 2658 1271 2719 νοεῖν,
1309 2656 1490 2716 ὅτιτὸ,
1533 2673 1550 2706 t
1605 2653 1902 2707 Σπουδέισω

326 2757 464 2828 μετὰ
494 2759 591 2825 τὴν
623 2754 762 2824 ἐμὴν
801 2751 984 2817 ἔξοδον
1012 2751 1158 2821 ἔχειν
1189 2750 1332 2820 ὑμᾶς
1360 2750 1620 2802 ἑκάστοτε
1652 2750 1750 2818 τὴν
1778 2748 1903 2800 τού-

320 2868 430 2904 των
485 2852 728 2920 μνήμην,
786 2865 803 2898 ι
864 2846 1028 2900 οἱονεὶ
1078 2844 1167 2897 διὰ
1228 2844 1384 2896 τοῦτο
1432 2842 1726 2913 ἐνδελεχῶς
1773 2843 1902 2914 ύμῖν

320 2941 615 3012 ὲπιείμεθα
648 2941 714 3011 υ.
766 2936 1066 3010 ὲπικείμ.],
1111 2938 1176 2991 τὰ
1229 2937 1369 2991 αὐτὰ
1422 2936 1550 3005 ύμῖν
1589 2935 1900 3008 ἐπᾴδοντες,

319 3035 394 3100 ὡς
418 3035 484 3087 ἂν
517 3033 630 3098 ἕξιν
663 3033 790 3103 ὑμῖν
826 3032 1229 3101 ἐμποιήσαντες
1274 3030 1404 3099 περὶ
1432 3028 1659 3092 τούτων,
1694 3028 1809 3081 ἀλλ’
1840 3031 1901 3080 ού

1997 1934 2116 1978 Set:
2157 1940 2174 1974 ι
2218 1921 2367 1977 Dabo
2409 1935 2632 1993 operam
2678 1922 2841 1977 etiam
2892 1930 3015 1995 post
3053 1921 3262 1977 obitum
3306 1938 3486 1977 meum
3521 1932 3580 1975 ut

2000 2012 2245 2073 habeatis
2278 2032 2374 2072 vos
2403 2030 2618 2085 semper
2660 2013 2788 2085 (hoc
2829 2022 2934 2080 est,
2965 2014 3211 2084 quotidie
3256 2023 3310 2069 et
3373 2014 3579 2071 indesi-

2001 2111 2213 2179 neuter)
2249 2108 2444 2163 horum
2478 2110 2837 2174 memoriam;
2884 2127 2901 2159 ι
2932 2124 2995 2163 ex
3051 2110 3154 2164 hoc
3207 2108 3584 2167 demonstrare

2003 2206 2274 2266 nituntur,
2305 2210 2525 2257 sanctos
2551 2202 2715 2256 etiam
2759 2208 2882 2271 post
2913 2207 3140 2255 mortem
3178 2216 3359 2256 rerum
3394 2201 3583 2257 mundi

2003 2294 2323 2349 memoriam
2385 2295 2642 2357 retinere,
2701 2306 2767 2347 ac
2832 2308 2929 2363 pro
2993 2293 3305 2348 viventibus
3365 2307 3579 2348 orare:

2003 2379 2462 2447 quemadmodum
2517 2394 2628 2433 non
2681 2379 2888 2449 absque
2937 2380 3143 2435 efﬁcaci
3194 2380 3299 2436 {ide
3342 2381 3585 2452 quotidie

2007 2471 2118 2524 licri
2184 2471 2285 2524 hoc
2347 2478 2579 2524 cernunt
2651 2471 2967 2541 quicunque
3034 2472 3275 2526 divinam
3342 2475 3583 2544 ipsorum

2003 2581 2160 2633 opem
2194 2567 2505 2633 implorant.
2569 2562 2660 2618 Sic
2698 2565 2914 2635 quidem
2959 2566 3060 2623 illi.
3120 2565 3225 2621 Alii
3254 2576 3436 2621 autem
3479 2567 3586 2625 hoc

2006 2657 2146 2712 Petri
2191 2656 2394 2711 dictum
2450 2655 2778 2726 simpliciter
2826 2656 3104 2727 accipiunt
3136 2667 3188 2713 et
3234 2657 3583 2730 intelligunt;

2006 2764 2199 2819 nempe
2229 2751 2301 2802 ita
2337 2766 2352 2802 :
2386 2768 2402 2799 ι
2448 2750 2595 2803 Dabo
2622 2764 2872 2819 operam,
2905 2759 2963 2803 ut
2997 2759 3119 2821 post
3151 2750 3361 2806 obitum
3404 2767 3584 2807 meum

2008 2854 2323 2913 perpetuam
2360 2842 2607 2896 habeatis
2651 2843 2843 2896 horum
2882 2844 3229 2899 memoriam.
3275 2862 3294 2895 ι
3334 2842 3444 2899 lloc
3478 2852 3587 2910 est,

2007 2937 2218 2992 idcirco
2250 2936 2473 2993 assidue
2532 2952 2630 2991 nos
2669 2936 2821 2992 vobis
2857 2935 3047 2992 eadem
3098 2937 3449 3006 reiricamus,
3478 2955 3587 2994 non

2010 3039 2067 3084 ιιι
2102 3044 2197 3084 vos
2249 3018 2636 3084 inobedieutim
2700 3039 2794 3082 aut
2844 3028 3203 3086 intlocilitalis
3254 3032 3588 3087 condemne-

323 3128 669 3197 κατάγνωσιν
701 3122 963 3194 ἀνηκοΐας
988 3123 1080 3175 καὶ
1104 3122 1365 3188 ἀμαθίας,
1394 3120 1554 3192 ἔχητε
1579 3120 1657 3190 τῷ
1681 3123 1698 3171 ἑ
1712 3122 1899 3190 ῃιόνῳ

2015 3138 2157 3184 mus,
2233 3120 2326 3175 sed
2384 3131 2443 3175 ut
2492 3121 2718 3175 imlucto
2768 3122 2988 3177 assidua
3034 3126 3351 3181 earumdem
3404 3140 3589 3181 rerum

323 3221 418 3273 καὶ
453 3216 840 3288 ὰμετακινήτῳ
886 3214 985 3283 τῆς
1026 3210 1230 3266 τούτων
1262 3211 1603 3283 ἀντιλήψεως
1638 3212 1732 3265 καὶ
1763 3218 1899 3281 μετὰ

321 3315 423 3385 τὴν
460 3313 600 3383 ἐμὴν
623 3309 922 3365 ἁποϐίωσιν
951 3306 1144 3377 βέϐαια
1170 3306 1265 3359 καὶ
1296 3305 1653 3369 ἁνῖξάλῖιπτα
1682 3303 1749 3356 τὰ
1778 3305 1901 3375 περὶ

323 3400 529 3459 τούτων
557 3402 927 3471 δατᾶγματα.

402 3513 422 3546 ι
463 3494 538 3547 Ού
568 3496 674 3561 γὰρ
702 3493 1113 3562 σεσοφισμένοις
1142 3491 1331 3561 μύθοις
1374 3492 1903 3562 ἐξακολουθήσαντες

325 3588 708 3658 ἐγνωρίσαμεν
760 3586 891 3655 ὑμῖν
938 3584 1036 3653 τὴν
1088 3584 1181 3636 τοῦ
1237 3585 1444 3652 Κυρίου
1498 3585 1655 3654 ἡμῶν
1728 3584 1902 3659 Ἰησοῦ

325 3679 565 3754 Χριστοῦ
607 3681 838 3748 δύναμιν
869 3681 961 3731 καὶ
1000 3678 1324 3747 παρουσίλν,
1363 3676 1476 3729 ἀλλ’
1513 3679 1748 3732 ἐπόπται
1776 3696 1902 3748 γεν.

325 3773 580 3843 νηθέντες
610 3770 756 3842 [vulg
808 3767 1025 3838 γενηθ.1
1056 3765 1155 3833 τῆς
1181 3766 1391 3817 ἐκείνου
1428 3765 1899 3835 μεγαλειότητος.»

327 3862 514 3917 Εἰπὼν
547 3858 1032 3930 περισπουδάστως
1080 3856 1223 3925 ἔχειν
1270 3852 1517 3924 [αὐτοῦς]
1550 3854 1786 3922 ὀρεὶλειν
1828 3855 1905 3916 εἰς

330 3955 397 4007 τὰ
422 3952 515 4006 ὑπ’
539 3949 709 4004 αὐτοῦ
734 3949 916 4011 αὐτοῖς
942 3946 1416 4013 είαγγελισθὲντα.
1446 3946 1536 3998 καὶ
1564 3963 1627 3997 πε
1637 3947 1690 4016 pl.
1714 3944 1905 3999 τούτου

331 4045 500 4099 πολὺν
548 4042 875 4102 κατατείνας
926 4037 1020 4089 τὸν
1076 4037 1257 4104 λόγον,
1308 4037 1514 4105 καίπερ
1557 4035 1764 4100 εἰδότας
1814 4037 1907 4090 καὶ

330 4137 599 4206 διαφόρως
634 4132 963 4200 ἀκηκοότας,
1017 4127 1111 4181 νῦν
1150 4143 1336 4198 φησιν,
1380 4128 1462 4178 (ἰτι
1510 4127 1585 4179 Ού
1623 4125 1799 4196 μάτην
1847 4129 1907 4179 τὸ

332 4228 465 4299 περ)⁵
506 4226 645 4279 αὐτὰ
695 4222 953 4291 ἐπιμελὲς
984 4220 1354 4288 ἐπιδείκνυμι,
1405 4215 1542 4271 ἀλλὰ
1584 4216 1645 4268 τὸ
1692 4218 1908 4288 καίριον

332 4316 512 4370 αὐτῶν
533 4313 918 4383 ἐπιστάμενος,
942 4310 1131 4362 τούτου
1150 4309 1497 4379 περιέχομαι.
1520 4309 1627 4361 Καὶ
1646 4308 1700 4360 τί
1717 4308 1905 4373 τοῦτο;

332 4407 406 4458 Τὸ
433 4406 506 4476 μὴ
538 4404 699 4472 σοφίᾳ
727 4401 1045 4472 ἁιθρωπίνῃ
1068 4398 1376 4470 χρήσασθαι
1405 4400 1484 4461 εἰς
1511 4400 1658 4468 ἡμᾶς
1691 4398 1752 4469 [ﬂ
1786 4397 1908 4471 ύμ.]

2009 3213 2331 3283 repetitione
2371 3212 2581 3276 habitu,
2613 3230 2734 3286 qua:
2766 3216 2921 3269 vobis
2956 3216 3198 3271 viventes
3245 3217 3588 3287 prmscripsi-

2009 3320 2152 3366 mus,
2189 3304 2350 3358 etiam
2386 3312 2509 3374 post
2536 3304 2745 3359 obitum
2777 3314 3028 3362 nostrum
3074 3307 3302 3364 ﬁrmiter
3346 3318 3401 3364 et
3430 3309 3586 3365 inde-

2008 3400 2237 3456 lcbiliter
2273 3401 2572 3457 retineatis.

2080 3490 2244 3548 Vens.
2286 3493 2372 3549 16.
2413 3514 2430 3546 ι
2478 3495 2596 3549 Non
2627 3496 2772 3549 enim
2803 3494 2995 3551 doctas
3043 3494 3252 3551 fabulas
3282 3494 3456 3549 secuti
3492 3509 3590 3550 no-

2008 3595 2115 3637 tam
2176 3583 2402 3639 fecimus
2448 3560 2867 3641 vobis‘Domini
2914 3584 3045 3642 Jcsu
3084 3583 3289 3641 Christi
3329 3586 3586 3641 virtutem

2008 3683 2062 3727 et
2092 3673 2465 3743 prmseutiam,
2535 3675 2627 3731 sed
2681 3678 3055 3747 speculatores
3105 3676 3231 3732 facti
3279 3676 3428 3733 illius
3466 3693 3589 3731 ma-

2009 3764 2330 3833 gnitudinis.
2374 3785 2393 3817 ι
2426 3767 2560 3822 Cum
2589 3767 2698 3824 illis
2746 3767 2999 3833 dixisset,
3032 3784 3233 3842 magno
3259 3784 3355 3826 eos
3381 3770 3588 3836 studio,

2009 3872 2130 3925 qua:
2160 3858 2292 3927 ipsis
2342 3860 2789 3926 aununtiaverat,
2821 3862 3081 3935 prosequi
3121 3862 3342 3930 debere,
3374 3860 3593 3919 fusius-

2010 3964 2116 4019 que
2148 3948 2248 4003 hac
2274 3950 2340 4005 de
2371 3966 2428 4006 re
2475 3950 2874 4019 disseruisset;
2922 3969 3069 4010 nunc
3095 3953 3194 4022 ait,
3226 3968 3289 4009 se
3327 3970 3438 4010 non
3469 3954 3593 4011 sine

2009 4056 2175 4096 causa
2216 4042 2350 4097 adeo
2384 4042 2451 4099 de
2481 4042 2567 4099 his
2604 4058 2731 4101 esse
2773 4045 3094 4113 sollicitum,
3159 4046 3258 4103 sed
3298 4047 3505 4103 idcirco
3533 4047 3590 4103 in

2010 4133 2090 4187 eis
2120 4130 2328 4188 diutius
2373 4133 2604 4198 luerere,
2631 4136 2778 4205 quod
2814 4136 3131 4193 eorumdem
3166 4136 3478 4194 ﬁrmitatem
3524 4151 3591 4193 ac

2011 4223 2393 4277 certitudinem
2449 4239 2790 4296 perspectam
2841 4228 3067 4299 omnino
3118 4236 3175 4282 et
3248 4230 3589 4300 exploratam

2013 4316 2260 4371 haberet.
2295 4314 2432 4383 Quia
2468 4318 2700 4383 scilicet,
2732 4319 2934 4391 inquit,
2966 4336 3075 4379 non
3099 4322 3343 4377 humana
3365 4323 3589 4392 sapien-

2015 4410 2087 4463 tia
2118 4424 2246 4482 erga
2287 4425 2382 4464 vos
2422 4409 2532 4477 usi,
2584 4425 2764 4481 neque
2816 4413 3051 4483 comptis
3105 4412 3456 4468 sermonibus
3497 4429 3592 4470 ve-

331 4501 427 4553 καὶ
501 4495 1032 4564 κεκαλλωπισμένας
1113 4493 1288 4558 λόγοις
1363 4492 1899 4559 καταγοητεύσαντας

2016 4512 2190 4558 Strum
2223 4501 2596 4558 denuulcentes
2637 4502 2905 4569 auditum,
2935 4520 2955 4554 ι
3001 4512 3187 4561 notam
3234 4502 3464 4559 fecimus
3498 4520 3595 4562 vo-

332 4590 486 4660 ὐμῶν
512 4588 610 4658 τὴν
647 4587 839 4656 ἀκοὴν,
879 4603 897 4637 ι
932 4585 1200 4655 γνωρίσαι
1230 4583 1330 4654 τὴν
1372 4582 1467 4635 τοῦ
1515 4583 1721 4653 Κυρίου
1751 4583 1910 4636 δύνα-

339 4700 430 4752 μιν
459 4681 587 4750 ὑμῖν
617 4680 709 4732 καὶ
745 4677 1074 4749 παρουσίαν,
1118 4694 1137 4727 ι
1186 4676 1379 4746 ὥσπερ
1412 4675 1673 4739 Ἕλληνες
1697 4674 1792 4728 καὶ
1820 4677 1911 4727 αἱ·

338 4775 540 4846 ρετικοί
562 4791 577 4805 ·
611 4771 867 4842 ’Έλληνες
897 4771 1017 4841 μὲν,
1050 4770 1127 4841 τῷ
1159 4769 1344 4822 κάλλει
1370 4769 1463 4821 καὶ
1501 4771 1613 4831 τοῖς
1643 4770 1912 4838 ποιήμασι

335 4867 717 4937 προσέχοντες,
739 4862 1120 4929 ἐξαπατῶντες
1143 4876 1157 4891 ⁸
1210 4864 1476 4933 αἱρετικοὶ
1532 4860 1609 4924 δὲ,
1641 4864 1750 4924 τοῖς
1780 4861 1914 4916 πλά-

334 4975 558 5029 σμασιν.
596 4957 753 5018 Εἰκὸς
776 4957 884 5023 γὰρ
913 4953 1108 5016 αὐτοὺς
1129 4954 1220 5006 καὶ
1241 4954 1342 5023 ἤδη
1373 4952 1635 5023 ἄρχεσθαι
1668 4953 1912 5018 ὑποφυο-

338 5053 551 5120 μένους.
584 5048 750 5100 Οὐδὲν
776 5043 870 5100 οὖν
900 5045 1139 5100 τοιοῦτον
1168 5048 1453 5099 κατανοεῖν
1492 5046 1638 5098 ἐστιν
1665 5046 1721 5097 ὲν
1758 5045 1911 5116 ἡμῖν·

332 5141 468 5213 λιτῷ
500 5142 609 5211 γὰρ
659 5140 802 5210 λόγῳ
854 5139 1207 5209 πεποιήμεθα
1250 5136 1350 5207 τὴν
1392 5138 1527 5208 πρὸς
1580 5137 1725 5208 ὑμᾶς
1767 5136 1911 5190 διδαο

336 5235 585 5295 σκαλίαν,
636 5231 664 5284 ὃ
712 5234 805 5284 καὶ
838 5229 1047 5294 Παῦλος
1081 5229 1219 5302 πρὸς
1253 5230 1571 5301 Κορινθίους
1618 5230 1773 5299 φησι,
1819 5230 1910 5281 καὶ

333 5329 478 5397 ειπερ
504 5327 565 5391 ἐξ
594 5325 857 5395 αὒτοψιας
901 5323 1142 5394 εσχημεν
1193 5321 1255 5395 [Ῑ.
1294 5320 1621 5395 saxiﬁcam],
1657 5325 1704 5375 οἱ
1747 5323 1803 5374 ὲν
1834 5320 1911 5390 τῷ

334 5423 452 5493 ὄρει
483 5418 561 5489 τῷ
602 5417 743 5488 ἁγίῳ
805 5418 1208 5480 συναναϐάντες
1237 5415 1408 5487 αὐτῷ.
1448 5416 1613 5486 Λέγει
1638 5415 1693 5470 δὲ
1724 5414 1823 5489 τὴν
1852 5414 1909 5467 ὲν

332 5518 398 5583 τῇ
446 5509 871 5581 μεταμορερὼσει
913 5508 1217 5578 δειχθεῖσαν
1258 5510 1442 5571 αὐτοῖς
1472 5507 1577 5562 ὑπὸ
1610 5507 1706 5562 τοῦ
1734 5509 1909 5562 Μονο-

330 5603 523 5675 γενοῦς
564 5602 744 5669 δόξαν,
778 5603 870 5656 καὶ
897 5601 996 5673 τὴν
1028 5600 1213 5673 φωνὴν
1250 5601 1317 5671 ἢν
1348 5602 1453 5654 ὑπὸ
1483 5600 1576 5655 τοῦ
1608 5601 1822 5665 Πατρός
1852 5602 1911 5668 ἐξ

399 5763 423 5794 ⁸
453 5764 496 5819 ll
519 5765 645 5819 (iur.
677 5781 734 5830 ιι,
776 5762 823 5817 4.

2016 4595 2103 4651 bis
2139 4592 2352 4649 Domini
2383 4593 2513 4649 Jesu
2547 4593 2754 4651 Christi
2788 4596 3048 4651 virtutem
3079 4603 3137 4652 et
3165 4596 3533 4665 praesentiam,
3567 4616 3587 4647 ι

2016 4686 2177 4742 sicuti
2205 4687 2436 4757 gentiles
2467 4700 2521 4742 ct
2553 4687 2790 4743 haeretici
2821 4686 3032 4743 faciunt
3066 4705 3079 4741 :
3114 4688 3187 4743 illi
3216 4689 3437 4760 quidem
3481 4704 3593 4743 ser-

2020 4781 2198 4836 monis
2252 4778 2520 4849 elegantia
2562 4788 2616 4834 et
2651 4789 2960 4850 poematum
3010 4792 3294 4838 venustate
3315 4781 3595 4840 auditores

2019 4888 2151 4930 suos
2185 4873 2544 4944 decipientes,
2610 4873 2663 4928 lii
2707 4889 2836 4931 vero
2875 4875 3038 4930 etiam
3076 4875 3392 4931 ﬁctionibus
3422 4880 3593 4944 (nam,

2025 4975 2082 5020 ut
2114 4965 2408 5021 verisimile
2429 4974 2536 5032 est,
2579 4966 2693 5037 jam
2726 4968 2806 5023 vel
2832 4974 2962 5024 tunc
2990 4967 3301 5037 huiusmodi
3344 4969 3593 5029 homines

2021 5065 2302 5127 emperant
2350 5056 2508 5127 oriri)
2556 5073 2570 5109 :
2623 5058 2796 5123 nihil,
2849 5056 3099 5128 inquam,
3156 5059 3351 5114 horum
3418 5066 3590 5130 potest

2017 5147 2188 5219 388
2216 5148 2270 5202 in
2308 5148 2468 5203 nobis
2498 5149 2787 5219 quisquam
2820 5147 3228 5218 deprehendere
3265 5166 3281 5206 :
3316 5150 3593 5222 siquidem

2014 5240 2211 5321 {mutili
2244 5253 2309 5293 ac
2334 5238 2570 5309 simplici
2615 5254 2871 5299 sermone
2899 5239 3056 5295 vobis
3099 5252 3344 5297 nostram
3388 5257 3591 5312 propo-

2020 5329 2232 5385 suimus
2293 5328 2601 5384 doctrinam
2658 5330 2824 5402 (idem
2887 5331 3088 5389 Paulus
3147 5332 3215 5387 ad
3275 5333 3591 5389 Corinthios

2018 5421 2265 5477 scribens
2299 5420 2365 5476 de
2396 5436 2454 5477 se
2487 5430 2719 5478 testatur
2746 5421 2789 5493 ⁸)
2816 5440 2830 5477 :
2867 5424 2963 5480 sed
3001 5439 3123 5495 quae
3153 5426 3268 5481 visu
3300 5437 3489 5482 nostro
3536 5427 3590 5482 in

2018 5524 2206 5569 monte
2228 5523 2419 5571 sancto
2443 5530 2567 5570 cum
2600 5516 2719 5586 ipso
2746 5516 3077 5574 exsistentes
3099 5518 3444 5589 percepimus
3483 5519 3591 5588 (lo-

2019 5610 2205 5680 quitur
2235 5606 2301 5662 de
2330 5607 2499 5677 gloria
2534 5606 2812 5677 Uuigeniti
2847 5609 2982 5680 ipsis
3012 5621 3231 5667 ostensa
3283 5611 3339 5666 in
3376 5609 3587 5667 transti—
