4010 6574
329 485 468 554 1265

1103 489 1508 554 EXPOSITIO
1538 490 1618 551 IN
1656 488 1899 553 EPIST.
1922 489 1983 550 ΙΙ
2025 490 2066 551 S
2128 492 2377 555 PETRI.
2401 519 2469 531 -
2499 486 2662 557 CAP.
2694 495 2778 558 II.

3460 492 3597 558 1266

327 610 421 663 ὐπ⁶
449 609 630 664 αὐτῶν
664 608 935 683 εἰρημένα
970 608 1071 681 οὐχ
1113 611 1499 684 ἡρμήνευσαν·
1540 611 1662 683 ἃμα
1708 612 1767 666 δὲ
1814 612 1905 665 καὶ

2034 613 2111 680 psi
2173 611 2448 682 propheta:
2490 612 2649 669 "dieta
2714 628 2814 669 sua
2867 627 2972 668 non
3003 613 3115 669 sint
3144 611 3513 684 interpretati,
3543 623 3596 668 et

327 703 596 775 διακρίνει
644 702 954 776 τὴννὰληθῆ
1001 704 1341 775 προφητείαν
1379 705 1483 775 τῆς
1529 703 1914 775 δαιμονιώδους

326 799 425 852 καὶ
460 796 725 868 πλαστῆς,
754 797 879 868 ἦτις
909 798 1004 851 καὶ
1046 800 1106 852 ὲν
1134 800 1250 861 τοῖς
1296 798 1594 869 αἰρετικοϊς
1624 800 1914 869 καταλαμ-

329 888 575 942 ϐάνεται.
614 907 633 939 ι
670 887 797 942 Ὅτι
828 891 983 944 πᾶσα
1021 890 1330 961 προφητεία
1365 892 1588 963 Γραφῆς
1614 891 1760 956 νίδίας
1801 894 1915 945 ἑπι-

328 978 540 1043 λύσεως
584 980 646 1034 οὐ
692 982 924 1049 γίνεται.
962 1000 983 1034 ι
1030 983 1187 1038 Τοῦτ’
1214 982 1406 1049 Ἔστιν,
1458 985 1539 1039 ὃτι
1570 984 1912 1049 λαμϐάνουσι

334 1072 435 1141 μὲν
481 1072 590 1124 ἀπὸ
635 1072 730 1126 τοῦ
781 1072 919 1126 Θεοῦ
973 1074 1024 1128 ei
1072 1074 1355 1145 προφῆται
1409 1076 1510 1145 τὴν
1546 1075 1909 1146 προφητείαν,

331 1161 451 1216 ἀλλ’
482 1164 601 1234 οὐχ·
630 1163 707 1226 ὡς
762 1166 962 1219 ἐκείνοι
1010 1164 1317 1235 βούλονται,
1367 1167 1483 1221 ἀλλ’
1533 1167 1609 1232 ὡς
1659 1169 1724 1222 τὸ
1770 1167 1915 1221 θεῖον

331 1258 551 1326 ἐνεργεῖ
583 1256 841 1326 Πνεῦμαθ
876 1258 970 1311 καὶ
1021 1256 1221 1329 ᾔδεσαν
1272 1258 1373 1328 μὲν
1410 1260 1509 1312 καὶ
1541 1258 1797 1313 συνίεσαν
1825 1259 1916 1312 τὸν

333 1349 843 1418 καταπεμπόμενον
864 1348 1022 1417 λόγον
1041 1349 1226 1412 αὐτοῖς
1247 1350 1608 1422 προφητικὸν,
1641 1352 1702 1405 οὐ
1731 1351 1917 1420 μέντοι

334 1441 430 1492 καὶ
451 1439 583 1508 ’τὴν-
601 1438 1042 1494 ἐπίλυσιναύτοῦ
1074 1440 1383 1495 ἐποιοῦντο·
1419 1443 1512 1496 καὶ
1537 1442 1622 1497 ὅτι
1651 1444 1759 1499 άπὸ
1780 1443 1915 1498 Θεοῦ

333 1529 722 1600 ἐνεργούμενα
738 1532 1060 1601 Πνεόματος
1081 1531 1436 1605 οἱπροφῆται
1461 1534 1681 1606 ᾔδεσαν,
1705 1536 1781 1599 ὡς
1809 1536 1917 1589 ἀπὸ

337 1624 485 1678 θείου
530 1624 1313 1695 Πνεῦματοςπαταπέμπέται
1335 1629 1363 1680 ὁ
1395 1627 1550 1696 λόγος
1574 1622 1793 1694 λαῦτοϊς,
1819 1627 1916 1697 δῆ-

336 1717 429 1770 λον
455 1718 548 1786 ἀφ’
568 1709 652 1772 ’ὧν
679 1718 899 1781 ἑκόντες
931 1718 1264 1790 ὑπούργουν,
1293 1722 1388 1774 καὶ
1420 1721 1450 1775 δ
1474 1721 1545 1775 ἂν
1569 1722 1761 1794 ἤθελον
1790 1723 1917 1777 ἐλά-

336 1808 490 1862 λουν·
538 1808 568 1861 δ
598 1810 669 1863 ’δὲ
721 1808 796 1880 μὴ
852 1809 1070 1881 ῆθελον,
1123 1812 1409 1866 ισιώπωνθ
1458 1814 1518 1866 οὐ
1580 1814 1687 1885 μὴν
1725 1816 1820 1869 καὶ
1861 1818 1916 1870 οἱ

2018 718 2199 758 veram
2238 720 2266 758 a
2312 706 2436 761 ﬁcta
2478 717 2532 761 et
2561 704 2895 763 daemoniaca
2923 700 3279 776 quorumdam
3312 705 3598 759 haeretico-

2016 810 2166 850 t'uzn'
2198 799 2481 868 prophetia
2532 797 2798 854 discernit
2848 813 2863 853 :
2954 784 3239 869 quoniam,
3319 796 3594 866 inquiens,

2027 908 2046 939 ι
2088 891 2269 945 omnis
2300 891 2586 960 prephetia
2644 889 2944 960 Scriptum
2993 890 3213 959 propria
3248 888 3597 957 interpreta-

2016 981 2163 1033 tione
2212 995 2318 1034 non
2352 980 2428 1035 lit.
2467 999 2486 1032 ι
2559 982 2674 1035 Hoc
2723 988 2832 1041 est.
2878 981 3157 1050 accipiunt
3187 978 3442 1049 equidem
3472 968 3600 1047 pro-

2019 1071 2194 1142 pheta:
2223 1088 2251 1125 a
2285 1072 2391 1127 Dec
2414 1073 2784 1142 prophetiam;
2815 1081 2870 1127 at
2899 1070 3028 1137 nan,
3092 1073 3170 1127 uti
3200 1064 3330 1141 ‘ipsi
3364 1071 3552 1124 volunt
3575 1107 3591 1130 .

2019 1165 2114 1220 sed
2153 1174 2212 1220 ut
2254 1166 2441 1221 divino
2493 1166 2721 1237 Spiritui
2763 1167 2896 1222 libet
2922 1165 3216 1221 infundere
3266 1181 3281 1219 :
3335 1173 3496 1234 atque
3526 1163 3599 1216 illi

2017 1257 2238 1326 quidem
2266 1256 2571 1313 immissum
2609 1257 2717 1314 illis
2747 1257 3126 1329 propheticum
3157 1270 3468 1312 sermonem
3509 1270 3603 1309 co-

2017 1351 2358 1421 gnoscebant
2389 1360 2441 1405 et
2486 1350 2885 1422 iutelligebant,
2916 1361 3154 1406 attamen
3189 1348 3308 1417 ejus
3332 1350 3605 1417 interpre-

2020 1443 2398 1498 tationem'seu
2419 1442 2835 1515 expiieationem
2868 1458 2975 1498 non
3020 1441 3315 1498 faciebant.
3353 1438 3420 1495 Et
3447 1455 3602 1505 sane,

2018 1536 2162 1604 quod
2180 1535 2473 1607 ‘pmpltettn
2506 1552 2535 1591 a
2576 1536 2688 1593 Deo
2724 1538 2830 1592 acti
2891 1550 3204 1591 sermonem
3265 1534 3368 1587 sibi
3435 1550 3462 1587 a
3496 1531 3607 1586 Deo

2018 1632 2151 1682 tunc
2206 1626 2320 1681 ﬁeri
2375 1628 2627 1694 nossent,
2694 1627 3050 1698 perspicuum
3082 1635 3167 1680 est
3234 1640 3297 1680 ex
3347 1638 3433 1687 eo,
3464 1622 3609 1692 quod

2020 1726 2214 1793 sponte
2265 1719 2375 1775 Deo
2433 1720 2679 1776 'moventi
2742 1720 3136 1785 inserviebam,
3169 1726 3221 1773 et
3275 1716 3443 1788 quod,
3489 1730 3609 1786 qua:

2019 1807 2233 1886 quidem
2300 1814 2593 1877 volebant,
2654 1813 3035 1883 loquebantur,
3102 1826 3227 1881 quae
3277 1825 3405 1865 vero
3447 1808 3597 1879 loqui

308 1900 799 2004 ,ιέῗῗηοπρυφῆτάμ
833 1902 910 1991 Qa
942 1903 1052 1973 γὰρ
1088 1901 1289 1974 ⁴ᾔδεσαν
1335 1905 1395 1957 ιν
1437 1904 1515 1976 τῷ
1555 1905 1914 1976 ἐνεργεῖσθαι,

2034 1909 2301 1973 nolebant,
2339 1908 2556 1963 silentio
2581 1906 2957 1963 occultabant.
3016 1905 3133 1960 Non
3168 1905 3240 1959 ita
3293 1919 3420 1959 vero
3485 1903 3608 1959 falsi

338 1992 478 2047 ἀλλὰ
514 1994 705 2066 -μανίᾳ
753 1984 1032 2064 γινδμενοι
1075 1997 1410 2067 παράφοροι,
1461 1998 1692 2067 ἠγνόουν
1726 2001 1755 2054 δ
1786 1999 1918 2055 ἔπα-

340 2101 487 2155 σχον,
516 2085 594 2150 ὡς
641 2087 692 2140 oi
746 2086 1062 2157 μεθύοντες.
1109 2089 1174 2142 Οί
1225 2089 1409 2159 μέντοι
1438 2089 1585 2159 ἅγιοι
1618 2094 1915 2164 προφῆται,

334 2178 548 2249 καίπερ
587 2178 809 2243 εἰδότες,
834 2180 903 2232 ὀὗ
950 2179 1142 2250 χρείαν
1181 2175 1329 2251 εἶχον
1371 2183 1700 2254 ἑρμηνεύειν
1730 2186 1798 2239 τὰ
1829 2188 1919 2240 ὑπ’

336 2268 541 2333 αὐτῶν,
598 2270 715 2323 ἀλλ’
760 2271 969 2341 ἑτέροις
1014 2271 1300 2342 διηκιίνουν
1353 2275 1528 2330 ταῦτα
1555 2275 1736 2347 [(ἠμίν
1765 2279 1918 2349 γὰρ),

342 2360 459 2431 ἅμα
490 2360 556 2414 ’δὲ
600 2360 718 2435 καὶ]
752 2361 839 2415 ἵνα
869 2355 1108 2436 λανθάνῃ
1136 2365 1172 2435 ἠ
1222 2364 1315 2418 τοῦ
1367 2366 1575 2437 Κυρίου
1621 2371 1915 2440 παρουσία,

342 2452 440 2505 καὶ
488 2451 563 2523 μὴ
607 2452 1028 2525 ἑπιθουλεύηται
1077 2455 1182 2508 ὑπὸ
1237 2456 1346 2510 τῶν
1386 2458 1623 2513 ἀσεϐῶν.
1673 2461 1924 2517 Ἐπιϐου-

341 2544 611 2615 λευομένη
639 2544 748 2617 γὰρ
769 2544 1003 2616 ἠδύνατο
1027 2547 1122 2601 καὶ
1150 2549 1553 2620 διαδιδράσκειν
1581 2551 1669 2607 διά
1701 2554 1799 2622 τῆς
1825 2556 1920 2608 τοῦ

328 2639 554 2708 -Κυρίσυ
575 2639 883 2709 δυνάμεως.
924 2630 1067 2693 Ἀλλ’
1092 2641 1259 2705 εἰκὸς,
1286 2641 1457 2695 ἐνίοτε
1484 2643 1575 2697 διὰ
1604 2647 1924 2716 παραδόξων

343 2727 446 2797 τῆς
474 2728 761 2799 άτωφυγῆς
789 2730 1105 2801 γινομένης,
1128 2732 1431 2800 τερατῶδες
1466 2732 1612 2802 ἔδοξε
1647 2738 1708 2791 τὸ
1739 2738 1922 2792 τελού-

334 2834 512 2885 μενον
550 2820 658 2890 ’τῆς
698 2820 1186 2892 ὲνανθρωπήσεως.
1244 2823 1355 2877 Καὶ
1398 2823 1483 2878 ὅτι
1513 2824 1711 2897 ἀληθὲς
1742 2828 1921 2894 τοῦτο,

268 2918 293 2928 ’
344 2908 506 2979 δῆλον
556 2909 667 2964 ἀπὸ
717 2910 827 2964 τῶν
875 2911 933 2965 ὲν
981 2915 1048 2985 τῇ
1093 2913 1212 2986 Νέᾳ
1244 2916 1560 2986 προφητῶν,
1603 2918 1654 2972 οἳ
1702 2920 1797 2974 καὶ
1825 2922 1927 2990 ἠρο

352 3000 590 3071 μήνευσν
616 3001 843 3066 ἑαυτοὺς
873 3002 1335 3073 προφητεύοντες,
1369 3009 1416 3060 εί
1452 3010 1547 3062 καὶ
1589 3010 1665 3079 μὴ
1705 3011 1924 3075 πάντες.

334 3092 424 3148 Ὀὐ
448 3093 557 3165 γὰρ
580 3088 654 3166 ἦν
674 3104 830 3158 ’τινος
858 3095 1105 3150 τοιούτου
1144 3096 1350 3167 ὑποψία
1395 3092 1455 3154 ὲν
1485 3104 1551 3172 τῇ
1586 3103 1723 3176 Νέᾳ.
1767 3105 1928 3159 Ἀλλὰ

347 3186 443 3239 καὶ
472 3187 555 3239 ὅτι
585 3186 689 3240 οὐκ
723 3186 1068 3256 ἐξιστάμενοι
1109 3190 1159 3242 οί
1191 3191 1472 3261 προφῆται
1511 3194 1924 3266 ἑχρησμῴδουν,

2025 1999 2323 2071 prophetae.
2357 1996 2472 2054 Non
2506 1998 2650 2053 enim
2675 1998 2774 2065 illi,
2801 2013 2923 2053 cum
2959 1996 3317 2070 agitarentur,
3351 1993 3434 2050 sui
3461 2009 3611 2048 com-

2026 2103 2178 2163 potes
2201 2102 2391 2159 erant;
2418 2091 2510 2147 sed
2545 2089 2979 2160 furoreqnodam
3025 2098 3179 2143 extra
3213 2104 3273 2144 se
3303 2088 3462 2158 rapti,
3500 2087 3612 2140 vel-

2028 2194 2086 2239 ttt
2136 2186 2295 2247 ein-ii,
2356 2185 2409 2239 id
2472 2183 2618 2254 quod
2692 2183 3064 2255 patiebantur,
3144 2180 3490 2250 ignorabant.
3546 2178 3613 2232 At

2026 2279 2198 2334 sancti
2234 2279 2529 2349 prophetae,
2572 2276 2788 2332 tainetsi
2872 2276 3018 2329 dicta
3052 2288 3161 2328 sua
3217 2271 3610 2339 intelligerent,

2028 2389 2133 2426 non
2169 2381 2346 2426 tamen
2383 2366 2505 2426 e're
2532 2386 2657 2425 esse
2695 2368 3017 2429 censebant,
3075 2365 3263 2420 eadem
3337 2361 3612 2431 interpre-

2027 2464 2129 2517 tari
2173 2478 2333 2516 :cnm
2364 2463 2491 2532 quia
2517 2458 2659 2525 aliis,
2695 2460 2746 2515 id
2771 2466 2855 2515 est
2878 2458 3054 2524 nobis,
3087 2472 3148 2511 ea
3181 2454 3568 2509 ministrabant
3595 2492 3610 2515 ,

2028 2562 2140 2607 tum
2168 2559 2229 2608 ut
2270 2551 2483 2605 Domini
2514 2550 2781 2605 adventus
2806 2563 2979 2619 usque
3002 2547 3067 2600 ad
3104 2544 3435 2615 praefinitum
3474 2550 3614 2596 tent-

2028 2663 2129 2716 pus
2156 2646 2560 2711 Occultaretur;
2588 2659 2655 2698 ne
2679 2643 2882 2699 clarius
2902 2638 3305 2695 manifestatum
3324 2635 3613 2703 impiorum

2029 2739 2258 2795 insidias
2278 2739 2489 2794 subiret
2515 2756 2529 2793 :
2566 2752 2673 2790 non
2704 2735 2854 2804 quod
2881 2733 3046 2789 etiam
3081 2729 3300 2788 insidiis
3332 2730 3612 2799 appetitus

2031 2830 2122 2887 Dei
2147 2832 2388 2903 potentia
2412 2828 2753 2886 exsecutioni
2788 2820 3040 2882 mandari
3095 2840 3204 2880 non
3251 2831 3471 2894 posset;
3511 2823 3608 2877 sed

2028 2926 2155 2996 quia
2194 2922 2590 2979 incarnationis
2652 2935 2815 2990 opus,
2844 2919 2890 2974 si
2921 2918 3059 2972 miro
3089 2926 3145 2971 et
3202 2915 3423 2970 insolito
3456 2914 3619 2968 modo

2027 3015 2297 3088 ejusmodi
2322 3013 2603 3085 eﬂugisset
2619 3008 2870 3076 insidias,
2894 3017 3140 3066 monstro
3171 3008 3388 3064 cuidam
3411 3022 3474 3061 ac.
3494 3021 3618 3076 por-

2030 3116 2203 3172 tento,
2237 3122 2332 3162 seu
2358 3104 2524 3160 etiam
2560 3103 2841 3174 praestigio
2874 3100 3058 3157 simile
3087 3098 3260 3153 videri
3326 3096 3617 3167 potuisset.

2031 3199 2097 3254 Et
2135 3198 2356 3269 quidem
2390 3212 2503 3251 rem
2543 3195 2616 3248 ita
2650 3210 2708 3248 se
2762 3193 2970 3248 habere
3018 3191 3369 3262 perspicuttm
3440 3199 3524 3244 est
3552 3203 3619 3243 ex

345 3276 510 3347 δῆλον
556 3277 652 3332 καὶ
693 3277 876 3332 τοῦτο.
920 3280 1011 3345 Ἐξ
1053 3280 1172 3344 ἐνὸς
1220 3283 1328 3354 γὰρ
1354 3284 1679 3355 ίῐινεύματος
1714 3306 1927 3359 προφη.

2034 3287 2321 3362 prOphetis
2345 3286 2468 3339 novi
2502 3282 2774 3347 Fmderis,
2803 3281 2897 3353 qni
2921 3279 3247 3349 semetipsos
3274 3272 3614 3348 interpretati

350 3370 620 3423 τενόντων
655 3370 767 3424 τῶν
803 3371 862 3423 ὲν
904 3374 970 3442 τῇ
1020 3370 1232 3443 Παλαιᾷ
1277 3376 1371 3428 καὶ
1416 3379 1484 3447 τῇ
1520 3377 1656 3448 Νέᾳ,
1701 3385 1866 3448 φησὶν
1900 3385 1929 3436 ὁ

349 3460 597 3524 Παῦλος·
647 3481 666 3514 ι
723 3461 852 3517 Ἐὰν
892 3462 951 3517 δὲ
1001 3460 1365 3537 ἀποκαλυφθῇ
1413 3466 1559 3539 ἄλλῳ
1610 3471 1928 3546 καθημένῳ,

338 3555 559 3621 σιγάτω
591 3555 620 3608 δ
645 3554 884 3626 πρῶτος.
918 3574 937 3608 ι
970 3556 1148 3627 Σαφὲς
1178 3564 1286 3630 γὰρ
1313 3559 1379 3612 ὲκ
1404 3560 1620 3627 τούτου,
1652 3564 1733 3617 ὅτι
1764 3567 1822 3618 ὲν
1851 3566 1930 3638 τῷ

349 3645 498 3699 κατὰ
556 3645 721 3713 φύσιν
755 3647 1037 3718 ἱστάμενοι
1087 3651 1137 3703 oi
1183 3651 1488 3722 προφῆται,
1535 3654 1755 3721 ἑκόντες
1795 3676 1933 3730 προ-

350 3738 638 3809 εφήτευον.
669 3737 760 3791 Διὸ
791 3739 884 3792 καὶ
905 3739 1065 3794 ἄλλου
1088 3743 1450 3813 ἀνισταμένου
1474 3746 1927 3817 ὲμζπνευσθέντος,

351 3830 380 3881 ὁ
412 3827 626 3898 πρῶτος
666 3827 847 3882 λαλῶν
884 3833 1099 3904 σιωπᾷν
1146 3834 1507 3905 ἔπετρέπετο,
1547 3838 1685 3909 ὅπερ
1719 3840 1820 3895 οὐκ
1864 3841 1931 3896 ἂν

352 3917 447 3969 ἐπὶ
479 3918 822 3987 μαινομένων
849 3917 1000 3990 εὖροι
1034 3936 1119 3985 τις
1152 3910 1465 3993 ἅνθρωπος.
1505 3912 1627 3990 Πῶς
1655 3931 1763 4000 γὰρ
1804 3949 1932 3986 σιω-

354 4006 523 4076 πήσει
553 4009 579 4061 6
602 4002 742 4078 μηδὲ
764 4004 798 4061 δ
825 4025 876 4062 τι
903 4007 1005 4080 δρᾷ
1034 4011 1430 4082 ὲπιστάμενος;
1466 4016 1576 4071 Καὶ
1613 4021 1929 4091 Πνεύματος

346 4099 409 4151 δὲ
439 4095 581 4153 εἶναι
610 4099 904 4171 ἐνέργειαν
934 4100 1093 4169 ἁγίου
1124 4103 1183 4155 ἐν
1213 4094 1328 4165 τοῖς
1357 4108 1685 4178 προφήταις,
1717 4114 1746 4163 ὁ
1770 4114 1935 4178 αὐτὸς

348 4186 569 4255 nacta;
608 4207 794 4262 φησιν,
846 4210 874 4244 ·ι
925 4185 995 4263 ’ᾭ
1035 4193 1172 4261 μὲν,
1228 4195 1469 4263 φάσκων,
1527 4199 1730 4255 δίδοται
1777 4202 1935 4273 λόγος

358 4277 643 4353 σοφίας,
670 4284 727 4337 δὲ
757 4283 1085 4357 προφητεία.
1126 4304 1145 4339 ι

2035 3388 2184 3443 sunt,
2219 3377 2434 3434 tametsi
2465 3391 2575 3431 non
2608 3389 2832 3441 omnes;
2863 3370 3009 3443 quod
3048 3370 3157 3441 iam
3188 3378 3300 3424 tum
3331 3369 3621 3438 huiusmo-

2034 3475 2088 3530 di
2114 3472 2356 3543 suspicio
2387 3467 2679 3526 cessasset.
2720 3456 2923 3521 ‘Vernm
2954 3472 3009 3520 et
3056 3463 3201 3534 quod
3240 3478 3346 3543 non
3375 3472 3526 3517 extra
3561 3475 3621 3513 se

2035 3564 2179 3636 rapti
2210 3541 2650 3617 vaticinarentur
2703 3556 3004 3628 prophetze,
3054 3541 3407 3609 manifestum
3439 3558 3520 3605 est
3553 3564 3623 3605 ex

2038 3670 2104 3711 eo
2130 3651 2276 3724 quod
2296 3665 2423 3706 ~uno
2447 3664 2511 3706 ac
2542 3647 2733 3704 eodem
2762 3644 2968 3717 Spiritu
3038 3642 3213 3697 sancti
3242 3640 3332 3696 Dei
3376 3638 3625 3694 homines

2039 3747 2092 3800 iu
2118 3744 2300 3800 Veteri
2355 3749 2521 3810 atque
2552 3739 2606 3794 in
2638 3734 2790 3794 Novo
2830 3728 3196 3792 Testamento
3259 3731 3624 3803 prophetave-

2037 3835 2283 3903 rint;ait
2309 3847 2437 3889 vero
2505 3831 2709 3886 Paulus
2746 3848 2760 3885 :
2798 3847 2817 3880 ι
2855 3825 2911 3882 Si
2956 3826 3049 3880 alii
3105 3825 3405 3881 revelatum
3462 3820 3628 3876 fuerit

2038 3929 2272 3994 sedenti,
2298 3927 2449 4000 prior
2476 3923 2723 3980 taceat“.
2763 3943 2781 3975 ι
2815 3921 2889 3976 Ex
2942 3935 3053 3991 quo
3089 3928 3261 3991 patet,
3323 3916 3622 3988 prophetas

2039 4020 2343 4076 naturalem
2374 4022 2578 4072 statum
2612 4026 2770 4068 anum
2817 4006 3135 4076 retinuisse,
3169 4024 3292 4062 cum
3329 4007 3627 4077 prepheta-

2040 4114 2170 4167 bant
2206 4131 2219 4166 :
2257 4110 2462 4164 idcirco
2483 4107 2649 4171 enim,
2684 4106 2792 4160 alio
2824 4111 3113 4175 surgente,
3142 4101 3233 4173 qui
3282 4098 3492 4171 Spiritu
3533 4088 3627 4152 Dei

2042 4198 2253 4258 amatus
2284 4207 2452 4263 eSset,
2482 4200 2574 4268 qui
2625 4198 2780 4266 prius
2853 4197 3204 4266 loquebatur.
3261 4193 3422 4250 silere
3472 4190 3631 4257 jube-

2045 4309 2166 4361 tur;
2201 4290 2346 4361 quod
2374 4289 2429 4344 in
2475 4286 2786 4343 furentibus
2813 4287 2994 4340 locum
3019 4285 3223 4339 habere
3252 4280 3360 4337 non
3406 4289 3581 4353 potest
3610 4299 3624 4335 :

356 4374 630 4447 quomodo
660 4377 806 4431 enim
859 4378 1279 4448 obtemperaret,
1310 4382 1401 4450 qui
1440 4384 1526 4438 sui
1581 4392 1806 4456 compos
1834 4405 1940 4446 non
1981 4390 2106 4447 est?
2136 4385 2240 4442 Sed
2272 4393 2327 4440 et
2357 4380 2734 4454 operationem
2770 4378 3010 4451 Spiritus
3068 4377 3243 4431 sancti
3280 4377 3332 4431 in
3396 4376 3629 4446 prophe-

357 4471 427 4521 tis
460 4467 647 4532 l'nisse,
675 4468 816 4524 idem
864 4468 1065 4526 Paulus
1120 4480 1375 4540 testatur,
1429 4490 1552 4531 cmn
1610 4478 1729 4532 ait:
1800 4500 1820 4533 ι
1864 4484 1970 4538 Alii
2006 4482 2226 4556 quidem
2267 4494 2364 4551 per
2411 4472 2677 4547 Spiritum
2718 4469 2880 4529 datur
2906 4488 3089 4530 sermo
3125 4470 3477 4540 sapientiae...
3537 4468 3629 4523 alii

363 4564 649 4638 prophetia
683 4566 725 4620 '.
763 4584 782 4618 ι
1122 4622 1126 4626 Α

952 4650 1205 4715 ΚΕΦᾹΛ.
1269 4659 1344 4719 B'.

435 4768 458 4804 λι
502 4746 787 4819 Ἐγένοντο
834 4750 894 4805 δὲ
946 4754 1042 4806 καὶ
1079 4751 1523 4823 ψευδοπροφῆται
1581 4757 1641 4810 ἐν
1697 4758 1776 4829 τῷ
1829 4761 1942 4833 λαῷ

359 4844 577 4915 ἐκείνῳ,
624 4843 701 4907 ὡς
732 4844 832 4897 καὶ
878 4845 938 4896 ὲν
993 4844 1122 4914 ὑμῖν
1179 4842 1399 4898 ἔσονται
1441 4844 1942 4918 ψευδοδιδάσκαλοι,

358 4938 559 4999 οἵτινες
600 4934 1007 5006 παρεισάξωσιν
1065 4933 1229 5007 [υιιίρ.
1263 4935 1496 5011 -ξουσιν]
1553 4940 1793 5012 αἱρέσεις
1842 4943 1949 4995 άπε-

304 5103 309 5115 !
361 5026 582 5087 ωλείας,
613 5024 709 5079 καὶ
738 5024 830 5078 τὸν
861 5026 1209 5096 ἀγοράσαντα
1239 5026 1435 5091 αὐτοὺς
1451 5029 1730 5098 Δεσπότην
1748 5031 1947 5102 ἀρνού-

364 5133 539 5185 μενοι,
595 5115 901 5183 ἐπάγοντες
945 5116 1159 5180 ἑαυτοῖς
1206 5117 1437 5188 ταχινὴν
1484 5120 1779 5174 άπώλειαν.
1839 5122 1950 5176 Καὶ

363 5208 550 5261 πολλοὶ
589 5207 1096 5281 ἐξακολουθήσωσιν
1143 5208 1310 5281 [ναις.
1348 5212 1582 5285 -σουσιν]
1609 5214 1789 5268 αὐτῶν
1824 5217 1945 5280 ταῖς

364 5299 699 5367 ἀσελγείαις,
734 5297 803 5351 δι’
833 5297 927 5361 οὒς
963 5298 996 5369 ἡ
1030 5298 1148 5362 ὁδὸς
1177 5297 1279 5368 τῆς
1311 5298 1570 5371 ἀληθείας
1615 5301 1945 5376 βλασφημη-

364 5394 611 5462 θήσεται.
648 5392 758 5445 Καὶ
786 5388 1070 5463 πλεονεξίᾳ
1099 5391 1357 5456 πλαστοῖς
1391 5392 1569 5462 λόγοις
1598 5395 1742 5464 ὑμᾶς
1769 5398 1946 5466 εμπο-

369 5483 683 5561 ρεύσονται.
714 5503 735 5535 ι
770 5481 1307 5545 Ψευδοδιδασκάλους
1348 5483 1468 5554 μὲν,
1502 5485 1625 5548 τοὺς
1641 5487 1751 5540 ἀπὸ
1777 5484 1945 5540 Νικο-

364 5577 499 5632 λάου
547 5576 643 5630 καὶ
672 5575 971 5648 Κηρινθίου
1022 5577 1177 5645 φησί.
1231 5576 1339 5629 Τοῦ
1376 5578 1434 5631 δὲ
1473 5579 1572 5649 τῆς
1606 5581 1947 5648 προφητείας

363 5665 634 5738 ὀνόματος
664 5666 860 5729 κοινῶς
895 5665 1165 5719 καὶκατὰ
1207 5667 1316 5720 τῶν
1350 5667 1647 5739 προφητῶν
1681 5670 1775 5722 καὶ
1805 5673 1947 5725 κατὰ

366 5760 479 5816 τῶν
523 5760 990 5833 ψευδοπροφητῶν
1037 5762 1377 5833 φερομένου,
1432 5763 1791 5833 ἀσφαλίζεται
1847 5765 1946 5835 μὲν

462 5938 488 5970 ⁸
562 5939 825 6005 (ἔοι-διν,
858 5937 938 5998 30.
1009 5938 1228 5996 'lCor.
1284 5953 1379 6003 xu,
1434 5938 1489 5994 8.

2568 4642 2732 4730 390
2777 4650 3008 4710 πειρον
3043 4653 3109 4707 ιι.

2117 4758 2286 4817 Vens.
2322 4757 2435 4811 i—‘5.
2468 4774 2485 4806 ι
2518 4753 2763 4808 Fuerunt
2793 4765 2922 4805 vero
2957 4760 3010 4802 et
3047 4745 3539 4818 pseudopropheta:
3573 4743 3627 4800 in

2051 4854 2276 4929 populo,
2308 4848 2451 4905 sicut
2479 4858 2531 4902 et
2564 4846 2619 4900 in
2662 4843 2818 4899 vobis
2845 4849 3009 4897 erunt
3032 4838 3276 4909 magism
3314 4837 3628 4898 mendaces,

2048 4927 2143 5018 qui
2181 4939 2533 4998 introdneent
2613 4945 2793 4991 sectas
2856 4929 3202 5004 perditionis,
3233 4937 3288 4982 et
3343 4942 3468 4980 enm
3534 4927 3630 4996 qni

2052 5038 2192 5094 emit
2241 5049 2359 5099 eos,
2390 5030 2677 5085 Dominum
2735 5034 2958 5096 negant,
2989 5019 3483 5091 snpurindncentes
3519 5019 3627 5073 sibi

2050 5128 2280 5184 celerem
2310 5124 2691 5195 perditionem.
2740 5117 2807 5171 Et
2861 5115 3015 5171 multi
3081 5119 3381 5182 sequentur
3437 5126 3626 5163 em'um

2053 5216 2324 5281 luxurias,
2354 5232 2449 5284 per
2508 5227 2649 5283 quos
2689 5211 2772 5262 via
2825 5205 3073 5261 veritatis
3129 5200 3626 5271 blasphemabitur.

2052 5309 2119 5365 Et
2142 5310 2193 5362 in
2226 5306 2456 5360 avaritia
2477 5304 2620 5359 lictis
2643 5300 2822 5356 verbis
2852 5296 2921 5351 de
2947 5296 3103 5351 vobis
3128 5294 3571 5364 negotiabnutur.
3605 5310 3622 5341 ι

2051 5401 2154 5455 Per
2184 5396 2687 5470 pseudoprophctas
2721 5393 2807 5445 hic
2844 5388 3047 5445 Nicolai
3088 5395 3142 5443 et
3199 5384 3445 5442 Cerinthi
3475 5398 3629 5439 asse-

2050 5492 2165 5547 elas
2195 5489 2464 5558 intelligit.
2497 5484 2632 5540 Cum
2684 5499 2814 5535 vero
2843 5479 3121 5551 propheta
3149 5491 3344 5531 nomen
3372 5489 3496 5528 cum
3534 5489 3629 5527 vc-

2053 5585 2152 5648 ris,
2188 5590 2302 5635 tum
2353 5579 2504 5635 falsis
2573 5575 2853 5647 prophetis
2911 5571 3277 5627 communiter
3321 5567 3630 5629 tribuatur;

2054 5680 2368 5728 commonet
2436 5686 2555 5733 eos,
2591 5683 2658 5722 ne
2730 5665 2877 5719 falsis
2947 5661 3223 5733 prophetis
3275 5657 3627 5713 attentionem

2057 5771 2398 5835 pra-starent.
2437 5759 2739 5817 Discrimen
2787 5770 2934 5820 vero,
2972 5754 3117 5825 quod
3171 5752 3313 5807 inter
3366 5757 3628 5817 utrosque
