4010 6612
437 371 567 440 ῙΞἿῙ

436 580 612 632 uelem
654 579 1104 633 incontinentiam
1135 580 1393 650 perfricta
1425 583 1602 638 fronte
1640 593 1994 638 corruerunt.

437 669 493 722 Et
531 670 771 739 quidem,
808 671 852 724 si
883 670 1008 740 quis
1039 671 1233 725 horum
1269 682 1517 727 exactam
1557 672 1804 726 notitiam
1853 674 1998 726 desi-

434 765 608 827 derat,
635 763 833 817 librum
869 763 935 816 ab
965 763 1170 818 lrenaro
1210 763 1367 819 Gallo
1401 775 1591 820 contra
1631 765 1782 836 ipsos
1815 766 2002 819 elabo-

437 861 634 910 uatum,
673 860 724 902 et
762 870 779 901 ι
814 852 1016 906 Contra
1064 851 1183 908 falsi
1221 855 1458 910 nominis
1483 855 1770 924 scientiam
1823 875 1841 906 ι
1904 855 2004 909 in-

433 942 695 1009 scriptum
726 942 778 994 in
813 959 1007 1000 manus
1041 952 1244 1009 sumat,
1282 959 1343 999 ac
1374 945 1426 998 in
1461 961 1526 1000 eo
1547 945 1738 999 hormn
1771 946 2004 1014 impudi-

437 1034 617 1095 cuias,
664 1049 726 1088 ac
746 1035 1045 1103 pra-sertim
1077 1051 1214 1104 quas
1244 1037 1680 1092 obscenissimus
1707 1035 1920 1091 Marcus
1949 1046 2002 1090 ct

433 1134 707 1192 corruptae
735 1124 804 1178 ab
831 1141 896 1179 eo
929 1127 1182 1181 mulieres
1210 1128 1555 1192 exercebant,
1590 1135 1704 1181 tum
1741 1129 1873 1182 alias
1907 1144 2002 1182 ne-

431 1215 634 1280 quitias
666 1231 800 1283 quas
825 1219 1006 1272 czeteri
1040 1219 1158 1287 ejus
1183 1228 1345 1274 secta:
1376 1220 1683 1288 patrabant,
1717 1227 2001 1276 enarratas

432 1313 710 1376 utrunque
739 1309 978 1362 inveniet
1017 1328 1030 1364 :
1058 1325 1183 1363 nam
1223 1325 1316 1365 eas
1347 1326 1505 1365 nemo
1528 1311 1613 1365 vel
1676 1311 1884 1380 scripto
1913 1327 2005 1365 sa-

432 1400 502 1453 tis
533 1400 833 1468 exprimere
866 1410 1061 1470 pOleSl,
1117 1402 1316 1472 quippe
1337 1416 1457 1472 qua:
1485 1400 1566 1456 vel
1595 1402 1711 1457 sola
1745 1401 1997 1457 recorda-

435 1490 580 1544 tione
621 1505 818 1544 nocere
855 1499 1107 1567 possunt.
1134 1489 1238 1557 Qui
1266 1507 1394 1547 vero
1428 1509 1492 1547 ex
1555 1483 1870 1563 contemptu
1905 1493 2004 1547 do-

434 1579 786 1633 minatiOuem
855 1595 962 1634 non
1022 1581 1232 1645 timent,
1277 1581 1404 1651 quid
1460 1582 1679 1648 mirum,
1710 1583 1753 1637 si
1795 1593 1848 1638 et
1875 1599 2002 1653 erga

433 1684 650 1723 omnem
685 1670 1005 1740 dignitatem
1047 1671 1307 1727 audacter
1353 1687 1412 1728 se
1468 1673 1737 1728 efferant?
1789 1673 2004 1729 Clarius

431 1772 566 1811 vero
589 1757 657 1811 de
701 1758 786 1813 his
814 1759 1036 1815 disserit
1067 1760 1258 1816 beatus
1289 1763 1568 1830 apostolus
1598 1761 1788 1828 .ludzts,
1819 1764 1909 1818 ubi
1934 1763 2001 1818 de

1446 380 2016 441 THEOPHYLACTI
2055 382 2459 444 BULGARL‘E
2491 384 2840 446 ARCHIEP.

433 488 654 558 opificio
677 496 730 543 et
769 487 1104 558 providentia
1154 489 1510 558 repellentes,
1545 491 1599 546 in
1632 507 1846 546 omnem
1881 507 2001 547 car—

2108 496 2372 564 ὲποψίας,
2427 497 2519 548 ἐπὶ
2571 499 2752 549 πᾶσαν
2805 497 3091 569 ἐχώρησαν
3155 499 3326 563 ἀδεῶς

3543 387 3680 452 1272

3411 519 3475 554 σα
3485 507 3681 574 ρκικὴν

2106 587 2468 655 ἀναθαρσίαν.
2505 589 2614 641 Καὶ⁸
2666 588 2718 641 εί
2747 606 2829 651 τις
2861 590 2990 659 περὶ
3030 591 3236 645 τούτων
3265 592 3441 646 ἐθέλει
3471 595 3683 664 μαθεῖν.

2103 677 2199 746 τὴν
2230 679 2502 748 Εἰρηναίῳ
2549 679 2642 731 τοῦ
2771 679 2868 752 τῷ]
2909 681 3098 751 Κελτῷ
3132 682 3314 752 βίϐλον
3351 686 3480 755 περὶ
3510 687 3686 742 αὐτῶν

2103 772 2554 841 ἐκπεπονημένην
2589 771 2767 824 λαϐὼν
2825 774 2919 827 ἐπὶ
2953 777 3163 844 χεῖρας,
3194 777 3292 845 τὴν
3339 778 3685 849 ἐπιγεγραμ-

2106 863 2296 932 μένην,
2330 882 2346 914 ι
2383 863 2539 916 Κατὰ
2563 867 2659 931 τῆς
2689 863 3042 934 ψευδωνύμου
3067 866 3344 934 γνώσεως,
3386 887 3404 920 ι
3445 871 3546 933 τάς
3569 871 3687 924 τούς

2104 970 2211 1004 των
2256 954 2532 1021 ἁμαρτίας
2575 955 2820 1025 εὑρήσει,
2853 956 2938 1009 διὰ
2993 955 3270 1031 [Μάρκου]
3325 961 3563 1029 μάλιστα
3587 963 3682 1015 τοῦ

2104 1043 2520 1111 ἀσελγεστάτου,
2587 1048 2680 1100 καὶ
2731 1047 2842 1099 τῶν
2907 1049 3002 1101 ὑπ’
3060 1050 3224 1103 αὑτοῦ
3279 1052 3684 1122 διαφθαρεισῶν

2103 1135 2398 1203 γυναικῶν,
2436 1136 2532 1188 καὶ
2571 1136 2667 1198 τάς
2721 1136 2887 1199 ἄλλας
2915 1137 3364 1208 άθεμιτουργίας,
3398 1141 3499 1204 τάς
3537 1144 3684 1209 παρὰ

2103 1227 2211 1278 τῶν
2242 1225 2448 1279 λοιπῶν
2511 1228 2834 1295 γενομένας,
2866 1229 2930 1292 ἃς
2963 1228 3084 1284 οὐδὲ
3126 1231 3211 1284 διὰ
3252 1233 3469 1302 γραφῆς
3504 1251 3683 1302 παρα-

2107 1318 2304 1389 στῆσαί
2333 1335 2416 1381 τις
2443 1318 2749 1390 δυνήσεται,
2784 1319 2860 1382 ὡς
2897 1321 3269 1390 λυμαινόντων
3296 1325 3388 1375 καὶ
3413 1324 3502 1378 διὰ
3540 1326 3683 1394 μνή-

2105 1424 2233 1476 μης.
2270 1408 2332 1460 Οἱ
2363 1411 2470 1478 γάρ
2524 1410 2589 1462 έκ
2631 1413 3093 1481 καταφρονήσεως
3135 1413 3195 1465 οὐ
3259 1414 3563 1478 δεδοικότες
3589 1418 3686 1486 τὴν

2103 1498 2422 1570 κυριότητα,
2445 1500 2499 1553 τί
2528 1500 2594 1554 ἂν
2617 1503 2873 1571 πρᾶγμα,
2906 1504 2955 1556 εί
2988 1504 3084 1557 καὶ
3128 1505 3266 1574 πρὸς
3321 1508 3500 1558 πᾶσαν
3529 1507 3686 1572 δόξαν

2103 1591 2274 1654 ἀδεῶς
2297 1592 2566 1660 διεγένετο
2588 1610 2602 1657 ;
2628 1592 2966 1665 Τρανότερον
2995 1612 3060 1648 πε
3070 1596 3122 1666 pi
3169 1598 3376 1650 τούτων
3405 1599 3434 1650 ό
3455 1598 3688 1651 ἀπόστο-

2103 1683 2192 1746 λος
2227 1683 2427 1747 Ἰούδας
2459 1685 2617 1756 ὲρεῖὸ
2639 1686 2928 1754 μακάριος,
2957 1685 3095 1740 ὅπου
3127 1689 3220 1740 καὶ
3242 1689 3369 1758 περὶ
3406 1688 3499 1740 τοῦ
3522 1691 3686 1742 Μωῦ-

2107 1776 2243 1837 σέως
2299 1776 2547 1845 σώματος
2601 1777 2987 1847 μνημονεύσει.
3046 1779 3218 1842 Αὐτὸς
3278 1770 3536 1851 μὲνγὰρ
3592 1784 3684 1834 νῦν
3767 1783 3778 1795 ’

434 1847 636 1919 Moysis
665 1866 896 1920 corpore
929 1853 1259 1906 mentionem
1294 1852 1442 1907 facit.
1481 1852 1586 1908 lste
1618 1862 1797 1908 autem
1829 1853 2006 1907 brevi-

2108 1866 2316 1938 [μόνον]
2353 1838 2726 1937 ὑνπέκρουαενϊ
2746 1869 3021 1939 ἁψάμενος
3053 1838 3236 1942 [ducti]
3271 1838 3362 1924 καὶ
3395 1838 3686 1925 καταπαύο

435 1951 538 2006 ter,
565 1957 626 1996 ac
660 1941 712 1993 iu
737 1942 842 1997 fine
877 1943 958 1997 sui
989 1942 1090 1994 hac
1121 1941 1188 1998 de
1222 1958 1281 1997 re
1299 1945 1594 2009 sermonis,
1632 1944 1734 1998 hoc
1762 1953 2005 1998 tantum-

435 2031 597 2085 modo
636 2031 898 2086 insinuat.
941 2031 1016 2086 Ετ
1053 2031 1145 2086 illo
1192 2035 1377 2104 itaque
1443 2034 1732 2088 occasione
1758 2041 2002 2102 sumpta,

436 2131 491 2177 et
515 2123 580 2176 de
613 2123 908 2193 propositis
933 2124 1049 2179 hmo
1073 2124 1315 2180 diximus
1358 2141 1372 2178 :
1412 2141 1433 2178 ι
1468 2125 1734 2189 Audaces,
1761 2125 1862 2178 sibi
1895 2125 2009 2194 pla-

438 2224 646 2277 centes,
680 2214 886 2285 glorias
916 2231 1024 2271 non
1062 2225 1313 2272 metuunt
1361 2217 1760 2287 blasphemare.
1804 2235 1822 2268 ι
1862 2217 2008 2271 Sub-

438 2307 790 2368 audiendum.
843 2307 935 2377 qui
992 2317 1141 2362 sunt.
1203 2307 1337 2363 Illud
1385 2318 1562 2363 autem
1596 2327 1613 2360 ι
1646 2306 1858 2363 Glorias
1904 2322 2007 2361 non

437 2407 708 2459 metuunt.
755 2416 774 2449 ι
812 2398 950 2453 idem
984 2407 1070 2454 est
1101 2414 1184 2461 ac,
1221 2399 1558 2469 contemptui
1617 2399 1817 2454 habent
1889 2415 2009 2452 om-

435 2504 556 2544 nem
586 2489 813 2560 gloriam
852 2504 950 2546 seu
979 2490 1301 2562 dignitatem
1335 2497 1389 2547 et
1415 2489 1671 2546 convitiis
1726 2490 2009 2546 incessere

436 2596 546 2638 non
579 2589 860 2637 verentur.
2002 2610 2032 2636 ο

513 2673 680 2730 Vens.
711 2675 801 2732 ll.
831 2695 849 2728 ι
884 2676 987 2732 Ubi
1011 2677 1186 2748 angeli
1215 2676 1534 2732 fortitudine
1566 2688 1620 2733 et
1646 2678 1846 2733 virtute
1885 2694 2009 2733 cum

436 2766 550 2821 sint
605 2764 861 2834 majores,
896 2780 1001 2820 non
1026 2774 1248 2835 portant
1295 2765 1562 2822 adversus
1595 2782 1654 2823 se
1678 2767 2013 2823 exsecrabile

430 2857 720 2928 judicium.
754 2878 773 2910 ι
813 2858 1013 2913 Volens
1042 2867 1248 2913 tantam
1309 2859 1698 2930 praedictorum
1732 2859 2014 2914 Itzeretico-

437 2963 562 3009 rum
637 2949 780 3004 circa
861 2948 1183 3019 huiusmodi
1255 2949 1541 3005 audaciam
1613 2966 2010 3020 compesrcre:

441 3057 461 3090 ι
494 3039 629 3097 Cum
685 3042 887 3112 angeli,
931 3041 1128 3111 inquit,
1180 3042 1274 3111 qui
1327 3041 1643 3096 fortitudine
1701 3052 1754 3098 et
1813 3043 2012 3110 virtute

436 3134 674 3200 majores
731 3134 891 3205 393
942 3142 1092 3199 sunt,
1154 3150 1264 3190 non
1298 3137 1473 3190 ferant
1504 3144 1692 3190 contra
1742 3151 1836 3193 eos
1867 3137 2008 3207 apud

438 3224 727 3278 Dominum
783 3226 1102 3281 maledicam
1131 3229 1480 3282 scntentlam.
1514 3247 1532 3280 ι
1570 3229 1690 3294 Quo
1752 3229 1895 3283 idem
1945 3243 2008 3284 ac

433 3317 626 3376 beatus
650 3321 820 3378 Judas
863 3323 1016 3387 dicit,
1050 3333 1106 3377 ut
1137 3323 1244 3395 jam
1295 3325 1740 3393 praemonuimus.
1768 3323 1900 3379 Nam
1951 3333 2006 3380 et

432 3413 524 3468 ille
586 3413 979 3469 nonnullorum
1044 3416 1243 3485 lingua:
1308 3417 1661 3487 petulantiam
1709 3418 2007 3487 castigans,

434 3503 622 3557 eodem
656 3506 904 3573 exemplo
936 3506 1361 3561 admonitionem
1393 3521 1553 3562 suam
1619 3508 1875 3572 instruit,
1911 3507 2006 3563 sed

436 3595 720 3662 eliquanto
762 3593 958 3660 fusius,
991 3597 1061 3650 ita
1090 3598 1278 3653 dicens
1299 3599 1376 3652 ¹¹;
1415 3619 1433 3650 ι
1464 3599 1690 3655 Michael
1718 3602 2012 3672 archange-

439 3685 524 3740 lus
561 3701 666 3739 non
698 3695 782 3741 est
826 3702 994 3743 ausus
1032 3689 1301 3757 judicium
1340 3691 1543 3748 inferre
1572 3693 1946 3762 blasphemia.
1985 3712 2003 3746 ι

438 3775 626 3830 Simile
651 3775 778 3845 quid
808 3778 968 3833 etiam
1004 3777 1200 3836 Petrus
1239 3796 1382 3836 nunc
1438 3783 1622 3839 dicere
1643 3785 1788 3850 vult;
1820 3800 2011 3854 nempe

435 3867 581 3936 quod
615 3867 700 3922 isti
728 3869 1143 3924 cacodaemones
1207 3887 1313 3926 non
1387 3883 1679 3931 vereantur
1717 3875 2011 3946 dignitates

435 3959 698 4016 conviciis
734 3961 1025 4027 incessere,
1057 3978 1181 4017 cum
1218 3973 1394 4019 tamen
1425 3982 1493 4021 ne
1521 3967 1622 4036 ipsi
1644 3967 1859 4036 quidem
1911 3984 2009 4022 an-

437 4051 538 4122 geli
574 4061 840 4122 potestate
870 4059 925 4105 et
957 4053 1282 4108 fortitudine
1360 4057 1608 4113 scelestis
1667 4059 1788 4114 istis
1840 4059 2012 4114 multo

437 4145 771 4211 superiores,
810 4141 1005 4206 ferant,
1037 4158 1133 4197 seu
1164 4157 1272 4197 non
1305 4144 1584 4215 proferant
1641 4146 1902 4202 adversus
1935 4148 2013 4217 ip-

436 4247 530 4288 sas
561 4232 724 4285 veluti
767 4231 1059 4300 dignitates
1088 4233 1407 4290 maledicam
1457 4239 1788 4293 sententiam
1826 4255 2008 4293 corant

437 4322 687 4376 Domino.
723 4321 962 4388 Scilicet,
987 4325 1110 4394 quia
1134 4325 1449 4396 dignitatem
1469 4329 1704 4398 aliquam
1727 4331 2012 4399 participat

437 4414 711 4482 diabolus,
737 4415 938 4486 quippe
957 4417 1050 4486 qui
1088 4424 1172 4471 est
1213 4437 1230 4468 ι
1270 4418 1598 4488 principium
1623 4429 1888 4474 creaturae
1916 4421 2013 4475 Do-

2107 1975 2206 2020 σας
2239 1960 2326 2009 τὸν
2354 1958 2481 2028 περὶ
2531 1957 2724 2012 τούτου
2784 1959 2965 2026 λόγον.
3005 1961 3093 2028 Ἐξ
3135 1961 3344 2015 ἐκείνου
3368 1963 3554 2016 τοίνυν
3591 1964 3684 2015 καὶ

2107 2048 2366 2117 περὶτῶν
2427 2050 2800 2119 προκειμένων
2843 2051 3122 2123 [λαϐόντες
3162 2053 3261 2116 τὰς
3288 2053 3567 2124 ἀφορμὰς]
3599 2054 3684 2106 λέ-

2107 2157 2278 2209 γομεν
2306 2155 2320 2170 ο
2359 2159 2377 2192 ι
2412 2141 2729 2211 Τολμηταὶ,
2775 2142 3048 2208 αὐθάδεις,
3096 2143 3254 2208 δόξας
3298 2147 3360 2198 ού
3422 2147 3685 2213 τρέμουσι

2110 2227 2574 2299 βλασφημοῦντες.
2615 2250 2633 2281 ι
2669 2232 3213 2300 Προσυπακουστέον,
3247 2233 3304 2286 οἴ
3335 2234 3461 2286 είσι.
3503 2234 3577 2284 Τὸ
3605 2232 3682 2295 δὲ,

2116 2339 2132 2371 ι
2176 2321 2341 2383 Δόξας
2367 2321 2426 2373 οὐ
2456 2322 2770 2390 τρέμουσιν,
2811 2342 2827 2372 ι
2867 2323 2985 2374 ἀντὶ
3026 2323 3142 2386 τοῦ,
3190 2322 3684 2393 καταφρονητικῶς

2109 2412 2294 2482 ἔχουσι
2349 2414 2532 2464 πᾶσαν
2561 2412 2715 2478 δόξαν
2750 2411 3093 2483 βλασφημεῖν
3121 2413 3182 2465 οὐ
3211 2413 3468 2468 δεδίασιν.

2187 2689 2205 2720 ι
2249 2668 2423 2721 Ὀπου
2449 2667 2666 2735 ἄγγελοι
2690 2659 2841 2736 ἰσχύϊ
2859 2666 2952 2721 καὶ
2979 2666 3203 2737 δυνάμει
3230 2667 3478 2737 μείζονες
3509 2666 3682 2732 ὄντες,

2109 2761 2171 2814 οὗ
2212 2759 2438 2830 φέρουσι
2467 2758 2584 2810 κατ’
2603 2758 2783 2811 αὐτῶν
2807 2761 2957 2832 παρὰ
2987 2759 3176 2831 Κυρίῳ
3212 2759 3531 2829 βλάσφημον
3571 2757 3684 2827 κρί-

2113 2871 2219 2908 σιν.
2271 2873 2287 2905 ι
2329 2851 2663 2923 Βουλόμενος
2705 2853 2902 2916 αὐτοὺς
2932 2857 3178 2924 ἐπισχεῖν
3208 2851 3306 2922 τῆς
3338 2852 3470 2922 περὶ
3512 2852 3682 2904 ταῦτα

2111 2949 2338 3018 τόλμης,
2377 2948 2575 3016 φησίνο
2614 2965 2632 2996 ι
2670 2946 2844 2998 Ὅπου
2880 2943 3102 3012 ἄγγελοι
3152 2945 3296 3012 ίσχύῖ
3339 2947 3432 2998 καὶ
3459 2944 3682 3010 δυνάμει

2118 3041 2367 3110 μείζονες
2403 3040 2556 3103 ὄντες
2589 3038 2649 3091 οὗ
2686 3039 2910 3107 φέρουσι
2941 3037 3059 3090 κατ’
3107 3037 3285 3090 αὐτῶν
3312 3037 3462 3106 παρὰ
3493 3036 3683 3104 Κυρίῳ

2058 3176 2078 3196 ,
2117 3133 2437 3204 βλάσφημον
2484 3132 2686 3202 κρίσιν,
2717 3149 2735 3182 ι
2769 3128 2935 3183 ταὺτὸ
2985 3127 3060 3197 τῷ
3091 3127 3348 3198 μακαρίῳ
3381 3127 3571 3197 Ἰούδᾳ,
3610 3127 3683 3188 ὡς

2112 3228 2344 3297 ἔφημεν,
2369 3225 2542 3294 λέγων
2568 3241 2582 3255 ⁸
2614 3223 2734 3276 ἐπεὶ
2781 3222 3029 3284 κάκεῖνος
3075 3221 3179 3290 τήν
3218 3237 3378 3273 τινων
3402 3218 3683 3286 γλωσσαλ-

2111 3321 2234 3388 γίαν
2257 3317 2521 3382 κολάζων,
2557 3315 2666 3370 ἀπὸ
2716 3313 2811 3368 τοῦ
2849 3312 3015 3367 αὑτοῦ
3049 3312 3494 3383 παραδείγματος
3525 3314 3686 3364 ποιεῖν

2108 3429 2198 3465 ται
2227 3411 2323 3481 τὴν
2363 3408 2663 3464 νουθεσίαν.
2696 3407 3042 3476 Πλατύτερον
3081 3407 3265 3476 μέντοι
3293 3405 3362 3458 δι’
3390 3397 3464 3458 ὧν
3499 3403 3647 3471 λέγει
3666 3420 3680 3433 ·

2117 3525 2134 3556 ι
2175 3505 2236 3557 '0
2293 3504 2349 3556 δὲ
2402 3500 2619 3572 Μιχαὴλ
2664 3502 2692 3552 ό
2731 3497 3092 3571 ἀρχάγγελος,
3129 3517 3146 3549 ι
3176 3498 3273 3551 καὶ
3311 3497 3458 3565 ἑξῆς,
3513 3517 3531 3548 ι
3585 3497 3682 3549 οὐκ

2111 3597 2376 3666 ἐτόλμησε
2435 3594 2616 3660 κρίσιν
2647 3592 2951 3660 ἐξενεγκεῖν
2993 3591 3330 3661 βλάσφημον.
3375 3611 3392 3642 δ
3432 3589 3680 3643 Τοιοῦτον

2109 3687 2201 3741 οὖν
2235 3687 2329 3740 καὶ
2382 3685 2588 3755 Πέτρος
2637 3682 2886 3753 βούλεται
2922 3681 3150 3754 [λέγειν]
3184 3683 3298 3744 νῦν,
3325 3682 3406 3734 ὅτι
3443 3675 3604 3733 Οὗτοι
3637 3681 3682 3732 οἱ

2111 3778 2501 3846 κακοδαίμονες
2564 3775 2716 3829 οὐδὲν
2773 3774 2990 3844 ἔχουσιν
3029 3775 3108 3836 είς
3154 3772 3320 3840 φειδὼ
3355 3774 3484 3838 περὶ
3503 3771 3564 3822 τὸ
3590 3771 3683 3830 τὶς

2109 3871 2263 3936 δόξας
2296 3869 2657 3939 βλασφημεῖν,
2715 3865 2914 3939 [καίτοι
2940 3883 3002 3940 γε
3023 3864 3168 3938 οὐδὲ]
3202 3865 3355 3918 αὐτοὶ
3386 3867 3432 3914 οἱ
3463 3862 3684 3928 δυνάμει

2113 3959 2208 4014 καὶ
2240 3957 2385 4028 ίσχύῖ
2423 3957 2669 4026 μείζονες
2707 3956 2879 4019 ὄντες,
2921 3953 3160 4024 δηλονότι
3183 3954 3292 4005 τῶν
3325 3951 3539 4022 μιαρῶν
3561 3950 3683 4002 τού-

2111 4069 2239 4114 των,
2267 4051 2326 4102 ού
2355 4051 2634 4120 φέρουσιν,
2675 4050 2790 4119 ἦτοι
2822 4048 2882 4099 οὺ
2916 4046 3304 4116 προκομίςουσι
3345 4043 3464 4095 κατ’
3488 4042 3682 4105 αὐτῶν,

2111 4142 2272 4195 οἱονεὶ
2308 4141 2414 4195 τῶν
2461 4140 2650 4204 δοξῶν,
2701 4139 3023 4210 βλάσφημον
3071 4137 3250 4206 κρίσιν
3283 4134 3433 4205 παρὰ
3476 4134 3680 4203 Κυρίῳ.

2124 4235 2278 4288 Ἐπεὶ
2302 4235 2407 4306 γὰρ
2446 4234 2606 4300 δόξης
2651 4233 2796 4295 τινος
2855 4230 3076 4300 μετέχει
3112 4228 3206 4282 καὶ
3245 4231 3272 4282 ὁ
3306 4227 3575 4290 διάϐολος,
3600 4226 3682 4278 διὰ

2112 4327 2172 4380 τὸ
2206 4327 2345 4398 ἁρχὴ
2373 4323 2510 4378 εἶναι
2541 4325 2858 4394 πλάσματος
2902 4323 3130 4394 Κυρίου,
3167 4321 3266 4374 οὐκ
3289 4322 3488 4392 ἤνεγκε
3535 4319 3684 4388 ῥῆμα

2114 4420 2235 4472 κατ’
2261 4419 2424 4472 αὐτοῦ
2451 4419 2790 4488 βλάσφημον.
2822 4417 2882 4468 Ei
2925 4417 3094 4485 γὰρ.ό
3127 4413 3323 4483 μᾶλλον
3352 4413 3498 4478 ἄξιος
3522 4412 3684 4478 βλασ-

436 4507 571 4563 ιηίηί
603 4507 667 4573 υ,
708 4528 725 4559 ι
768 4523 875 4564 non
905 4510 1029 4563 tulit
1065 4509 1290 4565 Michael
1330 4511 1694 4582 archangelus
1741 4511 2006 4566 adversus

2115 4517 2338 4582 φημεῖν,
2403 4513 2492 4565 τὸν
2571 4510 2817 4569 διάεολον
2897 4509 3090 4577 λέγων,
3145 4508 3292 4576 ὅμως
3333 4506 3420 4557 διὰ
3446 4506 3505 4557 τὸ
3531 4504 3682 4572 δόξης

435 4615 562 4654 eum
597 4599 761 4654 verba
794 4599 1047 4654 convitii.
1106 4599 1272 4666 Quasi
1331 4599 1537 4655 diceret
1571 4619 1584 4655 :
1642 4599 1697 4653 Si
1731 4599 2004 4664 diabolus,

435 4693 525 4762 qui
563 4690 802 4746 omnium
831 4691 1186 4761 dignissimus
1213 4701 1316 4757 est,
1347 4701 1404 4745 ut
1461 4691 1846 4762 proscindatur
1877 4707 2008 4747 cou-

433 4783 604 4848 vitiis,
631 4783 682 4836 id
715 4791 894 4837 tamen
923 4799 1030 4838 non
1074 4785 1293 4855 pertulit
1314 4800 1344 4838 a
1369 4785 1630 4842 Michaele
1675 4803 1861 4841 coram
1906 4787 2005 4842 Do-

434 4877 619 4942 mino;
653 4874 900 4945 profecto
931 4891 1080 4930 sanae
1105 4880 1304 4932 mentis
1338 4894 1445 4932 non
1477 4888 1626 4943 sunt,
1653 4881 1745 4948 qui
1773 4879 2010 4949 dignita-

434 4979 517 5024 tes
549 4969 852 5025 maledictis
878 4969 1188 5035 incessunt,
1221 4986 1349 5023 cum
1388 4972 1596 5041 angelis
1631 4974 1804 5026 multo
1835 4973 1946 5026 sint
1971 4974 2004 5026 ii

436 5061 700 5131 dignitate
731 5060 1037 5116 inferiores.
1090 5051 1410 5133 'Dignitates
1461 5078 1590 5117 vero
1623 5064 1707 5118 vel
1733 5079 2005 5134 supernas

434 5153 688 5218 virtutes,
717 5151 802 5208 vel
836 5153 1243 5209 ecclesiasticas
1273 5161 1574 5222 potestates
1633 5165 1791 5208 vocat
1821 5170 1836 5208 :
1873 5172 2004 5210 cou-

435 5254 518 5296 tra
555 5259 692 5312 quas
725 5244 816 5299 isti
851 5244 1222 5314 insurgentes,
1245 5259 1342 5302 eas
1367 5245 1717 5301 contumeliis
1747 5247 2001 5302 insectari

436 5349 544 5389 non
568 5336 847 5391 desinunt.

510 5426 678 5483 Vens.
707 5428 892 5482 1243.
940 5447 958 5478 ι
998 5427 1060 5482 Hi
1084 5444 1215 5486 vero
1237 5431 1385 5486 velut
1414 5431 1749 5486 irrationalia
1783 5445 2004 5500 pecora,

435 5521 766 5576 naturaliter
800 5521 853 5574 in
883 5522 1190 5591 captionem
1236 5529 1292 5578 et
1340 5523 1638 5593 perniciem
1680 5523 1732 5576 in
1769 5522 1854 5577 his
1887 5537 2008 5592 qua:

381 5624 388 5627 '
435 5614 692 5684 ignorant
717 5612 1160 5683 blasphemantes
1214 5615 1269 5670 in
1317 5615 1673 5687 corruptione
1731 5631 1830 5671 sua
1866 5615 2011 5686 peri-

535 5795 546 5824 '
581 5791 755 5848 ludar.
788 5791 840 5846 9.
931 5795 974 5827 “
1005 5793 1132 5850 Job.
1163 5810 1253 5862 XL,
1287 5794 1371 5850 l9.

2119 4605 2387 4674 μετέχειν,
2414 4604 2512 4655 οὐκ
2531 4602 2690 4670 ἔτυχε
2716 4599 2906 4670 τούτου
2937 4598 3086 4668 παρά
3105 4597 3197 4650 τοῦ
3223 4595 3440 4666 Μιχαὴλ
3459 4595 3683 4646 ἐνώπιον

2116 4698 2324 4766 Κυρίου
2355 4713 2368 4727 ο
2404 4696 2502 4748 οὐκ
2535 4696 2600 4748 ἂν
2625 4693 3024 4761 σωφρονήσειεν
3050 4690 3099 4742 οί
3135 4689 3439 4758 προχείρως
3461 4686 3560 4748 τάς
3597 4685 3682 4737 δό-

2107 4778 2213 4859 ’ξας
2241 4787 2707 4860 βλασφημοῦντες,
2739 4784 2917 4855 πολλῷ
2969 4783 3067 4853 τῆς
3109 4781 3217 4834 τῶν
3245 4781 3492 4848 ἀγγέλων
3513 4777 3684 4846 τιμιόο

2115 4899 2277 4951 τητος
2325 4881 2552 4933 κατόπιν
2612 4878 2918 4946 φερόμενοι.
2959 4894 2977 4926 ι
3024 4873 3188 4938 Δόξας
3218 4893 3236 4925 ι
3288 4872 3344 4924 δὲ
3392 4870 3490 4934 τάς
3539 4870 3683 4933 θείας

2115 4974 2375 5042 δυνάμεις
2405 4972 2592 5040 φησὶν,
2623 4970 2654 5039 ἦ
2702 4970 2796 5022 καὶ
2843 4970 2939 5032 τὰς
2995 4963 3458 5038 ἐκκλησιαστικὰς
3489 4962 3681 5032 ἀρχὰς,

2111 5061 2188 5121 ὧν
2221 5065 2551 5126 άπεναντίας
2599 5063 2889 5133 φερόμενοι
2923 5053 3071 5114 οὗτοι
3132 5059 3182 5112 οἱ
3236 5056 3682 5128 βλασφημοῦντες

2113 5160 2281 5222 αὐτὰς
2316 5155 2670 5212 διατελοῦσιν.

2193 5450 2209 5482 ι
2244 5424 2401 5484 Οὗτοι
2440 5429 2495 5482 δὲ
2520 5428 2593 5490 ὡς
2625 5427 2792 5492 ἄλογα
2819 5425 2934 5489 ζῶα
2960 5419 3332 5492 γεγεννημένα
3368 5417 3574 5488 φυσικὰ
3607 5416 3682 5480 εἰς

2113 5524 2314 5578 ἅλωσιν
2340 5522 2433 5574 καὶ
2467 5520 2692 5589 φθοράν,
2738 5519 2795 5571 έν
2823 5511 2905 5582 οἷς
2937 5513 3192 5583 ἀγνοοῦσι
3243 5509 3683 5584 βλασφημοῦντες

2118 5616 2175 5669 ὲν
2210 5615 2276 5685 τῇ
2310 5613 2486 5684 φθορᾷ
2515 5611 2696 5666 αὐτῶν
2740 5605 3256 5680 καταφθαρήσονται
3281 5621 3295 5636 ο
3333 5599 3682 5672 κομιούμενοι
