4010 6574
293 428 431 493 1Ξῖ3

1032 437 1441 501 EXPOSITIO
1476 441 1559 503 IN
1607 442 1850 503 EPIST.
1882 442 1945 503 Il
1981 443 2042 504 S.
2075 443 2324 505 PETRI.
2352 470 2422 480 -
2449 445 2609 513 CAP.
2652 446 2735 508 II.

3415 448 3552 515 1274

296 520 487 612 μισθδιν
536 546 776 613 ἀδικίας,
834 548 1032 635 ἡδονὴν,
1077 553 1373 624 ἡγούμενοι
1436 557 1537 627 τὴν
1586 558 1644 609 ὲν
1688 555 1877 627 ἡμέρᾳ

1994 565 2137 612 mut.
2169 556 2540 628 Percipientes
2575 561 2881 616 mercedem
2942 560 3248 631 iniustitim,
3303 565 3556 635 voluptas

290 639 525 710 τρυφήν.
573 659 592 691 ι
623 639 779 704 Τινὲς
807 640 965 695 τοῦτο
989 642 1163 706 οὑτως
1189 643 1557 717 ἐξηγήσαντο·
1602 647 1689 711 Ὠς
1710 647 1878 716 ἄλογα

294 732 409 794 ζῶα
432 733 638 801 φυςικά
665 735 1041 805 γεγεννημένα
1084 738 1142 789 ὲν
1286 738 1463 812 φθορᾷ
1490 741 1670 794 αὐτῶν
1707 758 1878 795 καταο

295 825 690 894 φθαρήσονται,
716 826 1030 882 τοῦτ’ἔστιν
1061 829 1213 884 οὐδὲν
1241 832 1609 898 διενεγκόντες
1639 833 1878 903 κτηνῶν,

295 915 334 972 ἃ
366 917 504 986 πρδς
557 920 729 989 μόνην
780 920 989 990 φθοράν
1034 922 1281 990 γέγονεν.
1343 924 1430 988 Ὠς
1467 924 1638 992 ἄλογα
1679 925 1735 978 δὲ
1764 926 1939 990 tilia"

299 1011 524 1078 φυσικά,
566 1029 588 1062 ι
623 1002 772 1064 τοῦτδ
801 1011 969 1078 ἐστιν,
1012 1016 1132 1067 κατ’
1184 1014 1439 1086 αἴσθησιν
1472 1017 1643 1086 μόνην
1681 1017 1880 1080 ζῶντα,

297 1101 359 1153 οὐ
385 1100 528 1154 κατά
548 1099 675 1154 νοῦν
708 1100 799 1154 καὶ
828 1102 927 1172 τὴν
948 1103 1143 1174 νοεράν
1169 1103 1317 1175 ζωήν
1346 1122 1360 1136 ο
1390 1105 1473 1159 διὸ
1501 1105 1594 1159 καὶ
1618 1105 1882 1160 εὐάλωτοι

299 1193 367 1260 τῇ
410 1192 556 1244 κατά
607 1190 709 1263 τὴν
767 1193 1012 1266 φθαρτὴν
1045 1194 1192 1266 ζωὴν
1218 1200 1566 1269 περιαγωγῇ,
1596 1197 1757 1268 θυμῷ
1787 1196 1883 1265 καὶ

298 1283 589 1355 ἐπιθυμίᾳ,
627 1285 887 1354 ἀγόμενοι
946 1287 1044 1339 καὶ
1094 1287 1545 1358 περιφερόμενοι,
1587 1307 1606 1340 ι
1661 1289 1747 1341 Ἐν
1801 1283 1883 1352 οἷς

296 1374 587 1443 ἀγνοοῦσιν
617 1415 632 1438 ,
696 1395 717 1428 ι
769 1376 888 1446 ﬁo:
929 1379 995 1447 τῇ
1059 1378 1378 1452 καθηκούσῃ
1439 1380 1623 1455 αὐτῶν
1679 1380 1877 1455 ἀγνοίᾳ

301 1467 774 1537 βλασφημοῦντες,
800 1471 867 1540 τῇ
903 1469 1147 1537 ἐπαξίως
1180 1472 1360 1525 αὐτῶν
1390 1454 1573 1545 φθορᾷ
1592 1454 1881 1549 καταφθα-

303 1560 596 1628 ρήσονται,
663 1579 682 1610 ι
740 1560 1097 1632 κομιούμενοι
1167 1563 1358 1634 μισθὸν
1447 1564 1685 1628 ἀδικίας,
1744 1583 1764 1617 ι
1824 1564 1885 1618 ὃν

299 1648 540 1702 ἐθελοντὶ
574 1651 789 1714 ἑαυτοῖς
817 1636 1211 1722 προεξένησαν.
1249 1672 1268 1705 ι
1324 1652 1546 1724 Ἡδονὴν
1587 1652 1884 1727 ἡγούμενοι

297 1738 398 1809 τὴν
423 1739 482 1791 ὲν
505 1738 690 1810 ἡμέρᾳ
722 1742 956 1813 τρυφήν.
1014 1760 1032 1793 ι
1067 1742 1140 1794 Τὸ
1183 1742 1372 1808 ὅντως,
1417 1742 1608 1813 φησὶν,
1663 1741 1883 1812 ἐφετὸν,

300 1833 398 1886 καὶ
421 1833 521 1902 τὴν
551 1832 727 1902 ἀληθῆ
757 1834 850 1886 καὶ
891 1834 1195 1904 ἐπέραστον
1248 1834 1590 1906 εὐφροσύνην
1628 1836 1723 1889 καὶ
1763 1836 1886 1907 ἡδο-

301 1927 424 1995 νὴν,
450 1924 507 1976 ὲν
534 1926 601 1994 τῇ
628 1924 950 1995 καθημέραν
979 1925 1251 1995 τιθέμενοι
1278 1924 1375 1979 τοῦ
1401 1926 1603 1997 λαιμοῦ
1640 1926 1885 1979 ἀπολαύ-

302 2032 411 2069 σει.
448 2016 645 2069 Ἰστέον
679 2017 884 2087 μέντοι,
921 2016 997 2079 ὼς
1036 2017 1069 2084 ἡ
1123 2016 1242 2071 θεία
1297 2018 1489 2089 Γραφῇ
1529 2018 1599 2072 τὰ
1641 2018 1886 2088 φυσικῶς

301 2105 494 2160 ἐνόντα
524 2110 635 2169 τοῖς
661 2104 990 2177 ἀνθρώποις,
1021 2105 1167 2160 τοῦτ’
1191 2109 1308 2163 ἐστι
1335 2110 1400 2163 τὰ
1426 2109 1501 2173 ὡς
1526 2107 1686 2175 ζώοις
1705 2110 1887 2173 αὐτοῖς

302 2198 702 2270 ἐνυπάρχοντα,
731 2199 820 2252 ἐπ’
869 2198 936 2252 ἂν
983 2199 1232 2272 διαϐάλῃ,
1272 2200 1408 2269 πρὸς
1445 2200 1515 2254 τά
1550 2201 1723 2271 ἄλογα
1782 2201 1889 2269 ἀφ-

302 2294 502 2360 ομοιοῖ,
537 2310 556 2343 ι
592 2290 934 2363 Ἀνθρωπος,
975 2291 1281 2360 φάσκουσα,
1309 2294 1367 2346 ὲν
1391 2294 1524 2364 τιμῇ
1558 2291 1634 2347 ῶν
1663 2293 1724 2346 οὐ
1760 2311 1889 2346 συν-

304 2382 445 2451 ἧκε·
504 2366 989 2454 [παρασυνεόλήθη
1044 2383 1158 2446 τοῖς
1189 2383 1416 2453 κτήνεσι
1465 2385 1580 2446 τοῖς
1619 2383 1886 2454 ἀνοήτοις,

305 2473 402 2525 καὶ
434 2471 694 2543 ὡμοιώθη
725 2472 912 2536 αὺτοῖς
1020 2473 1137 2539 καὶ,
1182 2490 1202 2525 ι
1241 2472 1333 2545 Μὴ
1366 2473 1582 2542 γίνεσθε
1614 2473 1690 2538 ὡς
1722 2474 1888 2537 τππος

305 2565 405 2619 καὶ
431 2566 650 2636 ἡμίονος
674 2581 688 2597 ⁸
713 2585 731 2618 ι
762 2568 879 2632 xui;
911 2587 928 2619 ι
959 2567 1147 2621 Ἴπποι
1166 2567 1493 2638 θηλυμανεῖς
1518 2564 1808 2638 [ἐγένοντο]
1826 2584 1839 2598 ·
1861 2586 1881 2618 ι

305 2660 422 2725 καὶ,
453 2676 471 2710 ι
505 2657 729 2711 Γίνεσθε
760 2658 1018 2729 φρόνιμοι
1070 2658 1145 2722 ὡς
1191 2659 1240 2712 oi
1267 2658 1441 2730 δφεις,
1474 2659 1568 2712 καὶ
1637 2658 1891 2728 ἀκέραιοι

304 2749 383 2813 ὡς
426 2750 483 2804 al
530 2750 888 2821 περιστεραί’
936 2768 954 2802 ι
1006 2750 1067 2803 οὐ
1114 2750 1486 2821 μεταποιοῧσσ.
1533 2748 1632 2813 τὰς
1699 2748 1892 2817 φύσεις

307 2843 595 2913 φάσκουσα
639 2841 834 2907 ταῦτα,
872 2842 1009 2896 ἀλλὰ
1058 2843 1265 2896 τούτων
1294 2842 1393 2904 τὰς
1437 2841 1672 2911 φυσικάς
1713 2841 1891 2910 ὁρμὰς

310 2935 474 3004 μόνον
524 2934 795 2987 ἐκκλίνειν
848 2933 1264 3001 παρακαλοῦσα,
1296 2932 1468 2988 Ὅταν
1526 2933 1582 2987 δὲ
1623 2932 1893 3003 σωτήριόν

306 3023 412 3098 [τι]
453 3025 839 3097 παραγγέλλῃ.
876 3025 1014 3096 πρδς
1059 3025 1128 3080 τὰ
1171 3025 1405 3096 κρείττω
1450 3025 1547 3097 τὴν
1587 3024 1888 3095 ὁμοιότητα

313 3116 721 3188 παραπέμπει⁸
769 3116 846 3176 ὡς
876 3113 958 3180 τὸ,
1005 3133 1024 3167 ι
1055 3114 1276 3169 Γίνεσθε
1318 3114 1688 3185 οἰκτίρμονες,
1746 3114 1822 3175 ὡς
1864 3113 1894 3167 ό

1982 656 2088 701 tem
2121 648 2497 705 existimantes
2547 649 2654 705 diei
2712 650 2949 706 delicias.
2991 671 3011 704 ι
3047 651 3277 719 Quidam
3323 654 3424 708 hoc
3479 656 3555 710 ita

1979 747 2260 806 exponunt
2305 754 2318 791 :
2357 733 2513 792 Velut
2567 738 2726 794 bruta
2781 740 3078 795 animantia
3135 743 3427 801 naturalia.
3500 744 3555 799 in

1980 829 2288 898 corruptela
2322 828 2562 896 ipsorum
2604 829 2862 900 peribunt
2903 848 2918 886 :
2968 832 3070 886 hoc
3095 842 3201 899 est,
3237 834 3372 889 nihil
3396 835 3557 892 dill‘e-

1980 930 2162 975 rentes
2198 936 2227 973 a
2272 920 2557 989 iumentis,
2593 938 2714 991 quae
2765 925 2832 978 ad
2883 927 3253 994 corruptelam
3317 935 3558 986 tantumr

1981 1012 2139 1065 modo
2170 1021 2492 1067 nascuntur.
2529 1032 2548 1065 ι
2595 1012 2667 1069 Ut
2718 1015 2876 1069 bruta
2936 1028 3114 1070 autem
3177 1020 3498 1086 animantia,
3530 1049 3550 1074 ι

1983 1100 2084 1154 hoc
2101 1111 2204 1163 est,
2231 1102 2348 1156 solo
2372 1118 2562 1169 sensu,
2590 1120 2697 1159 non
2725 1114 2905 1161 mente
2935 1114 2987 1161 et
3036 1108 3246 1162 ratione
3272 1110 3511 1165 viventes
3539 1150 3554 1175 ,

1980 1200 2037 1244 et
2068 1191 2277 1247 idcirco
2330 1194 2495 1248 rebus
2522 1195 2978 1265 corruptibilibus
3011 1197 3169 1254 facile
3205 1203 3370 1271 capti,
3397 1210 3558 1272 atque

1982 1283 2061 1337 ira
2085 1291 2141 1338 et
2180 1284 2625 1353 concupiscentia
2655 1289 2784 1352 acti,
2830 1305 2848 1338 ι
2880 1289 2932 1342 in
2952 1289 3039 1344 his
3067 1292 3485 1360 quazignorant,
3526 1313 3545 1344 ι

1982 1391 2077 1430 seu
2111 1373 2164 1427 in
2198 1389 2440 1445 congrua
2476 1376 2611 1446 ipsis
2645 1377 2974 1447 ignorantia,
3010 1380 3300 1435 maledicta
3329 1381 3560 1437 funden-

1984 1474 2087 1532 tes,
2122 1467 2393 1537 condigna
2427 1469 2741 1537 corruptela
2774 1469 3099 1535 interibunt,
3138 1488 3157 1523 ι
3199 1473 3561 1543 pereipientes

1983 1557 2290 1614 mercedem
2333 1556 2635 1626 iniustitiae,
2675 1576 2694 1610 ι
2731 1575 2896 1628 quam
2947 1561 3159 1616 scilicet
3213 1562 3316 1617 sibi
3368 1572 3564 1633 sponte

1985 1648 2416 1704 accersiverunt.
2449 1666 2469 1701 ι
2508 1646 2858 1719 Voluptatem
2889 1650 3266 1708 existimantes
3293 1653 3398 1707 diei
3428 1653 3564 1707 deli-

1984 1740 2120 1805 cias,
2161 1758 2180 1791 ι
2214 1738 2321 1793 hoc
2348 1748 2451 1801 est,
2512 1738 2750 1795 maxime
2781 1739 3226 1808 desiderabilem,
3280 1757 3461 1798 veram
3502 1758 3565 1798 ac

1985 1847 2247 1903 perquam
2278 1835 2566 1890 amabilem
2601 1836 2846 1891 laetitiam
2909 1846 2963 1892 et
2994 1838 3327 1907 voluptatein
3351 1839 3403 1892 in
3427 1854 3562 1906 qtto-

1991 1924 2192 1979 tidiana
2224 1926 2463 1993 gutturis
2507 1925 2764 1982 l'ruitione
2819 1924 2982 1983 sitam
3041 1943 3164 1984 esse
3224 1937 3560 1999 reputantes.

1989 2014 2540 2072 Animadvertendum
2566 2034 2696 2073 vero
2730 2033 2942 2073 sacram
2969 2018 3329 2089 Seripturam,
3350 2034 3412 2074 ea
3445 2034 3566 2086 quze

1989 2107 2147 2161 nobis
2183 2108 2330 2162 velut
2362 2110 2751 2166 animabilibus
2781 2110 2990 2174 insunt,
3020 2125 3145 2164 cum
3175 2126 3234 2165 ea
3269 2111 3563 2178 vituperat,

1989 2198 2167 2253 brutis
2195 2199 2568 2256 animantibus
2588 2201 2925 2266 assimilare;
2961 2211 3017 2254 ut
3039 2215 3161 2254 cum
3189 2200 3263 2253 ait
3290 2218 3304 2254 :
3342 2219 3359 2252 ι
3394 2198 3565 2254 Homo

1989 2305 2113 2344 cum
2144 2291 2198 2344 in
2225 2289 2431 2347 honore
2454 2300 2625 2359 esset,
2660 2306 2766 2347 non
2796 2293 3085 2353 intellexit,
3109 2302 3451 2363 comparatus
3484 2302 3568 2347 est

1984 2380 2253 2451 iumentis
2290 2383 2701 2452 insipientibus,
2765 2394 2818 2438 et
2871 2384 3068 2439 similis
3127 2384 3306 2438 factus
3346 2393 3428 2439 est
3495 2386 3567 2437 il-

1988 2470 2057 2526 lis
2088 2470 2153 2525 ³³.
2195 2488 2214 2522 ι
2252 2500 2320 2511 -—-
2360 2489 2378 2522 ι
2407 2472 2582 2527 Nolite
2614 2474 2726 2527 ﬁeri
2754 2474 2897 2529 sicut
2938 2491 3114 2542 equus
3157 2486 3210 2530 et
3241 2476 3420 2531 mulus
3446 2476 3508 2530 “.
3541 2495 3561 2528 ι

1988 2589 2058 2601 --
2088 2581 2107 2614 ι
2147 2560 2282 2633 Equi
2307 2576 2598 2629 amatores,
2627 2575 2680 2618 et
2701 2565 2969 2621 emissarii
2993 2565 3118 2619 l‘acti
3144 2576 3272 2620 sunt
3302 2567 3366 2621 ".
3397 2587 3414 2618 ι
3448 2568 3511 2621 Ει
3543 2586 3558 2622 :

1997 2673 2016 2706 ι
2055 2653 2242 2708 Estote
2276 2654 2572 2722 prudentes
2620 2654 2765 2711 sicut
2810 2669 3115 2728 serpentes,
3180 2666 3237 2711 ct
3290 2660 3569 2728 simplices

1993 2747 2133 2802 sicut
2166 2748 2435 2803 columbae
2475 2749 2540 2802 ".
2590 2767 2608 2800 ι
2666 2747 2799 2815 Qum
2851 2765 2976 2804 cum
3037 2753 3133 2815 ait,
3178 2768 3285 2805 non
3345 2762 3571 2809 naturas

1992 2840 2317 2894 commutari
2354 2841 2504 2907 vult,
2542 2840 2637 2895 sed
2692 2843 2975 2898 naturales
3009 2858 3196 2898 eorum
3260 2844 3569 2899 inclinatio-

1994 2947 2113 2995 nes,
2156 2939 2215 2986 ut
2248 2932 2610 3010 declinemus,
2644 2933 2915 2992 hortatur.
2943 2934 3080 2990 Cum
3116 2945 3296 2990 autem
3334 2937 3572 3001 salutare

1995 3023 2125 3093 quid
2153 3022 2316 3095 394
2339 3024 2554 3091 suadet,
2591 3041 2659 3080 ex
2691 3025 3011 3082 melioribus
3033 3026 3448 3081 similitudinem
3483 3044 3573 3083 ac-

1996 3115 2182 3170 cersit.
2218 3115 2309 3169 Sic
2351 3116 2472 3171 ait:
2517 3136 2538 3168 ι
2571 3115 2758 3174 Estote
2804 3118 3230 3180 misericordes.‘
3267 3119 3411 3175 sicut
3468 3119 3574 3172 Pa-

307 3207 500 3281 Πατὴρ
532 3207 687 3279 ὑμῶν
714 3209 743 3261 ό
771 3206 1047 3277 οὐράνιος.
1094 3225 1114 3258 ι
1146 3206 1282 3261 Οὐδὲ
1310 3204 1544 3259 ἐνταῦθα
1572 3204 1671 3268 τὰς
1701 3204 1891 3273 φύσεις

1999 3214 2082 3260 ter
2119 3216 2303 3262 vester
2353 3208 2449 3278 qui
2501 3211 2556 3263 in
2599 3210 2756 3265 caelis
2787 3218 2871 3266 est
2897 3211 2962 3265 ".
3012 3229 3030 3263 ι
3071 3209 3381 3281 Nequehic
3413 3222 3573 3265 uatu-

309 3301 621 3369 μεταποιεῖ,
681 3298 795 3351 ἀλλ’
856 3299 982 3352 ὅσον
1014 3298 1049 3370 η
1107 3298 1259 3369 ἰσχῦς
1310 3296 1696 3361 ὑποϐάλλεται,
1733 3295 1893 3350 τοῦτο

310 3391 489 3443 ποιεῖν
514 3380 1024 3458 παρακελευομένη.

387 3589 407 3621 α
446 3568 636 3622 Σπῑλοι
668 3566 765 3622 καὶ
795 3566 998 3638 μιῖιμοι,
1034 3565 1411 3638 ἐντρυφῶντες
1439 3567 1496 3620 ὲν
1520 3566 1643 3630 ταῖς
1659 3566 1895 3630 ἀπάταις

309 3662 524 3726 αὑτῶν,
570 3657 1039 3731 συνευωχούμενοι
1090 3659 1226 3730 ἡμῖν
1249 3699 1264 3725 ,
1316 3657 1631 3729 ὀφθαλμοὺς
1681 3657 1897 3728 ἔχοντες

313 3754 554 3823 μεστοὺς
611 3750 920 3823 μοιχαλίδος
960 3750 1053 3803 καὶ
1111 3747 1540 3808 ἀκαταπαύστου
1598 3748 1896 3820 ἁμαρτίας,

308 3845 655 3909 δελεάζοντες
686 3843 865 3912 ψυχὰς
917 3841 1304 3912 ἀστηρίκτους,
1335 3839 1563 3913 καρδίαν
1612 3856 1894 3910 γεγυμνα-

314 3937 520 4006 σμένην
559 3933 873 3998 πλεονεξίας
926 3933 1162 4003 ἔχοντες,
1225 3935 1472 4004 κατάρας
1506 3932 1694 3996 τέκνα,
1728 3950 1899 3985 κατα-

309 4030 560 4092 λιπόντες
578 4027 676 4099 τὴν
708 4027 922 4079 εὐθεῖαν
983 4025 1123 4086 ὁδὸν,
1166 4026 1574 4095 ἐπλανήθησαν,
1610 4025 1900 4088 ἐξακολου-

312 4122 579 4188 θήσαντες
600 4122 665 4188 τῇ
690 4116 932 4186 όδῷτοῦ
956 4115 1198 4186 Βαλαὰμ
1234 4115 1330 4169 τοῦ
1369 4114 1562 4182 Βοσὸρ,
1604 4114 1666 4178 ὃς
1704 4115 1899 4185 μισθὸν

310 4210 530 4274 ἀδικίας
581 4209 890 4280 ἠγάπησεν.
925 4206 1175 4275 Ἐλεγξιν
1231 4207 1287 4260 δὲ
1339 4204 1500 4275 ἔσχεν
1540 4204 1678 4266 ἰδίας
1720 4222 1901 4274 παρα-

315 4302 539 4373 νομίας·
603 4297 899 4368 ὑποζύγιον
955 4298 1192 4369 ἄφωνον,
1262 4300 1320 4352 ἐν
1386 4296 1681 4367 ἀνθρώπου
1747 4299 1898 4366 φωνῇ

315 4394 711 4464 φθεγξάμενον,
746 4393 984 4446 ἐκώλυσε
1030 4391 1131 4462 τὴν
1160 4390 1254 4444 τοῦ
1284 4391 1568 4461 προφήτου
1605 4404 1901 4461 παραφρο-

316 4487 459 4541 νίαν.
510 4506 528 4538 ι
562 4486 635 4539 Τὸ
657 4486 785 4554 ἑξῆς
833 4484 1007 4547 οὕτως
1028 4501 1043 4516 ·
1081 4503 1099 4535 ι
1142 4483 1327 4536 Σπῖλοι
1360 4483 1456 4535 καὶ
1505 4482 1691 4552 μῶμοι
1719 4497 1733 4511 ο
1767 4498 1902 4551 καρ-

313 4580 435 4635 δίαν
450 4578 914 4649 γεγυμνασμένην
944 4577 1157 4648 ἔχοντες
1182 4573 1497 4641 πλεονεξίας
1526 4595 1545 4628 ι
1579 4575 1749 4645 (τοῦτ’
1777 4575 1899 4628 ἐστι
1934 4555 1978 4615 υ

315 4670 406 4727 διά
435 4669 748 4736 πλεονεξίας
778 4670 1288 4741 γεγυμνασμένην).
1343 4689 1361 4721 ι
1404 4669 1650 4740 κατάρας
1704 4670 1899 4733 τέκνα,

318 4763 793 4835 συνευωχούμενοι
834 4765 1000 4835 ἡμῖν⁸
1040 4752 1355 4832 ὀφθαλμοὺς
1412 4760 1628 4831 ἔχοντες
1671 4762 1900 4833 πλήρεις

322 4858 635 4929 μοιχαλίδος
669 4856 763 4909 καὶ
799 4846 1227 4912 ἀκαταπαύστου
1268 4853 1560 4925 ἁμαρτίας,
1591 4854 1900 4918 δελεάζουσι

315 4952 495 5021 ψυχάς
522 4947 917 5019 ἀστηρίκτους
943 4965 960 4997 ι
994 4944 1060 5009 ἃς
1095 4946 1191 4999 καὶ
1223 4944 1433 5008 Παῦλος
1464 4945 1687 4998 ἐκάλεσε
1719 4961 1907 5012 γυναι-

321 5042 490 5111 κάρια
536 5037 921 5109 σεσωρευμένα
966 5036 1267 5107 ἁμαρτίαις
1306 5051 1319 5065 ·
1358 5038 1409 5090 οἱ
1459 5035 1504 5089 δ’
1560 5036 1714 5089 αὐτοὶ
1759 5031 1907 5091 οὗτοι

328 5152 349 5183 ε
382 5129 775 5194 καταλιπόντες
835 5129 1052 5183 εὐθεῖαν
1094 5128 1235 5192 ὁδὸν,
1280 5128 1665 5199 ¹ἐσωρεύθησαν
1697 5132 1761 5198 τῇ
1801 5129 1906 5198 ὀδῴ

319 5224 418 5278 τοῦ
444 5224 678 5292 Βαλαὰμ
708 5220 801 5276 τοῦ
841 5221 1037 5290 Βοσὸρ,
1076 5238 1093 5273 ι
1130 5220 1223 5274 καὶ
1249 5219 1396 5289 ἑξῆς.
1430 5220 1494 5272 Al
1519 5219 1696 5287 φωναὶ
1723 5219 1903 5273 αὐτῶν

327 5338 347 5370 s
390 5317 498 5370 εἰσὶ
537 5316 711 5385 πηγαὶ
744 5307 1001 5385 ἄνυδροι,
1024 5312 1249 5380 νεφέλαι
1280 5310 1387 5364 ὑπὸ
1410 5310 1670 5374 λαίλαπος
1701 5311 1899 5380 ἀφανι-

320 5408 569 5479 ζόμεναι,
597 5426 616 5459 ι
675 5407 772 5461 καί
814 5406 963 5474 ἑξῆς.
1024 5404 1134 5459 Καὶ
1155 5403 1300 5467 τίνος
1335 5402 1498 5473 χάριν
1553 5420 1572 5453 ι
1601 5404 1629 5455 ό
1677 5403 1840 5472 ζόφος
1879 5422 1897 5454 ι

322 5498 509 5563 αὐτοῖς
550 5516 568 5549 ι
600 5496 891 5550 ἀπόκειται
930 5513 949 5547 ι
989 5496 1094 5557 είς.
1122 5495 1214 5546 τὸν
1261 5492 1527 5563 μέλλοντα
1555 5492 1771 5559 αἰῶνας
1804 5493 1905 5546 Διά

321 5589 422 5660 τὴν
444 5588 752 5658 ὑπέρογκον
791 5587 974 5641 αὐτῶν
1003 5584 1367 5653 ματαιότητα,
1394 5583 1463 5637 δι’
1489 5578 1557 5654 ἦς
1588 5583 1903 5648 δελεάζουσι

324 5684 451 5745 τοὺς
476 5682 606 5752 πρὶν
632 5682 692 5734 ὲν
719 5679 898 5752 πλάνῃ
940 5678 1410 5749 ἀναστραφέντας,
1458 5676 1553 5730 καὶ
1577 5675 1750 5739 ὅντως
1770 5676 1905 5730 ταύ-

396 5868 606 5923 ¹³1ἐ;ι1.
629 5881 821 5933 xum,
854 5864 935 5919 l5.
998 5862 1041 5896 ³⁵
1085 5859 1227 5918 Psal.
1254 5875 1407 5929 xxx't,
1432 5860 1485 5915 9.
1541 5860 1582 5892 “'
1608 5858 1809 5915 Jerem.
1835 5873 1888 5924 v,

2042 5858 2084 5890 "
2108 5856 2298 5913 Matth.
2325 5873 2377 5926 χ,
2402 5856 2488 5913 16.
2567 5856 2609 5889 ⁸⁷
2637 5854 2772 5914 Luc.
2798 5872 2877 5924 τι,
2904 5855 2993 5913 36.

1996 3312 2088 3352 ras
2139 3300 2560 3357 commutandas
2610 3308 2822 3368 censet,
2888 3301 2986 3357 sed
3051 3301 3320 3364 hortatur,
3381 3310 3439 3367 ut
3504 3301 3571 3356 ad

1998 3389 2074 3455 id,
2134 3398 2400 3461 quantum
2459 3390 2610 3447 vires
2669 3390 3040 3448 nostrtelerre
3098 3402 3349 3462 possunt,
3400 3395 3576 3449 enita-

1998 3496 2147 3537 mur.

2072 3572 2234 3629 Vens.
2271 3574 2461 3631 15-16.
2502 3593 2522 3626 ι
2558 3574 3047 3646 Coinquinationes
3079 3586 3133 3632 et
3160 3575 3384 3639 macula:
3433 3574 3573 3630 deli-

1999 3666 2100 3723 ciis
2121 3666 2425 3733 afﬂuentes,
2449 3667 2503 3723 in
2542 3669 2811 3725 conviviis
2858 3669 2976 3725 suis
3026 3668 3367 3737 luxuriantes
3394 3668 3576 3724 vobis-

2001 3774 2149 3815 cum.
2180 3758 2387 3815 Oculos
2427 3761 2691 3817 habentes
2726 3762 2918 3833 plenos
2947 3762 3221 3825 adulterii,
3248 3770 3302 3817 et
3339 3761 3578 3817 incessa-

2007 3851 2131 3906 hilis
2195 3852 2402 3907 delicti.
2460 3852 2810 3908 Pellicientcs
2849 3853 3065 3908 animas
3129 3852 3437 3919 instabiles,
3476 3868 3577 3908 cor

2001 3944 2359 3997 exercitatum
2398 3945 2626 3999 avaritia
2660 3946 2947 4013 habentes,
3008 3945 3406 4001 maledictionis
3457 3945 3572 4001 lilii.

2004 4036 2456 4105 Derelinquentes
2537 4047 2739 4091 rectam
2786 4039 2951 4104 viam,
3019 4044 3348 4092 erraverunt
3401 4036 3577 4097 secuti

2002 4127 2143 4180 viam
2177 4126 2395 4182 Balaam
2430 4144 2495 4181 ex
2536 4128 2730 4192 Bosor,
2764 4131 2881 4199 qui.
2911 4129 3217 4183 mercedem
3269 4116 3579 4199 i'niquitalis

2004 4218 2225 4271 amavit.
2258 4217 2673 4286 Currepliouem
2713 4235 2843 4273 vero
2901 4220 3092 4274 habuit
3134 4236 3248 4275 sum
3291 4221 3527 4275 vesania:
3562 4237 3578 4277 :

2004 4308 2293 4379 subiugale
2329 4315 2545 4361 mutum
2596 4308 2820 4371 animal,
2859 4308 3094 4363 hominis
3137 4324 3269 4364 voce
3327 4309 3578 4380 loquens,

2005 4400 2284 4471 prohibuit
2310 4399 2589 4469 prophetae
2623 4398 3017 4468 insipientiam.
3067 4418 3086 4451 ι
3116 4398 3264 4455 Ordo
3292 4401 3580 4454 verborum

2004 4500 2132 4546 est:
2171 4509 2189 4542 ι
2228 4490 2719 4558 Coinquinationes
2758 4498 2810 4545 et
2861 4492 3130 4546 maculat:
3165 4507 3262 4545 cor
3313 4492 3581 4545 exercita-

2009 4596 2120 4638 tmn
2155 4584 2360 4638 malitia
2389 4583 2672 4648 habentes,
2702 4580 3110 4637 maledictionis
3143 4581 3259 4646 lilii,
3285 4581 3582 4636 convivan-

2008 4684 2111 4740 res,
2135 4674 2190 4729 in
2217 4674 2333 4729 suis
2372 4674 2640 4728 conviviis
2691 4674 3053 4739 luxuriantes,
3090 4672 3282 4729 oculos
3318 4672 3581 4727 habentes

2007 4768 2199 4835 plenos
2231 4764 2513 4830 adulterii,
2544 4773 2599 4820 et
2652 4764 3005 4821 iucessabilis
3039 4780 3136 4820 seu
3169 4764 3416 4834 perpetui
3444 4762 3583 4817 deli-

2007 4860 2103 4921 cti,
2136 4856 2421 4927 pelliciunt
2452 4857 2664 4913 animas
2698 4856 2985 4913 instabiles
3022 4875 3039 4907 ι
3080 4856 3241 4933 (quas
3275 4863 3329 4908 et
3376 4853 3580 4909 Paulus

2013 4947 2364 5003 mulierculas
2394 4947 2634 5017 peccatis
2663 4956 2917 5002 oneratas
2954 4956 3111 4999 vocat
3142 4945 3205 5015 η)
3238 4965 3256 4996 ι
3286 4956 3338 4998 et
3378 4946 3430 4999 hi
3467 4946 3581 5012 qui-

2007 5041 2157 5104 dem,
2190 5039 2385 5093 relicta
2416 5040 2503 5092 via
2539 5052 2709 5101 recta,
2746 5040 3002 5093 abierunt
3062 5038 3146 5091 via
3205 5035 3423 5090 Balaam
3483 5036 3576 5088 ﬁlii

2010 5131 2200 5195 Bosor,
2242 5147 2261 5182 ι
2284 5137 2392 5185 etc.
2419 5128 2598 5184 Voces
2622 5145 2809 5184 eorum
2846 5148 2864 5179 ι
2903 5136 3032 5183 sunt
3065 5126 3243 5182 fontes
3271 5126 3388 5182 sine
3413 5140 3576 5195 aqua.

2005 5231 2060 5277 et
2097 5222 2308 5277 nebulae
2344 5220 2660 5275 turbinibus
2712 5220 2946 5291 agitatae,
2989 5237 3007 5271 ι
3050 5233 3146 5274 seu
3174 5218 3435 5287 disiectae.
3470 5213 3575 5270 Sed

2004 5326 2168 5381 quam
2202 5310 2515 5365 obeausam
2551 5327 2569 5360 ι
2606 5308 2780 5379 caligo
2812 5309 3160 5364 tenebrarum
3203 5323 3222 5358 ι
3258 5305 3365 5360 illis
3396 5306 3452 5358 in
3494 5303 3582 5357 fu-

1978 5390 2186 5456 turum
2215 5401 2472 5456 saeculum
2505 5418 2525 5451 ι
2565 5399 2965 5455 reservatur?»
3005 5396 3579 5453 Scilicetobtumittis-

2005 5497 2201 5551 simam
2251 5508 2440 5549 eorqu
2487 5492 2778 5546 vanitatem
2814 5509 2828 5546 :
2868 5504 2974 5561 qua
3007 5504 3124 5552 eos.
3169 5489 3261 5558 qui
3311 5501 3575 5548 errorem.

2009 5591 2062 5642 in
2096 5601 2207 5656 quo
2239 5594 2399 5640 antea
2443 5584 2645 5640 versati
2699 5590 2850 5647 sunt,
2891 5580 3219 5650 eﬂ‘ugerant,
3271 5577 3574 5648 pelliciunt,

2009 5693 2072 5732 ac
2106 5678 2352 5733 incscaut
2375 5675 2729 5745 impudicitiis
2753 5688 2816 5728 ac
2844 5672 3129 5728 desideriis
3158 5670 3488 5733 carnalibus,
3518 5676 3576 5721 ut

3095 5855 3137 5888 ¹⁸
3171 5852 3211 5908 ll
3236 5850 3376 5908 Tim.
3403 5865 3487 5917 ιιι,
3519 5848 3573 5903 6.
