4010 6546
526 480 665 551 1275

1410 479 1988 541 TIIEOPHYLACTI
2046 479 2378 540 BULGAR!
2393 480 2457 539 ΛΞ
2502 481 2706 541 ARCII
2722 480 2865 540 lEP.

3649 474 3789 541 1276

526 602 675 655 velut
703 612 868 653 canes
903 595 969 650 ad
1010 594 1272 649 vomitum
1323 610 1482 649 suum
1562 602 1924 649 revertantur.
1962 590 2091 657 Quae

2219 607 2294 658 ην
2326 589 2729 658 ἀποφυγόντας,
2782 590 2840 641 ἄν
2882 589 3194 656 ἀσελγείαις
3223 588 3317 642 καὶ
3355 591 3412 642 ὲν
3458 588 3780 657 ἐπιθυμίαις

525 711 656 749 vero
690 693 777 746 llic
803 689 1085 760 interiecta
1114 700 1261 748 sunt,
1285 702 1473 742 eorum
1496 687 1788 740 vanitatem
1811 689 2099 742 ennutiant

526 800 591 841 ac
627 783 975 836 confirmant.
1012 778 1217 834 Sensus
1254 788 1434 833 autcm
1488 788 1572 832 est
1605 795 1618 831 :
1682 778 1846 840 Nihil,
1902 780 2098 849 inquit,

527 876 647 942 puri
679 875 965 935 habentes,
995 872 1085 926 sed
1112 881 1368 939 tanquam
1402 868 1553 924 labes
1589 871 1640 923 in
1673 871 1902 925 candida
1932 880 2100 933 veste,

527 969 599 1021 ita
636 968 711 1020 illi
771 968 824 1019 in
884 981 1015 1033 pura
1069 964 1324 1018 Ecclesia:
1385 963 1809 1017 conversatione
1861 962 2101 1024 subnati,

526 1077 649 1116 cum
683 1061 895 1128 aliquos
926 1059 1138 1111 obviam
1174 1058 1390 1115 habent.
1421 1056 1466 1111 si
1510 1057 1718 1126 possint
1739 1070 1833 1110 eos
1862 1056 1977 1111 sive
2022 1055 2104 1109 vi-

529 1167 646 1216 ros,
700 1154 814 1207 sive
868 1151 1133 1205 mulieres
1186 1150 1601 1204 conversatione
1653 1163 1749 1203 sua
1801 1146 2105 1216 impudicos

528 1244 779 1306 reddere,
814 1242 865 1295 id
900 1242 953 1295 in
980 1243 1195 1297 deliciis
1228 1243 1453 1304 habent,
1482 1240 1628 1309 quod
1657 1255 1813 1295 suam
1860 1240 2102 1308 ipsorum

466 1348 479 1361 θ
529 1336 810 1391 lasciviam
874 1334 1124 1402 explendi
1196 1333 1276 1389 sic
1331 1334 1544 1402 copiam
1600 1333 2012 1387 nanciscantnr.
2065 1331 2107 1384 li

526 1427 690 1479 ctiam
740 1441 835 1480 vos
869 1425 1120 1481 convivio
1156 1425 1388 1479 libenter
1422 1423 1721 1492 excipiunt,
1750 1440 1856 1479 non
1887 1434 2107 1495 propter

528 1501 882 1577 cbaritatcm,
930 1524 988 1568 ut
1018 1515 1158 1568 alios
1198 1514 1467 1568 bonorum
1525 1528 1751 1568 suorum
1813 1513 2107 1584 participes

528 1607 761 1672 faciant,
807 1606 899 1662 sed
935 1606 1062 1674 quia
1096 1605 1409 1675 lmjnsmodi
1441 1613 1656 1675 tempus
1686 1605 1754 1660 ad
1783 1605 2106 1661 feminarum

530 1699 905 1768 deceptionem
941 1707 1309 1768 opportunum
1335 1704 1528 1767 putant
1554 1714 1568 1750 :
1601 1712 1726 1751 nam
1757 1697 1950 1752 oculos
1976 1711 2107 1753 suos

530 1807 638 1846 non
680 1791 732 1845 in
759 1789 904 1845 aliud
938 1806 1101 1860 quam
1131 1790 1183 1844 in
1210 1790 1487 1846 adulteras
1528 1791 1841 1855 intendunt,
1874 1805 1939 1845 ac
1971 1789 2110 1845 deli-

528 1898 628 1937 xos
657 1898 873 1948 semper
904 1882 1141 1936 retinent
1167 1900 1182 1938 :
1220 1882 1466 1951 adeoque
1497 1893 1806 1952 peccantes,
1843 1892 1901 1936 ut
1934 1884 2109 1939 male-

2204 684 2425 756 σαρκὸς,
2461 685 2536 748 ὡς
2559 686 2708 740 κύων
2752 688 2843 740 ἐπὶ
2877 686 2936 740 τὸ
2969 685 3100 739 ἴδιον
3151 685 3404 754 ἑξήραμα
3435 684 3783 753 ἐπιστρέψαι.

2203 779 2281 831 Τὰ
2323 778 2376 831 δὲ
2421 778 2647 849 μεταξὺ,
2671 779 2768 847 τῆς
2808 779 3167 848 ματαιότητος
3200 776 3404 830 τούτων
3426 776 3789 846 ὲξαγγελτικά

2205 871 2298 922 καὶ
2347 871 2673 923 πιστωτικά.
2722 870 2781 924 ’0
2825 871 2882 923 δὲ
2950 870 3076 932 νοῦς
3131 864 3327 931 οὗτος·
3366 869 3555 933 Οὐδὲν,
3596 870 3784 938 φησὶν,

2204 962 2420 1027 ἔχοντες
2483 960 2883 1031 καθαριότητος
2934 961 3216 1029 ἐχόμενον,
3248 959 3361 1012 ἀλλ’
3394 960 3471 1020 ὡς
3512 959 3696 1012 σπίλοι
3732 961 3790 1011 ἐν

2209 1050 2408 1119 ίματίῳ
2432 1050 2659 1119 καθαρῷ
2692 1054 2755 1120 τῇ
2792 1052 3088 1122 ἀκραιφνεῖ
3127 1050 3374 1118 πολιτεία
3403 1051 3789 1117 ἐπιφυόμενοι,

2207 1141 2426 1195 ἐπειδάν
2456 1142 2784 1211 ἀπατήσωσί
2812 1160 2965 1206 τινας
3019 1143 3119 1196 καὶ
3178 1142 3483 1211 δυνηθῶσιν
3541 1141 3793 1207 ἀσελγεῖς

2206 1228 2405 1299 ἄνδρας
2442 1231 2567 1292 τοὺς
2599 1232 2856 1294 συνόντας
2882 1234 2977 1286 καὶ
3031 1233 3300 1299 γυναῖκας
3342 1214 3790 1298 παρασκευάσαι,

2206 1322 2421 1392 τρυφὴν
2460 1323 2721 1391 ἡγοῦνται
2794 1324 2855 1376 τὸ
2914 1326 3170 1394 πρᾶγμα,
3210 1322 3667 1391 ἀποπληροῦντες
3695 1322 3794 1391 τὴν

2209 1416 2420 1469 ἑαυτῶν
2442 1416 2753 1482 ἀσέλγειαν.
2798 1416 2958 1469 ’Λλλά
3008 1416 3103 1469 καὶ
3138 1414 3609 1485 συνευωχούμενοι
3638 1414 3795 1479 ὑμῖν,

2209 1509 2271 1561 οὐ
2320 1506 2388 1559 δι’
2427 1508 2668 1576 ἀγάπην,
2716 1508 2875 1578 φησὶ,
2921 1507 3100 1561 καὶ-ιδ
3154 1507 3597 1575 μεταλαμϐάνειν
3652 1504 3797 1557 ἀλῶν

2210 1596 2370 1651 τοῦτο
2402 1596 2667 1661 ποιοῦσιν,
2695 1596 2830 1650 ἀλλά
2857 1597 2947 1650 διά
2984 1597 3046 1649 τὸ
3065 1595 3259 1665 καιρὸν
3286 1594 3573 1665 εὑρίσκειν
3608 1594 3798 1647 τοῦτον

2211 1685 2513 1757 ἑπιτήδειον
2556 1686 2655 1753 τῆς
2717 1686 2853 1756 πρὸς
2902 1689 3167 1750 γυναῖκας
3217 1686 3456 1756 ἀπάτης.
3493 1681 3659 1739 Οὗτοι
3690 1687 3798 1751 γάρ

2212 1777 2527 1851 ὀφθαλμοὺς
2557 1776 2797 1847 ἔχοντες,
2836 1778 2989 1832 οὑδεν
3028 1777 3157 1831 ἀλλο
3191 1777 3505 1847 βλέπουσιν,
3532 1777 3568 1846 ἢ
3602 1795 3801 1846 μοιμ-

2212 1868 2397 1932 λίδας·
2435 1871 2528 1923 καὶ
2577 1872 2635 1922 ἐν
2680 1868 2858 1939 τούτῳ
2894 1869 3336 1932 ἀκαταπαύστως
3383 1869 3677 1937 βλέποντες
3706 1872 3802 1922 καὶ

528 1974 787 2030 dictionis
829 1974 945 2038 lilii,
982 1974 1265 2031 instabiles
1335 1975 1653 2045 debilesque
1705 1975 1918 2030 animas
1950 1974 2108 2044 pelli-

2219 1958 2644 2031 ἁμαρτάνοντες,
2669 1958 2744 2021 ὠς
2773 1957 3019 2026 κατάρας
3052 1958 3242 2020 τέκνα,
3281 1955 3460 2026 ψυχάς
3519 1955 3802 2007 δελεάζου-

529 2069 683 2123 ciunt
705 2076 867 2135 atque
893 2068 1162 2122 incscant.
1195 2068 1303 2123 Cor
1322 2082 1557 2138 namque
1584 2066 1827 2136 ipsorum
1860 2065 1914 2121 in
1960 2064 2109 2120 nullo

530 2160 661 2219 alio.
698 2169 1060 2229 praeterquam
1096 2161 1150 2214 in
1194 2160 1534 2228 impurarnm
1607 2158 1972 2226 voluptatum,
2025 2158 2107 2210 vel

531 2249 849 2304 divit‘arum
883 2251 1142 2304 aviditate
1165 2250 1520 2304 cxcrcimtum
1544 2258 1648 2304 est.
1683 2246 1749 2302 Et
1785 2249 1855 2301 ob
1897 2257 2108 2300 utrum-

533 2356 639 2409 que
672 2341 865 2394 borum
899 2359 926 2394 a
957 2342 1061 2403 via,
1097 2357 1218 2411 quae
1251 2340 1317 2394 ad
1355 2342 1516 2394 vitam
1541 2340 1711 2403 ducit,
1742 2339 1927 2407 procul
1959 2338 2113 2390 abcr—

532 2442 653 2489 rant
684 2453 697 2488 :
742 2450 912 2505 quare
943 2433 1108 2496 idem.
1146 2434 1293 2505 quod
1327 2433 1455 2486 olim
1492 2431 1751 2487 Balaamo
1801 2433 1912 2485 lilio
1942 2432 2111 2486 ﬂosnr

533 2526 755 2590 accidit,
791 2526 1195 2595 perpetiuntur.
1246 2524 1381 2579 Nam
1410 2533 1464 2579 et
1491 2525 1582 2578 ille
1621 2538 1847 2577 munera
1881 2532 1937 2577 ct
1968 2539 2111 2577 mer-

532 2618 720 2671 cedem
756 2616 1064 2686 iniquitatis
1084 2616 1288 2670 amavit
1326 2632 1339 2668 :
1371 2615 1466 2670 sed
1495 2615 1975 2683 reprehensionem
2001 2630 2113 2667 suae

534 2709 844 2779 iniquitatis
873 2708 1102 2763 sortitus
1125 2706 1288 2778 395
1315 2715 1399 2761 est
1433 2722 1463 2759 a
1501 2706 1939 2774 tnutojumento,
1964 2704 2111 2774 quod

536 2800 775 2854 lmmana
812 2801 1048 2869 loquens
1079 2815 1234 2864 voce,
1284 2798 1560 2870 propheta-
1593 2798 1923 2853 dementiam
1976 2797 2117 2850 iubi-

534 2891 653 2947 buit
690 2893 754 2947 ".
790 2893 868 2947 lix
897 2908 1009 2963 quo
1036 2892 1303 2946 discimus
1335 2889 1675 2953 Balaamnm,
1709 2897 1999 2958 postquam
2028 2902 2115 2941 se—

536 2982 645 3035 mel
682 2996 711 3034 a
758 2980 865 3036 Deo
904 2982 1218 3051 prohibitus
1255 2990 1340 3034 est
1389 2981 1453 3034 ad
1514 2980 1805 3034 Balaacum
1838 2979 1909 3033 ob
1951 2978 2115 3032 tumi-

534 3072 659 3125 dam
684 3086 837 3125 suam
858 3074 1168 3141 passionem
1195 3089 1355 3140 quam
1377 3073 1568 3126 insana
1593 3073 1660 3125 im
1672 3083 1786 3141 post
1798 3088 1827 3123 ιι
1839 3087 1893 3123 ra
1913 3072 2112 3134 alebat,

548 3159 836 3224 accedere,
868 3160 931 3214 ad
966 3161 1144 3229 ipsum
1202 3163 1396 3216 iterato
1433 3176 1655 3232 pergere
1705 3162 2058 3217 contendisse
2098 3179 2114 3218 ς

535 3248 630 3304 sed
663 3248 753 3306 Dei
787 3250 985 3306 timore
1037 3266 1101 3306 ac
1131 3253 1435 3308 terroribus
1490 3254 1543 3308 in
1599 3255 1684 3308 via
1739 3255 2112 3323 perterritum.

2222 2068 2307 2104 σιν
2340 2051 2725 2122 ἀστηρίκτους.
2772 2050 2843 2102 Ἠ
2874 2049 2982 2119 γάρ
3018 2048 3220 2119 καρδία
3248 2046 3429 2101 αὑτῶν
3470 2045 3605 2116 πρὸς
3648 2045 3804 2100 οὐδὲν

2216 2142 2365 2205 ἀλλο,
2395 2143 2428 2213 ἢ
2462 2142 2599 2212 πρὸς
2629 2141 2949 2206 πλεονεξίαν
2971 2140 3271 2211 ὲξήσκηται
3296 2140 3445 2211 [ἦτοι
3480 2139 3801 2207 ἀσελγείας,

2208 2224 2251 2306 ’ἢ
2283 2232 2378 2287 καὶ
2399 2232 2721 2303 κτημάτων,
2744 2231 2816 2284 δι’
2838 2230 3004 2302 άπερι
3052 2230 3348 2300 ἀμφότερα
3404 2229 3804 2289 καταλιπόντες

2217 2324 2316 2387 τὴν
2374 2323 2819 2379 κατευθύνουσαν
2876 2322 3077 2386 αὐτοὺς
3125 2320 3263 2392 πρὸς
3330 2319 3609 2390 σωτηρίαν
3660 2318 3803 2375 έδῦν.

2219 2413 2601 2486 ἐπλανήθησαν
2619 2412 2841 2484 ταύτης,
2866 2413 3032 2466 ταὺτὸ
3065 2411 3331 2473 παθόντες
3355 2410 3480 2483 [τῷ]
3520 2429 3541 2462 ι
3578 2410 3809 2478 Βαλαάμ

2220 2506 2317 2560 τοῦ
2343 2504 2514 2575 Ιῑοσόρ
2536 2520 2549 2534 ⁸
2587 2523 2605 2554 ι
2663 2505 2788 2555 ἐπεὶ
2818 2504 3070 2566 κάκεῖνος
3095 2502 3184 2555 διὰ
3210 2501 3545 2569 δωροδοκίαν
3579 2503 3673 2552 καὶ
3711 2518 3807 2569 μι-

2222 2597 2348 2651 σθὸν
2374 2597 2585 2659 ἀδικίας
2618 2596 2927 2667 ἠγάπησεν.
2967 2594 3217 2663 Ἕλεγξιν
3259 2594 3315 2647 δὲ
3374 2593 3502 2663 ἔσχε
3538 2594 3638 2662 τῆς
3670 2593 3810 2653 ἰδίας

2223 2691 2568 2761 παρανομίας
2593 2689 2887 2756 ὑποζύγιον
2914 2689 3146 2757 ἀρωνον,
3175 2688 3203 2741 ὃ
3240 2689 3299 2740 ἐν
3327 2684 3620 2755 ἀνθρώπου
3652 2688 3809 2755 φωνῇ

2222 2782 2620 2853 φθεγξάμενον,
2655 2781 2896 2836 ἐκώλυσε
2924 2782 3024 2850 τὴν
3058 2780 3150 2833 τοῦ
3190 2781 3475 2851 προφήτου
3523 2796 3810 2849 παραφρο·

2225 2876 2410 2947 σύνην.
2462 2877 2581 2945 Ἀφ’
2606 2866 2667 2930 οὗ
2709 2874 3055 2945 μανθάνομεν
3084 2875 3165 2927 ὅτι
3201 2874 3288 2926 διὰ
3322 2874 3384 2926 τδ
3412 2872 3685 2941 φυσιῶδες
3709 2872 3812 2924 αὑ-

2222 2969 2317 3022 τοῦ
2342 2969 2533 3031 πάθος.
2556 2970 2585 3021 ό
2612 2969 2861 3039 Βαλαάμ,
2902 2970 3041 3037 ὅπερ
3072 2967 3156 3021 διὰ
3173 2967 3270 3038 τῆς
3306 2966 3610 3036 μανιώδους
3640 2964 3813 3019 αὑτοῦ

2228 3061 2569 3132 μαγγανείας
2618 3060 2866 3131 ἔτρεφεν,
2897 3057 3045 3124 ἅπαξ
3088 3057 3353 3120 κωλυθεὶς
3394 3058 3498 3111 ὑπὸ
3523 3058 3618 3110 τοῦ
3647 3056 3811 3114 Θεοῦ.

2225 3156 2284 3207 τὸ
2309 3154 2564 3225 δεύτερον
2596 3152 2915 3221 φιλονείκως
2942 3153 3077 3223 πρὸς
3116 3150 3209 3204 τὸν
3245 3151 3425 3205 Βαλὰκ
3470 3152 3815 3222 πορευθῆναι

2223 3247 2484 3316 ἠπείγετο
2509 3264 2523 3277 ·
2564 3246 2659 3299 καὶ
2684 3245 2760 3314 τῷ
2792 3244 2942 3315 φόϐῳ
2968 3244 3060 3298 τοῦ
3087 3244 3224 3298 Θεοῦ
3259 3244 3539 3314 πεδηθεὶς,
3572 3247 3666 3297 καὶ
3700 3248 3817 3308 τοῖς

541 3342 704 3397 verba
757 3343 1159 3401 benedictionis
1202 3344 1485 3400 cliunderc.
1535 3348 1877 3416 compulsum
1922 3346 2111 3403 fuisse.

2223 3315 2361 3394 κατὰ
2407 3340 2508 3410 τὴν
2554 3339 2672 3392 όδ“›ν
2723 3339 2968 3410 δείμασι,
2997 3337 3060 3391 τὸ
3116 3338 3270 3409 ῥῆμα
3313 3340 3411 3405 τῆς
3449 3337 3706 3404 εὐλογίας
3753 3339 3816 3389 οὑ

536 3432 819 3501 Propheta:
848 3435 993 3487 enim
1018 3451 1141 3503 qua:
1169 3435 1484 3504 loquuntur,
1509 3436 1749 3490 scientes
1776 3438 2111 3505 loquuntur;

534 3534 589 3579 et
624 3524 831 3581 idcirco
862 3526 907 3582 is
946 3528 1210 3595 propheta
1252 3529 1558 3598 appellatus
1592 3537 1699 3593 est,
1723 3528 1871 3599 quod
1906 3530 2114 3584 sciebat

536 3617 667 3687 quid
702 3618 911 3673 diceret
949 3636 963 3673 :
998 3635 1175 3690 neque
1243 3626 1525 3690 ignorans.
1581 3637 1714 3677 casu
1770 3622 1954 3677 dicere.
2003 3638 2114 3676 mc-

536 3709 672 3763 liora
742 3710 926 3781 elegit.
992 3710 1163 3782 lgitur
1224 3713 1536 3768 benedictio
1595 3710 1685 3767 illa
1744 3729 1850 3766 non
1911 3714 2117 3766 insanae

536 3799 824 3865 cujusdam
895 3800 1266 3870 divinationis,
1319 3803 1413 3859 sed
1473 3802 1669 3857 ditium
1726 3802 1943 3859 virtutis
1977 3818 2117 3872 opus

535 3889 660 3946 fuit.

608 3981 779 4039 Vens.
827 3985 1007 4041 l7-l9.
1049 4004 1066 4036 ι
1106 3983 1167 4038 Hi
1195 3993 1324 4040 sunt
1365 3986 1542 4041 fontes
1566 3987 1683 4042 sine
1707 4001 1847 4056 aqua
1869 4027 1886 4053 ,
1943 3998 1996 4040 ct
2024 4002 2117 4041 nc-

535 4074 678 4130 hnla:
717 4075 936 4129 turbine
958 4077 1266 4144 exagitatm,
1298 4078 1521 4147 quibus,
1552 4080 1730 4151 caligo
1765 4081 2115 4135 tenebrarum

534 4173 873 4218 reservatur.
918 4162 1164 4236 Superba
1194 4173 1340 4223 enim
1387 4168 1646 4228 vanitatis
1683 4172 1966 4243 loquentes
2005 4174 2119 4243 pel,

538 4254 735 4310 liciunt
775 4258 828 4310 in
864 4258 1151 4327 desideriis
1189 4264 1377 4318 carnis
1435 4263 1660 4321 luxuria:
1707 4282 1804 4321 eos
1841 4268 1935 4337 qui
1983 4284 2117 4335 pan-

537 4348 710 4403 lulmn
740 4349 1028 4420 eliugiunt,
1055 4353 1147 4422 qui
1181 4354 1235 4408 in
1264 4370 1453 4410 errore
1474 4369 1895 4414 conversantur.
1932 4359 2120 4414 Liber-

539 4450 710 4497 tatem
779 4443 890 4498 illis
946 4448 1367 4513 promittentes,
1429 4463 1555 4502 cum
1615 4451 1719 4519 ipsi
1787 4453 1933 4507 servi
2008 4454 2120 4508 siut

535 4533 909 4604 corruptionis
947 4551 961 4589 :
995 4549 1024 4588 a
1054 4552 1164 4606 quo
1186 4538 1331 4592 enim
1363 4538 1487 4607 quis
1503 4549 1796 4603 superatus
1818 4550 1923 4606 est,
1953 4542 2119 4612 hujus

535 4633 591 4681 et
626 4642 818 4682 servus
843 4639 948 4683 est.
983 4646 1003 4678 ι
1040 4628 1175 4682 Οιιηι
1208 4632 1376 4683 multa
1410 4646 1505 4698 per
1526 4632 1919 4702 digressionem
1946 4635 2118 4690 dixis-

535 4726 622 4773 set
642 4720 809 4779 (inter
838 4736 960 4790 quae
990 4729 1043 4775 ct
1066 4722 1375 4790 exemplum
1401 4723 1640 4778 Balaami
1666 4727 1993 4797 proposuit).
2016 4728 2114 4782 de-

538 4824 650 4864 nuo
677 4811 745 4863 ad
779 4811 1189 4880 impurissimos
1218 4812 1515 4870 Gnosticos
1544 4831 1857 4881 sermonem
1882 4833 2114 4873 conver-

536 4906 622 4963 tit,
648 4918 853 4973 eosque
881 4921 900 4956 ι
945 4902 1188 4958 fontibus
1222 4906 1341 4960 sine
1368 4922 1509 4975 aqua
1530 4925 1550 4958 ι
1586 4907 1878 4972 assitnilat,
1917 4910 2117 4979 quippe

535 4995 629 5063 qui
666 5010 856 5064 puram
888 5009 953 5051 ac
980 4996 1275 5053 salutarem
1328 4999 1662 5067 evangelica!
1707 5000 2115 5069 prtedicationis

535 5101 734 5157 aquam
767 5086 1067 5142 amiserant
1093 5104 1108 5141 :
1139 5095 1255 5142 tum
1296 5088 1460 5143 etiam
1503 5091 1743 5147 nubibus
1767 5107 1864 5148 eos
1888 5109 2113 5163 compa-

535 5187 640 5239 rat.
672 5193 792 5247 quae
817 5193 847 5232 a
877 5182 1158 5234 contrario
1180 5191 1345 5235 vento
1386 5179 1659 5249 feruntur,
1694 5199 1859 5252 quem
1907 5183 2117 5239 idcirco

540 5288 560 5322 ι
601 5271 875 5326 turbinem
913 5290 933 5323 ι
961 5288 1055 5327 seu
1093 5274 1391 5342 procallam
1454 5284 1633 5338 vocat,
1665 5278 2115 5347 quandoquidem

537 5363 782 5432 exagitat
813 5373 866 5416 et
894 5365 1180 5432 perturbat
1212 5381 1335 5433 quae
1366 5364 1561 5422 defert.
1601 5367 1718 5423 Non
1743 5378 1871 5423 sunt
1904 5370 2115 5439 itaque,

535 5453 737 5525 inquit,
769 5456 946 5511 nubes
974 5456 1279 5526 pellucid:e.
1313 5457 1621 5524 cuiusmodi
1647 5468 1778 5515 sunt
1796 5462 1999 5526 sancti,
2022 5461 2118 5515 sed

537 5546 714 5615 plenre
752 5547 1009 5616 caligine.
1070 5549 1138 5603 At
1168 5564 1271 5603 cur
1312 5549 1426 5603 ita?
1480 5550 1712 5607 Causam
1767 5553 1884 5621 ipse
1937 5552 2117 5618 aliert,

538 5633 690 5704 quia,
725 5635 923 5707 inquit,
967 5638 1130 5691 etiam
1162 5656 1180 5690 ι
1215 5639 1452 5709 superba
1493 5658 1512 5692 ι
1546 5656 1611 5694 ex
1644 5660 1664 5693 ι
1699 5642 1943 5698 vanitate
1983 5661 2002 5693 ι
2037 5644 2119 5697 lo-

539 5737 829 5798 quuntur:
872 5729 1214 5796 pellicientes
1246 5746 1342 5800 per
1390 5734 1667 5788 carnalem
1720 5735 2121 5804 concupiscen-

616 5906 659 5939 ¹⁹
701 5903 866 5960 Num.
897 5922 1029 5971 uti,
1068 5906 1139 5960 ‘28
1177 5922 1336 5977 seqq.

2220 3434 2591 3504 παρεποίησεν
2609 3449 2625 3465 ο
2657 3434 2794 3503 ὅπερ
2822 3432 2883 3484 οὑ
2916 3432 3015 3499 τῆς
3048 3430 3308 3501 μαντείας
3334 3425 3423 3501 ἦν.
3460 3430 3524 3482 Ol
3544 3429 3656 3499 γάρ
3683 3448 3823 3500 πρε.

2217 3529 2387 3597 φῆται
2433 3528 2790 3598 ἐπιστάμενοι
2827 3528 3161 3598 φθέγγονται
3198 3529 3236 3583 ἃ.
3263 3527 3617 3598 φθέγγονται.
3649 3527 3813 3579 Ὅθεν

2219 3623 2312 3675 καὶ
2346 3623 2640 3692 προφήτην
2669 3622 2832 3677 αὑτὸν
2897 3622 3183 3686 ἐκάλεσεν,
3240 3622 3319 3685 ὼς
3358 3621 3729 3689 ἐπιστάμενον
3778 3621 3815 3673 ἃ.

2216 3711 2386 3779 λέγει.
2416 3714 2490 3765 Ού
2520 3715 2630 3784 γὰρ
2661 3713 2728 3766 ἂν
2768 3715 2826 3767 ἰν
2867 3713 3068 3784 ἐκλογῇ
3092 3713 3290 3780 γέγονε
3319 3711 3430 3764 τῶν
3457 3711 3814 3781 κρειττόνων,

2216 3803 2481 3871 ἀγνοῶνᾶ.
2502 3804 2829 3874 φθέγγεται.
2860 3807 2934 3859 Οὐ
2955 3806 3051 3874 τῆς
3099 3804 3360 3875 μαντείας
3392 3806 3571 3859 τοίνυν
3603 3806 3641 3874 ἡ
3666 3804 3819 3856 εὐλο-

2222 3896 2335 3961 γία,
2362 3894 2496 3949 ἀλλὰ
2528 3895 2627 3965 τῆς
2660 3894 2940 3965 δυνάμεως
2959 3894 3055 3948 τοῦ
3084 3893 3243 3949 Θεὸὖ.

2295 4008 2313 4039 ι
2354 3981 2511 4041 Οὗτοί
2539 3990 2645 4042 είσι
2681 3987 2855 4057 πηγαὶ
2898 3988 3137 4059 ἄνυδροι,
3171 3986 3393 4056 νεφέλαι
3418 3985 3525 4040 ὑπὸ
3554 3985 3820 4049 λαίλαπος

2220 4079 2591 4149 ἐλαυνόμεναι,
2632 4074 2714 4141 oi;
2747 4080 2776 4132 ό
2813 4077 2978 4143 ζόφος
3009 4076 3104 4131 τοῦ
3149 4077 3375 4139 σκότους
3405 4077 3487 4139 είς
3520 4075 3697 4129 αἰῶνα
3724 4092 3820 4128 τε·

2218 4172 2474 4241 τηρηται.
2531 4170 2848 4240 ’Υπέρογκα
2888 4169 2999 4239 γάρ
3031 4168 3389 4238 ματαιότητος
3425 4167 3818 4237 φθεγγόμενοι,

2217 4261 2559 4325 δελεάζουσιν
2595 4263 2675 4325 εἰς
2733 4259 2922 4332 [vulg.
2974 4258 3078 4332 ἐν]
3136 4258 3432 4329 ἐπιθυμίας
3479 4258 3709 4328 σαρκὸς,
3761 4262 3819 4311 ἐν

2218 4353 2549 4421 ἀσελγείαις,
2582 4354 2707 4416 τοὺς
2744 4351 2916 4408 ὅντως
2945 4350 3361 4421 ἀποφεύγοντας
3392 4352 3415 4417 [
3444 4350 3582 4420 vulg.
3611 4353 3822 4417 ἀποτυ-

2219 4446 2455 4522 γόντας]
2499 4448 2625 4509 τοὺς
2655 4448 2713 4500 ὲν
2760 4444 2937 4516 πλάνῃ
2970 4442 3501 4515 ἀναστρεφομένους.
3562 4443 3783 4496 Ἐλευθε
3803 4470 3817 4482 -

2224 4540 2346 4611 ρίαν
2375 4540 2557 4602 αὑτοῖς
2591 4536 3076 4607 ἐπαγγελλόμενοι,
3119 4536 3275 4590 αὐτοὶ
3319 4534 3499 4589 δοῦλοι
3551 4535 3821 4604 ὑπάρχονο

2219 4647 2310 4693 τες
2335 4630 2433 4700 τῆς
2464 4628 2692 4700 φθορᾶς.
2723 4619 2796 4699 ⁷ῼ
2838 4629 2946 4697 γάρ
2986 4644 3072 4691 τις
3100 4626 3352 4697 ἥττηται,
3386 4625 3565 4697 τούτῳ
3597 4626 3696 4679 καὶ
3733 4626 3822 4677 δε-

2220 4722 2503 4779 δούλωται.
2544 4739 2563 4773 ι
2616 4719 3082 4790 Μεταξυλογήσας
3129 4718 3321 4780 πολλὰ,
3372 4718 3431 4770 ἐν
3476 4710 3558 4779 οἷς
3610 4717 3675 4769 τὺ
3723 4717 3816 4770 τοῦ

2224 4811 2451 4881 Βαλαὰμ
2478 4812 2791 4881 προήγαγεν
2822 4810 3149 4881 ὑπόδειγμα,
3179 4808 3481 4863 ὲπανέλαδε
3527 4809 3692 4862 πάλιν
3726 4812 3816 4858 τὴν

2224 4905 2353 4977 περὶ
2379 4904 2488 4957 τῶν
2517 4904 2845 4973 ἀκαθάρτων
2878 4903 2917 4956 Γ
2920 4903 3199 4958 νωστικῶν
3242 4902 3419 4969 λόγον.
3456 4900 3568 4979 Καὶ
3591 4900 3819 4953 ἀπεικάη

2225 4998 2307 5063 ζει
2346 4997 2541 5059 αὐτοὺς
2575 5013 2594 5047 ι
2631 4998 2835 5066 πηγαῖς
2884 4994 3155 5066 ἀνύδροις,
3204 5012 3222 5046 ι
3256 4994 3332 5056 ὡς
3388 4991 3814 5053 ἀπολωλεκότας

2223 5089 2285 5142 τὸ
2305 5090 2398 5141 τοῦ
2430 5086 2790 5158 κηρύγματος
2834 5087 3075 5156 καθαρὸν
3115 5086 3213 5139 καὶ
3274 5087 3499 5152 πότιμον
3532 5083 3680 5151 ὕδωρ
3719 5083 3819 5150 τῆς

2224 5184 2405 5250 ξωῆς³
2445 5183 2581 5237 ἀλλά
2628 5184 2723 5236 καὶ
2772 5181 3025 5251 νεφέλαις
3072 5179 3271 5241 αὐτοὺς
3321 5175 3663 5246 παραϐάλλει
3714 5177 3820 5228 ὑπό

2226 5278 2536 5347 πνεύματος
2558 5276 2972 5344 ἐλαυνομέναις,
2998 5272 3093 5325 τοῦ
3123 5270 3370 5324 ἐναντίου
3387 5284 3400 5297 ⁸
3425 5268 3510 5321 διὸ
3529 5269 3619 5321 καὶ
3645 5286 3665 5319 ι
3700 5269 3819 5320 λαί-

2226 5369 2374 5423 λαπα
2413 5389 2431 5419 ι
2480 5369 2613 5422 αὐτὸ
2663 5367 2944 5427 ἐκάλεσεν,
3001 5366 3077 5427 ὡς
3124 5364 3445 5433 συστρέφων
3473 5360 3490 5433 [
3519 5361 3561 5429 f.
3593 5358 3817 5431 -φον1

2228 5462 2319 5514 καὶ
2352 5459 2740 5529 συνταράσσων
2768 5457 2789 5530 [
2818 5456 3064 5526 Ῑ.-σσον
3094 5455 3111 5527 ]
3169 5455 3228 5509 τδ
3265 5454 3647 5524 ἐλαυνόμενον.
3700 5452 3818 5506 Οὐκ

2227 5555 2366 5607 εἰσὶν
2394 5549 2509 5618 οὖν,
2557 5551 2715 5621 φησι,
2762 5549 2982 5619 νεφέλαι
3005 5548 3271 5616 διαυγεῖς,
3319 5547 3511 5615 ὥσπερ
3549 5548 3597 5599 oi
3641 5544 3811 5612 ἆγιοι,

2229 5644 2343 5699 ἀλλ’
2374 5644 2598 5715 ὁμίχλαι
2630 5642 2797 5711 ζόφου
2828 5639 3026 5711 μεσταί
3045 5655 3061 5671 °
3110 5639 3207 5693 καὶ
3240 5639 3400 5701 διατί,
3428 5639 3675 5706 ἐπήγαγε
3718 5636 3818 5704 τὴν

2230 5736 2430 5803 αἰτίαν,
2475 5737 2556 5789 ὅτι
2597 5734 2691 5789 καὶ
2744 5754 2761 5785 ι
2810 5733 3091 5805 ὑπέρογκα
3134 5749 3152 5783 ι
3206 5733 3270 5784 ἐκ
3324 5748 3344 5782 ι
3387 5730 3751 5800 ματαιότητος
3790 5747 3815 5780 ιι
