  <div class='ocr_page' id='page_1' title='image "/cluster/home/n/w/nwhite01/storage/ocr_20150623/125/hvd.32044019208214/726.png"; bbox 0 0 4010 6536; ppageno 0'>
   <div class='ocr_carea' id='block_1_1' title="bbox 306 483 438 549">
    <p class='ocr_par' dir='ltr' id='par_1_1' title="bbox 306 483 438 549">
     <span class='ocr_line' id='line_1_1' title="bbox 306 483 438 549; baseline -0.015 0"><span class='ocrx_word' id='word_1_1' title='bbox 306 483 438 549; x_wconf 73' lang='grc'><strong>1277</strong></span> 
     </span>
    </p>
   </div>
   <div class='ocr_carea' id='block_1_2' title="bbox 1078 466 2819 554">
    <p class='ocr_par' dir='ltr' id='par_1_2' title="bbox 1078 466 2819 554">
     <span class='ocr_line' id='line_1_2' title="bbox 1078 466 2819 554; baseline 0 -2"><span class='ocrx_word' id='word_1_2' title='bbox 1078 491 1486 554; x_wconf 81' lang='lat' dir='ltr'><strong>EXPOSI&#39;I‘IO</strong></span> <span class='ocrx_word' id='word_1_3' title='bbox 1514 491 1595 552; x_wconf 87' lang='lat' dir='ltr'><strong>IN</strong></span> <span class='ocrx_word' id='word_1_4' title='bbox 1633 490 1871 551; x_wconf 84' lang='lat' dir='ltr'><strong>EPIST.</strong></span> <span class='ocrx_word' id='word_1_5' title='bbox 1910 491 1964 550; x_wconf 93' lang='lat' dir='ltr'><strong>Il</strong></span> <span class='ocrx_word' id='word_1_6' title='bbox 2005 491 2067 552; x_wconf 91' lang='lat' dir='ltr'><strong>S.</strong></span> <span class='ocrx_word' id='word_1_7' title='bbox 2101 491 2357 551; x_wconf 80' lang='lat' dir='ltr'><strong>PETRI.</strong></span> <span class='ocrx_word' id='word_1_8' title='bbox 2397 517 2463 526; x_wconf 94' lang='lat'><strong>—</strong></span> <span class='ocrx_word' id='word_1_9' title='bbox 2489 493 2648 551; x_wconf 78' lang='lat' dir='ltr'><strong>CAP.</strong></span> <span class='ocrx_word' id='word_1_10' title='bbox 2686 492 2779 552; x_wconf 91' lang='lat' dir='ltr'><strong>III</strong></span> <span class='ocrx_word' id='word_1_11' title='bbox 2814 466 2819 471; x_wconf 12' lang='grc' dir='ltr'><em>ἡ</em></span> 
     </span>
    </p>
   </div>
   <div class='ocr_carea' id='block_1_3' title="bbox 3412 490 3546 556">
    <p class='ocr_par' dir='ltr' id='par_1_3' title="bbox 3412 490 3546 556">
     <span class='ocr_line' id='line_1_3' title="bbox 3412 490 3546 556; baseline -0.007 0"><span class='ocrx_word' id='word_1_12' title='bbox 3412 490 3546 556; x_wconf 73' lang='lat'><strong>1278</strong></span> 
     </span>
    </p>
   </div>
   <div class='ocr_carea' id='block_1_4' title="bbox 258 599 1891 674">
    <p class='ocr_par' dir='ltr' id='par_1_4' title="bbox 258 600 1877 674">
     <span class='ocr_line' id='line_1_4' title="bbox 258 600 1877 674; baseline -0.001 -21"><span class='ocrx_word' id='word_1_13' title='bbox 258 626 265 629; x_wconf 85' lang='grc'><strong><em>-</em></strong></span> <span class='ocrx_word' id='word_1_14' title='bbox 303 601 650 670; x_wconf 81' lang='grc' dir='ltr'>φθέγγονται,</span> <span class='ocrx_word' id='word_1_15' title='bbox 674 601 1016 665; x_wconf 69' lang='grc' dir='ltr'><strong>δελεάζοντες</strong></span> <span class='ocrx_word' id='word_1_16' title='bbox 1032 602 1119 655; x_wconf 78' lang='grc' dir='ltr'>διὰ</span> <span class='ocrx_word' id='word_1_17' title='bbox 1154 605 1249 671; x_wconf 88' lang='grc' dir='ltr'><strong>τῆς</strong></span> <span class='ocrx_word' id='word_1_18' title='bbox 1279 601 1547 674; x_wconf 80' lang='grc' dir='ltr'>σαρκικῆς</span> <span class='ocrx_word' id='word_1_19' title='bbox 1582 600 1877 668; x_wconf 70' lang='grc' dir='ltr'><strong>ἐπιθυμίας</strong></span> 
     </span>
    </p>
   </div>
   <div class='ocr_carea' id='block_1_5' title="bbox 1995 599 3544 674">
    <p class='ocr_par' dir='ltr' id='par_1_5' title="bbox 1995 599 3544 669">
     <span class='ocr_line' id='line_1_5' title="bbox 1995 599 3544 669; baseline 0.005 -20"><span class='ocrx_word' id='word_1_20' title='bbox 1995 599 2109 651; x_wconf 75' lang='lat' dir='ltr'><strong>iam</strong></span> <span class='ocrx_word' id='word_1_21' title='bbox 2140 599 2204 653; x_wconf 86' lang='lat' dir='ltr'><strong>ad</strong></span> <span class='ocrx_word' id='word_1_22' title='bbox 2237 600 2665 669; x_wconf 68' lang='lat' dir='ltr'><strong>impudicitatem</strong></span> <span class='ocrx_word' id='word_1_23' title='bbox 2700 616 2795 654; x_wconf 88' lang='lat' dir='ltr'><strong>eos</strong></span> <span class='ocrx_word' id='word_1_24' title='bbox 2819 599 2909 668; x_wconf 84' lang='lat' dir='ltr'><strong>qui</strong></span> <span class='ocrx_word' id='word_1_25' title='bbox 2942 616 3066 653; x_wconf 89' lang='lat' dir='ltr'><strong>vere</strong></span> <span class='ocrx_word' id='word_1_26' title='bbox 3096 599 3418 669; x_wconf 76' lang='lat' dir='ltr'><strong>cmigeraut,</strong></span> <span class='ocrx_word' id='word_1_27' title='bbox 3446 620 3544 660; x_wconf 85' lang='lat' dir='ltr'><strong>seu</strong></span> 
     </span>
    </p>
   </div>
   <div class='ocr_carea' id='block_1_6' title="bbox 301 691 1880 762">
    <p class='ocr_par' dir='ltr' id='par_1_6' title="bbox 301 691 1880 762">
     <span class='ocr_line' id='line_1_6' title="bbox 301 691 1880 762; baseline -0.002 -17"><span class='ocrx_word' id='word_1_28' title='bbox 301 695 358 745; x_wconf 84' lang='grc' dir='ltr'><strong>ἐν</strong></span> <span class='ocrx_word' id='word_1_29' title='bbox 400 695 520 755; x_wconf 85' lang='grc' dir='ltr'>ταῖς</span> <span class='ocrx_word' id='word_1_30' title='bbox 555 692 867 761; x_wconf 76' lang='grc' dir='ltr'><strong>ἀσελγείαις</strong></span> <span class='ocrx_word' id='word_1_31' title='bbox 910 694 1035 756; x_wconf 78' lang='grc' dir='ltr'>τοὺς</span> <span class='ocrx_word' id='word_1_32' title='bbox 1089 693 1305 761; x_wconf 82' lang='grc' dir='ltr'>ἀληθῶς</span> <span class='ocrx_word' id='word_1_33' title='bbox 1357 692 1751 762; x_wconf 65' lang='grc' dir='ltr'><strong>ἀποφυγόντας</strong></span> <span class='ocrx_word' id='word_1_34' title='bbox 1785 691 1880 744; x_wconf 77' lang='grc' dir='ltr'><strong>καὶ</strong></span> 
     </span>
    </p>
   </div>
   <div class='ocr_carea' id='block_1_7' title="bbox 300 776 1879 854">
    <p class='ocr_par' dir='ltr' id='par_1_7' title="bbox 300 776 1879 854">
     <span class='ocr_line' id='line_1_7' title="bbox 300 776 1879 854; baseline -0.003 -18"><span class='ocrx_word' id='word_1_35' title='bbox 300 782 554 849; x_wconf 77' lang='grc' dir='ltr'>καθάπαξ</span> <span class='ocrx_word' id='word_1_36' title='bbox 585 785 708 845; x_wconf 81' lang='grc' dir='ltr'>τοὺς</span> <span class='ocrx_word' id='word_1_37' title='bbox 746 784 875 853; x_wconf 78' lang='grc' dir='ltr'>πρὶν</span> <span class='ocrx_word' id='word_1_38' title='bbox 908 786 964 836; x_wconf 86' lang='grc' dir='ltr'><strong>ἐν</strong></span> <span class='ocrx_word' id='word_1_39' title='bbox 995 782 1171 854; x_wconf 76' lang='grc' dir='ltr'>πλάνῃ</span> <span class='ocrx_word' id='word_1_40' title='bbox 1201 783 1729 853; x_wconf 83' lang='grc' dir='ltr'>ἀναστρεφομένους,</span> <span class='ocrx_word' id='word_1_41' title='bbox 1761 776 1879 833; x_wconf 77' lang='grc' dir='ltr'>εἶτα</span> 
     </span>
    </p>
   </div>
   <div class='ocr_carea' id='block_1_8' title="bbox 303 873 1878 945">
    <p class='ocr_par' dir='ltr' id='par_1_8' title="bbox 303 873 1878 945">
     <span class='ocr_line' id='line_1_8' title="bbox 303 873 1878 945; baseline -0.003 -17"><span class='ocrx_word' id='word_1_42' title='bbox 303 874 407 928; x_wconf 74' lang='grc' dir='ltr'><strong>ὑπὸ</strong></span> <span class='ocrx_word' id='word_1_43' title='bbox 436 874 623 943; x_wconf 83' lang='grc' dir='ltr'>Κυρίῳ</span> <span class='ocrx_word' id='word_1_44' title='bbox 666 875 1050 945; x_wconf 75' lang='grc' dir='ltr'><strong>πραττόμενοι.</strong></span> <span class='ocrx_word' id='word_1_45' title='bbox 1105 874 1267 928; x_wconf 74' lang='grc' dir='ltr'>Ἀλλὰ</span> <span class='ocrx_word' id='word_1_46' title='bbox 1305 874 1398 926; x_wconf 74' lang='grc' dir='ltr'><strong>καὶ</strong></span> <span class='ocrx_word' id='word_1_47' title='bbox 1444 873 1638 934; x_wconf 86' lang='grc' dir='ltr'>δοῦλοι,</span> <span class='ocrx_word' id='word_1_48' title='bbox 1691 873 1878 941; x_wconf 66' lang='grc' dir='ltr'>φησιν,</span> 
     </span>
    </p>
   </div>
   <div class='ocr_carea' id='block_1_9' title="bbox 303 962 1880 1035">
    <p class='ocr_par' dir='ltr' id='par_1_9' title="bbox 303 962 1880 1035">
     <span class='ocr_line' id='line_1_9' title="bbox 303 962 1880 1035; baseline -0.002 -17"><span class='ocrx_word' id='word_1_49' title='bbox 303 963 454 1027; x_wconf 76' lang='grc' dir='ltr'>ὖντες</span> <span class='ocrx_word' id='word_1_50' title='bbox 479 965 633 1017; x_wconf 75' lang='grc' dir='ltr'>αὐτοὶ</span> <span class='ocrx_word' id='word_1_51' title='bbox 660 965 756 1030; x_wconf 76' lang='grc' dir='ltr'><strong>τῆς</strong></span> <span class='ocrx_word' id='word_1_52' title='bbox 786 964 1190 1035; x_wconf 80' lang='grc' dir='ltr'><strong>προειρημένης</strong></span> <span class='ocrx_word' id='word_1_53' title='bbox 1218 963 1582 1032; x_wconf 84' lang='grc' dir='ltr'>ἀκαθαρσίας,</span> <span class='ocrx_word' id='word_1_54' title='bbox 1622 962 1688 1032; x_wconf 82' lang='grc' dir='ltr'>ἢν</span> <span class='ocrx_word' id='word_1_55' title='bbox 1728 983 1745 1014; x_wconf 78' lang='grc' dir='ltr'><strong>ι</strong></span> <span class='ocrx_word' id='word_1_56' title='bbox 1786 969 1880 1021; x_wconf 74' lang='grc' dir='ltr'><strong>καὶ</strong></span> 
     </span>
    </p>
   </div>
   <div class='ocr_carea' id='block_1_10' title="bbox 306 1052 1877 1123">
    <p class='ocr_par' dir='ltr' id='par_1_10' title="bbox 306 1052 1877 1123">
     <span class='ocr_line' id='line_1_10' title="bbox 306 1052 1877 1123; baseline -0.001 -19"><span class='ocrx_word' id='word_1_57' title='bbox 306 1053 511 1122; x_wconf 70' lang='grc' dir='ltr'>φθορὰν</span> <span class='ocrx_word' id='word_1_58' title='bbox 550 1053 776 1116; x_wconf 82' lang='grc' dir='ltr'>δικαίως</span> <span class='ocrx_word' id='word_1_59' title='bbox 807 1054 982 1116; x_wconf 84' lang='grc' dir='ltr'>καλεῖ,</span> <span class='ocrx_word' id='word_1_60' title='bbox 1019 1053 1330 1123; x_wconf 76' lang='grc' dir='ltr'>ἐλευθερίαν</span> <span class='ocrx_word' id='word_1_61' title='bbox 1362 1054 1471 1113; x_wconf 84' lang='grc' dir='ltr'>τοῖς</span> <span class='ocrx_word' id='word_1_62' title='bbox 1502 1052 1877 1119; x_wconf 85' lang='grc' dir='ltr'>ἀπατιυμένοις</span> 
     </span>
    </p>
   </div>
   <div class='ocr_carea' id='block_1_11' title="bbox 301 1142 1876 1212">
    <p class='ocr_par' dir='ltr' id='par_1_11' title="bbox 301 1142 1876 1212">
     <span class='ocr_line' id='line_1_11' title="bbox 301 1142 1876 1212; baseline -0.003 -16"><span class='ocrx_word' id='word_1_63' title='bbox 301 1144 766 1211; x_wconf 85' lang='grc' dir='ltr'>ἐπαγγέλλονται·</span> <span class='ocrx_word' id='word_1_64' title='bbox 798 1144 878 1197; x_wconf 64' lang='grc' dir='ltr'><strong>διὸ</strong></span> <span class='ocrx_word' id='word_1_65' title='bbox 910 1144 1003 1196; x_wconf 74' lang='grc' dir='ltr'>καὶ</span> <span class='ocrx_word' id='word_1_66' title='bbox 1032 1143 1290 1212; x_wconf 70' lang='grc' dir='ltr'>λογισμὸν</span> <span class='ocrx_word' id='word_1_67' title='bbox 1321 1143 1515 1210; x_wconf 78' lang='grc' dir='ltr'>ἐπάγει</span> <span class='ocrx_word' id='word_1_68' title='bbox 1555 1142 1876 1212; x_wconf 75' lang='grc' dir='ltr'>θαυμάσιον,</span> 
     </span>
    </p>
   </div>
   <div class='ocr_carea' id='block_1_12' title="bbox 301 1229 1879 1307">
    <p class='ocr_par' dir='ltr' id='par_1_12' title="bbox 301 1229 1879 1307">
     <span class='ocr_line' id='line_1_12' title="bbox 301 1229 1879 1307; baseline -0.002 -18"><span class='ocrx_word' id='word_1_69' title='bbox 301 1236 383 1289; x_wconf 81' lang='grc' dir='ltr'>ὅτι</span> <span class='ocrx_word' id='word_1_70' title='bbox 409 1235 584 1290; x_wconf 84' lang='grc' dir='ltr'>δοῦλοι</span> <span class='ocrx_word' id='word_1_71' title='bbox 609 1235 757 1299; x_wconf 72' lang='grc' dir='ltr'>ὅντες</span> <span class='ocrx_word' id='word_1_72' title='bbox 785 1236 883 1304; x_wconf 85' lang='grc' dir='ltr'><strong>τῆς</strong></span> <span class='ocrx_word' id='word_1_73' title='bbox 913 1236 1210 1307; x_wconf 84' lang='grc' dir='ltr'>ἁμαρτίας.</span> <span class='ocrx_word' id='word_1_74' title='bbox 1272 1253 1290 1285; x_wconf 78' lang='grc' dir='ltr'><strong>ι</strong></span> <span class='ocrx_word' id='word_1_75' title='bbox 1324 1229 1395 1304; x_wconf 61' lang='grc' dir='ltr'><strong>τῼ</strong></span> <span class='ocrx_word' id='word_1_76' title='bbox 1427 1233 1532 1305; x_wconf 84' lang='grc' dir='ltr'><strong>γάρ</strong></span> <span class='ocrx_word' id='word_1_77' title='bbox 1583 1250 1666 1296; x_wconf 87' lang='grc' dir='ltr'><strong>τις</strong></span> <span class='ocrx_word' id='word_1_78' title='bbox 1708 1233 1879 1303; x_wconf 77' lang='grc' dir='ltr'>ἥττη-</span> 
     </span>
    </p>
   </div>
   <div class='ocr_carea' id='block_1_13' title="bbox 300 1323 1879 1393">
    <p class='ocr_par' dir='ltr' id='par_1_13' title="bbox 300 1323 1879 1393">
     <span class='ocr_line' id='line_1_13' title="bbox 300 1323 1879 1393; baseline -0.003 -15"><span class='ocrx_word' id='word_1_79' title='bbox 300 1342 393 1378; x_wconf 86' lang='grc' dir='ltr'><strong>ται</strong></span> <span class='ocrx_word' id='word_1_80' title='bbox 431 1345 451 1378; x_wconf 80' lang='grc' dir='ltr'><strong>ι</strong></span> <span class='ocrx_word' id='word_1_81' title='bbox 495 1326 679 1393; x_wconf 72' lang='grc' dir='ltr'>πάθει,</span> <span class='ocrx_word' id='word_1_82' title='bbox 720 1345 738 1376; x_wconf 78' lang='grc' dir='ltr'><strong>ι</strong></span> <span class='ocrx_word' id='word_1_83' title='bbox 780 1325 952 1392; x_wconf 86' lang='grc' dir='ltr'>τούτῳ</span> <span class='ocrx_word' id='word_1_84' title='bbox 992 1325 1083 1378; x_wconf 77' lang='grc' dir='ltr'><strong>καὶ</strong></span> <span class='ocrx_word' id='word_1_85' title='bbox 1131 1324 1476 1378; x_wconf 77' lang='grc' dir='ltr'>δεδούλωται.</span> <span class='ocrx_word' id='word_1_86' title='bbox 1526 1324 1689 1377; x_wconf 82' lang='grc' dir='ltr'>Αύτοὶ</span> <span class='ocrx_word' id='word_1_87' title='bbox 1730 1323 1879 1375; x_wconf 87' lang='grc' dir='ltr'>ἐλευ-</span> 
     </span>
    </p>
   </div>
   <div class='ocr_carea' id='block_1_14' title="bbox 303 1413 1878 1487">
    <p class='ocr_par' dir='ltr' id='par_1_14' title="bbox 303 1413 1878 1487">
     <span class='ocr_line' id='line_1_14' title="bbox 303 1413 1878 1487; baseline -0.003 -17"><span class='ocrx_word' id='word_1_88' title='bbox 303 1416 491 1487; x_wconf 87' lang='grc' dir='ltr'>θερίαν</span> <span class='ocrx_word' id='word_1_89' title='bbox 516 1416 691 1481; x_wconf 82' lang='grc' dir='ltr'>ἄλλοις</span> <span class='ocrx_word' id='word_1_90' title='bbox 732 1417 1174 1485; x_wconf 83' lang='grc' dir='ltr'>ἐπαγγέλλονται.</span> <span class='ocrx_word' id='word_1_91' title='bbox 1226 1415 1395 1468; x_wconf 88' lang='grc' dir='ltr'>Τοῦτο</span> <span class='ocrx_word' id='word_1_92' title='bbox 1441 1413 1498 1467; x_wconf 81' lang='grc' dir='ltr'>δὲ</span> <span class='ocrx_word' id='word_1_93' title='bbox 1547 1414 1878 1484; x_wconf 73' lang='grc' dir='ltr'>πλατύτερον</span> 
     </span>
    </p>
   </div>
   <div class='ocr_carea' id='block_1_15' title="bbox 301 1507 1138 1579">
    <p class='ocr_par' dir='ltr' id='par_1_15' title="bbox 301 1507 1138 1579">
     <span class='ocr_line' id='line_1_15' title="bbox 301 1507 1138 1579; baseline 0 -18"><span class='ocrx_word' id='word_1_94' title='bbox 301 1507 393 1561; x_wconf 73' lang='grc' dir='ltr'>διὰ</span> <span class='ocrx_word' id='word_1_95' title='bbox 428 1507 538 1561; x_wconf 85' lang='grc' dir='ltr'><strong>τῶν</strong></span> <span class='ocrx_word' id='word_1_96' title='bbox 568 1507 696 1578; x_wconf 79' lang='grc' dir='ltr'>ἑξῆς</span> <span class='ocrx_word' id='word_1_97' title='bbox 742 1509 1138 1579; x_wconf 80' lang='grc' dir='ltr'>γνωσθήσεται.</span> 
     </span>
    </p>
   </div>
   <div class='ocr_carea' id='block_1_16' title="bbox 381 1597 1877 1672">
    <p class='ocr_par' dir='ltr' id='par_1_16' title="bbox 381 1597 1877 1672">
     <span class='ocr_line' id='line_1_16' title="bbox 381 1597 1877 1672; baseline -0.001 -20"><span class='ocrx_word' id='word_1_98' title='bbox 381 1619 402 1652; x_wconf 72' lang='grc' dir='ltr'><em>ς</em></span> <span class='ocrx_word' id='word_1_99' title='bbox 431 1601 495 1655; x_wconf 78' lang='lat' dir='ltr'><strong>El</strong></span> <span class='ocrx_word' id='word_1_100' title='bbox 517 1599 627 1672; x_wconf 77' lang='grc' dir='ltr'>γὰρ</span> <span class='ocrx_word' id='word_1_101' title='bbox 658 1600 1029 1671; x_wconf 80' lang='grc' dir='ltr'>ἀποφυγόντες</span> <span class='ocrx_word' id='word_1_102' title='bbox 1058 1600 1124 1654; x_wconf 80' lang='grc' dir='ltr'>τὰ</span> <span class='ocrx_word' id='word_1_103' title='bbox 1151 1599 1436 1671; x_wconf 83' lang='grc' dir='ltr'>μιάσματα</span> <span class='ocrx_word' id='word_1_104' title='bbox 1459 1597 1553 1652; x_wconf 89' lang='grc' dir='ltr'><strong>τοῦ</strong></span> <span class='ocrx_word' id='word_1_105' title='bbox 1587 1597 1792 1668; x_wconf 87' lang='grc' dir='ltr'>κόσμου</span> <span class='ocrx_word' id='word_1_106' title='bbox 1820 1598 1877 1651; x_wconf 89' lang='grc' dir='ltr'><strong>ἐν</strong></span> 
     </span>
    </p>
   </div>
   <div class='ocr_carea' id='block_1_17' title="bbox 302 1688 1874 1763">
    <p class='ocr_par' dir='ltr' id='par_1_17' title="bbox 302 1688 1874 1763">
     <span class='ocr_line' id='line_1_17' title="bbox 302 1688 1874 1763; baseline -0.002 -19"><span class='ocrx_word' id='word_1_107' title='bbox 302 1693 597 1760; x_wconf 70' lang='grc' dir='ltr'>ἐπιγνώσει</span> <span class='ocrx_word' id='word_1_108' title='bbox 644 1693 739 1745; x_wconf 85' lang='grc' dir='ltr'><strong>τοῦ</strong></span> <span class='ocrx_word' id='word_1_109' title='bbox 790 1692 997 1760; x_wconf 86' lang='grc' dir='ltr'>Κυρίου</span> <span class='ocrx_word' id='word_1_110' title='bbox 1044 1691 1203 1763; x_wconf 83' lang='grc' dir='ltr'>ἡμῶν</span> <span class='ocrx_word' id='word_1_111' title='bbox 1258 1693 1353 1745; x_wconf 70' lang='grc' dir='ltr'>καὶ</span> <span class='ocrx_word' id='word_1_112' title='bbox 1393 1692 1645 1761; x_wconf 82' lang='grc' dir='ltr'>Σωτῆρος</span> <span class='ocrx_word' id='word_1_113' title='bbox 1699 1688 1874 1760; x_wconf 80' lang='grc' dir='ltr'>Ἰησοῦ</span> 
     </span>
    </p>
   </div>
   <div class='ocr_carea' id='block_1_18' title="bbox 301 1781 1873 1852">
    <p class='ocr_par' dir='ltr' id='par_1_18' title="bbox 301 1781 1873 1852">
     <span class='ocr_line' id='line_1_18' title="bbox 301 1781 1873 1852; baseline -0.003 -15"><span class='ocrx_word' id='word_1_114' title='bbox 301 1783 564 1852; x_wconf 85' lang='grc' dir='ltr'>Χριστοῦ,</span> <span class='ocrx_word' id='word_1_115' title='bbox 609 1783 817 1846; x_wconf 74' lang='grc' dir='ltr'>τούτοις</span> <span class='ocrx_word' id='word_1_116' title='bbox 856 1783 913 1836; x_wconf 75' lang='grc' dir='ltr'>δὲ</span> <span class='ocrx_word' id='word_1_117' title='bbox 964 1784 1126 1836; x_wconf 68' lang='grc' dir='ltr'>πάλιν</span> <span class='ocrx_word' id='word_1_118' title='bbox 1173 1783 1548 1851; x_wconf 70' lang='grc' dir='ltr'>ἐμπλακέντες</span> <span class='ocrx_word' id='word_1_119' title='bbox 1582 1781 1873 1851; x_wconf 81' lang='grc' dir='ltr'>ἡττῶνται,</span> 
     </span>
    </p>
   </div>
   <div class='ocr_carea' id='block_1_19' title="bbox 301 1870 1871 1946">
    <p class='ocr_par' dir='ltr' id='par_1_19' title="bbox 301 1870 1871 1946">
     <span class='ocr_line' id='line_1_19' title="bbox 301 1870 1871 1946; baseline -0.001 -18"><span class='ocrx_word' id='word_1_120' title='bbox 301 1879 527 1943; x_wconf 78' lang='grc' dir='ltr'>γέγονεν</span> <span class='ocrx_word' id='word_1_121' title='bbox 564 1870 746 1939; x_wconf 76' lang='lat' dir='ltr'><strong>ain:ng</strong></span> <span class='ocrx_word' id='word_1_122' title='bbox 800 1875 869 1928; x_wconf 83' lang='grc' dir='ltr'>τὰ</span> <span class='ocrx_word' id='word_1_123' title='bbox 928 1873 1131 1944; x_wconf 74' lang='grc' dir='ltr'>ἔσχατα</span> <span class='ocrx_word' id='word_1_124' title='bbox 1187 1875 1404 1946; x_wconf 75' lang='grc' dir='ltr'>χείρονα</span> <span class='ocrx_word' id='word_1_125' title='bbox 1454 1872 1562 1926; x_wconf 87' lang='grc' dir='ltr'><strong>τῶν</strong></span> <span class='ocrx_word' id='word_1_126' title='bbox 1618 1871 1871 1942; x_wconf 83' lang='grc' dir='ltr'>πρῶτων.</span> 
     </span>
    </p>
   </div>
   <div class='ocr_carea' id='block_1_20' title="bbox 1981 689 3543 757">
    <p class='ocr_par' dir='ltr' id='par_1_20' title="bbox 1981 689 3543 757">
     <span class='ocr_line' id='line_1_20' title="bbox 1981 689 3543 757; baseline 0.003 -17"><span class='ocrx_word' id='word_1_127' title='bbox 1981 689 2097 757; x_wconf 85' lang='lat' dir='ltr'><strong>qui,</strong></span> <span class='ocrx_word' id='word_1_128' title='bbox 2134 706 2254 742; x_wconf 84' lang='lat' dir='ltr'><strong>cum</strong></span> <span class='ocrx_word' id='word_1_129' title='bbox 2289 690 2419 742; x_wconf 89' lang='lat' dir='ltr'><strong>olim</strong></span> <span class='ocrx_word' id='word_1_130' title='bbox 2476 690 2526 741; x_wconf 92' lang='lat' dir='ltr'><strong>in</strong></span> <span class='ocrx_word' id='word_1_131' title='bbox 2582 705 2770 742; x_wconf 87' lang='lat' dir='ltr'><strong>errore</strong></span> <span class='ocrx_word' id='word_1_132' title='bbox 2829 701 3207 754; x_wconf 83' lang='lat' dir='ltr'><strong>versaremur,</strong></span> <span class='ocrx_word' id='word_1_133' title='bbox 3260 690 3325 743; x_wconf 88' lang='lat' dir='ltr'><strong>ad</strong></span> <span class='ocrx_word' id='word_1_134' title='bbox 3375 692 3543 746; x_wconf 89' lang='lat' dir='ltr'><strong>Deum</strong></span> 
     </span>
    </p>
   </div>
   <div class='ocr_carea' id='block_1_21' title="bbox 1981 778 3543 851">
    <p class='ocr_par' dir='ltr' id='par_1_21' title="bbox 1981 778 3543 851">
     <span class='ocr_line' id='line_1_21' title="bbox 1981 778 3543 851; baseline 0.003 -20"><span class='ocrx_word' id='word_1_135' title='bbox 1981 781 2232 832; x_wconf 83' lang='lat' dir='ltr'><strong>conversi</strong></span> <span class='ocrx_word' id='word_1_136' title='bbox 2264 788 2439 833; x_wconf 85' lang='lat' dir='ltr'><strong>erant.</strong></span> <span class='ocrx_word' id='word_1_137' title='bbox 2478 778 2677 832; x_wconf 79' lang='lat' dir='ltr'><strong>Verum</strong></span> <span class='ocrx_word' id='word_1_138' title='bbox 2707 789 2759 833; x_wconf 90' lang='lat' dir='ltr'><strong>et</strong></span> <span class='ocrx_word' id='word_1_139' title='bbox 2788 781 2929 834; x_wconf 96' lang='lat' dir='ltr'><strong>servi</strong></span> <span class='ocrx_word' id='word_1_140' title='bbox 2958 781 2994 832; x_wconf 89' lang='lat' dir='ltr'><strong>ii</strong></span> <span class='ocrx_word' id='word_1_141' title='bbox 3026 796 3150 834; x_wconf 88' lang='lat' dir='ltr'><strong>cum</strong></span> <span class='ocrx_word' id='word_1_142' title='bbox 3185 782 3316 841; x_wconf 85' lang='lat' dir='ltr'><strong>sint,</strong></span> <span class='ocrx_word' id='word_1_143' title='bbox 3348 783 3543 851; x_wconf 82' lang='lat' dir='ltr'><strong>inquit,</strong></span> 
     </span>
    </p>
   </div>
   <div class='ocr_carea' id='block_1_22' title="bbox 1983 871 3546 941">
    <p class='ocr_par' dir='ltr' id='par_1_22' title="bbox 1983 871 3546 941">
     <span class='ocr_line' id='line_1_22' title="bbox 1983 871 3546 941; baseline 0 -17"><span class='ocrx_word' id='word_1_144' title='bbox 1983 872 2251 940; x_wconf 68' lang='lat' dir='ltr'><strong>prmdictaa</strong></span> <span class='ocrx_word' id='word_1_145' title='bbox 2294 871 2651 925; x_wconf 70' lang='lat' dir='ltr'><strong>immnndilite</strong></span> <span class='ocrx_word' id='word_1_146' title='bbox 2685 874 2869 940; x_wconf 89' lang='lat' dir='ltr'><strong>(quam</strong></span> <span class='ocrx_word' id='word_1_147' title='bbox 2894 880 2947 924; x_wconf 88' lang='lat' dir='ltr'><strong>ct</strong></span> <span class='ocrx_word' id='word_1_148' title='bbox 2968 881 3112 926; x_wconf 88' lang='lat' dir='ltr'><strong>recte</strong></span> <span class='ocrx_word' id='word_1_149' title='bbox 3140 874 3546 941; x_wconf 84' lang='lat' dir='ltr'><strong>corruptionem</strong></span> 
     </span>
    </p>
   </div>
   <div class='ocr_carea' id='block_1_23' title="bbox 1981 964 3549 1035">
    <p class='ocr_par' dir='ltr' id='par_1_23' title="bbox 1981 964 3549 1035">
     <span class='ocr_line' id='line_1_23' title="bbox 1981 964 3549 1035; baseline 0.002 -17"><span class='ocrx_word' id='word_1_150' title='bbox 1981 964 2182 1029; x_wconf 88' lang='lat' dir='ltr'><strong>vocat),</strong></span> <span class='ocrx_word' id='word_1_151' title='bbox 2213 965 2512 1018; x_wconf 86' lang='lat' dir='ltr'><strong>libertatem</strong></span> <span class='ocrx_word' id='word_1_152' title='bbox 2565 972 2744 1017; x_wconf 79' lang='lat' dir='ltr'><strong>tamen</strong></span> <span class='ocrx_word' id='word_1_153' title='bbox 2787 964 2852 1017; x_wconf 85' lang='lat' dir='ltr'><strong>iis</strong></span> <span class='ocrx_word' id='word_1_154' title='bbox 2880 980 3018 1032; x_wconf 90' lang='lat' dir='ltr'><strong>quos</strong></span> <span class='ocrx_word' id='word_1_155' title='bbox 3065 964 3364 1035; x_wconf 80' lang='lat' dir='ltr'><strong>decipiunt,</strong></span> <span class='ocrx_word' id='word_1_156' title='bbox 3425 980 3549 1034; x_wconf 82' lang='lat' dir='ltr'><strong>pro-</strong></span> 
     </span>
    </p>
   </div>
   <div class='ocr_carea' id='block_1_24' title="bbox 1981 1054 3545 1110">
    <p class='ocr_par' dir='ltr' id='par_1_24' title="bbox 1981 1054 3545 1110">
     <span class='ocr_line' id='line_1_24' title="bbox 1981 1054 3545 1110; baseline -0.001 -1"><span class='ocrx_word' id='word_1_157' title='bbox 1981 1057 2196 1110; x_wconf 89' lang='lat' dir='ltr'><strong>mittere</strong></span> <span class='ocrx_word' id='word_1_158' title='bbox 2236 1054 2459 1109; x_wconf 85' lang='lat' dir='ltr'><strong>audent.</strong></span> <span class='ocrx_word' id='word_1_159' title='bbox 2519 1055 2802 1110; x_wconf 68' lang='lat' dir='ltr'><strong>Rationem</strong></span> <span class='ocrx_word' id='word_1_160' title='bbox 2859 1072 2986 1110; x_wconf 90' lang='lat' dir='ltr'><strong>vero</strong></span> <span class='ocrx_word' id='word_1_161' title='bbox 3047 1055 3196 1110; x_wconf 86' lang='lat' dir='ltr'><strong>addit</strong></span> <span class='ocrx_word' id='word_1_162' title='bbox 3246 1056 3545 1110; x_wconf 71' lang='lat' dir='ltr'><strong>mirabilem</strong></span> 
     </span>
    </p>
   </div>
   <div class='ocr_carea' id='block_1_25' title="bbox 1980 1144 3547 1216">
    <p class='ocr_par' dir='ltr' id='par_1_25' title="bbox 1980 1144 3547 1216">
     <span class='ocr_line' id='line_1_25' title="bbox 1980 1144 3547 1216; baseline 0.001 -18"><span class='ocrx_word' id='word_1_163' title='bbox 1980 1161 2079 1198; x_wconf 87' lang='lat' dir='ltr'><strong>cur</strong></span> <span class='ocrx_word' id='word_1_164' title='bbox 2124 1146 2265 1199; x_wconf 84' lang='lat' dir='ltr'><strong>servi</strong></span> <span class='ocrx_word' id='word_1_165' title='bbox 2332 1144 2432 1214; x_wconf 84' lang='lat' dir='ltr'><strong>ipsi</strong></span> <span class='ocrx_word' id='word_1_166' title='bbox 2487 1145 2618 1208; x_wconf 91' lang='lat' dir='ltr'><strong>sint,</strong></span> <span class='ocrx_word' id='word_1_167' title='bbox 2673 1147 2798 1216; x_wconf 83' lang='lat' dir='ltr'><strong>quia</strong></span> <span class='ocrx_word' id='word_1_168' title='bbox 2836 1147 3065 1212; x_wconf 81' lang='lat' dir='ltr'><strong>scilicet,</strong></span> <span class='ocrx_word' id='word_1_169' title='bbox 3112 1166 3130 1197; x_wconf 77' lang='grc' dir='ltr'><strong>ι</strong></span> <span class='ocrx_word' id='word_1_170' title='bbox 3164 1164 3192 1197; x_wconf 87' lang='lat' dir='ltr'><strong>a</strong></span> <span class='ocrx_word' id='word_1_171' title='bbox 3224 1160 3547 1216; x_wconf 87' lang='lat' dir='ltr'><strong>quacunque</strong></span> 
     </span>
    </p>
   </div>
   <div class='ocr_carea' id='block_1_26' title="bbox 1979 1233 3546 1306">
    <p class='ocr_par' dir='ltr' id='par_1_26' title="bbox 1979 1233 3546 1306">
     <span class='ocr_line' id='line_1_26' title="bbox 1979 1233 3546 1306; baseline 0.003 -20"><span class='ocrx_word' id='word_1_172' title='bbox 1979 1235 2104 1303; x_wconf 84' lang='lat' dir='ltr'><strong>quis</strong></span> <span class='ocrx_word' id='word_1_173' title='bbox 2143 1253 2159 1283; x_wconf 82' lang='grc' dir='ltr'><strong>ι</strong></span> <span class='ocrx_word' id='word_1_174' title='bbox 2209 1233 2500 1288; x_wconf 68' lang='lat' dir='ltr'><strong>affectione</strong></span> <span class='ocrx_word' id='word_1_175' title='bbox 2539 1252 2558 1286; x_wconf 78' lang='grc' dir='ltr'><strong>ι</strong></span> <span class='ocrx_word' id='word_1_176' title='bbox 2600 1244 2891 1304; x_wconf 85' lang='lat' dir='ltr'><strong>superatus</strong></span> <span class='ocrx_word' id='word_1_177' title='bbox 2941 1245 3043 1299; x_wconf 86' lang='lat' dir='ltr'><strong>est,</strong></span> <span class='ocrx_word' id='word_1_178' title='bbox 3084 1237 3202 1306; x_wconf 89' lang='lat' dir='ltr'><strong>ejus</strong></span> <span class='ocrx_word' id='word_1_179' title='bbox 3240 1245 3293 1291; x_wconf 89' lang='lat' dir='ltr'><strong>et</strong></span> <span class='ocrx_word' id='word_1_180' title='bbox 3353 1251 3546 1291; x_wconf 87' lang='lat' dir='ltr'><strong>servus</strong></span> 
     </span>
    </p>
   </div>
   <div class='ocr_carea' id='block_1_27' title="bbox 1978 1324 3547 1397">
    <p class='ocr_par' dir='ltr' id='par_1_27' title="bbox 1978 1324 3547 1397">
     <span class='ocr_line' id='line_1_27' title="bbox 1978 1324 3547 1397; baseline 0.001 -17"><span class='ocrx_word' id='word_1_181' title='bbox 1978 1333 2082 1380; x_wconf 89' lang='lat' dir='ltr'><strong>est.</strong></span> <span class='ocrx_word' id='word_1_182' title='bbox 2112 1344 2130 1375; x_wconf 79' lang='grc' dir='ltr'><strong>ι</strong></span> <span class='ocrx_word' id='word_1_183' title='bbox 2164 1324 2267 1379; x_wconf 88' lang='lat' dir='ltr'><strong>Sed</strong></span> <span class='ocrx_word' id='word_1_184' title='bbox 2294 1325 2395 1380; x_wconf 89' lang='lat' dir='ltr'><strong>hoc</strong></span> <span class='ocrx_word' id='word_1_185' title='bbox 2418 1342 2483 1380; x_wconf 82' lang='lat' dir='ltr'><strong>ex</strong></span> <span class='ocrx_word' id='word_1_186' title='bbox 2507 1326 2595 1394; x_wconf 93' lang='lat' dir='ltr'><strong>iis,</strong></span> <span class='ocrx_word' id='word_1_187' title='bbox 2618 1342 2738 1397; x_wconf 69' lang='lat' dir='ltr'><strong>quae</strong></span> <span class='ocrx_word' id='word_1_188' title='bbox 2762 1325 2990 1381; x_wconf 83' lang='lat' dir='ltr'><strong>inferius</strong></span> <span class='ocrx_word' id='word_1_189' title='bbox 3025 1326 3297 1391; x_wconf 83' lang='lat' dir='ltr'><strong>dicentur,</strong></span> <span class='ocrx_word' id='word_1_190' title='bbox 3318 1325 3547 1382; x_wconf 82' lang='lat' dir='ltr'><strong>manife-</strong></span> 
     </span>
    </p>
   </div>
   <div class='ocr_carea' id='block_1_28' title="bbox 1981 1419 2258 1473">
    <p class='ocr_par' dir='ltr' id='par_1_28' title="bbox 1981 1419 2258 1473">
     <span class='ocr_line' id='line_1_28' title="bbox 1981 1419 2258 1473; baseline -0.004 -1"><span class='ocrx_word' id='word_1_191' title='bbox 1981 1419 2119 1472; x_wconf 90' lang='lat' dir='ltr'><strong>stius</strong></span> <span class='ocrx_word' id='word_1_192' title='bbox 2150 1419 2258 1473; x_wconf 86' lang='lat' dir='ltr'><strong>lict.</strong></span> 
     </span>
    </p>
   </div>
   <div class='ocr_carea' id='block_1_29' title="bbox 2051 1588 3546 1660">
    <p class='ocr_par' dir='ltr' id='par_1_29' title="bbox 2051 1588 3546 1660">
     <span class='ocr_line' id='line_1_29' title="bbox 2051 1588 3546 1660; baseline -0.005 -12"><span class='ocrx_word' id='word_1_193' title='bbox 2051 1593 2217 1648; x_wconf 74' lang='lat' dir='ltr'><strong>Vens.</strong></span> <span class='ocrx_word' id='word_1_194' title='bbox 2251 1592 2440 1646; x_wconf 72' lang='lat'><strong>220-29..</strong></span> <span class='ocrx_word' id='word_1_195' title='bbox 2484 1611 2500 1642; x_wconf 84' lang='grc' dir='ltr'><strong>ι</strong></span> <span class='ocrx_word' id='word_1_196' title='bbox 2548 1591 2603 1646; x_wconf 87' lang='lat' dir='ltr'><strong>Si</strong></span> <span class='ocrx_word' id='word_1_197' title='bbox 2652 1592 2796 1646; x_wconf 89' lang='lat' dir='ltr'><strong>enim</strong></span> <span class='ocrx_word' id='word_1_198' title='bbox 2847 1589 3182 1660; x_wconf 78' lang='lat' dir='ltr'><strong>refugientes</strong></span> <span class='ocrx_word' id='word_1_199' title='bbox 3221 1588 3546 1658; x_wconf 90' lang='lat' dir='ltr'><strong>coinquina-</strong></span> 
     </span>
    </p>
   </div>
   <div class='ocr_carea' id='block_1_30' title="bbox 1981 1681 3549 1754">
    <p class='ocr_par' dir='ltr' id='par_1_30' title="bbox 1981 1681 3549 1754">
     <span class='ocr_line' id='line_1_30' title="bbox 1981 1681 3549 1754; baseline -0.006 -14"><span class='ocrx_word' id='word_1_200' title='bbox 1981 1687 2156 1740; x_wconf 87' lang='lat' dir='ltr'><strong>tioues</strong></span> <span class='ocrx_word' id='word_1_201' title='bbox 2189 1686 2374 1738; x_wconf 87' lang='lat' dir='ltr'><strong>mundi</strong></span> <span class='ocrx_word' id='word_1_202' title='bbox 2408 1685 2460 1737; x_wconf 88' lang='lat' dir='ltr'><strong>in</strong></span> <span class='ocrx_word' id='word_1_203' title='bbox 2486 1684 2794 1754; x_wconf 81' lang='lat' dir='ltr'><strong>cognitione</strong></span> <span class='ocrx_word' id='word_1_204' title='bbox 2820 1682 3029 1736; x_wconf 85' lang='lat' dir='ltr'><strong>Domini</strong></span> <span class='ocrx_word' id='word_1_205' title='bbox 3062 1682 3232 1737; x_wconf 91' lang='lat' dir='ltr'><strong>nostri</strong></span> <span class='ocrx_word' id='word_1_206' title='bbox 3283 1689 3335 1735; x_wconf 91' lang='lat' dir='ltr'><strong>et</strong></span> <span class='ocrx_word' id='word_1_207' title='bbox 3359 1681 3549 1734; x_wconf 85' lang='lat' dir='ltr'><strong>Salva-</strong></span> 
     </span>
    </p>
   </div>
   <div class='ocr_carea' id='block_1_31' title="bbox 1981 1773 3544 1844">
    <p class='ocr_par' dir='ltr' id='par_1_31' title="bbox 1981 1773 3544 1844">
     <span class='ocr_line' id='line_1_31' title="bbox 1981 1773 3544 1844; baseline -0.004 -15"><span class='ocrx_word' id='word_1_208' title='bbox 1981 1775 2117 1831; x_wconf 88' lang='lat' dir='ltr'><strong>toris</strong></span> <span class='ocrx_word' id='word_1_209' title='bbox 2141 1774 2267 1830; x_wconf 83' lang='lat' dir='ltr'><strong>Jesu</strong></span> <span class='ocrx_word' id='word_1_210' title='bbox 2294 1774 2518 1839; x_wconf 88' lang='lat' dir='ltr'><strong>Christi,</strong></span> <span class='ocrx_word' id='word_1_211' title='bbox 2542 1778 2624 1829; x_wconf 92' lang='lat' dir='ltr'><strong>his</strong></span> <span class='ocrx_word' id='word_1_212' title='bbox 2652 1790 2867 1829; x_wconf 87' lang='lat' dir='ltr'><strong>rursum</strong></span> <span class='ocrx_word' id='word_1_213' title='bbox 2899 1773 3160 1844; x_wconf 83' lang='lat' dir='ltr'><strong>implicati</strong></span> <span class='ocrx_word' id='word_1_214' title='bbox 3197 1782 3544 1841; x_wconf 83' lang='lat' dir='ltr'><strong>superantur,</strong></span> 
     </span>
    </p>
   </div>
   <div class='ocr_carea' id='block_1_32' title="bbox 1983 1863 3548 1935">
    <p class='ocr_par' dir='ltr' id='par_1_32' title="bbox 1983 1863 3548 1935">
     <span class='ocr_line' id='line_1_32' title="bbox 1983 1863 3548 1935; baseline -0.003 -14"><span class='ocrx_word' id='word_1_215' title='bbox 1983 1868 2122 1922; x_wconf 76' lang='lat' dir='ltr'><strong>facta</strong></span> <span class='ocrx_word' id='word_1_216' title='bbox 2159 1876 2285 1922; x_wconf 89' lang='lat' dir='ltr'><strong>sunt</strong></span> <span class='ocrx_word' id='word_1_217' title='bbox 2309 1870 2389 1922; x_wconf 91' lang='lat' dir='ltr'><strong>eis</strong></span> <span class='ocrx_word' id='word_1_218' title='bbox 2413 1868 2716 1935; x_wconf 82' lang='lat' dir='ltr'><strong>posteriora</strong></span> <span class='ocrx_word' id='word_1_219' title='bbox 2737 1867 3005 1921; x_wconf 78' lang='lat' dir='ltr'><strong>deteriora</strong></span> <span class='ocrx_word' id='word_1_220' title='bbox 3032 1866 3330 1935; x_wconf 83' lang='lat' dir='ltr'><strong>prioribus.</strong></span> <span class='ocrx_word' id='word_1_221' title='bbox 3359 1863 3548 1917; x_wconf 82' lang='lat' dir='ltr'><strong>Melius</strong></span> 
     </span>
    </p>
   </div>
   <div class='ocr_carea' id='block_1_33' title="bbox 305 1936 1891 2037">
    <p class='ocr_par' dir='ltr' id='par_1_33' title="bbox 305 1936 1878 2037">
     <span class='ocr_line' id='line_1_33' title="bbox 305 1936 1878 2037; baseline -0.005 -17"><span class='ocrx_word' id='word_1_222' title='bbox 305 1936 570 2037; x_wconf 75' lang='grc' dir='ltr'>Κριεῖττον</span> <span class='ocrx_word' id='word_1_223' title='bbox 622 1936 825 2036; x_wconf 73' lang='grc' dir='ltr'>γὰρῆν</span> <span class='ocrx_word' id='word_1_224' title='bbox 858 1936 1062 2030; x_wconf 63' lang='grc' dir='ltr'>αὐτοίς,</span> <span class='ocrx_word' id='word_1_225' title='bbox 1108 1936 1599 2035; x_wconf 50' lang='grc' dir='ltr'>μὴηέπεγνωκέναι</span> <span class='ocrx_word' id='word_1_226' title='bbox 1626 1936 1723 2035; x_wconf 71' lang='grc' dir='ltr'><strong>τῆν</strong></span> <span class='ocrx_word' id='word_1_227' title='bbox 1761 1963 1878 2016; x_wconf 80' lang='grc' dir='ltr'>ὁδὸν</span> 
     </span>
    </p>
   </div>
   <div class='ocr_carea' id='block_1_34' title="bbox 1995 1936 3548 2037">
    <p class='ocr_par' dir='ltr' id='par_1_34' title="bbox 1995 1957 3548 2026">
     <span class='ocr_line' id='line_1_34' title="bbox 1995 1957 3548 2026; baseline -0.006 -11"><span class='ocrx_word' id='word_1_228' title='bbox 1995 1961 2266 2015; x_wconf 67' lang='lat' dir='ltr'><strong>minuerat</strong></span> <span class='ocrx_word' id='word_1_229' title='bbox 2296 1960 2401 2013; x_wconf 88' lang='lat' dir='ltr'><strong>illis</strong></span> <span class='ocrx_word' id='word_1_230' title='bbox 2436 1975 2541 2013; x_wconf 91' lang='lat' dir='ltr'><strong>non</strong></span> <span class='ocrx_word' id='word_1_231' title='bbox 2572 1973 2905 2025; x_wconf 70' lang='lat' dir='ltr'><strong>cognoscere</strong></span> <span class='ocrx_word' id='word_1_232' title='bbox 2936 1958 3074 2010; x_wconf 87' lang='lat' dir='ltr'><strong>viam</strong></span> <span class='ocrx_word' id='word_1_233' title='bbox 3105 1957 3353 2025; x_wconf 68' lang='lat' dir='ltr'><strong>justilize,</strong></span> <span class='ocrx_word' id='word_1_234' title='bbox 3386 1970 3548 2026; x_wconf 88' lang='lat' dir='ltr'><strong>quam</strong></span> 
     </span>
    </p>
   </div>
   <div class='ocr_carea' id='block_1_35' title="bbox 303 2048 1881 2123">
    <p class='ocr_par' dir='ltr' id='par_1_35' title="bbox 303 2048 1881 2123">
     <span class='ocr_line' id='line_1_35' title="bbox 303 2048 1881 2123; baseline -0.004 -15"><span class='ocrx_word' id='word_1_235' title='bbox 303 2059 404 2123; x_wconf 78' lang='grc' dir='ltr'><strong>τῆς</strong></span> <span class='ocrx_word' id='word_1_236' title='bbox 447 2053 815 2122; x_wconf 83' lang='grc' dir='ltr'>δικαιοσύνης,</span> <span class='ocrx_word' id='word_1_237' title='bbox 851 2054 887 2122; x_wconf 80' lang='grc' dir='ltr'><strong>ἢ</strong></span> <span class='ocrx_word' id='word_1_238' title='bbox 948 2053 1278 2120; x_wconf 75' lang='grc' dir='ltr'>ἐπιγνοῦσιν,</span> <span class='ocrx_word' id='word_1_239' title='bbox 1332 2048 1654 2120; x_wconf 73' lang='grc' dir='ltr'>ἐπιστρέψαι</span> <span class='ocrx_word' id='word_1_240' title='bbox 1705 2050 1783 2112; x_wconf 85' lang='grc' dir='ltr'><strong>είς</strong></span> <span class='ocrx_word' id='word_1_241' title='bbox 1815 2051 1881 2101; x_wconf 73' lang='grc' dir='ltr'>τὰ</span> 
     </span>
    </p>
   </div>
   <div class='ocr_carea' id='block_1_36' title="bbox 304 2140 1879 2214">
    <p class='ocr_par' dir='ltr' id='par_1_36' title="bbox 304 2140 1879 2214">
     <span class='ocr_line' id='line_1_36' title="bbox 304 2140 1879 2214; baseline -0.004 -16"><span class='ocrx_word' id='word_1_242' title='bbox 304 2147 484 2200; x_wconf 84' lang='grc' dir='ltr'>ὀπίσω</span> <span class='ocrx_word' id='word_1_243' title='bbox 527 2146 634 2199; x_wconf 73' lang='grc' dir='ltr'><strong>ἀπὸ</strong></span> <span class='ocrx_word' id='word_1_244' title='bbox 681 2146 779 2214; x_wconf 86' lang='grc' dir='ltr'><strong>τῆς</strong></span> <span class='ocrx_word' id='word_1_245' title='bbox 815 2144 1213 2212; x_wconf 81' lang='grc' dir='ltr'>παραδοθείσης</span> <span class='ocrx_word' id='word_1_246' title='bbox 1244 2143 1427 2204; x_wconf 75' lang='grc' dir='ltr'>αὐτοῖς</span> <span class='ocrx_word' id='word_1_247' title='bbox 1453 2141 1611 2206; x_wconf 79' lang='grc' dir='ltr'>ἁγίας</span> <span class='ocrx_word' id='word_1_248' title='bbox 1643 2140 1879 2209; x_wconf 87' lang='grc' dir='ltr'>ἐντολῆς.</span> 
     </span>
    </p>
   </div>
   <div class='ocr_carea' id='block_1_37' title="bbox 210 2229 1880 2305">
    <p class='ocr_par' dir='ltr' id='par_1_37' title="bbox 210 2229 1880 2305">
     <span class='ocr_line' id='line_1_37' title="bbox 210 2229 1880 2305; baseline -0.003 -19"><span class='ocrx_word' id='word_1_249' title='bbox 210 2294 225 2303; x_wconf 36' lang='grc' dir='ltr'><em>ί</em></span> <span class='ocrx_word' id='word_1_250' title='bbox 307 2232 631 2305; x_wconf 78' lang='grc' dir='ltr'>Συμϐέὸηκε</span> <span class='ocrx_word' id='word_1_251' title='bbox 680 2233 738 2286; x_wconf 80' lang='grc' dir='ltr'>δὲ</span> <span class='ocrx_word' id='word_1_252' title='bbox 773 2234 956 2295; x_wconf 77' lang='grc' dir='ltr'>αὐτοῖς</span> <span class='ocrx_word' id='word_1_253' title='bbox 1007 2234 1068 2285; x_wconf 74' lang='grc' dir='ltr'>τὸ</span> <span class='ocrx_word' id='word_1_254' title='bbox 1118 2233 1218 2301; x_wconf 82' lang='grc' dir='ltr'><strong>τῆς</strong></span> <span class='ocrx_word' id='word_1_255' title='bbox 1272 2231 1505 2300; x_wconf 79' lang='grc' dir='ltr'>ἀληθοῦς</span> <span class='ocrx_word' id='word_1_256' title='bbox 1553 2229 1880 2300; x_wconf 84' lang='grc' dir='ltr'>παροιμίας·</span> 
     </span>
    </p>
   </div>
   <div class='ocr_carea' id='block_1_38' title="bbox 305 2312 1885 2394">
    <p class='ocr_par' dir='ltr' id='par_1_38' title="bbox 305 2312 1885 2394">
     <span class='ocr_line' id='line_1_38' title="bbox 305 2312 1885 2394; baseline -0.005 -17"><span class='ocrx_word' id='word_1_257' title='bbox 305 2324 469 2377; x_wconf 82' lang='grc' dir='ltr'>Κύων</span> <span class='ocrx_word' id='word_1_258' title='bbox 534 2323 867 2394; x_wconf 70' lang='grc' dir='ltr'>ἐπιστρέψας</span> <span class='ocrx_word' id='word_1_259' title='bbox 920 2322 1012 2376; x_wconf 74' lang='grc' dir='ltr'>ἐπὶ</span> <span class='ocrx_word' id='word_1_260' title='bbox 1058 2323 1176 2375; x_wconf 52' lang='grc' dir='ltr'>«τὸν</span> <span class='ocrx_word' id='word_1_261' title='bbox 1229 2321 1361 2374; x_wconf 84' lang='grc' dir='ltr'>ῐδιον</span> <span class='ocrx_word' id='word_1_262' title='bbox 1422 2321 1635 2390; x_wconf 82' lang='grc' dir='ltr'>ἐμετὸν,</span> <span class='ocrx_word' id='word_1_263' title='bbox 1693 2320 1788 2373; x_wconf 60' lang='grc' dir='ltr'><strong>καὶ¹</strong></span> <span class='ocrx_word' id='word_1_264' title='bbox 1821 2312 1885 2381; x_wconf 79' lang='grc' dir='ltr'><strong>ῦς</strong></span> 
     </span>
    </p>
   </div>
   <div class='ocr_carea' id='block_1_39' title="bbox 304 2410 1883 2483">
    <p class='ocr_par' dir='ltr' id='par_1_39' title="bbox 304 2410 1883 2483">
     <span class='ocr_line' id='line_1_39' title="bbox 304 2410 1883 2483; baseline -0.003 -18"><span class='ocrx_word' id='word_1_265' title='bbox 304 2412 615 2483; x_wconf 79' lang='grc' dir='ltr'>λουσαμένη</span> <span class='ocrx_word' id='word_1_266' title='bbox 648 2413 727 2476; x_wconf 85' lang='grc' dir='ltr'><strong>είς</strong></span> <span class='ocrx_word' id='word_1_267' title='bbox 766 2413 1004 2483; x_wconf 76' lang='grc' dir='ltr'>κύλισμα</span> <span class='ocrx_word' id='word_1_268' title='bbox 1036 2411 1319 2482; x_wconf 76' lang='grc' dir='ltr'>βορϐόρου.</span> <span class='ocrx_word' id='word_1_269' title='bbox 1354 2429 1372 2463; x_wconf 86' lang='grc' dir='ltr'><strong>ι</strong></span> <span class='ocrx_word' id='word_1_270' title='bbox 1403 2414 1507 2465; x_wconf 89' lang='grc' dir='ltr'>Δύο</span> <span class='ocrx_word' id='word_1_271' title='bbox 1542 2410 1883 2464; x_wconf 84' lang='grc' dir='ltr'>κατασκευά-</span> 
     </span>
    </p>
   </div>
   <div class='ocr_carea' id='block_1_40' title="bbox 305 2500 1883 2575">
    <p class='ocr_par' dir='ltr' id='par_1_40' title="bbox 305 2500 1883 2575">
     <span class='ocr_line' id='line_1_40' title="bbox 305 2500 1883 2575; baseline -0.002 -18"><span class='ocrx_word' id='word_1_272' title='bbox 305 2506 390 2568; x_wconf 84' lang='grc' dir='ltr'>ζει</span> <span class='ocrx_word' id='word_1_273' title='bbox 440 2504 526 2557; x_wconf 80' lang='grc' dir='ltr'><strong>διὰ</strong></span> <span class='ocrx_word' id='word_1_274' title='bbox 570 2504 679 2558; x_wconf 88' lang='grc' dir='ltr'><strong>τῶν</strong></span> <span class='ocrx_word' id='word_1_275' title='bbox 735 2503 1169 2575; x_wconf 76' lang='grc' dir='ltr'>προειρημένων,</span> <span class='ocrx_word' id='word_1_276' title='bbox 1229 2503 1307 2556; x_wconf 87' lang='grc' dir='ltr'>ὅτι</span> <span class='ocrx_word' id='word_1_277' title='bbox 1363 2503 1458 2555; x_wconf 75' lang='grc' dir='ltr'>καὶ</span> <span class='ocrx_word' id='word_1_278' title='bbox 1514 2501 1591 2571; x_wconf 81' lang='grc' dir='ltr'><strong>τῷ</strong></span> <span class='ocrx_word' id='word_1_279' title='bbox 1644 2500 1883 2571; x_wconf 80' lang='grc' dir='ltr'>ἡττῶντι</span> 
     </span>
    </p>
   </div>
   <div class='ocr_carea' id='block_1_41' title="bbox 305 2592 1887 2666">
    <p class='ocr_par' dir='ltr' id='par_1_41' title="bbox 305 2592 1887 2666">
     <span class='ocr_line' id='line_1_41' title="bbox 305 2592 1887 2666; baseline -0.004 -15"><span class='ocrx_word' id='word_1_280' title='bbox 305 2598 519 2665; x_wconf 82' lang='grc' dir='ltr'>ἀνάγκη</span> <span class='ocrx_word' id='word_1_281' title='bbox 541 2596 633 2648; x_wconf 75' lang='grc' dir='ltr'>τὸν</span> <span class='ocrx_word' id='word_1_282' title='bbox 662 2597 971 2666; x_wconf 81' lang='grc' dir='ltr'>ἡττώμενον</span> <span class='ocrx_word' id='word_1_283' title='bbox 998 2594 1286 2659; x_wconf 82' lang='grc' dir='ltr'>δουλεύειν,</span> <span class='ocrx_word' id='word_1_284' title='bbox 1317 2594 1411 2648; x_wconf 74' lang='grc' dir='ltr'>καὶ</span> <span class='ocrx_word' id='word_1_285' title='bbox 1437 2594 1518 2647; x_wconf 79' lang='grc' dir='ltr'><strong>ὅτι</strong></span> <span class='ocrx_word' id='word_1_286' title='bbox 1549 2596 1597 2647; x_wconf 77' lang='lat' dir='ltr'><strong>oi</strong></span> <span class='ocrx_word' id='word_1_287' title='bbox 1632 2592 1769 2664; x_wconf 84' lang='grc' dir='ltr'><strong>μετά</strong></span> <span class='ocrx_word' id='word_1_288' title='bbox 1788 2592 1887 2658; x_wconf 72' lang='grc' dir='ltr'>τὴν</span> 
     </span>
    </p>
   </div>
   <div class='ocr_carea' id='block_1_42' title="bbox 307 2689 1886 2762">
    <p class='ocr_par' dir='ltr' id='par_1_42' title="bbox 307 2689 1886 2762">
     <span class='ocr_line' id='line_1_42' title="bbox 307 2689 1886 2762; baseline -0.004 -16"><span class='ocrx_word' id='word_1_289' title='bbox 307 2693 602 2761; x_wconf 82' lang='grc' dir='ltr'>ἐπίγνωσιν</span> <span class='ocrx_word' id='word_1_290' title='bbox 629 2692 726 2762; x_wconf 90' lang='grc' dir='ltr'><strong>τῆς</strong></span> <span class='ocrx_word' id='word_1_291' title='bbox 768 2690 1029 2762; x_wconf 75' lang='grc' dir='ltr'>ἀληθείας</span> <span class='ocrx_word' id='word_1_292' title='bbox 1068 2691 1228 2745; x_wconf 87' lang='grc' dir='ltr'>πάλιν</span> <span class='ocrx_word' id='word_1_293' title='bbox 1280 2689 1588 2761; x_wconf 84' lang='grc' dir='ltr'>ἐνεχόμενοι</span> <span class='ocrx_word' id='word_1_294' title='bbox 1615 2691 1726 2752; x_wconf 82' lang='grc' dir='ltr'>τοῖς</span> <span class='ocrx_word' id='word_1_295' title='bbox 1749 2704 1886 2759; x_wconf 84' lang='grc' dir='ltr'>προ-</span> 
     </span>
    </p>
   </div>
   <div class='ocr_carea' id='block_1_43' title="bbox 305 2783 1883 2854">
    <p class='ocr_par' dir='ltr' id='par_1_43' title="bbox 305 2783 1883 2854">
     <span class='ocr_line' id='line_1_43' title="bbox 305 2783 1883 2854; baseline -0.002 -17"><span class='ocrx_word' id='word_1_296' title='bbox 305 2785 511 2854; x_wconf 84' lang='grc' dir='ltr'>τέροις,</span> <span class='ocrx_word' id='word_1_297' title='bbox 569 2784 792 2854; x_wconf 78' lang='grc' dir='ltr'>χείροσιο</span> <span class='ocrx_word' id='word_1_298' title='bbox 830 2784 939 2836; x_wconf 86' lang='grc' dir='ltr'><strong>τῶν</strong></span> <span class='ocrx_word' id='word_1_299' title='bbox 973 2783 1253 2853; x_wconf 84' lang='grc' dir='ltr'>προτέρων</span> <span class='ocrx_word' id='word_1_300' title='bbox 1304 2784 1629 2852; x_wconf 84' lang='grc' dir='ltr'>περιέπεσον</span> <span class='ocrx_word' id='word_1_301' title='bbox 1674 2784 1883 2843; x_wconf 82' lang='grc' dir='ltr'>κακοῖς.</span> 
     </span>
    </p>
   </div>
   <div class='ocr_carea' id='block_1_44' title="bbox 307 2872 1882 2943">
    <p class='ocr_par' dir='ltr' id='par_1_44' title="bbox 307 2872 1882 2943">
     <span class='ocr_line' id='line_1_44' title="bbox 307 2872 1882 2943; baseline -0.003 -16"><span class='ocrx_word' id='word_1_302' title='bbox 307 2874 529 2937; x_wconf 85' lang='grc' dir='ltr'>Τούτοις</span> <span class='ocrx_word' id='word_1_303' title='bbox 573 2874 631 2926; x_wconf 79' lang='grc' dir='ltr'>δὲ</span> <span class='ocrx_word' id='word_1_304' title='bbox 678 2877 771 2927; x_wconf 75' lang='grc' dir='ltr'>καὶ</span> <span class='ocrx_word' id='word_1_305' title='bbox 817 2874 916 2943; x_wconf 77' lang='grc' dir='ltr'><strong>τὴν</strong></span> <span class='ocrx_word' id='word_1_306' title='bbox 964 2872 1265 2943; x_wconf 86' lang='grc' dir='ltr'>παροιμίαν</span> <span class='ocrx_word' id='word_1_307' title='bbox 1313 2875 1507 2942; x_wconf 75' lang='grc' dir='ltr'>ἐπάγει</span> <span class='ocrx_word' id='word_1_308' title='bbox 1564 2874 1882 2943; x_wconf 80' lang='grc' dir='ltr'>συνήγορον.</span> 
     </span>
    </p>
   </div>
   <div class='ocr_carea' id='block_1_45' title="bbox 311 2963 1885 3034">
    <p class='ocr_par' dir='ltr' id='par_1_45' title="bbox 311 2963 1885 3034">
     <span class='ocr_line' id='line_1_45' title="bbox 311 2963 1885 3034; baseline -0.003 -15"><span class='ocrx_word' id='word_1_309' title='bbox 311 2968 468 3020; x_wconf 82' lang='grc' dir='ltr'>Ἐστι</span> <span class='ocrx_word' id='word_1_310' title='bbox 497 2967 553 3019; x_wconf 83' lang='grc' dir='ltr'><strong>δὲ</strong></span> <span class='ocrx_word' id='word_1_311' title='bbox 585 2968 613 3019; x_wconf 80' lang='grc' dir='ltr'><strong><em>ὁ</em></strong></span> <span class='ocrx_word' id='word_1_312' title='bbox 643 2965 800 3033; x_wconf 85' lang='grc' dir='ltr'>λόγος</span> <span class='ocrx_word' id='word_1_313' title='bbox 838 2964 1045 3029; x_wconf 67' lang='grc' dir='ltr'>οὕτως’</span> <span class='ocrx_word' id='word_1_314' title='bbox 1086 2966 1148 3017; x_wconf 79' lang='grc' dir='ltr'><strong>Εἰ</strong></span> <span class='ocrx_word' id='word_1_315' title='bbox 1174 2965 1283 3034; x_wconf 80' lang='grc' dir='ltr'>γὰρ</span> <span class='ocrx_word' id='word_1_316' title='bbox 1319 2964 1610 3028; x_wconf 78' lang='grc' dir='ltr'>ἐπιγνώσει</span> <span class='ocrx_word' id='word_1_317' title='bbox 1643 2963 1736 3016; x_wconf 90' lang='grc' dir='ltr'><strong>τοῦ</strong></span> <span class='ocrx_word' id='word_1_318' title='bbox 1772 2963 1885 3014; x_wconf 84' lang='grc' dir='ltr'>Κυ-</span> 
     </span>
    </p>
   </div>
   <div class='ocr_carea' id='block_1_46' title="bbox 311 3054 1887 3128">
    <p class='ocr_par' dir='ltr' id='par_1_46' title="bbox 311 3054 1887 3128">
     <span class='ocr_line' id='line_1_46' title="bbox 311 3054 1887 3128; baseline -0.001 -19"><span class='ocrx_word' id='word_1_319' title='bbox 311 3057 428 3128; x_wconf 87' lang='grc' dir='ltr'>ρίου</span> <span class='ocrx_word' id='word_1_320' title='bbox 459 3061 553 3111; x_wconf 78' lang='grc' dir='ltr'><strong>καὶ</strong></span> <span class='ocrx_word' id='word_1_321' title='bbox 601 3056 856 3126; x_wconf 85' lang='grc' dir='ltr'>Σωτῆρος</span> <span class='ocrx_word' id='word_1_322' title='bbox 903 3055 1079 3126; x_wconf 81' lang='grc' dir='ltr'>Ἰησοῦ</span> <span class='ocrx_word' id='word_1_323' title='bbox 1110 3056 1367 3126; x_wconf 86' lang='grc' dir='ltr'>Χριστοῦ,</span> <span class='ocrx_word' id='word_1_324' title='bbox 1400 3057 1771 3123; x_wconf 82' lang='grc' dir='ltr'>ἀποφυγόντες</span> <span class='ocrx_word' id='word_1_325' title='bbox 1819 3054 1887 3108; x_wconf 84' lang='grc' dir='ltr'>τὰ</span> 
     </span>
    </p>
   </div>
   <div class='ocr_carea' id='block_1_47' title="bbox 314 3144 1886 3218">
    <p class='ocr_par' dir='ltr' id='par_1_47' title="bbox 314 3144 1886 3218">
     <span class='ocr_line' id='line_1_47' title="bbox 314 3144 1886 3218; baseline -0.003 -16"><span class='ocrx_word' id='word_1_326' title='bbox 314 3150 599 3218; x_wconf 78' lang='grc' dir='ltr'>μιάσματα</span> <span class='ocrx_word' id='word_1_327' title='bbox 636 3147 731 3201; x_wconf 88' lang='grc' dir='ltr'><strong>τοῦ</strong></span> <span class='ocrx_word' id='word_1_328' title='bbox 771 3149 997 3217; x_wconf 80' lang='grc' dir='ltr'>κόσμου,</span> <span class='ocrx_word' id='word_1_329' title='bbox 1043 3150 1253 3211; x_wconf 86' lang='grc' dir='ltr'>τούτοις</span> <span class='ocrx_word' id='word_1_330' title='bbox 1306 3148 1470 3201; x_wconf 84' lang='grc' dir='ltr'>πάλιν</span> <span class='ocrx_word' id='word_1_331' title='bbox 1517 3144 1886 3217; x_wconf 76' lang='grc' dir='ltr'>ἐμπλακέντες</span> 
     </span>
    </p>
   </div>
   <div class='ocr_carea' id='block_1_48' title="bbox 294 3235 1959 3333">
    <p class='ocr_par' dir='ltr' id='par_1_48' title="bbox 294 3235 1959 3333">
     <span class='ocr_line' id='line_1_48' title="bbox 294 3235 1959 3333; baseline -0.002 -42"><span class='ocrx_word' id='word_1_332' title='bbox 294 3239 586 3310; x_wconf 83' lang='grc' dir='ltr'>-ήττῶνται</span> <span class='ocrx_word' id='word_1_333' title='bbox 621 3238 820 3304; x_wconf 81' lang='grc' dir='ltr'>αὐτῶν,</span> <span class='ocrx_word' id='word_1_334' title='bbox 856 3238 1073 3300; x_wconf 81' lang='grc' dir='ltr'>πάντως</span> <span class='ocrx_word' id='word_1_335' title='bbox 1125 3256 1226 3295; x_wconf 85' lang='grc' dir='ltr'><strong>που</strong></span> <span class='ocrx_word' id='word_1_336' title='bbox 1265 3238 1361 3290; x_wconf 79' lang='grc' dir='ltr'><strong>καὶ</strong></span> <span class='ocrx_word' id='word_1_337' title='bbox 1408 3237 1747 3290; x_wconf 88' lang='grc' dir='ltr'>δουλεύουσιν</span> <span class='ocrx_word' id='word_1_338' title='bbox 1787 3235 1887 3287; x_wconf 80' lang='grc' dir='ltr'><strong>αὒ-</strong></span> <span class='ocrx_word' id='word_1_339' title='bbox 1917 3278 1959 3333; x_wconf 78' lang='lat' dir='ltr'><strong>C</strong></span> 
     </span>
    </p>
   </div>
   <div class='ocr_carea' id='block_1_49' title="bbox 307 3328 1890 3399">
    <p class='ocr_par' dir='ltr' id='par_1_49' title="bbox 307 3328 1890 3399">
     <span class='ocr_line' id='line_1_49' title="bbox 307 3328 1890 3399; baseline -0.003 -16"><span class='ocrx_word' id='word_1_340' title='bbox 307 3333 447 3393; x_wconf 85' lang='grc' dir='ltr'>τοῖς,</span> <span class='ocrx_word' id='word_1_341' title='bbox 488 3331 582 3384; x_wconf 74' lang='grc' dir='ltr'><strong>καὶ</strong></span> <span class='ocrx_word' id='word_1_342' title='bbox 621 3331 799 3399; x_wconf 80' lang='grc' dir='ltr'>χεῖρον</span> <span class='ocrx_word' id='word_1_343' title='bbox 827 3329 935 3382; x_wconf 87' lang='grc' dir='ltr'><strong>τῶν</strong></span> <span class='ocrx_word' id='word_1_344' title='bbox 968 3329 1075 3399; x_wconf 85' lang='grc' dir='ltr'><strong>πρὸ</strong></span> <span class='ocrx_word' id='word_1_345' title='bbox 1112 3332 1209 3399; x_wconf 80' lang='grc' dir='ltr'><strong>τῆς</strong></span> <span class='ocrx_word' id='word_1_346' title='bbox 1249 3328 1594 3396; x_wconf 82' lang='grc' dir='ltr'>ἐπιγνώσεως</span> <span class='ocrx_word' id='word_1_347' title='bbox 1634 3329 1762 3399; x_wconf 74' lang='grc' dir='ltr'>περὶ</span> <span class='ocrx_word' id='word_1_348' title='bbox 1791 3328 1890 3397; x_wconf 81' lang='grc' dir='ltr'><strong>τὴν</strong></span> 
     </span>
    </p>
   </div>
   <div class='ocr_carea' id='block_1_50' title="bbox 308 3419 1892 3489">
    <p class='ocr_par' dir='ltr' id='par_1_50' title="bbox 308 3419 1892 3489">
     <span class='ocr_line' id='line_1_50' title="bbox 308 3419 1892 3489; baseline -0.003 -14"><span class='ocrx_word' id='word_1_349' title='bbox 308 3422 554 3475; x_wconf 80' lang='grc' dir='ltr'>δουλείαν</span> <span class='ocrx_word' id='word_1_350' title='bbox 612 3421 814 3474; x_wconf 81' lang='grc' dir='ltr'>τούτων</span> <span class='ocrx_word' id='word_1_351' title='bbox 870 3422 1151 3489; x_wconf 85' lang='grc' dir='ltr'>γεγόνασι,</span> <span class='ocrx_word' id='word_1_352' title='bbox 1192 3419 1731 3483; x_wconf 74' lang='grc' dir='ltr'>κατασπουδάζοντος</span> <span class='ocrx_word' id='word_1_353' title='bbox 1793 3420 1892 3471; x_wconf 84' lang='grc' dir='ltr'>αύ-</span> 
     </span>
    </p>
   </div>
   <div class='ocr_carea' id='block_1_51' title="bbox 309 3509 1894 3583">
    <p class='ocr_par' dir='ltr' id='par_1_51' title="bbox 309 3509 1894 3583">
     <span class='ocr_line' id='line_1_51' title="bbox 309 3509 1894 3583; baseline -0.003 -17"><span class='ocrx_word' id='word_1_354' title='bbox 309 3515 438 3576; x_wconf 79' lang='grc' dir='ltr'>τοὺς</span> <span class='ocrx_word' id='word_1_355' title='bbox 471 3511 565 3564; x_wconf 88' lang='grc' dir='ltr'><strong>τοῦ</strong></span> <span class='ocrx_word' id='word_1_356' title='bbox 601 3512 813 3565; x_wconf 80' lang='grc' dir='ltr'>Σατανᾶ</span> <span class='ocrx_word' id='word_1_357' title='bbox 861 3513 1066 3582; x_wconf 82' lang='grc' dir='ltr'>χείροσι</span> <span class='ocrx_word' id='word_1_358' title='bbox 1120 3511 1562 3583; x_wconf 83' lang='grc' dir='ltr'>περιενεχθῆναι.</span> <span class='ocrx_word' id='word_1_359' title='bbox 1616 3509 1707 3562; x_wconf 83' lang='grc' dir='ltr'>Διὸ</span> <span class='ocrx_word' id='word_1_360' title='bbox 1751 3509 1894 3562; x_wconf 78' lang='grc' dir='ltr'>καὶό</span> 
     </span>
    </p>
   </div>
   <div class='ocr_carea' id='block_1_52' title="bbox 313 3600 1892 3675">
    <p class='ocr_par' dir='ltr' id='par_1_52' title="bbox 313 3600 1892 3675">
     <span class='ocr_line' id='line_1_52' title="bbox 313 3600 1892 3675; baseline -0.003 -19"><span class='ocrx_word' id='word_1_361' title='bbox 313 3602 636 3663; x_wconf 82' lang='grc' dir='ltr'>Ἀπόστολός</span> <span class='ocrx_word' id='word_1_362' title='bbox 680 3618 863 3668; x_wconf 72' lang='grc' dir='ltr'>φησιν,</span> <span class='ocrx_word' id='word_1_363' title='bbox 919 3602 1000 3655; x_wconf 81' lang='grc' dir='ltr'><strong>ὅτι</strong></span> <span class='ocrx_word' id='word_1_364' title='bbox 1058 3602 1080 3675; x_wconf 78' lang='lat'>[</span> <span class='ocrx_word' id='word_1_365' title='bbox 1120 3601 1355 3674; x_wconf 78' lang='grc' dir='ltr'>ἐπειδὴ]</span> <span class='ocrx_word' id='word_1_366' title='bbox 1406 3600 1566 3655; x_wconf 89' lang='grc' dir='ltr'>τοῦτο</span> <span class='ocrx_word' id='word_1_367' title='bbox 1604 3602 1892 3654; x_wconf 77' lang='grc' dir='ltr'>ἀπόκειται</span> 
     </span>
    </p>
   </div>
   <div class='ocr_carea' id='block_1_53' title="bbox 315 3685 1893 3763">
    <p class='ocr_par' dir='ltr' id='par_1_53' title="bbox 315 3685 1893 3763">
     <span class='ocr_line' id='line_1_53' title="bbox 315 3685 1893 3763; baseline -0.003 -18"><span class='ocrx_word' id='word_1_368' title='bbox 315 3695 431 3756; x_wconf 82' lang='grc' dir='ltr'>τοῖς</span> <span class='ocrx_word' id='word_1_369' title='bbox 459 3690 784 3761; x_wconf 82' lang='grc' dir='ltr'>παλινῳδίαν</span> <span class='ocrx_word' id='word_1_370' title='bbox 809 3691 915 3744; x_wconf 85' lang='grc' dir='ltr'><strong>τῶν</strong></span> <span class='ocrx_word' id='word_1_371' title='bbox 953 3691 1139 3744; x_wconf 81' lang='grc' dir='ltr'>κακῶν</span> <span class='ocrx_word' id='word_1_372' title='bbox 1179 3690 1388 3763; x_wconf 77' lang='grc' dir='ltr'>ᾅδουσι,</span> <span class='ocrx_word' id='word_1_373' title='bbox 1417 3694 1664 3760; x_wconf 75' lang='grc' dir='ltr'>κρεῖττον</span> <span class='ocrx_word' id='word_1_374' title='bbox 1691 3685 1759 3759; x_wconf 77' lang='grc' dir='ltr'>ἦν</span> <span class='ocrx_word' id='word_1_375' title='bbox 1792 3689 1893 3741; x_wconf 77' lang='grc' dir='ltr'>αύι-</span> 
     </span>
    </p>
   </div>
   <div class='ocr_carea' id='block_1_54' title="bbox 316 3780 1898 3854">
    <p class='ocr_par' dir='ltr' id='par_1_54' title="bbox 316 3780 1898 3854">
     <span class='ocr_line' id='line_1_54' title="bbox 316 3780 1898 3854; baseline -0.004 -19"><span class='ocrx_word' id='word_1_376' title='bbox 316 3784 429 3845; x_wconf 80' lang='grc' dir='ltr'>τοῖς</span> <span class='ocrx_word' id='word_1_377' title='bbox 468 3782 600 3852; x_wconf 85' lang='grc' dir='ltr'><strong>μηδέ</strong></span> <span class='ocrx_word' id='word_1_378' title='bbox 649 3781 964 3848; x_wconf 80' lang='grc' dir='ltr'>ἐπιγνῶναι,</span> <span class='ocrx_word' id='word_1_379' title='bbox 996 3781 1028 3852; x_wconf 78' lang='grc' dir='ltr'>ἢ</span> <span class='ocrx_word' id='word_1_380' title='bbox 1071 3782 1382 3850; x_wconf 85' lang='grc' dir='ltr'>ἐπιγνόντες</span> <span class='ocrx_word' id='word_1_381' title='bbox 1564 3780 1735 3853; x_wconf 55' lang='grc' dir='ltr'>ηας]</span> <span class='ocrx_word' id='word_1_382' title='bbox 1786 3780 1898 3849; x_wconf 85' lang='grc' dir='ltr'>χεί..</span> 
     </span>
    </p>
   </div>
   <div class='ocr_carea' id='block_1_55' title="bbox 321 3871 1897 3944">
    <p class='ocr_par' dir='ltr' id='par_1_55' title="bbox 321 3871 1897 3944">
     <span class='ocr_line' id='line_1_55' title="bbox 321 3871 1897 3944; baseline -0.002 -18"><span class='ocrx_word' id='word_1_383' title='bbox 321 3890 468 3944; x_wconf 88' lang='grc' dir='ltr'>ροσιν</span> <span class='ocrx_word' id='word_1_384' title='bbox 493 3871 718 3937; x_wconf 83' lang='grc' dir='ltr'>ἁλῶναι,</span> <span class='ocrx_word' id='word_1_385' title='bbox 748 3872 868 3925; x_wconf 76' lang='grc' dir='ltr'>ἐπεὶ</span> <span class='ocrx_word' id='word_1_386' title='bbox 921 3874 1018 3926; x_wconf 77' lang='grc' dir='ltr'>καὶ</span> <span class='ocrx_word' id='word_1_387' title='bbox 1072 3873 1218 3926; x_wconf 86' lang='grc' dir='ltr'>κύων</span> <span class='ocrx_word' id='word_1_388' title='bbox 1263 3875 1354 3926; x_wconf 74' lang='grc' dir='ltr'><strong>ἐπὶ</strong></span> <span class='ocrx_word' id='word_1_389' title='bbox 1381 3874 1441 3927; x_wconf 82' lang='grc' dir='ltr'>τὸ</span> <span class='ocrx_word' id='word_1_390' title='bbox 1482 3874 1612 3927; x_wconf 75' lang='grc' dir='ltr'>ἴδιον</span> <span class='ocrx_word' id='word_1_391' title='bbox 1645 3872 1897 3944; x_wconf 80' lang='grc' dir='ltr'>ἐξήραμα</span> 
     </span>
    </p>
   </div>
   <div class='ocr_carea' id='block_1_56' title="bbox 320 3956 1896 4033">
    <p class='ocr_par' dir='ltr' id='par_1_56' title="bbox 320 3956 1896 4033">
     <span class='ocr_line' id='line_1_56' title="bbox 320 3956 1896 4033; baseline 0.001 -18"><span class='ocrx_word' id='word_1_392' title='bbox 320 3964 681 4033; x_wconf 76' lang='grc' dir='ltr'>ἐπιστρέφων,</span> <span class='ocrx_word' id='word_1_393' title='bbox 730 3961 1169 4033; x_wconf 69' lang='grc' dir='ltr'>βδελυκτότερος,</span> <span class='ocrx_word' id='word_1_394' title='bbox 1209 3963 1399 4033; x_wconf 84' lang='grc' dir='ltr'>ὥσπερ</span> <span class='ocrx_word' id='word_1_395' title='bbox 1450 3964 1643 4032; x_wconf 87' lang='grc' dir='ltr'>ἀμέλει</span> <span class='ocrx_word' id='word_1_396' title='bbox 1696 3965 1789 4016; x_wconf 79' lang='grc' dir='ltr'><strong>καὶ</strong></span> <span class='ocrx_word' id='word_1_397' title='bbox 1832 3956 1896 4026; x_wconf 75' lang='grc' dir='ltr'><strong>ῦς</strong></span> 
     </span>
    </p>
   </div>
   <div class='ocr_carea' id='block_1_57' title="bbox 320 4052 1893 4125">
    <p class='ocr_par' dir='ltr' id='par_1_57' title="bbox 320 4052 1893 4125">
     <span class='ocr_line' id='line_1_57' title="bbox 320 4052 1893 4125; baseline -0.004 -14"><span class='ocrx_word' id='word_1_398' title='bbox 320 4052 746 4123; x_wconf 85' lang='grc' dir='ltr'>ἁποκυλισθῆναι</span> <span class='ocrx_word' id='word_1_399' title='bbox 785 4052 1040 4124; x_wconf 84' lang='grc' dir='ltr'>ζητοῦσα,</span> <span class='ocrx_word' id='word_1_400' title='bbox 1087 4052 1154 4124; x_wconf 66' lang='grc' dir='ltr'>[ί.</span> <span class='ocrx_word' id='word_1_401' title='bbox 1197 4053 1324 4107; x_wconf 82' lang='lat' dir='ltr'><strong>add.</strong></span> <span class='ocrx_word' id='word_1_402' title='bbox 1366 4055 1413 4106; x_wconf 85' lang='grc' dir='ltr'><strong>εί</strong></span> <span class='ocrx_word' id='word_1_403' title='bbox 1456 4053 1474 4125; x_wconf 72' lang='grc' dir='ltr'><strong>⁴Ι</strong></span> <span class='ocrx_word' id='word_1_404' title='bbox 1530 4055 1588 4104; x_wconf 88' lang='grc' dir='ltr'><strong>ἐν</strong></span> <span class='ocrx_word' id='word_1_405' title='bbox 1644 4053 1893 4123; x_wconf 76' lang='grc' dir='ltr'>βορϐόρῳ</span> 
     </span>
    </p>
   </div>
   <div class='ocr_carea' id='block_1_58' title="bbox 318 4143 1896 4217">
    <p class='ocr_par' dir='ltr' id='par_1_58' title="bbox 318 4143 1896 4217">
     <span class='ocr_line' id='line_1_58' title="bbox 318 4143 1896 4217; baseline -0.004 -18"><span class='ocrx_word' id='word_1_406' title='bbox 318 4144 478 4211; x_wconf 72' lang='grc' dir='ltr'>τοῦτο</span> <span class='ocrx_word' id='word_1_407' title='bbox 547 4147 709 4207; x_wconf 82' lang='grc' dir='ltr'>ποιεῖ,</span> <span class='ocrx_word' id='word_1_408' title='bbox 763 4143 1124 4217; x_wconf 78' lang='grc' dir='ltr'>ῥυπαρωτέρα</span> <span class='ocrx_word' id='word_1_409' title='bbox 1186 4145 1296 4198; x_wconf 81' lang='grc' dir='ltr'><strong>τῶν</strong></span> <span class='ocrx_word' id='word_1_410' title='bbox 1361 4144 1643 4214; x_wconf 80' lang='grc' dir='ltr'>προτέρων</span> <span class='ocrx_word' id='word_1_411' title='bbox 1709 4144 1896 4214; x_wconf 81' lang='grc' dir='ltr'>ῥύπων</span> 
     </span>
    </p>
   </div>
   <div class='ocr_carea' id='block_1_59' title="bbox 321 4238 592 4307">
    <p class='ocr_par' dir='ltr' id='par_1_59' title="bbox 321 4238 592 4307">
     <span class='ocr_line' id='line_1_59' title="bbox 321 4238 592 4307; baseline -0.004 -17"><span class='ocrx_word' id='word_1_412' title='bbox 321 4238 592 4307; x_wconf 86' lang='grc' dir='ltr'>φαίνεται.</span> 
     </span>
    </p>
   </div>
   <div class='ocr_carea' id='block_1_60' title="bbox 926 4325 1289 4378">
    <p class='ocr_par' dir='ltr' id='par_1_60' title="bbox 926 4325 1289 4378">
     <span class='ocr_line' id='line_1_60' title="bbox 926 4325 1289 4378; baseline 0.003 -1"><span class='ocrx_word' id='word_1_413' title='bbox 926 4325 1176 4378; x_wconf 71' lang='grc' dir='ltr'>ΚΕΦΑΛ.</span> <span class='ocrx_word' id='word_1_414' title='bbox 1204 4325 1289 4378; x_wconf 88' lang='grc' dir='ltr'>Γ’.</span> 
     </span>
    </p>
   </div>
   <div class='ocr_carea' id='block_1_61' title="bbox 398 4414 1898 4488">
    <p class='ocr_par' dir='ltr' id='par_1_61' title="bbox 398 4414 1898 4488">
     <span class='ocr_line' id='line_1_61' title="bbox 398 4414 1898 4488; baseline -0.001 -20"><span class='ocrx_word' id='word_1_415' title='bbox 398 4434 417 4468; x_wconf 79' lang='grc' dir='ltr'><strong>ι</strong></span> <span class='ocrx_word' id='word_1_416' title='bbox 447 4414 597 4487; x_wconf 75' lang='grc' dir='ltr'>ΚαὶῙ</span> <span class='ocrx_word' id='word_1_417' title='bbox 623 4417 762 4486; x_wconf 79' lang='lat' dir='ltr'><strong>vulg.</strong></span> <span class='ocrx_word' id='word_1_418' title='bbox 788 4433 892 4470; x_wconf 86' lang='lat' dir='ltr'><strong>om.</strong></span> <span class='ocrx_word' id='word_1_419' title='bbox 920 4418 1013 4469; x_wconf 78' lang='grc' dir='ltr'><strong>καὶ</strong></span> <span class='ocrx_word' id='word_1_420' title='bbox 1036 4414 1055 4488; x_wconf 96' lang='grc'>]</span> <span class='ocrx_word' id='word_1_421' title='bbox 1080 4416 1283 4486; x_wconf 70' lang='grc' dir='ltr'>ταύτην</span> <span class='ocrx_word' id='word_1_422' title='bbox 1307 4416 1430 4487; x_wconf 68' lang='grc' dir='ltr'>ἤδη.</span> <span class='ocrx_word' id='word_1_423' title='bbox 1457 4416 1752 4485; x_wconf 73' lang='grc' dir='ltr'>ἀγαπητοὶ,</span> <span class='ocrx_word' id='word_1_424' title='bbox 1782 4415 1898 4469; x_wconf 78' lang='grc' dir='ltr'>δευ-</span> 
     </span>
    </p>
   </div>
   <div class='ocr_carea' id='block_1_62' title="bbox 321 4503 1898 4579">
    <p class='ocr_par' dir='ltr' id='par_1_62' title="bbox 321 4503 1898 4579">
     <span class='ocr_line' id='line_1_62' title="bbox 321 4503 1898 4579; baseline -0.002 -16"><span class='ocrx_word' id='word_1_425' title='bbox 321 4510 486 4579; x_wconf 87' lang='grc' dir='ltr'>τέραν</span> <span class='ocrx_word' id='word_1_426' title='bbox 521 4507 649 4577; x_wconf 80' lang='grc' dir='ltr'>ὑμῖν</span> <span class='ocrx_word' id='word_1_427' title='bbox 674 4509 867 4577; x_wconf 72' lang='grc' dir='ltr'>γράφω</span> <span class='ocrx_word' id='word_1_428' title='bbox 905 4508 1214 4576; x_wconf 81' lang='grc' dir='ltr'>ἐπιστολὴν,</span> <span class='ocrx_word' id='word_1_429' title='bbox 1248 4510 1305 4561; x_wconf 87' lang='grc' dir='ltr'><strong>ἐν</strong></span> <span class='ocrx_word' id='word_1_430' title='bbox 1352 4503 1439 4570; x_wconf 71' lang='grc' dir='ltr'>αἷς</span> <span class='ocrx_word' id='word_1_431' title='bbox 1459 4507 1708 4578; x_wconf 81' lang='grc' dir='ltr'>διεγείρω</span> <span class='ocrx_word' id='word_1_432' title='bbox 1745 4508 1898 4578; x_wconf 79' lang='grc' dir='ltr'>ὑμῶν</span> 
     </span>
    </p>
   </div>
   <div class='ocr_carea' id='block_1_63' title="bbox 1984 2046 3549 2120">
    <p class='ocr_par' dir='ltr' id='par_1_63' title="bbox 1984 2046 3549 2120">
     <span class='ocr_line' id='line_1_63' title="bbox 1984 2046 3549 2120; baseline -0.002 -18"><span class='ocrx_word' id='word_1_433' title='bbox 1984 2060 2105 2119; x_wconf 89' lang='lat' dir='ltr'><strong>post</strong></span> <span class='ocrx_word' id='word_1_434' title='bbox 2141 2049 2474 2120; x_wconf 71' lang='lat' dir='ltr'><strong>agnitionem</strong></span> <span class='ocrx_word' id='word_1_435' title='bbox 2522 2057 2822 2102; x_wconf 69' lang='lat' dir='ltr'><strong>retrorsum</strong></span> <span class='ocrx_word' id='word_1_436' title='bbox 2865 2047 3113 2102; x_wconf 84' lang='lat' dir='ltr'><strong>converti</strong></span> <span class='ocrx_word' id='word_1_437' title='bbox 3150 2048 3218 2102; x_wconf 86' lang='lat' dir='ltr'><strong>ab</strong></span> <span class='ocrx_word' id='word_1_438' title='bbox 3267 2062 3353 2109; x_wconf 85' lang='lat' dir='ltr'><strong>eo,</strong></span> <span class='ocrx_word' id='word_1_439' title='bbox 3405 2046 3549 2117; x_wconf 84' lang='lat' dir='ltr'><strong>quod</strong></span> 
     </span>
    </p>
   </div>
   <div class='ocr_carea' id='block_1_64' title="bbox 1984 2136 3547 2207">
    <p class='ocr_par' dir='ltr' id='par_1_64' title="bbox 1984 2136 3547 2207">
     <span class='ocr_line' id='line_1_64' title="bbox 1984 2136 3547 2207; baseline -0.002 -16"><span class='ocrx_word' id='word_1_440' title='bbox 1984 2139 2092 2191; x_wconf 91' lang='lat' dir='ltr'><strong>illis</strong></span> <span class='ocrx_word' id='word_1_441' title='bbox 2125 2139 2383 2191; x_wconf 87' lang='lat' dir='ltr'><strong>traditum</strong></span> <span class='ocrx_word' id='word_1_442' title='bbox 2417 2148 2517 2196; x_wconf 81' lang='lat' dir='ltr'><strong>est.</strong></span> <span class='ocrx_word' id='word_1_443' title='bbox 2556 2146 2747 2193; x_wconf 85' lang='lat' dir='ltr'><strong>sancto</strong></span> <span class='ocrx_word' id='word_1_444' title='bbox 2802 2138 3077 2192; x_wconf 89' lang='lat' dir='ltr'><strong>mandato.</strong></span> <span class='ocrx_word' id='word_1_445' title='bbox 3119 2137 3356 2207; x_wconf 80' lang='lat' dir='ltr'><strong>Conligit</strong></span> <span class='ocrx_word' id='word_1_446' title='bbox 3403 2136 3547 2189; x_wconf 80' lang='lat' dir='ltr'><strong>enim</strong></span> 
     </span>
    </p>
   </div>
   <div class='ocr_carea' id='block_1_65' title="bbox 1984 2226 3549 2298">
    <p class='ocr_par' dir='ltr' id='par_1_65' title="bbox 1984 2226 3549 2298">
     <span class='ocr_line' id='line_1_65' title="bbox 1984 2226 3549 2298; baseline -0.004 -14"><span class='ocrx_word' id='word_1_447' title='bbox 1984 2231 2063 2285; x_wconf 92' lang='lat' dir='ltr'><strong>eis</strong></span> <span class='ocrx_word' id='word_1_448' title='bbox 2098 2229 2228 2282; x_wconf 88' lang='lat' dir='ltr'><strong>illud</strong></span> <span class='ocrx_word' id='word_1_449' title='bbox 2265 2228 2373 2281; x_wconf 87' lang='lat' dir='ltr'><strong>veri</strong></span> <span class='ocrx_word' id='word_1_450' title='bbox 2432 2227 2596 2298; x_wconf 77' lang='lat'><strong>393</strong></span> <span class='ocrx_word' id='word_1_451' title='bbox 2643 2229 2919 2297; x_wconf 80' lang='lat' dir='ltr'><strong>proverbii</strong></span> <span class='ocrx_word' id='word_1_452' title='bbox 2958 2247 2970 2281; x_wconf 94' lang='lat'>:</span> <span class='ocrx_word' id='word_1_453' title='bbox 2999 2227 3165 2283; x_wconf 85' lang='lat' dir='ltr'><strong>Canis</strong></span> <span class='ocrx_word' id='word_1_454' title='bbox 3200 2243 3453 2283; x_wconf 78' lang='lat' dir='ltr'><strong>reversus</strong></span> <span class='ocrx_word' id='word_1_455' title='bbox 3483 2226 3549 2278; x_wconf 88' lang='lat' dir='ltr'><strong>ad</strong></span> 
     </span>
    </p>
   </div>
   <div class='ocr_carea' id='block_1_66' title="bbox 1986 2319 3551 2385">
    <p class='ocr_par' dir='ltr' id='par_1_66' title="bbox 1986 2319 3551 2385">
     <span class='ocr_line' id='line_1_66' title="bbox 1986 2319 3551 2385; baseline -0.004 -10"><span class='ocrx_word' id='word_1_456' title='bbox 1986 2337 2140 2375; x_wconf 87' lang='lat' dir='ltr'><strong>suum</strong></span> <span class='ocrx_word' id='word_1_457' title='bbox 2176 2324 2460 2385; x_wconf 88' lang='lat' dir='ltr'><strong>vomitum,</strong></span> <span class='ocrx_word' id='word_1_458' title='bbox 2497 2330 2548 2373; x_wconf 87' lang='lat' dir='ltr'><strong>et</strong></span> <span class='ocrx_word' id='word_1_459' title='bbox 2580 2337 2674 2374; x_wconf 87' lang='lat' dir='ltr'><strong>sus</strong></span> <span class='ocrx_word' id='word_1_460' title='bbox 2702 2322 2808 2374; x_wconf 87' lang='lat' dir='ltr'><strong>lota</strong></span> <span class='ocrx_word' id='word_1_461' title='bbox 2834 2322 2885 2374; x_wconf 91' lang='lat' dir='ltr'><strong>in</strong></span> <span class='ocrx_word' id='word_1_462' title='bbox 2914 2320 3197 2375; x_wconf 86' lang='lat' dir='ltr'><strong>volutabro</strong></span> <span class='ocrx_word' id='word_1_463' title='bbox 3226 2320 3341 2373; x_wconf 81' lang='lat' dir='ltr'><strong>ltiti.</strong></span> <span class='ocrx_word' id='word_1_464' title='bbox 3376 2338 3394 2370; x_wconf 82' lang='grc' dir='ltr'><strong>ι</strong></span> <span class='ocrx_word' id='word_1_465' title='bbox 3438 2319 3551 2373; x_wconf 82' lang='lat' dir='ltr'><strong>Duo</strong></span> 
     </span>
    </p>
   </div>
   <div class='ocr_carea' id='block_1_67' title="bbox 1984 2410 3553 2482">
    <p class='ocr_par' dir='ltr' id='par_1_67' title="bbox 1984 2410 3553 2482">
     <span class='ocr_line' id='line_1_67' title="bbox 1984 2410 3553 2482; baseline -0.003 -15"><span class='ocrx_word' id='word_1_466' title='bbox 1984 2429 2048 2467; x_wconf 81' lang='lat' dir='ltr'><strong>ex</strong></span> <span class='ocrx_word' id='word_1_467' title='bbox 2089 2412 2362 2482; x_wconf 74' lang='lat' dir='ltr'><strong>praedictis</strong></span> <span class='ocrx_word' id='word_1_468' title='bbox 2397 2411 2611 2466; x_wconf 84' lang='lat' dir='ltr'><strong>astruit.</strong></span> <span class='ocrx_word' id='word_1_469' title='bbox 2646 2410 2849 2482; x_wconf 82' lang='lat' dir='ltr'><strong>Nempe</strong></span> <span class='ocrx_word' id='word_1_470' title='bbox 2899 2412 3155 2481; x_wconf 88' lang='lat' dir='ltr'><strong>primum,</strong></span> <span class='ocrx_word' id='word_1_471' title='bbox 3183 2426 3405 2466; x_wconf 85' lang='lat' dir='ltr'><strong>necesse</strong></span> <span class='ocrx_word' id='word_1_472' title='bbox 3431 2424 3553 2463; x_wconf 88' lang='lat' dir='ltr'><strong>esse</strong></span> 
     </span>
    </p>
   </div>
   <div class='ocr_carea' id='block_1_68' title="bbox 1986 2499 3553 2573">
    <p class='ocr_par' dir='ltr' id='par_1_68' title="bbox 1986 2499 3553 2573">
     <span class='ocr_line' id='line_1_68' title="bbox 1986 2499 3553 2573; baseline -0.004 -15"><span class='ocrx_word' id='word_1_473' title='bbox 1986 2520 2106 2558; x_wconf 89' lang='lat' dir='ltr'><strong>cum</strong></span> <span class='ocrx_word' id='word_1_474' title='bbox 2157 2504 2247 2573; x_wconf 90' lang='lat' dir='ltr'><strong>qui</strong></span> <span class='ocrx_word' id='word_1_475' title='bbox 2283 2504 2464 2556; x_wconf 88' lang='lat' dir='ltr'><strong>victus</strong></span> <span class='ocrx_word' id='word_1_476' title='bbox 2505 2511 2610 2566; x_wconf 65' lang='grc' dir='ltr'>εει,</span> <span class='ocrx_word' id='word_1_477' title='bbox 2655 2501 2846 2556; x_wconf 90' lang='lat' dir='ltr'><strong>victori</strong></span> <span class='ocrx_word' id='word_1_478' title='bbox 2905 2505 3119 2556; x_wconf 80' lang='lat' dir='ltr'><strong>servire</strong></span> <span class='ocrx_word' id='word_1_479' title='bbox 3167 2518 3316 2555; x_wconf 79' lang='lat' dir='ltr'><strong>suo:</strong></span> <span class='ocrx_word' id='word_1_480' title='bbox 3357 2499 3553 2554; x_wconf 84' lang='lat' dir='ltr'><strong>deinde</strong></span> 
     </span>
    </p>
   </div>
   <div class='ocr_carea' id='block_1_69' title="bbox 1988 2590 3551 2662">
    <p class='ocr_par' dir='ltr' id='par_1_69' title="bbox 1988 2590 3551 2662">
     <span class='ocr_line' id='line_1_69' title="bbox 1988 2590 3551 2662; baseline -0.004 -15"><span class='ocrx_word' id='word_1_481' title='bbox 1988 2594 2041 2647; x_wconf 91' lang='lat' dir='ltr'><strong>in</strong></span> <span class='ocrx_word' id='word_1_482' title='bbox 2071 2594 2258 2662; x_wconf 84' lang='lat' dir='ltr'><strong>pejora</strong></span> <span class='ocrx_word' id='word_1_483' title='bbox 2293 2595 2431 2645; x_wconf 88' lang='lat' dir='ltr'><strong>mala</strong></span> <span class='ocrx_word' id='word_1_484' title='bbox 2470 2594 2674 2661; x_wconf 81' lang='lat' dir='ltr'><strong>prolabi</strong></span> <span class='ocrx_word' id='word_1_485' title='bbox 2709 2608 2825 2656; x_wconf 87' lang='lat' dir='ltr'><strong>cos,</strong></span> <span class='ocrx_word' id='word_1_486' title='bbox 2857 2592 2945 2661; x_wconf 87' lang='lat' dir='ltr'><strong>qni</strong></span> <span class='ocrx_word' id='word_1_487' title='bbox 2990 2600 3111 2662; x_wconf 89' lang='lat' dir='ltr'><strong>post</strong></span> <span class='ocrx_word' id='word_1_488' title='bbox 3140 2592 3376 2661; x_wconf 78' lang='lat' dir='ltr'><strong>agnitam</strong></span> <span class='ocrx_word' id='word_1_489' title='bbox 3410 2590 3551 2644; x_wconf 83' lang='lat' dir='ltr'><strong>veri-</strong></span> 
     </span>
    </p>
   </div>
   <div class='ocr_carea' id='block_1_70' title="bbox 1988 2682 3553 2755">
    <p class='ocr_par' dir='ltr' id='par_1_70' title="bbox 1988 2682 3553 2755">
     <span class='ocr_line' id='line_1_70' title="bbox 1988 2682 3553 2755; baseline -0.002 -17"><span class='ocrx_word' id='word_1_490' title='bbox 1988 2693 2152 2738; x_wconf 82' lang='lat' dir='ltr'><strong>tatem</strong></span> <span class='ocrx_word' id='word_1_491' title='bbox 2215 2686 2492 2755; x_wconf 72' lang='lat' dir='ltr'><strong>prioribus</strong></span> <span class='ocrx_word' id='word_1_492' title='bbox 2534 2700 2726 2738; x_wconf 90' lang='lat' dir='ltr'><strong>rnrsus</strong></span> <span class='ocrx_word' id='word_1_493' title='bbox 2756 2683 3037 2738; x_wconf 90' lang='lat' dir='ltr'><strong>erroribus</strong></span> <span class='ocrx_word' id='word_1_494' title='bbox 3068 2683 3435 2751; x_wconf 63' lang='lat' dir='ltr'><strong>implicantur.</strong></span> <span class='ocrx_word' id='word_1_495' title='bbox 3473 2682 3553 2736; x_wconf 76' lang='lat' dir='ltr'><strong>Ad</strong></span> 
     </span>
    </p>
   </div>
   <div class='ocr_carea' id='block_1_71' title="bbox 1987 2771 3556 2845">
    <p class='ocr_par' dir='ltr' id='par_1_71' title="bbox 1987 2771 3556 2845">
     <span class='ocr_line' id='line_1_71' title="bbox 1987 2771 3556 2845; baseline 0 -20"><span class='ocrx_word' id='word_1_496' title='bbox 1987 2790 2219 2845; x_wconf 73' lang='lat' dir='ltr'><strong>quorum</strong></span> <span class='ocrx_word' id='word_1_497' title='bbox 2259 2775 2726 2828; x_wconf 77' lang='lat' dir='ltr'><strong>conﬁrmationem</strong></span> <span class='ocrx_word' id='word_1_498' title='bbox 2757 2773 3064 2828; x_wconf 82' lang='lat' dir='ltr'><strong>Salomonis</strong></span> <span class='ocrx_word' id='word_1_499' title='bbox 3089 2773 3428 2842; x_wconf 86' lang='lat' dir='ltr'><strong>proverbium</strong></span> <span class='ocrx_word' id='word_1_500' title='bbox 3458 2771 3556 2825; x_wconf 83' lang='lat' dir='ltr'><strong>ad-</strong></span> 
     </span>
    </p>
   </div>
   <div class='ocr_carea' id='block_1_72' title="bbox 1987 2865 3552 2929">
    <p class='ocr_par' dir='ltr' id='par_1_72' title="bbox 1987 2865 3552 2929">
     <span class='ocr_line' id='line_1_72' title="bbox 1987 2865 3552 2929; baseline -0.003 -7"><span class='ocrx_word' id='word_1_501' title='bbox 1987 2868 2140 2922; x_wconf 87' lang='lat' dir='ltr'><strong>ducit</strong></span> <span class='ocrx_word' id='word_1_502' title='bbox 2172 2868 2237 2915; x_wconf 78' lang='lat'><strong>&quot;.</strong></span> <span class='ocrx_word' id='word_1_503' title='bbox 2272 2867 2552 2921; x_wconf 87' lang='lat' dir='ltr'><strong>Orationis</strong></span> <span class='ocrx_word' id='word_1_504' title='bbox 2586 2875 2765 2920; x_wconf 87' lang='lat' dir='ltr'><strong>autem</strong></span> <span class='ocrx_word' id='word_1_505' title='bbox 2812 2868 2983 2922; x_wconf 87' lang='lat' dir='ltr'><strong>series</strong></span> <span class='ocrx_word' id='word_1_506' title='bbox 3024 2868 3094 2921; x_wconf 87' lang='lat' dir='ltr'><strong>ita</strong></span> <span class='ocrx_word' id='word_1_507' title='bbox 3128 2882 3186 2921; x_wconf 90' lang='lat' dir='ltr'><strong>se</strong></span> <span class='ocrx_word' id='word_1_508' title='bbox 3219 2867 3379 2919; x_wconf 84' lang='lat' dir='ltr'><strong>habet</strong></span> <span class='ocrx_word' id='word_1_509' title='bbox 3409 2885 3420 2920; x_wconf 90' lang='lat'><strong>:</strong></span> <span class='ocrx_word' id='word_1_510' title='bbox 3450 2865 3552 2929; x_wconf 84' lang='lat' dir='ltr'><strong>illi,</strong></span> 
     </span>
    </p>
   </div>
   <div class='ocr_carea' id='block_1_73' title="bbox 1988 2951 3556 3027">
    <p class='ocr_par' dir='ltr' id='par_1_73' title="bbox 1988 2951 3556 3027">
     <span class='ocr_line' id='line_1_73' title="bbox 1988 2951 3556 3027; baseline -0.001 -18"><span class='ocrx_word' id='word_1_511' title='bbox 1988 2957 2082 3027; x_wconf 86' lang='lat' dir='ltr'><strong>qui</strong></span> <span class='ocrx_word' id='word_1_512' title='bbox 2136 2955 2450 3027; x_wconf 79' lang='lat' dir='ltr'><strong>cognitione</strong></span> <span class='ocrx_word' id='word_1_513' title='bbox 2484 2956 2692 3010; x_wconf 79' lang='lat' dir='ltr'><strong>Domini</strong></span> <span class='ocrx_word' id='word_1_514' title='bbox 2745 2969 2796 3010; x_wconf 90' lang='lat' dir='ltr'><strong>ct</strong></span> <span class='ocrx_word' id='word_1_515' title='bbox 2850 2954 3150 3011; x_wconf 83' lang='lat' dir='ltr'><strong>Salvatoris</strong></span> <span class='ocrx_word' id='word_1_516' title='bbox 3201 2954 3375 3010; x_wconf 87' lang='lat' dir='ltr'><strong>nostri</strong></span> <span class='ocrx_word' id='word_1_517' title='bbox 3428 2951 3556 3008; x_wconf 84' lang='lat' dir='ltr'><strong>Jesu</strong></span> 
     </span>
    </p>
   </div>
   <div class='ocr_carea' id='block_1_74' title="bbox 1990 3048 3556 3118">
    <p class='ocr_par' dir='ltr' id='par_1_74' title="bbox 1990 3048 3556 3118">
     <span class='ocr_line' id='line_1_74' title="bbox 1990 3048 3556 3118; baseline -0.003 -14"><span class='ocrx_word' id='word_1_518' title='bbox 1990 3049 2192 3104; x_wconf 78' lang='lat' dir='ltr'><strong>Christi</strong></span> <span class='ocrx_word' id='word_1_519' title='bbox 2227 3048 2412 3102; x_wconf 88' lang='lat' dir='ltr'><strong>mundi</strong></span> <span class='ocrx_word' id='word_1_520' title='bbox 2447 3050 2858 3118; x_wconf 82' lang='lat' dir='ltr'><strong>inquinamenta</strong></span> <span class='ocrx_word' id='word_1_521' title='bbox 2888 3050 3181 3118; x_wconf 80' lang='lat' dir='ltr'><strong>aliquando</strong></span> <span class='ocrx_word' id='word_1_522' title='bbox 3232 3048 3556 3118; x_wconf 72' lang='lat' dir='ltr'><strong>cmtgoraut,</strong></span> 
     </span>
    </p>
   </div>
   <div class='ocr_carea' id='block_1_75' title="bbox 1991 3131 3554 3206">
    <p class='ocr_par' dir='ltr' id='par_1_75' title="bbox 1991 3131 3554 3206">
     <span class='ocr_line' id='line_1_75' title="bbox 1991 3131 3554 3206; baseline -0.006 -12"><span class='ocrx_word' id='word_1_523' title='bbox 1991 3140 2036 3194; x_wconf 84' lang='lat' dir='ltr'><strong>si</strong></span> <span class='ocrx_word' id='word_1_524' title='bbox 2064 3139 2244 3192; x_wconf 83' lang='lat' dir='ltr'><strong>denuo</strong></span> <span class='ocrx_word' id='word_1_525' title='bbox 2269 3138 2336 3191; x_wconf 73' lang='lat' dir='ltr'><strong>iis</strong></span> <span class='ocrx_word' id='word_1_526' title='bbox 2369 3139 2559 3193; x_wconf 84' lang='lat' dir='ltr'><strong>irretiti</strong></span> <span class='ocrx_word' id='word_1_527' title='bbox 2605 3131 3093 3206; x_wconf 15' lang='lat' dir='ltr'><strong>superantur-,‘nou</strong></span> <span class='ocrx_word' id='word_1_528' title='bbox 3136 3137 3308 3190; x_wconf 88' lang='lat' dir='ltr'><strong>solum</strong></span> <span class='ocrx_word' id='word_1_529' title='bbox 3351 3133 3554 3189; x_wconf 58' lang='lat' dir='ltr'><strong>eisdem</strong></span> 
     </span>
    </p>
   </div>
   <div class='ocr_carea' id='block_1_76' title="bbox 1992 3225 3559 3290">
    <p class='ocr_par' dir='ltr' id='par_1_76' title="bbox 1992 3225 3559 3290">
     <span class='ocr_line' id='line_1_76' title="bbox 1992 3225 3559 3290; baseline -0.005 -8"><span class='ocrx_word' id='word_1_530' title='bbox 1992 3231 2304 3283; x_wconf 88' lang='lat' dir='ltr'><strong>omnimode</strong></span> <span class='ocrx_word' id='word_1_531' title='bbox 2326 3228 2594 3290; x_wconf 86' lang='lat' dir='ltr'><strong>serviunt,</strong></span> <span class='ocrx_word' id='word_1_532' title='bbox 2633 3228 2726 3282; x_wconf 77' lang='lat' dir='ltr'><strong>scd</strong></span> <span class='ocrx_word' id='word_1_533' title='bbox 2781 3229 2943 3279; x_wconf 73' lang='lat' dir='ltr'><strong>etiam</strong></span> <span class='ocrx_word' id='word_1_534' title='bbox 2982 3228 3226 3279; x_wconf 66' lang='lat' dir='ltr'><strong>timllIOlte</strong></span> <span class='ocrx_word' id='word_1_535' title='bbox 3281 3225 3559 3276; x_wconf 79' lang='lat' dir='ltr'><strong>adnitente</strong></span> 
     </span>
    </p>
   </div>
   <div class='ocr_carea' id='block_1_77' title="bbox 1994 3318 3558 3389">
    <p class='ocr_par' dir='ltr' id='par_1_77' title="bbox 1994 3318 3558 3389">
     <span class='ocr_line' id='line_1_77' title="bbox 1994 3318 3558 3389; baseline -0.008 -14"><span class='ocrx_word' id='word_1_536' title='bbox 1994 3329 2054 3375; x_wconf 87' lang='lat' dir='ltr'><strong>ut</strong></span> <span class='ocrx_word' id='word_1_537' title='bbox 2080 3320 2434 3389; x_wconf 77' lang='lat' dir='ltr'><strong>prolahnntur</strong></span> <span class='ocrx_word' id='word_1_538' title='bbox 2489 3322 2541 3373; x_wconf 89' lang='lat' dir='ltr'><strong>in</strong></span> <span class='ocrx_word' id='word_1_539' title='bbox 2604 3319 2811 3387; x_wconf 66' lang='lat' dir='ltr'><strong>pejora,</strong></span> <span class='ocrx_word' id='word_1_540' title='bbox 2852 3318 3123 3371; x_wconf 68' lang='lat' dir='ltr'><strong>deteriore</strong></span> <span class='ocrx_word' id='word_1_541' title='bbox 3181 3332 3341 3385; x_wconf 82' lang='lat' dir='ltr'><strong>quam</strong></span> <span class='ocrx_word' id='word_1_542' title='bbox 3402 3324 3558 3367; x_wconf 83' lang='lat' dir='ltr'><strong>antea</strong></span> 
     </span>
    </p>
   </div>
   <div class='ocr_carea' id='block_1_78' title="bbox 1995 3406 3560 3480">
    <p class='ocr_par' dir='ltr' id='par_1_78' title="bbox 1995 3406 3560 3480">
     <span class='ocr_line' id='line_1_78' title="bbox 1995 3406 3560 3480; baseline -0.006 -14"><span class='ocrx_word' id='word_1_543' title='bbox 1995 3412 2259 3466; x_wconf 77' lang='lat' dir='ltr'><strong>servitute</strong></span> <span class='ocrx_word' id='word_1_544' title='bbox 2326 3424 2667 3480; x_wconf 88' lang='lat' dir='ltr'><strong>premuntur.</strong></span> <span class='ocrx_word' id='word_1_545' title='bbox 2730 3408 2909 3474; x_wconf 84' lang='lat' dir='ltr'><strong>Quare</strong></span> <span class='ocrx_word' id='word_1_546' title='bbox 2956 3409 3031 3460; x_wconf 91' lang='lat' dir='ltr'><strong>ait</strong></span> <span class='ocrx_word' id='word_1_547' title='bbox 3067 3425 3079 3459; x_wconf 89' lang='lat'><strong>:</strong></span> <span class='ocrx_word' id='word_1_548' title='bbox 3114 3406 3560 3475; x_wconf 74' lang='lat' dir='ltr'><strong>Quandoquidem</strong></span> 
     </span>
    </p>
   </div>
   <div class='ocr_carea' id='block_1_79' title="bbox 1996 3500 3561 3573">
    <p class='ocr_par' dir='ltr' id='par_1_79' title="bbox 1996 3500 3561 3573">
     <span class='ocr_line' id='line_1_79' title="bbox 1996 3500 3561 3573; baseline -0.006 -15"><span class='ocrx_word' id='word_1_549' title='bbox 1996 3512 2146 3558; x_wconf 85' lang='lat' dir='ltr'><strong>tanta</strong></span> <span class='ocrx_word' id='word_1_550' title='bbox 2181 3505 2448 3573; x_wconf 76' lang='lat' dir='ltr'><strong>pernicies</strong></span> <span class='ocrx_word' id='word_1_551' title='bbox 2481 3514 2661 3556; x_wconf 87' lang='lat' dir='ltr'><strong>manet</strong></span> <span class='ocrx_word' id='word_1_552' title='bbox 2698 3518 2814 3563; x_wconf 78' lang='lat' dir='ltr'><strong>eos,</strong></span> <span class='ocrx_word' id='word_1_553' title='bbox 2849 3502 2938 3569; x_wconf 86' lang='lat' dir='ltr'><strong>qui</strong></span> <span class='ocrx_word' id='word_1_554' title='bbox 2971 3501 3257 3569; x_wconf 65' lang='lat' dir='ltr'><strong>pessimam</strong></span> <span class='ocrx_word' id='word_1_555' title='bbox 3296 3500 3561 3551; x_wconf 71' lang='lat' dir='ltr'><strong>maiorum</strong></span> 
     </span>
    </p>
   </div>
   <div class='ocr_carea' id='block_1_80' title="bbox 1996 3589 3565 3654">
    <p class='ocr_par' dir='ltr' id='par_1_80' title="bbox 1996 3589 3565 3654">
     <span class='ocr_line' id='line_1_80' title="bbox 1996 3589 3565 3654; baseline -0.006 -4"><span class='ocrx_word' id='word_1_556' title='bbox 1996 3597 2322 3651; x_wconf 86' lang='lat' dir='ltr'><strong>cantilenam</strong></span> <span class='ocrx_word' id='word_1_557' title='bbox 2364 3603 2672 3654; x_wconf 68' lang='lat' dir='ltr'><strong>rei-autaut.</strong></span> <span class='ocrx_word' id='word_1_558' title='bbox 2708 3594 2899 3647; x_wconf 66' lang='lat' dir='ltr'><strong>melius</strong></span> <span class='ocrx_word' id='word_1_559' title='bbox 2933 3594 3175 3646; x_wconf 75' lang='lat' dir='ltr'><strong>futurum</strong></span> <span class='ocrx_word' id='word_1_560' title='bbox 3233 3591 3425 3644; x_wconf 80' lang='lat' dir='ltr'><strong>fuisset</strong></span> <span class='ocrx_word' id='word_1_561' title='bbox 3459 3589 3565 3642; x_wconf 84' lang='lat' dir='ltr'><strong>illis</strong></span> 
     </span>
    </p>
   </div>
   <div class='ocr_carea' id='block_1_81' title="bbox 1997 3687 3568 3755">
    <p class='ocr_par' dir='ltr' id='par_1_81' title="bbox 1997 3687 3568 3755">
     <span class='ocr_line' id='line_1_81' title="bbox 1997 3687 3568 3755; baseline -0.006 -12"><span class='ocrx_word' id='word_1_562' title='bbox 1997 3690 2042 3744; x_wconf 89' lang='lat' dir='ltr'><strong>si</strong></span> <span class='ocrx_word' id='word_1_563' title='bbox 2076 3704 2257 3741; x_wconf 87' lang='lat' dir='ltr'><strong>veram</strong></span> <span class='ocrx_word' id='word_1_564' title='bbox 2292 3688 2430 3741; x_wconf 88' lang='lat' dir='ltr'><strong>viam</strong></span> <span class='ocrx_word' id='word_1_565' title='bbox 2461 3687 2811 3755; x_wconf 71' lang='lat' dir='ltr'><strong>agnovissent</strong></span> <span class='ocrx_word' id='word_1_566' title='bbox 2853 3700 3151 3753; x_wconf 69' lang='lat' dir='ltr'><strong>numquam,</strong></span> <span class='ocrx_word' id='word_1_567' title='bbox 3192 3697 3353 3752; x_wconf 83' lang='lat' dir='ltr'><strong>quam</strong></span> <span class='ocrx_word' id='word_1_568' title='bbox 3384 3697 3447 3736; x_wconf 87' lang='lat' dir='ltr'><strong>ea</strong></span> <span class='ocrx_word' id='word_1_569' title='bbox 3478 3696 3568 3735; x_wconf 89' lang='lat' dir='ltr'><strong>se-</strong></span> 
     </span>
    </p>
   </div>
   <div class='ocr_carea' id='block_1_82' title="bbox 1999 3776 3569 3849">
    <p class='ocr_par' dir='ltr' id='par_1_82' title="bbox 1999 3776 3569 3849">
     <span class='ocr_line' id='line_1_82' title="bbox 1999 3776 3569 3849; baseline -0.006 -14"><span class='ocrx_word' id='word_1_570' title='bbox 1999 3783 2103 3835; x_wconf 88' lang='lat' dir='ltr'><strong>mel</strong></span> <span class='ocrx_word' id='word_1_571' title='bbox 2137 3782 2341 3849; x_wconf 72' lang='lat' dir='ltr'><strong>agnita,</strong></span> <span class='ocrx_word' id='word_1_572' title='bbox 2370 3778 2652 3847; x_wconf 77' lang='lat' dir='ltr'><strong>pejoriluts</strong></span> <span class='ocrx_word' id='word_1_573' title='bbox 2684 3777 2840 3830; x_wconf 87' lang='lat' dir='ltr'><strong>malis</strong></span> <span class='ocrx_word' id='word_1_574' title='bbox 2866 3777 3133 3828; x_wconf 73' lang='lat' dir='ltr'><strong>obnoxios</strong></span> <span class='ocrx_word' id='word_1_575' title='bbox 3172 3776 3285 3827; x_wconf 85' lang='lat' dir='ltr'><strong>iicri</strong></span> <span class='ocrx_word' id='word_1_576' title='bbox 3316 3788 3477 3838; x_wconf 82' lang='lat' dir='ltr'><strong>;natu</strong></span> <span class='ocrx_word' id='word_1_577' title='bbox 3513 3780 3569 3825; x_wconf 77' lang='lat' dir='ltr'><strong>et</strong></span> 
     </span>
    </p>
   </div>
   <div class='ocr_carea' id='block_1_83' title="bbox 1999 3863 3570 3927">
    <p class='ocr_par' dir='ltr' id='par_1_83' title="bbox 1999 3863 3570 3927">
     <span class='ocr_line' id='line_1_83' title="bbox 1999 3863 3570 3927; baseline -0.007 0"><span class='ocrx_word' id='word_1_578' title='bbox 1999 3874 2151 3927; x_wconf 90' lang='lat' dir='ltr'><strong>cauis</strong></span> <span class='ocrx_word' id='word_1_579' title='bbox 2180 3872 2244 3925; x_wconf 90' lang='lat' dir='ltr'><strong>ad</strong></span> <span class='ocrx_word' id='word_1_580' title='bbox 2264 3871 2522 3924; x_wconf 86' lang='lat' dir='ltr'><strong>vomitum</strong></span> <span class='ocrx_word' id='word_1_581' title='bbox 2546 3885 2705 3924; x_wconf 88' lang='lat' dir='ltr'><strong>suum</strong></span> <span class='ocrx_word' id='word_1_582' title='bbox 2736 3866 3032 3926; x_wconf 69' lang='lat' dir='ltr'><strong>rediensJ‘tt</strong></span> <span class='ocrx_word' id='word_1_583' title='bbox 3056 3863 3493 3925; x_wconf 84' lang='lat' dir='ltr'><strong>abominabilior,</strong></span> <span class='ocrx_word' id='word_1_584' title='bbox 3515 3871 3570 3916; x_wconf 87' lang='lat' dir='ltr'><strong>ct</strong></span> 
     </span>
    </p>
   </div>
   <div class='ocr_carea' id='block_1_84' title="bbox 1999 3955 3570 4028">
    <p class='ocr_par' dir='ltr' id='par_1_84' title="bbox 1999 3955 3570 4028">
     <span class='ocr_line' id='line_1_84' title="bbox 1999 3955 3570 4028; baseline -0.006 -8"><span class='ocrx_word' id='word_1_585' title='bbox 1999 3981 2095 4020; x_wconf 88' lang='lat' dir='ltr'><strong>sus</strong></span> <span class='ocrx_word' id='word_1_586' title='bbox 2131 3964 2326 4016; x_wconf 79' lang='lat' dir='ltr'><strong>iterum</strong></span> <span class='ocrx_word' id='word_1_587' title='bbox 2361 3963 2602 4017; x_wconf 83' lang='lat' dir='ltr'><strong>revoluta</strong></span> <span class='ocrx_word' id='word_1_588' title='bbox 2636 3977 2815 4025; x_wconf 62' lang='lat' dir='ltr'><strong>caeno,</strong></span> <span class='ocrx_word' id='word_1_589' title='bbox 2850 3959 3126 4013; x_wconf 84' lang='lat' dir='ltr'><strong>sordidior</strong></span> <span class='ocrx_word' id='word_1_590' title='bbox 3183 3975 3350 4028; x_wconf 83' lang='lat' dir='ltr'><strong>quam</strong></span> <span class='ocrx_word' id='word_1_591' title='bbox 3417 3955 3570 4026; x_wconf 77' lang='lat' dir='ltr'><strong>prius</strong></span> 
     </span>
    </p>
   </div>
   <div class='ocr_carea' id='block_1_85' title="bbox 2002 4056 2473 4125">
    <p class='ocr_par' dir='ltr' id='par_1_85' title="bbox 2002 4056 2473 4125">
     <span class='ocr_line' id='line_1_85' title="bbox 2002 4056 2473 4125; baseline -0.008 -14"><span class='ocrx_word' id='word_1_592' title='bbox 2002 4056 2196 4118; x_wconf 82' lang='lat' dir='ltr'><strong>fuerat,</strong></span> <span class='ocrx_word' id='word_1_593' title='bbox 2230 4064 2473 4125; x_wconf 81' lang='lat' dir='ltr'><strong>apparet.</strong></span> 
     </span>
    </p>
   </div>
   <div class='ocr_carea' id='block_1_86' title="bbox 2615 4308 2983 4364">
    <p class='ocr_par' dir='ltr' id='par_1_86' title="bbox 2615 4308 2983 4364">
     <span class='ocr_line' id='line_1_86' title="bbox 2615 4308 2983 4364; baseline 0 0"><span class='ocrx_word' id='word_1_594' title='bbox 2615 4308 2842 4364; x_wconf 74' lang='lat' dir='ltr'><strong>CAPUT</strong></span> <span class='ocrx_word' id='word_1_595' title='bbox 2891 4309 2983 4364; x_wconf 86' lang='lat' dir='ltr'><strong>III.</strong></span> 
     </span>
    </p>
   </div>
   <div class='ocr_carea' id='block_1_87' title="bbox 2072 4400 3574 4467">
    <p class='ocr_par' dir='ltr' id='par_1_87' title="bbox 2072 4400 3574 4467">
     <span class='ocr_line' id='line_1_87' title="bbox 2072 4400 3574 4467; baseline 0 -10"><span class='ocrx_word' id='word_1_596' title='bbox 2072 4401 2238 4458; x_wconf 70' lang='lat' dir='ltr'><strong>Vens.</strong></span> <span class='ocrx_word' id='word_1_597' title='bbox 2267 4402 2322 4465; x_wconf 71' lang='grc'>1,</span> <span class='ocrx_word' id='word_1_598' title='bbox 2357 4402 2412 4457; x_wconf 72' lang='lat'><strong>2.</strong></span> <span class='ocrx_word' id='word_1_599' title='bbox 2468 4420 2488 4453; x_wconf 75' lang='grc' dir='ltr'><strong>ι</strong></span> <span class='ocrx_word' id='word_1_600' title='bbox 2534 4400 2686 4455; x_wconf 79' lang='lat' dir='ltr'><strong>lianc</strong></span> <span class='ocrx_word' id='word_1_601' title='bbox 2718 4417 2846 4456; x_wconf 78' lang='lat' dir='ltr'><strong>ecce</strong></span> <span class='ocrx_word' id='word_1_602' title='bbox 2889 4401 3065 4467; x_wconf 86' lang='lat' dir='ltr'><strong>vobis,</strong></span> <span class='ocrx_word' id='word_1_603' title='bbox 3102 4402 3428 4467; x_wconf 89' lang='lat' dir='ltr'><strong>charissimi,</strong></span> <span class='ocrx_word' id='word_1_604' title='bbox 3482 4417 3574 4457; x_wconf 89' lang='lat' dir='ltr'><strong>se-</strong></span> 
     </span>
    </p>
   </div>
   <div class='ocr_carea' id='block_1_88' title="bbox 2001 4482 3577 4563">
    <p class='ocr_par' dir='ltr' id='par_1_88' title="bbox 2001 4482 3577 4563">
     <span class='ocr_line' id='line_1_88' title="bbox 2001 4482 3577 4563; baseline -0.002 -12"><span class='ocrx_word' id='word_1_605' title='bbox 2001 4496 2235 4551; x_wconf 87' lang='lat' dir='ltr'><strong>cundam</strong></span> <span class='ocrx_word' id='word_1_606' title='bbox 2273 4496 2454 4550; x_wconf 81' lang='lat' dir='ltr'><strong>scribo</strong></span> <span class='ocrx_word' id='word_1_607' title='bbox 2471 4494 2779 4562; x_wconf 77' lang='lat' dir='ltr'><strong>epistolam,</strong></span> <span class='ocrx_word' id='word_1_608' title='bbox 2814 4482 2869 4548; x_wconf 79' lang='lat' dir='ltr'><strong>iu</strong></span> <span class='ocrx_word' id='word_1_609' title='bbox 2899 4496 3099 4563; x_wconf 89' lang='lat' dir='ltr'><strong>quibus</strong></span> <span class='ocrx_word' id='word_1_610' title='bbox 3142 4504 3371 4549; x_wconf 78' lang='lat' dir='ltr'><strong>vestram</strong></span> <span class='ocrx_word' id='word_1_611' title='bbox 3396 4495 3577 4549; x_wconf 80' lang='lat' dir='ltr'><strong>ext-ito</strong></span> 
     </span>
    </p>
   </div>
   <div class='ocr_carea' id='block_1_89' title="bbox 322 4585 1891 4674">
    <p class='ocr_par' dir='ltr' id='par_1_89' title="bbox 322 4598 1891 4670">
     <span class='ocr_line' id='line_1_89' title="bbox 322 4598 1891 4670; baseline -0.001 -17"><span class='ocrx_word' id='word_1_612' title='bbox 322 4603 381 4653; x_wconf 82' lang='grc' dir='ltr'><strong>ἐν</strong></span> <span class='ocrx_word' id='word_1_613' title='bbox 409 4601 711 4670; x_wconf 82' lang='grc' dir='ltr'>ὑπομνήσει</span> <span class='ocrx_word' id='word_1_614' title='bbox 731 4598 830 4669; x_wconf 77' lang='grc' dir='ltr'>τὴν</span> <span class='ocrx_word' id='word_1_615' title='bbox 859 4599 1126 4669; x_wconf 73' lang='grc' dir='ltr'>εἰλικρινῆ</span> <span class='ocrx_word' id='word_1_616' title='bbox 1156 4599 1411 4663; x_wconf 81' lang='grc' dir='ltr'>διάνοιαν,</span> <span class='ocrx_word' id='word_1_617' title='bbox 1447 4600 1752 4668; x_wconf 86' lang='grc' dir='ltr'>μνησθῆναι</span> <span class='ocrx_word' id='word_1_618' title='bbox 1789 4599 1891 4651; x_wconf 87' lang='grc' dir='ltr'><strong>τῶν</strong></span> 
     </span>
    </p>
   </div>
   <div class='ocr_carea' id='block_1_90' title="bbox 1995 4585 3578 4674">
    <p class='ocr_par' dir='ltr' id='par_1_90' title="bbox 2004 4585 3578 4647">
     <span class='ocr_line' id='line_1_90' title="bbox 2004 4585 3578 4647; baseline -0.001 -8"><span class='ocrx_word' id='word_1_619' title='bbox 2004 4589 2058 4642; x_wconf 91' lang='lat' dir='ltr'><strong>in</strong></span> <span class='ocrx_word' id='word_1_620' title='bbox 2085 4586 2512 4641; x_wconf 77' lang='lat' dir='ltr'><strong>commonitiouc</strong></span> <span class='ocrx_word' id='word_1_621' title='bbox 2542 4586 2811 4639; x_wconf 86' lang='lat' dir='ltr'><strong>sinceram</strong></span> <span class='ocrx_word' id='word_1_622' title='bbox 2835 4594 3093 4647; x_wconf 81' lang='lat' dir='ltr'><strong>mentem,</strong></span> <span class='ocrx_word' id='word_1_623' title='bbox 3118 4595 3176 4638; x_wconf 89' lang='lat' dir='ltr'><strong>ut</strong></span> <span class='ocrx_word' id='word_1_624' title='bbox 3201 4598 3469 4638; x_wconf 83' lang='lat' dir='ltr'><strong>memores</strong></span> <span class='ocrx_word' id='word_1_625' title='bbox 3502 4585 3578 4639; x_wconf 87' lang='lat' dir='ltr'><strong>si-</strong></span> 
     </span>
    </p>
   </div>
   <div class='ocr_carea' id='block_1_91' title="bbox 323 4688 1898 4759">
    <p class='ocr_par' dir='ltr' id='par_1_91' title="bbox 323 4688 1898 4759">
     <span class='ocr_line' id='line_1_91' title="bbox 323 4688 1898 4759; baseline -0.001 -18"><span class='ocrx_word' id='word_1_626' title='bbox 323 4688 736 4759; x_wconf 81' lang='grc' dir='ltr'>προειρημένων</span> <span class='ocrx_word' id='word_1_627' title='bbox 769 4688 1029 4755; x_wconf 79' lang='grc' dir='ltr'>ῥημάτων</span> <span class='ocrx_word' id='word_1_628' title='bbox 1072 4688 1176 4740; x_wconf 74' lang='grc' dir='ltr'>ὑπὸ</span> <span class='ocrx_word' id='word_1_629' title='bbox 1212 4688 1321 4741; x_wconf 83' lang='grc' dir='ltr'><strong>τῶν</strong></span> <span class='ocrx_word' id='word_1_630' title='bbox 1370 4690 1539 4755; x_wconf 86' lang='grc' dir='ltr'>ἁγίων</span> <span class='ocrx_word' id='word_1_631' title='bbox 1576 4689 1898 4757; x_wconf 78' lang='grc' dir='ltr'>προφητῶν,</span> 
     </span>
    </p>
   </div>
   <div class='ocr_carea' id='block_1_92' title="bbox 323 4779 1902 4851">
    <p class='ocr_par' dir='ltr' id='par_1_92' title="bbox 323 4779 1902 4851">
     <span class='ocr_line' id='line_1_92' title="bbox 323 4779 1902 4851; baseline -0.001 -17"><span class='ocrx_word' id='word_1_632' title='bbox 323 4784 417 4834; x_wconf 73' lang='grc' dir='ltr'><strong>καὶ</strong></span> <span class='ocrx_word' id='word_1_633' title='bbox 450 4781 551 4851; x_wconf 87' lang='grc' dir='ltr'><strong>τῆς</strong></span> <span class='ocrx_word' id='word_1_634' title='bbox 587 4779 697 4830; x_wconf 87' lang='grc' dir='ltr'><strong>τῶν</strong></span> <span class='ocrx_word' id='word_1_635' title='bbox 736 4779 1050 4832; x_wconf 82' lang='grc' dir='ltr'>ἀποστόλων</span> <span class='ocrx_word' id='word_1_636' title='bbox 1087 4780 1243 4849; x_wconf 74' lang='grc' dir='ltr'>ὑμῶν</span> <span class='ocrx_word' id='word_1_637' title='bbox 1286 4780 1502 4849; x_wconf 81' lang='grc' dir='ltr'>ἐντολῆς</span> <span class='ocrx_word' id='word_1_638' title='bbox 1543 4780 1637 4832; x_wconf 90' lang='grc' dir='ltr'><strong>τοῦ</strong></span> <span class='ocrx_word' id='word_1_639' title='bbox 1698 4780 1902 4848; x_wconf 84' lang='grc' dir='ltr'>Κυρίου</span> 
     </span>
    </p>
   </div>
   <div class='ocr_carea' id='block_1_93' title="bbox 331 4868 1907 4941">
    <p class='ocr_par' dir='ltr' id='par_1_93' title="bbox 331 4868 1907 4941">
     <span class='ocr_line' id='line_1_93' title="bbox 331 4868 1907 4941; baseline -0.001 -17"><span class='ocrx_word' id='word_1_640' title='bbox 331 4873 427 4924; x_wconf 73' lang='grc' dir='ltr'><strong>καὶ</strong></span> <span class='ocrx_word' id='word_1_641' title='bbox 461 4870 713 4939; x_wconf 79' lang='grc' dir='ltr'>Σωτῆρος</span> <span class='ocrx_word' id='word_1_642' title='bbox 757 4868 951 4938; x_wconf 79' lang='grc' dir='ltr'>Ἰησοῦ.</span> <span class='ocrx_word' id='word_1_643' title='bbox 1002 4889 1020 4920; x_wconf 82' lang='grc' dir='ltr'><strong>ι</strong></span> <span class='ocrx_word' id='word_1_644' title='bbox 1072 4871 1165 4923; x_wconf 85' lang='grc' dir='ltr'>Ἕκ</span> <span class='ocrx_word' id='word_1_645' title='bbox 1203 4872 1393 4924; x_wconf 85' lang='grc' dir='ltr'>τούτου</span> <span class='ocrx_word' id='word_1_646' title='bbox 1436 4872 1777 4941; x_wconf 80' lang='grc' dir='ltr'>μανθάνομεν</span> <span class='ocrx_word' id='word_1_647' title='bbox 1813 4872 1907 4924; x_wconf 80' lang='grc' dir='ltr'><strong>δύο</strong></span> 
     </span>
    </p>
   </div>
   <div class='ocr_carea' id='block_1_94' title="bbox 325 4955 1905 5027">
    <p class='ocr_par' dir='ltr' id='par_1_94' title="bbox 325 4955 1905 5027">
     <span class='ocr_line' id='line_1_94' title="bbox 325 4955 1905 5027; baseline -0.001 -13"><span class='ocrx_word' id='word_1_648' title='bbox 325 4964 423 5025; x_wconf 80' lang='grc' dir='ltr'><strong>τὰς</strong></span> <span class='ocrx_word' id='word_1_649' title='bbox 454 4961 632 5021; x_wconf 86' lang='grc' dir='ltr'>πάσας</span> <span class='ocrx_word' id='word_1_650' title='bbox 666 4955 804 5013; x_wconf 78' lang='grc' dir='ltr'>εἶναι</span> <span class='ocrx_word' id='word_1_651' title='bbox 838 4957 931 5012; x_wconf 85' lang='grc' dir='ltr'><strong>τοῦ</strong></span> <span class='ocrx_word' id='word_1_652' title='bbox 966 4959 1170 5027; x_wconf 84' lang='grc' dir='ltr'>Πέτρου</span> <span class='ocrx_word' id='word_1_653' title='bbox 1216 4961 1557 5024; x_wconf 79' lang='grc' dir='ltr'>Ἐπιστολάς.</span> <span class='ocrx_word' id='word_1_654' title='bbox 1584 4961 1658 5014; x_wconf 86' lang='grc' dir='ltr'><strong>Τὸ</strong></span> <span class='ocrx_word' id='word_1_655' title='bbox 1681 4960 1758 5025; x_wconf 81' lang='grc' dir='ltr'><strong>δέ,</strong></span> <span class='ocrx_word' id='word_1_656' title='bbox 1796 4982 1813 5011; x_wconf 77' lang='grc' dir='ltr'><strong>ι</strong></span> <span class='ocrx_word' id='word_1_657' title='bbox 1847 4962 1905 5013; x_wconf 85' lang='grc' dir='ltr'><strong>ἐν</strong></span> 
     </span>
    </p>
   </div>
   <div class='ocr_carea' id='block_1_95' title="bbox 326 5046 1905 5119">
    <p class='ocr_par' dir='ltr' id='par_1_95' title="bbox 326 5046 1905 5119">
     <span class='ocr_line' id='line_1_95' title="bbox 326 5046 1905 5119; baseline 0.001 -15"><span class='ocrx_word' id='word_1_658' title='bbox 326 5048 415 5113; x_wconf 77' lang='grc' dir='ltr'><strong>αἷς</strong></span> <span class='ocrx_word' id='word_1_659' title='bbox 455 5051 706 5119; x_wconf 85' lang='grc' dir='ltr'>διεγείρω</span> <span class='ocrx_word' id='word_1_660' title='bbox 745 5050 895 5118; x_wconf 79' lang='grc' dir='ltr'>ὑμῖν,</span> <span class='ocrx_word' id='word_1_661' title='bbox 937 5067 955 5100; x_wconf 83' lang='grc' dir='ltr'><strong>ι</strong></span> <span class='ocrx_word' id='word_1_662' title='bbox 997 5047 1172 5112; x_wconf 75' lang='grc' dir='ltr'>οὕτως</span> <span class='ocrx_word' id='word_1_663' title='bbox 1218 5052 1392 5102; x_wconf 87' lang='grc' dir='ltr'>ἐστιν·</span> <span class='ocrx_word' id='word_1_664' title='bbox 1445 5053 1532 5104; x_wconf 83' lang='grc' dir='ltr'>Ἐν</span> <span class='ocrx_word' id='word_1_665' title='bbox 1567 5046 1652 5115; x_wconf 77' lang='grc' dir='ltr'>αἷς</span> <span class='ocrx_word' id='word_1_666' title='bbox 1686 5055 1905 5105; x_wconf 84' lang='grc' dir='ltr'>ἐπιστο-</span> 
     </span>
    </p>
   </div>
   <div class='ocr_carea' id='block_1_96' title="bbox 327 5132 1909 5213">
    <p class='ocr_par' dir='ltr' id='par_1_96' title="bbox 327 5132 1909 5213">
     <span class='ocr_line' id='line_1_96' title="bbox 327 5132 1909 5213; baseline 0.002 -20"><span class='ocrx_word' id='word_1_667' title='bbox 327 5144 469 5203; x_wconf 82' lang='grc' dir='ltr'>λαῖς,</span> <span class='ocrx_word' id='word_1_668' title='bbox 491 5141 657 5193; x_wconf 77' lang='grc' dir='ltr'>οἱονεὶ</span> <span class='ocrx_word' id='word_1_669' title='bbox 682 5140 749 5193; x_wconf 84' lang='grc' dir='ltr'>δι’</span> <span class='ocrx_word' id='word_1_670' title='bbox 775 5132 853 5193; x_wconf 86' lang='grc' dir='ltr'>ὧν</span> <span class='ocrx_word' id='word_1_671' title='bbox 889 5140 1187 5192; x_wconf 83' lang='grc' dir='ltr'>ἐπιστολῶν</span> <span class='ocrx_word' id='word_1_672' title='bbox 1217 5160 1235 5191; x_wconf 80' lang='grc' dir='ltr'><strong>ι</strong></span> <span class='ocrx_word' id='word_1_673' title='bbox 1267 5141 1519 5211; x_wconf 81' lang='grc' dir='ltr'>διεγείρω</span> <span class='ocrx_word' id='word_1_674' title='bbox 1553 5143 1651 5213; x_wconf 83' lang='grc' dir='ltr'><strong>τὴν</strong></span> <span class='ocrx_word' id='word_1_675' title='bbox 1681 5144 1740 5194; x_wconf 90' lang='grc' dir='ltr'><strong>ἐν</strong></span> <span class='ocrx_word' id='word_1_676' title='bbox 1780 5143 1909 5211; x_wconf 88' lang='grc' dir='ltr'>ύμῖν</span> 
     </span>
    </p>
   </div>
   <div class='ocr_carea' id='block_1_97' title="bbox 328 5228 1907 5303">
    <p class='ocr_par' dir='ltr' id='par_1_97' title="bbox 328 5228 1907 5303">
     <span class='ocr_line' id='line_1_97' title="bbox 328 5228 1907 5303; baseline 0 -19"><span class='ocrx_word' id='word_1_677' title='bbox 328 5231 590 5302; x_wconf 74' lang='grc' dir='ltr'>εἰλικρινῆ</span> <span class='ocrx_word' id='word_1_678' title='bbox 614 5228 873 5284; x_wconf 75' lang='grc' dir='ltr'>διάνοιαν.</span> <span class='ocrx_word' id='word_1_679' title='bbox 901 5249 920 5282; x_wconf 79' lang='grc' dir='ltr'><strong>ι</strong></span> <span class='ocrx_word' id='word_1_680' title='bbox 955 5229 1216 5301; x_wconf 80' lang='grc' dir='ltr'>Καθαρᾶς</span> <span class='ocrx_word' id='word_1_681' title='bbox 1236 5229 1344 5300; x_wconf 74' lang='grc' dir='ltr'>γὰρ</span> <span class='ocrx_word' id='word_1_682' title='bbox 1375 5231 1635 5294; x_wconf 88' lang='grc' dir='ltr'>διανοίας.</span> <span class='ocrx_word' id='word_1_683' title='bbox 1670 5233 1778 5285; x_wconf 81' lang='grc' dir='ltr'><strong>τῶν</strong></span> <span class='ocrx_word' id='word_1_684' title='bbox 1807 5234 1907 5303; x_wconf 79' lang='grc' dir='ltr'>ἠδη</span> 
     </span>
    </p>
   </div>
   <div class='ocr_carea' id='block_1_98' title="bbox 328 5320 1906 5392">
    <p class='ocr_par' dir='ltr' id='par_1_98' title="bbox 328 5320 1906 5392">
     <span class='ocr_line' id='line_1_98' title="bbox 328 5320 1906 5392; baseline 0 -17"><span class='ocrx_word' id='word_1_685' title='bbox 328 5321 704 5375; x_wconf 76' lang='grc' dir='ltr'>ἀκουσθέντων</span> <span class='ocrx_word' id='word_1_686' title='bbox 754 5320 1193 5391; x_wconf 82' lang='grc' dir='ltr'>ἢὰποτεθέντων</span> <span class='ocrx_word' id='word_1_687' title='bbox 1249 5321 1532 5391; x_wconf 87' lang='grc' dir='ltr'>σωτηρίων</span> <span class='ocrx_word' id='word_1_688' title='bbox 1584 5323 1906 5392; x_wconf 83' lang='grc' dir='ltr'>μνησθῆναι,</span> 
     </span>
    </p>
   </div>
   <div class='ocr_carea' id='block_1_99' title="bbox 331 5409 1914 5482">
    <p class='ocr_par' dir='ltr' id='par_1_99' title="bbox 331 5409 1914 5482">
     <span class='ocr_line' id='line_1_99' title="bbox 331 5409 1914 5482; baseline 0.002 -21"><span class='ocrx_word' id='word_1_689' title='bbox 331 5411 425 5463; x_wconf 73' lang='grc' dir='ltr'><strong>καὶ</strong></span> <span class='ocrx_word' id='word_1_690' title='bbox 468 5410 811 5481; x_wconf 85' lang='grc' dir='ltr'>διεγερθῆναι</span> <span class='ocrx_word' id='word_1_691' title='bbox 845 5410 980 5479; x_wconf 81' lang='grc' dir='ltr'>πρὸς</span> <span class='ocrx_word' id='word_1_692' title='bbox 1012 5409 1350 5479; x_wconf 76' lang='grc' dir='ltr'>ἐπανάληψιν</span> <span class='ocrx_word' id='word_1_693' title='bbox 1387 5411 1486 5478; x_wconf 86' lang='grc' dir='ltr'><strong>τῆς</strong></span> <span class='ocrx_word' id='word_1_694' title='bbox 1522 5411 1726 5463; x_wconf 84' lang='grc' dir='ltr'>τούτων</span> <span class='ocrx_word' id='word_1_695' title='bbox 1748 5414 1914 5482; x_wconf 86' lang='grc' dir='ltr'>ἐργα-</span> 
     </span>
    </p>
   </div>
   <div class='ocr_carea' id='block_1_100' title="bbox 334 5499 1915 5571">
    <p class='ocr_par' dir='ltr' id='par_1_100' title="bbox 334 5499 1915 5571">
     <span class='ocr_line' id='line_1_100' title="bbox 334 5499 1915 5571; baseline 0.001 -19"><span class='ocrx_word' id='word_1_696' title='bbox 334 5499 459 5557; x_wconf 77' lang='grc' dir='ltr'>σίας</span> <span class='ocrx_word' id='word_1_697' title='bbox 485 5500 633 5570; x_wconf 76' lang='grc' dir='ltr'>πάσῃ</span> <span class='ocrx_word' id='word_1_698' title='bbox 675 5500 904 5567; x_wconf 76' lang='grc' dir='ltr'>δυνάμει</span> <span class='ocrx_word' id='word_1_699' title='bbox 960 5501 1053 5552; x_wconf 75' lang='grc' dir='ltr'>καὶ</span> <span class='ocrx_word' id='word_1_700' title='bbox 1112 5500 1407 5571; x_wconf 84' lang='grc' dir='ltr'>προθυμίᾳ.</span> <span class='ocrx_word' id='word_1_701' title='bbox 1452 5502 1715 5571; x_wconf 73' lang='grc' dir='ltr'>Ἀπετέθη</span> <span class='ocrx_word' id='word_1_702' title='bbox 1743 5503 1797 5556; x_wconf 82' lang='grc' dir='ltr'><strong>δὲ</strong></span> <span class='ocrx_word' id='word_1_703' title='bbox 1827 5504 1915 5555; x_wconf 78' lang='grc' dir='ltr'><strong>διὰ</strong></span> 
     </span>
    </p>
   </div>
   <div class='ocr_carea' id='block_1_101' title="bbox 342 5589 1919 5663">
    <p class='ocr_par' dir='ltr' id='par_1_101' title="bbox 342 5589 1919 5663">
     <span class='ocr_line' id='line_1_101' title="bbox 342 5589 1919 5663; baseline 0.005 -22"><span class='ocrx_word' id='word_1_704' title='bbox 342 5589 695 5658; x_wconf 84' lang='grc' dir='ltr'>προφητικῶν</span> <span class='ocrx_word' id='word_1_705' title='bbox 722 5591 816 5642; x_wconf 71' lang='grc' dir='ltr'><strong>καὶ</strong></span> <span class='ocrx_word' id='word_1_706' title='bbox 861 5590 1234 5645; x_wconf 88' lang='grc' dir='ltr'>ἀποστολικῶν</span> <span class='ocrx_word' id='word_1_707' title='bbox 1266 5592 1656 5663; x_wconf 82' lang='grc' dir='ltr'>κηρυγμάτων.</span> <span class='ocrx_word' id='word_1_708' title='bbox 1701 5594 1791 5645; x_wconf 74' lang='grc' dir='ltr'>Διο</span> <span class='ocrx_word' id='word_1_709' title='bbox 1825 5600 1919 5649; x_wconf 66' lang='grc' dir='ltr'><strong>καὶ</strong></span> 
     </span>
    </p>
   </div>
   <div class='ocr_carea' id='block_1_102' title="bbox 339 5679 1920 5755">
    <p class='ocr_par' dir='ltr' id='par_1_102' title="bbox 339 5679 1920 5755">
     <span class='ocr_line' id='line_1_102' title="bbox 339 5679 1920 5755; baseline 0.002 -22"><span class='ocrx_word' id='word_1_710' title='bbox 339 5679 550 5743; x_wconf 87' lang='grc' dir='ltr'>Παῦλός</span> <span class='ocrx_word' id='word_1_711' title='bbox 580 5696 744 5749; x_wconf 85' lang='grc' dir='ltr'>φησιν</span> <span class='ocrx_word' id='word_1_712' title='bbox 764 5696 779 5711; x_wconf 86' lang='grc'><strong>·</strong></span> <span class='ocrx_word' id='word_1_713' title='bbox 817 5700 834 5731; x_wconf 79' lang='grc' dir='ltr'><strong>ι</strong></span> <span class='ocrx_word' id='word_1_714' title='bbox 889 5681 1426 5752; x_wconf 75' lang='grc' dir='ltr'>Ἐποικοδομούαενοι</span> <span class='ocrx_word' id='word_1_715' title='bbox 1453 5684 1545 5736; x_wconf 70' lang='grc' dir='ltr'><strong>ἐπὶ</strong></span> <span class='ocrx_word' id='word_1_716' title='bbox 1576 5683 1654 5753; x_wconf 84' lang='grc' dir='ltr'>τῷ</span> <span class='ocrx_word' id='word_1_717' title='bbox 1687 5684 1920 5755; x_wconf 71' lang='grc' dir='ltr'>θεμελίῳ</span> 
     </span>
    </p>
   </div>
   <div class='ocr_carea' id='block_1_103' title="bbox 413 5858 968 5924">
    <p class='ocr_par' dir='ltr' id='par_1_103' title="bbox 413 5858 968 5924">
     <span class='ocr_line' id='line_1_103' title="bbox 413 5858 968 5924; baseline 0 -11"><span class='ocrx_word' id='word_1_718' title='bbox 413 5861 459 5892; x_wconf 83' lang='grc'>²⁶</span> <span class='ocrx_word' id='word_1_719' title='bbox 481 5858 643 5915; x_wconf 81' lang='lat' dir='ltr'><strong>Prov.</strong></span> <span class='ocrx_word' id='word_1_720' title='bbox 696 5875 846 5924; x_wconf 76' lang='lat' dir='ltr'><strong>xm,</strong></span> <span class='ocrx_word' id='word_1_721' title='bbox 888 5860 968 5913; x_wconf 86' lang='grc' dir='ltr'><strong>ιι.</strong></span> 
     </span>
    </p>
   </div>
   <div class='ocr_carea' id='block_1_104' title="bbox 2007 4674 3579 4745">
    <p class='ocr_par' dir='ltr' id='par_1_104' title="bbox 2007 4674 3579 4745">
     <span class='ocr_line' id='line_1_104' title="bbox 2007 4674 3579 4745; baseline -0.001 -14"><span class='ocrx_word' id='word_1_722' title='bbox 2007 4679 2077 4732; x_wconf 89' lang='lat' dir='ltr'><strong>tis</strong></span> <span class='ocrx_word' id='word_1_723' title='bbox 2113 4691 2326 4739; x_wconf 90' lang='lat' dir='ltr'><strong>eorum,</strong></span> <span class='ocrx_word' id='word_1_724' title='bbox 2369 4692 2492 4745; x_wconf 66' lang='lat' dir='ltr'><strong>qua:</strong></span> <span class='ocrx_word' id='word_1_725' title='bbox 2546 4674 2791 4745; x_wconf 78' lang='lat' dir='ltr'><strong>praedixi,</strong></span> <span class='ocrx_word' id='word_1_726' title='bbox 2825 4675 3114 4729; x_wconf 82' lang='lat' dir='ltr'><strong>verborum</strong></span> <span class='ocrx_word' id='word_1_727' title='bbox 3150 4690 3177 4727; x_wconf 89' lang='lat' dir='ltr'><strong>a</strong></span> <span class='ocrx_word' id='word_1_728' title='bbox 3219 4683 3424 4729; x_wconf 83' lang='lat' dir='ltr'><strong>sanctis</strong></span> <span class='ocrx_word' id='word_1_729' title='bbox 3455 4691 3579 4744; x_wconf 82' lang='lat' dir='ltr'><strong>pro-</strong></span> 
     </span>
    </p>
   </div>
   <div class='ocr_carea' id='block_1_105' title="bbox 2008 4769 3579 4838">
    <p class='ocr_par' dir='ltr' id='par_1_105' title="bbox 2008 4769 3579 4838">
     <span class='ocr_line' id='line_1_105' title="bbox 2008 4769 3579 4838; baseline -0.001 -17"><span class='ocrx_word' id='word_1_730' title='bbox 2008 4770 2208 4838; x_wconf 78' lang='lat' dir='ltr'><strong>plietis,</strong></span> <span class='ocrx_word' id='word_1_731' title='bbox 2264 4776 2318 4821; x_wconf 82' lang='lat' dir='ltr'><strong>et</strong></span> <span class='ocrx_word' id='word_1_732' title='bbox 2380 4769 2748 4837; x_wconf 79' lang='lat' dir='ltr'><strong>apostoiorum</strong></span> <span class='ocrx_word' id='word_1_733' title='bbox 2800 4773 3128 4826; x_wconf 80' lang='lat' dir='ltr'><strong>vestrorum,</strong></span> <span class='ocrx_word' id='word_1_734' title='bbox 3184 4776 3579 4835; x_wconf 69' lang='lat' dir='ltr'><strong>prazccptorum</strong></span> 
     </span>
    </p>
   </div>
   <div class='ocr_carea' id='block_1_106' title="bbox 2011 4854 3581 4921">
    <p class='ocr_par' dir='ltr' id='par_1_106' title="bbox 2011 4854 3581 4921">
     <span class='ocr_line' id='line_1_106' title="bbox 2011 4854 3581 4921; baseline -0.001 -9"><span class='ocrx_word' id='word_1_735' title='bbox 2011 4859 2222 4913; x_wconf 89' lang='lat' dir='ltr'><strong>Domini</strong></span> <span class='ocrx_word' id='word_1_736' title='bbox 2262 4869 2317 4912; x_wconf 86' lang='lat' dir='ltr'><strong>et</strong></span> <span class='ocrx_word' id='word_1_737' title='bbox 2354 4858 2677 4912; x_wconf 64' lang='lat' dir='ltr'><strong>Salvator-is.</strong></span> <span class='ocrx_word' id='word_1_738' title='bbox 2727 4876 2744 4908; x_wconf 83' lang='grc' dir='ltr'><strong>ι</strong></span> <span class='ocrx_word' id='word_1_739' title='bbox 2794 4857 2873 4911; x_wconf 80' lang='lat' dir='ltr'><strong>Ex</strong></span> <span class='ocrx_word' id='word_1_740' title='bbox 2917 4854 3002 4911; x_wconf 85' lang='lat' dir='ltr'><strong>his</strong></span> <span class='ocrx_word' id='word_1_741' title='bbox 3053 4857 3233 4910; x_wconf 86' lang='lat' dir='ltr'><strong>verbis</strong></span> <span class='ocrx_word' id='word_1_742' title='bbox 3293 4857 3581 4921; x_wconf 79' lang='lat' dir='ltr'><strong>discimus,</strong></span> 
     </span>
    </p>
   </div>
   <div class='ocr_carea' id='block_1_107' title="bbox 2010 4948 3588 5020">
    <p class='ocr_par' dir='ltr' id='par_1_107' title="bbox 2010 4948 3588 5020">
     <span class='ocr_line' id='line_1_107' title="bbox 2010 4948 3588 5020; baseline -0.003 -13"><span class='ocrx_word' id='word_1_743' title='bbox 2010 4952 2149 5007; x_wconf 80' lang='lat' dir='ltr'><strong>duas</strong></span> <span class='ocrx_word' id='word_1_744' title='bbox 2179 4961 2384 5004; x_wconf 89' lang='lat' dir='ltr'><strong>tantum</strong></span> <span class='ocrx_word' id='word_1_745' title='bbox 2423 4949 2688 5020; x_wconf 76' lang='lat' dir='ltr'><strong>Epistolas</strong></span> <span class='ocrx_word' id='word_1_746' title='bbox 2715 4949 2931 5003; x_wconf 85' lang='lat' dir='ltr'><strong>Petrum</strong></span> <span class='ocrx_word' id='word_1_747' title='bbox 2967 4948 3277 5018; x_wconf 89' lang='lat' dir='ltr'><strong>scripsisse.</strong></span> <span class='ocrx_word' id='word_1_748' title='bbox 3314 4967 3332 5001; x_wconf 81' lang='grc' dir='ltr'><strong>ι</strong></span> <span class='ocrx_word' id='word_1_749' title='bbox 3375 4948 3430 5002; x_wconf 90' lang='lat' dir='ltr'><strong>lu</strong></span> <span class='ocrx_word' id='word_1_750' title='bbox 3462 4953 3588 5019; x_wconf 88' lang='lat' dir='ltr'><strong>qui-</strong></span> 
     </span>
    </p>
   </div>
   <div class='ocr_carea' id='block_1_108' title="bbox 2014 5041 3586 5111">
    <p class='ocr_par' dir='ltr' id='par_1_108' title="bbox 2014 5041 3586 5111">
     <span class='ocr_line' id='line_1_108' title="bbox 2014 5041 3586 5111; baseline -0.003 -12"><span class='ocrx_word' id='word_1_751' title='bbox 2014 5045 2117 5099; x_wconf 87' lang='lat' dir='ltr'><strong>hus</strong></span> <span class='ocrx_word' id='word_1_752' title='bbox 2147 5045 2349 5105; x_wconf 80' lang='lat' dir='ltr'><strong>excito,</strong></span> <span class='ocrx_word' id='word_1_753' title='bbox 2391 5063 2406 5094; x_wconf 82' lang='grc' dir='ltr'><strong>ι</strong></span> <span class='ocrx_word' id='word_1_754' title='bbox 2443 5051 2578 5107; x_wconf 76' lang='lat' dir='ltr'><strong>etc.,</strong></span> <span class='ocrx_word' id='word_1_755' title='bbox 2613 5044 2713 5095; x_wconf 89' lang='lat' dir='ltr'><strong>hoc</strong></span> <span class='ocrx_word' id='word_1_756' title='bbox 2742 5051 2848 5106; x_wconf 90' lang='lat' dir='ltr'><strong>est,</strong></span> <span class='ocrx_word' id='word_1_757' title='bbox 2889 5042 2942 5093; x_wconf 92' lang='lat' dir='ltr'><strong>in</strong></span> <span class='ocrx_word' id='word_1_758' title='bbox 2973 5041 3175 5110; x_wconf 88' lang='lat' dir='ltr'><strong>quibus</strong></span> <span class='ocrx_word' id='word_1_759' title='bbox 3205 5042 3471 5111; x_wconf 84' lang='lat' dir='ltr'><strong>epistolis.</strong></span> <span class='ocrx_word' id='word_1_760' title='bbox 3502 5043 3586 5095; x_wconf 81' lang='lat' dir='ltr'><strong>vel</strong></span> 
     </span>
    </p>
   </div>
   <div class='ocr_carea' id='block_1_109' title="bbox 2014 5134 3588 5204">
    <p class='ocr_par' dir='ltr' id='par_1_109' title="bbox 2014 5134 3588 5204">
     <span class='ocr_line' id='line_1_109' title="bbox 2014 5134 3588 5204; baseline -0.002 -16"><span class='ocrx_word' id='word_1_761' title='bbox 2014 5149 2112 5204; x_wconf 84' lang='lat' dir='ltr'><strong>per</strong></span> <span class='ocrx_word' id='word_1_762' title='bbox 2138 5149 2275 5203; x_wconf 85' lang='lat' dir='ltr'><strong>quas</strong></span> <span class='ocrx_word' id='word_1_763' title='bbox 2306 5134 2563 5199; x_wconf 81' lang='lat' dir='ltr'><strong>epistolas</strong></span> <span class='ocrx_word' id='word_1_764' title='bbox 2605 5154 2623 5185; x_wconf 77' lang='grc' dir='ltr'><strong>ι</strong></span> <span class='ocrx_word' id='word_1_765' title='bbox 2663 5144 2896 5188; x_wconf 84' lang='lat' dir='ltr'><strong>vestram</strong></span> <span class='ocrx_word' id='word_1_766' title='bbox 2924 5134 3104 5189; x_wconf 78' lang='lat' dir='ltr'><strong>excito</strong></span> <span class='ocrx_word' id='word_1_767' title='bbox 3133 5134 3401 5188; x_wconf 87' lang='lat' dir='ltr'><strong>sinceram</strong></span> <span class='ocrx_word' id='word_1_768' title='bbox 3431 5149 3588 5185; x_wconf 88' lang='lat' dir='ltr'><strong>men-</strong></span> 
     </span>
    </p>
   </div>
   <div class='ocr_carea' id='block_1_110' title="bbox 2016 5227 3590 5294">
    <p class='ocr_par' dir='ltr' id='par_1_110' title="bbox 2016 5227 3590 5294">
     <span class='ocr_line' id='line_1_110' title="bbox 2016 5227 3590 5294; baseline -0.003 -14"><span class='ocrx_word' id='word_1_769' title='bbox 2016 5236 2148 5283; x_wconf 83' lang='lat' dir='ltr'><strong>tem.</strong></span> <span class='ocrx_word' id='word_1_770' title='bbox 2196 5246 2215 5280; x_wconf 77' lang='grc' dir='ltr'><strong>ι</strong></span> <span class='ocrx_word' id='word_1_771' title='bbox 2263 5227 2503 5282; x_wconf 69' lang='lat' dir='ltr'><strong>Sinccrm</strong></span> <span class='ocrx_word' id='word_1_772' title='bbox 2537 5228 2680 5280; x_wconf 88' lang='lat' dir='ltr'><strong>enim</strong></span> <span class='ocrx_word' id='word_1_773' title='bbox 2723 5228 2918 5281; x_wconf 80' lang='lat' dir='ltr'><strong>mentis</strong></span> <span class='ocrx_word' id='word_1_774' title='bbox 2949 5236 3059 5291; x_wconf 77' lang='lat' dir='ltr'><strong>est,</strong></span> <span class='ocrx_word' id='word_1_775' title='bbox 3089 5240 3278 5279; x_wconf 82' lang='lat' dir='ltr'><strong>eorum</strong></span> <span class='ocrx_word' id='word_1_776' title='bbox 3319 5240 3438 5294; x_wconf 75' lang='lat' dir='ltr'><strong>qua:</strong></span> <span class='ocrx_word' id='word_1_777' title='bbox 3486 5239 3590 5277; x_wconf 85' lang='lat' dir='ltr'><strong>an-</strong></span> 
     </span>
    </p>
   </div>
   <div class='ocr_carea' id='block_1_111' title="bbox 2016 5317 3585 5387">
    <p class='ocr_par' dir='ltr' id='par_1_111' title="bbox 2016 5317 3585 5387">
     <span class='ocr_line' id='line_1_111' title="bbox 2016 5317 3585 5387; baseline -0.005 -14"><span class='ocrx_word' id='word_1_778' title='bbox 2016 5319 2130 5373; x_wconf 84' lang='lat' dir='ltr'><strong>dita</strong></span> <span class='ocrx_word' id='word_1_779' title='bbox 2166 5327 2219 5373; x_wconf 88' lang='lat' dir='ltr'><strong>et</strong></span> <span class='ocrx_word' id='word_1_780' title='bbox 2250 5319 2494 5387; x_wconf 86' lang='lat' dir='ltr'><strong>deposita</strong></span> <span class='ocrx_word' id='word_1_781' title='bbox 2525 5330 2651 5372; x_wconf 89' lang='lat' dir='ltr'><strong>sunt</strong></span> <span class='ocrx_word' id='word_1_782' title='bbox 2684 5319 3020 5381; x_wconf 78' lang='lat' dir='ltr'><strong>meminisse,</strong></span> <span class='ocrx_word' id='word_1_783' title='bbox 3055 5326 3107 5371; x_wconf 89' lang='lat' dir='ltr'><strong>et</strong></span> <span class='ocrx_word' id='word_1_784' title='bbox 3159 5318 3223 5370; x_wconf 87' lang='lat' dir='ltr'><strong>ad</strong></span> <span class='ocrx_word' id='word_1_785' title='bbox 3273 5332 3338 5371; x_wconf 89' lang='lat' dir='ltr'><strong>ea</strong></span> <span class='ocrx_word' id='word_1_786' title='bbox 3391 5317 3585 5369; x_wconf 66' lang='lat' dir='ltr'><strong>itm&#39;nm</strong></span> 
     </span>
    </p>
   </div>
   <div class='ocr_carea' id='block_1_112' title="bbox 2020 5405 3588 5483">
    <p class='ocr_par' dir='ltr' id='par_1_112' title="bbox 2020 5405 3588 5483">
     <span class='ocr_line' id='line_1_112' title="bbox 2020 5405 3588 5483; baseline -0.006 -17"><span class='ocrx_word' id='word_1_787' title='bbox 2020 5420 2272 5483; x_wconf 81' lang='lat' dir='ltr'><strong>prompte</strong></span> <span class='ocrx_word' id='word_1_788' title='bbox 2314 5420 2367 5465; x_wconf 89' lang='lat' dir='ltr'><strong>et</strong></span> <span class='ocrx_word' id='word_1_789' title='bbox 2402 5410 2659 5463; x_wconf 82' lang='lat' dir='ltr'><strong>alacriter</strong></span> <span class='ocrx_word' id='word_1_790' title='bbox 2690 5408 3018 5477; x_wconf 76' lang='lat' dir='ltr'><strong>perficienda</strong></span> <span class='ocrx_word' id='word_1_791' title='bbox 3055 5407 3303 5464; x_wconf 74' lang='lat' dir='ltr'><strong>excitari.</strong></span> <span class='ocrx_word' id='word_1_792' title='bbox 3334 5405 3588 5475; x_wconf 88' lang='lat' dir='ltr'><strong>Deposita</strong></span> 
     </span>
    </p>
   </div>
   <div class='ocr_carea' id='block_1_113' title="bbox 2020 5495 3592 5569">
    <p class='ocr_par' dir='ltr' id='par_1_113' title="bbox 2020 5495 3592 5569">
     <span class='ocr_line' id='line_1_113' title="bbox 2020 5495 3592 5569; baseline -0.006 -12"><span class='ocrx_word' id='word_1_793' title='bbox 2020 5517 2152 5558; x_wconf 82' lang='lat' dir='ltr'><strong>vero</strong></span> <span class='ocrx_word' id='word_1_794' title='bbox 2180 5518 2242 5557; x_wconf 87' lang='lat' dir='ltr'><strong>ea</strong></span> <span class='ocrx_word' id='word_1_795' title='bbox 2281 5512 2411 5555; x_wconf 85' lang='lat' dir='ltr'><strong>sunt</strong></span> <span class='ocrx_word' id='word_1_796' title='bbox 2460 5516 2554 5569; x_wconf 88' lang='lat' dir='ltr'><strong>per</strong></span> <span class='ocrx_word' id='word_1_797' title='bbox 2583 5500 2924 5569; x_wconf 78' lang='lat' dir='ltr'><strong>prapheticas</strong></span> <span class='ocrx_word' id='word_1_798' title='bbox 2954 5507 3007 5553; x_wconf 88' lang='lat' dir='ltr'><strong>et</strong></span> <span class='ocrx_word' id='word_1_799' title='bbox 3038 5497 3371 5568; x_wconf 70' lang='lat' dir='ltr'><strong>apostolicas</strong></span> <span class='ocrx_word' id='word_1_800' title='bbox 3396 5495 3592 5565; x_wconf 68' lang='lat' dir='ltr'><strong>praedi-</strong></span> 
     </span>
    </p>
   </div>
   <div class='ocr_carea' id='block_1_114' title="bbox 2026 5586 3588 5659">
    <p class='ocr_par' dir='ltr' id='par_1_114' title="bbox 2026 5586 3588 5659">
     <span class='ocr_line' id='line_1_114' title="bbox 2026 5586 3588 5659; baseline -0.007 -9"><span class='ocrx_word' id='word_1_801' title='bbox 2026 5596 2293 5650; x_wconf 85' lang='lat' dir='ltr'><strong>cationes.</strong></span> <span class='ocrx_word' id='word_1_802' title='bbox 2356 5593 2537 5659; x_wconf 75' lang='lat' dir='ltr'><strong>Quare</strong></span> <span class='ocrx_word' id='word_1_803' title='bbox 2592 5601 2646 5647; x_wconf 83' lang='lat' dir='ltr'><strong>ct</strong></span> <span class='ocrx_word' id='word_1_804' title='bbox 2699 5592 2900 5645; x_wconf 77' lang='lat' dir='ltr'><strong>l’aulns</strong></span> <span class='ocrx_word' id='word_1_805' title='bbox 2956 5592 3071 5643; x_wconf 89' lang='lat' dir='ltr'><strong>ait:</strong></span> <span class='ocrx_word' id='word_1_806' title='bbox 3108 5607 3126 5640; x_wconf 79' lang='grc' dir='ltr'><strong>ι</strong></span> <span class='ocrx_word' id='word_1_807' title='bbox 3166 5586 3588 5659; x_wconf 68' lang='lat' dir='ltr'><strong>Snperaedilicati</strong></span> 
     </span>
    </p>
   </div>
   <div class='ocr_carea' id='block_1_115' title="bbox 2029 5680 3589 5756">
    <p class='ocr_par' dir='ltr' id='par_1_115' title="bbox 2029 5680 3589 5756">
     <span class='ocr_line' id='line_1_115' title="bbox 2029 5680 3589 5756; baseline -0.008 -15"><span class='ocrx_word' id='word_1_808' title='bbox 2029 5702 2192 5756; x_wconf 81' lang='lat' dir='ltr'><strong>Supra</strong></span> <span class='ocrx_word' id='word_1_809' title='bbox 2264 5685 2669 5739; x_wconf 78' lang='lat' dir='ltr'><strong>inttdantcntum</strong></span> <span class='ocrx_word' id='word_1_810' title='bbox 2736 5681 3104 5752; x_wconf 84' lang='lat' dir='ltr'><strong>apostolorum</strong></span> <span class='ocrx_word' id='word_1_811' title='bbox 3181 5690 3236 5735; x_wconf 88' lang='lat' dir='ltr'><strong>et</strong></span> <span class='ocrx_word' id='word_1_812' title='bbox 3299 5680 3589 5750; x_wconf 64' lang='lat' dir='ltr'><strong>prophetae</strong></span> 
     </span>
    </p>
   </div>
  </div>
