4010 6574
486 465 627 531 1279
1342 467 1930 531 THEOPHYLACTI
1975 468 2071 530 ΒΗ
2084 469 2385 531 ιΟΛῐὶΙΕ
2426 471 2779 531 ABCHIEP.
3596 465 3749 527 tam

480 591 603 630 rum
633 573 705 628 ".
744 591 764 627 ι
796 572 1002 629 Omnes
1034 572 1181 628 enim
1223 571 1313 628 isti
1366 574 1660 628 adventum
1693 572 1908 626 Domini
1954 588 2048 625 au-

2183 574 2263 625 τῶν
2307 575 2622 629 ἀποστόλων
2667 576 2761 629 καὶ
2800 572 3113 646 προφητῶν.
3144 591 3161 624 ι
3205 572 3412 633 Πάντες
3459 571 3566 640 γὰρ
3595 569 3755 627 οὖτα

476 667 811 723 nuntiarunt
844 682 859 720 :
891 680 1067 735 neque
1113 679 1244 719 sane
1281 665 1512 718 testibus
1559 662 1876 733 hujusmodi
1925 663 2056 718 ﬁdes

2183 663 2257 733 :i;v
2281 663 2374 717 τοῦ
2400 666 2603 736 Κυρίου
2636 664 2937 735 παρουσίαν
2968 662 3332 731 κατήγγειλαν
3354 678 3365 691 ·
3402 662 3497 715 καὶ
3522 663 3624 715 οὑκ
3654 662 3758 714 ἔσο

481 759 668 830 negari
696 757 818 826 jure
842 766 1043 826 potest.
1087 757 1190 809 Sed
1224 771 1346 817 cur.
1383 756 1583 825 inquit,
1625 756 1748 810 dico
1782 755 2060 825 apostolos

480 863 534 909 et
561 852 900 924 prophetas?
926 850 1193 917 Quoniam
1220 851 1308 904 isti
1345 865 1470 903 cum
1502 849 1760 916 primum,
1802 859 1914 901 tum
1966 864 2052 902 se-

482 947 721 1003 cttndutn
756 945 931 1013 ipsius
960 943 1173 998 Domini
1202 951 1254 997 et
1297 941 1597 995 Salvatoris
1634 940 1807 995 nostri
1860 940 2060 995 adven-

486 1050 600 1093 tum
635 1037 1054 1091 annuntiarunl.
1104 1033 1392 1089 Orationis
1425 1045 1605 1089 autem
1645 1042 1924 1089 structura
1985 1034 2057 1087 ita

484 1144 543 1181 se
583 1127 745 1180 habet
781 1145 794 1180 :
830 1145 848 1177 t
884 1125 957 1181 Ut
1001 1138 1273 1179 memores
1319 1124 1441 1179 silis
1471 1125 1764 1176 verborum
1797 1138 1825 1176 a
1855 1124 2062 1177 sanctis

484 1218 765 1287 pr0phetis
799 1217 1208 1287 praedictorum,
1260 1222 1312 1267 et
1344 1224 1740 1283 praeceptorum
1788 1213 2061 1280 apostolo-

486 1324 605 1360 rum
642 1314 944 1360 vestrorum
975 1313 1030 1359 ct
1064 1305 1443 1361 mandatorum
1474 1304 1688 1358 Domini
1714 1311 1765 1357 et
1800 1303 2053 1358 Salvato-

486 1397 563 1450 ris
599 1393 728 1449 Jesu
760 1394 990 1449 Christi.
1034 1412 1053 1446 ι
1087 1395 1259 1459 Quam
1302 1409 1433 1447 vero
1481 1393 1550 1444 oh
1595 1408 1820 1446 causam
1860 1407 2063 1447 memo-

491 1486 631 1540 riam
701 1486 897 1541 borum
953 1485 1300 1541 excitandam
1358 1484 1658 1553 pra-cipiat,
1719 1482 2003 1555 subiungit
2041 1523 2056 1545 ,

489 1589 707 1644 nempe,
732 1573 998 1644 quoniam
1034 1572 1071 1625 ii
1104 1573 1197 1642 qui
1242 1572 1308 1628 ad
1345 1572 1573 1628 ductum
1605 1573 2064 1643 concupiscentiae

2161 773 2243 809 τιν
2271 758 2518 809 ἀπιστεῖν
2547 756 2821 821 τοσούτοις
2852 756 3111 825 μάρτυσι.
3164 756 3274 808 Kal
3306 754 3383 819 τί,
3434 755 3590 822 φησὶ,
3657 755 3757 805 λέ-

2160 864 2242 912 γω
2273 848 2559 917 προφήτας
2595 849 2689 901 καὶ
2720 846 3050 908 ἀποστόλους
3074 862 3089 907 ;
3117 845 3241 898 Ὀτι
3264 844 3634 911 κατήγγειλαν
3651 846 3756 896 καὶ

2159 935 2259 1006 τὴν
2288 937 2510 1008 πρώτην
2536 937 2630 991 καὶ
2667 937 2765 1007 τὴν
2802 937 3057 1008 δευτέραν
3097 935 3259 990 αὑτοῦ
3291 936 3383 988 τοῦ
3415 934 3623 1002 Κυρίου
3652 935 3753 987 κοὶ

2161 1027 2409 1096 Σωτῆρος
2440 1027 2595 1097 ήμῶν
2630 1028 2950 1097 παρουσίαν.
3024 1028 3131 1080 Kal
3169 1027 3318 1080 ἐστιν
3363 1025 3421 1096 [ἡ
3452 1024 3750 1095 σύνταξις]

2159 1115 2358 1177 οὕτως·
2416 1117 2735 1186 Μνησθῆναι
2774 1118 2882 1171 τῶν
2911 1118 3324 1189 προειρημένων
3347 1117 3612 1188 ῥημάτων
3641 1117 3755 1169 ὑπὸ

2161 1206 2269 1260 τῶν
2296 1208 2468 1276 ἀγίων
2499 1209 2817 1279 προφητῶν,
2848 1210 2954 1263 ὑπο
2986 1209 3095 1262 τῶν
3126 1209 3443 1265 ἀποστόλων
3477 1208 3634 1276 ὑμῶν
3662 1211 3752 1259 ὲν-

2159 1299 2343 1368 τολῆς,
2374 1300 2480 1353 ὑπο
2505 1301 2607 1369 τῆς
2662 1301 2881 1372 ἐντολῆς
2913 1301 3007 1355 τοῦ
3041 1302 3246 1372 Κυρίου
3265 1302 3361 1354 καὶ
3404 1301 3684 1370 Σωτῆρος.
3725 1318 3746 1351 ι

2162 1390 2319 1444 Κατὰ
2355 1391 2536 1445 κοινοῦ
2577 1392 2686 1460 γὰρ
2713 1394 2767 1461 ἡ,
2854 1411 2873 1443 ι
2908 1393 3035 1447 ὑπό.
3085 1411 3103 1443 ι
3136 1392 3245 1445 Kal
3272 1392 3359 1445 διὰ
3388 1394 3439 1443 τί
3469 1394 3573 1460 τὴν
3616 1392 3755 1460 μνή-

2165 1498 2273 1551 μην
2312 1482 2516 1552 ταύτην
2554 1485 2986 1555 ἀναζωπυρῆσαι
3020 1484 3476 1556 παρακελεύεται,
3528 1487 3749 1551 ἐπάγει,

2160 1571 2242 1625 ὅτι
2266 1573 2327 1624 οί
2356 1572 2620 1640 ἐμπαθῶς
2645 1574 2845 1639 ζῶντες
2871 1575 3010 1630 κατὰ
3037 1579 3133 1639 τὰς
3171 1576 3381 1639 οἰκείας
3424 1577 3753 1646 ἐπιθυμίας,

489 1681 604 1721 suae
633 1665 841 1731 vivunt,
870 1670 1161 1719 cernentes
1188 1662 1481 1719 nonnullos
1507 1662 1720 1717 Domini
1745 1664 2059 1728 adventum,

2204 1662 2436 1733 ὁρῶντές
2457 1681 2616 1727 τινας
2640 1664 2660 1737 ]
2682 1667 2916 1731 δεδιότας
2947 1668 3043 1739 τὴν
3072 1669 3166 1723 τοῦ
3198 1670 3400 1739 Κυρίου
3424 1671 3748 1741 παρουσίαηι

491 1772 652 1825 quem
675 1757 793 1826 ipse
813 1755 978 1813 etiam
1018 1755 1279 1811 Dominus
1314 1753 1588 1825 prmdixit,
1632 1762 1961 1819 metuentes,
2009 1762 2065 1810 et

2183 1756 2227 1826 iv
2255 1756 2392 1827 μετά
2406 1758 2588 1812 ἄλλων
2626 1757 2900 1830 θεοφόρων
2926 1759 2947 1833 [
2974 1760 3070 1815 καὶ
3090 1762 3249 1825 αὐτὸς
3276 1764 3306 1816 δ
3336 1761 3540 1834 Κύριος
3568 1761 3586 1834 ]
3628 1779 3757 1831 προ-

490 1846 591 1899 hac
620 1847 686 1900 de
726 1861 891 1900 causa
936 1846 1283 1900 inhonestam
1321 1858 1511 1898 eorum
1543 1844 1709 1897 vitam
1743 1844 2062 1899 abominan-

2183 1852 2513 1920 εατήγγειλε,
2546 1854 2640 1907 καὶ
2673 1853 2761 1906 διά
2779 1853 2981 1925 ταύτην
3003 1854 3329 1918 ἀθετοῦντας
3354 1854 3494 1927 [τὴν
3516 1857 3755 1925 ἄσεμνον

493 1947 599 1996 trs.
632 1936 794 2007 397
829 1939 1126 2007 praesertim
1166 1952 1294 1989 vero
1346 1950 1471 1988 cum
1529 1950 1640 1988 non
1696 1935 1878 1990 statim
1941 1944 2067 2002 post

2183 1942 2352 1995 ιὺτῶν
2373 1943 2620 2016 gnatm]
2650 1947 2745 1998 καὶ
2776 1944 3035 2016 μάλιστα,
3074 1946 3155 1999 ὅτι
3179 1946 3255 2016 μὴ
3281 1945 3421 2000 κατὰ
3453 1946 3625 2008 πόδας
3654 1946 3754 1999 τῶν

489 2028 652 2080 verba
692 2028 1029 2095 experientia
1085 2035 1432 2095 sequeretur,
1462 2025 1557 2080 sed
1592 2026 1706 2079 hac
1735 2026 1804 2080 ob
1838 2025 2068 2082 salutem

2183 2034 2347 2101 λόγων
2371 2037 2403 2104 ἡ
2427 2039 2590 2107 πεῖρα
2616 2037 2835 2105 φθάνει,
2860 2037 2995 2111 ἀλλά
3025 2038 3407 2108 παρατείνεται
3427 2038 3513 2090 διὰ
3536 2039 3635 2106 τὴν
3654 2055 3756 2091 σω-

490 2118 777 2172 dill'eratur
814 2134 1004 2175 eorum
1031 2119 1122 2189 qui
1151 2121 1203 2172 in
1233 2120 1532 2173 electorum
1583 2118 1723 2171 libro
1776 2118 2070 2186 conscripti

2183 2130 2369 2196 τηρταν
2398 2128 2503 2181 τῶν
2536 2130 2594 2181 ἐν
2617 2133 2683 2199 τῇ
2717 2130 2883 2201 βίϐλῳ
2908 2129 3022 2182 τῶν
3049 2130 3370 2199 σωζομένων
3398 2131 3752 2200 γραφέντων-

493 2219 642 2276 sunt,
697 2209 881 2266 lidcles
930 2211 1275 2282 impudenter
1316 2211 1599 2275 invadunt,
1651 2221 1708 2263 ttt
1772 2226 1867 2265 eos
1914 2209 2063 2264 deci-

492 2303 662 2372 pian‘.

568 2394 728 2451 Vens.
764 2395 797 2448 3
827 2398 881 2452 5.
915 2416 933 2447 t
972 2395 1084 2451 Hoc
1128 2398 1359 2467 primum
1390 2399 1647 2459 scientes,
1681 2396 1823 2465 quod
1851 2399 2077 2451 venient

495 2485 548 2540 in
586 2489 895 2543 novissimis
943 2490 1135 2544 diebus
1173 2490 1225 2543 in
1274 2489 1593 2557 deceptione
1644 2489 1897 2543 illusorcs
1925 2490 2076 2556 juxta

494 2580 740 2648 proprias
806 2580 1273 2650 concupiscentiis
1325 2580 1668 2633 ambulantes
1698 2620 1713 2643 ,
1776 2579 2015 2634 dicentes
2060 2595 2075 2633 :

495 2667 595 2726 Ubi
626 2683 710 2724 est
766 2672 1056 2738 promissio
1136 2672 1405 2726 adventus
1453 2673 1571 2740 ejus
1611 2672 1636 2725 ?
1682 2671 1752 2725 Ex
1800 2687 1907 2741 quo
1936 2670 2077 2725 enim

497 2773 679 2833 patres
713 2764 1080 2830 dormierunt,
1110 2765 1288 2818 omnia
1329 2764 1408 2819 sic
1437 2771 1787 2833 perseverant
1817 2763 1887 2818 ab
1927 2763 2082 2816 initio

496 2862 783 2908 creatura».
840 2853 993 2908 Latet
1053 2856 1195 2909 enini
1262 2871 1377 2916 eos.
1432 2856 1532 2908 hoc
1584 2855 1844 2911 volentes.
1881 2874 1900 2906 ι
1944 2853 2080 2920 Quia

501 2947 780 3002 secundus
815 2945 1026 3002 Domini
1049 2945 1317 3001 adven'us
1349 2963 1453 2999 non
1477 2947 1657 2999 statim
1688 2961 1753 3000 ac
1778 2947 2082 3015 promissus

499 3050 606 3102 est,
623 3039 853 3110 contigit
873 3038 1142 3109 (dill‘ertur
1160 3039 1371 3092 scilicet
1406 3037 1474 3090 ob
1498 3039 1792 3093 multorum
1829 3039 2081 3109 salutem,

502 3144 738 3197 quorum
770 3129 990 3182 nomina
1025 3127 1229 3197 scripta
1267 3136 1396 3182 sunt
1444 3129 1496 3180 in
1541 3127 1681 3182 libro
1713 3128 1875 3191 vitm)
1906 3144 1922 3192 ;
1959 3127 2085 3181 hinc

2177 2219 2495 2287 ἐπιφύονται
2529 2223 2759 2287 ἁναιόικ
2789 2225 2902 2287 τοῖς
2937 2222 3281 2277 πιστεύουσιν
3302 2223 3752 2286 ἐπιτωθάζοντες.

3175 2395 3258 2448 ὅτι
3309 2394 3624 2447 ἐλεύσονται
3664 2394 3753 2448 ἐπ’

2180 2487 2425 2557 ἐσχάτων
2440 2488 2668 2559 τῶνήμε
2678 2488 2787 2559 ρῶν
2815 2490 3135 2559 ἐμπαῖκται.
3168 2487 3310 2540 κα·τά
3336 2486 3433 2549 τας
3469 2487 3607 2549 ἰδίας
3633 2490 3755 2539 ἐπι-

2181 2577 2380 2646 θυμίας
2396 2577 2574 2630 αὑτῶν
2598 2579 2975 2649 πορευόμενοι,
2995 2578 3088 2631 καὶ
3117 2577 3389 2646 λέγοντες-⁸
3416 2576 3526 2629 Ποῦ
3544 2578 3697 2629 ἐστιν
3718 2577 3749 2646 ἠ

2183 2669 2486 2737 ἐπαγγελία
2511 2670 2609 2739 τῆς
2670 2670 2974 2739 παρουσίας
3022 2668 3226 2735 αὐτοῦς
3305 2670 3426 2737 Ἀφ’
3453 2664 3523 2740 ἧς
3563 2670 3675 2738 γάρ
3702 2669 3750 2720 οἱ

2184 2758 2422 2830 πατέρες
2451 2762 2610 2831 ἡμῶν
2643 2761 3040 2832 ἐκοιμήθησαν,
3065 2761 3246 2830 πίντα
3267 2760 3441 2823 οὕτως
3496 2758 3750 2828 διαμένει

2183 2857 2278 2913 ἀπ’
2306 2856 2479 2927 ἀρχῆς
2528 2855 2780 2917 κτίσεως.
2815 2854 3082 2908 Λανθάνει
3110 2853 3218 2924 γάρ
3249 2852 3448 2915 αὐτοὺς
3480 2851 3641 2904 τοῦτο
3669 2851 3753 2904 θέ-

2184 2948 2392 3012 λοντας.
2420 2947 2561 3018 ιρτῷ
2592 2946 2668 3018 μὴ
2694 2949 2835 3000 κατά
2866 2945 3070 3010 πόδας,
3110 2945 3263 3015 φησὶ,
3294 2943 3403 2996 τῶν
3444 2943 3622 3010 λόγων
3654 2942 3752 3013 τὴν

2187 3042 2383 3110 πεῖραν
2413 3039 2513 3104 τῆς
2550 3036 2853 3107 παρουσίας
2874 3034 2969 3087 τοῦ
3003 3035 3208 3105 Κυρίου
3240 3033 3632 3086 ἐπακολουθεῖν
3668 3032 3752 3085 διὰ

2254 2413 2271 2442 ι
2297 2393 2468 2447 Τοῦτο
2505 2395 2715 2463 πρῶτον
2741 2396 3122 2459 γινώσκοντες,

2185 3132 2281 3203 τὴν
2310 3132 2419 3183 τῶν
2465 3130 2676 3185 πολλῶν
2731 3127 3028 3198 σωτηρίαν,
3055 3127 3164 3181 τῶν
3210 3126 3643 3195 ἀπογραφέντων
3689 3127 3750 3194 τῇ

506 3237 524 3271 ι
555 3219 807 3274 illusores
838 3236 858 3269 ι
897 3218 1147 3273 homines
1178 3219 1359 3274 verbis
1400 3208 1729 3274 adoriuntur
1751 3234 1847 3275 eos
1876 3220 1970 3290 qui
2021 3218 2080 3274 li-

2186 3223 2355 3294 βίὸλῳ
2397 3223 2507 3275 τῶν
2561 3222 2802 3288 ζώντων,
2871 3218 3198 3288 ἐπιφύονται
3244 3221 3356 3282 τοῖς
3409 3218 3755 3273 πιστεύουσιν

502 3310 651 3366 doles
682 3320 832 3373 sunt,
878 3317 941 3364 ut
983 3310 1281 3379 decipiant,
1310 3310 1597 3366 dicentes:
1637 3328 1657 3363 ι
1697 3309 1800 3366 Ubi
1835 3320 1917 3366 est
1948 3325 2079 3381 pro-

502 3401 695 3456 missio
732 3402 999 3455 adventus
1028 3403 1185 3471 ejus?
1219 3421 1236 3454 I
1269 3403 1337 3454 At
1365 3412 1650 3472 propterea
1674 3403 1818 3473 quod
1851 3403 2086 3473 promis-

503 3507 627 3547 sutn
659 3508 827 3547 unum
871 3494 1111 3547 nondum
1159 3494 1228 3548 ob
1258 3494 1456 3549 dictam
1504 3495 1769 3550 rationem
1804 3496 2081 3567 impletum

503 3590 610 3647 est,
642 3583 781 3638 velle
808 3584 1067 3639 omnibus
1095 3584 1218 3653 ejus
1249 3585 1412 3640 dictis
1442 3584 1704 3651 ditlidere,
1748 3586 1981 3657 latisque
2014 3587 2085 3642 ab

505 3674 627 3743 ipso
651 3673 930 3728 hominum
968 3675 1344 3746 improborum
1362 3680 1720 3745 persuasione
1752 3693 1859 3731 non
1896 3694 2085 3747 parere

508 3767 805 3831 mandatis,
866 3768 1133 3823 absonum
1191 3768 1352 3839 plane
1409 3778 1462 3824 et
1512 3769 1777 3838 injustum
1821 3780 1927 3826 est.
1962 3773 2086 3827 Hmc

508 3868 642 3911 Vero
670 3859 815 3914 illius
837 3860 1100 3929 temporis
1134 3857 1405 3925 Gnostici,
1438 3876 1535 3917 seu
1570 3863 1824 3927 Naascni,
1850 3874 1902 3916 et
1930 3862 2089 3917 Lam-

508 3948 733 4016 pt-tiani,
761 3956 814 4003 et
859 3948 1104 4004 Euchita:
1132 3950 1474 4005 eﬂutiebant.
1514 3952 1665 4018 Quos
1696 3944 1886 4007 omnes
1922 3971 1941 4003 t
1984 3952 2086 4005 hoc

508 4037 677 4093 latere
729 4039 998 4103 volentes,
1041 4057 1061 4091 ι
1116 4041 1226 4104 ait;
1262 4052 1458 4109 sponte
1504 4043 1650 4095 enim
1702 4042 1771 4097 ad
1837 4042 2089 4098 veritatis

505 4128 690 4181 lumen
729 4129 919 4183 oculos
956 4130 1304 4185 claudebant.
1333 4131 1400 4185 At
1429 4133 1558 4202 quid
1593 4148 1689 4188 eos
1720 4134 1849 4189 lato-t
1877 4135 1900 4189 ἲ
1930 4135 2086 4202 Quod

508 4220 739 4283 scilicet,
796 4220 1254 4289 quemadmodum
1302 4225 1453 4288 olim,
1502 4240 1626 4279 cum
1674 4227 1796 4282 cmli
1837 4239 1888 4281 et
1924 4238 2087 4291 terra.

503 4309 661 4380 juxta
710 4310 998 4367 Mosaicam
1043 4313 1228 4368 mundi
1282 4316 1614 4373 conditionis
1666 4318 1972 4384 historiam,
2025 4336 2090 4374 ex

509 4418 647 4472 aqua
685 4403 791 4472 (ait
823 4405 991 4468 enim,
1020 4403 1188 4460 Deutn
1224 4406 1544 4474 imperasse,
1573 4419 1631 4462 ttt
1667 4429 1686 4461 t
1728 4411 1883 4463 iteret
1909 4412 2093 4465 ilrma-

510 4506 749 4550 mentmn
785 4495 837 4549 in
864 4496 1043 4551 medio
1068 4512 1329 4567 aquarum
1347 4501 1393 4531 “
1430 4516 1445 4553 :
1478 4518 1496 4551 ι
1519 4500 1769 4556 similiter
1796 4501 1922 4573 etjut
1949 4513 2090 4560 terra

2184 3315 2490 3384 ἐμπαῖκται
2520 3309 2957 3375 ἐπιτωθάζοντες
2983 3309 3077 3363 καὶ
3106 3308 3396 3378 λέγοντεςο,
3420 3328 3440 3360 ι
3477 3308 3589 3362 [lo-3
3614 3310 3754 3360 ἐστιν

2184 3406 2219 3475 ἠ
2254 3402 2552 3473 ἐπαγγελία
2578 3404 2678 3471 τῆς
2718 3401 3022 3475 παρουσίας
3057 3400 3266 3468 αὑτοῦς
3300 3420 3320 3454 ι
3353 3400 3453 3454 Διά
3494 3401 3628 3465 μιᾶς
3654 3400 3755 3453 τοία

2182 3511 2279 3549 νυν
2304 3494 2403 3563 τῆς
2435 3495 2601 3565 μήπω
2630 3492 2939 3564 ἀφιγμένης
2972 3490 3042 3546 δι’
3074 3490 3141 3556 ἃς
3193 3493 3531 3561 προείπομεν
3561 3493 3752 3554 αίτίας,

2184 3588 2245 3641 οὑ
2278 3586 2486 3641 δίκαιον
2518 3588 2613 3639 καὶ
2645 3588 2767 3649 ταῖς
2800 3583 2992 3645 ἄλλαις
3022 3582 3395 3655 σωτηριώδεσι
3421 3582 3518 3637 τοῦ
3553 3582 3752 3653 Κυρίου

2185 3677 2429 3739 ἐντολαῖς
2466 3675 2735 3740 ἀπειθεῖν,
2791 3673 3122 3744 κακούργων
3153 3672 3403 3741 γνώμαις
3429 3672 3754 3742 ἐκτραχηλι-

2187 3768 2468 3837 ζομένους.
2522 3765 2709 3820 Ταῦτα
2764 3765 2823 3819 δέ
2850 3766 2901 3818 οί
2928 3764 3049 3819 κατ’
3088 3764 3330 3827 ἐκείνους
3378 3765 3508 3826 τοὺς
3537 3764 3753 3833 καιροὺς

2188 3857 2503 3922 Γνωστικοὶ,
2543 3858 2662 3926 ἢτοι
2716 3854 3021 3927 Ναασηνοὶ,
3079 3855 3178 3907 καὶ
3228 3853 3628 3921 Λαμπετιανοὶ,
3670 3853 3757 3904 καὶ

2188 3951 2411 4020 Εὑχῖται
2447 3948 2771 4020 ἐληρῲδουν.
2824 3948 2936 4012 Οὓς
3005 3948 3213 4010 πάντας
3253 3964 3272 3997 ι
3306 3945 3593 4000 λανθάνειν
3652 3962 3755 4012 φη-

2192 4042 2277 4096 σίν
2314 4041 2537 4103 ἑκόντας
2566 4058 2582 4072 ·
2623 4060 2641 4092 ιι
2678 4040 2919 4094 ἐθελοντὶ
2942 4038 3053 4110 γὰρ
3082 4040 3278 4108 μύουσι
3313 4036 3450 4107 πρὸς
3489 4038 3586 4102 τὴν
3630 4038 3755 4104 ἅλιξ-

2191 4133 2363 4188 θειαν.
2400 4134 2510 4186 Kal
2549 4131 2603 4184 τί
2641 4132 2703 4184 τὸ
2726 4131 2990 4184 λανθάνον
3021 4128 3260 4195 αὑτούς;
3294 4129 3422 4184 Ὀτι
3474 4126 3664 4198 ὥσπερ
3702 4132 3757 4180 ὲν

2190 4226 2269 4295 τῷ
2301 4223 2673 4293 κατακλυσμῷ
2715 4219 2856 4293 ἦσαν
2889 4222 3129 4295 οὐρανοὶ,
3173 4220 3316 4273 κατά
3349 4218 3450 4288 τὴν
3487 4220 3755 4280 Μωῢσέως

2192 4317 2612 4385 κοσμογένειαν,
2644 4313 2704 4379 ἐξ
2739 4313 2932 4377 ὓδατος
2975 4314 3157 4384 (αὑτὸν
3184 4312 3293 4381 γάρ
3331 4328 3466 4380 φησι
3512 4312 3602 4363 τὸν
3634 4311 3758 4361 Θεὸν

2192 4406 2532 4461 ἐντείλασθαι
2570 4424 2588 4455 ι
2611 4404 2864 4473 γενέσθαι
2887 4403 3174 4473 στερέωμα
3209 4403 3267 4454 ἐν
3298 4402 3450 4471 μέσῳ
3493 4400 3590 4453 τοῦ
3644 4400 3759 4452 ὑδα-

2193 4516 2284 4561 τος
2316 4517 2334 4549 i
2356 4497 2397 4568 ),
2432 4498 2525 4551 καλ⁵
2556 4498 2588 4566 ἠ
2614 4499 2686 4567 γῆ
2727 4496 2784 4549 δὲ
2810 4495 3072 4558 ὡσαύτως
3107 4496 3171 4546 ἐκ
3204 4493 3316 4546 τῶν
3376 4492 3592 4546 ὑδάτων
3627 4510 3645 4542 ι
3670 4494 3757 4543 ἀν-

508 4600 573 4638 ex
612 4587 769 4656 aquis
815 4606 834 4640 t
865 4597 1171 4658 appareret,
1207 4606 1225 4639 ι
1281 4588 1333 4642 in
1383 4590 1583 4659 quibus
1627 4600 1787 4645 antea
1841 4592 2080 4648 demersa

2196 4592 2371 4660 εφάνη
2401 4610 2418 4640 ι
2448 4589 2524 4660 τῷ
2546 4589 2755 4641 ἐκείνου
2779 4587 3185 4657 προστάγματι,
3210 4582 3545 4653 ὑποϐρύχιος
3582 4582 3758 4642 αὑτοῖς

504 4676 742 4748 jacebat)
779 4689 1001 4747 repente
1025 4694 1090 4733 ac
1120 4690 1317 4749 praeter
1346 4681 1663 4750 opinionem
1693 4682 1960 4737 diluvium
1994 4700 2087 4739 su-

512 4769 761 4838 pervenit
792 4786 807 4825 :
836 4770 910 4823 ita
942 4781 996 4825 et
1020 4786 1166 4825 nunc
1189 4779 1456 4828 statutum
1481 4780 1566 4828 est
1593 4783 1651 4828 ut
1681 4789 1776 4844 per
1794 4776 1969 4846 ignem
1994 4776 2088 4831 ﬁat

512 4860 752 4916 universi
765 4859 1230 4927 destructio,cum
1259 4879 1370 4935 quo
1392 4873 1446 4920 et
1474 4865 1627 4936 impii
1659 4866 1930 4935 peribunt.
1952 4869 2089 4923 Cum

511 4950 658 5005 enim
707 4950 818 5011 duo
874 4950 986 5007 sint
1026 4952 1300 5023 praecipua
1349 4954 1538 5010 mundi
1588 4957 1751 5025 hujus
1796 4957 2088 5023 elementa,

512 5056 654 5111 aqua
680 5052 734 5096 et
762 5041 923 5114 ignis,
950 5057 981 5097 e
1010 5043 1213 5115 quibus
1241 5044 1352 5099 duo
1386 5045 1515 5109 alia,
1552 5061 1645 5101 aer
1677 5055 1732 5102 et
1770 5056 1939 5115 terra,
1971 5065 2096 5107 esse

514 5150 674 5191 suum
722 5135 1002 5207 accipiunt
1038 5152 1054 5192 :
1088 5137 1182 5193 ille
1209 5136 1432 5208 quidem
1476 5153 1539 5193 ex
1581 5138 1741 5209 aquis
1761 5142 2094 5210 evaporatis,

523 5228 640 5281 haec
674 5242 805 5283 vero
854 5244 921 5285 ex
953 5228 1147 5283 iisdem
1180 5227 1477 5291 concretis,
1513 5238 1619 5283 tam
1654 5230 2094 5300 evaporationem

516 5335 679 5391 quam
713 5320 1119 5376 concretionem
1152 5331 1416 5376 causante
1443 5320 1568 5392 igne
1595 5321 1758 5391 (quod
1791 5322 2099 5377 nullatenus

521 5412 845 5468 incredibile
874 5423 978 5478 est,
1009 5413 1446 5483 quandoquidem
1477 5413 1580 5467 hac
1612 5427 1644 5467 a
1678 5411 1786 5468 Deo
1814 5414 2099 5471 conditore

521 5503 572 5556 vi
600 5511 793 5559 natura
824 5505 966 5574 ignis
994 5504 1191 5560 donata
1221 5505 1350 5573 est),
1386 5519 1623 5574 cumque
1653 5503 1769 5574 jam
1804 5505 1972 5561 Semel
2003 5519 2100 5574 per

526 5607 721 5660 aquas,
752 5604 997 5666 tempore
1026 5595 1234 5655 scilicet
1263 5596 1480 5658 diluvii,
1518 5596 1702 5666 impiis
1726 5597 1953 5652 exitium
1978 5597 2101 5650 illa»

524 5690 645 5739 tum
677 5684 859 5751 fuerit,
890 5702 1110 5743 necesse
1135 5689 1293 5757 plane
1316 5695 1422 5755 cst,
1452 5689 1650 5759 inquit,
1681 5698 1742 5745 ut
1767 5688 1907 5744 alius
1935 5690 2096 5744 etiam

603 5867 647 5898 "
712 5866 909 5933 Ephcs.
937 5882 994 5932 tt,
1026 5865 1113 5920 ‘20.
1197 5870 1241 5902 ’ί
1269 5867 1401 5923 Gen.
1438 5883 1476 5932 t,
1509 5868 1562 5922 ϐ.

2193 4682 2385 4753 πρώην
2422 4677 2581 4745 οὖσα,
2617 4682 2709 4734 καὶ
2771 4680 2847 4742 ὡς
2898 4679 2957 4743 ἐξ
2997 4678 3203 4731 ὑδάτων
3228 4675 3583 4729 συνεστώτων
3607 4676 3757 4743 ούρα-

2194 4774 2285 4828 νοῦ
2315 4776 2410 4827 καὶ
2442 4774 2565 4842 γῆς,
2597 4774 2625 4825 ὁ
2656 4772 3037 4841 κατακλυσμὸς
3060 4769 3294 4838 ἐπῆλθεν
3317 4768 3755 4838 ἀπροσδοκήτως

2193 4867 2338 4921 οὕτω
2365 4869 2458 4920 καὶ
2479 4866 2576 4919 νῦν
2609 4865 2697 4918 διὰ
2747 4865 2921 4934 πυρὸς
2948 4863 3242 4916 ἀπόκειται
3271 4862 3373 4926 τὴν
3426 4859 3634 4929 φθορὰν
3674 4857 3758 4909 τοῦ

2195 4959 2397 5018 παντὸς
2425 4956 2704 5026 γενέσθαι,
2736 4954 2859 5026 μεθ’
2888 4948 2951 5008 οὑ
2981 4955 3077 5006 καὶ
3128 4953 3180 5005 οί
3229 4950 3450 5014 ἀσεϐεῖς
3510 4947 3761 5002 ἀπολοῦν-

2198 5068 2310 5104 ται.
2349 5049 2455 5102 Δύο
2475 5048 2585 5119 γὰρ
2622 5050 2792 5101 όντων
2807 5047 2916 5099 τῶν
2941 5043 3425 5099 συνεκτικωτάτων
3494 5039 3761 5110 στοιχείων

2199 5141 2292 5195 τοῦ
2311 5141 2529 5203 παντὸς,
2548 5139 2738 5200 ὓδατος
2757 5137 3061 5202 καὶπυρος,
3078 5136 3174 5205 ἀφ’
3205 5128 3285 5189 ὧν
3309 5134 3405 5189 καὶ
3423 5133 3494 5187 τὰ
3514 5132 3608 5185 δύο
3633 5146 3765 5184 στοι-

2200 5237 2324 5305 χεῖα
2349 5236 2409 5286 τὸ
2442 5227 2585 5285 εἴναι
2615 5229 3016 5300 λαμϐάνουσιν,
3057 5226 3167 5296 ἀὴρ
3202 5225 3301 5294 μὲν
3327 5224 3524 5293 ὁρᾶται
3553 5221 3764 5289 ἐξατμι-

2203 5326 2445 5396 ζομένων
2485 5325 2713 5388 ὑδάτων,
2765 5322 2836 5390 γῆ
2861 5321 2917 5375 δὲ
2945 5316 3391 5389 συγκρινομένων
3420 5315 3650 5377 ὑδάτων,
3677 5313 3765 5378 τῆς

2203 5415 2541 5485 ἐξατμίσεως
2568 5413 2645 5476 ὡς
2685 5414 2750 5466 ἐκ
2776 5412 2948 5480 πυρὸς
2976 5411 3070 5464 καὶ
3097 5410 3198 5479 τῆς
3233 5406 3600 5477 συγκρίσεως,
3628 5402 3764 5455 οὐδε-

2204 5508 2295 5569 νος
2318 5505 2427 5559 τῶν
2449 5502 2577 5558 νοῦν
2595 5505 2828 5573 ἐχόντων
2850 5498 3209 5561 ἀπιστοῦντος
3229 5495 3457 5566 (ταύτην
3490 5495 3603 5563 γὰρ
3620 5491 3768 5545 δύνα-

2205 5616 2299 5670 μιν
2325 5596 2431 5651 ὑπὸ
2462 5596 2555 5652 τοῦ
2589 5593 2812 5666 ποιητοῦ
2834 5592 2970 5647 Θεοῦ
3000 5591 3143 5662 ἢτοῦ
3365 5587 3525 5655 ἔλαχε
3552 5582 3731 5652 φύσις)
3752 5597 3766 5612 ⁶

2202 5689 2296 5743 δύο
2311 5688 2489 5743 τοίνυν
2509 5686 2698 5751 ὅντων,
2724 5685 2818 5738 καὶ
2836 5685 3101 5754 πρὸτερον
3131 5681 3230 5750 τῆς
3256 5680 3364 5734 τῶν
3391 5676 3612 5734 ἀσεϐῶν
3644 5673 3763 5743 φθο-
