4010 6542
538 483 677 554 1275

1422 484 1999 546 THEOPHYLACTI
2057 485 2389 545 BULGARl
2404 486 2468 545 ΑΞ
2514 488 2554 545 Α
2568 486 2718 547 RCII
2732 487 2753 546 ι
2766 486 2876 546 ΕΡ.

3661 481 3799 548 ῙΞἿθ

537 605 686 658 velut
715 616 880 656 canes
914 599 980 654 ad
1021 598 1284 654 vomitum
1335 614 1493 653 sumu
1574 607 1935 654 revertantur.
1973 595 2103 663 Qua:

2226 612 2305 664 ῖην
2337 595 2740 663 ἀποφυγόντας,
2794 596 2852 648 ἐν
2894 596 3205 663 ἀσελγείαις
3235 596 3329 650 καὶ
3367 598 3425 650 ἐν
3470 596 3790 665 ἐπιθυμίαις

535 714 667 751 vero
702 696 789 750 hic
814 693 1096 763 interiecta
1126 704 1272 751 sunt.
1297 707 1485 745 eorum
1507 692 1799 745 vanitatem
1822 694 2109 748 enuntiaut

537 803 602 843 ac
638 786 986 839 continuant.
1022 782 1228 838 Sensus
1266 792 1445 837 autem
1498 792 1583 837 est
1616 800 1629 836 :
1693 783 1857 845 Nihil,
1913 785 2109 854 inquit,

538 879 659 945 puri
690 878 976 939 habentes,
1005 876 1095 929 sed
1123 885 1379 944 tanquam
1413 873 1564 929 labes
1599 876 1650 928 iu
1683 876 1912 930 candida
1943 884 2111 939 veste,

538 971 610 1024 ita
647 971 722 1023 illi
781 971 834 1022 in
895 985 1026 1036 pura
1080 968 1336 1022 Ecclesia:
1396 968 1820 1021 conversatione
1872 967 2111 1030 sulmati,

537 1080 659 1120 cum
694 1064 905 1131 aliquos
936 1063 1148 1116 obviam
1185 1062 1401 1119 habent.
1432 1061 1476 1117 si
1521 1062 1729 1130 possint
1750 1075 1843 1115 eos
1873 1060 1988 1115 sive
2032 1061 2114 1114 vi-

539 1170 656 1219 ros,
710 1157 824 1211 sive
878 1155 1143 1209 mulieres
1196 1155 1611 1208 conversatione
1663 1168 1760 1208 sua
1811 1152 2116 1222 impudicos

538 1247 790 1310 reddere,
824 1246 875 1300 id
909 1246 963 1299 in
990 1247 1205 1303 deliciis
1238 1248 1463 1307 habent,
1492 1245 1638 1314 quod
1667 1260 1823 1300 suam
1870 1245 2112 1313 ipsetum

476 1352 489 1363 '
540 1339 820 1394 lasciviam
883 1338 1134 1407 explendi
1206 1337 1288 1393 sic
1342 1339 1554 1407 e0piatn
1609 1338 2022 1392 nanciscantur.
2075 1337 2116 1389 li

536 1430 700 1483 etiam
750 1444 845 1484 vos
878 1429 1130 1483 convivio
1167 1429 1399 1483 libenter
1432 1427 1731 1497 excipiunt,
1759 1445 1865 1483 non
1898 1439 2117 1499 propter

538 1504 892 1581 charitatcm,
940 1528 999 1572 ut
1028 1519 1168 1572 alios
1208 1518 1476 1572 bonorutu
1534 1532 1762 1572 suorum
1822 1518 2117 1588 participes

538 1611 772 1676 faciant,
817 1610 910 1667 sed
945 1610 1073 1678 quia
1106 1609 1418 1679 hnjusmodi
1451 1617 1665 1680 tempus
1695 1610 1763 1664 ad
1792 1610 2116 1666 feminarum

540 1702 915 1772 deceptionem
950 1712 1318 1772 opportunum
1344 1709 1537 1770 putant
1564 1718 1577 1755 :
1610 1716 1735 1755 nam
1767 1702 1959 1757 oculos
1985 1716 2116 1758 suos

539 1811 648 1850 non
689 1795 742 1849 in
769 1793 914 1849 aliud
948 1810 1110 1865 quam
1140 1794 1193 1847 in
1220 1794 1497 1850 adulteras
1538 1795 1850 1861 intendunt,
1883 1810 1948 1850 ac
1980 1794 2119 1850 dell-

538 1901 637 1941 χοε
667 1902 882 1952 semper
914 1886 1150 1940 retinent
1176 1904 1191 1941 :
1229 1886 1476 1956 adeoque
1506 1897 1816 1957 peccantes,
1853 1897 1911 1941 ιιι
1943 1889 2118 1943 male-

2215 689 2436 761 σαρκδς,
2472 691 2547 755 ὡς
2570 692 2719 747 κύων
2762 695 2854 747 ἐπὶ
2888 693 2947 746 τὸ
2979 692 3111 746 ἴδιον
3162 691 3416 762 ἐξὴραμα
3446 692 3792 761 ἐπιστρέψαι.

2214 785 2292 836 Τὰ
2334 784 2387 837 δὲ
2431 785 2658 855 μεταξὺ,
2682 785 2779 853 τῆς
2819 786 3179 855 ματαιότητος
3211 784 3416 838 τούτων
3437 784 3798 853 ἐξαγγελτικᾶ

2216 877 2308 928 καὶ
2358 877 2684 930 πιστωτικά.
2732 876 2791 930 Ὀ
2836 878 2893 929 δὲ
2960 876 3087 939 νοῦς
3142 871 3339 938 οὗτοςθ
3377 876 3566 941 Οὐδὲν,
3606 878 3794 945 φησιν.

2215 967 2430 1033 ἔχοντες
2493 966 2894 1038 καθαριότητος
2945 967 3227 1035 ἐχόμενον,
3259 966 3373 1019 ἀλλ’
3404 967 3482 1028 ὡς
3523 966 3707 1019 σπίλοι
3743 968 3799 1018 ἐν

2220 1056 2419 1126 ίματίῳ
2443 1056 2670 1125 καθαρῴ
2703 1061 2766 1127 τῇ
2802 1058 3099 1128 ἀκραιφνεῖ
3138 1057 3385 1125 πολιτεία
3415 1058 3798 1125 ὲπιφυόμενοι,

2217 1146 2436 1200 ἐπειδὰν
2467 1149 2794 1217 ἀπατήσωσί
2822 1167 2975 1213 τινας
3030 1150 3129 1203 καὶ
3189 1148 3494 1218 δυνηθῶσιν
3551 1148 3802 1215 ἀσελγεῖς

2217 1233 2416 1305 ἄνδρας
2452 1237 2578 1298 τοὺς
2609 1238 2867 1300 συνόντας
2892 1240 2987 1293 καὶ
3040 1239 3311 1305 γυναῖκας
3353 1220 3799 1305 παρασκευάσαι,

2216 1327 2431 1397 τρυφὴν
2470 1329 2732 1397 ἡγοῦνται
2803 1330 2865 1382 τδ
2925 1332 3181 1401 πρᾶγμα,
3220 1330 3678 1399 ἀποπληροῦντες
3705 1330 3802 1398 τὴν

2219 1421 2430 1475 ἑαυτῶν
2452 1422 2763 1489 ἀσέλγειαν.
2808 1422 2968 1475 ’Λλλά
3018 1423 3113 1475 καὶ
3150 1421 3619 1492 συνευωχούμενοι
3648 1421 3802 1486 ὑμῖν.

2219 1514 2281 1567 οὑ
2330 1512 2398 1565 δι’
2436 1514 2678 1582 ἀγάπην,
2726 1514 2885 1584 φησὶ,
2931 1514 3109 1567 καὶτὸ
3165 1513 3608 1581 μεταλαμϐάνειν
3661 1511 3805 1565 ἀὶὼν

2219 1602 2380 1656 τοῦτο
2411 1602 2676 1667 ποιοῦσιν,
2705 1603 2840 1656 ἀλλὰ
2868 1603 2956 1657 διὰ
2994 1604 3056 1656 τὸ
3074 1602 3269 1671 καιρὸν
3297 1602 3582 1672 εὑρίσκειν
3618 1602 3805 1654 τοῦτον

2220 1690 2522 1762 ἐπιτήδειον
2566 1691 2665 1758 τῆς
2726 1692 2863 1762 πρδς
2912 1695 3177 1757 γυναῖκας
3226 1693 3465 1763 ἀπάτης.
3504 1688 3668 1747 Οὗτοι
3698 1694 3805 1759 γᾶρ

2221 1782 2536 1857 ὀφθαλμοὺς
2567 1782 2807 1853 ἔχοντες,
2846 1783 2999 1838 οὐδὲν
3037 1783 3167 1837 ἄλλο
3200 1784 3516 1854 βλέπουσιν,
3542 1784 3576 1853 ἢ
3612 1802 3806 1853 μοιχα-

2222 1874 2407 1937 λίδαςο
2444 1876 2537 1929 καὶ
2587 1877 2645 1928 ἐν
2689 1874 2868 1944 τούτῳ
2902 1876 3345 1939 ἀκαταπαύστως
3392 1875 3685 1944 βλέποντες
3715 1879 3807 1929 καὶ

538 1977 796 2033 dictionis
838 1977 955 2041 ﬁlii,
990 1978 1275 2035 instabiles
1343 1979 1662 2049 debilesque
1714 1980 1927 2035 animas
1958 1979 2117 2049 pelli-

2226 1964 2654 2036 ἁμαρτάνοντες,
2678 1964 2753 2028 ὼς
2782 1964 3028 2032 κατάρας
3061 1965 3250 2027 τέκνα,
3290 1963 3470 2034 ψυχὰς
3528 1962 3807 2015 δελεάζουο

538 2072 693 2126 ciunt
714 2079 876 2139 atque
902 2071 1171 2126 iuescant.
1204 2072 1312 2126 Cor
1330 2087 1565 2142 namque
1593 2070 1836 2141 ipsorum
1869 2070 1923 2126 in
1969 2069 2119 2124 nullo

539 2164 670 2223 alio,
707 2173 1069 2232 praeterquam
1104 2164 1159 2217 in
1202 2164 1543 2232 impurarum
1616 2163 1980 2230 voluptatum,
2034 2163 2116 2215 vel

539 2252 858 2307 divit'arttm
892 2254 1151 2308 aviditate
1173 2254 1528 2308 exercitatum
1553 2262 1657 2308 est.
1692 2251 1757 2307 Et
1794 2254 1865 2306 oh
1905 2261 2116 2305 utrum-

541 2360 647 2412 que
680 2345 874 2398 horum
908 2362 935 2397 a
965 2346 1070 2408 via,
1106 2360 1226 2414 qum
1259 2344 1325 2398 ad
1364 2346 1524 2398 vitam
1550 2343 1719 2407 ducit,
1751 2343 1936 2412 procnl
1967 2342 2121 2395 aber-

542 2445 661 2493 rant
692 2457 705 2492 :
750 2453 920 2509 quare
951 2437 1116 2499 idem,
1154 2438 1301 2508 quod
1335 2436 1463 2491 oliui
1500 2435 1759 2491 Balaaino
1809 2438 1921 2489 lilio
1950 2437 2119 2491 Bostir

541 2529 763 2593 accidit,
799 2530 1202 2599 perpetiuntur.
1254 2528 1389 2583 Nam
1418 2537 1472 2583 et
1499 2530 1591 2583 ille
1629 2543 1855 2582 munera
1889 2538 1945 2582 et
1976 2544 2120 2582 mer-

541 2621 728 2674 cmlem
763 2620 1071 2690 iniquitatis
1091 2620 1295 2674 amavit
1333 2636 1346 2673 :
1379 2619 1475 2675 sed
1503 2620 1983 2688 reprehensionem
2010 2636 2121 2673 sine

542 2712 852 2781 iniquitatis
881 2712 1110 2767 sortitus
1132 2710 1295 2782 395
1322 2720 1407 2766 est
1441 2726 1470 2764 a
1510 2710 1947 2779 tnutojuuteuto,
1972 2709 2118 2779 quod

544 2802 783 2857 humana
821 2804 1055 2872 loquens
1086 2819 1242 2868 voce,
1292 2803 1568 2874 propheta:
1601 2803 1931 2858 dementiam
1984 2803 2124 2855 inhi-

542 2894 662 2949 bttit
699 2895 761 2950 ".
798 2895 875 2949 Ex
906 2910 1016 2966 quo
1044 2895 1310 2949 discimus
1342 2892 1683 2957 Balaatnum,
1717 2902 2006 2963 postquam
2036 2907 2122 2946 se—

544 2985 652 3038 mel
690 2998 719 3036 a
766 2983 873 3038 Deo
912 2985 1226 3053 prohibitus
1263 2994 1347 3038 est
1396 2985 1461 3039 ad
1522 2984 1812 3039 Balaacum
1846 2983 1917 3037 ob
1958 2983 2122 3038 tumi-

542 3074 667 3127 dam
692 3089 844 3128 suam
866 3076 1176 3143 passionem
1203 3092 1362 3144 quam
1385 3077 1575 3130 insana
1601 3077 1901 3145 iutpostura
1920 3078 2119 3139 alebat,

556 3162 843 3227 accedere,
875 3163 939 3217 ad
974 3164 1151 3232 ipsum
1209 3166 1403 3220 iterato
1440 3181 1662 3236 pergere
1713 3167 2066 3222 contendisse
2105 3184 2121 3223 :

542 3251 638 3307 sed
670 3250 761 3309 Dei
795 3253 992 3310 timore
1044 3271 1109 3310 ac
1138 3257 1443 3313 terroribus
1498 3258 1551 3312 iu
1606 3260 1692 3313 via
1746 3260 2119 3328 perterritum,

462 3388 465 3391 .
547 3345 711 3400 verba
764 3347 1166 3405 benedictionis
1210 3348 1493 3404 eliundere.
1542 3320 1885 3421 compulsum
1929 3350 2117 3407 fuisse.
2148 3320 2193 3383 Ο

543 3435 827 3504 Propheta)
856 3439 999 3491 enim
1026 3455 1148 3507 qua:
1176 3439 1491 3508 loquuntur,
1516 3440 1756 3495 scientes
1783 3442 2118 3510 loquuntur;

541 3537 597 3582 et
631 3526 838 3585 idcirco
869 3530 914 3585 is
954 3532 1217 3599 prepheta
1259 3533 1565 3602 appellatus
1599 3541 1706 3597 est,
1731 3534 1878 3604 quod
1912 3535 2120 3590 sciebat

543 3620 673 3690 quid
708 3621 918 3676 diceret
956 3640 970 3676 :
1005 3639 1182 3693 neque
1250 3630 1532 3694 ignorans.
1589 3641 1721 3682 casu
1777 3627 1960 3682 dicere
2009 3643 2121 3681 mc-

543 3711 679 3765 liora
748 3713 933 3783 elegit.
999 3713 1169 3785 Igitur
1231 3717 1543 3772 benedictio
1602 3714 1692 3772 illa
1751 3734 1857 3771 non
1917 3719 2123 3772 insana:

542 3802 830 3868 cujusdam
901 3802 1272 3872 divinationis,
1325 3807 1421 3862 sed
1480 3806 1676 3861 dixitne
1732 3807 1949 3863 \irtutis
1982 3824 2122 3877 opus

541 3892 667 3949 fuit.

614 3984 784 4042 Vens.
832 3988 1013 4044 17-19.
1055 4007 1072 4038 ι
1112 3986 1173 4041 Hi
1202 3997 1331 4043 sunt
1370 3989 1549 4045 fontes
1573 3992 1691 4046 sine
1714 4006 1852 4061 aqua
1875 4031 1892 4057 ,
1949 4003 2002 4046 ct
2030 4008 2123 4047 ue-

541 4077 684 4132 hnla:
723 4079 941 4133 turbine
963 4081 1273 4148 exagitatae,
1304 4082 1527 4151 quibus,
1559 4085 1736 4156 caligo
1772 4086 2121 4140 trncbt‘arum

541 4176 879 4221 reservatur.
923 4166 1170 4240 Superba
1199 4176 1347 4227 enim
1393 4173 1653 4232 vanitatis
1689 4177 1972 4247 loquentes
2011 4179 2125 4248 pelo-

545 4257 741 4313 lieiunt
780 4261 834 4313 in
869 4261 1156 4319 desideriis
1195 4266 1383 4321 carnis
1441 4266 1666 4324 luxuria:
1713 4286 1811 4326 cos
1847 4272 1941 4342 qui
1989 4288 2123 4340 pau-

543 4351 716 4406 Iulum
746 4352 1033 4423 eﬂugiunt,
1060 4357 1151 4426 qui
1186 4358 1240 4412 in
1269 4373 1460 4414 errore
1481 4373 1899 4417 conversautur.
1937 4363 2125 4419 Liber-

545 4454 715 4499 tatem
785 4447 895 4502 illis
950 4451 1372 4517 promittentes,
1434 4468 1562 4507 cum
1621 4454 1726 4524 ipsi
1792 4457 1938 4510 servi
2014 4459 2125 4512 sint

540 4537 914 4607 corruptionis
951 4556 965 4592 :
999 4553 1028 4591 a
1059 4556 1168 4609 quo
1191 4542 1336 4595 enim
1368 4542 1492 4612 quis
1509 4554 1803 4607 superatus
1824 4554 1929 4610 est,
1959 4546 2124 4617 hujus

540 4636 596 4683 et
631 4645 822 4685 servus
848 4642 953 4687 est.
987 4650 1007 4681 ι
1045 4631 1179 4686 Cum
1213 4637 1381 4688 multa
1415 4650 1510 4702 per
1532 4636 1925 4707 digressionem
1951 4640 2123 4694 dixis-

541 4730 627 4776 set
648 4723 814 4781 (inter
842 4739 964 4793 quae
994 4733 1047 4778 et
1070 4725 1379 4794 exemplum
1406 4727 1645 4782 Balaami
1671 4731 1998 4802 proposuit),
2021 4732 2119 4787 de-

543 4827 656 4867 nuo
681 4813 750 4865 ad
783 4813 1193 4883 impurissimos
1222 4816 1520 4874 Guosticos
1548 4835 1862 4885 sermonem
1888 4837 2119 4878 conver-

541 4909 627 4965 tit,
653 4920 857 4975 eosque
885 4924 904 4959 ι
949 4905 1193 4962 fontiltus
1226 4910 1346 4964 sine
1372 4927 1514 4980 aqua
1536 4929 1555 4962 ι
1591 4912 1883 4977 assimilat,
1922 4916 2121 4985 quippe

539 4998 634 5066 qui
670 5013 860 5067 puram
893 5012 958 5054 ac
984 4999 1280 5055 salutarem
1334 5003 1667 5073 evangelica!
1711 5006 2119 5073 praedicationis

540 5104 738 5159 aquam
771 5089 1071 5145 amiserant
1097 5108 1113 5144 :
1143 5098 1260 5144 tum
1300 5093 1465 5146 etiam
1508 5096 1747 5152 nubibus
1771 5111 1869 5153 eos
1892 5113 2117 5167 t‘ompa-

539 5190 643 5242 rat,
674 5196 796 5250 quae
820 5196 852 5235 a
881 5186 1162 5237 contrario
1185 5194 1349 5238 vento
1390 5183 1664 5252 feruntur,
1698 5203 1863 5255 quem
1912 5188 2120 5244 idcirco

545 5291 564 5324 ι
604 5274 879 5328 turbinem
918 5293 937 5327 ι
965 5290 1060 5330 seu
1098 5278 1396 5345 procellam
1458 5287 1637 5341 vocat,
1669 5281 2119 5351 quandoquidem

541 5365 785 5436 exagitat
816 5376 869 5419 ct
898 5368 1184 5435 perturbat
1216 5385 1339 5438 quae
1370 5368 1565 5425 defert.
1605 5371 1722 5427 Non
1747 5382 1875 5427 sunt
1909 5374 2119 5444 itaque,

539 5456 740 5528 inquit,
773 5459 949 5513 nubes
978 5460 1283 5528 pellucidae.
1317 5461 1626 5528 cuiusmodi
1651 5472 1782 5518 sunt
1800 5467 2003 5531 sancti,
2026 5466 2121 5521 sed

541 5550 716 5617 plena:
754 5550 1014 5619 caligine.
1075 5551 1143 5605 At
1173 5567 1275 5606 cur
1315 5553 1430 5606 ita?
1484 5553 1716 5609 Causam
1771 5557 1887 5625 ipse
1942 5558 2120 5623 aﬂ‘ert,

541 5636 693 5705 quia,
727 5637 926 5709 inquit,
971 5641 1134 5695 etiam
1166 5660 1185 5693 ι
1219 5642 1457 5713 superba
1497 5662 1516 5695 ι
1550 5660 1615 5697 ex
1649 5663 1667 5696 ι
1702 5646 1946 5702 vanitate
1986 5666 2005 5698 ι
2040 5649 2122 5702 lo-

542 5739 832 5800 quuntur:
875 5733 1217 5800 pellicientes
1249 5749 1345 5803 per
1393 5737 1673 5791 carnalem
1724 5740 2124 5809 concupiscen-

618 5909 661 5942 ¹⁹
704 5906 869 5964 Nunt.
901 5926 1035 5973 vxtt,
1072 5910 1142 5962 ‘28
1180 5924 1339 5980 seqq.

2231 2073 2316 2109 σιν
2348 2056 2734 2127 ἀστηρίκτους.
2781 2056 2853 2109 Ἢ
2883 2056 2991 2126 γὰρ
3027 2054 3229 2125 καρδία
3256 2053 3438 2108 αὑτῶν
3479 2054 3614 2123 πρὸς
3656 2053 3807 2108 οὐδὲν

2225 2148 2373 2210 ἄλλο,
2403 2148 2437 2219 ἢ
2471 2148 2607 2217 πρὸς
2638 2147 2958 2212 πλεονεξίαν
2980 2146 3280 2218 ὲξήσκηται
3304 2147 3454 2218 [ἢτοι
3490 2147 3804 2215 ἀσελγείας.

2216 2232 2259 2311 ’ἢ
2292 2238 2386 2292 καὶ
2408 2237 2730 2308 κτημάτων,
2753 2237 2825 2290 δι’
2847 2236 3013 2308 ἀπερι
3061 2238 3356 2307 ἀμφότερα
3413 2236 3807 2297 καταλιπόντες

2225 2330 2325 2393 τὴν
2382 2329 2829 2384 κατευθύνουσαν
2885 2329 3086 2392 αὐτοὺς
3135 2327 3272 2399 πρὸς
3339 2314 3618 2398 σωτηρίαν
3667 2326 3804 2383 ὁδὸν.

2227 2418 2609 2491 ἐπλανήθησαν
2627 2419 2850 2491 ταύτης,
2874 2420 3041 2473 ταὺτὸ
3074 2418 3339 2480 παθόντες
3363 2418 3488 2491 [τῷ]
3529 2436 3549 2471 ι
3587 2418 3809 2487 Βαλαὰμ

2227 2509 2522 2580 τοῦνΙιοσόρ
2545 2526 2558 2540 -
2595 2530 2613 2560 ι
2672 2511 2796 2562 ἐπεὶ
2826 2511 3078 2573 κάκεῖνος
3103 2509 3192 2563 διὰ
3219 2509 3553 2577 δωροδοκίαν
3588 2511 3679 2560 καὶ
3718 2527 3806 2577 μι-

2230 2603 2356 2656 σθὸν
2382 2602 2594 2665 ἀδικίας
2626 2603 2936 2674 ἠγάπησεν.
2976 2602 3225 2670 Ἐλεγξιν
3267 2601 3324 2655 δὲ
3383 2601 3512 2671 ἔσχε
3546 2602 3644 2671 τῆς
3677 2601 3809 2661 ἰδίας

2231 2696 2577 2766 παρανομίας
2602 2695 2895 2763 ὑποζύγιον
2922 2696 3154 2763 ἆτῦωνον,
3183 2696 3211 2748 δ
3249 2696 3307 2747 ἐν
3335 2692 3628 2763 ἀνθρώπου
3659 2696 3809 2762 φωνῇ

2231 2788 2629 2859 φθεγξάμενον,
2663 2788 2904 2842 ἐκώλυσε
2932 2789 3032 2857 τὴν
3066 2787 3159 2841 τοῦ
3197 2788 3482 2858 προφήτου
3530 2803 3809 2857 παραφροο

2233 2882 2418 2952 σύνην.
2471 2882 2589 2951 Ἀφ’
2614 2873 2675 2936 οὗ
2717 2880 3063 2952 μανθάνομεν
3092 2882 3173 2934 δτι
3209 2880 3296 2933 διὰ
3331 2881 3391 2933 τὸ
3420 2880 3691 2948 φυσιῶδες
3715 2879 3809 2932 αὑ-

2230 2974 2324 3028 τοῦ
2350 2974 2541 3038 πάθος.
2565 2976 2593 3027 ὁ
2620 2975 2869 3045 Βαλαὲμ,
2910 2976 3049 3043 ὅπερ
3079 2974 3164 3028 διὰ
3180 2974 3277 3046 τῆς
3314 2973 3618 3043 μανιώδους
3646 2972 3811 3027 αὑτοῦ

2236 3067 2577 3138 μαγγανείας
2627 3066 2874 3137 ἔτρεφεν,
2904 3064 3053 3130 απαξ
3095 3064 3361 3127 κωλυθεὶς
3402 3066 3507 3117 ὑπὸ
3531 3065 3625 3117 τοῦ
3653 3062 3809 3121 Θεοῦ,

2232 3161 2292 3212 τὸ
2316 3159 2573 3231 δεύτερον
2604 3158 2922 3228 φιλονείκως
2949 3160 3084 3229 πρὸς
3123 3157 3216 3211 τὸν
3252 3157 3432 3212 Βαλὰκ
3478 3159 3813 3229 πορευθῆναι

2230 3252 2491 3321 ἠπείγετο
2516 3269 2530 3283 ·
2572 3252 2667 3305 καὶ
2692 3251 2768 3319 τῷ
2800 3250 2950 3320 φόϐῳ
2976 3251 3067 3304 τοῦ
3094 3250 3231 3304 Θεοῦ
3266 3251 3545 3321 πεδηθεὶς,
3578 3254 3671 3304 καὶ
3704 3255 3814 3315 τοίς

2230 3347 2369 3399 κατὰ
2415 3345 2515 3415 τὴν
2562 3346 2679 3398 όδδν
2731 3345 2976 3415 δείμασι,
3005 3344 3067 3397 τδ
3122 3345 3275 3415 ῥῆμα
3320 3347 3418 3411 τῆς
3455 3344 3709 3410 εὐλογίας
3755 3345 3812 3396 οὒ

2227 3439 2633 3510 παρεποίησενο
2665 3440 2801 3509 ὅπερ
2830 3438 2890 3491 ot)
2923 3438 3022 3506 τῆς
3055 3437 3315 3508 μαντείας
3341 3432 3429 3509 ἦν.
3466 3438 3531 3490 Oi
3551 3438 3660 3507 γὰρ
3686 3455 3817 3508 πρε.

2224 3534 2395 3603 φῆναι
2440 3535 2796 3603 ἐπιστάμενοι
2835 3534 3168 3605 φθέγγονται
3204 3536 3241 3591 ἃ
3269 3535 3623 3605 φθέγγονται.
3652 3534 3808 3587 Ὅθεν

2225 3628 2319 3681 καὶ
2353 3628 2647 3698 προφήτην
2676 3628 2839 3683 αὑτδν
2904 3628 3189 3694 ἐκάλεσεν,
3246 3629 3326 3692 ὼς
3365 3628 3731 3697 ιπιστάμενον
3775 3627 3808 3679 ἀ

2222 3716 2393 3785 λέγει.
2423 3719 2497 3771 Οὐ
2527 3721 2638 3790 γὰρ
2667 3719 2736 3772 ἂν
2775 3720 2834 3773 ἑν
2874 3719 3075 3790 ἐκλογῇ
3099 3720 3296 3787 γέγονε
3327 3718 3436 3772 τῶν
3463 3719 3807 3789 κρειττόνων.

2222 3810 2487 3876 ἀγνοῶνδι
2510 3810 2836 3879 φθέγγεται.
2867 3813 2942 3865 Οὑ
2962 3812 3058 3881 τῆς
3105 3811 3366 3881 μαντείας
3399 3813 3577 3866 τοίνυν
3609 3812 3645 3881 ἡ
3668 3811 3810 3863 εὑλοο

2228 3901 2342 3967 γξα,
2368 3899 2502 3954 ἀλλὰ
2535 3901 2635 3971 τῆς
2667 3900 2947 3972 δυνάμεως
2966 3900 3062 3954 τοῦ
3091 3900 3250 3956 Θεοῦ.

2300 4014 2318 4045 ι
2360 3986 2518 4047 Οὗτοί
2545 3995 2652 4047 εισι
2688 3994 2862 4062 πηγαὶ
2904 3994 3144 4065 ἄνυδροι,
3177 3993 3400 4062 νεφέλαι
3425 3992 3531 4048 ὑπὸ
3559 3992 3811 4054 λαίλαπος

2226 4085 2598 4154 ἐλαυνόμεναι,
2639 4080 2721 4146 οἷς
2754 4087 2783 4138 ὀ
2820 4083 2984 4149 ζόφος
3016 4083 3110 4137 τοῦ
3155 4084 3381 4145 σκότους
3411 4084 3494 4146 είς
3525 4082 3695 4136 αἰῶνα
3721 4097 3811 4133 τε-

2224 4178 2480 4247 τήρηται.
2537 4176 2854 4245 ’Υπέρογκα
2895 4175 3006 4245 γὰρ
3038 4174 3395 4245 ματαιότητος
3432 4174 3806 4243 φθεγγόμενοι.

2223 4266 2565 4330 δελεάζουσιν
2601 4269 2682 4331 εἰς
2739 4265 2928 4338 [οιιιρ.
2980 4263 3084 4338 ὲν]
3142 4264 3438 4335 ἐπιθυμίας
3486 4264 3706 4335 σαρκὸς,
3754 4267 3808 4315 ἐν

2223 4358 2555 4426 ἀσελγείαις,
2588 4359 2713 4421 τοὺς
2750 4358 2923 4415 ὅντως
2951 4355 3367 4426 ἀποφεύγοντας
3398 4358 3421 4423 [
3449 4357 3586 4426 vulg.
3615 4358 3810 4421 ἀποτυ-

2224 4451 2461 4527 γόντας]
2505 4453 2631 4516 τοὺς
2661 4454 2718 4506 ἐν
2766 4450 2942 4522 πλάνῃ
2976 4448 3506 4521 ἀναστρεφομένους.
3566 4447 3805 4502 Ἐλευθε-

2229 4545 2351 4616 ρίαν
2381 4545 2564 4608 αὐτοῖς
2596 4542 3081 4613 ἐπαγγελλόμενοι,
3124 4542 3279 4596 αὐτοὶ
3324 4540 3503 4595 δοῦλοι
3554 4540 3808 4609 ὑπάρχον.

2225 4652 2315 4698 τες
2340 4635 2439 4705 τῆς
2469 4634 2697 4705 φθορᾶς.
2728 4626 2801 4705 ᾯ
2843 4635 2951 4703 γάρ
2991 4650 3077 4697 τις
3106 4633 3357 4704 ἥττηται,
3392 4631 3569 4702 τούτῳ
3601 4631 3693 4685 καὶ
3728 4631 3810 4682 δε-

2225 4727 2508 4784 δούλωται.
2549 4744 2568 4778 ι
2622 4725 3087 4796 Μεταξυλογήσας
3135 4724 3326 4787 πολλὰ,
3378 4725 3436 4777 ὲν
3481 4716 3563 4786 οἷς
3613 4723 3673 4775 τὸ
3718 4720 3806 4774 τοῦ

2228 4816 2456 4886 Βαλαὰμ
2483 4816 2796 4887 προήγαγεν
2827 4816 3154 4887 ὑπόδειγμα,
3184 4814 3487 4869 ἐπανέλαϐε
3531 4815 3688 4868 πάλιν
3722 4815 3805 4864 τὸν

2229 4910 2359 4982 περὶ
2384 4910 2493 4963 τῶν
2522 4909 2851 4979 ἀκαθάρτων
2883 4909 3205 4964 Γνωστικῶν
3247 4908 3423 4976 λόγον.
3461 4907 3571 4986 Kal
3594 4905 3811 4959 ἀπεικα-

2229 5002 2312 5069 ζει
2351 5002 2546 5064 αὐτοὺς
2580 5019 2599 5053 ι
2636 5003 2841 5072 πηγαῖς
2889 5000 3160 5071 ἀνύδροις,
3208 5019 3228 5052 ι
3260 5000 3337 5063 ὡς
3393 4997 3807 5057 ἀπολωλεκότας

2227 5094 2289 5147 τὸ
2309 5095 2403 5147 τοῦ
2436 5092 2795 5163 κηρύγματος
2840 5092 3081 5162 καθαρὸν
3121 5092 3218 5146 καὶ
3279 5094 3504 5160 πότιμον
3534 5090 3679 5158 ὓδωρ
3716 5087 3813 5156 τῆς

2229 5189 2410 5255 ζωῆςο
2451 5188 2585 5242 ἀλλὰ
2634 5190 2728 5242 καὶ
2777 5187 3030 5255 νεφέλαις
3077 5186 3277 5248 αὐτοὺς
3326 5182 3663 5253 παραϐάλλει
3714 5183 3815 5233 ὑπό

2230 5283 2541 5351 πνεύματος
2562 5281 2976 5349 ἐλαυνομέναις,
3003 5278 3099 5330 τοῦ
3129 5278 3375 5331 ἐναντίου
3392 5291 3405 5304 ·
3429 5275 3513 5328 διὸ
3532 5276 3621 5327 καὶ
3645 5292 3665 5325 ι
3700 5274 3815 5325 λαί-

2230 5374 2378 5427 λαπα
2417 5394 2435 5424 ι
2485 5374 2618 5427 αὐτὸ
2667 5372 2948 5433 ἐκάλεσεν,
3006 5371 3082 5433 ὡς
3130 5370 3449 5438 συστρέφων
3477 5367 3493 5439 [
3522 5368 3563 5435 f.
3597 5362 3815 5435 -φονῙ

2231 5466 2323 5519 καὶ
2356 5465 2744 5535 συνταράσσων
2772 5463 2792 5536 [
2822 5463 3069 5532 Ῑ.-σσον
3098 5460 3117 5533 ]
3174 5460 3233 5515 τὸ
3270 5460 3649 5529 ἐλαυνόμενον.
3703 5456 3819 5512 Οὔκ

2230 5560 2370 5612 είσὶν
2398 5554 2513 5624 οὖν,
2561 5557 2719 5626 φησὶ,
2767 5556 2986 5625 νεφέλαι
3009 5554 3275 5622 διαυγεῖς.
3323 5552 3515 5621 ὥσπερ
3552 5554 3602 5605 οἱ
3644 5550 3814 5618 ἆγιοι,

2232 5649 2347 5703 ἀλλ’
2378 5649 2602 5720 ὁμίχλαι
2634 5648 2800 5717 ζόφου
2833 5645 3030 5717 μεσταί
3050 5661 3065 5677 ο
3114 5645 3211 5699 καὶ
3243 5644 3405 5707 διατί,
3431 5645 3681 5712 ἐπήγαγε
3725 5641 3821 5709 τὴν

2233 5740 2435 5808 αἰτίαν,
2479 5741 2560 5794 ὅτι
2601 5740 2695 5794 καὶ
2748 5759 2766 5791 ι
2814 5739 3095 5810 ὑπέρογκα
3139 5755 3155 5789 ι
3209 5739 3273 5790 ὲκ
3327 5754 3346 5787 ι
3390 5737 3757 5806 ματαιότητος
3794 5752 3818 5785 ι
