4010 6546
312 487 448 554 1277

1089 497 1497 560 EXPOSITIO
1525 497 1606 558 [Ν
1643 496 1881 556 EPIST.
1920 495 1974 556 Il
2015 497 2078 558 S.
2111 497 2367 558 PETRI.
2408 523 2474 532 -
2499 499 2658 558 CAP.
2695 499 2790 559 III
2824 471 2830 478 .

3423 497 3557 564 1278

263 629 270 634 -
309 605 662 674 φθέγγονται,
685 606 1027 671 δελεάζοντες
1043 608 1130 662 διὰ
1163 611 1260 678 τῆς
1289 607 1558 680 σαρκικῆς
1592 605 1887 674 ἐπιθυμίας

2003 604 2120 658 ,ἱτιηι
2150 605 2214 658 ad
2247 606 2676 675 itttptttlit'itttlmti
2711 622 2806 662 eos
2828 606 2920 676 qui
2953 623 3077 660 vere
3107 607 3428 678 emiserant.
3456 627 3554 668 seu

308 697 367 750 ἐν
410 699 531 760 ταῖς
565 697 878 766 ἀσελγείαις
920 699 1046 762 τοὺς
1099 699 1315 767 ἀληθῶς
1367 698 1764 768 ἀποφυγόντας,
1795 697 1891 750 καὶ

308 787 564 854 καθάπαξ
595 790 719 850 τοὺς
756 790 886 858 πρὶν
918 792 974 842 ἐν
1005 788 1182 860 πλάνῃ
1211 789 1740 860 ἀναστρεφομένους,
1771 782 1889 839 εἶτα

311 877 418 932 ὑπὸ
447 878 634 948 Κυρίῳ
677 881 1060 950 πραττόμενοι.
1115 881 1277 934 Ἀλλὰ
1315 880 1409 932 καὶ
1453 879 1649 940 δοῦλοι,
1701 878 1888 947 φησιν,

311 967 464 1033 ΰντες
489 971 644 1022 αὐτοὶ
671 971 766 1036 τῆς
795 969 1200 1041 προειρημένης
1227 969 1592 1037 ἀκαθαρσίας,
1631 967 1699 1039 ἣν
1737 988 1756 1020 ι
1797 975 1890 1026 καὶ

314 1058 521 1128 φθορὰν
559 1059 786 1121 δικαίως
817 1059 992 1122 καλεῖ,
1029 1059 1340 1130 ἐλευθερίαν
1371 1060 1481 1119 τοῖς
1511 1057 1888 1125 ἀπατιυμὲνοις

310 1149 740 1217 ἐπαγγέλλονται
762 1167 776 1182 ο
808 1149 888 1202 δ.ὸ
920 1149 1012 1202 καὶ
1041 1149 1300 1218 λογισμὸν
1330 1149 1526 1216 ἐπάγει
1565 1147 1886 1218 θαυμάσιον,

309 1241 393 1294 ὅτι
419 1241 594 1296 δοῦλοι
619 1241 768 1304 ὄντες
795 1241 894 1310 τῆς
923 1242 1220 1312 ἁμαρτίας.
1281 1259 1300 1291 ι
1333 1235 1405 1310 ⁴ᾯ
1437 1239 1542 1311 γάρ
1592 1255 1676 1302 τις
1717 1239 1889 1308 ἥττη-

309 1347 403 1384 ται
440 1350 461 1383 ι
504 1331 689 1398 πάθει,
729 1351 748 1382 ι
789 1330 962 1398 τούτῳ
1001 1331 1094 1384 καὶ
1141 1329 1486 1384 δεδούλωται.
1536 1329 1698 1382 Αύτοὶ
1739 1329 1890 1381 ἐλευ-

313 1421 501 1491 θερίαν
525 1422 702 1486 ἄλλοις
741 1423 1184 1491 ἐπαγγέλλονται.
1235 1420 1405 1474 Τοῦτο
1450 1418 1508 1473 δὲ
1556 1420 1888 1490 πλατύτερον

312 1511 402 1566 διὰ
438 1512 548 1566 τῶν
579 1513 706 1584 ἑξῆς
752 1514 1147 1584 γνωσθήσεται.

391 1623 412 1657 ι
440 1605 505 1660 Εί
527 1604 638 1678 γὰρ
667 1606 1039 1676 ἀποφυγόντες
1067 1605 1134 1660 τὰ
1159 1605 1446 1676 μιάσματα
1469 1603 1564 1657 τοῦ
1597 1602 1802 1673 κόσμου
1829 1603 1888 1658 ἐν

313 1697 608 1765 ἐπιγνώσει
653 1697 750 1750 τοῦ
801 1697 1006 1765 Κυρίου
1054 1696 1212 1768 ἡμῶν
1268 1698 1362 1750 καλ¹
1403 1697 1655 1766 Σωτῆρος
1709 1693 1884 1765 Ἰησοῦ

313 1788 574 1857 Χριστοῦ,
619 1788 826 1852 τούτοις
865 1787 923 1840 δέ
973 1788 1136 1842 πάλιν
1183 1787 1558 1856 ἐμπλακέντες
1591 1786 1884 1856 ἡττῶνται,

312 1883 537 1948 γέγονεν
573 1871 756 1944 αύτοῒς
809 1879 880 1934 τὰ
938 1877 1140 1949 ἔσχατα
1198 1879 1415 1950 χείρονα
1464 1877 1572 1932 τῶν
1627 1877 1882 1948 πρώτων.

1991 695 2107 763 qui,
2145 711 2264 748 Cum
2299 696 2430 748 olim
2486 695 2537 748 in
2592 711 2782 749 errore
2839 708 3218 762 versarentur,
3270 698 3335 750 ad
3384 699 3553 754 Deum

1991 787 2242 839 conversi
2274 794 2450 840 erant.
2487 784 2688 839 Verum
2717 795 2769 840 et
2798 787 2940 841 servi
2969 787 3004 840 ii
3035 803 3160 842 cum
3195 789 3326 849 sint,
3358 790 3554 858 inquit,

1993 877 2262 946 praedictae
2304 878 2662 932 immunditite
2695 880 2879 947 (quam
2905 887 3124 934 ctrccte
3150 882 3555 949 corruptionem

1991 970 2192 1036 vocat),
2223 971 2524 1026 libertatem
2575 979 2755 1024 tamen
2797 971 2862 1024 iis
2890 985 3028 1038 quos
3075 971 3374 1041 decipiunt,
3435 989 3559 1042 pro-

1991 1063 2206 1116 mittere
2245 1061 2470 1116 audent.
2529 1061 2812 1116 Rationem
2868 1078 2996 1117 vero
3057 1063 3206 1118 addit
3255 1063 3554 1118 mirabilem

1989 1167 2090 1204 cur
2134 1152 2276 1206 servi
2343 1150 2443 1222 ipsi
2497 1151 2628 1214 sint,
2683 1153 2808 1222 quia
2846 1153 3074 1219 scilicet,
3123 1173 3140 1204 ι
3174 1169 3202 1204 a
3233 1167 3557 1224 quacunque

1989 1241 2114 1310 quis
2153 1259 2169 1290 ι
2219 1239 2510 1295 aﬂ‘cctione
2549 1257 2568 1292 ι
2609 1250 2902 1311 superatus
2950 1251 3053 1305 est,
3095 1243 3212 1314 ejus
3249 1252 3303 1300 et
3361 1257 3556 1298 servus

1988 1339 2092 1386 est.
2122 1349 2140 1382 ι
2173 1329 2277 1385 Sed
2305 1331 2405 1386 hoc
2427 1331 2605 1401 exiis,
2627 1348 2748 1403 quae
2772 1332 3000 1388 inferius
3035 1333 3308 1398 dicentur,
3327 1332 3556 1390 manife-

1991 1425 2129 1479 stius
2160 1426 2268 1479 fiet.

2059 1599 2226 1654 Vens.
2261 1597 2449 1652 90.22.
2493 1617 2510 1650 ι
2557 1597 2613 1652 Si
2662 1597 2806 1652 enim
2856 1595 3192 1667 refugientes
3230 1595 3556 1666 coinquina-

1990 1692 2166 1746 tioues
2199 1691 2384 1744 tnundi
2418 1691 2470 1744 in
2495 1689 2803 1760 cognitione
2830 1689 3038 1743 Domini
3071 1689 3242 1744 nostri
3293 1696 3345 1743 et
3368 1688 3559 1742 Salva-

1990 1779 2127 1836 toris
2151 1779 2276 1836 Jesu
2303 1779 2528 1845 Christi,
2551 1783 2634 1835 his
2660 1796 2876 1836 rursum
2909 1779 3170 1851 implicati
3207 1789 3553 1848 superantur,

1993 1874 2133 1928 facta
2168 1882 2295 1929 sunt
2318 1875 2399 1928 eis
2423 1875 2725 1942 posteriora
2746 1873 3016 1928 deteriora
3041 1873 3339 1942 prioribus.
3367 1870 3558 1926 Melius

316 1941 580 2042 ίςμεῖττον
631 1941 835 2041 γὰρῆν
867 1941 1072 2035 alneis,
1117 1941 1609 2040 μὴ’-ἐπεγνωκέναι
1637 1941 1734 2040 τῆν
1771 1968 1888 2021 ὁδὸν

2003 1966 2134 2020 enim
2159 1974 2276 2018 erat
2306 1965 2412 2020 illis
2445 1981 2551 2019 non
2581 1979 2914 2032 cognoscere
2946 1965 3084 2018 viam
3115 1965 3362 2032 justitiar,
3394 1977 3556 2034 quam

315 2063 413 2128 τῆς
457 2058 824 2126 δικαιοσύνης,
861 2058 896 2127 ἢ
957 2057 1288 2126 ἐπιγνοῦσιν,
1342 2054 1664 2125 ἐπιστρέψαι
1714 2054 1793 2118 εἰς
1825 2056 1891 2106 τὰ

315 2151 493 2204 ὀπίσω
535 2150 644 2204 ἀπὸ
689 2151 788 2220 τῆς
823 2149 1222 2218 παραδοθείσης
1254 2147 1436 2210 αὐτοῖς
1463 2146 1621 2212 ἁγίας
1653 2145 1890 2214 ἐντολῆς.

219 2297 238 2308 γ
318 2237 640 2308 Συμϐἐϐηκε
689 2237 748 2290 δὲ
783 2239 966 2300 αὐτοῖς
1017 2239 1077 2290 τὸ
1127 2239 1227 2306 τῆς
1281 2235 1516 2306 ἀληθοῦς
1563 2234 1890 2304 παροιμίαςο

317 2327 479 2382 Κύων
543 2327 877 2398 ἐπιστρέψας
929 2327 1022 2380 ἐπὶ
1068 2327 1185 2380 ,τὸν
1239 2325 1372 2379 ῐδιον
1431 2326 1646 2395 ἐμετδν,
1703 2325 1798 2378 καὶ
1831 2318 1895 2387 ὗς

315 2417 624 2488 λουσαμένη
657 2417 736 2480 είς
775 2417 1013 2487 κύλισμα
1045 2415 1329 2488 βορϐόρου.
1363 2434 1382 2468 ι
1412 2419 1518 2470 Δύο
1551 2415 1893 2470 κατασκευά-

316 2510 400 2572 ζει
449 2508 536 2562 διὰ
579 2508 688 2562 τῶν
744 2507 1178 2580 προειρημένων,
1239 2508 1317 2561 ὅτι
1373 2507 1468 2560 καὶ
1523 2506 1601 2576 τῷ
1653 2505 1892 2576 ὴττῶντι

316 2602 528 2670 ἀνάγκη
551 2601 642 2653 τὸν
671 2601 980 2671 ἡττώμενον
1007 2599 1296 2664 δουλεύειν,
1326 2598 1421 2652 καὶ
1446 2599 1528 2652 ὅτι
1558 2601 1607 2652 ol
1641 2597 1778 2669 μετὰ
1797 2598 1896 2664 τὴν

317 2697 612 2766 ἐπίγνωσιν
638 2695 735 2767 τῆς
777 2694 1038 2767 ἀληθείας
1077 2695 1238 2749 πάλιν
1289 2695 1598 2766 ἐνεχόμενοι
1625 2696 1736 2758 τοῖς
1758 2709 1896 2764 προ-

317 2789 520 2859 τέροις,
577 2788 801 2859 χείροσι·
839 2788 948 2841 τῶν
981 2787 1262 2858 προτέρων
1313 2788 1639 2858 περιέπεσον
1683 2790 1893 2848 κακοῖς.

317 2879 539 2942 Τούτοις
581 2879 640 2932 δὲ
687 2881 781 2932 καὶ
825 2879 924 2948 τὴν
973 2875 1274 2948 παροιμίαν
1322 2879 1516 2946 ἐπάγει
1574 2879 1892 2948 συνήγορον.

321 2972 477 3024 Ἐστι
507 2971 562 3023 δέ
593 2973 622 3023 ό
653 2970 810 3038 λόγος
847 2969 1054 3034 οὕτως’
1095 2970 1157 3022 Εἰ
1183 2969 1292 3039 γὰρ
1328 2967 1620 3032 ἐπιγνώσει
1652 2967 1746 3020 τοῦ
1781 2968 1894 3020 Κυ-

321 3061 438 3133 ρίου
469 3064 562 3115 ira".
609 3061 865 3131 Σωτῆρος
911 3060 1088 3131 ’ῐησοῦ
1118 3059 1376 3130 Χριστοῦ,
1409 3061 1780 3128 ἀποφυγόντες
1829 3058 1896 3113 τὰ

323 3154 608 3222 μιάσματα
644 3151 740 3206 τοῦ
778 3154 1006 3222 κόσμου,
1050 3155 1262 3216 τούτοις
1315 3153 1478 3207 πάλιν
1525 3148 1896 3222 ἐμπλακέντες

305 3243 595 3314 -ἡττῶνται
629 3242 829 3308 αὐτῶν,
865 3243 1082 3306 πάντως
1133 3261 1234 3299 που
1275 3242 1370 3296 καὶ
1416 3241 1756 3296 δουλεύουσιν
1796 3240 1897 3293 αύ-
1925 3283 1968 3339 c

317 3337 456 3398 τοῖς,
496 3335 590 3388 καὶ
629 3336 808 3404 χεῖρον
836 3333 944 3386 τῶν
977 3334 1084 3405 πρὸ
1121 3337 1218 3404 τῆς
1257 3333 1602 3403 ἐπιγνώσεως
1643 3335 1771 3404 περὶ
1800 3333 1898 3402 τὴν

317 3426 563 3480 δουλείαν
621 3425 822 3478 τούτων
879 3427 1160 3494 γεγόνασι,
1200 3425 1740 3489 κατασπουδάζοντος
1801 3425 1901 3477 αὐ-

319 3519 447 3580 τοὺς
479 3515 574 3569 τοῦ
610 3517 822 3570 Σατανοῖ
869 3518 1075 3586 χείροσι
1128 3517 1572 3588 περιενεχθῆναι.
1624 3515 1716 3568 Διδ
1759 3515 1903 3568 καὶό

321 3605 644 3668 Ἀπόστολός
687 3623 872 3673 φησιν,
927 3607 1008 3660 ὅτι
1129 3607 1363 3680 ἐπειδὴ]
1414 3607 1575 3662 τοῦτο
1613 3608 1900 3660 ἀπόκειται

324 3699 439 3760 τοῖς
467 3694 792 3766 παλινῳδίαν
817 3695 924 3749 τῶν
961 3695 1148 3750 κακῶν
1187 3697 1396 3768 ᾄδουσι,
1425 3700 1673 3766 κρεῖττον
1699 3691 1767 3766 ἦν
1800 3695 1902 3748 a6.-

322 3789 436 3850 τοῖς
475 3787 608 3856 μηδέ
657 3785 972 3853 ἐπιγνῶναι,
1005 3787 1036 3858 ῆ
1079 3786 1390 3856 ἐπιγνόντες
1453 3787 1540 3861 [ι’.
1572 3785 1744 3859 -τας]
1793 3787 1906 3856 χει-

329 3894 476 3948 ροσιν
501 3876 726 3943 ἁλῶναι,
757 3877 876 3930 ἐπεὶ
929 3879 1026 3932 καὶ
1079 3877 1228 3932 κύων
1271 3880 1362 3932 ἐπὶ
1389 3879 1448 3934 τὸ
1489 3879 1620 3933 ίδιον
1653 3878 1905 3950 ἐξὴραμα

327 3968 688 4038 ἐπιστρέφων,
738 3965 1177 4038 βδελυκτότερος,
1217 3968 1407 4040 ὥσπερ
1458 3969 1651 4039 ἀμέλει
1703 3971 1798 4022 καὶ
1840 3963 1904 4032 ὗς

327 4057 754 4128 ἁποκυλισθῆναι
792 4057 1048 4128 ζητοῦσα,
1095 4057 1162 4130 [Ῑ.
1204 4059 1332 4113 add.
1373 4060 1421 4112 εἰ
1463 4058 1482 4131 ⁴Ι
1537 4061 1596 4110 ἐν
1651 4058 1900 4129 βορϐόρῳ

325 4149 485 4216 τοῦτο
553 4151 716 4212 ποιεῖ,
769 4149 1132 4222 ῥυπαρωτέρα
1194 4150 1304 4203 τῶν
1368 4150 1650 4221 προτέρων
1716 4150 1904 4220 ρύπων

328 4243 599 4312 φαίνεται.

934 4329 1184 4384 ΚΕΦΑᾹ.
1211 4329 1296 4384 1".

405 4439 424 4473 ι
453 4421 564 4474 Καὶ
585 4419 604 4492 Ῑ
629 4421 768 4492 vulg.
794 4437 900 4475 om.
927 4423 1020 4475 καὶ
1044 4419 1062 4493 ]
1088 4421 1291 4492 ταύτην
1313 4421 1436 4493 ἥδη.
1465 4421 1760 4491 ἀγαπητοὶ,
1789 4421 1906 4476 δευ-

328 4514 493 4584 τέραν
527 4512 655 4582 ὑμῖν
679 4513 874 4582 γράφω
911 4513 1220 4582 ἐπιστολὴν,
1255 4515 1312 4567 ἐν
1359 4509 1446 4577 αἷς
1465 4513 1714 4586 διεγείρω
1751 4515 1905 4585 ὑμῶν

1993 2065 2116 2124 post
2151 2055 2484 2126 agnitionem
2531 2064 2832 2109 retrorsum
2875 2055 3123 2110 converti
3159 2055 3227 2109 ab
3277 2069 3362 2116 eo,
3414 2053 3558 2124 quod

1995 2144 2102 2198 illis
2135 2145 2393 2196 traditum
2425 2154 2527 2203 ρει,
2565 2153 2756 2201 sancto
2811 2144 3087 2199 mandato.
3128 2143 3366 2214 Contigit
3413 2143 3556 2196 enim

1993 2236 2073 2290 eis
2107 2235 2237 2288 illud
2275 2234 2382 2287 veri
2441 2233 2606 2304 393
2651 2235 2928 2304 proverbii
2967 2234 3174 2290 :Canis
3209 2250 3462 2290 reversus
3491 2233 3559 2286 ad

1995 2342 2150 2381 suum
2186 2329 2468 2391 vomitum,
2506 2335 2557 2380 et
2589 2343 2683 2381 sus
2710 2329 2817 2381 lota
2843 2328 2894 2381 in
2923 2327 3206 2382 volutabro
3234 2317 3404 2381 luti.)
3447 2327 3560 2380 Duo

1994 2435 2058 2473 ex
2097 2418 2372 2488 praedictis
2405 2417 2620 2472 astruit.
2655 2416 2858 2488 Nempe
2907 2419 3164 2488 primum,
3191 2433 3414 2473 necesse
3439 2431 3562 2471 esse

1995 2527 2116 2564 cum
2167 2509 2256 2578 qui
2291 2509 2473 2562 victus
2513 2517 2618 2572 est,
2663 2509 2854 2564 victori
2913 2512 3128 2564 servire
3175 2524 3324 2562 suo:
3366 2507 3562 2562 deinde

1997 2599 2051 2653 in
2081 2600 2268 2668 pejora
2302 2601 2441 2651 mala
2478 2601 2684 2667 prolabi
2717 2615 2833 2662 eos,
2865 2599 2954 2668 qui
2998 2607 3120 2669 post
3148 2599 3384 2669 agnitam
3419 2596 3560 2652 veri-

1997 2699 2161 2744 tatem
2223 2691 2500 2761 prioribus
2542 2706 2734 2745 rursus
2764 2691 3044 2746 errorihus
3075 2690 3444 2760 implicantur.
3481 2689 3562 2743 Ad

1997 2797 2228 2850 quorum
2267 2781 2734 2835 confirmationem
2765 2780 3073 2836 Salomonis
3097 2781 3437 2850 proverbium
3467 2777 3564 2833 ad-

1996 2873 2149 2928 ducit
2181 2875 2246 2921 ".
2281 2873 2561 2927 Orationis
2594 2883 2773 2927 autem
2821 2875 2990 2929 series
3031 2874 3102 2928 ita
3136 2889 3194 2928 se
3227 2874 3386 2926 habet
3417 2892 3428 2928 :
3459 2873 3562 2937 Illi,

1997 2962 2091 3032 qui
2145 2961 2459 3033 cognitione
2492 2962 2701 3017 Domini
2753 2975 2804 3016 et
2858 2960 3158 3018 Saivatoris
3210 2961 3383 3018 nostri
3437 2958 3587 3018 Jesu.

1999 3054 2201 3109 Christi
2235 3055 2421 3108 mutuli
2455 3057 2866 3125 inquinamenta
2895 3057 3190 3124 aliquando
3240 3055 3565 3125 effugerant,

2001 3145 2045 3198 si
2073 3143 2252 3198 denuo
2277 3143 2344 3196 iis
2377 3145 2568 3199 irretiti
2613 3154 2960 3213 superantur,
2996 3159 3102 3196 non
3145 3143 3318 3198 solum
3360 3141 3563 3196 eisdem

2001 3236 2313 3289 omnimode
2335 3234 2602 3298 serviunt,
2641 3235 2734 3290 sed
2788 3235 2952 3287 etiam
2989 3234 3234 3286 tltl‘llIOIIe
3289 3233 3568 3284 adnitente

2003 3335 2064 3381 ut
2089 3326 2442 3396 prolabantor
2497 3329 2550 3380 in
2611 3327 2818 3395 pejora.
2859 3326 3132 3379 deteriore
3189 3340 3349 3394 quam
3410 3331 3566 3376 antea

2003 3417 2268 3472 servitute
2335 3431 2675 3487 premuntur.
2738 3417 2917 3482 Quare
2963 3417 3039 3469 ait
3075 3433 3087 3468 :
3122 3413 3568 3484 Qtaudoquidem

2005 3517 2155 3564 tanta
2189 3511 2457 3580 pernicies
2489 3522 2670 3564 manet
2705 3525 2822 3571 eos,
2856 3510 2946 3576 qui
2979 3510 3264 3577 pessimam
3303 3509 3570 3560 malorum

2005 3603 2331 3658 cantilenam
2373 3610 2680 3663 ret-autaut,
2715 3602 2907 3656 melius
2940 3602 3182 3655 futurum
3239 3599 3432 3653 fuisset
3467 3598 3574 3651 illis

2005 3696 2050 3750 si
2083 3711 2266 3748 verum
2300 3695 2438 3748 viam
2469 3694 2818 3762 agnovissent
2861 3708 3160 3761 nunquam,
3200 3706 3361 3761 quam
3391 3707 3456 3746 ea
3486 3705 3575 3744 se-

2007 3789 2112 3841 mel
2145 3788 2350 3855 aguita,
2378 3785 2660 3853 pejor-ibus
2692 3785 2848 3838 malis
2873 3785 3141 3838 obnoxios
3179 3784 3292 3836 fieri
3323 3797 3485 3848 -,uam
3521 3789 3577 3834 et

2007 3879 2160 3934 canis
2187 3878 2252 3932 ad
2273 3877 2531 3931 vomitum
2554 3891 2712 3930 suum
2744 3875 3040 3935 retlieus.fit
3064 3873 3500 3935 aboutiuubilior,
3522 3880 3577 3926 ct

2006 3987 2102 4026 sus
2139 3971 2334 4024 iterum
2369 3969 2611 4023 revoluta
2644 3984 2822 4032 emno,
2857 3967 3134 4022 sordidior
3190 3983 3357 4038 quam
3424 3965 3577 4036 prius

2009 4061 2204 4124 fuerat,
2237 4070 2480 4132 apparet.

2621 4315 2850 4372 CAPUT
2897 4317 2990 4372 Ill.

2079 4408 2246 4466 Vsus.
2273 4409 2330 4473 1,
2365 4409 2420 4465 2.
2476 4428 2496 4462 ι
2541 4408 2693 4464 lianc
2725 4425 2853 4464 erce
2896 4409 3072 4476 vobis,
3109 4410 3435 4478 cltarissimi,
3489 4427 3580 4467 se-

2008 4503 2242 4558 cundam
2280 4503 2462 4557 scribo
2478 4502 2786 4570 epistolam,
2819 4491 2876 4557 in
2907 4505 3106 4572 quibus
3148 4514 3378 4558 vestram
3403 4506 3584 4560 ext-ito

329 4607 388 4658 ἐν
415 4605 718 4675 ὑπομνήσει
737 4603 836 4674 τὴν
865 4604 1132 4675 εἰλικρινῆ
1161 4604 1418 4668 διάνοιαν,
1454 4607 1759 4675 μνησθῆναι
1796 4605 1900 4658 τῶν

2011 4596 2064 4648 in
2091 4593 2519 4648 commonitioue
2549 4593 2818 4646 sinceram
2841 4603 3100 4656 mentem,
3125 4603 3183 4647 ut
3205 4609 3475 4648 memores
3509 4595 3585 4650 si-

329 4693 742 4763 προειρημένων
775 4693 1036 4761 ῥημάτων
1079 4693 1184 4746 ὑπὸ
1219 4694 1328 4746 τῶν
1376 4695 1546 4760 ἁγίων
1583 4695 1904 4763 προφητῶν,

329 4787 424 4838 καὶ
457 4785 558 4855 τῆς
593 4783 703 4835 τῶν
742 4785 1056 4838 ἀποστόλων
1093 4786 1250 4854 ὑμῶν
1292 4787 1509 4856 ἐντολῆς
1549 4787 1644 4840 τού
1704 4787 1910 4856 Κυρίου

337 4877 433 4929 καὶ
466 4874 720 4944 Σωτῆρος
761 4872 958 4942 Ἰησοῦ.
1009 4894 1026 4926 ι
1077 4876 1172 4929 Ἐκ
1209 4877 1399 4931 τούτου
1442 4878 1784 4949 μανθάνομεν
1819 4879 1913 4932 δύο

331 4967 429 5029 τὰς
459 4965 638 5025 πάσας
672 4959 810 5017 εἶναι
844 4961 937 5016 τοῦ
971 4965 1176 5034 Πέτρου
1223 4967 1562 5031 Ἐπιστολάς.
1590 4967 1664 5020 Τὸ
1687 4967 1764 5032 δέ,
1803 4989 1819 5018 ι
1853 4969 1911 5021 ἐν

331 5051 420 5118 αἷς
460 5055 713 5124 διεγείρω
751 5054 901 5123 ὑμῖν,
943 5073 961 5105 ι
1001 5052 1178 5118 οὕτως
1223 5058 1398 5109 ἐστιν·
1449 5059 1538 5112 Ἐν
1572 5053 1658 5123 αἷς
1691 5061 1911 5112 ἐπιστο-

332 5148 474 5208 λαίς,
496 5145 662 5198 οἱονεὶ
689 5145 756 5197 δι’
780 5137 858 5198 ὧν
895 5145 1192 5198 ἐπιστολῶν
1222 5166 1241 5197 r
1273 5147 1526 5218 διεγείρω
1559 5149 1657 5220 τὴν
1687 5151 1746 5202 ἐν
1786 5149 1914 5218 ύμῖν

333 5235 595 5306 εἰλικρινῆ
619 5233 879 5289 διάνοιαν.
906 5253 926 5287 υ
960 5235 1222 5306 Καθαρᾶς
1241 5235 1350 5306 γὰρ
1381 5237 1641 5302 διανοίας,
1675 5239 1784 5292 τῶν
1813 5240 1912 5310 ἠδη

333 5326 710 5380 ἀκουσθέντων
759 5325 792 5396 ἢ
829 5325 1199 5380 ἀποτεθέντων
1255 5327 1537 5398 σωτηρίων
1589 5330 1912 5400 μνησθῆναι,

336 5415 430 5468 καὶ
472 5413 817 5486 διεγερθῆναι
850 5415 986 5484 πρὸς
1017 5415 1354 5485 ἐπανάληψιν
1393 5417 1492 5486 τῆς
1527 5418 1732 5471 τούτων
1753 5421 1920 5488 ἐργα-

339 5503 463 5562 σίας
490 5504 638 5574 πάσῃ
679 5505 910 5572 δυνάμει
965 5505 1058 5557 καὶ
1117 5505 1413 5578 προθυμίᾳ.
1457 5508 1720 5578 Ἀπετέθη
1747 5509 1802 5564 δὲ
1832 5511 1920 5562 διὰ

346 5593 700 5662 προφητικῶν
726 5595 820 5648 καὶ
865 5595 1240 5650 ἀποστολικῶν
1270 5599 1660 5668 κηρυγμάτων.
1705 5601 1796 5652 Διδ
1829 5608 1924 5657 καὶ

343 5683 554 5748 nasia;
584 5701 748 5754 φησιν
769 5701 783 5716 ·
821 5704 838 5736 ι
893 5686 1431 5759 Ἐποικοδομούαενοι
1459 5689 1550 5742 ἐπὶ
1580 5689 1659 5760 τῷ
1692 5691 1924 5761 θεμελίῳ

417 5865 464 5896 ²⁶
486 5861 647 5920 Prov.
699 5880 849 5930 xvvt,
892 5865 972 5918 ll.

2013 4685 2084 4739 tis
2119 4699 2332 4747 eorum,
2376 4699 2498 4753 quae
2553 4682 2798 4752 praedixi,
2831 4684 3121 4738 verborum
3156 4699 3184 4736 a
3225 4693 3431 4739 sanctis
3461 4701 3586 4754 pro-

2014 4777 2214 4846 pinetis,
2271 4783 2325 4829 et
2386 4776 2755 4844 apostolorum
2806 4781 3134 4836 vestrorum,
3190 4786 3585 4844 praceptorum

2018 4867 2228 4920 Domini
2268 4876 2324 4920 et
2360 4863 2684 4920 Salvator-is.
2732 4883 2751 4916 ι
2800 4865 2880 4918 Ex
2923 4863 3008 4919 bis
3059 4865 3238 4919 verbis
3297 4866 3587 4931 discimus,

2017 4960 2156 5014 duas
2185 4969 2391 5012 tantum
2429 4957 2695 5027 Epistolas
2721 4956 2937 5011 Petrum
2972 4956 3282 5026 scripsisse.
3319 4975 3338 5010 ι
3380 4957 3436 5012 lu
3467 4963 3594 5030 qui-

2020 5052 2124 5107 bus
2153 5053 2355 5112 excito,
2396 5071 2412 5102 ι
2449 5058 2584 5114 cte.,
2619 5051 2719 5104 hoc
2749 5059 2854 5113 est,
2895 5049 2948 5101 in
2978 5049 3180 5118 quibus
3211 5051 3476 5119 epistolis.
3507 5053 3591 5106 vel

2021 5157 2118 5212 per
2144 5157 2280 5211 quas
2311 5141 2569 5208 epistolas
2609 5161 2629 5193 ι
2669 5152 2902 5196 vestram
2929 5142 3110 5198 excito
3137 5142 3406 5196 sinceram
3437 5157 3594 5196 men-

2022 5243 2155 5290 tem.
2201 5254 2221 5288 ι
2268 5235 2509 5290 Sincera:
2543 5235 2686 5288 enitn
2728 5236 2924 5290 mentis
2954 5243 3064 5299 est,
3094 5248 3283 5288 eorum
3324 5249 3443 5302 qua:
3491 5249 3596 5287 au-

2021 5326 2136 5380 dita
2171 5335 2225 5380 et
2255 5326 2500 5396 deposita
2529 5339 2657 5380 sunt
2689 5327 3026 5390 meminisse,
3060 5333 3113 5380 et
3163 5325 3228 5378 ad
3278 5340 3343 5378 ea
3396 5325 3590 5378 iterum

2025 5427 2278 5490 prompte
2319 5427 2372 5473 et
2407 5418 2664 5472 alacriter
2695 5417 3024 5486 perficienda
3060 5415 3308 5472 excitari.
3340 5413 3592 5484 Deposita

2026 5524 2158 5566 vero
2185 5525 2246 5565 ea
2286 5519 2415 5564 sunt
2465 5524 2559 5578 per
2587 5509 2930 5578 propheticus
2959 5516 3012 5562 et
3043 5505 3376 5576 apostolicas
3401 5504 3596 5574 pracdi-

2030 5603 2298 5657 catioucs.
2361 5601 2542 5667 Quare
2597 5609 2652 5655 et
2703 5601 2904 5655 I'aulus
2960 5600 3076 5652 ait:
3113 5616 3132 5649 ι
3171 5593 3594 5668 Stiperaedificati

2033 5709 2196 5763 supra
2268 5692 2674 5746 fundamentum
2741 5690 3110 5762 apostolorum
3187 5698 3241 5743 et
3303 5687 3594 5758 propheta.
