4010 6576
496 460 636 526 1219

1353 464 1939 527 THEOPHYLACTI
1985 464 2081 526 BU
2094 466 2394 527 LGARUE
2434 466 2788 527 ARCIIIEP.

3604 461 3755 524 i930

491 586 612 626 rum
644 569 714 624 “.
754 586 774 622 ι
807 567 1011 625 Omnes
1044 567 1190 624 enim
1234 566 1324 624 isti
1377 569 1670 624 adventum
1704 568 1918 623 Domini
1964 585 2059 621 an-

2190 570 2272 621 τῶν
2317 571 2631 625 ἀποστόλων
2676 572 2771 626 καὶ
2811 569 3123 643 προφητῶν.
3155 588 3172 623 ι
3216 569 3422 630 Πάντες
3467 567 3572 637 γάρ
3603 566 3760 624 οὗτοι

486 662 821 718 nuntiarunt
855 678 869 715 :
901 675 1076 730 neque
1122 675 1254 715 sane
1291 661 1522 714 testibus
1570 658 1886 728 hujusmodi
1936 659 2066 714 ﬁdes

490 755 678 826 negari
706 752 828 821 jure
852 762 1053 822 potest.
1097 752 1200 806 Sed
1235 767 1355 813 cur,
1393 752 1593 821 inquit,
1635 751 1758 806 dico
1793 750 2070 821 apostolos

490 859 543 904 et
571 848 910 919 prophetas?
935 846 1203 913 Quoniam
1230 846 1318 899 isti
1356 861 1479 899 cum
1512 845 1770 912 primum,
1812 854 1924 898 tum
1976 860 2062 897 se-

493 943 730 998 cundum
767 941 941 1008 ipsius
969 938 1182 994 Domini
1211 947 1264 993 et
1307 937 1607 991 Salvatoris
1644 936 1816 990 nostri
1870 936 2069 991 adven-

496 1044 610 1089 tum
645 1033 1063 1087 annuntiarunt.
1115 1029 1402 1085 Orationis
1434 1040 1614 1085 autem
1656 1037 1934 1085 structura
1996 1029 2067 1083 ita

494 1139 552 1177 se
594 1123 755 1176 habet
791 1140 804 1176 :
841 1140 858 1172 ι
894 1120 967 1177 Ut
1011 1134 1282 1175 memores
1330 1120 1450 1174 sitis
1481 1120 1774 1172 verborum
1807 1134 1835 1172 a
1865 1120 2073 1173 sanctis

494 1213 774 1282 prophetis
809 1212 1217 1283 przedictorum,
1270 1218 1323 1263 et
1354 1220 1748 1280 praeceptorum
1798 1208 2070 1275 apostolo-

455 1321 459 1324 '
496 1319 615 1355 rum
651 1310 953 1356 vestrorum
984 1309 1039 1355 et
1074 1301 1452 1357 mandatorum
1483 1300 1697 1354 Domini
1723 1307 1774 1353 et
1809 1299 2063 1354 Salvato-

496 1392 573 1445 ris
609 1389 738 1445 Jesu
771 1390 999 1445 Christi.
1043 1408 1062 1442 ι
1097 1391 1269 1455 Quam
1312 1404 1443 1443 vero
1490 1389 1559 1440 oh
1605 1403 1829 1442 causam
1869 1403 2072 1443 metuo-

501 1481 641 1535 riam
711 1482 907 1536 horum
963 1480 1309 1537 excitandam
1367 1479 1666 1550 przecipiat,
1729 1479 2013 1551 subiungit
2051 1519 2065 1541 ,

499 1585 714 1639 nempe,
742 1569 1007 1640 quoniam
1043 1568 1080 1621 ii
1114 1568 1206 1638 qui
1252 1569 1318 1624 ad
1355 1568 1582 1625 ductum
1614 1569 2073 1639 concupiscentia:

499 1676 614 1716 suae
643 1660 850 1726 vivunt,
880 1666 1171 1715 cernentes
1198 1659 1490 1715 nonnullos
1517 1658 1729 1713 Domini
1755 1660 2068 1724 adventum.

500 1767 660 1820 quem
685 1752 801 1820 ipse
823 1750 987 1809 etiam
1027 1750 1289 1807 Dominus
1324 1749 1596 1820 prmdixit,
1641 1757 1969 1815 metuentes,
2018 1757 2073 1806 et

499 1840 695 1905 hacde
736 1856 901 1895 causa
946 1841 1292 1895 inhonestam
1331 1854 1521 1893 eorum
1553 1839 1718 1893 vitam
1752 1840 2070 1895 abominan-

2170 658 2267 729 τὴν
2291 659 2383 712 τοῦ
2410 661 2613 732 Κυρίου
2647 660 2946 732 παρουσίαν
2978 659 3342 729 κατήγγειλαν
3363 675 3375 689 ο
3412 660 3506 711 καὶ
3531 660 3633 712 οὑκ
3661 659 3764 711 εσ-

2171 769 2253 804 τιν
2281 754 2527 806 άπιστεῖν
2557 752 2830 817 τοσούτοις
2862 753 3121 821 μάρτυσι.
3175 752 3284 805 Καὶ
3316 751 3391 817 τί,
3443 751 3596 820 φησὶ,
3664 752 3763 802 λέ-

2170 859 2252 909 γω
2283 844 2568 913 προφήτας
2604 845 2699 897 καλ⁹
2730 842 3059 905 ἀποστόλους
3084 858 3099 905 ς
3127 841 3250 895 Ὀτι
3274 841 3641 908 κατήγγειλαν
3658 843 3763 894 καὶ

2169 931 2268 1002 τὴν
2297 933 2519 1004 πρώτην
2546 933 2639 987 καὶ
2677 933 2774 1003 τὴν
2812 932 3068 1004 δευτέραν
3107 932 3268 986 αὑτοῦ
3300 932 3392 985 τοῦ
3425 932 3631 998 Κυρίου
3660 933 3759 984 καὶ

2171 1023 2418 1092 Σωτῆρος
2449 1024 2604 1094 ἡμῶν
2640 1024 2960 1094 παρουσίαν.
3034 1024 3140 1077 Καὶ
3179 1023 3328 1076 ἔστιν
3372 1022 3430 1093 [ἡ
3461 1022 3756 1092 σύνταξις]

2169 1110 2368 1173 οὕτως’
2426 1113 2744 1183 Μνησθῆναι
2784 1114 2891 1167 τῶν
2921 1114 3333 1186 προειρημένων
3357 1114 3619 1185 ῥημάτων
3650 1114 3761 1166 ὑπὸ

2171 1202 2278 1256 τῶν
2306 1204 2478 1272 ἁγίων
2509 1205 2826 1276 προφητῶν,
2858 1206 2964 1260 ὑπὸ
2996 1206 3105 1258 τῶν
3130 1205 3452 1261 ἀποστόλων
3485 1205 3642 1272 ὑμῶν
3671 1208 3760 1256 ἐν·

2169 1295 2353 1364 τολῆς,
2384 1296 2489 1350 ὑπὸ
2515 1297 2616 1365 τῆς
2673 1298 2891 1368 ἐντολῆς
2924 1297 3017 1351 τοῦ
3051 1298 3255 1369 Κυρίου
3274 1298 3371 1352 καὶ
3414 1298 3692 1367 Σωτῆρος.
3735 1316 3755 1348 ι

2172 1385 2329 1440 Κατὰ
2365 1387 2545 1442 κοινοῦ
2586 1388 2696 1457 γὰρ
2723 1390 2778 1457 ή,
2864 1408 2883 1440 ι
2919 1389 3044 1444 ὑπό.
3095 1408 3112 1439 ι
3145 1389 3253 1443 Καὶ
3280 1389 3369 1442 διά
3398 1390 3447 1441 τί
3477 1390 3578 1457 τὴν
3625 1389 3764 1458 μνή-

2174 1494 2283 1548 μην
2322 1478 2526 1548 ταύτην
2564 1482 2995 1551 ἀναζωπυρῆσαι
3031 1481 3483 1552 παρακελεύεται,
3536 1483 3759 1549 ἐπάγει,

2169 1567 2251 1621 ὅτι
2276 1569 2336 1621 oi
2366 1568 2630 1636 ἐμπαθῶς
2654 1570 2854 1635 ζῶντες
2880 1572 3020 1626 κατὰ
3046 1574 3143 1636 τὰς
3181 1573 3389 1635 οἰκείας
3433 1574 3762 1644 ἐπιθυμίας,

2173 1658 2191 1731 [
2213 1658 2446 1729 ὁρῶντές
2466 1677 2626 1723 τινας
2649 1660 2669 1734 ]
2692 1663 2926 1727 δεδιότας
2956 1664 3053 1735 τὴν
3082 1666 3176 1719 τοῦ
3207 1665 3408 1736 Κυρίου
3433 1669 3757 1737 πειρουσίιτυ³

2170 1751 2236 1822 ἣν
2266 1752 2401 1823 μετὰ
2416 1753 2598 1808 ἄλλων
2636 1754 2910 1828 θεοφόρων
2937 1755 2957 1830 [
2984 1757 3079 1811 καὶ
3100 1758 3259 1821 αὐτὸς
3284 1760 3314 1813 ὁ
3345 1758 3549 1830 Κύριος
3575 1758 3592 1831 j
3638 1776 3767 1827 πραο

2170 1847 2523 1916 κατήγγειλε,
2556 1850 2650 1903 καὶ
2683 1849 2771 1903 διά
2789 1850 2991 1923 ταύτην
3013 1850 3338 1914 άθετοῦντας
3363 1850 3502 1922 [τὴν
3525 1853 3621 1906 ius
3630 1869 3764 1922 μνον

502 1942 608 1991 tes,
641 1931 804 2001 397
839 1934 1135 2001 praesertim
1176 1947 1304 1985 vero
1356 1945 1480 1984 cum
1539 1946 1649 1985 non
1704 1930 1887 1986 statim
1951 1940 2076 1998 post

2190 1938 2362 1991 αὑτῶν
2384 1939 2629 2012 βιοτὴν,]
2660 1944 2754 1994 καὶ
2786 1941 3044 2012 μάλιστα,
3083 1943 3165 1996 ὅτι
3189 1941 3263 2012 μὴ
3290 1942 3430 1996 κατά
3462 1942 3633 2005 πόδας
3663 1943 3763 1995 τῶν

499 2023 662 2075 verba
702 2023 1038 2090 experientia
1094 2030 1441 2091 sequeretur,
1472 2021 1565 2075 sed
1601 2022 1715 2075 hinc
1744 2021 1813 2075 ob
1847 2020 2077 2077 salutem

499 2114 786 2167 ditl‘er'autr
824 2115 1212 2183 eorumquiin
1242 2115 1542 2168 electorum
1592 2114 1732 2168 libro
1785 2114 2079 2182 conscripti

501 2214 651 2271 sunt,
707 2205 891 2261 ﬁdeles
940 2206 1285 2277 impudenter
1327 2206 1608 2271 invadunt,
1660 2216 1717 2259 ut
1782 2222 1876 2261 eos
1923 2205 2072 2260 deci-

502 2299 672 2367 pian‘.

578 2389 737 2446 Vens.
774 2390 806 2444 5
836 2392 890 2447 5.
925 2410 942 2443 ι
981 2390 1093 2447 Hoc
1138 2393 1369 2462 primum
1400 2394 1656 2454 scientes,
1690 2392 1832 2461 quod
1860 2395 2085 2447 vcnient

505 2481 557 2536 in
596 2484 904 2539 novissimis
952 2484 1144 2539 diebus
1182 2485 1233 2539 in
1283 2485 1602 2553 deceptione
1654 2484 1906 2538 illnsorcs
1934 2485 2085 2552 juxta

503 2575 749 2643 proprias
815 2576 1282 2645 εοιιοιιρίευριιιίηιι
1335 2576 1677 2629 ambulantes
1708 2616 1722 2639 ,
1785 2575 2025 2630 dicentes
2069 2593 2085 2629 :

504 2664 604 2721 Ubi
634 2678 719 2719 est
775 2667 1065 2734 promissio
1146 2667 1414 2722 adventus
1462 2670 1581 2736 ejus
1621 2668 1645 2721 ?
1692 2667 1762 2721 Ex
1809 2683 1916 2737 quo
1946 2667 2087 2721 enim

505 2769 688 2828 patres
722 2760 1089 2826 dormierunt,
1120 2760 1298 2813 omnia
1338 2760 1417 2814 sic
1448 2767 1797 2829 perseverant
1826 2759 1896 2814 ab
1936 2759 2090 2812 initio

504 2857 792 2903 creatura».
849 2849 1003 2904 Latet
1063 2851 1205 2904 sirint
1272 2866 1386 2913 eos,
1441 2852 1541 2904 hoc
1594 2851 1853 2907 volentes.
1890 2869 1910 2902 ι
1954 2849 2090 2916 Quia

510 2942 789 2998 secundus
824 2941 1035 2997 Domini
1058 2940 1326 2997 adven'us
1359 2958 1462 2997 non
1486 2942 1666 2995 statim
1697 2957 1762 2997 ac
1787 2943 2091 3012 promissus

508 3045 615 3097 est,
632 3035 862 3105 contigit
882 3034 1151 3105 (diti‘ertur
1170 3035 1381 3088 scilicet
1415 3033 1484 3086 ob
1508 3035 1801 3089 multorum
1839 3035 2090 3105 salutem,

511 3139 747 3193 quorum
779 3124 998 3177 nomina
1035 3123 1239 3193 scripta
1276 3131 1405 3178 sunt
1454 3124 1505 3176 iu
1551 3123 1691 3177 libro
1722 3124 1884 3187 vitaz)
1916 3140 1930 3188 ;
1968 3123 2093 3177 hinc

2183 2030 2361 2097 λόγων
2382 2033 2413 2101 ἡ
2438 2034 2599 2103 πεῖρα
2624 2033 2844 2101 φθάνει,
3035 2035 3416 2104 παρατείνεται
3436 2034 3521 2087 διὰ
3544 2035 3645 2103 τὴν
3664 2051 3764 2088 σω-

2183 2125 2378 2192 τηρίαν
2408 2124 2512 2177 τῶν
2546 2126 2604 2177 ἐν
2626 2128 2692 2195 τῇ
2725 2125 2892 2197 βίϐλῳ
2918 2125 3031 2178 τῶν
3059 2125 3377 2195 σωζομένων
3406 2128 3761 2196 γραφέντων

2186 2215 2504 2283 ἐπιφύονται
2538 2218 2768 2283 ἀναιδῶς
2799 2220 2911 2283 τοῖς
2946 2218 3288 2273 πιστεύωσιν
3312 2220 3760 2283 ὲπιτωθάζοντες.

2263 2409 2280 2438 ι
2307 2389 2476 2443 Τοῦτο
2515 2391 2724 2460 πρῶτον
2751 2393 3131 2456 γινώσκοντες,
3184 2392 3267 2445 ὅτι
3318 2391 3633 2444 ἐλεύσονται
3674 2392 3760 2445 ἐπ’

2189 2484 2433 2553 ἐσχάτων
2450 2484 2677 2556 τιῦνὴμε
2687 2484 2796 2555 ρῶν
2825 2486 3144 2556 ἐμπαῖκται,
3178 2484 3319 2537 κατὰ
3345 2484 3442 2547 τὰς
3477 2484 3616 2546 ἰδίας
3641 2486 3762 2536 ἑπι-

2191 2574 2388 2643 θυμίας
2404 2574 2583 2627 αὑτῶν
2607 2575 2984 2646 πορευόμενοι,
3004 2574 3098 2628 καὶ
3126 2574 3397 2642 λέγοντες
3425 2573 3535 2626 Ποῦ
3552 2574 3705 2626 ἐστιν
3727 2574 3758 2643 ἠ

2192 2665 2495 2733 ἐπαγγελία
2520 2666 2618 2735 τῆς
2679 2667 2983 2735 παρουσίας
3032 2664 3235 2731 αὑτοῦ;
3314 2667 3435 2734 Ἀφ’
3462 2661 3532 2737 ἧς
3573 2667 3682 2735 γάρ
3711 2665 3759 2717 oi

2192 2754 2431 2826 πατέρες
2460 2757 2619 2827 ἡμῶν
2653 2758 3048 2829 ἐκοιμήθησαν,
3074 2757 3255 2827 πάντα
3277 2757 3450 2820 οῦτως
3505 2755 3759 2824 διαμένει

2192 2852 2286 2909 ἀπ’
2314 2853 2488 2923 ἀρχῆς
2537 2851 2789 2913 κτίσεως.
2825 2851 3091 2905 Δανθάνει
3120 2850 3227 2922 γὰρ
3258 2849 3457 2912 αὖτοὺς
3488 2848 3650 2901 τοῦτο
3678 2848 3762 2901 θέ-

2192 2944 2401 3008 λοντας.
2429 2943 2570 3014 ι-Τῴ
2602 2943 2677 3015 μὴ
2703 2946 2844 2997 κατᾶ
2875 2941 3079 3007 πόδας,
3119 2942 3272 3011 φησὶ,
3302 2940 3411 2993 τῶν
3454 2940 3630 3007 λόγων
3664 2939 3761 3009 τὴν

2195 3037 2392 3107 πεῖραν
2422 3036 2522 3100 τῆς
2558 3033 2862 3103 παρουσίας
2883 3030 2979 3084 τοῦ
3013 3031 3217 3102 Κυρίου
3250 3029 3641 3083 ἐπακολουθεῖν
3678 3029 3762 3081 διά

2193 3128 2289 3199 τὴν
2318 3127 2428 3180 τῶν
2475 3126 2685 3182 πολλῶν
2740 3124 3037 3194 σωτηρίαν,
3064 3123 3174 3176 τῶν
3218 3122 3651 3192 ἀπε-γραφέντων
3698 3124 3760 3191 τῇ

514 3232 533 3267 ι
564 3214 816 3269 itlusores
848 3232 866 3265 ι
906 3214 1156 3269 homines
1187 3215 1368 3270 verbis
1409 3203 1738 3269 adoriuntur
1761 3229 1855 3271 eos
1885 3216 1979 3286 qui
2029 3214 2087 3270 ii-

2196 3219 2363 3290 βίόλῳ
2407 3219 2516 3272 τῶν
2570 3218 2811 3284 ζώντων,
2880 3214 3206 3285 ἐπιφύονται
3252 3217 3365 3278 τοῖς
3418 3215 3764 3269 πιστεύουσιν

511 3306 660 3361 doles
691 3316 841 3369 sunt,
888 3313 950 3359 ut
993 3305 1289 3374 decipiant,
1320 3306 1606 3361 dicentes:
1647 3324 1666 3358 ι
1706 3304 1809 3362 Ubi
1844 3316 1925 3361 est
1956 3321 2087 3377 pro-

511 3396 704 3451 missio
742 3397 1008 3450 adventus
1037 3399 1195 3467 ejus?
1228 3416 1246 3450 ι
1279 3399 1346 3450 At
1373 3406 1659 3468 propterea
1684 3399 1827 3468 quod
1859 3399 2094 3468 promis-

428 3556 431 3557 ν
512 3503 635 3543 sum
668 3504 836 3542 unum
880 3489 1121 3543 nondum
1168 3489 1237 3543 ob
1267 3489 1466 3545 dictaui
1514 3491 1778 3546 rationem
1812 3492 2090 3562 impletum

512 3585 619 3643 est,
651 3579 789 3633 velle
817 3581 1075 3635 omnibus
1105 3580 1227 3648 ejus
1258 3580 1421 3636 dictis
1451 3580 1713 3646 ditlidcre,
1757 3582 1989 3652 latisque
2022 3583 2093 3638 ab

514 3669 635 3739 ipso
659 3668 938 3724 hominum
977 3671 1353 3741 improborum
1372 3675 1729 3741 persuasione
1761 3688 1867 3727 non
1905 3690 2094 3743 parere

517 3762 814 3826 mandatis,
875 3763 1142 3818 absonum
1200 3763 1361 3834 plane
1418 3774 1471 3820 ct
1522 3765 1785 3833 iniustum
1830 3775 1936 3822 est.
1971 3769 2095 3823 Hmc

516 3864 650 3906 Vero
679 3854 1109 3924 illiustemporis
1143 3852 1414 3920 Gnostici,
1448 3872 1544 3913 seu
1579 3858 1833 3923 Naascni,
1858 3869 1911 3911 ct
1938 3858 2097 3912 Latn-

517 3943 742 4012 pi-tiani,
770 3952 823 3998 et
867 3943 1112 4000 Euchita:
1141 3945 1483 4001 eﬂulicbaut.
1523 3947 1673 4014 Quos
1704 3940 1894 4003 bnmes
1930 3966 1950 3999 ι
1993 3948 2095 4001 hoc

516 4032 685 4087 latere
738 4034 1007 4098 volentes,
1050 4053 1069 4086 ι
1125 4036 1235 4101 ait;
1271 4047 1467 4105 sponte
1513 4038 1658 4091 enim
1711 4038 1779 4092 ad
1845 4038 2098 4094 veritatis

514 4124 699 4177 lumen
738 4124 927 4178 oculos
965 4125 1313 4181 claudebant.
1342 4127 1410 4181 At
1438 4128 1566 4197 quid
1602 4144 1697 4184 eos
1728 4130 1858 4184 latet
1885 4131 1909 4185 ?
1939 4131 2094 4198 Quod

516 4215 748 4279 scilicet,
804 4216 1262 4285 quemadmodum
1310 4220 1462 4283 olim,
1510 4235 1634 4274 cum
1682 4223 1804 4277 (ταιιί
1846 4234 1897 4277 et
1933 4234 2095 4288 terra,

512 4305 670 4376 juxta
718 4306 1006 4363 Mosaieam
1052 4308 1237 4364 mundi
1291 4311 1622 4369 conditionis
1674 4313 1981 4380 historiam,
2034 4332 2098 4371 ex

517 4414 656 4468 aqua
694 4398 799 4468 (ait
832 4401 999 4464 enim,
1028 4400 1197 4456 Deum
1233 4402 1552 4469 imperasse.
1581 4415 1640 4458 ut
1676 4424 1694 4456 ι
1737 4407 1892 4460 llcrct
1918 4408 2101 4461 [trina-

518 4502 758 4545 mentnm
794 4491 845 4545 in
873 4492 1051 4547 medio
1076 4508 1338 4563 aquarum
1356 4496 1402 4527 ²¹
1439 4511 1453 4548 :
1487 4513 1505 4547 ι
1528 4496 1778 4552 similiter
1805 4496 1931 4569 euut
1958 4509 2097 4557 terra

2192 3311 2499 3381 ἰμπαῖκται
2529 3305 2965 3372 ιπιτωθάζοντες
2992 3305 3086 3359 καὶ
3114 3304 3404 3374 λέγοντεςς
3429 3324 3448 3355 ι
3485 3304 3598 3358 Ποῦ
3622 3306 3763 3357 ἐστιν

2192 3402 2227 3470 ἡ
2262 3398 2561 3469 ἐπαγγελία
2586 3400 2687 3468 τῆς
2727 3397 3030 3471 παρουσίας
3066 3396 3231 3453 αὑτοῦ
3258 3414 3275 3464 ;
3309 3416 3329 3450 ι
3363 3397 3462 3451 Διὰ
3502 3398 3637 3462 μιᾶς
3664 3396 3764 3450 τοία

2190 3508 2287 3546 νυν
2313 3490 2411 3560 τῆς
2444 3491 2610 3562 μήπω
2638 3488 2948 3560 ἀφιγμένης
2981 3486 3050 3542 δι’
3082 3487 3149 3552 ἃς
3201 3488 3540 3558 προείπομεν
3572 3488 3762 3551 αἰτίας,

2193 3584 2253 3637 οὑ
2287 3583 2495 3637 δίκαιον
2527 3584 2621 3635 καὶ
2654 3584 2776 3646 ταῖς
2809 3579 3000 3641 ἄλλαις
3030 3578 3403 3651 σωτηριώδεσι
3430 3578 3527 3633 τοῦ
3564 3579 3761 3650 Κυρίου

2194 3673 2437 3736 ἐντολαῖς
2475 3671 2744 3737 ἀπειθεῖν,
2800 3669 3130 3740 κακούργων
3161 3668 3411 3738 γνώμαις
3438 3668 3763 3739 ἐκτραχηλι-

2196 3765 2476 3833 ζομένους.
2530 3762 2717 3817 Ταῦτα
2772 3761 2831 3816 δὲ
2859 3762 2909 3814 οί
2936 3760 3057 3815 κατ’
3097 3760 3338 3824 ἐκείνους
3389 3762 3516 3822 τοὺς
3547 3761 3761 3830 καιροὺς

2197 3853 2512 3919 Γνωστικοὶ,
2552 3853 2670 3922 ἤτοι
2724 3850 3029 3924 Ναασηνοὶ,
3088 3851 3186 3904 καὶ
3236 3850 3635 3917 Λαμπετιανοὶ,
3678 3850 3764 3900 καὶ

2196 3946 2420 4017 Εὑχῖται
2455 3944 2779 4016 ὲληρῲδουν.
2832 3944 2944 4009 Οὓς
3013 3944 3221 4006 πάντας
3261 3961 3280 3994 ι
3314 3942 3601 3996 λανθάνειν
3660 3959 3763 4009 φη-

2200 4038 2285 4092 σὶν
2322 4037 2545 4099 ἑκόντας
2574 4054 2590 4069 ·
2630 4056 2648 4088 ι
2686 4036 2927 4091 ἐθελοντὶ
2950 4035 3060 4107 γὰρ
3090 4036 3286 4105 μύουσι
3322 4033 3459 4104 πρὸς
3497 4034 3596 4099 τὴν
3640 4034 3764 4100 ἀλῆ-

2200 4129 2371 4184 θειαν.
2407 4131 2518 4183 Καὶ
2557 4127 2611 4181 τί
2649 4128 2710 4180 τὸ
2733 4127 2997 4181 λανθάνον
3029 4124 3267 4191 αὑτούς;
3302 4126 3430 4180 Ὀτι
3482 4123 3672 4194 ὥσπερ
3710 4128 3766 4176 ὲν

2199 4222 2277 4291 τῷ
2309 4218 2681 4288 κατακλυσμῷ
2724 4215 2864 4289 ἦσαν
2897 4219 3137 4291 οὐρανοὶ,
3181 4217 3323 4270 κατὰ
3358 4215 3458 4285 τὴν
3495 4216 3763 4276 Μωῦσέως

2201 4313 2620 4381 κοσμογένειαν,
2653 4310 2712 4375 ἐξ
2747 4309 2940 4374 ὕδατος
2982 4310 3164 4381 (αὑτὸν
3192 4309 3301 4378 γάρ
3339 4325 3474 4376 φησι
3519 4309 3611 4359 τὸν
3642 4307 3766 4357 Θεὸν

2200 4401 2540 4456 ἐντείλασθαι
2576 4420 2597 4451 ι
2619 4401 2871 4469 γενέσθαι
2895 4399 3183 4470 στερέωμα
3217 4399 3274 4451 ὲν
3306 4399 3458 4467 μέσῳ
3500 4397 3598 4449 τοῦ
3652 4396 3767 4448 i361-

2202 4512 2292 4557 τος
2324 4513 2341 4544 ι
2364 4492 2405 4565 ),
2440 4494 2533 4548 καὶ
2565 4494 2596 4563 ἡ
2623 4495 2694 4563 γῆ
2736 4493 2792 4546 δὲ
2818 4491 3079 4555 ὡσαύτως
3115 4493 3179 4543 ἐκ
3212 4488 3323 4542 τῶν
3384 4488 3601 4542 ὑδάτων
3634 4507 3653 4539 ι
3678 4490 3765 4539 άν-

517 4596 581 4633 ex
620 4582 778 4652 aquis
824 4601 842 4635 ι
874 4592 1179 4653 appareret,
1215 4602 1233 4635 ι
1288 4584 1341 4638 in
1391 4584 1591 4654 quibus
1635 4596 1796 4641 antea
1850 4587 2087 4643 demersa

2204 4588 2378 4657 εφάνη
2408 4606 2426 4637 ι
2456 4585 2533 4656 τῷ
2555 4585 2764 4638 ἐκείνου
2787 4583 3192 4653 προστάγματι,
3218 4578 3552 4650 ὑποϐρύχιος
3591 4579 3767 4639 αὑτοῖς

512 4671 750 4743 jacebat)
787 4685 1009 4742 repente
1034 4690 1099 4729 ac
1129 4686 1324 4744 praeter
1354 4677 1671 4745 opinionem
1701 4678 1969 4733 diluvium
2002 4696 2095 4735 su-

521 4765 769 4833 pervenit
800 4781 816 4821 :
844 4765 918 4818 ita
950 4776 1005 4820 et
1028 4781 1174 4820 nunc
1197 4775 1464 4823 statutum
1490 4775 1575 4824 est
1601 4778 1659 4823 ut
1690 4784 1785 4839 per
1803 4771 1977 4842 ignem
2004 4772 2096 4827 (lat

520 4855 760 4911 universi
774 4854 1238 4922 destruetio,eum
1268 4874 1378 4930 quo
1400 4868 1453 4916 et
1482 4860 1636 4931 impii
1668 4862 1938 4930 peribunt.
1960 4864 2096 4920 Cum

519 4945 666 5000 enim
715 4945 826 5003 duo
882 4946 994 5002 sint
1034 4947 1308 5018 prmeipua
1356 4951 1546 5006 mundi
1597 4952 1760 5020 hujus
1804 4952 2095 5018 elementa,

521 5051 662 5105 aqua
688 5047 741 5092 et
769 5037 931 5110 ignis,
958 5053 989 5092 e
1018 5039 1221 5111 quibus
1249 5040 1359 5095 duo
1394 5041 1523 5105 alia,
1560 5056 1654 5096 aer
1686 5050 1740 5097 et
1779 5051 1947 5110 terra,
1979 5061 2103 5101 esse

522 5146 681 5186 suum
730 5130 1010 5203 accipiunt
1046 5149 1062 5188 :
1096 5132 1190 5188 ille
1218 5132 1439 5203 quidem
1483 5148 1546 5188 ex
1590 5134 1749 5204 aquis
1770 5137 2102 5205 evaporatis,

532 5224 648 5277 haec
682 5238 813 5279 vero
862 5239 930 5281 ex
961 5223 1155 5280 iisdem
1187 5222 1484 5288 concretis,
1521 5234 1627 5279 tam
1662 5225 2102 5295 evaporationem

523 5331 686 5387 quam
720 5316 1127 5372 concretionem
1160 5327 1423 5372 causante
1451 5316 1576 5388 igne
1602 5317 1766 5387 (quod
1798 5317 2106 5373 nullatenus

528 5408 853 5464 incredibile
881 5420 985 5474 est,
1017 5409 1453 5480 quandoquidem
1484 5409 1587 5463 hac
1619 5423 1651 5462 a
1686 5407 1794 5464 Deo
1821 5409 2107 5467 conditore

527 5500 579 5552 vi
607 5508 800 5557 natura
831 5501 973 5571 ignis
1001 5501 1198 5557 donata
1229 5501 1358 5570 est),
1394 5514 1631 5570 cumque
1661 5499 1776 5569 jam
1811 5501 1980 5557 semel
2010 5514 2107 5569 per

532 5604 728 5658 aquas,
758 5600 1004 5664 tempore
1033 5592 1241 5649 scilicet
1270 5592 1487 5654 diluvii.
1525 5593 1710 5663 impiis
1734 5594 1961 5648 exitium
1986 5593 2108 5649 illa»

531 5689 650 5737 tum
683 5682 866 5749 fuerit,
897 5699 1116 5741 necesse
1141 5685 1299 5755 plane
1323 5692 1429 5751 est,
1459 5685 1657 5755 inquit,
1689 5694 1750 5741 ut
1775 5685 1914 5741 alius
1943 5686 2104 5740 etiam

609 5866 652 5897 "
718 5864 915 5932 Ephcs.
943 5881 1000 5930 It,
1032 5864 1119 5919 ‘20.
1203 5869 1247 5901 ’ί
1275 5866 1407 5921 Gen.
1444 5881 1482 5930 ι,
1516 5865 1568 5920 6.

2200 4678 2393 4749 πρώην
2430 4674 2590 4742 οὖσα,
2625 4678 2717 4731 καὶ
2780 4677 2854 4739 ὡς
2906 4676 2965 4739 ἑξ
3005 4675 3210 4728 ὑδάτων
3235 4671 3590 4726 συνεστώτων
3615 4673 3765 4740 ούρα-

2201 4770 2292 4824 νοῦ
2322 4771 2418 4823 καὶ
2451 4770 2574 4838 γῆς,
2605 4770 2634 4822 δ
2665 4768 3044 4838 κατακλυσμὸς
3067 4765 3301 4834 ἐπῆλθεν
3323 4764 3763 4834 ἀπροσδοκήτως·

2201 4863 2345 4917 οὕτω
2372 4865 2467 4916 καὶ
2488 4863 2584 4915 νῦν
2618 4861 2706 4915 διὰ
2756 4861 2929 4930 πυρὸς
2956 4859 3249 4913 ἀπόκειται
3279 4858 3380 4923 τὴν
3433 4856 3641 4925 φθορὰν
3682 4853 3767 4905 τοῦ

2203 4954 2405 5014 παντὸς
2433 4952 2712 5021 γενέσθαι,
2745 4951 2867 5022 μεθ’
2896 4944 2958 5005 οὗ
2988 4951 3084 5003 καὶ
3137 4950 3188 5002 oi
3236 4947 3458 5010 άσεὸεἴς
3516 4943 3770 4998 13:01:26»-

2206 5064 2318 5101 ται.
2357 5045 2463 5098 Δύο
2483 5044 2593 5115 γὰρ
2630 5045 2800 5098 δντων
2815 5044 2925 5095 τῶν
2949 5040 3432 5096 συνεκτικωτάτων
3500 5035 3770 5106 στοιχείων

2206 5137 2299 5191 τοῦ
2317 5137 2537 5199 παντὸς,
2556 5134 2747 5197 ὓδατος
2765 5134 2862 5188 καὶ
2874 5135 3068 5199 πυρὸς,
3085 5133 3181 5202 ἀφ’
3215 5124 3293 5186 ὧν
3316 5131 3411 5185 καὶ
3430 5129 3501 5183 τὰ
3519 5128 3615 5181 δύο
3641 5143 3773 5180 στοι-

2208 5233 2331 5300 χεῖα
2356 5232 2418 5283 τὸ
2450 5224 2593 5282 εἶναι
2623 5225 3024 5296 λαμϐάνουσιν,
3064 5222 3174 5293 ἀὴρ
3210 5221 3308 5291 μὲν
3333 5220 3529 5289 ὁρᾶται
3560 5217 3772 5285 ἐξατμι-

2209 5322 2453 5392 ζομένων
2493 5321 2721 5385 ὑδάτων,
2773 5318 2844 5386 γῆ
2870 5316 2926 5371 δὲ
2953 5313 3398 5385 συγκρινομένων
3426 5311 3656 5374 ὑδάτων,
3683 5309 3772 5375 τῆς

2210 5411 2548 5482 ὲξατρίσεως
2576 5409 2653 5472 ὡς
2693 5410 2758 5463 ἐκ
2785 5408 2956 5476 πυρὸς
2984 5408 3078 5460 καὶ
3106 5405 3205 5474 τῆς
3239 5401 3606 5473 συγκρίσεως,
3634 5398 3770 5451 οὐδε-

2211 5504 2303 5566 νος
2326 5502 2435 5555 τῶν
2457 5498 2584 5554 νοῦν
2603 5501 2837 5570 ἑχόντων
2857 5494 3216 5556 ἀπιστοῦντος
3236 5491 3464 5561 (ταύτην
3498 5492 3610 5561 γὰρ
3629 5487 3774 5541 δύνα-

2213 5613 2306 5666 μιν
2333 5593 2439 5653 ὑπὸ
2470 5592 2563 5648 τοῦ
2596 5590 2820 5662 ποιητοῦ
2842 5588 2981 5643 Θεοῦ
3008 5587 3150 5658 ήτοῦ
3373 5583 3531 5652 ἔλαχε
3559 5578 3735 5648 φύσις)
3756 5592 3769 5608 ⁸

2210 5686 2302 5740 δύο
2318 5685 2497 5739 τοίνυν
2516 5682 2706 5748 ὄντων,
2731 5681 3109 5750 καὶπρότερον
3138 5677 3238 5746 τῆς
3263 5675 3372 5729 τῶν
3398 5672 3618 5729 ἀσεϐῶν
3649 5669 3766 5739 φθο-
