4010 6612
223 385 337 454 128]

988 384 1397 447 EXPOSITIO
1431 385 1517 447 IN
1539 382 1778 446 EPIST.
1815 385 1877 445 II
1904 384 1962 446 S.
1998 380 2244 444 PETRI.
2274 405 2343 418 -
2370 381 2531 442 CAP.
2580 380 2692 440 ΙΙΙ.

3334 372 3471 442 1282

227 501 311 570 ρᾶς
368 495 456 551 διὰ
495 497 605 552 τῶν
680 496 901 552 ὑδάτων
932 497 1232 568 γινομένης
1257 495 1321 566 If.
1359 495 1528 567 γεν.],
1576 497 1789 564 ἁιάτκη

1914 504 1992 549 )er
2022 494 2201 563 ignem
2233 490 2549 547 eorumde
2579 488 2869 559 impiorum
2903 485 3156 541 interitus
3181 483 3474 557 aliquando

223 591 379 654 πᾶσα,
409 589 567 659 φησὶ,
588 589 687 662 τὴν
704 588 813 644 τῶν
834 588 1048 644 ἀσεϐῶν
1075 589 1283 662 φθορὰν
1311 589 1403 643 διὰ
1434 588 1607 660 πυρὸς
1631 590 1783 658 γενέ-

222 685 351 737 σθαι.

285 795 300 827 ι
339 778 463 830 Ὀτι
487 776 707 847 οὐρανοὶ
730 773 870 849 ἦσαν
914 774 1170 841 ἔκπαλαι,
1203 775 1299 829 καὶ
1324 775 1376 846 ⁷ἡ
1394 772 1478 845 ’γῆ
1506 774 1565 841 ἐξ
1590 774 1783 837 ὕδατος

225 870 304 922 καὶ
320 870 387 923 δι’
412 869 605 932 ὓδατος
631 869 948 925 συνεστῶσα
973 867 1051 937 τῷ
1070 866 1162 920 to?»
1177 867 1316 919 Θεοῦ
1355 865 1517 936 λόγῳι
1544 883 1666 917 »-‹
1695 866 1788 931 Ἐξ

223 960 398 1024 ὕδατος
426 982 445 1015 ι
483 962 600 1031 μὲν,
633 960 706 1023 ὡς
725 960 785 1025 ἐξ
816 959 1000 1015 ὑλικοῦ
1017 959 1218 1013 αἰτίουι
1256 977 1273 1010 ι
1306 957 1374 1010 δι’
1429 955 1623 1019 ὓδατος
1650 975 1670 1009 ι
1704 956 1786 1021 δὲ,

222 1051 287 1113 ὡς
310 1051 396 1104 διὰ
417 1050 658 1104 τελικοῦ.
689 1049 877 1120 ’Υδωρ
908 1049 1018 1118 γὰρ
1049 1047 1113 1101 τὸ
1135 1047 1362 1117 συνέχον
1386 1045 1484 1119 τὴν
1532 1045 1660 1116 γῆν,
1695 1045 1789 1098 τὸν

222 1142 340 1211 χοῦν
356 1142 451 1196 an
473 1141 637 1195 κόλλα
652 1141 966 1210 συσφίγγων
988 1137 1238 1212 [li-ww]
1254 1138 1443 1207 αὐτῆς,
1456 1137 1547 1190 καὶ
1560 1137 1789 1190 ὑπόστα-

227 1250 302 1284 σιν
319 1234 577 1305 παρέχων
614 1231 675 1305 [Ῑ.
692 1231 834 1305 οχον]
860 1234 1021 1303 αὐτῇ.
1049 1232 1111 1284 El
1139 1231 1247 1300 γὰρ
1272 1230 1349 1301 μὴ
1375 1229 1552 1295 τοῦτο,
1572 1229 1789 1298 ἀνάγκη

223 1326 353 1396 πρὸς
384 1326 512 1397 χοῦν
541 1325 861 1380 διαλύεσθαι
899 1326 1003 1378 καὶ
1030 1322 1363 1394 ἁεροῦσθαι.ι
1393 1322 1790 1392 Ἐπιφυήσεται

221 1415 272 1467 δέ
299 1433 382 1481 τις
414 1418 544 1486 ἡμῖν
568 1417 695 1480 ἴσως
720 1415 996 1486 φλυαρῶν.
1027 1412 1095 1467 Τί
1120 1413 1323 1484 δήποτε
1342 1414 1370 1465 ὁ
1388 1411 1525 1475 Θεὸς
1546 1413 1639 1465 τὸν
1695 1410 1782 1465 36-

225 1521 351 1574 σμον
384 1508 476 1560 τὶν
491 1507 766 1578 ὁρώμενον
801 1504 1275 1575 ὑποστήσαςγοῦχὶ
1309 1503 1373 1569 ἐξ
1399 1504 1578 1573 ἀρχῆς
1594 1502 1788 1573 κεδραῖο

246 1616 302 1652 ον
335 1599 654 1668 εἰργάσατο,
694 1598 753 1663 ἐξ
774 1594 834 1653 οὗ
861 1598 956 1651 καὶ
982 1598 1119 1668 πρὸς
1141 1597 1213 1650 τὸη
1233 1595 1385 1659 εὐθὲς
1420 1595 1792 1663 ἐπανάγεσθαι

224 1693 396 1762 χρεία,
421 1692 482 1745 τὸ
516 1691 616 1761 μὲν
671 1691 765 1745 ἐπὶ
798 1690 926 1745 Νῶε
953 1691 1039 1744 διὰ
1065 1690 1158 1743 τοῦ
1194 1688 1627 1759 κατακλυσμοῦ,
1652 1690 1710 1742 ὲν
1731 1688 1788 1742 δὲ

224 1779 286 1847 τῇ
311 1778 593 1849 συντελείᾳ
618 1778 707 1832 διὰ
730 1779 922 1849 πυρδς,
958 1778 1033 1841 ὼς
1063 1777 1156 1832 νῦν
1200 1794 1332 1848 φησι
1378 1778 1582 1847 Πέτρος
1605 1794 1619 1843 ;
1646 1778 1793 1845 Πρὸς

220 1867 276 1919 ὃν
299 1869 554 1939 ἐροῦμεν,
576 1870 650 1935 ὡς
664 1871 726 1923 τὸ
745 1871 843 1940 μὲν
859 1870 1260 1940 ἁμετάᾶλητον.
1281 1871 1380 1939 οὐχ
1399 1866 1514 1922 οἷόν
1536 1885 1596 1921 τε
1622 1868 1791 1922 αὑτὸν

223 1961 386 2028 σχεῖν.
413 1962 539 2025 Πῶς
562 1964 693 2031 γὰρ,
711 1961 769 2025 ὃς
798 1962 862 2013 ὲκ
880 1959 1058 2030 μεταὸ
1071 1960 1191 2028 νλῆς
1209 1959 1462 2031 εἴληχεητὸ
1478 1956 1658 2025 εἷναι-ς
1695 1959 1792 2013 Ἐκ

221 2052 326 2121 γὰρ
356 2052 448 2104 τοῦ
475 2052 550 2123 μὴ
573 2049 712 2107 εἶναι
733 2054 814 2115 είς
851 2051 908 2106 τὸ
931 2047 1072 2105 εἶναι
1100 2052 1353 2123 προήχθη
1382 2066 1397 2080 '
1439 2052 1577 2123 ὅπερ
1598 2053 1697 2105 οὐκ
1727 2052 1795 2105 ἂν

220 2144 443 2214 ἔμφρων
465 2162 549 2208 τις
575 2146 650 2214 μὴ
681 2144 967 2199 ἀλλοίωσιν
988 2146 1123 2217 ἐρεῖ.
1156 2144 1264 2197 Καὶ
1287 2143 1543 2223 ἐπειδὴ
1568 2141 1794 2195 ἀλλοίω-

223 2255 304 2300 σις
332 2238 424 2290 ἐπὶ
447 2238 507 2290 τὸ
533 2237 805 2308 χείριστον
825 2238 1036 2307 προέϐη
1055 2239 1172 2301 τοῖς
1196 2240 1404 2307 χείροσι
1425 2237 1791 2305 συμφυρεῖσι,

221 2328 531 2397 ἀναγκαίως
585 2330 613 2383 ὁ
661 2328 861 2404 τούτου,
902 2328 1236 2399 δημιουργὸς
1295 2328 1389 2380 ἐπὶ
1441 2328 1502 2379 τὸ
1542 2329 1794 2397 κρεῖττον

221 2421 531 2488 ἐπανάγων,
565 2420 658 2474 ἐπὶ
690 2420 788 2490 μὲν
810 2418 905 2474 τοῦ
927 2419 1175 2490 Νῶετὴν
1210 2418 1479 2489 κάθαρσιν
1504 2416 1578 2470 δι’
1604 2417 1797 2480 ὓδατος

220 2513 538 2583 ἐποιήσατο,
559 2515 618 2566 ὲν
650 2512 707 2566 δὲ
748 2515 817 2584 τῇ
852 2510 1156 2580 ’συντελείᾳ
1189 2508 1283 2564 διὰ
1336 2510 1530 2578 πυρξσς.
1576 2507 1794 2581 Ἐπ“ι”[Ῑ.

225 2602 371 2675 ἐπεη
409 2605 525 2657 καὶ.
553 2605 715 2675 ἡμεῖς
767 2603 1043 2674 εἰώθαμεν
1074 2602 1196 2665 ιτὰς
1240 2601 1376 2666 ὕλας
1433 2601 1800 2671 ἁναχωνεύειν

224 2712 295 2747 πυ
306 2698 379 2767 ρἰ,
402 2696 500 2766 οὐχ
521 2695 610 2751 ἶνα
643 2694 1004 2769 ,ἀνυπαρξίαν
1026 2695 1218 2758 αὑταῖς
1247 2694 1454 2763 δῶμεν,
1470 2695 1602 2747 ἀλλ’
1629 2694 1717 2748 ἵνα
1736 2694 1813 2747 τὸ·

225 2786 464 2859 καθαρὸν
485 2788 579 2841 καὶ
600 2786 894 2858 εἱλικρινὲς
919 2784 1309 2857 χαρισώμεθα-ι
1351 2786 1448 2840 καὶ
1495 2784 1654 2839 τοῦτο
1699 2786 1799 2839 οὐκ

224 2878 289 2932 ἄν
322 2896 404 2940 τις
436 2878 731 2948 ἀπιστήσῃ.
756 2876 1052 2940 ι⁹Ωσαύτως
1078 2875 1142 2947 δὴ
1187 2875 1395 2929 καὶτὸν
1420 2874 1556 2929 Θεὸν
1580 2872 1670 2928 διὰ
1701 2891 1811 2927 πυ·-

228 2969 317 3039 pb;
345 2970 401 3024 ἐν
425 2970 492 3039 τῇ
525 2968 804 3040 συντελείᾳ
828 2967 1303 3038 ἐπαγγειλάμενος
1344 2970 1547 3020 ποιεῖν·
1576 2967 1646 3019 τὰ
1692 2966 1803 3036 γὰρ
1846 2982 1849 2983 '

226 3057 459 3125 περιττὰ
490 3055 725 3127 φθείρει,
744 3057 838 3110 καὶ
858 3055 1039 3128 μηδὲν
1060 3056 1196 3127 πρὸς
1224 3053 1577 3128 ἀνθρωπίνην
1602 3053 1803 3107 σύστα-

229 3163 314 3199 σιν
355 3146 733 3201 συντελοῦντα*
786 3142 900 3201 οἷον
948 3147 1114 3217 φυτὰ,
1161 3147 1357 3218 κτήνη,
1400 3145 1582 3217 χλόην.
1617 3135 1804 3198 Ταῧτα

227 3235 321 3292 οὖν
348 3238 633 3309 φθαρεῖται
653 3239 723 3291 τὰ
753 3238 985 3309 περιττὰ
1014 3237 1147 3307 πρὸς
1193 3236 1292 3308 τὴν
1327 3237 1609 3308 ἄφθαρτον
1634 3234 1832 3306 ζωήν.⁴

240 3327 400 3382 ’Etrsl
420 3326 513 3383 οὖν
548 3327 695 3382 οὕτω
710 3328 915 3393 ταῦτα,
969 3326 1223 3398 ματαίως.
1252 3325 1604 3398 κφλυαροῦσιν
1634 3326 1684 3378 οί
1715 3324 1808 3377 τὸν
1840 3347 1847 3351 ·

225 3418 507 3493 ὁρώμενον
533 3420 723 3473 τοῦτον
756 3419 960 3488 κόσμον
980 3418 1280 3489 ζητοῦντες
1306 3417 1691 3489 μὴ.ᾰφθαρτον
1750 3415 1811 3481 ἐξ

231 3516 408 3586 ἀρχῆς
443 3514 721 3583 γενέσθαιτ
748 3514 813 3567 Ei
842 3512 1031 3578 τοῦτο,
1067 3510 1284 3566 καὶρὲπὶ
1339 3513 1436 3581 τῆς
1468 3513 1661 3582 νοερᾶς
1717 3510 1807 3563 oo.

232 3606 475 3669 σιώσεως
513 3604 834 3676 λογισθῆναι
898 3603 1134 3678 οίηθείη,
1157 3603 1283 3656 ἐπεὶ
1310 3603 1450 3674 αὐτὴ
1473 3603 1532 3669 ἐξ
1561 3602 1663 3655 οὐκ
1717 3602 1809 3655 ὅν-

228 3715 340 3752 των
395 3698 670 3769 προήχθη,
727 3696 843 3751 ἁλλ’
892 3695 1045 3750 οὔπω
1101 3694 1307 3759 συνιεὶς
1353 3694 1429 3759 ὡς
1488 3696 1522 3765 ἡ
1570 3694 1811 3763 ἁπλότης

230 3790 416 3861 εκείνη
451 3791 731 3862 περιποιεῖ
759 3788 819 3842 τὸ
851 3787 1157 3857 ἀνώλεθρον
1210 3786 1309 3841 καὶ
1364 3787 1428 3841 τὸ
1468 3787 1655 3857 λὲγγὺς
1712 3786 1839 3856 τῆς,

235 3881 517 3952 μακαρίας
575 3880 866 3951 τετάχθαι.
901 3882 969 3951 τῇ
1036 3878 1271 3951 ὑπάρξει
1336 3878 1439 3933 καὶ
1492 3877 1646 3942 θείας
1705 3878 1809 3948 φύ-

232 3991 398 4035 σεως.

318 4083 336 4115 ι
377 4062 454 4117 Δι’
479 4057 553 4117 ὧν
586 4064 614 4117 ὁ
643 4064 767 4119 τότε
800 4063 1003 4134 κόσμος
1027 4062 1181 4116 ὕδατι
1212 4061 1576 4124 κατακλυθεις
1619 4060 1780 4134 [vulg.

231 4187 259 4197 -
291 4155 468 4228 σθεὶς]
488 4155 758 4211 ἀπώλετο.
785 4175 805 4210 ι
834 4156 933 4209 Διὰ
946 4155 1041 4209 τοῦ
1065 4153 1296 4226 οὐρανοῦ
1321 4156 1413 4208 καὶ
1435 4154 1534 4224 τῆς
1562 4154 1687 4223 γῆς’
1717 4154 1817 4223 τῆς

236 4248 340 4319 μὲν
362 4248 422 4300 τὺ
444 4248 589 4320 ὕδωρ
608 4247 1106 4318 ὲπικλυσάσης,τοῦ
1129 4248 1360 4320 οὐρανοῦ
1381 4247 1438 4301 δὲ
1468 4248 1591 4317 τοὺς
1609 4248 1816 4318 καταρ-

236 4342 453 4412 ράκτας
484 4339 783 4411 ἐπαρθέντος
809 4343 870 4392 τὸ
902 4338 1050 4410 ὕδωρ
1078 4341 1145 4410 τῇ
1174 4341 1270 4409 γῇ,
1306 4339 1380 4390 Τδ
1432 4337 1510 4401 δὲ,
1546 4355 1564 4389 ε
1634 4335 1816 4392 Ἀπῶ,
1842 4358 1846 4363 .

232 4434 386 4498 λετο,
423 4452 442 4485 ι
489 4432 566 4504 μὴ
595 4431 731 4505 πρὸς
770 4431 1074 4485 πάνταντὺν
1102 4430 1307 4501 κόσμον
1337 4430 1481 4496 velet,
1505 4429 1642 4482 ἀλλὰ
1683 4428 1821 4499 πρὸς

1887 587 2187 653 contingat.

1965 803 1984 839 ι
2023 784 2178 851 Quod
2210 782 2336 838 (mli
2381 788 2538 835 erant
2569 780 2741 851 prius,
2775 787 2829 833 et
2857 787 3001 832 terra
3025 792 3091 830 ex
3122 790 3263 846 aqua
3288 785 3345 830 et
3379 791 3478 845 per

1890 890 2088 945 aquam
2137 873 2450 928 consistens
2494 871 2582 925 Dei
2622 869 2809 924 verbo.
2851 885 2870 919 ι
2928 867 3002 921 Ex
3051 881 3188 936 aqua
3229 864 3474 935 quidem,

1892 976 2152 1035 tanquam
2203 978 2267 1017 ex
2324 961 2593 1016 tnateriali
2649 957 2971 1030 principio;
3024 975 3043 1008 ι
3081 971 3178 1026 per
3212 970 3409 1025 aquam
3451 976 3472 1006 ι

1890 1072 2046 1122 vero,
2072 1066 2331 1125 tanquam
2365 1069 2461 1125 per
2492 1052 2693 1122 aliquid
2724 1047 3100 1120 perlectivum.
3130 1049 3282 1117 Aqua
3310 1045 3478 1119 enim,

1891 1164 2010 1220 qua:
2027 1147 2272 1203 continet
2291 1153 2516 1211 terrain,
2538 1143 2659 1211 ejus
2682 1142 2954 1213 pulverem
2983 1141 3130 1195 velut
3146 1143 3330 1210 gluten
3361 1139 3479 1193 col-

1890 1241 2088 1311 ligans,
2122 1239 2295 1295 eidem
2321 1236 2736 1292 consistentiam
2771 1233 2981 1290 tribuit.
3018 1232 3174 1299 Quod
3208 1231 3255 1286 si
3282 1231 3333 1284 id
3368 1245 3478 1285 non

1894 1340 2254 1404 praestaretur
2275 1329 2345 1384 ab
2375 1342 2539 1399 aqua,
2565 1326 2880 1381 necessario
2910 1333 3056 1378 terra
3085 1324 3201 1391 ipsa
3229 1321 3283 1374 in
3316 1319 3485 1391 398

1892 1424 2170 1495 pulverem
2217 1420 2607 1484 resolwretur,
2653 1433 2717 1472 ac
2766 1418 2820 1471 in
2864 1430 2989 1469 aera
3038 1413 3241 1468 abiret.
3279 1410 3479 1466 Verum

1895 1518 2127 1572 fortasse
2162 1522 2399 1584 nugator
2431 1510 2630 1580 aliquis
2664 1506 3058 1578 interpellabit,
3087 1505 3279 1560 dicens
3315 1520 3329 1558 :
3370 1503 3483 1558 Cur

1898 1609 2064 1674 Deus,
2099 1591 2223 1661 eum
2259 1604 2524 1659 visibilem
2559 1604 2705 1658 hunc
2739 1600 3006 1655 mundum
3059 1595 3323 1661 condidit,
3357 1608 3482 1650 eum

1894 1702 1977 1755 vel
2022 1700 2090 1753 ab
2142 1698 2260 1768 ipso
2312 1697 2469 1750 initio
2509 1694 2730 1750 ﬁrmum
2765 1692 3130 1760 stabilemque
3173 1703 3282 1742 non
3335 1687 3482 1751 fecit,

1900 1794 2033 1862 quin
2068 1806 2210 1860 opus
2240 1787 2378 1843 loret
2406 1796 2458 1842 et
2492 1787 2621 1840 olim
2656 1793 2899 1855 tempore
2929 1780 3042 1837 Noe
3072 1796 3169 1851 per
3193 1779 3483 1842 diluvium,

1901 1894 1953 1940 et
1994 1882 2046 1937 in
2094 1882 2206 1936 ﬁne
2235 1879 2423 1934 mundi
2462 1893 2556 1947 per
2608 1876 2789 1946 ignem
2839 1874 2904 1927 ad
2959 1871 3239 1926 meliorem
3278 1876 3482 1924 statum

1895 1974 2139 2031 revocari
2173 1968 2321 2026 ?Cui
2351 1986 2448 2025 nos
2482 1968 2900 2039 respondemus,
2936 1962 3200 2018 mundum
3228 1961 3486 2014 immuta-

1894 2066 2122 2144 bilitat‘is
2146 2065 2323 2119 dotem
2349 2063 2546 2117 habere
2577 2075 2685 2115 non
2711 2059 2974 2130 potuisse,
3012 2054 3161 2125 quod
3187 2069 3280 2124 per
3300 2061 3483 2107 muta-

1893 2142 2097 2215 tionem
2137 2157 2386 2210 habuerit
2418 2154 2656 2216 initiuin,
2688 2149 2957 2221 siquidem
2987 2164 3052 2203 ex
3086 2162 3194 2203 non
3229 2160 3353 2201 esse
3411 2142 3480 2199 ad

1894 2266 2018 2305 esse
2053 2246 2379 2319 perductum
2408 2255 2490 2300 est
2522 2261 2537 2299 :
2585 2242 2731 2312 quod
2766 2256 2927 2297 nemo
2950 2240 3042 2310 qui
3070 2240 3270 2309 sapiat,
3303 2245 3476 2290 muta-

1899 2346 2098 2398 tionem
2137 2341 2432 2411 quamdam
2466 2353 2588 2393 esse
2632 2334 2929 2407 negaverit.
2970 2333 3040 2387 At
3073 2331 3331 2403 quoniam
3379 2329 3482 2382 hu-

1892 2431 2397 2501 jusmodi‘mutatio
2438 2444 2503 2482 ex
2532 2427 2677 2481 malo
2705 2428 2758 2479 in
2790 2425 3047 2497 peiorem,
3078 2437 3143 2477 ac
3168 2422 3404 2490 denique
3429 2418 3487 2475 in

1899 2526 2199 2597 pessimum
2249 2530 2454 2578 statum
2491 2532 2785 2590 progressa
2836 2524 2960 2573 est:
3001 2513 3318 2570 necessario
3340 2511 3489 2565 Deus

1899 2616 2088 2669 volens
2124 2613 2303 2683 ipsum
2340 2616 2405 2663 ad
2438 2608 2716 2662 meliorem
2761 2605 2988 2676 gradum
3023 2602 3308 2665 reducere,
3353 2615 3481 2656 cum

1900 2707 2115 2760 vivente
2144 2701 2257 2756 Noe
2278 2692 2406 2757 eum
2438 2714 2579 2769 aqua
2612 2697 2883 2768 purgavit,
2915 2703 3029 2750 tum
3062 2695 3115 2749 in
3139 2706 3490 2749 consumma-

1904 2799 2049 2852 tione
2091 2797 2274 2851 saeculi
2314 2796 2439 2864 igne
2471 2798 2809 2863 purgaturus
2831 2796 2937 2844 est.
2971 2787 3108 2841 Nam
3134 2795 3190 2840 et
3217 2800 3320 2840 nos
3343 2798 3492 2854 quaa-

1903 2889 2026 2942 dam
2052 2884 2350 2941 reconﬂure
2375 2884 2634 2945 solemus,
2667 2895 2776 2935 non
2808 2890 2866 2934 ut
2896 2877 3267 2943 destruamus,
3303 2875 3397 2931 sed
3432 2881 3492 2929 ut

1906 2981 2200 3057 puritatem
2241 2976 2349 3030 illis
2410 2974 2815 3044 pristinnmque
2840 2970 3073 3025 nitorem
3114 2968 3490 3022 restituanius.

1908 3056 2099 3125 Simile
2127 3068 2257 3136 quid
2286 3067 2444 3121 etiam
2474 3065 2617 3120 Deus
2648 3065 2770 3134 igne
2793 3065 2847 3116 in
2880 3061 2986 3115 line
3016 3059 3205 3114 mundi
3231 3073 3291 3113 se
3321 3056 3496 3112 factu-

1912 3178 2030 3215 rum
2070 3161 2340 3231 promisit,
2383 3160 2653 3227 siquidem
2696 3153 2971 3225 superﬂua
3003 3161 3056 3207 et
3095 3152 3162 3206 ad
3197 3153 3492 3206 humanam

1914 3251 2223 3306 felicitatem
2275 3249 2411 3303 nihil
2455 3245 2794 3301 conferentia
2845 3245 3115 3305 destruet,
3163 3250 3220 3294 ιιι
3255 3240 3525 3311 plantas,”-

1909 3345 2179 3413 jumenta,
2229 3341 2427 3395 herbas
2471 3346 2526 3393 et
2572 3339 2677 3392 alia
2706 3336 3021 3407 hujusmodi
3051 3349 3175 3405 qua:
3202 3330 3498 3400 immortali

1913 3438 2036 3489 vita!
2076 3446 2304 3502 prorsus
2351 3438 2479 3484 sunt
2525 3428 2766 3482 inutilia.
2801 3425 3130 3494 insipienter
3175 3424 3340 3493 igitur
3366 3436 3495 3492 gar-

1913 3530 2083 3591 riunt,
2118 3528 2210 3595 qui
2246 3524 2515 3579 visibilem
2551 3524 2694 3576 hunc
2730 3519 2996 3573 mundum
3016 3517 3204 3572 volunt
3240 3516 3308 3569 ab
3338 3514 3499 3568 initio

1914 3614 2386 3685 incorruptibilem
2420 3612 2610 3666 fuisse.
2647 3610 2702 3666 Si
2739 3610 2865 3681 quis
2914 3622 3045 3663 vero
3078 3614 3231 3676 putet
3264 3604 3404 3659 idem
3431 3603 3499 3657 de

1914 3706 2181 3778 spiritunli
2200 3719 2418 3775 quoque
2455 3701 2764 3758 substantia
2792 3696 3161 3760 sentiendum,
3188 3696 3233 3748 is
3256 3694 3501 3764 prol‘ecto

1915 3815 2024 3854 non
2076 3799 2349 3867 intelligit,
2398 3793 2675 3866 quomodo
2724 3792 2952 3863 spiritus
2996 3787 3350 3857 simplicitate
3400 3796 3500 3838 sua

1918 3891 2386 3946 immortalitatem
2433 3889 2536 3943 sibi
2580 3885 2836 3949 vindicet,
2865 3882 3111 3950 adeoque
3134 3879 3202 3932 ad
3261 3877 3502 3931 divinam
3574 3904 3577 3907 -

1914 3984 2237 4052 beatamque
2262 3988 2510 4034 naturain
2539 3977 2765 4048 prapius
2795 3973 3040 4029 accedat.

1991 4076 2156 4133 Vens.
2187 4077 2239 4130 6.
2272 4095 2288 4126 ι
2329 4070 2432 4128 Pe‘r
2462 4089 2584 4143 qua:
2615 4072 2705 4126 ille
2743 4080 2875 4124 tunc
2906 4066 3146 4123 mundus
3172 4078 3312 4135 aqua
3344 4061 3508 4116 inun-

1916 4167 2076 4223 datus
2108 4169 2290 4238 periit.
2325 4185 2343 4216 ι
2375 4195 2442 4204 --
2476 4184 2493 4216 ι
2532 4164 2634 4220 Per
2662 4178 2785 4234 quae
2826 4181 2875 4228 ι,
2908 4161 3118 4216 scilicet
3138 4173 3235 4229 per
3263 4154 3434 4212 caelos
3453 4162 3508 4209 et

1918 4259 2169 4325 lerram;
2226 4269 2367 4310 terra
2416 4256 2635 4325 quidem
2690 4269 2888 4322 aquam
2935 4252 3160 4320 copiose
3204 4248 3510 4311 emittente,

1920 4354 2077 4409 caelis
2109 4359 2291 4404 autem
2322 4363 2416 4420 per
2435 4344 2771 4401 calari-actas
2794 4358 2995 4415 aquam
3030 4350 3191 4397 terrae
3225 4338 3512 4394 all‘unden-

1920 4445 2082 4500 tibus.
2133 4441 2269 4495 Illud
2324 4446 2506 4493 autem
2562 4457 2579 4488 ‹
2618 4435 2776 4507 periit
2809 4454 2828 4487 ι
2880 4446 3225 4504 nequaquam
3271 4430 3340 4485 de
3392 4436 3511 4483 toto

238 4529 385 4598 μόνα
412 4526 484 4580 τὰ
517 4525 660 4590 ζῶα,
686 4524 723 4578 ἃ.
750 4524 840 4577 τὸν
873 4523 1185 4594 σύμπαντα
1217 4524 1621 4610 κόσμον-οἱονει
1685 4521 1810 4575 εἰδοί

1927 4534 2132 4590 mundo
2173 4530 2448 4601 intelligit,
2496 4527 2590 4584 sed
2632 4528 2698 4583 de
2736 4524 3065 4582 animalibus
3107 4529 3343 4584 tantum,
3387 4532 3511 4589 qua:

235 4622 410 4676 ποιεῖ.
461 4619 846 4689 Ἐρημοςτγὰρ
871 4617 1078 4671 τούτων
1104 4601 1415 4685 γενόμενος
1444 4616 1585 4668 οὐδὲ·
1616 4616 1823 4683 κόσμος

235 4715 309 4768 ἂν
349 4713 458 4782 εἴη.

326 4910 345 4942 ι
369 4891 434 4945 0i.
470 4890 528 4942 δὲ
559 4888 655 4944 νῦν
683 4889 926 4957 οὐρανοὶ,
956 4887 1074 4940 ,καὶ
1107 4889 1155 4957 μή
1204 4886 1297 4956 γῆ,
1338 4885 1417 4955 τῷ
1465 4884 1632 4938 αὐτοῦ
1687 4884 1829 4955 λόγῳ

238 4983 740 5055 τεθησαυρισμένοι
772 4983 907 5034 ,εἰσὶκ
944 4980 1079 5051 πυρὶ
1127 4980 1455 5050 τηρούμενοι
1486 4981 1564 5041 είς
1588 5006 1592 5011 ~
1615 4980 1861 5048 ἡμέραν

240 5078 487 5148 κρίσεως
539 5075 637 5128 καὶ
688 5073 965 5134 ἀπωλείας
1010 5072 1117 5125 τῶν
1146 5071 1397 5125 -ἀσείῶν-
1434 5071 1760 5141 ἀνθρώπων.
1804 5089 1823 5121 ι

241 5171 329 5222 τὸ
358 5170 448 5222 διὰ
465 5167 561 5221 τοῦ
601 5167 773 5236 πυρὸς
808 5164 1068 5234 γενέσθαι
1102 5166 1220 5234 -τὴν
1285 5163 1451 5216 τοῦδε
1477 5164 1573 5216 τοῦ
1631 5162 1831 5225 παντὸς
1867 5183 1871 5193 ·

243 5261 484 5333 φθορὰν,
518 5261 577 5313 οὺ
618 5260 779 5329 μόνον
811 5259 1185 5328 Χριπιανοίς,
1243 5256 1384 5311 ἀλλὰ
1413 5257 1506 5307 καὶ
1556 5257 1669 5318 τοῖς
1721 5254 1831 5308 τῶν

256 5350 535 5418 Ἑλλήνων
570 5350 753 5416 σοφοῖς
803 5347 970 5400 δοκεῖ.
1038 5346 1299 5416 Ἀλλ’ὲρεῖ
1347 5359 1455 5408 τις⁸
1516 5345 1628 5398 Καὶ
1672 5346 1757 5408 τίς
1805 5347 1834 5397 ὁ

245 5445 414 5512 λόγος
442 5440 537 5494 τοῦ
566 5441 887 5510 ὑποστῆναι,
912 5440 960 5491 εἰ
1010 5438 1088 5492 δεῖ
1129 5437 1290 5492 πάλιν
1321 5439 1566 5510 χωρῆσαι
1591 5440 1670 5501 είς
1696 5439 1834 5508 ⁴φθο-

251 5540 361 5610 ρὰν
393 5538 484 5590 τὸν
517 5538 724 5606 κόσμον
750 5553 765 5602 ;
810 5535 1074 5606 Ἐροῦμεν
1105 5531 1220 5598 οὖν,
1249 5535 1323 5597 ὡς
1349 5535 1410 5588 οὐ
1473 5536 1754 5600 παντελῶς
1805 5538 1835 5590 ὁ

251 5632 468 5698 κόσμος
498 5629 577 5691 εἰς
607 5626 814 5697 φθορὰν
842 5629 1106 5699 χωρήσει,
1156 5626 1294 5680 ἀλλὰ
1356 5627 1490 5697 πρὸς
1544 5627 1829 5681 ἀνακαινι-

253 5722 398 5791 trp/3v
426 5739 439 5752 ο
477 5720 569 5772 Διὸ
596 5720 691 5773 καὶ
735 5723 763 5774 ὁ
798 5722 1092 5793 Προφήτης
1124 5721 1285 5793 φησί’
1316 5739 1335 5773 ι
1364 5722 1473 5776 Καὶ
1498 5722 1830 5787 ἀνακαινιείς

323 5841 369 5871 ²⁸
401 5838 549 5892 l’sal.
573 5853 691 5903 cm,
725 5838 816 5893 '50.

1933 4624 2251 4680 universum
2300 4620 2563 4674 mundum
2603 4617 2770 4672 veluti
2815 4614 2869 4669 in
2923 4629 3022 4670 sua
3072 4611 3254 4684 specie
3303 4608 3512 4664 consti-

1932 4725 2094 4771 tuunt
2133 4733 2146 4781 ;
2192 4716 2257 4769 iis
2292 4712 2435 4767 enim
2464 4724 2661 4780 expers
2688 4707 2950 4769 mundus.
2985 4719 3087 4760 nec
3131 4703 3368 4756 mundus
3390 4698 3517 4769 qui-

1934 4809 2056 4862 dem
2099 4800 2363 4859 dicendus
2393 4802 2553 4856 l‘oret.

2008 4898 2173 4953 Vsus.
2202 4896 2253 4952 7.
2303 4914 2321 4947 ι
2353 4894 2486 4949 lei
2541 4900 2747 4954 autem,
2787 4890 2880 4960 qui
2918 4903 3065 4944 nunc
3097 4893 3249 4951 sunt,
3280 4892 3333 4939 et
3372 4890 3515 4937 terra

1939 4986 2130 5047 eodem
2187 4988 2351 5043 verbo
2392 4986 2614 5056 repositi
2661 4996 2812 5048 sunt,
2855 4983 2966 5052 igni
3017 4977 3280 5034 reservati
3323 4975 3377 5028 in
3426 4973 3517 5026 die

1931 5080 2147 5155 judicii,
2183 5090 2236 5134 et
2277 5078 2601 5148 perditionis
2638 5076 2927 5147 impiorum
2963 5070 3266 5124 hominum.
3303 5084 3321 5117 ι
3381 5061 3516 5118 Uni-

1936 5190 2150 5230 versum
2182 5172 2284 5225 hoc
2305 5172 2427 5239 igne
2452 5166 2883 5223 consumendum
2906 5160 3203 5233 aliquando
3238 5155 3378 5219 fore,
3408 5168 3519 5208 non

1934 5270 2110 5323 solum
2141 5261 2580 5316 Chiistianorum
2605 5301 2621 5323 ,
2656 5257 2750 5311 sed
2786 5254 2947 5309 etiam
2982 5250 3263 5321 gentilium
3301 5244 3521 5314 sapien-

1933 5367 2046 5412 tum
2078 5353 2349 5409 sententia
2379 5351 2567 5405 est.At
2597 5350 2741 5403 dicet
2771 5345 3045 5414 quispiam
3082 5359 3097 5395 :
3130 5342 3243 5394 Cur
3265 5336 3520 5391 conditus

1943 5461 2026 5507 est
2060 5448 2317 5510 mundus,
2344 5445 2389 5499 si
2427 5442 2796 5497 destruendus
2820 5449 2901 5493 est
2931 5434 3170 5491 iterum?
3201 5428 3521 5499 RespOnde-

1944 5559 2088 5608 mus,
2140 5538 2404 5594 mundum
2454 5532 2601 5589 haud
2640 5536 2690 5587 in
2734 5530 2959 5586 nihilum
3009 5526 3388 5597 redigendum,
3428 5520 3525 5576 sed

1939 5635 2311 5689 renovandum
2341 5644 2483 5685 esse.
2518 5625 2697 5692 Quare
2746 5623 3017 5694 Propheta
3047 5620 3121 5675 ait
3153 5636 3167 5673 :
3212 5637 3229 5669 ι
3273 5616 3331 5669 Et
3367 5630 3523 5667 reno-

1942 5726 2095 5782 vabis
2121 5722 2312 5779 faciem
2341 5730 2501 5776 terrae
2522 5718 2590 5771 ".
2625 5734 2645 5770 ι
2672 5712 3140 5782 Quemadmodum
3166 5711 3309 5767 enim
3346 5709 3524 5776 initio,
