4152 6300
420 370 522 436 117

1153 361 1558 426 EXPOSITIO
1589 360 1674 423 IN
1696 360 1936 423 El‘IST.
1977 360 2040 422 ΙΙ
2067 361 2168 422 AD
2187 360 2580 424 TlMOTH.-
2603 358 2763 420 CAP.
2797 356 2919 420 Ill.

3561 354 3661 420 118

495 486 870 555 Φιλάργυροι.
907 482 1090 538 Εἰπὼν
1116 482 1214 553 τὴν
1251 482 1427 554 ῥίζαν,
1454 459 1653 551 ἐπάγει
1682 482 1864 546 ίδικῶς
1889 480 1986 537 καὶ

2158 469 2343 537 Avari.
2391 480 2527 536 Cum
2563 479 2792 536 dixisset
2818 477 3079 545 radicem,
3106 477 3269 532 infert
3297 476 3578 548 speciatim
3609 487 3665 535 et

421 580 553 640 τοὺς
582 578 677 635 ἀπ’
705 577 876 644 αὐτῆς
901 575 1149 642 κλάδους,
1178 569 1254 630 ὧν
1286 575 1502 647 πρῶτος
1537 574 1633 630 καὶ
1665 575 1924 645 μέγιστος
1955 577 1988 646 ἢ

423 667 758 738 φιλαργυρία
797 667 897 736 (α).
950 667 1160 737 Ὠσπερ
1199 666 1309 738 γὰρ
1365 667 1430 719 ἐκ
1475 667 1577 737 τῆς
1630 665 1850 734 ἀγάπης
1883 665 1992 718 πᾶν

421 758 615 825 καλὸν,
645 747 906 821 οὕτωςέκ
931 756 1030 826 τῆς
1063 756 1348 826 φιλαυτίας
1376 757 1486 811 πᾶν
1526 756 1720 819 κακὸν.
1761 758 1994 812 ἀντικει·

423 850 598 920 μένης
627 853 694 921 τῇ
725 850 939 923 ἀγάπῃ.
965 851 1032 904 Ἥ
1061 850 1160 920 μὲν
1184 850 1292 920 γὰρ
1316 851 1544 905 πλατεῖα
1570 851 1707 915 ἐστι,
1734 850 1832 905 καὶ
1851 865 1993 904 παν-

419 938 592 1010 ταχοῦ
635 942 965 1012 ὲκκὲχυται’
1007 944 1042 1014 ἠ
1075 943 1132 997 δὲ
1162 943 1418 1012 φιλαυτία
1469 945 1648 998 στενοῐ
1683 943 1744 997 τὸ
1791 942 1994 1008 πλάτος

419 1033 650 1105 ταύτης,
681 1034 774 1088 καὶ
795 1035 876 1099 είς
908 1035 1005 1091 ενα
1035 1035 1198 1108 μόνον
1232 1036 1533 1090 συστέλλει.

509 1231 840 1298 ’Δλαζόνες.
876 1232 1038 1288 Κατά
1060 1233 1346 1303 ἄνθρωπον
1378 1233 1778 1303 κομπάζοντες.

506 1411 921 1482 Tam-rigaret,
977 1413 1358 1484 βλάσφημοι.
1413 1414 1840 1486 Προκοπτούσης
1895 1414 1996 1485 τῆς

422 1503 646 1566 κακίας,
687 1504 788 1574 ἤδη
818 1505 912 1558 καὶ
959 1504 1054 1558 ἐπὶ
1100 1504 1233 1558 Θεὸν
1280 1505 1315 1576 ἠ
1351 1503 1527 1574 ὕϐρις.
1563 1505 1733 1559 Ὅταν
1775 1505 1884 1576 γάρ
1911 1521 1997 1567 τις

420 1596 536 1650 τῶν
592 1594 899 1665 ἀνθρώπων
953 1595 1517 1668 καταλαζονεύσηται,
1571 1594 1692 1650 εἶτα
1744 1595 1841 1650 καὶ
1889 1597 1998 1650 πᾶν

423 1687 764 1761 κατόρθωμα
817 1689 998 1760 ἑαυτῷ
1045 1689 1365 1762 ὲπιγράφῃ.
1428 1691 1524 1745 καὶ
1581 1687 1701 1761 οὐχὶ
1753 1691 1820 1763 τῇ
1876 1688 1999 1762 θείᾳ

423 1783 632 1854 χάριτι,
665 1785 790 1837 τότε
821 1782 922 1855 ἢδη
950 1785 1042 1838 καὶ
1070 1783 1408 1854 βλασφημεῖ.
1839 1809 1842 1812 ’

2092 573 2163 629 ab
2186 589 2250 630 ea
2274 583 2466 630 enatos
2494 586 2698 637 ramos,
2725 585 2959 642 quorum
2986 576 3040 624 et
3071 569 3283 640 primus
3312 577 3365 624 τι
3392 571 3664 627 maximus

2092 674 2178 719 est
2203 663 2432 719 avaritia
2457 682 2473 719 :
2507 660 2734 733 perinde
2757 675 2993 732 namque
3017 675 3082 716 ae
3110 676 3174 716 ex
3202 661 3470 716 charitate
3504 675 3666 717 omne

2096 756 2325 818 bonum.
2365 755 2446 811 sic
2467 770 2531 810 ex
2558 754 2846 826 philautia,
2875 761 3066 824 utpote
3097 754 3354 809 charitati
3385 754 3663 825 opposita,

2094 861 2255 902 omne
2297 845 2500 901 malum
2551 843 2792 916 proﬂuit.
2839 841 2974 899 Nam
3029 845 3268 902 cbaritas
3313 851 3398 900 est
3447 845 3578 910 lata,
3613 856 3668 900 ct

2093 950 2426 1010 quocunque
2455 937 2754 992 eﬂuuditur
2800 953 2814 990 :
2858 937 3124 1006 philautia
3159 951 3290 993 vero
3317 935 3666 991 latitudinem

2095 1031 2216 1103 ejus
2241 1031 2298 1087 in
2332 1037 2545 1088 arctum
2577 1029 3063 1100 constrmgit,etin
3084 1043 3252 1084 unum
3286 1026 3668 1084 tantummodo

2096 1125 2395 1182 contrahit.

2165 1218 2334 1291 δυο
2380 1216 2552 1275 Etati.
2586 1215 2691 1284 Qui
2730 1228 2851 1272 sese
2883 1213 3150 1270 adversus
3179 1211 3318 1269 alios
3349 1211 3584 1268 cll'erunt
3615 1221 3674 1267 et

2099 1317 2399 1365 ostentant.
3701 1291 3704 1296 ’

2170 1399 2412 1471 Superbi,
2432 1400 2743 1472 blasphemi.
2766 1398 3106 1454 Procedente
3138 1396 3368 1461 malitia,
3399 1396 3468 1451 ad
3499 1397 3667 1450 Deum

2097 1508 2272 1566 usque
2294 1495 2494 1565 injuria
2519 1493 2802 1566 pertingit.
2829 1490 3060 1560 Quando
3084 1492 3231 1546 enim
3255 1489 3454 1559 aliquis
3477 1489 3671 1544 adver-

2099 1603 2194 1646 sus
2228 1587 2480 1644 homines
2505 1600 2772 1657 arrogans
2800 1583 2983 1649 fuerit,
3009 1583 3224 1654 sibique
3249 1595 3466 1636 omnem
3497 1582 3676 1635 virtu—

2098 1689 2208 1736 tem
2234 1679 2577 1749 aScripserit,
2615 1686 2672 1736 et
2703 1691 2812 1734 non
2838 1675 3034 1732 divi-me
3060 1675 3274 1748 gratias,
3302 1681 3417 1730 tum
3448 1673 3666 1729 demum

2101 1772 2455 1842 blasphemus
2475 1779 2580 1828 est.

496 1835 801 1930 ίόνεῦσιν
828 1835 1115 1943 ἀπειθεῖς,
1134 1835 1473 1947 ἀλλοία-τοι,
1490 1878 1746 1943 ἀνόσιοι,
1778 1877 1996 1946 dcton-

2171 1835 2486 1919 Parentibus
2521 1881 2624 1919 non
2659 1863 2953 1918 obedientes
2974 1902 2990 1928 ,
3025 1861 3242 1932 ingrati,
3286 1859 3514 1927 seelesti,
3554 1859 3670 1913 sine

424 1987 544 2038 τοι,
575 1968 895 2025 ἄσπονδοι.
930 1971 1171 2035 Εἰκότως
1190 1975 1270 2026 ἐξ
1301 1973 1406 2045 γὰρ
1429 1972 1562 2029 Θεὸν
1591 1972 1996 2044 βλασφημοῦσι,

427 2070 548 2134 πῶς
582 2071 762 2139 γονεῖς
791 2071 1152 2142 τιμήσουσιν;
1190 2070 1250 2124 '0
1282 2071 1336 2124 δὲ
1367 2075 1546 2139 γονεῖς
1571 2071 1645 2143 μὴ
1679 2071 1877 2143 τιμῶν,
1903 2071 2000 2126 καὶ

429 2162 569 2233 πρὸς
601 2162 812 2227 πάντας
857 2162 1013 2218 ἔσται
1059 2165 1373 2236 ἀχάριστος.
1421 2165 1480 2222 ὀ
1529 2167 1588 2221 δὲ
1619 2166 1858 2230 τοιοῦτος
1902 2163 2000 2220 καὶ

426 2257 663 2322 ἀνόσιος,
692 2256 776 2310 ὅτι
820 2255 919 2330 τὴν
961 2256 1120 2311 ὁσίαν
1157 2261 1251 2312 καὶ
1297 2259 1359 2312 τὺ
1389 2259 1736 2330 ὀφειλόμενον
1767 2258 1992 2314 ἀθετεῖ·

427 2347 567 2400 ἀ).λά
593 2348 689 2400 καὶ
715 2346 1002 2416 ἀστοργος.
1053 2346 1192 2404 Τίνα
1227 2349 1337 2421 γὰρ
1365 2348 1580 2420 στέρξει
1611 2348 1790 2415 ἀλλον,
1841 2348 1872 2402 δ
1907 2346 2000 2401 τὸν

429 2441 727 2511 εὐεργέτην
778 2441 1136 2507 dicendane;
1210 2442 1322 2496 Kal.
1388 2441 1735 2508 ἄσπονδος,
1811 2439 2000 2513 μηδενὶ

431 2531 818 2602 σπενδόμενος,
847 2533 964 2604 είγε
993 2535 1128 2607 μηδὲ
1158 2533 1235 2606 τῷ
1273 2535 1559 2608 εὐεργέτῃ.

502 2782 795 2838 Διάὅολοι.
819 2784 1100 2850 Τουτέστι,
1122 2785 1326 2849 πάντας
1351 2786 1798 2854 κακολογοῦντες.
1815 2788 1874 2841 '0
1891 2787 1999 2860 γάρ

435 2874 608 2945 μηδὲν
658 2875 835 2948 ἑαυτῷ
869 2876 1123 2940 συνειδὼς
1177 2877 1404 2946 ἀγαθὸν,
1441 2878 1649 2944 πάντας
1703 2879 1999 2945 διαϐάλλει,

433 2968 616 3040 ἑαυτῷ
646 2969 1002 3042 παραμυθίαν
1032 2971 1156 3025 τινὰ
1199 2971 1679 3043 περιποιούμενος,
1703 2973 1783 3044 τῷ
1803 2973 2000 3040 δοκεῖν,

433 3061 536 3116 καὶ
565 3061 821 3116 ἐπινοῶν.

515 3243 830 3313 Ἀκρατεῖς.
882 3243 991 3298 Καὶ
1020 3243 1289 3317 γλώττης,
1330 3246 1426 3302 καὶ
1471 3246 1731 3318 γαστρὸς,
1764 3248 1859 3302 καὶ
1891 3247 2001 3304 τῶν

434 3336 608 3390 ἄλλων
637 3337 920 3394 ἀπάντων.

516 3428 846 3499 Ἀνήμεροι.
879 3426 1042 3500 Ὁρᾷς
1091 3429 1244 3493 τίνας
1281 3431 1429 3484 ποιεῖ
1463 3430 1497 3502 ἡ
1533 3429 1788 3501 φιλαυτία
1829 3432 1924 3488 καὶ
1967 3433 2001 3505 ἡ

431 3521 764 3594 φιλαργυρία
787 3540 801 3588 ;
827 3521 1005 3593 Θηρία
1031 3523 1155 3577 ἀντὶ
1183 3520 1507 3592 ἀνθρώπων.

515 3614 907 3684 Ἀφιλὰγαθοα
944 3615 1152 3679 Παντὸς
1184 3615 1389 3685 ἀγαθοῦ
1421 3614 1624 3687 ἐχθροί.

503 3706 814 3773 Προδόται.
843 3708 956 3778 Τῆς
983 3708 1189 3779 φιλίας.

504 3800 850 3868 Προπετεῖς.
884 3802 1198 3868 Τουτέστιν,
1238 3800 1508 3871 ἀϐέϐαιοι,
1559 3805 1713 3866 οὐδὲν
1739 3805 2002 3879 σταθερὸν

428 3891 672 3964 ἔχοντες.

512 3985 937 4056 Τετυφωμένοι.
979 3987 1265 4054 ’Δπονοίας
1303 3989 1752 4062 πεπληρωμένοι.

505 4077 830 4147 Φιλήδονοι
888 4077 1130 4149 μᾶλλον
1186 4082 1223 4150 ἢ
1276 4082 1561 4151 φιλόθεοι.
1615 4083 1954 4150 Ἀναγκαίως
1983 4100 2000 4116 ⁰

432 4170 564 4225 ἔνθα
596 4172 704 4242 γὰρ
740 4169 892 4242 φιλία
925 4172 1036 4227 τῶν
1077 4171 1174 4228 τοῦ
1202 4175 1409 4245 κόσμου
1437 4174 1705 4246 τερπνῶν,
1726 4173 1842 4228 ἐκεῖ
1861 4173 2006 4240 θεῖος

433 4261 602 4325 πόθος
629 4262 730 4316 οὒκ
767 4262 934 4317 ἔστιν.

508 4353 797 4423 Ἔχοντες
847 4355 1162 4425 μόρφωσιν
1193 4356 1531 4424 εὐσεϐείας,
1569 4357 1684 4427 τὴν
1719 4355 1789 4410 δὲ
1823 4356 2005 4412 δύνα-

427 4463 541 4516 μιν
583 4444 778 4517 αὐτῆς
825 4446 1172 4518 ἠρνημένοι.
1222 4447 1506 4514 τουτέστι,
1576 4449 2006 4519 σχηματίζονται

2099 1957 2400 2027 alfeetione,
2423 1959 2536 2013 sine
2567 1974 2713 2028 pace.
2751 1958 2918 2028 quue
2962 1971 3069 2013 non
3105 1955 3418 2011 immerito:
3459 1959 3581 2008 nam
3622 1953 3668 2008 si

2103 2043 2269 2101 Deum
2310 2045 2717 2117 blasphemant,
2741 2045 3020 2118 quomodo
3049 2055 3305 2118 parentes
3323 2044 3667 2101 venerabun-

2101 2139 2238 2194 ιιιτῖ
2287 2137 2393 2205 Qui
2423 2147 2606 2196 autem
2645 2149 2900 2210 parentes
2929 2152 3063 2194 suos
3102 2153 3212 2193 non
3251 2137 3508 2201 honorat,
3539 2149 3668 2206 erga

2101 2245 2293 2288 omnes
2325 2233 2571 2303 ingratus
2603 2232 2730 2288 erit.
2774 2231 2878 2299 Qui
2908 2238 3088 2288 autem
3125 2229 3250 2285 talis
3274 2237 3382 2294 est,
3417 2229 3466 2310 is
3495 2239 3577 2283 est
3615 2235 3674 2282 et

2101 2324 2370 2382 scelestus
2418 2367 2434 2394 ,
2477 2325 2603 2396 quia
2652 2324 3000 2382 sanctitatem
3059 2331 3114 2379 et
3168 2321 3402 2378 cilicium
3467 2319 3668 2390 rt-jieit.

2101 2415 2409 2482 Quinetiam
2437 2433 2467 2473 a
2499 2417 2786 2472 charitatis
2817 2416 3011 2473 aliectu
3043 2417 3254 2471 alienus
3283 2431 3300 2470 :
3337 2427 3498 2485 quem
3521 2411 3668 2466 enim

2102 2511 2268 2566 alium
2296 2511 2608 2568 dilectionis
2638 2511 2833 2567 aﬂ‘cctu
2875 2511 3295 2582 complectetur,
3317 2509 3412 2577 qui
3449 2506 3671 2563 benefa-

2101 2611 2308 2658 ctorem
2349 2619 2509 2658 suum
2540 2604 2748 2674 respuit
2776 2602 2800 2656 ?
2834 2602 2897 2659 Et
2926 2603 3038 2657 sine
3061 2617 3206 2670 pare,
3240 2600 3441 2656 nemini
3474 2613 3674 2654 recorr-

2104 2695 2344 2762 ciliatur.
2381 2695 2653 2767 siquidem
2689 2712 2797 2752 non
2827 2696 2928 2768 ipsi
2965 2693 3323 2751 benefactori.

2174 2779 2339 2837 Vsus.
2368 2782 2423 2838 3.
2454 2783 2855 2840 Criminatores.
2886 2783 2998 2838 lloc
3025 2793 3127 2850 est,
3158 2783 3415 2838 omnibus
3436 2782 3672 2838 maledi~

2101 2885 2311 2930 centes.
2355 2873 2460 2942 Qui
2503 2877 2650 2931 enim
2685 2876 2890 2931 nullius
2928 2877 3058 2932 boui
3093 2875 3197 2929 sibi
3245 2874 3506 2930 conscius
3538 2876 3622 2931 est
3653 2914 3670 2940 ,

2103 2983 2296 3024 omnes
2325 2968 2462 3026 alios
2492 2969 2841 3035 criminatur,
2864 2968 2970 3024 sibi
3001 2967 3106 3038 ipsi
3143 2969 3249 3022 hoc
3288 2974 3446 3038 pacto
3470 2982 3670 3023 conso-

2104 3060 2362 3116 lationem
2408 3061 2703 3132 quamdam
2770 3061 3056 3131 acquirere
3117 3061 3268 3117 visus
3329 3067 3386 3115 et
3441 3060 3668 3131 excogi-

2027 3189 2072 3248 ο
2105 3159 2249 3248 tatis.

2172 3243 2580 3299 Incontinentes.
2630 3243 2837 3315 Lingua
2880 3243 3092 3301 scilicet
3136 3253 3192 3300 et
3221 3253 3411 3300 ventre
3436 3243 3674 3314 altisque

2103 3337 2340 3394 cuneus.

2175 3427 2436 3485 immites.
2499 3427 2907 3485 Animadvertis
2967 3444 3233 3501 quosnam
3292 3428 3459 3485 faciat
3516 3444 3674 3486 amor

2101 3520 2185 3579 sui
2208 3531 2264 3577 ct
2286 3521 2512 3576 avaritia
2536 3520 2784 3577 ?Belluas
2813 3521 3070 3577 nimirum
3101 3536 3199 3593 pro
3225 3521 3565 3578 hominibus.

2176 3615 2307 3672 Sine
2338 3615 2673 3688 benignitate.
2703 3614 2896 3672 Omnis
2917 3614 3047 3671 boni
3075 3615 3280 3672 hostes.

2175 3707 2343 3763 Vsus.
2376 3710 2428 3764 4.
2462 3708 2791 3763 Proditores.
2823 3707 3111 3763 Amicitiae.

2177 3797 2508 3870 Praecipites.
2548 3801 2664 3858 Hoc
2688 3809 2795 3858 est.
2826 3799 3133 3867 instabiles,
3171 3799 3306 3857 nihil
3349 3800 3543 3859 Btabile
3573 3801 3672 3859 ha-

2103 3897 2317 3953 bentes.

2177 3979 2416 4040 Tumidi.
2447 3986 2778 4059 Arrogantia
2809 3987 2975 4059 pleni.

2180 4077 2515 4146 Voluptatem
2542 4089 2808 4133 amatores
2831 4079 3000 4149 magis
3013 4092 3172 4148 quam
3207 4076 3322 4133 Dei.
3350 4076 3682 4136 Necessario.

2105 4169 2211 4227 hoc
2239 4171 2512 4242 sequitur.
2556 4169 2661 4228 Ubi
2711 4171 2858 4226 enim
2897 4181 2981 4228 est
3017 4169 3181 4242 hujus
3207 4171 3395 4226 mundi
3426 4173 3674 4244 volupta-

2105 4271 2222 4320 tum
2248 4272 2425 4329 amor,
2453 4262 2567 4317 illic
2597 4259 2840 4317 divinum
2871 4260 3204 4318 desiderium
3237 4277 3345 4318 non
3373 4273 3479 4318 est.

2180 4353 2340 4409 Vsus.
2367 4351 2424 4408 5.
2479 4347 2745 4406 Habentes
2774 4351 2996 4422 speciem
3023 4353 3260 4422 pietatis,
3296 4352 3545 4409 rirtutem
3576 4371 3677 4409 au-

2108 4456 2212 4502 tem
2254 4445 2368 4515 ejus
2405 4444 2743 4516 abnegantes.
2777 4443 2891 4500 iloc
2927 4451 3055 4510 est,
3095 4445 3328 4515 speciem
3376 4445 3672 4516 quamdam

434 4538 599 4607 μόνον
627 4537 725 4608 τὴν
766 4536 1023 4591 ἀσέϐειαν
1072 4539 1168 4593 καὶ
1200 4539 1604 4611 ὑποκρίνονται,
1636 4540 1727 4593 διὰ
1775 4541 1833 4594 δὲ
1887 4540 1999 4594 τῶν

2107 4539 2325 4610 pietatis
2345 4553 2458 4610 pm
2479 4551 2541 4594 se
2585 4536 2768 4592 lerunt
2786 4551 2851 4592 ac
2873 4535 3132 4592 simulant
3157 4544 3391 4606 tantum,
3414 4539 3674 4609 oneribus

431 4630 614 4699 ἔργων
662 4628 954 4701 ἀρνοῦνται
979 4628 1204 4702 ταύτην.
1235 4631 1548 4703 Σημείωσαι
1580 4632 1638 4686 δὲ
1668 4632 1748 4685 ὅτι
1780 4634 1810 4702 ἡ
1840 4632 2002 4685 δύνα-

437 4739 532 4792 μις
568 4722 671 4792 τῆς
699 4720 1003 4788 εὐσεϐείας,
1036 4724 1132 4777 καὶ
1159 4722 1229 4777 τὰ
1251 4724 1418 4778 οἱονεὶ
1447 4723 1638 4796 νεῦρα,
1669 4728 1726 4780 ὲν
1755 4727 1872 4788 τοῖς
1909 4725 2000 4796 ἔρ-

431 4831 551 4884 γοις
582 4814 912 4872 δείκνυνται.
965 4816 1205 4879 Είκὸτως
1241 4816 1337 4872 οῦν
1374 4817 1592 4887 λέγεται
1621 4819 1794 4889 χωρὶς
1821 4817 2001 4890 ἔργων

435 4905 608 4974 νεκρὰ
660 4902 822 4962 εἶναι.
877 4909 1203 4978 Μόρεοωσιν
1230 4910 1286 4962 δὲ
1320 4908 1557 4980 ἀλλαχοῦ
1606 4912 1636 4965 ὁ
1677 4909 2000 4975 Ἀπόστολος

434 4997 533 5049 ἐπὶ
563 4995 730 5051 καλοῦ
775 4997 1084 5071 παρέλαϐεν
1118 5016 1134 5034 ο
1169 5001 1197 5054 ὁ
1230 4999 1338 5072 γὰρ
1369 4999 1688 5064 διδάσκαλος
1721 5003 2004 5073 μόρφωσιν

436 5086 692 5154 γνώσεως
718 5089 854 5163 ἔχει,
881 5093 1154 5157 τουτέστι,
1213 5077 1439 5147 πλάττει
1495 5093 1590 5147 καὶ
1648 5097 1854 5166 μορφοί
1902 5094 2003 5167 τὴν

434 5178 639 5250 γνῶσιν
668 5180 726 5234 ἐν
754 5183 869 5244 τοῖς
904 5181 1192 5252 μαθηταῖς.

508 5271 618 5326 Kal
644 5271 897 5337 τούτους
924 5272 1286 5342 ἀποτρέπου.
1327 5274 1390 5328 Ei
1419 5273 1476 5328 ἐν
1500 5273 1746 5345 ὑστέροις
1791 5277 2004 5347 καιροῖς

432 5364 669 5430 ἔσονται,
699 5365 817 5429 πῶς
845 5382 1000 5435 φησι,
1025 5367 1279 5432 Τούτους
1304 5367 1689 5438 ἀποτρέπου;
1719 5366 1878 5432 Eine;
1901 5369 2003 5441 μὲν

435 5457 532 5509 καὶ
550 5456 671 5510 τότε
689 5456 968 5522 τοιούτους
989 5453 1129 5513 εἷναί
1160 5476 1334 5526 τινας,
1367 5461 1417 5515 εί
1449 5460 1545 5515 καὶ
1577 5460 1654 5532 μὴ
1686 5460 1805 5530 μεθ’
1832 5461 2003 5534 ὑπερο

432 5545 618 5616 ϐολῆς,
655 5546 768 5602 ἀλλ’
795 5547 944 5620 ὅμως
971 5543 1132 5616 εἶναι,
1157 5551 1232 5614 ὼς
1264 5550 1331 5606 ἂν
1358 5553 1406 5604 εί
1435 5551 1610 5622 ἔλεγε,
1659 5551 1798 5618 Τοὺς
1824 5551 2003 5607 τοιού-

2106 4643 2288 4690 autem
2335 4646 2456 4688 eam
2505 4638 2727 4702 negant.
2776 4628 3019 4687 Observa
3051 4642 3232 4686 autem
3275 4631 3365 4686 hic
3404 4630 3514 4687 vim
3547 4631 3676 4687 ﬁdei

2103 4733 2270 4793 atque
2321 4721 2460 4777 adeo
2508 4736 2706 4776 nervos
2743 4735 2840 4793 per
2885 4735 3051 4792 Opera
3091 4723 3387 4778 monstrari
3422 4740 3436 4778 :
3477 4721 3672 4778 merito

2105 4817 2271 4887 igitur
2300 4813 2505 4870 dicitur
2539 4815 2659 4869 sine
2700 4814 2961 4884 operibus
3002 4828 3126 4869 esse
3167 4822 3403 4869 mortua.
3435 4814 3676 4882 Speciem

2106 4917 2287 4964 autem
2317 4906 2425 4962 alio
2459 4906 2515 4961 in
2544 4906 2665 4961 loco
2708 4907 3001 4976 Apostolus
3023 4905 3078 4960 in
3108 4905 3306 4961 bonam
3339 4915 3548 4976 partem
3577 4920 3671 4960 asc

2112 5001 2348 5071 sumpsit
2376 5017 2390 5057 :
2414 5005 2713 5070 praaceptor
2749 4997 2894 5053 enim
2929 4995 3310 5053 formationem
3345 4998 3678 5070 cognitionis

2111 5101 2166 5147 et
2196 5091 2439 5147 scientiae
2469 5090 2651 5156 habet,
2689 5087 2796 5144 hoc
2823 5096 2947 5157 est,
2985 5087 3138 5162 lingit
3167 5099 3220 5146 et
3251 5087 3450 5145 format
3489 5091 3675 5147 scien-

2110 5184 2242 5239 tiam
2273 5185 2327 5239 in
2362 5182 2666 5253 discipulis.

2179 5275 2248 5330 Et
2297 5274 2393 5329 hos
2423 5274 2620 5328 devita.
2651 5272 2708 5328 Si
2738 5273 2792 5328 in
2820 5274 3081 5331 extremis
3110 5275 3450 5346 temporibus
3485 5283 3673 5342 erunt,

2109 5366 2386 5439 quomodo
2428 5366 2580 5432 dicit,
2617 5365 2686 5419 Et
2717 5366 2812 5422 hos
2855 5367 3025 5422 derita
3052 5369 3079 5423 7
3105 5365 3415 5423 Verisimile
3448 5367 3673 5438 quidem

2109 5469 2195 5518 est
2230 5467 2364 5514 tunc
2393 5459 2556 5514 etiam
2585 5457 2721 5514 tales
2761 5459 2931 5516 fuisse
2960 5457 3250 5530 quosdam,
3277 5459 3380 5515 etsi
3412 5475 3520 5514 non
3550 5475 3674 5516 om-

2114 5551 2247 5608 nino
2271 5556 2424 5604 tauta
2456 5549 2638 5620 copia,
2676 5549 2847 5606 fuisse
2875 5560 3080 5615 tamen,
3106 5549 3328 5620 perinde
3356 5565 3422 5606 ac
3448 5550 3496 5606 si
3524 5549 3671 5612 dicat

506 5749 583 5823 (a)
613 5752 841 5830 Authic
873 5755 1158 5827 legendum
1192 5757 1466 5826 φιλαυτία,
1501 5768 1560 5812 ut
1591 5757 1753 5816 habet
1782 5759 1906 5817 cod.
1942 5757 1996 5817 S.

2101 5751 2209 5816 arci
2264 5755 2480 5827 VeneL,
2528 5763 2621 5813 aut
2654 5758 2818 5829 paulo
2875 5767 3001 5830 post
3053 5757 3340 5830 legendum
3404 5758 3670 5829 φιλαργύ-

435 5818 571 5893 pta,’
589 5825 844 5896 auaritia,
873 5818 1162 5886 ut'sensus
1183 5818 1329 5887 recte
1361 5845 1419 5887 se
1444 5818 1665 5888 habeat.
