4152 6300
1421 340 2003 402 ΤΗἘΟΡΗΥΕΛΟΤΙ
2043 342 2457 404 BULGARH'J
2499 346 2855 407 ARCHIEP.

3700 344 3805 411 128

503 458 646 512 Cum
688 455 823 514 tales
862 453 1161 512 etiamnum
1201 454 1580 520 inveniuntur,
1608 453 1794 509 devita
1825 471 1839 509 :
1873 455 2017 509 sicut
2047 462 2102 511 et

2213 475 2333 522 τους
2351 458 2444 512 καὶ
2460 460 2557 514 νῦν
2580 460 2999 531 εὑρισκομένους
3016 457 3223 532 [καλῶς
3236 456 3428 533 ποιῶν]
3448 460 3807 531 ἀποτρέπου.

511 548 703 607 subdit
732 566 747 616 ;
778 548 862 604 Ex
899 550 985 603 his
1021 559 1143 604 sunt
1176 551 1269 621 qui
1300 558 1579 618 penetrant
1604 550 1810 603 domos.
1844 545 1940 604 Vel
1968 548 2096 619 quia

512 652 819 714 postremos
863 639 994 697 dies-
1041 656 1138 696 eos
1166 640 1300 697 dicit
1347 641 1572 706 Paulus,
1610 644 1707 713 qui
1732 644 1944 701 obitum
1982 652 2099 701 sta-

513 736 612 792 tim
672 747 835 790 suum
889 734 1135 790 secuturi
1183 744 1392 799 essent,
1440 734 1497 788 in
1539 735 1743 804 quibus
1778 736 2099 791 Timotheus

512 829 693 885 adhuc
718 839 999 901 superstes
1017 828 1184 900 609
1206 826 1425 884 iuturus
1455 837 1597 882 erat.
1622 827 1738 895 Vel,
1760 829 1909 900 quod
1932 829 2096 884 etiam

514 921 701 976 verius
738 936 971 992 magnus
1002 920 1094 975 ille
1138 920 1573 990 Chrysostomus
1612 919 1846 991 judicat,
1879 934 1977 991 per
2007 919 2101 973 Ti-

515 1012 793 1068 uiotbeum
829 1027 1021 1068 omnes
1077 1011 1404 1067 adhortatur
1434 1022 1495 1067 ut
1520 1012 1660 1069 tales
1687 1011 1923 1084 fugiant.

587 1102 753 1159 Vens.
781 1102 834 1159 6.
873 1102 957 1159 Ea:
994 1105 1076 1158 his
1106 1106 1247 1160 enim
1295 1114 1417 1159 sunt
1458 1104 1551 1174 qui
1578 1113 1854 1174 penetrant
1892 1104 2097 1158 domos.

515 1195 910 1266 lnipudentiam
975 1211 1168 1252 eorum
1222 1197 1432 1252 indicat
1488 1211 1585 1267 per
1634 1198 1739 1252 hoc
1769 1196 1917 1267 quod
1975 1196 2099 1251 ait:

513 1291 603 1358 qui
649 1298 964 1357 penetrant;
994 1304 1210 1347 necnon
1256 1289 1564 1346 honestatis
1606 1290 1937 1357 absentiam,
1970 1289 2104 1345 adu-

515 1381 776 1437 lationem
805 1390 858 1438 et
894 1381 1215 1454 imposturaz
1250 1383 1712 1453 magnitudinem.
1896 1390 1897 1393 ‘

587 1489 658 1544 Et
688 1491 927 1561 captiuas
962 1488 1162 1545 ducunt
1212 1490 1583 1546 mulierculas.
1628 1491 1753 1547 Non
1799 1490 1965 1559 dixit,
2010 1490 2107 1547 de-

514 1582 807 1654 cipieutes,
843 1583 963 1650 sed,
997 1583 1231 1653 captivas
1272 1583 1543 1648 ducentes,
1584 1590 1849 1654 tanquam
1888 1583 2102 1640 manci-

516 1675 623 1744 piis
653 1682 869 1731 utentes
897 1691 912 1741 ;
942 1675 1068 1730 talis
1093 1675 1240 1729 enim
1286 1682 1373 1729 est
1408 1672 1503 1744 qui
1540 1673 1830 1744 decipitur.
1862 1670 2105 1729 Observa

519 1775 703 1821 autem
755 1766 1051 1822 mulierum
1085 1780 1212 1822 esse
1251 1766 1454 1835 decipi,
1501 1767 1610 1822 imo
1649 1768 1834 1836 potius
1882 1767 2107 1822 mulier—

517 1860 791 1914 cularum.
846 1856 1080 1914 Proinde
1126 1860 1209 1914 vir
1259 1858 1308 1916 si
1366 1859 1421 1913 in
1478 1856 1726 1915 fraudem
1773 1858 2094 1926 inducatur,

517 1950 841 2007 muliercula
875 1951 986 2007 dici
1024 1960 1216 2022 queat.

592 2042 856 2098 Oneratas
881 2043 1135 2113 peccatis.
1189 2041 1550 2100 Peccatorum
1608 2042 1824 2114 copiam
1879 2042 2105 2108 indicat,

521 2143 579 2191 et
614 2136 991 2191 inordinatam
1013 2145 1070 2192 et
1102 2134 1391 2193 confusam
1424 2137 1617 2192 vitam.
1651 2133 1774 2191 Non
1794 2135 1943 2192 enim
1972 2134 2108 2191 sim-

519 2227 738 2297 pliciter
772 2228 1099 2285 mulieribus
1137 2230 1451 2299 imponunt,
1486 2242 1591 2285 nec
1617 2228 1765 2284 enim
1799 2234 1997 2284 natura
2021 2233 2109 2283 est

520 2320 858 2384 accusanda,
896 2336 1087 2376 verum
1122 2320 1389 2379 habentes
1411 2322 1695 2376 cumulum
1731 2331 2106 2392 peccatorum,

521 2412 825 2480 decipiunt.
861 2410 967 2481 Qui
1002 2411 1149 2479 enim
1176 2411 1385 2468 nullius
1408 2411 1514 2467 sibi
1550 2411 1677 2467 boni
1710 2413 1972 2469 conscius
2000 2419 2108 2479 est,

525 2502 715 2575 pravis
750 2502 1073 2560 doctoribus
1110 2504 1224 2561 cito
1280 2505 1643 2576 obtemperat.
1695 2504 1942 2575 seipsum
1972 2517 2109 2559 con-

523 2596 718 2652 solans
746 2596 904 2666 quasi
942 2612 1051 2652 non
1085 2596 1157 2653 sit
1184 2596 1413 2654 daturus
1452 2612 1645 2669 poenas
1680 2607 1904 2669 promer
1944 2611 2108 2668 opera

522 2703 644 2744 sua.

595 2800 729 2866 Qua:
775 2800 942 2855 variis
981 2799 1256 2855 desiderii:
1310 2810 1560 2871 aguntur.
1619 2802 1979 2858 Pecuniarum
2036 2803 2115 2858 vi-

520 2891 721 2947 delicet
761 2934 777 2958 ,
826 2893 1015 2963 gloria:
1048 2931 1065 2959 ,
1112 2892 1431 2947 deliciarum
1462 2933 1477 2957 ,
1520 2895 1714 2948 mundi
1760 2893 2045 2950 muliebris
2083 2913 2096 2948 :

523 2995 675 3039 notat
742 2993 924 3041 autem
998 2994 1054 3040 et
1095 2992 1285 3055 turpes
1342 2984 1694 3054 cupiditates.
1732 2983 1973 3041 Observa
2011 3000 2114 3040 au-

524 3088 633 3131 tem
668 3075 838 3140 istud,
868 3084 1121 3147 aguntur,
1160 3088 1419 3146 tauquam
1457 3075 1526 3131 de
1566 3076 1741 3132 brutis
1775 3074 2116 3131 animalibus

525 3168 755 3223 dictum.
846 3160 849 3161 ν

597 3259 764 3317 Vens.
803 3264 856 3317 7.
890 3262 1107 3334 Semper
1147 3265 1428 3330 discentes,
1468 3273 1520 3319 et
1552 3279 1820 3334 nunquam
1843 3262 1914 3315 ad
1943 3264 2113 3317 scien-

526 3355 655 3409 tiam
683 3356 925 3410 ueritatis
955 3357 1225 3425 peruenire
1250 3356 1500 3411 ualentes.
1548 3355 1688 3411 Num
1729 3357 1914 3424 itaque
1952 3353 2111 3409 venia

420 3490 429 3500 .
525 3448 705 3518 digna:
754 3449 927 3503 sunt?
958 3447 1341 3519 Nequaquam,
1392 3448 1488 3502 sed
1543 3446 1701 3502 venia
1756 3447 1939 3517 potius
1994 3448 2110 3516 pri-

524 3539 739 3595 vandte.
785 3538 925 3605 Quia
960 3539 1106 3594 enim
1166 3540 1379 3609 seipsas
1410 3539 1655 3610 peccatis
1689 3538 2113 3592 accumularunt

526 3638 582 3685 et
643 3629 1082 3700 cupiditatibus,
1151 3641 1422 3687 excaecata
1483 3640 1567 3687 est
1639 3630 1857 3685 illarum
1928 3645 2110 3687 mens.

527 3718 711 3789 Quare
741 3719 889 3790 quod
917 3736 1025 3775 non
1055 3721 1272 3792 possint
1313 3723 1567 3786 discere.
1595 3737 1703 3776 non
1748 3733 1834 3777 est
1878 3730 2111 3787 naturae,

528 3815 627 3870 sed
667 3812 938 3868 voluntati
962 3828 1149 3868 earum
1176 3813 1591 3870 ascribendum.

605 3904 768 3961 Vens.
800 3903 854 3958 8.
887 3902 1347 3969 Quemadmodum
1385 3912 1563 3961 autem
1606 3904 1809 3959 Jannes
1855 3913 1904 3959 et
1957 3903 2115 3958 Jam-

532 3996 646 4053 bres
679 3997 986 4052 restiterunt
1036 3994 1201 4061 Mosi,
1253 3996 1333 4050 ita
1390 4004 1440 4049 et
1492 3995 1547 4048 lii
1588 3997 1839 4050 resistunt
1882 3995 2111 4050 veritati.

530 4089 671 4159 Magi
713 4088 808 4146 isti
852 4086 1081 4145 fuerunt
1125 4087 1295 4144 hlosis
1343 4088 1703 4158 temporibus.
1746 4086 1901 4143 Unde
1929 4093 2113 4143 autem

532 4182 754 4238 nomina
785 4196 979 4236 eorum
1040 4189 1203 4235 norat
1255 4178 1484 4249 Paulus,
1514 4196 1638 4237 cum
1679 4180 1967 4252 Scriptura
2002 4195 2116 4239 non

534 4267 834 4325 indicarit?
900 4266 998 4323 Vel
1049 4265 1189 4322 citra
1275 4264 1616 4337 Scripturam
1696 4267 1898 4324 tradita
1984 4278 2118 4324 sunt

532 4378 631 4432 per
676 4361 950 4428 majorum
1014 4361 1338 4417 memoriam
1391 4372 1446 4417 et
1487 4361 2111 4419 commemorationem:

531 4453 616 4507 vel
645 4467 744 4522 per
776 4450 1044 4523 Spiritum
1069 4449 1323 4507 sanctum
1356 4451 1661 4510 verisimile
1685 4460 1771 4510 est
1793 4466 1858 4509 ea
1890 4452 2114 4510 novisse

532 4546 783 4601 Paulum.
1717 4547 1720 4550 ’

604 4635 861 4692 Homines
908 4644 1081 4691 mente
1149 4635 1409 4702 corrupti,
1466 4635 1675 4706 reprobi
1735 4638 1879 4690 circa
1933 4638 2118 4707 ﬁdem.

534 4727 770 4794 Quando
803 4738 1040 4785 mentem
1080 4727 1353 4800 quispiam
1389 4728 1898 4799 perturbationibus
1922 4744 2121 4785 corru-

536 4819 700 4890 perit,
763 4828 880 4875 tum
937 4819 1202 4891 reprobus
1253 4819 1489 4876 efﬁcitur
1525 4820 1673 4877 circa
1731 4820 1912 4878 Iidem.
1964 4820 2117 4875 Dixit

532 4911 673 4967 enim
702 4911 974 4980 insipiens,
1007 4909 1131 4966 Non
1152 4920 1229 4966 est
1254 4910 1396 4967 Deus
1418 4910 1487 4969 ⁸⁸.
1521 4911 1719 4969 Unde?
1747 4912 1885 4980 Quia
1923 4928 2117 4969 corru-

536 5004 614 5074 pti
651 5012 779 5058 sunt
810 5011 866 5061 et
891 5004 1234 5061 execrabiles
1278 5004 1406 5060 iacti
1453 5012 1581 5060 sunt
1610 5004 1668 5061 in
1707 5005 2110 5077 iniquitatibus.

537 5097 859 5167 lncorrupta
899 5094 1068 5166 igitur
1099 5111 1256 5153 mens
1308 5097 1467 5153 ﬁdem
1517 5096 1775 5153 admittit.
1845 5097 1940 5156 Est
1980 5112 2114 5170 ergo

539 5185 790 5241 navanda
861 5185 1023 5245 nobis
1080 5202 1249 5258 opera
1276 5226 1291 5253 ,
1353 5203 1423 5245 ne
1485 5189 1671 5259 pravis
1728 5188 2113 5248 aﬂectionibus

537 5292 982 5347 corrumpamur,
1044 5287 1099 5335 et
1155 5279 1335 5336 locum
1392 5280 1535 5351 apud
1572 5295 1678 5338 nos
1709 5282 1952 5339 inveniat
1993 5282 2114 5338 ﬁdei

540 5370 888 5428 adulteratio.

617 5543 661 5577 ⁸⁸
693 5543 837 5601 Psal.
873 5560 995 5613 xm,
1020 5546 1071 5602 l.

2201 548 2393 619 ὥσπερ
2430 549 2526 603 καὶ
2570 550 2859 620 ἐπιφέρει·
2924 550 3027 605 Ἐκ
3059 552 3286 607 τούτων
3319 553 3482 605 εἰσὶν
3512 554 3577 605 οἱ
3622 551 3805 605 ἐνδύ-

2200 656 2409 707 νοντες
2440 642 2530 706 εὶς
2564 640 2679 707 τὰς
2711 642 2924 709 οικίας.
2953 642 3023 694 Ἢ
3057 642 3140 695 ὃτι
3185 641 3418 711 ὑστέρας
3443 640 3679 712 ἡμέρας
3709 642 3809 705 τάς

2202 735 2367 798 εὐθὺς
2402 733 2547 803 μετά
2568 735 2667 802 τὴν
2704 733 2873 788 αὑτοῦ
2903 733 3162 804 τελευτὴν
3186 734 3217 788 ὁ
3264 731 3482 793 Παῦλος
3528 732 3721 800 λέγει,
3750 732 3811 783 ἐν

2200 824 2291 894 αἷς
2343 831 2618 899 περιεῖναι
2656 828 2738 883 ἔτι
2770 832 2799 883 6
2852 829 3114 899 Τιμόθεος
3174 824 3441 898 ἔμελλενο
3500 828 3566 897 ἢ.
3622 823 3659 878 6
3714 823 3813 878 καὶ

2200 921 2563 993 ἀληθέστερον
2595 921 2624 974 6
2658 922 2834 993 μέγας
2867 921 3122 993 ἰωάννης
3158 919 3455 992 ὲπικρίνει,
3488 916 3591 972 διὰ
3624 917 3816 986 Τιμοο

2202 1013 2329 1069 θέου
2358 1016 2497 1069 πᾶσι
2526 1018 2789 1087 παραινεί
2817 1015 3180 1087 ἐκτρέπεσθαι
3210 1016 3339 1079 τοὺς
3367 1015 3695 1076 τοιούτους.

2288 1109 2390 1163 Ἐκ
2414 1110 2645 1164 τούτων
2674 1108 2786 1179 γάρ
2807 1111 2967 1164 εἰσιν
2991 1112 3045 1164 oi
3065 1108 3429 1176 ἐνδύνοιτες
3458 1111 3553 1175 είς
3580 1106 3701 1171 τὰς
3738 1108 3818 1160 oi-

2205 1201 2362 1267 κίας.
2411 1202 2486 1255 Τὸ
2532 1202 2885 1273 ἀναίσχυντον
2920 1202 3099 1255 αὐτῶν
3134 1200 3226 1255 διὰ
3251 1199 3370 1263 τοῦ,
3396 1200 3815 1264 ἐνδυνόντες,

2201 1293 2392 1363 δηλοῖ,
2440 1292 2534 1347 καὶ
2582 1293 2644 1347 τὸ
2704 1291 3055 1363 ἀνελεύθερον
3076 1333 3093 1360 ,
3160 1291 3259 1347 καὶ
3311 1290 3619 1347 κολακικῦν
3643 1329 3661 1356 ,
3718 1291 3817 1344 καὶ

2203 1384 2423 1456 ἀπάτης
2461 1385 2656 1457 γέμον.

2275 1499 2389 1555 Καὶ
2441 1495 2975 1568 αἰχμαλωτίζοντες
3024 1496 3397 1568 γυναικάρια.
3433 1496 3552 1551 Οὐκ
3613 1489 3813 1562 εἶπεν,

2205 1587 2529 1649 ἀπατῶντες
2552 1629 2568 1653 ,
2627 1588 2773 1656 ἀλλ’,
2822 1586 3355 1657 αἰχμαλωτίζοντες
3380 1628 3395 1653 ,
3448 1586 3528 1651 ὡς
3584 1585 3816 1651 δούλοις

2205 1678 2512 1753 χρώμενοι·
2542 1677 2788 1742 τοιοῦτος
2822 1678 2932 1747 γάρ
2970 1680 3000 1731 6
3028 1677 3411 1747 ἀπατώμενος.
3440 1676 3589 1747 Ὅρα
3622 1674 3691 1728 δὲ
3726 1674 3817 1728 ὅτι

2206 1774 2485 1843 γυναικῶν
2536 1772 2600 1827 τὸ
2654 1771 2994 1838 ἀπατᾶσθαι,
3051 1770 3254 1844 μᾶλλον
3293 1769 3352 1824 δὲ
3388 1767 3811 1842 γυναικαρίων.

2208 1866 2373 1919 ’Ὥστε
2431 1866 2525 1919 καὶ
2561 1865 2591 1918 6
2645 1865 2785 1936 ἀνὴρ
2823 1862 3185 1935 ἀπατώμενος
3255 1862 3623 1934 γυναικάριον
3706 1859 3806 1912 λε-

2209 1955 2387 2028 χθείη.

2281 2048 2707 2119 Σεσωρευμένα
2741 2048 3074 2118 ἁμαρτίαις.
3122 2046 3196 2099 To
3228 2044 3432 2116 πλῆθος
3464 2043 3574 2099 τῶν
3611 2044 3815 2113 ἀμαρ-
3929 2068 3932 2069 ν

2196 2140 2342 2197 ’τιῶν
2368 2140 2543 2214 δηλοῖ,
2573 2141 2670 2196 καὶ⁸
2692 2142 2755 2194 τὸ
2783 2142 3017 2196 ἄτακτον
3041 2138 3138 2192 καὶ
3191 2136 3635 2208 συγκεχυμένον.
3692 2135 3815 2204 Οὐχ

2208 2234 2398 2299 ἁπλῶς
2438 2234 2549 2306 γὰρ
2579 2235 2844 2303 γυναῖκας
2880 2230 3162 2287 ἀπατῶσιν
3193 2231 3276 2300 (οὐ
3307 2230 3416 2300 γάρ
3442 2229 3543 2294 τῆς
3574 2226 3819 2298 φύσεως

2212 2326 2662 2398 κατηγορητέον),
2697 2325 2835 2378 ἀλλὰ
2860 2326 2958 2388 τὰς
2990 2322 3218 2394 ἐχούσας
3256 2322 3431 2391 σωρὸν
3458 2316 3813 2402 ἁμαρτημά-

2206 2435 2340 2474 των.
2382 2418 2443 2473 '0
2492 2417 2603 2488 γὰρ
2655 2416 2823 2487 μηδὲν
2876 2412 3053 2485 ἑαυτῷ
3088 2413 3345 2476 συνειδὼς
3391 2411 3629 2480 ἀγαθὸν,
3690 2411 3815 2470 τοῖς

2212 2512 2471 2579 πονηροῖς
2504 2509 2897 2578 ὃογματισταῖς
2961 2506 3167 2577 ταχέως
3190 2506 3234 2538 ³ο
3275 2505 3549 2568 πείθεται,
3598 2500 3815 2557 ἑαυτὸν

2212 2598 2750 2671 παραμυθούμενος,
2807 2597 2883 2660 ὡς
2947 2595 3024 2669 μὴ
3072 2595 3233 2664 δίκην
3292 2594 3480 2648 δώσων
3537 2593 3641 2647 επὶ
3692 2591 3815 2651 τοῖς

2213 2690 2417 2761 ἔργοις.

2298 2798 2591 2869 Ἀγηόμενα
2622 2794 2961 2865 ἐπιθυμίαις
2996 2795 3319 2859 ποικίλαις.
3349 2790 3636 2856 Τουτέστι,
3663 2804 3813 2859 χρη-

2218 2891 2429 2962 μάτων,
2463 2888 2645 2960 δόξης,
2669 2886 2904 2957 τρυφῆς,
2942 2885 3334 2956 καλλωπισμοῦ
3363 2900 3377 2916 ·
3406 2882 3719 2937 αἰνίττεται
3749 2876 3811 2932 δὲ

2217 2978 2313 3032 καὶ
2351 2977 2584 3053 αἰσχρὰς
2613 2974 2928 3045 ἐπιθυμίας.
2970 2974 3112 3044 ’Ὅρα
3154 2973 3213 3028 δὲ.
3270 2976 3365 3027 καὶ
3386 2972 3464 3039 ea,
3504 2971 3809 3041 ἀγόμενα,

2216 3068 2291 3132 ὡς
2332 3065 2427 3119 ἐπὶ
2459 3066 2693 3133 ἀλόγων.

2284 3252 2544 3307 Πάντοτε
2574 3251 2964 3320 μανθάνοντα
2989 3290 3004 3312 .
3044 3250 3143 3304 καὶ
3180 3250 3483 3319 μηδέποτε
3530 3248 3621 3315 είς
3671 3245 3806 3301 ἐπί-

2214 3361 2445 3418 γνωσιν
2500 3346 2789 3413 ἀληθείας
2845 3344 3048 3400 ἐλθεῖν
3111 3343 3438 3412 δυνάμενα.
3496 3338 3649 3413 *Αρα
3708 3335 3807 3394 οῦν

2216 3435 2546 3510 συγγνώμης
2579 3438 2718 3491 εἰσὶν
2746 3437 2928 3504 ditat;
2969 3434 3258 3506 Οὐδαμῶς,
3297 3434 3432 3489 ἁ).λά
3467 3435 3557 3488 καὶ
3591 3432 3805 3505 μᾶλλον

2215 3530 2612 3599 ἀσύγγνωστοι.
2656 3528 2877 3599 Ἐπειδὴ
2911 3529 3017 3597 γὰρ
3068 3527 3268 3590 ἑαυτὰς
3316 3526 3642 3596 κατέχωσαν
3677 3524 3804 3585 ταῖς

2215 3604 2511 3693 ἁμαρτίαις
2561 3620 2659 3674 καὶ
2698 3622 2821 3683 ταῖς
2872 3619 3215 3690 ἐπιθυμίαις,
3247 3618 3519 3688 ἐπωρώθη
3552 3617 3742 3671 αὐτῶν
3774 3614 3808 3668 6

2213 3716 2532 3780 νοῦς.Ὦστε
2554 3714 2617 3767 τὸ
2650 3713 2727 3785 μὴ
2755 3712 3016 3767 δύνασθαι
3056 3711 3272 3783 μαθεῖν,
3291 3710 3351 3764 οὐ
3382 3709 3635 3780 φυσικὴν,
3656 3704 3802 3763 ἀλλά

2216 3804 2603 3878 προαιρετικὸν
2631 3805 2843 3867 αὑταῖς.

2290 3900 2393 3951 Ὃν
2419 3896 2644 3965 τρόπον
2669 3894 2740 3949 δὲ
2781 3893 3019 3963 Ἰαννῆς
3053 3894 3152 3948 καί
3192 3891 3470 3962 Ἰαμϐρῆς
3498 3889 3800 3956 ἀντέστη·

2215 4005 2337 4045 σαν
2358 3987 2582 4053 Μωσεῒ,
2606 3988 2761 4041 οὕτω
2792 3987 2892 4041 καί
2920 3983 3087 4043 οὗτοι
3108 3986 3503 4042 ἀνθίστανται
3537 3983 3612 4053 τῇ
3645 3985 3802 4050 ἀλη-

2217 4080 2365 4149 θείᾳ.
2396 4079 2461 4135 Oi
2483 4078 2647 4151 μάγοι
2668 4074 2811 4150 ἦσαν
2832 4072 3003 4141 οῦτοι,
3031 4078 3082 4131 oi
3109 4077 3204 4132 ἐπὶ
3234 4076 3501 4140 Μωσέως.
3532 4076 3711 4130 Πόθεν
3739 4074 3800 4128 δὲ

2217 4172 2289 4227 τὰ
2308 4170 2547 4242 ὀνόματα
2595 4170 2775 4226 αὐτῶν
2803 4170 2922 4243 ᾔδει
2971 4172 3000 4225 ό
3040 4166 3257 4233 Παῦλος
3279 4210 3297 4235 ,
3328 4170 3684 4241 τῆςΓραφῆς
3720 4166 3798 4239 μὴ

2218 4262 2485 4334 λεγούσης
2511 4261 2718 4331 ταῦτα;
2763 4262 2837 4316 Ἦ
2876 4262 3141 4333 ἀγράφως
3168 4261 3617 4334 παραδίδοται³¹,
3651 4261 3687 4334 ἢ
3733 4260 3802 4313 ἑκ

2219 4357 2361 4414 Πνεύ
2370 4374 2540 4430 ματος
2571 4355 2730 4427 ἀγίου
2757 4355 2907 4421 είκδς
2934 4352 3005 4427 ἦν
3026 4355 3225 4411 εἰδέναι
3256 4354 3347 4413 τὸν
3376 4356 3613 4411 Παῦλον.

2152 4504 2207 4564 D

2301 4639 2635 4706 Ἄνθρωποι
2672 4632 3136 4702 κατεφθαρμένοι
3170 4631 3278 4684 τὸν
3319 4629 3492 4695 νοῦν,
3526 4627 3799 4699 ἀδόκιμοι

2224 4732 2358 4803 περὶ
2383 4728 2499 4797 τὴν
2521 4729 2753 4783 πίστιν.
2789 4726 2961 4781 Ὅταν
2989 4741 3075 4788 τις
3103 4722 3197 4778 τὸν
3230 4721 3357 4777 νοῦν
3382 4720 3567 4793 φθαρῇ
3594 4722 3653 4774 ἐν
3682 4721 3800 4782 τοῖς

2224 4821 2443 4887 πάθεσι,
2465 4819 2588 4873 τότε
2609 4818 2871 4886 ἀδόκιμος
2898 4816 3031 4886 περὶ⁵
3054 4814 3155 4885 τὴν
3188 4814 3371 4868 πίστιν
3391 4813 3625 4881 γίνεται.
3650 4806 3798 4866 Εἴτε

2222 4916 2331 4987 γὰρ
2354 4915 2559 4985 ἄφρων
2575 4929 2591 4946 ο
2611 4914 2735 4968 Οὐκ
2763 4911 2897 4965 ἐστι
2923 4911 3085 4975 Θεός.
3111 4907 3280 4962 Πόθεν
3303 4908 3487 4974 ;Διότιν
3504 4906 3797 4977 διεφθάρη-

2221 5025 2339 5071 σαν,
2371 5007 2465 5061 καὶ
2498 5003 2896 5074 ὲϐδελύχθησαν
2916 5002 2974 5055 ἐν
3004 4999 3277 5070 ἀνομίαις.
3308 4999 3451 5067 ’Λρα
3477 4996 3507 5049 6
3532 4995 3793 5065 ἀδιάφθο·

2224 5117 2314 5172 ρος
2351 5098 2477 5162 νοῦς
2504 5099 2603 5167 τὴν
2642 5096 2824 5148 πίστιν
2865 5092 3250 5164 παραδέχεται.
3292 5088 3632 5163 Προσεκτέον
3676 5084 3791 5151 οὖν.

2224 5189 2299 5261 μὴ
2352 5186 2742 5259 διαφθαρῶμεν
2793 5186 2906 5247 τοῖς
2954 5181 3177 5249 πάθεσι,
3208 5180 3305 5237 καὶ
3346 5179 3485 5253 εὕρῃ
3522 5180 3711 5251 χώραν
3735 5178 3793 5232 ἐν

2219 5277 2350 5346 ἡμῖν
2389 5276 2424 5343 ἡ
2462 5272 2563 5344 τῆς
2596 5271 2830 5337 πίστεως
2856 5269 3129 5342 κιϐδηλία.

1869 5662 2067 5724 ναι-ἰὼ
2099 5660 2430 5725 lectiones.

617 5788 661 5821 ιο
690 5786 884 5860 ῥᾳδίως
904 5799 957 5843 o.
1035 5787 1127 5861 ³¹ἢ
1166 5787 1233 5842 δι’
1260 5788 1509 5859 ἀγράφου
1536 5788 1881 5861 παραδόσεως
1910 5804 1984 5844 m.
