4152 6300
655 359 757 425 127

1503 366 2091 430 THEOPHYLACTI
2135 368 2550 432 BULGARle
2588 369 2944 434 ARCHIEP.

3810 367 3900 434 128

648 475 874 546 quidam
907 483 1092 532 autem
1141 482 1201 533 et
1265 476 1482 535 animas
1542 486 1598 534 et
1650 494 1885 542 corpora
1953 478 2202 534 intellexc

2305 478 2437 537 ,καὶ
2465 479 2594 542 τοὺς
2627 480 2752 533 τότε
2801 476 3415 549 καταλειφθησομένους
3473 476 3683 543 ζῶντας
3762 478 3899 543 Τινὲς

645 577 796 621 runt.

719 658 823 713 Per
860 660 1141 715 adventum
1187 676 1345 717 suum
1371 670 1423 717 et
1443 676 1660 732 regnem
1684 678 1860 717 suum.
1884 660 2116 729 Quando
2133 662 2226 733 ju-

644 750 930 806 dicaturus
960 752 1091 807 est?
1121 754 1181 806 ln
1227 753 1572 826 apparitione
1619 768 1742 817 sua,
1788 768 1909 824 quae
1946 756 2054 809 erit
2101 770 2226 811 cum

643 842 816 908 gloria
862 852 918 897 et
950 858 1143 914 regno.
1176 842 1297 899 Non
1344 845 1492 901 enim
1523 854 1638 899 tum
1687 844 1824 901 adeo
1859 847 1984 903 vilis
2013 854 2069 904 et
2094 862 2227 904 con-

642 942 883 996 temptus
917 930 1194 997 adveniet,
1228 932 1307 987 uti
1342 933 1518 1003 prius.

713 1019 878 1077 Vens.
899 1022 952 1078 ἓ.
984 1024 1229 1079 Prtedica
1252 1027 1483 1081 verbum.
1517 1024 1660 1094 Quid
1679 1034 1763 1082 est
1780 1028 1925 1101 quod
1943 1029 2190 1087 obtestor
2205 1030 2234 1086 Υ

640 1109 883 1168 Prmdica
925 1116 1177 1181 verbum,
1231 1132 1300 1172 ne
1338 1117 1603 1176 cohibeas
1653 1120 1859 1175 donum
1900 1121 2046 1192 quod
2089 1123 2228 1180 inte

635 1212 742 1259 est.
778 1203 1009 1263 Terrore
1051 1200 1434 1264 c’oncntiamur
1461 1210 1555 1282 qui
1591 1226 1705 1265 non
1733 1212 2117 1283 praedicamus.

708 1298 865 1355 Iusta
889 1312 1199 1368 opportune,
1228 1304 1548 1372 importune.
1582 1302 1763 1359 Veluti
1809 1322 1936 1362 cum
1967 1307 2229 1364 immora-

634 1394 785 1449 tione
806 1405 859 1448 et
890 1395 1153 1451 instantia
1191 1398 1437 1467 loquere,
1468 1414 1578 1453 non
1631 1400 1825 1466 semel,
1857 1401 1951 1456 sed
1982 1416 2219 1473 semper.

632 1485 750 1541 Non
785 1486 861 1540 sit
889 1487 985 1543 tibi
1016 1499 1221 1543 statum
1257 1500 1496 1561 tempus,
1528 1490 1623 1547 sed
1672 1499 1727 1547 et
1758 1503 2072 1563 opportune,
2118 1496 2224 1551 hoc

630 1586 739 1643 est,
768 1593 894 1634 cum
927 1579 982 1635 in
1032 1596 1164 1651 pace
1193 1589 1250 1636 et
1308 1582 1510 1638 timore
1550 1598 1758 1640 vacuus
1790 1584 1981 1652 lueris,
2018 1597 2068 1642 et
2095 1602 2221 1644 cum

631 1673 686 1723 in
732 1670 970 1724 Ecclesia
1008 1691 1023 1728 :
1059 1674 1156 1728 sed
1188 1676 1495 1743 importune
1514 1677 1701 1741 etiam,
1732 1677 1835 1733 hoc
1862 1685 1969 1747 est,
2002 1694 2128 1735 eum
2165 1680 2220 1735 in

2331 571 2388 626 δὲ
2423 573 2516 624 καὶ
2544 571 2723 642 ψυχὰς
2742 571 2839 625 καὶ
2863 571 3091 641 σώματα
3123 571 3371 641 ἐνόησαν.

2398 663 2565 719 Κατὰ
2590 665 2704 732 τὴν
2726 663 3086 733 ἐπιφάνειαν
3101 661 3311 727 αὐτοῦ,
3337 661 3435 716 καὶ
3457 661 3570 727 τὴν
3587 660 3902 726 ,βασιλείαν

2277 786 2283 793 -
2327 755 2536 810 αὐτοῦ.
2579 754 2716 808 Πότε
2753 755 2963 827 κρίνειν
2998 753 3284 824 μέλλοντος
3316 769 3332 816 ;
3387 753 3476 807 Ἐν
3508 755 3576 825 τῇ
3621 753 3900 822 ἐπιφανείᾳ

2330 843 2523 912 αὐτοῦ,
2555 847 2625 915 τῇ
2660 846 2802 916 μετά
2830 845 2991 915 δόξης
3056 845 3153 898 καὶ
3206 843 3488 913 βασιλείας
3541 842 3899 914 γενησομένη.

2328 938 2441 1007 οὐχ
2466 936 2609 992 οὕτω
2643 937 2752 1007 γὰρ
2781 937 2903 1008 ἥξει
2930 936 3154 1007 εὐτελὴς
3177 937 3255 1000 ὡς
3295 936 3583 1009 πρότερον.

2400 1029 2681 1099 Κήρυεον
2708 1031 2813 1085 τὸν
2864 1031 3073 1100 λόγον.
3101 1030 3167 1083 Τί
3198 1028 3396 1084 ὲστινδ
3432 1028 3907 1101 διαμαρτύρομαι;

2327 1122 2581 1196 Κήρυξον
2602 1122 2695 1177 τὸν
2718 1122 2898 1191 λόγον,
2933 1123 3007 1194 μὴ
3046 1121 3278 1194 συνέξῃς
3320 1120 3383 1176 τὸ
3412 1123 3684 1195 χάρισμα.
3745 1120 3911 1191 006n-

2328 1216 2516 1284 θῶμεν
2541 1217 2592 1270 oi
2626 1216 2701 1287 μὴ
2733 1214 3128 1288 κηρύσσοντες.

2394 1310 2712 1377 Ἐπίστηοι
2741 1308 3053 1379 εὐκαίρως,
3083 1308 3364 1377 ἀκαίρως.
3410 1301 3539 1364 οἷον
3594 1306 3745 1380 μετά
3803 1307 3914 1362 ἔπι·

2328 1404 2498 1475 μονῆς
2538 1404 2583 1435 “
2619 1403 2716 1456 καὶ
2743 1400 3069 1468 ἐπιστασίας
3106 1400 3362 1473 λάλησον,
3414 1400 3489 1473 μὴ
3553 1399 3732 1466 ἅπαξ,
3792 1401 3902 1456 ἀλλ’

2324 1495 2551 1568 ambiit
2606 1494 2748 1550 ἔστω
2813 1511 2897 1549 σοι
2965 1492 3158 1565 καιρὸς
3240 1492 3571 1566 ὡρισμένος,
3630 1492 3774 1549 ἀλλὰ
3826 1495 3915 1547 καὶ

2321 1588 2636 1660 εὐκαίρως,
2664 1591 2967 1655 τουτέστιν,
3000 1592 3059 1646 έν
3098 1593 3317 1666 είρήνῃ,
3349 1594 3409 1648 ὲν
3434 1591 3615 1665 ἀδείᾳ,
3677 1592 3777 1646 καὶ
3829 1592 3911 1645 ἐπ’

2318 1683 2652 1755 Ἐκκλησίας
2677 1685 2723 1717 ³⁸
2769 1684 2846 1740 ὢν
2870 1701 2884 1714 ο
2933 1686 3067 1741 ἀλλά
3133 1688 3229 1741 καὶ
3282 1686 3562 1757 ἀκαίρως,
3611 1688 3911 1751 τουτέστιν,

630 1761 892 1830 periculis
921 1761 1115 1830 fueris,
1137 1772 1193 1819 et
1213 1772 1368 1820 extra
1397 1765 1722 1833 Ecclesiam,
1748 1769 1973 1840 loquere
1998 1781 2051 1826 et
2081 1787 2202 1842 pre-

2322 1776 2380 1830 ιν
2407 1775 2674 1840 κινδύνοις
2697 1774 2795 1842 ὢν,
2828 1778 2923 1831 καὶ
2953 1776 3059 1843 ἔξω
3086 1776 3187 1849 τῆς
3236 1777 3590 1851 Ἐκκλησίας,
3638 1777 3796 1833 λάλει
3827 1777 3915 1831 καὶ

628 1850 778 1906 dica.
810 1848 1193 1921 Opportunum
1222 1855 1372 1910 enim
1406 1837 1858 1929 etimportunum
1884 1860 2039 1931 juxta
2069 1837 2202 1936 vulgi

2321 1867 2580 1939 κήρυττε.
2632 1837 2709 1922 τὸ
2765 1837 3023 1942 εὔκαιρον
3243 1870 3341 1924 καὶ
3383 1837 3446 1922 τό
3482 1837 3748 1942 ἄκαιρον,
3780 1870 3913 1941 πρὸς

627 1942 943 2012 opinionem
1008 1945 1188 2001 dixit:
1240 1947 1583 2007 arbitrantur
1629 1951 1776 2007 enim
1829 1954 2216 2024 opportunita-

628 2045 758 2099 tem,
787 2038 1025 2106 quietem
1053 2044 1108 2094 et
1138 2039 1472 2096 laxationem
1503 2059 1521 2099 ε
1554 2041 2028 2114 importunitatem
2060 2063 2217 2115 vero,

626 2136 844 2195 tempus
878 2130 1270 2199 periculosum.
1304 2134 1382 2187 Ac
1402 2148 1596 2190 rursus
1618 2136 2084 2206 opportunitatem
2115 2138 2219 2195 do-

622 2221 817 2276 ctrina:
875 2231 1058 2287 vocat,
1107 2223 1165 2279 in
1215 2223 1463 2281 Ecclesia
1512 2241 1689 2284 esse:
1738 2229 2217 2300 importunitatem

622 2326 773 2378 vezo,
811 2323 962 2368 extra
995 2316 1136 2373 hanc
1159 2332 1301 2374 esse.
1340 2316 1433 2374 Vel
1457 2319 1728 2387 aliter,.ne
1755 2334 2042 2393 exspectes
2077 2333 2215 2381 tem-

626 2418 731 2474 pus
778 2406 965 2476 lapsus
1005 2425 1020 2463 :
1078 2424 1269 2467 verum
1328 2413 1494 2470 etiam
1534 2414 1856 2487 priusquam
1908 2418 2213 2492 impingat,

620 2497 780 2551 doce.

692 2590 887 2658 Argue.
918 2588 1054 2645 Cum
1109 2592 1312 2650 videris
1358 2596 1503 2652 istud
1550 2596 1665 2653 ﬁeri
1698 2599 1923 2664 debere.
1963 2602 2068 2660 boc
2106 2615 2210 2673 est,

619 2691 744 2734 cum
778 2681 978 2738 videris
1006 2694 1323 2754 peccantem
1376 2690 1458 2746 vel
1490 2700 1866 2763 peccaturum,
1899 2712 2006 2752 non
2038 2698 2213 2757 retor-

617 2772 787 2827 mida.

690 2862 936 2938 Increpa.
970 2869 1270 2945 Postquam
1320 2879 1571 2949 argueris
1599 2890 1762 2951 atque
1793 2881 2209 2943 demonstrave-

613 2956 696 3012 ris
724 2974 846 3014 eum
880 2961 1204 3033 deliquisse,
1233 2975 1348 3024 tum
1376 2968 1598 3043 increpa
1630 2989 1645 3025 :
1691 2971 1744 3027 id
1777 2981 1880 3040 est,
1916 2990 2132 3045 ptenam
2153 2988 2208 3034 et

616 3052 948 3121 supplicium
982 3056 1223 3127 impone.

2318 1959 2421 2031 τὴν
2462 1960 2735 2032 ὑπόληψιν
2785 1961 2896 2015 τῶν
2940 1960 3151 2017 πολλῶν
3186 1955 3341 2016 ιιῐπεν
3375 1978 3391 1993 ·
3415 1959 3623 2016 οἴονται
3677 1961 3793 2034 γὰρ
3835 1959 3915 2013 εὐ-

2318 2056 2543 2127 καιρίαν
2570 2055 2670 2126 μὲν
2714 2055 2815 2128 τὴν
2845 2056 3030 2112 ἀνεσιν
3049 2096 3067 2124 ,
3107 2055 3369 2126 ἀκαιρίαν
3408 2056 3467 2110 δὲ
3488 2056 3583 2111 τὸν
3609 2055 3912 2127 κινδυνώδη

2320 2149 2535 2220 καιρόν.
2564 2150 2676 2205 Καὶ
2704 2148 2774 2203 αὖ
2801 2148 2995 2223 καιρὸν
3038 2148 3391 2215 διδασκαλίας
3417 2149 3480 2205 τδ
3507 2152 3569 2204 έν
3612 2149 3915 2219 Ἐκκλησία

2317 2237 2456 2295 εἶναι
2474 2256 2487 2270 ο
2517 2242 2779 2309 ἀκαιρίαν
2807 2239 2865 2296 δὲ
2884 2240 2947 2295 τὸ
2975 2239 3081 2310 ἔξω
3108 2240 3414 2315 ταύτης.Ἦ
3447 2242 3542 2297 καὶ
3565 2242 3754 2307 ἄλλως
3787 2261 3802 2274 ο
3828 2241 3914 2312 Μὴ

2315 2333 2617 2405 ἀναμείνῃς
2642 2334 2737 2389 τὸν
2770 2333 2964 2407 καιρὸν
3038 2336 3135 2389 τοῦ
3188 2335 3487 2409 πτώματος
3512 2336 3581 2406 ⁸⁷,
3630 2336 3781 2391 ἀλλὰ
3826 2335 3919 2388 καὶ

2317 2427 2451 2498 πρὶν
2484 2427 2516 2500 ἢ
2542 2428 2697 2482 πέσοι
2726 2427 2791 2498 ³⁸,
2829 2427 3060 2495 δίδαξον.

2389 2617 2709 2687 Ἔλεγξον.
2750 2616 2923 2673 Ὅταν
2980 2618 3115 2690 ὁρᾷς
3161 2618 3246 2672 ὅτι
3302 2618 3387 2673 δεῖ
3436 2617 3675 2688 ποιῆσαι
3733 2616 3914 2682 τοῦτο,

2311 2709 2615 2774 τουτέστιν,
2650 2711 2781 2764 ὅταν
2812 2709 2983 2781 εὕρῃς
3000 2708 3340 2782 ἁμαρτόντα,
3373 2709 3407 2781 ἦ
3434 2706 3709 2780 μέλλοντα
3739 2708 3917 2778 ἀμαρ-

2316 2805 2452 2866 τεῖν,
2497 2803 2573 2874 μὴ
2606 2804 2942 2875 ὑποσταλῇς.

2381 2899 2794 2970 Ἐπιτιμησον.
2823 2899 2961 2955 Μεθ’
2992 2898 3025 2953 δ
3052 2899 3292 2970 ὲλέγξεις
3327 2900 3419 2952 καὶ
3440 2897 3762 2966 ἀποδείξεις
3816 2895 3912 2951 αὖ·

2309 2994 2402 3046 τὸν
2431 2993 2770 3063 ἁμαρτόντα,
2804 2993 2928 3047 τότε
2954 2993 3282 3064 ἐπιτίμησον
3302 3009 3317 3025 ο
3353 2992 3628 3059 τουτέστι,
3656 2990 3725 3045 τὸ
3744 2989 3913 3062 πρόσο

2309 3095 2470 3150 τιμον
2501 3079 2595 3132 καὶ
2628 3079 2729 3149 τὴν
2761 3079 3036 3151 τιμωρίαν
3065 3080 3278 3145 ἐπίθες.

684 3141 997 3203 Consolare.
1056 3150 1364 3222 lncrepatio
1426 3157 1626 3213 similis
1677 3161 1899 3215 videtur
1948 3167 2202 3231 sectioni,

684 3236 918 3260 n--l-n:-
950 3254 1070 3260 ---__
1110 3242 1162 3260 ..ι
1193 3258 1203 3260 _
1581 3250 1592 3260 ι
1649 3250 1683 3260 Α
1828 3253 1842 3260 -
1909 3253 1921 3260 .
2005 3256 2017 3260 -

2369 3141 2853 3236 ’Παρακάλεσονλ
3040 3141 3366 3244 ἐπιτίμησις
3411 3175 3553 3246 τομῇ
3586 3164 3801 3228 ’ἔοικεν
3830 3191 3846 3205 ο
3877 3175 3908 3243 ἠ

613 3236 924 3317 consolatio
950 3254 1078 3294 vero
1110 3242 1408 3309 pharmaco
1439 3250 1617 3304 suavi.
1641 3250 2049 3310 Consolationis
2073 3273 2202 3329 ergo

2312 3264 2682 3335 παράκλησις,
2754 3267 3036 3337 φαρμάκῳ
3119 3236 3309 3338 ἱλαρῷ.
3386 3236 3608 3330 muto};
3700 3267 3801 3322 οὖν
3851 3236 3911 3321 τό

612 3324 973 3395 pharmacum
1008 3347 1248 3402 appone,
1300 3352 1367 3391 ne
1401 3340 1517 3394 sola
1569 3343 1740 3398 sectio
1785 3345 2005 3403 dolores
2037 3351 2204 3406 vehe-

615 3420 914 3476 mentiores
948 3422 1176 3491 iaciens,
1212 3427 1268 3482 in
1298 3428 1740 3499 desperationem
1771 3438 2093 3509 praecipitet.

686 3596 753 3655 In
777 3606 921 3658 onmi
953 3605 1358 3683 longanimitate
1389 3630 1452 3668 ac
1478 3614 1747 3673 doctrina.
1780 3617 1892 3675 Hoc
1921 3625 2198 3690 praedictis

608 3692 866 3750 omnibus
888 3696 1187 3769 conjunge.
1220 3701 1468 3770 Arguere
1500 3704 1645 3758 enim
1681 3707 1735 3760 in
1764 3711 1915 3764 omni
1950 3710 2201 3783 longani-

611 3785 801 3841 mitate
828 3796 1071 3856 oportet.
1124 3800 1180 3845 ut
1207 3806 1312 3845 non
1349 3794 1609 3852 omnibus
1644 3795 1974 3867 simpliciter
2000 3804 2196 3860 creda-

608 3893 772 3932 mus:
803 3890 858 3934 et
897 3882 1180 3949 docentes,
1212 3896 1266 3939 ut
1297 3888 1562 3942 doceatur
1613 3892 1891 3960 quomodo
1920 3894 1963 3950 is
2004 3912 2198 3966 pecca-

607 3972 769 4039 verit,
804 3982 858 4028 et
895 3974 1178 4044 quodnam
1230 3979 1302 4032 sit
1346 3989 1653 4048 peccatum.
1705 3983 1796 4039 Sic
1839 3985 1995 4041 decet
2030 3989 2193 4046 etiam

604 4063 896 4135 increpare
926 4067 980 4120 in
1010 4066 1450 4139 longanimitate,
1479 4090 1578 4128 nec
1613 4086 1867 4145 tanquam
1902 4081 2045 4137 hosti
2080 4099 2197 4154 pa:-

603 4171 727 4212 nam
762 4158 1011 4231 irrogare
1054 4172 1146 4216 aut
1195 4161 1463 4232 inﬂigere,
1513 4166 1607 4223 sed
1643 4170 1787 4224 velut
1836 4174 1945 4227 lilio
1972 4175 2194 4231 institu-

601 4249 807 4305 tionem
833 4251 982 4306 dare.
1022 4252 1088 4307 Et
1137 4255 1191 4308 in
1225 4256 1503 4321 doetrina,
1532 4260 1641 4316 hoc
1673 4271 1778 4326 est,
1821 4264 2018 4321 docere
2064 4283 2189 4324 eutn

600 4343 875 4412 quodnam
926 4348 998 4399 sit
1057 4347 1271 4405 lucrum
1327 4351 1567 4407 mult-tae.
1630 4355 1954 4415 Consolatio
2006 4372 2188 4420 autem

601 4436 838 4489 maxime
874 4452 1014 4505 opus
1054 4438 1219 4493 habet
1274 4449 1328 4495 et
1371 4442 1792 4512 longanimitate
1824 4459 1875 4503 et
1913 4450 2187 4510 doctrina.

2312 3358 2607 3428 φάρμακον
2634 3356 2734 3425 τῆς
2800 3357 3225 3429 παρακλήσεως,
3276 3360 3363 3413 ἵνα
3405 3358 3535 3433 μὴή
3564 3361 3715 3432 τομὴ
3774 3360 3908 3431 μόνη

2306 3453 2407 3515 τὰς
2439 3451 2744 3522 ἀλγηδόνας
2772 3452 3141 3525 σφοδροτέρας
3177 3452 3432 3522 ποιοῦσα,
3482 3454 3561 3518 εἰς
3586 3454 3907 3526 ἀπόγνωσιν

2310 3542 2499 3615 ῥίπτῃ-

2379 3633 2485 3690 Ἐν
2512 3636 2685 3704 πάσῃ
2719 3637 3103 3706 μακροθυμΙᾳ
3131 3637 3229 3692 καὶ
3256 3636 3499 3708 διδαχῇ.
3532 3635 3713 3693 Τοῦτο
3774 3639 3905 3691 πᾶσι

2304 3728 2418 3791 τοῖς
2452 3727 2812 3799 «poematia;
2869 3727 3150 3794 σύνταξον.
3219 3729 3330 3782 Καὶ
3376 3728 3625 3799 ἐλέγχειν
3666 3729 3786 3802 γὰρ
3850 3729 3909 3783 ἐν

2304 3821 2455 3892 πάσῃ
2496 3820 2859 3893 μακροθυμίᾳ
2880 3819 2979 3887 δεῖ,
3017 3818 3161 3873 ὥστε
3218 3820 3293 3891 μὴ
3344 3822 3513 3875 πᾶσιν
3560 3820 3759 3885 ἁπλῶς
3816 3838 3905 3875 πι-

2304 3910 2517 3966 στεύειν
2541 3927 2555 3942 '
2595 3912 2690 3964 καὶ
2716 3913 2774 3963 ὲν
2798 3912 3010 3983 διδαχῇ,
3040 3911 3394 3977 διδάσκοντας
3446 3914 3595 3976 ὅπως
3652 3913 3898 3985 ἥμαρτε,

2303 4004 2397 4059 καὶ
2415 4005 2495 4069 τίς
2536 4006 2570 4076 ἡ
2588 4006 2837 4075 ἁμαρτία
2862 4022 2878 4040 ο
2906 4006 3001 4060 καὶ
3035 4008 3296 4077 ἐπιτιμᾷν
3312 4006 3574 4069 ὡσαύτως
3601 4007 3658 4062 ὲν
3689 4024 3902 4078 μακρο-

2301 4095 2496 4168 θυμίᾳ,
2530 4096 2606 4167 μὴ
2628 4096 2704 4160 ὡς
2731 4096 2911 4169 ἐχθρῷ
2959 4099 3155 4168 ποινὴν
3207 4098 3572 4164 ἐπιτιθέντας,
3614 4099 3772 4165 ἀλλ’,
3822 4100 3897 4164 ὡς

2299 4188 2499 4255 τέκνῳ,
2525 4189 2800 4243 παιδείαν.
2837 4189 2946 4244 Καὶ
2978 4192 3036 4243 ὲν
3061 4190 3274 4262 διδαχῇ,
3305 4192 3579 4255 τουτέστι,
3605 4190 3898 4246 διδάσκον-

2298 4296 2401 4344 τας
2434 4280 2600 4335 αὐτὸν
2636 4280 2696 4335 τὸ
2735 4280 3038 4351 κέρδοςτοῦ
3070 4282 3379 4353 ἐπιτιμίου.
3417 4281 3484 4336 Ἦ
3518 4281 3577 4335 δὲ
3606 4283 3898 4352 παράκλη-

2300 4386 2383 4434 σις
2418 4371 2515 4424 καὶ
2552 4371 2789 4441 μάλιστα
2811 4370 3009 4443 χρῄζει
3034 4373 3131 4426 καὶ⁹
3170 4372 3559 4442 μακροθυμίας
3598 4370 3642 4404 ³⁹
3685 4372 3789 4426 καὶ
3819 4372 3897 4425 δι-

2295 4460 2487 4533 δαχῆς.
2513 4462 2628 4515 Οὐκ
2673 4464 2733 4517 ὲν
2761 4466 2827 4535 τῇ
2879 4462 3121 4535 τυχούσῃ
3144 4462 3201 4517 δὲ
3231 4464 3609 4535 μακροθυμίᾳ,
3650 4462 3774 4517 ἀλλ’
3825 4465 3894 4518 ἐν

598 4522 711 4579 Nec
740 4526 794 4579 in
828 4528 1039 4597 vulgari
1069 4531 1505 4599 longanimitate,
1544 4535 1641 4589 sed
1682 4537 1735 4590 in
1756 4540 1920 4603 omni,
1951 4540 2053 4596 hoc
2080 4552 2184 4613 est,

2305 4552 2487 4623 πάσῃ,
2525 4555 2796 4621 τουτέστι,
2875 4558 2943 4629 τῇ
3037 4556 3485 4627 παντοιοτρόπως
3531 4555 3887 4631 δεικνυμένῃ,

601 4625 725 4684 (tute
753 4620 1011 4675 omnibus
1054 4622 1233 4677 modis
1258 4622 1691 4694 demonstratur,
1720 4632 1982 4700 operibus
2019 4636 2182 4692 nimi-

601 4721 744 4773 rum,
768 4711 949 4766 verbis
978 4721 1142 4783 atqne
1166 4714 1353 4771 habitu

671 4798 835 4856 Vens.
874 4802 928 4858 3.
964 4803 1087 4857 Erit
1116 4807 1255 4860 enim
1277 4816 1503 4877 tempus,
1534 4813 1745 4881 quando
1773 4831 1960 4871 sanam
1983 4818 2183 4876 doctri-

595 4893 907 4968 ιιαηιῖϐιῆ,
928 4914 1032 4951 non
1052 4899 1410 4957 sustinebunt.
1461 4904 1789 4975 Priusquam
1818 4925 1949 4980 ergo
1981 4913 2181 4971 labefa-

592 4995 834 5054 ctentur,
868 4993 1163 5060 lanteverte
1208 5008 1325 5050 eos.
1371 4994 1667 5067 Propterea
1701 5010 1754 5056 et
1796 5018 1964 5075 supra
2019 5006 2177 5076 dixit,

592 5090 884 5150 opportune
908 5124 925 5147 ,
957 5084 1276 5155 importune,
1306 5091 1575 5162 tantisper
1598 5094 1728 5149 dum
1760 5098 2174 5171 obtemperent,

595 5174 781 5227 omnia
808 5191 930 5246 age.

669 5267 773 5323 Sed
806 5270 877 5323 ad
911 5287 1009 5326 sua
1047 5272 1315 5351 desideria
1350 5281 1735 5337 coacervabunt
1772 5284 1874 5338 sibi
1913 5286 2175 5346 doctores.

595 5358 968 5416 Temerariam
1020 5362 1311 5421 doctorum
1362 5368 1579 5425 turbam
1623 5388 1721 5443 per
1765 5375 2040 5443 verbum,
2088 5395 2180 5433 co-

598 5453 939 5519 nservabunt,
971 5456 1323 5527 signiﬁcavit,
1352 5470 1407 5516 et
1449 5474 1738 5534 propterea
1772 5470 1916 5538 quod
1953 5486 1983 5524 a
2018 5474 2176 5543 vulgo

598 5542 932 5614 deligantur,
975 5550 1120 5618 quod
1173 5549 1312 5605 nihil
1357 5566 1458 5621 pro
1504 5554 1717 5613 ratione
1766 5556 1922 5626 facit,
1955 5562 2049 5616 sed
2083 5542 2180 5619 eos

2290 4648 2386 4704 καὶ
2424 4648 2492 4703 δι’
2515 4648 2717 4720 ἔργων,
2754 4650 2850 4706 καὶ
2880 4652 2970 4706 διὰ
3006 4650 3320 4721 λόγων,καὶ
3339 4649 3428 4704 διὰ
3455 4649 3783 4721 σχημάτων.

2362 4830 2571 4884 Ἔσται
2601 4831 2712 4902 γὰρ
2742 4831 2967 4901 καιρὸς,
3018 4831 3117 4885 ὅτε
3144 4830 3252 4900 τῆς
3283 4834 3679 4903 ὑγιαινούσης
3717 4832 3886 4888 διδα-

2285 4923 2550 4989 σκαλίας
2600 4926 2713 4977 οὐκ
2751 4923 3092 4989 ἀνέξονται.
3154 4924 3321 4977 Ὥστε
3367 4924 3501 4993 πρὶν
3543 4923 3579 4991 ἢ
3606 4924 3884 4995 ἐκτραχη-

2285 5010 2538 5083 λισθῆναι
2560 5012 2759 5077 αὐτοὺς
2791 5013 3203 5085 προκατάλαϐε.
3229 5013 3331 5066 Διά
3386 5011 3546 5067 τοῦτο
3586 5014 3681 5067 καὶ
3740 5016 3883 5069 ἀνω-

2283 5104 2429 5174 τέρω
2447 5097 2621 5170 εἶπεν,
2652 5106 2963 5174 εὐκαίρως,
2982 5105 3261 5173 ἀκαίρως,
3282 5103 3387 5167 ἕως
3409 5104 3490 5157 ἔτι
3521 5104 3666 5176 ἔχεις
3692 5106 3881 5161 πειθο-

2279 5194 2499 5264 μένους,
2543 5194 2724 5248 πάντα
2755 5195 2996 5264 πράττε.

2351 5286 2531 5340 Ἀλλὰ
2551 5286 2700 5340 κατὰ
2730 5287 2834 5354 τὰς
2860 5287 3019 5356 ιδίας
3040 5286 3635 5357 ἐπιθυμίας,ξέαυτοῒς
3660 5288 3875 5344 ἐπισω-

2275 5381 2571 5450 ρεύσουσι
2598 5380 3031 5449 διδασκάλους.
3076 5384 3146 5436 Τὸ
3171 5382 3486 5453 ἀδιάκριτον
3526 5384 3733 5453 πλῆθος
3766 5383 3871 5438 τῶν

2286 5474 2626 5529 διδασκάλων
2681 5475 2770 5530 διὰ
2816 5474 2908 5529 τοῦ
2991 5476 3544 5543 ἐπισωρεύσουσιν.
3605 5478 3866 5548 ἐδήλωσε,

2291 5567 2505 5622 καὶδιὰ
2542 5566 2636 5621 τοῦ
2663 5568 2768 5623 ὑπὸ
2832 5568 2942 5623 τῶν
3003 5566 3151 5624 λαῶν
3209 5568 3659 5639 χειροτονεῖσθαι,
3716 5571 3867 5625 οὐδέν

1959 5742 2155 5805 ναι-ξω
2190 5743 2518 5810 lectiones.

678 5827 724 5868 θ’
749 5829 1038 5902 ιπιστολῆς
1064 5848 1117 5889 o.
1197 5835 1242 5870 ³⁸
1268 5835 1571 5910 ἐκκλησιῶν
1606 5856 1659 5898 o.
1738 5845 1779 5878 ³⁷
1819 5847 2159 5918 πταίσματος
2190 5866 2240 5905 ο.
2322 5852 2365 5884 ⁸³
2399 5854 2605 5925 πταίσῃ
2636 5868 2689 5909 o.
2765 5852 2810 5888 ὀ
2837 5855 2974 5926 μετά
3008 5854 3254 5928 μακροθυ
3280 5871 3330 5911 o.
