4146 6274
607 325 716 386 ξ.)ίὸ

1514 333 2091 395 TIIEOPIIYLACTI
2130 335 2543 397 BUI.G.-\RI.E
2568 339 2768 400 ABCII
2783 341 2919 400 (BP.
3759 340 3859 404 Ξέθ

612 441 840 508 primam
904 437 1053 492 illam
1156 439 1582 498 inobedientiam
1643 445 1896 502 homines
1965 462 2177 518 peccare

2313 450 2532 520 Ἐπειδὴ
2567 452 2676 523 γὰρ
2709 455 3045 526 ἁμαρτάνειν
3093 455 3267 509 ἐποίει
3309 455 3436 520 τοὺς
3457 454 3772 526 ἀνθρώπους
3798 459 3854 509 ἐκ

609 530 759 595 fecit,
813 530 928 600 ipse
979 530 1081 586 fuit
1115 534 1211 601 qui
1257 542 1496 590 mortem
1544 537 1811 602 condidit,
1868 537 1986 608 ipsa
2023 539 2168 594 velut

2294 543 2390 613 τῆς
2444 543 2672 616 πρώτης
2727 547 2945 618 ἐκείνης
2995 551 3306 620 παρακοῆς,
3343 547 3510 610 αὐτὸς
3562 543 3632 618 ἦν
3692 550 3722 600 6
3773 550 3856 601 τιν

610 621 778 676 milite
851 637 917 678 ae
987 622 1222 682 fortibus
1291 627 1461 681 armis
1562 628 1828 684 adversus
1892 629 2177 684 humanam

2295 633 2528 688 θάνατον
2560 635 2998 708 δημιουργήσας,
3028 637 3219 708 ὥσπερ
3246 637 3352 690 τινὶ
3387 637 3694 709 στρατιώτῃ
3720 637 3854 706 αὖτῷ

609 723 860 769 naturam
925 725 1106 771 utens.
1144 715 1257 774 liae
1310 718 1428 789 ipsa
1485 721 1652 791 igitur
1711 721 1970 779 Christus
2021 723 2177 778 etiam

2295 726 2392 780 καὶ
2433 727 2587 800 ὅπλῳ
2618 729 2826 801 ἰσχυρῷ
2857 730 3140 802 χρώμενος
3193 729 3338 784 κατὰ
3377 729 3476 800 τῆς
3523 730 3856 799 ἀνθρωπίνης

610 821 741 860 usus
805 813 892 860 est
958 808 1227 864 adversus
1289 809 1466 865 illum.
1533 811 1690 879 Quod
1751 828 1940 869 revera
2007 815 2177 868 multa

2297 819 2535 890 φύσεως.
2577 821 2768 892 Τούτῳ
2795 821 2888 875 οὖν
2917 821 3068 893 αὐτῷ
3092 824 3121 877 6
3171 822 3406 894 Χριστὸς
3444 823 3719 894 ἐχρήσατο
3747 823 3856 874 κατ’

606 897 863 965 μοιειιιίεο
916 913 981 951 ac
1055 899 1335 969 sapientiae
1406 901 1544 964 fuit,
1632 903 1888 974 jugulare
1974 905 2186 962 hostem

609 991 677 1043 iis
749 991 940 1053 armis,
991 992 1192 1062 quibus
1256 994 1377 1064 ipse
1445 995 1648 1052 multos
1709 995 2188 1067 jugulabat.Qui-

607 1087 732 1137 dam
781 1093 961 1141 autent
1011 1086 1091 1141 sic
1136 1087 1570 1146 intellexerunt:
1630 1089 1766 1144 Eum
1811 1091 1905 1160 qui
1955 1090 2191 1148 habebat

608 1192 913 1250 peccatum,
944 1182 1220 1252 inquiunt,
1251 1183 1358 1239 hoc
1407 1193 1515 1251 est,
1547 1185 1826 1241 diabolum
1861 1205 1875 1241 :
1902 1197 2186 1257 peceatum

603 1271 748 1324 enim
789 1285 872 1326 est
901 1271 1168 1326 fortitudo
1206 1274 1485 1344 roburque
1518 1277 1733 1330 mortis.

676 1362 838 1419 Vens.
877 1364 962 1418 15.
1012 1365 1077 1418 Et
1114 1368 1361 1420 liberaret
1393 1384 1480 1423 eos
1503 1369 1596 1438 qui
1638 1370 1823 1424 timore
1855 1371 2043 1424 mortis
2095 1386 2186 1439 per

605 1465 772 1509 totam
825 1456 988 1509 vitam
1025 1457 1246 1510 obnoxii
1307 1469 1462 1512 erant
1515 1459 1778 1516 servituti.
1821 1457 1935 1516 Hoc
1962 1472 2067 1527 est,
2127 1469 2188 1516 ut

602 1545 863 1602 libet-aret
889 1549 1161 1611 homines,
1194 1550 1290 1620 qui
1324 1551 1468 1606 servi
1504 1560 1662 1606 erant
1722 1554 1934 1619 mortis,
1967 1563 2180 1610 metue-

606 1639 848 1708 hautque
881 1640 985 1696 sibi
1021 1639 1090 1695 ab
1121 1655 1210 1707 ea,
1249 1642 1438 1713 illique
1467 1644 1692 1699 obnoxii
1718 1655 1898 1712 erant,
1940 1647 2043 1702 hoc
2073 1657 2180 1713 cst,

598 1729 804 1786 detenti
832 1732 1096 1786 servitute
1123 1750 1244 1804 qua:
1266 1736 1368 1788 sub
1391 1736 1506 1806 ipsa
1532 1745 1672 1800 erat,
1701 1747 1757 1790 ut
1792 1752 1912 1806 quae
1937 1739 2177 1794 nondum

599 1829 722 1874 erat
761 1821 1047 1877 destructa
1085 1842 1101 1880 :
1148 1825 1232 1878 vel
1265 1825 1395 1894 quia
1431 1827 1485 1880 in
1509 1827 1708 1882 timore
1741 1829 2004 1886 continuo
2035 1831 2180 1886 vive-

603 1913 736 1968 bant
776 1915 940 1983 prisci
979 1917 1258 1983 mortales,
1289 1933 1506 1990 semper
1535 1935 1658 1975 sese
1705 1937 1832 1978 mox
1883 1924 2182 1982 morituros

598 2015 1006 2077 exspectantes.
1069 2025 1134 2067 ac
1191 2026 1304 2081 prie
1363 2011 1470 2070 ista
1503 2012 1796 2071 formidine
1843 2017 2050 2074 nullius
2086 2035 2182 2074 vo-

602 2098 828 2166 luptatis
889 2113 1115 2155 seusum
1171 2101 1422 2172 accipere
1489 2111 1809 2173 potuerunt.
1867 2106 1978 2162 Hoc
2032 2111 2179 2163 enim

601 2189 974 2258 adumbravit,
1007 2207 1133 2248 cum
1165 2194 1304 2249 dixit
1339 2215 1350 2250 ι
1390 2193 1496 2251 Per
1533 2205 1700 2252 totam
1730 2200 1914 2254 vitam.
1945 2198 2178 2255 Obuoxii

603 2281 792 2353 itaque
843 2293 1005 2339 erant
1037 2287 1312 2352 servituti,
1346 2289 1452 2345 hoc
1482 2301 1586 2354 est,
1623 2306 1840 2362 semper
1891 2291 2177 2358 timebant,

600 2387 700 2427 c-eu
753 2375 897 2430 servi
929 2375 1213 2431 dominum
1238 2393 1518 2448 asperum,
1545 2381 1722 2449 ipsam
1769 2391 2021 2447 mortem,
2055 2381 2178 2435 nul-

602 2467 709 2520 lam
743 2467 904 2538 plane
925 2467 1263 2538 voluptatem
1292 2486 1323 2526 e
1346 2487 1408 2526 re
1429 2473 1610 2541 aliqua
1631 2473 2010 2544 percipiemes.
2037 2475 2178 2531 Hinc

601 2571 732 2611 vero
768 2557 984 2628 collige,
1037 2561 1183 2628 quod
1226 2561 1274 2617 is
1308 2562 1404 2633 qui
1447 2571 1676 2618 mortem
1708 2567 1922 2629 metuit,
1983 2581 2180 2636 expers

599 2659 686 2705 est
715 2649 985 2706 libertatis
1013 2653 1372 2725 omniumque
1397 2669 1610 2710 servus.
1651 2656 1844 2716 Porro.
1870 2658 2015 2712 istud
2046 2658 2182 2712 fide-

603 2741 749 2794 libus
795 2738 1010 2799 afllictis
1069 2753 1156 2798 est
1207 2745 1446 2810 solatio:
1505 2745 1778 2814 siquidem
1822 2745 1899 2802 illi
1963 2747 2069 2801 acti
2123 2755 2178 2802 et

600 2837 916 2893 carceribus
967 2840 1265 2910 mancipati
1302 2841 1531 2896 liberius
1566 2856 1631 2896 ac
1665 2841 1965 2910 jucundius
1987 2843 2179 2897 vivunt

600 2942 766 2995 quam
807 2925 980 2998 ii,qui
1017 2929 1147 2984 olim
1181 2931 1413 2987 summis
1451 2931 1502 2985 iu
1533 2930 1749 2987 deliciis
1782 2933 1948 2986 vitam
1976 2933 2179 2989 ducere

599 3017 957 3087 videbantur,
1014 3023 1236 3092 quando
1280 3025 1494 3095 vigebat
1549 3042 1698 3083 mors
1745 3036 1800 3082 et
1837 3027 1983 3082 vires
2049 3044 2179 3084 suas

2291 911 2485 966 αὐτοῦ.
2529 913 2595 966 '0
2647 912 2741 966 καὶ
2777 911 2856 983 τῷ
2891 913 3027 967 -δντι
3064 913 3267 984 πολλῆς
3305 913 3590 984 δυνάμεως
3643 914 3737 968 καὶ
3782 930 3859 965 σο·

2294 1003 2448 1073 φίας,
2482 1003 2543 1056 τὸ
2574 1003 2777 1074 σφάξαι
2807 1005 2898 1058 τὸν
2924 1002 3118 1075 ἐχθρὸν
3147 1003 3238 1057 διὰ
3270 1002 3365 1057 τοῦ
3393 1003 3562 1057 ὅπλου
3588 995 3632 1070 ᾧ
3662 1003 3857 1055 ἐκεῖνος

2291 1094 2524 1158 πολλοὺς
2579 1095 2875 1165 ἐσφαττεν.
2923 1094 3086 1161 Τινές
3137 1095 3196 1150 δὲ
3249 1094 3422 1160 οὕτως
3454 1095 3684 1166 ἐνόησαν
3715 1111 3732 1126 ·
3767 1093 3862 1147 Τὸν

2291 1187 2488 1258 ἔχοντα
2513 1187 2582 1250 ”,
2623 1187 2778 1258 φασὶ,
2810 1189 2911 1256 τὴν
2952 1189 3255 1260 ἁμαρτίαν,
3302 1185 3589 1250 τουτέστι,
3619 1186 3712 1239 τὸν
3752 1185 3863 1239 διά-

2292 1278 2474 1341 ϐολον,
2501 1279 2624 1349 ἥτις
2653 1279 2771 1331 ἐστὶ
2804 1279 3006 1350 κράτος
3037 1282 3134 1334 καὶ
3165 1281 3319 1348 ἰσχὺς
3342 1277 3437 1332 τοῦ
3471 1276 3728 1331 θανάτου.

2361 1368 2470 1424 Καὶ
2518 1369 2846 1438 ἀπαλλάξῃ
2900 1371 3150 1435 τούτους
3211 1369 3343 1424 ὅσοι
3407 1368 3568 1438 φόϐῳ
3607 1364 3866 1422 θανάτου

2289 1461 2388 1515 διὰ
2450 1461 2678 1527 παντὸς
2730 1461 2838 1516 τοῦ
2903 1459 3012 1530 ζῆν
3072 1461 3275 1530 ἔνοχοι
3335 1455 3502 1530 ἦσαν
3557 1455 3862 1521 δουλείας.

2291 1549 2606 1614 Τουτέστιν,
2659 1551 2746 1604 ίνα
2797 1551 3142 1624 ἐλευθερώσῃ
3196 1553 3326 1616 τοὺς
3358 1549 3707 1621 ἀνθρώπους,
3753 1549 3865 1602 ὅσοι

2289 1637 2469 1692 δοῦλοι
2500 1633 2640 1708 ἦσαν
2678 1639 2774 1692 τοῦ
2813 1639 3072 1703 θανάτου,
3107 1641 3200 1694 καὶ
3229 1638 3525 1707 ἐφοϐοῦντο
3546 1639 3742 1699 αὑτὸν.
3779 1639 3869 1692 καὶ

2289 1729 2466 1800 ἔνοχοι
2513 1731 2666 1802 αὖτῷ
2690 1726 2853 1803 ἦσαν,
2883 1733 3188 1800 τουτέστιν,
3223 1733 3648 1804 ἐγκατεχόμενοι
3675 1734 3745 1801 τῇ
3778 1731 3869 1783 ὑπ’

2287 1821 2452 1876 αὑτὸν
2496 1822 2735 1895 δουλείᾳ,
2795 1824 2891 1878 άτε
2952 1825 3178 1896 μηδέπω
3251 1824 3648 1880 κιιταλυθέντι⁹
3710 1825 3747 1896 ἢ
3791 1823 3870 1878 δτι

2285 1915 2439 1988 φόϐῳ
2490 1916 2732 1986 διηνεκεῖ
2786 1919 3026 1984 συνέζων
3074 1922 3125 1973 οι
3196 1919 3362 1973 πάλαι
3414 1919 3698 1990 ἄνθρωποι
3725 1961 3741 1983 ,
3787 1918 3871 1970 ἀεὶ

2283 2006 2644 2078 τεθνήξεσθαι
2682 2009 3119 2080 προσδοκῶντες,
3169 2011 3263 2065 καὶ
3301 2009 3391 2064 διὰ
3419 2011 3514 2064 τὸν
3546 2009 3719 2077 φόϐον
3747 2007 3868 2062 τοῦ·

2280 2113 2374 2152 τον
2429 2099 2686 2170 οὐδεμιᾶς
2750 2102 2944 2173 ἡδονῆς
3003 2103 3260 2173 αίσθησιν
3327 2100 3512 2156 λαϐεῖν
3581 2101 3867 2172 ἠδύναντο.

2289 2188 2461 2243 Τοῦτο
2497 2190 2608 2260 γὰρ
2670 2189 2913 2262 ᾐνίξατο,
2977 2191 3077 2247 διὰ
3109 2190 3336 2259 παντὸς
3377 2193 3485 2248 τοῦ
3513 2191 3639 2260 ζῇν.
3675 2191 3867 2244 εἰπών.

2286 2283 2502 2354 Ἕνοχοι
2535 2281 2630 2336 οὖν
2660 2278 2802 2354 ἦσαν
2832 2283 3107 2350 δουλείας.
3160 2284 3469 2349 τουτέστιν,
3499 2285 3586 2340 ἀεὶ
3613 2283 3868 2354 ἔτρεμον,

2280 2374 2357 2439 ὡς
2415 2375 2590 2430 δοῦλοι
2639 2375 2909 2444 δεσπότην
2962 2377 3183 2450 πικρὸν,
3221 2375 3314 2430 τὸν
3348 2377 3602 2441 θάνατον,
3645 2377 3870 2440 οὐδενος

2280 2467 2648 2530 ἀπολαύοντες
2677 2467 2936 2538 τερπνοῦ.
2972 2470 3256 2539 Συνάγαγε
3289 2469 3336 2503 ³³
3362 2469 3420 2524 δέ
3463 2469 3747 2533 ἐντεῦθεν,
3789 2469 3870 2524 ὅτι

2279 2559 2308 2612 6
2339 2559 2570 2613 θάνατον
2622 2559 2896 2626 δεδοικὼς,
2951 2561 3308 2632 ἀνελεύθερος
3339 2561 3435 2615 καὶ
3475 2561 3698 2616 πάντων
3750 2560 3872 2615 δοῦ-

2278 2651 2392 2716 λος.
2455 2653 2812 2724 Παράκλησις
2860 2654 2956 2708 καὶ
3003 2653 3164 2721 τοῦτο
3221 2657 3336 2720 τοῖς
3381 2653 3732 2726 θλιϐομένοις
3777 2672 3870 2707 πι-

2281 2747 2452 2808 στοῖς,
2503 2744 2618 2814 εῐγε
2667 2747 2714 2798 oi
2761 2745 3116 2816 ἐλαυνόμενοι
3173 2747 3268 2801 νῦν
3325 2747 3423 2802 καὶ
3475 2746 3869 2818 δεσμούμενοι,

2280 2831 2712 2904 ἐλευθερώτερον
2759 2834 3007 2904 διάγουσι
3054 2837 3150 2891 καὶ
3199 2836 3351 2907 ἥδιον
3377 2837 3489 2892 τῶν
3534 2837 3711 2891 πάλαι
3741 2855 3871 2906 τρυ-

2281 2928 2389 2996 φᾷν
2411 2925 2732 2991 δοκούντων,
2771 2928 2862 2982 ὅτε
2895 2929 3082 3000 ίσχυεν
3115 2932 3143 2984 ό
3175 2928 3432 2994 θάνατος.
3487 2929 3730 2984 Ἐκεῖνοι
3766 2929 3870 2999 μὲν

2282 3018 2391 3090 γὰρ
2422 3016 2498 3088 τῷ
2533 3018 2684 3089 φόϐῳ
2726 3018 2821 3073 τοῦ
2875 3019 3109 3076 θανάτου
3169 3021 3620 3094 κατασειόμενοι,
3678 3019 3864 3076 δοῦλοι

602 3109 908 3166 obtinebat.
961 3109 1096 3167 Nam
1155 3111 1231 3168 illi
1276 3115 1470 3170 mortis
1521 3122 1671 3170 metu
1715 3115 2001 3176 concussi.
2060 3132 2177 3170 ser-

2283 3105 2424 3179 ἦσαν
2444 3126 2456 3140 ο
2490 3110 2648 3182 ὑμεῖς
2676 3110 2734 3166 δέ
2765 3110 2957 3168 τούτου
2987 3113 3364 3188 ἀπηλλάγητε.

603 3203 655 3258 vi
725 3214 886 3259 erant
952 3221 967 3259 :
1038 3221 1137 3261 vos
1206 3212 1392 3260 autem
1479 3207 1548 3261 ab
1599 3222 1668 3263 eo
1745 3216 1893 3263 metu
1961 3207 2177 3263 liberati

600 3296 757 3352 estis.

683 3382 842 3441 Vens.
904 3384 993 3440 16.
1049 3382 1328 3456 Nusquam
1362 3387 1502 3442 enim
1548 3387 1764 3458 angelos
1812 3389 2176 3457 apprehendit.

597 3472 717 3531 'Iloc
772 3485 877 3541 est,
925 3492 1032 3531 non
1061 3477 1378 3546 angelorum
1413 3486 1668 3534 naturam
1717 3481 2041 3550 assumpsit,
2081 3496 2180 3535 ue-

601 3581 711 3636 que
737 3580 858 3619 eam
897 3566 1152 3635 gestavit.
1196 3565 1311 3623 Hoc
1354 3577 1535 3622 autem
1565 3571 1791 3624 multam
1817 3587 1943 3642 erga
1987 3571 2180 3626 huma-

603 3670 736 3708 num
803 3671 978 3726 genus
1023 3655 1349 3712 charitatem
1401 3655 1493 3712 Dei
1535 3657 1762 3716 indicat.
1812 3660 1968 3726 Quod
2031 3662 2176 3716 enim

603 3749 852 3817 angelis.
923 3749 1136 3820 inquit,
1200 3765 1306 3806 non
1404 3753 1668 3815 donavit,
1754 3756 1856 3809 hoc
1937 3755 2179 3809 homini-

604 3847 706 3894 bus
768 3838 937 3904 dedit,
1010 3848 1072 3894 ttt
1129 3856 1192 3896 ex
1255 3843 1500 3912 ipsorum
1557 3852 1750 3899 natura
1823 3861 2047 3900 carnem
2097 3861 2178 3901 as-

601 3939 862 3986 sumeret.

673 4021 777 4080 Sed
806 4039 981 4078 semen
1018 4025 1245 4081 Abrahae
1275 4025 1622 4094 reprehendit.
1653 4025 1771 4084 Non
1799 4028 1958 4095 dixit,
1989 4045 2176 4085 susce-

603 4114 701 4184 pit.
749 4111 847 4168 sed
879 4111 1327 4179 apprehendit.ut
1364 4113 1623 4168 ostendat
1679 4113 1826 4185 quod
1879 4114 2174 4188 fugientem

603 4211 852 4257 naturam
891 4212 1157 4267 nostram,
1201 4211 1257 4258 et
1320 4203 1538 4275 longius
1583 4214 1848 4260 remotam
1891 4207 2176 4262 insecutus

601 4295 695 4360 sit,
728 4303 782 4350 et
843 4301 1192 4351 antevertens
1245 4293 1684 4363 apprehenderit,
1743 4297 2176 4368 complexusque

602 4386 695 4450 sit,
732 4382 836 4440 sibi
872 4384 1091 4450 uniens,
1126 4399 1190 4439 ac
1219 4385 1421 4440 sistens
1477 4385 1652 4454 ipsam
1681 4401 1712 4439 a
1752 4386 1878 4458 fuga
1909 4403 2032 4458 qua
2090 4390 2162 4443 ab

1038 3221 1137 3261 νοῦ

2389 3388 2473 3441 Οὐ
2551 3387 2662 3456 γὰρ
2747 3386 2948 3453 δήπου
3019 3387 3294 3460 ἀγγέλων
3376 3388 3866 3458 ἐπιλαμϐάνεται.

2283 3479 2592 3542 Τουτέστιν,
2624 3479 2686 3532 οὐ
2721 3481 2822 3551 τῆς
2869 3480 2980 3535 τῶν
3031 3482 3284 3550 ἀγγέλων
3313 3481 3529 3551 φύσεως
3570 3479 3867 3552 ἐδράξατο,

2280 3567 2403 3622 οὐδὲ
2432 3567 2636 3638 ταύτην
2668 3571 2919 3640 ἐφόρεσε.
2968 3571 3140 3625 Τοῦτο
3169 3571 3228 3626 δέ
3260 3571 3359 3644 τὴν
3388 3571 3592 3641 πολλὴν
3626 3571 3770 3640 πρὶς
3809 3570 3872 3624 τδ

2281 3657 2620 3731 ἀνθρώπινον
2651 3660 2810 3728 γένος
2863 3660 3087 3731 ἀγάπην
3115 3661 3212 3716 τοῦ
3257 3661 3394 3716 Θεοῦ
3447 3661 3746 3714 δείκνυσιν.
3795 3661 3865 3713 Ὃ

2279 3753 2391 3824 γὰρ
2427 3751 2704 3821 ἀγγέλοις,
2719 3754 2903 3823 φησὶν,
2919 3752 3018 3806 οὐκ
3035 3755 3352 3825 ἐχαρίσατο,
3373 3753 3533 3808 τοῦτο
3552 3750 3868 3824 ἀνθρώποις

2281 3845 2503 3914 δέδωκε,
2527 3845 2609 3910 τὸ,
2637 3845 2697 3911 ἐξ
2723 3846 2904 3900 αὐτῶν
2939 3846 3120 3919 σάρκα
3146 3845 3575 3918 προσλαϐέσθαι.

2364 4027 2540 4082 Ἀλλὰ
2611 4029 2955 4097 σπέρματος
3046 4028 3303 4098 Ἀϐραὰμ
3370 4027 3861 4099 ἐπιλαμϐάνεται.

2282 4117 2398 4172 Οὐκ
2415 4112 2588 4181 εἶπεν,
2608 4117 3067 4184 άνέλαδεν,⁹Αλλ⁹,
3085 4119 3573 4190 ἐπιλαμϐάνεται,
3595 4121 3684 4174 ἴνα
3707 4121 3865 4194 δείξῃ

2280 4211 2364 4264 ὄτι
2399 4209 2712 4279 φεύγουσαν
2744 4211 2845 4283 τὴν
2877 4210 3039 4283 φύσιν
3073 4213 3230 4283 ἡμῶν
3256 4254 3272 4278 ,
3324 4214 3419 4268 καί
3451 4212 3864 4283 μακρυνθεῖσαν

2281 4301 2470 4370 ἐδίωξε
2497 4319 2512 4333 ⁸
2567 4303 2663 4356 καὶ
2719 4302 2933 4372 φθάσας
2975 4303 3276 4359 ἐπελάϐετο
3317 4304 3510 4374 αὐτῆς,
3544 4305 3641 4358 καὶ
3673 4321 3865 4376 περιε-

2281 4395 2466 4467 πλάκη
2498 4393 2706 4459 ἐνὼσας
2744 4395 2960 4466 ἐαυτῷ,
3016 4397 3112 4449 καὶ
3148 4397 3354 4466 στήσας
3397 4396 3566 4468 αὐτὴν
3615 4397 3718 4468 τῆς
3762 4397 3862 4451 ἀπ’

600 4477 721 4546 ipso
767 4473 1034 4545 fugiebat.
1083 4472 1202 4527 Non
1238 4473 1378 4527 dixit
1445 4484 1648 4541 autem,
1701 4486 1953 4532 naturam
2001 4479 2173 4534 homi-

2284 4488 2452 4542 αὐτοῦ
2520 4490 2720 4558 φυγῆς.
2791 4489 2910 4544 Οὐκ
2955 4487 3076 4543 εἷπε
3131 4491 3225 4555 δὲ,
3266 4490 3489 4556 Φύσεως
3531 4489 3857 4560 ἀνθρώπων,

600 4583 757 4634 num,
785 4567 883 4623 sed
935 4582 1110 4620 semen
1161 4565 1394 4620 Abrahae
1416 4579 1435 4617 :
1463 4569 1658 4636 partim
1697 4569 1914 4637 quidem
1944 4572 2176 4640 cupiens

599 4676 698 4716 eos
767 4658 1043 4718 attollere,
1105 4671 1170 4711 ac
1215 4659 1433 4728 generis
1496 4658 1737 4728 ipsorum
1826 4662 2172 4732 splendorem

598 4756 1056 4810 commonstrare,
1087 4757 1144 4802 et
1167 4747 1312 4816 quod
1351 4749 1406 4802 in
1465 4747 1570 4804 hoc
1599 4751 1707 4804 sint
1763 4753 2020 4820 gentibus
2073 4769 2172 4808 ex-

599 4841 970 4900 cellentiores.
1006 4848 1285 4908 quatenus
1311 4853 1375 4892 ex
1413 4839 1546 4909 ipsis
1585 4849 1672 4894 est
1701 4839 1987 4899 Dominus.
2014 4843 2176 4899 Sem-

600 4949 698 5005 per
719 4933 862 4989 euim
896 4931 1052 5008 ipsis,
1093 4931 1186 4985 ubi
1243 4933 1381 4984 citra
1432 4928 1696 4987 offensam
1755 4933 1901 5000 licet,
1963 4935 2173 5006 gratifi-

599 5035 758 5083 catur
792 5046 804 5080 :
833 5025 1030 5098 partim
1087 5040 1218 5080 vero
1294 5025 1719 5094 promissionem
1749 5027 1830 5083 eis
1864 5029 1930 5083 ad
1960 5044 2170 5085 memo-

595 5119 734 5174 riam
784 5130 1090 5172 revocans:
1125 5115 1238 5170 Tibi
1301 5124 1351 5169 et
1397 5117 1583 5172 semini
1630 5128 1719 5171 tuo
1771 5117 1909 5172 dabo
1974 5131 2170 5175 terram

595 5213 731 5265 hanc
745 5211 812 5262 ”.

665 5298 1013 5374 εθάνειε.
1045 5297 1132 5351 17.
1171 5295 1316 5352 Unde
1337 5297 1553 5353 debebat
1573 5315 1666 5368 per
1693 5301 1872 5355 omnia
1906 5306 2167 5372 fratribus

596 5394 908 5450 assimilari.
940 5389 1077 5457 Quia
1109 5391 1313 5458 placuit
1351 5390 1400 5444 ei
1461 5391 1627 5446 semel
1666 5402 1909 5446 nostram
1967 5409 2164 5464 πρίῃ-ε.

702 5558 746 5610 θ’·
777 5576 913 5635 Cen.
946 5593 1067 5643 xm,
1104 5580 1188 5635 15.

2276 4580 2434 4644 ἀλλὰ,
2469 4579 2811 4650 σπέρματος
2855 4581 3120 4651 Ἀϐραάμ
3147 4601 3162 4616 υ
3217 4583 3334 4651 ἅμα
3377 4582 3481 4653 μὲν
3526 4583 3857 4654 βουλόμενος

2277 4673 2475 4736 αὐτοὺς
2508 4674 2736 4743 ἐπᾶραι,
2779 4675 2872 4727 καὶ
2919 4673 3092 4738 δεῖξαι
3137 4675 3198 4727 τὸ
3235 4679 3394 4743 γένος
3437 4676 3616 4730 αὐτῶν
3649 4676 3854 4744 τίμιον,

2278 4765 2373 4820 καὶ
2405 4767 2487 4820 δτι
2517 4765 2677 4820 πλέον
2706 4765 2892 4836 ἔχουσι
2920 4767 3028 4819 τῶν
3064 4767 3292 4822 ἐθνικῶν
3323 4769 3383 4823 ἐν
3421 4768 3618 4840 τούτῳ,
3652 4767 3787 4822 καθὸ
3807 4766 3855 4800 ³⁸

2279 4857 2340 4922 ἐξ
2389 4857 2570 4910 αὐτῶν
2606 4860 2635 4910 ὁ
2665 4857 2870 4930 Κύριος
2895 4875 2908 4887 ⁸
2951 4859 3040 4912 ἀεὶ
3067 4859 3174 4930 γὰρ
3201 4859 3485 4930 χαρίζεται
3533 4861 3737 4920 αὐτοῖς,
3793 4859 3856 4910 ἐν

2280 4941 2361 5009 οἷς
2385 4945 2562 5008 οὐδεὶς
2591 4946 2926 5017 βλάπτεται⁶
2966 4947 3085 5018 ἅμα
3129 4947 3188 5002 δὲ
3239 4951 3331 5002 καὶ
3372 4948 3469 5016 τῆς
3518 4947 3854 5015 ἐπαγγελίας

2284 5041 2720 5109 ἀναμιμνήσκων
2751 5039 2968 5101 αὐτοὺς,
3019 5040 3102 5091 ὅτι
3152 5037 3252 5093 Σοὶ
3299 5036 3509 5104 καὶτῷ
3553 5037 3851 5108 σπέρματι

2278 5149 2395 5187 σου
2423 5130 2596 5184 δώσω
2625 5129 2740 5197 τὴν
2777 5129 2895 5200 γῆν
2922 5131 3170 5198 ταύτην.

2354 5310 2532 5362 Ὅθεν
2551 5308 2768 5377 ὤφειλε
2793 5309 2944 5364 κατὰ
2973 5310 3170 5364 πάντα
3203 5310 3325 5376 τοῖς
3357 5309 3644 5380 ἀδελφοῖς
3693 5313 3850 5377 ὁμοι-

2280 5401 2523 5470 ωθῆναι.
2596 5402 2850 5472 Ἐπειδὴ,
2911 5404 3114 5472 φησὶν,
3175 5402 3324 5469 ἆπαξ
3382 5403 3707 5468 κατεδέξατο
3750 5402 3845 5470 τῆς

1951 5681 2152 5744 Varias
2187 5680 2519 5744 lectiones.

667 5770 707 5802 "
753 5767 951 5846 élﬂpbv
983 5787 1036 5827 υ.
1115 5771 1161 5808 ³³
1180 5769 1337 5837 σὺνες
1364 5787 1416 5828 ο.
1493 5775 1538 5809 ³³
1567 5775 1755 5830 καθότι
1784 5792 1836 5832 ο.
