4146 6274
286 323 378 388 341
1019 329 1424 393 EXPOSITIO
1467 333 1541 394 ΙΝ
1576 333 1813 394 EPIST.
1849 335 1947 394 AD
1976 334 2364 396 llEBlizEOS-
2396 360 2462 369 —
2496 335 2654 396 CAP.
2684 336 2791 398 XI.

3429 334 3537 406 342

350 433 706 504 Πραγμὰτων
735 433 979 506 ἔλεγχος
1015 439 1090 492 οὐ
1113 439 1532 508 βλεπομένων.
1568 441 1850 512 Ἔλεγχος,

2030 443 2408 513 Argumentum
2474 460 2578 499 non
2653 444 3043 513 apparentiuin.
3111 445 3531 515 Argumentum,

281 527 550 590 τουτέστι,
601 525 804 592 δεῖξις,
873 527 1182 598 φανέρωσις
1233 531 1448 600 ἀδήλων
1481 531 1848 602 πραγμάτων.

288 619 430 670 Ποιεί
446 617 552 688 γὰρ
574 618 750 671 ταῦτα
779 617 1074 688 βλέπεσθαι
1099 619 1177 692 τῷ
1201 619 1277 691 νῷ
1299 622 1457 693 ἡμῶν
1483 623 1558 686 ὡς
1581 621 1846 692 παρόντα.

284 713 341 766 Ei
372 711 546 766 τοίνυν
591 714 818 767 τοιαῦτα
847 712 1074 769 δύναται
1107 715 1142 786 ἡ
1188 713 1390 782 πίστις,
1443 716 1494 769 τε
1531 715 1688 786 ὑμεῖς
1724 715 1850 787 βούο

283 805 432 858 λεσθε
477 805 616 860 αὐτὰ
666 807 988 876 πρακτικῶς
1013 805 1059 839 ⁸⁵
1113 807 1265 873 ίδείν,
1302 807 1390 862 ἵνα
1428 807 1701 878 ἐκπέσητε
1749 807 1851 879 τῆς

286 898 543 964 πίστεως;
598 898 772 952 Τοῦτο
811 899 867 953 δὲ
922 897 1076 952 οὐδὲν
1124 897 1254 954 ἄλλο
1301 900 1542 971 tissimi)
1593 901 1850 955 ἐκπεσεῖν

285 990 387 1044 ἀπὸ
437 990 530 1044 τοῦ
573 991 772 1046 δίκαιοι
820 988 981 1048 εἶναι.
1024 992 1084 1046 ’0
1125 991 1231 1065 γὰρ
1269 993 1477 1058 δίκαιος
1518 995 1582 1047 ὲκ
1613 994 1851 1058 πίστεως

287 1082 524 1151 ζήσεται.
618 1093 622 1096 ’

349 1174 441 1228 Ἐν
470 1173 625 1245 αὐτῇ
655 1175 766 1246 γὰρ
788 1177 1292 1246 ἐμαρτυρήθησαν
1327 1181 1383 1233 οι
1435 1179 1848 1248 πρεσϐύτεροι.

284 1266 584 1330 Τουτέστιν,
604 1267 662 1320 ὲν
689 1267 826 1338 αὐτῇ
856 1270 922 1338 τῇ
967 1267 1150 1320 πίστει
1200 1267 1670 1339 ἐμαρτυρήθησαν
1699 1266 1852 1337 παρᾶ

283 1356 373 1411 τοῦ
413 1357 549 1412 Θεοῦ
615 1359 666 1412 oi
717 1358 939 1413 παλαιοὶ
989 1359 1718 1431 πάντες²1ὡμο).ογήθησαν
1767 1361 1850 1414 ὃτι

284 1448 645 1520 ἑθεράπευσαν
674 1451 859 1506 αὐτόν.
1466 1501 1469 1503 .

350 1543 550 1597 Πίστει
585 1543 845 1615 νοοῦμεν
894 1547 1285 1617 κατηρτίσθαι
1318 1546 1462 1614 τοὺς
1485 1546 1706 1615 αἰῶνας
1727 1550 1853 1617 ρή-

279 1652 411 1705 ματι
441 1638 610 1702 Θεοῦ,
639 1639 727 1704 είς
757 1639 824 1693 τὸ
851 1640 933 1708 μὴ
956 1641 1028 1693 ἐκ
1064 1638 1449 1710 φαινομένων
1504 1642 1578 1694 τὰ
1621 1641 1852 1706 ,ϐλεπό-

279 1745 426 1799 μενα
449 1730 779 1801 γεγονέναι.
817 1732 1037 1802 Ἐπειδὴ
1060 1733 1093 1803 ή
1119 1733 1302 1796 πίστις
1328 1732 1674 1787 διαϐάλλεται
1702 1734 1852 1803 παρὰ
1885 1797 1889 1802 ι

1958 533 2115 604 731
2155 535 2258 590 hoc
2277 542 2379 599 est,
2407 532 2804 590 demonstratio
2846 545 2902 591 et
2941 535 3310 592 manifestatio
3347 554 3533 593 rerum

1956 641 2078 696 qua:
2109 639 2218 680 non
2237 634 2366 680 sunt
2400 625 2731 696 conspicuae.
2763 625 2916 682 Facit
2948 625 3095 682 enim
3123 636 3180 681 ut
3214 626 3318 684 ista
3349 639 3533 684 mente

1959 704 2149 771 uestra
2191 731 2505 782 cernamus,
2551 717 2697 772 haud
2737 733 2900 773 secus
2929 733 2993 773 ac
3025 717 3072 773 si
3106 721 3398 790 prazsentia
3445 737 3536 776 es-

1957 815 2101 862 sent.
2131 807 2186 862 Si
2219 807 2389 878 igitur
2417 807 2546 862 talia
2569 815 2748 879 potest
2780 806 2937 873 ti'des,
2965 811 3095 879 quid
3133 826 3228 866 vos
3258 828 3319 864 ea
3345 821 3533 866 actua-

1960 899 2083 956 liter
2111 901 2296 956 videre
2333 900 2530 967 velitis,
2562 909 2623 956 ut
2646 900 2916 958 cxcidatis
2964 918 2995 956 a
3034 902 3180 963 ﬁde?
3207 902 3362 971 Quod
3401 921 3538 961 sane

1958 993 2096 1048 nihil
2141 1001 2227 1049 est
2277 994 2424 1049 aliud
2465 1007 2630 1064 quam
2688 993 2945 1050 excidere
2988 1007 3022 1049 ε
3055 994 3292 1065 iustitia.
3341 994 3537 1052 Justus

1957 1086 2102 1142 enim
2134 1101 2199 1142 ex
2237 1085 2342 1143 ﬁde
2375 1086 2540 1142 vivet.

2029 1177 2198 1236 Vens.
2232 1180 2288 1234 2.
2327 1179 2388 1235 In
2421 1180 2540 1249 ipsa
2564 1182 2705 1235 enim
2729 1179 3089 1234 testimonium
3116 1178 3386 1233 consecuti
3409 1186 3536 1232 sunt

1959 1273 2216 1328 seniores.
2249 1270 2365 1328 Hoc
2385 1279 2490 1338 est,
2520 1272 2574 1326 in
2603 1273 2722 1342 ipsa
2755 1270 2863 1328 ﬁde
2885 1271 3262 1327 testimonium
3293 1273 3533 1328 assecuti

1958 1371 2086 1419 sunt
2105 1379 2298 1421 omnes
2341 1373 2554 1420 veteres
2582 1379 2612 1419 a
2651 1362 2781 1429 Deo,
2820 1377 2885 1417 ac
2923 1359 3171 1418 confessi
3211 1369 3343 1418 sunt
3386 1361 3534 1433 quod

1958 1470 2084 1510 cum
2109 1454 2404 1510 coluerint.

2029 1545 2268 1604 Vens.3.
2294 1546 2427 1602 Fide
2454 1548 2800 1620 intelligimus
2820 1558 3006 1616 aptata
3027 1565 3138 1602 esse
3158 1547 3356 1602 swcula
3383 1544 3538 1600 verba

1963 1635 2078 1700 Dei,
2114 1648 2173 1691 ut
2219 1653 2285 1693 ea:
2332 1638 2690 1695 invisibilibns
2719 1639 2948 1696 visibilia
2977 1640 3188 1709 ﬁerent.
3216 1638 3357 1705 Quia
3403 1637 3538 1692 ﬁdes

1961 1730 2386 1799 reprehenditur
2417 1747 2482 1786 ac
2516 1731 2584 1788 iis
2611 1732 2707 1804 qui
2744 1732 3042 1803 potentiam
3078 1730 3197 1802 ejus
3226 1746 3338 1786 non
3377 1730 3538 1785 intclc

283 1798 388 1885 τοῖς
428 1798 501 1893 μὴ
523 1798 712 1878 νοοῦσι
744 1825 840 1896 τὴν
873 1798 1105 1895 δύναμιν
1155 1825 1348 1897 αὐτῆς,
1397 1827 1631 1896 πρᾶγμα
1648 1798 1852 1880 ἀναπόο

1959 1820 2152 1892 ligunt,
2177 1824 2269 1891 qui
2304 1811 2623 1880 asseverant
2661 1839 2780 1880 eam
2831 1837 2956 1880 esse
2986 1839 3101 1878 rem
3132 1823 3539 1878 indcmonstra-

282 1915 482 1968 δεικτον
516 1915 688 1987 αὐτὴν
710 1915 963 1985 λέγουσι,
992 1915 1089 1970 καὶ
1126 1917 1344 1986 ἀπάτην
1381 1916 1686 1988 πρόδηλον“’,
1748 1916 1852 1971 δεί-

285 2023 484 2073 κνυσιν,
512 2009 596 2063 ὅτι
624 2006 696 2061 τὰ
730 2008 974 2080 μέγισταξ
995 2009 1084 2062 διὰ
1114 2008 1382 2075 πίστεως,
1419 2009 1513 2063 καὶ
1539 2008 1600 2062 ού
1629 2007 1719 2062 διὰ
1765 2007 1853 2061 λος

284 2098 489 2170 γισμῶν
528 2099 915 2172 κατορθοῦται.
948 2100 1060 2154 Καὶ
1105 2098 1215 2173 γὰρ
1246 2100 1328 2154 ὅτι
1372 2102 1400 2154 ὁ
1431 2099 1562 2164 Θεὸς
1591 2098 1735 2170 λόγῳ
1784 2099 1855 2152 τὰ

283 2191 403 2246 ὅντα
449 2192 516 2246 ἐκ
572 2191 647 2263 μὴ
690 2192 861 2247 ὄντων
917 2192 1164 2263 ἐποίησε,
1224 2193 1353 2247 ποία
1412 2193 1687 2260 ἀπόδειξις
1726 2193 1854 2262 ἡμῖν

283 2283 657 2354 παρέστησεν;
685 2284 936 2354 οὐδεμία,
961 2283 1097 2340 ἀλλὰ
1128 2285 1310 2350 πίστις
1343 2286 1500 2356 μόνη.
1539 2285 1729 2340 Πίστει
1759 2280 1855 2341 οὖν

281 2374 529 2445 νοοῦμεν
556 2377 951 2445 κατηρτίσθαι
983 2376 1125 2444 τοὺς
1149 2373 1389 2443 αίῶνας,
1409 2376 1676 2444 τουτέστι,
1703 2376 1856 2444 γενέ-

283 2465 398 2520 σθαι
419 2467 627 2540 ῥήματι
651 2467 810 2525 Θεοῦ.
834 2468 933 2522 Διά
965 2468 1020 2522 τί
1052 2469 1237 2523 πίστει
1265 2484 1280 2535 ;
1315 2467 1450 2522 διότι
1483 2469 1548 2522 ἐκ
1601 2467 1678 2538 μὴ
1737 2484 1856 2536 φαι-

284 2560 515 2630 νομένων
540 2559 612 2614 ea
645 2559 954 2632 βλεπόμενα
983 2561 1208 2631 γέγονεν
1231 2575 1249 2596 ο
1279 2559 1310 2615 δ
1369 2560 1606 2625 πίστεως
1655 2561 1850 2617 δεῖται.

281 2648 348 2702 Ἦ
396 2648 490 2704 καὶ
570 2650 714 2706 οὕτω
747 2668 761 2684 ⁸
829 2650 1062 2724 Ῥήματι
1106 2650 1239 2708 Θεοῦ
1303 2653 1580 2726 γενομένῳ
1646 2651 1736 2708 διὰ
1792 2653 1854 2708 τὸ

283 2744 622 2815 προαχθῆναι
660 2743 728 2798 τὰ
778 2744 909 2800 ὄντα
932 2745 996 2800 ἐκ
1021 2745 1097 2816 μὴ
1135 2745 1327 2802 ὄντων.
1358 2745 1572 2808 Αίῶνας
1595 2746 1652 2800 δὲ
1687 2746 1855 2801 ἀκού-

279 2851 369 2900 ων,
409 2839 500 2891 καὶ
515 2839 586 2891 τὰ
609 2839 1050 2910 ἐμπεριεχόμενα
1072 2837 1286 2904 τούτοις
1315 2838 1512 2894 αίώνια
1530 2839 1575 2873 ⁸⁸
1605 2839 1738 2908 νόει,
1761 2839 1854 2894 ναὶ

285 2924 386 2996 μὴν
421 2927 511 2981 καὶ
538 2927 770 2998 χρόνους
803 2930 898 2984 καὶ
925 2930 1106 2985 πάντα
1147 2929 1218 2985 τὰ
1270 2929 1522 3003 ἐγχρονα,
1568 2949 1854 3006 καταχρη-

281 3018 608 3092 στικώτερον
640 3021 751 3074 τῶν
789 3021 1005 3076 αίὼνων
1030 3022 1126 3076 καί⁹
1177 3021 1308 3086 τοὺς
1356 3023 1584 3094 χρόνους
1629 3024 1854 3098 δηλούν-

279 3125 381 3163 των
403 3125 416 3142 ·
447 3113 569 3165 ἐπεὶ
593 3112 624 3165 ὁ
655 3112 860 3185 κυρίως
885 3113 1044 3183 αίὼν,
1074 3112 1204 3171 ἄλλο
1242 3132 1297 3170 τι
1328 3113 1482 3187 παρὰ
1503 3115 1595 3171 τὸν
1638 3117 1850 3189 χρόνον,

282 3203 371 3256 καὶ
396 3197 495 3272 εἷς,
523 3203 587 3258 οὐ
618 3203 830 3259 πολλοί.

346 3481 548 3539 Πίστει
578 3480 837 3538 πλείονα
864 3481 1089 3538 θυσίαν
1114 3482 1296 3540 Ἅϐελ
1323 3482 1486 3552 παρὰ
1505 3480 1656 3540 Κάιν
1672 3499 1861 3554 προσ-

281 3570 493 3644 ήνεγκε
510 3573 596 3639 τῷ
640 3570 787 3640 Θεῷ.
820 3571 1040 3645 Ἐπειδὴ
1066 3573 1224 3645 ’μέγα
1264 3573 1298 3645 ὴ
1339 3572 1549 3638 πίστις,
1588 3573 1685 3628 καὶ
1743 3590 1861 3643 γεν-

285 3664 433 3731 ναίας
456 3661 853 3737 δεῖταιψυχῆς,
885 3665 937 3718 oi
988 3663 1048 3734 δὲ
1105 3661 1353 3732 Ἐὄραῐοι
1392 3662 1579 3719 πιστοὶ
1637 3663 1863 3736 δεησθέ-

285 3772 467 3828 νησαν,
503 3757 602 3812 καὶ
627 3757 756 3811 κατ’
778 3754 954 3828 ἀρχὴν
984 3754 1086 3828 μὲν
1105 3754 1294 3810 πίστιν
1319 3755 1678 3824 ινεδείεαντο,
1699 3754 1861 3811 ὕστεο

289 3863 372 3918 ρον
403 3847 458 3903 δι
488 3847 600 3903 ἀπὸ
644 3847 748 3918 τῆς
809 3845 1096 3918 συνεχείας
1141 3844 1254 3900 τῶν
1301 3845 1538 3916 θλίψεων
1595 3845 1863 3918 ὠλιγοψύ·

289 3956 426 4010 χευν,
453 3939 810 4012 παρεκάλεσε
837 3937 938 4010 μὲν
973 3939 1174 4004 αὐτοὺς
1200 3937 1310 3994 ἀπὸ
1335 3939 1447 3994 τῶν
1486 3937 1862 4011 κατορθωθέν-

291 4049 386 4089 των
404 4033 610 4100 αύτοῖς,
649 4032 742 4086 καὶ
771 4031 881 4087 ἀπὸ
907 4031 1009 4102 τῆς
1045 4030 1294 4104 Γραφῆς,
1323 4030 1496 4088 εἰπών
1518 4048 1533 4064 ο
1568 4032 1693 4086 Ὅτι
1723 4030 1754 4085 ὁ
1783 4029 1862 4086 δί-

289 4141 433 4193 καιος
458 4130 524 4182 ἔκ
555 4129 796 4190 πίστεως
814 4125 1074 4197 ζήσεταιο
1132 4125 1231 4180 καὶ
1278 4124 1390 4180 ἀπὸ
1442 4125 1741 4198 λογισμῶν,
1783 4125 1865 4179 εί-

290 4216 420 4271 πὼν·
439 4218 616 4272 Ἔστι
642 4213 712 4269 δὲ
734 4215 938 4282 πίστις
957 4202 1354 4284 ἐλπιζομένων
1380 4215 1738 4286 ὑπόστασις-ο
1768 4219 1864 4278 νῦν

290 4307 456 4366 nam
486 4310 595 4366 τῶν
625 4307 878 4382 μεγάλων
906 4307 998 4362 καὶ
1024 4308 1271 4364 παλαιῶν
1295 4309 1522 4380 ἀνδρῶν.
1549 4311 1718 4370 Ὅταν
1755 4314 1864 4390 γὰρ

292 4403 418 4475 εὕρῃ
467 4403 496 4456 ὀ
527 4401 821 4473 ἄνθρωπος
850 4399 1140 4463 κοινωνοὺς
1162 4397 1372 4466 παθῶν,
1400 4400 1742 4459 ἀναπαύεται
1769 4406 1865 4461 καὶ

1958 1913 2125 1968 bilem
2157 1914 2406 1985 adeoque
2446 1915 2790 1974 manifestam
2833 1919 3248 1987 imposturam;
3291 1917 3539 1973 ostendit

1960 2005 2105 2073 quod
2135 2007 2367 2059 maxima
2415 2021 2645 2077 quasque
2699 2021 2796 2077 per
2832 2007 2990 2064 ﬁdem
3035 2009 3433 2080 transigantur,
3479 2017 3538 2063 et

1960 2110 2069 2149 non
2101 2110 2200 2164 per
2223 2095 2695 2153 ratiocinationes.
2731 2096 2866 2152 Nam
2898 2098 3042 2166 quod
3073 2098 3216 2154 Deus
3257 2100 3445 2167 verbo,
3471 2113 3538 2156 ea

1959 2202 2080 2258 quae
2108 2195 2260 2256 sunt,
2287 2205 2352 2245 ex
2391 2190 2462 2247 iis
2507 2205 2630 2260 quae
2659 2205 2766 2246 non
2790 2201 2942 2257 sunt,
2987 2192 3220 2257 creavit,
3265 2209 3388 2264 qua:
3433 2195 3533 2250 de-

1961 2283 2288 2339 monstratio
2323 2284 2484 2342 nobis
2526 2284 2816 2341 exhibuit?
2853 2284 3009 2341 Nulla
3060 2301 3216 2350 sane,
3264 2286 3363 2343 sed
3416 2289 3534 2345 sola

1963 2370 2117 2428 fides.
2151 2370 2285 2428 Fide
2321 2373 2488 2445 igitur
2523 2373 2872 2446 intelligimus
2918 2383 3105 2444 aptata
3147 2391 3261 2429 esse
3309 2376 3533 2441 swcula,

1959 2461 2066 2520 hoc
2119 2473 2225 2531 est,
2263 2464 2409 2522 facta
2447 2447 2578 2522 esse
2626 2468 2795 2522 verbo
2842 2466 2960 2543 Dei.
2998 2463 3112 2523 Cur
3161 2467 3306 2524 ﬁde?
3336 2468 3539 2538 quippe

1959 2555 2106 2626 quod
2137 2572 2206 2613 ex
2236 2557 2630 2626 invisibilibus,
2662 2565 2718 2614 et
2746 2573 2812 2615 es
2849 2560 2918 2615 iis
2967 2575 3092 2630 qua:
3127 2575 3236 2615 non
3260 2560 3536 2623 videmur,

1963 2644 2107 2701 facta
2133 2648 2386 2719 sintzquae
2409 2650 2703 2707 videntur:
2737 2653 2883 2721 quod
2917 2652 3023 2707 ﬁde
3044 2668 3185 2723 opus
3219 2652 3403 2709 habet.
3439 2651 3538 2708 Vel

1959 2739 2074 2796 sic:
2110 2739 2290 2798 Verbo
2321 2740 2440 2808 Dei,
2479 2757 2590 2815 quo
2633 2742 2840 2798 factum
2875 2756 2961 2802 est
3003 2752 3066 2799 ut
3098 2744 3540 2816 producerentur

1959 2843 2025 2884 es
2068 2829 2136 2886 iis
2183 2844 2305 2899 qua:
2345 2846 2454 2887 non
2508 2839 2660 2895 sunt,
2688 2846 2751 2889 ea
2802 2847 2926 2903 quae
2971 2841 3119 2890 sunt.
3165 2832 3300 2889 Cum
3351 2841 3535 2890 utem

1961 2920 2138 2986 audis,
2168 2921 2388 2987 swcula,
2427 2937 2493 2978 ea
2531 2921 2699 2978 simul
2731 2923 2974 2995 intellige
3009 2934 3216 2981 aeterna
3250 2941 3371 2996 quae
3417 2923 3539 2983 istis

1959 3013 2334 3081 continentur,
2388 3016 2500 3073 imo
2547 3031 2677 3073 vero
2719 3025 2988 3088 tempora,
3030 3018 3279 3087 adeoque
3333 3027 3534 3074 cuncta
3583 3033 3606 3053 π

1963 3109 2313 3180 temporaria,
2378 3109 2728 3168 inusitatiore
2780 3110 3042 3182 loquendi
3101 3112 3266 3168 modo
3318 3113 3538 3170 saeculis

1880 3215 1926 3277 ο
1959 3200 2124 3257 etiam
2170 3211 2415 3273 tempora
2456 3201 2913 3274 signiﬁcantibus.
2949 3201 3085 3258 Nam
3127 3205 3347 3277 proprie
3367 3221 3540 3263 saecu-

1960 3291 2071 3347 lum
2105 3290 2254 3348 aliud
2294 3292 2596 3364 quidquam
2637 3305 2804 3365 quam
2849 3300 3066 3363 tempus
3104 3301 3212 3360 est,
3256 3302 3313 3350 et
3341 3311 3539 3365 unum,

1883 3441 1896 3453 ,
1959 3397 2068 3440 non
2099 3384 2296 3440 multa.

2031 3475 2205 3558 Vens.
2243 3476 2300 3532 ε.
2351 3473 2487 3534 Fide
2519 3477 2872 3547 copiosiorem
2919 3477 3153 3534 hostium
3206 3477 3342 3534 Abel
3377 3495 3539 3552 quam

1961 3567 2097 3626 Cain
2126 3570 2322 3626 obtulit
2341 3569 2473 3629 Deo.
2493 3567 2632 3638 Quia
2659 3585 2746 3628 res
2775 3585 2972 3643 magna
3006 3581 3092 3630 est
3113 3571 3268 3641 ﬁdes,
3297 3582 3353 3631 et
3379 3589 3538 3645 gene-

1962 3675 2089 3719 rosa
2131 3660 2313 3718 anima
2363 3660 2592 3733 indiget,
2629 3662 2840 3719 Hebraei
2865 3670 3047 3720 autem
3094 3664 3294 3720 ﬁdeles
3333 3665 3536 3721 inﬁrmi

1962 3761 2136 3816 erant.
2177 3768 2243 3810 ac
2285 3755 2524 3825 primum
2575 3755 2799 3825 quidem
2851 3754 3011 3812 ﬁdem
3063 3757 3538 3827 demonstrarunt,

1964 3845 2221 3916 deinceps
2251 3863 2383 3903 vero
2414 3848 2487 3904 ob
2513 3846 2874 3905 aiﬁictionum
2918 3848 3284 3920 frequentiam
3309 3851 3540 3922 pusilla-

1963 3939 2140 3996 nimes
2168 3939 2556 4008 reddebantur,
2583 3939 2912 4000 adhortatus
2945 3950 3031 3998 est
3059 3957 3156 4000 eos
3183 3958 3213 3997 a
3251 3946 3417 4003 rebus
3439 3960 3538 4015 per

1962 4047 2058 4089 eos
2102 4031 2362 4101 praeclare
2411 4031 2603 4104 gestis,
2643 4041 2698 4089 et
2728 4049 2758 4088 a
2790 4033 3099 4105 Scriptura,
3141 4035 3357 4101 dit-ens,
3391 4039 3539 4107 quod

1961 4125 2143 4194 justus
2177 4141 2242 4182 ex
2270 4126 2375 4182 ﬁde
2407 4127 2480 4182 sit
2526 4127 2808 4183 victurus:
2857 4135 2914 4182 et
2943 4141 2974 4184 a
2997 4126 3534 4194 ratiocinationibus,

1965 4217 2249 4290 inquiens:
2286 4215 2449 4274 Fides
2483 4228 2561 4275 est
2581 4234 2763 4274 eorum
2789 4235 2907 4290 quis
2939 4229 3223 4289 sperantur
3244 4219 3540 4276 subsisten-

1967 4311 2078 4365 tia:
2112 4324 2260 4366 nunc
2289 4325 2420 4366 vero
2448 4324 2478 4364 a
2505 4312 2718 4382 magnis
2747 4319 2802 4366 et
2843 4311 3041 4382 priscis
3070 4311 3202 4368 viris
3225 4313 3396 4368 etiam
3444 4329 3538 4368 ar-

1965 4409 2223 4475 gumenta
2254 4402 2479 4474 profert.
2500 4404 2638 4460 Cum
2677 4403 2822 4460 enim
2851 4404 3017 4460 homo
3050 4403 3322 4460 invenerit
3370 4408 3543 4474 parti-

292 4491 527 4548 ἁναπνεῖ.
546 4492 798 4562 Παράγει
824 4486 918 4543 οὖν
945 4487 1040 4543 τὸν
1070 4487 1256 4556 Ἅϐελ,
1278 4489 1373 4544 καί
1399 4507 1565 4564 φησιν
1586 4493 1665 4548 ὅτι
1683 4493 1857 4550 πίστει

1967 4496 2116 4565 ripes
2145 4494 2560 4561 adversitatnm,
2591 4503 2872 4551 recreatur
2898 4511 2962 4553 ac
2990 4497 3250 4567 respirat.
3275 4496 3541 4553 Producit

293 4585 630 4659 προσήνεγκε
662 4583 856 4639 θυσίαν
909 4582 1157 4649 πλείονα,
1197 4583 1472 4650 τουτέστι,
1526 4586 1862 4660 τιμιωτέραν

1967 4585 2130 4656 igitur
2147 4584 2400 4658 Abelum,
2421 4586 2708 4658 inquiens:
2742 4585 2873 4643 Fide
2900 4587 3392 4643 ohtulitvietimam
3424 4605 3540 4643 ma-

295 4679 435 4750 παρὰ
454 4679 554 4753 τὴν
583 4678 682 4733 τοῦ
724 4675 976 4744 ἀδελφοῦ.
1008 4676 1144 4732 Τίνα
1182 4677 1292 4748 γὰρ
1343 4673 1484 4733 εἶδεν
1539 4679 1699 4736 ἄλλον
1752 4682 1857 4755 πρὸ

1958 4677 2156 4750 iorem,
2204 4678 2309 4734 hoc
2350 4686 2433 4734 est
2465 4678 2871 4749 pretiosiorem,
2915 4693 3081 4749 quam
3134 4679 3321 4736 frater.
3361 4681 3537 4746 Quem

294 4770 486 4837 αὐτοῦς
513 4771 608 4827 τὸν
655 4769 884 4840 πατέρα,
914 4771 948 4841 ἢ
987 4769 1088 4840 τὴν
1127 4771 1343 4842 μητέρα
1366 4811 1385 4838 ,
1413 4771 1510 4824 καὶ
1544 4770 1653 4843 μὴν
1691 4787 1863 4846 προσ-

295 4862 555 4936 έκρουσαν
579 4863 661 4939 τῷ
685 4863 826 4934 Θεῷ·
857 4863 995 4918 ἀλλὰ
1028 4862 1118 4918 τὸν
1141 4862 1408 4932 (malum;
1440 4862 1536 4917 καὶ
1565 4857 1722 4929 οὗτος
1744 4864 1861 4936 ἠτί-

297 4971 448 5027 μασε.
473 4956 663 5012 Πίστει
689 4954 783 5010 οὖν
814 4955 955 5027 μόνῃ
983 4953 1245 5027 tarmen
1269 4956 1350 5020 είς
1377 4953 1440 5009 τὸ
1465 4957 1859 5028 προσενεγκεῖν

294 5040 366 5103 ὧν
389 5045 498 5121 εἶχε
526 5050 599 5106 τὰ
654 5050 962 5123 κρείττονα,
1026 5045 1351 5115 πιστεύσας,
1401 5046 1484 5102 ὃτι
1533 5045 1627 5101 τὸν
1673 5046 1866 5117 μισθὸν

293 5138 529 5212 λήψεται.

361 5235 438 5287 Δι’
467 5229 542 5305 ἧς
581 5231 966 5303 ἐμαρτυρήθη
1008 5227 1162 5287 εἷναι
1182 5229 1434 5299 δίκαιος,
1482 5231 1861 5302 μαρτυροῦν-

1960 4770 2106 4827 enim
2125 4769 2340 4826 videbat
2365 4770 2532 4826 alium
2554 4781 2681 4825 ante
2710 4784 2771 4822 se
2789 4768 2814 4823 ?
2835 4775 3118 4841 patremno
3147 4779 3242 4824 aut
3269 4771 3539 4826 matrem?

1962 4869 2019 4915 at
2053 4861 2127 4915 illi
2160 4861 2502 4931 impegerant
2528 4861 2799 4916 adversus
2825 4859 3020 4916 Deum.
3051 4859 3120 4916 At
3155 4861 3426 4917 fratrem?
3448 4877 3539 4918 ve-

1931 5006 1934 5009 .
1963 4965 2087 5006 rum
2119 4960 2173 5007 et
2206 4949 2253 5006 is
2287 4949 2454 5007 Deum
2487 4965 2598 5005 non
2624 4951 2890 5006 coluerat.
2921 4949 3053 5006 Fide
3078 4967 3210 5022 ergo
3260 4952 3376 5007 sola
3409 4967 3536 5023 per-

1968 5041 2172 5098 ductus
2200 5049 2287 5097 est
2316 5050 2378 5097 ut
2412 5040 2636 5098 oﬁ‘erret
2663 5041 2775 5096 Deo
2812 5058 2890 5097 ex
2924 5042 3246 5100 melioribus
3283 5059 3406 5114 qua:
3436 5043 3541 5098 ha-

1967 5131 2152 5195 bebat,
2181 5131 2413 5188 credens
2438 5146 2498 5187 se
2527 5132 2831 5188 mercedem
2874 5141 3250 5202 accepturum.

2037 5223 2143 5281 Per
2171 5242 2332 5294 quam
2356 5224 2714 5280 testimonium
2748 5236 3060 5280 consecutus
3087 5235 3190 5291 est,
3228 5224 3369 5297 quod
3402 5236 3537 5280 esset

294 5338 390 5388 τος
421 5323 514 5378 ἐπὶ
543 5322 668 5389 τοῖς
699 5322 910 5390 δώροις
940 5320 1132 5377 αὑτοῦ
1160 5318 1267 5375 τοῦ
1291 5318 1460 5375 Θεοῦ.
1495 5319 1558 5375 ’0
1592 5319 1702 5389 γὰρ
1723 5319 1857 5390 πρὸς

1958 5319 2155 5390 justus,
2184 5320 2542 5375 testimonium
2570 5319 2870 5388 perhibente
2897 5319 3004 5374 Deo
3032 5334 3189 5387 super
3209 5318 3365 5373 donis
3394 5318 3534 5388 ejus.
3573 5309 3580 5314 ’

296 5413 380 5466 τὸν
403 5416 539 5472 Κάῖν
567 5415 807 5488 εἰρηκὼς
832 5414 987 5480 Θεὸς,
1013 5415 1139 5479 ,οὐκ
1194 5414 1262 5468 ἂν
1305 5413 1480 5483 ὀρθῶς
1528 5413 1627 5485 μὲν
1682 5429 1853 5485 προσ-

297 5507 534 5580 ενέγκῃς,
561 5507 737 5580 ὀρθῶς
752 5507 809 5562 δὲ
835 5507 910 5580 μὴ
938 5505 1121 5580 διέλῃς
1140 5521 1156 5538 ’
1181 5504 1531 5579 ἐμαρτύρησε
1560 5505 1637 5577 τῷ
1660 5505 1851 5574 Ἅϐελ,

1961 5410 2097 5467 Cum
2128 5409 2276 5466 enim
2314 5412 2381 5467 ad
2429 5410 2591 5481 732
2624 5410 2859 5465 Cainum
2909 5409 3139 5466 dixisset
3184 5407 3328 5466 Deus
3359 5426 3376 5463 :
3415 5408 3535 5465 Non

1959 5509 2110 5558 recte
2138 5500 2322 5571 ol'ers,
2353 5518 2454 5560 nec
2479 5511 2629 5558 recte
2667 5501 2904 5559 dividis:
2935 5500 3313 5558 testimonium
3341 5500 3531 5573 perhin

1633 5683 1841 5746 Variae
1877 5681 2215 5744 lectiones.

371 5790 413 5824 ⁸³
429 5793 824 5863 πραγματικῶς
847 5810 900 5850 ο.
981 5792 1026 5826 ³⁸
1048 5790 1220 5846 πάντα
1250 5806 1302 5844 o.
