4192 6294
475 447 586 514 3ΐ9

1211 445 1614 506 ΕΧΡοδιιιο
1647 445 1726 505 IN
1761 445 1998 508 EPIST.
2043 448 2143 506 AD
2183 447 2581 509 Hennam.
2605 429 2675 486 ’—
2711 447 2872 508 CAP.
2905 445 3045 507 ΧΠ.

3641 441 3760 504 370'

479 554 704 621 aliter”);
757 554 870 620 καὶ,
915 557 1036 610 Οὐκ
1086 555 1220 609 ἔστι
1258 558 1531 628 μαθητὴς
1567 528 1718 628 ὑπὲρ
1752 559 1859 613 τὸν
1889 557 2053 614 διδά-

2179 564 2331 630 psius
2357 563 2446 617 "‘2
2475 571 2564 616 et:
2593 560 2716 617 Non
2735 571 2811 616 est
2838 558 3130 628 discipulus
3165 572 3328 628 supra
3351 555 3662 628 magistrum
3675 558 3746 609 ⁵⁸.

479 652 740 703 σκαλον.
804 649 870 702 Τί
917 649 976 703 δέ
1023 651 1194 714 ἐστιν,
1240 650 1511 720 ἀρχηγὸν
1556 652 1654 706 καὶ
1705 653 2026 716 τελειωτήν
2043 667 2062 715 ;

477 757 758 795 τουτέστιν
810 743 982 804 Αὐτὸς
1029 741 1121 795 καὶ
1151 743 1250 814 τὴν
1293 743 1476 796 πίστιν
1507 745 1638 812 ἡμῖν
1679 741 1739 807 ἐξ
1771 743 1944 813 ἀρχῆς
1978 744 2062 795 ἐν·

480 833 678 902 έθηκεν
700 836 873 888 ο--Οὺ
894 833 1005 904 γὰρ
1023 834 1191 904 ὑμεῖς
1201 852 1300 903 με,
1320 837 1504 905 φησὶν,
1525 835 1908 899 ἐξελέξασθε,
1925 835 2062 888 ἀλλ’

479 925 600 992 ἐγὼ
637 925 1011 997 ἐξελεξάμην
1035 925 1191 996 ὑμᾶς
1215 944 1230 958 ⁸
1257 957 1328 970 -
1347 927 1441 982 καὶ
1468 926 1530 980 τὸ
1566 928 1718 991 τέλος
1752 927 1912 990 αὐτὸς
1942 927 2062 980 ἑπι-

481 1013 664 1086 θήσει,
699 1014 776 1078 ὡς
806 1015 1152 1088 τελειοτάτην
1179 1016 1348 1088 αὐτὴν
1373 1016 1516 1088 ἔχειν
1549 1017 1710 1086 ὑμᾶς.

561 1108 669 1174 ⁸·ος
720 1107 855 1162 ἀντὶ
897 1105 1002 1174 τῆς
1053 1108 1448 1179 προκειμένης
1486 1107 1646 1172 αὐτῷ
1673 1107 1882 1178 χαρᾶς,
1946 1109 2065 1164 ὐπ-

480 1196 682 1268 ἐμεινε
712 1199 1000 1267 σταυρὸν,
1031 1202 1334 1270 αἰσχύνης
1379 1198 1870 1269 καταφρονήσας.
1903 1198 2064 1268 Ἐξῆν

483 1289 596 1360 γὰρ
631 1291 781 1362 αὖτῷ
827 1293 903 1362 μὴ
948 1285 1162 1358 παθεῖν,
1196 1293 1272 1364 μὴ
1305 1293 1596 1347 ἀποθανεῖν
1625 1310 1639 1325 ο
1671 1292 2065 1363 ἀναμάρτητος

482 1382 596 1452 γὰρ
629 1382 726 1445 ὢν,
754 1382 972 1454 θανάτῳ
1013 1385 1114 1456 οὐχ
1159 1386 1417 1440 ὑπέκειτο
1444 1402 1458 1418 ·
1489 1387 1518 1440 ὃ
1560 1388 1658 1442 καὶ
1679 1386 1841 1450 αὐτὸς
1867 1387 2016 1454 λέγει
2047 1404 2061 1416 ·

489 1473 767 1543 Ἔρχεται
799 1477 832 1528 ό
875 1476 982 1530 τοῦ
1012 1477 1245 1546 κόσμου
1293 1477 1514 1548 ἅρχων,
1560 1477 1659 1532 καὶ
1690 1479 1760 1533 ἐν
1786 1479 1915 1548 ἐμοὶ
1951 1482 2064 1536 οὐκ

483 1564 612 1635 ἔχει
647 1565 848 1620 οὐδέν.
884 1568 949 1621 Ei
982 1564 1078 1622 οὖν
1115 1570 1215 1623 οὐκ
1247 1569 1461 1640 ἤθελεν,
1493 1571 1594 1624 οὐκ
1623 1569 1690 1624 ἃν
1715 1571 2060 1642 ἐσταυρώθη·

482 1655 512 1710 δ
547 1657 641 1709 καὶ
664 1657 825 1720 αὐτὸς
858 1659 1044 1728 ἔλεγεν
1069 1676 1084 1692 ο
1101 1662 1424 1727 Ὲξουσιάν
1452 1663 1571 1732 ἔχω
1595 1663 1784 1719 θεῖναι
1816 1665 1932 1734 τὴν
1951 1668 2068 1734 ψυ-

485 1749 610 1819 χήν
629 1767 773 1818 μου.
826 1750 966 1805 Ἀλλ’
999 1753 1148 1823 ὅμως
1175 1753 1411 1824 σταυρὸν
1441 1754 1725 1826 ὑπέμεινε,
1760 1759 2062 1824 τουτέστιν,

483 1834 583 1905 οὐχ
623 1837 809 1901 ἁπλῶς
860 1837 1094 1893 θάνατον
1129 1881 1145 1904 ,
1204 1841 1342 1896 ἀλλὰ
1386 1843 1478 1896 τὸν
1531 1845 1920 1913 ἐπονείδιστον,
1971 1849 2065 1902 καὶ

484 1928 860 2000 κατεφρόνησε
915 1930 1016 2000 τῆς
1069 1933 1163 1985 ἐπὶ
1216 1933 1460 1988 τοιούτου
1506 1933 1735 1990 θανάτου
1776 1906 2060 2010 αίσχίόνης.
2097 1906 2140 1962 Β

485 2019 603 2072 Οὐκ
649 2016 771 2074 εἷπε
803 2020 882 2087 δὲ,
917 2021 1110 2094 Δὺπης
1139 2027 1560 2098 καταφρονήσας
1584 2045 1598 2058 ο
1636 2028 1757 2082 οὐδὲ
1787 2031 1896 2102 γὰρ
1927 2031 2066 2103 μετὰ

485 2111 666 2178 λύπης
696 2114 870 2169 ταῦτα
894 2114 1109 2187 ἔφερεν.

573 2204 677 2258 Ἑν
708 2203 878 2276 δεξιᾷ
920 2224 984 2262 τε
1011 2209 1118 2263 τοῦ
1146 2207 1365 2279 θρόνου
1395 2210 1505 2266 τοῦ
1541 2213 1690 2268 Θεοῦ
1728 2216 2065 2272 κεκάθικεν.

500 2295 669 2370 Ὁρᾷς
688 2297 751 2352 τὸ
778 2300 932 2364 τέλος
965 2301 1063 2370 τῆς
1096 2303 1379 2374 ὑπομονῆς
1403 2304 1506 2360 ποῦ
1535 2306 1858 2374 ἀναϐιϐάζει
1883 2325 1898 2372 ;
1924 2308 1953 2362 ὃ
1976 2311 2070 2363 καὶ

487 2391 725 2462 ἀλλαχοῦ
743 2409 875 2463 φησι
907 2408 923 2424 ·
959 2393 1057 2446 Διὸ
1088 2395 1186 2448 καί
1217 2398 1250 2450 ὁ
1287 2397 1433 2464 Θεὸς
1457 2398 1648 2453 αὐτὸν
1677 2401 2068 2470 ὑπερύψωσε,

489 2481 556 2534 τὸ
611 2480 757 2536 κατὰ
806 2482 988 2554 σάρκα
1044 2484 1244 2554 λέγων.
1307 2488 1471 2543 Ὥστε
1517 2487 1742 2545 δύναται
1794 2494 1889 2546 καὶ
1928 2493 2073 2562 ὑμᾶς

491 2573 832 2644 ἀμείψασθαι
880 2575 1022 2647 ὑπὲρ
1076 2578 1190 2633 τῶν
1234 2580 1303 2634 δι’
1352 2580 1515 2635 αὐτὸν
1558 2581 1812 2653 θλίψεων.
1868 2586 1934 2639 ’Π
1964 2586 2073 2660 γὰρ

493 2663 753 2810 Ξνλδεξιᾷ
810 2666 1073 2739 καθέδρα,
1119 2669 1179 2723 τὺ
1237 2671 1374 2743 πρὸς
1427 2672 1516 2726 τὸν
1566 2674 1788 2746 Πατέρα
1829 2677 2074 2749 ἰσότιμον

532 2775 562 2810 r.
599 2775 674 2810 οι.

532 2756 674 2826 ηλοῖ.

579 2851 1058 2924 Ἀναλογίσασθε
1096 2855 1207 2926 γὰρ
1234 2857 1344 2912 τὸν
1387 2860 1674 2928 τοιαύτην
1701 2865 2076 2933 ὑπομεμενη-

495 2947 649 3001 κότα
672 2943 825 3016 ὑπὲρ
853 2946 975 3001 τῶν
1001 2947 1366 3018 ἁμαρτωλῶν
1385 2953 1472 3017 είς
1491 2953 1679 3007 αὑτὸν
1703 2954 2077 3026 ἀντιλογίαν.

497 3038 698 3093 Καίτοι
748 3039 800 3093 εί
838 3039 936 3094 καὶ
992 3040 1301 3110 ὁμοδούλων
1353 3041 1502 3113 πάθη
1548 3043 1929 3114 ἀναλογίζεταί
1971 3065 2076 3114 τις,

499 3129 703 3194 ἱκανῶς
730 3130 1160 3202 παραμυθεῖται,
1190 3132 1342 3204 πόσῳ
1377 3135 1575 3205 μᾶλλον
1621 3135 1692 3190 τά
1719 3137 1814 3190 τοῦ
1871 3138 2078 3193 Δεσπό-

2166 653 2307 720 Qnid
2357 663 2539 708 autem
2577 661 2656 708 est
2697 651 2840 722 quod
2879 652 2974 716 ait,
3011 661 3280 704 auctorem
3319 657 3368 702 et
3411 663 3749 702 consumma-

2168 749 2375 802 torem?
2404 745 2515 800 lloc
2556 754 2662 809 est,
2697 745 2815 813 Ipse
2856 744 3014 798 ﬁdem
3064 741 3224 797 nobis
3259 739 3329 795 ab
3375 739 3530 794 initio
3575 739 3752 808 impo-

2166 837 2498 900 sum—Non
2533 839 2668 891 enim
2699 854 2787 892 vos
2809 852 2909 898 me,
2933 834 3131 904 inquit,
3153 832 3404 904 elegistis,
3427 833 3516 885 sed
3543 847 3638 900 ego
3661 846 3749 884 vos

2164 932 2296 1003 elegi
2318 931 2388 996 ⁸⁷,
2409 963 2474 974 --
2501 945 2564 984 ac
2601 929 2758 984 ﬁnem
2795 929 2956 982 etiam
2989 933 3044 980 et
3071 922 3600 990 consummationem
3634 922 3750 989 ipse

2167 1033 2423 1092 apponet,
2455 1031 2512 1077 ut
2547 1037 2642 1077 vos
2664 1034 2785 1076 eam
2821 1016 3275 1088 perfectissimam
3304 1013 3572 1069 habeatis.

2240 1117 2346 1184 Qui
2389 1131 2483 1185 pro
2525 1113 2798 1185 proposito
2839 1110 2941 1164 sibi
2985 1108 3185 1180 gaudio
3229 1105 3484 1162 sustinuit
3513 1120 3748 1164 crucem,

2169 1209 2460 1280 ignominia
2511 1214 2831 1275 contempta.
2864 1201 3113 1273 {Licebat
3153 1201 3299 1256 enim
3341 1199 3443 1268 ipsi
3473 1214 3581 1252 non
3615 1198 3746 1268 pati.

2167 1319 2277 1358 non
2304 1302 2463 1365 mori.
2495 1301 2631 1356 Cum
2666 1299 2812 1356 enim
2847 1296 3057 1366 peccati
3099 1294 3280 1350 omnis
3319 1306 3517 1361 expers
3563 1301 3708 1344 esset
3731 1331 3759 1365 ,_

2169 1399 2329 1451 morti
2379 1411 2487 1448 non
2531 1392 2978 1462 subjiciebatur:
3020 1387 3167 1457 quod
3200 1394 3256 1442 et
3295 1385 3413 1454 ipse
3440 1383 3517 1438 ait
3546 1402 3559 1437 :
3584 1381 3750 1453 746

2172 1489 2316 1544 Venit
2363 1487 2547 1541 mundi
2596 1485 2836 1554 princeps
2867 1523 2882 1549 ,
2927 1491 2977 1536 et
3037 1481 3091 1534 in
3137 1497 3220 1535 me
3269 1495 3370 1533 non
3404 1477 3556 1531 habet
3592 1476 3754 1544 quid“

2165 1595 2324 1647 quam
2353 1578 2415 1629 ⁸⁸.
2452 1577 2509 1632 Si
2553 1575 2727 1644 igitur
2762 1572 3052 1636 uoluisset,
3087 1586 3196 1625 non
3236 1578 3378 1624 esset
3407 1564 3704 1621 cruciﬁxus
3733 1581 3747 1616 :

2166 1668 2312 1741 quod
2353 1677 2406 1722 et
2441 1668 2559 1738 ipse
2587 1666 2726 1721 dixit
2755 1682 2770 1720 ι
2805 1664 3133 1718 Potestatem
3179 1661 3343 1714 habeo
3370 1657 3598 1727 ponendi
3629 1655 3750 1709 aui-

2167 1776 2306 1814 mam
2339 1774 2506 1812 meam
2545 1756 2613 1810 δ’.
2647 1755 2903 1808 Attamen
2933 1769 3157 1808 crucem
3189 1750 3476 1813 sustinuit,
3510 1747 3614 1802 hoc
3645 1759 3750 1806 est,

2167 1868 2276 1908 non
2305 1849 2631 1919 simpliciter
2654 1859 2906 1909 mortem,
2932 1845 3026 1901 sed
3055 1842 3538 1902 contumeliosam,
3561 1854 3752 1908 asper-

2170 1951 2445 2014 natusque
2475 1949 2561 1995 cst
2592 1938 2946 2008 ignominiam
2984 1935 3112 1990 inde
3169 1932 3601 2005 provenit-litem.
3631 1929 3748 1984 Non

2168 2047 2350 2092 autem
2383 2034 2540 2099 dixit,
2572 2030 2816 2086 Tristitia
2838 2035 3150 2097 contempta
3185 2043 3199 2079 :
3241 2037 3420 2093 neque
3449 2022 3594 2078 euiut
3622 2037 3745 2076 cum

2167 2129 2393 2186 tristitia
2427 2128 2530 2182 ista
2562 2123 2790 2179 ferebat.

2240 2211 2408 2290 Atque
2444 2221 2499 2273 in
2525 2217 2743 2272 dextera
2771 2213 2908 2268 sedis
2936 2211 3035 2266 Dei
3067 2211 3231 2268 sedet.
3266 2207 3432 2264 Vides
3458 2207 3618 2261 ﬁnem
3654 2219 3751 2274 pa-

2171 2314 2396 2378 tientiae,
2419 2325 2528 2382 quo
2559 2307 2844 2379 perducit?
2877 2305 2928 2360 id
2953 2303 3096 2373 quod
3129 2301 3258 2356 alibi
3291 2301 3425 2355 dixit
3455 2317 3470 2354 :
3505 2297 3751 2366 Propter-

2171 2424 2234 2460 ea
2284 2405 2424 2460 Deus
2475 2403 2637 2458 etiam
2678 2397 3088 2468 superexaltavit
3111 2412 3230 2450 eum
3261 2395 3308 2427 ιο
3345 2393 3456 2450 :de
3483 2407 3648 2447 carne
3673 2390 3751 2443 lo-

2173 2514 2370 2570 quens.
2410 2494 2597 2550 Potest
2645 2493 2830 2560 itaque
2883 2489 3038 2545 vobis
3095 2485 3402 2542 mercedem
3458 2481 3753 2551 rependere

2176 2606 2275 2661 pro
2313 2585 2702 2643 aliiietionibus
2742 2597 2846 2636 suo
2886 2580 3111 2635 nomine
3156 2579 3424 2632 toleratis.
3486 2572 3760 2629 Catltedra

2175 2682 2320 2739 enim
2350 2691 2405 2734 et
2443 2677 2620 2735 sessio
2655 2674 2724 2729 ad
2747 2675 3020 2738 dextram,
3054 2670 3426 2742 mqualitatcm
3455 2683 3574 2724 cum
3599 2664 3759 2719 Patre

2177 2771 2472 2842 signiﬁcat.
3546 2749 3550 2754 ’

2253 2862 2419 2917 Vens.
2455 2861 2509 2915 5.
2547 2856 2844 2928 Recogitate
2873 2855 3011 2909 enim
3041 2869 3160 2907 eum
3189 2851 3278 2921 qui
3308 2849 3469 2904 talem
3505 2849 3762 2904 sustinuit

2181 2976 2213 3013 a
2243 2952 2607 3025 peccatoribus
2655 2951 2930 3005 adversum
2972 2963 3028 3001 se
3067 2944 3564 3000 contradictionem.
3603 2941 3762 3009 Quod

2181 3051 2228 3105 si
2259 3049 2386 3120 quis
2419 3057 2812 3102 conservorum
2847 3053 3075 3096 suorum
3124 3037 3452 3092 alllietiones
3478 3042 3760 3103 reputans,

2182 3139 2401 3197 abunde
2426 3153 2486 3193 se
2516 3136 2855 3198 consolatur,
2888 3139 3097 3202 quanto
3132 3131 3306 3197 magis
3333 3130 3378 3184 si
3410 3128 3624 3182 Domini
3651 3127 3758 3189 sui,

494 3237 593 3273 του
625 3220 720 3274 τοῦ
759 3220 1020 3292 τοιαύτην
1053 3224 1364 3292 ἀντιλογίαν
1409 3226 1848 3297 ὑπομείναντος;
1880 3230 1908 3284 ὃ
1937 3231 2076 3296 ὲστι,

2185 3234 2277 3305 qui
2333 3240 2540 3287 tantam
2594 3225 3090 3283 contradictionem
3134 3221 3375 3290 pertulit,
3439 3218 3762 3274 amicliones

495 3315 764 3384 γέλωτας,
795 3315 1112 3388 χλευασίας,
1165 3317 1365 3386 ὀνείδη,
1404 3319 1545 3373 κατά
1595 3319 1887 3390 πρόσωπον
1931 3322 2075 3392 ’πλη-

498 3408 627 3478 Tus,
674 3411 776 3464 ὅσα
819 3411 1115 3479 ἀντέλεγον
1152 3413 1276 3473 ταῖς
1321 3411 1697 3476 διδασκαλίαις
1748 3413 1939 3478 αὑτοῦ,
1979 3415 2078 3479 τάς

495 3501 592 3554 ἐπὶ
620 3501 853 3556 Πιλάτου
881 3501 1152 3574 κραυγὰς,
1186 3502 1496 3556 τελευταῖον
1532 3506 1788 3576 σταυρόν.
1840 3507 2080 3576 Ἐμφαν-

495 3593 652 3648 στικὸν
685 3595 794 3665 γάρ
823 3595 905 3660 τὸ,
936 3597 1264 3664 τοσαύτην,
1314 3597 1617 3663 τουτέστιν,
1671 3599 1799 3669 ἄχρι
1846 3600 2079 3654 θανάτου

498 3689 798 3758 φέρουσαν,
825 3688 922 3742 καὶ
955 3687 1148 3751 ταῦτα.
1192 3689 1283 3742 τοῦ
1320 3690 1457 3759 μετὰ
1490 3691 1728 3763 λῃστῶν,
1777 3709 1873 3744 και
1903 3692 2078 3746 ταῦτα

498 3779 609 3834 uno
640 3781 1004 3854 ἁμαρτωλῶν,
1035 3783 1146 3837 τῶν
1170 3782 1398 3838 ὲθνικῶν
1426 3784 1647 3856 δηλαδὴ,
1685 3785 1718 3857 ἢ
1761 3787 1856 3841 καὶ
1896 3787 2081 3843 αὐτῶν

495 3872 612 3926 σιῶν
649 3874 942 3929 Ἰουδαίων.

571 3965 706 4022 Ἵνα
730 3966 816 4036 μὴ
850 3967 1075 4037 κάμητε
1103 3967 1236 4034 ταῖς
1251 3969 1478 4039 ψυχαῖς
1509 3969 1679 4038 ὑμῶν
1699 3969 2079 4042 ἐκλυόμενοι.

499 4057 579 4109 Τὸ
633 4057 745 4129 γὰρ
775 4058 1201 4128 άναλογίσασθαι
1227 4060 1319 4113 τὸν
1370 4061 1631 4132 Χριστὸν,
1665 4062 1889 4117 τονώσει
1929 4065 2084 4132 ὑμῶν

499 4150 602 4215 τᾶς
633 4149 809 4221 ψυχάς
841 4151 937 4204 καὶ
969 4151 1254 4224 νευρὼσει,
1291 4152 1390 4206 καὶ
1418 4153 1520 4208 οὐκ
1568 4153 1722 4208 ἐάσει
1755 4153 2082 4211 ἐκλελύσθαι

499 4245 597 4297 καὶ
628 4243 1004 4316 ἀπαγορεῦσαι
1037 4243 1176 4316 πρὸς
1205 4243 1305 4308 τὰς
1355 4245 1592 4316 θλίψεις.
2015 4240 2017 4243 ’

583 4337 759 4391 οὔπω
836 4337 1051 4409 μέχρις
1111 4339 1363 4408 αἵματος
1421 4341 1908 4414 ἀντικατέστητε.
1980 4342 2085 4397 Δύο

505 4431 625 4502 εἴδη
671 4431 1075 4503 παρακλήσεως
1122 4431 1373 4501 ἀλλήλοις
1403 4433 1540 4488 εἰσιν
1568 4437 1785 4490 ἐναντία
1813 4455 1827 4470 ·
1859 4437 1918 4491 ἓν
1950 4437 2071 4508 μὲν,

503 4524 634 4576 ὅταν
689 4522 826 4592 πρός
880 4540 1002 4576 τινα
1049 4522 1182 4594 λέγῃ
1222 4541 1343 4590 τις,
1375 4523 1459 4580 ὅτι
1509 4526 1730 4594 Μεγάλα
1782 4527 2077 4590 πέπονθας.

2182 3340 2368 3381 secum
2413 3320 2729 3392 expendat?
2777 3319 2884 3372 hoc
2919 3323 3025 3382 est,
3063 3315 3232 3377 risus,
3273 3312 3758 3375 subsannatioues,

2179 3417 2449 3478 convicia,
2481 3414 2534 3467 in
2564 3412 2757 3466 faciem
2791 3407 3044 3471 verbera,
3076 3419 3419 3475 quaecunque
3446 3412 3638 3457 contra
3660 3401 3762 3457 do-

2179 3510 2414 3566 ctrinam
2449 3506 2571 3576 ejus
2598 3502 2876 3562 dicebant,
2910 3498 3182 3552 clamores
3208 3493 3351 3564 apud
3376 3493 3638 3558 Pilatum,
3670 3507 3765 3563 po-

2183 3613 2389 3661 stremo
2422 3613 2640 3654 crucem
2695 3595 2896 3664 ipsam.
2949 3589 3270 3659 Empltatiea
3324 3588 3472 3642 enim
3516 3596 3602 3643 est
3658 3588 3763 3642 ista

2181 3693 2374 3760 dictio,
2421 3690 2624 3751 Talem,
2669 3688 2775 3741 hoc
2815 3692 2920 3750 est,
2969 3683 3036 3737 ad
3083 3692 3314 3736 mortem
3346 3695 3522 3750 usque
3555 3679 3762 3749 perdu-

2183 3796 2423 3851 centcm,
2448 3782 2613 3850 idque
2654 3792 2762 3832 una
2793 3792 2918 3831 cum
2961 3773 3291 3834 latronibus,
3319 3771 3482 3838 idque
3507 3784 3537 3822 a
3572 3783 3770 3839 pecca-

2183 3879 2420 3944 toribus,
2461 3874 2702 3930 ethnicis
2728 3869 3004 3930 videlicet,
3043 3867 3159 3921 sire
3195 3864 3327 3930 ipsis
3365 3861 3604 3917 ludatis.

2273 3968 2356 4026 Ne
2416 3963 2777 4038 defatigemini
2843 3960 3126 4014 animabus
3185 3955 3373 4011 vestris
3429 3953 3757 4023 deﬁcientes.

2185 4063 2467 4120 Christum
2498 4061 2643 4112 enim
2676 4055 2732 4109 in
2768 4052 2955 4108 animo
2985 4062 3226 4114 versare,
3258 4045 3544 4102 animabus
3572 4043 3771 4100 vestris

2185 4167 2240 4216 et
2271 4157 2416 4211 vires
2440 4167 2504 4208 ac
2531 4163 2732 4206 nervos
2762 4146 2945 4210 addet,
2977 4158 3079 4199 nec
3122 4143 3267 4198 sinet
3291 4139 3546 4206 deiicere,
3583 4152 3682 4194 nec
3714 4139 3770 4194 in

2185 4246 2576 4307 aﬂlictionibus
2604 4243 2922 4312 desperare.

2257 4342 2425 4398 Vsus.
2455 4339 2509 4393 4.
2554 4333 2808 4390 Nondum
2836 4331 2906 4386 ad
2943 4329 3252 4401 sanguinem
3282 4342 3444 4398 usque
3475 4325 3770 4381 restitistis.

2189 4436 2316 4491 Duae
2347 4440 2477 4488 sunt
2503 4425 2905 4486 adhortationis
2930 4429 2986 4479 et
3020 4420 3412 4477 consolationis
3444 4419 3655 4489 species
3685 4419 3772 4472 in-

2190 4535 2272 4582 ter
2318 4538 2378 4580 se
2415 4519 2712 4597 contraria:
2741 4532 2756 4572 :
2790 4516 2961 4569 altera
3002 4511 3247 4582 quidem,
3285 4525 3410 4564 cum
3453 4508 3575 4578 quis
3605 4508 3772 4563 alicui

506 4615 890 4687 ἀναμνήσθητι
936 4616 1159 4670 ἐκείνων
1191 4633 1208 4649 ο
1241 4616 1426 4689 ἕτερον
1478 4619 1534 4672 δὲ
1559 4662 1575 4685 ,
1609 4620 1737 4674 ὅταν
1771 4619 1906 4692 λέγῃ
1933 4638 1948 4652 ’
1974 4622 2077 4675 Οὑ-

2186 4620 2368 4675 dicat:
2400 4613 2595 4686 “agna
2633 4609 2854 4683 quidem
2885 4621 3087 4678 passus
3114 4621 3196 4670 es,
3220 4611 3494 4658 memento
3518 4601 3769 4667 illorum;

504 4710 596 4762 δὲν
654 4708 796 4777 μέγα
852 4707 1006 4762 οὔπω
1067 4709 1364 4774 πέπονθας.
1398 4711 1472 4765 Τὸ
1498 4711 1596 4783 μὲν
1628 4714 1737 4785 γάρ
1768 4715 2077 4784 κάμνουσαν

2183 4714 2351 4769 altera
2391 4724 2540 4772 vero,
2571 4721 2694 4762 cum
2726 4703 2876 4758 dicat
2906 4716 2922 4754 :
2959 4698 3236 4754 Nihildum
3279 4695 3439 4750 ardui
3468 4709 3664 4764 passus
3685 4709 3770 4749 es.

504 4802 811 4858 ἀνακτᾶται
845 4805 944 4871 τὴν
983 4800 1183 4872 ψυχὴν,
1235 4803 1463 4872 ἔχουσαν
1495 4805 1723 4868 πολλοὺς
1761 4806 2086 4876 συνίστορας

505 4895 619 4949 τῶν
653 4894 991 4966 παθημάτων
1033 4895 1206 4966 αὐτῆς
1230 4910 1246 4926 ⁸
1293 4895 1352 4950 τὸ
1381 4895 1438 4949 δὲ
1474 4897 1744 4967 φυσᾶσθαι
1788 4898 2088 4968 μέλλουσαν

509 4989 792 5059 κατασπᾷ.
849 4989 945 5042 καὶ
975 4987 1329 5059 ρᾳθυμοῦσαν
1369 4989 1646 5061 διεγείρει.
1709 4990 1934 5052 Τούτοις
1974 4995 2089 5056 τοῖς

509 5081 634 5134 δυσὶ
665 5083 866 5152 χρῆται
895 5080 1110 5143 Παῦλος
1135 5079 1230 5133 νῦν
1260 5081 1397 5152 πρὸς
1431 5080 1737 5152 Ἐϐραίους.
1763 5081 1946 5135 Εἰπὼν
1981 5083 2090 5152 γὰρ

512 5172 775 5242 ἀνωτέρω
796 5209 812 5236 ,
842 5174 926 5224 ὅτι
955 5171 1166 5241 Πολλὴν
1190 5171 1416 5244 ἄθλησιν
1461 5173 1793 5244 ὑπεμείνατε
1831 5173 2090 5243 παθημά-

512 5281 645 5325 των,
698 5263 794 5316 καὶ
821 5263 1275 5334 προτρεψάμενος
1331 5264 1678 5334 μιμήσασθαι
1722 5264 2089 5327 ἐαυτοὺς,νῦν

515 5357 577 5406 τὸ
605 5353 871 5418 ἐναντίον,
896 5352 1167 5406 δείκνυσιν
1205 5353 1401 5416 αὐτοὺς
1431 5354 1597 5424 μήπω
1625 5353 1790 5422 μηδὲν
1814 5354 2092 5420 ἀξιόλογον

517 5447 880 5511 ὑποστάντας,
913 5446 989 5509 ὡς
1034 5445 1101 5501 ἂν
1132 5446 1206 5517 μὴ
1251 5447 1554 5516 ἐπαρθιῦσι.
1590 5448 1700 5500 Καὶ
1739 5449 1842 5518 ὅρα
1877 5447 2091 5515 σοφίαν.

517 5538 656 5593 Μεθ’
685 5537 714 5591 ὃ
751 5536 996 5609 ἐμνήσθη
1039 5537 1147 5590 τῶν
1179 5536 1423 5610 ἀρχαίων
1482 5537 1655 5610 ἁγίων
1713 5538 1821 5590 τῶν
1880 5538 2092 5606 μεγάλα

523 5627 897 5691 ὑποστάντων,
951 5629 1044 5680 καὶ
1093 5627 1254 5682 αὑτοῦ
1300 5625 1394 5680 τοῦ
1445 5609 1678 5698 Κυρῶυ,
1706 5627 1827 5681 τότε
1855 5626 2094 5680 δείκνυσι

519 5719 590 5772 τὰ
613 5719 796 5771 αὐτῶν
824 5718 972 5773 οὐδὲν
989 5720 1138 5775 δντα.
1165 5719 1330 5773 Οὔπω
1354 5718 1481 5791 γὰρ,
1507 5720 1693 5790 φησιν,
1720 5721 1846 5790 ἄχρι
1864 5719 2094 5773 θανάτου

592 5835 637 5868 ⁸⁵
673 5831 862 5888 Matth.
899 5849 954 5889 ι.
981 5834 1069 5889 25.
1147 5836 1195 5869 ⁸⁸
1218 5835 1351 5893 ibid.
1384 5833 1472 5890 24.
1551 5835 1597 5868 ⁸⁷
1627 5833 1784 5890 Joan.
1823 5851 1908 5902 xv,
1953 5834 2036 5888 16.

526 5905 595 5938 ⁸⁸⁸
634 5903 797 5959 llrbr.
835 5921 891 5970 κ,
923 5904 1012 5958 5‘2.

2190 4802 2331 4861 Illud
2381 4801 2526 4855 enim
2591 4797 2830 4851 animam
2893 4792 3240 4848 fatiscentem
3295 4786 3587 4852 refocillat,
3641 4786 3772 4840 dum

2189 4895 2391 4948 multus
2414 4887 2774 4943 alllictionum
2803 4897 3027 4937 suarum
3059 4887 3224 4936 testes
3251 4877 3433 4932 habet.
3465 4876 3613 4931 Istud
3645 4892 3775 4930 vero

2189 4986 2648 5042 intumescentem
2713 4976 2957 5042 deducit,
3015 4983 3070 5030 et
3137 4972 3488 5042 languentem
3545 4965 3770 5022 excitat.

2199 5077 2361 5134 llisce
2392 5076 2607 5131 duabus
2634 5085 2780 5126 nunc
2812 5070 2983 5123 utitur
3008 5065 3212 5121 Paulus
3238 5063 3305 5117 ad
3338 5061 3612 5117 llcbt'a’os.
3635 5060 3773 5114 Cum

2197 5169 2341 5226 enim
2379 5181 2544 5238 supra
2581 5164 2848 5218 dixisset:
2880 5159 3132 5226 Magnum
3178 5162 3456 5210 certamen
3508 5152 3776 5208 sustinui-

2198 5259 2300 5316 stis
2343 5256 2664 5327 passionum
2691 5253 2783 5316 “‘,
2817 5250 3250 5315 adhortatusque
3279 5255 3426 5299 esset
3455 5249 3515 5296 ut
3564 5243 3775 5312 seipsns

2199 5351 2565 5411 imitarentur,
2603 5359 2748 5399 nunc
2812 5360 2842 5397 e
2884 5351 3072 5397 contra
3105 5338 3343 5396 ostendit
3403 5351 3499 5391 eos
3533 5334 3774 5390 nondum

2199 5443 2495 5514 quidquam
2526 5437 2889 5492 :cstimatiune
2910 5433 3129 5500 dignum
3161 5425 3511 5491 sustinuisse,
3541 5439 3609 5479 ne
3641 5422 3776 5478 clie-

2202 5513 2414 5590 rantur.
2445 5530 2520 5584 Ac
2558 5527 2680 5580 vide
2716 5525 2837 5594 ejus
2881 5519 3229 5590 sapientiam.
3270 5515 3628 5583 Posteaquam
3661 5513 3776 5582 pri-

2204 5637 2424 5681 scorum
2453 5625 2792 5679 sanctorum,
2817 5613 2909 5682 qui
2942 5625 3138 5679 ntagna
3168 5607 3568 5669 sustinuerant,
3611 5612 3778 5672 atque

2207 5716 2342 5770 adeo
2383 5713 2594 5765 Domini
2629 5709 2802 5778 ipsius
2844 5702 3210 5768 meminisset,
3251 5709 3380 5754 tunc
3401 5693 3640 5752 ostendit
3681 5708 3780 5748 eo-

2137 5834 2182 5868 ”
2220 5831 2380 5888 Joan.
2423 5846 2535 5891 xw,
2570 5825 2658 5881 50.
2738 5824 2784 5855 ⁸⁵
2820 5818 2978 5877 Joan.
3011 5834 3069 5882 ι,
3100 5817 3187 5874 18.
3269 5815 3314 5848 ⁸⁸
3349 5812 3584 5885 Philipp.
3624 5824 3686 5866 tt.
3715 5803 3777 5868 9.
