4192 6294
524 357 633 422 375

1435 367 2013 431 THEOPHYLACTI
2052 368 2463 433 uULGAttLE
2499 342 2887 443 suculae;

3685 350 3789 419 376

524 469 629 525 hoc
658 472 860 527 saeculo
883 475 1138 551 turbatos
1168 475 1283 557 iilie
1307 477 1600 553 reioeillat.
1626 479 1869 537 Observa
1898 491 2106 548 autem,

2213 483 2366 546 Θεὸς,
2402 481 2526 546 τοὺς
2558 482 2616 533 ὲν
2646 480 2725 551 τῷ
2769 478 2926 534 αἰῶνι
2972 477 3150 548 τούτῳ
3187 474 3532 548 λυπηθέντας
3571 472 3617 504 ⁷⁸
3670 472 3792 524 ἐκεῖ

520 560 668 630 quod
692 564 1140 623 exercitationem
1173 576 1332 624 vocet
1358 569 1727 640 disciplinam,
1755 574 1958 644 quippe
1986 590 2108 645 quae

521 654 796 711 confortet
842 656 1048 725 ﬁdeles,
1091 673 1155 716 ac
1197 662 1350 719 velut
1375 665 1645 734 quosdam
1677 666 1912 722 athletas
1934 676 1985 722 et
2013 683 2107 723 ro-

489 789 492 792 .
523 744 804 805 bustiores
839 748 1022 807 iaciat.
1073 753 1211 820 Quid
1249 755 1419 825 igitur
1451 772 1572 812 eam
1615 759 1943 815 averSamini
1987 776 2108 830 quas

523 840 738 896 animas
766 853 980 901 vestras
1009 845 1340 902 confirmat?

600 927 769 986 Vitas.
802 931 890 988 i2.
924 934 1216 1004 Propterea
1248 938 1500 994 remissas
1531 956 1720 996 manus
1751 959 1814 997 ac
1843 943 2109 998 dissoluta

532 1038 704 1094 genua
741 1026 951 1098 erigite.
988 1026 1170 1085 Veluti
1204 1031 1274 1086 ad
1304 1033 1518 1103 pugiles
1554 1034 1823 1106 quosdam
1852 1046 1905 1093 et
1927 1047 2105 1092 certa-

525 1124 680 1173 tores
717 1116 967 1174 disserit.
1006 1119 1082 1175 Ex
1117 1119 1262 1178 isaia
1297 1132 1481 1179 autem
1535 1126 1681 1180 hunc
1730 1127 1837 1183 sibi
1887 1127 2109 1183 desum-

523 1209 636 1276 psit
658 1208 862 1274 locum,
891 1211 1142 1270 indicans
1168 1229 1265 1283 per
1304 1218 1677 1288 metaphoram
1708 1219 2105 1290 prtecipuarum

524 1302 787 1371 partium,
829 1305 975 1375 quod
1018 1306 1117 1362 toti
1151 1307 1262 1363 sint
1301 1309 1467 1364 soluti
1501 1312 1703 1366 animo.
1735 1310 1928 1368 Manus
1958 1314 2105 1368 enim

526 1395 891 1463 operationis,
917 1398 1086 1470 pedes
1112 1415 1241 1457 vero
1284 1402 1545 1459 motionis
1597 1411 1728 1460 sunt
1770 1405 2104 1476 symbolum.

522 1485 804 1544 Mmreutis
866 1491 1072 1562 igitur,
1124 1491 1400 1564 imprimis
1455 1497 1674 1561 animm,
1715 1497 2103 1568 instrumenta,

524 1578 724 1638 deinde
745 1589 800 1638 ct
831 1585 1088 1657 corporis
1116 1599 1183 1643 es
1217 1589 1578 1660 consequenti
1612 1599 1745 1646 sunt
1780 1593 2034 1649 remissa.

597 1762 764 1821 Vsus.
796 1767 884 1823 15.
920 1765 992 1821 Et
1010 1784 1223 1839 gressus
1264 1777 1435 1826 rectos
1460 1770 1620 1840 facite
1650 1773 1870 1842 pedibus
1900 1776 2104 1840 uestris,

2211 573 2503 627 ἀναπαύει.
2559 573 2704 643 Ὅρα
2734 570 2792 624 δὲ
2833 571 2916 624 ὅτι
2963 567 3274 640 γυμνασίαν
3328 567 3484 621 καλεί
3515 564 3614 635 τὴν
3662 579 3794 615 παι-

2207 664 2394 729 δείαν,
2445 664 2789 733 ρωννύουσαν
2835 663 2964 727 τοὺς
3011 664 3275 727 πιστοὺς,
3328 657 3424 712 καὶ
3480 654 3593 710 οἷόν
3634 671 3786 716 τινας

2208 755 2467 827 ἀθλητὰς,
2508 757 2602 809 καὶ
2633 756 3027 825 εὐτονωτέρους
3065 753 3348 807 ποιοῦσαν.
3412 748 3456 803 Τ
3468 752 3483 802 ἰ
3523 747 3618 803 οὖν
3651 749 3792 802 arto—

2209 847 2442 915 φεύγετε
2469 846 2566 915 τὴν
2595 845 2951 918 ένισχύουσαν
2976 844 3073 908 τὰς
3100 843 3280 914 ψυχὰς
3306 842 3459 913 ὑμῶν
3482 857 3498 905 ;

2282 940 2377 995 Διὸ
2410 940 2517 1007 τὰς
2562 939 2925 1009 παρειμένας
2959 936 3164 1007 κεῷας
3203 935 3300 989 καὶ
3332 936 3405 990 τὰ
3452 934 3795 1001 παραλελυ-

2202 1032 2359 1103 [tera
2401 1032 2626 1102 γόνατα
2670 1030 3073 1099 ἀνορθώσατε.
3106 1028 3197 1091 Ὠς
3221 1026 3359 1097 πρὸς
3397 1025 3606 1087 πύκτας
3638 1020 3793 1083 τινὰς

2209 1125 2305 1178 καὶ
2334 1123 2648 1192 ἀγωνιστὰς
2677 1122 3008 1193 διαλέγεται.
3056 1121 3192 1175 Ἀπὸ
3224 1120 3325 1189 τῆς
3357 1118 3583 1190 Γραφῆς
3611 1114 3664 1170 δὲ
3694 1112 3793 1168 τοῦ

2223 1215 2451 1270 Ἡσαΐου
2485 1215 2642 1269 τοῦτο
2685 1214 2869 1281 ἔλασε,
2909 1213 3175 1267 δεικνύων
3204 1211 3312 1267 ἀπὸ
3342 1209 3654 1282 μεταφορᾶς
3680 1204 3794 1258 τῶν

2210 1308 2564 1380 κυριωτέρων
2620 1308 2828 1379 μερῶν,
2879 1308 2964 1362 ὅτι
3021 1306 3134 1360 ὅλοι
3191 1302 3520 1376 παρειμένοι
3564 1300 3673 1353 eici
3723 1298 3792 1368 τῇ

2207 1400 2375 1471 ψυχῇ.
2404 1401 2470 1454 Αἱ
2502 1400 2602 1471 μὲν
2648 1403 2755 1471 γὰρ
2794 1404 2995 1471 χεῖρες,
3031 1398 3311 1469 ἐνεργείας
3342 1412 3359 1428 ·
3390 1396 3441 1450 οἱ
3492 1394 3550 1446 δὲ
3607 1392 3792 1459 πόδες,

2209 1495 2477 1563 κινήσεως
2528 1493 2816 1564 σύμϐολον.
2850 1491 2956 1546 Τοῦ
2997 1480 3098 1546 ὀὖν
3148 1489 3511 1560 ἀθυμοῦντος,
3571 1485 3665 1539 καὶ
3721 1483 3795 1537 τὰ

2206 1588 2416 1659 ψυχικὰ
2474 1588 2572 1656 μὲν
2617 1587 2827 1656 ὄργανα
2879 1586 3335 1659 προηγουμένως,
3383 1583 3479 1635 καὶ
3510 1581 3578 1635 τὰ
3608 1593 3796 1648 σωμαο

2206 1682 2337 1734 sntit
2374 1677 2684 1740 ἀκολούθως
2736 1681 3021 1750 παρεῖναι.

2215 1766 2218 1768 ’
2280 1770 2386 1824 Καὶ
2424 1768 2668 1840 τροχιὰς
2692 1769 2869 1839 ὀρθὰς
2902 1769 3200 1837 ποιήσατε
3231 1766 3354 1833 τοῖς
3388 1763 3573 1818 ποσὶν
3603 1758 3792 1831 ὑμῶν,

525 1865 585 1910 ιιι
606 1873 670 1914 ne
703 1860 845 1931 quod
893 1860 1145 1916 claudum
1193 1871 1272 1917 est
1322 1863 1549 1929 aberret,
1600 1868 1770 1936 magis
1811 1879 1987 1922 autem
2012 1885 2105 1922 sa—

2210 1865 2310 1918 ἵνα
2343 1863 2429 1934 μὴ
2462 1862 2530 1917 τὸ
2554 1862 2754 1930 κωλόν
2779 1859 3068 1930 ἐκτραπῇ,
3100 1858 3235 1927 [adii
3269 1856 3337 1926 δὲ
3369 1854 3631 1926 μᾶλλον.
3678 1850 3798 1902 Ἑν-

524 1959 698 2005 netur.
752 1951 853 2009 ilic
885 1954 1049 2009 veiuti
1091 1953 1157 2008 ad
1188 1970 1447 2010 cursores
1485 1957 1729 2023 disserit,
1772 1960 1999 2029 perinde
2040 1975 2106 2016 ac

528 2042 583 2094 in
635 2043 1012 2111 superioribus
1065 2045 1273 2100 dictum
1314 2055 1397 2101 est
1430 2065 1444 2101 :
1482 2048 1586 2102 Per
1615 2051 1931 2117 patientiam
1986 2068 2107 2105 cur—

524 2148 732 2189 ramus.
766 2135 854 2190 Ait
874 2151 1029 2207 ergo,
1057 2135 1281 2193 Crassus
1302 2148 1471 2194 rectos
1504 2140 1686 2210 facile.
1717 2141 1925 2212 Τροχιά
1953 2157 2100 2207 vero,

526 2232 614 2276 est
653 2224 737 2280 vel
791 2226 1083 2298 vestigium
1131 2241 1263 2285 rotae
1293 2245 1515 2298 currus,
1548 2231 1695 2303 quod
1722 2241 1884 2288 terrm
1919 2234 2106 2304 impri-

527 2314 719 2376 mitur.
780 2317 864 2372 vel
918 2318 1071 2375 locus
1116 2323 1457 2377 currentium
1510 2323 1743 2393 pedibus
1803 2323 2105 2394 subjectus.

525 2404 653 2459 Sint
694 2405 885 2478 igitur,
919 2409 1120 2480 inquit,
1165 2411 1382 2475 orbitae,
1430 2414 1513 2470 vel
1552 2414 1652 2469 vite
1685 2422 1883 2470 vestras
1923 2415 2104 2483 iasves,

524 2495 705 2568 plana:
725 2506 780 2555 et
804 2500 1065 2569 aequales,
1092 2502 1195 2559 hoc
1215 2515 1322 2571 cst,
1345 2505 1484 2560 nihil
1516 2520 1794 2578 asperum,
1816 2506 1902 2563 vel
1928 2506 2104 2573 triste,

526 2607 613 2645 νει
641 2593 912 2662 intequale
941 2595 1013 2650 sit
1035 2595 1090 2650 in
1124 2597 1416 2653 animabus
1439 2600 1674 2655 vestris:
1702 2616 1889 2656 verum
1923 2616 2108 2672 aequa--

523 2682 657 2738 iiter
683 2695 737 2739 et
771 2688 935 2755 plane
980 2699 1035 2742 et
1072 2688 1210 2744 citra
1271 2705 1564 2746 maerorem
1612 2692 1838 2758 currite,
1887 2703 1948 2748 ut
1998 2708 2106 2748 non

525 2773 1061 2841 claudicantes,hoe
1086 2789 1194 2845 est,
1230 2789 1426 2836 natura
1458 2782 1856 2854 pusillanimes.
1889 2784 2109 2841 Judeeo-

528 2882 654 2922 rum
684 2868 738 2923 in
775 2885 985 2926 morem
1016 2891 1030 2928 :
1060 2873 1226 2944 hujus
1252 2863 1375 2930 fodi
1411 2879 1557 2931 enirn
1582 2893 1716 2949 gens
1749 2886 1831 2933 est
1852 2877 2104 2947 Βουναία,

526 2960 615 3015 vel
665 2960 832 3017 etiam
892 2964 1269 3025 claudicantes
1333 2969 1482 3026 circa
1554 2969 1712 3026 ﬁdem
1774 2971 2105 3045 futurorum,

527 3050 711 3110 adhuc
732 3052 1046 3124 oil‘endutis,
1077 3059 1442 3132 aberrentque
1475 3064 1640 3133 pedes
1662 3064 1853 3129 vestri,
1877 3063 1981 3119 hoc
2001 3074 2107 3128 est,

531 3146 761 3205 omnino
791 3152 1033 3222 perversi
1071 3153 1221 3208 iiant.
1260 3154 1361 3221 Qui
1403 3155 1549 3211 enim
1587 3156 1847 3221 naturali,
1890 3171 1957 3212 ac
1987 3172 2109 3228 qua:

2206 1955 2384 2010 ταῦθα
2408 1955 2482 2017 ὡς
2511 1955 2647 2024 πρὸς
2676 1954 2901 2022 δρομεῖς
2942 1952 3276 2021 διαλέγεται,
3318 1944 3503 2007 καθὼς
3529 1946 3625 1996 καὶ
3652 1942 3797 1995 ἀνιυ-

2206 2048 2351 2116 τέΡω
2391 2043 2584 2115 εἴρηκε
2611 2059 2623 2073 '
2674 2044 2753 2096 Δι’
2783 2040 3097 2110 ὑπομονῆς
3133 2039 3450 2109 τρέχωμεν.
3487 2034 3655 2102 Φησὶν
3677 2029 3794 2093 οὖν,

2206 2136 2507 2206 Ποιήσατε
2558 2135 2800 2206 τροχιὰς
2836 2132 3037 2205 ὀρθάς.
3082 2129 3291 2203 Τροχιά
3335 2129 3392 2183 δέ
3448 2130 3596 2181 ἐστιν
3646 2126 3681 2194 ἢ
3735 2123 3798 2176 τὸ

2211 2231 2354 2303 ἴχνος
2391 2230 2484 2284 τοῦ
2512 2228 2819 2301 ἁρματείου
2849 2225 3068 2298 τροχοῦ,
3097 2225 3127 2279 δ
3156 2224 3299 2277 κατὰ
3326 2223 3428 2291 τῆς
3457 2223 3559 2291 γῆς
3589 2216 3799 2288 χαράτο

2208 2341 2383 2389 τεται,
2434 2321 2468 2391 ἦ
2501 2324 2533 2390 ἡ
2587 2321 2929 2392 ὑποκειμένη
2978 2320 3133 2390 χώρα
3181 2318 3293 2380 τοῖς
3326 2314 3435 2368 τῶν
3490 2310 3799 2383 τρεχόντων

2208 2415 2388 2468 ποσίν.
2442 2414 2724 2467 Ἔστωσαν
2785 2407 2912 2477 οὗν,
2966 2411 3165 2482 φησὶν,
3229 2409 3288 2463 αι
3340 2407 3559 2477 τροχιαὶ
3613 2400 3796 2473 ὑμῶν,

2208 2486 2377 2581 {now
2424 2508 2481 2560 ai
2525 2506 2637 2559 ὁδοὶ
2685 2504 2838 2577 ὑμῶν
2895 2504 3036 2557 λεῖαι
3096 2502 3192 2558 καὶ
3242 2499 3468 2569 duuiani,
3525 2495 3795 2559 τουτέστι,

2213 2603 2382 2674 μηδὲν
2426 2601 2599 2672 τραχὺ
2651 2602 2748 2654 καὶ
2799 2597 3044 2669 λυπηρὸν
3096 2596 3190 2650 καὶ
3227 2592 3514 2665 ἀνώμαλον
3560 2591 3620 2643 ιν
3671 2588 3800 2650 ταῖς

2211 2694 2508 2765 ὑμετέραις
2555 2692 2758 2763 ψυχαῖς
2805 2690 2941 2761 ἤτω,
2996 2688 3114 2743 ἀλλ’
3166 2686 3385 2757 ὁμαλῶς
3431 2684 3529 2738 καὶ
3572 2679 3799 2744 ἀλύπως

2210 2785 2307 2839 καὶ
2351 2784 2511 2846 λείως
2562 2781 2812 2855 τρέχετε,
2852 2781 2943 2834 ἵνα
2985 2780 3058 2850 μὴ
3104 2778 3271 2850 χωλοὶ
3300 2775 3454 2838 ὄντες
3482 2814 3497 2840 ,
3545 2770 3800 2826 τουτέστι

2210 2875 2374 2945 φύσει
2420 2872 2888 2945 μικροψυχότερον
2937 2869 3293 2940 διακείμενοι,
3349 2865 3447 2920 ἆτε
3506 2861 3750 2915 Ἰουδαῖοι
3777 2872 3797 2891 ο

2208 2967 2451 3021 τοιοῦτον
2501 2967 2612 3036 γὰρ
2662 2965 2724 3019 τὺ
2755 2963 2908 3027 ἔθνος
2939 2979 2955 2994 ·
2989 2963 3022 3034 ἢ
3051 2964 3146 3016 καλ⁸
3177 2960 3509 3032 χωλεύοντες
3556 2954 3687 3026 περὶ
3735 2953 3800 3006 τδ

2211 3061 2488 3114 πιστεύειν
2540 3059 2654 3121 τοῖς
2713 3056 3022 3127 μέλλουσιν,
3065 3055 3147 3109 ἔτι
3182 3050 3568 3125 προσπλαγῆτε
3597 3048 3667 3114 ⁷⁸,
3699 3046 3799 3099 καὶ

2213 3151 2563 3224 ὲκτραπῶσιν
2612 3152 2664 3204 οἱ
2721 3151 2881 3212 πόδες
2960 3148 3114 3218 ὑμῶν
3141 3186 3156 3211 ,
3201 3146 3449 3200 τουτέστι
3516 3139 3802 3199 παντελῶς

530 3240 806 3314 principio
835 3243 883 3298 ei
911 3245 1134 3312 accidit,
1164 3246 1617 3314 pusillanimitate
1651 3249 1970 3318 impellitur,
2001 3264 2106 3310 non

2215 3245 2463 3318 στρεϐλοὶ
2502 3244 2791 3310 γένωνται.
2833 3240 2892 3296 Ὀ
2916 3242 3026 3310 γάρ
3053 3242 3120 3312 τῇ
3156 3239 3384 3314 φυσικῇ,
3425 3236 3459 3307 ἢ
3500 3238 3566 3305 τῇ
3599 3233 3659 3300 ἐξ
3692 3235 3801 3306 ἀρ-

528 3333 796 3391 cohibens
826 3337 1094 3407 seipsum,
1140 3338 1235 3394 sed
1283 3339 1488 3395 dedens
1519 3338 1723 3410 potius,
1751 3340 1886 3394 clam
1928 3341 1981 3394 in
2015 3339 2103 3394 de-

530 3427 864 3497 sperationis
898 3429 1261 3500 praecipitium
1314 3431 1542 3486 omnino
1598 3431 1812 3497 incidit,
1871 3432 2009 3488 adeo
2053 3443 2111 3487 ut

527 3516 662 3572 inde
682 3519 770 3573 vix
797 3520 1044 3576 revocari
1069 3520 1263 3592 possit.
1294 3520 1426 3576 Date
1451 3530 1633 3578 autem
1659 3525 1841 3592 potius
1863 3540 2107 3594 operam,

530 3617 596 3665 ut
623 3609 768 3680 quod
810 3610 866 3666 in
918 3611 1077 3668 vobis
1107 3613 1363 3669 claudum
1398 3626 1502 3680 est,
1532 3623 1759 3671 curetur
1790 3632 1807 3671 :
1845 3616 1948 3672 hoe
2003 3626 2109 3683 est,

531 3702 752 3759 etiamsi
785 3704 1055 3760 hactenus
1085 3705 1498 3762 incredulitatis
1531 3708 1782 3763 nonnihil
1815 3708 2108 3775 habuistis,

534 3795 797 3867 corrigite
852 3797 1037 3867 potius
1071 3815 1086 3850 :
1141 3797 1360 3854 ubinam
1400 3799 1544 3855 enim
1578 3808 1728 3857 esset
1766 3800 1817 3855 in
1870 3801 2113 3870 patiente

533 3888 893 3945 incredulitas
920 3890 945 3945 ?
970 3891 1363 3954 Animadverte
1392 3903 1574 3949 autem
1619 3894 1895 3963 quomodo
1935 3894 2113 3948 mani-

532 3976 677 4035 feste
732 3980 957 4037 inducat
1009 3982 1420 4054 paenitentiam,
1479 3992 1645 4057 atque
1699 3986 1844 4043 istud
1880 3986 2111 4043 observa

530 4081 757 4143 propter
807 4072 1162 4132 Novatianos.

602 4162 772 4219 Vsus.
801 4164 890 4220 H.
917 4165 1111 4223 Pacem
1127 4169 1635 4239 persequimitticum
1659 4170 1923 4227 omnibus.
1955 4170 2110 4239 Quod

531 4270 702 4326 supra
748 4255 889 4312 dixit
920 4275 936 4314 :
976 4256 1103 4313 Non
1133 4260 1429 4316 deserentes
1455 4260 1792 4317 collationem
1850 4271 2109 4327 nostram,

531 4348 589 4401 id
653 4362 803 4404 nunc
853 4349 1020 4404 etiam
1053 4350 1187 4423 agit,
1231 4350 1299 4406 ad
1330 4352 1677 4407 dilectionem
1732 4367 2109 4423 congregans:

2212 3341 2314 3411 χῆς
2356 3336 2746 3409 προσπεσούσῃ
2804 3334 3143 3407 μικροψυχίᾳ
3195 3330 3659 3398 συνεπαγόμενος,
3702 3327 3804 3379 καὶ

2216 3431 2292 3505 μὴ
2335 3430 2545 3502 ἀνέχων
2581 3429 2795 3495 ἑαυτὸν,
2834 3427 2952 3481 ἀλλ’
2994 3427 3250 3490 ἐνδιδοὺς,
3287 3422 3541 3478 λανθάνει
3586 3419 3801 3474 παντάα

2213 3541 2380 3578 πασιν
2437 3522 2720 3577 ἐκπίπτων
2766 3523 2849 3586 είς
2916 3519 3009 3575 τδν
3088 3517 3193 3589 τῆς
3244 3514 3611 3585 ἀπογνώσεως
3663 3529 3806 3585 κρη-

2215 3617 2347 3690 μνὸν
2370 3618 2533 3671 "ttat
2578 3615 2966 3679 δυσανάκλιτος
3008 3612 3218 3667 ἐκεῖθεν
3249 3610 3349 3666 ὢν.
3392 3609 3553 3664 Ἀλλά
3596 3607 3807 3677 μᾶλλον

2213 3709 2575 3775 σπουδάσατε,
2618 3707 2709 3762 ἵνα
2733 3706 2857 3777 ἰαθῇ
2888 3704 2952 3760 τὸ
2987 3706 3045 3779 ίψ
3076 3704 3206 3775 ὑμῖν
3257 3700 3517 3773 χωλεῦον,
3551 3698 3808 3753 τουτέστι

2216 3807 2315 3861 κάν
2353 3822 2475 3859 τινα
2513 3800 2776 3858 ἀπιστίαν
2812 3798 2974 3871 ἔχητε
3016 3798 3179 3869 μέχρι
3205 3794 3299 3849 τοῦ
3321 3793 3438 3860 νῦν,
3468 3788 3806 3863 διορθώθητε

2218 3899 2440 3970 μᾶλλον.
2488 3895 2603 3952 Ποῦ
2647 3892 2756 3966 γὰρ
2784 3893 2843 3947 έν
2866 3891 2943 3964 τῷ
2974 3888 3304 3961 ὑπομένοντι
3341 3885 3569 3941 ἀπιστία
3600 3903 3614 3951 ;
3654 3883 3806 3956 Ὅρα

2212 3994 2271 4049 δὲ
2297 3991 2413 4054 πῶς
2440 3989 2654 4057 εἰσάγει
2680 3985 2930 4057 φανερῶς
2958 3983 3060 4055 τὴν
3090 3980 3399 4053 μετάνοιαν,
3430 3979 3529 4032 καὶ
3561 3974 3806 4047 σημείω-

2217 4099 2307 4136 ea:
2337 4081 2495 4135 τοῦτο
2514 4079 2602 4133 διά
2621 4078 2749 4141 τοὺς
2766 4073 3165 4135 Ναυατιανούς.

2282 4172 2547 4243 Εἰρήνην
2574 4170 2814 4225 διώκετε
2836 4165 2988 4238 μετὰ
3016 4165 3279 4221 πάντων.
3329 4162 3511 4231 Ὅπερ
3539 4158 3803 4230 ἀνωτέρω

2215 4261 2334 4320 εἷπε
2361 4282 2378 4298 ·
2438 4264 2533 4333 Μή
2587 4260 3128 4330 ἐγκαταλείποντες
3179 4256 3297 4326 τὴν
3334 4249 3804 4322 ἐπισυναγωγὴν

2218 4355 2467 4425 ἑαυτῶν,
2496 4355 2654 4426 τοῦτο
2679 4354 2776 4409 καὶ
2815 4352 2909 4408 νῦν
2944 4353 3109 4417 ποιεῖ,
3161 4352 3240 4413 είς
3269 4346 3796 4418 ἀγάπηνίσυνάγων.

532 4454 639 4495 nec
677 4440 855 4496 solum
884 4456 1016 4513 erga
1048 4443 1258 4499 amicos
1284 4457 1347 4498 ac
1379 4444 1697 4508 iamiliares,
1733 4459 1917 4500 verum
1944 4446 2106 4499 etiam

2219 4452 2331 4507 Καὶ
2373 4452 2434 4504 ού
2485 4451 2646 4519 μόνον
2687 4447 2827 4519 πρδς
2864 4444 2995 4509 τοὺς
3034 4441 3295 4505 οίκείους,
3324 4438 3467 4494 ἀλλὰ
3510 4436 3609 4493 καὶ
3662 4432 3803 4506 πρὸς

534 4546 665 4602 erga
714 4531 902 4589 hostes
951 4547 1140 4604 pacem
1208 4534 1417 4592 habere
1462 4550 1528 4592 ac
1582 4536 1786 4592 sectari
1832 4537 2106 4591 admonet.

2218 4542 2343 4607 τοὺς
2391 4541 2620 4617 ἐχθροὺς
2665 4534 2972 4611 είρηνεύειν
3024 4534 3299 4606 παραινεῖ.
3352 4528 3514 4587 Μετὰ
3556 4526 3802 4584 πάντων

532 4622 670 4679 Cum
710 4624 954 4681 omnibus
1005 4627 1174 4690 enim,
1214 4626 1412 4698 inquit,
1444 4637 1499 4684 et
1528 4627 1751 4694 Graecis,
1785 4635 1840 4682 ct
1889 4627 2106 4695 Judaeis,

2215 4635 2345 4704 γὰρ,
2400 4635 2556 4705 φησὶ,
2601 4632 2697 4686 καὶ
2748 4628 3041 4700 Ἑλλήνων,
3072 4627 3167 4681 καὶ
3212 4624 3506 4688 Ἰουδαίων,
3548 4619 3645 4675 καὶ
3690 4620 3802 4673 τῶν

532 4725 591 4772 ct
638 4716 911 4773 hostibus.
963 4717 1236 4784 Quantum
1263 4720 1433 4787 enim,
1467 4721 1669 4791 inquit,
1725 4722 1781 4776 in
1820 4722 1965 4778 vobis
2012 4731 2106 4790 est,

2215 4723 2447 4795 ἐχθρῶν.
2473 4724 2665 4777 Ὅσον
2701 4719 2832 4791 γὰρ,
2874 4719 3030 4790 φησὶ,
3063 4717 3154 4787 ἐφ’
3193 4714 3355 4785 ὑμῖν,
3379 4712 3529 4781 μετὰ
3558 4709 3801 4764 πάντων

532 4823 654 4863 cum
684 4808 924 4867 omnibus
949 4809 1249 4866 hominibus
1275 4828 1458 4880 pacem
1506 4812 1690 4869 habete
1717 4813 1783 4869 “.
1819 4813 1876 4869 Si
1919 4815 2106 4883 hujus-

2215 4813 2541 4885 ἀνθρώπων
2573 4813 2930 4881 εἰρηνεύετε.
2977 4810 3104 4864 Ἐὰν
3134 4808 3190 4862 δὲ
3238 4805 3495 4875 τοιαύτην
3537 4801 3798 4874 πρόθεσιν

530 4901 684 4958 modi
708 4902 1049 4973 propositum
1075 4903 1398 4970 habueritis,
1427 4920 1538 4960 non
1563 4907 1716 4961 eritis
1741 4908 2106 4977 pusillanimes

2215 4907 2401 4979 ἔχητε,
2447 4906 2600 4960 οὐδὲν
2661 4902 3107 4976 μικροψυχήσετε
3144 4894 3600 4968 ἐπηρεαζόμενοι.
3658 4891 3801 4958 Ὅρα.

534 4994 594 5048 in
643 4991 958 5050 aiilictione.
1015 4992 1225 5061 Reputa
1282 4995 1449 5054 etiam
1510 4997 1655 5068 quod
1704 4998 1869 5071 750
1924 4998 2106 5052 dixit:

2218 5001 2276 5055 δὲ
2303 5000 2396 5055 καὶ
2431 4999 2509 5065 τὸ,
2542 4997 2807 5063 Διὼκετε,
2832 4995 3079 5051 τουτέστι
3113 4994 3208 5055 καὶ
3245 4989 3434 5063 πόρρω
3483 4984 3652 5040 οὖσαν
3698 4983 3798 5052 τὴν

536 5085 944 5160 Persequimini,
973 5085 1073 5144 hoc
1106 5098 1209 5155 est,
1234 5103 1444 5159 pacem,
1462 5091 1625 5147 etiam
1649 5106 1772 5162 qua:
1796 5091 1983 5160 procul
2007 5100 2106 5158 est,

2221 5092 2449 5165 εἰρήνην
2473 5087 2807 5154 σπουδάζετε
2831 5084 3183 5152 καταλαϐεῖν,
3214 5082 3351 5156 πρὸς
3371 5076 3600 5143 ἑαυτοὺς
3633 5073 3795 5147 ἐφέλ-

537 5177 758 5235 studete
789 5179 1275 5250 comprehendere,
1327 5195 1446 5238 eam
1507 5183 1575 5239 ad
1612 5197 1707 5240 vos
1749 5183 1900 5255 ipsos
1941 5193 2113 5239 attra-
2220 5201 2428 5247 κοντες.

536 5270 754 5329 hentcs.

504 5415 507 5418 t
611 5364 681 5417 Et
713 5364 1144 5420 sanctimoniam.
1169 5365 1283 5421 lloc
1309 5373 1414 5431 est,
1447 5368 1740 5437 puritatem
1769 5385 1783 5422 :
1818 5367 1862 5422 si
1889 5366 2106 5435 quidem

2291 5369 2394 5423 Καὶ
2446 5369 2552 5422 τὸν
2586 5367 2907 5436 ἁγιασμόν.
2948 5356 3231 5425 Τουτέστι,
3267 5360 3364 5430 τὴν
3401 5355 3751 5427 καθαρότητα
3774 5369 3790 5385 ο

536 5456 802 5526 innuptas
864 5455 1134 5526 quispiam
1194 5471 1298 5527 est,
1366 5461 1774 5530 virginitatem;
1826 5463 1870 5515 si
1927 5468 2106 5514 autem

2219 5461 2268 5514 εἰ
2308 5460 2406 5529 μὲν
2435 5457 2648 5526 ἄγαμός
2681 5456 2796 5510 ἐστί
2839 5471 2944 5520 τις,
2993 5452 3277 5525 φυλάττων
3313 5448 3412 5522 τὴν
3452 5444 3747 5518 παρθενίαν
3770 5458 3790 5476 ⁸

608 5640 650 5669 ⁶²
685 5636 842 5696 Rom.
877 5655 975 5706 xu,
1008 5640 1061 5696 8.

1876 5728 2073 5791 Variae
2115 5729 2444 5791 lectiones.

606 5835 655 5871 ⁷⁸
679 5834 1000 5900 ἀνιαθέντας
1032 5837 1150 5893 ἐκεῖ
1174 5835 1471 5893 ἀναπαύων
1503 5849 1555 5889 o.
1634 5835 1677 5868 "
1716 5831 2102 5906 προσπληγῆτε
2141 5849 2214 5886 tn.
2291 5832 2337 5864 7'
2376 5830 2536 5903 βυθὸν
2565 5846 2619 5886 0.
