4192 6294
367 366 737 394 ~—-.._..~A:m
752 368 991 378 ...ραν-ιον
1023 368 1041 377 ε
1062 369 1226 379 »σο-..η-
1252 367 1717 395 vq—a=-—q-—a~u—-
1746 390 1757 394 _
1786 372 1837 381 νυ
1874 370 3155 398 -υε-ξ--ἕντ-’ὴ-ω-*ς-..ῳοο-ω..-
3201 380 3258 389 —u.-
3273 380 3341 390 ω»

864 581 1971 768 BONIFACII
2159 564 3038 768 FINETTI

1504 949 1784 1009 ORDINIS
1845 950 2409 1011 PREDICA'I‘OIWM

508 1152 645 1267 IN
781 1151 1431 1274 TERTIUM
1578 1132 2183 1274 TOMUM‘
2302 1159 3427 1284 THEOPHYLACTI

1615 1418 2311 1516 PRIEFATIO.

2184 370 2830 399 »ἀφήῃ-οφ...
2840 376 3033 388 .4...—
3046 380 3063 387 .-

426 1778 476 1837 f.
510 1776 670 1870 Cum
710 1777 826 1840 viri
863 1781 1256 1859 gravissimi,
1288 1799 1569 1864 quorum
1602 1780 1983 1843 austeritate
2033 1784 2424 1844 commoveri
2466 1803 2568 1850 me
2598 1788 3048 1867 aquissimum
3092 1798 3250 1865 erat,
3300 1790 3595 1870 impense

352 1869 567 1955 aptare
593 1897 665 1942 se
703 1880 860 1943 mihi
893 1881 1391 1961 signiﬁcassent,
1433 1890 1501 1944 ut
1533 1880 1704 1944 tertii
1744 1880 1940 1960 hujus
1965 1879 2201 1942 edendi
2235 1885 2388 1945 torui
2417 1884 2481 1947 in
2518 1904 2619 1950 me
2655 1906 2872 1950 curam
2907 1890 3285 1969 reciperem,
3315 1869 3601 1959 laborem

354 1979 519 2072 hunc
575 1981 1067 2046 detrectandum
1118 1983 1275 2048 mihi
1323 1983 1593 2047 minime
1641 1982 1896 2054 censui,
1939 1984 2291 2059 prtesertim
2342 2002 2489 2047 cum
2516 1987 2590 2061 ii,
2631 1988 2744 2066 qui
2787 2005 2911 2051 suo
2962 2006 3064 2053 me
3104 2010 3268 2069 pene
3318 1994 3601 2075 imperio

349 2079 732 2159 compellere
762 2086 1155 2161 potuissent.
1195 2101 1310 2166 pro
1340 2084 1578 2147 eximia
1624 2083 2020 2147 humanitate
2051 2100 2169 2146 sua
2195 2083 2276 2147 ad
2307 2084 2372 2147 id
2422 2088 2712 2152 muneris
2759 2089 3175 2154 subeundum
3209 2097 3604 2173 persuadere

353 2180 588 2244 ratione
613 2182 997 2261 maluerint;
1032 2187 1356 2249 neminem
1402 2186 1654 2249 aientes
1686 2184 1750 2248 id
1784 2183 1990 2265 magis
2020 2184 2274 2257 decere,
2334 2203 2524 2265 quam
2553 2206 2678 2262 me,
2719 2191 2837 2271 qui
2878 2191 3119 2257 inedita
3143 2195 3604 2278 'l‘heOphylacti

354 2283 584 2360 Opera,
614 2285 857 2366 quibus
892 2286 1047 2350 tomi
1085 2285 1274 2349 istius
1309 2303 1451 2366 pars
1490 2286 1768 2349 maxima
1794 2292 2067 2360 constat,
2098 2285 2319 2350 Latine
2352 2290 2655 2351 vertenda
2697 2290 3164 2369 suscepissem.
3210 2296 3370 2358 Cum
3408 2298 3605 2376 igitur

354 2382 423 2443 ad
462 2383 556 2459 id,
588 2387 762 2463 quod
794 2387 941 2451 sine
975 2385 1230 2465 piaculo
1270 2403 1569 2450 recusare
1604 2386 1709 2448 vix
1744 2394 2052 2464 poteram,
2087 2386 2599 2467 aggrediendum
2638 2390 2929 2453 animum
2957 2392 3384 2473 appulissent,
3417 2395 3609 2460 facile

356 2483 674 2560 intellexi,
705 2489 1026 2568 assumpti
1054 2496 1296 2568 partem
1322 2488 1545 2570 operis
1573 2505 1721 2552 esse
1747 2487 2060 2551 nonnulla
2093 2487 2159 2552 in
2192 2495 2437 2551 tomum
2489 2492 2792 2553 eumdem
2834 2493 3112 2571 praeteri,
3159 2495 3403 2575 quibus
3450 2515 3608 2574 ape-

357 2607 514 2661 rum,
548 2609 698 2670 qum
748 2593 1063 2666 continet,
1107 2594 1506 2674 laborisque,
1546 2609 1744 2674 quem
1772 2593 1839 2656 in
1885 2595 2115 2658 eodem
2165 2594 2515 2675 insumpsi,
2557 2595 2875 2659 rationem
2918 2595 3203 2680 aliquam
3256 2584 3607 2666 lectoribus

356 2688 710 2754 redderem.
744 2694 882 2768 Qua
910 2694 974 2755 in
1011 2712 1077 2755 re
1106 2693 1265 2757 illud
1299 2694 1591 2756 omnium
1624 2694 1832 2773 primo
1856 2693 2259 2773 purgandum
2284 2692 2642 2769 videretur,
2665 2695 2838 2775 quod
2863 2696 3094 2760 tertius
3118 2696 3241 2761 iste
3268 2699 3604 2781 TheOpbj'-

359 2792 493 2855 lacti
527 2804 742 2857 tomus
775 2798 977 2860 multo
1005 2797 1279 2860 fortasse
1310 2797 1550 2871 serius,
1590 2812 1782 2875 quam
1813 2813 1965 2873 spes
1993 2796 2157 2859 facta
2184 2795 2447 2872 fuisset,
2484 2796 2553 2859 in
2587 2795 2799 2859 lucem
2839 2816 3015 2863 nunc
3035 2798 3299 2863 demum
3333 2800 3609 2881 profera-

361 2901 489 2969 tur;
548 2897 674 2957 nisi
715 2915 863 2975 qnm
903 2897 1179 2961 dicenda
1209 2896 1489 2960 inferius
1520 2896 1680 2959 mihi
1712 2904 1889 2971 sunt,
1939 2896 2159 2961 labore
2210 2913 2316 2960 me
2347 2896 2475 2959 isto
2523 2897 2835 2961 levarent.
2869 2901 2958 2961 Ex
2999 2898 3083 2962 iis
3115 2901 3294 2963 enim
3349 2900 3611 2981 planum

355 3004 885 3075 compertumque
915 2995 1049 3070 (iet,
1070 2994 1324 3058 nullius
1346 2995 1626 3070 incuria,
1650 2994 1764 3058 sed
1798 2994 1892 3058 rei
1919 2994 2155 3061 melius
2180 2996 2481 3076 gerendae
2509 2997 2731 3060 studio
2764 3013 3006 3061 meram
3036 3005 3273 3062 tantam
3313 3001 3613 3082 injectam

356 3097 583 3162 fuisse.
625 3098 784 3160 Cum
821 3114 1099 3179 namque
1135 3099 1439 3180 pleraque
1468 3116 1665 3179 opera
1694 3117 1841 3180 quae
1871 3094 2175 3164 volumen
2208 3096 2385 3161 istud
2417 3096 2894 3179 complectitur,
2925 3106 3039 3162 aut
3065 3099 3415 3164 admodum
3449 3120 3611 3181 rara,

364 3209 468 3261 aut
500 3199 695 3279 plane
736 3202 977 3265 inedita
1014 3200 1252 3277 forent,
1284 3217 1357 3265 ac
1387 3203 1679 3285 quaedam
1715 3202 1909 3267 etiam
1940 3200 2190 3266 detecta
2243 3202 2717 3278 recentissima,
2768 3200 2832 3262 in
2864 3199 2951 3262 iis
2981 3199 3374 3285 colligendis
3410 3204 3611 3287 (quod

359 3306 618 3369 normisi
663 3306 874 3369 aliena
908 3321 1103 3386 Opera
1139 3306 1427 3386 prmstari
1460 3307 1757 3387 poterat),
1794 3308 1860 3370 in
1907 3305 2295 3388 eisdemque
2322 3306 2399 3369 ad
2453 3304 2707 3387 prelum
2761 3307 3063 3384 parandis
3107 3309 3254 3388 plus
3299 3310 3611 3389 temporis

359 3409 598 3472 insumi
634 3409 1146 3489 Oportuit-quam
1194 3409 1562 3490 putabatur.
1606 3410 1880 3473 Necesse
1917 3410 2135 3490 itaque
2171 3409 2298 3472 fuit
2347 3418 2619 3488 emptam
2665 3406 2819 3470 tomi
2865 3405 3063 3485 hujus
3116 3409 3612 3490 impressionem

358 3510 746 3592 aliquandiu
779 3510 1232 3574 intermittere.
1273 3514 1511 3574 Verum
1552 3528 1631 3575 ne
1673 3511 1934 3573 interim
1961 3527 2067 3573 res
2096 3509 2365 3575 omnino
2397 3517 2463 3572 et
2489 3509 2924 3590 undequaque
2955 3527 3276 3589 suspensa
3303 3518 3611 3583 niarxeret,

358 3619 420 3676 et
455 3629 538 3676 ne
580 3612 728 3691 plus
755 3628 946 3691 tequo
977 3611 1422 3675 studiosorum
1455 3612 1790 3675 hominum
1822 3610 2222 3690 exSpectatio
2255 3609 2749 3689 produceretur,
2782 3611 3053 3673 solertes
3082 3610 3390 3674 editionis
3421 3609 3613 3688 hujus

361 3723 697 3778 curatores
733 3721 977 3776 tomum
1011 3722 1340 3794 quartum,
1368 3716 1484 3797 qui
1517 3722 1580 3779 et
1620 3717 1893 3779 ultimus
1928 3714 2095 3788 erit,
2131 3714 2310 3795 prelo
2333 3715 2817 3797 subjiciendum
2848 3721 3179 3789 curarunt,
3236 3720 3306 3777 ut
3343 3730 3473 3793 quo
3504 3730 3613 3776 se-

363 3828 496 3890 rius
527 3824 811 3888 studiosi
842 3825 1105 3888 tertium
1134 3825 1332 3887 istum
1364 3821 1719 3904 accipiunt,
1745 3840 1825 3885 eo
1852 3820 2181 3885 maturius
2206 3821 2338 3882 sint
2370 3829 2613 3883 tornum
2648 3819 2951 3883 ultimum
2975 3817 3320 3895 .accepturi
3360 3839 3374 3875 :
3422 3817 3615 3897 cujus

362 3949 505 3995 cum
537 3929 890 4006 impressio
922 3929 1194 3991 multum
1226 3942 1564 4009 progressa
1586 3926 1718 4006 jam
1750 3924 1859 3996 sit,
1887 3922 2179 4003 polliceri
2216 3931 2394 3986 certo
2425 3939 2796 4002 possumus,
2848 3938 2998 3984 eum
3068 3916 3293 4000 paucis
3345 3919 3616 3996 posthac

368 4034 706 4107 mensibus
740 4028 1149 4108 proditurum
1194 4029 1263 4092 in
1295 4030 1529 4092 lucem.
1569 4030 1774 4102 Quam
1804 4042 1961 4090 sane
1992 4025 2254 4087 brevem
2288 4024 2667 4087 dilationem
2703 4039 2783 4086 eo
2817 4022 3104 4102 aequiore
3133 4020 3353 4082 animo
3375 4019 3612 4082 tolera-

367 4133 455 4195 bit
484 4130 846 4195 benevolns
877 4130 1103 4205 lector,
1147 4146 1281 4205 quo
1324 4128 1630 4208 majorem
1656 4133 1753 4190 est
1790 4144 1869 4190 ex
1901 4125 2096 4207 hujus
2129 4122 2487 4189 voluminis
2518 4122 2797 4187 lectione
2838 4122 3232 4202 voluptatem
3274 4125 3616 4198 perceptu-

369 4253 474 4299 rus
529 4254 683 4301 cum
734 4241 818 4298 ob
863 4232 1170 4298 eximiam
1220 4248 1491 4309 eperum
1543 4231 1605 4292 in
1657 4247 1738 4292 eo
1788 4233 2243 4292 eontentor-um
2300 4222 2756 4303 praestantiam,
2802 4231 2939 4287 tum
2992 4231 3250 4303 prepter
3288 4223 3614 4309 insignem

370 4336 749 4402 earumdem
781 4335 1176 4403 varietatem,
1212 4349 1337 4411 qua
1371 4332 1720 4409 prmscrtim
1754 4330 1865 4402 iis.
1903 4327 2017 4409 qui
2048 4327 2180 4406 jam
2212 4326 2373 4389 editi
2419 4333 2595 4398 sunt,
2648 4333 2860 4387 tomus
2896 4325 3017 4387 iste
3070 4325 3399 4405 praecellit.
3454 4307 3617 4387 Cum

369 4439 537 4501 enim
572 4438 894 4518 excgctica
925 4435 1022 4498 illi
1055 4441 1303 4498 tantum
1337 4448 1533 4512 Opera
1560 4432 1930 4504 exhibeant,
1991 4428 2098 4491 hic
2121 4436 2184 4491 et
2221 4430 2564 4508 cxsgctica,
2598 4435 2659 4489 et
2690 4426 2998 4496 oratoria,
3039 4432 3101 4487 et
3128 4444 3333 4498 sacra,
3360 4432 3425 4488 et
3456 4443 3617 4505 pro-

372 4545 543 4623 fana,
576 4551 642 4605 et
670 4541 1004 4611 historica,
1029 4544 1092 4600 et
1108 4535 1407 4620 politian,
1444 4543 1506 4597 et
1534 4534 1897 4623 dogmatica
1919 4531 2089 4596 haud
2121 4530 2479 4611 injucunda
2511 4545 2665 4591 sane
2695 4525 3115 4607 permistione
3143 4526 3618 4605 complectitur,

376 4622 440 4704 ut
472 4649 647 4720 patet
685 4657 766 4702 ex
797 4638 1087 4717 ipsorum
1120 4651 1393 4713 Operum
1428 4622 1741 4712 catalogo.
1774 4632 1890 4712 qui
1921 4646 2207 4711 sequens
2243 4636 2366 4692 est.
2398 4630 2444 4690 l.
2479 4626 2981 4691 Commentarios
3012 4627 3079 4688 in
3106 4624 3267 4688 Acta
3291 4624 3619 4707 apostolo-

375 4764 531 4817 rum,
564 4742 783 4804 editus
818 4739 977 4800 olim
1014 4756 1046 4800 a
1079 4736 1323 4799 Sifano.
1354 4735 1432 4798 ll.
1462 4732 1642 4796 Alter
1672 4732 1740 4794 in
1773 4731 1999 4796 eadem
2035 4733 2187 4794 Acta
2216 4730 2715 4793 Commentarius
2748 4746 2974 4793 recens
3004 4736 3229 4793 erutus
3265 4745 3346 4792 ex
3379 4727 3618 4792 biblio-

380 4845 555 4909 theca
587 4846 912 4905 Vaucana.
948 4841 1059 4902 IIl.
1085 4837 1587 4902 Commentarius
1613 4837 1680 4898 in
1707 4833 2035 4915 Epistolas
2075 4832 2455 4896 Catholicas.
2493 4832 2598 4892 IV.
2628 4830 2852 4893 Oratio
2889 4832 2958 4893 in
3005 4828 3445 4894 adorationem
3467 4849 3619 4891 cru-

377 4949 488 5009 cis.
522 4948 600 5008 V.
642 4943 864 5007 Oratio
901 4942 970 5003 in
1000 4940 1548 5019 prmscntationem
1577 4938 1650 4997 B.
1689 4938 1913 4998 Maria:
1950 4934 2258 5012 Virginis.
2298 4935 2403 4995 Vl.
2435 4933 2826 5011 Martyrium
2855 4929 3212 5010 quindecim
3245 4940 3621 5009 martyrum,

380 5049 486 5127 qui
524 5046 697 5126 passi
733 5051 881 5106 sunt
914 5042 1268 5120 imperante
1296 5039 1560 5101 .lulianu
1598 5040 1923 5117 Apostata.
1952 5036 2092 5098 VII.
2123 5034 2445 5097 Allocutio
2475 5035 2550 5096 de
2579 5036 2660 5099 iis
2684 5035 2754 5095 in
2786 5033 3011 5113 quibus
3041 5031 3260 5096 Latini
3285 5034 3620 5112 reprehen-

381 5152 620 5211 duntur
653 5166 693 5206 ιι
722 5145 982 5206 Graecis.
1017 5142 1187 5203 VIII.
1218 5139 1554 5202 institutio
1586 5139 1761 5217 regia
1811 5136 1895 5197 ad
1924 5137 2413 5199 Constantinum
2442 5133 3086 5214 Porphyrogenitum.
3117 5134 3227 5194 IX.
3252 5131 3624 5191 Enromium

382 5256 448 5315 in
486 5253 930 5330 imperatorem
962 5244 1256 5306 Alexium
1287 5244 1688 5306 Comnennm.
1723 5245 1806 5305 Χ.
1841 5241 2150 5319 Epistula:
2171 5241 2404 5320 viginti
2428 5257 2659 5302 recens
2685 5246 2887 5302 erutae
2924 5255 3001 5300 ex
3035 5235 3420 5298 bibliotheca
3460 5235 3622 5296 l'ati-

388 5376 561 5417 rana.
594 5356 709 5416 XI.
747 5354 1044 5414 Extrema
1088 5366 1230 5426 pars
1259 5348 1531 5411 homilite
1559 5348 1919 5411 undecimae
1956 5346 2020 5407 in
2054 5346 2619 5407 Resurrcctionem.
2656 5343 2799 5404 XII.
2831 5339 3326 5405 Commentarios
3368 5338 3434 5397 in
3470 5336 3623 5396 Actu

386 5455 816 5535 apostolorum
843 5469 922 5512 ex
959 5450 1342 5512 bibriotheca
1388 5447 1755 5508 Florentino
1793 5444 2095 5508 Mediam.
2129 5447 2306 5507 XIII.
2353 5444 2655 5525 Epistolae
2682 5462 2721 5503 α
2753 5441 3035 5506 Mcursio
3071 5449 3129 5500 et
3160 5437 3373 5499 Lamia
3423 5435 3621 5497 edit-te.

386 5558 702 5633 Quoniam
740 5570 892 5616 vero
925 5553 1005 5614 de
1038 5552 1343 5613 omnibus
1379 5551 1478 5612 his
1508 5550 1723 5628 aliqua
1754 5546 2203 5625 prmmonenda
2234 5554 2406 5617 sunt,
2442 5560 2573 5624 quo
2595 5546 2878 5624 quisque
2907 5542 2983 5602 ad
3017 5555 3243 5600 eorum
3280 5536 3622 5597 lectionem

388 5658 632 5720 accedat
667 5653 965 5733 paratior,
1000 5650 1442 5713 P-rml'ationem
1482 5650 1639 5714 hanc
1674 5648 1737 5711 in
1778 5645 2039 5709 totidem
2074 5654 2226 5725 quot
2277 5652 2481 5723 partes
2515 5643 2669 5704 torni
2706 5640 2898 5718 hujus
2935 5648 3108 5711 sunt,
3156 5634 3437 5699 dividam
3478 5653 3619 5696 see-

447 5804 463 5823 '
490 5803 727 5854 Iiditiouis
754 5802 953 5852 Vettth
979 5812 1120 5868 quam
1146 5795 1416 5857 sequimur.
