4192 6294
520 332 622 398 607
1508 341 1892 404 ΒΟΝΙΕΑΟΗ
1957 342 2175 405 FINE'I

2117 344 2270 406 ΞΤΤΙ
2316 342 2715 408 ΡΒᾸΞΡΛἸΊΟ
3661 349 3772 415 408

517 451 753 523 tiones,
778 467 922 513 cum
962 454 1219 550 majoris
1254 453 1556 517 claritatis
1596 460 1822 537 gratia,
1867 468 1999 521 tum
2034 468 2100 523 ut
2127 463 2436 542 quisque,
2462 480 2606 542 quae
2633 465 2709 526 ad
2731 462 2989 546 singula
3041 476 3520 547 prmmonentur
3546 484 3769 550 Opera,

521 553 800 625 reperire
841 568 957 631 pro
1000 554 1182 617 libito
1217 558 1443 636 possit.

1944 690 2231 753 SECTIO
2291 691 2338 752 ι.

1192 811 1281 869 De
1311 810 1773 874 Commentario
1802 813 1871 874 in
1903 812 2062 874 Acta
2103 814 2539 894 apostolorum
2567 817 2733 879 edito
2762 837 2801 879 α
2832 819 3079 901 Sifano.

598 955 676 1017 11.
713 959 998 1037 Operum
1024 965 1345 1032 omnium.
1374 980 1523 1046 qum
1552 968 1669 1030 hoc
1707 968 2037 1030 volumine
2058 971 2493 1042 continentur,
2516 984 2740 1051 agmen
2772 973 2951 1035 ducit
2979 975 3478 1039 Commentarios
3515 976 3578 1037 in
3610 971 3777 1035 Acta

516 1055 979 1134 apostolorum,
1020 1062 1238 1125 Latine
1275 1081 1498 1126 versus
1527 1065 1875 1145 editusque
1915 1085 1946 1129 a
1980 1071 2322 1131 Laurentio
2354 1070 2573 1132 Sit‘ano
2607 1071 3051 1146 Prunst‘eldio,
3077 1074 3134 1136 Ι.
3163 1074 3233 1135 U.
3257 1075 3545 1149 doctore,
3576 1075 3778 1137 Colo-

522 1152 647 1214 nim
674 1158 845 1234 apud
880 1158 1164 1222 ltazredcs
1206 1163 1469 1226 Arnoldi
1516 1165 1922 1228 Birckmanni
1971 1183 2143 1228 anno
2189 1168 2364 1230 1557.
2401 1171 2558 1243 Quae
2600 1169 2698 1231 illi
2749 1172 3005 1232 occasio
3040 1169 3235 1251 hujus
3277 1172 3513 1233 edendi
3547 1172 3776 1251 Operis

521 1256 739 1331 fuerit,
777 1261 1035 1353 quodve
1063 1263 1437 1336 consilium,
1471 1283 1596 1346 qua
1634 1268 1694 1328 in
1733 1285 1808 1329 eo
1846 1270 2062 1331 Latine
2097 1272 2401 1332 vertendo
2449 1289 2607 1333 usus
2641 1273 2724 1332 sit
2768 1273 3134 1352 diligentia,
3165 1271 3324 1353 quid
3377 1272 3637 1333 demum
3689 1271 3771 1331 ad

521 1354 663 1433 ejus
695 1350 1152 1433 perfectionem
1188 1361 1577 1439 prmstiterit,
1610 1365 1748 1444 ipse
1778 1367 2060 1430 declarat
2089 1381 2237 1432 cum
2275 1372 2334 1432 in
2374 1372 2840 1448 nuncupatoria
2867 1350 3148 1450 Iipislola
3186 1350 3258 1435 ad
3292 1372 3618 1450 angeros
3645 1369 3775 1431 fra-

520 1468 672 1532 tres,
710 1467 844 1521 tum
874 1460 939 1522 in
974 1462 1167 1525 altera
1203 1466 1277 1527 ad
1309 1467 1623 1531 Joannem
1655 1471 2039 1535 Sambucum
2069 1495 2086 1544 ;
2119 1490 2277 1554 quas
2332 1474 2571 1539 idcirco
2600 1475 2717 1540 hac
2762 1477 2827 1540 in
2860 1477 3147 1540 editione
3191 1475 3775 1554 prmtermitteudas

520 1575 645 1621 non
680 1560 862 1624 duxi.
895 1565 1124 1630 Versio
1154 1569 1309 1629 satis
1342 1578 1634 1634 accurata
1669 1590 1740 1634 ac
1772 1574 1967 1637 nitida
2002 1586 2121 1640 est.
2147 1578 2223 1639 At
2255 1579 2628 1654 dolendum,
2653 1584 2854 1659 quod,
2879 1593 3025 1642 cum
3053 1562 3368 1654 Graii-um,
3423 1595 3554 1658 quo
3605 1595 3773 1639 usus

516 1666 638 1732 est,
673 1666 920 1725 textum
959 1677 1333 1746 corruptum
1374 1674 1760 1737 mutilumve
1793 1675 2149 1740 identidem
2180 1679 2555 1753 detexisset,
2587 1687 2697 1743 aut
2738 1683 2961 1743 saltem
3016 1682 3401 1749 dubitasset,
3456 1680 3520 1741 id
3553 1678 3770 1740 solum

515 1759 594 1820 ad
629 1762 981 1840 marginem
1002 1769 1307 1832 adnotare
1338 1780 1710 1849 contentus,
1740 1777 2002 1856 fontem,
2030 1778 2203 1840 unde
2230 1778 2335 1841 illa
2370 1780 2649 1843 manavit
2680 1774 3039 1859 Expositio,
3062 1795 3294 1859 nempe
3318 1778 3535 1859 Magni
3567 1780 3774 1857 Chr)"

516 1867 784 1927 sestomi
840 1868 905 1932 in
941 1874 1091 1935 Acta
1131 1878 1571 1952 aphsthlorum
1610 1880 1952 1952 Romilius,
1997 1882 2345 1946 consulere
2392 1889 2455 1946 et
2495 1885 2867 1962 expendere
2907 1884 3002 1947 vel
3051 1883 3436 1964 neglexerit,
3474 1882 3571 1945 vel
3604 1868 3663 1942 ei
3703 1883 3770 1940 in

519 1969 798 2030 mentem
844 1987 972 2032 non
1013 1976 1302 2048 venerit;
1339 1976 1508 2039 haud
1536 1976 1709 2040 enim
1739 1979 1990 2053 dubito,
2024 1983 2183 2060 quin
2221 1981 2337 2045 hac
2365 1984 2614 2046 ratione
2657 1984 2954 2063 plerique
2996 1991 3207 2046 textus
3230 1985 3330 2046 sui
3370 1984 3500 2047 loca
3532 1982 3772 2044 sarcire

516 2080 589 2132 ac
619 2075 965 2139 enitendare
1004 2080 1342 2157 potuisset.
1387 2083 1526 2144 Hoc
1557 2098 1712 2145 sane
1745 2083 2025 2147 feliciter
2068 2103 2102 2148 a
2134 2103 2243 2155 me,
2280 2088 2635 2165 praestitum
2670 2105 2839 2161 esse,
2872 2105 2951 2149 ex
2985 2088 3478 2158 Commentario,
3514 2086 3625 2165 qui
3658 2104 3771 2148 sed

516 2174 765 2253 quitur,
804 2178 1003 2243 lector
1037 2182 1206 2246 clare
1268 2184 1635 2262 perspiciet.
1674 2187 1872 2260 Quin,
1908 2198 2050 2249 Cum
2079 2184 2436 2266 periculum
2468 2188 2733 2252 fecerim
2763 2190 2843 2254 de
2873 2189 3207 2270 aliquibus
3243 2188 3425 2257 locis,
3458 2205 3768 2269 quaeeor-

521 2285 703 2369 rupta
742 2278 837 2339 vel
871 2280 1162 2345 mutilata
1202 2289 1432 2350 merito
1465 2288 1835 2364 suspicatus
1868 2296 1965 2349 est
1993 2288 2129 2364 ipse
2161 2289 2440 2362 Silanus,
2478 2288 2663 2351 facile
2687 2290 3000 2369 comperi,
3038 2290 3413 2353 eorumdem
3448 2289 3779 2351 defectum

523 2367 975 2472 hujuscemodi
1014 2383 1358 2448 collatione
1392 2389 1671 2467 reparari
1724 2389 2060 2449 commode
2102 2390 2420 2466 potuisse.
2456 2389 2575 2451 Sed
2612 2405 2749 2461 cur,
2797 2367 3080 2468 inquies,
3114 2405 3235 2467 ego
3268 2387 3408 2464 ipse
3443 2403 3568 2448 non
3607 2404 3774 2465 prm‘

522 2476 680 2553 stiti,
707 2481 878 2557 quod
912 2496 946 2543 a
973 2480 1195 2547 Sit’ano
1220 2488 1352 2549 fieri
1385 2489 1691 2551 debuisse
1724 2487 2078 2568 putabam?
2107 2488 2271 2562 Quia
2304 2489 2550 2551 scilicet
2583 2490 2648 2551 in
2678 2490 2962 2552 alienum
3005 2505 3170 2568 Opus
3226 2504 3485 2553 manum
3524 2489 3771 2551 immita

522 2577 656 2645 tere
689 2583 895 2648 nolui.
930 2588 1202 2651 Unicum
1243 2608 1391 2654 vero
1429 2593 1667 2668 locum,
1710 2612 1902 2671 quem
1942 2594 2118 2655 edito
2155 2595 2215 2654 in
2249 2601 2425 2657 textu
2458 2594 2675 2657 ϐρωοο
2709 2611 2834 2657 non
2870 2594 3139 2667 codicis,
3181 2601 3252 2655 ut
3282 2609 3401 2673 ego
3432 2601 3610 2669 puto,
3649 2600 3770 2654 de-

520 2678 715 2756 fectu,
742 2701 950 2758 neque
975 2688 1172 2750 Sifani
1200 2694 1540 2767 culpa,sed
1569 2709 1736 2752 mera
1776 2691 2152 2769 typographi
2179 2692 2449 2763 incuria,
2480 2692 2646 2753 linea
2684 2692 2926 2770 integra
2953 2693 3311 2753 mutilatum
3342 2691 3773 2768 deprehendi,

525 2789 600 2845 eis
638 2786 1083 2867 Chrysostomi
1120 2791 1295 2855 fonte
1334 2794 1566 2857 sarcivi
1607 2816 1622 2855 :
1663 2801 1729 2856 ut
1769 2794 1986 2855 videre
2018 2803 2198 2872 potes
2235 2812 2374 2873 pag.
2413 2797 2507 2855 11.
2550 2795 3097 2856 Commentarium
3147 2792 3344 2872 igitur
3376 2793 3595 2864 istum,
3638 2802 3704 2851 ut
3739 2808 3771 2852 a

531 2885 779 2948 laudato
808 2886 1033 2952 Sifano
1070 2890 1285 2954 editus
1320 2900 1437 2966 est,
1478 2895 1617 2971 ipse
1651 2893 2090 2956 recudendum
2126 2896 2343 2955 curavi
2384 2910 2399 2953 :
2435 2893 2563 2955 nisi
2590 2892 2762 2972 quod
2802 2910 2881 2954 ex
2915 2909 3036 2954 usu
3079 2892 3389 2954 lectorum
3421 2909 3565 2953 esse
3613 2909 3770 2953 cen-

522 2984 652 3057 sul,
688 2988 1161 3054 versiculorum
1188 2994 1603 3074 capitumque
1644 2998 1976 3065 numeros,
2029 3008 2308 3072 quorum
2358 2996 2541 3056 alteri
2600 2994 2783 3056 nullo
2832 2994 3044 3069 modo,
3076 2995 3257 3055 alteri
3297 2998 3528 3066 rarius,
3580 3003 3646 3056 et
3695 2995 3779 3053 ad-

526 3086 874 3168 marginem
899 3096 1142 3152 tantum
1176 3092 1459 3155 aduotati
1495 3102 1703 3164 erant,
1736 3100 2028 3154 accurate
2054 3094 2196 3171 suis
2232 3092 2297 3153 in
2332 3091 2490 3154 locis
2524 3093 2872 3154 ascribere.
2917 3093 3116 3153 Pauca
3149 3092 3340 3153 etiam
3370 3110 3450 3154 ex
3480 3090 3774 3168 margine

523 3188 855 3265 expunxi,
901 3206 981 3280 ne
1027 3191 1187 3270 quid
1245 3199 1439 3266 esset,
1486 3194 1661 3270 quod
1699 3189 1796 3252 Vel
1856 3188 2215 3253 teneriores
2270 3190 2699 3285 quorumdam
2752 3189 3003 3251 animos
3051 3189 3384 3253 oﬂ'endere
3436 3198 3773 3269 utcunque

526 3290 763 3367 posset.

605 3390 721 3454 ΙΙΙ.
751 3386 849 3455 An
882 3392 1396 3458 Commentarios
1434 3411 1587 3458 vero
1620 3395 1741 3459 iste
1772 3395 2101 3476 genuinus
2133 3388 2594 3473 Tthphylacti
2633 3390 2834 3454 nostri
2867 3393 2951 3453 sit
2980 3382 3195 3465 ﬂetus,
3240 3399 3452 3470 neque
3484 3390 3771 3467 Sifanus,

529 3512 740 3574 neque
779 3496 1125 3576 quisquam
1160 3499 1357 3572 alius,
1392 3517 1587 3579 quem
1622 3500 1923 3573 viderim,
1960 3502 2022 3561 in
2053 3498 2325 3560 dubium
2356 3498 2663 3559 hactenus
2698 3496 3044 3559 revocavit.
3081 3496 3326 3558 Omnes
3363 3495 3616 3558 scilicet
3665 3496 3773 3558 iu-

524 3597 784 3661 dubiam
815 3601 1019 3676 illius,
1048 3602 1220 3664 unde
1250 3604 1612 3682 exscriptus
1650 3613 1769 3675 est,
1802 3603 2041 3667 codicis
2075 3603 2450 3682 epigraphe,
2484 3618 2611 3682 qua
2651 3599 3133 3680 TheOphylacto
3176 3598 3542 3672 ascribitur,
3582 3601 3772 3662 ﬁdem

526 3700 901 3778 praestitere.
927 3699 1219 3766 Attamen
1267 3704 1449 3778 mihi,
1484 3719 1553 3767 ut
1588 3707 1862 3781 primum
1890 3704 2114 3767 oculos
2147 3705 2212 3765 in
2257 3706 2470 3781 ipsum
2504 3702 2780 3783 conjeci,
2813 3702 3086 3765 dubium
3127 3700 3241 3763 hac
3285 3702 3363 3763 de
3399 3719 3466 3763 re
3503 3702 3770 3782 aliquod

526 3803 860 3866 subortum
911 3813 1044 3882 est,
1105 3810 1279 3887 quod
1318 3822 1353 3870 a
1390 3809 1852 3889 Τιιρονίυσιδοῑί
1903 3810 2099 3889 genio
2131 3809 2406 3889 ejusque
2450 3808 2925 3871 commentandi
2973 3806 3223 3870 ratione
3267 3806 3459 3884 paulo
3512 3806 3771 3885 longius

527 3905 757 3967 abesse
788 3904 1140 3969 videretur.
1176 3907 1333 3971 Cum
1371 3909 1546 3971 enim
1581 3910 1646 3971 in
1679 3909 1849 3981 aliis,
1885 3926 2051 3991 quos
2078 3908 2309 3982 edidit,
2342 3909 2862 3982 Commentariis,
2898 3924 3131 3986 nempe
3180 3907 3249 3969 in
3302 3904 3672 3984 Evangelia,
3712 3919 3774 3966 et

524 4009 593 4067 in
624 4007 949 4085 Epistolas
982 4007 1116 4071 diri
1158 4010 1369 4084 Pauli,
1427 4013 1808 4091 magistrum
1845 4028 2039 4073 suum
2090 4012 2622 4091 Chrysostnmum
2668 4009 3056 4091 compendio
3097 4004 3383 4087 colligat.
3426 4016 3488 4067 et
3520 4006 3574 4065 si
3611 4005 3767 4083 quid

519 4114 603 4173 te:
632 4112 779 4175 aliis
812 4116 1445 4195 decerpatPatribus,
1470 4119 1559 4191 id,
1593 4133 1814 4178 eorum
1838 4119 2167 4197 suppressi

2120 4116 2622 4195 sisinominibus,
2641 4116 2825 4180 brevi
2851 4116 3139 4179 oratione
3156 4119 3525 4186 subuectat;
3557 4123 3775 4175 amtor

528 4214 724 4293 hujus
752 4214 1218 4278 .Commentarii
1263 4218 1344 4278 ita
1381 4217 1760 4298 plerumque
1786 4218 2077 4297 prolixus
2112 4227 2230 4291 est,
2267 4225 2331 4280 ut
2368 4217 2898 4295 Chrysostomum
2939 4216 3172 4295 ipsum,
3209 4218 3561 4277 moralibus
3592 4215 3773 4277 illius

527 4315 865 4377 subductis
928 4316 1389 4392 partencsibus,
1439 4325 1725 4396 superet,
1777 4319 2026 4381 tametsi
2083 4319 2149 4382 in
2193 4315 2848 4396 epigraphe'brceitas
2891 4326 2954 4378 et
2997 4316 3274 4377 concisio
3323 4316 3527 4393 ipsius
3565 4316 3770 4394 jacte-

529 4410 737 4495 tur(a)
774 4431 788 4474 :
825 4431 896 4476 ac
936 4427 1237 4491 praeterea
1268 4417 1343 4477 ad
1388 4419 1765 4496 marginem,
1799 4417 2089 4493 plurium“
2129 4420 2384 4479 Patrum
2431 4415 2901 4494 scriptorumve
2951 4414 3234 4490 nomina,
3274 4421 3338 4477 ut
3383 4415 3449 4476 in
3479 4431 3554 4477 eo
3580 4415 3767 4476 Com-

533 4513 988 4577 mentariorum
1025 4532 1286 4592 genere,
1334 4516 1445 4594 qui
1484 4516 1732 4578 Catcnm
1767 4516 1956 4594 vulgo
1996 4516 2424 4594 appellantur,
2457 4516 2597 4578 fieri
2646 4515 2833 4581 solet.
2868 4514 3166 4576 ascribat.
3203 4516 3512 4589 Quamvis
3559 4520 3767 4573 tamen

534 4616 657 4678 ista
688 4614 847 4676 mihi
880 4615 1166 4695 aliquem
1204 4617 1545 4695 injicerent
1574 4618 1982 4698 scrupulum,
2018 4632 2228 4682 tamen
2257 4632 2293 4681 a
2317 4619 2644 4680 communi
2680 4616 2995 4694 Opinione
3040 4618 3303 4680 minime
3346 4619 3768 4686 abdimebant,

530 4718 706 4798 quod
743 4719 940 4795 probe
972 4730 1257 4792 nossem,
1306 4729 1604 4784 auctores
1629 4739 1755 4785 non
1789 4741 2046 4803 semper
2073 4723 2299 4786 eodem
2328 4721 2651 4784 scribendi
2682 4740 2920 4800 genere
2952 4722 3070 4789 uti.
3105 4714 3295 4783 etiam
3324 4723 3387 4783 in
3417 4723 3609 4784 rebus
3644 4728 3769 4783 non

531 4819 998 4891 dissimilibus;
1047 4827 1111 4882 et
1161 4819 1466 4900 majorem
1502 4823 1596 4884 vel
1648 4824 1966 4885 minorem
2018 4821 2448 4900 prolixitatem
2484 4823 2548 4882 in
2595 4823 2901 4899 majorem
2950 4820 3051 4882 vel
3105 4822 3418 4882 minorem
3453 4821 3766 4893 materiae,

532 4940 677 5002 qum
716 4931 925 4998 parata
956 4926 1063 4997 sit,
1097 4923 1347 5000 copiam
1387 4922 1644 4986 refundi
1674 4942 1861 5002 posse
1902 4948 1915 4983 :
1957 4926 2219 4987 nomina
2269 4941 2417 4987 vero
2449 4927 2726 4997 Patrum,
2775 4939 2920 4985 cum
2951 4922 3082 4984 fere
3130 4923 3341 4985 solum
3387 4926 3451 4984 in
3485 4923 3767 5001 margine

531 5032 898 5104 appareant,
931 5025 1013 5087 ab
1038 5025 1168 5088 alio
1200 5024 1467 5088 fortasse
1498 5026 1759 5105 adjnngi
1800 5028 2113 5104 potuisse,
2145 5042 2350 5104 eaque
2384 5039 2511 5088 non
2544 5026 2699 5087 satis
2731 5040 2898 5099 esse,
2927 5035 2992 5086 ut
3023 5025 3256 5087 Caleno
3289 5024 3498 5103 potius
3521 5010 3768 5085 dicatur

531 5142 724 5206 quam
760 5125 1293 5193 Commenlaritts;
1318 5117 1680 5202 'prmsertim
1717 5144 1862 5186 cum
1896 5127 2084 5188 verba
2118 5128 2368 5188 Patrum
2405 5127 2486 5187 ita
2512 5124 2787 5185 Invicem
2820 5139 3108 5185 connexa
3139 5126 3291 5193 sint,
3329 5139 3397 5185 ut
3428 5124 3764 5185 continen-

534 5236 659 5288 tem
694 5224 1167 5302 expOsitiouem
1208 5224 1544 5286 coniiciunt
1588 5242 1601 5283 :
1637 5224 1846 5286 solum
1900 5224 2141 5287 idcirco
2179 5243 2257 5285 ex
2306 5222 2407 5285 his
2452 5223 2678 5285 inferri
2723 5239 2911 5301 posse
2953 5222 3414 5300 't‘brOphj'lacti
3464 5223 3760 5284 lucubra-

534 5325 691 5387 tioni
729 5320 945 5401 aliqua
982 5324 1060 5385 ab
1092 5323 1239 5384 aliis
1270 5322 1482 5384 addita
1527 5334 1695 5385 'esse.
1737 5327 1799 5385 Id
1834 5343 1982 5386 vero
2018 5342 2144 5385 non
2189 5324 2424 5386 mirum
2477 5323 2544 5383 in
2590 5322 2785 5403 hujus
2824 5321 3095 5385 rationis
3123 5338 3342 5399 opere,
3377 5323 3575 5398 quod,
3622 5337 3762 5382 cum

531 5432 739 5487 totum
790 5424 991 5485 termc
1037 5441 1117 5484 ex
1150 5422 1385 5483 alienis
1415 5422 1604 5483 dictis
1656 5430 2027 5484 contextum
2077 5424 2184 5496 sit,
2219 5424 2509 5486 eruditus
2549 5423 2828 5503 quisque
2864 5421 3150 5484 arbitrari
3207 5431 3473 5500 poterat,
3526 5440 3600 5485 ca
3643 5420 3761 5482 sibi

532 5524 749 5591 omnia
797 5522 1152 5602 adjungerc
1204 5521 1426 5594 licere,
1460 5540 1603 5601 qua:
1660 5541 1736 5583 ex
1779 5538 1901 5585 usu
1936 5540 2078 5583 esse
2112 5530 2388 5603 putaret.
2443 5522 2558 5582 His
2607 5521 2747 5600 ipse
2799 5519 2953 5580 Inibi
3016 5519 3316 5582 obortum
3361 5522 3760 5601 scropulum,

608 5697 683 5765 (τι)
718 5692 922 5766 Nempe
950 5693 1004 5747 in
1041 5711 1101 5745 ea
1126 5693 1377 5766 habetur,
1443 5692 1586 5745 κατὲι
1629 5693 1922 5766 eooeoo-fon
1989 5692 2263 5762 συλλεγεῖσ

2107 5692 2328 5762 ,εγεῖσαι
2390 5692 2833 5766 (supplendum,
2881 5703 2939 5750 ut
2996 5703 3161 5764 puto;
3230 5689 3555 5763 ἐξηγήσεις)
3627 5686 3762 5761 quod

533 5763 758 5822 Silanus
793 5764 973 5832 vertit,
1001 5764 1208 5818 concise
1245 5782 1306 5818 ac
1333 5763 1553 5817 breviter
1581 5764 1830 5816 calicem.
