4192 6294
302 352 407 418 4119
1115 368 1200 430 ΙΝ
1253 368 1685 441 SEQUENTIA
1739 372 1957 434 ΤΙῘΕΟ]

1912 373 2323 436 )PIIYLACTI
2374 376 2716 439 summa.
2768 452 2771 455 u
3062 392 3066 396 θ
3411 388 3425 400 ·
3462 374 3567 439 tto

299 466 401 524 sin
434 467 721 530 cumino
739 472 1001 545 sustuli,
1036 475 1257 536 saltem
1283 487 1615 558 utcunque
1652 480 1890 558 sopivi.
1922 480 2093 554 Quid
2126 498 2272 543 eum
2307 482 2683 545 excitaverit
2713 482 2954 559 denuo,
2987 500 3064 546 ex
3095 500 3243 548 mox
3271 481 3566 546 dicendis

302 567 739 643 perspicuum
774 571 900 633 ﬁet.

1742 701 2020 765 SECTIO
2067 699 2146 766 ll.

596 846 688 909 De
719 846 1182 917 Cbmmentario
1212 852 1282 918 in
1310 855 1465 917 Acta
1488 856 1921 934 apostolorum
1959 873 2176 920 recens
2209 870 2390 922 eruta
2439 876 2519 923 ex
2550 844 2924 924 biblioﬁteca
2964 861 3283 926 Vaticana.

381 988 503 1055 ιν.
552 996 980 1063 Ρτωςεόθηιίε
1022 1003 1476 1085 Commentarii
1528 1006 1881 1085 impressio
1925 1008 2001 1070 ad

1925 1008 2001 1070 ad
2053 1008 2429 1071 umbilicum
2476 1008 2676 1074 ferme
2736 1016 3143 1091 pervenerat,
3175 1027 3322 1073 cum
3365 1010 3565 1070 Roma

303 1090 496 1156 allata
523 1104 683 1159 sunt
715 1100 838 1162 tria
865 1099 1017 1163 folia
1054 1103 1327 1166 alterius
1362 1106 1819 1168 Commentarii
1862 1107 1931 1169 in
1976 1109 2200 1170 eadem
2248 1110 2689 1186 apostolorum
2720 1090 2897 1183 Acta,
2927 1110 3041 1187 qui
3089 1109 3154 1170 in
3190 1108 3415 1169 codice
3465 1106 3564 1167 bi-

304 1190 667 1257 bliothecas
706 1198 1032 1263 Vaticana;
1076 1201 1632 1283 TheOphylactum
1679 1204 1936 1283 praefert
1966 1214 2316 1269 auctorem.
2364 1210 2551 1272 Facta
2594 1208 2939 1271 collatione
2987 1207 3562 1285 deprehendimus,

304 1295 681 1361 Romanum
706 1317 741 1362 a
770 1300 1098 1368 Sifaniano
1129 1323 1276 1369 cum
1310 1306 1376 1369 in
1400 1306 1574 1380 aliis,
1608 1313 1743 1369 tum
1775 1309 2125 1386 prmsertim
2158 1309 2466 1372 brevitate
2516 1310 2918 1390 discrepare.
2966 1310 3104 1371 Hoc
3136 1323 3289 1370 vero
3328 1308 3565 1370 nedum

307 1394 609 1472 priorem
644 1399 1114 1466 dubitationem
1141 1407 1308 1470 circa
1340 1408 1705 1488 genuinum
1741 1406 1926 1472 illius
1960 1411 2419 1472 Commentarii
2457 1419 2781 1474 auctorem
2831 1400 3048 1472 denuo
3092 1408 3416 1481 excitavit,
3449 1408 3565 1470 sed

311 1497 507 1560 etiam
559 1501 851 1564 animum
904 1522 983 1568 eo
1025 1507 1389 1582 inclinavit,
1440 1517 1513 1572 ut
1548 1512 1902 1584 crederem,
1950 1512 2123 1574 hunc
2172 1511 2390 1592 potius
2448 1528 2671 1574 recens
2723 1512 3069 1582 detectum,
3122 1526 3313 1590 quam
3367 1509 3556 1570 illum

308 1596 810 1680 TheOphylacto
838 1609 1079 1670 auctori
1107 1610 1563 1673 ascribendum
1595 1626 1786 1672 esse:
1829 1612 2181 1689 praesertim
2234 1612 2407 1691 quod
2459 1610 2716 1674 brevior
2755 1608 2958 1673 multo
3007 1609 3115 1683 sit,
3161 1607 3455 1686 adeoque
3487 1609 3564 1669 ad

310 1696 905 1783 TheOphylaeteam
937 1708 1414 1772 commentandi
1459 1709 1772 1772 rationem
1806 1711 2071 1790 pmpius
2096 1713 2402 1775 accedere
2433 1713 2747 1774 videatur.
2777 1709 3100 1773 Nonnulla
3128 1706 3255 1770 alia
3286 1708 3567 1770 subinde

311 1799 510 1864 Roma
543 1815 804 1885 accepta
831 1809 983 1872 folia
1016 1828 1142 1873 non
1176 1811 1387 1873 solum
1430 1810 1592 1875 hanc
1616 1805 1773 1874 mihi
1806 1813 2249 1893 suspicionem
2274 1815 2629 1887 ﬁrmarunt,
2668 1814 2778 1876 sed
2811 1812 3003 1874 etiam
3035 1809 3344 1876 editionis
3370 1810 3568 1889 hujus

309 1906 735 1970 curatoribus
767 1910 1115 1975 consilium
1148 1911 1539 1991 injecerunt,
1581 1912 1755 1974 hunc
1798 1929 2062 1995 quoque
2109 1916 2651 1978 Commentarium
2700 1915 2765 1976 in
2814 1912 3024 1976 lucem
3074 1910 3453 1983 emittendi;
3498 1918 3569 1971 ut

310 2026 506 2088 quem
542 2011 848 2089 aqualis,
881 2016 1080 2077 unius
1113 2032 1346 2095 nempe
1377 2017 1649 2091 codicis,
1681 2018 2025 2082 auctoritas
2071 2019 2252 2081 velut
2286 2016 2750 2097 Theophylaeti
2788 2014 3010 2078 foetum
3061 2014 3584 2081 commendaret,

314 2113 370 2176 is
395 2115 596 2177 etiam
631 2118 864 2196 mquali
903 2122 1179 2196 publica
1209 2120 1375 2183 lucis
1410 2122 1654 2183 honore
1681 2120 2030 2185 frueretur.
2071 2120 2362 2185 Consilio
2389 2119 2568 2188 huic.
2601 2132 2974 2200 quanquam
3012 2118 3148 2196 ipse
3176 2124 3395 2178 auctor
3420 2132 3565 2177 esse

316 2212 671 2288 nolmrim,
705 2221 1196 2298 repugnandum
1238 2226 1449 2282 tamen
1492 2219 1647 2280 mihi
1706 2239 1846 2284 esse
1882 2239 2007 2284 non
2059 2219 2314 2294 censui,
2346 2219 2588 2296 quippe
2634 2219 2749 2295 qui
2788 2222 3192 2298 perspectum
3239 2214 3566 2287 haberem,

316 2315 618 2375 eruditos
647 2314 944 2379 homines
979 2317 1217 2380 nedum
1269 2325 1467 2392 certa,
1506 2318 1616 2380 sed
1658 2327 1721 2381 et
1753 2318 1946 2383 dubia
1996 2337 2186 2399 Opera
2220 2322 2445 2382 eodem
2494 2317 2828 2381 volumine
2875 2318 3067 2378 edere
3115 2316 3563 2377 consuevisse.

317 2403 466 2475 Haec
499 2414 777 2494 quidem
808 2434 1000 2495 opera
1026 2418 1101 2481 ad
1138 2419 1376 2482 calcem
1411 2421 1759 2486 voluminis
1798 2423 2174 2502 plerumque
2209 2421 2594 2502 rejiciuntur
2625 2441 2640 2483 :
2671 2429 2732 2481 at
2761 2419 2932 2499 quod
2967 2418 3086 2481 hoc
3125 2415 3321 2478 istum
3358 2415 3566 2476 locum
3668 2477 3672 2481 ,

320 2522 596 2595 teneret,
626 2522 697 2584 in
725 2539 914 2585 causa
947 2522 1073 2585 fuit
1107 2523 1238 2603 jam
1270 2523 1566 2588 absoluta
1598 2527 2053 2590 Commentarii
2090 2529 2512 2607 prmcedentis
2551 2524 2920 2604 impressio.
2947 2523 3356 2585 Censuerunt
3390 2518 3565 2579 enim

321 2621 638 2697 editores,
675 2624 1212 2698 Commentarios,
1246 2628 1359 2708 qui
1390 2625 1557 2692 circa
1591 2630 1881 2693 eamdem
1909 2639 2316 2695 versarentur
2350 2631 2708 2707 materiem,
2742 2631 3103 2706 eodemque
3129 2622 3328 2688 ferme
3371 2619 3569 2707 dubio

323 2723 713 2801 laborarent,
750 2730 887 2792 loco
911 2729 1351 2809 sejungendos
1382 2748 1511 2793 non
1545 2748 1717 2795 esse.
1748 2731 1936 2806 Hinc,
1969 2734 2219 2800 caeteris
2242 2736 2507 2799 interim
2538 2732 3011 2814 prmtermissis,
3032 2746 3176 2810 ane
3205 2745 3330 2807 prae
3359 2725 3569 2787 mani-

323 2822 440 2887 bus
477 2825 822 2901 habebam,
872 2828 1071 2909 hujus
1119 2829 1348 2893 Latine
1397 2830 1691 2894 vertendi
1747 2830 2026 2895 laborem
2075 2851 2419 2914 aggressus
2459 2853 2627 2897 sum.
2677 2834 2863 2908 Quod
2919 2834 3072 2894 dum
3111 2842 3455 2906 exsequor,
3505 2838 3569 2890 et

322 2926 878 2993 Commentarium
910 2931 1129 3009 ipsum
1163 2932 1432 3011 propius
1457 2934 1902 3012 attentiusque
1933 2935 2284 3014 perspicio,
2322 2936 2387 2997 in
2419 2936 2742 3016 prioribus
2778 2933 3047 3015 quidem
3085 2949 3200 2994 sex
3249 2926 3570 3007 capitibus

322 3035 382 3088 et
413 3032 676 3106 septimi
710 3034 977 3099 dimidia
1001 3036 1203 3100 ferme
1237 3046 1415 3117 parte
1450 3057 1773 3125 perpauca
1803 3058 1947 3104 esse
1979 3042 2417 3120 deprehendo,
2445 3059 2591 3122 qum
2616 3041 2677 3102 in
2720 3037 3193 3104 Commentario
3239 3034 3575 3099 Silaniano

327 3147 447 3193 non
476 3131 807 3210 inessent,
852 3154 924 3199 ac
952 3137 1156 3201 ferme
1188 3139 1400 3202 solum
1450 3141 1516 3202 in
1556 3158 1635 3204 eo
1680 3143 2072 3222 discrepare,
2106 3146 2278 3222 quod
2321 3140 2429 3204 ille
2460 3141 2678 3217 multo
2727 3141 3041 3222 prolixior
3072 3139 3183 3213 sit,
3208 3155 3329 3201 seu
3363 3137 3566 3200 multo

329 3231 504 3307 plura
542 3232 895 3297 contineat.
930 3234 1203 3316 Insuper
1230 3236 1367 3302 fere
1398 3242 1613 3303 omnia
1649 3258 1797 3317 qua:
1826 3243 2089 3321 utrique
2120 3221 2488 3304 communia
2517 3221 2694 3319 sunt,
2722 3221 2884 3305 adeo
2915 3259 3059 3304 cum
3094 3240 3314 3303 verbis
3359 3238 3566 3318 Chry-

327 3336 595 3397 sestomi
630 3347 1011 3416 congruere,
1043 3342 1113 3400 ut
1139 3338 1397 3402 deﬁniri
1434 3341 1536 3402 vix
1570 3350 1680 3404 aut
1706 3345 1977 3406 omnino
2010 3361 2138 3407 non
2173 3351 2390 3424 queat,
2423 3351 2642 3407 utrum
2675 3361 2818 3423 quin
2846 3346 3190 3406 Vaticanus
3220 3343 3565 3405 Commen-

330 3436 526 3496 tarius
563 3437 633 3497 in
670 3438 991 3517 prredictis
1021 3438 1343 3518 capitibus
1391 3442 1605 3520 habet,
1646 3462 1725 3507 ex
1768 3446 2124 3517 Silaniano.
2163 3446 2263 3511 vel
2313 3446 2516 3510 simili
2548 3446 2773 3527 aliquo
2799 3444 3179 3524 exemplari,
3212 3462 3289 3507 an
3337 3446 3567 3505 imme-

330 3535 494 3597 diate
518 3555 599 3601 ex
637 3538 777 3613 ipso
817 3538 1270 3616 Chrysostomo
1292 3544 1634 3623 desumpta
1659 3545 1929 3610 fuerint.
1968 3547 2128 3611 Illud
2163 3558 2409 3611 certum
2433 3548 2712 3622 videtur,
2738 3563 2811 3609 ea
2843 3548 2909 3609 in
2951 3556 3121 3624 parte
3144 3547 3302 3609 adeo
3336 3560 3565 3619 purum

335 3648 558 3713 putum
596 3643 892 3705 exhiberi
949 3645 1508 3726 Cbrysostomnm,
1561 3657 1631 3713 ut
1670 3652 1774 3714 hic
1805 3652 1900 3714 illi
1942 3653 2173 3714 titulus
2220 3655 2451 3715 merito
2486 3652 2686 3732 aptari
2721 3655 2937 3730 posset
2968 3671 2984 3714 :
3015 3650 3267 3712 Scholia
3310 3650 3380 3711 in
3411 3648 3569 3708 Acta

331 3744 757 3821 apostolorum
782 3766 861 3808 ex
891 3747 1352 3826 Chrysostomo.
1386 3752 1532 3813 Alia
1560 3772 1898 3833 perpauca,
1927 3774 2072 3835 quze
2095 3755 2152 3817 ei
2189 3756 2410 3819 insunt
2450 3771 2530 3817 ex
2571 3753 2703 3818 alio
2730 3769 2903 3833 penu
2927 3755 3327 3831 deprompta,
3365 3754 3554 3812 Com-

335 3848 646 3910 mentario
668 3849 798 3928 jam
826 3848 1116 3921 confecto
1142 3855 1494 3932 superaddi
1527 3854 1734 3918 aliena
1770 3874 1961 3919 manu
1989 3864 2281 3933 potuere.

410 3947 484 4007 V.
521 3949 645 4011 Sed
701 3949 866 4012 illud
900 3949 1020 4013 hoc
1070 3951 1209 4015 loco
1239 3952 1881 4019 animadvertendum
1923 3964 2043 4028 est,
2087 3957 2286 4036 quod,
2327 3971 2474 4020 eum
2523 3952 3025 4035 ChrySOstomus
3065 3953 3130 4014 in
3163 3950 3450 4031 qualibet
3491 3966 3566 4008 ex

333 4046 462 4111 i.lis
491 4050 783 4116 homiliis
827 4054 1232 4134 prepositum
1276 4057 1462 4119 Lurtn
1503 4065 1750 4121 textum
1786 4062 1882 4122 bis
1927 4067 2444 4138 percurrat;seu
2473 4064 2617 4137 post
2649 4058 2942 4136 primam,
2987 4070 3259 4133 eamque
3308 4052 3567 4113 brevem

336 4157 672 4220 verborum
709 4155 1254 4235 explanationem,
1281 4156 1471 4219 aliam
1495 4176 1678 4239 aeque
1708 4160 1967 4224 brevem
2007 4168 2071 4224 et
2106 4160 2500 4243 quandoque
2532 4154 2926 4227 breviorem,
2962 4154 3063 4215 his
3090 4163 3198 4213 aut
3239 4148 3569 4209 similibus

338 4256 540 4318 verbis
577 4257 947 4336 prmmissis,
995 4258 1330 4319 subuectat
1381 4273 1395 4316 :
1440 4257 1578 4314 nux
1608 4260 1807 4328 ἴδωμεν
1836 4258 1993 4315 avum

1911 4258 2043 4314 ωοεν
2074 4260 2143 4315 τὰ
2173 4259 2463 4332 εἰρημένα,
2485 4253 2595 4316 sed
2631 4255 2924 4334 superius
2966 4252 3137 4314 dicta
3181 4257 3566 4328 repetamus:

338 4365 551 4421 auctor
587 4359 800 4433 istius,
838 4358 1144 4438 quisquis
1190 4359 1449 4441 domum
1504 4354 1615 4418 ille
1652 4354 1886 4430 fuerit,
1927 4355 2384 4418 Commentarii
2419 4356 2612 4419 modo
2644 4372 2724 4418 ex
2771 4356 2994 4433 prima,
3043 4351 3231 4415 modo
3266 4368 3343 4413 ex
3375 4349 3570 4412 altera

340 4455 797 4535 Explanatione
852 4460 1046 4521 verba
1100 4460 1455 4538 depromit:
1508 4455 1874 4534 etquidem
1926 4453 2308 4534 plerumque
2360 4464 2430 4517 ut
2481 4455 2549 4517 in
2606 4463 2781 4517 textu
2831 4452 3267 4533 Chrysostomi
3315 4450 3571 4529 jacent:

339 4557 542 4621 solum
596 4560 881 4633 mutatis,
928 4560 1190 4634 additis,
1230 4558 1331 4621 vel
1374 4559 1677 4639 demptis,
1728 4555 1987 4635 majoris
2035 4556 2341 4619 claritatis
2390 4559 2485 4619 vel
2538 4556 2871 4619 brevitatis
2904 4557 3129 4634 gratia,
3182 4552 3574 4634 quibusdam

341 4653 727 4742 quandoque
764 4662 997 4734 verbis,
1033 4660 1237 4740 utqui
1274 4678 1401 4723 non
1435 4668 1558 4721 tam
1593 4661 1673 4721 de
1709 4656 1943 4726 verbis,
1983 4673 2173 4736 quam
2218 4657 2299 4720 de
2328 4673 2526 4721 sensu
2574 4656 3012 4736 Chrysostomi
3067 4655 3401 4716 laboraret.
3433 4651 3572 4725 Qua

343 4754 539 4820 tamen
579 4762 646 4821 in
684 4776 777 4834 re,
811 4759 891 4832 si,
927 4761 1102 4839 quod
1135 4760 1292 4821 mihi
1320 4758 1546 4821 videor
1575 4756 1993 4834 comperisse,
2027 4753 2301 4818 candide
2332 4757 2517 4819 fateri
2542 4757 2750 4832 liceat,
2787 4773 2915 4818 non
2954 4772 3209 4835 semper
3241 4754 3398 4815 satis
3432 4751 3574 4814 feli-

345 4856 488 4920 citer
511 4879 635 4924 suo
674 4861 786 4923 ille
819 4860 1165 4925 defunctus
1198 4872 1293 4925 est
1328 4879 1598 4923 munere
1631 4885 1646 4921 :
1681 4859 2008 4921 interdum
2043 4860 2216 4921 enim
2248 4867 2357 4922 aut
2389 4859 2735 4939 supprimit
2766 4860 2981 4931 verba,
3014 4877 3160 4940 quas
3188 4857 3574 4935 perﬁciendo

351 4964 560 5024 sensui
593 4962 952 5025 necessaria
985 4973 1167 5026 erant
1210 4988 1225 5025 :
1264 4970 1374 5026 aut
1412 4961 1765 5042 superﬂua,
1805 4979 1951 5041 qum
1979 4978 2244 5025 sensum
2291 4963 2724 5034 interturbent
2764 4966 2978 5041 petins
2999 4979 3189 5043 quam
3232 4961 3571 5025 clariorem

347 5059 624 5130 reddant,
657 5062 984 5142 adjungit;
1020 5062 1118 5123 vel
1158 5063 1224 5126 in
1260 5059 1665 5122 scholiorum
1699 5060 1953 5120 delectu
1992 5061 2267 5136 praeterit
2298 5059 2586 5122 meliora.
2617 5061 2819 5134 Quam
2853 5060 2935 5122 ob
2985 5077 3117 5120 rem
3160 5061 3568 5121 Commenta-

351 5157 475 5220 rius
504 5162 627 5224 iste
657 5160 1169 5238 'l‘heophylacto,
1208 5160 1347 5221 viro
1372 5156 1662 5221 doctrina
1697 5166 1756 5219 et
1781 5156 2012 5236 judicii
2061 5157 2423 5219 maturitate
2458 5157 2807 5235 prmstanti,
2856 5158 3326 5238 abjudicandus
3364 5158 3566 5220 videri

339 5255 473 5330 jure
507 5270 750 5339 posset,
790 5260 914 5323 nisi
950 5259 1078 5322 haec
1118 5263 1336 5324 omnia
1384 5258 1451 5322 in
1490 5258 2030 5338 subsequentium
2085 5257 2491 5320 librariorum
2529 5261 2956 5331 oscitantiam,
3008 5262 3101 5322 vel
3156 5261 3567 5338 imperitiam,

346 5375 410 5423 ac
433 5368 661 5445 saepius
695 5366 1119 5428 temeritatem
1156 5364 1500 5428 refundere
1535 5371 1878 5443 praestaret.
1910 5363 2071 5424 illud
2110 5362 2269 5425 mihi
2302 5363 2725 5441 etploratum,
2758 5365 3106 5440 exemplar,
3142 5363 3313 5443 quod
3354 5364 3566 5426 Latine

347 5467 706 5527 vertendum
741 5462 984 5541 accepi,
1019 5464 1269 5524 mendis
1301 5463 1577 5542 aliisque
1609 5462 1967 5524 defectibus
2006 5480 2150 5524 esse
2185 5479 2549 5540 respersum
2586 5486 2601 5525 :
2634 5464 2822 5543 cujus
2853 5465 2941 5526 rei
2982 5464 3165 5544 culpa
3199 5482 3321 5525 non
3357 5465 3413 5524 ei
3453 5458 3563 5542 qui

347 5558 541 5635 ipsum
598 5565 905 5633 exaravit,
955 5566 1064 5644 qui
1113 5562 1268 5625 satis
1304 5564 1658 5643 diligentiae
1691 5582 1817 5644 pra!
1844 5582 1913 5626 se
1940 5564 2083 5637 fert,
2132 5565 2242 5627 sed
2274 5565 2579 5626 Vaticano
2626 5567 2829 5628 codici
2892 5566 3225 5628 tribuenda
3280 5566 3563 5628 videtur.

352 5660 666 5746 Quidquid
704 5684 853 5728 vero
889 5666 1002 5728 hac
1033 5665 1113 5727 de
1147 5683 1213 5726 re
1244 5665 1348 5737 sit,
1385 5684 1461 5728 eo
1494 5678 1663 5728 certe
1700 5668 1900 5745 major
1933 5665 2087 5727 mihi
2124 5664 2187 5727 in
2224 5664 2441 5726 Latina
2484 5666 2925 5728 concinnanda
2970 5667 3265 5728 versione
3305 5666 3565 5741 impen-

353 5761 585 5827 dendus
620 5766 736 5827 fuit
767 5766 964 5838 labor,
1002 5781 1133 5843 quo
1164 5764 1572 5843 frequentius
1601 5784 1863 5828 necesse
1898 5764 2092 5827 habui
2131 5782 2272 5828 cum
2315 5765 2756 5843 Clirysostomi
2813 5765 2990 5829 fonte
3034 5764 3198 5827 illud
3226 5761 3557 5834 conferre;
