4192 6294
586 334 683 402 HI
1632 339 2014 402 BONIFACII
2063 344 2241 404 FINE

2168 345 2336 404 iET'l‘
2346 347 2366 405 ι
2402 345 2795 409 ΙἮίΕΡᾺΤΙΟ
3718 348 3823 415 “'2

586 467 657 518 ut
690 463 752 519 et
789 457 930 538 ejus
961 456 1192 520 menda
1218 457 1634 536 corrigercm,
1671 463 1756 531 et,
1792 458 1900 541 ubi
1930 460 2185 523 deesset
2212 462 2484 542 aliquid,
2520 465 2915 544 supplerem.
2960 467 3028 530 ln
3076 468 3159 530 iis
3200 483 3370 540 vero,
3403 484 3548 547 quas
3591 484 3667 529 ex
3694 465 3825 531 alio

561 555 763 635 [fonte
805 558 1025 620 hausta
1070 565 1251 632 sunt,
1281 574 1427 620 cum
1457 556 1788 622 Sifaniano
1815 561 2314 638 Commentario,
2346 572 2408 626 et
2428 566 2796 646 apographo
2825 567 3226 643 Florentino,
3249 571 3329 629 de
3361 586 3493 648 quo
3520 567 3821 637 inferius,

516 653 523 660 ’
585 664 885 727 eumdem
919 664 987 726 in
1025 663 1217 726 ﬁnem
1242 664 1490 727 contuli
1528 685 1543 722 :
1589 662 1774 743 plura
1804 665 1982 728 enim
2011 666 2295 749 singulis
2330 668 2508 733 hisce
2537 670 3017 735 commentariis
3044 672 3414 734 communia
3458 678 3635 745 sunt,
3661 672 3826 732 adeo

587 765 848 873 utalius
884 785 963 831 ex
995 769 1122 833 alio
1153 770 1482 873 emendag’
1511 772 1903 852 quandoque
1939 775 2166 852 possit,
2197 781 2392 855 atque
2423 776 2740 855 suppleri.
2772 777 3097 852 Quantum
3130 774 3500 856 bujusmodi
3534 772 3827 837 collatio-

586 869 783 932 nibus
816 870 1300 947 Commentarii,
1332 869 1471 953 quo
1500 872 1581 934 de
1631 872 1887 953 loquor,
1942 880 2192 937 textum
2230 890 2353 954 ego
2402 875 2805 955 perfecerim.
2836 884 3260 957 compertum,
3291 874 3826 954 exploratumque

593 972 793 1035 lector
846 973 1132 1048 habebit,
1167 974 1223 1036 si
1262 974 1576 1050 advertat,
1612 976 1804 1039 verba
1840 994 1876 1039 a
1908 994 2010 1040 me
2041 995 2122 1040 ex
2157 979 2350 1041 dictis
2390 978 2684 1044 fontibus
2715 980 2929 1044 addita
2961 980 3138 1044 hisce
3174 978 3385 1059 signis
3420 980 3444 1057 [
3523 979 3543 1054 ]
3577 975 3826 1038 inclusa

586 1088 756 1133 esse.
803 1075 897 1135 Ad
929 1076 1283 1152 marginem
1324 1093 1475 1139 vero
1504 1076 1831 1140 lateralem
1862 1079 2174 1156 ascriptas
2202 1081 2482 1160 reperiet
2513 1082 2845 1146 variantes.
2886 1082 3225 1157 lectiones,
3272 1096 3403 1143 non
3431 1085 3643 1142 tamen
3685 1092 3829 1138 om-

587 1191 744 1244 nes;
776 1193 923 1239 cum
954 1177 1362 1256 superﬂuum
1391 1186 1454 1241 et
1481 1180 1715 1243 inutile
1738 1179 1950 1244 visum
1984 1181 2143 1245 mihi
2192 1183 2417 1259 fuerit,
2459 1184 2719 1264 quoties
2749 1183 3159 1248 manifestum
3199 1181 3465 1263 aliquod
3510 1178 3819 1242 mendum

588 1280 1099 1357 expungendum
1139 1279 1284 1352 fuit,
1316 1281 1506 1343 toties
1536 1290 1683 1344 nota
1720 1281 1937 1364 aliqua
1972 1285 2304 1365 marginali
2346 1288 2673 1350 Lectorem
2704 1304 2989 1359 monere,
3023 1295 3092 1349 ut
3120 1285 3278 1347 alias
3309 1284 3456 1347 fecit
3501 1280 3761 1344 Sii‘anus
3795 1299 3812 1339 :

583 1380 667 1440 ob
703 1398 894 1459 quam
931 1400 1062 1460 rem
1097 1391 1307 1446 tamen
1338 1401 1487 1447 eum
1521 1384 2130 1462 reprehendendum
2160 1404 2288 1450 non
2319 1397 2499 1467 puto,
2532 1408 2678 1451 eum
2709 1406 2836 1451 non
2860 1391 2935 1451 ad
2963 1387 3367 1466 diligentiam
3394 1386 3492 1447 vel
3528 1381 3823 1462 peritiam

584 1496 766 1541 suam
818 1483 1289 1559 ostentandam,
1338 1484 1450 1548 sed
1496 1485 1574 1548 ad
1609 1502 1869 1550 omnem
1922 1487 2317 1551 infidelitatis
2367 1491 2784 1553 aurovendam
2817 1487 3258 1569 suspicionem
3301 1487 3362 1549 id
3396 1485 3609 1566 egisse
3641 1477 3841 1544 facile

584 1582 860 1648 credam.

672 1713 778 1775 Vl.
811 1713 1001 1776 Hunc
1029 1711 1404 1778 conferendi
1445 1714 1754 1794 laborem,
1792 1717 2187 1799 exemplaris
2220 1720 2618 1785 emendandi“
2643 1719 3078 1802 supplendive
3106 1734 3325 1793 causa,
3352 1731 3480 1778 non
3515 1713 3726 1775 solum
3759 1709 3827 1771 in

587 1815 943 1893 prioribus,
986 1827 1050 1880 ut
1076 1812 1210 1898 jam
1244 1819 1461 1893 innui,
1501 1820 1851 1900 capitibus,
1882 1825 1993 1886 sed
2022 1824 2086 1887 in
2120 1824 2407 1906 qualibet
2436 1826 2646 1906 ipsius
2695 1834 2868 1906 parte
2902 1823 3144 1889 subivi.
3196 1823 3694 1902 Chrysostomus
3731 1825 3831 1877 ta-

590 1933 735 1978 men
770 1932 900 1980 non
926 1916 1013 1980 ita
1043 1915 1417 1998 frequenter
1446 1919 1622 1983 adire
1656 1936 1822 2001 opus
1856 1922 2016 1985 mihi
2046 1924 2195 2002 fuit,
2228 1943 2373 1991 cum
2398 1944 2433 1989 a
2464 1928 2679 1990 medio
2713 1927 2971 1990 circiter
3002 1924 3277 2005 septimo
3307 1922 3514 2002 capite
3552 1938 3585 1982 a
3624 1919 3835 1997 Chry-

589 2022 875 2078 sostomo
909 2016 1109 2097 magis
1148 2018 1511 2092 discedere,
1543 2028 1605 2083 et
1642 2020 2120 2089 Commentario
2172 2027 2237 2088 in
2272 2031 2422 2091 Acta
2456 2028 2896 2108 apostolorum
2943 2026 3067 2089 sub
3113 2024 3375 2089 nomine
3441 2017 3831 2085 OEcumenii

580 2134 712 2216 jam
746 2119 991 2182 dudum
1028 2122 1285 2201 vulgato
1317 2122 1395 2183 ad
1426 2124 1739 2187 amussim
1776 2126 1909 2188 fere
1942 2128 2291 2192 convenire
2314 2129 2877 2208 deprehenderim.
2927 2129 3021 2190 Eo
3047 2137 3254 2189 tamen
3297 2123 3500 2186 multo
3533 2129 3631 2183 est
3679 2121 3829 2181 bre-

587 2217 752 2294 vior,
786 2220 939 2297 quia
990 2220 1205 2300 plures
1240 2221 1698 2301 longioresque
1730 2224 1796 2286 in
1832 2224 1942 2288 illo
1979 2234 2312 2290 contentas
2346 2227 2814 2305 expositiones,
2857 2244 3002 2307 quae
3046 2224 3317 2287 fortasse
3364 2237 3534 2284 mera
3577 2220 3830 2282 addita—

558 2328 801 2382 menta
833 2328 1008 2396 sunt,
1047 2323 1490 2400 praetermittit.
1525 2325 1647 2387 Sed
1681 2342 1781 2388 me
1811 2326 2083 2389 fortasse
2112 2326 2219 2391 hic
2246 2324 2593 2407 quisquam
2631 2326 3067 2405 interpellabit
3099 2341 3329 2403 rogans
3364 2344 3379 2382 :
3411 2323 3597 2385 Tune
3632 2320 3834 2399 igitur

582 2418 965 2482 OEcumenit'
1025 2422 1568 2483 Commentarium
1615 2423 1685 2485 in
1725 2423 2191 2505 TheOphylacti
2242 2425 2533 2490 editione
2584 2425 2772 2486 nobis
2819 2424 3139 2487 exhibes?
3176 2422 3444 2484 Minime
3492 2435 3664 2482 vero.
3706 2421 3833 2482 Sed

585 2520 1131 2582 Commentarium
1163 2521 1646 2603 'l‘heOpliylaeto
1671 2532 1991 2603 ereptum,
2026 2525 2331 2590 Vaticano
2357 2526 2579 2589 codice
2609 2526 2994 2590 sententiam
3027 2541 3139 2604 pro
3175 2522 3288 2585 illo
3318 2521 3588 2595 ferente,
3616 2522 3832 2584 eidem

586 2621 1071 2701 't‘lreOphylacto
1100 2622 1406 2693 restituo;
1438 2625 1612 2704 quod
1665 2622 1732 2686 in
1763 2625 1895 2689 alio
1923 2606 2215 2707 ejusdem
2247 2625 2712 2689 commentario
2759 2623 3027 2704 contigit
3065 2620 3173 2701 (α).
3224 2625 3444 2700 Neque
3483 2620 3833 2701 quisquam

589 2723 697 2786 hic
723 2722 879 2785 mihi
913 2725 1340 2789 ducentorum
1372 2726 1626 2788 circiter
1652 2745 1968 2790 annorum
2002 2730 2479 2809 possessionem
2514 2744 2627 2810 pro
2658 2728 3062 2792 OEcumcnio
3091 2728 3404 2790 obtrudat.
3438 2730 3591 2791 Nam
3620 2744 3835 2803 prom-

589 2833 766 2903 ptum
800 2836 897 2889 est
929 2844 1254 2910 regerere,
1291 2845 1430 2890 eam
1462 2829 1727 2908 quidem
1766 2831 1843 2893 ad
1872 2832 2016 2895 lites
2045 2830 2542 2910 de'prrediorum
2575 2829 3008 2910 possessione,
3045 2847 3171 2892 non
3203 2847 3352 2891 vero
3377 2831 3455 2893 de
3498 2837 3833 2892 auctorum

584 2924 1006 3004 germanitate
1036 2927 1437 2992 dirimendas
1469 2928 1707 2992 valere.
1744 2930 1806 2992 Si
1866 2929 2040 2993 enim
2092 2927 2423 3009 legitimus
2465 2930 2745 3011 alicujus
2773 2930 2990 3011 operis
3039 2936 3264 2993 auctor
3302 2929 3539 2994 vetusti
3586 2927 3835 2991 codicis

583 3026 963 3089 auctoritate
994 3027 1352 3107 delegatur,
1391 3026 1484 3090 illi
1525 3027 1810 3109 profecto
1841 3028 2317 3092 restituendum
2346 3028 2521 3110 quod
2557 3031 2888 3109 preprium
2940 3029 3153 3108 ipsius
3199 3045 3342 3090 esse
3390 3025 3832 3107 cegnescitur,

586 3127 761 3191 nulla
797 3127 1007 3190 habita
1048 3132 1296 3192 ratione
1327 3128 1635 3209 temporis
1668 3128 1768 3191 vel
1808 3127 2286 3207 possessionis;
2327 3127 2679 3207 praesertim
2712 3129 2766 3190 si
2807 3127 2940 3191 hinc
2968 3125 3110 3189 sine
3145 3125 3350 3206 justo,
3388 3133 3455 3189 ut
3487 3125 3614 3188 dici
3640 3125 3833 3199 solet,

585 3228 777 3291 titulo
822 3227 1147 3308 actiuisita
1195 3228 1306 3299 sit,
1345 3239 1417 3291 ut
1473 3228 1538 3291 in
1583 3227 1921 3308 praesentia
1961 3226 2234 3289 arbitror
2290 3224 2666 3306 contigisse.
2719 3226 2873 3288 Nam
2914 3227 3199 3287 Donatus
3237 3222 3665 3294 Veronensis,
3721 3221 3837 3303 qui

585 3325 1132 3389 Commentarium
1176 3327 1360 3389 illum
1400 3326 1805 3390 OEcumenio
1853 3325 2262 3405 inscriptum,
2316 3329 2533 3389 Graece
2586 3332 2858 3400 tantum,
2906 3324 3191 3406 vulgavit
3221 3324 3509 3388 omnium
3559 3323 3834 3403 primus,

584 3425 871 3497 nullum,
920 3443 1035 3488 cur
1083 3426 1142 3487 ei
1189 3424 1573 3488 tribuendus
1622 3425 1724 3499 sit.
1770 3424 2268 3490 fundamentum
2319 3432 2429 3488 aut
2479 3423 2740 3488 titulum
2792 3427 3010 3496 alIert;
3064 3426 3431 3489 llentenius
3482 3441 3657 3499 vero,
3720 3424 3837 3505 qui

585 3528 887 3590 eumdem
929 3529 1151 3592 Latine
1189 3528 1259 3591 in
1291 3527 1504 3592 lucem
1555 3529 1797 3604 emisit,
1830 3529 1900 3591 in
1932 3529 2320 3592 OEcumenii
2358 3525 2642 3590 favorem
2672 3527 2872 3592 solam
2903 3528 3087 3591 ail‘ert
3133 3527 3283 3607 styli
3328 3526 3832 3591 similitudinem

584 3648 731 3693 cum
760 3630 893 3693 alio
924 3631 1404 3695 Commentario
1434 3650 1630 3713 quem
1662 3631 2054 3696 OEcumenii
2087 3649 2231 3696 esse
2255 3630 2407 3713 jure
2431 3631 2713 3694 dubitari
2746 3647 2876 3695 non
2902 3637 3136 3711 potest.
3170 3632 3292 3693 Sed
3323 3629 3445 3692 hoc
3489 3644 3837 3708 argumen-

584 3736 747 3805 tum,
786 3748 932 3794 cum
969 3732 1351 3813 plerumque
1385 3731 1811 3810 imbecillum,
1855 3732 2084 3796 tumin
2118 3730 2241 3795 hoc
2283 3750 2553 3813 operum
2602 3749 2841 3814 genere
2881 3733 3129 3797 nullius
3176 3733 3364 3813 plane
3397 3734 3651 3797 roboris
3680 3744 3784 3796 θέει
3816 3757 3833 3795 :

588 3833 721 3893 haec
749 3832 950 3909 enim,
981 3851 1125 3897 cum
1152 3834 1386 3898 alienis
1430 3834 1818 3916 plerumque
1850 3841 2147 3898 contexta
2182 3833 2314 3896 sint
2364 3834 2596 3909 verbis,
2640 3852 2845 3898 unum
2879 3836 3315 3923 eumdemque
3346 3834 3588 3915 stylum
3618 3840 3832 3897 conti-

588 3944 819 4001 nenter
851 3957 977 4018 prae
997 3957 1067 4002 se
1091 3938 1258 4003 l'erre
1280 3956 1405 4002 non
1442 3949 1737 4020 possunt.
1758 3939 1837 4002 Et
1865 3956 2020 4002 sane
2045 3939 2111 4002 in
2142 3938 2265 4002 hoc
2291 3939 2761 4004 Commentario
2799 3941 3102 4021 pleraque
3133 3958 3208 4001 ex
3242 3939 3727 4019 Chrysostomo,
3765 3942 3835 4000 il—

588 4038 718 4100 lius
754 4057 1018 4121 quoque
1053 4042 1267 4103 verbis
1302 4039 1685 4121 plerumque
1725 4039 2015 4114 retentis,
2072 4048 2356 4104 mutuata
2394 4048 2577 4111 sunt;
2607 4040 2731 4102 alia
2778 4058 2855 4103 ex
2886 4040 3035 4102 aliis
3069 4041 3364 4104 Patribus
3408 4088 3424 4104 .
3461 4041 3640 4121 quod
3675 4042 3830 4122 qui-

585 4143 730 4204 dem
768 4152 1013 4207 constat
1043 4162 1118 4206 ex
1154 4160 1231 4207 eo
1262 4145 1435 4225 quod
1477 4146 1661 4223 plura
1694 4143 1758 4206 in
1802 4145 2171 4207 Graecorum
2207 4144 2482 4218 Catenis,
2522 4150 2592 4205 ut
2618 4144 2821 4217 aiunt,
2862 4143 3104 4207 eisdem
3139 4143 3351 4205 verbis
3393 4158 3700 4221 expressa
3747 4142 3834 4204 le—

585 4253 840 4323 gantur.
868 4246 1137 4309 Ubinam
1166 4261 1321 4325 ergo
1351 4244 1735 4309 OEcumenii
1763 4245 2017 4323 stylus?
2054 4247 2209 4308 Cum
2236 4244 2344 4307 hic
2373 4260 2500 4305 non
2534 4243 2613 4308 de
2645 4251 2926 4315 auctore.
2961 4245 3072 4306 sed
3106 4245 3186 4305 de
3217 4243 3556 4306 collectore
3584 4248 3807 4319 agatur

583 4347 662 4407 ad
692 4346 840 4422 alia,
878 4345 933 4408 si
979 4363 1126 4426 quas
1172 4346 1326 4421 sint,
1365 4355 1741 4426 argumenta
1781 4345 2133 4426 confugere
2164 4353 2439 4426 oportet.
2489 4347 2570 4408 At
2608 4344 2789 4409 nulla
2842 4353 3195 4422 suppetunt
3236 4361 3349 4425 pro
3393 4344 3800 4408 OEcumcnio

584 4454 873 4513 Donatus
899 4454 1163 4532 quidem
1204 4452 1603 4514 Veronensis
1642 4468 1841 4532 supra
1890 4450 2188 4515 laudatus
2224 4450 2295 4513 in
2340 4452 2558 4514 Grieca
2590 4451 2670 4513 ad
2706 4449 3012 4512 lectorem
3059 4448 3348 4529 Epistola
3393 4448 3665 4513 editioni
3698 4466 3813 4511 sua

585 4556 842 4634 praeﬁxa
880 4555 1080 4618 multa
1128 4555 1194 4616 in
1245 4553 1308 4616 id
1340 4563 1732 4633 argumenta,
1767 4562 1943 4617 πολλὰ
1970 4566 2248 4636 τεκμήρια
2276 4553 2343 4618 in
2382 4562 2682 4634 promptu
2720 4569 2790 4615 se
2826 4551 3059 4616 habere
3096 4551 3363 4615 atlirmat
3393 4570 3410 4615 :
3439 4572 3573 4636 qua:
3604 4563 3830 4625 tamen,

589 4656 839 4733 subdit,
872 4675 1001 4718 non
1020 4656 1245 4737 affero,
1276 4674 1352 4716 ne
1374 4657 1443 4718 in
1464 4656 1667 4734 specie
1692 4656 2022 4736 Epist'olce,
2057 4656 2203 4738 plus
2220 4675 2404 4738 quam
2422 4654 2691 4723 deceret.
2719 4654 3019 4733 prolixus
3044 4671 3260 4728 essem,
3290 4662 3375 4716 ἵνα
3408 4662 3486 4733 μὴ
3513 4663 3573 4717 ὲν
3593 4664 3830 4733 σχήματι

595 4769 917 4840 Ἐπιστολῆς
946 4770 1124 4841 πέραν
1138 4769 1233 4824 τοῦ
1256 4768 1469 4832 δέοντος
1488 4767 1905 4839 μακρολογήσω.
1949 4763 2027 4821 At
2063 4776 2185 4839 ego
2220 4778 2250 4839 q

2178 4783 2185 4815 ι
2220 4758 2483 4839 quidem
2517 4756 2814 4818 lubenter
2861 4754 3040 4816 illius
3073 4754 3505 4834 prolixitatem
3544 4757 3833 4833 epistolze

586 4865 909 4936 tulissem,
955 4872 1023 4925 ut
1054 4862 1423 4942 hujusmodi
1457 4869 1854 4939 argumenta,
1903 4878 2019 4922 seu
2071 4861 2477 4939 conjecturas
2517 4858 2586 4919 in
2628 4863 2849 4935 aperto
2897 4862 3215 4934 poneret:
3259 4856 3419 4933 quin
3452 4866 3513 4921 et
3544 4859 3823 4939 simplici

586 4971 730 5047 ejus
769 4965 1140 5027 teStimonio
1174 4964 1360 5027 (idem
1386 4980 1513 5025 non
1540 4963 1979 5037 detrectarem,
2022 4960 2147 5023 nisi
2184 4958 2474 5023 Vaticani
2506 4958 2749 5021 codicis
2778 4956 3125 5020 auctoritas
3152 4957 3232 5019 ab
3260 4958 3400 5036 ejus
3434 4978 3531 5022 me
3562 4970 3831 5025 senten-

586 5072 677 5133 tia
704 5074 1016 5131 avocaret.
1050 5067 1456 5147 Quanquam,
1489 5081 1572 5127 ne
1598 5063 1758 5144 quid
1789 5062 2230 5134 dissimulem,
2253 5061 2650 5123 diminutum
2676 5058 2970 5121 nonnihil
3005 5059 3089 5121 sit
3125 5059 3412 5122 Vaticani
3445 5061 3687 5123 eodiris
3718 5062 3830 5125 hac

586 5183 667 5239 de
701 5194 765 5237 re
793 5158 1263 5237 testimonium:
1298 5173 1439 5234 Non
1467 5171 1641 5234 enim
1674 5167 2061 5248 simpliciter
2091 5167 2213 5229 hoc
2240 5182 2431 5246 Opus,
2458 5163 2677 5227 ut'i‘ert
2708 5162 3139 5237 consuetudo,
3162 5163 3543 5228 inscribitur
3577 5187 3591 5227 :
3621 5176 3828 5245 Θεοφυ-

585 5283 1123 5355 λάκτουἘρμηνεῐα,
1161 5275 1215 5334 Τ
1211 5269 1611 5352 hcophylactt'
1641 5270 2166 5341 Commcntnrt'us,
2214 5288 2240 5330 v

2214 5267 2313 5330 vel
2342 5268 2834 5348 Interpretatio:
2861 5270 2973 5329 sed
3009 5288 3025 5328 :
3064 5276 3368 5346 Ἐρμηνεξα
3392 5278 3500 5330 ἀπὸ
3528 5278 3620 5347 τῆς
3649 5278 3828 5347 φωνῆς

590 5385 999 5454 Geo-gemmae,
1020 5400 1075 5442 κ,
1101 5400 1151 5436 τ.
1183 5382 1257 5445 λ..
1293 5372 1798 5436 Commentarius
1832 5375 1927 5431 vel
1964 5371 2245 5450 Intrrprt

2174 5371 2422 5432 irclntio
2457 5389 2535 5432 ea:
2562 5389 2708 5430 eocc
2764 5367 3237 5447 Tlteophylucti,
3288 5377 3411 5430 etc.
3456 5370 3531 5428 At
3565 5369 3720 5448 quid
3754 5386 3829 5430 ex

604 5472 977 5554 bnjusmodi
1021 5470 1468 5552 inscriptionis
1501 5469 1876 5532 diversitate
1905 5468 2124 5549 colligi
2154 5477 2373 5549 queat,
2408 5470 2573 5532 haud
2607 5467 2928 5548 intelligo,
2963 5468 3115 5541 nisi,
3156 5465 3255 5529 vel
3287 5467 3457 5532 bunc
3494 5468 3824 5532 Commen-

667 5694 743 5774 (ιι)
799 5692 1238 5747 Connuentarins
1325 5689 1717 5761 'l'hccpliylccti
1780 5691 1833 5745 in
1888 5689 2161 5760 Epistolas
2202 5688 2350 5743 Pauli
2384 5691 2559 5762 primo
2589 5689 2767 5744 editus
2790 5696 2872 5744 est
2906 5686 3197 5743 nl‘urscna
3228 5685 3330 5742 sub
3395 5685 3612 5741 nomine
3678 5680 3821 5735 .ithrr

592 5779 752 5817 ηαδη.
