4192 6294
319 375 426 447 113
1137 379 1223 442 IN
1265 377 1707 453 SEQUENTIA
1736 375 2323 442 THEOPHYLACTI
2357 382 2697 442 SCRIPTA.
3472 373 3570 436 iii.

325 492 560 556 tarium
594 507 670 556 ex
702 507 816 555 ore
849 491 1058 568 ipsius
1090 489 1582 571 'l‘heOphylacti,
1615 492 1768 552 dum
1797 493 1946 554 Acta
1978 494 2418 572 apostolorum
2462 498 2699 574 papulo
2732 512 2850 555 suo
2878 497 3269 573 asplanaret,
3303 503 3334 554 ει
3365 490 3576 568 tariiy-

331 594 578 674 grapho
605 596 826 678 aliquo
859 605 1198 673 exceptum
1232 611 1409 669 esse;
1452 594 1548 656 vel
1581 610 1660 655 ex
1691 594 1821 656 alio
1845 594 2088 660 fusiore
2121 597 2413 678 ejusdem
2453 600 2921 661 Commentario
2946 599 3418 674 depxomptum.
3453 595 3506 654 5η
3536 593 3573 650 d

336 708 642 760 neutrum
682 715 759 760 ex
808 696 911 758 his
947 697 1326 775 contigisse,
1368 710 1737 774 quanquam
1797 695 2178 758 alterutrum
2233 697 2308 757 ad
2348 714 2498 758 eum
2537 695 3018 776 TllOOpllj‘lﬂClO
3071 696 3574 774 adjudicandum

325 797 673 870 sufﬁceret,
720 803 1100 878 argumento
1141 803 1239 858 est
1288 793 1523 856 similis
1571 791 1906 871 inscriptio
1961 797 2223 875 praeﬁxa
2307 797 2621 859 Procemio
2667 797 3117 860 Commentarii
3166 795 3456 875 ejusdem
3511 794 3574 853 in

329 906 616 976 quatuor
646 893 1022 976 Evangelia,
1054 896 1227 976 quod
1263 903 1472 958 exstat
1502 897 1566 958 in
1600 897 1989 959 bibliotheca
2025 897 2836 961 Ctesareo-Vindobonensi
2866 899 3085 960 codice
3114 898 3255 970 271,
3285 915 3428 976 quae
3461 896 3580 957 hoc

330 1003 524 1063 modo
581 1019 650 1065 se
717 1001 910 1065 habet
970 1018 986 1063 :
1060 989 1363 1081 ’Eppqvcia
1419 1007 1530 1063 τῶν
1587 1012 1869 1081 τεσσάρων
1905 1010 1980 1064 Εὐ

1925 1009 2257 1078 Ξὺαγγεὶεῑῶν
2315 1010 2423 1064 ἀπὸ
2484 1013 2668 1082 φωνῆς
2713 1009 3094 1078 Θεοφυλὰκτου
3147 1009 3580 1082 ἀρχιεπισκόπου

327 1109 692 1182 noenum.
727 1101 1181 1180 lnterpretatio
1203 1112 1477 1180 quatuor
1495 1099 1986 1180 Evangeliorum
2005 1113 2084 1162 ea:
2110 1119 2255 1161 voce
2283 1101 2728 1182 Theophylacti
2743 1105 3207 1184 archiepiscopi
3222 1106 3580 1182 Bulgaricc:

330 1211 390 1264 ct
421 1213 636 1264 tamen
671 1201 848 1281 quod
886 1201 1128 1263 ibidem
1162 1201 1466 1278 sequitur
1494 1201 1878 1264 Praemium
1904 1201 1974 1262 in
2000 1212 2276 1280 quatuor
2303 1202 2649 1282 Evangelia
2679 1212 2777 1267 est
2808 1205 2973 1267 illud
2999 1204 3167 1270 idem
3188 1206 3359 1284 quod
3399 1203 3580 1264 codio

331 1322 435 1366 ces
473 1302 517 1363 ii
574 1299 947 1380 praeferunt,
983 1302 1097 1380 qui
1131 1311 1446 1365 consueta
1477 1310 1915 1382 praenotantur
1943 1319 1976 1362 e

1943 1301 2319 1382 epigraph'e,
2348 1305 2654 1367 nimirum
2692 1313 3115 1383 εΘεοφυλάκτου
3155 1311 3449 1382 Ἑρμηνεεα
3507 1313 3584 1371 εἰς

327 1415 578 1487 τέσσαρα
601 1405 929 1483 Resinata,
972 1403 1426 1484 Theophylacti
1457 1404 1912 1482 Interpretatio
1937 1404 2004 1466 in
2035 1414 2311 1484 quatuor
2341 1403 2720 1486 Evangelia;
2755 1407 3051 1486 quamvis
3089 1405 3226 1484 ipse
3253 1406 3590 1467 Commen-

329 1509 533 1570 tarius
567 1507 634 1570 in
659 1507 851 1572 citato
881 1509 1134 1582 codice,
1175 1509 1395 1571 nescio
1427 1525 1555 1587 qua
1606 1514 1686 1570 de
1717 1524 1933 1583 causa,
1979 1525 2108 1570 non
2142 1520 2344 1572 exstet
2375 1531 2403 1571 :~
2430 1516 2524 1572 est
2554 1509 2798 1589 quippe
2844 1511 3228 1574 Prommium
3267 1513 3345 1571 ab
3377 1508 3588 1585 ipsius

329 1609 1091 1690 Commentariicorpore
1121 1607 1445 1672 avulsum.
1479 1610 1776 1670 Fortasse
1811 1607 1915 1683 iis,
1953 1609 2064 1688 qui
2102 1611 2184 1670 ita
2236 1610 2647 1689 inscripsere,
2683 1621 2859 1690 φωνὴ,
2889 1625 3041 1682 vox,
3078 1611 3346 1689 perinde
3385 1618 3480 1668 est
3520 1625 3592 1668 ac

332 1707 734 1788 Expositio;
780 1726 914 1790 quo
945 1710 1136 1772 etiam
1170 1709 1236 1771 in
1275 1725 1470 1770 sensu
1499 1717 1741 1786 γλῶσσα,
1777 1708 1998 1788 lingua
2042 1709 2364 1773 interdum
2419 1719 2797 1788 usurpatur.
2829 1709 2972 1773 lliec
3007 1711 3341 1791 aliquanto
3379 1711 3592 1773 fusius

333 1817 714 1887 persecutus
742 1828 913 1881 sum,
956 1829 1081 1876 non
1120 1818 1186 1876 ut
1223 1811 1391 1872 hunc
1422 1810 1966 1872 Commentarium
1997 1818 2173 1874 certo
2212 1811 2533 1875 vindicem
2575 1811 3080 1892 TheOphylacto,
3113 1810 3283 1890 quod
3315 1829 3430 1873 nec
3457 1810 3588 1873 fieri

341 1925 532 1988 posse
565 1925 916 1990 cognosco,
947 1928 1094 1975 cum
1125 1911 1297 1975 alius
1327 1912 1525 1973 rodex
1557 1927 1768 1990 teque,
1798 1911 1898 1972 sin
1939 1909 2166 1989 magis,
2201 1921 2493 1974 vetustus
2535 1910 2731 1975 alium
2765 1911 3223 1989 diversumque
3250 1913 3591 1974 Commen-

336 2013 571 2077 tarium
611 2015 678 2075 in
714 2014 938 2078 eadem
975 2015 1414 2096 apostolorum
1453 2016 1602 2077 Acta
1647 2013 2136 2095 Thmphylacto
2179 2015 2420 2077 diserte
2454 2012 2718 2090 tribuat,
2770 2015 2821 2075 is
2876 2032 3130 2091 nempe,
3164 2014 3270 2094 qui
3305 2030 3336 2074 a
3379 2011 3595 2073 Sifano

335 2121 429 2176 est
461 2114 728 2189 editus;
794 2116 906 2180 sed
935 2125 1006 2181 ut
1032 2133 1257 2180 eorum
1293 2117 1679 2179 sententiam
1716 2115 1982 2178 minime
2023 2115 2506 2194 improhandam
2538 2115 2974 2186 ostenderem,
3011 2115 3119 2193 qui
3163 2129 3310 2174 eum
3362 2111 3423 2171 in
3462 2121 3593 2172 ter-

340 2215 665 2298 tiobujus
696 2208 1010 2282 editionis
1046 2219 1379 2282 volumine
1405 2217 1616 2281 locum
1651 2215 1885 2280 habere
1923 2215 2292 2290 voluerunt,
2330 2216 2576 2279 tametsi
2603 2216 2872 2279 maxima
2907 2234 2982 2278 cx
3013 2226 3184 2294 parte
3212 2214 3596 2295 jampridem

338 2319 459 2382 sub
507 2321 900 2383 OEcumenii
942 2321 1208 2384 nomine
1265 2319 1639 2400 prodiisset.
1691 2319 1812 2382 Sed
1861 2327 1923 2381 et
1961 2334 2038 2381 eo
2076 2319 2277 2397 magis
2327 2317 2483 2379 mihi
2525 2316 2657 2381 hinc
2697 2317 3074 2379 disserenda
3131 2316 3372 2395 putavi,
3421 2316 3594 2390 quod

338 2421 755 2484 OEcumenio
785 2422 980 2487 etiam
1009 2421 1528 2488 Commentarios
1577 2421 1933 2500 insequens
1970 2420 2304 2499 eripiatur.
2333 2417 2645 2499 Quojure
2695 2417 2884 2495 paulo
2921 2425 3061 2497 post
3118 2417 3597 2486 demonstratio,

341 2522 446 2584 ubi
489 2523 776 2601 primum
807 2525 1146 2589 absolvero
1176 2542 1250 2587 ea
1281 2543 1425 2604 quae
1455 2525 1535 2587 de
1570 2524 1766 2586 hocce
1799 2525 2276 2586 Commentario
2313 2522 2467 2585 mihi
2501 2521 2711 2584 adhuc
2740 2521 3010 2583 dicenda
3051 2527 3430 2599 supersunt.

414 2629 562 2693 νιι.
605 2628 727 2691 Ubi
757 2629 1307 2694 Commentarium
1352 2629 1522 2691 hunc
1556 2644 1702 2691 cum
1737 2628 2256 2702 Olicumeniano,
2293 2631 2374 2690 ita
2397 2643 2546 2689 eum
2577 2624 2854 2703 appello,
2894 2623 3006 2704 qui
3038 2623 3182 2702 ejus
3213 2622 3472 2683 nomine
3501 2617 3602 2678 in-

343 2731 626 2811 scriptus
652 2731 913 2810 prodiit,
946 2733 1136 2796 modo
1159 2749 1356 2812 supra
1397 2731 1570 2794 dicto
1597 2746 1956 2810 congruere
2013 2727 2460 2801 animadverti,
2496 2727 2754 2808 quoties
2786 2742 3001 2789 meum
3064 2722 3392 2800 exemplar
3435 2733 3608 2779 tuen-

344 2835 574 2896 dosum
630 2842 741 2898 aut
771 2835 1070 2900 mutilum
1125 2855 1290 2913 esse,
1323 2836 1496 2918 quod
1557 2835 1933 2916 frequenter
1967 2835 2260 2915 contigit,
2341 2832 2742 2913 suspicabar,
2793 2831 3000 2910 ipsum
3032 2829 3288 2904 adii,ut
3339 2823 3606 2886 detectis

345 2934 734 2998 medicinam
793 2937 1170 3000 vulneribus
1215 2935 1604 3016 reperirem;
1652 2937 1826 3017 quod
1885 2934 2268 3013 plerumque
2301 2932 2581 2997 feliciter
2637 2931 3062 2995 succedebat:
3102 2928 3425 3009 siquidem
3500 2925 3610 2985 ille

345 3049 420 3097 ex
463 3035 780 3098 nitidiore
842 3037 1178 3118 magisque
1238 3037 1490 3115 integro
1545 3036 1767 3098 codice
1800 3034 2186 3109 desumptus
2228 3047 2370 3094 esse
2430 3030 2709 3096 videtur.
2751 3029 3079 3090 Interdum
3127 3035 3335 3086 tamen
3389 3031 3609 3082 textus

350 3143 627 3217 uterque
659 3148 1000 3216 corruptus
1021 3139 1180 3203 mihi
1218 3141 1395 3205 visus
1427 3147 1545 3214 est,
1578 3139 1749 3220 quod
1789 3146 2017 3200 neuter
2047 3152 2406 3215 congruum
2439 3150 2701 3198 sensum
2728 3131 2884 3194 mihi
2909 3129 3228 3192 funderet.
3266 3129 3427 3188 Tum
3463 3141 3615 3186 vero

353 3240 447 3302 vel
486 3240 566 3304 ad
603 3240 1001 3306 Sifanianum
1057 3243 1628 3317 Commentarium,
1664 3240 1758 3304 vel
1823 3243 1901 3302 ad
1943 3236 2382 3319 apngraphum
2431 3235 2907 3308 Florentinum,
2948 3232 3044 3294 vel
3104 3232 3177 3294 ad
3223 3231 3615 3310 prazcipuum

351 3346 647 3409 omnium
681 3344 924 3408 fontem
960 3346 1510 3426 Chrysostomum,
1547 3352 1607 3407 et
1638 3345 2026 3424 quandoque
2056 3343 2134 3405 ad
2190 3356 2417 3402 omnes
2442 3339 2590 3401 illos
2626 3333 3100 3416 confugiebant.
3135 3330 3456 3395 Nonnulla
3495 3329 3616 3390 liii-

355 3441 456 3517 ius
489 3445 584 3510 rei
635 3447 1021 3526 exemplain
1054 3446 1364 3512 inferiore
1413 3445 1698 3528 margine
1755 3443 2123 3526 paginarum
2170 3445 2472 3506 adnotata
2509 3440 2708 3502 lector
2764 3439 3109 3501 observare
3147 3433 3402 3513 poterit.
3462 3434 3620 3493 Cum

357 3569 508 3616 vero
543 3559 714 3616 recte
744 3570 815 3616 se
841 3550 1109 3617 habebat
1137 3569 1398 3628 sensus,
1429 3553 1548 3617 etsi
1582 3552 1865 3615 viderem
1889 3547 2439 3628 Chrysostomum,
2473 3552 2582 3608 aut
2613 3543 2898 3623 aliquem
2935 3559 3010 3605 ex
3047 3543 3412 3602 memoratis
3443 3541 3624 3598 tium.

359 3659 695 3724 mentariis
729 3659 829 3722 vel
857 3657 1095 3734 verbis,
1144 3656 1244 3722 vel
1277 3657 1504 3721 ordine
1545 3659 1940 3736 discrepare,
1973 3655 2134 3717 nihil
2168 3653 2234 3716 in
2272 3648 2623 3730 exemplari
2665 3663 2811 3711 meo
2843 3643 3314 3708 immutandum
3347 3641 3568 3702 censui
3607 3662 3623 3700 :

361 3777 488 3828 non
532 3763 708 3827 enim
755 3763 920 3828 alios
956 3779 1387 3844 quoscunque
1445 3760 1994 3831 Commentarios,
2050 3753 2470 3840 quantumvis
2532 3749 2860 3813 interdum
2911 3747 3010 3809 ve!
3054 3745 3261 3825 cOpia,
3325 3742 3422 3806 vel
3466 3760 3622 3804 con-

362 3866 673 3930 cinnitate
706 3864 1160 3945 praeferendos,
1191 3865 1304 3928 sed
1351 3864 1520 3925 hunc
1554 3863 1858 3924 duntaxat
1896 3861 2280 3922 Vaticanum
2306 3856 2498 3920 edere
2552 3851 2707 3914 mihi
2743 3851 3168 3912 constitutum
3206 3853 3337 3908 erat
3361 3861 3377 3901 :
3405 3861 3628 3923 qnam-

364 3968 588 4030 obrem
649 3968 731 4032 de
789 3968 904 4031 illo
941 3964 1386 4030 tantummodo
1422 3963 1807 4043 corrigendo
1839 3969 1901 4024 et
1942 3979 1975 4023 a
2038 3958 2454 4022 librariorum
2505 3951 2766 4034 injuriis
2801 3950 3190 4013 vindicando
3245 3946 3400 4009 milii
3453 3947 3628 4007 labo-

367 4076 642 4138 randum
676 4074 1067 4138 existimavi.
1101 4073 1267 4136 Hinc
1297 4071 1488 4135 etiam
1523 4072 1604 4133 ita
1643 4068 1829 4132 illum
1869 4066 2324 4132 excedendum
2372 4061 2618 4137 curavi,
2651 4068 2719 4123 ut
2747 4072 2880 4138 quo
2919 4055 3185 4134 pr0pius
3221 4053 3352 4115 ﬁeri
3389 4060 3628 4131 posset,

371 4178 750 4242 Vaticanum
787 4179 998 4259 ipsum
1032 4175 1320 4240 codicem
1357 4176 1864 4254 reprmsentaret.
1915 4175 2117 4247 Quam
2152 4169 2233 4231 ob
2261 4183 2543 4241 causam,
2576 4181 2722 4228 cum
2758 4163 2820 4224 in
2856 4158 3164 4222 Vaticano
3188 4155 3410 4218 codice
3443 4171 3634 4214 sacra!

368 4281 714 4361 Scriptum
753 4287 964 4344 textus
996 4279 1060 4343 in
1090 4279 1317 4354 varias,
1367 4295 1515 4360 quae
1543 4295 1574 4340 εδ
1613 4275 1850 4338 Graecis
1882 4274 1946 4336 in
1974 4289 2146 4335 sacra
2185 4270 2467 4350 liturgia,
2512 4265 2804 4344 Pasehali
2833 4271 3142 4361 tempore,
3190 4259 3632 4361 perlegerimr,

375 4357 686 4451 lectiones
716 4383 1094 4464 dispertitus
1121 4382 1328 4463 primo
1368 4357 1771 4447 exhibeatur.
1807 4385 1868 4442 et
1911 4391 2042 4456 quo
2076 4389 2350 4454 quisque
2385 4371 2490 4432 die
2539 4369 2617 4430 ab
2652 4366 2898 4429 eisdem
2926 4360 3252 4464 recitanda
3285 4357 3392 4430 sit,
3445 4357 3636 4464 aduo.

373 4495 544 4552 tetur
576 4511 593 4563 ;
624 4504 698 4551 ac
730 4459 1029 4566 praeterea
1061 4459 1312 4564 integer
1344 4485 1618 4546 Actuum
1653 4480 2090 4560 apostolorum
2122 4476 2286 4536 liber
2330 4489 2458 4536 non
2493 4473 2558 4534 in
2601 4479 2744 4531 octo
2776 4484 2970 4547 supra
3022 4459 3299 4566 viginti,
3339 4467 3411 4520 ut
3467 4459 3636 4566 apud

376 4609 492 4655 nos
527 4559 918 4671 Graecosque
973 4559 1429 4659 communiter,
1473 4585 1588 4649 sed
1632 4559 1703 4646 in
1743 4580 2162 4663 quadraginta
2199 4580 2404 4658 capita
2459 4575 2828 4646 dividatur;
2879 4571 2999 4633 hoc
3033 4575 3236 4631 totum
3285 4564 3430 4671 ipse
3487 4559 3640 4621 reti-

375 4695 664 4770 nendum
700 4661 940 4772 putavi.
981 4693 1273 4754 Attamen
1307 4697 1374 4753 ut
1404 4661 1845 4751 studiosorum
1879 4685 2218 4746 commodo
2265 4687 2324 4742 et
2361 4677 2624 4742 utilitati
2651 4672 3088 4745 consulerem,
3126 4683 3270 4732 cum
3296 4665 3372 4772 ad
3417 4661 3642 4772 latera-

383 4803 506 4864 iem
542 4800 919 4880 marginem,
957 4805 1091 4861 tum
1122 4797 1186 4858 in
1218 4794 1428 4856 fronte
1480 4788 1856 4871 paginarum
1914 4787 2291 4880 earumdem
2323 4783 2604 4864 capitum
2638 4791 2977 4842 numerum
3003 4773 3190 4853 juxta
3227 4766 3415 4880 nobis
3465 4765 3641 4880 (ira:-

384 4906 609 4984 cisque
640 4865 1006 4966 consuetam
1045 4896 1454 4979 partitionem
1483 4892 1774 4972 adjunxi.
1808 4879 1975 4963 Quia
2009 4905 2158 4950 vero
2189 4886 2503 4966 praedicta)
2534 4881 2843 4944 lectiones
2876 4894 3001 4984 non
3041 4888 3204 4984 sese
3238 4871 3378 4931 sine
3433 4865 3648 4927 medio

385 4975 746 5088 excipiunt.
776 5002 889 5066 sed
918 4975 1109 5063 modo
1147 4998 1353 5077 plura.
1392 4995 1580 5058 modo
1621 4991 1944 5072 ρδιιῡὶοτθ,
1989 5007 2134 5069 qum
2177 4989 2239 5051 ίη
2299 5003 2475 5050 εδτττθ
2509 4983 2770 5061 ιίιυνῧίδ
2811 4975 3490 5088 ρονιθεί-ηρψιδίιιξειιιι
3528 4985 3647 5080 ,είῗ

390 5071 551 5186 lcnl:
585 5105 918 5190 interjecta
947 5104 1304 5168 identidem
1337 5107 1516 5175 sunt,
1563 5098 1712 5161 ideo
1741 5095 1853 5176 qui
1894 5095 2274 5157 Vaticanum
2303 5091 2594 5155 codicem
2640 5083 2952 5153 exaravit,
3005 5079 3077 5140 ad
3113 5071 3483 5190 earumdem
3523 5071 3644 5190 i‘n't-

389 5169 552 5282 tium
579 5169 1060 5292 terminumque
1089 5207 1544 5280 indicandum,
1572 5205 1636 5266 in
1690 5199 2001 5280 margine,
2039 5197 2138 5260 vel
2166 5200 2356 5260 etiam
2414 5196 2582 5256 intra
2617 5189 2864 5270 paginas
2891 5197 3127 5292 corpus
3169 5174 3472 5292 apposuit
3536 5169 3648 5232 118.5

395 5341 582 5388 voces
617 5345 630 5384 :
673 5318 841 5394 ἀρχὴ,
869 5282 1144 5389 ἱῖιέιίιωη,
1177 5315 1351 5387 τέλος,
1386 5311 1554 5391 ﬁnis.
1601 5311 1674 5371 Et
1702 5306 1852 5388 quia
1883 5321 2107 5369 omnes
2139 5305 2280 5366 ista)
2329 5301 2668 5372 lectiones,
2699 5287 3244 5394 quemadmodum
3407 5289 3649 5349 nostra,

395 5429 482 5503 ita
519 5428 588 5490 in
616 5427 985 5489 Grrecorum
1011 5419 1274 5500 liturgia
1308 5418 1637 5496 incipiunt
1696 5415 1796 5476 his
1831 5411 2048 5476 verbis

1997 5413 2048 5473 is
2092 5433 2106 5472 :
2160 5415 2248 5469 Ἐν
2277 5412 2513 5472 ἐκείναις
2549 5405 2808 5476 ἡμέραις,
2884 5399 2958 5457 In
2995 5392 3208 5455 diebus
3271 5387 3441 5455 illis;
3487 5401 3650 5462 saepe

399 5495 584 5596 etiam
609 5529 827 5609 aliqua
857 5524 1045 5589 verba
1074 5525 1150 5586 ad
1174 5491 1510 5584 clariorem
1567 5535 1800 5582 sensus
1836 5514 2318 5578 inchoationem
2362 5505 2687 5568 adduntur
2740 5501 2832 5563 vel
2859 5503 3275 5576 repetuntur:
3486 5506 3652 5609 quo-

400 5654 524 5717 que
557 5593 858 5696 librai'ius
906 5649 940 5693 e
992 5629 1258 5708 regione
1300 5623 1600 5705 ascripsit
1658 5624 1722 5684 iu
1768 5620 2078 5699 margine.
2124 5619 2364 5677 Verum
2414 5628 2560 5670 cum
2612 5607 2744 5668 haec
2775 5604 2991 5666 minus
3035 5596 3390 5711 necessaria
3425 5593 3654 5664 forent,

403 5702 528 5804 iino
559 5739 840 5819 aliquam
868 5702 1098 5814 parere
1121 5702 1565 5796 confusionem
1631 5725 1976 5790 lectoribus
2019 5725 2301 5803 possent,
2329 5733 2406 5778 cx
2432 5713 2558 5777 alia
2593 5726 2741 5772 vero
2778 5718 2949 5787 parte
2997 5721 3123 5766 non
3149 5702 3304 5763 satis
3333 5707 3656 5819 ‘titftzttt'tilu

403 5806 693 5908 adnotata
750 5841 1163 5921 reperisscm,
1217 5837 1417 5902 satius
1459 5837 1612 5901 duxi
1655 5853 1726 5896 ea
1783 5849 2043 5909 piorsus
2081 5827 2421 5893 omittere:
2491 5819 2863 5898 pt‘iuset‘tim,
2899 5829 3042 5875 cum
3077 5827 3152 5873 ex
3217 5806 3658 5870 ecclesiastic-
