4192 6294
575 373 687 440 415
1627 382 2015 446 BONIFACII
2070 387 2375 448 FINET'I'I
2415 388 2808 450 PREFATIO
3758 389 3881 455 416

575 486 940 550 Graecorum
981 485 1171 560 libro,
1204 488 1316 566 qui
1351 488 1693 570 Apostolus
1731 494 1924 575 vulgo
1959 496 2222 578 dicitur,
2255 501 2540 580 quisque
2581 499 2774 563 facile
2820 502 3058 564 rescire
3088 501 3316 580 possit,
3348 502 3509 583 quid
3541 519 3574 564 a
3611 504 3881 567 Graecis

574 604 654 649 ex
686 588 950 651 Actibus
970 591 1342 665 apostolicis
1376 595 1617 675 perlegi
1653 594 1722 659 in
1753 614 1929 661 sacra
1953 598 2216 681 liturgia
2251 602 2480 670 soleat.
2517 620 2587 664 ac
2611 619 2741 683 quo
2766 604 2972 681 capite
3002 618 3209 683 quove
3240 602 3469 682 capitis
3502 621 3688 666 versu
3723 606 3884 666 sin—

571 691 744 774 gulae
778 690 906 755 illa:
938 692 1247 757 lectiones
1279 703 1390 760 aut
1417 698 1724 776 incipiant
1755 709 1865 765 aut
1895 702 2217 768 desinant.
2249 706 2373 769 Sed
2406 706 2509 769 hic
2528 714 2874 784 antequam
2912 706 3076 769 ultra
3109 710 3523 786 progredior,
3552 708 3876 771 animad-

574 800 826 856 vertere
871 802 1127 874 prrestat
1170 813 1311 878 pag.
1360 794 1481 862 216
1513 802 1815 865 mendum
1849 802 2195 884 irrepsisse
2253 809 2319 869 in
2351 808 2751 886 designanda
2808 805 3165 882 Dominica,
3197 811 3272 871 ad
3327 825 3517 888 quam
3570 808 3879 887 pertinet

578 889 792 961 lectio,
825 909 971 970 qum
998 892 1082 955 ibi
1121 896 1464 976 sequitur:
1504 916 1650 962 nam
1691 918 1806 980 pro
1848 902 2182 968 Dominiea
2221 905 2494 969 secunda
2520 915 2668 985 post
2704 906 2971 979 Pascha,
3010 907 3352 987 legendum
3377 915 3499 982 est,
3523 909 3883 970 ﬂaminica

575 988 848 1051 secunda
874 990 1133 1054 Pascha
1162 994 1274 1078 (α).
1306 997 1652 1076 Caeterum,
1681 999 1916 1078 posito,
1961 1009 2029 1066 ut
2061 1003 2377 1076 diximus,
2418 1004 2764 1085 Scriptum
2802 1014 3015 1080 textu,
3044 1008 3341 1087 sequitur
3379 1006 3445 1067 in
3469 1007 3691 1068 codice
3737 1020 3883 1067 rio-

577 1103 708 1154 stro
738 1095 1278 1173 Commentarius,
1308 1100 1501 1179 isque
1536 1104 1632 1166 vel
1673 1111 1943 1169 omnino
1971 1106 2185 1183 solus,
2214 1108 2478 1183 hoeest,
2542 1125 2810 1188 prorsus
2856 1112 3122 1174 omissis
3162 1119 3375 1174 textus
3435 1110 3680 1183 verbis,
3762 1107 3887 1170 vet

582 1189 662 1251 iis
695 1196 1139 1260 tantummodo
1165 1200 1596 1279 compellatis,
1627 1222 1773 1285 qum
1802 1208 2301 1287 respondentem
2344 1207 2647 1272 inchoent
2692 1227 2970 1273 versum.
3011 1210 3147 1272 Hoc
3191 1226 3337 1272 cum
3371 1209 3877 1271 incommodum

581 1289 807 1352 lectori
837 1292 1129 1357 futurum
1167 1300 1775 1381 animadverterem,
1800 1309 1974 1388 quod
2005 1307 2153 1371 hinc
2179 1309 2636 1373 Commentarii
2667 1327 2901 1375 sensus
2945 1311 3285 1375 obscurior
3323 1309 3651 1373 interdum
3693 1309 3874 1371 red-

578 1397 865 1472 deretur,
899 1415 1019 1481 ego
1046 1403 1146 1465 sin
1185 1420 1466 1485 semper,
1501 1406 1876 1488 frequenter
1904 1419 2140 1485 tamen,
2177 1412 2411 1476 intacto
2480 1415 2742 1494 quidem
2794 1416 3012 1479 Grreeo
3057 1424 3259 1486 textu,
3292 1416 3355 1477 in
3394 1416 3691 1478 versione
3747 1413 3878 1476 La-

568 1495 715 1559 tina
746 1500 1070 1576 paucailla
1095 1501 1446 1584 Scriptum
1474 1508 1663 1570 verba
1710 1509 1959 1583 addidi,
2007 1526 2155 1589 quas
2195 1514 2292 1588 ,ad
2319 1510 2674 1576 faciliorem
2713 1514 3168 1577 Cemmentarii
3201 1512 3695 1592 inteiligentiam
3738 1530 3870 1573 ue-

583 1602 861 1666 cessaris
883 1604 1298 1670 .videbantur.
1335 1610 1814 1690 Nonnunquam
1856 1610 2051 1673 etiam
2083 1629 2276 1676 unam
2305 1613 2401 1675 vel
2435 1614 2701 1677 alteram
2735 1615 3137 1696 particulam,
3176 1616 3275 1679 vel
3315 1615 3630 1689 vocuiam,
3656 1631 3877 1695 quam

590 1713 802 1769 textus
833 1708 1090 1772 Grmcus
1130 1725 1257 1773 non
1306 1711 1588 1784 haberet,
1642 1713 1919 1790 inserui,
1972 1732 2105 1797 quo
2147 1717 2545 1779 commodior
2581 1719 2660 1780 de
2706 1735 2833 1782 una
2868 1719 2946 1781 ad
2972 1719 3234 1782 alteram
3282 1715 3878 1782 eommentationis

587 1819 831 1892 partem
869 1813 1173 1876 transitus
1202 1815 1399 1878 tieret.
1438 1819 1510 1879 Et
1553 1816 1688 1881 hmo
1717 1820 1986 1899 quidem
2014 1820 2094 1882 de
2130 1820 2323 1883 hocce
2399 1822 2903 1893 Commentario,
2968 1841 3243 1903 meoque
3283 1825 3349 1885 in
3396 1822 3585 1884 illum
3610 1820 3877 1882 labore.

666 1917 839 1980 νιιι.
877 1916 1201 2000 Perpauca
1231 1938 1404 1985 nunc
1454 1923 1531 1986 de
1584 1924 1898 1987 Vaticano
1923 1925 2171 1995 codice.
2204 1926 2276 1986 in
2311 1942 2452 2004 quo
2508 1926 2616 1987 ille
2663 1928 3057 2000 continetur,
3084 1927 3356 1990 dicenda
3410 1930 3691 1986 manent.
3745 1920 3884 1981 Co-

588 2018 714 2079 dex
751 2018 886 2096 ille,
943 2029 1011 2083 ut
1039 2022 1232 2101 gipse,
1275 2023 1386 2105 qui
1419 2024 1966 2088 Commentariqu
2017 2026 2382 2104 descripsit,
2421 2029 2757 2091 certiorem
2791 2047 2892 2091 me
2920 2028 3094 2103 fecit,
3128 2029 3298 2090 inter
3358 2026 3698 2086 Vaticanos
3766 2025 3885 2081 cst

589 2122 818 2186 ordine
857 2128 1374 2191 sexcentesimns
1405 2129 1994 2209 quinquagesimus
2031 2131 2387 2201 secundus,
2427 2132 2493 2194 in
2518 2131 2676 2195 folio
2708 2135 2983 2210 minore,
3029 2132 3391 2196 initialihus
3427 2128 3659 2191 litteris
3691 2122 3900 2204 opti—~

590 2241 695 2287 me
733 2224 1019 2304 ﬁguratis
1056 2233 1117 2287 et
1159 2225 1346 2304 pictis
1379 2234 1667 2289 ornatus.
1719 2231 1873 2290 Nota
1936 2229 2263 2307 temporis,
2298 2248 2427 2310 quo
2466 2230 2913 2312 scriptusi‘uit,
2940 2245 3112 2297 caret
3138 2255 3168 2305 ς⁴
3188 2233 3298 2294 sed
3331 2231 3584 2294 decimo
3630 2232 3879 2305 quarto

589 2325 845 2389 circiter
907 2327 1144 2390 saeculo
1181 2337 1477 2392 exaratus
1525 2346 1604 2391 ex
1666 2329 2050 2398 characteris
2108 2328 2355 2392 ratione
2405 2330 2772 2410 conjicitur.
2822 2335 3056 2395 Praeter
3110 2329 3585 2407 alia,"continet
3651 2328 3890 2406 primo

591 2431 1162 2505 Commentarium,
1206 2449 1400 2511 quem
1428 2433 1711 2506 edimus,
1736 2433 1803 2495 in
1844 2436 1990 2498 Acta
2017 2435 2458 2514 apostolorum
2494 2458 2510 2497 :
2546 2436 2652 2498 cui
2683 2436 3090 2517 praemittitur
3122 2435 3321 2498 index
3358 2433 3636 2513 capitum
3673 2431 3879 2492 istius

594 2532 766 2609 libri,
792 2534 1067 2614 ejusque
1101 2520 1992 2617 Argumentumfcujusmodi
2046 2549 2319 2612 exstant,
2379 2541 2488 2603 ille
2522 2540 2789 2620 quidem
2840 2547 2988 2601 ante
3060 2524 3486 2608 Sit'aniannm,
3549 2533 3670 2593 hoc
3716 2539 3885 2595 ante

592 2634 1155 2697 Olicumenianum
1193 2636 1762 2700 Commentarium.
1822 2638 2098 2702 Exhibet
2132 2644 2436 2718 praeterea
2467 2637 3021 2718 Peregrinationes
3054 2637 3265 2709 Pauli,
3309 2642 3500 2714 prout
3531 2634 3593 2696 in
3626 2633 3881 2695 Mitlin-

596 2750 675 2797 na
705 2733 862 2797 Novi
912 2735 1301 2797 Testameuti
1339 2737 1650 2811 editione,
1687 2745 1749 2800 et
1776 2739 1944 2814 apud
1980 2740 2456 2802 Olicumenium
2503 2738 2859 2810 habentur;
2923 2736 3044 2799 hoc
3093 2744 3186 2799 est
3223 2737 3412 2815 paulo
3443 2734 3630 2797 aliter
3683 2750 3758 2795 ac
3802 2732 3874 2792 in

594 2836 791 2900 Sifani
832 2837 1120 2899 editione
1161 2837 1489 2916 leguntur,
1533 2849 1595 2902 et
1643 2857 1676 2901 a
1715 2840 1916 2915 nobis
1949 2841 2049 2903 hic
2092 2850 2232 2917 post
2287 2841 2491 2920 ipsius
2534 2841 2731 2903 Sit'ani
2785 2839 3110 2918 Epistolas
3163 2846 3223 2901 et
3271 2835 3665 2917 hypotbesin
3711 2833 3879 2896 libri

598 2933 873 2998 Actuum
905 2934 1322 3016 proferuntur
1351 2935 1457 3017 (ὁ).

1998 3088 2285 3152 ΞΕΟΤΙΟ
2315 3088 2429 3152 Ill.
2483 3120 2486 3122 τ

1506 3233 1592 3296 De
1623 3231 2083 3297 Commentario
2116 3236 2185 3296 in
2220 3233 2545 3315 Epistolas
2573 3228 2954 3299 Catholicas.
3034 3322 3038 3325 Δ

679 3380 793 3447 IX.
834 3383 951 3446 Diu
986 3383 1392 3464 multumque
1422 3384 1501 3447 ab
1548 3385 1742 3468 hujus
1787 3384 2094 3448 editionis
2131 3386 2534 3448 curatoribus
2583 3384 2936 3446 laboratum
2988 3391 3115 3458 est,
3149 3382 3530 3462 priusquam
3560 3376 3641 3438 de
3670 3373 3877 3436 110600

600 3487 1072 3559 Commentario
1103 3488 1455 3549 eniittendo
1491 3491 1557 3551 in
1598 3491 1803 3553 lucem
1849 3492 2296 3566 decernerent,
2351 3497 2461 3554 aut
2492 3490 2841 3554 decernere
2874 3507 2943 3553 se
2980 3488 3130 3569 jure
3164 3503 3350 3567 posse
3376 3486 3872 3548 arbitrarentur.

604 3588 879 3651 Polliciti
937 3591 1203 3670 quidem
1251 3591 1348 3653 illi
1416 3601 1617 3669 erant,
1662 3587 1808 3656 sese
1855 3595 2022 3657 inter
2051 3603 2279 3689 cmterg
2336 3594 2531 3658 etiam
2581 3594 2898 3657 incditum
2950 3592 3490 3672 Thcophylacu'in
3534 3587 3875 3670 Epistolas

600 3695 959 3758 Catltolicas
994 3698 1536 3761 Commentarinm
1595 3717 1741 3763 esse
1784 3701 2048 3764 daturos
2094 3721 2110 3761 :
2166 3702 2368 3781 idque
2399 3700 2554 3780 jure
2582 3700 2828 3777 Optimo
2862 3699 3159 3778 polliceri
3210 3705 3522 3776 poterant,
3556 3712 3701 3787 cum
3726 3692 3867 3774 jam

607 3798 1011 3877 possiderent
1045 3802 1332 3867 Graecum
1366 3802 1907 3865 Commentarium
1940 3821 2022 3866 ex
2053 3803 2272 3866 codice
2316 3801 2757 3866 celeberrima:
2783 3799 3187 3864 bibliothecae
3220 3796 3878 3862 Cmsareo-Vindobo-

604 3900 831 3961 nensis
868 3900 1286 3979 descriptum,
1317 3918 1512 3980 quem
1550 3902 1644 3965 Cl.
1682 3902 2058 3966 Lambecius
2089 3903 2155 3965 in
2190 3901 2680 3967 Commentariis
2703 3902 2995 3981 ejusdem
3031 3900 3439 3963 bibliothecae
3467 3900 3544 3962 ad
3576 3899 3871 3961 codicem

603 4002 748 4075 220,
787 4003 1329 4080 quemadmodum
1382 4003 1573 4066 etiam
1610 4004 1943 4067 Nesselius
1979 4005 2272 4084 ejusdem
2323 4003 2728 4066 abbreviator
2780 4003 2866 4066 ita
2918 4002 3398 4082 TheOphylacto
3438 4002 3754 4074 tribuunt,
3800 4009 3871 4064 ut

608 4107 854 4171 nullam
896 4107 977 4170 de
1021 4109 1309 4187 genuino
1352 4108 1493 4189 ejus
1539 4116 1798 4171 auctore
1833 4108 2127 4189 ingerent
2155 4107 2623 4189 suspicionem,
2666 4106 3038 4188 nullamque
3081 4108 3349 4170 cuilibet
3376 4107 3712 4170 dubitandi
3746 4125 3870 4170 an-

609 4227 743 4272 sam
774 4211 1212 4290 suppeditent.
1253 4212 1517 4283 Verum,
1553 4229 1698 4272 cum
1729 4210 1886 4271 illud
1912 4211 2352 4290 apographum
2385 4210 2722 4273 Latinitate
2753 4210 3121 4271 donandum
3145 4208 3300 4270 mihi
3333 4207 3636 4270 traditum
3668 4219 3869 4280 esset,

614 4315 913 4376 versione
952 4315 1058 4374 vix
1089 4309 1405 4385 inchoata,
1438 4313 1517 4375 de
1553 4312 1754 4391 ipsius
1773 4320 2033 4373 auctore
2072 4312 2239 4373 haud
2267 4311 2504 4392 exigua
2543 4309 2697 4372 mihi
2737 4319 2832 4372 est
2863 4312 3085 4372 oborta
3107 4308 3396 4389 suspicio
3432 4330 3447 4369 :
3489 4316 3869 4388 tantumque

611 4434 685 4480 ea
724 4432 1065 4496 prOgressu
1124 4416 1445 4478 versionis
1477 4412 1782 4489 excrevit,
1823 4424 1890 4475 ut
1931 4416 2151 4494 paucis
2187 4414 2365 4477 foliis
2397 4415 2620 4479 Latine
2651 4412 2939 4488 redditis,
2974 4413 3039 4475 in
3075 4430 3213 4474 eam
3247 4415 3632 4476 sententiam
3665 4416 3866 4478 deve-

616 4519 846 4593 nerim,
904 4518 1444 4581 Commentariun:
1497 4516 1675 4578 illum
1737 4518 1841 4578 vix
1879 4536 1948 4577 ac
2002 4535 2079 4577 ne
2128 4517 2234 4578 vix
2290 4517 2556 4597 quidem
2599 4533 2745 4578 esse
2791 4514 3270 4594 Theophylacto
3322 4516 3867 4595 adjudicandum;

618 4626 779 4682 adeo
809 4619 888 4681 ab
931 4618 1075 4697 ejus
1106 4616 1299 4697 genio
1330 4627 1521 4694 atque
1555 4635 1590 4678 ιι
1626 4634 1766 4679 vera
1806 4625 2245 4697 consuetaque
2293 4615 2767 4678 commentandi
2809 4618 3055 4678 ratione
3095 4615 3254 4677 mihi
3289 4615 3469 4679 visus
3504 4624 3601 4679 est
3642 4618 3873 4681 abhor-

621 4741 783 4785 rere.
820 4721 1275 4782 Verumtamen
1306 4738 1383 4780 ue
1430 4718 1687 4795 penitus
1720 4716 2013 4795 Opinioni
2051 4717 2202 4780 huic
2232 4717 2647 4790 adhmrerem,
2679 4719 2747 4779 in
2777 4732 2968 4779 causa
3003 4724 3138 4779 erat
3169 4716 3502 4781 inandisse
3539 4734 3660 4793 me,
3692 4723 3873 4781 codi-

618 4841 780 4893 cem,
835 4838 913 4881 ex
967 4836 1099 4899 quo
1156 4820 1606 4898 depromptum
1661 4816 1869 4879 fuerat
1920 4816 2383 4896 apOgraphum,
2427 4823 2745 4879 vetustate
2780 4834 3038 4897 usuque
3074 4818 3235 4880 adeo
3266 4820 3555 4882 attritum
3600 4836 3769 4893 esse,
3800 4839 3870 4881 ac

620 4924 981 5006 perdifﬁcili
1032 4922 1223 4986 etiam
1283 4922 1642 4985 charactere
1673 4931 2027 4995 exaratum,
2078 4930 2145 4983 ut
2192 4938 2225 4983 a
2278 4921 2674 5000 peritissimo
2705 4938 2972 5001 quoque
3024 4920 3128 4982 vix
3163 4921 3304 5001 legi.
3342 4922 3590 5002 integre
3630 4931 3869 4999 posset.

620 5023 1388 5103 Quamobremquidquid
1421 5023 1483 5083 in
1516 5039 1593 5084 eo
1618 5022 1957 5083 dissonum
1993 5020 2340 5100 minusque
2369 5030 2873 5083 consentaneum
2904 5031 3290 5097 occurreret,
3316 5023 3377 5084 id
3412 5024 3477 5085 in
3513 5040 3868 5086 amanuen-

621 5128 712 5189 sis
746 5125 1131 5202 imperitiam
1167 5124 1262 5184 vel
1294 5123 1731 5185 inﬁdelitatem
1774 5121 2029 5183 refundi
2065 5137 2252 5199 posse
2280 5119 2655 5182 arbitrabar.
2688 5121 2764 5181 Ut
2800 5119 2977 5183 hunc
3007 5122 3169 5183 mihi
3210 5122 3592 5200 scrupulum
3623 5123 3872 5184 exime-

628 5243 791 5299 rem,
821 5226 899 5286 ab
928 5225 1037 5298 iis,
1065 5242 1340 5305 quorum
1372 5225 1700 5298 interemi,
1734 5224 2089 5300 impetravi,
2126 5231 2193 5285 ut
2216 5223 2437 5285 saltem
2467 5240 2661 5301 pauca
2691 5221 2841 5283 folia
2873 5223 3189 5304 abaliquo
3214 5213 3604 5301 peritissimo
3623 5225 3760 5286 viro
3790 5241 3867 5285 ex

626 5324 854 5387 eodem
884 5326 1102 5387 codice
1136 5324 1354 5386 denuo
1374 5324 1796 5385 exscribenda
1830 5332 2152 5387 curarent.
2191 5325 2375 5398 Quod
2432 5341 2544 5401 pro
2580 5325 2823 5387 eximio
2871 5342 2993 5387 suo
3023 5326 3086 5387 in
3134 5342 3348 5388 sacras
3380 5326 3620 5387 litteras
3653 5324 3873 5385 studio

623 5437 922 5507 praestare
958 5428 1161 5491 voluit
1190 5427 1289 5489 vir
1321 5426 1719 5490 clarissimus
1751 5437 1811 5488 et
1848 5426 2216 5505 linguarum
2262 5425 2673 5489 orientalium
2703 5426 3137 5502 peritissimus
3176 5428 3460 5490 Adamus
3491 5424 3871 5488 Franciscus

697 5618 775 5690 (α)
808 5619 881 5671 Ea
917 5617 1125 5690 scilicet
1178 5632 1297 5684 qua:
1348 5630 1376 5669 τι
1433 5614 1616 5690 nobis
1652 5613 1925 5690 Dominicn
1950 5616 2190 5690 indicis
2299 5616 2920 5690 hebdotnadaPasdiali
2957 5617 3249 5690 mediante,
3291 5614 3635 5690 respondeat.

626 5684 950 5756 apio-Vitatur,
988 5688 1160 5741 Grai-ci
1184 5704 1304 5742 cum
1340 5693 1534 5757 vorant
1579 5685 1860 5757 Kuptazigv
1881 5687 1975 5738 τοῦ
2013 5687 2191 5757 Ἀντι-

2373 5690 2448 5757 (li)
2481 5684 2614 5741 Vide.
2649 5689 2787 5742 infra
2825 5705 2978 5743 num.
3024 5686 3180 5751 XLV,
3222 5689 3309 5740 nhi
3354 5688 3422 5742 dc
3466 5685 3871 5757 Commentario

626 5754 1193 5827 ﬁliolaﬂomtmcam
1233 5756 1586 5825 Antipasrlur.
1622 5771 1716 5808 seu
1758 5755 2192 5826 Contrapasrlm;

2305 5759 2355 5811 in
2400 5754 2533 5812 Arta
2593 5761 2966 5823 apostolorum
3005 5776 3066 5813 es
3104 5759 3434 5814 bibliotheca
3474 5754 3873 5814 Medicae-Flu-

628 5832 795 5899 quod,
860 5840 917 5883 ut
971 5841 1120 5899 puto,
1185 5840 1374 5883 sancto
1433 5828 1533 5878 divi
1593 5828 1810 5879 l‘asclue
1868 5845 1897 5883 e
1951 5829 2187 5895 rrgimr,
2299 5836 2507 5883 rentius
2542 5840 2720 5887 exuto,
