  <div class='ocr_page' id='page_1' title='image "/cluster/home/n/w/nwhite01/storage/ocr_20150623/125/mdp.39015041873541/222.png"; bbox 0 0 4192 6294; ppageno 0'>
   <div class='ocr_carea' id='block_1_1' title="bbox 357 256 3611 339">
    <p class='ocr_par' dir='ltr' id='par_1_1' title="bbox 357 256 3611 339">
     <span class='ocr_line' id='line_1_1' title="bbox 357 256 3611 339; baseline 0.006 -20"><span class='ocrx_word' id='word_1_1' title='bbox 357 256 458 321; x_wconf 74' lang='grc'><strong>417</strong></span> <span class='ocrx_word' id='word_1_2' title='bbox 1190 261 1275 324; x_wconf 84' lang='grc' dir='ltr'>ΙΝ</span> <span class='ocrx_word' id='word_1_3' title='bbox 1306 260 1742 338; x_wconf 76' lang='lat' dir='ltr'><strong>SEQUENTIA</strong></span> <span class='ocrx_word' id='word_1_4' title='bbox 1769 261 2352 332; x_wconf 68' lang='lat' dir='ltr'><strong>THEOPHYLACT!</strong></span> <span class='ocrx_word' id='word_1_5' title='bbox 2395 269 2738 333; x_wconf 78' lang='lat' dir='ltr'><strong>SCRIPTA.</strong></span> <span class='ocrx_word' id='word_1_6' title='bbox 3506 276 3611 339; x_wconf 72' lang='lat'><strong>418</strong></span> 
     </span>
    </p>
   </div>
   <div class='ocr_carea' id='block_1_2' title="bbox 358 396 3610 491">
    <p class='ocr_par' dir='ltr' id='par_1_2' title="bbox 358 396 3610 491">
     <span class='ocr_line' id='line_1_2' title="bbox 358 396 3610 491; baseline 0.004 -33"><span class='ocrx_word' id='word_1_7' title='bbox 358 397 438 460; x_wconf 91' lang='lat' dir='ltr'><strong>de</strong></span> <span class='ocrx_word' id='word_1_8' title='bbox 467 396 715 475; x_wconf 84' lang='lat' dir='ltr'><strong>Kollar,</strong></span> <span class='ocrx_word' id='word_1_9' title='bbox 762 396 1031 461; x_wconf 74' lang='lat' dir='ltr'><strong>laudatm</strong></span> <span class='ocrx_word' id='word_1_10' title='bbox 1075 396 1480 463; x_wconf 62' lang='lat' dir='ltr'><strong>bibliotheca;</strong></span> <span class='ocrx_word' id='word_1_11' title='bbox 1506 408 1724 463; x_wconf 86' lang='lat' dir='ltr'><strong>custos</strong></span> <span class='ocrx_word' id='word_1_12' title='bbox 1756 402 2233 468; x_wconf 85' lang='lat' dir='ltr'><strong>meritissimus.</strong></span> <span class='ocrx_word' id='word_1_13' title='bbox 2270 405 2445 468; x_wconf 80' lang='lat' dir='ltr'><strong>idem</strong></span> <span class='ocrx_word' id='word_1_14' title='bbox 2494 422 2645 469; x_wconf 86' lang='lat' dir='ltr'><strong>vero</strong></span> <span class='ocrx_word' id='word_1_15' title='bbox 2686 407 2751 471; x_wconf 91' lang='lat' dir='ltr'><strong>ei</strong></span> <span class='ocrx_word' id='word_1_16' title='bbox 2783 406 3202 482; x_wconf 70' lang='lat' dir='ltr'><strong>describenti,</strong></span> <span class='ocrx_word' id='word_1_17' title='bbox 3242 410 3417 491; x_wconf 81' lang='lat' dir='ltr'><strong>quod</strong></span> <span class='ocrx_word' id='word_1_18' title='bbox 3448 411 3610 471; x_wconf 81' lang='lat' dir='ltr'><strong>mihi</strong></span> 
     </span>
    </p>
   </div>
   <div class='ocr_carea' id='block_1_3' title="bbox 318 494 3612 587">
    <p class='ocr_par' dir='ltr' id='par_1_3' title="bbox 318 494 3612 587">
     <span class='ocr_line' id='line_1_3' title="bbox 318 494 3612 587; baseline 0.004 -31"><span class='ocrx_word' id='word_1_19' title='bbox 318 570 324 575; x_wconf 11' lang='grc' dir='ltr'><strong>ἡ</strong></span> <span class='ocrx_word' id='word_1_20' title='bbox 357 494 835 575; x_wconf 83' lang='lat' dir='ltr'><strong>interpretanti,</strong></span> <span class='ocrx_word' id='word_1_21' title='bbox 873 498 1413 563; x_wconf 84' lang='lat' dir='ltr'><strong>inciditdubium.</strong></span> <span class='ocrx_word' id='word_1_22' title='bbox 1445 501 1566 562; x_wconf 88' lang='lat' dir='ltr'><strong>Sed</strong></span> <span class='ocrx_word' id='word_1_23' title='bbox 1609 498 1744 576; x_wconf 90' lang='lat' dir='ltr'><strong>ille,</strong></span> <span class='ocrx_word' id='word_1_24' title='bbox 1791 502 1967 581; x_wconf 87' lang='lat' dir='ltr'><strong>quod</strong></span> <span class='ocrx_word' id='word_1_25' title='bbox 2003 502 2164 565; x_wconf 90' lang='lat' dir='ltr'><strong>mihi</strong></span> <span class='ocrx_word' id='word_1_26' title='bbox 2199 520 2609 583; x_wconf 87' lang='lat' dir='ltr'><strong>summepere</strong></span> <span class='ocrx_word' id='word_1_27' title='bbox 2650 506 2939 587; x_wconf 87' lang='lat' dir='ltr'><strong>cupienti</strong></span> <span class='ocrx_word' id='word_1_28' title='bbox 2964 506 3326 572; x_wconf 75' lang='lat' dir='ltr'><strong>facerenon</strong></span> <span class='ocrx_word' id='word_1_29' title='bbox 3359 508 3612 585; x_wconf 84' lang='lat' dir='ltr'><strong>licebat,</strong></span> 
     </span>
    </p>
   </div>
   <div class='ocr_carea' id='block_1_4' title="bbox 360 598 3604 689">
    <p class='ocr_par' dir='ltr' id='par_1_4' title="bbox 360 598 3604 689">
     <span class='ocr_line' id='line_1_4' title="bbox 360 598 3604 689; baseline 0.004 -33"><span class='ocrx_word' id='word_1_30' title='bbox 360 598 765 660; x_wconf 82' lang='lat' dir='ltr'><strong>exsecutioni</strong></span> <span class='ocrx_word' id='word_1_31' title='bbox 814 600 1159 661; x_wconf 75' lang='lat' dir='ltr'><strong>mandavit.</strong></span> <span class='ocrx_word' id='word_1_32' title='bbox 1220 600 1566 665; x_wconf 80' lang='lat' dir='ltr'><strong>Consuluit</strong></span> <span class='ocrx_word' id='word_1_33' title='bbox 1618 599 1870 664; x_wconf 77' lang='lat' dir='ltr'><strong>scilicet</strong></span> <span class='ocrx_word' id='word_1_34' title='bbox 1920 604 2209 666; x_wconf 86' lang='lat' dir='ltr'><strong>codicem</strong></span> <span class='ocrx_word' id='word_1_35' title='bbox 2256 604 2399 678; x_wconf 70' lang='lat'><strong>222,</strong></span> <span class='ocrx_word' id='word_1_36' title='bbox 2463 606 2531 668; x_wconf 90' lang='lat' dir='ltr'><strong>in</strong></span> <span class='ocrx_word' id='word_1_37' title='bbox 2573 622 2704 685; x_wconf 87' lang='lat' dir='ltr'><strong>quo</strong></span> <span class='ocrx_word' id='word_1_38' title='bbox 2748 608 2983 687; x_wconf 79' lang='lat' dir='ltr'><strong>pariter</strong></span> <span class='ocrx_word' id='word_1_39' title='bbox 3033 609 3497 689; x_wconf 72' lang='lat' dir='ltr'><strong>Theophylacti</strong></span> <span class='ocrx_word' id='word_1_40' title='bbox 3538 610 3604 670; x_wconf 90' lang='lat' dir='ltr'><strong>in</strong></span> 
     </span>
    </p>
   </div>
   <div class='ocr_carea' id='block_1_5' title="bbox 362 698 3612 781">
    <p class='ocr_par' dir='ltr' id='par_1_5' title="bbox 362 698 3612 781">
     <span class='ocr_line' id='line_1_5' title="bbox 362 698 3612 781; baseline 0.004 -22"><span class='ocrx_word' id='word_1_41' title='bbox 362 698 686 775; x_wconf 74' lang='lat' dir='ltr'><strong>Epistolas</strong></span> <span class='ocrx_word' id='word_1_42' title='bbox 736 699 1092 763; x_wconf 72' lang='lat' dir='ltr'><strong>Cathoiicas</strong></span> <span class='ocrx_word' id='word_1_43' title='bbox 1147 702 1689 764; x_wconf 85' lang='lat' dir='ltr'><strong>Commentarium</strong></span> <span class='ocrx_word' id='word_1_44' title='bbox 1738 703 2054 767; x_wconf 77' lang='lat' dir='ltr'><strong>contineri</strong></span> <span class='ocrx_word' id='word_1_45' title='bbox 2121 705 2498 769; x_wconf 72' lang='lat' dir='ltr'><strong>Lambecius</strong></span> <span class='ocrx_word' id='word_1_46' title='bbox 2544 715 2605 769; x_wconf 88' lang='lat' dir='ltr'><strong>et</strong></span> <span class='ocrx_word' id='word_1_47' title='bbox 2638 709 2971 771; x_wconf 80' lang='lat' dir='ltr'><strong>Nessclius</strong></span> <span class='ocrx_word' id='word_1_48' title='bbox 3010 709 3341 781; x_wconf 74' lang='lat' dir='ltr'><strong>afﬁrmant,</strong></span> <span class='ocrx_word' id='word_1_49' title='bbox 3395 720 3461 773; x_wconf 88' lang='lat' dir='ltr'><strong>ut</strong></span> <span class='ocrx_word' id='word_1_50' title='bbox 3501 712 3612 772; x_wconf 75' lang='lat' dir='ltr'><strong>hac</strong></span> 
     </span>
    </p>
   </div>
   <div class='ocr_carea' id='block_1_6' title="bbox 360 804 3612 894">
    <p class='ocr_par' dir='ltr' id='par_1_6' title="bbox 360 804 3612 894">
     <span class='ocr_line' id='line_1_6' title="bbox 360 804 3612 894; baseline 0.003 -30"><span class='ocrx_word' id='word_1_51' title='bbox 360 804 708 880; x_wconf 85' lang='lat' dir='ltr'><strong>utriusque</strong></span> <span class='ocrx_word' id='word_1_52' title='bbox 740 804 985 866; x_wconf 72' lang='lat' dir='ltr'><strong>codicis</strong></span> <span class='ocrx_word' id='word_1_53' title='bbox 1031 805 1448 868; x_wconf 65' lang='lat' dir='ltr'><strong>contentione</strong></span> <span class='ocrx_word' id='word_1_54' title='bbox 1481 808 1832 885; x_wconf 75' lang='lat' dir='ltr'><strong>detegeret,</strong></span> <span class='ocrx_word' id='word_1_55' title='bbox 1865 824 1944 871; x_wconf 86' lang='lat' dir='ltr'><strong>an</strong></span> <span class='ocrx_word' id='word_1_56' title='bbox 1977 809 2147 872; x_wconf 90' lang='lat' dir='ltr'><strong>idem</strong></span> <span class='ocrx_word' id='word_1_57' title='bbox 2178 809 2281 873; x_wconf 71' lang='lat' dir='ltr'><strong>vel</strong></span> <span class='ocrx_word' id='word_1_58' title='bbox 2315 810 2616 874; x_wconf 86' lang='lat' dir='ltr'><strong>diversus</strong></span> <span class='ocrx_word' id='word_1_59' title='bbox 2664 813 2732 877; x_wconf 88' lang='lat' dir='ltr'><strong>in</strong></span> <span class='ocrx_word' id='word_1_60' title='bbox 2795 821 3068 894; x_wconf 87' lang='lat' dir='ltr'><strong>utroque</strong></span> <span class='ocrx_word' id='word_1_61' title='bbox 3100 815 3612 876; x_wconf 80' lang='lat' dir='ltr'><strong>Commentaries</strong></span> 
     </span>
    </p>
   </div>
   <div class='ocr_carea' id='block_1_7' title="bbox 357 908 3611 997">
    <p class='ocr_par' dir='ltr' id='par_1_7' title="bbox 357 908 3611 997">
     <span class='ocr_line' id='line_1_7' title="bbox 357 908 3611 997; baseline 0.004 -34"><span class='ocrx_word' id='word_1_62' title='bbox 357 914 552 965; x_wconf 84' lang='lat' dir='ltr'><strong>esset.</strong></span> <span class='ocrx_word' id='word_1_63' title='bbox 589 908 849 984; x_wconf 77' lang='lat' dir='ltr'><strong>Reperit</strong></span> <span class='ocrx_word' id='word_1_64' title='bbox 884 913 1097 969; x_wconf 90' lang='lat' dir='ltr'><strong>autem</strong></span> <span class='ocrx_word' id='word_1_65' title='bbox 1134 925 1259 969; x_wconf 90' lang='lat' dir='ltr'><strong>non</strong></span> <span class='ocrx_word' id='word_1_66' title='bbox 1291 908 1434 969; x_wconf 84' lang='lat' dir='ltr'><strong>sine</strong></span> <span class='ocrx_word' id='word_1_67' title='bbox 1466 908 1893 973; x_wconf 85' lang='lat' dir='ltr'><strong>admiratione</strong></span> <span class='ocrx_word' id='word_1_68' title='bbox 1936 911 2304 985; x_wconf 84' lang='lat' dir='ltr'><strong>diversum;</strong></span> <span class='ocrx_word' id='word_1_69' title='bbox 2328 921 2399 976; x_wconf 87' lang='lat' dir='ltr'><strong>et</strong></span> <span class='ocrx_word' id='word_1_70' title='bbox 2434 923 2739 993; x_wconf 70' lang='lat' dir='ltr'><strong>preterea</strong></span> <span class='ocrx_word' id='word_1_71' title='bbox 2775 918 2989 994; x_wconf 80' lang='lat' dir='ltr'><strong>talem,</strong></span> <span class='ocrx_word' id='word_1_72' title='bbox 3038 918 3147 997; x_wconf 90' lang='lat' dir='ltr'><strong>qui</strong></span> <span class='ocrx_word' id='word_1_73' title='bbox 3187 926 3362 979; x_wconf 88' lang='lat' dir='ltr'><strong>tanto</strong></span> <span class='ocrx_word' id='word_1_74' title='bbox 3408 921 3611 996; x_wconf 69' lang='lat' dir='ltr'><strong>magis</strong></span> 
     </span>
    </p>
   </div>
   <div class='ocr_carea' id='block_1_8' title="bbox 357 1002 3612 1096">
    <p class='ocr_par' dir='ltr' id='par_1_8' title="bbox 357 1002 3612 1096">
     <span class='ocr_line' id='line_1_8' title="bbox 357 1002 3612 1096; baseline 0.005 -34"><span class='ocrx_word' id='word_1_75' title='bbox 357 1002 818 1082; x_wconf 75' lang='lat' dir='ltr'><strong>&#39;l‘heopliylacti</strong></span> <span class='ocrx_word' id='word_1_76' title='bbox 856 1005 1146 1082; x_wconf 80' lang='lat' dir='ltr'><strong>genium,</strong></span> <span class='ocrx_word' id='word_1_77' title='bbox 1199 1004 1506 1077; x_wconf 77' lang='lat' dir='ltr'><strong>indolem,</strong></span> <span class='ocrx_word' id='word_1_78' title='bbox 1550 1007 1879 1080; x_wconf 86' lang='lat' dir='ltr'><strong>ordinem,</strong></span> <span class='ocrx_word' id='word_1_79' title='bbox 1928 1008 2194 1089; x_wconf 84' lang='lat' dir='ltr'><strong>stylum,</strong></span> <span class='ocrx_word' id='word_1_80' title='bbox 2227 1010 2647 1093; x_wconf 88' lang='lat' dir='ltr'><strong>suojudicio,</strong></span> <span class='ocrx_word' id='word_1_81' title='bbox 2684 1032 2810 1093; x_wconf 68' lang='lat' dir='ltr'><strong>prie</strong></span> <span class='ocrx_word' id='word_1_82' title='bbox 2832 1034 2903 1077; x_wconf 89' lang='lat' dir='ltr'><strong>se</strong></span> <span class='ocrx_word' id='word_1_83' title='bbox 2927 1014 3144 1090; x_wconf 80' lang='lat' dir='ltr'><strong>ferret,</strong></span> <span class='ocrx_word' id='word_1_84' title='bbox 3180 1028 3420 1096; x_wconf 81' lang='lat' dir='ltr'><strong>quanto</strong></span> <span class='ocrx_word' id='word_1_85' title='bbox 3450 1017 3612 1078; x_wconf 80' lang='lat' dir='ltr'><strong>alter</strong></span> 
     </span>
    </p>
   </div>
   <div class='ocr_carea' id='block_1_9' title="bbox 356 1097 3609 1195">
    <p class='ocr_par' dir='ltr' id='par_1_9' title="bbox 356 1097 3609 1195">
     <span class='ocr_line' id='line_1_9' title="bbox 356 1097 3609 1195; baseline 0.004 -30"><span class='ocrx_word' id='word_1_86' title='bbox 356 1107 435 1165; x_wconf 88' lang='lat' dir='ltr'><strong>ab</strong></span> <span class='ocrx_word' id='word_1_87' title='bbox 471 1105 571 1164; x_wconf 88' lang='lat' dir='ltr'><strong>his</strong></span> <span class='ocrx_word' id='word_1_88' title='bbox 612 1103 914 1165; x_wconf 88' lang='lat' dir='ltr'><strong>omnibus</strong></span> <span class='ocrx_word' id='word_1_89' title='bbox 949 1104 1283 1165; x_wconf 82' lang='lat' dir='ltr'><strong>videbatur</strong></span> <span class='ocrx_word' id='word_1_90' title='bbox 1314 1097 1439 1166; x_wconf 86' lang='lat' dir='ltr'><strong>sibi</strong></span> <span class='ocrx_word' id='word_1_91' title='bbox 1498 1104 1698 1185; x_wconf 81' lang='lat' dir='ltr'><strong>magis</strong></span> <span class='ocrx_word' id='word_1_92' title='bbox 1749 1107 2027 1171; x_wconf 88' lang='lat' dir='ltr'><strong>alienus.</strong></span> <span class='ocrx_word' id='word_1_93' title='bbox 2070 1112 2291 1190; x_wconf 83' lang='lat' dir='ltr'><strong>Neque</strong></span> <span class='ocrx_word' id='word_1_94' title='bbox 2343 1129 2499 1176; x_wconf 80' lang='lat' dir='ltr'><strong>vero</strong></span> <span class='ocrx_word' id='word_1_95' title='bbox 2545 1113 2647 1176; x_wconf 89' lang='lat' dir='ltr'><strong>hic</strong></span> <span class='ocrx_word' id='word_1_96' title='bbox 2692 1115 2975 1177; x_wconf 84' lang='lat' dir='ltr'><strong>substitit</strong></span> <span class='ocrx_word' id='word_1_97' title='bbox 3023 1116 3122 1178; x_wconf 86' lang='lat' dir='ltr'><strong>vir</strong></span> <span class='ocrx_word' id='word_1_98' title='bbox 3167 1116 3412 1195; x_wconf 84' lang='lat' dir='ltr'><strong>publici</strong></span> <span class='ocrx_word' id='word_1_99' title='bbox 3452 1117 3609 1179; x_wconf 71' lang='lat' dir='ltr'><strong>boui</strong></span> 
     </span>
    </p>
   </div>
   <div class='ocr_carea' id='block_1_10' title="bbox 356 1206 3608 1296">
    <p class='ocr_par' dir='ltr' id='par_1_10' title="bbox 356 1206 3608 1296">
     <span class='ocr_line' id='line_1_10' title="bbox 356 1206 3608 1296; baseline 0.003 -30"><span class='ocrx_word' id='word_1_100' title='bbox 356 1206 880 1267; x_wconf 77' lang='lat' dir='ltr'><strong>amantissimus:</strong></span> <span class='ocrx_word' id='word_1_101' title='bbox 911 1207 1020 1266; x_wconf 85' lang='lat' dir='ltr'><strong>sed</strong></span> <span class='ocrx_word' id='word_1_102' title='bbox 1070 1206 1184 1268; x_wconf 88' lang='lat' dir='ltr'><strong>tria</strong></span> <span class='ocrx_word' id='word_1_103' title='bbox 1217 1208 1594 1285; x_wconf 87' lang='lat' dir='ltr'><strong>posterioris</strong></span> <span class='ocrx_word' id='word_1_104' title='bbox 1618 1208 1825 1288; x_wconf 84' lang='lat' dir='ltr'><strong>hujus</strong></span> <span class='ocrx_word' id='word_1_105' title='bbox 1863 1212 2318 1274; x_wconf 84' lang='lat' dir='ltr'><strong>Commentarii</strong></span> <span class='ocrx_word' id='word_1_106' title='bbox 2356 1211 2533 1290; x_wconf 72' lang='lat' dir='ltr'><strong>folia,</strong></span> <span class='ocrx_word' id='word_1_107' title='bbox 2580 1232 2722 1296; x_wconf 73' lang='lat' dir='ltr'><strong>qum</strong></span> <span class='ocrx_word' id='word_1_108' title='bbox 2777 1218 3153 1296; x_wconf 79' lang='lat' dir='ltr'><strong>Speciminis</strong></span> <span class='ocrx_word' id='word_1_109' title='bbox 3190 1219 3329 1280; x_wconf 89' lang='lat' dir='ltr'><strong>loco</strong></span> <span class='ocrx_word' id='word_1_110' title='bbox 3361 1232 3608 1291; x_wconf 82' lang='lat' dir='ltr'><strong>essent,</strong></span> 
     </span>
    </p>
   </div>
   <div class='ocr_carea' id='block_1_11' title="bbox 357 1306 3610 1397">
    <p class='ocr_par' dir='ltr' id='par_1_11' title="bbox 357 1306 3610 1397">
     <span class='ocr_line' id='line_1_11' title="bbox 357 1306 3610 1397; baseline 0.002 -26"><span class='ocrx_word' id='word_1_111' title='bbox 357 1310 766 1372; x_wconf 81' lang='lat' dir='ltr'><strong>exscribendi</strong></span> <span class='ocrx_word' id='word_1_112' title='bbox 807 1306 1083 1368; x_wconf 77' lang='lat' dir='ltr'><strong>laborem</strong></span> <span class='ocrx_word' id='word_1_113' title='bbox 1110 1309 1278 1368; x_wconf 87' lang='lat' dir='ltr'><strong>ultro</strong></span> <span class='ocrx_word' id='word_1_114' title='bbox 1311 1309 1633 1388; x_wconf 79' lang='lat' dir='ltr'><strong>suscepit;</strong></span> <span class='ocrx_word' id='word_1_115' title='bbox 1665 1310 2039 1390; x_wconf 86' lang='lat' dir='ltr'><strong>eisdemque</strong></span> <span class='ocrx_word' id='word_1_116' title='bbox 2068 1314 2247 1374; x_wconf 79' lang='lat' dir='ltr'><strong>foliis</strong></span> <span class='ocrx_word' id='word_1_117' title='bbox 2270 1332 2415 1376; x_wconf 91' lang='lat' dir='ltr'><strong>cum</strong></span> <span class='ocrx_word' id='word_1_118' title='bbox 2444 1314 2595 1376; x_wconf 83' lang='lat' dir='ltr'><strong>aliis</strong></span> <span class='ocrx_word' id='word_1_119' title='bbox 2626 1316 2881 1378; x_wconf 89' lang='lat' dir='ltr'><strong>duobus</strong></span> <span class='ocrx_word' id='word_1_120' title='bbox 2906 1336 2993 1379; x_wconf 73' lang='lat' dir='ltr'><strong>ea</strong></span> <span class='ocrx_word' id='word_1_121' title='bbox 3028 1318 3238 1397; x_wconf 91' lang='lat' dir='ltr'><strong>priore</strong></span> <span class='ocrx_word' id='word_1_122' title='bbox 3265 1320 3610 1381; x_wconf 76' lang='lat' dir='ltr'><strong>Cataman-</strong></span> 
     </span>
    </p>
   </div>
   <div class='ocr_carea' id='block_1_12' title="bbox 357 1409 3600 1498">
    <p class='ocr_par' dir='ltr' id='par_1_12' title="bbox 357 1409 3600 1498">
     <span class='ocr_line' id='line_1_12' title="bbox 357 1409 3600 1498; baseline 0.002 -27"><span class='ocrx_word' id='word_1_123' title='bbox 357 1413 523 1473; x_wconf 84' lang='lat' dir='ltr'><strong>tario</strong></span> <span class='ocrx_word' id='word_1_124' title='bbox 550 1412 625 1473; x_wconf 89' lang='lat' dir='ltr'><strong>ad</strong></span> <span class='ocrx_word' id='word_1_125' title='bbox 662 1409 941 1470; x_wconf 84' lang='lat' dir='ltr'><strong>editores</strong></span> <span class='ocrx_word' id='word_1_126' title='bbox 989 1409 1403 1482; x_wconf 84' lang='lat' dir='ltr'><strong>transmissis,</strong></span> <span class='ocrx_word' id='word_1_127' title='bbox 1442 1409 1521 1470; x_wconf 87' lang='lat' dir='ltr'><strong>de</strong></span> <span class='ocrx_word' id='word_1_128' title='bbox 1564 1427 1679 1472; x_wconf 87' lang='lat' dir='ltr'><strong>sua</strong></span> <span class='ocrx_word' id='word_1_129' title='bbox 1710 1411 2115 1476; x_wconf 85' lang='lat' dir='ltr'><strong>dubitatione</strong></span> <span class='ocrx_word' id='word_1_130' title='bbox 2147 1414 2456 1477; x_wconf 84' lang='lat' dir='ltr'><strong>certiores</strong></span> <span class='ocrx_word' id='word_1_131' title='bbox 2499 1432 2610 1478; x_wconf 91' lang='lat' dir='ltr'><strong>eos</strong></span> <span class='ocrx_word' id='word_1_132' title='bbox 2650 1416 2826 1490; x_wconf 76' lang='lat' dir='ltr'><strong>fecit,</strong></span> <span class='ocrx_word' id='word_1_133' title='bbox 2876 1417 3269 1498; x_wconf 79' lang='lat' dir='ltr'><strong>operamque</strong></span> <span class='ocrx_word' id='word_1_134' title='bbox 3309 1436 3491 1480; x_wconf 88' lang='lat' dir='ltr'><strong>suam</strong></span> <span class='ocrx_word' id='word_1_135' title='bbox 3534 1418 3600 1480; x_wconf 91' lang='lat' dir='ltr'><strong>in</strong></span> 
     </span>
    </p>
   </div>
   <div class='ocr_carea' id='block_1_13' title="bbox 357 1515 3603 1600">
    <p class='ocr_par' dir='ltr' id='par_1_13' title="bbox 357 1515 3603 1600">
     <span class='ocr_line' id='line_1_13' title="bbox 357 1515 3603 1600; baseline 0.002 -22"><span class='ocrx_word' id='word_1_136' title='bbox 357 1532 496 1578; x_wconf 74' lang='lat' dir='ltr'><strong>rem</strong></span> <span class='ocrx_word' id='word_1_137' title='bbox 531 1515 853 1594; x_wconf 67' lang='lat' dir='ltr'><strong>publica‘m</strong></span> <span class='ocrx_word' id='word_1_138' title='bbox 889 1515 1354 1580; x_wconf 86' lang='lat' dir='ltr'><strong>humanissime</strong></span> <span class='ocrx_word' id='word_1_139' title='bbox 1386 1517 1644 1582; x_wconf 78' lang='lat' dir='ltr'><strong>obtulit.</strong></span> <span class='ocrx_word' id='word_1_140' title='bbox 1678 1516 1805 1590; x_wconf 75' lang='lat' dir='ltr'><strong>Illi,</strong></span> <span class='ocrx_word' id='word_1_141' title='bbox 1831 1535 1911 1580; x_wconf 76' lang='lat' dir='ltr'><strong>re</strong></span> <span class='ocrx_word' id='word_1_142' title='bbox 1952 1518 2301 1598; x_wconf 76' lang='lat' dir='ltr'><strong>diligenter</strong></span> <span class='ocrx_word' id='word_1_143' title='bbox 2342 1535 2678 1599; x_wconf 82' lang='lat' dir='ltr'><strong>perpensa,</strong></span> <span class='ocrx_word' id='word_1_144' title='bbox 2730 1521 3012 1600; x_wconf 84' lang='lat' dir='ltr'><strong>priorem</strong></span> <span class='ocrx_word' id='word_1_145' title='bbox 3060 1522 3603 1586; x_wconf 85' lang='lat' dir='ltr'><strong>Commentarium</strong></span> 
     </span>
    </p>
   </div>
   <div class='ocr_carea' id='block_1_14' title="bbox 355 1615 3609 1699">
    <p class='ocr_par' dir='ltr' id='par_1_14' title="bbox 355 1615 3609 1699">
     <span class='ocr_line' id='line_1_14' title="bbox 355 1615 3609 1699; baseline 0.002 -20"><span class='ocrx_word' id='word_1_146' title='bbox 355 1615 434 1679; x_wconf 88' lang='lat' dir='ltr'><strong>ab</strong></span> <span class='ocrx_word' id='word_1_147' title='bbox 464 1615 585 1679; x_wconf 88' lang='lat' dir='ltr'><strong>hac</strong></span> <span class='ocrx_word' id='word_1_148' title='bbox 614 1617 901 1680; x_wconf 89' lang='lat' dir='ltr'><strong>editione</strong></span> <span class='ocrx_word' id='word_1_149' title='bbox 947 1617 1376 1698; x_wconf 87' lang='lat' dir='ltr'><strong>rejiciendum</strong></span> <span class='ocrx_word' id='word_1_150' title='bbox 1423 1634 1595 1691; x_wconf 86' lang='lat' dir='ltr'><strong>esse,</strong></span> <span class='ocrx_word' id='word_1_151' title='bbox 1675 1616 2010 1680; x_wconf 77' lang='lat' dir='ltr'><strong>confestim</strong></span> <span class='ocrx_word' id='word_1_152' title='bbox 2044 1620 2474 1680; x_wconf 82' lang='lat' dir='ltr'><strong>decreverunt</strong></span> <span class='ocrx_word' id='word_1_153' title='bbox 2508 1635 2525 1676; x_wconf 72' lang='grc' dir='ltr'><em>ε</em></span> <span class='ocrx_word' id='word_1_154' title='bbox 2559 1620 2908 1699; x_wconf 70' lang='lat' dir='ltr'><strong>pcaasertim</strong></span> <span class='ocrx_word' id='word_1_155' title='bbox 2936 1639 3090 1684; x_wconf 83' lang='lat' dir='ltr'><strong>cum</strong></span> <span class='ocrx_word' id='word_1_156' title='bbox 3125 1619 3373 1684; x_wconf 80' lang='lat' dir='ltr'><strong>interea</strong></span> <span class='ocrx_word' id='word_1_157' title='bbox 3429 1622 3609 1685; x_wconf 82' lang='lat' dir='ltr'><strong>dete-</strong></span> 
     </span>
    </p>
   </div>
   <div class='ocr_carea' id='block_1_15' title="bbox 356 1719 3605 1800">
    <p class='ocr_par' dir='ltr' id='par_1_15' title="bbox 356 1719 3605 1800">
     <span class='ocr_line' id='line_1_15' title="bbox 356 1719 3605 1800; baseline 0.002 -19"><span class='ocrx_word' id='word_1_158' title='bbox 356 1729 590 1781; x_wconf 88' lang='lat' dir='ltr'><strong>ctuma</strong></span> <span class='ocrx_word' id='word_1_159' title='bbox 622 1736 720 1780; x_wconf 88' lang='lat' dir='ltr'><strong>me</strong></span> <span class='ocrx_word' id='word_1_160' title='bbox 748 1727 942 1793; x_wconf 88' lang='lat' dir='ltr'><strong>esset,</strong></span> <span class='ocrx_word' id='word_1_161' title='bbox 967 1737 1114 1781; x_wconf 92' lang='lat' dir='ltr'><strong>eum</strong></span> <span class='ocrx_word' id='word_1_162' title='bbox 1151 1719 1313 1780; x_wconf 87' lang='lat' dir='ltr'><strong>nihil</strong></span> <span class='ocrx_word' id='word_1_163' title='bbox 1335 1719 1508 1784; x_wconf 87' lang='lat' dir='ltr'><strong>aliud</strong></span> <span class='ocrx_word' id='word_1_164' title='bbox 1545 1735 1710 1793; x_wconf 83' lang='lat' dir='ltr'><strong>esse,</strong></span> <span class='ocrx_word' id='word_1_165' title='bbox 1749 1737 1941 1798; x_wconf 88' lang='lat' dir='ltr'><strong>quam</strong></span> <span class='ocrx_word' id='word_1_166' title='bbox 1974 1736 2215 1783; x_wconf 80' lang='lat' dir='ltr'><strong>meram</strong></span> <span class='ocrx_word' id='word_1_167' title='bbox 2234 1721 2606 1783; x_wconf 75' lang='lat' dir='ltr'><strong>Grmcordm</strong></span> <span class='ocrx_word' id='word_1_168' title='bbox 2638 1722 3064 1800; x_wconf 83' lang='lat' dir='ltr'><strong>quorumdam</strong></span> <span class='ocrx_word' id='word_1_169' title='bbox 3098 1725 3350 1785; x_wconf 65' lang='lat' dir='ltr'><strong>Patrum</strong></span> <span class='ocrx_word' id='word_1_170' title='bbox 3382 1722 3449 1786; x_wconf 88' lang='lat' dir='ltr'><strong>in</strong></span> <span class='ocrx_word' id='word_1_171' title='bbox 3497 1743 3605 1789; x_wconf 85' lang='lat' dir='ltr'><strong>eas</strong></span> 
     </span>
    </p>
   </div>
   <div class='ocr_carea' id='block_1_16' title="bbox 354 1818 3603 1903">
    <p class='ocr_par' dir='ltr' id='par_1_16' title="bbox 354 1818 3603 1903">
     <span class='ocr_line' id='line_1_16' title="bbox 354 1818 3603 1903; baseline 0.001 -20"><span class='ocrx_word' id='word_1_172' title='bbox 354 1820 683 1898; x_wconf 81' lang='lat' dir='ltr'><strong>Epistolas</strong></span> <span class='ocrx_word' id='word_1_173' title='bbox 720 1820 1036 1895; x_wconf 75' lang='lat' dir='ltr'><strong>Catenam,</strong></span> <span class='ocrx_word' id='word_1_174' title='bbox 1078 1823 1262 1899; x_wconf 87' lang='lat' dir='ltr'><strong>plane</strong></span> <span class='ocrx_word' id='word_1_175' title='bbox 1294 1821 1570 1883; x_wconf 83' lang='lat' dir='ltr'><strong>similem</strong></span> <span class='ocrx_word' id='word_1_176' title='bbox 1603 1818 1696 1880; x_wconf 91' lang='lat' dir='ltr'><strong>illi</strong></span> <span class='ocrx_word' id='word_1_177' title='bbox 1731 1836 1877 1900; x_wconf 70' lang='lat' dir='ltr'><strong>qua)</strong></span> <span class='ocrx_word' id='word_1_178' title='bbox 1919 1828 2122 1881; x_wconf 76' lang='lat' dir='ltr'><strong>exstat</strong></span> <span class='ocrx_word' id='word_1_179' title='bbox 2172 1818 2411 1883; x_wconf 75' lang='lat' dir='ltr'><strong>Oxonii</strong></span> <span class='ocrx_word' id='word_1_180' title='bbox 2458 1820 2523 1882; x_wconf 89' lang='lat' dir='ltr'><strong>in</strong></span> <span class='ocrx_word' id='word_1_181' title='bbox 2560 1820 2952 1887; x_wconf 82' lang='lat' dir='ltr'><strong>bibliotheca</strong></span> <span class='ocrx_word' id='word_1_182' title='bbox 2987 1824 3257 1903; x_wconf 71' lang='lat' dir='ltr'><strong>Collegii</strong></span> <span class='ocrx_word' id='word_1_183' title='bbox 3291 1826 3447 1888; x_wconf 82' lang='lat' dir='ltr'><strong>Novi</strong></span> <span class='ocrx_word' id='word_1_184' title='bbox 3493 1846 3603 1887; x_wconf 85' lang='lat' dir='ltr'><strong>co-</strong></span> 
     </span>
    </p>
   </div>
   <div class='ocr_carea' id='block_1_17' title="bbox 355 1920 3608 2004">
    <p class='ocr_par' dir='ltr' id='par_1_17' title="bbox 355 1920 3608 2004">
     <span class='ocr_line' id='line_1_17' title="bbox 355 1920 3608 2004; baseline 0.002 -20"><span class='ocrx_word' id='word_1_185' title='bbox 355 1924 502 1984; x_wconf 82' lang='lat' dir='ltr'><strong>ilice</strong></span> <span class='ocrx_word' id='word_1_186' title='bbox 526 1923 634 1996; x_wconf 75' lang='lat'><strong>58,</strong></span> <span class='ocrx_word' id='word_1_187' title='bbox 671 1940 748 1983; x_wconf 84' lang='lat' dir='ltr'><strong>ex</strong></span> <span class='ocrx_word' id='word_1_188' title='bbox 801 1940 927 2004; x_wconf 89' lang='lat' dir='ltr'><strong>qua</strong></span> <span class='ocrx_word' id='word_1_189' title='bbox 981 1922 1292 1985; x_wconf 83' lang='lat' dir='ltr'><strong>nonnulla</strong></span> <span class='ocrx_word' id='word_1_190' title='bbox 1348 1922 1581 2001; x_wconf 81' lang='lat' dir='ltr'><strong>selegit</strong></span> <span class='ocrx_word' id='word_1_191' title='bbox 1617 1929 1679 1983; x_wconf 90' lang='lat' dir='ltr'><strong>et</strong></span> <span class='ocrx_word' id='word_1_192' title='bbox 1711 1920 1976 2000; x_wconf 83' lang='lat' dir='ltr'><strong>protulit</strong></span> <span class='ocrx_word' id='word_1_193' title='bbox 2021 1920 2426 1986; x_wconf 85' lang='lat' dir='ltr'><strong>Christianus</strong></span> <span class='ocrx_word' id='word_1_194' title='bbox 2457 1924 2739 1987; x_wconf 84' lang='lat' dir='ltr'><strong>Wolﬁus</strong></span> <span class='ocrx_word' id='word_1_195' title='bbox 2776 1935 2928 1987; x_wconf 89' lang='lat' dir='ltr'><strong>tom.</strong></span> <span class='ocrx_word' id='word_1_196' title='bbox 2989 1926 3086 1988; x_wconf 70' lang='lat' dir='ltr'><strong>*lii</strong></span> <span class='ocrx_word' id='word_1_197' title='bbox 3141 1926 3608 1993; x_wconf 77' lang='lat' dir='ltr'><strong>Anecdotoram</strong></span> 
     </span>
    </p>
   </div>
   <div class='ocr_carea' id='block_1_18' title="bbox 352 2025 3608 2110">
    <p class='ocr_par' dir='ltr' id='par_1_18' title="bbox 352 2025 3608 2110">
     <span class='ocr_line' id='line_1_18' title="bbox 352 2025 3608 2110; baseline 0.002 -23"><span class='ocrx_word' id='word_1_198' title='bbox 352 2025 721 2087; x_wconf 75' lang='lat' dir='ltr'><strong>Graecorum</strong></span> <span class='ocrx_word' id='word_1_199' title='bbox 759 2044 792 2088; x_wconf 90' lang='lat' dir='ltr'><strong>a</strong></span> <span class='ocrx_word' id='word_1_200' title='bbox 829 2044 968 2106; x_wconf 69' lang='lat' dir='ltr'><strong>pag.</strong></span> <span class='ocrx_word' id='word_1_201' title='bbox 1000 2027 1104 2090; x_wconf 80' lang='lat'><strong>9-2.</strong></span> <span class='ocrx_word' id='word_1_202' title='bbox 1146 2034 1207 2089; x_wconf 83' lang='lat' dir='ltr'><strong>et</strong></span> <span class='ocrx_word' id='word_1_203' title='bbox 1238 2037 1398 2089; x_wconf 85' lang='lat' dir='ltr'><strong>tom.</strong></span> <span class='ocrx_word' id='word_1_204' title='bbox 1425 2026 1533 2099; x_wconf 87' lang='lat' dir='ltr'><strong>IV,</strong></span> <span class='ocrx_word' id='word_1_205' title='bbox 1561 2041 1594 2086; x_wconf 88' lang='lat' dir='ltr'><strong>a</strong></span> <span class='ocrx_word' id='word_1_206' title='bbox 1631 2040 1771 2107; x_wconf 76' lang='lat' dir='ltr'><strong>pag.</strong></span> <span class='ocrx_word' id='word_1_207' title='bbox 1809 2030 1866 2086; x_wconf 85' lang='grc'><strong>1.</strong></span> <span class='ocrx_word' id='word_1_208' title='bbox 1911 2027 2096 2088; x_wconf 86' lang='lat' dir='ltr'><strong>Facta</strong></span> <span class='ocrx_word' id='word_1_209' title='bbox 2131 2026 2804 2105; x_wconf 79' lang='lat' dir='ltr'><strong>namque-collatione,</strong></span> <span class='ocrx_word' id='word_1_210' title='bbox 2836 2045 2908 2092; x_wconf 88' lang='lat' dir='ltr'><strong>ea</strong></span> <span class='ocrx_word' id='word_1_211' title='bbox 2938 2030 3155 2092; x_wconf 87' lang='lat' dir='ltr'><strong>omnia</strong></span> <span class='ocrx_word' id='word_1_212' title='bbox 3201 2032 3265 2092; x_wconf 89' lang='lat' dir='ltr'><strong>in</strong></span> <span class='ocrx_word' id='word_1_213' title='bbox 3303 2031 3608 2110; x_wconf 77' lang='lat' dir='ltr'><strong>prtedicto</strong></span> 
     </span>
    </p>
   </div>
   <div class='ocr_carea' id='block_1_19' title="bbox 348 2127 3606 2211">
    <p class='ocr_par' dir='ltr' id='par_1_19' title="bbox 348 2127 3606 2211">
     <span class='ocr_line' id='line_1_19' title="bbox 348 2127 3606 2211; baseline 0.002 -22"><span class='ocrx_word' id='word_1_214' title='bbox 348 2128 728 2207; x_wconf 78' lang='lat' dir='ltr'><strong>apographo</strong></span> <span class='ocrx_word' id='word_1_215' title='bbox 758 2128 1149 2192; x_wconf 86' lang='lat' dir='ltr'><strong>verbotenus</strong></span> <span class='ocrx_word' id='word_1_216' title='bbox 1195 2136 1453 2190; x_wconf 76' lang='lat' dir='ltr'><strong>exstare</strong></span> <span class='ocrx_word' id='word_1_217' title='bbox 1492 2144 1953 2205; x_wconf 78' lang='lat' dir='ltr'><strong>comperet-am,</strong></span> <span class='ocrx_word' id='word_1_218' title='bbox 1982 2140 2066 2191; x_wconf 84' lang='lat' dir='ltr'><strong>eo</strong></span> <span class='ocrx_word' id='word_1_219' title='bbox 2097 2127 2239 2190; x_wconf 87' lang='lat' dir='ltr'><strong>solo</strong></span> <span class='ocrx_word' id='word_1_220' title='bbox 2263 2128 2668 2207; x_wconf 85' lang='lat' dir='ltr'><strong>discrimine,</strong></span> <span class='ocrx_word' id='word_1_221' title='bbox 2700 2135 2872 2211; x_wconf 80' lang='lat' dir='ltr'><strong>quod</strong></span> <span class='ocrx_word' id='word_1_222' title='bbox 2901 2132 2964 2195; x_wconf 88' lang='lat' dir='ltr'><strong>in</strong></span> <span class='ocrx_word' id='word_1_223' title='bbox 2993 2132 3352 2196; x_wconf 65' lang='lat' dir='ltr'><strong>Oxeniensi</strong></span> <span class='ocrx_word' id='word_1_224' title='bbox 3382 2134 3606 2197; x_wconf 87' lang='lat' dir='ltr'><strong>codice</strong></span> 
     </span>
    </p>
   </div>
   <div class='ocr_carea' id='block_1_20' title="bbox 355 2225 3603 2308">
    <p class='ocr_par' dir='ltr' id='par_1_20' title="bbox 355 2225 3603 2308">
     <span class='ocr_line' id='line_1_20' title="bbox 355 2225 3603 2308; baseline 0.002 -17"><span class='ocrx_word' id='word_1_225' title='bbox 355 2228 624 2291; x_wconf 83' lang='lat' dir='ltr'><strong>nomina</strong></span> <span class='ocrx_word' id='word_1_226' title='bbox 688 2229 967 2301; x_wconf 84' lang='lat' dir='ltr'><strong>Patrum,</strong></span> <span class='ocrx_word' id='word_1_227' title='bbox 1016 2242 1294 2305; x_wconf 79' lang='lat' dir='ltr'><strong>quorum</strong></span> <span class='ocrx_word' id='word_1_228' title='bbox 1359 2226 1549 2287; x_wconf 82' lang='lat' dir='ltr'><strong>verba</strong></span> <span class='ocrx_word' id='word_1_229' title='bbox 1598 2225 1996 2300; x_wconf 80' lang='lat' dir='ltr'><strong>referuntur,</strong></span> <span class='ocrx_word' id='word_1_230' title='bbox 2047 2235 2338 2289; x_wconf 87' lang='lat' dir='ltr'><strong>accurate</strong></span> <span class='ocrx_word' id='word_1_231' title='bbox 2375 2236 2594 2291; x_wconf 89' lang='lat' dir='ltr'><strong>essent</strong></span> <span class='ocrx_word' id='word_1_232' title='bbox 2628 2232 2968 2308; x_wconf 74' lang='lat' dir='ltr'><strong>adnotata;</strong></span> <span class='ocrx_word' id='word_1_233' title='bbox 3016 2233 3080 2296; x_wconf 90' lang='lat' dir='ltr'><strong>in</strong></span> <span class='ocrx_word' id='word_1_234' title='bbox 3112 2232 3603 2297; x_wconf 84' lang='lat' dir='ltr'><strong>Vindobonensi</strong></span> 
     </span>
    </p>
   </div>
   <div class='ocr_carea' id='block_1_21' title="bbox 355 2326 3610 2413">
    <p class='ocr_par' dir='ltr' id='par_1_21' title="bbox 355 2326 3610 2413">
     <span class='ocr_line' id='line_1_21' title="bbox 355 2326 3610 2413; baseline 0.001 -19"><span class='ocrx_word' id='word_1_235' title='bbox 355 2346 537 2405; x_wconf 88' lang='lat' dir='ltr'><strong>vero,</strong></span> <span class='ocrx_word' id='word_1_236' title='bbox 587 2344 718 2391; x_wconf 89' lang='lat' dir='ltr'><strong>uno</strong></span> <span class='ocrx_word' id='word_1_237' title='bbox 759 2334 1027 2402; x_wconf 85' lang='lat' dir='ltr'><strong>tantum,</strong></span> <span class='ocrx_word' id='word_1_238' title='bbox 1069 2326 1169 2390; x_wconf 68' lang='lat' dir='ltr'><strong>vei</strong></span> <span class='ocrx_word' id='word_1_239' title='bbox 1204 2326 1404 2389; x_wconf 88' lang='lat' dir='ltr'><strong>altero</strong></span> <span class='ocrx_word' id='word_1_240' title='bbox 1435 2332 1729 2404; x_wconf 74' lang='lat' dir='ltr'><strong>excepto,</strong></span> <span class='ocrx_word' id='word_1_241' title='bbox 1774 2326 1901 2388; x_wconf 76' lang='lat' dir='ltr'><strong>sint</strong></span> <span class='ocrx_word' id='word_1_242' title='bbox 1942 2327 2204 2407; x_wconf 79' lang='lat' dir='ltr'><strong>penitus</strong></span> <span class='ocrx_word' id='word_1_243' title='bbox 2252 2330 2679 2408; x_wconf 65' lang='lat' dir='ltr'><strong>t‘irmtermissa</strong></span> <span class='ocrx_word' id='word_1_244' title='bbox 2711 2349 2727 2394; x_wconf 86' lang='lat'><strong><em>:</em></strong></span> <span class='ocrx_word' id='word_1_245' title='bbox 2757 2350 2905 2412; x_wconf 71' lang='lat' dir='ltr'><strong>qua)</strong></span> <span class='ocrx_word' id='word_1_246' title='bbox 2941 2350 3043 2396; x_wconf 89' lang='lat' dir='ltr'><strong>res</strong></span> <span class='ocrx_word' id='word_1_247' title='bbox 3065 2332 3610 2413; x_wconf 73' lang='lat' dir='ltr'><strong>interpretantem</strong></span> 
     </span>
    </p>
   </div>
   <div class='ocr_carea' id='block_1_22' title="bbox 352 2426 3589 2515">
    <p class='ocr_par' dir='ltr' id='par_1_22' title="bbox 352 2426 3589 2515">
     <span class='ocr_line' id='line_1_22' title="bbox 352 2426 3589 2515; baseline 0.001 -20"><span class='ocrx_word' id='word_1_248' title='bbox 352 2449 459 2495; x_wconf 88' lang='lat' dir='ltr'><strong>me</strong></span> <span class='ocrx_word' id='word_1_249' title='bbox 480 2430 667 2494; x_wconf 87' lang='lat' dir='ltr'><strong>valde</strong></span> <span class='ocrx_word' id='word_1_250' title='bbox 697 2431 1065 2509; x_wconf 87' lang='lat' dir='ltr'><strong>torquebat;</strong></span> <span class='ocrx_word' id='word_1_251' title='bbox 1090 2429 1240 2508; x_wconf 87' lang='lat' dir='ltr'><strong>quia</strong></span> <span class='ocrx_word' id='word_1_252' title='bbox 1260 2426 1533 2489; x_wconf 87' lang='lat' dir='ltr'><strong>sublatis</strong></span> <span class='ocrx_word' id='word_1_253' title='bbox 1556 2428 1931 2491; x_wconf 85' lang='lat' dir='ltr'><strong>nominibus</strong></span> <span class='ocrx_word' id='word_1_254' title='bbox 1955 2430 2108 2500; x_wconf 82' lang='lat' dir='ltr'><strong>illis,</strong></span> <span class='ocrx_word' id='word_1_255' title='bbox 2145 2448 2358 2511; x_wconf 78' lang='lat' dir='ltr'><strong>neque</strong></span> <span class='ocrx_word' id='word_1_256' title='bbox 2385 2433 2517 2496; x_wconf 88' lang='lat' dir='ltr'><strong>ullo</strong></span> <span class='ocrx_word' id='word_1_257' title='bbox 2539 2434 2707 2496; x_wconf 78' lang='lat' dir='ltr'><strong>inter</strong></span> <span class='ocrx_word' id='word_1_258' title='bbox 2737 2453 2810 2497; x_wconf 80' lang='lat' dir='ltr'><strong>ea</strong></span> <span class='ocrx_word' id='word_1_259' title='bbox 2843 2448 2990 2515; x_wconf 68' lang='lat' dir='ltr'><strong>qua)</strong></span> <span class='ocrx_word' id='word_1_260' title='bbox 3018 2436 3392 2500; x_wconf 78' lang='lat' dir='ltr'><strong>dicerentur</strong></span> <span class='ocrx_word' id='word_1_261' title='bbox 3419 2453 3589 2499; x_wconf 75' lang='lat' dir='ltr'><strong>nexu</strong></span> 
     </span>
    </p>
   </div>
   <div class='ocr_carea' id='block_1_23' title="bbox 345 2526 3603 2611">
    <p class='ocr_par' dir='ltr' id='par_1_23' title="bbox 345 2526 3603 2611">
     <span class='ocr_line' id='line_1_23' title="bbox 345 2526 3603 2611; baseline 0.001 -16"><span class='ocrx_word' id='word_1_262' title='bbox 345 2538 727 2611; x_wconf 66' lang='lat' dir='ltr'><strong>&#39;apparente,</strong></span> <span class='ocrx_word' id='word_1_263' title='bbox 761 2546 890 2594; x_wconf 88' lang='lat' dir='ltr'><strong>non</strong></span> <span class='ocrx_word' id='word_1_264' title='bbox 922 2528 1436 2592; x_wconf 80' lang='lat' dir='ltr'><strong>Commentaries</strong></span> <span class='ocrx_word' id='word_1_265' title='bbox 1465 2526 1726 2609; x_wconf 88' lang='lat' dir='ltr'><strong>aliquis,</strong></span> <span class='ocrx_word' id='word_1_266' title='bbox 1752 2528 1864 2591; x_wconf 88' lang='lat' dir='ltr'><strong>sed</strong></span> <span class='ocrx_word' id='word_1_267' title='bbox 1895 2547 2103 2607; x_wconf 71' lang='lat' dir='ltr'><strong>saepte</strong></span> <span class='ocrx_word' id='word_1_268' title='bbox 2127 2529 2413 2605; x_wconf 62' lang='lat' dir='ltr'><strong>dissuta),</strong></span> <span class='ocrx_word' id='word_1_269' title='bbox 2442 2543 2507 2596; x_wconf 86' lang='lat' dir='ltr'><strong>et</strong></span> <span class='ocrx_word' id='word_1_270' title='bbox 2543 2551 2736 2597; x_wconf 87' lang='lat' dir='ltr'><strong>arena</strong></span> <span class='ocrx_word' id='word_1_271' title='bbox 2759 2536 2902 2598; x_wconf 86' lang='lat' dir='ltr'><strong>sine</strong></span> <span class='ocrx_word' id='word_1_272' title='bbox 2925 2536 3119 2610; x_wconf 66' lang='lat' dir='ltr'><strong>calce,</strong></span> <span class='ocrx_word' id='word_1_273' title='bbox 3146 2544 3217 2599; x_wconf 89' lang='lat' dir='ltr'><strong>ut</strong></span> <span class='ocrx_word' id='word_1_274' title='bbox 3257 2537 3387 2599; x_wconf 89' lang='lat' dir='ltr'><strong>dici</strong></span> <span class='ocrx_word' id='word_1_275' title='bbox 3414 2535 3603 2611; x_wconf 88' lang='lat' dir='ltr'><strong>solet,</strong></span> 
     </span>
    </p>
   </div>
   <div class='ocr_carea' id='block_1_24' title="bbox 353 2628 3606 2720">
    <p class='ocr_par' dir='ltr' id='par_1_24' title="bbox 353 2628 3606 2720">
     <span class='ocr_line' id='line_1_24' title="bbox 353 2628 3606 2720; baseline 0.002 -22"><span class='ocrx_word' id='word_1_276' title='bbox 353 2633 759 2698; x_wconf 76' lang='lat' dir='ltr'><strong>viderentur.</strong></span> <span class='ocrx_word' id='word_1_277' title='bbox 802 2633 1063 2706; x_wconf 86' lang='lat' dir='ltr'><strong>Verum,</strong></span> <span class='ocrx_word' id='word_1_278' title='bbox 1096 2631 1152 2692; x_wconf 88' lang='lat' dir='ltr'><strong>si</strong></span> <span class='ocrx_word' id='word_1_279' title='bbox 1206 2631 1292 2692; x_wconf 90' lang='lat' dir='ltr'><strong>ita</strong></span> <span class='ocrx_word' id='word_1_280' title='bbox 1335 2639 1457 2702; x_wconf 88' lang='lat' dir='ltr'><strong>est,</strong></span> <span class='ocrx_word' id='word_1_281' title='bbox 1490 2628 1774 2709; x_wconf 85' lang='lat' dir='ltr'><strong>inquies,</strong></span> <span class='ocrx_word' id='word_1_282' title='bbox 1807 2633 2137 2708; x_wconf 88' lang='lat' dir='ltr'><strong>quomodo</strong></span> <span class='ocrx_word' id='word_1_283' title='bbox 2170 2633 2248 2696; x_wconf 89' lang='lat' dir='ltr'><strong>cl.</strong></span> <span class='ocrx_word' id='word_1_284' title='bbox 2277 2634 2658 2700; x_wconf 79' lang='lat' dir='ltr'><strong>Lambecius</strong></span> <span class='ocrx_word' id='word_1_285' title='bbox 2698 2638 3244 2702; x_wconf 88' lang='lat' dir='ltr'><strong>Commentarium</strong></span> <span class='ocrx_word' id='word_1_286' title='bbox 3278 2641 3606 2720; x_wconf 84' lang='lat' dir='ltr'><strong>ejusmodi</strong></span> 
     </span>
    </p>
   </div>
   <div class='ocr_carea' id='block_1_25' title="bbox 353 2724 3605 2820">
    <p class='ocr_par' dir='ltr' id='par_1_25' title="bbox 353 2724 3605 2820">
     <span class='ocr_line' id='line_1_25' title="bbox 353 2724 3605 2820; baseline 0.002 -22"><span class='ocrx_word' id='word_1_287' title='bbox 353 2731 842 2815; x_wconf 76' lang='lat' dir='ltr'><strong>TheOphylacto</strong></span> <span class='ocrx_word' id='word_1_288' title='bbox 874 2730 1317 2810; x_wconf 59' lang='lat' dir='ltr'><strong>indubitanter</strong></span> <span class='ocrx_word' id='word_1_289' title='bbox 1350 2724 1686 2808; x_wconf 70' lang='lat' dir='ltr'><strong>ascripsit?</strong></span> <span class='ocrx_word' id='word_1_290' title='bbox 1741 2730 1974 2793; x_wconf 76' lang='lat' dir='ltr'><strong>Eadem</strong></span> <span class='ocrx_word' id='word_1_291' title='bbox 2022 2747 2254 2810; x_wconf 85' lang='lat' dir='ltr'><strong>nempe</strong></span> <span class='ocrx_word' id='word_1_292' title='bbox 2307 2736 2578 2812; x_wconf 85' lang='lat' dir='ltr'><strong>ratione,</strong></span> <span class='ocrx_word' id='word_1_293' title='bbox 2616 2736 2999 2814; x_wconf 77' lang='lat' dir='ltr'><strong>respondeo,</strong></span> <span class='ocrx_word' id='word_1_294' title='bbox 3040 2756 3176 2820; x_wconf 84' lang='lat' dir='ltr'><strong>qua</strong></span> <span class='ocrx_word' id='word_1_295' title='bbox 3225 2748 3287 2803; x_wconf 92' lang='lat' dir='ltr'><strong>et</strong></span> <span class='ocrx_word' id='word_1_296' title='bbox 3327 2741 3605 2805; x_wconf 80' lang='lat' dir='ltr'><strong>duosin</strong></span> 
     </span>
    </p>
   </div>
   <div class='ocr_carea' id='block_1_26' title="bbox 359 2827 3608 2916">
    <p class='ocr_par' dir='ltr' id='par_1_26' title="bbox 359 2827 3608 2916">
     <span class='ocr_line' id='line_1_26' title="bbox 359 2827 3608 2916; baseline 0.002 -16"><span class='ocrx_word' id='word_1_297' title='bbox 359 2836 619 2900; x_wconf 86' lang='lat' dir='ltr'><strong>easdem</strong></span> <span class='ocrx_word' id='word_1_298' title='bbox 657 2832 974 2913; x_wconf 84' lang='lat' dir='ltr'><strong>Epistolas</strong></span> <span class='ocrx_word' id='word_1_299' title='bbox 1007 2827 1538 2902; x_wconf 83' lang='lat' dir='ltr'><strong>Commentarios,</strong></span> <span class='ocrx_word' id='word_1_300' title='bbox 1589 2829 1837 2892; x_wconf 87' lang='lat' dir='ltr'><strong>tametsi</strong></span> <span class='ocrx_word' id='word_1_301' title='bbox 1882 2829 2200 2907; x_wconf 87' lang='lat' dir='ltr'><strong>diversos,</strong></span> <span class='ocrx_word' id='word_1_302' title='bbox 2237 2834 2349 2895; x_wconf 88' lang='lat' dir='ltr'><strong>uni</strong></span> <span class='ocrx_word' id='word_1_303' title='bbox 2380 2834 2725 2916; x_wconf 87' lang='lat' dir='ltr'><strong>eidemque</strong></span> <span class='ocrx_word' id='word_1_304' title='bbox 2763 2838 2989 2901; x_wconf 79' lang='lat' dir='ltr'><strong>tribuit</strong></span> <span class='ocrx_word' id='word_1_305' title='bbox 3027 2841 3304 2903; x_wconf 83' lang='lat' dir='ltr'><strong>auctori.</strong></span> <span class='ocrx_word' id='word_1_306' title='bbox 3348 2841 3608 2907; x_wconf 87' lang='lat' dir='ltr'><strong>Scilicet</strong></span> 
     </span>
    </p>
   </div>
   <div class='ocr_carea' id='block_1_27' title="bbox 346 2931 3605 3021">
    <p class='ocr_par' dir='ltr' id='par_1_27' title="bbox 346 2931 3605 3021">
     <span class='ocr_line' id='line_1_27' title="bbox 346 2931 3605 3021; baseline 0.008 -34"><span class='ocrx_word' id='word_1_307' title='bbox 346 2954 472 3000; x_wconf 69' lang='grc' dir='ltr'><strong>,ρος</strong></span> <span class='ocrx_word' id='word_1_308' title='bbox 511 2931 1022 2998; x_wconf 85' lang='lat' dir='ltr'><strong>Commentarios</strong></span> <span class='ocrx_word' id='word_1_309' title='bbox 1061 2931 1201 3012; x_wconf 85' lang='lat' dir='ltr'><strong>ipsa</strong></span> <span class='ocrx_word' id='word_1_310' title='bbox 1232 2949 1359 2996; x_wconf 88' lang='lat' dir='ltr'><strong>non</strong></span> <span class='ocrx_word' id='word_1_311' title='bbox 1395 2933 1570 3015; x_wconf 79' lang='lat' dir='ltr'><strong>legit,</strong></span> <span class='ocrx_word' id='word_1_312' title='bbox 1607 2952 1821 3014; x_wconf 82' lang='lat' dir='ltr'><strong>neque</strong></span> <span class='ocrx_word' id='word_1_313' title='bbox 1849 2936 1928 2999; x_wconf 89' lang='lat' dir='ltr'><strong>de</strong></span> <span class='ocrx_word' id='word_1_314' title='bbox 1962 2954 2186 3001; x_wconf 89' lang='lat' dir='ltr'><strong>eorum</strong></span> <span class='ocrx_word' id='word_1_315' title='bbox 2216 2940 2577 3003; x_wconf 80' lang='lat' dir='ltr'><strong>statuendis</strong></span> <span class='ocrx_word' id='word_1_316' title='bbox 2622 2943 2997 3004; x_wconf 80' lang='lat' dir='ltr'><strong>auctoribus</strong></span> <span class='ocrx_word' id='word_1_317' title='bbox 3020 2943 3456 3021; x_wconf 81' lang='lat' dir='ltr'><strong>adlaboravit;</strong></span> <span class='ocrx_word' id='word_1_318' title='bbox 3488 2948 3605 3013; x_wconf 89' lang='lat' dir='ltr'><strong>sed</strong></span> 
     </span>
    </p>
   </div>
   <div class='ocr_carea' id='block_1_28' title="bbox 344 3033 3608 3121">
    <p class='ocr_par' dir='ltr' id='par_1_28' title="bbox 344 3033 3608 3121">
     <span class='ocr_line' id='line_1_28' title="bbox 344 3033 3608 3121; baseline 0.002 -21"><span class='ocrx_word' id='word_1_319' title='bbox 344 3039 528 3102; x_wconf 64' lang='lat' dir='ltr'><strong>&#39;notis</strong></span> <span class='ocrx_word' id='word_1_320' title='bbox 550 3037 618 3099; x_wconf 89' lang='lat' dir='ltr'><strong>in</strong></span> <span class='ocrx_word' id='word_1_321' title='bbox 652 3035 859 3099; x_wconf 81' lang='lat' dir='ltr'><strong>fronte</strong></span> <span class='ocrx_word' id='word_1_322' title='bbox 890 3033 1179 3099; x_wconf 86' lang='lat' dir='ltr'><strong>codicum</strong></span> <span class='ocrx_word' id='word_1_323' title='bbox 1205 3036 1497 3117; x_wconf 88' lang='lat' dir='ltr'><strong>repertis,</strong></span> <span class='ocrx_word' id='word_1_324' title='bbox 1518 3034 1706 3100; x_wconf 77' lang='lat' dir='ltr'><strong>ﬁdem</strong></span> <span class='ocrx_word' id='word_1_325' title='bbox 1735 3037 1877 3100; x_wconf 84' lang='lat' dir='ltr'><strong>sine</strong></span> <span class='ocrx_word' id='word_1_326' title='bbox 1899 3039 2037 3104; x_wconf 83' lang='lat' dir='ltr'><strong>ullo</strong></span> <span class='ocrx_word' id='word_1_327' title='bbox 2064 3037 2361 3101; x_wconf 82' lang='lat' dir='ltr'><strong>examine</strong></span> <span class='ocrx_word' id='word_1_328' title='bbox 2390 3040 2703 3117; x_wconf 72' lang='lat' dir='ltr'><strong>prmstitit.</strong></span> <span class='ocrx_word' id='word_1_329' title='bbox 2740 3042 2899 3104; x_wconf 90' lang='lat' dir='ltr'><strong>Cum</strong></span> <span class='ocrx_word' id='word_1_330' title='bbox 2926 3040 3127 3121; x_wconf 74' lang='lat' dir='ltr'><strong>igitur</strong></span> <span class='ocrx_word' id='word_1_331' title='bbox 3152 3042 3250 3104; x_wconf 86' lang='lat' dir='ltr'><strong>iili</strong></span> <span class='ocrx_word' id='word_1_332' title='bbox 3273 3045 3608 3109; x_wconf 58' lang='lat' dir='ltr'><strong>Commen.</strong></span> 
     </span>
    </p>
   </div>
   <div class='ocr_carea' id='block_1_29' title="bbox 356 3137 3601 3222">
    <p class='ocr_par' dir='ltr' id='par_1_29' title="bbox 356 3137 3601 3222">
     <span class='ocr_line' id='line_1_29' title="bbox 356 3137 3601 3222; baseline 0.002 -20"><span class='ocrx_word' id='word_1_333' title='bbox 356 3144 521 3204; x_wconf 88' lang='lat' dir='ltr'><strong>tario</strong></span> <span class='ocrx_word' id='word_1_334' title='bbox 579 3157 768 3203; x_wconf 89' lang='lat' dir='ltr'><strong>manu</strong></span> <span class='ocrx_word' id='word_1_335' title='bbox 816 3139 1263 3219; x_wconf 82' lang='lat' dir='ltr'><strong>Tegnagnelii,</strong></span> <span class='ocrx_word' id='word_1_336' title='bbox 1313 3137 1413 3200; x_wconf 92' lang='lat' dir='ltr'><strong>sui</strong></span> <span class='ocrx_word' id='word_1_337' title='bbox 1465 3139 1533 3199; x_wconf 87' lang='lat' dir='ltr'><strong>in</strong></span> <span class='ocrx_word' id='word_1_338' title='bbox 1594 3138 2226 3201; x_wconf 69' lang='lat' dir='ltr'><strong>custodiaCaesarem</strong></span> <span class='ocrx_word' id='word_1_339' title='bbox 2259 3138 2666 3202; x_wconf 65' lang='lat' dir='ltr'><strong>bibliotheca)</strong></span> <span class='ocrx_word' id='word_1_340' title='bbox 2696 3143 3127 3219; x_wconf 68' lang='lat' dir='ltr'><strong>praecessoris,</strong></span> <span class='ocrx_word' id='word_1_341' title='bbox 3183 3153 3601 3222; x_wconf 74' lang='lat' dir='ltr'><strong>prmnolatum</strong></span> 
     </span>
    </p>
   </div>
   <div class='ocr_carea' id='block_1_30' title="bbox 358 3234 3604 3320">
    <p class='ocr_par' dir='ltr' id='par_1_30' title="bbox 358 3234 3604 3320">
     <span class='ocr_line' id='line_1_30' title="bbox 358 3234 3604 3320; baseline 0.002 -19"><span class='ocrx_word' id='word_1_342' title='bbox 358 3239 627 3320; x_wconf 77' lang='lat' dir='ltr'><strong>legisset</strong></span> <span class='ocrx_word' id='word_1_343' title='bbox 661 3256 675 3293; x_wconf 88' lang='lat'><strong>:</strong></span> <span class='ocrx_word' id='word_1_344' title='bbox 711 3236 1210 3299; x_wconf 73' lang='lat' dir='ltr'><strong>Commentarius</strong></span> <span class='ocrx_word' id='word_1_345' title='bbox 1244 3234 1739 3315; x_wconf 76' lang='lat' dir='ltr'><strong>Theophylacti,</strong></span> <span class='ocrx_word' id='word_1_346' title='bbox 1762 3243 1828 3296; x_wconf 90' lang='lat' dir='ltr'><strong>ut</strong></span> <span class='ocrx_word' id='word_1_347' title='bbox 1873 3242 1936 3297; x_wconf 89' lang='lat' dir='ltr'><strong>et</strong></span> <span class='ocrx_word' id='word_1_348' title='bbox 1966 3235 2103 3314; x_wconf 87' lang='lat' dir='ltr'><strong>ipse</strong></span> <span class='ocrx_word' id='word_1_349' title='bbox 2134 3253 2281 3303; x_wconf 85' lang='lat' dir='ltr'><strong>cum</strong></span> <span class='ocrx_word' id='word_1_350' title='bbox 2329 3253 2402 3299; x_wconf 90' lang='lat' dir='ltr'><strong>ea</strong></span> <span class='ocrx_word' id='word_1_351' title='bbox 2441 3238 2504 3299; x_wconf 90' lang='lat' dir='ltr'><strong>in</strong></span> <span class='ocrx_word' id='word_1_352' title='bbox 2541 3237 2697 3301; x_wconf 87' lang='lat' dir='ltr'><strong>urbe</strong></span> <span class='ocrx_word' id='word_1_353' title='bbox 2738 3251 3050 3317; x_wconf 78' lang='lat' dir='ltr'><strong>versarer,</strong></span> <span class='ocrx_word' id='word_1_354' title='bbox 3082 3242 3238 3317; x_wconf 88' lang='lat' dir='ltr'><strong>vidi,</strong></span> <span class='ocrx_word' id='word_1_355' title='bbox 3294 3243 3411 3307; x_wconf 89' lang='lat' dir='ltr'><strong>hoc</strong></span> <span class='ocrx_word' id='word_1_356' title='bbox 3448 3245 3604 3308; x_wconf 86' lang='lat' dir='ltr'><strong>satis</strong></span> 
     </span>
    </p>
   </div>
   <div class='ocr_carea' id='block_1_31' title="bbox 356 3334 3607 3422">
    <p class='ocr_par' dir='ltr' id='par_1_31' title="bbox 356 3334 3607 3422">
     <span class='ocr_line' id='line_1_31' title="bbox 356 3334 3607 3422; baseline 0.001 -17"><span class='ocrx_word' id='word_1_357' title='bbox 356 3361 507 3406; x_wconf 87' lang='lat' dir='ltr'><strong>esse</strong></span> <span class='ocrx_word' id='word_1_358' title='bbox 537 3341 746 3416; x_wconf 76' lang='lat' dir='ltr'><strong>duxit,</strong></span> <span class='ocrx_word' id='word_1_359' title='bbox 781 3345 850 3402; x_wconf 86' lang='lat' dir='ltr'><strong>ut</strong></span> <span class='ocrx_word' id='word_1_360' title='bbox 879 3353 1029 3400; x_wconf 90' lang='lat' dir='ltr'><strong>eum</strong></span> <span class='ocrx_word' id='word_1_361' title='bbox 1073 3335 1244 3400; x_wconf 86' lang='lat' dir='ltr'><strong>inter</strong></span> <span class='ocrx_word' id='word_1_362' title='bbox 1292 3334 1755 3416; x_wconf 82' lang='lat' dir='ltr'><strong>&#39;l‘heOphylacti</strong></span> <span class='ocrx_word' id='word_1_363' title='bbox 1803 3335 2016 3414; x_wconf 85' lang='lat' dir='ltr'><strong>Opera</strong></span> <span class='ocrx_word' id='word_1_364' title='bbox 2064 3344 2497 3414; x_wconf 84' lang='lat' dir='ltr'><strong>percenseret.</strong></span> <span class='ocrx_word' id='word_1_365' title='bbox 2542 3340 2616 3401; x_wconf 81' lang='lat' dir='ltr'><strong>Et</strong></span> <span class='ocrx_word' id='word_1_366' title='bbox 2662 3347 2869 3403; x_wconf 88' lang='lat' dir='ltr'><strong>tamen</strong></span> <span class='ocrx_word' id='word_1_367' title='bbox 2904 3340 3155 3422; x_wconf 88' lang='lat' dir='ltr'><strong>liquido</strong></span> <span class='ocrx_word' id='word_1_368' title='bbox 3184 3350 3452 3416; x_wconf 89' lang='lat' dir='ltr'><strong>constat,</strong></span> <span class='ocrx_word' id='word_1_369' title='bbox 3481 3348 3607 3408; x_wconf 78' lang='grc' dir='ltr'><strong>Τρ-</strong></span> 
     </span>
    </p>
   </div>
   <div class='ocr_carea' id='block_1_32' title="bbox 353 3435 3604 3526">
    <p class='ocr_par' dir='ltr' id='par_1_32' title="bbox 353 3435 3604 3526">
     <span class='ocr_line' id='line_1_32' title="bbox 353 3435 3604 3526; baseline 0.001 -23"><span class='ocrx_word' id='word_1_370' title='bbox 353 3441 776 3526; x_wconf 73' lang='lat' dir='ltr'><strong>gnagnelium</strong></span> <span class='ocrx_word' id='word_1_371' title='bbox 808 3454 940 3501; x_wconf 87' lang='lat' dir='ltr'><strong>non</strong></span> <span class='ocrx_word' id='word_1_372' title='bbox 975 3437 1098 3499; x_wconf 90' lang='lat' dir='ltr'><strong>alia</strong></span> <span class='ocrx_word' id='word_1_373' title='bbox 1146 3437 1419 3510; x_wconf 87' lang='lat' dir='ltr'><strong>ratione,</strong></span> <span class='ocrx_word' id='word_1_374' title='bbox 1462 3452 1534 3499; x_wconf 90' lang='lat' dir='ltr'><strong>ea</strong></span> <span class='ocrx_word' id='word_1_375' title='bbox 1565 3451 1719 3498; x_wconf 88' lang='lat' dir='ltr'><strong>sane</strong></span> <span class='ocrx_word' id='word_1_376' title='bbox 1746 3435 2209 3513; x_wconf 84' lang='lat' dir='ltr'><strong>inﬁrmissima,</strong></span> <span class='ocrx_word' id='word_1_377' title='bbox 2261 3439 2810 3507; x_wconf 65' lang='lat' dir='ltr'><strong>Commi-marium</strong></span> <span class='ocrx_word' id='word_1_378' title='bbox 2840 3439 3223 3524; x_wconf 81' lang='lat' dir='ltr'><strong>hujusmodi</strong></span> <span class='ocrx_word' id='word_1_379' title='bbox 3257 3445 3604 3523; x_wconf 77' lang='lat' dir='ltr'><strong>TheOphy-</strong></span> 
     </span>
    </p>
   </div>
   <div class='ocr_carea' id='block_1_33' title="bbox 355 3538 3607 3626">
    <p class='ocr_par' dir='ltr' id='par_1_33' title="bbox 355 3538 3607 3626">
     <span class='ocr_line' id='line_1_33' title="bbox 355 3538 3607 3626; baseline -0.002 -14"><span class='ocrx_word' id='word_1_380' title='bbox 355 3549 523 3612; x_wconf 81' lang='lat' dir='ltr'><strong>laeto</strong></span> <span class='ocrx_word' id='word_1_381' title='bbox 555 3543 984 3625; x_wconf 79' lang='lat' dir='ltr'><strong>adjudicasse,</strong></span> <span class='ocrx_word' id='word_1_382' title='bbox 1020 3556 1213 3619; x_wconf 86' lang='lat' dir='ltr'><strong>quam</strong></span> <span class='ocrx_word' id='word_1_383' title='bbox 1257 3540 1431 3621; x_wconf 90' lang='lat' dir='ltr'><strong>quod</strong></span> <span class='ocrx_word' id='word_1_384' title='bbox 1480 3539 1705 3602; x_wconf 88' lang='lat' dir='ltr'><strong>eodem</strong></span> <span class='ocrx_word' id='word_1_385' title='bbox 1730 3540 1798 3601; x_wconf 88' lang='lat' dir='ltr'><strong>in</strong></span> <span class='ocrx_word' id='word_1_386' title='bbox 1831 3538 2049 3603; x_wconf 89' lang='lat' dir='ltr'><strong>codice</strong></span> <span class='ocrx_word' id='word_1_387' title='bbox 2081 3541 2270 3604; x_wconf 80' lang='lat' dir='ltr'><strong>certis</strong></span> <span class='ocrx_word' id='word_1_388' title='bbox 2333 3542 2719 3620; x_wconf 86' lang='lat' dir='ltr'><strong>quibusdam</strong></span> <span class='ocrx_word' id='word_1_389' title='bbox 2763 3543 3227 3626; x_wconf 60' lang='lat' dir='ltr'><strong>Theotibylacti</strong></span> <span class='ocrx_word' id='word_1_390' title='bbox 3266 3547 3607 3611; x_wconf 52' lang='lat' dir='ltr'><strong>Conamen.</strong></span> 
     </span>
    </p>
   </div>
   <div class='ocr_carea' id='block_1_34' title="bbox 355 3646 2484 3726">
    <p class='ocr_par' dir='ltr' id='par_1_34' title="bbox 355 3646 2484 3726">
     <span class='ocr_line' id='line_1_34' title="bbox 355 3646 2484 3726; baseline -0.004 -8"><span class='ocrx_word' id='word_1_391' title='bbox 355 3651 540 3718; x_wconf 86' lang='lat' dir='ltr'><strong>tariis</strong></span> <span class='ocrx_word' id='word_1_392' title='bbox 571 3658 745 3713; x_wconf 82' lang='lat' dir='ltr'><strong>esset</strong></span> <span class='ocrx_word' id='word_1_393' title='bbox 778 3646 1151 3726; x_wconf 81' lang='lat' dir='ltr'><strong>adjunctus,</strong></span> <span class='ocrx_word' id='word_1_394' title='bbox 1178 3646 1538 3725; x_wconf 84' lang='lat' dir='ltr'><strong>eademque</strong></span> <span class='ocrx_word' id='word_1_395' title='bbox 1575 3661 1769 3709; x_wconf 89' lang='lat' dir='ltr'><strong>manu</strong></span> <span class='ocrx_word' id='word_1_396' title='bbox 1798 3658 2099 3707; x_wconf 81' lang='lat' dir='ltr'><strong>exaratus</strong></span> <span class='ocrx_word' id='word_1_397' title='bbox 2126 3646 2484 3710; x_wconf 81' lang='lat' dir='ltr'><strong>videretur.</strong></span> 
     </span>
    </p>
   </div>
   <div class='ocr_carea' id='block_1_35' title="bbox 436 3748 3605 3832">
    <p class='ocr_par' dir='ltr' id='par_1_35' title="bbox 436 3748 3605 3832">
     <span class='ocr_line' id='line_1_35' title="bbox 436 3748 3605 3832; baseline -0.001 -11"><span class='ocrx_word' id='word_1_398' title='bbox 436 3759 522 3823; x_wconf 78' lang='grc' dir='ltr'><strong>Χ.</strong></span> <span class='ocrx_word' id='word_1_399' title='bbox 560 3751 871 3816; x_wconf 81' lang='lat' dir='ltr'><strong>Praedicto</strong></span> <span class='ocrx_word' id='word_1_400' title='bbox 902 3751 1119 3832; x_wconf 86' lang='lat' dir='ltr'><strong>itaque</strong></span> <span class='ocrx_word' id='word_1_401' title='bbox 1149 3748 1624 3812; x_wconf 83' lang='lat' dir='ltr'><strong>Commentario</strong></span> <span class='ocrx_word' id='word_1_402' title='bbox 1649 3767 1681 3809; x_wconf 91' lang='lat' dir='ltr'><strong>a</strong></span> <span class='ocrx_word' id='word_1_403' title='bbox 1713 3748 2040 3828; x_wconf 78' lang='lat' dir='ltr'><strong>germanis</strong></span> <span class='ocrx_word' id='word_1_404' title='bbox 2070 3750 2535 3832; x_wconf 71' lang='lat' dir='ltr'><strong>TheOpbylacli</strong></span> <span class='ocrx_word' id='word_1_405' title='bbox 2559 3751 2879 3830; x_wconf 82' lang='lat' dir='ltr'><strong>Opel&#39;ibus</strong></span> <span class='ocrx_word' id='word_1_406' title='bbox 2910 3752 3176 3815; x_wconf 88' lang='lat' dir='ltr'><strong>omnino</strong></span> <span class='ocrx_word' id='word_1_407' title='bbox 3206 3752 3462 3832; x_wconf 84' lang='lat' dir='ltr'><strong>rejecto,</strong></span> <span class='ocrx_word' id='word_1_408' title='bbox 3493 3768 3605 3817; x_wconf 83' lang='lat' dir='ltr'><strong>eu-</strong></span> 
     </span>
    </p>
   </div>
   <div class='ocr_carea' id='block_1_36' title="bbox 354 3841 3604 3938">
    <p class='ocr_par' dir='ltr' id='par_1_36' title="bbox 354 3841 3604 3938">
     <span class='ocr_line' id='line_1_36' title="bbox 354 3841 3604 3938; baseline -0.003 -13"><span class='ocrx_word' id='word_1_409' title='bbox 354 3868 603 3926; x_wconf 85' lang='lat' dir='ltr'><strong>ratores</strong></span> <span class='ocrx_word' id='word_1_410' title='bbox 639 3856 832 3938; x_wconf 85' lang='lat' dir='ltr'><strong>hujus</strong></span> <span class='ocrx_word' id='word_1_411' title='bbox 863 3853 1178 3917; x_wconf 77' lang='lat' dir='ltr'><strong>editionis</strong></span> <span class='ocrx_word' id='word_1_412' title='bbox 1200 3861 1646 3931; x_wconf 73' lang='lat' dir='ltr'><strong>Opportunum</strong></span> <span class='ocrx_word' id='word_1_413' title='bbox 1677 3870 1821 3915; x_wconf 85' lang='lat' dir='ltr'><strong>esse</strong></span> <span class='ocrx_word' id='word_1_414' title='bbox 1856 3855 2206 3924; x_wconf 82' lang='lat' dir='ltr'><strong>duxerunt,</strong></span> <span class='ocrx_word' id='word_1_415' title='bbox 2238 3841 2479 3924; x_wconf 62' lang='lat' dir='ltr'><strong>alium,</strong></span> <span class='ocrx_word' id='word_1_416' title='bbox 2513 3856 2656 3935; x_wconf 85' lang='lat' dir='ltr'><strong>qui,</strong></span> <span class='ocrx_word' id='word_1_417' title='bbox 2688 3854 2769 3917; x_wconf 91' lang='lat' dir='ltr'><strong>el.</strong></span> <span class='ocrx_word' id='word_1_418' title='bbox 2796 3854 3083 3917; x_wconf 82' lang='lat' dir='ltr'><strong>Kollario</strong></span> <span class='ocrx_word' id='word_1_419' title='bbox 3099 3852 3352 3935; x_wconf 86' lang='lat' dir='ltr'><strong>judice,</strong></span> <span class='ocrx_word' id='word_1_420' title='bbox 3391 3852 3604 3922; x_wconf 82' lang='lat' dir='ltr'><strong>Theo-</strong></span> 
     </span>
    </p>
   </div>
   <div class='ocr_carea' id='block_1_37' title="bbox 351 3952 3605 4044">
    <p class='ocr_par' dir='ltr' id='par_1_37' title="bbox 351 3952 3605 4044">
     <span class='ocr_line' id='line_1_37' title="bbox 351 3952 3605 4044; baseline -0.003 -20"><span class='ocrx_word' id='word_1_421' title='bbox 351 3960 641 4044; x_wconf 79' lang='lat' dir='ltr'><strong>phylacti</strong></span> <span class='ocrx_word' id='word_1_422' title='bbox 663 3958 927 4039; x_wconf 71' lang='lat' dir='ltr'><strong>genium</strong></span> <span class='ocrx_word' id='word_1_423' title='bbox 947 3971 1021 4017; x_wconf 88' lang='lat' dir='ltr'><strong>ac</strong></span> <span class='ocrx_word' id='word_1_424' title='bbox 1038 3953 1281 4033; x_wconf 73' lang='lat' dir='ltr'><strong>stylum</strong></span> <span class='ocrx_word' id='word_1_425' title='bbox 1312 3970 1440 4033; x_wconf 77' lang='lat' dir='ltr'><strong>prte</strong></span> <span class='ocrx_word' id='word_1_426' title='bbox 1462 3972 1532 4015; x_wconf 89' lang='lat' dir='ltr'><strong>se</strong></span> <span class='ocrx_word' id='word_1_427' title='bbox 1557 3952 1700 4026; x_wconf 86' lang='lat' dir='ltr'><strong>fert,</strong></span> <span class='ocrx_word' id='word_1_428' title='bbox 1733 3954 1800 4015; x_wconf 90' lang='lat' dir='ltr'><strong>in</strong></span> <span class='ocrx_word' id='word_1_429' title='bbox 1825 3954 2006 4016; x_wconf 90' lang='lat' dir='ltr'><strong>illius</strong></span> <span class='ocrx_word' id='word_1_430' title='bbox 2038 3955 2248 4018; x_wconf 87' lang='lat' dir='ltr'><strong>locum</strong></span> <span class='ocrx_word' id='word_1_431' title='bbox 2278 3958 2662 4034; x_wconf 69' lang='lat' dir='ltr'><strong>subrogare;</strong></span> <span class='ocrx_word' id='word_1_432' title='bbox 2689 3955 2756 4018; x_wconf 91' lang='lat' dir='ltr'><strong>in</strong></span> <span class='ocrx_word' id='word_1_433' title='bbox 2785 3972 3068 4033; x_wconf 88' lang='lat' dir='ltr'><strong>eumque</strong></span> <span class='ocrx_word' id='word_1_434' title='bbox 3084 3952 3446 4017; x_wconf 82' lang='lat' dir='ltr'><strong>ﬁuemmihi</strong></span> <span class='ocrx_word' id='word_1_435' title='bbox 3482 3954 3605 4013; x_wconf 81' lang='lat' dir='ltr'><strong>La-</strong></span> 
     </span>
    </p>
   </div>
   <div class='ocr_carea' id='block_1_38' title="bbox 351 4056 3601 4138">
    <p class='ocr_par' dir='ltr' id='par_1_38' title="bbox 351 4056 3601 4138">
     <span class='ocr_line' id='line_1_38' title="bbox 351 4056 3601 4138; baseline -0.004 -9"><span class='ocrx_word' id='word_1_436' title='bbox 351 4067 489 4130; x_wconf 84' lang='lat' dir='ltr'><strong>tine</strong></span> <span class='ocrx_word' id='word_1_437' title='bbox 524 4061 928 4127; x_wconf 86' lang='lat' dir='ltr'><strong>reddendum</strong></span> <span class='ocrx_word' id='word_1_438' title='bbox 967 4056 1312 4120; x_wconf 83' lang='lat' dir='ltr'><strong>tradidere.</strong></span> <span class='ocrx_word' id='word_1_439' title='bbox 1349 4059 1712 4136; x_wconf 80' lang='lat' dir='ltr'><strong>Antequam</strong></span> <span class='ocrx_word' id='word_1_440' title='bbox 1747 4076 1900 4121; x_wconf 87' lang='lat' dir='ltr'><strong>vero</strong></span> <span class='ocrx_word' id='word_1_441' title='bbox 1950 4058 2086 4137; x_wconf 88' lang='lat' dir='ltr'><strong>ipse</strong></span> <span class='ocrx_word' id='word_1_442' title='bbox 2132 4058 2507 4138; x_wconf 74' lang='lat' dir='ltr'><strong>huiusmodi</strong></span> <span class='ocrx_word' id='word_1_443' title='bbox 2542 4059 2823 4122; x_wconf 89' lang='lat' dir='ltr'><strong>versioni</strong></span> <span class='ocrx_word' id='word_1_444' title='bbox 2875 4075 3135 4125; x_wconf 82' lang='lat' dir='ltr'><strong>manum</strong></span> <span class='ocrx_word' id='word_1_445' title='bbox 3166 4058 3601 4125; x_wconf 74' lang='lat' dir='ltr'><strong>admoverent.</strong></span> 
     </span>
    </p>
   </div>
   <div class='ocr_carea' id='block_1_39' title="bbox 355 4155 3601 4247">
    <p class='ocr_par' dir='ltr' id='par_1_39' title="bbox 355 4155 3601 4247">
     <span class='ocr_line' id='line_1_39' title="bbox 355 4155 3601 4247; baseline -0.004 -16"><span class='ocrx_word' id='word_1_446' title='bbox 355 4181 556 4247; x_wconf 79' lang='lat' dir='ltr'><strong>pauca</strong></span> <span class='ocrx_word' id='word_1_447' title='bbox 586 4163 693 4226; x_wconf 85' lang='lat' dir='ltr'><strong>illa</strong></span> <span class='ocrx_word' id='word_1_448' title='bbox 725 4160 900 4234; x_wconf 67' lang='lat' dir='ltr'><strong>iouia,</strong></span> <span class='ocrx_word' id='word_1_449' title='bbox 951 4174 1101 4242; x_wconf 66' lang='lat' dir='ltr'><strong>quae</strong></span> <span class='ocrx_word' id='word_1_450' title='bbox 1141 4155 1519 4236; x_wconf 81' lang='lat' dir='ltr'><strong>Speciminis</strong></span> <span class='ocrx_word' id='word_1_451' title='bbox 1559 4157 1761 4247; x_wconf 82' lang='lat' dir='ltr'><strong>gratia</strong></span> <span class='ocrx_word' id='word_1_452' title='bbox 1803 4157 1930 4220; x_wconf 89' lang='lat' dir='ltr'><strong>huc</strong></span> <span class='ocrx_word' id='word_1_453' title='bbox 1960 4157 2342 4221; x_wconf 84' lang='lat' dir='ltr'><strong>Vindobona</strong></span> <span class='ocrx_word' id='word_1_454' title='bbox 2392 4160 2763 4222; x_wconf 88' lang='lat' dir='ltr'><strong>transmissa</strong></span> <span class='ocrx_word' id='word_1_455' title='bbox 2790 4159 2965 4234; x_wconf 73' lang='lat' dir='ltr'><strong>dixi,</strong></span> <span class='ocrx_word' id='word_1_456' title='bbox 3009 4177 3159 4225; x_wconf 88' lang='lat' dir='ltr'><strong>cum</strong></span> <span class='ocrx_word' id='word_1_457' title='bbox 3213 4156 3601 4221; x_wconf 71' lang='lat' dir='ltr'><strong>OEeumenai</strong></span> 
     </span>
    </p>
   </div>
   <div class='ocr_carea' id='block_1_40' title="bbox 354 4244 3600 4338">
    <p class='ocr_par' dir='ltr' id='par_1_40' title="bbox 354 4244 3600 4338">
     <span class='ocr_line' id='line_1_40' title="bbox 354 4244 3600 4338; baseline -0.004 -8"><span class='ocrx_word' id='word_1_458' title='bbox 354 4244 835 4330; x_wconf 66' lang='lat' dir='ltr'><strong>Commentario</strong></span> <span class='ocrx_word' id='word_1_459' title='bbox 889 4257 1185 4321; x_wconf 82' lang='lat' dir='ltr'><strong>conferre</strong></span> <span class='ocrx_word' id='word_1_460' title='bbox 1233 4255 1391 4319; x_wconf 86' lang='lat' dir='ltr'><strong>mihi</strong></span> <span class='ocrx_word' id='word_1_461' title='bbox 1434 4244 1694 4337; x_wconf 86' lang='lat' dir='ltr'><strong>placuit,</strong></span> <span class='ocrx_word' id='word_1_462' title='bbox 1757 4256 2137 4337; x_wconf 79' lang='lat' dir='ltr'><strong>prmsertim,</strong></span> <span class='ocrx_word' id='word_1_463' title='bbox 2179 4274 2326 4321; x_wconf 90' lang='lat' dir='ltr'><strong>cum</strong></span> <span class='ocrx_word' id='word_1_464' title='bbox 2378 4259 2658 4338; x_wconf 90' lang='lat' dir='ltr'><strong>primum</strong></span> <span class='ocrx_word' id='word_1_465' title='bbox 2698 4260 3042 4338; x_wconf 72' lang='lat' dir='ltr'><strong>perlegens</strong></span> <span class='ocrx_word' id='word_1_466' title='bbox 3088 4258 3345 4328; x_wconf 81' lang='lat' dir='ltr'><strong>folium,</strong></span> <span class='ocrx_word' id='word_1_467' title='bbox 3382 4254 3600 4318; x_wconf 89' lang='lat' dir='ltr'><strong>simile</strong></span> 
     </span>
    </p>
   </div>
   <div class='ocr_carea' id='block_1_41' title="bbox 354 4356 3602 4449">
    <p class='ocr_par' dir='ltr' id='par_1_41' title="bbox 354 4356 3602 4449">
     <span class='ocr_line' id='line_1_41' title="bbox 354 4356 3602 4449; baseline 0.001 -33"><span class='ocrx_word' id='word_1_468' title='bbox 354 4362 843 4449; x_wconf 71' lang='lat' dir='ltr'><strong>quidpiamjam</strong></span> <span class='ocrx_word' id='word_1_469' title='bbox 879 4360 940 4421; x_wconf 91' lang='lat' dir='ltr'><strong>in</strong></span> <span class='ocrx_word' id='word_1_470' title='bbox 974 4359 1103 4420; x_wconf 90' lang='lat' dir='ltr'><strong>alio</strong></span> <span class='ocrx_word' id='word_1_471' title='bbox 1133 4363 1421 4432; x_wconf 86' lang='lat' dir='ltr'><strong>auctore,</strong></span> <span class='ocrx_word' id='word_1_472' title='bbox 1458 4356 1570 4436; x_wconf 89' lang='lat' dir='ltr'><strong>qui</strong></span> <span class='ocrx_word' id='word_1_473' title='bbox 1606 4365 1742 4419; x_wconf 91' lang='lat' dir='ltr'><strong>tum</strong></span> <span class='ocrx_word' id='word_1_474' title='bbox 1764 4357 1831 4419; x_wconf 90' lang='lat' dir='ltr'><strong>in</strong></span> <span class='ocrx_word' id='word_1_475' title='bbox 1859 4364 2136 4419; x_wconf 87' lang='lat' dir='ltr'><strong>mentem</strong></span> <span class='ocrx_word' id='word_1_476' title='bbox 2161 4376 2291 4420; x_wconf 88' lang='lat' dir='ltr'><strong>non</strong></span> <span class='ocrx_word' id='word_1_477' title='bbox 2323 4359 2665 4436; x_wconf 87' lang='lat' dir='ltr'><strong>incidebat,</strong></span> <span class='ocrx_word' id='word_1_478' title='bbox 2691 4359 2923 4440; x_wconf 66' lang='lat' dir='ltr'><strong>legisse</strong></span> <span class='ocrx_word' id='word_1_479' title='bbox 2956 4360 3110 4425; x_wconf 87' lang='lat' dir='ltr'><strong>mihi</strong></span> <span class='ocrx_word' id='word_1_480' title='bbox 3148 4360 3420 4422; x_wconf 88' lang='lat' dir='ltr'><strong>viderer.</strong></span> <span class='ocrx_word' id='word_1_481' title='bbox 3454 4359 3602 4420; x_wconf 85' lang='lat' dir='ltr'><strong>Col-</strong></span> 
     </span>
    </p>
   </div>
   <div class='ocr_carea' id='block_1_42' title="bbox 360 4456 3606 4545">
    <p class='ocr_par' dir='ltr' id='par_1_42' title="bbox 360 4456 3606 4545">
     <span class='ocr_line' id='line_1_42' title="bbox 360 4456 3606 4545; baseline -0.003 -14"><span class='ocrx_word' id='word_1_482' title='bbox 360 4468 502 4531; x_wconf 86' lang='lat' dir='ltr'><strong>latis</strong></span> <span class='ocrx_word' id='word_1_483' title='bbox 536 4468 753 4545; x_wconf 88' lang='lat' dir='ltr'><strong>itaque</strong></span> <span class='ocrx_word' id='word_1_484' title='bbox 792 4461 877 4523; x_wconf 87' lang='lat' dir='ltr'><strong>iis</strong></span> <span class='ocrx_word' id='word_1_485' title='bbox 905 4458 1110 4532; x_wconf 81' lang='lat' dir='ltr'><strong>foliis,</strong></span> <span class='ocrx_word' id='word_1_486' title='bbox 1137 4456 1424 4535; x_wconf 87' lang='lat' dir='ltr'><strong>comperi</strong></span> <span class='ocrx_word' id='word_1_487' title='bbox 1452 4456 1729 4520; x_wconf 83' lang='lat' dir='ltr'><strong>alterum</strong></span> <span class='ocrx_word' id='word_1_488' title='bbox 1761 4458 2305 4521; x_wconf 88' lang='lat' dir='ltr'><strong>Commentarium</strong></span> <span class='ocrx_word' id='word_1_489' title='bbox 2344 4460 2426 4522; x_wconf 85' lang='lat' dir='ltr'><strong>ita</strong></span> <span class='ocrx_word' id='word_1_490' title='bbox 2449 4478 2594 4522; x_wconf 88' lang='lat' dir='ltr'><strong>cum</strong></span> <span class='ocrx_word' id='word_1_491' title='bbox 2627 4460 2828 4523; x_wconf 87' lang='lat' dir='ltr'><strong>altero</strong></span> <span class='ocrx_word' id='word_1_492' title='bbox 2847 4463 3220 4537; x_wconf 88' lang='lat' dir='ltr'><strong>convenire,</strong></span> <span class='ocrx_word' id='word_1_493' title='bbox 3258 4470 3325 4524; x_wconf 91' lang='lat' dir='ltr'><strong>ut</strong></span> <span class='ocrx_word' id='word_1_494' title='bbox 3362 4458 3606 4522; x_wconf 77' lang='lat' dir='ltr'><strong>Vindo-</strong></span> 
     </span>
    </p>
   </div>
   <div class='ocr_carea' id='block_1_43' title="bbox 357 4558 3600 4648">
    <p class='ocr_par' dir='ltr' id='par_1_43' title="bbox 357 4558 3600 4648">
     <span class='ocr_line' id='line_1_43' title="bbox 357 4558 3600 4648; baseline -0.001 -11"><span class='ocrx_word' id='word_1_495' title='bbox 357 4574 714 4637; x_wconf 81' lang='lat' dir='ltr'><strong>bonensem</strong></span> <span class='ocrx_word' id='word_1_496' title='bbox 746 4573 810 4629; x_wconf 88' lang='lat' dir='ltr'><strong>et</strong></span> <span class='ocrx_word' id='word_1_497' title='bbox 843 4558 1404 4626; x_wconf 85' lang='lat' dir='ltr'><strong>OEcumenianum</strong></span> <span class='ocrx_word' id='word_1_498' title='bbox 1447 4576 1651 4621; x_wconf 86' lang='lat' dir='ltr'><strong>unum</strong></span> <span class='ocrx_word' id='word_1_499' title='bbox 1700 4561 2137 4639; x_wconf 82' lang='lat' dir='ltr'><strong>eamdemque</strong></span> <span class='ocrx_word' id='word_1_500' title='bbox 2178 4578 2324 4623; x_wconf 88' lang='lat' dir='ltr'><strong>esse</strong></span> <span class='ocrx_word' id='word_1_501' title='bbox 2383 4562 2817 4640; x_wconf 87' lang='lat' dir='ltr'><strong>perspicerem</strong></span> <span class='ocrx_word' id='word_1_502' title='bbox 2863 4583 2881 4622; x_wconf 91' lang='lat'><strong>:</strong></span> <span class='ocrx_word' id='word_1_503' title='bbox 2916 4581 3044 4628; x_wconf 90' lang='lat' dir='ltr'><strong>non</strong></span> <span class='ocrx_word' id='word_1_504' title='bbox 3086 4564 3375 4646; x_wconf 86' lang='lat' dir='ltr'><strong>quidem,</strong></span> <span class='ocrx_word' id='word_1_505' title='bbox 3419 4570 3600 4648; x_wconf 88' lang='lat' dir='ltr'><strong>quod</strong></span> 
     </span>
    </p>
   </div>
   <div class='ocr_carea' id='block_1_44' title="bbox 365 4657 3607 4754">
    <p class='ocr_par' dir='ltr' id='par_1_44' title="bbox 365 4657 3607 4754">
     <span class='ocr_line' id='line_1_44' title="bbox 365 4657 3607 4754; baseline -0.001 -20"><span class='ocrx_word' id='word_1_506' title='bbox 365 4672 547 4754; x_wconf 84' lang='lat' dir='ltr'><strong>plane</strong></span> <span class='ocrx_word' id='word_1_507' title='bbox 570 4678 628 4732; x_wconf 89' lang='lat' dir='ltr'><strong>et</strong></span> <span class='ocrx_word' id='word_1_508' title='bbox 664 4668 1100 4745; x_wconf 87' lang='lat' dir='ltr'><strong>undequaque</strong></span> <span class='ocrx_word' id='word_1_509' title='bbox 1134 4666 1598 4739; x_wconf 76' lang='lat' dir='ltr'><strong>congruerent;</strong></span> <span class='ocrx_word' id='word_1_510' title='bbox 1624 4658 1735 4721; x_wconf 89' lang='lat' dir='ltr'><strong>sed</strong></span> <span class='ocrx_word' id='word_1_511' title='bbox 1763 4657 1915 4736; x_wconf 90' lang='lat' dir='ltr'><strong>quia</strong></span> <span class='ocrx_word' id='word_1_512' title='bbox 1936 4658 2412 4740; x_wconf 89' lang='lat' dir='ltr'><strong>qualiscunque</strong></span> <span class='ocrx_word' id='word_1_513' title='bbox 2433 4659 2676 4723; x_wconf 87' lang='lat' dir='ltr'><strong>inesset</strong></span> <span class='ocrx_word' id='word_1_514' title='bbox 2702 4662 3072 4738; x_wconf 85' lang='lat' dir='ltr'><strong>diversitas,</strong></span> <span class='ocrx_word' id='word_1_515' title='bbox 3096 4682 3165 4726; x_wconf 86' lang='lat' dir='ltr'><strong>ea</strong></span> <span class='ocrx_word' id='word_1_516' title='bbox 3187 4662 3371 4728; x_wconf 82' lang='lat' dir='ltr'><strong>facile</strong></span> <span class='ocrx_word' id='word_1_517' title='bbox 3388 4678 3607 4746; x_wconf 86' lang='lat' dir='ltr'><strong>posset</strong></span> 
     </span>
    </p>
   </div>
   <div class='ocr_carea' id='block_1_45' title="bbox 361 4762 3601 4848">
    <p class='ocr_par' dir='ltr' id='par_1_45' title="bbox 361 4762 3601 4848">
     <span class='ocr_line' id='line_1_45' title="bbox 361 4762 3601 4848; baseline -0.001 -9"><span class='ocrx_word' id='word_1_518' title='bbox 361 4776 424 4840; x_wconf 89' lang='lat' dir='ltr'><strong>in</strong></span> <span class='ocrx_word' id='word_1_519' title='bbox 456 4775 758 4838; x_wconf 72' lang='lat' dir='ltr'><strong>codzcum</strong></span> <span class='ocrx_word' id='word_1_520' title='bbox 790 4770 1159 4831; x_wconf 83' lang='lat' dir='ltr'><strong>varietatem</strong></span> <span class='ocrx_word' id='word_1_521' title='bbox 1201 4762 1482 4826; x_wconf 83' lang='lat' dir='ltr'><strong>reinndi.</strong></span> <span class='ocrx_word' id='word_1_522' title='bbox 1520 4763 1655 4824; x_wconf 81' lang='lat' dir='ltr'><strong>Hoc</strong></span> <span class='ocrx_word' id='word_1_523' title='bbox 1686 4779 1833 4826; x_wconf 88' lang='lat' dir='ltr'><strong>cum</strong></span> <span class='ocrx_word' id='word_1_524' title='bbox 1874 4763 2557 4829; x_wconf 85' lang='lat' dir='ltr'><strong>rescissenteditionis</strong></span> <span class='ocrx_word' id='word_1_525' title='bbox 2601 4774 2953 4840; x_wconf 81' lang='lat' dir='ltr'><strong>curatores,</strong></span> <span class='ocrx_word' id='word_1_526' title='bbox 2998 4769 3214 4830; x_wconf 87' lang='lat' dir='ltr'><strong>omnia</strong></span> <span class='ocrx_word' id='word_1_527' title='bbox 3254 4770 3459 4848; x_wconf 87' lang='lat' dir='ltr'><strong>primo</strong></span> <span class='ocrx_word' id='word_1_528' title='bbox 3490 4788 3601 4834; x_wconf 85' lang='lat' dir='ltr'><strong>eo-</strong></span> 
     </span>
    </p>
   </div>
   <div class='ocr_carea' id='block_1_46' title="bbox 359 4865 3606 4950">
    <p class='ocr_par' dir='ltr' id='par_1_46' title="bbox 359 4865 3606 4950">
     <span class='ocr_line' id='line_1_46' title="bbox 359 4865 3606 4950; baseline -0.002 -4"><span class='ocrx_word' id='word_1_529' title='bbox 359 4881 569 4946; x_wconf 88' lang='lat' dir='ltr'><strong>nanda</strong></span> <span class='ocrx_word' id='word_1_530' title='bbox 599 4878 725 4941; x_wconf 90' lang='lat' dir='ltr'><strong>sibi</strong></span> <span class='ocrx_word' id='word_1_531' title='bbox 755 4874 1253 4941; x_wconf 86' lang='lat' dir='ltr'><strong>constituerunt,</strong></span> <span class='ocrx_word' id='word_1_532' title='bbox 1291 4877 1359 4931; x_wconf 90' lang='lat' dir='ltr'><strong>ut</strong></span> <span class='ocrx_word' id='word_1_533' title='bbox 1385 4869 1779 4947; x_wconf 58' lang='lat' dir='ltr'><strong>{germanum</strong></span> <span class='ocrx_word' id='word_1_534' title='bbox 1805 4865 2086 4947; x_wconf 87' lang='lat' dir='ltr'><strong>aliquem</strong></span> <span class='ocrx_word' id='word_1_535' title='bbox 2120 4877 2181 4928; x_wconf 90' lang='lat' dir='ltr'><strong>et</strong></span> <span class='ocrx_word' id='word_1_536' title='bbox 2206 4868 2284 4930; x_wconf 89' lang='lat' dir='ltr'><strong>ab</strong></span> <span class='ocrx_word' id='word_1_537' title='bbox 2313 4869 2800 4933; x_wconf 90' lang='lat' dir='ltr'><strong>OEcumeuiano</strong></span> <span class='ocrx_word' id='word_1_538' title='bbox 2828 4870 3159 4934; x_wconf 84' lang='lat' dir='ltr'><strong>diversum</strong></span> <span class='ocrx_word' id='word_1_539' title='bbox 3189 4873 3257 4935; x_wconf 89' lang='lat' dir='ltr'><strong>in</strong></span> <span class='ocrx_word' id='word_1_540' title='bbox 3289 4873 3606 4950; x_wconf 81' lang='lat' dir='ltr'><strong>Epistolas</strong></span> 
     </span>
    </p>
   </div>
   <div class='ocr_carea' id='block_1_47' title="bbox 358 4968 3609 5052">
    <p class='ocr_par' dir='ltr' id='par_1_47' title="bbox 358 4968 3609 5052">
     <span class='ocr_line' id='line_1_47' title="bbox 358 4968 3609 5052; baseline -0.006 -2"><span class='ocrx_word' id='word_1_541' title='bbox 358 4982 715 5050; x_wconf 87' lang='lat' dir='ltr'><strong>Catholicas</strong></span> <span class='ocrx_word' id='word_1_542' title='bbox 746 4971 1287 5041; x_wconf 86' lang='lat' dir='ltr'><strong>Commentarium</strong></span> <span class='ocrx_word' id='word_1_543' title='bbox 1329 4968 1751 5047; x_wconf 77' lang='lat' dir='ltr'><strong>delegerant;</strong></span> <span class='ocrx_word' id='word_1_544' title='bbox 1808 4968 1908 5031; x_wconf 86' lang='lat' dir='ltr'><strong>sin</strong></span> <span class='ocrx_word' id='word_1_545' title='bbox 1956 4986 2105 5032; x_wconf 91' lang='lat' dir='ltr'><strong>vero</strong></span> <span class='ocrx_word' id='word_1_546' title='bbox 2143 4969 2208 5030; x_wconf 90' lang='lat' dir='ltr'><strong>id</strong></span> <span class='ocrx_word' id='word_1_547' title='bbox 2256 4968 2482 5031; x_wconf 89' lang='lat' dir='ltr'><strong>minus</strong></span> <span class='ocrx_word' id='word_1_548' title='bbox 2514 4986 2594 5031; x_wconf 81' lang='lat' dir='ltr'><strong>ex</strong></span> <span class='ocrx_word' id='word_1_549' title='bbox 2639 4979 2788 5032; x_wconf 88' lang='lat' dir='ltr'><strong>voto</strong></span> <span class='ocrx_word' id='word_1_550' title='bbox 2826 4972 3223 5046; x_wconf 88' lang='lat' dir='ltr'><strong>succederet,</strong></span> <span class='ocrx_word' id='word_1_551' title='bbox 3267 4972 3609 5052; x_wconf 78' lang='lat' dir='ltr'><strong>inquiren-</strong></span> 
     </span>
    </p>
   </div>
   <div class='ocr_carea' id='block_1_48' title="bbox 361 5072 3604 5163">
    <p class='ocr_par' dir='ltr' id='par_1_48' title="bbox 361 5072 3604 5163">
     <span class='ocr_line' id='line_1_48' title="bbox 361 5072 3604 5163; baseline -0.004 -11"><span class='ocrx_word' id='word_1_552' title='bbox 361 5091 546 5163; x_wconf 90' lang='lat' dir='ltr'><strong>dum,</strong></span> <span class='ocrx_word' id='word_1_553' title='bbox 579 5100 735 5149; x_wconf 82' lang='lat' dir='ltr'><strong>num</strong></span> <span class='ocrx_word' id='word_1_554' title='bbox 768 5080 924 5144; x_wconf 84' lang='lat' dir='ltr'><strong>satis</strong></span> <span class='ocrx_word' id='word_1_555' title='bbox 959 5078 1170 5141; x_wconf 88' lang='lat' dir='ltr'><strong>valida</strong></span> <span class='ocrx_word' id='word_1_556' title='bbox 1198 5082 1573 5155; x_wconf 81' lang='lat' dir='ltr'><strong>argumenta</strong></span> <span class='ocrx_word' id='word_1_557' title='bbox 1623 5082 1849 5150; x_wconf 72' lang='lat' dir='ltr'><strong>pm?le</strong></span> <span class='ocrx_word' id='word_1_558' title='bbox 1888 5083 2132 5151; x_wconf 90' lang='lat' dir='ltr'><strong>essent,</strong></span> <span class='ocrx_word' id='word_1_559' title='bbox 2179 5073 2419 5154; x_wconf 88' lang='lat' dir='ltr'><strong>quibus</strong></span> <span class='ocrx_word' id='word_1_560' title='bbox 2454 5072 2983 5137; x_wconf 84' lang='lat' dir='ltr'><strong>OEcumenianus</strong></span> <span class='ocrx_word' id='word_1_561' title='bbox 3019 5073 3162 5154; x_wconf 88' lang='lat' dir='ltr'><strong>ipse</strong></span> <span class='ocrx_word' id='word_1_562' title='bbox 3197 5076 3604 5138; x_wconf 85' lang='lat' dir='ltr'><strong>Commenta-</strong></span> 
     </span>
    </p>
   </div>
   <div class='ocr_carea' id='block_1_49' title="bbox 364 5175 3607 5258">
    <p class='ocr_par' dir='ltr' id='par_1_49' title="bbox 364 5175 3607 5258">
     <span class='ocr_line' id='line_1_49' title="bbox 364 5175 3607 5258; baseline -0.004 -6"><span class='ocrx_word' id='word_1_563' title='bbox 364 5192 503 5252; x_wconf 89' lang='lat' dir='ltr'><strong>rius</strong></span> <span class='ocrx_word' id='word_1_564' title='bbox 552 5188 619 5248; x_wconf 89' lang='lat' dir='ltr'><strong>in</strong></span> <span class='ocrx_word' id='word_1_565' title='bbox 650 5185 811 5248; x_wconf 83' lang='lat' dir='ltr'><strong>hanc</strong></span> <span class='ocrx_word' id='word_1_566' title='bbox 856 5181 1207 5243; x_wconf 86' lang='lat' dir='ltr'><strong>editionem</strong></span> <span class='ocrx_word' id='word_1_567' title='bbox 1240 5193 1428 5258; x_wconf 68' lang='lat' dir='ltr'><strong>aequo</strong></span> <span class='ocrx_word' id='word_1_568' title='bbox 1458 5176 1608 5256; x_wconf 87' lang='lat' dir='ltr'><strong>jure</strong></span> <span class='ocrx_word' id='word_1_569' title='bbox 1639 5176 2089 5249; x_wconf 82' lang='lat' dir='ltr'><strong>ascisceretur,</strong></span> <span class='ocrx_word' id='word_1_570' title='bbox 2121 5194 2193 5237; x_wconf 88' lang='lat' dir='ltr'><strong>ac</strong></span> <span class='ocrx_word' id='word_1_571' title='bbox 2239 5175 2701 5255; x_wconf 58' lang='lat' dir='ltr'><strong>Theotihylacti</strong></span> <span class='ocrx_word' id='word_1_572' title='bbox 2738 5177 3002 5238; x_wconf 89' lang='lat' dir='ltr'><strong>nomine</strong></span> <span class='ocrx_word' id='word_1_573' title='bbox 3048 5176 3401 5256; x_wconf 88' lang='lat' dir='ltr'><strong>inscriptus</strong></span> <span class='ocrx_word' id='word_1_574' title='bbox 3448 5180 3607 5238; x_wconf 86' lang='lat' dir='ltr'><strong>ede-</strong></span> 
     </span>
    </p>
   </div>
   <div class='ocr_carea' id='block_1_50' title="bbox 363 5276 3605 5361">
    <p class='ocr_par' dir='ltr' id='par_1_50' title="bbox 363 5276 3605 5361">
     <span class='ocr_line' id='line_1_50' title="bbox 363 5276 3605 5361; baseline 0.002 -25"><span class='ocrx_word' id='word_1_575' title='bbox 363 5300 544 5355; x_wconf 67' lang='grc' dir='ltr'><strong>τρωι-</strong></span> <span class='ocrx_word' id='word_1_576' title='bbox 573 5289 639 5352; x_wconf 73' lang='grc' dir='ltr'><strong>ίη</strong></span> <span class='ocrx_word' id='word_1_577' title='bbox 666 5287 896 5349; x_wconf 71' lang='lat' dir='ltr'><strong>lucem,</strong></span> <span class='ocrx_word' id='word_1_578' title='bbox 936 5286 1059 5361; x_wconf 82' lang='lat' dir='ltr'><strong>spe</strong></span> <span class='ocrx_word' id='word_1_579' title='bbox 1092 5281 1290 5360; x_wconf 87' lang='lat' dir='ltr'><strong>prima</strong></span> <span class='ocrx_word' id='word_1_580' title='bbox 1333 5277 1526 5357; x_wconf 86' lang='lat' dir='ltr'><strong>paulo</strong></span> <span class='ocrx_word' id='word_1_581' title='bbox 1562 5286 1700 5355; x_wconf 76' lang='lat' dir='ltr'><strong>post</strong></span> <span class='ocrx_word' id='word_1_582' title='bbox 1740 5276 1976 5354; x_wconf 81' lang='lat' dir='ltr'><strong>dejecti</strong></span> <span class='ocrx_word' id='word_1_583' title='bbox 2012 5295 2088 5339; x_wconf 83' lang='lat' dir='ltr'><strong>ex</strong></span> <span class='ocrx_word' id='word_1_584' title='bbox 2140 5276 2763 5356; x_wconf 79' lang='lat' dir='ltr'><strong>incxspeetatissima</strong></span> <span class='ocrx_word' id='word_1_585' title='bbox 2793 5285 2996 5340; x_wconf 88' lang='lat' dir='ltr'><strong>morte</strong></span> <span class='ocrx_word' id='word_1_586' title='bbox 3025 5278 3259 5356; x_wconf 74' lang='lat' dir='ltr'><strong>lgnatii</strong></span> <span class='ocrx_word' id='word_1_587' title='bbox 3294 5278 3455 5341; x_wconf 90' lang='lat' dir='ltr'><strong>lnici</strong></span> <span class='ocrx_word' id='word_1_588' title='bbox 3485 5280 3605 5342; x_wconf 83' lang='lat' dir='ltr'><strong>Ca-</strong></span> 
     </span>
    </p>
   </div>
   <div class='ocr_carea' id='block_1_51' title="bbox 364 5376 3608 5477">
    <p class='ocr_par' dir='ltr' id='par_1_51' title="bbox 364 5376 3608 5477">
     <span class='ocr_line' id='line_1_51' title="bbox 364 5376 3608 5477; baseline -0.005 -17"><span class='ocrx_word' id='word_1_589' title='bbox 364 5376 650 5477; x_wconf 73' lang='lat' dir='ltr'><strong>,accioli,</strong></span> <span class='ocrx_word' id='word_1_590' title='bbox 676 5390 983 5473; x_wconf 77' lang='lat' dir='ltr'><strong>pontiﬁcii</strong></span> <span class='ocrx_word' id='word_1_591' title='bbox 1010 5389 1084 5450; x_wconf 87' lang='lat' dir='ltr'><strong>ad</strong></span> <span class='ocrx_word' id='word_1_592' title='bbox 1114 5384 1570 5466; x_wconf 81' lang='lat' dir='ltr'><strong>Hispaniarum</strong></span> <span class='ocrx_word' id='word_1_593' title='bbox 1600 5400 1814 5459; x_wconf 75' lang='lat' dir='ltr'><strong>regem</strong></span> <span class='ocrx_word' id='word_1_594' title='bbox 1849 5383 2283 5463; x_wconf 71' lang='lat' dir='ltr'><strong>legati,cujus</strong></span> <span class='ocrx_word' id='word_1_595' title='bbox 2313 5398 2435 5462; x_wconf 81' lang='lat' dir='ltr'><strong>Ope</strong></span> <span class='ocrx_word' id='word_1_596' title='bbox 2457 5383 2765 5445; x_wconf 81' lang='lat' dir='ltr'><strong>duntaxat</strong></span> <span class='ocrx_word' id='word_1_597' title='bbox 2794 5399 2870 5445; x_wconf 84' lang='lat' dir='ltr'><strong>se.</strong></span> <span class='ocrx_word' id='word_1_598' title='bbox 2894 5382 3206 5462; x_wconf 88' lang='lat' dir='ltr'><strong>consequi</strong></span> <span class='ocrx_word' id='word_1_599' title='bbox 3231 5399 3420 5460; x_wconf 89' lang='lat' dir='ltr'><strong>posse</strong></span> <span class='ocrx_word' id='word_1_600' title='bbox 3454 5399 3608 5456; x_wconf 74' lang='lat' dir='ltr'><strong>spe-</strong></span> 
     </span>
    </p>
   </div>
   <div class='ocr_carea' id='block_1_52' title="bbox 363 5480 3607 5574">
    <p class='ocr_par' dir='ltr' id='par_1_52' title="bbox 363 5480 3607 5574">
     <span class='ocr_line' id='line_1_52' title="bbox 363 5480 3607 5574; baseline -0.006 -13"><span class='ocrx_word' id='word_1_601' title='bbox 363 5500 587 5561; x_wconf 85' lang='lat' dir='ltr'><strong>rahant</strong></span> <span class='ocrx_word' id='word_1_602' title='bbox 645 5492 1081 5574; x_wconf 81' lang='lat' dir='ltr'><strong>apOgraphum</strong></span> <span class='ocrx_word' id='word_1_603' title='bbox 1132 5488 1314 5550; x_wconf 90' lang='lat' dir='ltr'><strong>illius</strong></span> <span class='ocrx_word' id='word_1_604' title='bbox 1371 5483 1824 5548; x_wconf 86' lang='lat' dir='ltr'><strong>Commentarii</strong></span> <span class='ocrx_word' id='word_1_605' title='bbox 1864 5483 2349 5564; x_wconf 78' lang='lat' dir='ltr'><strong>&#39;l‘heOpbylacto</strong></span> <span class='ocrx_word' id='word_1_606' title='bbox 2405 5481 2703 5562; x_wconf 86' lang='lat' dir='ltr'><strong>inscripti</strong></span> <span class='ocrx_word' id='word_1_607' title='bbox 2747 5482 2814 5545; x_wconf 88' lang='lat' dir='ltr'><strong>in</strong></span> <span class='ocrx_word' id='word_1_608' title='bbox 2859 5481 3179 5560; x_wconf 88' lang='lat' dir='ltr'><strong>Epistolas</strong></span> <span class='ocrx_word' id='word_1_609' title='bbox 3223 5480 3607 5553; x_wconf 69' lang='lat' dir='ltr'><strong>Catholicae,</strong></span> 
     </span>
    </p>
   </div>
   <div class='ocr_carea' id='block_1_53' title="bbox 361 5582 3610 5679">
    <p class='ocr_par' dir='ltr' id='par_1_53' title="bbox 361 5582 3610 5679">
     <span class='ocr_line' id='line_1_53' title="bbox 361 5582 3610 5679; baseline -0.006 -18"><span class='ocrx_word' id='word_1_610' title='bbox 361 5599 474 5679; x_wconf 84' lang='lat' dir='ltr'><strong>qui</strong></span> <span class='ocrx_word' id='word_1_611' title='bbox 503 5600 568 5659; x_wconf 88' lang='lat' dir='ltr'><strong>in</strong></span> <span class='ocrx_word' id='word_1_612' title='bbox 607 5593 1019 5658; x_wconf 81' lang='lat' dir='ltr'><strong>celeberrima</strong></span> <span class='ocrx_word' id='word_1_613' title='bbox 1060 5584 1483 5652; x_wconf 73' lang='lat' dir='ltr'><strong>Iiscoriulensi</strong></span> <span class='ocrx_word' id='word_1_614' title='bbox 1530 5583 1916 5647; x_wconf 85' lang='lat' dir='ltr'><strong>bibliotheca</strong></span> <span class='ocrx_word' id='word_1_615' title='bbox 1953 5584 2271 5647; x_wconf 87' lang='lat' dir='ltr'><strong>asservari</strong></span> <span class='ocrx_word' id='word_1_616' title='bbox 2302 5582 2568 5659; x_wconf 86' lang='lat' dir='ltr'><strong>dicitur,</strong></span> <span class='ocrx_word' id='word_1_617' title='bbox 2606 5587 2854 5664; x_wconf 88' lang='lat' dir='ltr'><strong>quique</strong></span> <span class='ocrx_word' id='word_1_618' title='bbox 2891 5600 3065 5645; x_wconf 88' lang='lat' dir='ltr'><strong>unus</strong></span> <span class='ocrx_word' id='word_1_619' title='bbox 3094 5589 3427 5662; x_wconf 90' lang='lat' dir='ltr'><strong>supererat</strong></span> <span class='ocrx_word' id='word_1_620' title='bbox 3457 5598 3610 5644; x_wconf 85' lang='lat' dir='ltr'><strong>con-</strong></span> 
     </span>
    </p>
   </div>
   <div class='ocr_carea' id='block_1_54' title="bbox 363 5682 3603 5773">
    <p class='ocr_par' dir='ltr' id='par_1_54' title="bbox 363 5682 3603 5773">
     <span class='ocr_line' id='line_1_54' title="bbox 363 5682 3603 5773; baseline -0.006 -8"><span class='ocrx_word' id='word_1_621' title='bbox 363 5700 708 5773; x_wconf 83' lang='lat' dir='ltr'><strong>sulendus,</strong></span> <span class='ocrx_word' id='word_1_622' title='bbox 754 5698 828 5760; x_wconf 91' lang='lat' dir='ltr'><strong>ad</strong></span> <span class='ocrx_word' id='word_1_623' title='bbox 882 5695 1143 5759; x_wconf 85' lang='lat' dir='ltr'><strong>alteram</strong></span> <span class='ocrx_word' id='word_1_624' title='bbox 1178 5690 1462 5753; x_wconf 88' lang='lat' dir='ltr'><strong>animum</strong></span> <span class='ocrx_word' id='word_1_625' title='bbox 1500 5704 1891 5768; x_wconf 83' lang='lat' dir='ltr'><strong>aperamque</strong></span> <span class='ocrx_word' id='word_1_626' title='bbox 1924 5704 2104 5751; x_wconf 82' lang='lat' dir='ltr'><strong>suam</strong></span> <span class='ocrx_word' id='word_1_627' title='bbox 2155 5697 2615 5754; x_wconf 87' lang='lat' dir='ltr'><strong>converterunt</strong></span> <span class='ocrx_word' id='word_1_628' title='bbox 2652 5706 2666 5747; x_wconf 89' lang='lat'><strong>:</strong></span> <span class='ocrx_word' id='word_1_629' title='bbox 2715 5687 2904 5767; x_wconf 78' lang='lat' dir='ltr'><strong>cujus</strong></span> <span class='ocrx_word' id='word_1_630' title='bbox 2937 5692 3270 5765; x_wconf 89' lang='lat' dir='ltr'><strong>compotes</strong></span> <span class='ocrx_word' id='word_1_631' title='bbox 3319 5682 3603 5748; x_wconf 84' lang='lat' dir='ltr'><strong>evasisse</strong></span> 
     </span>
    </p>
   </div>
  </div>
