4192 6294
522 293 631 358 4m
788 272 793 275 ’
962 262 963 265 γ
1534 287 1927 353 common
1991 284 2300 347 FlNETTI
2355 282 2749 347 Passum
3674 275 3788 338 420

524 422 696 479 sese,
722 403 872 483 jure
913 401 1275 481 meritoque
1308 399 1596 462 arbitrati
1630 403 1807 461 sunt.
1858 397 2019 461 Cum
2056 394 2233 458 enim
2275 394 2470 474 juxta
2522 394 2787 462 effatum
2850 389 3295 471 evangelicum
3333 413 3349 451 :
3380 389 3461 451 In
3491 402 3600 449 ore
3626 388 3773 450 duo

526 523 706 577 rum.
739 500 838 565 ecl
877 503 1070 565 trium
1106 509 1224 570 sm
1251 518 1425 568 omne
1453 499 1732 575 verbum,
1771 515 1887 561 seu
1925 496 2211 571 duobus,
2244 494 2343 557 vel
2382 494 2589 557 tribus
2618 493 2893 557 testibus
2924 495 3081 555 satis
3113 492 3348 555 veritas
3383 508 3658 573 qumque
3685 492 3789 555 lir-

530 611 764 675 metur,
798 617 913 664 nos
945 603 1020 664 ad
1072 599 1396 681 ejusmodi
1428 594 1981 683 Commentarium
2011 592 2490 674 TheOphylacto
2532 592 2993 657 vindicandum
3023 593 3289 663 totidem
3347 591 3516 656 nacti
3557 608 3789 656 sumus

530 703 960 771 testimonia:
1014 706 1224 782 primo
1294 701 1543 762 scilicet
1601 696 1931 761 laudatum
1976 693 2267 759 codicem
2329 693 3237 759 CmsareO-Vittdoboncnsem
3302 694 3788 774 Theo'phylacto

531 806 1074 871 Commentarium
1138 802 1324 866 illum
1395 800 1636 865 diserte
1690 798 2162 862 ascribentem:
2232 796 2431 860 alium
2515 803 2825 874 prasterea
2882 794 3171 860 codicem
3216 796 3508 878 ejusdem
3550 797 3790 863 biblio~

525 906 723 970 theam
784 905 1111 984 signatqu
1185 920 1252 965 η.
1327 901 1470 975 223,
1552 898 1668 981 qui
1707 900 1925 960 solum
1982 896 2256 981 quidem
2335 897 2626 959 continet
2706 896 3220 961 Commentarios
3297 898 3787 982 Theophylacto

527 1010 875 1088 inscriptos
931 1008 997 1071 in
1058 1014 1338 1089 quatuor
1383 1016 1742 1088 postremas
1800 1001 2122 1082 Epistolas
2168 1001 2560 1080 Catholieas;
2614 1004 2728 1067 sed
2786 1019 2936 1067 cum
2973 1003 3074 1066 illi
3136 1003 3324 1085 plana
3380 1006 3793 1074 consentiant

527 1134 672 1178 eum
700 1112 1192 1178 Commentariis
1223 1112 1290 1175 in
1326 1111 1584 1175 easdem
1614 1110 1932 1190 Epistolas
1965 1108 2296 1172 memorati
2326 1107 3152 1190 codicis,quemadmodum
3185 1108 3325 1189 ipse
3355 1128 3499 1179 cum
3513 1108 3793 1177 Vienna:

537 1226 871 1299 degerem,
939 1219 1100 1282 inita
1156 1217 1497 1282 collatione
1528 1226 1703 1279 certe
1751 1212 2178 1296 deprehendi,
2225 1213 2388 1274 illud
2440 1230 2593 1275 sane
2631 1212 3106 1286 testimonium,
3140 1213 3331 1279 etiam
3365 1230 3481 1295 pro
3513 1213 3791 1296 reliquis

529 1325 1048 1398 Commentariis,
1107 1342 1340 1403 nempe
1391 1325 1462 1386 in
1509 1322 1839 1397 Iacobum,
1879 1329 1934 1382 et
1982 1320 2262 1395 Petrum,
2316 1317 2799 1399 TheOphylacto
2830 1318 3279 1400 adjudicandis
3307 1318 3611 1392 inservit;
3641 1337 3789 1381 cum

534 1450 643 1510 par
680 1432 944 1492 omnino
981 1429 1141 1492 ratio
1169 1430 1250 1491 sit
1293 1419 1685 1489 omnium'et
1719 1422 2160 1503 singulorum.
2196 1418 2497 1501 Denique
2521 1420 2678 1483 huic
2707 1421 2895 1500 plane
2927 1421 3141 1486 simile
3173 1428 3294 1494 est,
3319 1420 3496 1503 quod
3535 1438 3619 1489 ex
3673 1440 3787 1485 ρος

528 1540 672 1599 (“CB
704 1537 1011 1598 Vaticano
1036 1551 1217 1596 num.
1249 1533 1369 1594 227
1392 1528 1818 1610 depromitur.
1854 1530 2010 1592 Nam
2039 1527 2241 1595 etiste
2273 1528 2563 1594 continet
2587 1527 3097 1597 Commentarios
3142 1527 3209 1590 in
3233 1536 3513 1608 quatuor
3544 1541 3793 1609 postre-

535 1654 669 1698 mas
702 1635 1058 1701 Catholicas
1094 1630 1438 1712 Epistolas,
1472 1629 1589 1692 hac
1614 1627 1940 1706 praemissa
1971 1624 2190 1706 epigra

2134 1624 2357 1706 raphe:
2381 1628 2765 1701 Θεοφυλάκτου
2794 1629 3057 1703 ἐξήγησις
3089 1627 3789 1700 ἀκριϐὴςτῶνέπιστςολιὶν

528 1739 625 1794 τοῦ
651 1740 840 1810 ἡγοπη
849 1740 1014 1810 μένου
1056 1738 1306 1792 Ἰωάννου
1336 1734 1428 1790 τοῦ
1449 1733 1734 1802 Θεολόγου,
1767 1730 1939 1788 Ἰούδα
1964 1731 2060 1787 τοῦ
2084 1730 2411 1796 ἀποστόλου,
2442 1729 2540 1784 καὶ
2565 1727 2662 1782 τοῦ
2689 1727 2982 1791 θεσπεσίου
3010 1728 3108 1785 καὶ
3136 1729 3522 1803 οὐρανοφοιτου
3545 1731 3745 1787 ﬂatile:
3765 1765 3791 1799 ,

534 1829 986 1911 Theophylaczi
1026 1827 1372 1909 Expositio
1412 1833 1716 1887 accurata
1753 1823 2192 1904 Epistolarum
2229 1821 2452 1892 dilecti
2488 1821 2760 1884 Joannis
2797 1820 3096 1903 theologi,
3141 1820 3325 1885 Judw
3364 1824 3664 1904 apostoli,
3725 1836 3788 1889 ει

530 1932 735 1994 divini
768 1931 1102 2012 salumque
1128 1930 1397 2012 petentis
1429 1926 1618 1991 Pauli
1635 1951 1655 1999 ,-
1683 1929 1794 1989 sed
1827 1926 1927 1990 hie
1954 1930 2290 2007 postremas
2318 1943 2398 1990 eo
2426 1924 2495 1993 in
2524 1925 2748 1988 codice
2785 1926 3023 1988 desunt
3055 1948 3072 1989 :
3115 1919 3176 1989 at
3214 1945 3364 1990 vero
3386 1929 3644 2006 priores
3665 1930 3791 1993 ali-

531 2044 692 2114 quot
725 2035 914 2099 linem
942 2053 1022 2098 ex
1049 2033 1331 2115 singulis
1362 2031 1498 2095 illis
1535 2029 2028 2096 Commentariis
2062 2030 2290 2101 Roma,
2338 2047 2438 2092 me
2465 2035 2742 2109 petente,
2776 2029 3195 2105 transmissae,
3225 2030 3380 2092 satis
3411 2030 3789 2106 ostendunt,

532 2143 702 2200 eosa
737 2136 972 2198 nostris
1008 2136 1278 2200 minime
1309 2136 1701 2213 discrepare.
1735 2135 1932 2196 Porro
1964 2131 2082 2196 tria
2115 2131 2247 2196 haec
2278 2133 2645 2197 testimonia
2679 2132 2764 2213 (α)
2783 2132 2938 2195 satis
2972 2131 3158 2195 nobis
3184 2130 3589 2199 fundamenti
3623 2150 3785 2215 prm-

533 2237 685 2299 bere
719 2238 1264 2314 existimavimus,
1297 2255 1430 2319 quo
1456 2238 1708 2317 integer
1753 2235 1879 2300 iste
1908 2236 1978 2299 in
2019 2244 2266 2316 septem
2295 2234 2619 2315 Epistolas
2676 2232 3032 2297 ,Catliolicas
3064 2234 3577 2298 Cummentarius
3605 2244 3792 2300 tmte-

534 2341 623 2402 ris
657 2357 879 2407 recens
910 2340 1177 2404 detectis
1213 2339 1676 2421 TheOphylacti
1704 2338 2016 2426 operibus
2049 2338 2319 2425 adjungi
2356 2338 2584 2404 merito
2624 2346 2863 2420 posset.
2903 2341 2982 2404 Et
3022 2354 3144 2420 ego
3173 2338 3437 2420 quidem
3468 2340 3791 2410 nemiuem

530 2437 823 2508 futurum
887 2439 1183 2517 arbitror,
1252 2439 1500 2504 libratis
1550 2439 1906 2520 prmsertim
1941 2440 2024 2508 iis
2071 2455 2218 2523 qum
2238 2439 2577 2524 superiore
2617 2456 2889 2505 numero
2920 2439 3147 2503 dictaa
3190 2458 3289 2503 me
3321 2449 3498 2518 sunt,
3528 2441 3640 2522 qui
3671 2441 3795 2504 hoc

532 2545 880 2609 consilium
917 2543 1345 2624 reprehendat
1386 2542 1469 2607 ob
1500 2560 1641 2608 eam
1683 2542 2025 2618 rationem,
2058 2544 2233 2623 quod
2266 2541 2652 2625 hujusmodi
2694 2544 3207 2608 Commentarios
3252 2544 3639 2625 jamdudum
3668 2547 3796 2611 sub

534 2645 920 2709 Olicumenii
954 2646 1217 2709 nomine
1251 2643 1507 2725 publica
1552 2643 1696 2708 luce
1739 2643 2013 2719 fruatur,
2057 2661 2403 2724 quousque
2431 2645 2657 2707 saltem
2715 2644 2816 2706 vel
2873 2643 3105 2709 unicus
3140 2646 3343 2710 codex
3375 2645 3460 2725 gin
3505 2645 3794 2710 medium

539 2748 813 2829 proferri
884 2749 1108 2828 possit,
1141 2747 1257 2829 qui
1303 2746 1373 2811 in
1410 2746 1624 2810 fronte
1663 2745 1862 2828 hujus
1921 2745 2377 2810 Commentarii
2438 2734 2691 2809 nomen
2727 2742 3111 2811 OEcumenii
3170 2757 3472 2831 tanquam
3511 2747 3795 2816 auctoris

537 2854 870 2934 praeﬁxum
904 2860 1104 2933 gerat.
1159 2852 1536 2934 Cuiusmodi
1577 2850 1830 2914 nultum
1869 2867 2041 2926 esse,
2070 2849 2259 2916 facile
2290 2849 2573 2932 quisque
2603 2849 2725 2912 sibi
2762 2851 3180 2931 persuaserit,
3221 2869 3367 2917 cum
3413 2870 3628 2933 neque
3663 2855 3796 2917 Do-

539 2967 726 3022 natus
783 2953 1205 3030 Veronensis,
1248 2941 1360 3037 qui
1401 2972 1550 3018 eum
1591 2955 1801 3035 primo
1830 2956 2047 3017 Graios
2066 2953 2296 3028 edidit,
2334 2971 2549 3035 neque
2600 2954 2997 3031 Hentenius,
3032 2957 3147 3037 qui
3190 2958 3410 3023 Latine
3441 2960 3795 3039 transtulit,

541 3078 752 3140 neque
806 3057 1210 3125 Parisienses
1272 3048 1583 3130 editores,
1634 3055 1748 3135 qui
1804 3056 2020 3117 Crmce
2058 3052 2414 3135 Latineque
2449 3055 2892 3128 recedendum
2924 3065 3256 3139 curarunt,
3287 3057 3494 3134 ullum
3523 3064 3797 3138 omnim)

518 3159 944 3251 Jtl‘OllllOl‘inl,
977 3165 1087 3221 aut
1129 3156 1369 3227 alicubi
1401 3165 1650 3222 exstare
1678 3155 2044 3225 iudicarint.

619 3309 734 3372 XI.
773 3309 1160 3386 Quanquam
1197 3321 1348 3369 vero
1383 3304 1902 3369 Commentarius
1951 3304 2197 3368 codicis
2236 3305 2769 3369 Vindobonensis
2796 3306 2883 3371 ita
2928 3325 3073 3371 cum
3117 3311 3609 3378 OEcumentano
3642 3333 3798 3382 con,

548 3408 786 3481 veniat,
820 3417 888 3469 ut
927 3408 1096 3469 idem
1144 3405 1356 3487 quoad
1384 3405 1811 3469 substantiam
1844 3404 2063 3469 haberi
2115 3404 2319 3487 possit
2348 3422 2422 3469 ac
2466 3407 2730 3483 debeat;
2755 3409 2910 3488 quia
2939 3418 3153 3473 tamen
3189 3419 3254 3474 et
3286 3411 3544 3480 brevior
3580 3426 3699 3494 est,
3732 3430 3799 3483 et

550 3516 613 3574 in
650 3511 943 3589 pluribus
973 3512 1217 3584 differt,
1244 3517 1441 3590 atque
1474 3510 1667 3572 etiam
1703 3524 1831 3572 non
1863 3524 2089 3590 pauca,
2129 3508 2372 3590 quibus
2417 3517 2594 3584 caret
2626 3510 2763 3587 ille,
2786 3512 3261 3592 complectitur,
3286 3515 3440 3581 ideo
3467 3530 3797 3587 curatores

543 3613 736 3676 istius
766 3612 1077 3676 editionis
1110 3628 1237 3675 non
1272 3620 1341 3675 ut
1372 3619 1576 3674 exstat
1610 3613 1675 3674 in
1705 3610 2094 3676 OEcumeu-ii
2147 3613 2458 3688 edi-tione,
2493 3614 2672 3695 quod
2719 3615 2921 3678 multo
2951 3613 3211 3680 facilius
3258 3618 3396 3683 ﬁeri
3454 3623 3799 3703 potuisset,

543 3718 655 3780 sed
704 3715 971 3777 omnino
1000 3720 1071 3777 ut
1123 3721 1219 3776 est
1264 3713 1329 3775 in
1363 3713 1585 3777 codice
1636 3712 2126 3778 Vindobonensi
2187 3716 2512 3779 edendum
2565 3718 3021 3783 existimarunt
3055 3743 3073 3784 :
3104 3724 3278 3803 quod
3316 3724 3439 3790 iste
3490 3729 3802 3794 duntaxat

544 3814 1333 3926 'l‘beOphylactipraferat
1368 3830 1640 3926 nomen;
1671 3823 1745 3878 ac
1776 3815 2047 3926 proinde
2077 3833 2223 3895 quae
2246 3816 2313 3879 iu
2338 3818 2825 3887 GEcumeniano
2856 3822 3241 3902 redundant,
3265 3835 3379 3893 aut
3405 3829 3801 3926 discrepant,

544 3923 755 3986 aliena
790 3939 981 3985 manu
1019 3920 1259 3991 inserta
1298 3919 1502 3985 fuisse
1536 3921 1789 3984 censeri
1825 3919 2100 4003 possint.
2143 3921 2574 3997 Quamobrem
2610 3941 2710 3989 me
2748 3926 3198 3993 Vindobonam
3238 3948 3356 4014 per
3386 3930 3451 3996 id
3484 3919 3802 4016 temporis

545 4024 1035 4089 contendentem
1093 4031 1423 4103 regarunt,
1480 4031 1552 4087 ut
1602 4024 1906 4088 eumdem
1963 4023 2515 4087 Commentariqu
2559 4041 2600 4088 a
2655 4029 2864 4107 perito
2901 4030 3128 4112 aliquo
3173 4039 3557 4101 amanuensi
3601 4058 3797 4122 quam

545 4129 1026 4195 accuratissime
1089 4128 1373 4192 exscribi
1429 4144 1748 4203 curarem,
1802 4146 1949 4192 cum
2007 4126 2150 4207 ipse
2202 4129 2269 4191 in
2327 4145 2430 4192 me
2467 4137 2714 4194 tantum
2762 4131 3000 4198 laboris
3050 4138 3386 4218 suscipere
3427 4142 3800 4211 nullatenus

548 4255 827 4318 possem.
867 4240 952 4300 Eo
978 4236 1200 4315 itaque
1228 4232 1549 4320 appulsus
1581 4232 1741 4297 nihil
1781 4232 2120 4312 antiquius
2163 4231 2388 4307 habui,
2420 4250 2612 4314 quam
2662 4244 2733 4299 ut
2776 4239 3109 4315 negotium
3155 4242 3326 4305 istud
3368 4244 3795 4313 absolverem.

527 4345 783 4414 verum
820 4348 961 4420 νοδι
998 4341 1207 4403 varios
1257 4338 1780 4419 multiplicesque
1813 4346 2084 4400 conatus
2117 4337 2405 4417 reperire
2454 4349 2746 4421 poteram
2790 4343 3140 4420 neminem,
3188 4348 3302 4427 qui
3333 4357 3393 4412 et
3422 4360 3595 4415 esset
3621 4354 3697 4417 ad
3735 4355 3798 4425 id

546 4446 850 4519 iduneus,
883 4453 944 4507 et
975 4444 1088 4525 qui
1119 4459 1304 4523 aequa
1335 4442 1609 4521 pecunia
1641 4442 2001 4504 conductus
2040 4442 2163 4508 hoc
2185 4459 2355 4508 onus
2383 4443 2452 4506 in
2481 4461 2549 4509 se
2579 4461 2913 4512 assumere
2944 4430 3163 4514 vellet.
3193 4452 3353 4517 Cum
3380 4473 3530 4519 vero
3558 4457 3679 4524 hac
3715 4461 3797 4524 de

548 4562 737 4607 rausa
789 4546 957 4607 haud
1014 4563 1236 4625 parum
1268 4545 1503 4607 anxius
1561 4544 1900 4621 haererem,
1949 4555 2013 4607 et
2058 4545 2262 4611 ferme
2293 4548 2701 4612 conciderem
2761 4552 3003 4629 animo,
3070 4556 3378 4620 dominus
3430 4560 3512 4624 de
3554 4563 3800 4637 Kollar.

546 4664 738 4725 quem
771 4646 1039 4710 honoris
1076 4663 1265 4710 causa
1303 4646 1594 4720 nomine,
1631 4645 1708 4708 ad
1739 4643 2076 4708 litterariae
2109 4646 2509 4727 reipublicae,
2545 4649 2700 4726 imo,
2738 4653 2914 4732 quod
2947 4664 3010 4717 et
3064 4657 3204 4735 ipse
3231 4659 3466 4737 aiebat,
3499 4663 3801 4731 Ecclesia!

550 4752 959 4824 beneﬁciaria,
1002 4752 1283 4816 laborem
1316 4752 1539 4827 istum,
1573 4751 1812 4814 studiis
1842 4751 1990 4814 aliis
2014 4752 2438 4832 gravissimis,
2464 4755 2706 4835 quibus
2737 4759 3172 4839 detinebatur,
3199 4765 3616 4842 intermissis,
3650 4770 3802 4834 sub-

549 4855 643 4915 ire
681 4865 909 4933 sponte
943 4854 1164 4917 voluit.
1228 4855 1433 4930 Quam
1476 4854 1561 4918 ob
1592 4870 1849 4917 causam
1883 4871 2030 4916 cum
2063 4853 2280 4917 caeteri
2311 4869 2539 4919 omnes
2568 4873 2892 4922 sacrarum
2926 4859 3284 4928 litterarum
3326 4867 3608 4938 cultores
3657 4872 3799 4950 plu-

552 4958 782 5019 rimum
816 4957 912 5019 illi
945 4954 1206 5028 debent,
1235 4964 1371 5019 tum
1405 4972 1555 5020 vero
1591 4958 1731 5035 ipse
1761 4974 1864 5020 me
1897 4956 1995 5020 illi
2027 4974 2285 5023 summe
2315 4959 2696 5025 obstrictum
2727 4964 3054 5042 proﬁteor,
3085 4983 3233 5035 cum
3272 4968 3340 5037 in
3384 4975 3508 5042 mei
3533 4990 3798 5056 quoque

549 5062 817 5136 gratiam
853 5069 978 5122 tam
1007 5074 1265 5137 gravem
1293 5058 1652 5122 molestiam
1688 5058 1816 5121 sibi
1866 5059 2129 5122 duxerit
2175 5059 2646 5141 perferendam.
2678 5066 2988 5132 Venetiae
3020 5069 3225 5150 igitur
3254 5087 3398 5134 cum
3430 5077 3798 5155 apOgrapho

547 5165 777 5239 redux,
811 5180 955 5227 cum
977 5163 1108 5245 jam
1142 5170 1398 5243 tempus
1433 5161 1700 5226 instaret
1722 5162 2610 5247 illius'imprimendimrimo
2642 5167 2906 5245 quidem
2931 5171 3402 5239 Hentenianam
3435 5178 3798 5243 versionem

624 5366 702 5436 (ei
737 5365 1005 5442 Quartum
1031 5364 1121 5420 his
1151 5363 1334 5442 simile
1364 5361 1736 5442 testimonium
1771 5376 1858 5418 me
1910 5363 2127 5442 habitu-
2234 5379 2411 5442 nium.
2457 5373 2528 5442 u_t_
2570 5366 2857 5442 certiorem
2902 5367 3082 5442 facere
3138 5384 3224 5442 me
3279 5369 3460 5435 vellet,
3506 5386 3800 5442 quemnam

554 5432 675 5495 rum
717 5437 1004 5507 sperabam
1039 5454 1102 5491 cx
1134 5432 1631 5508 publicaLngduni
1659 5433 1982 5508 Batavorum
2041 5435 2127 5508 bi-
2233 5434 2530 5508 illiusmodi
2565 5434 2977 5508 Commentarii
3024 5440 3342 5508 praeferrent
3391 5432 3693 5499 auctorem.
3736 5444 3806 5499 At

555 5503 1004 5589 ιιιὶοξὶιιῖςεξλρῐιιξξ
1040 5503 1184 5561 enim
1220 5505 1276 5589 in
1319 5503 1440 5585 ejus
1468 5503 1727 5589 Cattalogo
1755 5505 2030 5585 legissem,
2068 5506 2122 5559 in
2234 5506 2327 5589 ille
2355 5506 2751 5589 humanissime
2775 5524 2838 5563 ac
2878 5503 3283 5589 promptissime
3308 5512 3609 5589 respondit.
3642 5515 3803 5589 equi:

557 5581 746 5653 codice
781 5578 932 5641 l‘ZQ‘i,
954 5573 1749 5653 Commentaries,_de_quibus
1776 5576 1990 5653 asinina
2026 5591 2117 5631 re-
2229 5576 2353 5653 dem
2387 5578 2438 5629 in
2466 5577 2642 5653 prima
2674 5578 2822 5635 illius
2853 5573 3059 5653 r'odicis
3078 5581 3276 5653 pagina
3301 5573 3506 5653 jaciari
3531 5573 3804 5653 ejusmodi

555 5650 751 5718 periri;
786 5649 966 5727 rogavi
1019 5648 1371 5727 per__l_itteras
1402 5645 1473 5699 cl.
1507 5643 1873 5727 Abrahamum
1907 5643 2118 5727 Qrpno-
2223 5643 2699 5717 Commentarios;
2734 5665 2795 5707 re
2828 5666 3006 5707 tamen
3042 5643 3179 5724 ipsi
3195 5652 3250 5710 in
3272 5643 3338 5711 οἱ)
3365 5643 3803 5727 ωὼσεήιηιιει-

552 5715 743 5785 vium,
777 5715 1036 5790 ejus-deni
1085 5717 1425 5780 bibliotheca:
1485 5715 1765 5772 custodem
1818 5715 2111 5772 meritissi-
2217 5729 2640 5788 quamcxstare.
