4192 6294
350 305 458 372 421
1232 302 1311 365 ΙΝ
1355 302 1798 377 SEQUENTIA
1828 302 2414 364 THEUPHTLACTI
2454 302 2795 364 SClUP'l‘A.
3528 307 3636 365 4'2:

354 424 427 487 in
458 420 703 499 quibus
744 435 892 482 cum
929 416 1426 481 OEcumcniano
1464 415 1974 479 Commentaries
2012 412 2129 475 iste
2152 416 2473 476 consentit
2507 413 3083 495 (consentitautcm
3113 419 3180 478 ut
3215 415 3622 495 plurimum},

359 527 522 591 mihi
553 525 960 589 retinendam
992 521 1463 586 existimabam.
1502 521 1627 581 Sed
1666 518 1831 582 facto
1876 520 1971 582 rei
2031 520 2341 598 periculo.
2400 538 2545 581 cum
2608 519 2692 581 ob
2725 517 3147 600 frequentem
3204 538 3427 583 rerum
3460 522 3637 583 ordi-

358 628 598 708 nisque
635 627 1036 698 varietatem,
1075 633 1268 702 atque
1295 622 1485 686 etiam
1518 623 1603 685 ob
1633 640 1705 683 ea
1734 639 1881 701 quae
1915 622 1981 684 in
2014 620 2324 684 alterutro
2358 624 2454 684 vei
2490 623 2919 701 praetermissa
2947 631 3189 698 essent,
3243 623 3340 684 vel
3391 622 3632 694 addita,

360 730 718 809 plurimum
750 729 907 791 mihi
945 725 1185 790 laboris
1226 742 1299 789 ac
1325 726 1498 788 ttedii
1538 725 1962 788 subeundum
1999 724 2310 798 viderem,
2359 741 2431 786 ac
2463 734 2763 802 prmterea
2797 723 3008 786 versio
3042 724 3178 802 ipsa
3230 725 3635 787 Hentoniana

361 847 491 892 non
549 830 712 892 mihi
766 829 1016 909 ubique
1051 826 1467 907 probaretur,
1513 832 1756 887 mutato
1802 824 2105 899 consilio,
2159 842 2387 887 novam
2437 823 2888 905 integramque
2937 823 3134 904 hujus
3176 825 3636 889 Commentarii

362 933 736 993 versionem
799 929 1115 993 adornare
1155 926 1493 1000 constitui,
1529 934 1599 990 ut
1646 925 1871 991 saltem
1923 934 2095 988 esset
2150 923 2263 988 illa
2298 925 2542 1005 ubique
2577 924 2701 985 sibi
2758 924 3201 998 consentiens,
3236 941 3308 985 ac.
3357 940 3484 986 non
3522 941 3637 1004 pro

365 1036 679 1100 varietate
737 1034 1019 1115 partium
1081 1033 1255 1096 varia
1314 1039 1378 1095 et
1441 1030 1632 1114 quasi
1703 1028 2060 1095 versicolor
2129 1037 2489 1108 appareret.
2547 1028 2932 1091 'Versionem
3004 1045 3350 1108 aggressus
3426 1029 3638 1092 statim

369 1139 825 1214 animadverti;
885 1137 1053 1200 mihi
1123 1155 1273 1201 cum
1325 1137 1549 1201 codice
1607 1136 1923 1199 mendoso
1976 1150 2050 1199 ac
2085 1133 2463 1215 frequenter
2517 1134 2744 1198 mutilo
2794 1133 3173 1197 luctandum
3233 1151 3377 1196 esse
3414 1156 3428 1196 :
3461 1138 3634 1213 quod

363 1252 581 1305 tamen
602 1259 843 1306 nOVum
875 1242 1145 1306 minime
1162 1243 1417 1318 accidit,
1448 1242 1694 1323 quippe
1725 1240 1839 1323 qui
1866 1240 1998 1323 jam
2023 1241 2281 1313 scirem,
2303 1241 2603 1302 eumdem
2630 1240 2914 1302 codicem
2938 1257 3103 1313 esse,
3128 1257 3203 1301 ex
3227 1255 3358 1320 quo
3382 1238 3638 1301 Sifanns

359 1361 563 1406 suum
597 1344 852 1424 inﬂActe
897 1345 1340 1424 apostolorum
1370 1345 1919 1409 Commentarium
1950 1345 2391 1425 deprompsit;
2423 1352 2769 1424 utrumque
2800 1344 3065 1423 proinde
3096 1342 3343 1406 eisdem
3370 1344 3641 1405 subesse

360 1443 727 1507 defectibus
756 1455 1077 1524 oportere.
1106 1445 1293 1508 illius
1322 1445 1832 1524 corruptionem,
1870 1448 2128 1518 menda,
2164 1444 2455 1509 defectus
2487 1445 2780 1524 agnovit,
2825 1444 3289 1524 adnotavitque
3336 1441 3401 1504 in
3469 1459 3641 1503 mar-

266 1556 277 1565 '
361 1548 519 1627 gine
554 1547 699 1626 ipse
734 1546 1021 1613 Sifanus.
1055 1551 1179 1613 Sed
1220 1550 1384 1614 illud
1418 1552 1574 1615 mihi
1613 1570 1743 1633 prae
1771 1551 1993 1616 Sifano
2023 1550 2459 1627 commodius,
2493 1548 2835 1631 magisque
2885 1558 3335 1629 Opportunum
3377 1545 3637 1625 obtigit,

362 1649 541 1729 quod
572 1646 1092 1713 Commentaries
1124 1640 1247 1714 iste
1273 1651 1398 1714 sub
1428 1652 1624 1727 alius,
1675 1669 1910 1735 nempe
1965 1647 2379 1725 OEcumenii,
2434 1650 2719 1722 nomine,
2749 1650 3027 1712 maxima
3073 1647 3297 1710 saltem
3333 1663 3411 1708 ex
3467 1659 3642 1726 parte

362 1750 587 1814 editus
644 1760 819 1817 esset
846 1771 928 1817 ex
958 1754 1181 1818 codice
1214 1755 1417 1836 magis
1453 1754 1709 1835 integro
1740 1763 1803 1819 et
1827 1757 2210 1829 emendato;
2243 1772 2324 1817 ex
2370 1770 2502 1834 quo
2544 1752 2816 1833 proinde
2858 1753 3242 1834 quamplura
3294 1751 3531 1813 sarcire
3581 1758 3644 1809 et

361 1857 698 1937 corrigere
730 1858 888 1920 mihi
928 1858 1137 1936 licuit,
1164 1859 1415 1940 ingenti
1448 1868 1660 1923 tamen
1697 1862 2076 1944 etapprime
2120 1860 2394 1924 molesto
2433 1858 2652 1923 labore
2688 1883 2704 1921 :
2740 1875 2884 1922 nam
2926 1876 3063 1922 eam
3098 1857 3179 1921 ob
3222 1873 3478 1920 causam
3508 1855 3643 1917 fre-
3696 1898 3703 1905 -

363 1962 808 2051 queritissime
837 1981 911 2028 ac
940 1964 1142 2028 ferme
1168 1974 1487 2047 perpetuo
1517 1965 1791 2030 alterum
1824 1984 1972 2030 cum
2003 1967 2210 2030 altero
2251 1957 2547 2029 conferre
2585 1981 2848 2027 necesse
2873 1962 3020 2026 fuit.
3054 1962 3435 2041 Quanquam
3483 1978 3643 2025 vero

366 2068 573 2131 multa
613 2068 676 2130 in
715 2070 1212 2135 OEcutneniano
1265 2073 1423 2148 sint,
1453 2090 1601 2153 quae
1630 2072 1699 2137 in
1734 2069 2735 2136 \‘indobonensi'Commentario
2764 2069 3238 2141 desiderantur,
3268 2083 3387 2148 ego
3434 2075 3646 2130 tamen

367 2171 634 2233 nonnisi
669 2188 742 2234 ea
790 2189 940 2252 quae
1011 2173 1405 2253 perﬁciendo
1434 2175 1559 2238 mei
1594 2175 1946 2256 apographi
1979 2173 2205 2238 sensui
2240 2174 2370 2236 visa
2400 2180 2552 2237 sunt
2584 2173 2970 2245 necessaria,
3008 2170 3199 2232 verba
3254 2168 3641 2249 plerumque

365 2271 746 2350 desumpsi;
783 2288 1013 2353 eaque,
1048 2280 1119 2336 ut
1156 2273 1222 2334 in
1258 2263 1738 2337 Commentario
1770 2275 2198 2353 praecedente,
2240 2274 2473 2355 signis,
2519 2273 2710 2353 queis
2747 2273 3344 2354 distinguerentur,
3380 2272 3640 2335 inclusi.

366 2372 824 2435 Correotiones
880 2372 1146 2454 majoris
1180 2374 1515 2451 momenti,
1550 2391 1624 2437 ac
1660 2374 1983 2440 variantes
2016 2376 2327 2438 lectiones
2355 2392 2538 2455 teque
2569 2375 2638 2436 in
2678 2373 2823 2451 hoc,
2855 2382 3049 2456 atque
3088 2373 3154 2436 in
3192 2373 3307 2436 illo
3339 2376 3414 2437 ad
3470 2391 3640 2436 mar-

366 2471 589 2550 ginem
633 2472 981 2535 adnotavi.
1044 2474 1160 2537 Ubi
1206 2491 1358 2539 vero
1415 2477 1832 2557 praepositum
1874 2476 2118 2540 videris
2164 2476 2286 2542 hoc
2331 2472 2806 2557 compendium
2858 2485 2957 2553 ῖσ..
2993 2495 3113 2542 seu
3151 2486 3302 2552 ἴσως,
3351 2483 3646 2559 fortasse,

360 2574 541 2639 scias
567 2574 798 2648 velim,
855 2592 929 2639 ea
956 2593 1061 2639 me
1094 2595 1171 2639 ex
1223 2577 1358 2641 sola
1392 2578 1755 2659 conjectura
1801 2579 2212 2660 apposuisse.
2252 2579 2485 2642 Menda
2528 2579 2778 2643 notio-ra
2813 2587 2875 2642 et
2914 2580 3116 2660 magis
3144 2579 3334 2644 obvia
3384 2580 3649 2654 sustuli,

370 2677 556 2742 nulla
589 2679 807 2742 addita
860 2678 1336 2743 admonitione.
1389 2683 1583 2744 Notas
1631 2680 1910 2763 aliquas,
1951 2684 2030 2746 de
2058 2681 2301 2762 quibus
2354 2681 2476 2744 sub
2508 2682 2700 2745 tinem
2744 2682 2939 2763 hujus
2982 2681 3387 2746 Prmt‘atiouis
3452 2699 3654 2761 pauca

370 2782 611 2849 dicam.
642 2781 719 2842 ad
753 2781 989 2846 calcem
1023 2782 1401 2864 paginarum
1434 2784 1732 2867 adjunxi.
1785 2784 2002 2848 Codex
2027 2784 2914 2858 Ctesareo-V-indobonensis,
2958 2785 3071 2865 qui
3126 2782 3301 2848 hunc
3365 2785 3667 2850 continet,

371 2886 951 2963 Commentarium,
1002 2888 1377 2953 chartaceus
1426 2899 1523 2954 est
1580 2891 1650 2954 in
1703 2888 1867 2953 folio
1911 2890 2191 2965 minore,
2227 2897 2292 2951 et
2323 2888 2605 2970 eleganti
2637 2890 2927 2969 quidem,
2954 2891 3065 2953 sed
3109 2891 3460 2954 minutiore
3494 2888 3656 2950 cha.

375 3000 623 3055 laetere
660 3001 981 3058 exat-atus.
1016 2996 1068 3058 Α
1109 2995 1450 3060 Lambecio
1480 2994 1967 3058 vetustissimus
2001 3010 2073 3058 ac
2113 2994 2686 3075 prtestantissimus
2739 2995 2978 3058 dicitur
3013 3016 3029 3056 :
3061 2995 3176 3059 sed
3211 2994 3370 3058 mihi
3401 2995 3466 3060 in
3499 3013 3654 3062 eum

372 3096 619 3152 attente
652 3090 926 3154 intuenti
959 3109 1079 3155 nec
1113 3102 1554 3172 pervetustus,
1595 3110 1812 3174 neque
1854 3094 2019 3157 adeo
2071 3101 2377 3172 praestans
2426 3111 2574 3158 esse
2611 3094 2872 3158 videtur
2899 3095 2983 3159 ob
3012 3093 3304 3160 defectus
3350 3099 3658 3177 superius

375 3192 717 3257 indicatos.
765 3195 841 3257 Et
887 3213 1068 3273 sane,
1101 3199 1381 3275 tametsi,
1420 3208 1569 3262 nota
1622 3198 1930 3278 temporis
1981 3199 2346 3275 deﬁciente,
2387 3210 2565 3282 certo
2609 3200 2878 3265 deﬁnire
2920 3216 3047 3265 non
3083 3199 3267 3264 liceat
3311 3220 3438 3285 qua
3475 3212 3657 3269 aetate

370 3294 581 3358 inerit
616 3305 939 3374 exaratus,
976 3298 1408 3367 nihilominus
1440 3308 1585 3365 ante
1622 3300 1937 3383 saeculum
1969 3320 2084 3366 xxv
2117 3303 2222 3364 vix
2261 3302 2645 3365 crediderim
2671 3319 2819 3366 eum
2847 3301 3053 3365 fuisse
3079 3304 3542 3382 conscriptum.
3582 3307 3657 3369 Id

381 3403 598 3461 tamen
645 3399 800 3461 satis
861 3400 1021 3464 mihi
1085 3402 1345 3466 videtur
1387 3405 1467 3468 ad
1520 3402 1989 3469 conciliandam
2032 3404 2410 3468 testimonio
2447 3404 2639 3468 istius
2673 3404 2918 3469 codicis
2967 3403 3412 3468 auctoritatem
3469 3407 3537 3471 in
3576 3422 3660 3469 eo

368 3495 564 3576 quod
594 3495 1115 3579 TheOphylactus
1159 3501 1543 3568 istiusmodi
1589 3502 2049 3570 Commontarii
2086 3511 2320 3569 auctor
2351 3504 2624 3575 dicetur.
2679 3505 2804 3569 Sed
2827 3521 2963 3587 jam
3009 3504 3089 3571 de
3127 3506 3272 3589 ipso
3310 3506 3661 3572 Commen-

376 3595 548 3660 tario
576 3597 892 3662 nonnulla
922 3600 1161 3665 addere
1193 3610 1468 3683 praestat.

468 3703 614 3768 ΧΠ.
675 3704 760 3782 is,
804 3722 945 3770 mea
994 3707 1264 3789 quidem
1314 3710 1658 3785 sententia,
1722 3711 1882 3775 satis
1944 3713 2290 3793 praclarus
2344 3721 2466 3776 est.
2523 3712 2893 3780 Litteralem
2947 3713 3332 3795 plerumque
3389 3730 3657 3778 sensum

372 3806 634 3885 optime
670 3803 974 3885 explicat,
1007 3814 1068 3871 et
1098 3808 1440 3873 occasione
1467 3809 1634 3886 data,
1659 3810 1715 3873 si
1737 3827 1865 3891 qua
1881 3810 2164 3874 occurrit
2192 3809 2536 3885 dubitatio,
2562 3820 2928 3891 Opportune
2950 3812 3219 3876 discutit
3248 3814 3662 3892 breviterque

378 3909 684 3975 resolvit.
747 3911 1073 3977 Nonnulla
1131 3921 1347 3979 tamen
1405 3914 1605 3978 veluti
1656 3923 1989 3988 extranea,
2039 3925 2153 3981 aut
2210 3932 2340 3980 non
2398 3916 2670 3980 omnino
2727 3934 3013 3982 consona
3062 3920 3338 3994 veritati,
3384 3937 3663 4001 qumque

380 4014 727 4081 eruditum
767 4021 1332 4078 commentatorem
1382 4014 1722 4088 dedecent,
1782 4017 2230 4095 reperiuntur.
2282 4018 2403 4082 Sed
2450 4018 2585 4082 hrcc
2624 4018 2810 4081 scioli
2855 4017 3137 4099 alicujus
3185 4020 3428 4099 adjecta
3469 4037 3663 4085 manu

388 4114 629 4190 fuisse,
672 4114 778 4176 vix
825 4115 1076 4179 dubito.
1119 4116 1602 4179 Commentario
1653 4114 1781 4179 sub
1826 4116 2211 4180 OEcumenii
2266 4117 2531 4182 nomine
2565 4117 2743 4181 edito
2797 4116 3054 4181 brevior
3101 4117 3488 4199 plerumque
3535 4135 3663 4190 est,

389 4238 528 4306 quo
557 4220 636 4284 ad
669 4221 1131 4303 Theopbylacti
1166 4220 1451 4284 indolem
1484 4220 1748 4301 propius
1777 4222 2045 4297 accedit,
2078 4222 2321 4303 quippe
2383 4222 2501 4303 qui
2549 4221 2864 4286 nonnulla
2909 4236 3173 4299 prorsus
3215 4221 3487 4292 omittit;
3537 4218 3666 4284 alia

394 4341 555 4388 vero
614 4324 813 4405 magis
868 4313 1190 4386 contrahit
1242 4330 1436 4403 atque
1493 4321 1852 4403 restringit.
1896 4324 2103 4398 Quam
2160 4339 2312 4386 vero
2367 4328 2453 4388 ob
2498 4338 2758 4387 causam
2794 4322 2987 4387 verba
3025 4322 3249 4385 sensui
3303 4322 3662 4386 necessaria

393 4440 844 4505 smpenumero
874 4424 1274 4500 omittantur,
1312 4422 1565 4502 ignoro:
1606 4420 1778 4485 Illud
1809 4433 2055 4486 certum
2091 4424 2363 4499 videtur,
2411 4442 2538 4489 non
2572 4426 2760 4505 primi
2794 4426 3096 4495 auctoris.
3137 4427 3249 4488 sed
3301 4425 3663 4506 cnjuspiam

396 4528 653 4597 librarii
686 4526 874 4607 culpa
905 4526 967 4588 id
995 4525 1308 4588 accidisse
1338 4541 1354 4586 :
1387 4525 1933 4605 quemadmodum
1969 4525 2259 4606 longiora
2291 4529 2586 4607 quaedam
2624 4546 2696 4592 ac
2726 4529 2921 4609 genio
2953 4527 3414 4610 'l‘heOphylacti
3451 4531 3666 4603 minus

396 4640 858 4703 consentanea,
883 4629 968 4691 ab
998 4627 1220 4706 aliquo
1254 4625 1555 4689 videntur
1584 4626 1858 4689 intrusa.
1892 4629 2163 4691 Nomina
2193 4636 2551 4704 auctorum,
2602 4629 2659 4692 si
2691 4630 3222 4711 Chrysoslomum
3253 4642 3313 4694 et
3354 4635 3671 4715 Cyrillum

402 4734 718 4813 excipias,
779 4731 954 4796 nulla
1009 4730 1728 4793 atIernntnr:attamen
1782 4729 1968 4790 dictis
2019 4741 2307 4794 veterum
2345 4734 2601 4794 Patrum
2662 4730 3044 4811 plerumque
3092 4733 3158 4796 in
3211 4737 3667 4815 compendium

407 4838 683 4906 redactis
722 4836 820 4898 sin
849 4835 1083 4908 omnia,
1116 4831 1391 4912 plurima
1424 4832 1650 4894 saltem
1679 4831 1744 4892 in
1776 4848 1854 4894 eo
1885 4832 2167 4906 contexi,
2201 4843 2653 4914 argumentum
2690 4842 2809 4910 est,
2841 4836 3015 4915 quod
3049 4835 3209 4898 mihi
3238 4852 3405 4915 saepe
3445 4837 3666 4900 eadem

410 4957 678 5023 prorsus
710 4937 1132 5010 occurret-int,
1159 4952 1307 5015 qum
1343 4933 1411 4996 in
1435 4934 1668 4995 Catena
1689 4931 2200 5007 Vindobonensi,
2223 4935 2303 4998 de
2336 4951 2464 5014 qua
2489 4953 2707 5013 supra,
2740 4936 3172 5015 perlegeram;
3205 4936 3496 5019 adeoque
3529 4937 3672 5019 ejus

409 5060 534 5120 ορρ
563 5038 1016 5107 Commentarii
1064 5038 1259 5120 hujus
1287 5042 1530 5099 textum
1570 5036 1910 5101 emendare
1941 5052 2410 5118 nonnunquam
2448 5039 2621 5117 potui
2669 5059 2686 5100 :
2723 5055 2922 5120 quare
2959 5055 3090 5103 non
3120 5039 3384 5104 omnino
3415 5041 3673 5106 inutilis

413 5162 487 5208 ea
527 5145 757 5207 Catena
791 5138 976 5202 nobis
1007 5137 1147 5202 fuit.
1189 5137 1310 5201 llic
1361 5150 1535 5207 vero,
1587 5143 1931 5217 antequam
1965 5137 2043 5199 de
2079 5135 2200 5199 hoc
2250 5138 2723 5201 Commentario
2779 5138 3028 5220 praefari
3074 5140 3326 5216 desino,
3377 5144 3672 5209 animad-

415 5251 662 5309 veniere
717 5247 990 5322 prmslat,
1049 5240 1256 5321 primo
1318 5245 1556 5301 textum
1622 5255 1817 5301 sacrm
1870 5237 2213 5318 Scriptura;
2263 5241 2329 5302 in
2371 5239 2488 5302 hoc
2528 5241 2750 5303 codice
2799 5259 2928 5305 non
2980 5260 3237 5323 semper
3277 5247 3359 5309 ita
3390 5248 3673 5312 divisum

417 5344 877 5423 digestumque
910 5355 1076 5412 esse,
1113 5347 1180 5400 ut
1210 5339 1555 5419 Scriptura)
1587 5337 1776 5403 verba
1810 5337 2174 5399 immediate
2207 5337 2475 5418 excipiat
2511 5338 2831 5417 eXpositio
2863 5338 3365 5422 Theophylacti;
3396 5348 3506 5409 sed
3542 5347 3676 5411 haec

419 5444 771 5525 aliquando
808 5439 1127 5521 praecedit,
1156 5438 1507 5518 aliquando
1531 5437 1725 5500 simul
1763 5437 2058 5519 prmcedit
2093 5437 2670 5518 subsequiturque.
2701 5439 3129 5513 Quamobrem
3155 5442 3266 5522 qui
3312 5445 3674 5524 cujuSpiam

425 5557 635 5613 textus
668 5543 1186 5624 explanationem
1229 5540 1538 5621 exquirit,
1573 5543 1810 5601 nedum
1859 5539 2350 5619 subsequentia,
2397 5539 2511 5603 sed
2553 5548 2613 5600 et
2663 5541 2952 5616 proxime
2993 5542 3437 5606 antecedentia
3484 5544 3674 5625 legat,

425 5667 688 5717 necesse
720 5656 838 5709 est.
871 5645 1034 5722 Quia
1058 5661 1206 5708 vero
1236 5644 1299 5707 in
1337 5643 1705 5726 apographo
1748 5660 1891 5706 meo
1917 5645 2310 5724 quandoque
2345 5644 2553 5723 reperi
2589 5643 3065 5723 espositionem
3096 5645 3174 5707 ab
3207 5645 3345 5724 ipso
3379 5654 3553 5709 textu
3594 5650 3674 5710 ita

426 5754 796 5826 distantem,
831 5759 899 5812 ut
938 5749 1037 5812 vix
1072 5747 1365 5831 dignosci
1403 5756 1623 5831 posset
1674 5747 2065 5831 quibusnam
2100 5746 2310 5813 verbis
2343 5748 2786 5827 reslvondcret,
2825 5747 2971 5811 ideo
3002 5748 3080 5812 ad
3128 5747 3564 5815 difﬁcultatem
3597 5753 3675 5815 de
