4192 6294
589 259 696 323 423
1604 257 1985 318 BJN’lFACIl
2036 259 2077 316 F
2092 256 2344 318 lNETTl
2407 206 2803 317 PR/EFATIO
3748 255 3865 319 424

592 369 808 430 medio
844 365 1040 428 tollen
1072 368 1191 426 iam
1216 365 1489 427 alterum
1515 383 1594 427 ex
1638 366 1737 426 his
1770 364 2031 444 praestiti
2071 389 2084 426 :
2129 364 2224 429 vel
2268 366 2484 446 aliqua
2515 364 2860 443 Scripturte
2896 362 3110 440 verba,
3139 362 3357 428 Graeco
3381 369 3557 427 textu
3595 381 3863 444 prorsus

591 464 854 544 intacto,
899 471 962 532 in
1008 471 1307 532 versione
1354 472 1580 532 iterato
1612 472 1836 548 posui;
1874 468 2002 543 vel,
2037 469 2093 531 si
2133 468 2197 529 id
2241 469 2610 533 confusioni
2664 467 2969 532 tollendas
2995 467 3210 530 minus
3257 465 3605 540 sufﬁceret,
3643 468 3861 548 ipsum

591 574 933 653 Scriptum:
966 583 1208 634 textum
1248 571 1375 633 alio
1425 571 1747 643 transtuli,
1793 579 1854 632 et
1902 569 2357 633 Commentarii
2408 571 2630 634 sedem
2685 569 2876 649 paulo
2908 568 3171 632 inverti.
3199 567 3551 632 Confusam
3600 569 3763 632 baitc
3794 579 3861 633 et

591 676 809 736 minus
860 683 1068 751 aptam
1131 674 1291 734 sacri
1346 679 1559 735 textus
1608 672 2098 734 coliocationem
2153 672 2380 733 nonin
2437 670 2557 732 hoc
2609 673 2843 743 solum,
2886 669 2998 733 sed
3051 668 3240 732 etiam
3290 668 3356 730 in
3398 668 3546 730 aliis
3582 668 3860 731 aliorum

587 783 998 858 scriptorum,
1033 778 1164 838 imo
1226 784 1285 838 et
1318 775 1778 855 'l'heOphylacti
1836 775 2329 836 Commentariis
2377 774 2732 838 identidem
2775 773 3221 837 animadverti.
3272 774 3431 848 Qua)
3475 783 3864 856 praepostera

590 880 938 959 dispositio
988 896 1063 941 ex
1097 894 1174 940 eo
1223 885 1372 941 orta
1425 878 1698 949 videtur,
1729 878 1904 957 quod
1957 891 2086 938 non
2146 890 2270 943 suo
2326 891 2606 956 quaeque
2667 874 2867 937 textui
2926 873 3218 953 subjecta
3283 873 3610 954 principio
3662 871 3865 936 fuerit

591 982 950 1058 expositio;
1009 982 1123 1044 sed
1190 981 1256 1043 in
1316 980 1605 1060 margine
1666 978 1911 1042 laterali
1967 977 2047 1040 ab
2103 978 2478 1040 auctoribus
2537 979 2638 1040 vel
2698 976 3160 1041 collectoribus
3213 978 3423 1057 posita
3458 977 3787 1040 interdum
3825 993 3860 1037 e

595 1083 880 1160 regione,
920 1085 1244 1147 interdum
1277 1085 1464 1147 etiam
1510 1083 1815 1157 inferius,
1884 1084 2074 1162 cujus
2126 1084 2217 1145 rei
2274 1081 2470 1145 multa
2519 1091 2876 1163 supersunt
2942 1089 3275 1161 exempta;
3321 1081 3561 1146 deinde
3613 1095 3764 1144 vero
3827 1099 3859 1141 a

597 1187 877 1249 librariis
921 1187 1125 1249 textui
1152 1204 1332 1249 sacro
1364 1188 1440 1247 ad
1478 1185 1729 1248 libitum
1765 1185 1862 1249 vel
1900 1204 1977 1249 ex
2008 1184 2330 1265 imperitia
2375 1184 2656 1248 dissecto
2691 1184 3027 1264 supposita
3079 1184 3298 1247 fuerit.
3343 1186 3603 1248 Certum
3636 1186 3862 1248 saltem

598 1288 877 1361 videtur,
924 1307 1089 1362 eam,
1123 1308 1269 1366 quze
1312 1289 1378 1351 in
1411 1288 1689 1350 diversis
1748 1289 2087 1351 codicibus
2128 1288 2321 1364 inest,
2362 1287 2758 1362 varietatem,
2794 1287 2893 1348 vel
2932 1288 2999 1349 in
3050 1302 3183 1349 uno
3227 1286 3593 1368 eodemque
3639 1276 3861 1350 calice

595 1393 1072 1460 confusionem,
1110 1398 1401 1470 potuisse
1434 1406 1513 1451 ex
1547 1388 1667 1451 hoc
1701 1388 1903 1466 capite
1949 1387 2147 1461 oriri;
2185 1396 2253 1449 ut
2308 1388 2528 1449 mirari
2578 1388 2853 1466 proinde
2906 1402 3098 1449 nemo
3129 1384 3382 1461 debeat,
3438 1388 3495 1449 si
3542 1386 3728 1449 aliter
3757 1387 3864 1450 hic

596 1510 787 1577 atque
845 1499 910 1559 in
961 1495 1448 1559 OEcumcniano
1498 1494 1977 1557 Commentario
2018 1491 2383 1571 dispositus
2432 1493 2778 1571 Scriptura;
2829 1498 3041 1553 textus
3085 1489 3475 1571 divisusque
3510 1500 3864 1554 cernatur:

598 1601 895 1684 quamvis
929 1601 1118 1662 etiam
1150 1597 1517 1662 lientenius
1547 1597 1829 1678 aliquam
1864 1598 1951 1660 ibi
1992 1598 2416 1660 mutationem
2450 1597 2798 1672 invexerit,
2846 1604 2917 1660 ut
2945 1595 3241 1676 ipsemet,
3266 1597 3454 1659 allata
3490 1596 3866 1661 mutationis

597 1704 868 1778 ratione,
897 1700 1151 1762 fatetur.
1185 1700 1503 1774 Alterum,
1536 1700 1615 1761 de
1649 1715 1783 1778 quo
1813 1701 2140 1767 Lectorem
2173 1699 2620 1775 praemonitum
2650 1697 2870 1772 velim,
2904 1705 3024 1772 est,
3046 1698 3110 1760 in
3136 1698 3355 1761 codice
3374 1698 3867 1765 Vindobonensi

599 1805 879 1885 singulis
922 1802 1187 1880 quidem
1247 1799 1554 1879 Epistolis
1593 1800 2120 1879 uniuscujusque
2166 1807 2620 1879 argumentum
2657 1799 2993 1878 praemitti;
3040 1801 3157 1863 sed
3214 1799 3533 1878 Epistolas
3578 1802 3745 1879 ipsas
3800 1810 3865 1864 et

599 1902 1109 1966 Commentarios
1142 1901 1394 1964 illarum
1421 1917 1550 1962 non
1584 1900 1948 1983 interrupto
2006 1900 2115 1963 tito
2155 1900 2412 1979 absque
2445 1899 2915 1963 versiculorum
2959 1911 3071 1962 aut
3114 1901 3399 1981 capitum
3444 1901 3866 1965 distinctione

599 2020 740 2064 esse
770 2003 1042 2083 digesta.
1101 2003 1244 2063 Haec
1297 2000 1590 2063 addenda
1645 2001 1871 2063 censui
1926 1999 2192 2081 majoris
2244 2003 2565 2066 commodi
2621 2001 2824 2081 gratia
2870 2002 3053 2083 juxta
3085 2010 3459 2064 consuetam
3493 2003 3867 2065 Latinorum

596 2103 1096 2182 Graecorumque
1134 2099 1520 2163 numerandi
1546 2101 1897 2164 rationem.
1924 2101 2319 2178 Argumenta
2350 2114 2502 2161 vero
2535 2098 2962 2176 Epistolarum
2988 2099 3216 2162 eodem
3251 2099 3442 2161 modo
3471 2099 3708 2178 reliqui
3733 2114 3871 2181 quo

600 2208 667 2269 in
701 2205 921 2268 codice
974 2212 1148 2278 sunt,
1202 2221 1280 2266 ne
1339 2220 1436 2289 me
1462 2203 1699 2283 aliquis
1738 2210 1961 2281 arguat
1996 2203 2420 2278 inﬁdelitatis,
2468 2219 2728 2284 unaque
2769 2202 2976 2268 lector
3009 2211 3334 2282 agnoscat,
3373 2211 3532 2284 quot
3558 2202 3622 2265 in
3662 2205 3870 2281 capita

599 2315 820 2385 auctor
847 2308 1332 2384 Commentarii,
1360 2307 1459 2370 vel
1495 2306 1665 2370 alius
1696 2308 2075 2388 quicunque
2098 2306 2327 2384 fuerit,
2363 2307 2682 2387 Epistolas
2716 2307 3026 2388 singulas
3086 2308 3292 2371 secari
3343 2307 3626 2371 voluerit
3663 2325 3680 2368 :
3723 2324 3868 2371 nam

605 2411 785 2491 plura
815 2413 878 2475 in
910 2428 1296 2491 unaquaque
1330 2417 1666 2472 enumerat
1719 2410 1949 2488 capita,
1981 2426 2174 2490 quam
2231 2408 2598 2473 enumerari
2650 2410 3088 2472 communiter
3148 2409 3414 2472 soleant.
3449 2412 3536 2474 Ea
3585 2410 3871 2491 capitum

601 2512 1029 2587 enumeratio,
1072 2530 1218 2591 quae
1252 2512 1318 2574 in
1347 2511 1632 2574 editione
1660 2512 2172 2588 OEcumeniana,
2207 2512 2554 2577 exhibetur
2586 2513 2780 2577 etiam
2824 2512 2890 2577 iu
2923 2511 3444 2576 Commentariis.
3484 2510 3767 2591 Insuper
3789 2512 3870 2577 ad

601 2615 835 2678 calcem
869 2614 1221 2694 cujuslibet
1257 2614 1695 2677 commentarii
1734 2621 1988 2676 notatur
2020 2632 2329 2678 numerus
2356 2615 2849 2689 versiculorum,
2877 2631 3042 2693 quos
3082 2614 3366 2693 Epistola
3391 2614 3550 2679 ineo
3579 2617 3873 2693 exposita

602 2714 1070 2779 commentario
1101 2715 1602 2793 complectitur:
1641 2716 1754 2794 qui
1813 2733 2123 2777 numerus
2160 2716 2365 2779 multo
2417 2716 2620 2797 major
2668 2724 2789 2789 est,
2841 2715 3190 2792 prtesertim
3254 2715 3321 2777 in
3369 2715 3866 2793 posterioribus-

603 2829 876 2877 numero
908 2821 1242 2876 consueto.
1274 2815 1530 2889 Menda,
1571 2833 1715 2894 quin
1751 2815 1814 2877 in
1850 2815 2171 2894 ejusmodi
2207 2834 2512 2880 numeros
2536 2808 2808 2882 fortasse
2837 2816 3269 2896 irrepserunt,
3294 2816 3615 2895 corrigere
3654 2816 3864 2879 nolui.

604 2925 781 2985 ratus
814 2916 952 2979 ﬁeri
987 2918 1297 2996 potuisse,
1328 2929 1396 2981 ut
1433 2928 1677 2994 auctor,
1712 2920 1907 2982 sicuti
1941 2918 2126 3006 plura
2161 2922 2390 3001 capita,
2425 2922 2505 2984 ita
2547 2930 2609 2984 et
2635 2924 2854 3003 plures
2876 2909 3271 2997 enumerarit
3307 2916 3690 3004 versiculos,
3725 2918 3864 2988 licet
3910 2990 3917 3005 θ

604 3020 697 3089 rei
732 3019 1010 3106 hujusce
1041 3038 1298 3089 causam
1332 3037 1594 3088 prorsus
1626 3022 1941 3105 ignorem.
1981 3024 2105 3087 Sed
2135 3025 2212 3087 de
2250 3022 2373 3088 hoc
2396 3042 2598 3108 opere
2632 3024 2813 3095 satis.

2022 3187 2308 3251 SECTIO
2370 3190 2480 3254 Ν.

1549 3329 1635 3390 Dc
1679 3329 1963 3393 oratione
2000 3330 2069 3393 in
2109 3328 2559 3393 Adorationem
2589 3332 2657 3395 S.
2698 3336 2935 3399 erucis.

691 3453 862 3516 χιιι.
895 3446 1391 3530 Exegeticorum
1424 3445 1891 3529 TheOphylacti
1923 3463 2196 3527 eperum
2237 3449 2304 3511 in
2340 3451 2498 3511 Novi
2550 3453 2948 3514 'l‘estamenti
2981 3454 3404 3535 Scripturam,
3447 3454 3661 3537 quoad
3712 3453 3873 3524 mihi

606 3562 878 3627 constat,
920 3567 1258 3614 numerum
1303 3548 1545 3611 claudit
1579 3549 2095 3611 Commentarius
2142 3551 2211 3612 in
2259 3552 2585 3630 Epistolas
2631 3552 3011 3618 Catholicas.
3063 3556 3136 3619 1n
3186 3556 3488 3638 sequenti
3543 3550 3875 3622 volumine

608 3661 840 3735 quarto
871 3653 1034 3714 alios
1065 3651 1352 3729 ejusdem
1386 3649 1891 3712 Commentaries
1934 3650 1995 3710 in
2034 3651 2234 3714 Vetus
2283 3655 2764 3715 Testamentum
2816 3655 3135 3722 invenies.
3193 3659 3263 3721 In
3311 3657 3432 3721 hoc
3492 3673 3650 3722 vero
3701 3659 3876 3721 varia

610 3750 1075 3832 't'heOpbylacti
1106 3747 1421 3829 epuscula
1456 3747 1921 3827 subjiciuntur,
1958 3751 2149 3830 queis
2190 3768 2415 3831 magna
2446 3768 2526 3814 ex
2577 3760 2746 3832 parte
2780 3761 2994 3818 tomus
3040 3755 3163 3818 iste
3211 3756 3547 3821 conﬂatur.
3591 3758 3875 3822 Primum

607 3861 707 3916 est
734 3850 961 3914 Oratio
993 3852 1062 3911 in.
1104 3849 1539 3914 adorationem
1570 3849 1637 3911 S.
1683 3851 1941 3920 crucis;
1971 3868 2116 3931 quae
2146 3851 2409 3931 quidem
2456 3855 2663 3917 oratio
2700 3856 2916 3918 Graece
2968 3858 3324 3940 Latineque
3366 3859 3534 3922 edita
3576 3858 3702 3923 fuit
3734 3859 3871 3938 jam

612 3954 864 4036 pridem
896 3972 927 4015 a
963 3950 1338 4014 doctissimo
1368 3950 1705 4015 Societatis
1740 3953 1894 4013 Jesu
1925 3953 2232 4033 theol0go
2262 3954 2497 4017 Jacobo
2531 3956 2856 4032 Gretsero,
2895 3966 3068 4023 temo
3092 3962 3382 4024 secundo
3419 3961 3509 4030 De
3542 3964 3610 4026 S.
3652 3981 3871 4028 cruce-

609 4059 740 4121 Nos
769 4068 980 4120 tamen
1012 4060 1258 4117 textum
1293 4053 1583 4116 Graecum
1617 4068 1745 4114 non
1780 4070 1858 4114 ex
1892 4053 2120 4115 eodem
2157 4056 2481 4131 Gretsero,
2527 4056 2641 4118 sed
2680 4076 2759 4120 ex
2794 4059 3013 4122 codice
3053 4060 3876 4126 Cresareo-Vindobonensi

610 4158 1003 4235 descriptum
1040 4153 1449 4215 exhibemus.
1484 4153 1686 4215 Suum
1726 4151 1834 4214 ille
1879 4153 2275 4231 deprompsit
2306 4171 2393 4219 ex.
2419 4155 2640 4218 codice
2665 4157 3471 4229 Bavarico—Monacbiensi.
3506 4165 3629 4226 Sed
3661 4166 3879 4243 quoad

614 4256 926 4335 colligere
963 4255 1150 4316 licuit
1184 4270 1262 4313 ex
1296 4260 1589 4315 accurata
1620 4253 1957 4332 utriusque
1989 4261 2203 4316 textus
2238 4254 2609 4331 collatione,
2641 4257 3040 4337 deprehendi
3092 4258 3192 4324 vel
3230 4263 3503 4326 alterum
3549 4281 3626 4326 ex
3677 4264 3878 4328 altera

615 4360 718 4425 vel
751 4369 1102 4437 utrumque
1134 4374 1213 4419 ex
1250 4372 1381 4418 uno
1411 4357 1773 4436 eodemque
1806 4356 2026 4420 codice
2054 4355 2260 4420 fuisse
2293 4358 2840 4439 desc‘riptum.'lta
2871 4362 3047 4427 enim
3080 4365 3476 4431 conveniunt
3508 4365 3678 4430 inter
3702 4383 3875 4441 sese,

616 4474 687 4528 ut
723 4481 802 4524 ne
836 4464 1153 4524 variantes
1189 4460 1454 4539 quidem
1494 4459 1828 4536 lectiones,
1862 4460 1919 4522 si
1953 4478 2168 4536 unam,
2200 4459 2299 4523 vel
2333 4461 2597 4525 alteram
2629 4464 2938 4544 excipias,
2993 4458 3418 4547 suppediiarit
3447 4467 3567 4531 ista
3598 4467 3872 4536 collatio.

615 4569 934 4648 Quodque
972 4566 1180 4644 majus
1216 4573 1335 4637 est,
1366 4562 1703 4626 lacunulas
1743 4564 1931 4635 duas,
1974 4582 2250 4644 quarum
2295 4565 2555 4628 alteram
2591 4585 2669 4630 ex
2711 4569 3244 4650 conjectura'ipse
3275 4569 3599 4649 suppleri,
3649 4571 3875 4637 eodem

615 4673 683 4730 in
734 4670 872 4731 loco
920 4667 1281 4745 eodemque
1326 4666 1523 4728 modo
1578 4666 1766 4728 habet
1826 4675 2125 4746 uterque.
2188 4669 2571 4732 Versionem
2639 4672 2951 4742 Latinam,
3006 4687 3198 4753 quam
3255 4674 3593 4738 Gretserus
3646 4675 3880 4737 (lt-tecte

618 4777 858 4853 linguae
892 4769 1330 4851 peritissimus
1367 4769 1732 4839 adornavit,
1763 4768 2072 4850 'suhjicio.
2111 4772 2420 4836 Pauculas
2454 4773 2521 4834 in
2574 4775 2698 4838 (ine
2738 4775 3056 4838 orationis
3089 4783 3270 4839 notas
3327 4779 3561 4857 adjecit
3605 4777 3749 4851 ille;
3795 4796 3880 4840 ex

619 4877 862 4960 quibus
893 4876 1081 4948 duas,
1115 4891 1259 4954 qum
1284 4873 1563 4954 alicujus
1608 4875 1917 4938 momenti
1952 4874 2107 4938 visre
2148 4885 2324 4953 sunt,
2369 4877 2748 4957 selegimus,
2797 4896 3049 4960 suoque
3092 4880 3158 4942 in
3210 4880 3349 4943 loco
3397 4883 3874 4955 collocavimus,

620 4996 851 5056 nempe
899 4978 1126 5056 pagina
1155 4975 1293 5037 ιιὸε.
1330 4977 1457 5036 Nos
1498 4992 1714 5048 unam,
1770 4976 1865 5038 vel
1922 4977 2209 5052 alteram,
2257 4980 2361 5041 cui
2404 4980 2618 5058 aliqua
2670 4983 2964 5043 codicum
3018 4982 3285 5046 varietas
3327 5001 3547 5049 ansam
3588 4989 3877 5065 praebuit,

618 5085 1013 5149 addidimus.
1049 5081 1360 5143 Cmterum
1397 5080 1653 5159 egregia
1688 5091 1786 5143 est
1833 5082 2052 5143 isthrec
2103 5083 2332 5157 oratio,
2388 5092 2451 5145 et
2499 5085 2977 5165 Theophylacto
3017 5088 3292 5154 maxime
3344 5088 3558 5168 digna,
3610 5090 3882 5170 ejusque

619 5187 881 5270 genium
911 5202 981 5249 ac
1011 5184 1282 5264 stylum,
1315 5201 1460 5245 meo
1492 5184 1754 5262 quidem
1785 5185 2061 5263 judicio,
2098 5202 2229 5263 pra:
2255 5204 2324 5247 se
2356 5186 2510 5248 fert:
2549 5187 2965 5266 quamobrem
2999 5189 3172 5252 nulla
3205 5207 3347 5253 esse
3377 5191 3568 5253 debet
3597 5191 3675 5253 de
3701 5191 3883 5254 illius

620 5302 879 5353 auctore
909 5287 1226 5366 suspicio.
1261 5285 1476 5347 Medio
1505 5286 1913 5366 Jejuniorum
1948 5297 2258 5367 tempore,
2319 5298 2387 5351 ut
2438 5307 2519 5352 ex
2548 5291 2689 5370 ejus
2751 5292 2938 5353 titulo
2993 5292 3266 5364 constat,
3328 5293 3540 5356 habita
3586 5304 3708 5368 est,
3775 5295 3884 5358 die

619 5386 870 5451 scilicet
897 5385 1119 5465 aliquo
1154 5381 1566 5446 hebdomadae
1597 5397 1843 5463 quartm
1874 5386 2420 5467 Quadragesimae,
2452 5405 2597 5467 quae
2631 5405 2666 5451 a
2699 5389 2938 5452 Grmcis
2972 5397 3393 5468 μεσονήστιμος,
3428 5391 3623 5457 medii
3647 5396 3884 5476 jejunii

626 5500 912 5563 vocatur,
941 5485 1096 5567 quia
1126 5502 1358 5564 nempe
1386 5503 1463 5547 ex
1492 5495 1736 5563 septem
1769 5486 2220 5562 hebdomadis,
2257 5487 2759 5565 quasjejunium
2794 5488 3364 5569 Quadragesimale
3395 5483 3585 5571 apud
3632 5492 3886 5554 Graues

623 5593 1065 5673 complectitur
1112 5592 1419 5670 integras,
1458 5598 1680 5669 quarta
1708 5592 2018 5668 hmedium
2071 5592 2194 5654 sibi
2250 5593 2530 5654 vindicat
2592 5593 2825 5654 locum.
2878 5595 3064 5675 Tota.
3099 5592 3214 5656 hac
3270 5593 3664 5657 hebdomade
3725 5610 3882 5656 crux

627 5695 866 5778 pepulo
886 5695 1208 5761 adoranda
1232 5710 1268 5758 a
1296 5694 1621 5758 sacerdote
1645 5695 2023 5758 solemniter
2049 5695 2416 5759 exliihctur.
2446 5694 2760 5769 Quocirca
2791 5695 3121 5758 Dominica
3151 5696 3353 5771 tertia,
3379 5712 3506 5778 qua
3526 5695 3881 5776 insequens
