4192 6294
362 267 482 334 425
1232 272 1316 333 ΙΝ
1360 271 1795 347 SEQUENTIA
1833 273 2413 340 THEOPHYLACTI
2446 275 2783 340 SCRIPTA.
3547 272 3650 341 420

364 379 728 447 inchoatur
766 383 1188 462 hebdomade,
1229 392 1485 467 Κυριακὴ
1525 392 2017 465 σταυροπροσκυνή

1996 392 2185 464 ήσεως,
2230 390 2557 454 Dominica
2599 390 2998 454 adoratiom's
3051 391 3264 454 cruci:
3320 407 3356 454 a
3413 389 3651 453 Graecis

366 484 643 551 dicitur.
676 486 913 551 Prmter
939 486 1103 553 hanc
1142 487 1606 569 TbeOphylacti
1652 485 1988 551 homiliam
2018 502 2273 556 exstant
2313 494 2459 557 alim
2498 496 2715 574 plures
2747 495 2828 560 ab
2866 494 3349 578 antiquioribus
3393 492 3656 559 Graeciaa

365 585 675 652 Patribus
703 586 940 653 habita;
967 590 1031 652 in
1064 589 1182 653 hac
1208 590 1347 670 ipsa
1383 588 1821 666 solemnitate,
1846 607 2011 670 quas
2041 591 2473 670 praelaudatus
2493 596 2837 659 Gretserus
2874 597 3359 661 accuratissime
3396 596 3658 676 collegit

365 691 719 773 ediditque
750 692 818 754 in
849 691 1154 771 pradicto
1182 709 1381 773 opere
1402 694 1492 756 De
1518 711 1729 759 cruce.
1756 695 1849 755 Ex
1879 692 2122 774 quibus
2150 694 2313 759 illud
2348 699 2575 761 saltem
2602 698 2901 775 efﬁcitur,
2933 700 3219 764 Grmcam
3242 715 3393 763 cum
3433 698 3658 762 Latina

366 792 732 857 Ecclesiam
762 793 828 859 in
865 792 985 858 hoc
1015 794 1311 876 dogmate
1344 795 1424 858 de
1460 794 1672 859 crucis
1710 795 2091 861 adoratione
2123 816 2240 863 seu
2276 800 2693 864 veneratione
2728 801 3109 883 planissime
3150 803 3551 877 consentire;
3592 810 3659 865 et

364 893 500 960 hoc
530 896 944 976 potissimum
975 905 1100 974 est,
1133 898 1309 978 quod
1342 897 1582 961 exinde
1618 897 1882 977 petitur,
1916 901 2457 966 emolumentum.

1805 1074 2091 1137 SECTIO
2136 1078 2211 1139 ν.

924 1223 1011 1283 De
1040 1220 1328 1284 oratione
1358 1222 1424 1283 in
1453 1220 2116 1299 Prwscntationcm‘B.
2148 1220 2373 1285 Marica
2428 1222 2705 1304 Virginis
2747 1226 2815 1289 in
2852 1226 3108 1306 tempto.

446 1374 622 1440 XIV.
708 1375 1074 1438 Orationem
1155 1373 1322 1437 hanc
1403 1374 1628 1437 Latine
1701 1374 1985 1437 reddidit
2056 1374 2393 1455 ediditque
2466 1375 2849 1439 Franciscus
2916 1375 3342 1442 Combefisius
3402 1378 3655 1442 ordinis

358 1474 896 1549 Prmdicatorum,
930 1489 1125 1555 quam
1157 1473 1437 1536 inseruit
1464 1473 1872 1537 Bibliotheca:
1898 1490 2031 1538 sua.-
2062 1477 2555 1539 concionatoria
2579 1483 2735 1541 tom.
2769 1478 2939 1542 VIII.
2974 1480 3133 1543 Cum
3181 1481 3441 1544 Grmcus
3472 1480 3651 1561 ejus-

358 1577 520 1642 dem
547 1586 766 1643 textus
795 1597 877 1643 ex
908 1578 1132 1642 codice
1164 1577 1578 1641 bibliothecas
1600 1578 1820 1657 Regia
1849 1578 2236 1642 Parisiensis
2266 1580 2633 1660 exscriptus
2678 1579 2747 1643 in
2781 1596 3013 1645 manus
3066 1598 3240 1645 meas
3290 1580 3654 1655 incidisset,

358 1697 517 1743 cum
545 1681 767 1746 Latina
808 1679 1172 1748 Cumbetisii
1210 1678 1511 1744 versione
1561 1679 1859 1742 contuli:
1899 1698 2046 1759 qua:
2092 1681 2243 1744 licet
2301 1681 2458 1744 satis
2518 1692 2838 1759 accurata,
2893 1682 3053 1745 mihi
3111 1683 3305 1764 paulo
3361 1682 3499 1746 visa
3557 1691 3657 1745 est

358 1786 750 1863 obscurior;
790 1786 1087 1869 adeoque
1116 1785 1459 1850 clariorem
1484 1786 1674 1850 aliam
1707 1803 1779 1850 ac
1810 1785 2189 1851 nitidiorem
2225 1787 2477 1852 efﬁcere
2506 1796 2778 1853 conatus
2821 1805 2991 1851 sum.
3024 1788 3213 1865 Quod
3265 1795 3479 1852 utrum
3525 1786 3649 1851 sim

359 1900 737 1968 assecutus,
770 1891 1032 1955 illorum
1058 1891 1386 1973 judicium
1424 1901 1588 1970 esto,
1621 1894 1733 1974 qui
1755 1891 2049 1958 conferre
2082 1904 2421 1975 utramque
2451 1894 2797 1959 voluerint.
2819 1894 3083 1958 Interim
3107 1911 3252 1959 cum
3286 1895 3367 1958 cl.
3404 1894 3655 1958 Ρνωυίω

362 1994 858 2060 Dissertationis
892 2005 1116 2061 auctor
1148 1999 1510 2062 orationem
1558 2000 1720 2062 hanc
1750 2015 1897 2063 cum
1933 2014 2096 2062 nova
2145 2001 2354 2079 ipsius
2386 2001 2689 2065 versione
2742 2000 3180 2064 enuntiaverit
3232 2000 3649 2081 prodituram,

360 2112 536 2171 eam,
570 2098 785 2179 qualis
817 2100 1081 2163 demum
1109 2117 1369 2180 cunque
1402 2100 1509 2173 sit,
1539 2099 1605 2162 in
1648 2099 1859 2164 lucem
1893 2100 2144 2165 emitto.
2176 2103 2239 2163 Si
2279 2101 2429 2180 quis
2459 2102 2723 2165 alteram
2776 2099 2980 2177 malit,
3031 2102 3397 2182 praedictam
3466 2101 3655 2163 adeat

364 2197 849 2291 Bibliothecam.
883 2203 1202 2267 Versione
1243 2202 1361 2267 bac
1395 2220 1428 2266 a
1463 2221 1563 2266 me
1592 2203 1843 2284 jamdiu
1872 2204 2187 2279 absoluta,
2238 2202 2415 2267 aliud
2473 2205 2767 2284 ejusdem
2818 2203 3134 2267 orationis
3190 2201 3523 2282 exemplar
3571 2218 3655 2264 ex

360 2303 596 2369 codice
629 2305 704 2368 15
734 2305 1128 2370 Seldeniano
1158 2306 1599 2371 celeberrimae
1629 2306 2039 2370 bibliothecas
2070 2307 2439 2369 Bodleiano;
2463 2307 2885 2385 descriptum,
2906 2306 3067 2369 mihi
3098 2305 3363 2368 allatum
3396 2304 3653 2369 Oxonio

362 2410 493 2469 est.
537 2404 884 2486 Utramque
922 2405 1263 2471 conferens
1306 2425 1423 2471 sua
1457 2408 1522 2470 in
1557 2418 1837 2488 utroque
1869 2407 2101 2471 menda
2132 2407 2377 2482 detexi,
2415 2415 2608 2487 atque
2649 2406 2925 2471 alterum
2956 2406 3142 2470 alteri
3194 2422 3312 2486 pro
3360 2404 3652 2469 locorum

361 2505 745 2570 diversitate
769 2515 1092 2588 praestare.
1113 2509 1425 2586 Quamvis
1449 2527 1603 2574 vero
1623 2511 1988 2573 Oxoniensi
2013 2510 2382 2574 Parisiense
2408 2510 2705 2575 nonnihil
2727 2506 3079 2575 concedere
3102 2507 3458 2585 videretur,
3480 2507 3655 2570 nihi-

366 2606 660 2697 lominus
692 2607 771 2671 ad
804 2608 1170 2672 Parisiense
1211 2610 1542 2690 exemplar
1583 2610 1749 2674 hanc
1798 2610 2154 2683 editionem
2212 2613 2475 2692 exigere
2534 2611 2759 2687 malui,
2792 2617 2928 2674 tum
2979 2609 3151 2690 quod
3212 2609 3419 2689 primo
3484 2608 3654 2672 illud

367 2708 598 2773 Latine
622 2710 999 2775 translatum
1023 2728 1057 2775 a
1082 2713 1467 2777 Combelisio
1491 2715 1737 2775 editum
1764 2720 1961 2789 esset,
1985 2720 2121 2777 tum
2144 2714 2321 2794 quod
2352 2731 2431 2777 ex
2457 2713 2599 2793 ipso
2632 2713 2870 2793 pariter
2898 2729 3102 2777 meam
3135 2727 3259 2792 ego
3288 2708 3653 2774 versionem

366 2810 775 2875 elicuissem.
813 2814 1277 2884 Verumtamen
1312 2814 1637 2877 variantes
1667 2814 1914 2879 codicis
1957 2816 2327 2878 Barocciani
2377 2814 2693 2880 lectiones
2726 2815 3027 2896 (quarum
3067 2812 3306 2894 aliquas
3353 2812 3653 2875 dicendas

366 2914 590 2994 potius
615 2921 768 2977 sunt
801 2915 1260 2995 correctiones)
1290 2917 1369 2979 ad
1401 2916 1781 2991 inferiorem
1809 2916 2165 2997 marginem
2196 2912 2705 2997 diligentissime
2737 2914 3073 2989 adnotavi;
3099 2931 3246 2995 quae
3276 2912 3416 2976 loco
3438 2910 3651 2991 ipsius

361 3017 623 3081 codicis
665 3016 889 3082 haberi
926 3018 1157 3083 merito
1204 3027 1499 3098 possunt.
1555 3018 1781 3094 Quoad
1815 3019 2020 3098 ipsam
2053 3017 2283 3081 attinet
2332 3018 2718 3094 orationem,
2776 3015 2941 3079 adeo
3003 3021 3307 3095 prmstans
3363 3013 3497 3075 visa
3538 3028 3651 3105 est

359 3116 783 3193 Combefis'io,
820 3126 891 3182 ut
921 3135 1214 3184 asserere
1241 3138 1372 3184 non
1410 3119 1746 3196 dubitarit,
1799 3120 2361 3204 TheOphylactum‘
2388 3127 2452 3184 et
2505 3120 2573 3184 in
2604 3118 2727 3181 hac
2774 3116 3065 3183 oratione
3117 3115 3652 3209 sapientissimum

361 3215 659 3284 ostendi:
695 3235 816 3282 nec
844 3218 1172 3287 immerito
1209 3220 1502 3299 quidem,
1538 3233 1684 3282 cum
1720 3218 2063 3300 multiplex
2099 3219 2516 3299 eloquentia,
2556 3216 2951 3283 eruditionis
2982 3225 3044 3280 et
3082 3215 3423 3285 vividioris
3466 3215 3651 3294 inge-

360 3318 470 3385 nii
496 3318 568 3383 in
598 3335 679 3387 ea
712 3318 933 3399 lumen
969 3318 1310 3401 mulgeat.
1341 3318 1713 3385 Severiores
1761 3330 1971 3385 tamen
2018 3320 2224 3385 critici
2282 3320 2556 3384 fortasse
2606 3318 2739 3383 nun
2794 3315 3155 3399 probabunt
3195 3316 3271 3381 in
3316 3331 3420 3393 eo,
3469 3319 3643 3396 quod

362 3417 590 3491 Mariae
619 3426 903 3512 Virginis
931 3425 1390 3503 deductionem
1422 3426 1491 3491 in
1526 3426 1863 3507 templum,
1895 3426 2151 3509 aliaque
2181 3425 2287 3489 his
2316 3425 2527 3488 allinia
2556 3423 2859 3506 minutim
2891 3412 3055 3486 adeo
3086 3420 3425 3494 describat,
3456 3436 3529 3483 ac
3584 3420 3643 3482 si

361 3530 647 3595 suismet
675 3529 885 3617 oculis
913 3525 1265 3593 1ustrasset
1290 3528 1533 3592 omnia.
1579 3527 1924 3599 Sed‘facile
1960 3527 2509 3608 scriptoriGrmco
2548 3524 2758 3589 danda
2817 3523 3006 3588 venia
3061 3534 3186 3599 est,
3221 3530 3443 3603 utpote
3501 3525 3644 3605 qui,

366 3633 786 3701 traditionem
817 3630 959 3695 suis
990 3632 1057 3696 in
1100 3630 1477 3710 regionibus
1505 3629 1634 3711 jam
1670 3640 1992 3710 receptam
2036 3639 2325 3707 secutus,
2385 3647 2461 3693 ea
2523 3629 2646 3692 sibi
2708 3628 2927 3694 omnia
2984 3627 3225 3691 nedum
3283 3624 3645 3704 referenda,

363 3735 483 3801 sed
517 3735 711 3798 etiam
743 3731 1027 3798 oratorio
1067 3731 1241 3811 stylo
1270 3732 1637 3795 exornanda
1689 3733 1958 3811 putavit.
2015 3732 2183 3795 lllud
2211 3739 2385 3795 certe
2455 3732 2532 3795 in
2578 3728 3059 3811 Theophylacto
3125 3725 3642 3819 suscipiendum,

360 3838 545 3923 quod
586 3855 732 3903 cum
765 3833 962 3917 probe
991 3843 1431 3916 cognosceret,
1484 3836 1638 3915 Quid
1699 3837 2110 3915 potissimum
2165 3838 2614 3900 adversaretur
2672 3840 2934 3899 suasmet
2989 3833 3333 3896 narrationi
3390 3831 3643 3914 (estque

366 3941 536 4008 illud
572 3943 770 4029 idem,
801 3940 979 4024 quod
1008 3939 1265 4022 aliquos
1296 3941 1651 4005 recentium
1681 3941 2054 4005 criticorum
2084 3941 2154 4004 in
2192 3942 2573 4005 contrariam
2614 3938 3001 4003 sententiam
3047 3938 3358 4020 impulit),
3381 3945 3645 4001 strenue

364 4042 750 4107 atlaboravit
778 4043 845 4106 in
878 4058 958 4106 eo
996 4044 1076 4105 de
1124 4043 1339 4106 medio
1381 4042 1695 4117 tollendo,
1756 4042 1984 4123 reique
2042 4045 2366 4106 universa:
2421 4042 2825 4108 concilianda
2883 4042 3505 4124 probabilitateme
3562 4040 3645 4101 de

365 4144 729 4212 moralibus
764 4144 1205 4220 documentis,
1245 4160 1390 4225 quea
1423 4144 1660 4207 exinde
1692 4145 2020 4224 sapienter
2050 4145 2251 4220 elicit,
2287 4145 2480 4210 verba
2514 4143 2765 4209 faciam.

1791 4313 2079 4377 SECTIO
2122 4315 2232 4377 Vl.

651 4468 744 4531 De
791 4477 1100 4549 martyrio
1130 4465 1489 4551 quindecim
1515 4475 1867 4546 martyrum
1902 4462 2318 4545 Tiberiopoli,
2351 4463 2704 4544 imperante
2730 4460 2994 4524 Iuliano
3031 4462 3363 4542 Apostata.

449 4616 594 4678 XV.
626 4614 776 4680 Haec
812 4611 1279 4694 TheOpbylacti
1313 4611 1537 4675 Oratio
1579 4612 1699 4693 (sic
1728 4612 1905 4675 enim
1958 4610 2097 4692 ipse
2131 4607 2646 4674 lucubrationem
2681 4606 2866 4671 istam
2912 4606 3215 4688 appellat)
3264 4622 3393 4671 non
3449 4607 3642 4672 modo

367 4717 551 4799 typis
577 4730 816 4779 excusa
851 4714 1193 4794 hucusque
1246 4729 1580 4792 nunquam
1625 4710 1774 4787 fuit,
1834 4711 1947 4776 sed
1996 4711 2082 4774 ita
2142 4711 2333 4776 etiam
2379 4707 2543 4788 fugit
2599 4699 3002 4770 eruditorum
3062 4706 3380 4781 notitiam,
3445 4715 3515 4795 ut
3561 4724 3643 4771 ex

367 4822 683 4888 omnibus
710 4820 798 4883 iis
828 4817 942 4903 qui
978 4817 1075 4881 vel
1116 4818 1259 4881 data
1282 4833 1489 4896 opera
1526 4817 1607 4880 de
1643 4813 2125 4895 TheOphylacto
2160 4814 2435 4895 ejusque
2466 4808 2774 4889 cperibus
2820 4807 3161 4886 scripsere,
3206 4808 3403 4889 hujus
3456 4825 3643 4872 men-

367 4926 619 4989 tionem
647 4921 875 4987 fecerit
904 4920 1173 4984 Omnino
1206 4918 1454 4981 nullus.
1492 4920 1575 4980 Ea
1621 4916 1862 4979 Oxonii
1897 4918 1963 4979 in
1998 4912 2416 4978 celeberrima
2452 4910 2839 4973 bibliotheca
2879 4907 3222 4972 Bodleiana
3275 4908 3443 4972 inter
3482 4928 3638 4976 mss.

370 5027 794 5094 Baroccianos
826 5023 1061 5088 latebat
1091 5022 1159 5085 in
1192 5022 1414 5086 codice
1446 5020 1562 5101 qui
1591 5018 1763 5082 varia
1796 5018 1920 5082 alia
1961 5025 2295 5081 auctorum
2337 5013 2654 5092 epuscula
2690 5011 3162 5092 complectitur.
3209 5011 3436 5092 Neque
3488 5029 3643 5072 vero

368 5128 559 5208 illius
588 5116 753 5190 fcrte
782 5122 1013 5188 netitla
1037 5121 1118 5184 ad
1149 5136 1268 5183 nos
1306 5120 1711 5200 pervenisset
1746 5134 2057 5199 unquam,
2088 5115 2218 5179 nisi
2256 5114 2606 5178 vehemens
2651 5112 3049 5177 desiderium
3095 5112 3290 5194 hujus
3331 5111 3643 5176 editionis

373 5230 745 5295 euratorum
783 5220 948 5287 nihil
977 5224 1242 5283 omnino
1268 5218 1792 5301 praetermittendi
1840 5218 2016 5299 quod
2045 5216 2596 5297 TheOphylactum
2622 5216 2886 5278 haberet
2914 5220 3265 5288 auctorem,
3298 5214 3486 5278 nobis
3518 5215 3642 5278 sti-

378 5329 595 5397 mulos
629 5328 1013 5401 addidisset,
1044 5332 1114 5390 ut
1146 5324 1319 5389 inter
1346 5323 1506 5388 alios
1529 5323 1719 5386 etiam
1753 5322 2125 5402 Catalogum
2149 5319 2461 5383 librorum
2484 5336 2631 5382 mss.
2665 5316 2907 5397 Anglia
2938 5325 2995 5379 et
3024 5317 3370 5396 Hiberniar,
3401 5319 3644 5382 Oxonii

376 5434 627 5499 editum
661 5447 769 5494 an.
802 5426 959 5491 1697
996 5428 1063 5491 in
1089 5426 1265 5489 hunc
1295 5425 1487 5490 ﬁnem
1532 5424 2008 5488 evolveremus.
2043 5424 2114 5485 In
2147 5422 2267 5486 hoc
2301 5422 2518 5502 itaque
2574 5421 3021 5483 incumbentes
3078 5419 3432 5482 incidimus
3492 5438 3636 5500 pag.

372 5538 477 5609 28.
508 5543 662 5599 tom.
694 5534 746 5607 l,
781 5546 962 5594 num.
996 5529 1135 5601 197,
1168 5528 1234 5590 in
1280 5526 1653 5609 hujusmodi
1691 5524 1985 5589 titulum:
2030 5524 2417 5603 Martyrium
2446 5521 2555 5585 Χν
2595 5527 2946 5600 martyrum
2980 5517 3094 5581 sub
3124 5517 3387 5580 Juliano
3438 5522 3643 5599 impe-

375 5650 614 5715 ratore,
644 5645 904 5700 auctore
939 5632 1423 5714 Thcophylucto.
1457 5634 1590 5695 llac
1625 5632 1704 5696 de
1737 5649 1805 5694 re
1836 5631 2069 5694 certior
2098 5629 2302 5691 factus
2338 5626 2535 5704 hujus
2580 5622 2889 5687 editionis
2933 5621 3148 5685 fautor
3193 5639 3485 5685 summus
3539 5622 3643 5703 (de

381 5761 512 5829 quo
543 5740 860 5808 nonnulla
914 5737 1115 5801 habes
1152 5738 1219 5799 in
1266 5737 1507 5799 Praevia
1545 5737 1905 5810 Dissertat.,
1958 5752 2135 5797 num.
2183 5733 2316 5802 10sz
2373 5746 2485 5809 pro
2544 5728 2787 5791 eximio
2823 5743 2944 5788 suo
3004 5726 3067 5787 in
3105 5721 3338 5829 sacras
3400 5727 3642 5791 litteras

710 5842 980 5905 PATROL.
1027 5838 1147 5901 Gn.
1189 5838 1426 5901 CXXV.
3176 5834 3181 5841 ‘
3208 5827 3281 5887 1t
