4192 6294
475 392 580 454 42⁵2
1539 392 1687 456 BDN
1699 391 1928 453 lFACII
1969 389 2281 454 FlNETTI
2318 389 2719 454 PRIEFATIO
3649 387 3761 453 423

478 506 722 584 studio,
760 506 920 572 nihil
955 509 1384 574 cunctandum
1419 519 1514 573 est
1544 518 1744 583 ratus,
1781 508 1943 590 quin
1978 525 2089 589 per
2121 509 2441 572 Venatum
2471 511 2839 590 ablegatum
2878 504 2957 570 ad
3013 521 3232 588 regem
3282 505 3536 587 Angliae
3587 505 3755 573 illud

477 608 978 674 exscribendum
1009 620 1284 676 curaret.
1321 612 1800 674 Transmissum
1843 610 2100 673 Oxonio
2137 611 2578 691 apographum
2617 609 2779 672 mihi
2830 608 3137 696 traditum
3194 615 3291 672 est
3335 609 3562 673 Latine
3617 626 3763 673 ver—

477 711 984 791 teudum;quod
1017 713 1282 796 quidem
1338 712 1636 794 pluribus
1664 713 1746 776 de
1799 712 2016 774 causis
2079 719 2331 791 gratum
2400 710 2748 793 fuitzquia
2804 711 3055 774 scilicet
3109 718 3172 774 et
3227 710 3761 792 prmstantissinn

472 816 757 880 senatori
787 834 920 880 rem
946 825 1186 899 gratam
1220 834 1322 880 me
1348 833 1494 880 esse
1529 814 1851 878 iacturum
1888 812 2357 894 intelligerem;
2387 821 2449 878 et
2492 812 2914 878 benemeritis
2966 812 3279 877 editionis
3330 813 3525 895 hujus
3574 830 3762 878 cura-

372 931 376 938 ·
475 916 724 982 t'oribus
756 916 1041 981 cilicium
1065 917 1185 982 hoc
1207 916 1619 992 exhiberem;
1646 933 1718 979 ac
1747 915 2035 997 denique
2065 914 2611 996 qualemcumque
2645 913 2929 979 laborem
2951 929 3345 995 Operamque
3378 931 3581 979 meam
3611 922 3757 979 stu-

472 1020 678 1083 diosis
707 1035 1028 1083 sacrarum
1060 1019 1418 1083 litterarum
1445 1018 2020 1082 accommodarem.
2043 1017 2121 1079 Ut
2142 1032 2296 1080 vero
2328 1017 2614 1097 primum
2645 1015 2870 1080 oculos
2892 1017 2960 1080 in
2994 1017 3438 1098 apographum
3470 1018 3756 1099 conjeci,

382 1105 388 1110 ’
469 1124 595 1188 fuit
626 1124 933 1205 equidem
966 1125 1141 1207 quod
1179 1123 1408 1206 majori
1445 1140 1548 1187 me
1586 1120 1865 1186 afficeret
1903 1118 2255 1202 voluptate,
2303 1119 2613 1183 nimirum
2660 1119 2857 1201 hujus
2905 1118 3207 1200 Opus-culi
3272 1120 3520 1184 utilitas
3561 1128 3760 1201 atque

471 1230 867 1312 prmstantia;
902 1235 1014 1297 sed
1049 1233 1177 1298 fuit
1216 1233 1435 1309 etiam,
1466 1233 1644 1314 quod
1676 1230 1837 1295 mihi
1871 1231 2228 1313 plurimum
2261 1233 2660 1314 displiceret,
2698 1250 2933 1313 nempe
2978 1250 3230 1298 summa
3277 1228 3629 1314 apographi
3685 1236 3761 1292 ac

472 1350 636 1412 pene
665 1333 1064 1399 incredibilis
1093 1334 1432 1399 vitiositas.
1466 1335 1590 1400 Sed
1622 1335 1702 1399 de
1747 1334 1863 1399 hac
1893 1336 2252 1416 posteriore
2291 1334 2488 1410 alias;
2524 1353 2696 1399 nunc
2730 1337 2832 1415 [de
2881 1336 3117 1418 priore.
3167 1335 3497 1401 Orationis
3559 1334 3758 1417 hujus

470 1441 899 1518 praestantiam
934 1440 1410 1521 utilitatemque
1442 1456 1658 1517 nemo,
1697 1446 1769 1505 ut
1810 1439 2110 1517 arbitror,
2147 1440 2566 1517 inﬁciabitur,
2620 1441 2731 1523 qui
2770 1453 3183 1524 perspectum
3216 1443 3757 1523 exploratumque

470 1543 699 1607 habeat
728 1541 910 1606 illius
947 1552 1403 1624 argumentum
1434 1555 1498 1606 et
1532 1559 1664 1606 rem
1703 1541 1770 1604 in
1804 1544 1947 1621 ipso
1983 1548 2373 1607 contentam.
2407 1544 2649 1622 Nempe
2681 1543 2970 1606 continet
2997 1543 3332 1607 historiam
3366 1541 3524 1605 satis
3567 1538 3756 1619 igrio-

472 1658 597 1710 tam
631 1647 921 1730 martyrii
949 1648 1324 1729 quindecim
1362 1654 1738 1729 martyrum,
1771 1648 1882 1728 qui
1923 1647 2044 1710 sub
2080 1646 2341 1712 Juliano
2378 1648 2774 1729 imperatore
2809 1657 3097 1730 apostata
3145 1647 3550 1730 Tiberiopoli
3599 1664 3753 1713 san-

471 1750 737 1831 guinem
766 1750 1074 1814 fuderunt
1116 1767 1229 1831 pro
1261 1750 1546 1813 Christo:
1583 1755 1717 1811 tum
1751 1748 2015 1813 illorum
2055 1764 2403 1828 corporum
2441 1749 3142 1835 translationemjussu
3177 1752 3536 1826 Michaelis,
3565 1747 3755 1831 prin.i

471 1852 894 1933 Bulgarorum
928 1852 1103 1933 regis
1136 1849 1513 1926 Christiani,
1550 1859 1900 1931 peractam;
1932 1849 2173 1914 deinde
2210 1851 2385 1915 varia
2416 1869 2489 1915 ac
2523 1870 2787 1933 prorsus
2839 1855 3120 1936 insignia
3173 1873 3319 1921 cum
3371 1865 3545 1932 ante,
3617 1867 3755 1920 tum

469 1967 614 2036 post
643 1954 1131 2018 translationem
1161 1954 1337 2017 illam
1369 1971 1403 2017 a
1436 1957 1571 2019 Deo
1605 1961 1844 2035 patrata
1873 1957 2254 2020 eorumdem
2284 1965 2642 2038 martyrum
2676 1959 3174 2037 intercessione,
3215 1963 3550 2027 miracula.
3587 1963 3755 2028 Huic

471 2060 626 2126 vero
654 2062 1007 2126 narrationi
1042 2061 1526 2142 praemittuntur
1551 2061 1773 2141 aliqua
1806 2062 1886 2125 de
1920 2062 2302 2126 Christianae
2331 2063 2480 2126 ﬁdei
2523 2063 2856 2144 triumpho
2903 2066 3027 2129 sub
3063 2066 3489 2130 Constantino
3540 2067 3626 2131 Μ.
3689 2074 3755 2130 et

471 2165 620 2230 ﬁliis
656 2165 839 2228 illius
871 2164 1114 2228 tribus:
1147 2165 1262 2228 sed
1290 2162 1494 2226 multo
1519 2163 1703 2243 plura
1738 2173 2077 2229 narrantur
2113 2164 2193 2229 de
2227 2166 2312 2227 iis
2360 2184 2506 2248 qua:
2536 2166 2800 2230 Juliano
2843 2168 3147 2246 Apostata
3197 2171 3550 2249 imperante
3612 2189 3757 2252 per-

472 2268 648 2348 pessi
675 2276 828 2332 sunt
859 2268 1096 2332 Christi
1125 2265 1371 2332 ﬁdeles.
1409 2268 1568 2344 Quae
1598 2267 1866 2349 quidem
1897 2268 2114 2332 omnia
2171 2286 2252 2333 ex
2302 2268 2590 2334 historim
2642 2270 3098 2338 ecclesiasticae
3155 2291 3327 2353 penu
3375 2275 3756 2356 deprompta

472 2372 645 2437 haud
672 2375 1083 2453 inconcinne,
1115 2375 1451 2458 cujusdam
1487 2375 1778 2457 prooemii
1819 2375 1984 2450 loco,
2024 2374 2130 2440 hic
2158 2376 2575 2453 exhibentur,
2610 2383 2673 2440 et
2703 2378 3248 2459 quemadmodum
3288 2382 3430 2457 ipse
3465 2378 3755 2462 loquitur

471 2474 1021 2560 'l'beOphylactus,
1054 2483 1124 2539 ut
1160 2474 1295 2538 haec
1327 2474 1553 2538 Oratio
1593 2482 1784 2557 caput
1812 2473 2091 2550 haberet,
2130 2483 2191 2537 et
2219 2484 2375 2538 esset
2406 2474 2695 2539 membris
2745 2478 3030 2540 omnibus
3080 2481 3389 2561 perfecta.
3444 2481 3754 2546 Prmterea

472 2580 717 2643 texitur
747 2580 934 2660 longa
968 2577 1244 2642 narratio
1271 2576 1352 2641 de
1379 2576 1757 2641 Cinamonis
1802 2575 2144 2657 cujusdam
2188 2575 2744 2656 Adrianopolitani
2784 2594 2820 2640 a
2850 2577 3146 2658 Bulgaris
3197 2580 3268 2643 in
3317 2582 3752 2662 captivitatem

468 2682 731 2746 abducti
760 2682 999 2746 invicta
1030 2681 1098 2744 in
1135 2680 1257 2743 ﬁde
1288 2678 1687 2754 constantia;
1718 2677 1931 2759 deque
1971 2675 2317 2753 Enrabota,
2350 2676 2668 2758 Bulgarici
2726 2677 2899 2758 regis
2955 2677 3175 2757 fratre,
3225 2698 3418 2767 Opera
3458 2682 3754 2764 ejusdem

470 2785 842 2851 Cinamonis
871 2784 948 2850 ad
991 2785 1183 2848 ﬁdem
1216 2797 1559 2858 converso,
1590 2780 1901 2862 obitoque
1936 2796 2054 2862 pro
2086 2783 2309 2845 eadem
2344 2782 2467 2845 ﬁde
2520 2782 2856 2864 martyrio.
2910 2784 2979 2846 In
3033 2783 3152 2848 hac
3206 2787 3406 2867 igitur
3460 2789 3753 2853 oratione

469 2893 886 2957 continentur
918 2906 1118 2971 pauca
1148 2887 1441 2970 quidem,
1482 2886 1597 2950 sed
1641 2885 1910 2967 plurimi
1964 2884 2258 2951 facienda
2310 2887 2760 2952 ecclesiasticae
2812 2885 3104 2953 historiaa
3169 2880 3613 2971 monumenta,
3669 2893 3750 2961 ad

470 3013 661 3079 quam
696 2995 966 3058 maxime
1000 2994 1300 3074 pertinet,
1332 3001 1467 3059 acta
1490 2997 1597 3060 SS.
1630 3002 2007 3077 martyrum,
2038 2991 2296 3074 aliaque
2328 3011 2474 3059 cum
2508 2991 2593 3056 iis
2625 3013 2941 3073 connexa,
2977 3001 3387 3076 posterorum
3420 2999 3754 3066 memoriae

468 3100 942 3167 commendare.
985 3100 1161 3177 Quid
1193 3117 1373 3177 vero,
1409 3101 1463 3163 si
1517 3100 1802 3182 profanae
1848 3100 2041 3164 etiam
2098 3098 2394 3163 historiae
2443 3101 2779 3182 quidpiam
2836 3101 2949 3167 illa
3005 3101 3227 3166 afferat
3283 3101 3755 3169 emolumenti?

467 3208 661 3291 Atqui
699 3205 1012 3270 nonnulla
1053 3205 1343 3291 reperies
1375 3204 1442 3267 in
1473 3220 1549 3269 ea
1576 3204 1658 3267 de
1686 3203 2007 3284 Bulgariae
2034 3201 2327 3285 regibus,
2359 3219 2506 3285 qua:
2538 3204 2693 3267 alibi
2724 3202 2961 3268 frustra
2991 3205 3358 3288 perquiras.
3396 3205 3536 3271 Alia
3568 3224 3751 3278 vero.

466 3312 657 3392 queis
687 3309 1048 3373 conﬁrmari
1078 3307 1491 3372 emendarive
1525 3313 1801 3388 possunt
1831 3306 1926 3388 (ut
1957 3323 2037 3369 ex
2080 3304 2392 3386 subjectis
2423 3309 2597 3369 notis
2650 3307 2993 3390 constabit)
3054 3326 3200 3389 quae
3251 3307 3333 3375 ab
3377 3309 3526 3372 aliis
3581 3308 3749 3376 dicta

463 3420 685 3482 fuere:
721 3414 992 3496 proinde
1007 3415 1158 3497 jure
1184 3430 1256 3477 ac
1290 3413 1519 3479 merito
1550 3411 1795 3478 dictum
1826 3428 1862 3475 a
1899 3410 2221 3493 principio
2250 3413 2359 3487 sit,
2393 3410 2770 3493 hujusmodi
2809 3411 3408 3494 opusculumsatis
3465 3414 3621 3479 utile
3676 3429 3753 3481 ac

468 3528 774 3599 praestans
803 3534 974 3591 esse,
1005 3516 1413 3597 dignumque
1446 3521 1518 3579 ut
1549 3513 1809 3580 tandem
1853 3512 2206 3595 aliquando
2236 3511 2571 3577 emittatur
2611 3513 2683 3576 in
2717 3515 2952 3580 lucem.
3493 3542 3499 3547 ο

548 3624 721 3687 XVI.
758 3616 1338 3685 Vcrumenimvero
1383 3619 1555 3684 haud
1604 3618 2024 3684 mediocriter
2064 3616 2249 3682 illius
2309 3618 2719 3681 decresceret
2761 3616 3065 3697 pretium,
3098 3618 3154 3681 si
3186 3616 3288 3682 vel
3319 3618 3401 3683 de
3454 3623 3749 3700 genuino

464 3729 761 3810 ejusdem
792 3732 1077 3802 auctore,
1107 3723 1206 3789 vel
1240 3724 1320 3788 de
1367 3723 1655 3788 historia:
1683 3739 1878 3805 quam
1909 3723 2200 3789 continet
2253 3723 2519 3788 veritate
2542 3724 2690 3804 jure
2716 3721 2951 3802 ambigi
2988 3731 3230 3801 posset.
3265 3725 3346 3788 At
3410 3734 3747 3804 neutrum,

470 3835 539 3891 ut
578 3826 733 3892 mihi
764 3827 1028 3908 quidem
1088 3824 1372 3901 videtur,
1435 3824 1504 3888 in
1551 3822 1827 3888 dubium
1881 3824 2033 3905 quis
2064 3824 2487 3890 revocaverit.
2524 3825 2664 3887 Non
2715 3824 3040 3906 primum;
3076 3814 3231 3905 quia
3266 3824 3496 3901 codex.
3552 3845 3750 3909 quem

465 3947 658 4011 supra
686 3929 1115 4002 laudavimus,
1140 3926 1644 4010 TheOphylacto,
1678 3927 1995 4011 Bulgariaa
2024 3926 2538 4008 archiepiscopo,
2564 3928 2809 4008 diserte
2831 3926 2991 3990 illud
3028 3927 3291 3991 ascribit
3322 3950 3338 3990 :
3374 3944 3587 4010 neque
3618 3930 3751 3995 haec

466 4035 818 4118 epigraphe
855 4035 1004 4099 aliis
1036 4033 1374 4101 codicibus
1418 4033 1871 4112 redarguitur;
1931 4035 2063 4098 imo
2095 4032 2316 4098 nullus
2370 4033 2644 4098 omnino
2677 4040 2775 4096 est
2802 4033 3000 4115 (quod
3050 4035 3240 4097 nobis
3273 4016 3597 4115 innotuit)
3628 4016 3747 4117 qui

467 4143 761 4208 eamdem
808 4141 1169 4206 orationem
1233 4137 1558 4227 exhibeat.
1611 4141 1836 4221 Neque
1868 4153 2024 4202 vero
2073 4135 2248 4218 quod
2281 4138 2348 4199 in
2406 4136 2603 4200 unico
2633 4145 2885 4201 exstare
2915 4136 3136 4202 codice
3197 4140 3744 4220 deprehendatur,

472 4246 763 4327 prudens
806 4244 886 4304 de
947 4240 1128 4302 illius
1158 4246 1423 4303 auctore
1457 4236 1731 4301 dubium
1784 4237 2086 4318 ingerere
2116 4234 2422 4317 cuiquam
2453 4235 2682 4311 debet;
2723 4254 2870 4300 cum
2915 4236 3103 4316 plane
3155 4247 3428 4317 constet,
3454 4240 3744 4322 plurium

463 4355 801 4415 auctorum
831 4362 1027 4426 Opera
1063 4360 1195 4408 uno
1224 4345 1444 4408 codice
1482 4337 1691 4406 fuisse
1721 4348 2008 4413 servata;
2032 4341 2195 4422 quin
2244 4348 2454 4403 tamen
2487 4341 2552 4401 in
2587 4340 2862 4403 dubium
2893 4350 3197 4406 revocent
3236 4343 3477 4407 eruditi
3509 4362 3587 4408 an
3621 4362 3743 4409 au—

463 4450 662 4514 ctoris
687 4449 865 4511 illius
890 4447 976 4511 sit
996 4464 1190 4528 quem
1215 4447 1417 4510 codex
1443 4449 1582 4524 ipse
1604 4461 1733 4525 prae
1749 4460 1818 4507 se
1838 4441 1982 4507 fert.
2002 4446 2076 4506 Et
2099 4460 2181 4506 ne
2199 4442 2278 4505 ab
2296 4442 2498 4521 ipsius
2518 4441 2983 4524 't‘heOphylacti
3012 4446 3325 4522 operibus
3341 4449 3741 4511 recedamus.

466 4550 732 4615 unicum
792 4545 970 4628 quod
1028 4546 1248 4619 sciam,
1317 4546 1381 4608 in
1419 4542 1811 4607 bibliotheca
1870 4540 2663 4607 Bavarico-Monachiensi
2715 4543 3289 4624 exstatexemplar
3341 4547 3745 4612 Encomi‘iin

459 4658 759 4722 Alcxium
809 4654 1189 4717 Comncnum
1244 4652 1697 4725 imperatorem
1732 4673 1749 4714 ε
1793 4650 2201 4730 unicumque
2241 4647 2515 4713 fortasse
2546 4648 2609 4712 in
2645 4647 3035 4714 bibliotheca
3065 4651 3741 4721 Cmsareo-Vindobo-

466 4761 654 4825 uensi
688 4760 859 4839 (nam
901 4755 1076 4836 quod
1123 4752 1300 4817 aliud
1332 4753 1400 4816 in
1431 4752 1824 4817 Scorialensi
1851 4752 2313 4832 Hispaniarum
2342 4753 2512 4834 regis
2537 4752 2929 4817 bibliotheca
2960 4764 3255 4819 servetur
3284 4762 3639 4836 exemplar,
3676 4772 3742 4824 ut

469 4862 672 4944 aliqui
706 4863 946 4934 ferunt,
973 4856 1159 4920 nobis
1206 4852 1552 4936 incertum)
1587 4854 1882 4935 ejusdem
1919 4852 1984 4915 in
2031 4851 2356 4932 Epistolas
2391 4851 2752 4916 Catholica:
2793 4853 3280 4919 Commentarii.
3313 4858 3401 4919 Ex
3431 4859 3552 4921 alia
3589 4878 3742 4926 vero

469 4974 646 5050 parte
678 4967 840 5031 nihil
898 4973 1020 5030 hoc
1053 4965 1119 5029 in
1156 4979 1461 5027 sermone
1498 4960 1760 5039 legitur,
1814 4958 1989 5042 quod
2049 4963 2296 5021 auctori
2331 4957 2816 5040 'l‘heOphylacto
2851 4977 2978 5023 non
3032 4972 3364 5044 congruat.
3402 4967 3737 5049 Quidquid

463 5078 531 5141 in
556 5091 635 5139 eo
662 5081 978 5147 narratur,
1015 5070 1339 5152 praecessit
1371 5085 1525 5130 sane
1566 5072 1815 5129 mtatem
1844 5064 2077 5144 ipsius.
2113 5063 2364 5142 Slylum
2399 5063 2634 5142 pariter
2671 5082 2704 5128 a
2731 5066 3195 5149 TheOphylactl
3253 5072 3448 5151 genio
3486 5093 3738 5156 nequa-

466 5194 661 5258 quam
697 5174 1033 5247 a‘bludere,
1069 5186 1285 5243 nemo,
1321 5180 1390 5232 ut
1420 5166 1717 5237 arbitror,
1751 5162 2001 5227 inﬁcias
2029 5160 2245 5239 iverit,
2276 5164 2391 5242 qui
2447 5162 2513 5224 in
2550 5161 2842 5242 legendis
2881 5166 3162 5230 auctoris
3192 5166 3395 5250 hujus
3427 5175 3739 5253 cperlbus

468 5283 783 5363 tantisper
835 5284 1128 5345 versatus
1181 5277 1287 5342 sit.
1352 5273 1603 5355 Duplex
1652 5273 1828 5336 enim
1877 5269 2114 5354 {quoad
2174 5269 2571 5349 comperisse
2630 5270 2785 5333 mihi
2842 5271 3097 5353 videor)
3131 5274 3197 5336 in
3228 5258 3306 5338 eo
3346 5277 3494 5358 styli
3528 5298 3739 5360 genus

465 5383 822 5450 occurrit:
895 5379 1428 5457 alterum,.quo
1515 5390 1674 5438 usus
1748 5378 1846 5436 est
1939 5372 2005 5432 in
2086 5370 2560 5450 Scripturarum
2638 5370 3131 5436 Commentariis
3207 5379 3740 5457 conscribendis;

466 5487 769 5563 alterum,
859 5498 991 5565 quo
1079 5479 1431 5561 epistolas,
1521 5486 1584 5541 et
1663 5473 2012 5557 peculiaria
2087 5474 2376 5554 quaedam
2443 5474 2809 5553 opuscula,
2867 5475 3007 5540 sive
3072 5495 3407 5546 sermones
3498 5488 3742 5552 oratio-

469 5604 717 5668 nesque
806 5581 1101 5666 digessit.
1203 5582 1275 5645 In
1360 5580 1441 5643 iis
1520 5579 1852 5659 prioribus
1944 5576 2360 5656 perﬁciendis
2440 5577 2769 5659 pellucido
2844 5580 3355 5664 planissimeque
3415 5604 3575 5651 usus
3638 5597 3739 5654 est

466 5691 674 5774 stylo;
756 5705 875 5752 seu
938 5684 1115 5767 quod
1194 5685 1264 5748 in
1337 5699 1417 5747 eo
1480 5681 1807 5746 scribendi
1880 5697 2117 5761 genere
2199 5679 2374 5742 hunc
2438 5680 2685 5742 caeteris
2746 5681 3240 5747 anteferendum
3304 5687 3735 5769 existimaret;

465 5810 583 5858 seu
644 5790 819 5871 quod
892 5787 1198 5862 aliorum,
1246 5801 1524 5867 quorum
1587 5782 2095 5846 Commentarios
2167 5782 2233 5845 in
2284 5782 2742 5860 compendium
2800 5783 3164 5866 redigeret,
3255 5804 3329 5851 ac
3383 5793 3736 5870 praesertim

467 5894 967 5976 Chrysostomi,
1043 5888 1430 5971 plerumque
1537 5886 1732 5952 verba
1824 5887 2175 5966 usurparit.
2256 5885 2570 5959 Quocirca
2642 5902 2724 5949 ex
2803 5886 3172 5954 istiusmodi
3247 5891 3730 5959 Commentariis
