4192 6294
331 377 450 440 429
1230 377 1309 438 1N
1338 374 1768 446 SEQUENTIA
1806 375 2389 438 TIlEOI‘HYL.\C'l‘I
2431 377 2769 439 SCBH‘TA.
3493 372 3599 434 430

339 489 676 569 prOprium
735 491 1199 573 Theoiihylacti
1247 493 1486 573 stylum
1543 493 1940 571 deprehendi
1993 510 2118 556 non
2176 511 2388 574 posse,
2443 509 2607 556 reor.
2670 495 2744 554 At
2799 492 2866 555 in
2919 491 3064 555 aliis
3126 492 3452 575 Opetibus,
3487 494 3593 558 ubi

342 605 430 650 ex
452 607 573 652 suo
605 590 802 653 veluti
838 609 1008 670 penu
1038 597 1104 654 et
1132 608 1325 654 sensa
1359 600 1423 653 et
1450 592 1640 654 verba
1659 593 2001 670 depromit,
2033 592 2243 654 altiori
2292 591 2776 671 di‘ﬂiciliorique
2809 599 2868 654 et
2903 592 3118 655 minus
3140 596 3363 673 pervio
3395 599 3597 658 utitur

338 690 560 770 style;
596 691 710 772 qui
767 692 980 772 stylus
1027 707 1334 770 perquam
1368 689 1745 752 simillimus
1784 690 1878 752 illi
1913 697 2012 752 est
2053 705 2184 769 quo
2238 690 2533 772 plerique
2565 693 2912 771 scriptores
2967 691 3171 755 Grazci
3199 693 3374 757 illius
3417 696 3534 759 aevi
3563 713 3597 761 a

339 776 1096 878 majorum-simplicitate
1129 802 1192 858 et
1233 795 1511 874 puritate
1550 795 1809 858 dicendi
1851 795 2249 871 recedentes,
2286 797 2377 858 uti
2427 797 2744 860 solebant.
2776 800 2843 860 In
2881 797 2981 860 his
3005 798 3222 879 itaque
3255 799 3598 880 Thcoiihy-

336 897 550 963 lactus
573 916 742 979 saepe
773 899 1008 979 saepius
1035 897 1450 978 metaphoris,
1486 897 1817 979 allegoriis
1873 897 2152 975 aliisque
2181 898 2606 963 vividioribus
2635 898 2837 977 tropis
2869 901 3007 961 sive
3039 901 3284 981 figuris,
3302 909 3366 964 et
3397 901 3596 980 proli-

336 1004 524 1066 xiore
551 1002 841 1082 periodo,
870 1017 943 1064 ac
973 1000 1231 1063 demum
1264 999 1604 1074 solutiore,
1637 1017 1752 1062 seu
1787 998 1990 1081 magis
2024 998 2342 1079 implicata
2380 1001 2581 1063 utitur
2615 999 2854 1080 phrasi.
2892 1002 3135 1064 Passim
3168 1003 3356 1066 etiam
3389 1003 3597 1065 inter-

335 1107 500 1173 serit
557 1107 901 1185 Scriptura:
950 1106 1140 1167 verba
1196 1120 1325 1168 non
1358 1121 1430 1168 ea
1463 1111 1708 1167 tantum
1739 1104 1819 1167 de
1865 1121 2078 1179 causa,
2113 1112 2182 1166 ut
2210 1103 2393 1166 illius
2423 1105 2798 1168 auctoritate
2834 1122 2951 1168 sua
2987 1122 3175 1168 sensa
3225 1105 3596 1182 confirmet;

335 1215 456 1274 sed
483 1209 675 1272 etiam
714 1217 784 1273 ut
807 1224 878 1272 ea
905 1207 1117 1270 verbis
1149 1207 1462 1287 exprimat
1488 1206 1980 1285 Scripturarum.
2014 1209 2149 1270 Hoc
2181 1207 2439 1270 dicendi
2475 1225 2710 1289 genere
2738 1214 2984 1270 constat
3032 1224 3308 1288 praesens
3345 1209 3548 1272 oratio
3576 1233 3594 1275 :

337 1312 457 1378 sed
491 1311 644 1392 quia
679 1311 1066 1392 plerumque
1106 1319 1392 1373 versatur
1418 1310 1481 1374 in
1523 1310 1716 1374 rebus
1749 1309 2100 1382 historicis,
2130 1310 2282 1373 ideo
2314 1309 2503 1388 paulo
2530 1309 2719 1373 etiam
2752 1311 2982 1372 clarior
3011 1311 3389 1392 pleniorque
3422 1313 3593 1376 vide-

336 1427 446 1481 tur
480 1433 624 1479 esse
657 1416 759 1481 hic
783 1434 976 1498 quam
1011 1415 1189 1479 alibi.
1227 1417 1539 1481 Caeterum
1595 1415 1929 1479 nonnullae
1965 1415 2223 1478 dicendi
2258 1415 2522 1492 phrases
2554 1413 3034 1493 TheOphylacto
3076 1415 3171 1497 (ut
3200 1415 3356 1478 alias
3381 1415 3595 1480 obser-

340 1520 665 1599 vavimus)
693 1517 1040 1582 familiares
1061 1519 1418 1582 identidem
1449 1519 1552 1583 hic
1586 1536 1846 1600 quoque
1879 1520 2497 1582 recurrunt.Prmter
2518 1517 2669 1598 styli
2702 1518 3012 1580 rationem
3049 1519 3380 1583 nonnullae
3404 1525 3594 1586 etiam

335 1624 822 1705 TheOpbylacto
854 1623 1070 1687 favent
1101 1625 1460 1700 sententim,
1524 1642 1642 1688 seu
1674 1625 1864 1699 dicta,
1889 1641 2035 1706 qum
2062 1632 2388 1688 auctorem
2444 1624 2508 1686 in
2544 1622 2836 1704 Bulgaria
2865 1624 3250 1688 scribentem
3303 1627 3596 1702 pressefe-

337 1736 492 1790 runt
556 1744 573 1786 :
630 1735 700 1788 ut
755 1744 900 1790 cum
953 1725 1325 1807 quindecim
1394 1733 1710 1806 martyres
1769 1727 1992 1807 Bulgar

1941 1727 2082 1790 arias
2161 1727 2648 1805 thaumaturgos
2709 1725 2988 1805 appellat
3043 1727 3237 1797 ἁγίους
3287 1731 3412 1795 τοὺς
3474 1731 3596 1787 καθ’

335 1837 514 1908 ἡμᾶς,
547 1838 796 1894 sanctos
822 1841 1098 1907 nostros,
1126 1832 1223 1894 vel
1257 1832 1368 1912 qui
1395 1831 1567 1913 apud
1593 1850 1708 1892 nos
1731 1842 1902 1894 sunt.
1945 1831 2290 1911 Bulgarum
2339 1846 2626 1910 quoque,
2660 1846 2775 1892 seu
2808 1829 3122 1910 Bulgaria;
3181 1830 3481 1906 ineolam,
3528 1833 3592 1894 ni

336 1931 557 2010 fallor,
588 1951 658 1996 se
689 1950 835 1996 esse
865 1933 1252 2010 subindicat,
1287 1933 1440 1998 dum
1486 1933 1796 2014 singulari
1836 1935 2112 2014 quadam
2155 1929 2657 2006 incredibilique
2693 1928 2909 1992 laetitia
2941 1930 3025 1993 ob
3060 1928 3484 2010 Bulgarorum
3514 1934 3593 1996 ad

333 2034 532 2097 fidem
575 2034 946 2098 catholicam
1001 2037 1495 2099 conversionem
1565 2035 1868 2108 exsultat,
1925 2041 2320 2114 eosdemque
2377 2033 2506 2115 jam
2564 2032 2864 2096 ﬁdelibus
2915 2040 3288 2113 aggregatos
3319 2039 3594 2096 summis

336 2139 644 2204 laudibus
698 2140 882 2204 effert
914 2163 931 2218 ;
965 2149 1155 2222 atque
1185 2143 1377 2206 etiam
1430 2139 1582 2205 dum
1619 2141 1978 2221 peculiares
2021 2140 2440 2221 Bnlgarorum
2500 2137 3014 2201 consuetudines
3061 2137 3185 2200 sibi
3233 2147 3592 2218 perspectas

335 2261 486 2306 esse
519 2245 815 2322 patefacit
848 2267 864 2320 ;
923 2254 991 2310 ut
1022 2233 1168 2309 cum
1203 2264 1307 2310 ex.
1337 2265 1396 2329 g.
1435 2245 1648 2323 refert,
1680 2226 1990 2328 Bulgaros
2023 2245 2234 2309 facere
2264 2250 2824 2308 consuessetantae
2862 2243 3329 2324 magnitudinis
3365 2259 3590 2324 panes.

337 2351 409 2407 ut
446 2360 670 2408 eorum
703 2335 980 2426 quilibet
1013 2349 1232 2413 decem
1268 2349 1636 2413 saturandis
1677 2349 2050 2414 hominibus
2081 2350 2235 2412 satis
2269 2356 2460 2412 esset.
2490 2349 2873 2429 Quanquam
2920 2347 3093 2412 enim
3140 2347 3274 2410 hare
3314 2345 3422 2410 alii
3457 2350 3594 2411 cui-

335 2464 469 2527 que
496 2448 562 2511 in
590 2450 890 2530 Bulgaria
924 2453 1231 2518 scribenti
1267 2471 1397 2519 non
1429 2455 1779 2518 convenire
1801 2471 1929 2518 non
1979 2455 2275 2534 possint;
2304 2455 2454 2536 quia
2483 2461 2694 2518 tamen
2729 2471 2918 2516 nemo
2949 2453 3114 2516 alius
3150 2453 3340 2517 istius
3369 2461 3594 2517 auctor

335 2555 644 2630 Opusculi
671 2556 957 2634 effertur,
993 2560 1146 2624 ideo
1170 2560 1717 2640 Theophylactum
1749 2560 1928 2625 illius
1959 2578 2102 2624 esse.
2136 2570 2487 2642 parentem,
2532 2561 2701 2625 haud
2740 2562 2988 2634 leviter,
3025 2577 3170 2625 meo
3204 2561 3592 2644 quidemju-

338 2659 538 2730 dicio,
571 2657 972 2722 confirmant.

417 2761 625 2824 XVII.
663 2764 800 2825 Jam
841 2779 992 2826 vero
1042 2763 1096 2824 si
1152 2761 1666 2844 TheOphylactus
1697 2763 1891 2845 hujus
1939 2764 2257 2828 sermonis
2317 2773 2538 2828 auctor
2571 2765 2903 2839 habeatur,
2941 2772 3009 2827 ut
3052 2764 3414 2829 habendum
3449 2783 3594 2831 esse

343 2880 614 2939 censeo,
668 2865 950 2945 prudens
999 2883 1152 2930 sane
1183 2867 1454 2930 dubium
1489 2867 1732 2932 nemini
1779 2869 2046 2933 subesse
2099 2872 2352 2948 poterit,
2385 2871 2546 2951 quin
2592 2870 2896 2934 historica
2929 2869 3103 2934 illius
3135 2873 3413 2934 narratio
3444 2888 3593 2937 cum

341 2965 607 3027 veritate
631 2963 823 3046 plane
865 2965 1225 3028 consentiat
1261 2984 1276 3024 :
1331 2984 1548 3048 neque
1592 2967 1764 3031 enim
1787 2968 2004 3032 simile
2039 2985 2188 3033 vero
2223 2977 2344 3043 est,
2379 2986 2634 3050 gravem
2671 2969 2857 3033 illum
2886 2971 3344 3052 eruditumque
3385 2973 3592 3034 virum

339 3067 634 3147 putidam
692 3067 1029 3148 adoptasse
1087 3066 1408 3144 fabellam,
1453 3085 1724 3150 eamque
1781 3071 2108 3134 venditare
2165 3070 2310 3133 aliis
2343 3070 2655 3134 voluisse.
2694 3071 2818 3133 Sed
2878 3071 3294 3152 quidquidin
3330 3073 3445 3136 hac
3474 3091 3594 3139 sua

339 3170 639 3234 oratione
672 3179 907 3246 narrat,
941 3171 1108 3235 illud
1139 3170 1328 3236 facile
1368 3180 1615 3254 poterat
1647 3172 1745 3234 vel
1771 3190 1856 3234 ex
1883 3171 2103 3254 aliquo
2145 3181 2566 3236 monumento
2602 3173 2669 3235 in
2701 3171 3016 3255 Bulgaria:
3045 3173 3382 3238 tabulariis
3422 3177 3595 3239 exsi-

337 3278 576 3346 stente,
611 3275 709 3336 vel
751 3291 830 3337 ex
887 3283 1057 3340 certa
1086 3277 1493 3358 perennique
1525 3279 1879 3342 incolarum
1915 3278 2257 3342 traditione
2299 3286 2699 3358 perspectum
2733 3280 2988 3344 habere.
3027 3281 3103 3342 Et
3133 3297 3314 3353 sane,
3341 3280 3624 3344 tametsi

337 3373 576 3438 horum
658 3386 1010 3460 martyrum
1097 3381 1311 3460 passio
1367 3381 1570 3446 multo
1625 3391 1770 3446 ante
1821 3383 2200 3465 contigerit,
2251 3383 2370 3447 hoc
2425 3391 2519 3446 est
2575 3391 2801 3464 quarto
2875 3381 3238 3446 declinante
3289 3380 3594 3446 Ecclesia;

333 3476 604 3552 smeulo,
637 3477 897 3543 Juliano
936 3485 1240 3562 Apostata‘
1264 3485 1646 3564 imperante,
1683 3487 2012 3550 translatio
2074 3496 2282 3550 tamen
2314 3487 2575 3551 illorum
2608 3504 2946 3566 corporum
2994 3503 3120 3550 non
3153 3487 3312 3549 adeo
3347 3494 3592 3548 remota

334 3579 556 3643 fuerat
584 3596 618 3642 a
648 3579 1110 3663 TheOphylacti
1137 3592 1340 3660 aetate,
1366 3595 1435 3649 ut
1469 3595 1638 3649 certa
1665 3585 1724 3648 ei
1758 3595 2098 3666 suppetere
2131 3594 2545 3650 monumenta
2573 3604 2697 3650 non
2734 3598 2996 3665 possent
3031 3601 3046 3647 :
3078 3583 3289 3647 solum
3340 3585 3589 3665 quippe

338 3683 674 3763 praecessit
715 3683 969 3748 duobus
995 3686 1250 3750 circiter
1280 3687 1534 3750 smeulis
1566 3689 1660 3769 (ut
1686 3705 1764 3750 ex
1801 3687 2098 3750 dicendis
2127 3686 2290 3752 infra
2321 3687 2655 3764 constabit)
2690 3685 2869 3748 illius
2903 3685 2966 3749 in
3001 3685 3298 3764 Bulgaria
3337 3689 3593 3769 episeo-

341 3791 591 3865 patum.
640 3785 733 3846 Ex
781 3801 920 3866 quo
976 3805 1165 3851 nemo
1194 3805 1322 3852 non
1381 3788 1574 3864 videt,
1611 3806 1802 3870 quam
1852 3788 2040 3853 facile
2071 3790 2194 3853 hoc
2237 3791 2546 3869 temporis
2603 3787 2938 3850 intervallo
2972 3785 3214 3850 servari
3255 3791 3485 3869 possit,
3518 3809 3593 3857 ac

337 3888 548 3950 soleat
581 3887 673 3950 rei
699 3889 1000 3970 alicujus,
1041 3909 1186 3972 qum
1217 3892 1424 3972 magni
1457 3892 1761 3955 momenti
1793 3891 1900 3966 sit,
1928 3891 2310 3963 recordatio,
2347 3891 2592 3954 tametsi
2631 3888 2880 3952 nullum
2917 3889 3176 3952 visibile
3205 3906 3594 3957 monumen-

334 3997 478 4053 tum
511 3991 816 4069 supersit.
838 3995 1026 4069 Quod
1049 4011 1198 4055 vcro
1236 3994 1309 4055 ad
1335 3993 1670 4072 praedictos
1693 3993 1921 4056 attinet
1951 4001 2285 4074 martyres,
2321 3991 2528 4055 adhuc
2557 3987 3018 4071 Theophylacti
3071 3998 3354 4071 tempore
3389 3993 3590 4057 stabat

335 4093 437 4177 (ut
469 4111 550 4156 ex
575 4112 875 4158 sermone
906 4095 1046 4174 ipso
1075 4094 1295 4175 colligi
1333 4112 1521 4172 posse
1555 4095 1831 4174 videtur)
1862 4092 2176 4172 templum
2212 4094 2277 4157 in
2321 4092 2695 4155 eorumdem
2730 4099 3079 4172 martyrum
3119 4091 3430 4156 honorem
3476 4113 3592 4156 ex-

337 4201 691 4274 structum;
721 4197 1054 4260 exstabant
1079 4206 1139 4260 et
1167 4215 1327 4260 arere
1347 4196 1586 4276 quibus
1611 4197 1854 4260 occlusi
1885 4195 2132 4259 cineres
2165 4203 2457 4268 erant,ae
2487 4194 2747 4256 demum
2784 4210 3152 4256 marmoreae
3185 4192 3416 4256 tabulae
3448 4213 3591 4275 quas

335 4293 605 4360 illorum
637 4314 834 4362 urnas
897 4297 1217 4376 principio
1246 4305 1702 4360 .contexerant.
1736 4299 1828 4358 Ex
1865 4294 1961 4357 his
1994 4311 2170 4370 vero,
2239 4304 2461 4375 utpote
2529 4295 2765 4375 quibus
2793 4296 3206 4375 singulorum
3236 4307 3590 4378 martyrum

337 4396 605 4460 nomina
636 4397 942 4476 inscripta
969 4405 1174 4472 erant,
1201 4407 1263 4460 et
1297 4401 1439 4462 vitea
1467 4413 1695 4479 genus,
1729 4407 1791 4460 et
1822 4396 2122 4475 dignitas,
2150 4395 2530 4472 etoﬂicium,
2572 4405 2640 4458 ut
2674 4397 3192 4476 TheOphylactus
3229 4397 3365 4477 ipse
3399 4407 3592 4463 testa-

337 4506 468 4576 tur,
509 4501 768 4563 haurire
801 4501 985 4564 facile
1019 4501 1254 4581 potuit,
1288 4518 1434 4580 qum
1462 4500 1664 4564 multo
1684 4507 1852 4571 ante,
1881 4497 2188 4560 nimirum
2225 4498 2346 4560 sub
2379 4499 2639 4560 Juliano
2663 4498 3306 4580 contigerant,eaque
3342 4518 3589 4565 memo-

339 4605 452 4668 ria
491 4605 832 4668 hominum
871 4608 1282 4682 sempiternm
1318 4619 1614 4664 sermone
1652 4601 1770 4663 hoc
1800 4598 2608 4673 commendare.Quocirca
2641 4613 2767 4660 non
2816 4602 3004 4658 Video
3052 4615 3168 4660 cur
3210 4601 3361 4665 huic
3391 4602 3590 4668 histo-

338 4708 453 4773 rias
477 4707 747 4788 (tametsi
777 4686 856 4770 ab
884 4706 1010 4769 alio
1042 4707 1345 4787 quopiam
1365 4705 1634 4767 minoris
1654 4701 2134 4783 TheOphylacto
2158 4699 2552 4763 auctoritatis
2584 4699 2942 4777 conscripta
2959 4699 3151 4780 esset)
3171 4700 3586 4784 fidesintegra

336 4813 630 4879 habenda
665 4827 794 4874 non
841 4811 958 4886 sit;
995 4809 1118 4873 nisi
1151 4809 1314 4872 forte
1366 4809 1653 4871 videatur
1677 4808 1910 4870 obesse
1952 4805 2154 4868 altum
2178 4805 2257 4867 de
2310 4821 2377 4866 re
2409 4803 2524 4865 hac
2555 4810 2923 4866 cmterorum
2964 4804 3343 4881 scriptorum
3377 4809 3583 4871 silen-

337 4919 540 4990 tium;
573 4931 646 4978 ac
679 4912 855 4994 quod
889 4930 1100 4994 neque
1133 4913 1198 4974 in
1222 4914 1591 4975 Grazcorum
1623 4909 1914 4983 Menaeis,
1947 4927 2161 4988 neque
2193 4909 2257 4970 in
2307 4907 2750 4970 Buthenorum
2781 4915 2889 4969 aut
2913 4908 3321 4972 Moschorum
3363 4912 3588 4974 Meno-

329 5017 530 5097 logiis
552 5016 832 5096 prmdicti
857 5025 1168 5094 martyres
1200 5015 2056 5078 commemorentur.Verum
2095 5011 2305 5091 quoad
2343 5008 2811 5089 primum,qnis
2834 5017 3011 5072 certo
3041 5026 3330 5074 asserere
3364 5022 3584 5093 queat,

332 5125 535 5193 hunc,
568 5122 647 5184 de
677 5133 808 5200 quo
838 5117 1114 5196 agimus,
1183 5114 1490 5177 duntaxat
1525 5122 1849 5177 auctorem
1911 5113 2327 5194 consignasse
2353 5110 2582 5172 litteris
2638 5109 2865 5173 horqu
2897 5112 3016 5175 XV
3047 5118 3397 5194 martyrum
3436 5131 3585 5179 cum

337 5226 688 5309 passionis,
719 5230 854 5286 tum
889 5239 1114 5309 eorum
1149 5220 1583 5283 translationis
1617 5219 1973 5281 historiam.
2029 5234 2175 5280 cum
2237 5223 2458 5277 notum
2518 5213 3054 5292 exploratumque
3103 5212 3207 5285 sit,
3270 5213 3584 5293 permulta

337 5307 626 5392 veterum
658 5307 1044 5404 scriptorum
1079 5341 1274 5404 Opera
1309 5321 2042 5402 penitusintercidisse?
2091 5319 2340 5381 Deinde
2372 5325 2526 5397 quot
2552 5316 2867 5378 habentur
2897 5321 2967 5376 ut
3004 5321 3175 5376 certa
3205 5319 3337 5376 tum
3371 5314 3436 5378 in
3478 5334 3584 5378 ec-

331 5428 719 5502 clesiastica,
766 5436 898 5489 tum
932 5425 1125 5488 etiam
1158 5426 1224 5487 in
1267 5423 1528 5504 profana
1590 5422 1884 5494 historia,
1937 5437 2081 5501 qum
2133 5419 2330 5481 unius
2391 5423 2633 5480 tantum
2682 5413 3018 5493 scriptoris
3079 5415 3454 5479 auctoritate
3511 5436 3585 5484 ac

333 5530 702 5596 testimoitio
751 5523 1096 5590 nituntur?
1146 5525 1499 5588 Praesertim
1541 5524 1684 5586 vitm
1723 5539 1795 5586 ac
1824 5531 1998 5603 gesta
2031 5529 2395 5584 sanctorum
2433 5515 2779 5596 aliquando
2809 5513 3000 5576 unius
3051 5513 3241 5577 etiam
3274 5534 3586 5601 anonymi

336 5634 700 5698 narratione
735 5631 1171 5692 innotescunt.
1233 5631 1310 5689 At
1343 5619 1687 5705 peculiaris
1740 5628 1807 5687 in
1844 5641 1996 5687 casu
2029 5633 2246 5685 nostro
2276 5619 2482 5701 potuit
2513 5620 2780 5680 subesse
2807 5617 2990 5693 ratio,
3025 5635 3138 5680 cur
3167 5635 3291 5682 non
3329 5622 3408 5684 ab
3429 5623 3582 5688 aliis

333 5738 662 5801 memoria;
688 5731 1008 5812 proditum
1045 5731 1130 5792 sit
1162 5728 1538 5792 eorumdem
1581 5726 1982 5805 martyrium.
2021 5727 2080 5786 Si
2118 5726 2290 5789 enim
2329 5732 2387 5784 et
2425 5721 2572 5795 loci,
2597 5727 2659 5782 et
2697 5719 3032 5800 temporis,
3069 5739 3198 5801 quo
3233 5721 3292 5782 id
3327 5726 3579 5796 accidit.

334 5841 492 5903 ratio
544 5838 874 5906 habeatur,
912 5835 1194 5916 quisque
1253 5833 1465 5898 statim
1531 5833 1874 5912 intelliget,
1911 5850 2042 5894 rem
2100 5833 2256 5897 ham:
2285 5829 2585 5893 facillime
2619 5825 2798 5889 illius
2833 5825 3324 5906 mviscriptores
3353 5828 3578 5912 fugere
