4192 6294
583 213 687 281 431
1634 228 2012 293 BONIFACII
2048 233 2350 296 FINETTI
2385 233 2777 297 PRzEFATIO
3728 236 3841 302 432

588 332 902 411 potuisse.
938 335 1190 400 Etenim
1224 352 1301 402 eo
1334 346 1615 420 tempore
1632 341 1925 423 martyrii
1962 341 2232 421 palmam
2265 352 2413 407 sunt
2443 345 2680 425 adepti,
2714 360 2844 425 quo
2860 341 3162 408 Julianus
3181 347 3480 424 Apostata
3513 344 3837 411 labentem

586 437 967 503 idololatrim
994 443 1240 505 cultum
1263 446 1509 526 erigere
1537 456 1729 529 atque
1762 449 1827 511 in
1860 448 2209 528 pristinum
2240 449 2552 512 honorem
2583 450 2925 513 restituere
2954 449 3697 532 adnitebatur;adeoque
3727 468 3837 518 res

582 538 1098 605 Christianorum
1128 544 1548 626 iniquissimo
1582 548 1721 611 loco
1771 557 1951 611 erant
1984 567 2002 606 :
2036 558 2097 611 et
2128 548 2428 630 plerique
2466 548 2726 613 illorum
2764 549 2860 615 vel
2894 554 3195 614 miseram
3256 548 3326 613 in
3375 552 3608 614 exsilio
3638 554 3835 615 vitam

583 640 943 721 degebant,
1000 644 1095 705 vel
1139 662 1254 723 per
1311 646 1703 711 solitudines
1744 655 2129 731 montesque
2174 658 2407 730 sponte
2436 668 2555 713 sua
2586 651 3156 735 errabant._Locus
3194 668 3346 714 vero
3371 652 3478 714 ubi
3522 663 3836 733 martyres

580 742 983 818 occubuere,
1018 745 1218 825 magis
1252 746 1604 823 impervius
1656 750 2044 830 abditusque
2079 766 2227 813 esse
2261 751 2364 813 vix
2423 759 2691 831 poterat,
2724 754 3033 817 nimirum
3076 753 3231 815 urbs
3280 756 3655 836 perexigua,
3687 756 3836 820 sive

582 842 961 921 Oppidulum
1001 846 1321 924 quoddam
1348 845 1413 908 in
1448 847 1765 913 altissimo
1790 852 2025 915 montis
2057 851 2254 914 Haemi
2306 852 2641 916 cacumine
2672 853 2959 935 positum
2994 875 3006 913 :
3037 854 3182 917 talis
3213 856 3387 919 enim
3420 874 3498 919 eo
3538 867 3834 938 tempore

582 945 1014 1025 Tiberioitolis
1045 956 1201 1024 erat,
1234 958 1299 1012 ut
1325 948 1487 1013 infra
1519 953 1959 1019 ostendemus.
1985 956 2152 1030 Quid
2202 955 2423 1036 itaque
2462 956 2722 1031 mirum,
2756 956 3003 1020 si-intra
3051 958 3232 1021 illius
3269 959 3506 1021 limites
3548 961 3659 1021 diu
3694 980 3840 1039 per-

579 1048 739 1109 stitit
788 1052 1301 1130 praestantissimi
1366 1056 1556 1133 hujus
1595 1055 1903 1138 triumphi
1965 1060 2229 1123 notitia?
2254 1061 2440 1135 Quod
2482 1061 2537 1123 si
2582 1079 2685 1124 res
2720 1060 2803 1123 ita
2836 1079 2905 1125 se
2956 1061 3202 1137 habuit,
3240 1080 3321 1124 ne
3368 1063 3529 1126 illud
3559 1065 3829 1144 quidem

578 1150 812 1212 mirqu
847 1153 1196 1223 videbitur.
1235 1158 1407 1234 quod
1443 1156 1509 1220 in
1537 1158 1903 1223 Graecorum
1968 1164 2232 1225 Menaeis
2270 1164 2649 1227 eorumdem
2701 1163 2944 1227 mentio
2976 1164 3409 1239 desideretur,
3440 1172 3631 1245 atque
3662 1166 3833 1227 adeo

578 1256 643 1315 in
680 1254 1067 1333 Menologiis
1122 1258 1571 1322 Rutbenorum
1598 1264 2239 1343 atqueMoschorum,
2290 1274 2509 1345 utpote
2534 1282 2682 1347 qum
2739 1283 2817 1328 ex
2854 1266 3091 1329 Grmcis
3119 1265 3455 1343 desumpta
3490 1267 3833 1329 translata-

573 1378 704 1439 que
759 1371 932 1425 sunt.
958 1363 1145 1438 Quod
1188 1364 1243 1424 si
1300 1362 1365 1423 in
1426 1364 1525 1425 his
1568 1366 2038 1445 posterioribus
2078 1372 2505 1446 quorumdam
2557 1369 2661 1429 ﬁat
2707 1358 3237 1430 commemoratio
3297 1381 3688 1442 sanctorum,
3740 1372 3828 1433 de

572 1463 815 1544 quibus
844 1463 1222 1547 nullaame
1263 1465 1520 1528 Graecos
1552 1477 1648 1530 est
1677 1469 1945 1544 mentio,
1974 1486 2055 1531 ex
2084 1469 2167 1532 iis
2212 1469 2309 1532 illi
2364 1477 2515 1531 sunt
2548 1486 2826 1550 quorum
2861 1468 3167 1533 memoria
3197 1471 3557 1536 celebratur
3586 1472 3650 1535 in
3679 1474 3833 1535 uni-

571 1584 758 1630 versa
802 1570 1251 1634 Ruthenorum
1313 1571 1626 1645 Ecclesia,
1660 1586 1791 1634 non
1849 1587 1928 1633 ex
1961 1586 2186 1633 eorum
2224 1589 2499 1635 numero
2524 1621 2542 1649 ,
2590 1588 2869 1653 quorum
2893 1569 3211 1635 festivitas
3242 1572 3521 1655 alicujus
3565 1574 3689 1638 loci
3721 1574 3822 1638 vel

571 1672 856 1753 regionis
886 1674 967 1736 sit
1002 1675 1300 1754 propria;
1334 1672 1702 1755 cujusmodi
1735 1672 1993 1735 videtur
2021 1688 2167 1735 esse
2200 1672 2434 1735 horum
2462 1674 2578 1736 XV
2600 1673 3078 1754 martyrum,de
3112 1674 3353 1755 quibus
3389 1677 3453 1739 in
3481 1678 3823 1757 praesentia

570 1784 668 1839 est
700 1791 940 1839 sermo.
974 1776 1185 1856 Hujus
1240 1777 1415 1838 enim
1446 1774 1704 1854 generis
1738 1780 2103 1837 sanctorum
2137 1773 2444 1837 memoria
2495 1791 2627 1839 non
2686 1776 2753 1838 in
2792 1774 3247 1840 communibus
3285 1778 3573 1852 Menaeis,
3603 1780 3715 1841 sed
3749 1777 3821 1841 in

569 1878 1006 1959 peculiaribus
1042 1878 1188 1952 loci,
1214 1879 1322 1941 ubi
1369 1878 1583 1942 cultus
1612 1894 1838 1941 eorum
1860 1877 2055 1957 viget,
2087 1877 2326 1941 tabulis
2349 1878 2727 1959 consignata
2758 1896 2903 1943 esse
2940 1879 3103 1943 solet
3128 1880 3417 1960 :qualem
3441 1884 3818 1944 memoriam

568 1999 650 2045 ne
680 1980 854 2045 hisee
888 1983 1155 2063 quidem
1193 1982 1582 2061 martyribus
1619 1982 1873 2054 deesse,
1906 1977 2183 2042 inferius
2215 1981 2654 2043 ostendemus.
2688 1982 2929 2045 Verum
2968 1979 3091 2043 etsi
3147 1980 3324 2043 nulla
3355 1982 3625 2051 omnino
3664 1975 3823 2045 alibi

569 2085 815 2148 mentio
867 2085 948 2148 de
998 2085 1245 2147 eisdem
1305 2091 1698 2158 occurreret,
1733 2081 1898 2145 nihil
1963 2080 2113 2144 inde
2162 2080 2562 2144 auctoritatis
2610 2091 2672 2147 et
2710 2084 2899 2162 pretii
2948 2082 3101 2146 huic
3148 2083 3425 2147 orationi
3463 2086 3820 2147 detractum

564 2196 737 2250 esset
776 2188 948 2251 :imo
984 2187 1385 2266 praestantius
1410 2187 1507 2248 vel
1543 2203 1624 2249 ex
1652 2185 1770 2249 hoc
1802 2184 1944 2265 ipso
1968 2184 2396 2265 judicandum
2448 2183 2796 2257 videretur,
2836 2184 3545 2266 nobisqueimpensius
3591 2193 3819 2267 gratu-

564 2286 855 2361 landum,
900 2286 1072 2367 quod
1111 2288 1367 2349 tandem
1413 2285 1764 2367 aliquando
1802 2286 2065 2365 prodeat
2117 2286 2182 2348 in
2224 2286 2475 2360 lucem;
2507 2292 2569 2347 et
2616 2284 2903 2365 plurium
2962 2292 3310 2366 martyrum
3340 2284 3826 2366 thaumaturgn-

564 2410 843 2481 rumque
877 2392 1186 2455 memoria
1220 2393 1301 2455 ab
1325 2392 1697 2456 omnimoda
1721 2390 2054 2454 oblivione
2092 2396 2155 2453 et
2187 2390 2477 2454 tenebris
2506 2388 2893 2453 vindicetur.

642 2498 877 2561 XVIII.
913 2496 1085 2559 Talis
1115 2513 1187 2560 ac
1218 2504 1387 2560 tanta
1416 2497 1727 2560 orationis
1758 2494 1956 2579 hujus
1989 2494 2237 2559 utilitas
2278 2503 2472 2576 atque
2508 2495 2875 2576 prmstantia
2908 2493 3113 2559 levem
3156 2493 3310 2557 mihi
3342 2495 3470 2556 imo
3486 2501 3551 2555 et
3573 2492 3819 2572 jucun-

562 2598 718 2660 dum
754 2600 1215 2676 interpretandi
1262 2598 1654 2663 reddidisset
1685 2598 1994 2671 laborem,
2047 2598 2173 2661 nisi
2219 2597 2567 2680 apographi
2622 2600 2993 2672 Summa,ut
3024 2597 3216 2662 initio
3268 2598 3431 2671 dixi,
3499 2594 3821 2658 vitiositas

562 2702 729 2764 haud
763 2702 1091 2783 exiguam,
1118 2703 1253 2765 imo
1284 2701 1468 2765 valde
1502 2717 1792 2783 magnam
1826 2699 1982 2763 mihi
2022 2699 2385 2763 molestiam
2439 2705 2740 2764 creasset.
2766 2698 2915 2763 Erat
2947 2701 3193 2780 quippe
3228 2698 3372 2760 talis
3399 2714 3473 2761 ac
3521 2706 3714 2769 tanta,
3750 2703 3825 2758 ut

564 2802 939 2866 mendosius
994 2804 1349 2884 quidquam
1389 2804 1583 2867 scribi
1634 2803 1925 2884 potuisse
1977 2801 2083 2864 vix
2121 2809 2364 2882 putem.
2406 2803 2559 2865 Nam
2620 2800 2857 2880 passim
2901 2808 2967 2864 et
3021 2799 3377 2864 litterarum
3428 2796 3723 2873 variatio,
3754 2799 3824 2859 et
3926 2825 3933 2829 ·

564 2904 847 2984 plurium
878 2906 1205 2985 copulatio
1250 2905 1630 2975 dictionum,
1658 2911 1721 2967 et
1759 2924 1795 2969 e
1825 2902 2149 2967 contrario
2196 2904 2393 2965 unius
2448 2902 2876 2982 ejusdemque
2932 2902 3180 2964 divisio
3221 2903 3285 2965 in
3343 2917 3422 2964 eo
3459 2901 3821 2964 identidem

557 3005 960 3071 occurrebat.
986 3007 1371 3068 Praesertim
1426 3020 1573 3067 vero
1635 3005 1702 3065 in
1757 3002 2080 3066 vocalibus
2108 3011 2437 3081 peccatum
2470 3002 2748 3065 maxime
2783 3012 2879 3065 est
2930 3020 2945 3063 :
2985 3019 3128 3067 nam
3176 3002 3429 3067 vocales
3468 3012 3663 3084 atque
3700 3002 3811 3064 di-

561 3109 870 3189 phthongi
905 3156 921 3183 ,
981 3124 1126 3187 qum
1161 3109 1386 3169 eodem
1438 3124 1609 3170 nunc
1665 3121 1827 3170 sono
1896 3104 2216 3187 pronunti:

2161 3104 2396 3167 tiantur
2454 3120 2491 3167 a
2557 3102 2795 3167 Graecis
2826 3150 2842 3178 ,
2918 3120 3149 3184 nempe
3204 3105 3277 3185 ἦ,
3312 3134 3360 3180 t,
3395 3132 3460 3176 υ.
3493 3132 3578 3181 ει,
3607 3131 3693 3179 et,
3748 3130 3816 3182 ε,

556 3231 616 3269 αι
639 3253 656 3282 ,
697 3233 748 3285 ο,
774 3230 839 3286 ω,
871 3208 1433 3273 indiscriminatim
1466 3209 1694 3289 positae
1713 3205 2142 3286 sunt.Exquo
2168 3204 2353 3269 facile
2381 3204 3606 3286 colligas,amanuensem,quicodicem
3643 3209 3817 3271 unde

550 3295 967 3388 desumptum
997 3308 1435 3391 apographum
1485 3317 1603 3379 est,
1639 3310 1925 3373 exaravit
1957 3309 2046 3380 (in
2078 3308 2462 3388 scriptorem
2504 3309 2703 3370 nostri
2768 3306 3119 3386 apographi
3178 3306 3339 3371 hanc
3380 3306 3636 3389 culpam
3684 3324 3814 3372 non

556 3407 783 3471 cadere
819 3409 1086 3473 aliunde
1117 3410 1303 3491 scio),
1361 3401 1694 3491 ignorasse
1732 3410 1994 3489 penitus
2029 3412 2264 3475 Graeca;
2318 3411 2744 3490 grammaticae
2780 3412 2991 3494 leges;
3032 3421 3473 3492 praetereaque
3542 3427 3673 3473 non
3734 3430 3817 3474 ex

556 3514 701 3592 ipso
734 3514 1082 3595 exemplari
1134 3516 1342 3580 oculis
1383 3504 1724 3595 supposito
1761 3515 1881 3594 (sic
1908 3516 2082 3578 enim
2134 3518 2403 3591 litteras,
2459 3533 2605 3596 quae
2626 3524 2806 3579 erant
2836 3517 3363 3591 transcribendm,
3408 3515 3814 3595 perspiciens

558 3614 766 3675 rarius
798 3615 1209 3695 aberrasset),
1246 3617 1359 3678 sed
1404 3616 1686 3677 dictante
1716 3615 1964 3696 aliquo,
1998 3623 2060 3677 et
2082 3618 2266 3695 juxta
2299 3613 2688 3679 hodiernum
2719 3617 3082 3680 Graecorum
3118 3631 3357 3679 morem
3386 3614 3627 3675 litteras
3663 3630 3816 3694 pro-

556 3716 923 3793 nuntiante,
956 3731 1190 3779 senum
1223 3716 1492 3780 auribus
1526 3725 1897 3797 perceptum
1935 3718 2174 3780 Graecis
2208 3724 2541 3796 utcunque
2578 3715 2809 3779 litteris
2832 3719 3274 3799 consignasse.
3302 3718 3392 3780 Ex
3415 3734 3546 3797 quo
3574 3713 3808 3780 factum

549 3823 679 3891 est,
729 3824 794 3879 ut
826 3816 894 3880 in
925 3816 1213 3881 dictione
1246 3818 1626 3900 dissyllaba,
1652 3819 1751 3881 vel
1786 3818 2157 3897 trissyllaba
2190 3826 2469 3896 Quatuor
2500 3818 2597 3881 vel
2632 3820 2929 3900 quinque
2984 3820 3209 3882 menda
3255 3820 3629 3899 (praesertim
3663 3819 3716 3880 si
3751 3822 3814 3879 et

552 3918 903 4000 spirituum
938 3928 999 3983 et
1028 3929 1406 3985 accentuum
1440 3921 1747 3985 habeatur
1782 3920 1967 4003 ratio)
2005 3936 2129 3983 non
2176 3918 2624 4001 infrequenter
2657 3931 3094 3984 occurrerent.
3130 3922 3446 3996 Quantam
3498 3936 3649 3982 vero
3680 3917 3817 3983 haec

543 4023 705 4086 vitia
742 4023 987 4102 pariant
1017 4026 2045 4107 perturbationem,quantamque
2078 4024 2523 4105 interpretanti
2562 4025 2947 4101 molestiam,
2979 4042 3127 4090 cum
3173 4041 3399 4087 omnes
3444 4024 3811 4104 intelligere

546 4124 829 4205 possint,
880 4133 1016 4188 tum
1069 4124 1116 4187 ii
1152 4131 1501 4204 prmsertim
1538 4127 1653 4209 qui
1711 4128 1915 4191 (irasci
1957 4126 2288 4189 idiomatis
2315 4128 2459 4204 {non
2494 4135 2646 4190 sunt
2686 4128 2915 4208 ignari.
2950 4127 3135 4190 Prius
3176 4126 3379 4206 igitur
3413 4142 3603 4207 quam
3636 4127 3809 4189 Lati-

552 4248 701 4294 nam
758 4232 1121 4296 versionem
1176 4232 1589 4312 aggrederer,
1645 4238 1707 4294 et
1739 4233 1967 4294 menda
2013 4232 2092 4292 de
2165 4230 2378 4293 medio
2412 4229 2679 4306 tollere,
2716 4239 2781 4294 et
2832 4237 3082 4293 textum
3142 4247 3277 4292 sum
3326 4246 3494 4292 verte
3544 4230 3811 4294 lectioni

550 4336 901 4397 restituere
934 4351 1100 4414 Opus
1124 4333 1270 4395 fuit.
1306 4334 1489 4395 Ratio
1527 4340 1771 4405 autem,
1804 4349 2000 4413 quam
2028 4332 2091 4394 in
2134 4332 2256 4396 hoc
2292 4348 2562 4396 munere
2593 4330 3205 4405 obeundoinstitui,
3252 4330 3385 4393 hac
3426 4336 3572 4393 est:
3606 4339 3814 4397 errata

547 4450 697 4513 quas
726 4442 899 4497 certo
941 4442 1002 4496 et
1046 4434 1288 4513 absque
1318 4433 1448 4496 ulla
1484 4433 1889 4496 dubitatione
1920 4434 2169 4508 detexi,
2200 4432 2268 4496 in
2298 4432 2446 4512 ipso
2482 4438 2661 4495 textu
2698 4432 3066 4507 emendavi,
3118 4430 3294 4495 nulla
3326 4431 3404 4493 ad
3454 4433 3810 4513 marginem

546 4539 963 4601 adnotatione
997 4536 1235 4617 posita;
1266 4536 1560 4617 alioquin
1600 4543 1804 4599 totum
1835 4536 1971 4599 fere
2008 4536 2365 4617 marginem
2394 4536 2478 4601 iis
2508 4536 2762 4618 Oppleri
2785 4534 3017 4599 fuisset
3040 4551 3229 4616 Opus.
3268 4539 3350 4598 At
3382 4536 3489 4599 ubi
3522 4537 3809 4601 incertus

549 4660 749 4716 eram,
780 4659 859 4704 an
893 4641 1112 4719 aliqua
1145 4656 1262 4702 vox
1313 4640 1379 4702 in
1413 4640 1652 4703 mendo
1680 4639 1978 4715 cubaret;
2013 4638 2109 4702 vel
2144 4640 2395 4703 etiamsi
2427 4639 2494 4702 id
2528 4648 2705 4703 certo
2740 4638 3325 4719 deprehenderem,
3352 4637 3807 4704 -nihilominus

536 4760 798 4818 vocem,
830 4758 977 4822 qum
1004 4740 1456 4803 substituenda
1485 4748 1683 4815 esset,
1729 4749 1897 4803 certa
1927 4741 2143 4823 aliqua
2189 4743 2554 4822 conjectura
2588 4740 2848 4821 assequi
2883 4753 3011 4802 non
3032 4746 3353 4819 poteram;
3384 4756 3526 4803 eam
3582 4741 3809 4820 cujus-

548 4845 725 4908 modi
768 4845 831 4905 in
888 4840 1258 4920 apographo
1290 4849 1452 4918 erat,
1503 4842 1571 4903 in
1606 4848 1783 4905 textu
1836 4842 2100 4925 reliqui,
2138 4858 2492 4924 vocemque
2522 4859 2670 4921 quas
2704 4841 3088 4923 conjectanti
3128 4839 3289 4903 mihi
3321 4839 3589 4920 legenda
3636 4843 3812 4907 vide-

548 4946 757 5020 batur,
780 4945 859 5009 in
894 4942 1187 5007 inferiori
1220 4943 1507 5021 margine
1540 4944 1841 5022 apposui,
1877 4944 2211 5024 prmmisso
2242 4953 2312 5008 ἶσ.
2340 4961 2458 5009 seu
2490 4954 2643 5018 εσως.
2670 4944 2975 5027 fortasse;
3001 4950 3069 5007 ut
3092 4940 3497 5007 felicioribus
3527 4944 3803 5009 aliorum

544 5043 933 5126 conjecturis
968 5044 1178 5107 locum
1221 5059 1573 5124 ansamque
1617 5044 1990 5124 praeberem.
2024 5044 2351 5107 Nonnulla
2405 5053 2614 5108 tamen
2646 5044 2895 5109 eisdem
2923 5044 3156 5127 adjeci,
3192 5046 3274 5109 de
3328 5059 3607 5127 quorum
3658 5064 3805 5110 vera

535 5164 980 5227 germanaque
1012 5147 1410 5209 correctione
1436 5145 1842 5209 levissimum
1888 5145 1985 5209 vel
2021 5145 2209 5225 plane
2233 5145 2485 5209 nullum
2524 5146 2684 5209 mihi
2717 5148 2925 5209 inerat
2953 5146 3254 5220 dubium,
3284 5154 3355 5209 ut
3384 5147 3566 5209 exiis
3590 5150 3805 5227 speci-

546 5252 739 5314 mints
778 5251 917 5313 loco
954 5250 1199 5328 peritus
1231 5251 1434 5311 lector
1478 5251 1733 5331 colligat
1767 5251 2055 5329 ingentia
2096 5261 2297 5314 errata
2356 5251 2596 5329 quibus
2629 5252 2845 5330 ipsum
2874 5252 3206 5331 exemplar
3260 5250 3325 5314 in
3358 5250 3643 5332 qualibet
3670 5250 3805 5316 fere

543 5367 720 5442 parte
747 5357 1047 5419 scatebat.
1086 5358 1241 5419 Cum
1268 5375 1417 5421 vero
1450 5358 1609 5420 adeo
1642 5356 2061 5437 indiligenter
2085 5358 2449 5436 exscriptus
2476 5359 2680 5418 codex
2710 5356 2820 5417 ille
2852 5357 2956 5428 sit,
2989 5355 3391 5429 utdiximus,
3419 5355 3576 5420 illud
3610 5356 3803 5419 etiam

539 5459 861 5536 suspicari
906 5458 1376 5538 licet,integras
1433 5458 1827 5540 quandoque
1858 5457 2172 5521 dictiones
2200 5476 2326 5536 prae
2355 5453 2691 5520 oscitantla
2719 5456 3175 5535 prmtermissas
3201 5455 3403 5519 fuisse
3438 5474 3451 5516 :
3486 5472 3631 5536 quae
3658 5458 3805 5537 qui-

541 5561 689 5624 dem
740 5558 1028 5637 suSpicio
1093 5559 1538 5639 interpretanti
1582 5560 1735 5623 mihi
1771 5559 1944 5622 haud
2004 5558 2205 5621 semel
2238 5560 2463 5623 oborta
2494 5566 2613 5622 est.
2679 5561 2864 5633 Loca,
2920 5559 3029 5620 ubi
3071 5557 3510 5637 apograpbum
3559 5561 3800 5621 nedum

540 5661 954 5739 mendosum,
983 5666 1095 5727 sed
1120 5673 1181 5728 et
1213 5664 1515 5727 mutilum
1566 5663 1774 5726 visum
1823 5662 1979 5725 mihi
2028 5671 2147 5739 est,
2184 5667 2250 5727 in
2286 5666 2455 5727 notis
2486 5662 2702 5741 aliqua
2742 5661 3074 5735 indicabo;
3107 5660 3230 5725 alia
3262 5679 3376 5739 per
3421 5681 3566 5727 sese
3604 5668 3802 5725 lector
