4192 6294
318 436 428 493 δέςῖ)
1173 442 1245 500 lN
1298 444 1722 515 SEQUENTM
1758 447 2335 513 THEOPUYLACTI
2375 452 2706 514 SCRIPTA.
3459 457 3567 520 434

319 536 593 601 fcrtasse
627 536 1090 617 deprehendet.
1133 544 1369 607 \‘crutu
1423 549 1501 610 de
1557 554 1906 631 apographi
1969 556 2277 636 qualitate
2300 558 2431 639 jam
2474 561 2654 623 satis.
2688 564 2869 627 Nunc
2897 561 2977 628 de
3006 564 3148 628 loco
3175 584 3247 631 ac
3281 576 3569 651 tempore

314 655 455 718 quo
482 648 544 702 et
572 641 741 718 passi
788 653 1096 722 martyres
1128 656 1301 724 sunt,
1328 660 1386 711 et
1422 668 1644 715 eorum
1679 656 1980 719 translata
2030 675 2323 737 corpora,
2356 662 2708 744 adjungere
2732 681 2932 745 pauca
2954 665 3156 745 lubet,
3188 686 3337 751 quas
3366 641 3467 735 res
3499 674 3570 737 in

314 738 439 801 hac
470 742 761 805 oratione
785 752 1063 809 narratas
1097 748 1318 828 aliquo
1343 752 1531 815 modo
1562 752 1980 819 illustrabunt
2004 738 2629 843 coxitirmabun'tque.

400 868 578 930 XIX.
614 871 707 933 De
740 871 884 934 loco
922 874 1198 953 primum
1231 884 1292 937 et
1317 886 1603 956 tempore
1643 899 1774 959 quo
1810 884 1915 943 SS.
1956 890 2266 961 martyres
2319 887 2647 964 pertulere
2696 890 3097 971 martyrium,
3126 893 3231 954 vix
3264 894 3394 959 ulla
3423 916 3569 961 esse

313 973 528 1046 potest
564 968 928 1045 dillicultas,
960 991 1101 1035 cum
1168 984 1513 1058 utrumque
1567 982 1720 1041 satis
1762 983 2001 1047 diserte
2032 988 2593 1065 cxprimatauctor
2619 968 2953 1071 inquiens,
2977 994 3443 1075 Tiberiopolim
3476 1004 3572 1062 lo-

309 1084 495 1142 cum,
520 1076 773 1148 tempus
798 1090 951 1135 vero
982 1074 1141 1136 illud
1164 1076 1369 1138 fuisse
1402 1097 1532 1158 quo
1563 1079 1803 1159 impius
1834 1084 2127 1146 Julianus
2160 1101 2479 1149 summam
2513 1087 2770 1167 imperii
2800 1091 3080 1155 tenebat.
3111 1094 3334 1173 Neque
3352 1095 3569 1160 solum

312 1171 613 1248 urbis,in
642 1192 769 1256 qua
802 1178 965 1255 passi
1008 1188 1182 1251 sunt,
1229 1198 1459 1244 numen
1487 1182 1815 1263 patefacit;
1853 1188 1965 1249 sed
1989 1186 2187 1251 situm
2220 1187 2410 1251 etiam
2444 1189 2736 1270 designat
2758 1190 3097 1271 inquiens,
3128 1171 3270 1259 eam
3299 1199 3574 1277 positam

310 1291 451 1334 esse
486 1274 572 1337 ad
603 1279 1159 1356 septentrionalem
1192 1279 1441 1360 plagam
1502 1284 1965 1348 Thessalonices

1916 1306 1991 1361 ss,
2046 1298 2168 1353 κατ’
2189 1298 2365 1370 ἀρχὰς
2402 1302 2502 1371 τῆς
2551 1301 2739 1373 χώρας
2779 1302 3085 1375 Ἰλλυρίδος,
3146 1298 3214 1359 in
3248 1274 3571 1381 principio

313 1378 593 1455 Illyrici.
646 1382 713 1443 In
748 1383 1059 1446 orationis
1117 1387 1465 1467 epigraphe
1514 1390 1913 1469 adjungitur,
1957 1394 2170 1456 vocari
2227 1411 2365 1457 eam
2420 1394 2756 1477 Bulgarice
2801 1397 3210 1461 Strumitzam
3240 1419 3262 1458 :
3290 1401 3401 1462 sed
3444 1378 3576 1465 hanc

311 1492 637 1560 postrema
686 1487 877 1551 verba
930 1491 1008 1552 ab
1060 1491 1283 1571 aliquo
1311 1493 1544 1556 deinde
1579 1494 1841 1556 librario
1899 1496 2140 1575 adjecta
2172 1496 2401 1572 fuisse,
2437 1516 2551 1578 pro
2601 1506 2776 1563 certo
2827 1499 3031 1563 habeo
3068 1510 3243 1565 :tum
3268 1503 3440 1583 quod
3505 1504 3571 1566 in

309 1585 610 1649 oratione
639 1593 765 1650 tota
797 1590 1021 1651 civitas
1068 1591 1175 1653 illa
1204 1602 1513 1674 perpetuo
1549 1595 1994 1675 Tiberiopolis,
2030 1616 2357 1677 nunquam
2380 1601 2726 1662 Strumitza
2758 1612 3206 1679 ntincupctur;
3241 1610 3375 1665 tum
3395 1606 3573 1684 quod

309 1705 388 1750 ea
414 1688 608 1752 verba
626 1689 845 1754 alieno
874 1692 995 1755 sita
1028 1692 1168 1756 loco
1206 1705 1551 1759 cernantur
1585 1721 1599 1758 :
1631 1715 1845 1777 neque
1881 1699 2051 1763 enim
2075 1709 2325 1764 vetusto
2351 1701 2770 1782 Tiberiopolis
2802 1703 3076 1778 nomini,
3112 1717 3179 1767 ut
3212 1721 3571 1785 congruum

307 1799 472 1867 erat,
518 1793 1002 1871 adbmrescunt;
1033 1798 1145 1860 sed
1180 1808 1322 1877 post
1354 1817 1428 1863 ea
1466 1804 1677 1878 verba,
1728 1804 1909 1885 passi
1934 1813 2107 1880 sunt,
2129 1806 2345 1868 minus
2372 1814 2517 1884 apte
2550 1805 2848 1871 translata
2882 1815 3054 1870 sunt.
3082 1807 3575 1876 Acceditfuisse

312 1900 388 1960 in
440 1898 662 1961 codice
716 1888 1014 1991 vitiosam
1063 1907 1613 1970 constructionem
1672 1908 1894 1991 (quam
1946 1926 2068 1987 ego
2124 1909 2193 1973 in
2272 1911 2447 1974 edito
2495 1913 2900 1989 emendavi);
2964 1930 3110 1975 cum
3187 1914 3359 1975 enim
3414 1916 3577 1973 Τιϐε-

311 2007 598 2077 plac-itast
650 2006 714 2067 in
754 2023 905 2069 casu
941 2015 1137 2086 esset,
1166 2017 1236 2074 ut
1292 2010 1630 2093 inquiunt,
1682 2016 1925 2093 dativo,
1948 2017 2366 2096 sequebatur,
2394 2014 2725 2097 interjecta
2777 2033 2928 2079 voce
2962 2014 3452 2099 μαρτυρησάντων,
3502 2014 3573 2075 in

310 2100 606 2176 genitivo
647 2106 1137 2185 ἐπονομαζομένης
1162 2104 1561 2186 Στρουμετζης.
1592 2117 1910 2199 Quisquis

1970 2129 2181 2183 tamen
2226 2137 2299 2181 ea
2329 2118 2653 2182 addiderit
2717 2120 2928 2193 verba,
2964 2137 3042 2183 eo
3080 2120 3264 2184 illum
3295 2119 3574 2184 consilio

310 2200 643 2270 addidisse
673 2209 1061 2286 arbitror,ut
1086 2216 1307 2278 Lector
1332 2216 1394 2277 in
1423 2218 1565 2295 ipso
1589 2218 1799 2280 statim
1825 2220 2095 2284 exordio
2126 2219 2598 2300 Tiba‘iopolim,
2651 2221 2717 2283 in
2744 2238 2870 2300 qua
2905 2220 2999 2282 illi
3039 2220 3300 2283 subiere
3338 2227 3576 2297 marty-

312 2306 513 2385 rium,
550 2328 587 2375 a
642 2316 889 2379 cmteris
920 2317 1212 2398 ejusdem
1251 2321 1534 2383 nominis
1567 2322 1936 2386 civitatibus
1988 2326 2516 2406 distinguendam
2552 2340 2698 2388 esse
2736 2325 3151 2405 intelligeret.
3183 2327 3337 2388 Nam
3368 2324 3576 2387 ctalia

314 2413 753 2497 'l‘iberiOpolis
782 2421 905 2485 fuit
937 2423 1002 2485 in
1027 2441 1103 2488 ea
1132 2425 1425 2505 Phrygiae
1449 2429 1707 2507 majoris
1733 2437 1929 2507 parte,
1957 2448 2102 2510 quas
2134 2431 2368 2493 dicitur
2408 2431 2777 2505 Pacatiana;
2809 2429 2934 2492 alia
2973 2428 3039 2490 in
3088 2426 3299 2489 insula
3332 2426 3569 2509 Cypro,

311 2518 438 2579 alia
472 2519 757 2601 denique
786 2524 853 2587 in
905 2528 1153 2605 EurOpa
1177 2527 1255 2589 ad
1288 2531 1557 2591 Pontum
1587 2531 1944 2605 Euxinum;
1975 2532 2032 2593 si
2066 2532 2331 2611 quidem
2365 2548 2439 2594 ea
2470 2548 2617 2614 qua
2642 2548 2815 2596 nunc
2840 2530 3056 2592 Barna
3088 2526 3183 2590 vel
3226 2527 3431 2589 l'arna
3464 2542 3575 2587 vo-

312 2628 497 2682 catur
529 2622 783 2703 (estque
828 2625 997 2690 haud
1026 2627 1334 2708 ignobilis
1396 2630 1572 2706 urbs,
1636 2639 1855 2712 utpote
1886 2633 2620 2715 archiepiscOpaliaucta
2668 2628 3253 2715 dignitate),t‘uerit
3286 2630 3468 2705 olim,
3503 2636 3574 2692 ut

320 2725 504 2787 multi
533 2728 849 2803 sentiunt,
892 2733 1321 2815 Tiberiopolis
1351 2735 1695 2815 appellata.
1756 2739 1883 2800 Alii
1912 2746 2120 2802 tamen
2164 2740 2232 2801 in
2267 2757 2337 2801 ea
2371 2747 2525 2802 sunt
2565 2739 2904 2817 opinione,
2944 2734 3121 2818 quod
3163 2733 3367 2797 l'arna
3395 2733 3567 2795 idem

321 2839 391 2885 ac
420 2825 633 2904 prisca
665 2829 1136 2911 Dionysiopolis
1193 2833 1309 2906 sit;
1356 2833 1468 2897 alii
1530 2830 1681 2897 vero
1710 2834 2015 2915 Odyssus,
2058 2837 2156 2901 vel
2205 2836 2491 2900 Odessus.
2538 2838 2635 2900 Ab
2689 2836 2994 2901 omnibus
3040 2834 3143 2898 his
3180 2850 3251 2898 ea
3301 2834 3573 2896 fortasse

321 2927 579 2992 diversa
622 2938 745 3005 est,
790 2932 1135 3013 solumque
1182 2934 1267 2997 ob
1317 2934 1440 2998 loci
1473 2937 2021 3017 propinquitatem
2055 2940 2246 3003 modo
2280 2956 2394 3019 pro
2434 2956 2583 3014 una,
2640 2940 2831 3002 modo
2863 2953 2982 3019 pro
3021 2936 3146 3000 alia
3178 2942 3578 2999 vetustarum

318 3032 583 3096 urbium
604 3044 879 3115 sumpta.
909 3038 1163 3101 Certum
1185 3038 1348 3103 illud
1382 3039 1660 3114 videtur,
1694 3043 1961 3106 omnino
1985 3043 2198 3123 decipi
2239 3059 2349 3106 eos
2402 3043 2518 3124 qui
2545 3041 3037 3124 TiberiOpolim.
3080 3056 3252 3103 nunc
3275 3036 3575 3100 Strumit-

318 3154 457 3199 zam
490 3138 593 3218 (de
615 3156 741 3217 qua
782 3138 886 3202 hic
915 3138 1304 3220 loquimur),
1338 3159 1484 3204 cum
1528 3143 1730 3205 Varna
1761 3161 1875 3206 seu
1909 3146 2107 3208 Barna
2135 3141 2576 3208 contundunt:
2609 3161 2753 3207 nam
2795 3148 3107 3224 quantum
3142 3141 3573 3221 Tiberiopolis

315 3237 772 3303 Strumitziana
834 3240 910 3318 (si
945 3239 1250 3303 claritatis
1282 3243 1488 3321 gratia
1527 3244 1613 3305 ita
1680 3242 1862 3322 loqui
1892 3242 2064 3323 licet)
2095 3261 2131 3307 a
2182 3247 2382 3308 Ponto
2402 3244 2596 3308 distet
2646 3245 2922 3320 Euxino,
2954 3250 3201 3308 constat
3239 3261 3322 3306 ex
3350 3243 3569 3307 dictis.

312 3339 485 3413 Quis
523 3340 722 3417 enim,
756 3342 883 3405 nisi
915 3346 1325 3425 geographiae
1359 3362 1623 3424 prorsus
1659 3347 1949 3427 ignarus,
1985 3346 2245 3422 dixerit,
2281 3347 2547 3409 Varnam
2581 3362 2715 3414 esse
2733 3348 2817 3410 ad
2833 3347 3391 3428 septentrionalem
3418 3345 3569 3426 pla-

311 3460 460 3520 gam
492 3444 959 3509 Thessalonices
982 3449 1049 3510 in
1076 3448 1401 3529 principio
1426 3449 1741 3528 Illyridis,
1763 3450 2308 3529 quemadmodum
2334 3449 2857 3532 TheOphylactus
2884 3448 3159 3513 asseruit
3183 3448 3264 3511 de
3280 3446 3573 3510 Tiberio-

317 3542 499 3623 poli?
534 3547 626 3609 Ex
655 3545 772 3609 hac
795 3565 987 3629 porro
1019 3552 1453 3633 descriptione
1490 3553 1899 3616 manifestum
1928 3553 2208 3628 videtur,
2229 3552 2871 3632 bujus'l‘iberiopolis
2904 3552 3117 3615 locum
3151 3548 3571 3656 intralimites

315 3647 718 3712 Macedoniae
745 3650 951 3714 fuisse
992 3670 1065 3717 ea
1116 3655 1183 3716 in
1220 3662 1395 3734 parte
1424 3672 1571 3736 qum
1593 3655 1886 3735 proxime
1914 3663 2156 3735 spectat
2179 3656 2462 3717 Moesiam
2494 3656 2897 3736 superiorem
2921 3656 3115 3733 (nunc
3156 3653 3433 3715 Servium
3465 3653 3580 3713 vo—

313 3749 514 3833 cant),
538 3769 687 3832 quae
712 3754 1107 3820 Macedonia:
1140 3774 1283 3836 pars
1313 3759 1694 3839 aliquandiu
1724 3758 1935 3837 paruit
1967 3760 2388 3837 Bulgarorum
2415 3759 2689 3838 imperio
2723 3777 2738 3816 :
2774 3758 3015 3838 quippe
3048 3755 3573 3837 quod,regnante

316 3853 560 3926 Crubo,
586 3853 1103 3919 Thessalonicam
1132 3875 1340 3939 usque
1380 3858 1907 3938 protendebatur,
1957 3865 2028 3923 ut
2056 3858 2576 3940 TheOphylactus
2623 3859 2687 3919 iu
2727 3856 2840 3919 hac
2872 3857 3007 3936 ipsa
3039 3856 3326 3918 oratione
3384 3858 3599 3913 tester

316 3962 448 4017 tur.
489 3955 666 4021 Situs
706 3974 859 4021 vero
915 3958 1036 4022 iste
1096 3959 1592 4041 Tiberiopoleos
1626 3962 1868 4042 optime
1905 3961 2206 4041 congruit
2241 3977 2386 4021 cum
2438 3958 2799 4022 Strumitzaz
2830 3957 2982 4029 situ,
3011 3963 3078 4018 ut
3108 3954 3434 4034 colligitur
3492 3967 3573 4011 ex

315 4058 686 4138 Nicephoro
715 4061 1017 4140 Gregora,
1043 4061 1157 4143 qui
1183 4079 1319 4125 eam
1350 4064 1682 4143 ingressus
1716 4069 1835 4138 est,
1877 4062 2031 4125 dum
2090 4062 2397 4141 Byzantio
2428 4078 2552 4124 una
2606 4078 2749 4123 cum
2784 4059 3010 4141 legatis
3039 4059 3111 4122 ad
3148 4057 3420 4129 Cralem,
3452 4071 3571 4169 seu

322 4181 545 4243 regem
609 4166 848 4229 Servim
890 4166 1039 4229 illac
1097 4169 1419 4229 transiens
1459 4169 1729 4243 Scupios
1781 4166 2319 4243 proﬁcisceretur.
2390 4164 2714 4229 Nonnulla
2746 4162 2961 4238 verba,
3000 4161 3242 4243 quibus
3306 4161 3427 4221 iter
3458 4157 3572 4222 ille

317 4285 517 4331 suum
550 4267 881 4344 describit,
911 4245 1094 4352 juirat
1128 4271 1230 4333 hic
1260 4272 1328 4334 in
1365 4271 1650 4334 medium
1687 4269 2010 4351 proferre;
2063 4269 2307 4349 quippe
2330 4285 2477 4347 qum
2506 4275 2987 4346 peropportuna
3012 4263 3314 4325 videntur
3338 4260 3570 4321 conﬁr-

322 4372 578 4437 mandis
607 4372 691 4439 iis
719 4393 865 4455 quae
890 4378 970 4438 de
1004 4376 1431 4452 'l‘ibcriOpolis
1462 4394 1575 4439 seu
1603 4376 1963 4439 Strumilzae
2015 4375 2143 4436 situ
2180 4374 2667 4454 exiguitateque
2699 4388 2889 4451 supra
2907 4370 3216 4433 diximus.
3246 4369 3573 4483 Posterum

321 4476 565 4557 (inquit
594 4477 706 4540 ille
737 4478 984 4541 Πεδίον.
1023 4479 1260 4559 Byzant
1315 4478 1424 4541 lib.
1466 4497 1600 4547 VIII,
1630 4496 1767 4559 cap.
1825 4478 1921 4552 Hs,
1959 4496 2137 4541 num.
2169 4478 2230 4555 6)
2274 4494 2308 4539 a
2342 4476 2615 4539 transitu
2671 4474 3028 4585 Strymonis
3062 4470 3242 4585 ﬂuvii
3296 4469 3461 4585 diem
3504 4474 3573 4534 in

321 4576 549 4639 itinere
608 4583 801 4637 totam
853 4578 1366 4657 consumpsimus,
1426 4577 1594 4642 etiad
1641 4577 2013 4658 oppidulum
2044 4576 2363 4657 (πολίχνιον,
2414 4576 2745 4657 parvulam
2798 4574 3131 4652 civitatem)
3186 4571 3573 4681 deponimusr

321 4675 487 4756 quod
510 4694 668 4757 pene
701 4696 900 4758 supra
921 4678 1114 4741 nubes
1137 4681 1359 4742 eminet
1385 4679 1755 4761 (Strumitza
1779 4679 1855 4740 ab
1879 4680 2104 4742 incolis
2126 4680 2437 4761 vocatur),
2472 4676 2624 4740 adeo
2650 4686 2979 4757 prccrupto
3011 4684 3068 4735 et
3099 4674 3342 4785 excelso
3372 4674 3572 4785 monti

318 4778 706 4857 impositum,
747 4790 817 4843 ut
874 4782 1148 4844 homines
1194 4782 1262 4842 in
1284 4781 1786 4862 propugnaculis
1816 4781 2094 4843 sedentes
2131 4801 2160 4843 ε
2186 4781 2354 4843 valle
2395 4779 2884 4861 suspicientibus
2912 4775 3305 4839 avicularum
3336 4771 3571 4836 similes

318 4878 788 4944 eiderentur....
842 4884 1053 4945 Tertio
1107 4881 1251 4944 inde
1297 4880 1399 4945 die
1458 4882 1543 4944 ad
1577 4882 1972 4987 oppidulum,

1916 4903 1972 4958 η,
2004 4882 2314 4957 πολίχνιον,
2364 4883 2740 4962 Scopiorum
2793 4880 3183 4950 divertimus,
3220 4880 3392 4957 ipsos
3431 4878 3571 4955 jam

322 4980 752 5061 Triballorum
773 4981 927 5061 ﬁnes
962 4983 1253 5061 ingressi,
1276 5002 1349 5046 ac
1374 4981 2204 5063 prwterlabententwidimus
2226 4982 2459 5044 Axium
2485 4981 2771 5062 ﬂuvium,
2805 4986 2923 5042 etc.
2962 4977 3215 5052 Quibus
3246 4994 3322 5040 ex
3354 4976 3569 5039 verbis

324 5084 737 5169 perspicuum
774 5058 1077 5147 edicitur:
1118 5084 1173 5150 1.
1208 5058 1819 5150 Strumitzaminter
1848 5086 2081 5149 lluvios
2111 5058 2514 5167 Strymonem
2550 5093 2611 5149 et
2640 5084 2875 5148 Axium
2910 5082 3115 5145 fuisse
3149 5080 3567 5193 interiectam,

320 5192 386 5257 et
434 5200 469 5245 a
526 5182 739 5264 priore
766 5187 981 5250 unius-
1023 5186 1275 5253 circiter
1308 5190 1439 5251 diei
1474 5189 1709 5253 itinere
1738 5187 2062 5260 dissitam,
2113 5187 2192 5250 ab
2239 5186 2369 5250 alio
2406 5204 2581 5261 vero,
2622 5184 2732 5247 ubi
2786 5185 3055 5263 Scupios
3103 5180 3573 5261 pratterlabitur

322 5289 631 5371 (proinde
661 5291 815 5353 etab
841 5292 999 5371 ipsis
1020 5295 1321 5373 Scupiis),
1358 5292 1549 5356 trium
1572 5293 1823 5355 dierum
1856 5291 2188 5355 intervallo
2207 5289 2910 5363 distantem.2.Eam,si
2944 5287 3022 5350 ad
3059 5285 3571 5349 Thessalonicam

325 5391 659 5466 referatur,
686 5394 1252 5471 septentrionalem
1287 5394 1517 5469 fuisse,
1559 5394 1926 5476 cujusmodi
1956 5402 2020 5456 et
2077 5390 2516 5470 TiberiOpolis
2571 5397 2703 5500 erat
2743 5387 3226 5500 :rheophylacto
3271 5392 3464 5500 tes-te...
3506 5390 3567 5451 3.

323 5495 660 5558 Civitatem
692 5495 892 5557 fuisse
926 5499 1277 5573 parvulam,
1304 5498 1441 5559 sive
1471 5498 1661 5560 etiam
1693 5496 2077 5574 Oppidulum
2111 5495 2223 5557 uni
2274 5512 2359 5555 ex
2408 5492 2680 5569 praealtis
2714 5491 2917 5552 Hiemi
2948 5490 3186 5552 montis
3220 5489 3572 5552 verticibus

326 5600 659 5675 insidens;
718 5602 961 5680 quippe
1018 5618 1202 5663 mons
1235 5601 1358 5663 iste
1415 5600 1861 5664 Macedoniam
1906 5599 2139 5661 dividit
2170 5599 2249 5660 ab
2280 5608 2547 5675 utraque
2584 5595 2799 5657 Itltesia
2829 5593 2940 5674 (a).
2989 5594 3138 5656 Hac
3172 5592 3389 5657 omnia
3422 5612 3571 5672 pcr-

394 5860 473 5960 (a)
512 5858 651 5914 Cum
676 5859 763 5913 his
799 5857 1363 5960 ?ltlllib‘l:3'cgn50llllll
1392 5855 1689 5937 descriptio
1729 5852 1892 5960 huius
1999 5850 2049 5960 pi

415 5934 474 5960 .24-
539 5947 699 5960 ηιι-ιιη
737 5946 793 5960 η.
827 5941 930 5960 nl...
1031 5946 1056 5960 ιι
1083 5944 1109 5960 ο
1141 5943 1220 5960 sua
1255 5944 1343 5960 σιειμ
1370 5943 1693 5960 ιιμιὶιιιιδιιηηε
1736 5949 1745 5960 ι
1818 5942 1893 5960 In-
2022 5943 2049 5960 ις

1999 5850 2205 5906 nicnsis
2246 5848 2299 5902 in
2332 5863 2428 5903 sua
2471 5845 2801 5916 Gcographia
2835 5842 3032 5912 παλαίᾳ
3063 5843 3153 5896 καὶ
3184 5841 3298 5913 νέᾳ.
3331 5854 3492 5897 cetere
3520 5854 3572 5898 ct

2002 5939 2134 5960 OL'HL!
2201 5936 2271 5960 ml
2291 5937 2321 5960 ν
2371 5919 2515 5960 ιηΙίΙξι
2576 5927 2655 5960 ιιλι
2700 5918 2785 5960 hic
2827 5914 3068 5960 Venutiis
3118 5914 3306 5960 ίίΐὶἰέιιῖ
3359 5921 3572 5960 tantum

326 5917 501 5999 urbis,
538 5947 699 6003 quam
735 5927 1222 5988 exhibctllcletius
1254 5917 1697 5999 archiepiscopus
1728 5917 1893 5981 Atltc-
2002 5939 2158 5989 nova,
2201 5936 2321 5992 σιμ»
2371 5919 2522 5975 edita
2576 5927 2657 5973 cst
2699 5918 2785 5971 hic
2827 5917 3068 5971 \'cuctiis
3118 5917 3306 5968 Grece
3359 5921 3573 5968 tantum
