4192 6294
453 318 555 380 δέδῖ
1275 316 1353 377 LV
1406 318 1839 391 SEQUENTIA
1879 321 2289 383 TlIEDl‘llYL
2311 320 2468 385 \C'l'i
2512 323 2859 386 SCRIPTA.
3611 324 3714 386 £38

453 421 573 488 Ii'ci
604 428 815 504 sitam,
871 430 985 493 sed
1043 431 1256 508 potius
1303 433 1578 493 Var-nam
1604 434 1681 495 ad
1730 436 1999 496 Pontum
2034 435 2385 509 Euxinum,
2425 452 2503 498 eo
2546 435 2665 497 l0ei
2699 434 2936 497 diserte
2967 434 3336 499 allirmatur.
3369 437 3489 497 Sed
3555 434 3710 502 lure,

454 530 747 605 quamvis
785 547 951 603 vera,
988 547 1243 593 movere
1272 540 1476 594 tamen
1511 535 1837 595 neminem
1861 534 2116 598 debent.
2156 536 2380 614 Neque
2411 534 2583 597 enim
2609 534 2829 595 omnia
2858 539 3127 597 omnino
3163 535 3294 597 loca
3322 534 3421 597 vel
3458 535 3716 614 regnita

450 643 485 689 a
516 630 841 692 veteribus
870 631 1258 712 geograpbis
1309 640 1483 704 sunt,
1520 635 1619 696 vel
1680 638 2007 699 memoriae
2038 637 2270 699 tradita
2322 645 2776 715 posterorum;
2821 637 2933 700 sed
2978 637 3073 700 vel
3119 636 3337 718 aliqua
3395 639 3711 717 ignorata,

452 731 550 792 vel
609 748 735 810 prm
785 750 900 794 sua
932 733 1281 812 exiguitate
1318 735 1772 816 praetermissa.
1811 738 2166 816 Scriptores
2224 753 2373 801 vero
2409 737 2645 817 reiiqui
2685 739 2945 801 nonnisi
3005 740 3489 818 opportunitate
3546 742 3713 805 data.

451 833 846 895 mentionem
876 832 1084 897 facere
1126 847 1610 901 consueverunt
1666 837 1999 902 civitatum
2038 838 2450 921 aliorumque
2482 839 2800 903 locorum.
2860 842 3297 914 Quamobrem
3363 840 3712 916 Cellarius,

450 933 702 996 tametsi
743 933 1308 1016 diligentissimus,
1370 936 1544 1000 locos
1575 939 1830 1018 aliquos
1875 943 2326 1020 praetermisit;
2390 943 2743 1019 prmsertim
2801 959 2952 1007 vero
3007 942 3209 1024 (quod
3266 943 3415 1005 facit
3445 941 3514 1005 in
3579 960 3716 1005 rem

449 1042 759 1122 nostram)
787 1041 1023 1104 nullam
1061 1042 1136 1105 ad
1170 1045 1439 1106 Pontum
1473 1043 1800 1107 Euxinum
1834 1046 2298 1126 Tiberioliolim
2333 1054 2665 1119 memorat,
2699 1064 2891 1128 quam
2916 1055 3127 1112 tamen
3159 1048 3491 1112 exstitisse
3516 1048 3714 1112 dubi-

449 1142 572 1206 tari
606 1146 706 1206 vix
752 1152 983 1249 potest.
1021 1148 1093 1209 In
1126 1148 1362 1211 Graecis
1387 1166 1651 1231 quoque
1682 1150 1940 1214 Notitiis
1972 1168 2117 1234 qum
2142 1152 2352 1216 adhuc
2394 1159 2769 1233 supersunt,
2813 1153 3220 1234 episc0patus
3251 1151 3433 1217 fuere
3468 1154 3715 1235 aliquot

447 1249 887 1327 praatermissi,
916 1260 984 1319 ut
1014 1255 1247 1316 eruditi
1277 1255 1668 1335 jampridem
1723 1259 2137 1323 adnotavere.
2162 1261 2474 1324 Caeterum
2502 1277 2582 1323 ex
2613 1274 2691 1323 eo
2720 1259 2912 1322 etiam
2943 1258 3100 1322 oriri
3137 1260 3344 1336 potuit
3379 1258 3715 1322 silentium

446 1350 858 1432 episcnpatus
904 1354 1465 1436 Tiberiopolitani,
1510 1357 1687 1439 quod
1749 1357 1882 1422 haec
1913 1359 2158 1435 civitas,
2187 1359 2479 1442 quandiu
2525 1376 2760 1423 nomen
2813 1359 2982 1422 istud
3020 1357 3316 1434 retinuit,
3347 1377 3550 1423 unum
3583 1358 3715 1420 for.

446 1463 641 1531 tasse,
676 1457 776 1521 vel
809 1458 1088 1525 alterum
1110 1461 1406 1526 habuerit
1436 1465 1814 1546 episc0pnm
1847 1482 1864 1541 ;
1897 1483 2043 1530 cum
2074 1465 2247 1529 baud
2277 1465 2478 1528 multo
2513 1472 2654 1542 post
2696 1463 3077 1545 martyrium
3134 1462 3488 1534 Theodori,
3521 1458 3711 1540 primi

445 1558 739 1641 ejusdem
771 1562 1049 1628 civitatis
1082 1565 1397 1645 episcOpi,
1431 1575 1667 1632 vastata
1696 1570 1896 1633 fuerit
1930 1572 2139 1650 primo
2181 1570 2449 1651 quidem
2481 1569 2561 1631 ab
2603 1568 2886 1643 Ombris,
2922 1565 3161 1630 deinde
3185 1581 3220 1627 a
3258 1563 3582 1643 Bulgaris,
3634 1571 3708 1626 ut

443 1660 601 1723 satis
626 1660 864 1726 indicat
882 1664 976 1728 vel
998 1665 1192 1727 istius
1213 1673 1439 1729 auctor
1461 1668 1782 1745 epusculi.
1799 1673 1985 1747 Quod
2007 1688 2158 1734 vero
2173 1688 2384 1752 neque
2401 1670 2529 1734 alio
2558 1668 2680 1733 sub
2694 1667 2978 1739 nomine,
3009 1665 3713 1731 nimirumSlrumitzw.

443 1776 864 1831 annumerata
889 1770 1156 1835 sedibus
1195 1772 1680 1851 episcopalibus
1723 1777 2114 1850 inveniatur,
2169 1775 2335 1839 illud
2370 1775 2718 1838 videturin
2761 1788 2955 1835 causa
3007 1768 3217 1833 fuisse
3264 1770 3437 1850 quod
3498 1768 3712 1830 erebi-

447 1868 758 1952 episc0p0
782 1878 1162 1950 αὐτοκεφάλῳ,
1191 1877 1295 1938 sui
1308 1877 1514 1958 juris,
1554 1894 1675 1941 seu
1709 1878 1959 1942 nullius
1989 1878 2116 1941 sub
2139 1878 2509 1961 patriarchas
2529 1875 2775 1939 ditione
2805 1873 3181 1945 constituto,
3214 1872 3515 1934 subesset
3543 1869 3715 1951 (nam

442 1967 514 2031 in
569 1971 889 2050 prmdietis
942 1975 1202 2040 Notitiis
1239 1976 1654 2044 solummodo
1702 1990 2126 2046 recensentur
2179 1981 2373 2046 sedes
2403 1978 2806 2061 epise0pales
2851 1994 2999 2058 quas
3045 1975 3339 2057 quinque
3406 1973 3716 2036 suberant

446 2069 872 2153 patriarehis)
918 2097 936 2138 :
970 2073 1101 2139 nisi
1148 2076 1365 2142 dicere
1397 2078 1609 2157 malis,
1644 2081 1870 2145 urbem
1901 2081 2064 2145 hanc
2100 2096 2226 2145 non
2255 2080 2616 2143 Strumitzw
2645 2075 2910 2140 nomine
2954 2074 3222 2154 (quippe
3254 2072 3430 2153 quod
3489 2070 3716 2149 Bulga‘

448 2168 652 2233 ricum
679 2173 800 2254 est)
832 2176 943 2239 sed
975 2178 1193 2242 ϐετωοο
1212 2179 1342 2245 alio
1369 2181 1683 2247 vocabulo
1713 2182 1779 2245 in
1811 2182 2057 2247 eisdem
2085 2181 2341 2249 Notitiis
2394 2178 2719 2260 designari
2750 2196 2764 2241 :
2793 2184 2903 2240 aut
2931 2176 3195 2239 demum
3228 2175 3374 2236 ideo
3439 2172 3716 2234 Strumi-

444 2283 613 2344 tzam
668 2298 797 2345 non
860 2289 1211 2363 recenseri,
1265 2290 1419 2371 quia
1453 2289 1630 2359 sedis
1666 2292 2057 2372 episcopalis
2085 2292 2396 2356 honorem
2433 2296 2541 2354 aut
2583 2288 2778 2353 nimis
2815 2304 2962 2353 sero
3008 2286 3091 2350 sit
3119 2288 3373 2365 adepta,
3423 2293 3534 2346 aut
3588 2282 3717 2345 cito

449 2384 650 2446 nimis
681 2386 994 2465 amiserit,
1027 2400 1136 2455 aut
1166 2393 1380 2457 solum
1418 2396 1609 2458 certis
1642 2403 2000 2476 temporum
2030 2394 2394 2460 intervallis
2439 2408 2513 2458 ea
2544 2393 2858 2473 dignitate
2891 2390 3088 2454 fuerit
3117 2387 3425 2468 insignita
3459 2385 3713 2469 (quem-

449 2490 797 2556 admodum
848 2500 910 2557 et
938 2493 1088 2556 aliis
1152 2495 1421 2577 contigit
1472 2495 1759 2576 parvulis
1802 2493 2224 2579 civitatibus),
2256 2497 2553 2576 adeoque
2585 2501 2721 2557 tum
2757 2492 2966 2573 potuit
2998 2491 3113 2554 hac
3149 2486 3565 2570 praerogativa
3613 2500 3719 2547 ca-

451 2609 620 2670 rere,
650 2611 796 2655 cum
852 2593 1319 2675 episcOpalium
1377 2597 1635 2663 sedium
1679 2598 1945 2681 catalogi
1976 2600 2099 2681 qui
2129 2599 2205 2663 ad
2237 2610 2356 2662 nos
2390 2615 2596 2678 usque
2634 2600 3072 2677 pervenerunt
3128 2591 3715 2654 conscriberentur.

452 2693 768 2789 Craterum
801 2697 965 2762 illud
1000 2700 1225 2763 saltem
1257 2701 1512 2765 videtur
1540 2702 1610 2766 in
1649 2702 1921 2768 dubium
1953 2705 2231 2769 revocari
2266 2718 2395 2767 non
2430 2716 2643 2782 posse,
2678 2701 3055 2780 episcOpum
3088 2696 3292 2760 fuisse
3316 2692 3714 2764 Strumitzm,

453 2797 609 2861 dum
642 2800 707 2861 in
747 2798 912 2867 vivis
941 2809 1159 2882 ageret
1187 2802 1758 2884 Theorihylactus:
1797 2805 2041 2887 quippe
2068 2807 2180 2889 qui
2215 2804 2491 2887 epistola
2524 2803 2801 2884 32juxta
2826 2800 3098 2864 Meursii
3130 2799 3485 2862 editionem
3517 2800 3716 2858 testa-

453 2908 582 2975 tur,
614 2919 685 2965 se
714 2900 1055 2982 Pelagonia
1096 2905 1239 2984 (seu
1291 2903 1675 2990 Pelagontw)
1708 2908 1804 2965 καὶ
1832 2908 1968 2983 πρὸς
1993 2909 2086 2964 τὸν

2061 2927 2086 2964 ν
2113 2909 2516 2982 Στρημόετζης,
2549 2915 2607 2967 et
2627 2904 3044 2977 Strombit‘zw,
3078 2912 3133 2966 et
3196 2898 3531 2964 Malesobce
3581 2897 3716 2977 epi-

453 3003 667 3083 εοορίσ
707 3006 1060 3086 scripsisse.
1112 3006 1557 3071 Strombitzam
1620 3007 1794 3071 enim
1852 3004 2023 3067 idem
2075 3020 2148 3068 ac
2193 3004 2602 3070 Slrumitzam
2631 3025 2798 3083 esse,
2829 3007 2965 3087 ipsa
3010 3006 3294 3071 nominis
3351 3001 3716 3067 similitudo

452 3105 858 3193 amnitasque
891 3110 1186 3175 dubitare
1218 3127 1346 3177 non
1379 3114 1537 3177 sinit
1568 3137 1585 3179 :
1623 3114 1973 3194 praesertim
2023 3129 2168 3177 cum
2203 3130 2396 3194 supra
2453 3113 3137 3187 demonstraverimus,
3162 3111 3566 3175 Strumitzam
3610 3107 3717 3190 (de

454 3228 583 3292 qua
644 3211 749 3276 hic
778 3216 1015 3295 sermo)
1074 3233 1300 3297 parum
1351 3233 1388 3282 a
1416 3218 1758 3300 Pelagonia
1788 3219 2101 3294 distasse;
2140 3226 2334 3301 atque
2366 3217 2585 3296 etiam,
2618 3228 2690 3285 ut
2714 3220 2851 3300 ipse
2912 3218 3216 3292 arbitror,
3269 3232 3306 3280 a
3343 3213 3664 3279 Malesoba
3697 3229 3717 3275 :

458 3319 980 3403 Tbeopbylactus
1008 3341 1162 3390 vero
1190 3327 1272 3392 ad
1309 3327 1652 3407 episcolios
1690 3326 1837 3391 illos
1880 3332 2034 3400 tres,
2064 3332 2287 3406 utpote
2318 3326 2648 3401 finitimos,
2680 3343 2834 3388 suas
2885 3324 3143 3388 misisse
3173 3322 3479 3405 epistolas
3507 3321 3718 3385 videa-

456 3432 586 3487 tur.
620 3426 842 3507 Neque
887 3445 1036 3492 vero
1066 3428 1925 3511 TheOpbylac-tusduntaxat
1980 3431 2194 3510 ipsum
2235 3429 2596 3493 Strumitzze
2624 3445 2861 3493 nomen
2914 3427 3251 3506 paululum
3299 3423 3715 3499 immutavit;

456 3531 571 3594 sed
605 3541 666 3597 et
695 3534 1027 3600 Cedrenus
1087 3553 1226 3602 eam
1253 3538 1729 3615 Στρούμπιζανοι
1781 3544 2111 3621 Στρούπιτζα

2063 3546 2189 3613 ζαν,
2227 3536 2664 3617 Strumpitzan
2694 3544 2758 3600 et
2785 3537 3163 3617 Slrupilzun
3224 3531 3380 3619 (nisi
3415 3534 3480 3595 in
3517 3531 3718 3593 alter-

456 3647 678 3700 utrum
733 3638 942 3703 locum
988 3641 1318 3720 irrepserit
1370 3642 1676 3704 mendum
1710 3639 2269 3723 typograpbicum)
2307 3646 2511 3703 vocat.
2546 3641 2619 3702 Et
2650 3639 2916 3720 quidem
2957 3654 3035 3701 eo
3076 3637 3194 3701 loci
3220 3635 3578 3699 Cedrenum
3636 3634 3718 3693 de

457 3739 827 3819 Strumitza,
866 3742 946 3807 de
982 3758 1109 3823 qua
1153 3759 1273 3806 nos
1335 3744 1687 3824 loquimur,
1732 3760 2099 3808 sermonem
2137 3740 2400 3817 habere,
2459 3749 2857 3823 compertum
2884 3759 2962 3804 ex
2991 3758 3070 3802 eo
3108 3747 3203 3802 est
3259 3739 3434 3820 quod
3491 3734 3720 3799 Basilii

463 3843 866 3924 imperatoris
899 3847 1026 3912 iter
1052 3846 1262 3912 Scrris
1289 3849 1523 3929 Scopia
1567 3849 1707 3913 sive
1734 3850 1977 3931 Scupos
2009 3847 2414 3924 describens,
2446 3846 2748 3909 eumdem
2782 3844 3012 3908 referat
3049 3843 3454 3922 Strumpitzaa
3483 3859 3720 3921 appro-

461 3938 818 4031 pinquasse
845 3972 861 4012 :
889 3964 1022 4032 quo
1059 3951 1243 4015 illum
1273 3953 1677 4032 Strumpitzm
1703 3955 1899 4017 situm
1934 3952 2255 4032 designat,
2292 3968 2486 4032 quem
2514 3967 2633 4013 nos
2661 3947 3018 4011 Strumitza:
3046 3945 3511 4012 constituimus
3541 3946 3719 4010 Nice-

464 4053 650 4133 phori
704 4055 1003 4137 Gregorm
1039 4055 1251 4119 verbis
1287 4056 1523 4121 innixi.
1572 4056 1697 4119 Alii
1733 4056 1979 4120 minore
2009 4057 2220 4120 adhuc
2255 4055 2630 4118 diversitate
2655 4053 2944 4116 eamdem
2974 4050 3424 4114 Strumm’tzam
3458 4065 3720 4112 nuncu-

463 4163 640 4238 pant,
701 4162 772 4220 ut
819 4157 1098 4222 Ananias
1165 4157 1457 4237 ejusdem
1515 4159 1885 4239 episcOpus,
1920 4158 2033 4237 qui
2080 4173 2251 4221 anno
2291 4156 2448 4219 1565
2482 4151 2737 4234 synodo
2769 4151 3324 4229 ConstantinOpoli
3385 4151 3720 4214 celebratas

463 4261 619 4340 (qua
647 4261 900 4341 synodo
937 4260 1228 4343 dejectus
1258 4263 1343 4324 ob
1369 4261 1667 4324 simonim
1693 4261 1938 4324 crimen
1970 4277 2007 4323 e
2046 4259 2279 4322 throno
2330 4254 2753 4339 patriarcbico
2785 4262 2881 4318 est
2911 4254 3269 4333 Joasaphus
3323 4252 3505 4315 illius
3541 4252 3719 4315 urbis

461 4361 1014 4443 archiepiscopus)
1044 4363 1429 4444 subscripsit
1475 4364 1577 4426 his
1612 4363 1825 4426 verbis
1856 4380 1871 4425 :
1909 4363 2047 4444 Ego
2084 4361 2345 4427 humilia
2372 4360 2706 4441 episcopus
2733 4357 3138 4420 Strumnitzw
3171 4355 3453 4418 Ananias
3510 4355 3721 4417 colens

460 4478 595 4524 meo
637 4463 903 4526 consilio
931 4447 1309 4545 subscripsi,
1348 4471 1417 4529 ut
1446 4464 1876 4528 ecclesiastica
1901 4480 2021 4528 seu
2042 4462 2456 4541 patriarcbica
2490 4458 2682 4524 refert
2702 4458 2968 4523 historia
2999 4459 3436 4522 Emmanuelis
3461 4457 3717 4531 Malaxi,

464 4563 962 4644 Peloponnesii;
998 4584 1188 4647 quam
1223 4567 1537 4629 Martinus
1588 4566 1883 4641 Crusius,
1913 4565 2277 4628 Academias
2307 4563 2743 4643 Tubingensis
2778 4561 3121 4643 professor,
3157 4561 3377 4623 Latine
3413 4560 3716 4635 reddidit,

463 4667 801 4749 ediditque
859 4668 970 4731 lib.
1024 4688 1069 4731 ιι
1114 4667 1640 4732 Tarso-Greciam
1698 4668 1795 4731 Ex
1823 4681 1960 4749 quo
2014 4667 2464 4747 consequitur,
2530 4667 2940 4727 Strumitzam
2993 4665 3231 4724 nedum
3261 4661 3524 4736 smculo,
3583 4677 3719 4742 quo

465 4768 719 4833 vivebat
748 4768 1251 4850 TbOphylactus,
1290 4767 1653 4841 undecimo,
1685 4768 1798 4830 sed
1828 4768 2021 4831 etiam
2052 4766 2309 4830 deeimo
2337 4774 2522 4830 sexto
2552 4761 2903 4847 episeupali
2930 4765 3085 4828 sede
3142 4772 3429 4830 ornatam
3481 4766 3714 4830 fuisse.

465 4874 691 4937 Sedem
723 4871 885 4936 bane
912 4871 1307 4934 etiamnunc
1353 4870 1662 4950 temporis
1690 4887 2063 4951 superesse,
2089 4870 2221 4935 imo
2244 4876 2304 4933 et
2346 4866 2812 4947 metmpolitica
2841 4867 3153 4947 dignitate
3198 4867 3404 4932 fuisse
3441 4877 3717 4943 auctam,

467 4985 737 5044 testatus
797 4977 958 5042 mihi
1006 4988 1102 5043 est
1131 4979 1404 5040 lar-obus
1452 4975 2289 5053 Nicolai,bieromonacbus
2324 4975 2708 5055 Olympiam,
2766 4991 2885 5036 seu
2922 4991 2997 5034 ex
3032 4973 3425 5037 monasterio
3481 4974 3718 5038 montis

468 5084 757 5166 Olympi,
795 5100 991 5165 quem
1036 5083 1259 5164 paucis
1289 5086 1437 5146 ante
1463 5082 1720 5156 diebus,
1758 5100 1952 5162 quam
1983 5081 2119 5146 haec
2169 5081 2339 5163 typis
2391 5080 2870 5149 mandarentur,
2906 5075 2982 5141 ad
3014 5077 3176 5141 hanc
3209 5080 3428 5142 urbem
3479 5084 3716 5161 appul-

468 5204 640 5262 sum,
671 5194 741 5250 ut
769 5184 1009 5250 deinde
1043 5184 1112 5248 in
1141 5184 1671 5264 Transylvaniam
1738 5189 2054 5263 pergeret,
2081 5181 2432 5246 sacerdotis
2491 5197 2756 5243 munere
2792 5181 2962 5258 apud
2994 5196 3129 5241 suae
3156 5181 3367 5261 gentis
3419 5181 3719 5246 homines

470 5286 711 5351 ibidem
739 5285 1106 5362 iuncturus,
1138 5286 1338 5349 semel
1368 5291 1430 5349 et
1462 5285 1697 5348 iterum
1728 5285 2055 5348 allocutus
2102 5300 2271 5346 sum.
2335 5281 2457 5345 Hic
2489 5299 2588 5345 me
2623 5283 2689 5344 in
2741 5280 2967 5361 primis
2996 5280 3336 5343 certiorem
3368 5280 3543 5357 fecit,
3581 5282 3716 5346 fere

469 5392 793 5471 integrum
839 5406 1123 5452 mensem
1172 5405 1241 5451 se
1267 5388 1624 5452 Strumitzae
1653 5395 1965 5451 moratum
1992 5404 2159 5450 esse.
2192 5388 2355 5448 Tum
2383 5384 2536 5448 mihi
2571 5386 2651 5447 de
2685 5383 3058 5465 quindecim
3100 5384 3273 5447 hisce
3329 5386 3717 5465 martyribus

471 5491 823 5555 sciscitanti
858 5491 1216 5572 respondit,
1254 5506 1377 5552 non
1406 5492 1594 5553 modo
1627 5490 1890 5552 illorum
1949 5488 2321 5552 memoriam
2352 5505 2424 5551 ea
2460 5488 2525 5549 in
2565 5488 2720 5551 urbe
2755 5486 2970 5565 vigere
3006 5485 3161 5559 ;sed
3201 5485 3390 5548 etiam
3435 5504 3467 5547 a
3509 5505 3718 5550 saeer-
3760 5562 3765 5567 ι

470 5593 729 5655 dotibus
759 5609 839 5656 eo
871 5592 995 5655 loci
1040 5590 1515 5655 celebrantibus
1547 5588 2223 5652 commemorationem
2255 5588 2548 5669 quotidie
2574 5586 2706 5650 tieri
2744 5608 2761 5648 :
2790 5585 3136 5666 quotannis
3168 5602 3322 5647 vero
3358 5587 3716 5650 solemnem

472 5695 776 5758 celebrari
810 5694 1186 5765 earumdem
1241 5700 1586 5773 martyrum
1649 5690 2060 5753 festivitatem
2108 5713 2123 5750 :
2169 5690 2330 5769 quin
2374 5698 2437 5754 et
2487 5689 2813 5769 peculiare
2844 5687 3121 5753 cilicium
3166 5696 3229 5753 et
3271 5688 3578 5752 lectiones
3634 5691 3716 5752 de

476 5797 763 5877 ipsorum
800 5799 1104 5880 martyrio
1146 5796 1364 5862 haberi
1402 5822 1414 5860 :
1456 5815 1657 5878 eaque
1683 5795 1895 5860 omnia
1930 5793 2243 5858 contineri
2279 5794 2586 5876 peculiari
2621 5795 2900 5875 quodam
2942 5792 3160 5857 libello
3218 5792 3534 5872 impresso
3592 5796 3717 5857 Bot-
