4192 6294
534 336 645 400 t39
1580 336 1967 399 BONtFACII
2001 336 2311 399 FINET’I‘I
2359 338 2751 400 PREFATIO
3700 337 3821 402 uo
3882 328 3885 331 ’

536 442 805 522 scepoli,
844 443 966 520 vel,
989 452 1054 505 nt
1082 445 1513 509 communitcr
1546 448 1963 526 pronuntiant
1988 444 2602 527 Graeci,Vosc0p0li.
2629 446 3195 527 inZMacedonia,in
3228 463 3351 529 qua
3382 445 3539 512 urbe
3563 445 3819 527 paucis

534 544 767 609 abhinc
790 548 980 623 annis
1016 548 1305 611 instituta
1327 549 1879 629 csttypographia.
1913 548 2146 612 Notitia
2176 548 2330 624 hac,
2361 565 2553 629 quam
2580 549 2738 611 mihi
2767 548 2882 613 diu
2912 547 3711 630 multumqueinquirenti
3730 562 3818 609 ex

539 648 659 708 hoc
683 666 815 711 uno
846 665 1029 714 sacro
1055 650 1365 713 monacho
1395 650 1653 713 haurire
1688 651 1893 723 licuit,
1925 650 2185 730 egregie
2218 650 2548 713 conﬁrmat
2572 649 2880 722 historiae,
2913 667 3059 729 quae
3084 649 3148 712 in
3180 650 3295 713 hac
3325 647 3820 729 TheOphylacti

535 749 827 812 oratione
870 750 1287 825 describitur,
1348 752 1677 816 veritatem
1716 775 1732 814 :
1796 754 2144 831 praesertim
2190 768 2336 815 cum
2371 752 2611 823 omnia,
2657 768 2805 833 quae
2843 752 2982 829 ipse
3013 750 3315 815 referrem
3349 767 3431 813 ex
3489 749 3819 829 praedicta

539 851 853 921 oratione,
880 849 994 915 ille
1021 869 1091 915 se
1128 853 1370 933 legisse
1392 854 1719 918 aiIirmarit
1753 856 1821 918 in
1858 860 2207 918 memorato
2255 853 2501 918 libello.
2542 854 2762 917 Solum
2789 853 2909 916 hoc
2940 870 3068 917 non
3095 852 3253 916 satis
3297 852 3612 915 memoria
3691 851 3818 916 ille

541 950 814 1027 tenebat,
842 969 921 1015 an
951 961 1261 1034 martyres
1299 955 1396 1017 illi
1444 956 1568 1017 sub
1591 956 1855 1019 Iuliano
1905 957 2203 1034 Apostata
2250 954 2626 1033 martyrium
2658 953 2941 1017 subiisse
2972 969 3052 1017 eo
3086 954 3157 1016 in
3189 952 3410 1016 libello
3466 953 3818 1017 dicantur.

536 1056 613 1116 Et
659 1054 792 1119 haec
819 1056 900 1118 de
931 1055 1093 1133 loco,
1136 1056 1244 1121 ubi
1284 1060 1455 1135 passi
1501 1068 1651 1123 sunt
1683 1068 2019 1140 martyres,
2050 1060 2324 1141 ejusque
2354 1060 2692 1122 occasione
2722 1059 2854 1121 sint
2888 1059 3056 1121 dicta

616 1154 797 1220 XXI.
854 1158 1140 1236 Tempus
1199 1174 1350 1221 vero
1401 1176 1531 1238 quo
1563 1160 1625 1224 id
1675 1160 1942 1240 contigit
1972 1161 2229 1223 deﬁniri
2266 1159 2451 1224 facile
2484 1148 2715 1240 petest.
2764 1160 2920 1222 Nam
2979 1177 3056 1222 ex
3102 1158 3454 1239 epigraphe
3518 1159 3819 1239 ipsaque

537 1256 830 1319 oratione
863 1256 1228 1332 innotescit,
1266 1277 1379 1323 eos
1409 1262 1763 1341 imperante
1792 1263 2053 1325 Iuliano
2102 1267 2401 1342 Apostata
2455 1263 2840 1342 sanguinem
2898 1276 3013 1342 pro
3044 1261 3295 1324 Christo
3325 1258 3602 1323 fudisse.
3642 1260 3819 1322 Cum

537 1361 755 1418 autem
780 1355 1071 1436 perbrevi
1099 1365 1387 1439 tempore
1439 1364 1806 1425 moderatus
1840 1363 1951 1425 ille
1981 1363 2327 1443 imperium
2378 1363 2826 1445 sit(nimirum
2883 1379 2919 1424 a
2962 1377 3185 1425 mense
3230 1359 3578 1424 Novembri
3644 1360 3821 1423 anni

535 1459 649 1520 361
689 1459 766 1523 ad
796 1461 971 1525 diem
1018 1478 1229 1543 usque
1257 1467 1337 1528 26
1368 1468 1547 1529 Junii
1580 1469 1732 1531 anni
1763 1468 1933 1546 363),
1998 1467 2413 1548 perspicuum
2443 1476 2565 1543 est,
2609 1483 2728 1531 nos
2766 1465 2836 1530 in
2870 1465 3239 1530 deﬁniendo
3293 1463 3582 1546 martyrii
3636 1470 3818 1526 tem-

542 1577 694 1639 pore
732 1564 836 1625 vix
868 1579 1059 1643 posse
1096 1581 1266 1628 anno
1309 1567 1562 1646 integro
1600 1587 1634 1633 a
1665 1584 1817 1631 vero
1855 1569 2175 1631 aberrare.
2204 1570 2299 1631 Ex
2329 1568 2598 1632 historia
2642 1568 2971 1648 siquidem
3021 1565 3457 1631 ecclesiastica
3515 1572 3816 1629 constat:

538 1679 688 1726 eum
719 1663 1049 1743 aliquanto
1079 1677 1220 1745 post
1254 1668 1486 1731 initum
1519 1670 1866 1751 imperium
1898 1668 2416 1749 persecutionem
2456 1670 2797 1734 inchoasse
2835 1676 3055 1734 contra
3096 1666 3494 1729 Christianos
3527 1686 3545 1740 ;
3609 1672 3823 1744 atque

539 1765 603 1825 in
636 1763 756 1826 hoc
787 1766 930 1845 ipso
962 1772 1278 1848 opusculo
1305 1772 1604 1853 legimus,
1634 1782 1965 1855 martyres,
2029 1773 2110 1837 de
2148 1774 2388 1855 quibus
2435 1774 2536 1837 hic
2579 1790 2817 1848 sermo,
2892 1780 3030 1852 post
3059 1770 3275 1852 fugam
3312 1769 3589 1848 primum
3656 1768 3822 1849 qui—

536 1864 682 1927 dem
739 1884 819 1929 ex
848 1869 1021 1941 urbe
1044 1872 1308 1950 gNicaea,
1343 1876 1579 1938 deinde
1635 1893 1711 1938 ex
1759 1874 2242 1949 Thessalonica,
2275 1875 2658 1957 aliquandiu
2698 1881 3125 1939 commoratos
3160 1889 3305 1937 esse
3367 1869 3818 1950 Tiberiopoli,

536 1962 810 2046 ejusque
835 1969 1031 2042 cives,
1068 1979 1129 2034 et
1156 1973 1573 2039 ﬁnitimorum
1626 1975 1915 2039 locorum
1964 1976 2212 2040 incolas
2243 1993 2370 2056 qua
2404 1977 2879 2056 praedicatione,
2905 1993 3033 2059 qua
3058 1974 3391 2039 miraculis
3429 1973 3509 2037 ad
3556 1971 3815 2038 Christi

536 2062 725 2129 Iidem
779 2069 1163 2147 perduxisse
1203 2089 1217 2133 :
1280 2073 1348 2135 in
1388 2091 1519 2154 quo
1570 2076 1877 2157 temporis
1926 2077 2206 2155 spatium
2242 2075 2507 2157 aliquod
2542 2075 2838 2157 illudque
2862 2093 2992 2140 non
3016 2078 3179 2140 adeo
3208 2077 3522 2156 exiguum
3554 2074 3822 2137 insum-

539 2172 717 2245 ptum
748 2184 893 2233 esse
920 2180 1195 2250 oportet.
1232 2174 1398 2236 Hinc
1435 2193 1587 2239 vero
1638 2194 1866 2259 magna
1898 2177 2346 2258 probabilitate
2392 2178 2761 2255 deducitur,
2813 2179 3037 2259 paucis
3080 2187 3227 2243 ante
3254 2177 3502 2243 Iuliani
3544 2176 3815 2240 obitum

538 2266 896 2345 mensibus,
930 2270 1222 2354 adeoque
1253 2275 1422 2338 circa
1449 2278 1601 2342 anni
1628 2278 1747 2341 363
1799 2276 2087 2355 initium,
2132 2286 2241 2342 aut
2272 2288 2443 2345 certe
2482 2281 2606 2344 sub
2647 2280 2838 2344 ﬁnem
2869 2281 3026 2344 anni
3083 2280 3222 2357 362,
3250 2296 3362 2345 eos
3416 2278 3815 2358 martyrium

536 2374 846 2440 subiisse.
885 2378 1108 2459 Neque
1134 2378 1251 2443 hac
1299 2381 1378 2444 de
1410 2400 1479 2445 re
1515 2384 1702 2465 plura
1750 2406 1766 2448 :
1824 2387 2269 2451 tantummodo
2316 2370 2960 2452 animadvertendum
2999 2385 3291 2468 martyrii
3323 2385 3496 2449 diem
3550 2385 3621 2447 in
3689 2382 3820 2446 hoc

536 2476 681 2553 ipso
712 2477 1029 2556 Opusculo
1061 2481 1213 2561 poni
1245 2484 1369 2548 sub
1399 2485 1506 2548 die
1537 2486 1619 2550 28
1648 2489 2053 2554 Novembris.

616 2581 827 2645 XXII.
864 2584 1259 2665 Diligentius
1297 2588 1758 2671 inquirendum
1812 2594 2066 2659 videtur
2098 2602 2350 2676 tempus
2384 2603 2444 2659 et
2466 2596 2649 2659 locus
2680 2611 2812 2677 quo
2845 2595 3078 2658 horum
3110 2599 3464 2673 martyrum
3531 2606 3818 2672 corpora

533 2682 811 2767 splemni
846 2699 1075 2764 pompa
1100 2687 1398 2751 translata
1430 2688 1636 2756 fuere.
1665 2695 1743 2755 At
1772 2711 1966 2759 nemo
2005 2702 2215 2761 tamen
2254 2695 2360 2758 hic
2390 2712 2633 2759 annum
2667 2696 2863 2777 hujus
2910 2690 3346 2757 translationis
3377 2692 3725 2771 proprium
3780 2706 3819 2752 a

539 2780 727 2846 nobis
763 2785 1044 2863 postulet
1085 2786 1457 2869 designari:
1494 2792 1557 2855 id
1592 2794 1767 2857 enim
1797 2793 1929 2856 ﬁeri
1979 2797 2352 2861 nullatenus
2378 2806 2607 2876 potest,
2644 2815 2791 2862 cum
2824 2795 3057 2860 nullibi
3100 2795 3445 2856 adnotatus
3470 2797 3812 2856 Occurrat.

535 2883 748 2958 Quare
774 2890 1061 2963 tempora
1088 2888 1482 2966 proximiora
1527 2900 1852 2974 utcunque
1887 2893 2171 2959 indicare
2202 2893 2501 2959 sufﬁciet.
2523 2896 2589 2957 Id
2624 2911 2778 2961 vero
2802 2897 3040 2976 pendet
3068 2908 3105 2955 a
3143 2897 3433 2969 tempore
3486 2907 3625 2972 quo
3654 2888 3817 2953 Bul-

541 2982 748 3061 garica
780 3000 940 3062 gens
1002 2985 1293 3063 amplexa
1352 2995 1449 3049 est
1506 2990 1740 3052 Christi
1775 2993 2033 3055 Domini
2088 2994 2275 3057 tidem
2311 3016 2327 3056 :
2362 3010 2507 3057 nam
2536 2993 2662 3058 sub
2708 2994 2920 3075 primo
2973 2990 3395 3073 BulgarOrum
3433 3008 3588 3073 rege
3623 2989 3820 3057 Chri-

540 3085 754 3148 stiano
789 3086 1271 3152 translationem
1302 3091 1477 3155 illam
1501 3092 1708 3161 fuisse
1743 3104 2083 3178 peractam,
2115 3098 2371 3163 diserte
2396 3098 2712 3164 asseritur
2765 3097 2837 3163 in
2879 3098 2998 3160 hoc
3065 3112 3388 3161 sermone.
3435 3096 3578 3174 Qua
3618 3098 3706 3163 de
3739 3115 3817 3163 re

545 3186 859 3251 nonnulla
889 3187 1177 3255 diximus
1215 3191 1280 3254 in
1314 3195 1521 3271 Notis,
1556 3214 1719 3277 quas
1750 3200 1815 3262 in
1850 3198 2157 3266 inferiore
2199 3200 2393 3282 hujus
2424 3201 2740 3265 orationis
2790 3201 3098 3283 margine,
3141 3215 3213 3263 ac
3264 3199 3618 3278 prmsertim
3663 3218 3811 3284 pag.

540 3292 1130 3374 501apposuimus.
1180 3297 1402 3378 Neque
1444 3318 1611 3379 opus
1650 3318 1797 3366 esse
1833 3303 2129 3381 arbitror,
2158 3320 2300 3369 eam
2351 3322 2483 3368 rem
2537 3304 2753 3368 fusius
2787 3304 2892 3376 hic
2950 3304 3251 3385 persequi
3282 3309 3393 3368 aut
3438 3305 3817 3370 accuratius

543 3390 936 3471 investigare
968 3413 986 3466 ;
1017 3407 1163 3454 cum
1203 3398 1549 3475 scriptores
1575 3415 1801 3463 omnes
1830 3401 1947 3480 qui
1981 3403 2141 3466 hanc
2192 3403 2480 3467 historiae
2517 3402 2980 3468 ecclesiastica}
3017 3416 3261 3485 partem
3294 3404 3593 3486 attigere,
3650 3422 3814 3469 con-

546 3493 911 3556 versionem
947 3495 1375 3574 Bulgarorum
1433 3515 1606 3564 nono
1646 3501 1887 3565 saeculo
1919 3502 2234 3569 accidisse
2278 3505 2687 3569 consentiant
2727 3527 2746 3581 ;
2804 3506 3148 3588 solumque
3183 3504 3417 3585 viginti
3479 3522 3812 3571 annorum

544 3599 754 3677 spatio
776 3600 972 3664 citius
998 3602 1136 3679 alii,
1170 3603 1282 3667 alii
1315 3607 1528 3668 serius
1565 3615 1903 3672 autumant
1933 3612 2260 3675 evenisse.
2291 3612 2448 3675 Nam
2480 3611 2828 3692 scriptores
2855 3613 3058 3675 Graeci
3087 3628 3226 3675 eam
3263 3609 3399 3675 fere
3450 3611 3529 3675 ad
3559 3626 3812 3675 annum

544 3698 1155 3779 octingentesimum
1188 3704 1753 3786 quadragesimum
1782 3717 2037 3774 sextum
2074 3727 2374 3775 revocare
2406 3710 2732 3775 videntur.
2763 3713 3144 3775 Anastasius
3177 3726 3329 3774 vero
3383 3711 3817 3774 Bibliotheca-

549 3803 686 3865 rius
730 3804 798 3868 in
856 3807 999 3869 Vita
1058 3808 1296 3873 Nicolai
1351 3811 1378 3873 ι
1454 3829 1527 3874 ea
1562 3812 1772 3890 tradit,
1826 3833 1902 3878 ex
1928 3816 2171 3897 quibus
2215 3816 2523 3899 colligere
2556 3835 2837 3898 pronum
2867 3824 2988 3896 est,
3017 3818 3348 3882 nationem
3401 3816 3813 3899 Bulgaricam

546 3905 925 3973 Christianas
954 3911 1251 3995 religioni
1280 3932 1516 3979 nomen
1548 3933 1676 3981 non
1716 3918 1971 3982 dedisse
2002 3929 2149 3984 ante
2173 3938 2419 3986 annum
2448 3912 2742 4002 ejusdem
2768 3921 2986 3986 seaculi
3013 3920 3490 4001 sexagesimum
3523 3929 3811 3982 sextum.

547 4008 618 4068 in
651 4025 730 4071 eo
766 4011 957 4076 etiam
994 4029 1220 4078 omnes
1251 4015 1386 4078 fere
1420 4017 1860 4092 consentiunt,
1926 4020 2102 4100 quod
2157 4038 2267 4084 rex
2320 4020 2743 4101 Bulgarorum
2778 4021 3026 4099 primus
3055 4018 3434 4085 Christiana
3502 4014 3813 4098 religioni

549 4114 842 4180 addictus
871 4126 1017 4181 ante
1040 4119 1434 4200 baptismum
1489 4123 1765 4203 Bogoris
1817 4122 2367 4205 (Theophylactus
2426 4126 2494 4188 in
2551 4126 2669 4188 hac
2697 4123 2987 4188 oratione
3009 4123 3291 4185 Borisim
3333 4120 3584 4193 scribit,
3654 4130 3811 4181 voce

552 4218 887 4294 paululum
938 4222 1323 4304 immutata),
1356 4225 1766 4304 postmodum
1810 4243 1964 4290 vero
2019 4226 2293 4293 Michael
2340 4227 2539 4291 fuerit
2594 4225 2978 4309 appellatus.
3023 4227 3147 4290 Sed
3209 4240 3468 4288 rursum
3526 4223 3573 4284 ii
3622 4218 3811 4283 valde

547 4318 912 4399 discrepant
942 4322 1008 4385 in
1047 4324 1437 4403 assignanda
1465 4342 1683 4400 causa,
1715 4344 1842 4407 qua
1890 4330 2199 4393 inductus
2240 4328 2350 4392 ille
2392 4328 2588 4391 fuerit
2615 4329 2692 4390 ad
2721 4327 3143 4391 Christianam
3168 4326 3356 4389 ﬁdem
3412 4322 3814 4404 amplecten-

547 4417 716 4477 dam.
751 4417 881 4481 Alii
924 4420 1096 4483 enim
1150 4423 1394 4485 sororis
1443 4441 1579 4487 sum
1626 4425 2204 4502 adhortationibus,
2241 4444 2387 4508 quas
2414 4428 2568 4490 dum
2606 4426 3167 4508 ConstantinOpoli
3194 4431 3576 4497 moraretur,
3626 4418 3812 4487 Chri-

551 4518 778 4583 stianis
810 4530 945 4585 erat
976 4523 1219 4587 imbuta
1252 4528 1603 4606 mysteriis,
1640 4537 1998 4607 permotum
2039 4530 2247 4594 fuisse
2283 4534 2542 4595 tradunt
2571 4548 2593 4607 ;
2622 4531 2733 4594 alii
2763 4530 3081 4595 bellorum
3110 4529 3432 4610 famisque
3475 4526 3803 4591 calamita-

550 4624 724 4691 tibus
762 4627 1119 4708 impulsum
1154 4651 1169 4692 :
1218 4630 1327 4693 alii
1368 4631 1584 4694 vivida
1639 4631 2007 4695 futurorum
2058 4634 2461 4698 cruciatuum
2504 4632 2812 4714 imagine,
2850 4646 3043 4713 quam
3080 4631 3380 4694 hauserat
3421 4646 3502 4692 ex
3560 4621 3809 4704 insigni

552 4732 822 4809 pictura,
879 4731 1248 4811 perculsum
1323 4730 1640 4796 divinitus
1671 4732 1903 4795 infusa)
1959 4733 2090 4797 luci
2132 4734 2357 4797 oculos
2387 4732 2750 4813 aperuisse,
2784 4738 3063 4796 narrant.
3097 4729 3221 4795 Sed
3262 4729 3397 4794 haec
3458 4729 3800 4793 enucleare

552 4838 766 4895 nostra
827 4848 953 4896 non
994 4833 1284 4898 interest.
1344 4835 1509 4896 Satis
1549 4833 1708 4896 mihi
1742 4841 1861 4909 est,
1897 4836 2221 4917 Bogorim,
2260 4837 2399 4898 sive
2428 4834 2708 4897 Borisim
2743 4847 3204 4913 quamcunque
3227 4830 3489 4893 demum
3524 4830 3609 4893 ob
3657 4843 3807 4891 cau-

549 4951 711 5009 sam,
756 4942 817 4997 et
864 4937 1003 5000 sive
1044 4952 1192 5012 una,
1252 4936 1390 5000 sive
1445 4934 1783 5015 multiplex
1830 4935 2051 5012 fuerit,
2092 4937 2350 5001 nonnisi
2384 4937 2553 5001 circa
2589 4934 2937 4999 dimidium
2990 4931 3213 4997 saeculi
3247 4930 3404 4994 noni
3455 4926 3799 5009 religionis

549 5036 934 5099 Christiana
963 5034 1289 5115 mysteriis
1312 5035 1519 5099 fuisse
1554 5034 1925 5098 initiatum:
1970 5035 2123 5100 inde
2146 5037 2321 5100 enim
2359 5042 2763 5115 compertum
2788 5033 3068 5098 efﬁcitur
3114 5032 3652 5113 exploratumque
3693 5028 3800 5091 SS.

550 5151 930 5221 martyrum,
964 5139 1046 5203 de
1081 5139 1320 5220 quibus
1350 5157 1525 5204 nunc
1551 5156 1763 5204 sermo
1801 5148 1921 5215 est,
1966 5140 2451 5205 translationem
2497 5140 2727 5203 eodem
2771 5138 3126 5201 inclinante
3150 5137 3279 5217 jam
3325 5133 3562 5199 saeculo
3593 5129 3800 5197 conli-

550 5250 726 5325 g‘ssc
784 5260 801 5318 ;
853 5242 1146 5323 adeoque
1194 5240 1659 5322 TheOphylacti
1717 5248 1965 5305 nitatem
2012 5242 2270 5307 duobus
2316 5241 2572 5306 circiter
2616 5238 2873 5305 saaculis
2905 5237 3340 5323 prmcessisse,
3374 5242 3445 5302 ut
3498 5231 3797 5315 superius

552 5349 916 5416 innuimus.

633 5451 867 5515 XXIII.
912 5451 1151 5511 Verum
1181 5465 1312 5530 quo
1341 5447 1578 5511 clarius
1617 5446 1963 5512 innotescit
1989 5454 2243 5526 tempus
2278 5448 2502 5511 saltem
2529 5446 2894 5526 proximum
2926 5442 3295 5508 istiusmodi
3332 5434 3796 5522 translationis,

553 5573 631 5617 eo
665 5552 849 5616 nobis
878 5548 1217 5615 obscurior
1246 5557 1343 5611 est
1374 5547 1555 5612 locus
1585 5549 1662 5610 ad
1704 5564 1897 5628 quem
1929 5545 2137 5609 delata
2166 5561 2343 5609 sacra
2384 5546 2650 5625 pignora
2692 5552 2865 5607 sunt.
2915 5547 3154 5607 Auctor
3182 5541 3449 5623 quidem
3489 5532 3794 5605 orationis

553 5656 727 5719 hunc
790 5670 1238 5731 saepenumero
1300 5660 1479 5717 vocat
1524 5654 1995 5728 Βραγαληνετζαν,
2020 5649 2208 5731 Bragt

2135 5651 2504 5731 igalinitzan
2553 5647 2677 5730 (vel
2719 5648 2773 5709 si
2838 5648 2870 5721 β
2926 5647 3383 5727 pronuntietur
3441 5639 3790 5708 recentium

456 5824 459 5827 .
554 5772 730 5822 more
764 5757 1153 5831 Graecorum,
1183 5752 1681 5835 Vragalinitzan)
1748 5768 2021 5834 eamque
2054 5759 2111 5815 et

2146 5754 2323 5829 πόλιν,
2378 5749 2613 5825 urbem,
2645 5758 2705 5813 et
2746 5750 3036 5822 ἐπαρχίαν,
3068 5746 3488 5827 provinciam,
3528 5760 3643 5809 seu
3671 5752 3788 5801 πιε-
