4192 6294
398 393 494 459 {ll
1254 391 1335 452 IN
1369 390 1799 463 SEQUENTIA
1833 386 2408 450 TUEOPHYLACTI
2445 387 2787 450 SCRIPTA.
3536 386 3645 449 ΗΞ

397 505 692 584 tropob’m
726 517 1076 583 nuncupat.
1109 503 1230 566 Sed
1264 520 1558 583 quianam
1590 518 1652 567 et
1676 519 1807 585 quo
1836 520 1974 567 IOCO
2000 504 2201 583 posita
2232 504 2340 575 sit,
2382 502 2479 565 vel
2513 503 2667 565 oiim
2692 500 2889 564 fuerit
2910 499 3133 564 civ’itas
3167 500 3322 576 hac,
3354 504 3639 565 nondum

399 609 559 671 mihi
599 604 952 687 inquirenti
989 605 1143 668 satis
1168 604 1470 686 detegere
1502 604 1709 679 licuit,
1742 621 1890 668 cum
1929 621 2142 685 neque
2173 604 2240 665 in
2265 602 2709 683 geographicis
2737 603 2983 682 mappis
3015 602 3402 675 adnotatam,
3429 619 3642 683 neque

395 710 474 772 ab
502 706 634 772 alio
678 709 898 789 aliquo
926 715 1184 771 auctore
1217 718 1628 773 memoratam
1654 708 2033 789 repererim.
2066 708 2223 771 Cum
2249 724 2399 768 vero
2426 725 2499 768 ex
2541 707 2762 769 indole
2795 706 3035 786 lingua)
3063 706 3437 780 Slavonicm,
3473 705 3640 768 haud

397 812 554 873 mihi
590 830 852 892 prorsus
882 815 1136 895 ignotae,
1154 820 1349 893 atque
1376 830 1453 878 ex
1472 811 1803 876 similibus
1822 829 1969 895 quae
2000 813 2236 891 passim
2258 816 2630 883 occurrunt,
2654 810 2841 872 etiam
2864 811 3030 890 apud
3067 809 3640 891 'l‘heOphylactum,

293 911 307 923 '
393 913 714 993 exemplis
758 904 1156 995 compertum
1187 914 1514 991 haberem,
1544 914 1663 979 hoc
1700 914 2082 978 vocabulum
2134 914 2489 992 Bulgarica.
2517 930 2663 993 quae
2693 912 2911 992 lingua
2952 911 3211 976 Slavicte
3245 931 3361 975 seu
3414 913 3640 974 Slavo-

396 1011 562 1076 nicas
591 1013 901 1077 dialectus
935 1022 1057 1086 est,
1102 1016 1559 1081 terminatione
1587 1015 1917 1092 desinere,
1947 1014 2108 1078 illud
2144 1014 2356 1077 statim
2412 1015 2784 1093 perquirere
2821 1016 3004 1093 ccepi,
3071 1023 3307 1086 utrum,
3366 1014 3640 1075 detracta

392 1117 625 1181 saltem
662 1120 1117 1184 terminatione
1148 1121 1299 1195 itza,
1330 1120 1431 1185 vel
1462 1108 1661 1195 nitza,
1693 1120 1887 1201 hujus
1916 1119 2235 1183 similisve
2266 1118 2546 1183 nominis
2591 1122 2741 1181 urbs
2774 1120 2837 1178 in
2881 1118 3175 1199 Bulgaria
3203 1127 3400 1195 esset,
3436 1119 3531 1182 vel
3576 1120 3640 1183 in

390 1221 519 1283 alia
566 1221 859 1303 regione,
891 1222 1076 1303 cujus
1119 1223 1345 1287 incolas
1376 1224 1597 1305 lingua
1646 1231 1983 1288 uterentur
2016 1225 2374 1304 Bulgarica,
2418 1222 2783 1303 cujusmodi
2814 1221 2935 1284 fuit
2965 1222 3427 1303 Bragalim'lza,
3460 1231 3639 1311 ut‘ex

393 1324 540 1401 ipsa
580 1322 872 1387 oratione
903 1333 1170 1389 constat.
1222 1328 1451 1389 Verum
1500 1343 1628 1391 non
1661 1326 1851 1389 aliam
1882 1325 2105 1389 urbem
2153 1324 2417 1398 oﬂ‘eudi,
2449 1342 2594 1403 qua;
2624 1324 2839 1404 aliqua
2879 1326 3125 1388 ratione
3158 1342 3304 1387 cum
3352 1326 3460 1387 illa
3499 1341 3619 1387 con

393 1440 630 1501 gruere
689 1423 1041 1499 videretur,
1092 1443 1287 1507 quam
1337 1424 1614 1507 Bargala
1645 1425 1976 1506 pertinens
2016 1426 2093 1487 ad
2141 1424 2579 1488 Macedoniam
2619 1427 2965 1488 secundam
3016 1423 3347 1489 orientalis
3398 1425 3642 1506 lllyrici

396 1532 640 1600 partem
675 1543 689 1587 :
748 1542 914 1599 nan;
952 1528 1243 1608 Bargate:
1297 1546 1560 1606 nomen,
1609 1530 1784 1611 quod
1818 1530 2075 1610 dempta
2106 1530 2561 1591 terminatione
2596 1528 2954 1609 Bulgarice,
2984 1538 3292 1605 remanet,
3326 1545 3470 1592 cum
3536 1532 3644 1594 illa

394 1626 532 1692 fere
564 1635 935 1708 consensit;
996 1651 1209 1714 neque
1241 1651 1276 1699 a
1305 1636 1702 1716 Tiberiopoli
1744 1635 2021 1699 multum
2052 1636 2282 1698 abesse
2311 1634 2591 1697 videtur.
2630 1635 2946 1711 Quocirca
2971 1635 3281 1699 credibile
3326 1644 3444 1712 est,
3477 1636 3643 1698 intra

397 1732 717 1812 Bulgarici
741 1734 901 1798 fines
936 1736 1191 1815 imperii
1229 1755 1368 1802 eam
1408 1748 1545 1803 tum
1592 1740 1948 1815 exstitisse,
1981 1741 2275 1821 adeoque
2306 1748 2369 1802 et
2412 1739 2762 1819 Bulgaricaa
2798 1740 3036 1820 linguas
3067 1740 3131 1802 in
3154 1743 3239 1819 ,‘ea
3276 1756 3464 1803 usum
3494 1748 3645 1806 tunc

395 1837 707 1913 temporis
744 1838 1057 1918 viguisse.
2366 1862 2367 1865 “

458 1936 714 1999 XXIV.
760 1938 902 2003 Huc
934 1958 1139 2021 usque
1169 1941 1579 2022 scripseram,
1613 1961 1761 2007 cum
1803 1961 1995 2023 supra
2031 1942 2330 2008 laudatus
2361 1944 2713 2007 monachus
2746 1944 2820 2007 Ol
2828 1945 3115 2025 ympiota
3147 1944 3486 2007 certiorem
3546 1963 3644 2008 me

391 2039 572 2116 fecit,
628 2050 879 2109 exstare
933 2049 1285 2113 etiamnum
1320 2051 1387 2113 in
1424 2052 1709 2115 secunda
1764 2051 2136 2115 Macedonia
2176 2049 2398 2113 urbem
2448 2048 2968 2129 Bragalinitzam,
3004 2068 3145 2121 seu.
3189 2058 3255 2113 ut
3312 2052 3452 2129 ipse
3492 2051 3642 2112 elle-

395 2142 599 2219 rebat,
636 2143 1145 2226 Bragarim’tzam
1191 2170 1214 2220 :
1277 2149 1391 2213 sed
1432 2169 1467 2215 θ
1510 2168 1735 2232 magna
1767 2153 1923 2216 urbe
1980 2155 2057 2216 ad
2088 2152 2228 2233 pagi
2264 2150 2701 2213 condnionem
2762 2151 3099 2225 redactam,
3164 2150 3567 2231 babitarique
3610 2164 3642 2209 a

395 2249 650 2324 Turcis,
684 2252 907 2330 paucis
961 2252 1265 2319 immistis
1298 2255 1675 2319 Christianis
1706 2280 1722 2320 :
1779 2256 2021 2320 distare
2083 2272 2234 2319 vero
2274 2272 2309 2317 a
2341 2256 2682 2317 Strumitza
2713 2255 3005 2335 quinque
3035 2256 3287 2318 circiter
3342 2254 3644 2317 horarum

396 2344 630 2410 itinere
663 2369 681 2411 :
713 2364 784 2412 ac
810 2348 879 2412 in
917 2367 992 2413 ea
1033 2366 1159 2414 non
1191 2351 1405 2415 solum
1437 2356 1517 2416 de
1549 2366 1801 2434 peracta
1830 2356 1905 2418 ad
1939 2355 2142 2433 ipsam
2175 2361 2538 2415 sanctorum
2573 2363 2923 2432 martyrum
2960 2353 3374 2417 translatione
3400 2372 3642 2417 memo.

394 2450 557 2512 riam
602 2449 865 2531 vigere;
897 2452 1009 2514 sed
1047 2452 1237 2515 etiam
1276 2471 1371 2530 se,
1406 2472 1550 2518 cum
1582 2454 1730 2518 illac
1764 2454 2079 2527 transiret,
2117 2453 2394 2533 prepriis
2436 2453 2675 2515 vidisse
2719 2454 2927 2516 oculis
2974 2451 3387 2519 fundamenta
3427 2453 3644 2534 templi

394 2556 571 2638 quod
605 2558 673 2619 in
700 2574 926 2622 eorum
954 2556 1266 2623 honorem
1306 2560 1461 2624 olim
1487 2567 1889 2623 exstructum
1940 2558 2295 2620 dicebatur.
2334 2557 2521 2620 Plura
2555 2558 2635 2620 de
2674 2556 2848 2620 hisce
2879 2560 3122 2621 sanctis
3186 2560 3338 2622 mihi
3376 2562 3645 2645 dicenda

396 2678 526 2726 non
586 2668 969 2743 suppetunt.
1026 2662 1338 2727 Caeterum
1374 2664 1719 2728 clarissimi
1760 2672 1820 2726 et
1866 2663 1946 2726 de
2004 2662 2362 2725 Christiana
2410 2662 2740 2739 republica
2796 2657 3037 2742 Optime
3090 2664 3300 2726 meriti
3356 2663 3645 2731 Bollaudi

395 2767 879 2829 continuatores
927 2783 1050 2830 suo
1107 2777 1393 2847 tempore
1438 2776 1631 2831 totam
1671 2768 1831 2831 hanc
1859 2766 2192 2831 historiam
2245 2766 2753 2840 accuratissime,
2782 2784 3184 2848 summaque,
3226 2776 3296 2831 ut
3336 2768 3643 2840 assolent,

399 2867 788 2931 eruditionis
826 2868 890 2931 vi
918 2868 1292 2947 discutient,
1324 2872 1771 2944 illustrabunt,
1829 2870 2207 2952 expedient.
2239 2869 2505 2932 Interim
2555 2869 2721 2935 haud
2748 2868 2963 2934 intima
3018 2872 3157 2935 laus
3192 2869 3389 2951 hujus
3421 2870 3647 2933 editio-

396 2967 499 3028 nis
528 2964 675 3037 erit,
711 2980 928 3028 ansam
969 2964 1322 3044 praebuisse
1361 2969 1868 3048 praeclarissimis
1926 2965 2091 3031 viris
2127 2968 2460 3046 negotium
2486 2967 2605 3031 hoc
2630 2970 3009 3049 perﬁciendi
3034 2968 3070 3029 ‘:
3116 2976 3185 3033 ul
3236 2970 3445 3049 reipsa
3484 2989 3645 3051 prte-

394 3067 611 3132 bitura
642 3066 900 3131 videtur
942 3084 963 3144 ;
1014 3068 1542 3149 quandoquidem
1574 3086 1654 3132 ex
1709 3068 1845 3131 illis
1884 3088 2079 3145 unus,
2114 3070 2214 3133 vir
2243 3071 2591 3151 omnigena
2642 3074 3016 3137 eruditione
3077 3075 3311 3148 clarus,
3360 3077 3644 3140 Joannes

395 3174 785 3255 Stiltingius,
808 3190 1001 3253 quem
1036 3173 1150 3236 hac
1179 3173 1259 3235 de
1280 3191 1347 3235 re
1379 3190 1495 3255 per
1519 3174 1764 3238 litteras
1784 3173 1923 3255 ipse
1951 3172 2282 3250 consului,
2314 3175 2500 3237 solita
2528 3176 2918 3239 humanitate
2947 3178 3300 3259 respondit,
3334 3196 3397 3238 se
3421 3175 3644 3241 horum

394 3284 749 3357 martyrum
775 3288 919 3339 acta
955 3294 1083 3339 non
1103 3275 1359 3343 vidisse.

1777 3427 2059 3491 SECTIO
2108 3429 2245 3493 νυ.

830 3559 918 3621 De
954 3556 1351 3621 Allocutiom
1379 3554 1463 3619 ad
1493 3554 1896 3620 Familiarcm
1935 3556 2107 3619 circa
2148 3574 2216 3619 ea
2255 3572 2519 3638 quorum
2558 3558 2934 3621 incusantur
2964 3558 3207 3625 Latini.

476 3684 681 3749 XXV.
742 3684 1065 3748 Allocutio
1096 3685 1249 3761 haec,
1280 3702 1473 3766 quam
1506 3684 1616 3748 alii
1672 3682 2029 3765 Epistolam
2060 3686 2146 3748 ad
2170 3686 2504 3751 Nicolaum
2533 3686 2861 3751 diaconum
2892 3699 2954 3752 et
2982 3692 3387 3753 constrisium
3420 3700 3644 3755 vooant

396 3786 485 3867 (α)
528 3795 680 3850 tunc
709 3788 900 3851 etiam
935 3786 1209 3850 celebris
1241 3796 1400 3865 erat,
1430 3805 1575 3851 cum
1608 3788 1816 3852 adhuc
1863 3788 1932 3851 in
1965 3790 2354 3869 quihusdam
2394 3792 2866 3872 insignioribns
2936 3794 3343 3857 bibliothecis
3398 3797 3643 3861 inedita

399 3892 699 3956 latitaret.
733 3896 874 3961 Non
907 3894 1097 3956 modo
1128 3892 1302 3957 enim
1333 3893 1415 3957 de
1442 3910 1515 3957 ea
1546 3894 1937 3957 mentionem
1964 3893 2248 3958 fecerant
2272 3895 2311 3955 ii
2344 3912 2572 3959 omnes
2594 3898 2708 3978 qui
2740 3898 2819 3961 de
2838 3898 3295 3979 Theophylacti
3336 3902 3642 3979 operibus

394 3991 767 4058 disseruere
799 4015 816 4068 ε
853 3993 969 4058 sed
1000 3993 1218 4074 aliqua
1251 3995 1442 4060 etiam
1475 3995 1769 4077 ejusdem
1807 3996 2158 4075 fragmenta
2187 4003 2320 4059 tum
2343 3997 2410 4060 in
2443 3998 2601 4059 Iure
2632 3998 3187 4077 Greco-Romano,
3220 4005 3391 4081 quod
3428 4006 3645 4066 [.eun-

395 4096 645 4161 clavius
677 4098 983 4179 vulgavit,
1012 4098 1280 4175 inserta,
1317 4107 1454 4164 tum
1486 4100 1554 4164 in
1584 4100 1829 4163 Gracia
1858 4100 2233 4165 Orthodoxa
2264 4102 2343 4165 ab
2372 4103 2606 4166 Allatio
2629 4104 2823 4179 edita,
2854 4106 3041 4168 obvia
3073 4107 3375 4170 omnibus
3407 4117 3646 4187 persta-

395 4195 573 4260 bant.
604 4198 749 4260 Hmc
780 4212 933 4261 vero
967 4200 1052 4262 ita
1090 4207 1395 4262 acuerent
1422 4196 1826 4263 eruditorum
1860 4198 2135 4275 animos,
2158 4207 2227 4263 ut
2270 4218 2685 4281 summOpere
2717 4213 3114 4283 emptarent,
3154 4224 3234 4268 ex
3266 4207 3406 4285 ipso
3458 4208 3637 4272 fonte

394 4303 722 4382 detegere,
782 4317 1078 4382 quanam
1126 4301 1373 4366 auctori
1426 4301 1583 4366 satis
1638 4310 1916 4377 vetusto,
1950 4304 2459 4385 doctissimoque
2493 4314 2554 4367 et
2604 4307 2839 4369 celebri
2896 4308 3380 4391 archiepiscupo
3450 4329 3634 4376 mens

394 4402 747 4468 insedisset
803 4403 1017 4483 quoad
1063 4420 1138 4468 ea
1170 4421 1320 4483 quas
1370 4404 1650 4469 Grmcam
1705 4421 1741 4467 a
1780 4403 1999 4467 Latina
2030 4404 2379 4468 Ecclesiam
2424 4404 2692 4469 infando
2722 4406 3063 4472 schismate
3090 4411 3465 4490 diremptam
3509 4412 3641 4492 jam

392 4507 641 4572 dudum
672 4514 911 4571 tenent.
949 4508 1200 4571 Primus
1236 4506 1451 4589 (quem
1484 4507 1789 4589 equidem
1822 4508 2139 4588 noverim)
2171 4509 2283 4590 qui
2311 4509 2692 4588 justissimis
2726 4509 2827 4574 his
2850 4510 3268 4576 litteratorum
3307 4515 3639 4579 hominum

393 4612 564 4675 votis
618 4608 959 4689 explendis
991 4609 1161 4673 serio
1183 4609 1486 4691 adjecerit
1518 4608 1830 4685 animum,
1861 4609 1985 4673 fuit
2036 4610 2349 4674 editionis
2395 4613 2587 4694 hujus
2616 4611 2828 4676 fautor
2856 4614 3319 4693 amplissimus,
3371 4618 3449 4680 de
3507 4635 3641 4698 quo

393 4714 523 4795 jam
550 4713 840 4777 diximus
863 4728 1083 4793 supra,
1106 4711 1356 4793 quique
1404 4711 1536 4793 jam
1566 4711 1647 4775 ab
1677 4727 1848 4776 anno
1882 4712 2038 4777 1³153
2060 4711 2238 4776 dedit
2260 4728 2546 4793 Operam,
2589 4720 2659 4777 ut
2690 4730 2769 4776 ex
2817 4714 3036 4776 codice
3065 4715 3639 4780 Cresareo-Vindo-

398 4812 671 4880 bonensi
702 4812 1200 4888 exscriberetur,
1235 4820 1304 4875 ut
1344 4811 1499 4874 huic
1528 4813 1719 4875 tertio
1745 4812 2061 4875 volumini
2094 4813 2380 4892 Operum
2431 4812 2919 4894 Theophylacti,
2954 4816 3129 4877 velut
3159 4833 3284 4878 non
3311 4818 3639 4883 mediocre

394 4917 605 4999 ipsius
634 4923 1109 4989 ornamentum,
1143 4917 1561 4979 insereretur.
1593 4916 1968 4995 Insequenti
2000 4933 2169 4981 anno
2204 4934 2341 4981 eam
2377 4920 2515 4998 ipse
2560 4919 2902 4982 Latinitate
2943 4921 3177 4983 donavi
3212 4940 3229 4981 :
3264 4939 3348 4984 ex
3393 4939 3518 5003 qua
3554 4924 3634 4986 cl.

396 5022 649 5104 pmvim
705 5020 1188 5084 Dissertationis
1239 5026 1462 5083 auctor
1523 5019 1866 5100 particulas
1892 5020 2142 5101 aliquas
2190 5021 2259 5084 in
2305 5039 2437 5084 rem
2468 5038 2653 5084 suam
2685 5024 3029 5103 excerpsit.
3060 5024 3251 5099 Quod
3277 5041 3350 5087 ea
3385 5025 3453 5089 in
3518 5024 3638 5087 hac

393 5124 685 5188 editione
708 5122 947 5202 publici
974 5120 1144 5202 juris
1173 5119 1471 5184 facienda
1496 5130 1693 5194 esset,
1725 5122 2037 5186 admoniti
2072 5135 2225 5187 sunt
2256 5126 2493 5187 eruditi
2521 5141 2667 5187 cum
2705 5124 2773 5187 in
2808 5127 3276 5192 Dissertatione
3309 5129 3634 5207 prmdicta,

396 5234 534 5294 tum
565 5229 754 5292 etiam
788 5228 853 5291 in
906 5226 1345 5289 Declaratt’one
1370 5228 1865 5302 Graeco-Latina,
1898 5246 2045 5310 qum
2070 5212 2264 5291 simul
2298 5246 2441 5294 cum
2473 5242 2645 5293 tomo
2678 5230 2883 5309 primo
2921 5231 3152 5293 emissa
3182 5232 3246 5294 in
3280 5231 3487 5295 lucem
3541 5242 3637 5296 est

395 5346 568 5394 anno
629 5329 801 5392 1751s.
860 5328 983 5391 Sed
1041 5344 1190 5391 cum
1222 5327 1571 5390 voluminis
1600 5328 1798 5409 hujus
1832 5331 2172 5409 impressio
2204 5331 2287 5393 ob
2341 5348 2505 5399 eam.
2556 5348 2750 5410 quam
2800 5332 3320 5405 memoravimus,
3378 5350 3635 5395 causam

401 5433 658 5513 longius
689 5430 1172 5511 produceretur,
1221 5429 1318 5491 vir
1341 5428 1755 5493 doctissimus
1781 5431 2064 5493 Joannes
2094 5432 2402 5511 Aloysius
2428 5429 2895 5509 Mingarellius,
2937 5431 3285 5493 canonicos
3320 5432 3637 5510 regularis

398 5539 460 5603 Β.
496 5534 842 5617 Augustini
876 5530 1393 5613 congregationis
1421 5532 1747 5597 Rhenanae
1770 5580 1787 5611 ,
1822 5535 2091 5598 fortasse
2124 5543 2191 5600 ut
2220 5535 2552 5617 aliquanto
2608 5533 2920 5597 maturius
2951 5535 3353 5599 eruditorum
3410 5539 3635 5617 eXpIe-

471 5819 546 5892 (α)
582 5818 715 5879 Vide
766 5820 1217 5881 Dissertationem
1256 5827 1407 5879 tome
1439 5819 1458 5877 l
1486 5820 1784 5893 praelium,
1815 5838 1969 5883 num.
2009 5824 2150 5883 LIV.
