4192 6294
603 286 713 354 443
1633 304 2026 369 mmmam
2075 309 2388 372 FlNET'l‘l
2449 311 2848 375 PR/EFATIO
3762 313 3870 378 Mi

602 416 700 470 ret
749 414 914 488 vota,
970 429 1093 477 suo
1162 414 1625 483 Anecdotorum
1659 423 2015 498 Fasciculo,
2073 444 2267 505 quem
2325 427 2528 490 edidit
2562 445 2668 490 an.
2734 430 2912 503 i756,
2981 429 3389 494 inserendam
3447 428 3866 495 existimavit.

597 511 783 614 Quod
827 513 1092 592 quidem
1141 519 1391 583 tametsi
1439 521 1752 587 editionis
1805 524 2000 607 hujus
2063 527 2427 592 fautoribus
2481 532 2670 609 paulo
2703 532 3132 612 injucundius
3187 533 3517 608 acciderit,
3551 549 3630 596 eo
3685 532 3867 614 quod

599 611 834 676 eximie
882 625 1263 698 prmreptum
1308 623 1363 684 ei
1414 623 1664 706 aliquid
1715 625 1924 704 laudis
1977 629 2495 709 suSpicarentur,
2560 632 2719 694 mihi
2771 611 2985 695 tamen
3040 633 3565 714 percommodum
3614 611 3865 696 cessit:

595 713 690 775 sic
720 717 892 778 enim
925 717 1361 797 collationem,
1392 743 1584 805 quam
1618 744 1762 789 cum
1793 729 2188 792 Bononiensi
2232 740 2409 794 textu
2447 730 2660 796 facere
2699 733 3077 810 meditabar,
3122 751 3198 797 eo
3222 733 3353 814 jam
3399 733 3599 807 edito,
3659 731 3866 796 multo

577 814 848 919 iacilius
881 825 1150 902 exsequi
1210 829 1418 905 potui.
1451 829 1760 893 Cmterum
1798 831 2250 912 Mingarellius
2293 835 2512 896 Graeco
2559 836 2761 899 textui
2802 837 3084 899 Latinam
3144 836 3510 900 versionem
3567 825 3865 916 adjunxit

591 937 746 983 sane
778 933 1132 989 accuratam
1165 938 1228 992 et
1254 931 1520 996 nitidam
1566 957 1581 996 :
1617 952 1808 1016 quam
1839 946 2198 1016 pr0pterea,
2249 948 2316 1002 ut
2347 940 2414 1002 in
2446 940 2608 1003 hanc
2641 942 2998 1006 editionem
3031 943 3439 1015 asciscerem,
3471 943 3687 1008 animo
3745 944 3861 1009 diu
3908 924 3925 938 ’

591 1026 1002 1112 multumque
1063 1038 1406 1115 propendi.
1461 1040 1582 1102 Sed
1619 1043 1872 1104 tandem
1910 1042 1999 1104 nil
2035 1060 2177 1106 esse
2204 1053 2405 1119 ratus,
2442 1061 2557 1109 cur
2602 1045 2967 1110 versionem
3004 1063 3206 1111 meam
3231 1063 3310 1109 eo
3336 1045 3485 1127 jure
3513 1047 3860 1126 privarant:

589 1133 767 1212 quod
798 1135 1046 1198 ratione
1081 1140 1391 1218 temporis
1423 1143 1842 1223 acquisierat,
1878 1154 1937 1206 et
1971 1155 2312 1227 postquam
2351 1148 2520 1210 haud
2550 1148 2859 1213 mediocri
2904 1149 3054 1212 nisu
3084 1151 3354 1212 eluctata
3395 1165 3476 1211 ex
3505 1141 3863 1228 exemplari

588 1241 761 1296 esset
799 1237 1100 1316 pluribus
1137 1241 1216 1304 de
1253 1245 1468 1305 causis
1533 1247 1876 1322 perarduo,
1936 1265 2074 1310 eam
2122 1248 2462 1312 innoxiam
2498 1251 2788 1314 tenebris
2832 1256 3197 1314 damnarem
3235 1248 3594 1330 perpetuis,
3657 1249 3861 1328 ipsam

587 1333 690 1396 hic
713 1341 1160 1417 apponendain
1196 1346 1448 1409 censui.
1490 1349 1800 1411 Cmterum
1838 1367 1984 1411 cum
2019 1351 2454 1415 Bononiensis
2494 1351 2698 1415 codex
2730 1352 2953 1415 codice
3017 1350 3854 1426 Caesareo-Vindobouensi,

585 1442 699 1519 qui
728 1443 892 1506 haud
923 1444 1003 1506 ita
1042 1463 1330 1527 magnam
1393 1450 1642 1514 redolet
1689 1453 2166 1534 antiquitatem,
2197 1454 2353 1517 mihi
2386 1455 2738 1534 aliquando
2768 1456 3038 1519 nitidior
3080 1457 3256 1520 visus
3285 1457 3394 1532 sit,
3419 1455 3856 1519 emendatior-

585 1561 739 1631 (ιιιρ,
805 1546 984 1608 illius
1015 1564 1137 1626 Ope
1170 1550 1483 1614 nonnulla
1545 1553 1668 1616 mei
1721 1554 2106 1635 exemplaris
2151 1557 2476 1638 corrigere
2527 1561 2752 1621 menda
2778 1558 2989 1640 (prius
3018 1561 3289 1641 quidem
3322 1559 3458 1623 sola
3487 1557 3856 1639 conjectura

587 1646 767 1722 plura
801 1648 1244 1730 sustuleram),
1282 1651 1563 1733 indeque
1585 1659 1648 1716 et
1673 1653 2043 1717 versionem
2075 1673 2282 1720 meam
2306 1658 2783 1740 aliquantulum
2822 1661 3122 1739 perlicere
3160 1661 3317 1724 milii
3346 1660 3577 1724 licuit:
3612 1666 3680 1722 ut
3706 1675 3858 1739 pro-

582 1747 735 1809 inde
770 1765 895 1810 non
927 1755 1191 1812 omnino
1231 1770 1351 1815 suo
1391 1755 1700 1818 exciderit
1737 1766 1880 1820 voto
1925 1759 2495 1836 praestantissimus
2553 1761 3030 1841 Mingarellius,
3073 1761 3191 1843 qui
3217 1779 3291 1826 ea
3322 1779 3450 1841 prie
3483 1761 3733 1826 caeteris
3771 1762 3851 1822 ad

581 1853 1006 1932 evulgandam
1046 1854 1523 1920 Allocutionem
1587 1859 1750 1923 lianc
1789 1861 2039 1926 ratione
2102 1881 2172 1926 se
2205 1865 2546 1930 inductum
2586 1865 2792 1930 fuisse
2826 1875 3069 1942 monet,
3097 1878 3170 1932 ut
3197 1867 3645 1950 Theophylaeti
3691 1868 3856 1948 0pc-

577 1973 721 2015 rum
758 1956 951 2016 editio
977 1959 1173 2036 magis
1211 1962 1530 2041 magisque
1569 1961 1800 2042 perﬁci
1823 1964 2055 2042 possit.
2098 1966 2179 2026 At
2205 1973 2266 2027 et
2294 1967 2582 2028 codicem
2636 1966 3143 2041 Bononiensem,
3183 1969 3436 2032 tametsi
3465 1969 3852 2049 plerumque

585 2061 1072 2125 Vindobonensi
1129 2065 1523 2143 nitidiorem,
1565 2069 1852 2133 vicissim
1898 2087 2110 2149 posse,
2172 2072 2306 2135 imo
2337 2080 2400 2136 et
2430 2075 2669 2138 debere
2697 2076 2758 2139 in
2785 2075 3112 2156 aliquibus
3140 2077 3380 2157 corrigi
3429 2086 3492 2140 et
3541 2075 3683 2155 ipse
3744 2092 3854 2136 co-

576 2161 718 2224 dice
758 2162 1265 2241 \‘indobonensi,
1302 2170 1646 2248 perspiciet
1705 2168 1892 2233 facile
1928 2170 2130 2234 lector
2171 2191 2246 2234 ex
2288 2173 2690 2238 variantibus
2721 2176 3137 2248 lectionibus,
3163 2192 3323 2257 quas
3353 2177 3429 2240 ad
3467 2174 3847 2255 paginarum

574 2263 814 2327 calcem
853 2267 1141 2332 adtexui.
1179 2272 1255 2332 Et
1289 2287 1444 2333 sane
1466 2270 1808 2334 lectionem
1833 2273 2413 2338 Vindobonensem
2447 2277 2509 2339 in
2537 2277 2932 2358 quibusdam
2963 2276 3446 2340 anteferendam
3474 2295 3619 2340 esse
3642 2277 3852 2342 Bono-

577 2367 820 2444 niensi,
859 2387 1071 2447 nemo,
1102 2381 1169 2435 ut
1196 2385 1374 2450 puto,
1427 2373 1850 2452 inﬁciabitur,
1906 2379 2018 2458 qui
2053 2378 2567 2461 pauculas,quas
2597 2381 2980 2463 adjecimus,
3038 2394 3223 2445 notas
3261 2386 3633 2462 expendere
3662 2379 3842 2444 velit.

573 2474 908 2538 Variantes
955 2494 1222 2559 quoque
1280 2479 1614 2557 lectiones,
1641 2500 1788 2562 qum
1818 2485 1879 2546 in
1914 2485 2288 2548 Chomateni
2339 2487 2658 2567 excerptis
2688 2484 3057 2562 occurrunt,
3081 2488 3474 2562 addidimus,
3517 2503 3644 2550 non
3689 2485 3850 2567 qui-

577 2582 723 2638 dem
784 2593 1037 2652 omnes,
1069 2583 1182 2644 sed
1238 2599 1344 2646 eas
1378 2591 1622 2647 tantum
1661 2603 1800 2667 qua:
1835 2586 2104 2667 alicujus
2138 2604 2281 2650 esse
2337 2589 2644 2651 momenti
2687 2589 2839 2652 vism
2859 2597 3027 2652 sunt.
3063 2590 3187 2652 Sed
3234 2590 3366 2672 jam
3415 2591 3494 2652 de
3569 2588 3851 2670 ipsumet

575 2677 988 2744 Allocutione
1023 2683 1336 2747 nonnulla
1377 2687 1692 2749 diramus.

654 2805 890 2868 XXVI.
942 2808 1144 2870 Erunt
1201 2810 1466 2872 fortasse
1517 2811 1627 2892 qui
1680 2811 1842 2875 hanc
1907 2811 2369 2893 Theoiihylacti
2421 2813 2697 2894 opellam
2757 2813 3017 2876 nonnisi
3070 2811 3278 2876 Photii
3320 2812 3742 2878 sectatoribus
3779 2814 3848 2877 in

571 2923 700 2968 suo
737 2907 1080 2972 schismate
1117 2912 1530 2975 obtirmandis
1566 2914 1718 2976 usui
1768 2931 1910 2978 esse
1951 2931 2142 2995 posse
2172 2915 2579 2987 arbitrantes,
2623 2930 2762 2977 eam
2815 2931 2850 2978 a
2882 2914 3070 2976 nobis
3125 2913 3192 2977 in
3253 2913 3569 2994 publicam
3629 2913 3848 2978 eﬂ'erri

571 3007 807 3088 lucem,
845 3030 1010 3093 mgre
1043 3013 1273 3090 ferant,
1321 3024 1430 3077 aut
1461 3017 1684 3080 saltem
1739 3019 2166 3082 demirentur.
2217 3018 2336 3081 Sed
2386 3032 2506 3081 nos
2555 3019 2637 3081 ab
2683 3031 2907 3081 eorum
2939 3017 3054 3097 qui
3086 3017 3172 3079 ita
3207 3015 3499 3079 sentiunt
3528 3014 3843 3092 Opinione

568 3113 730 3176 adeo
762 3117 980 3192 procul
1011 3115 1348 3195 absumus,
1391 3127 1457 3180 ut
1491 3137 1618 3182 non
1655 3120 1844 3184 modo
1885 3120 2136 3196 nullum
2163 3118 2230 3182 in
2274 3136 2344 3183 ea
2379 3122 2625 3183 edenda
2686 3137 2785 3200 pei
2804 3119 3048 3184 iculum
3085 3119 3354 3184 subesse
3404 3116 3838 3197 suspicemur,

567 3219 680 3278 sed
736 3216 1012 3280 fructum
1078 3220 1268 3282 etiam
1337 3220 1760 3301 multiplicem
1829 3222 2065 3284 exinde
2124 3221 2312 3283 nobis
2372 3219 2802 3285 obventurum
2851 3221 3248 3283 confidamus
3293 3237 3312 3282 :
3365 3222 3392 3282 1
3438 3220 3718 3295 scilicet,
3771 3228 3844 3283 ut

569 3320 983 3399 integerrima
1022 3323 1087 3385 in
1139 3324 1524 3404 evulgandis
1575 3324 2038 3406 Tlieophylacti
2089 3325 2416 3406 Operibus
2464 3324 2619 3387 ﬁdes
2668 3333 2882 3386 nostra
2932 3325 3237 3386 omnibus
3287 3323 3609 3403 erplorata
3677 3325 3777 3384 liat
3822 3345 3839 3388 :

568 3421 809 3483 deinde
848 3433 918 3486 ut
954 3424 1151 3486 Latini
1190 3427 1472 3489 nominis
1504 3426 1720 3490 hostes
1775 3427 2191 3507 perSpiciant,
2226 3427 2314 3491 ita
2338 3445 2462 3490 nos
2498 3425 2785 3507 mquitati
2834 3442 3044 3489 causae
3089 3434 3326 3486 nostra)
3375 3424 3718 3500 conﬁdere,
3769 3434 3848 3488 ut

566 3543 714 3605 qua:
759 3536 980 3593 contra
1037 3528 1398 3594 afferuntur
1447 3543 1823 3613 argumenta
1877 3531 1944 3595 in
2009 3533 2297 3596 medium
2358 3531 2712 3610 producere
2771 3547 2898 3594 non
2951 3545 3293 3592 vereamur
3349 3545 3363 3590 :
3432 3527 3716 3607 denique
3770 3536 3845 3593 ut

564 3626 866 3692 Photiani
896 3631 1006 3712 (ita
1037 3647 1149 3694 eos
1187 3632 1513 3712 appellare
1548 3631 1752 3707 lu‘bet,
1798 3631 1915 3713 qui
1941 3651 2025 3694 ex
2054 3634 2290 3697 Grmcis
2321 3632 2652 3696 schismati
2690 3632 3046 3704 adhaerent,
3091 3641 3158 3694 ut
3212 3629 3292 3692 ab
3329 3630 3564 3709 inclyta
3615 3647 3842 3694 eorum

564 3731 847 3807 natione,
885 3748 1076 3812 quam
1102 3748 1486 3814 magnopere
1522 3731 1746 3813 diligo,
1772 3739 1858 3808 et,
1893 3741 1961 3794 ut
1990 3734 2192 3806 decet,
2228 3732 2392 3804 colo,
2422 3732 2776 3815 secernam)
2810 3730 3160 3812 aliquando
3192 3729 3440 3792 discant
3469 3730 3724 3809 (nquius
3759 3734 3841 3794 de

569 3831 784 3895 Latlna
853 3832 1139 3896 Ecclesia
1193 3834 1458 3908 sentire,
1497 3834 1882 3916 animosque
1940 3833 2193 3914 capiant
2245 3834 2725 3897 moderatiores.
2756 3835 2944 3910 Quod
3004 3833 3088 3895 ita
3138 3831 3401 3913 quidem
3453 3838 3838 3896 eventurum

559 3936 841 4014 conﬁdo,
881 3937 934 4000 si
969 3937 1192 4000 sedato
1239 3938 1616 4016 passionum
1671 3945 1859 4012 testu,
1921 3955 1993 4001 ac
2044 3935 2440 4016 prtejudiciis
2491 3935 2818 4016 paulisper
2868 3935 3197 4016 sepositis,
3243 3934 3323 3997 ad
3374 3933 3844 4016 'l‘lieophylacti

562 4038 792 4118 placita
848 4047 1066 4122 (quem
1121 4041 1282 4104 alias
1337 4039 1574 4120 magni,
1629 4057 1746 4102 nec
1797 4039 2148 4114 immerito,
2194 4035 2465 4119 faciunt)
2516 4039 2808 4102 animum
2870 4047 3289 4121 mentemque
3345 4055 3527 4101 suam
3579 4042 3845 4120 exigere

559 4143 786 4207 velint.
813 4145 952 4207 Hoc
985 4143 1040 4204 si
1087 4143 1526 4223 prmstiterint,
1559 4141 1936 4206 fatebuntur
1963 4159 2144 4217 sane,
2172 4158 2368 4222 neque
2399 4139 2480 4223 (a)
2514 4140 2745 4202 multos
2785 4159 2912 4203 esse
2936 4140 3311 4203 Latinorum
3335 4161 3604 4216 errores,
3635 4160 3834 4222 neque

555 4246 742 4320 tales,
787 4248 896 4328 qui
924 4246 1008 4309 ad
1049 4245 1493 4310 discindendae
1526 4243 1849 4307 Ecclesiae
1887 4245 2017 4308 sint
2045 4243 2284 4318 idonei,
2319 4261 2653 4323 eorumque
2696 4241 2942 4305 nullum
2963 4243 3046 4304 ad
3077 4242 3226 4322 ﬁdei
3266 4254 3457 4326 caput
3483 4245 3834 4325 pertinere.

559 4351 958 4415 Fatebuntur
986 4350 1332 4431 ejusmodi,
1354 4357 1422 4411 ut
1452 4349 1574 4428 ipsi
1602 4355 1850 4425 putant,
1876 4362 2128 4410 errores
2152 4344 2319 4409 ultra
2351 4344 2665 4410 rationem
2685 4361 2943 4408 omnem
2964 4353 3023 4406 et
3051 4347 3312 4406 modum
3337 4345 3843 4424 afervidioribus

553 4454 948 4535 quibusdam
981 4451 1478 4532 (b)orthodo.riw
1506 4449 1891 4512 uiatoribus
1918 4449 2328 4528 ampliﬁcari;
2377 4448 2769 4528 aliquosque
2808 4447 3074 4524 nullius,
3109 4448 3272 4510 alios
3329 4467 3478 4512 vero
3503 4447 3839 4514 mediocri:

557 4554 1010 4619 emendationi:
1070 4553 1384 4632 indigere,
1428 4553 1510 4614 ita
1545 4559 1616 4616 ut
1663 4571 1792 4614 non
1837 4555 2048 4632 magni
2093 4552 2348 4613 intersit
2394 4551 2713 4624 Ecclesia,
2764 4552 2820 4613 si
2871 4571 2939 4613 ea
2977 4552 3392 4633 perﬁciatur.
3438 4553 3838 4617 Fate-buntur

556 4675 816 4725 omnem
851 4659 1051 4722 ferme
1080 4656 1519 4720 dissensionis
1551 4659 1806 4719 Grmcos
1838 4658 2010 4720 inter
2036 4674 2110 4720 ac
2141 4658 2399 4721 Latinos
2431 4673 2684 4719 causam
2721 4656 3139 4720 revocandam
3171 4676 3315 4721 esse
3349 4659 3422 4721 ad
3455 4660 3837 4738 particulam

557 4765 847 4845 Filioque
902 4764 1208 4846 Symbolo
1252 4763 1558 4844 adjectum
1596 4748 1711 4844 ’(ε),
1762 4764 2056 4843 adeoque
2106 4781 2219 4825 nec
2259 4772 2527 4842 propter
2578 4781 2820 4840 azyma,
2871 4780 3068 4843 neque
3119 4771 3391 4842 propter
3431 4763 3681 4846 jejunio
3722 4762 3835 4842 (di,

555 4875 756 4935 multo
788 4888 936 4934 vero
972 4871 1178 4932 minus
1212 4878 1482 4951 propter
1513 4871 1782 4951 reliqua,
1822 4885 2041 4950 pacem
2073 4887 2212 4934 esse
2232 4868 2642 4932 cum.Lati~na
2669 4869 2954 4932 Ecclesia
2979 4869 3380 4932 turbandam.
3435 4870 3840 4933 Fatebuntur

558 4975 786 5053 multa,
820 4993 968 5058 qua)
1005 4977 1164 5054 ipsis
1197 4995 1444 5037 errores
1477 4986 1893 5050 sunt,.meras
1963 4976 2447 5040 consuetudinea
2478 4977 2555 5058 (ε)
2603 4995 2775 5052 esse,
2826 4973 3125 5056 quaedam
3171 4973 3419 5055 quidem
3465 4993 3544 5036 ea:
3571 4975 3833 5052 pietate,

557 5081 718 5146 alia:
748 5100 830 5146 ea:
857 5082 1126 5165 provida
1151 5081 1566 5162 dispositione
1607 5082 2025 5146 introductus.
2071 5083 2470 5146 Fatebuntur
2519 5083 2829 5159 denique,
2881 5098 2962 5144 ex
3006 5080 3146 5144 solo
3177 5082 3510 5144 charitatis
3557 5079 3834 5162 defectu,

555 5184 898 5251 ambitione
920 5203 993 5248 ac
1035 5185 1336 5266 superbia
1365 5183 1466 5264 (Γ),
1491 5202 1567 5246 ex
1605 5185 1732 5246 zelo
1763 5205 1890 5246 non
1923 5185 2260 5247 secundum
2291 5187 2639 5259 scientiam,
2673 5204 2751 5248 ea:
2780 5201 2936 5246 circa
2973 5185 3075 5246 aui
3099 5200 3308 5244 amore
3333 5182 3520 5264 (g)tot
3574 5187 3839 5263 congeri

629 5459 712 5532 (α)
745 5455 1347 5532 Yerbaj‘lieophylacti
1378 5454 1550 5511 Alloc.
1592 5471 1744 5510 num.
1779 5457 1819 5523 l,
1849 5472 1974 5530 pag.
2004 5456 2129 5515 515.
2235 5455 2374 5511 enim
2430 5453 2696 5532 [rat-erue
2725 5453 3079 5532 suscipimus,
3119 5457 3279 5532 etr._;_
3329 5459 3446 5504 tum
3490 5465 3618 5532 quae
3668 5448 3834 5506 habet

630 5521 704 5598 ibi
741 5531 903 5585 Νυιῐισ
939 5528 999 5582 η-
1110 5521 1138 5598 ’γ
1185 5521 1199 5529 ’
1808 5521 1813 5523 ⁷
1849 5521 1864 5528 ’
1919 5521 1947 5530 ⁷
2243 5542 2400 5582 num.
2431 5521 2575 5598 xvi.
2606 5525 2697 5598 ubi
2731 5521 2990 5598 graphice
3041 5521 3308 5598 describit
3344 5522 3712 5598 quorumdam
3758 5536 3826 5574 ex

737 5602 816 5680 ib.
849 5613 902 5655 et
927 5615 1076 5680 quin.
1104 5597 1191 5655 Ill.
2241 5613 2284 5652 su

2241 5598 2358 5652 suis
2383 5593 3001 5668 popularibusiibspixbv
3041 5593 3204 5664 δγκτιν
3228 5630 3244 5661 ,
3273 5593 3618 5664 hydropirum
3655 5600 3835 5647 tumo-

628 5667 710 5742 (d')
742 5673 904 5726 Num.
942 5667 1054 5724 XV.
2245 5685 2378 5723 rem.
2454 5667 2457 5668 ⁷

635 5747 706 5806 (rl
746 5743 884 5798 Ibid.
2036 5809 2071 5810 η
2247 5762 2270 5797 t.
2321 5737 2395 5810 (gl
2432 5737 2595 5797 Num.
2625 5735 2697 5794 Xl
2727 5736 2783 5792 in
2813 5736 2938 5794 line.

636 5822 702 5874 (li
737 5812 852 5872 lluc
889 5821 1135 5872 sucu-teut
1178 5813 1339 5870 verba
1380 5830 1496 5870 tum
1534 5813 1696 5869 habet
1729 5830 1878 5868 num.
1915 5812 1934 5867 l
1970 5833 1977 5865 -.
2023 5809 2145 5866 Non
