4192 6294
448 391 551 464 fit?
1497 405 1877 466 BONIFACII
1918 342 2230 467 FINEtl‘TI
2271 401 2663 465 PREFATIO
3585 393 3689 460 448

452 515 929 580 verebaturille
962 521 1344 580 eventurum
1377 515 1526 586 sibi,
1569 533 1798 597 nempe
1833 516 2006 597 quod
2039 513 2334 579 nonnulli
2383 530 2462 576 ex
2509 507 2957 587 fervidioribus
3003 507 3355 576 Photianis,
3407 505 3688 586 legentes

450 631 645 693 quam
693 617 924 678 acriter
966 617 1029 679 in
1085 632 1200 679 sua
1261 615 1376 678 hac
1430 615 1637 692 Opella
1695 615 2079 695 perstringat
2137 611 2512 678 eorumdem
2574 607 3113 673 immoderantiam
3171 604 3312 678 zeli,
3361 603 3692 668 charitatis

447 709 777 797 defectum,
821 714 1214 778 ambitionem
1237 724 1420 794 atque
1463 715 1880 796 hydropicum
1912 724 2240 787 tumorem,
2270 712 2698 775 mstimatione
2735 710 2800 772 in
2832 716 3269 786 contemptum
3301 722 3509 781 versa,
3541 721 3690 768 eun

449 818 876 880 condemnem
905 813 1174 879 inscitia}
1206 818 1664 895 crassiorisque
1691 818 1758 879 in
1790 816 1977 878 rebus
2026 815 2227 876 sacris
2264 813 2523 898 judicii,
2552 812 2649 875 vel
2687 813 2972 886 incuria,
3013 814 3134 872 imo
3179 817 3238 870 et
3295 809 3694 873 orientalium

450 917 805 998 dogmatum
831 919 1235 999 proditionis.
1270 919 1398 982 Alii
1435 927 1670 993 tamen,
1699 935 1956 998 sperare
1978 918 2183 998 juvat,
2217 916 2580 998 gravissimi
2613 915 2805 996 hujus
2857 915 2974 976 viri
3019 912 3394 976 auctoritate
3420 911 3711 988 permOti‘

450 1019 577 1082 sibi
616 1020 800 1082 facile
829 1018 1324 1098 persuadebunt,
1355 1036 1466 1078 nec
1505 1019 1733 1080 multos
1759 1035 1887 1078 esse
1909 1016 2280 1079 Latinorum
2311 1033 2579 1088 errores,
2611 1032 2807 1096 neque
2827 1014 2984 1076 tales
3012 1013 3122 1093 qui
3141 1010 3226 1074 ad
3254 1008 3694 1082 discindenda‘

449 1119 768 1181 Ecclesias
793 1119 925 1179 sint
952 1118 1165 1179 idonei
1181 1138 1201 1185 ;
1232 1135 1346 1179 nec
1391 1117 1590 1178 ullum
1635 1117 1744 1195 qui
1790 1115 1873 1177 ad
1899 1115 2047 1196 ﬁdei
2096 1125 2288 1196 caput
2335 1117 2678 1196 pertineat.
2729 1113 2882 1176 Atii
2935 1112 3057 1191 ipsi
3095 1111 3362 1174 fortasse
3399 1112 3691 1191 ejusdem

448 1219 828 1283 auctoritate
864 1217 1008 1280 freti
1049 1218 1458 1289 contendent,
1493 1233 1561 1278 se
1591 1217 1740 1296 jure
1773 1233 1805 1279 a
1833 1216 2206 1279 latinorum
2236 1215 2695 1277 communione
2717 1211 3086 1284 abhorrere,
3116 1209 3362 1288 quippe
3389 1208 3503 1287 qui
3533 1207 3692 1269 illud

451 1320 755 1400 Symbolo
815 1320 1210 1392 addiderint,
1248 1335 1380 1400 quo
1421 1318 1731 1398 Spiritum
1776 1327 2069 1382 sanctum
2102 1325 2164 1382 et
2192 1335 2228 1380 a
2273 1318 2443 1380 Filio
2503 1315 2851 1395 procedere
2899 1313 3295 1378 enuntiatur.
3325 1312 3460 1374 Hos
3498 1311 3696 1391 igitur

450 1421 653 1483 amice
688 1431 748 1483 et
779 1420 1082 1491 fraterne,
1121 1429 1318 1500 utque
1358 1419 1569 1482 verbis
1597 1429 1735 1482 utar
1774 1417 2265 1498 TheOphylacti,
2301 1415 2678 1498 simpliciter
2716 1423 2774 1476 et
2822 1409 3106 1487 candide,
3139 1421 3322 1491 atque
3365 1421 3437 1472 ut
3474 1411 3692 1489 pisca-

451 1533 658 1583 torum
683 1520 1067 1601 discipulum
1095 1521 1347 1582 omnino
1381 1519 1575 1597 decet,
1609 1536 1783 1583 nunc
1818 1518 2038 1597 paucis
2069 1517 2317 1600 alloqui
2353 1517 2554 1580 lubet.
2781 1590 2785 1593 η
3284 1570 3287 1571 ν

528 1625 797 1687 XXVII.
845 1629 932 1688 Ac
959 1626 1164 1704 primo
1194 1625 1457 1706 quidem
1491 1642 1628 1701 eos,
1659 1624 1871 1706 quoad
1909 1639 2189 1702 prasens
2219 1623 2472 1696 attinet,
2510 1617 2921 1699 praemonitos
2967 1615 3182 1693 velim,
3230 1615 3446 1694 potius
3494 1610 3696 1678 animi

452 1726 944 1803 dispositionem
975 1743 1165 1806 quam
1208 1713 1402 1790 verba
1440 1727 1676 1790 essein
1707 1724 2191 1806 Theophylacto
2220 1725 2566 1804 Spectanda
2593 1744 2611 1796 ;
2641 1721 2878 1785 deinde
2912 1735 3316 1800 quaecunque
3345 1717 3489 1797 ejus
3517 1729 3700 1778 mens

450 1824 670 1899 fuerit,
721 1841 849 1887 non
903 1824 1115 1904 magni
1164 1841 1306 1890 esse
1352 1824 1704 1888 faciendam
1737 1823 1920 1887 illius
1950 1825 2070 1887 hac
2117 1825 2188 1887 in
2237 1839 2305 1886 re
2345 1822 2817 1886 auctoritatem.
2867 1817 3090 1894 Quoad
3124 1819 3401 1898 primum
3446 1818 3700 1881 attinet,

452 1941 568 2004 pro
598 1932 772 1988 certo
805 1925 1032 1999 habeo,
1073 1924 1155 1988 ita
1198 1942 1349 1988 eum
1406 1922 1609 1991 fuisse
1635 1926 1855 1990 animo
1901 1933 2363 2006 comparatum,
2388 1933 2458 1986 ut
2483 1926 2538 1987 si
2573 1939 2704 2005 quo
2738 1930 3024 2003 tempore
3061 1920 3244 1995 vixit,
3283 1937 3398 1999 per
3430 1918 3700 2000 aliquod

452 2026 799 2090 concilium
835 2045 916 2091 ex
956 2027 1196 2092 Graecis
1244 2027 1625 2107 Latinisque
1654 2037 1944 2091 coactum
1993 2030 2071 2092 ad
2105 2044 2372 2092 examen
2417 2039 2630 2089 vocata
2669 2042 2740 2092 ac
2786 2025 3049 2088 deﬁnita
3091 2020 3326 2087 fuisset
3372 2019 3701 2101 processio

457 2128 738 2206 Spiritus
806 2129 1010 2193 sancti
1062 2131 1254 2191 etiam
1313 2146 1348 2190 a
1404 2129 1599 2205 Filio,
1648 2129 1892 2210 procul
1929 2129 2130 2194 dubio
2187 2129 2450 2192 concilii
2521 2128 2776 2209 judicio
2820 2142 2893 2190 ac
2941 2124 3282 2190 sententias
3352 2123 3636 2186 stetisset
3680 2145 3698 2187 :

451 2231 999 2306 quemadmodum
1063 2229 1324 2306 plurimi
1392 2231 1725 2295 sanctitate
1783 2249 1855 2294 ac
1930 2230 2222 2294 doctrina
2282 2229 2794 2309 prmstantissimi
2852 2229 3069 2292 Patres
3129 2233 3365 2290 stetere
3421 2225 3699 2307 synodo,

452 2327 865 2402 Florentium,
919 2329 1114 2408 eique
1164 2337 1478 2407 perpetuo
1535 2336 1598 2390 et
1649 2329 2170 2392 constantissime
2221 2328 2652 2391 adhaeserunt.
2707 2325 2840 2387 Hac
2877 2320 3081 2388 fuisse
3150 2322 3702 2404 TheOphylactum

452 2432 655 2492 animi
689 2431 1116 2509 dispositione
1161 2430 1484 2506 aﬂ‘ectum,
1538 2431 1678 2511 ipse
1728 2431 1965 2508 colligo
1998 2449 2076 2493 ex
2127 2430 2374 2494 eximio
2415 2431 2556 2508 ejus
2608 2427 2779 2509 pacis
2839 2425 3237 2506 unionisque
3281 2440 3525 2498 amore,
3587 2419 3702 2505 qui

454 2551 600 2597 cum
629 2533 696 2594 in
727 2532 875 2596 aliis
909 2533 1242 2610 operibus,
1270 2539 1406 2597 tum
1435 2531 1842 2611 potissimum
1878 2531 1942 2592 in
1965 2529 2080 2593 hac
2107 2529 2250 2609 ipsa
2284 2528 2680 2591 Allocutione
2713 2523 3074 2590 luculenter
3096 2539 3167 2588 se
3195 2529 3430 2604 prodit.
3460 2525 3702 2588 Verum

454 2649 602 2698 cum
636 2641 780 2698 ante
827 2633 1121 2696 ﬂoruerit
1162 2649 1355 2713 quam
1397 2631 1841 2696 controversia
1895 2630 2028 2693 haec
2085 2630 2346 2692 deﬁnita
2393 2635 2566 2691 esset
2612 2631 2681 2690 in
2745 2627 2963 2708 aliqua
3006 2627 3398 2692 cacumenica
3451 2626 3704 2708 synodo

461 2737 698 2827 (.irimo
731 2737 904 2800 enim
940 2738 1200 2801 deﬁnita
1240 2745 1338 2800 est
1386 2736 1449 2798 in
1480 2735 1756 2799 concilio
1808 2734 2086 2815 generali
2136 2734 2551 2812 Lugdunensi
2600 2752 2671 2803 ιι,
2722 2750 2829 2797 an.
2860 2731 3062 2814 12%),
3113 2747 3394 2811 cumque
3462 2747 3574 2811 per
3633 2728 3704 2792 id

463 2840 714 2912 tempus
761 2833 1021 2897 dissidii
1061 2843 1123 2897 et
1167 2833 1528 2897 schismatis
1559 2840 1751 2895 mstus
1780 2833 2054 2913 primum
2085 2833 2400 2894 excitatus
2444 2849 2483 2893 a
2509 2832 2760 2907 Photio,
2798 2842 2932 2896 tum
2971 2850 3005 2895 a
3037 2830 3346 2895 Michaele
3371 2830 3705 2896 Cerulario

462 2925 586 2993 non
619 2934 706 2994 ita
761 2933 1006 3010 pridem
1045 2947 1411 3007 renovatus,
1465 2931 1745 2994 ferveret
1805 2947 1996 3012 quam
2035 2929 2626 3006 vehementissime,
2677 2933 2841 2995 haud
2876 2931 3058 2995 valde
3113 2930 3476 2994 mirandum
3530 2932 3585 2993 si
3642 2937 3706 2993 et

461 3036 984 3116 Theolihylactus
1017 3055 1085 3100 se
1116 3053 1378 3118 quoque
1411 3036 1614 3115 abripi
1655 3052 1882 3114 passus
1909 3044 2240 3115 utcunque
2278 3034 2383 3099 sit.
2421 3037 2498 3096 At
2533 3037 2685 3117 quia
2717 3045 2925 3098 tamen
2953 3035 3036 3098 ob
3067 3051 3230 3112 eam,
3274 3052 3468 3117 quam
3512 3053 3707 3114 supra

461 3139 978 3208 memOravimus,
1014 3152 1268 3199 causam
1307 3137 1598 3214 ignotum
1635 3134 1820 3196 nobis
1851 3143 1970 3211 est,
2003 3140 2082 3196 an
2114 3132 2290 3195 illius
2324 3133 2537 3198 fervor
2567 3135 2642 3198 ad
2670 3134 3028 3199 hmretieam
3053 3153 3262 3216 usque
3294 3137 3707 3215 pertinaciam

460 3236 842 3311 excreverit,
893 3238 1041 3300 ideo
1090 3253 1301 3315 neque
1349 3235 1536 3296 illum
1592 3234 1936 3310 haereseos,
1985 3251 2198 3316 neque
2249 3233 2560 3315 formulis,
2607 3243 2676 3297 nt
2724 3236 2931 3310 aiunt,
2972 3233 3334 3298 schismatis
3399 3234 3706 3298 condem-

463 3357 687 3401 namus
731 3338 814 3420 (α)
847 3339 1005 3420 quin
1040 3357 1156 3402 nec
1196 3340 1400 3401 sancti
1441 3337 1558 3402 viri
1588 3338 2112 3418 appellationem,
2151 3354 2292 3417 qua.
2336 3338 2527 3419 vulgo
2557 3337 2636 3400 ab
2666 3338 3108 3402 Orientalibus
3153 3338 3530 3420 insignitur,
3590 3352 3708 3402 nos

462 3442 788 3504 ullatenus
821 3443 945 3521 ipsi
979 3443 1373 3506 invidemus.

549 3563 854 3626 XXVIII.
883 3562 1117 3626 Verum
1136 3563 1256 3626 hoc
1276 3563 1490 3642 ipsum
1518 3561 1688 3643 quod
1713 3561 2190 3641 TheOphjlacto
2208 3562 2404 3625 abhis
2421 3564 2796 3628 criminibus
2819 3565 3169 3646 purgando,
3195 3566 3333 3630 sive
3347 3570 3712 3632 excusando

466 3663 774 3736 deservit,
809 3663 884 3723 ad
929 3662 1346 3725 minuendam
1379 3678 1642 3741 quoque
1673 3661 1790 3725 hac
1821 3662 1888 3724 in
1913 3669 2088 3741 parte
2126 3663 2308 3724 illius
2337 3666 2778 3728 auctoritatem
2811 3683 3001 3747 quam
3045 3665 3319 3730 maxime
3352 3665 3502 3732 facit
3555 3670 3712 3732 Cum

466 3763 640 3829 enim
692 3763 1122 3827 controversia
1165 3763 1294 3825 haec
1350 3763 1416 3826 in
1477 3763 1752 3825 concilio
1815 3779 1894 3824 ex
1946 3764 2181 3825 Graecis
2238 3763 2610 3844 Latinisque
2675 3776 2891 3829 coacto
2969 3769 3258 3831 nondum
3312 3771 3454 3833 data
3521 3785 3717 3851 Opera

466 3864 925 3942 communique
969 3877 1288 3924 consensu
1324 3863 1609 3944 subjecta
1639 3871 1810 3925 esset
1835 3863 2142 3939 examini,
2172 3865 2342 3944 quod
2383 3864 2587 3944 primo
2618 3864 2848 3930 factum
2869 3875 2965 3931 est
2998 3870 3060 3932 in
3097 3871 3399 3951 praedicta
3429 3871 3715 3951 generali

467 3966 740 4046 synodo,
801 3966 1097 4045 ignorare
1126 3963 1182 4026 is
1216 3961 1404 4026 facile
1437 3963 1645 4042 potuit
1691 3963 1933 4043 quibus
1978 3963 2295 4028 niteretur
2337 3966 2776 4030 fundamentis
2810 3969 3183 4033 Latinorum
3228 3973 3568 4048 sententia,
3613 3972 3713 4038 vel

466 4088 600 4152 quo
626 4071 692 4133 in
729 4085 927 4133 sensu
964 4074 1326 4132 assererent
1357 4067 1458 4140 hi,
1483 4067 1793 4146 Spiritum
1829 4075 2115 4130 sanctum
2149 4070 2342 4132 etiam
2380 4086 2412 4132 a
2459 4069 2628 4132 Filio
2673 4073 3050 4151 procedere,
3095 4083 3157 4136 et
3199 4091 3391 4155 quam
3433 4075 3716 4156 legitima

471 4175 634 4238 ratio
667 4191 786 4237 seu
817 4189 1010 4235 causa
1042 4173 1137 4234 eis
1170 4171 1392 4246 fuerit,
1429 4179 1500 4234 ut
1537 4171 1912 4250 particulam
1949 4171 2242 4252 Filioque
2268 4172 2332 4235 in
2372 4181 2639 4236 summat
2667 4190 2854 4238 usum
2886 4176 3192 4241 Ecclesiae
3219 4177 3525 4256 Symbolo
3570 4179 3715 4243 ﬁdei

467 4275 894 4353 adjiciendam
929 4275 1234 4351 putarint.
1281 4275 1429 4339 Haec
1460 4274 1671 4352 reipsa
1702 4274 1782 4336 ab
1809 4272 2297 4354 'l‘heOpliylacto
2332 4275 2620 4355 ignorata
2653 4277 2883 4354 fuisse,
2914 4278 3197 4342 dubitari
3244 4281 3350 4343 vix
3391 4289 3626 4360 potest,
3661 4281 3716 4343 si
3784 4275 3794 4283 ’

470 4384 844 4456 argumenta
872 4375 1062 4454 queis
1091 4390 1271 4436 suam
1305 4374 1444 4452 ipse
1471 4389 1727 4437 causam
1761 4384 2146 4455 prepugnat,
2193 4374 2385 4454 paulo
2427 4377 2739 4441 attentius
2786 4379 3258 4458 expendantur.
3305 4384 3488 4446 Anne
3539 4384 3716 4447 enim

475 4493 634 4538 usus
668 4492 950 4556 unquam
1009 4475 1223 4538 verbis
1252 4475 1388 4538 illis
1425 4475 1819 4555 evangelicis
1872 4475 2104 4540 fuisset
2142 4497 2156 4517 ν
2187 4478 2452 4540 Ostende
2493 4478 2674 4543 nobis
2720 4481 2970 4543 Patrem
3022 4481 3162 4564 (qui
3225 4502 3454 4564 nempe
3496 4486 3719 4550 doceat

469 4580 776 4658 Spiritum
801 4587 1087 4642 sanctum
1114 4595 1149 4642 a
1181 4579 1345 4642 Filio
1371 4580 1766 4658 procedere),
1791 4589 1849 4642 et
1875 4575 2110 4661 sufﬁcit
2141 4580 2323 4644 nobis
2354 4581 2464 4666 (b),
2502 4583 2562 4644 si
2599 4585 3029 4663 cognovisset,
3063 4595 3153 4649 tot
3189 4604 3333 4650 esse
3382 4590 3622 4665 Patres,
3655 4602 3718 4656 et

467 4680 956 4762 probatissimos
983 4681 1273 4760 quidem,
1299 4687 1361 4742 et
1390 4695 1518 4742 non
1548 4681 1738 4744 modo
1775 4682 2060 4756 Latinos,
2091 4681 2206 4760 qui
2228 4680 2504 4747 floruere
2525 4693 2672 4747 ante
2695 4685 3124 4749 dissensionis
3159 4687 3418 4751 initium
3453 4687 3720 4771 (quibus

478 4788 745 4868 proinde
772 4785 1183 4866 probatorum
1208 4787 1470 4847 Patrum
1500 4799 1562 4848 et
1589 4802 1822 4848 nomen
1854 4795 1918 4850 et
1951 4785 2216 4867 gradum
2252 4803 2442 4851 nemo
2481 4805 2657 4864 sane,
2679 4790 2791 4870 qui
2818 4799 2984 4854 recte
3018 4792 3272 4868 sentiat,
3296 4792 3722 4878 abjudicarit),

473 4891 587 4952 sed
622 4890 812 4952 etiam
841 4890 1118 4959 Grmcos,
1146 4887 1260 4968 qui
1287 4893 1567 4949 nostram
1601 4886 1926 4949 tradidere
1956 4887 2388 4952 sententiam?
2408 4890 2530 4955 Hic
2556 4907 2733 4966 vero,
2760 4901 3099 4973 antequam
3128 4893 3291 4956 ultra
3323 4896 3723 4976 progredior,

477 4989 778 5053 cohibere
819 5005 917 5049 me
951 5002 1081 5049 non
1123 5003 1409 5066 possum,
1445 4986 1609 5066 quin
1646 4986 2058 5051 vehementer
2081 5006 2315 5070 querar
2343 4994 2889 5074 expostulemque
2921 4994 3000 5057 de
3031 4996 3438 5070 apertissima
3487 4996 3728 5078 injuria

479 5107 673 5171 quam
719 5089 920 5152 Grmci
971 5097 1206 5152 nostra;
1261 5086 1457 5166 hujus
1509 5089 1707 5152 astatis
1736 5105 1866 5153 non
1902 5091 2142 5154 Latium
2186 5097 2458 5167 tantum,
2501 5094 2618 5156 sed
2671 5101 2734 5156 et
2774 5097 3096 5158 universas
3146 5096 3454 5159 Ecclesia:
3483 5096 3726 5161 inferre

483 5191 650 5253 haud
712 5191 1152 5265 reformidant,
1211 5192 1366 5253 dum
1427 5192 1929 5253 controversiam
1985 5192 2149 5255 hanc
2193 5192 2345 5258 ﬁdei
2409 5194 2489 5256 ad
2544 5195 2797 5257 Graecos
2849 5202 3094 5258 tantum
3138 5195 3526 5274 exigendae:
3583 5213 3728 5260 esse

485 5295 726 5370 Patres,
777 5312 856 5356 ex
914 5311 1270 5373 eorumque
1327 5293 1577 5373 placitis
1631 5294 2064 5357 definiendum
2121 5312 2262 5359 esse
2317 5296 2741 5359 contendunt.
2799 5295 2966 5370 Quid
3009 5297 3225 5359 enim?
3267 5299 3362 5359 An
3419 5297 3729 5362 catholica

558 5572 635 5640 (α)
676 5569 788 5626 "ac
827 5570 1040 5625 ratione
1080 5584 1204 5625 eum
1263 5575 1603 5640 cretisarunt
1654 5576 1907 5640 auctores
1939 5563 2055 5640 ed_i-_-
2160 5569 2374 5623 locutus
2417 5567 2578 5625 fuerit
2609 5565 2942 5640 de_Spirit_ns
2965 5566 3140 5640 sancti
3169 5567 3576 5640 processione),
3601 5565 3732 5636 quia

483 5634 694 5695 ιίυὶιίιω
724 5657 860 5710 ann.
904 5641 1064 5700 1551,
1096 5639 1234 5696 1542
1260 5649 1312 5693 et
1343 5638 1498 5703 1554,
1541 5653 1681 5706 quas
1704 5636 1886 5710 vigere
1922 5637 2054 5710 mihi
2161 5640 2375 5710 minime
2400 5649 2523 5694 tunc
2561 5640 2626 5692 ab
2669 5634 2908 5710 Ecclesia
2947 5634 3234 5694 universali
3282 5634 3559 5710 deﬁnitum
3588 5634 3732 5707 erat,

483 5711 661 5766 licuit.
692 5709 1114 5768 Eum-rationum
1169 5711 1343 5779 ipsius
1385 5710 1439 5761 in
1476 5719 1709 5779 quatuor
1744 5707 2052 5779 Evpngelia.
2161 5726 2277 5764 eum
2311 5708 2377 5762 ab
2409 5719 2628 5777 utroque
2660 5709 2961 5775 procedere.
3197 5721 3201 5724 ’

491 5779 667 5835 Verba
690 5784 906 5833 illorum
935 5776 1775 5851 mli-ulceri}luminisltmc'suntt
1806 5776 2057 5851 Propter-
2236 5780 2310 5851 (ὁ)
2342 5779 2498 5837 Num.
2538 5776 2630 5837 Ill.

490 5871 552 5906 ea
584 5849 1029 5908 reprehendendus
1063 5860 1164 5905 non
1193 5861 1269 5904 est
1313 5847 1725 5915 leoplujlartus
1759 5849 1926 5917 (quod
1985 5851 2057 5904 ita
