4192 6294
490 284 599 352 ΗΘ
1337 286 1421 347 ΙΝ
1462 287 1895 358 SEQUENTIA
1932 289 2508 354 THEOPHYLACTI
2539 292 2881 356 SCRIPTA.
3627 298 3737 362 450

492 399 777 463 Ecclesia
824 399 986 462 intra
1036 396 1241 463 solius
1283 400 1545 463 Grmcitn
1584 412 1679 463 vet
1724 401 2011 464 Orientis
2054 400 2213 463 lines
2258 401 2450 463 etiam
2496 402 2721 479 primis
2780 401 3084 465 Ecclesia-
3135 409 3391 473 saeculis
3431 407 3735 474 conclusa

486 505 668 564 erat?
720 506 841 565 Aut
899 501 1114 563 dicina
1154 502 1444 572 traditio,
1495 504 1686 582 cujus
1743 502 1998 581 propria
2050 500 2166 563 dos
2219 510 2339 577 est,
2382 519 2621 581 semper
2649 509 2713 565 et
2753 504 2983 585 ubique
3028 510 3271 588 vigere,
3303 526 3382 573 ex
3416 507 3736 572 Orientali

492 609 741 666 tantum
774 604 1054 665 Ecclesia
1092 602 1442 666 haurienda
1482 606 1937 681 pensandaque
1969 605 2107 665 est?
2141 603 2379 681 Ecquis
2406 600 2521 665 hac
2570 606 2983 685 praerogativa
3032 608 3393 673 Orientales
3434 608 3737 672 donavit?

489 708 588 769 An
629 705 948 779 Christus,
993 708 1103 783 qui
1145 706 1569 784 Evangelium
1616 705 1682 768 in
1728 706 2037 767 universo
2072 706 2315 769 mundo
2367 707 2838 784 praedicandum
2877 708 3122 772 edixit?
3158 714 3253 774 An
3284 712 3586 791 apostoli,
3616 708 3733 789 qui

488 810 654 872 illud
686 811 1151 873 annuntiarunt
1182 810 1423 889 ubique
1453 817 1804 883 terrarum;
1848 824 2207 887 eorumque
2252 806 2628 887 coryphmns
2668 810 2895 871 Petrus
2938 810 3201 874 Romam
3234 831 3379 876 cum
3427 811 3739 874 doctrinae

484 929 646 983 sum,
676 918 810 973 tum
857 912 1047 976 etiam
1104 914 1437 993 potestatis
1487 913 1708 978 sedem
1762 912 2297 977 constituiti'nbi
2349 912 2542 974 etiam
2584 912 2822 975 Paulus
2863 914 3143 977 doctoris
3170 932 3438 979 munere
3470 917 3733 980 functus

485 1011 756 1075 biennio
791 1020 888 1074 est
920 1031 937 1071 :
976 1019 1043 1075 ut
1072 1012 1152 1075 de
1181 1013 1423 1075 ueteris
1447 1013 1666 1075 sileam
1699 1012 2031 1093 apostolis,
2065 1028 2341 1092 quorum
2373 1012 2575 1092 aliqui
2609 1029 2719 1093 per
2757 1012 3032 1094 seipsos,
3066 1016 3174 1077 alii
3217 1034 3327 1094 per
3376 1016 3733 1098 discipulos

484 1117 567 1179 ab
594 1133 665 1179 se
698 1116 1031 1179 institutos
1063 1117 1127 1179 in
1162 1118 1366 1182 varias
1396 1117 1770 1181 Occidentis
1805 1117 2170 1194 provincias
2212 1134 2282 1179 ac
2315 1133 2503 1195 regna
2545 1106 2899 1179 dortrinam
2946 1120 3379 1198 evangelicam
3423 1121 3732 1184 dissemi-

497 1227 754 1281 narunt.
809 1218 1117 1305 Quamvis
1149 1209 1364 1299 igitur'
1403 1220 1652 1283 nullum
1692 1238 1768 1283 ex
1808 1221 2041 1283 Grmcis
2096 1219 2386 1283 Patribus
2440 1219 2653 1293 all‘erri
2718 1227 2932 1298 posset
2981 1236 3095 1298 pro
3156 1222 3382 1285 Latino
3437 1222 3731 1302 dogmate

486 1320 956 1396 testimonium,
1014 1330 1227 1384 nonne
1281 1322 1438 1385 satis
1493 1313 1666 1384 esset
1714 1322 2042 1385 unanimis
2107 1323 2478 1385 Latinorum
2526 1324 2782 1384 Patrum
2843 1322 3186 1397 sententia,
3247 1332 3312 1386 ut
3366 1323 3605 1386 nedum
3653 1327 3734 1386 ab

488 1419 703 1483 omnis
726 1421 1099 1498 suspicione
1127 1422 1363 1485 erroris
1394 1422 1855 1495 absolveretur,
1893 1424 2003 1485 sed
2038 1422 2227 1484 etiam
2262 1430 2329 1484 ut
2360 1422 2665 1502 apostolis
2691 1424 2850 1501 ipsis
2885 1421 3227 1486 referretur
3259 1426 3632 1501 acceptum?
3659 1427 3735 1488 Et

484 1535 642 1581 sane
676 1519 729 1581 si
765 1518 1314 1600 TheOphylactum
1342 1539 1469 1583 non
1504 1521 1689 1584 latuit
1722 1522 1941 1586 isthmc
1972 1523 2341 1585 Latinorum
2375 1522 2719 1586 consensio
2748 1524 3031 1597 Patrum,
3073 1539 3196 1604 qua
3234 1525 3479 1587 ratione
3526 1542 3731 1588 ausus

493 1624 593 1682 est
648 1616 985 1694 afﬁrmare,
1034 1640 1071 1680 a
1133 1620 1308 1682 nullo
1365 1640 1444 1683 ex
1479 1622 1765 1701 probatis
1821 1622 2122 1686 Patribua
2172 1623 2239 1686 id
2290 1626 2557 1698 edoceri,
2604 1640 3078 1705 provocareque
3162 1642 3282 1689 nos
3336 1626 3731 1706 evangelicis

486 1721 747 1784 verbis:
778 1722 1044 1787 Ostende
1072 1725 1253 1799 nobis
1278 1726 1575 1788 Patrem?
1606 1730 1703 1788 An
1746 1744 1871 1790 non
1902 1729 2163 1810 probati
2209 1732 2424 1793 Patres
2470 1729 2829 1810 Cyprianus
2872 1739 2935 1795 et
2984 1730 3396 1808 Ambrosius,
3450 1748 3730 1811 quorum

486 1823 695 1885 utitur
732 1824 1123 1888 testimoniis
1157 1826 1341 1888 tertia
1374 1828 1667 1906 synodus
1698 1831 2115 1903 recumenica,
2150 1828 2289 1894 sive
2323 1829 2689 1911 Ephesiae?
2733 1833 2959 1895 Nonne
2998 1830 3491 1910 probatissimns
3552 1834 3734 1893 Pater

489 1925 618 1984 Leo
657 1927 951 2003 Magnus,
992 1925 1190 2007 'cujus
1231 1930 1463 2010 scripta
1496 1940 1720 2009 quarta
1765 1934 2055 2011 synodus
2096 1958 2144 1997 σε

2096 1941 2298 2015 στήλην
2332 1941 2661 2014 ὀρθοδοξῑας,
2703 1934 3051 1996 columnam
3086 1933 3477 1999 orthodoxiw
3503 1935 3730 2015 appel-

489 2029 665 2091 lavit.
722 2031 946 2093 Nonne
1007 2032 1309 2110 probatus
1367 2037 1551 2097 Pater
1597 2037 2036 2117 Augustinus,
2097 2055 2291 2119 quem
2354 2045 2529 2101 sexta
2575 2038 2866 2119 synodus
2932 2037 3206 2101 summis
3250 2047 3581 2114 prosecuta
3634 2047 3734 2101 est

482 2134 784 2197 laudibus
813 2152 997 2214 mque
1024 2151 1097 2197 ac
1130 2136 1346 2215 ipsum
1370 2139 1783 2202 Ambrosium
1813 2148 2006 2223 atque
2037 2144 2360 2205 Leonem?
2385 2142 2451 2205 Si
2486 2159 2637 2205 vero
2670 2142 2789 2204 hoc
2812 2140 2923 2204 ille
2951 2140 3298 2220 ignoravit,
3322 2158 3733 2221 consequens

482 2246 603 2312 est,
645 2237 847 2300 multo
891 2238 1251 2302 breviorem
1300 2242 1758 2306 ecclesiasticas
1792 2244 2185 2307 eruditionis
2233 2246 2705 2325 supellectilem
2742 2245 2839 2306 illi
2880 2243 3107 2320 fuisse,
3158 2262 3350 2326 quam
3405 2246 3733 2310 decuisset

480 2342 637 2404 tanti
677 2339 961 2403 neminis
988 2338 1545 2423 archiepiscopum
1582 2366 1599 2407 :
1631 2348 1925 2428 adeoque
1964 2347 2145 2411 illius
2167 2350 2633 2425 auctoritatem,
2661 2351 2737 2411 ad
2772 2348 2895 2411 hoc
2927 2348 3098 2429 quod
3131 2352 3381 2422 attinet,
3428 2365 3555 2411 non
3587 2367 3730 2411 esse

483 2463 867 2526 magnopere
924 2446 1304 2516 faciendam.
1356 2454 1542 2527 Quod
1606 2467 1761 2515 vero
1824 2452 2024 2531 magis
2085 2451 2406 2532 displicet,
2470 2459 2569 2515 est
2655 2452 2817 2514 illud
2872 2452 3047 2529 quod
3096 2452 3314 2515 subdit
3386 2452 3519 2515 :Si
3569 2453 3733 2512 enim

481 2544 787 2627 probatus
850 2557 967 2625 est,
1021 2567 1153 2612 non
1197 2548 1401 2619 dicit;
1450 2559 1511 2612 et
1563 2551 1621 2613 ei
1671 2549 1870 2626 dixit,
1916 2550 2224 2631 probatus
2263 2570 2391 2612 non
2437 2560 2550 2615 est.
2577 2552 2736 2629 Quae
2782 2552 2975 2614 verba
3022 2552 3392 2615 hmreticum
3423 2550 3727 2629 spiritum

481 2650 777 2713 redolere
814 2652 1120 2715 videntur
1153 2673 1172 2716 :
1212 2652 1495 2717 haeretici
1534 2653 1712 2719 enim
1742 2670 1822 2716 ex
1859 2652 2169 2731 Opinione
2205 2653 2459 2733 pr0pria
2493 2656 2748 2716 Patrum
2780 2653 3219 2716 auctoritatem
3249 2653 3456 2715 metiri
3491 2654 3726 2731 solent,

478 2750 558 2815 de
591 2766 798 2830 eaque
822 2752 1148 2831 judicium
1177 2753 1344 2817 ferre
1380 2776 1397 2816 :
1425 2754 1716 2835 dumque
1744 2754 1825 2815 ab
1858 2754 2108 2818 eisdem
2141 2754 2562 2829 dissentiunt,
2595 2771 2706 2818 eos
2737 2754 2921 2818 ﬂocci
2960 2771 3030 2816 ac
3062 2754 3250 2817 nihili
3301 2752 3566 2816 faciunt.
3602 2754 3728 2816 Sed

478 2852 705 2917 mitius
734 2854 981 2918 sentire
1016 2865 1264 2935 praestat
1304 2860 1385 2923 de
1416 2856 1920 2938 'l‘chphylacto,
1949 2867 2141 2939 atque
2174 2876 2245 2922 ea
2280 2860 2468 2923 verba
2501 2860 2781 2939 benigne
2814 2859 3249 2938 interpretari,
3284 2857 3462 2921 velut
3492 2873 3619 2920 non
3646 2873 3727 2918 eo

475 2955 717 3035 spiritu
749 2974 1079 3039 sensuque
1126 2962 1400 3039 prolata;
1430 2962 1543 3024 sed
1577 2961 1731 3043 quia
1761 2961 1886 3025 sibi
1926 2963 2199 3027 nimium
2231 2962 2656 3037 blandiretur,
2688 2971 2881 3041 atque
2933 2963 3306 3035 confideret,
3365 2980 3443 3024 ex
3487 2961 3727 3024 Grazcis

477 3055 949 3123 illustrioribus
1012 3064 1256 3125 Patrem
1309 3061 1580 3142 reperiri
1648 3060 1972 3125 neminem
2029 3078 2248 3137 nosse,
2315 3079 2462 3126 nam
2510 3062 2591 3125 de
2638 3061 2880 3123 Latinis
2930 3060 3087 3124 nihil
3150 3062 3469 3125 sollicitus
3521 3060 3728 3123 fuisse

478 3160 766 3235 videtur,
804 3162 915 3241 qui
949 3160 1259 3240 Spiritum
1287 3168 1577 3225 sanctum
1608 3159 1795 3226 etiam
1846 3178 1881 3225 a
1937 3161 2107 3225 Filio
2148 3152 2491 3241 procedere
2529 3160 2882 3224 docuisset.
2935 3161 3217 3223 Pretium
3269 3160 3469 3240 igitur
3516 3174 3731 3239 operae

477 3266 602 3336 est,
630 3263 993 3324 accuratius
1048 3263 1465 3342 investigare,
1524 3260 1763 3341 quibus
1810 3260 1924 3325 ille
1977 3269 2042 3324 et
2091 3279 2284 3341 quam
2324 3260 2556 3323 validis
2599 3259 3037 3324 fundamentis
3076 3262 3340 3324 innixus
3391 3268 3724 3337 tantopere

473 3363 601 3427 sibi
646 3365 774 3445 ipsi
824 3367 1201 3446 praeﬁderet.
1276 3371 1397 3433 Sed
1440 3368 1631 3449 paulo
1685 3377 1826 3448 post
1880 3368 2137 3432 videtur
2165 3376 2229 3430 et
2285 3366 2425 3446 ipse
2472 3368 2595 3431 sibi
2641 3384 2768 3430 non
2796 3368 2951 3429 satis
2996 3376 3199 3441 tutus,
3250 3383 3395 3427 cum
3433 3366 3661 3427 subdat
3703 3384 3722 3425 ε

473 3468 713 3531 Deinde
756 3471 873 3532 etsi
921 3470 1039 3533 ltoc
1076 3470 1388 3543 daremus,
1446 3490 1579 3533 non
1612 3472 1829 3553 utique
1866 3472 2033 3553 quod
2082 3473 2300 3531 rarius
2358 3477 2473 3543 est,
2526 3472 2595 3531 in
2640 3478 3072 3549 argumentum
3120 3467 3490 3529 trahendum
3550 3466 3723 3540 Quid

477 3588 657 3647 vero,
687 3574 740 3636 si
780 3590 906 3637 non
942 3573 1127 3653 pauci
1155 3576 1412 3656 rarique
1440 3578 1595 3651 sint,
1623 3576 1863 3641 nedum
1901 3578 2128 3649 Latini,
2165 3577 2276 3639 sed
2310 3575 2509 3639 Grmci
2535 3576 2723 3637 etiam
2751 3578 2989 3647 Patres,
3025 3575 3139 3654 qui
3173 3574 3404 3651 dogma
3436 3579 3726 3634 nostrum

478 3676 863 3739 tradiderint
894 3679 989 3739 vel
1022 3678 1287 3741 disertis
1319 3679 1423 3741 vel
1446 3678 1987 3762 mquivaleutibus
2030 3679 2285 3741 verbis?

558 3781 796 3843 XXIX.
828 3780 948 3843 Sed
984 3788 1325 3860 antequam
1360 3783 1424 3845 id
1458 3783 1854 3857 demonstro,
1884 3783 2033 3864 jure
2070 3786 2242 3847 omni
2276 3784 2386 3845 abs
2415 3782 2891 3865 TiieOphylacto
2934 3793 2996 3845 et
3031 3778 3323 3845 Photiani
3351 3778 3715 3841 schismatis
3810 3832 3817 3835 .

474 3881 1060 3959 prapugnatoribus
1104 3880 1384 3960 postulo,
1417 3892 1485 3948 ut
1522 3899 1599 3944 ex
1630 3899 1853 3947 eorum
1887 3882 2179 3964 probatis
2219 3882 2515 3945 Patribus
2556 3883 2651 3945 vel
2721 3899 2921 3944 unum
2979 3880 3157 3941 nobis
3197 3878 3548 3951 ostendant,
3608 3881 3722 3956 qni

471 3987 621 4041 ante
648 3978 951 4041 Photiana
984 3988 1264 4062 tempora
1295 3979 1611 4045 intleiatus
1642 3980 1861 4055 fuerit,
1903 3982 2211 4058 Spiritum
2254 3991 2540 4045 sanctum
2574 3999 2606 4043 a
2644 3982 2812 4043 Filio
2853 3982 3216 4057 procedere.
3274 3980 3392 4040 Sed
3445 3981 3723 4059 quamvis

472 4079 587 4142 diu
616 4081 995 4163 multumque
1031 4084 1413 4164 fatigentur,
1443 4081 1730 4146 indicare
1762 4098 1845 4146 ne
1881 4083 2146 4145 unicum
2184 4083 2444 4163 quidem
2479 4090 2748 4161 possunt
2779 4084 3267 4161 (Damasccnum
3301 4081 3500 4155 enim,
3526 4096 3722 4161 quem

472 4185 688 4248 solum
729 4186 947 4265 specie
976 4186 1189 4266 aliqua
1250 4184 1384 4246 veri
1434 4201 1761 4268 Opponere
1800 4186 2032 4262 valent,
2066 4204 2100 4247 a
2151 4187 2337 4248 nobis
2387 4187 2654 4249 minime
2702 4185 3027 4248 dissidere
3063 4193 3282 4265 postea
3321 4186 3723 4251 demonstra-

473 4288 739 4362 bimus).
772 4285 945 4349 Alias
982 4302 1131 4349 vero
1164 4288 1443 4366 dogmati
1471 4294 1690 4367 nostro
1716 4286 2021 4351 censendi
2050 4286 2311 4348 minime
2337 4295 2482 4346 sunt
2513 4286 2862 4359 adversari,
2898 4284 3012 4363 qui
3048 4284 3147 4346 vel
3179 4284 3295 4347 hac
3331 4285 3407 4347 de
3438 4302 3505 4346 re
3538 4286 3725 4364 peni-

478 4396 584 4452 tus
622 4386 839 4461 silent,
880 4387 975 4451 vel
1010 4389 1218 4450 solum
1257 4386 1467 4461 aiunt,
1505 4385 1816 4465 Spiritum
1860 4406 1897 4447 a
1956 4387 2144 4450 Putre
2190 4385 2546 4466 procedere.
2598 4384 2759 4460 Quis
2819 4383 2993 4446 enim
3052 4384 3327 4462 ignorat,
3378 4401 3510 4444 rem
3573 4400 3722 4447 esse

420 4534 423 4535 κ
479 4492 666 4572 plane
693 4491 1013 4553 diversam
1043 4490 1515 4561 non'asserere,
1544 4486 1853 4564 Spiritum
1884 4491 2171 4549 sanctum
2206 4484 2551 4565 procedere
2586 4500 2621 4545 a
2660 4483 2847 4556 Filio,
2880 4491 3072 4563 atque
3102 4483 3167 4544 id
3211 4485 3488 4562 negare?
3540 4485 3721 4548 aliud

475 4592 715 4674 pariter
741 4590 1075 4667 afﬁrmare,
1107 4609 1255 4656 eum
1286 4611 1326 4653 a
1364 4591 1558 4655 Patre
1585 4593 1957 4673 procedere,
2003 4591 2178 4653 aliud
2215 4611 2252 4651 a
2280 4588 2413 4651 solo
2446 4589 2683 4651 Patre?
2716 4589 2927 4663 Quare
2958 4586 3326 4649 nullatenus
3359 4586 3722 4666 intelligere

477 4693 679 4765 valeo,
708 4692 1037 4772 quomodo
1081 4691 1599 4773 TheOphylactua
1629 4708 1985 4774 omnesque
2021 4690 2313 4755 Pbotiani
2348 4708 2466 4753 nos
2508 4688 2704 4751 veluti
2755 4688 3008 4750 Christo
3046 4688 3464 4766 Patribusque
3493 4689 3723 4751 adver-

472 4802 686 4862 santes
713 4794 1066 4869 traducant,
1097 4809 1176 4859 eo
1202 4795 1372 4875 quod
1396 4792 1772 4873 simpliciter
1805 4792 1857 4856 ii
1900 4798 2209 4864 asserant,
2235 4789 2540 4870 Spiritum
2565 4796 2851 4850 sanctum
2874 4805 2911 4847 a
2941 4786 3126 4847 Patre
3151 4784 3509 4865 procedere,
3529 4796 3720 4867 atque

473 4915 509 4962 a
539 4895 730 4961 nobis
764 4897 900 4960 ﬁeri
931 4896 1305 4969 καινοτομίαν,
1334 4909 1455 4956 seu
1473 4894 1935 4956 innovationem
1959 4892 2027 4954 in
2055 4890 2174 4972 ﬁde
2194 4891 2604 4963 contendant,
2633 4890 2786 4951 dum
2814 4888 3110 4951 eumdem
3149 4888 3496 4949 asserimus
3529 4887 3719 4952 etiam

475 5020 510 5065 a
545 5000 707 5065 Filio
744 5000 1122 5080 procedere;
1157 5013 1231 5061 ea
1265 4996 1478 5061 solum
1517 4998 1763 5060 ratione
1794 4995 1969 5077 quod
2001 4994 2293 5059 Christus
2328 4993 2769 5055 tantummodo
2799 4990 2987 5061 dixit,
3022 5010 3059 5049 a
3102 4991 3318 5051 Patre.
3369 4990 3612 5053 Verum
3664 4994 3718 5054 si

476 5099 633 5181 quid
664 5100 895 5163 addere
925 5108 1021 5161 est
1052 5098 1384 5173 innovare,
1423 5113 1536 5160 cur
1565 5103 1627 5159 et
1670 5095 1796 5175 ipsi
1844 5094 2178 5175 quidpiam
2230 5094 2472 5156 addunt
2525 5092 2842 5166 dicentes,
2892 5109 2929 5150 a
2979 5088 3111 5149 solo
3160 5086 3396 5151 Patre?
3448 5090 3717 5152 Ubinam

477 5200 791 5275 Christus,
825 5197 934 5262 ubi
969 5200 1181 5260 Patres
1227 5195 1287 5258 id
1328 5193 1578 5278 (saltem
1625 5204 1771 5259 ante
1822 5193 2030 5257 Photii
2082 5194 2388 5275 tempore)
2444 5193 2820 5254 asseruere?
2872 5190 3041 5267 Quid
3100 5190 3317 5251 enim?
3374 5192 3469 5252 An
3530 5190 3718 5254 nobis

477 5300 841 5379 exprimere
876 5298 1169 5371 vetitum,
1201 5295 1373 5374 quod
1412 5293 1703 5357 Christus
1742 5293 2056 5357 Dominus
2103 5310 2229 5355 non
2272 5292 2621 5368 expressit;
2674 5290 2804 5351 illis
2856 5289 3130 5352 limitare
3193 5290 3400 5363 liceat,
3461 5289 3633 5367 quod
3682 5306 3717 5355 a

476 5399 730 5464 Christo
762 5398 1103 5461 Iimitatum
1146 5411 1273 5459 non
1308 5397 1443 5457 est?
1476 5393 1539 5456 Si
1575 5394 1684 5457 ille
1717 5410 1846 5456 non
1880 5393 2068 5470 dixit,
2100 5394 2409 5474 Spiritum
2443 5398 2732 5454 sanctum
2774 5408 2810 5454 a
2861 5392 3049 5466 Filio,
3095 5390 3213 5451 hoc
3265 5397 3362 5452 est
3405 5406 3439 5451 a
3498 5390 3717 5469 seips’o

480 5498 847 5578 procedere,
893 5514 1102 5575 neque
1132 5496 1195 5557 id
1227 5494 1416 5559 etiam
1448 5494 1725 5575 negavit.
1756 5498 1885 5557 Cur
1917 5493 2132 5573 itaque
2162 5492 2453 5556 Photiani
2493 5494 2764 5569 negant?
2793 5492 2868 5556 Et
2894 5490 2949 5553 si
2975 5490 3239 5570 quidem
3273 5494 3715 5552 tantummodo

478 5618 603 5664 non
636 5608 1018 5675 assererent,
1049 5598 1386 5662 ferendum
1431 5614 1655 5660 eorum
1686 5595 2018 5659 silentium
2064 5603 2276 5665 esset;
2329 5609 2550 5655 verum
2590 5600 2652 5655 et
2692 5600 2945 5673 negant,
3005 5601 3064 5653 et
3097 5607 3207 5652 eos
3262 5591 3374 5670 qui
3420 5602 3716 5656 asserunt

478 5701 902 5763 condemnant
933 5697 1223 5777 dirisque
1267 5696 1569 5761 omnibus
1616 5698 1965 5771 devovent;
1999 5694 2220 5757 tritum
2270 5692 2432 5756 illud
2496 5694 2586 5775 (in
2627 5692 2801 5774 quod
2852 5693 3041 5755 etiam
3095 5688 3611 5768 TheOphylactus
3634 5692 3715 5756 ab
