4192 6294
425 372 532 439 451
1488 365 1881 430 BONiFACll
1910 365 2080 428 FINE

2054 365 2221 428 ETTI
2256 364 2657 430 PRiEFATIO
3602 368 3709 433 452

425 483 774 565 iniquitate
803 498 1015 548 causa
1042 498 1180 545 sure
1217 496 1496 561 praeceps
1532 486 1632 542 est
1661 477 1893 561 actus),
1926 493 1999 541 ac
2035 475 2288 556 puerile
2331 482 2787 557 argumentum
2837 486 3273 561 usurpantes:
3323 480 3391 545 St
3419 483 3714 564 Spiritus

420 596 678 650 sanctus
709 587 897 648 etiam
927 605 1005 648 ea:
1024 583 1194 647 Filio
1228 582 1518 665 procedit
1552 583 1663 665 (a),
1698 581 1854 664 quid
1875 580 2211 663 prohibuit
2246 600 2324 643 ne
2356 584 2463 645 ita'
2484 583 2781 647 Christus
2815 582 3214 665 loqueretur:
3248 588 3374 663 Qui
3416 606 3499 651 ea:
3520 589 3712 652 Patre

421 701 480 753 et
512 710 594 752 ea:
615 709 705 750 me
732 685 1072 770 procedit?
1099 686 1222 750 Sed
1268 684 1428 749 mihi
1464 683 1746 748 subdere
1777 681 2002 746 liceat:
2039 682 2115 746 Si
2145 700 2186 743 a
2213 682 2349 745 solo
2392 683 2585 747 Patre
2629 684 2942 764 procedit,
2990 685 3152 767 quid
3216 687 3572 767 prohibuit,
3630 705 3714 754 ue

421 790 488 855 id
524 788 819 855 Christus
865 788 1293 869 eXprimeret;
1342 786 1699 867 praesertim
1730 801 1879 849 cum
1923 784 2067 865 ipse
2117 786 2251 867 jam
2304 784 2728 865 prmnovisset
2783 793 2942 868 quot
2993 795 3055 850 et
3092 796 3330 869 quanta
3391 805 3468 853 ex
3530 790 3712 856 illius
3826 846 3831 850 .

425 900 669 962 voculas
700 895 1138 975 prasteritione
1168 893 1416 958 oritura
1446 893 1799 974 aliquando
1831 891 2393 956 essentdissidia?
2431 892 2598 966 Quid
2633 893 2709 955 ad
2746 890 2879 956 haec
2910 891 3208 955 PhOtiani
3252 893 3712 973 respondeant,

425 982 588 1067 nihil
620 999 887 1071 habent;
918 1006 980 1060 at
1022 996 1209 1061 nobis
1240 998 1312 1060 in
1366 1004 1669 1077 promptu
1716 1003 1838 1073 est,
1888 996 2050 1078 quid
2089 1003 2313 1060 contra
2366 1012 2481 1059 eos
2538 1012 2963 1077 regeramus:
3003 995 3333 1073 videlicet,
3386 997 3713 1062 Christum

426 1106 529 1169 sin
563 1121 664 1179 eo,
697 1103 923 1167 saltem
956 1102 1102 1167 aliis
1144 1103 1209 1166 in
1243 1103 1457 1182 locis;
1490 1103 1595 1167 sin
1644 1104 1999 1183 expressis,
2052 1101 2277 1166 saltem
2335 1102 2884 1184 aequivalentibus
2940 1101 3183 1178 verbis,
3229 1103 3532 1168 docuisse
3574 1104 3717 1186 Spi-

429 1213 621 1273 ritum
654 1211 846 1275 etiam
876 1225 912 1272 a
941 1208 1161 1289 seipse
1188 1209 1572 1289 procedere:
1607 1208 1781 1289 quod
1816 1204 2084 1286 quidem
2115 1206 2316 1269 nostri
2352 1205 2651 1269 homines
2680 1206 2918 1270 millies
2940 1205 3493 1282 demonstrarunt,
3524 1214 3587 1269 et
3633 1224 3713 1268 ex

431 1333 511 1381 eo
545 1315 721 1398 quod
754 1314 1046 1377 Christus
1080 1313 1394 1375 Dominus
1423 1311 1512 1374 ait
1546 1312 1732 1374 Joan.
1766 1328 1831 1383 x,
1900 1309 2001 1377 30,
2047 1307 2189 1388 Ego
2229 1318 2288 1372 et
2337 1308 2526 1371 Pater
2574 1328 2773 1372 unum
2824 1327 3041 1373 sumus
3055 1333 3076 1382 ;
3117 1327 3197 1374 ex
3244 1326 3377 1392 quo
3427 1308 3713 1374 inferunt

428 1437 626 1481 unum
655 1416 848 1481 etiam
877 1432 1022 1478 esse
1068 1412 1307 1477 Filium
1339 1431 1487 1476 cum
1532 1416 1715 1476 Patre
1760 1410 1974 1492 quoad
2027 1411 2344 1474 rationem
2389 1411 2692 1492 principii
2742 1411 3025 1491 Spiritus
3066 1411 3300 1476 sancti.
3355 1413 3429 1474 Et
3474 1429 3563 1475 ex
3625 1427 3704 1473 eo

434 1522 649 1604 (Joan.
695 1538 833 1594 va,
871 1519 995 1596 15),
1037 1514 1262 1581 Omnia
1303 1534 1680 1598 quaecunque
1708 1514 1892 1579 habet
1915 1514 2133 1586 Pater,
2163 1533 2299 1576 mea
2332 1525 2533 1576 sunt:
2564 1531 2742 1594 ergo,
2762 1513 3074 1595 inquiunt
3117 1522 3182 1578 et
3224 1514 3429 1578 virtus
3469 1515 3721 1596 produ-

432 1622 622 1687 cendi
662 1620 974 1700 Spiritum
1024 1625 1320 1681 sanctum
1373 1628 1466 1680 ρει
1496 1616 1676 1691 Filii,
1733 1634 1853 1680 seu
1910 1616 2219 1680 convenit
2277 1616 2473 1680 Filio.
2544 1618 2623 1680 Et
2673 1634 2753 1680 ex
2813 1615 2931 1679 illo
2987 1614 3242 1700 (ibidem
3278 1615 3571 1699 1h):1lle
3623 1637 3720 1680 me

432 1725 833 1807 clariﬁcabit,
864 1724 1013 1806 quia
1036 1722 1110 1784 de
1139 1740 1271 1784 meo
1294 1723 1587 1801 accipiet.
1619 1721 1790 1795 Quid
1814 1724 2018 1796 enim,
2048 1721 2253 1797 aiunt,
2294 1723 2577 1801 Spiritus
2601 1732 2864 1789 sanctus
2901 1724 3195 1805 accipere
3224 1742 3260 1787 a
3283 1723 3456 1792 Filio
3484 1731 3717 1805 potest,

435 1828 562 1889 nisi
608 1827 824 1906 ipsum
857 1825 1050 1887 esse?
1075 1823 1151 1887 Et
1183 1840 1262 1886 ex
1294 1830 1372 1886 eo
1406 1823 1666 1885 demum
1698 1823 1875 1903 quod
1907 1824 2093 1885 Joan.
2121 1843 2233 1896 xv,
2264 1825 2368 1899 26,
2414 1824 2501 1888 ait
2541 1842 2611 1888 se
2636 1827 2984 1891 missurum
3008 1825 3324 1906 Spiritum
3368 1835 3665 1890 sanctum
3700 1850 3717 1889 :

433 1946 582 1992 cum
643 1928 864 1990 missio
899 1927 964 1988 in
1013 1924 1263 1990 divinis
1303 1924 1395 1988 nil
1455 1924 1636 1989 aliud
1695 1942 1841 1989 esse
1884 1933 1994 1989 aut
2043 1925 2325 2008 intelligi
2372 1926 2602 2008 possit,
2659 1945 2854 2010 quam
2908 1930 3240 2008 processio
3287 1936 3525 1993 aeterna
3572 1946 3721 1993 cum

435 2030 665 2093 ordine
701 2031 776 2092 ad
811 2026 1143 2106 quidpiam
1175 2024 1582 2090 extrinsecus
1611 2026 2325 2106 producendum.Quid
2355 2029 2531 2109 quod
2566 2036 2629 2091 et
2662 2029 2829 2108 ipsis
2850 2029 3354 2112 verbis,quihus
3386 2039 3719 2111 tantopere

434 2134 637 2197 ﬁdunt
667 2132 1044 2207 adversarii,
1079 2131 1413 2206 videlicet,
1462 2133 1576 2214 qui
1604 2151 1646 2193 a
1680 2132 1873 2195 Patre
1893 2133 2211 2213 procedit,
2244 2132 2788 2214 docetimplicite,
2813 2134 3005 2198 etiam
3037 2152 3071 2199 a
3102 2135 3321 2218 seipse
3346 2138 3720 2216 procedere.

437 2237 592 2297 Nam
624 2234 947 2316 quidquid
979 2235 1049 2297 in
1083 2235 1443 2316 Scripturis
1485 2234 1560 2298 de
1613 2255 1745 2298 una
1788 2254 2065 2317 persona
2106 2236 2375 2316 dicitur,
2422 2238 2612 2300 etiam
2660 2238 2738 2301 de
2778 2237 2911 2301 alia
2958 2249 3209 2320 oportet
3238 2239 3535 2322 intelligi,
3591 2241 3723 2303 nisi

437 2347 748 2422 repugnet
769 2341 1166 2420 proprietati
1186 2340 1524 2419 personali
1562 2341 1792 2423 ipsius,
1825 2349 1896 2404 ut
1932 2342 2347 2405 verissimum
2386 2340 2572 2404 eﬂ‘ert
2605 2341 3058 2423 theologorum
3095 2360 3241 2405 cum
3291 2344 3354 2406 S.
3388 2342 3621 2408 Thom.
3657 2361 3716 2404 tv

437 2459 575 2521 cap.
617 2444 808 2517 Gen.,
841 2459 980 2522 cap.
1011 2444 1116 2518 25,
1155 2441 1438 2517 axioma,
1472 2459 1546 2505 ea
1576 2441 1828 2506 ratione
1868 2442 2115 2520 nixum,
2151 2445 2326 2524 quod
2354 2451 2485 2508 tres
2515 2445 2759 2508 divinas
2812 2461 3113 2526 personat
3150 2459 3352 2507 unum
3408 2442 3723 2522 idemque

439 2552 593 2608 sunt
632 2562 884 2617 omnes,
924 2545 1005 2605 iis
1042 2552 1290 2608 tantum
1335 2544 1624 2624 exceptis
1661 2563 1807 2626 qum
1842 2548 1919 2609 ad
1970 2547 2376 2627 personalem
2427 2547 2755 2627 pertinent
2798 2547 3284 2628 preprietatem.
3328 2547 3518 2622 Quod
3554 2545 3722 2609 adeo

438 2655 686 2711 certum
720 2655 815 2709 est
849 2652 936 2720 ut,
969 2647 1224 2710 etiamsi
1260 2647 1555 2711 Christus
1585 2634 1666 2710 eo
1701 2647 1826 2710 loci
1865 2648 2173 2726 dixisset,
2205 2649 2334 2725 Qui
2368 2669 2407 2712 a
2433 2650 2627 2714 Patre
2645 2650 2779 2714 solo
2804 2651 3121 2730 procedit,
3160 2666 3288 2714 non
3314 2649 3723 2727 .indeItamen

437 2750 793 2815 abdicanda
832 2747 893 2811 ei
929 2755 1102 2811 esset
1134 2747 1419 2829 Spiritus
1452 2750 1660 2812 sancti
1705 2751 2073 2831 productio.
2101 2753 2378 2816 Fortene
2428 2753 2743 2817 mirantur
2785 2752 2888 2819 vel
2936 2753 3056 2818 hoc
3100 2739 3336 2835 negant
3394 2750 3720 2824 Pbotiani,

440 2854 609 2931 Ergo
648 2852 885 2929 pariter
910 2860 1147 2931 negent
1180 2851 1431 2913 Patrem
1480 2866 1515 2913 a
1555 2850 1796 2930 Spiritu
1832 2861 2051 2914 sancto
2086 2854 2404 2931 cognosci,
2450 2855 2549 2917 vel
2583 2853 2775 2918 etiam
2806 2871 2987 2914 nosse
3023 2847 3340 2935 seipsum,
3380 2859 3719 2932 prepterea

442 2958 619 3038 quod
678 2957 916 3020 dixerit
970 2956 1271 3020 Christus
1314 2957 1539 3022 Matth.
1590 2977 1685 3034 ιι,
1733 2959 1841 3034 22,
1873 2958 2064 3022 Nemo
2111 2961 2291 3023 novit
2336 2961 2614 3034 Patrem,
2673 2960 2804 3023 nisi
2850 2961 3096 3031 Filius;
3147 2959 3248 3023 vel
3299 2968 3538 3041 negent
3575 2976 3724 3022 cum

442 3057 839 3132 Socinianis,
871 3056 1109 3121 Filium
1144 3057 1361 3138 ipsum
1394 3074 1539 3121 esse
1567 3076 1788 3123 verum
1818 3060 2053 3138 Deum,
2073 3060 2225 3143 quia
2255 3059 2397 3140 ipse
2416 3062 2663 3125 Patrem
2691 3061 3035 3142 alloquens
3064 3062 3152 3126 ait
3203 3060 3421 3138 (Joan.
3451 3080 3611 3140 xvu,
3632 3060 3728 3143 3),

443 3165 521 3227 Ut
566 3172 948 3246 cognoscant
982 3173 1040 3225 te
1070 3162 1272 3225 solum
1298 3181 1515 3226 verum
1551 3165 1771 3227 Deum.

523 3270 737 3332 XXX.
788 3271 881 3331 Eu
923 3284 1058 3348 quo
1098 3268 1357 3331 tandem
1408 3267 1542 3330 abit
1608 3276 2067 3348 argumentum
2111 3283 2146 3330 a
2184 3265 2521 3331 Pbotianis
2565 3267 2729 3333 adeo
2775 3268 3181 3333 decantatum
3227 3284 3246 3327 :
3292 3284 3328 3331 ο
3367 3264 3724 3339 Photianis,

445 3377 738 3456 inquam,
785 3376 897 3458 qui
942 3385 1006 3439 et
1061 3375 1280 3438 tritum
1309 3373 1473 3437 illud
1514 3381 1577 3436 et
1630 3391 1742 3452 per
1774 3391 1919 3437 sese
1972 3373 2568 3438 luculentissimum
2598 3373 2897 3456 ignorare
2943 3375 3247 3440 videntur
3294 3397 3312 3439 :
3352 3372 3480 3452 Qui
3528 3390 3728 3436 unum

445 3478 701 3552 asserit,
729 3475 909 3539 aliud
952 3494 1081 3537 non
1126 3481 1339 3555 negat,
1391 3475 1521 3537 nisi
1589 3475 1647 3536 ei
1695 3472 1862 3554 quod
1908 3474 2141 3536 asserit
2186 3484 2521 3557 repugnet.
2569 3478 2725 3539 Nam
2776 3475 3215 3555 probaruntne
3255 3492 3569 3559 unquam,
3619 3481 3728 3539 aut

448 3580 805 3658 aliquando
842 3576 1171 3658 probaturi
1206 3582 1384 3650 sunt,
1422 3574 1619 3637 ullam
1652 3574 1721 3637 in
1761 3591 1840 3638 eo
1866 3592 2010 3639 esse
2043 3579 2566 3657 repugnantiam,
2603 3577 2778 3656 quod
2824 3576 3037 3641 Filius
3079 3595 3207 3641 una
3243 3595 3390 3641 cum
3419 3579 3601 3642 Patre
3642 3575 3731 3641 sit

452 3682 844 3766 principium
891 3682 1172 3763 Spiritus
1211 3680 1459 3743 sancti?
1517 3679 1687 3754 Quid
1741 3676 1960 3742 enim?
1990 3680 2174 3745 Anne
2214 3679 2465 3761 aliquid
2538 3680 2818 3757 virtutis,
2849 3700 2996 3763 quae
3038 3683 3196 3746 insit
3246 3683 3442 3761 Patri,
3497 3685 3728 3749 deesse

449 3788 624 3852 Filio
662 3785 1018 3866 putandum
1054 3783 1220 3846 erit?
1255 3782 1365 3844 Vel
1406 3782 1637 3844 rationi
1676 3782 1826 3844 Filii
1866 3790 2184 3862 repugnat
2216 3786 2576 3862 producere
2638 3783 2830 3847 aliam
2862 3802 2895 3847 a
2931 3787 3148 3863 seipso
3193 3789 3584 3866 personam?
3612 3789 3725 3851 Vel

453 3896 713 3957 demum
744 3894 921 3974 quod
968 3889 1157 3954 habet
1190 3886 1613 3969 principium,
1649 3887 1880 3968 nequit
1918 3904 2068 3950 esse
2118 3887 2511 3968 principium
2556 3887 2866 3973 alterius?
2908 3888 3082 3952 Nihil
3133 3875 3363 3952 horum
3415 3889 3727 3969 profecto.

452 3998 581 4060 Cur
616 3995 813 4073 igitur
843 4002 1106 4056 ovantes
1136 3990 1300 4054 adeo
1351 3996 1803 4070 argumentum
1835 3989 2013 4052 istud
2044 3991 2405 4053 obtrudunt
2442 4012 2456 4053 :
2496 3990 2913 4072 Evangelium
2941 3991 3185 4055 Christi
3219 4009 3327 4054 ore
3347 3992 3518 4054 clare
3546 3992 3730 4056 docet

452 4097 685 4178 ﬁdeles,
716 4097 1033 4174 Spiritum
1071 4101 1359 4155 sanctum
1388 4111 1429 4152 a
1460 4090 1647 4153 Patre
1673 4090 2051 4172 procedere;
2081 4101 2148 4153 at
2192 4093 2323 4172 ipsi
2355 4092 2565 4172 angeli
2631 4091 3036 4155 tenebrarum
3068 4092 3328 4174 (Latini)
3349 4092 3726 4174 prwdicant,

454 4199 639 4259 etiam
667 4214 707 4257 a
736 4195 911 4259 Filio
939 4215 959 4255 :
991 4209 1147 4274 ergo
1190 4192 1552 4272 Evangelia
1593 4191 1909 4255 contraria
1959 4193 2216 4254 docent.
2246 4192 2335 4253 ita
2368 4206 2524 4253 sane
2558 4199 2701 4271 post
2746 4190 3128 4257 innumeros
3182 4192 3350 4257 alios
3393 4194 3731 4273 Eugenius

454 4302 523 4363 in
558 4301 751 4362 citato
785 4298 1033 4375 libello,
1065 4296 1252 4378 cujus
1282 4299 1495 4360 Graeca
1530 4297 1719 4359 verba
1756 4305 1905 4358 sunt
1941 4295 2109 4358 lucc:

2097 4315 2112 4355 :
2155 4304 2227 4359 Τὺ
2262 4302 2600 4374 Εὐαγγὲλιον
2628 4303 2717 4358 διὰ
2751 4303 3023 4376 στόματος
3056 4305 3152 4359 τοῦ
3174 4304 3420 4377 Χριστοῦ
3443 4305 3734 4374 εὐαγγελί-

454 4407 611 4473 ζεται
650 4407 731 4471 εἰς
767 4406 898 4468 τοὺς
951 4403 1180 4468 πιστοὺς
1225 4403 1439 4475 φανερὰ
1487 4403 1571 4458 ὅτι
1637 4400 1869 4474 Πνεῦμα.
1930 4401 2082 4475 παρὰ
2131 4402 2347 4473 [ἰατρὸς
2385 4400 2772 4472 ἐκπορεύεται,
2809 4403 2906 4457 καὶ
2940 4403 3091 4458 αὐτοὶ
3148 4404 3200 4456 οἱ
3233 4401 3457 4472 ἄγγελοι
3508 4404 3735 4468 σκότους

456 4510 927 4584 εὐαγγελίζονται,
956 4513 1051 4565 καὶ
1088 4512 1155 4565 ἐκ
1178 4509 1273 4565 τοῦ
1306 4508 1459 4565 Υἱοῦ.
1505 4501 1560 4564 Ο
1602 4499 1964 4577 prteclaram
2025 4497 2111 4561 sel

2073 4497 2415 4563 :zholarchaa
2446 4498 2689 4562 Montis
2740 4506 3071 4578 ’Δγιονύμου
3111 4498 3557 4562 ratiocinatioi
3603 4499 3728 4573 Sic,‘

458 4609 652 4671 eine?
700 4600 1001 4667 Procedit
1043 4622 1082 4664 a
1122 4601 1357 4671 Patre;
1406 4620 1538 4664 non
1570 4602 1775 4681 igitur
1829 4620 1869 4661 a
1914 4599 2085 4664 Filio
2132 4619 2153 4661 :
2204 4616 2350 4663 cum
2400 4598 2621 4679 potius
2679 4600 3034 4663 dicendum
3076 4600 3242 4663 foret
3281 4616 3297 4664 :
3346 4599 3647 4663 Procedit
3696 4620 3735 4661 a

460 4709 676 4783 Patre,
712 4725 857 4787 ergo
893 4717 950 4768 et
986 4726 1023 4768 a
1055 4704 1249 4782 Filio,
1283 4704 1368 4767 ob
1422 4704 1735 4767 iudicatas
1792 4702 2102 4765 rationes:
2157 4702 2280 4765 Sed
2326 4709 2391 4767 et
2434 4702 2577 4782 ipse
2616 4701 3140 4784 TheOphylactus
3190 4701 3353 4765 male
3382 4701 3564 4765 famae
3598 4718 3735 4767 sua)

462 4808 769 4881 consulit,
809 4808 964 4869 dum
1017 4804 1394 4883 praedictum
1444 4811 1903 4882 argumentum
1945 4799 2294 4880 simplicem
2336 4811 2519 4874 uocat
2562 4800 3032 4884 absolutamque
3063 4804 3372 4866 rationem
3402 4800 3513 4884 (ὁ),
3546 4806 3735 4868 addi-

462 4913 715 4992 ditque,
749 4909 950 4972 alium
985 4906 1174 4970 nobis
1212 4921 1357 4968 esse
1389 4906 1812 4988 quaerendum
1843 4905 2174 4968 doctorem
2210 4912 2441 4985 praeter
2456 4925 2654 4970 unum
2680 4907 3053 4987 magistrum
3073 4916 3364 4969 nostrum
3386 4908 3733 4999 Christum,

464 5019 517 5081 si
556 5016 709 5081 huic
747 5013 1031 5094 dogmati
1075 5010 1400 5074 adhaerere
1451 5011 1755 5073 velimus.
1792 5012 1871 5073 At
1922 5024 2101 5085 vero,
2155 5008 2210 5070 si
2257 5008 2552 5073 Christus
2592 5009 2831 5073 aiendo
2878 5030 2893 5070 :
2943 5010 3054 5091 qui
3102 5029 3144 5071 a
3191 5009 3383 5072 Patre
3414 5010 3735 5092 procedit,

468 5121 658 5185 nobis
691 5118 1065 5181 nullatenus
1101 5114 1503 5188 adversatur,
1539 5114 1743 5177 multo
1778 5113 1993 5176 minus
2022 5113 2333 5177 censendi
2367 5121 2522 5176 sunt
2548 5114 2738 5176 nobis
2769 5114 3071 5177 contrarii
3097 5130 3238 5177 esse
3265 5113 3638 5197 quicunque
3656 5132 3735 5179 ex

464 5220 704 5286 Grmcis
742 5216 1033 5280 l’atribus
1091 5216 1324 5278 docent
1388 5204 1823 5291 solummodo,
1871 5213 2318 5294 allii-memque
2359 5215 2672 5294 Spiritum
2714 5222 3007 5278 sanctum
3048 5234 3089 5275 a
3138 5215 3328 5278 Patre
3369 5216 3737 5296 procedere.

468 5326 629 5384 Cum
667 5319 863 5400 igitur
891 5318 1261 5381 Graecorum
1307 5332 1495 5379 nemo
1545 5315 1869 5378 inﬁcictur
1914 5317 2218 5378 eumdem
2264 5322 2326 5379 et
2373 5332 2403 5380 a
2441 5315 2612 5380 Filio
2659 5319 3031 5397 procedere,
3069 5318 3366 5382 nonnulli
3399 5329 3613 5382 autem
3652 5335 3740 5382 ex

468 5425 604 5488 illis
654 5442 778 5488 una
810 5441 957 5486 cum
999 5420 1244 5483 Latinis
1284 5420 1591 5481 omnibus
1647 5416 2327 5498 allirment,_profecto
2377 5417 2540 5480 illud
2596 5436 2832 5500 negare
2887 5419 3210 5499 praefracte
3260 5419 3452 5496 velle,
3502 5421 3630 5483 imo
3673 5431 3738 5483 et

473 5527 792 5589 haereseos
841 5541 957 5586 nos
1007 5521 1439 5584 condemnare
1487 5524 1643 5601 quia
1686 5523 1751 5583 id
1802 5518 2183 5593 asserimus,
2226 5538 2329 5581 res
2376 5519 2632 5583 illorum
2682 5533 2769 5584 est
2818 5522 3036 5601 [verba
3085 5539 3314 5604 regere
3357 5540 3503 5602 quae
3546 5522 3733 5586 habet

475 5629 992 5711 Theophylactus
1026 5626 1132 5712 (r)]
1153 5628 1262 5706 qui
1290 5629 1529 5710 spiritu
1561 5628 1799 5689 erroris
1837 5626 2016 5709 pleni
2039 5634 2213 5690 sunt.

547 5845 629 5985 ἕρῖ
665 5843 827 5970 Euan.
862 5843 950 5898 ill.
2235 5836 2303 5910 (cl
2339 5835 2563 5893 Ibidem.

571 5934 599 5968 ο
703 5934 739 5971 ιι
782 5932 888 5970 cm.

571 5932 622 5971 ο)
665 5932 888 5971 Imaum.
