4192 6294
405 384 518 451 453
1218 460 1223 465 ,
1300 387 1387 452 ΙΝ
1427 386 1866 464 SEQUENTIA
1898 386 2060 451 THE

2042 386 2482 455 lOPHYLACTI
2531 387 2870 458 SCRIPI‘A'.
3587 392 3697 460 454

494 502 736 566 XXXI.
784 501 909 566 Sed
950 501 1083 584 jam
1145 518 1264 582 age
1310 505 1715 584 proferamus
1772 503 1839 566 in
1889 503 2184 567 medium
2239 505 2525 584 Grmcos,
2580 523 2827 587 eosque
2876 504 3210 590 probatos,
3264 506 3392 572 imo
3436 511 3500 571 et
3538 523 3698 589 pro-

406 604 767 670 batissimos
797 608 1042 682 Patres,
1074 606 1190 687 qui
1224 607 1567 671 nobiscum
1602 606 1673 670 in
1708 606 1831 670 hoc
1853 606 2154 687 dogmate
2187 606 2513 684 sentiunt;
2553 614 2627 672 ut
2668 609 2783 690 qui
2807 608 3090 689 sapiunt,
3120 609 3272 673 inde
3306 611 3698 690 perspiciant

406 724 603 791 quam
649 708 1019 771 inconsulte
1059 708 1596 790 TheOphylactus
1645 724 1766 773 nos
1810 706 2176 788 provocarit
2206 707 2293 772 iis
2343 708 2560 773 verbis
2624 732 2642 772 :
2700 709 2970 774 Ostende
3014 711 3200 775 nobis
3247 712 3527 791 Patrem,
3572 723 3694 783 etc.

406 811 677 877 Probati
705 829 859 875 sane
888 828 962 875 ac
980 811 1423 892 probatissimi
1482 816 1698 877 Patres
1750 820 1904 876 sunt
1969 811 2395 890 Athanasius,
2441 812 2878 896 Epiphanius,
2925 816 3279 897 Gregorius
3331 819 3695 897 Nyssenus,

406 916 693 999 Cyrillus
726 916 1238 992 Alexandrinus,
1276 917 1587 993 Basilius,
1623 918 1868 1001 quibus
1897 916 2239 983 addendos
2266 925 2366 982 est
2396 919 2721 1001 Didymus
2754 930 3007 985 summa
3045 921 3269 984 saltem
3309 920 3699 984 venerabilis

405 1018 823 1100 antiquitate.
866 1022 1070 1083 Porro
1111 1020 1268 1083 satis
1314 1029 1534 1102 aperte
1603 1023 1669 1086 hi
1725 1039 1955 1085 omnes
2007 1022 2248 1088 docent
2299 1022 2614 1104 Spiritum
2667 1034 2960 1088 sanctum
3014 1025 3370 1108 procedere
3415 1041 3450 1087 a
3499 1025 3695 1087 Filio.

405 1123 793 1204 Quanquam
843 1122 1046 1198 enim,
1098 1130 1171 1187 ut
1218 1124 1494 1191 candide
1553 1127 1735 1209 quod
1783 1133 1905 1204 est,
1943 1124 2170 1204 fatear,
2235 1127 2608 1192 Graecorum
2647 1144 2841 1208 nemo
2901 1130 3079 1210 prior
3133 1131 3455 1210 Symeone
3493 1132 3699 1193 Meta-

411 1230 672 1311 phraste
721 1247 878 1295 voce
932 1230 1075 1311 ipsa
1113 1239 1522 1313 ικπορεύεσθαι
1563 1233 1642 1297 ad
1690 1232 1756 1296 id
1815 1232 2317 1314 etprimendum
2366 1240 2606 1310 utatur,
2676 1241 2888 1298 tamen
2947 1235 3255 1299 vocabula
3312 1243 3376 1299 et
3432 1235 3698 1316 phrases

408 1333 704 1415 ejusdem
747 1335 1015 1402 omnino
1066 1338 1308 1404 valoris
1347 1336 1684 1412 adhibent,
1720 1344 1791 1401 ut
1828 1347 2060 1420 προῖένα

2042 1364 2116 1413 ιι,
2155 1336 2506 1419 progredi:
2566 1345 2925 1419 προχεῖσθαι,
2970 1338 3317 1420 profundi,
3374 1357 3697 1406 emanare;

404 1442 571 1518 εἶναι,
604 1457 758 1520 esse,
796 1451 1070 1525 ὑπάρχειν
1110 1444 1463 1512 exsistere;
1493 1448 1736 1521 ὕπαρξιν
1781 1448 1953 1523 ιχειν,
1987 1459 2059 1504 οα

2041 1441 2421 1504 rsistentiam
2448 1440 2699 1515 habere,
2726 1447 2789 1505 et
2816 1440 3083 1517 similia,
3116 1443 3360 1524 quibus
3392 1452 3696 1505 aeternam

402 1544 688 1626 Spiritus
716 1547 922 1610 sancti
981 1544 1479 1627 productionem
1519 1540 1752 1606 aFilio
1806 1541 2186 1623 signiﬁcari,
2232 1556 2427 1605 nemo
2481 1539 2731 1604 inﬁcias
2785 1539 2958 1615 ierit,
3004 1543 3139 1623 qui,
3169 1542 3238 1606 in
3284 1541 3697 1605 defendendo

402 1663 630 1712 errore
687 1650 948 1729 penitus
995 1648 1376 1712 obﬁrmatus
1434 1661 1564 1708 non
1614 1644 1842 1709 fuerit.
1902 1646 1979 1708 Et
2030 1660 2188 1707 sane
2268 1642 2535 1723 phrases
2596 1645 2761 1719 εἶναι,
2814 1644 3302 1727 εεεε,’ῢπάρχειν,
3349 1645 3694 1733 exsistere:

401 1755 641 1831 ὕπαρξιν
676 1758 845 1831 ἔχειν,
904 1749 1342 1813 exsistentiam
1410 1746 1660 1823 habere,
1715 1765 1830 1828 per
1879 1762 2027 1809 sese
2071 1744 2154 1809 ad
2190 1744 2256 1809 id
2290 1746 2465 1825 quod
2517 1745 2950 1823 intendimus,
2975 1745 3475 1827 signiﬁcandum
3505 1749 3697 1812 clarm

401 1860 559 1914 sunt
614 1873 631 1913 :
687 1850 887 1915 verbo
952 1859 1174 1915 autem
1234 1857 1531 1929 προϊέναι,
1586 1848 1898 1930 progredi
1942 1846 2042 1910 vel
2113 1845 2437 1928 proﬂuere
2490 1847 2696 1911 utitur
2762 1847 2953 1911 etiam
3025 1849 3544 1932 Theophylactus
3612 1850 3694 1915 ad

401 1949 897 2015 substantialem
956 1950 1238 2031 Spiritus
1311 1950 1513 2012 sancti
1569 1951 2040 2030 processionem
2097 1948 2544 2024 indicandam,
2610 1948 2767 2013 dum
2835 1949 2898 2011 in
2938 1948 3341 2014 Allocutione
3389 1970 3562 2015 num.
3601 1955 3688 2017 ιν

402 2053 762 2131 explicans,
796 2070 913 2115 cur
938 2053 1230 2133 Spiritus
1262 2052 1512 2116 Christi
1541 2052 1682 2132 ipse
1709 2052 1985 2126 dicatur,
2018 2070 2057 2116 n

2035 2068 2177 2124 son,
2212 2053 2454 2133 inquit,
2487 2064 2566 2131 ὡς
2599 2062 2663 2131 ἐξ
2692 2064 2906 2119 ἐκείνου
2940 2065 3153 2136 προϊὸν,
3213 2054 3383 2137 quod
3415 2074 3496 2118 ea:
3549 2057 3690 2136 ipso

396 2152 719 2235 proﬂuat;
767 2153 901 2227 sed,
943 2162 1064 2217 etc.
1108 2154 1238 2216 Cur
1267 2153 1487 2233 itaque
1531 2153 1835 2217 hodierni
1865 2154 2068 2218 Graeci
2104 2154 2399 2234 legentes
2437 2155 2504 2220 in
2534 2156 2677 2220 suis
2722 2158 3014 2221 Patribus
3059 2156 3370 2237 Spiritum
3397 2152 3692 2220 sanctum

399 2270 675 2341 προϊέναι,
713 2260 1065 2343 proﬂuere,
1098 2278 1214 2326 seu
1241 2261 1556 2342 progredi
1585 2279 1668 2324 ea:
1692 2261 1892 2335 Filio,
1931 2260 1996 2325 id
2029 2263 2107 2325 ad
2145 2268 2626 2340 temporaneam
2664 2261 2959 2342 ejusdem
3000 2262 3281 2341 Spiritus
3331 2262 3694 2325 missionem

398 2381 524 2427 seu
562 2362 989 2430 diﬂ'usionem
1043 2363 1455 2428 referendum
1489 2364 1946 2429 contendunt?
1994 2361 2291 2427 Proiecto
2326 2363 2464 2444 pari
2522 2364 2772 2427 ratione
2820 2372 2885 2427 et
2935 2363 3095 2427 illud
3130 2362 3373 2427 Christi
3429 2366 3691 2429 Domini

394 2481 460 2547 ὃς
490 2480 644 2551 παρὰ
672 2479 891 2552 [ἰατρὸς
920 2479 1310 2552 ικπορεύεται,
1340 2470 1453 2551 qui
1480 2488 1562 2530 ea:
1593 2469 1784 2533 Patre
1814 2469 2049 2551 procul

2038 2469 2127 2544 lit,
2156 2474 2370 2549 posset
2398 2468 2549 2551 quis
2579 2469 2660 2534 de
2685 2477 3099 2549 temporanea
3136 2469 3451 2533 missione
3482 2470 3693 2549 expli-

397 2590 585 2650 care;
623 2573 920 2653 adeoque
944 2583 1250 2637 mternam
1281 2573 1422 2655 ejus
1454 2572 1645 2635 etiam
1681 2588 1717 2635 a
1762 2573 1947 2635 Patre
1997 2572 2487 2652 productionem
2534 2588 2656 2635 seu
2706 2570 3191 2650 processionem
3229 2571 3528 2633 inﬁciari.
3564 2574 3691 2636 Sed

392 2683 528 2763 jam
559 2680 700 2758 ipsa
732 2681 986 2741 Patrum
1016 2680 1388 2742 Graecorum
1434 2677 1806 2740 testimonia
1839 2678 1924 2739 ob
1967 2676 2195 2742 oculos
2230 2677 2526 2756 ponenda
2558 2684 2732 2740 sunt.

480 2778 757 2850 XXXII.
804 2783 1015 2864 Igitur
1053 2784 1112 2847 1.
1163 2782 1225 2845 S.
1283 2780 1715 2862 Epiphanius,
1767 2788 1837 2846 ut
1892 2769 1974 2845 ab
2025 2781 2108 2844 iis
2155 2770 2266 2862 qui
2317 2782 2561 2845 clarius
2606 2800 2753 2844 sese
2796 2783 3195 2862 exprimunt,
3250 2781 3577 2863 incipiam,
3621 2786 3690 2849 in

400 2893 745 2966 Ancorato,
779 2907 843 2953 n.
879 2892 960 2953 67
988 2906 1004 2952 :
1044 2898 1302 2971 Χριστὸς,
1335 2887 1442 2962 ait,
1474 2896 1540 2951 ιιι
1561 2895 1659 2951 τοῦ
1693 2897 2055 2987 [Inmemor

2031 2895 2257 2975 ’t::’t_€1¢t
2277 2896 2410 2961 Θεὸς
2438 2897 2504 2952 ἑκ
2531 2896 2691 2965 Θεοῦ,
2720 2899 2813 2952 καὶ
2843 2897 2904 2952 τὸ
2938 2896 3163 2969 Πνεῦμα
3189 2898 3254 2951 ἐκ
3280 2897 3372 2952 τοῦ
3419 2897 3686 2987 Χριστοΰ⁹

396 3000 433 3073 ἢ
470 3002 605 3073 παρ’
651 2998 1006 3072 ἀμφοτέρων,
1069 2990 1363 3055 Christus
1412 3007 1491 3050 ea:
1538 2988 1731 3051 Patre
1778 2986 2051 3052 creditus

2033 3005 2070 3049 r
2119 3006 2250 3050 esse
2309 2990 2471 3050 Deus
2522 2988 2600 3050 de
2636 2989 2792 3064 Deo,
2848 2999 2908 3053 et
2964 2991 3249 3071 Spiritus
3292 3002 3550 3054 sanctus
3607 2986 3688 3057 ex

399 3083 685 3170 Christo,
721 3095 852 3155 sive
890 3092 966 3156 ab
997 3091 1301 3156 ambobus
1335 3089 1444 3173 (a).
1481 3092 1557 3155 Et
1601 3108 1666 3156 n.
1703 3092 1777 3157 ’11
1818 3114 1834 3155 :
1867 3098 2001 3164 Θεὸς
2038 3100 2054 3155 l

2038 3099 2169 3155 Υἱδν
2207 3100 2370 3155 καλεῖ
2393 3098 2487 3153 τὸν
2516 3099 2579 3167 ἐξ
2608 3099 2800 3167 αὐτοῦ,
2832 3100 2894 3156 τὸ
2912 3099 2971 3156 δὲ
2998 3101 3156 3171 ἅγιον
3192 3102 3420 3172 Πνεῦμα
3465 3102 3528 3156 τὸ
3558 3117 3693 3179 παρ’

398 3209 752 3283 ἀμφοτέρων.
796 3198 869 3261 Et
898 3196 1171 3278 praised.
1204 3212 1272 3260 u.
1306 3196 1348 3259 8
1378 3194 1467 3258 ait
1498 3194 1810 3276 Spiritum
1839 3201 2053 3259 sancta

2029 3211 2133 3257 um
2163 3211 2308 3257 esse
2351 3206 2410 3260 ὲν
2464 3205 2620 3278 μέσῳ
2670 3205 2891 3279 [ἰατρὸς
2951 3206 3045 3260 καὶ
3073 3205 3311 3274 Υιοῦ,ὲκ
3341 3208 3555 3279 [ἰατρὸς
3586 3210 3684 3266 καὶ

395 3313 563 3383 Ϊίοῦ,
590 3315 779 3389 τρίτον
806 3313 874 3384 τῇ
914 3311 1209 3384 ὀνομασίᾳ,
1241 3303 1312 3364 in
1332 3298 1534 3363 medio
1562 3301 1777 3364 Patris
1810 3307 1868 3362 et
1901 3299 2050 3364 Filii

2032 3302 2085 3376 'i,
2118 3320 2197 3365 ea:
2224 3301 2421 3363 Patre
2466 3310 2527 3363 et
2576 3300 2773 3377 Filio,
2809 3303 3074 3367 tertium
3120 3305 3576 3386 appellatione.
3611 3309 3687 3373 Et

397 3430 470 3478 n.
500 3412 929 3492 praecedente,
960 3425 1107 3472 esse
1147 3418 1215 3472 ἐκ
1245 3416 1345 3489 τῆς
1374 3416 1549 3490 αὐτῆς
1579 3417 1772 3481 οὐσίας
1808 3415 1962 3488 παρὰ
1995 3416 2052 3472 Ill

2035 3415 2214 3489 [ατρὸς
2242 3415 2338 3471 καὶ
2383 3415 2516 3471 Υἱοῦ
2564 3414 2793 3487 Πνεῦμα
2831 3414 3009 3487 ἅγιον,
3051 3425 3133 3470 ea:
3160 3407 3304 3487 ipsa
3323 3406 3690 3473 substantia

396 3520 622 3584 ‘Patris
667 3526 728 3579 et
773 3516 934 3579 Filii
961 3515 1279 3596 Spiritum
1314 3523 1627 3576 sanctum.
1660 3514 1736 3576 Et
1767 3514 1996 3577 hieresi
2046 3517 2051 3543 ‘

2046 3515 2151 3591 Ἧι,
2191 3532 2257 3578 n.
2290 3513 2353 3588 8,
2394 3505 2537 3578 εἶναι
2574 3523 2690 3595 φῶς
2725 3523 2909 3596 τρίτον
2943 3521 3098 3593 παρὰ
3142 3523 3355 3594 Harpe;
3401 3525 3497 3579 καὶ
3528 3524 3687 3591 Υἰοῦ,

399 3642 533 3687 esse
562 3621 770 3684 lumen
798 3618 1059 3681 tertium
1087 3635 1126 3677 α
1152 3616 1348 3679 Patre
1392 3624 1451 3678 et
1485 3616 1682 3678 Filio.
1721 3616 1874 3678 Esse
1918 3614 2043 3679 etia

2033 3633 2113 3677 tm
2156 3625 2311 3699 παρᾶ
2365 3623 2582 3699 Harpe;
2632 3628 2727 3681 καὶ
2770 3624 2925 3690 Υίοῦ,
2967 3635 3008 3676 a
3036 3616 3229 3677 Patre
3261 3623 3316 3678 ct
3346 3616 3546 3692 Filio,
3587 3617 3688 3681 bis

400 3728 637 3810 repetit
688 3742 756 3790 η.
803 3724 867 3788 9.
918 3726 993 3787 Et
1032 3729 1220 3785 antea
1273 3720 1517 3784 ibidem
1563 3738 1629 3785 n.
1676 3724 1717 3785 7
1759 3721 2036 3797 dixerat,

2033 3772 2036 3788 .
2082 3738 2231 3784 esse
2283 3730 2346 3785 τὸ
2368 3730 2525 3801 ἅγιον
2557 3729 2786 3802 Πνεῦμα
2812 3731 2947 3803 παρ’
2967 3729 3322 3802 ἀμφοτέρων,
3367 3721 3688 3799 Spiritum

396 3838 688 3895 sanctum
718 3825 796 3890 ab
833 3823 1155 3887 ambobus.
1190 3822 1441 3888 Similia
1466 3822 1655 3886 habet
1684 3842 1747 3887 n.
1786 3826 1884 3901 10,
1917 3829 1982 3888 et
2017 3820 2248 3886 haeresi
2283 3823 2385 3899 62,
2427 3840 2493 3888 η.
2527 3822 2589 3886 Is.
2624 3825 2702 3887 Ut
2738 3822 3009 3903 proinde
3042 3838 3235 3886 nemo
3283 3820 3557 3885 fortasse
3606 3842 3688 3887 ex

399 3932 651 4000 Latinis
689 3928 983 3993 Patribus
1029 3933 1139 3988 aut
1173 3925 1413 3990 clarius
1442 3938 1555 3989 aut
1586 3923 2000 4007 frequentius
2041 3922 2163 3989 hac
2192 3922 2273 3987 de
2306 3942 2375 3988 re
2406 3923 2664 3988 locutus
2694 3923 2918 4005 fuerit.

480 4035 540 4099 2.
589 4036 650 4098 S.
701 4028 1055 4111 Gregorius
1111 4029 1446 4110 Nyssenus
1503 4029 1614 4092 lib.
1665 4048 1685 4090 ι
1749 4028 1993 4092 Contra
2068 4028 2452 4091 Eunomium
2508 4030 2641 4089 dno
2686 4024 3040 4107 przcsertim
3102 4024 3226 4097 ait,
3294 4042 3378 4088 ex
3445 4023 3687 4106 quibus

398 4135 910 4205 ineluctabiliter
942 4136 1264 4218 sequitur,
1298 4134 1613 4214 Spiritum
1649 4141 1940 4197 sanctum
1973 4149 2012 4198 a
2040 4133 2213 4197 Filio
2245 4137 2622 4215 procedere.
2670 4134 2955 4209 Primum
3006 4138 3127 4204 est,
3175 4129 3409 4191 Filium
3452 4129 3686 4191 habere

403 4246 720 4308 rationem
764 4259 968 4304 causa
1015 4257 1133 4304 seu
1158 4240 1481 4321 principii
1530 4241 1725 4302 relate
1766 4240 1844 4302 ad
1887 4237 2200 4319 Spiritum
2250 4246 2566 4311 sanctum,
2624 4245 2684 4302 et
2739 4236 2856 4301 hac
2885 4236 3021 4332 sola
3055 4235 3301 4299 ratione
3357 4235 3478 4315 ipsi
3516 4253 3684 4315 pra;-

400 4334 711 4424 intelligi,
745 4339 1296 4423 quemadmodum
1345 4356 1418 4403 se
1469 4336 1660 4402 habet
1711 4339 1896 4403 Pater
1952 4344 2254 4417 respectu
2294 4336 2466 4399 Filii.
2511 4339 2716 4400 Verba
2770 4335 2912 4416 ejus
2962 4343 3114 4398 sunt
3165 4358 3181 4398 :
3228 4345 3317 4407 Ὠς
3353 4347 3689 4401 συνάπτεται

402 4446 584 4519 ηατρὶ
606 4445 636 4498 ὁ
659 4444 807 4508 Υἱὸς.
838 4442 937 4498 καὶ
959 4439 1022 4496 τὸ
1066 4441 1125 4507 ἐξ
1142 4439 1313 4496 αὐτοῦ
1341 4434 1484 4495 εἶναι
1513 4440 1656 4513 ἔχων
1679 4440 1782 4496 οὐκ
1819 4438 2098 4513 ὑστερίζει
2135 4439 2278 4493 κατά
2298 4438 2398 4512 τὴν
2437 4437 2703 4511 ὕπαρξιν·
2731 4438 2875 4493 οὕτω
2909 4439 3072 4493 πάλιν
3095 4438 3189 4493 καὶ
3211 4438 3308 4493 τοῦ
3339 4437 3688 4507 Μυνογενοῦς

400 4538 587 4614 ἔχεται
632 4538 693 4592 τὸ
738 4535 964 4606 Πνεῦμα
994 4533 1057 4589 τδ
1101 4531 1281 4603 ἄτιον,
1315 4533 1532 4605 ἐπινοίᾳ
1568 4532 1712 4606 μόνῃ
1755 4532 1899 4587 κατὰ
1930 4530 2023 4585 τὸν
2050 4529 2156 4602 τῆς
2174 4528 2354 4595 αἰτίας
2384 4529 2544 4601 λόγον
2573 4529 3068 4602 προθεωρουμένου
3096 4533 3197 4600 τῆς
3233 4529 3330 4584 τοῦ
3361 4529 3688 4604 Πνεύματος

406 4645 785 4709 ὑποστάσεως,
814 4629 1344 4709 Quemadmodum
1367 4629 1556 4693 Patri
1585 4629 1925 4710 copulatur
1954 4629 2188 4705 Filius,
2224 4639 2282 4691 ct
2340 4645 2423 4688 ea:
2470 4627 2608 4708 ipso
2659 4626 2890 4690 habens
2942 4644 3091 4701 esse,
3120 4628 3447 4707 posterior
3484 4637 3688 4688 tamen

403 4743 786 4828 exsistcntia
818 4755 948 4801 non
982 4744 1106 4805 est;
1134 4736 1226 4799 sic
1258 4754 1486 4799 rursus
1514 4734 1801 4815 Spiritus
1844 4742 2102 4796 sanctus
2144 4733 2439 4816 proxime
2468 4733 2656 4795 horret
2695 4729 3053 4809 Unigcnito,
3091 4729 3200 4810 qui
3237 4728 3379 4791 sola
3401 4728 3690 4791 conside-

402 4852 656 4917 ratione
685 4841 1026 4908 secundum
1057 4841 1371 4904 rationem
1401 4859 1604 4903 causa
1644 4840 1784 4925 (seu
1810 4838 2192 4922 principii),
2214 4835 2743 4920 prainteilig'itur
2786 4850 3079 4916 personis
3130 4833 3418 4914 Spiritus
3455 4835 3685 4899 sancti.

416 4962 521 5021 list
553 4953 752 5035 igitur
791 4950 1000 5015 Filius
1039 4953 1221 5015 αἰτία.
1264 4963 1476 5015 causa,
1510 4962 1628 5007 seu
1679 4943 2073 5038 principium
2096 4941 2378 5022 Spiritus
2410 4938 2652 5015 sancti;
2686 4937 2887 5018 igitur
2908 4935 3015 4998 hic
3065 4935 3146 4998 ab
3199 4934 3313 4997 illo
3366 4936 3684 5015 procedit.

409 5059 669 5123 Dictum
705 5055 977 5120 alterum
1013 5049 1291 5134 Nysseni
1327 5056 1447 5123 est,
1486 5055 1594 5110 Τοῦ
1622 5055 1787 5125 λόγου
1814 5055 1913 5126 τῆς
1939 5052 2064 5107 etet:

2035 5052 2120 5117 ἔας
2151 5051 2599 5126 ὑπεξῃρημένου,
2644 5049 2701 5102 ὲν
2732 5048 2928 5120 μηδενὶ
2958 5045 3061 5117 τὴν
3102 5045 3269 5114 ἁγίαν
3299 5045 3506 5119 Τριάδα
3548 5045 3689 5116 πρὸς

408 5171 612 5243 ἑαυτὴν
673 5167 1026 5239 ἀσυμφώνως
1081 5162 1254 5235 ἔχειν,
1293 5153 1634 5224 Subtracta
1666 5151 1917 5213 ratione
1944 5149 2063 5230 prii

2035 5149 2282 5229 incipii,
2315 5147 2494 5210 nulla
2529 5163 2599 5205 rc
2623 5151 2907 5206 sanctam
2945 5141 3321 5203 Trinitatem
3348 5159 3388 5201 a
3434 5158 3500 5202 se
3544 5140 3690 5220 ipsa

408 5264 750 5333 dissidere;
785 5263 903 5326 hoc
937 5268 1037 5325 est
1088 5258 1333 5322 nullam
1385 5272 1530 5319 esse
1579 5256 1751 5319 inter
1798 5253 2225 5321 sanctissimas
2284 5249 2624 5315 Trinitatis
2675 5264 2985 5327 personas
3032 5246 3520 5308 distinctionem
3560 5243 3686 5307 nisi

411 5390 492 5436 ex
520 5371 765 5435 ratione
799 5365 1123 5450 principii.
1156 5365 1316 5428 Cum
1341 5363 1538 5446 igitur
1562 5361 1771 5426 Filius
1800 5369 1862 5425 et
1903 5360 2185 5445 Spiritus
2215 5366 2477 5424 sanctus
2507 5358 2637 5421 sint
2667 5358 2745 5419 ab
2776 5354 3053 5418 invicem
3091 5354 3354 5416 realitcr
3372 5351 3687 5427 distincti,

483 5641 572 5717 (ιῂΔ
593 5639 708 5717 Non
742 5633 1318 5717 tantitm__Epiplianiiis
1343 5632 1537 5717 asserit
1569 5631 1831 5717 Spiritum
1872 5646 1997 5688 esse
2108 5632 2138 5686 ii

2108 5629 2429 5717 immediate
2456 5629 2683 5717 su’bdit:
2726 5627 2814 5717 ’ρς
2868 5629 3035 5717 φησιν
3066 5626 3514 5717 6191616fo
3524 5632 3687 5717 αξηρρ

410 5694 721 5771 ια’ἳίιι-ἰαίὸ
755 5724 852 5766 seu
883 5694 1043 5767 Filio:
1081 5694 1135 5760 et
1174 5705 1394 5774 quidem
1428 5694 1624 5759 eodeni
1675 5703 1841 5757 modo
1868 5718 1994 5774 quo

2103 5702 2213 5757 τοῦ
2242 5702 2474 5774 Πατρός
2506 5694 2911 5774 ἐκπορεύεταῂ
2929 5694 3289 5774 ’και-Οὖξος
3316 5697 3519 5774 ἑκ-ζρῦ
3537 5694 3687 5774 sub.)

410 5767 670 5843 {furiatus
691 5767 775 5839 est
797 5796 860 5836 cx
892 5778 1004 5836 Deo
1039 5767 1223 5839 Patre,
1260 5773 1365 5828 hoc
1399 5784 1506 5839 est,
1533 5767 1987 5840 sutistantialitl-r;
2098 5767 2385 5842 λήψεταί.
2422 5769 2489 5826 Ut
2522 5767 2768 5843 Christus
2802 5771 2998 5843 asserit
3020 5767 3343 5843 (Joau_.__xv,
3374 5769 3489 5839 26).
3522 5787 3543 5823 t
3566 5767 3687 5843 'Qui

412 5838 508 5914 sed
549 5838 945 5923 etiainprohat
995 5862 1116 5903 es.~e
1166 5861 1229 5923 ei;
1290 5854 1520 5923 iitroque
1568 5845 1761 5923 iisdem
1804 5838 1992 5923 verbis
2097 5838 2330 5923 αἰδοίη
2350 5842 2587 5911 procedit
2615 5858 2636 5907 ,°
2665 5859 2684 5891 ι
2724 5850 2774 5897 et
2806 5843 2940 5914 (xw,
2967 5842 3078 5913 24).
3119 5859 3139 5893 ι
3180 5838 3280 5896 Hic
3306 5839 3372 5896 de
3402 5838 3513 5896 meo
3538 5842 3685 5898 actio

412 5914 767 5995 evangelicis,
803 5921 1003 5995 quibus
1044 5934 1142 5974 nes
1174 5917 1315 5973 idem
1358 5919 1690 5989 probamus;
1724 5916 1799 5971 ita
1836 5914 1985 5972 enim
2089 5916 2218 5985 piet.
2252 5932 2271 5966 ι
