4192 6294
526 277 637 339 655
1590 270 1975 333 BONIFACII
2019 268 2329 331 FINETTI
2378 269 2801 335 PRIEFATIO
3687 272 3787 336 456

527 389 778 461 Oportet
811 389 881 447 ut
921 382 1090 445 inter
1125 396 1237 444 eos
1267 382 1617 445 intercedat
1643 382 1805 446 ratio
1835 380 2165 462 principii,
2196 382 2513 462 adeoque,
2542 390 2610 445 ut
2640 384 2745 447 hic
2774 382 2853 445 ab
2884 382 2998 448 illo
3037 386 3361 464 procedat.
3384 384 3782 465 Principium

524 484 697 551 idem
732 489 973 554 clarius
1008 494 1070 550 et
1104 498 1551 570 ὲμφατικοτέρως
1592 487 1891 568 praponit
1937 487 2004 549 in
2059 485 2179 567 epi:

2129 485 2331 549 iistola
2370 488 2447 552 ad
2472 487 2799 552 Ablabium
2838 487 2937 551 his
2986 490 3307 570 praecipue
3349 489 3560 553 verbis
3607 512 3623 550 :
3674 496 3784 568 τῆξ

524 602 671 658 κατὰ
692 602 755 657 τὸ
787 601 959 658 αἴτιον
991 603 1088 659 καὶ
1146 603 1389 658 αἱτιατὺν
1437 600 1703 671 διαφορὰν
1758 599 1860 654 οὐκ
1895 596 2174 671 ἀρνούμεθ

2129 596 2218 651 εθα
2256 590 2430 671 (esse
2478 591 2543 654 in
2602 592 2783 670 Deo),
2820 592 2868 672 ᾧ
2893 599 3439 673 μόνῳδιακρινεσθαι
3484 599 3549 654 ea
3592 599 3784 671 lupos

521 703 619 759 τοῦ
655 704 844 776 ἑτέρου
873 703 1394 776 καταλαμϐάνομεν,
1426 702 1505 774 τῷ
1534 702 1597 757 τὸ
1628 700 1731 773 μὲν
1762 702 1938 756 αῐτιον
1966 698 2248 755 πιστεύειν
2275 696 2439 770 εῖναι,
2470 703 2533 757 τὸ
2559 701 2618 757 δὲ
2645 702 2710 758 ἐκ
2766 701 2863 759 τοῦ
2914 701 3116 772 αἰτίου,
3180 693 3621 756 Dicersitatem
3689 712 3782 753 se-

526 801 796 864 eundum
824 802 1133 863 rationem
1160 818 1362 862 causte
1391 809 1448 861 et
1470 799 1717 861 causati
1749 796 1895 878 (seu
1909 796 2093 877 juxta
2136 798 2443 860 rationem
2479 797 2885 878 principii)et
2915 799 3044 880 ejus
3067 793 3236 879 quod
3264 805 3352 858 est
3385 815 3426 857 a
3457 797 3788 876 principio

529 904 619 982 (in
656 902 810 983 Deo)
869 921 997 965 non
1026 918 1322 981 negamus
1356 922 1378 962 :
1399 918 1521 981 quo
1549 899 1682 961 solo
1705 899 1967 960 alterum
1991 895 2068 959 ab
2096 896 2297 958 altero
2327 899 2569 959 secerni
2610 895 3183 978 comprehendimus
3204 939 3222 969 ,
3254 904 3560 975 quatenus
3596 912 3789 957 unum

525 1006 773 1088 quidem
821 1006 1215 1085 principium
1267 1022 1396 1065 esse
1447 1004 1792 1077 credimus,
1838 1000 2110 1063 alterum
2178 1020 2260 1063 ea:
2297 1002 2663 1083 'principio.
2704 1004 2864 1077 Quae
2906 1018 3054 1067 cum
3111 1002 3200 1064 ait
3233 1002 3594 1081 Nyssenus,
3638 998 3791 1081 quis

531 1114 721 1186 neget
772 1122 921 1169 eum
964 1104 1321 1168 credidisse
1354 1104 1667 1182 Spiritum
1719 1110 2010 1165 sanctum
2066 1118 2210 1164 esse
2257 1102 2485 1166 aFilio
2514 1111 2812 1184 tanquam
2863 1113 2929 1167 tu
2952 1110 3047 1167 τοῦ
3092 1109 3293 1179 aletes,
3342 1118 3490 1165 cum
3521 1101 3603 1165 ab
3641 1102 3790 1183 ipso

529 1206 847 1285 distingui
881 1222 1007 1269 non
1040 1206 1471 1269 dubitaverit?

607 1313 668 1373 3.
712 1311 1052 1390 Didymus,
1086 1310 1253 1373 libro
1285 1330 1330 1371 ιι
1385 1310 1468 1371 De
1517 1309 1774 1390 Spiritu
1821 1315 2038 1365 sancto
2080 1302 2405 1367 Christum
2449 1302 2764 1367 rationem
2806 1302 3184 1367 efferentem
3233 1300 3512 1374 inducit,
3559 1316 3677 1362 cur
3705 1298 3789 1360 de

529 1410 775 1491 Spiritu
809 1418 1029 1474 sancto
1062 1410 1301 1473 dixerit
1328 1414 1513 1473 Joan.
1556 1427 1663 1473 xw
1694 1452 1710 1480 ,
1737 1408 1811 1469 1'3
1838 1426 1855 1464 :
1884 1405 2029 1470 Non
2082 1404 2245 1467 enim
2294 1401 2587 1484 loquetur
2608 1422 2649 1464 a
2683 1404 3010 1484 semetipso
3029 1402 3133 1465 his
3168 1400 3381 1465 verbis
3411 1423 3427 1463 :
3455 1399 3623 1477 Quia
3661 1416 3793 1462 non

533 1537 612 1578 ea:
644 1535 730 1591 se,
787 1516 899 1577 sed
947 1535 1028 1578 ea:
1072 1515 1262 1577 Patre
1310 1524 1366 1577 et
1397 1535 1488 1576 me
1537 1524 1659 1584 est;
1716 1516 1833 1577 hoc
1885 1511 2048 1572 enim
2110 1507 2318 1586 ipsum
2344 1508 2511 1588 quod
2558 1506 2871 1581 subsistit,
2907 1526 2988 1571 es:
3036 1506 3232 1570 Patre
3275 1516 3336 1570 et
3381 1524 3477 1567 ms
3524 1503 3628 1567 illi
3664 1512 3785 1566 est.

532 1620 901 1682 Clarissima
946 1635 1097 1681 vero
1134 1627 1284 1681 sunt
1319 1617 1532 1691 verba,
1578 1634 1726 1696 quae
1768 1616 2009 1679 ibidem
2042 1611 2264 1693 paucis
2322 1612 2747 1692 interpositis,
2780 1612 2971 1676 habet
3012 1635 3029 1676 :
3063 1611 3273 1694 Neque
3297 1609 3452 1693 quid
3485 1608 3664 1674 aliud
3698 1617 3791 1672 est

534 1724 591 1784 F
594 1725 744 1786 ilius
777 1724 1063 1802 exceptis
1098 1722 1180 1783 iis
1228 1739 1363 1802 qua:
1401 1722 1459 1783 ei
1487 1719 1726 1781 dantur
1768 1737 1808 1778 a
1850 1718 2043 1779 Patre
2073 1736 2094 1785 ;
2122 1714 2215 1776 sic
2258 1732 2453 1796 neque
2497 1713 2629 1779 alia
2672 1714 3031 1778 substantia
3067 1725 3159 1777 est
3201 1714 3487 1794 Spiritus
3532 1720 3790 1774 sanctus

531 1833 767 1904 praeter
798 1824 865 1885 id
896 1820 1062 1903 quod
1093 1822 1285 1882 datur
1313 1821 1374 1882 ei
1407 1840 1447 1880 a
1470 1819 1668 1881 Filio.
1713 1819 1917 1899 Igitur
1948 1815 2225 1899 Spiritus
2256 1822 2514 1878 sanctus
2552 1814 2787 1895 accipit
2820 1814 3244 1880 substantiam
3292 1832 3327 1878 a
3362 1813 3529 1878 Filio
3574 1834 3591 1876 :
3634 1827 3793 1895 ergo

535 1930 615 1990 ab
658 1944 736 1989 eo
789 1925 1308 1988 substantialiter
1359 1924 1673 2003 procedit.

618 2053 676 2113 is.
713 2051 993 2127 Cyrillus
1052 2050 1553 2124 Alexandrinus,
1590 2050 1702 2114 lib.
1736 2068 1780 2124 ι,
1822 2051 1905 2110 De
1933 2048 2211 2122 adorat,
2246 2048 2270 2069 '

2136 2056 2211 2122 ι,
2246 2048 2402 2102 Ἔστι
2420 2047 2515 2102 τοῦ
2541 2045 2702 2117 Θεοῦ,
2726 2046 2847 2121 ait,
2888 2048 2984 2102 καὶ
3007 2048 3244 2121 Πατρὸς,
3283 2048 3379 2104 καὶ
3414 2047 3523 2120 μὴν
3550 2046 3646 2103 καὶ
3690 2045 3786 2103 τοῦ

540 2157 669 2213 Υἱοῦ
690 2158 750 2209 τὸ
779 2156 1052 2216 οὐσιωδῶς
1091 2155 1151 2220 ἐξ
1180 2158 1399 2224 ἀμφοῖν,
1431 2156 1608 2209 εῐτουν
1636 2156 1700 2209 ἐκ
1739 2154 1949 2224 Πατρὸς
1976 2153 2046 2208 δι’
2088 2152 2195 2206 Υἱοὶ

2127 2153 2218 2206 ’ἰοῦ
2246 2152 2491 2223 Πνεῦμα,
2529 2159 2621 2213 est
2680 2170 2763 2215 ea:
2809 2153 2964 2229 Deo,
3008 2161 3069 2215 et
3109 2153 3325 2226 Patre,
3363 2163 3422 2213 et
3441 2152 3614 2215 Filio
3644 2149 3782 2225 ille,

538 2260 646 2337 qui
677 2256 1183 2317 substantialiter
1216 2274 1297 2316 ea:
1329 2254 1646 2327 ambobus,
1689 2273 1799 2315 seu
1828 2273 1908 2317 ea:
1936 2253 2127 2317 Patre
2152 2273 2267 2335 per
2296 2253 2536 2317 Filium
2573 2252 2845 2334 proﬂuit
2864 2254 3168 2334 Spiritus.
3194 2258 3377 2317 Anne
3408 2269 3559 2316 vero
3590 2253 3786 2316 istum

538 2358 1011 2417 substantialem
1074 2354 1349 2431 Spiritus
1407 2354 1607 2415 sancti
1669 2370 1749 2417 ex
1811 2360 2083 2435 utroque
2117 2352 2426 2434 efﬂuxum
2455 2355 2534 2417 de
2581 2357 2895 2418 donorum
2924 2357 3095 2437 ejus,
3124 2363 3315 2437 atque
3347 2354 3790 2417 charismatum

542 2460 859 2521 effusione
898 2456 1489 2534 interpretabuntur
1522 2452 1863 2517 Pbotiani?
1893 2456 2014 2516 Sed
2046 2454 2305 2517 ridendi
2339 2462 2517 2530 sunt,
2554 2472 2683 2519 non
2712 2455 3111 2531 confutandi,
3142 2456 3202 2519 si
3252 2472 3332 2519 eo
3363 2472 3575 2537 usque
3621 2454 3790 2516 insa-

544 2563 719 2624 niant
756 2558 1145 2637 :praasertim
1178 2572 1323 2616 cum
1360 2554 1527 2616 idem
1563 2554 1628 2616 in
1654 2553 1998 2617 Comment.
2075 2554 2145 2614 in
2170 2550 2336 2614 Joel.
2374 2570 2512 2633 cap.
2553 2572 2625 2629 ιι,
2662 2554 2816 2615 satis
2858 2554 3102 2617 indicet
3147 2554 3455 2634 Spiritum
3492 2558 3784 2617 sanctum

544 2664 769 2726 eodem
821 2661 1008 2720 modo
1037 2674 1182 2719 esse
1213 2674 1295 2717 ex
1329 2655 1497 2717 Filio
1536 2655 1728 2717 sicuti
1780 2665 1874 2716 est
1910 2655 1973 2716 in
2020 2653 2189 2732 ipso,
2230 2653 2351 2716 hoc
2386 2662 2483 2717 est
2510 2654 3019 2718 substantialiter
3048 2676 3069 2717 :
3105 2655 3398 2718 absolute
3429 2655 3605 2718 enim
3642 2653 3730 2718 ait
3764 2677 3784 2717 :

548 2764 715 2817 Ἴδιον
738 2758 902 2814 αὑτοῦ
934 2756 1109 2829 (Υἰοῦ)
1139 2773 1221 2819 τε,
1240 2756 1335 2809 καὶ
1359 2757 1415 2809 ὲν
1437 2754 1606 2825 αὐτῷ,
1644 2756 1737 2809 καὶ
1767 2755 1827 2821 ἐξ
1846 2754 2011 2809 αὐτοῦ
2037 2755 2100 2809 τὸ
2128 2755 2203 2808 Πν

2134 2754 2355 2826 [Ινεῦμά
2382 2756 2520 2820 ἐστι,
2559 2756 2869 2835 proprius
2915 2764 3008 2817 est
3035 2765 3094 2818 et
3120 2756 3324 2837 ipsius
3356 2754 3579 2837 (Filii),
3625 2764 3684 2819 et
3717 2756 3789 2821 in

546 2868 709 2939 ipso,
745 2868 800 2920 et
832 2878 911 2920 ex
954 2858 1090 2937 ipso
1116 2864 1205 2917 est
1233 2857 1539 2933 Spiritus.
1568 2855 1690 2918 Sed
1724 2857 2071 2934 quomodo,
2115 2855 2482 2919 beatissime
2518 2855 2783 2935 Cyrille,
2812 2856 3093 2934 Spiritus
3148 2865 3409 2921 sanctus
3440 2867 3534 2922 est
3571 2857 3638 2923 in
3671 2856 3787 2923 Fi-

549 2958 679 3020 lio?
714 2963 999 3031 Καθάπερ.
1041 2957 1411 3036 respondet,
1445 2954 1641 3026 ἀμέλει
1680 2957 1773 3009 καὶ
1804 2957 1891 3009 ἐπ’
1924 2954 2089 3011 αὐτοῦ
2123 2973 2204 3010 vos

2137 2958 2325 3011 νοεῖται
2372 2956 2466 3011 τοῦ
2500 2955 2637 3012 Θεοῦ
2670 2955 2767 3010 καὶ
2800 2956 3037 3029 Πατρός,
3058 2958 3566 3040 quemadmodum
3620 2960 3792 3025 eide-

552 3060 697 3121 licet
734 3060 803 3121 in
851 3060 988 3137 ipso
1015 3057 1401 3134 intelligitur
1432 3056 1559 3116 Deo
1588 3072 1662 3116 ac
1722 3055 1931 3119 Patre.
1966 3057 2041 3118 Et
2073 3055 2138 3119 in
2172 3056 2596 3136 responsione
2640 3059 2716 3121 ad
2748 3058 3175 3123 Orientalium
3206 3062 3476 3141 objecta,
3500 3063 3579 3126 ad
3616 3061 3791 3125 Ana-

552 3162 1004 3222 thematismum
1066 3160 1127 3231 9,
1184 3157 1417 3232 Filius,
1469 3156 1705 3236 inquit,
1751 3156 1882 3210 ῐδιον
1942 3155 2084 3227 ἔχων
2118 3156 2180 3212 τὸ

2137 3156 2180 3212 ςδ
2226 3158 2286 3225 ἐξ
2322 3158 2512 3223 αὐτοῦ,
2543 3159 2639 3213 καὶ
2682 3158 2961 3224 οὑσιωδῶς
3014 3161 3336 3233 ἐμπεφυκὸς
3383 3163 3534 3235 αὐτῷ
3565 3160 3792 3236 Πνεῦμα

551 3264 728 3329 ἅγιον,
760 3260 1099 3341 proprium
1125 3257 1305 3321 habet
1343 3274 1505 3330 eum,
1558 3258 1669 3336 qui
1707 3277 1787 3319 ea:
1834 3258 1971 3336 ipso
2015 3268 2130 3332 est,
2172 3267 2233 3319 et
2286 3258 2795 3322 substantialiter
2813 3263 2869 3323 ei
2902 3261 3099 3336 inest,
3136 3261 3790 3342 Spiritumsanctum.

555 3364 696 3426 Pari
765 3362 953 3422 modo
1025 3359 1138 3421 lib.
1192 3375 1385 3419 xxxrv
1438 3358 1743 3419 Thesauri
1806 3358 1885 3420 de
1944 3360 2173 3420 eodem

2141 3375 2173 3419 n
2234 3359 2478 3439 Spiritu
2533 3368 2754 3422 sancto
2796 3360 2885 3425 ait
2923 3383 2939 3422 :
2976 3361 3196 3431 Πρόιισι
3226 3362 3285 3416 δὲ
3338 3363 3403 3419 ἐκ
3442 3365 3658 3432 “acpbe
3693 3364 3796 3422 καὶ

552 3462 707 3519 Υιοῦ.
741 3458 1161 3538 Progreditur
1198 3466 1403 3517 autem
1437 3475 1516 3518 ea:
1547 3456 1738 3519 Patre
1771 3464 1832 3517 et
1887 3456 2057 3518 Filio
2076 3478 2096 3525 ;
2130 3465 2193 3520 et
2226 3474 2308 3520 ne
2339 3439 2485 3537 quis
2516 3458 2597 3519 de
2628 3458 3087 3538 progressione
3132 3460 3473 3539 temporali
3502 3459 3627 3526 hoc
3684 3462 3793 3528 in-

553 3565 819 3641 telligat,
867 3560 1085 3621 subdit
1115 3574 1263 3620 eum
1287 3557 1387 3626 τῆς
1418 3557 1570 3620 θείας
1588 3553 1726 3611 εἶναι
1756 3556 1968 3621 οὐσίας,
1998 3558 2208 3611 οὐσιωδι

2143 3558 2272 3622 οδῶς
2299 3560 2356 3611 ὲν
2381 3558 2520 3629 αὐτῇ
2544 3558 2639 3613 καὶ
2660 3558 2723 3625 ἐξ
2748 3559 2920 3629 αὐτῆς
2945 3561 3156 3632 προῖόν,
3188 3561 3430 3624 Ι)ἰυίηο
3457 3580 3587 3625 esse
3646 3563 3798 3631 sub-

552 3664 825 3735 stantia,
863 3668 932 3719 in
955 3660 1096 3736 ipsa
1120 3665 1177 3718 et
1199 3674 1275 3718 ea:
1302 3656 1442 3734 ipsa
1460 3653 1962 3734 progredientem
1993 3675 2014 3716 :
2044 3663 2113 3717 ut
2146 3654 2414 3735 perinde
2452 3655 2698 3736 Cyrillo
2727 3658 2812 3719 sit
2837 3674 2982 3721 esse
3042 3674 3120 3720 ex
3151 3658 3331 3721 Patre
3369 3667 3433 3723 et
3483 3660 3670 3739 Filio,
3724 3680 3801 3729 ac

556 3782 634 3826 ex
673 3760 1026 3823 substantia
1070 3757 1270 3818 Patris
1311 3765 1371 3817 et
1401 3756 1575 3818 Filii.
1606 3756 1761 3830 Quis
1792 3773 1963 3819 same
1997 3756 2232 3819 mentis
2265 3757 2384 3820 hoc
2439 3756 2518 3820 ad
2555 3759 3003 3839 temporariam
3054 3760 3335 3841 Spiritus
3369 3763 3569 3824 sancti
3622 3763 3791 3828 επιε-

555 3865 806 3927 sionem
862 3861 1120 3924 trahat?
1147 3861 1263 3922 Par
1319 3858 1469 3920 huic
1501 3869 1601 3920 est
1647 3859 1822 3938 quod
1857 3860 2083 3921 eodem
2113 3858 2205 3922 lib

2142 3859 2281 3924 ibro
2310 3862 2398 3923 ait
2437 3879 2453 3918 :
2504 3860 2594 3915 Ἐν
2623 3861 2775 3933 αὑτῷ
2802 3861 3069 3934 (Χριπῳ)
3103 3862 3197 3915 καὶ
3238 3860 3302 3929 ιε
3343 3862 3513 3920 αὐτοῦ
3552 3864 3797 3934 φυσικῶς

556 3964 797 4035 ὑπάρχον
823 3962 881 4015 τὸ
920 3959 1162 4032 Πνεῦμα,
1186 3960 1255 4021 in
1284 3959 1422 4038 ipso
1456 3958 1751 4038 (Christo)
1778 3965 1836 4020 et
1856 3976 1937 4020 ex
1965 3960 2103 4037 ipso
2128 3980 2211 4022 na

2148 3963 2513 4025 saturatiter
2542 3964 2794 4027 exsistit
2819 3964 3104 4044 Spiritus
3128 3975 3428 4037 sanctus,-
3451 3981 3514 4032 et
3541 3990 3558 4029 :
3601 3979 3803 4048 ’Δνάτ-

553 4092 623 4144 κη
666 4074 727 4127 τὸ
778 4070 1001 4143 Πνεῦμα
1033 4070 1132 4139 τῆς
1168 4069 1358 4132 οὐσίας
1391 4068 1678 4139 ὁμολογεῖν
1710 4069 1807 4123 τοῦ
1868 4066 2030 4133 Υἱοῦ,
2057 4070 2133 4134 ὡς
2160 4071 2270 4142 γὰρ
2317 4071 2378 4138 ἑξ
2407 4072 2574 4127 αὐτοῦ
2612 4073 2757 4127 κατὰ
2788 4073 2950 4142 φύσιν
2977 4073 3243 4146 ὑπάρχον,
3274 4086 3519 4131 necesse
3569 4078 3660 4132 est
3698 4072 3803 4153 [a-

555 4168 679 4229 tcri
721 4166 1033 4245 Spiritum
1057 4171 1341 4222 sanctum
1371 4180 1497 4222 esse
1536 4160 1804 4243 ejusdem
1831 4181 1971 4223 cum
1993 4163 2164 4226 Filio
2199 4163 2569 4228 substantia
2592 4187 2613 4228 :
2638 4184 2783 4228 nam
2811 4176 2884 4229 ut
2936 4186 3017 4228 ex
3040 4170 3182 4248 ipso
3211 4171 3596 4234 naturaliter
3628 4173 3804 4235 easi-

554 4282 747 4342 stens,
781 4278 902 4330 etc.
940 4266 1020 4345 (a)
1053 4264 1301 4326 Similia
1325 4262 1509 4325 habet
1546 4264 1800 4343 dialogo
1824 4282 1869 4338 ι,
1906 4265 1997 4326 De
2012 4267 2189 4328 Trin.
2225 4268 2302 4327 Et
2331 4265 2399 4328 in
2432 4266 2772 4331 Comment.
2814 4269 2883 4328 in
2907 4268 3216 4329 Joannem
3234 4276 3344 4343 ait,
3379 4288 3531 4335 eum
3564 4289 3601 4335 a
3629 4273 3801 4337 Filio

556 4369 699 4429 κατὰ
726 4369 887 4437 φύσιν
917 4364 1261 4437 προχεῖσθαι,
1288 4364 1632 4424 secundum
1661 4376 1979 4437 naturam,
2022 4381 2137 4427 seu
2168 4381 2211 4426 η

2168 4366 2555 4428 naturaliter
2577 4364 2914 4448 profundi.
2967 4366 3265 4448 Denique
3298 4377 3366 4433 nt
3392 4380 3619 4437 ctetera
3654 4391 3803 4455 quas

559 4474 756 4541 multa
812 4479 987 4543 sunt,
1050 4466 1419 4531 testimonia
1453 4474 1851 4544 praeteream,
1902 4472 2411 4549 peremptorium
2468 4474 2725 4536 videtur
2764 4492 2908 4537 esse
2946 4474 3109 4539 illud
3164 4477 3339 4558 quod
3381 4478 3575 4543 habet
3613 4477 3800 4540 Com-

558 4585 745 4638 ment.
788 4572 898 4633 lib.
929 4588 989 4642 x,
1024 4571 1091 4630 in
1120 4571 1448 4641 Joannem,
1485 4570 1598 4633 ubi
1632 4578 1968 4651 postquam
2001 4572 2168 4635 dixit
2198 4596 2213 4635 (

2149 4581 2168 4635 t
2198 4575 2277 4636 de
2309 4574 2555 4654 Spiritu
2587 4582 2828 4652 sancto,
2866 4578 3023 4635 Ἔστι
3048 4578 3272 4651 πνεῦμα
3292 4578 3534 4653 Χριστοῦ
3553 4575 3651 4636 καὶ
3676 4578 3804 4648 νοῦς

559 4680 749 4747 αὑτοῦ,
794 4685 879 4733 est
908 4673 1179 4752 spiritus
1202 4672 1442 4735 Christi
1465 4682 1521 4733 et
1547 4690 1713 4732 mens
1740 4672 1947 4753 ipsius
1979 4673 2152 4754 (quae
2183 4675 2282 4737 vel
2310 4674 2444 4738 sola
2478 4676 2667 4738 verba
2698 4679 2853 4741 satis
2875 4696 3021 4743 esse
3051 4680 3363 4745 deberent
3387 4683 3471 4745 ad
3500 4689 3802 4746 astruen-

561 4776 703 4837 daui
748 4777 1039 4857 ejusdem
1070 4792 1103 4837 a
1139 4774 1305 4836 Filio
1338 4773 1816 4853 processionem
1857 4798 1872 4837 :
1905 4778 2231 4855 quomodo
2266 4778 2443 4841 enim
2490 4796 2660 4840 mens
2689 4780 2821 4862 ejus
2861 4791 2982 4857 est,
3032 4782 3090 4845 si
3118 4782 3201 4845 ab
3249 4783 3393 4861 ipso
3434 4799 3568 4847 non
3613 4784 3805 4863 θείη,

564 4877 750 4957 paulo
808 4889 945 4958 post
975 4876 1246 4939 subdit:
1292 4876 1378 4941 Ὠς
1414 4876 1630 4946 πνεῦμα
1686 4875 1873 4942 αὑτοῦ,
1922 4878 2219 4950 adedit-apd

2155 4878 2404 4951 ράρτίως
2453 4880 2784 4951 εἰρήκαμεν,
2833 4881 2932 4935 καὶ
2983 4881 3140 4948 εἰδὼς
3182 4884 3482 4949 ἀδιδάκτως
3536 4886 3810 4942 πάντατὰ

563 4988 775 5061 (αὐτοῦ)
816 4990 874 5055 ἐξ
909 4980 971 5041 οὗ
996 4988 1089 5042 καὶ
1129 4989 1185 5041 ἰν
1212 4980 1368 5058 ᾧπέρ
1396 4986 1532 5053 ἑστι,
1556 4984 1625 5039 τὰ
1661 4985 1780 5039 θεῖα
1806 4987 1919 5049 τοῖς
1954 4986 2131 5056 ἁγίοις
2177 4989 2218 5043 ἂι

2177 4987 2553 5043 ἀποκαλύπτει
2580 4990 2875 5062 μυστήρια,
2905 4992 3200 5063 tanquam
3242 4983 3527 5063 Spiritus
3576 4983 3807 5064 ipsius,

560 5086 660 5146 uti
689 5082 866 5145 modo
898 5085 1271 5155 dicebamus,
1302 5094 1363 5145 et
1397 5091 1465 5142 ut
1494 5098 1894 5159 cognoscens,
1926 5084 2165 5144 nemine
2195 5083 2479 5159 docente,
2512 5085 2719 5145 omnia
2748 5104 2882 5165 qua
2906 5095 3055 5147 sunt
3083 5086 3241 5168 ejus,
3265 5105 3346 5149 ea:
3365 5105 3487 5169 quo
3513 5089 3663 5151 etin
3688 5102 3811 5168 quo

565 5197 678 5261 est,
708 5188 923 5248 divina
956 5187 1190 5247 sanctis
1250 5185 1546 5263 mysteria
1583 5183 1910 5262 patefacit.
1939 5181 2209 5260 Audin’,

2161 5181 2209 5260 ’,
2261 5182 2594 5259 Photiane,
2615 5185 2675 5251 ἐξ
2699 5180 2758 5241 οὗ
2780 5188 2870 5241 καὶ
2900 5188 2959 5241 ιν
2982 5184 3289 5258 ᾧπὲρὲστι.
3314 5206 3398 5251 ex
3439 5207 3561 5270 quo
3624 5198 3683 5250 et
3742 5188 3813 5251 in

563 5309 683 5373 quo
707 5301 795 5353 est
826 5312 845 5360 ;
872 5300 935 5352 et
974 5289 1181 5353 adhuc
1226 5287 1576 5350 sustinebis
1609 5304 1684 5347 ex
1708 5302 1784 5349 eo
1812 5303 1941 5350 non
1972 5304 2137 5363 esse,
2170 5305 2288 5352 seu
2322 5305 2446 5350 non
2491 5294 2835 5370 procedere
2857 5293 2885 5351 ἳ

644 5566 721 5638 (a)
751 5567 923 5632 Quam
981 5565 1377 5639 rectaMCyirillo
1417 5565 1757 5639 adversatur
1787 5567 2134 5639 Thcnphyla;
2246 5567 2365 5631 τοῦ,
2418 5569 2677 5637 συγγενὲς
2727 5569 2857 5637 γὰρ.
2919 5569 3126 5623 Dicitur
3179 5565 3414 5637 Spiritus
3440 5564 3673 5639 Christi,
3712 5584 3816 5623 non

569 5634 716 5710 ctus,
748 5641 881 5710 (tuin
910 5653 1064 5710 nunt.
1102 5634 1164 5710 IY
1199 5634 1274 5689 siit
1308 5657 1322 5691 :
1355 5638 1587 5710 Λέγεται
1607 5637 1845 5710 ,Πνεῦμα
1877 5634 2137 5707 Χρισῖιοῦ,

2247 5641 2374 5707 quia
2403 5654 2467 5693 ex
2500 5634 2617 5708 ipso
2644 5634 2901 5709 proﬂuit;
2935 5642 3025 5694 setl
3054 5640 3181 5710 quia
3208 5634 3456 5710 proprius
3502 5638 3649 5695 illius
3699 5650 3777 5693 est
3797 5678 3814 5705 ,

567 5709 688 5767 ἀλλ’
720 5709 820 5778 οὐχ
855 5707 929 5771 ὡς
962 5706 1020 5772 ἐξ
1050 5708 1259 5760 ἐκείνου
1307 5708 1517 5778 προϊὸν,
1568 5707 1685 5761 ἀλλ’
1714 5706 1789 5771 dt:
1812 5706 2010 5762 οἰκεῖον
2038 5710 2138 5762 αὖ·

1150 5708 1259 5760 ίνου
1307 5708 1517 5778 προϊὸν,
1568 5707 1685 5761 ἀλλ’
1714 5706 1789 5771 dt:
1812 5706 2010 5762 οἰκεῖον
2038 5710 2138 5762 αὐ-
2248 5706 2501 5779 cognatus
2524 5706 2672 5765 enim
2703 5706 2799 5764 ett.
