4192 6294
364 246 469 311 457
1225 248 1301 308 ΙΝ
1343 250 1778 322 ΒΕΟΙΙΕΝΤΙᾹ
1817 251 2397 314 THEOPHYLACTI
2429 255 2764 316 SCRIPTA.
3516 248 3624 313 Αἱδῆ

448 358 509 419 ὃ.
550 356 815 418 Sanctus
849 355 1307 447 Basilins‘limc
1359 360 1542 421 habet
1592 360 1696 423 lib.
1755 379 1824 422 ιιι
1883 372 2103 421 contra

1970 372 2107 421 utra
2163 362 2543 424 Eunomium
2581 386 2598 422 :
2669 373 2963 443 ’Λξιὼματι
3007 372 3108 442 μὲν
3164 371 3506 445 δευτερεύειν
3543 371 3625 443 (τὺ

371 456 621 528 Πνεῦμα)
657 457 938 521 τοῦ-Υἱοῦ,
975 458 1103 531 napi
1127 459 1292 513 αὑτοῦ
1320 459 1380 513 τὸ
1411 455 1549 514 εἶναι
1604 463 1749 530 ἕχον,
1800 464 1895 517 καὶ
1949 479 2026 516 πα

1968 463 2082 533 rap'
2115 464 2279 517 αὖτοῦ
2318 464 2620 534 λαμϐάνον,
2654 469 2748 521 καὶ
2786 465 3123 536 ἁναγγέλλον
3151 469 3286 538 ἡμῖν
3350 466 3443 521 καὶ
3489 467 3623 522 ὅλως

372 561 472 630 τῆς
516 561 695 624 αἰτίας
725 563 939 632 ἐκείνης
969 563 1276 634 ἐξημμένον
1304 563 1674 633 παραδίδωσιν
1729 564 1860 626 ἴσως
1887 565 1918 617 ὁ
1940 565 2027 616 sua

1976 565 2226 630 ὑσεϐεὲας
2270 566 2449 635 λόγος,
2476 559 2790 637 Spiritum
2845 570 3129 620 sanctum
3179 558 3489 637 dignitate
3535 577 3631 617 se-

370 657 649 721 cundum
686 677 814 720 esse
843 678 880 718 α
905 656 1104 733 Filio,
1140 668 1212 719 ut
1247 662 1361 739 qui
1391 678 1517 719 esse
1548 658 1764 720 abillo
1799 658 2047 733 habeat,
2082 667 2141 719 et
2179 661 2256 720 ab
2298 663 2437 739 ipso
2466 662 2766 734 accipiat.
2797 671 2855 720 et
2884 662 3136 721 omnino
3169 680 3251 722 ea:
3296 660 3411 722 illa
3438 678 3629 721 causa

367 758 662 841 pendeat,
677 759 935 837 pietatis
965 776 1162 819 sermo
1191 761 1462 837 fortasse
1494 758 1715 822 tradit.
1738 762 1830 821 En
1846 777 2037 840 quam
2067 758 2235 822 clare
2256 762 2526 839 Magnus
2548 760 2825 822 Basilius
2842 760 3071 840 dogma
3097 760 3467 822 Latinorum
3503 767 3629 821 tra-

374 864 832 943 dit.Equidem
852 865 1103 924 Marcus
1131 862 1498 941 Ephesinus
1524 863 1588 925 in
1621 862 1899 927 concilio
1923 863 2325 935 Florentino,
2346 880 2493 926 cum
2525 879 2653 925 non
2683 863 2861 924 aliud
2896 862 3070 943 quod
3102 861 3177 924 ad
3207 862 3474 925 evidens
3507 860 3629 923 hoc

379 963 803 1041 responderet
833 962 1304 1038 testimonium,
1340 963 1433 1025 illi
1466 972 1862 1044 suppeteret,
1901 979 2128 1044 magna
2180 961 2597 1025 contentione
2636 960 2969 1034 sustinuit,
3003 968 3247 1023 textum
3296 960 3470 1022 hunc
3511 960 3628 1023 fal-

376 1076 589 1130 satum
625 1075 684 1128 et
722 1067 1176 1143 interpolatum
1210 1083 1377 1130 esse.
1409 1069 1529 1131 Sed
1568 1075 1806 1147 Quanta
1842 1069 2117 1149 injuria!
2154 1070 2335 1142 Nam,
2379 1075 2450 1130 ut
2482 1071 2766 1131 Joannes
2796 1069 3014 1149 Niger,
3046 1068 3161 1148 qui
3195 1066 3360 1130 illud
3390 1068 3627 1130 attule-

328 1184 339 1194 '
381 1182 502 1243 rat,
548 1172 840 1250 regessit,
876 1173 1079 1234 codex
1115 1172 1286 1234 unde
1316 1172 1737 1251 depromptus
1776 1182 1898 1246 est,
1957 1175 2220 1250 optima)
2251 1180 2419 1235 nolm
2451 1179 2611 1245 erat,
2664 1170 3228 1250 Constantinopoli
3257 1187 3291 1233 a
3320 1171 3630 1232 cardinali

377 1269 985 1344 Cusanoadvectus,
1015 1271 1078 1332 in
1114 1269 1527 1343 membranis,
1553 1269 1877 1331 sexcentis
1898 1277 2047 1332 ante
2076 1269 2425 1332 concilium
2450 1268 2897 1332 Florentinum
2918 1269 3132 1343 annis,
3167 1269 3459 1348 adeoque
3483 1278 3633 1332 ante

377 1382 677 1436 exortum
709 1374 962 1457 Graecos
994 1373 1164 1434 inter
1189 1388 1261 1434 ac
1299 1373 1558 1435 Latinos
1599 1373 1714 1434 hac
1745 1375 1826 1433 de
1886 1389 1955 1433 re
1980 1371 2360 1446 dissidium,
2417 1378 2737 1435 exaratus.
2771 1370 2952 1433 Unde
2992 1386 3147 1449 ergo
3197 1371 3634 1451 corruptionis

378 1475 674 1553 suspicio
700 1477 729 1535 ?
758 1474 877 1535 Sed
909 1474 1125 1551 plures
1155 1474 1413 1536 codices
1456 1474 1538 1535 ita
1562 1490 1689 1543 non
1721 1471 1981 1547 habent,
2013 1473 2379 1551 opponebat
2408 1471 2799 1550 Ephesinus.
2829 1471 3003 1545 Quid
3031 1472 3208 1544 inde,
3239 1473 3297 1534 si
3330 1472 3638 1535 vetustio-

377 1594 488 1639 res
518 1583 582 1638 et
614 1584 758 1638 ante
782 1574 1058 1638 scliisma
1092 1574 1433 1653 conscripti
1472 1582 1715 1637 textum
1750 1582 1819 1636 ut
1867 1573 2206 1637 attulimus
2239 1575 2620 1637 exhibeant?
2659 1575 2786 1636 Alii
2839 1593 3014 1650 vero,
3054 1595 3449 1659 quocunque
3505 1593 3636 1641 nu-

381 1691 567 1736 mero
593 1675 744 1749 sint,
772 1691 803 1736 a
831 1673 1153 1737 Photianis
1182 1667 1393 1753 potius
1408 1677 1547 1737 data
1563 1691 1755 1753 Opera
1785 1675 2072 1751 corrupti
2094 1675 2354 1735 dicendi
2398 1680 2576 1748 sunt,
2609 1690 2687 1737 eo
2714 1676 2949 1757 majore
2984 1676 3430 1753 fundamento,
3461 1683 3638 1760 quod

379 1785 536 1839 sunt
563 1794 790 1840 omnes
822 1783 964 1855 post
994 1782 1290 1839 exortum
1319 1776 1597 1840 schisma
1619 1776 1920 1847 confecti,
1955 1785 2015 1837 et
2052 1775 2115 1837 in
2167 1776 2501 1838 nonnullis
2547 1777 2739 1840 verba
2783 1778 3062 1856 dogmati
3098 1788 3318 1841 nostro
3361 1780 3641 1844 faventia

378 1874 593 1938 cultro
627 1891 804 1937 erasa
829 1874 1231 1953 deprehensa
1279 1882 1453 1936 sunt.
1489 1874 1692 1945 Adde,
1755 1880 2001 1936 textum
2040 1871 2235 1947 hunc,
2272 1881 2457 1951 prout
2502 1889 2537 1935 a
2577 1872 2762 1947 nobis
2788 1874 3075 1948 all‘ertur,
3113 1874 3273 1936 nihil
3306 1871 3642 1940 continere

380 1977 559 2056 quod
600 1993 745 2037 cum
781 1975 1053 2054 reliquis
1085 1976 1296 2054 Magni
1334 1974 1555 2037 Basilii
1590 1976 1782 2037 dictis
1810 1982 2049 2053 pugnet
2088 1989 2103 2032 :
2145 1982 2384 2053 pugnat
2428 1980 2671 2044 autem,
2703 1983 2831 2035 uta
2868 1975 3199 2038 Photianis
3251 1977 3513 2055 legitur.
3551 1982 3642 2042 Ita

381 2077 561 2139 enim
595 2079 817 2157 legunt
845 2076 969 2148 illi.
1004 2085 1073 2140 ut
1109 2093 1519 2157 consequens
1564 2076 1753 2149 foret,
1808 2093 1955 2139 cum
1991 2077 2263 2139 dubium
2296 2075 2587 2145 haesisse,
2616 2095 2697 2139 an
2721 2079 3000 2154 Spiritus
3029 2089 3289 2142 sanctus
3324 2084 3642 2145 dicendus

381 2178 467 2239 sit
502 2178 835 2240 secundus
865 2177 1181 2257 dignitate
1210 2195 1246 2239 a
1291 2179 1459 2239 Filio
1492 2188 1554 2240 et
1584 2195 1616 2238 a
1651 2179 1829 2239 Patre
1862 2177 2092 2238 tertius
2120 2199 2135 2238 :
2166 2192 2312 2238 cum
2353 2184 2562 2238 tamen
2601 2177 3006 2254 exploratum
3038 2179 3143 2255 sit,
3180 2181 3389 2260 ipsum
3413 2180 3529 2245 hac
3561 2183 3643 2243 de

383 2297 455 2343 re
486 2278 816 2341 dubitasse
852 2295 1223 2359 nunquam;
1249 2278 1777 2359 quandoquidem
1810 2294 1957 2340 cum
1981 2276 2132 2339 aliis
2168 2277 2232 2339 in
2265 2275 2452 2350 locis,
2484 2284 2617 2339 tum
2667 2278 3024 2355 praesertim
3062 2279 3125 2339 in
3162 2281 3284 2343 (ine
3347 2283 3645 2359 epistolm

379 2379 878 2451 trecentesimm,
905 2379 988 2442 ad
1003 2385 1361 2453 canonicos,
1382 2382 1469 2443 ait
1489 2380 1666 2444 nefas
1691 2397 1860 2454 esse,
1891 2379 2506 2459 Spiritumsanctum
2527 2387 2671 2440 ante
2692 2378 2931 2439 Filium
2957 2378 3293 2455 collocare,
3325 2388 3437 2444 aut
3457 2381 3647 2445 aliter

381 2498 579 2564 quam
621 2481 852 2544 ordine
892 2484 1152 2546 tertium
1185 2501 1220 2546 a
1251 2486 1481 2546 Patre‘:
1514 2481 1687 2560 quod
1740 2486 1803 2541 et
1842 2480 1955 2541 alii
1998 2482 2212 2541 Patres
2249 2478 2636 2540 docuerunt.
2684 2477 3042 2540 lnsititium
3075 2479 3275 2560 igitur
3316 2493 3410 2542 est
3478 2483 3640 2544 illud

382 2593 542 2667 ιπως.
566 2583 862 2664 fortasse,
891 2590 1063 2664 quod
1097 2591 1239 2665 post
1269 2592 1658 2664 παραδίδωσιν,
1699 2581 1924 2656 tradit,
1954 2582 1973 2641 i
1985 2597 2037 2660 p1

1988 2581 2079 2660 psi
2105 2579 2350 2659 legunt.
2382 2581 2501 2641 Sed
2522 2582 2575 2643 si
2605 2579 2725 2643 hoc.
2749 2588 2952 2643 ratum
2982 2581 3399 2657 liabeatur,ut
3426 2582 3643 2651 haberi

388 2687 614 2762 procul
649 2688 846 2749 duhio
882 2686 1099 2761 debet,
1128 2683 1226 2746 vel
1268 2701 1344 2747 ex
1369 2682 1491 2746 hoc
1511 2682 1726 2746 solum
1768 2682 2209 2745 verosimilius
2243 2681 2331 2749 ﬁt.
2366 2689 2775 2744 controversa
2810 2682 2999 2743 verba
3053 2695 3205 2743 eum
3265 2682 3596 2744 addidisse
3625 2700 3646 2752 ;

308 2798 311 2799 '
385 2801 533 2845 cum
571 2788 666 2849 vel
713 2806 791 2850 ex
838 2787 958 2848 hoc
1015 2784 1156 2849 solo
1184 2784 1419 2847 invicte
1449 2786 1928 2846 demonstretur
1982 2781 2126 2863 ejus
2162 2782 2484 2844 sententia
2518 2780 2725 2843 fuisse
2757 2781 3068 2859 Spiritum
3094 2787 3387 2843 sanctum
3419 2781 3577 2843 item
3607 2794 3646 2841 tl

393 2885 559 2948 Filio
600 2890 989 2966 procedere:
1025 2901 1154 2947 non
1186 2884 1362 2947 enim
1398 2883 1528 2946 ulla
1555 2883 1772 2946 divina
1811 2899 2087 2962 persona
2128 2899 2272 2945 esse
2330 2890 2540 2961 potest
2592 2882 2877 2945 secunda
2942 2884 3038 2946 vel
3095 2884 3281 2947 tertia
3312 2893 3487 2960 τάξει,
3534 2901 3644 2945 or—

386 2984 1000 3059 dine.vel.a.=,ubuau,
1034 2985 1368 3066 dignitate,
1399 2987 1480 3048 ab
1510 2984 1659 3058 alia,
1694 2986 1818 3046 nisi
1851 2986 1930 3046 ab
1961 2985 2098 3064 ipsa
2133 2985 2434 3064 procedat
2470 3001 2483 3043 :
2521 3000 2677 3046 sane
2710 2998 2838 3047 non
2875 2984 3075 3049 alium
3105 2986 3402 3049 ordinem
3433 2987 3495 3048 in
3536 2987 3640 3049 di-

387 3083 566 3150 vinis
586 3077 954 3168 agnoscunt
991 3086 1285 3151 catholici
1318 3086 1611 3150 doctores
1635 3094 1696 3148 et
1724 3088 1961 3148 Patres.

469 3192 535 3254 ϐ.
571 3192 634 3254 S.
670 3186 1059 3253 Athanasms
1098 3189 1165 3251 in
1188 3187 1350 3250 libro
1399 3188 1489 3267 De
1510 3188 1779 3249 humana
1799 3196 2034 3247 natura
2060 3196 2351 3265 suscepta
2380 3186 2493 3257 ait,
2527 3186 2766 3248 Filium
2790 3204 2934 3251 esse
2962 3197 3150 3272 πηγὴν
3169 3197 3264 3251 τοῦ
3295 3199 3451 3267 ἁγίου
3476 3199 3649 3253 nus-

393 3319 590 3377 ματος,
615 3290 851 3374 fontem
896 3291 1186 3370 Spiritus
1236 3290 1462 3350 sancti.
1515 3288 1614 3350 Sic
1650 3296 1712 3350 et
1767 3286 1876 3349 alii
1940 3288 2153 3349 Patres
2198 3286 2429 3348 Grmci.
2491 3286 2748 3349 Certum
2798 3296 3015 3352 autem
3058 3297 3157 3352 est
3218 3290 3388 3367 apud
3427 3291 3647 3353 Patres

387 3405 602 3476 «πηγὴν,
640 3395 901 3473 fontem,
937 3390 1202 3467 perinde
1229 3407 1373 3453 esse
1410 3402 1481 3452 ac
1512 3398 1709 3460 atziov,
1751 3387 2039 3466 principi

1995 3387 2165 3447 tium.
2199 3388 2416 3460 Quare
2447 3395 2510 3450 et
2544 3387 2932 3451 Athanasius
2955 3388 3095 3466 ipse
3125 3396 3285 3451 orat.
3330 3408 3399 3461 ιι,
3425 3397 3650 3454 contra.

392 3498 672 3561 Arianos
729 3497 975 3556 Patrem
1032 3498 1209 3554 vocat
1242 3489 1448 3561 πηγὴν,
1480 3490 1717 3570 fontem
1771 3486 1922 3548 Filii
1951 3502 1966 3559 ;
2000 3493 2065 3547 et
2099 3486 2378 3548 Basilius
2413 3489 2710 3550 eumdem
2742 3488 2989 3550 Patrem
3023 3507 3167 3552 esse
3187 3490 3342 3551 dicit
3374 3500 3532 3569 ῥίζαν
3555 3501 3653 3555 καὶ

395 3595 918 3674 πηγὴνθπάἰρειη
955 3602 1010 3654 ct
1037 3595 1296 3673 fontem,
1327 3591 1604 3671 Spiritus
1636 3588 1864 3651 sancti.
1896 3586 2070 3648 Idem
2103 3590 2165 3649 S.
2194 3590 2373 3650 Pater
2431 3589 2499 3650 in
2532 3589 2721 3667 epist.
2756 3589 2839 3655 ad
2864 3591 3407 3669 Serapionem,ait
3439 3595 3645 3673 Spiri-

399 3709 539 3761 tum
570 3706 857 3760 sanctum
890 3696 1021 3750 ῐδιον
1040 3692 1181 3749 εἶναι
1204 3695 1325 3749 κατ’
1358 3691 1546 3747 οὐσίαν
1568 3689 1661 3746 τοῦ
1678 3689 1836 3753 Υξοῖδ,
1862 3705 2054 3767 propr

1998 3687 2199 3766 prium
2228 3708 2357 3751 esse
2385 3687 2725 3751 secundum
2754 3689 3172 3753 substantiam
3200 3694 3392 3762 Filii;
3421 3711 3499 3757 ex
3519 3712 3653 3774 quo

399 3801 589 3883 plane
620 3804 1066 3881 consequitur,
1105 3817 1255 3862 eum
1298 3806 1516 3863 nostro
1575 3795 1860 3876 dogmati
1894 3790 2267 3865 adhaesisse,
2308 3793 2637 3872 siquidem
2669 3793 2960 3856 oratione
3007 3811 3051 3854 ιι
3084 3793 3286 3873 (juxta
3309 3794 3566 3875 aliquos
3602 3801 3651 3880 ι)

397 3913 625 3987 contra
652 3902 927 3963 Arianos
952 3902 1066 3963 hac
1098 3903 1347 3963 ratione
1380 3889 1605 3978 probat
1633 3895 1873 3959 Filiqu
1909 3910 2051 3956 esse
2085 3911 2164 3956 ex
2194 3896 2330 3955 Deo
2363 3893 2615 3974 (Patre),
2652 3902 2715 3957 et
2748 3897 2811 3957 in
2854 3897 3012 3958 Deo.
3051 3898 3260 3961 Verba
3284 3900 3427 3979 ejus
3455 3909 3647 3963 sunt:

410 4013 635 4084 Ἐπειδὴ
682 4014 791 4083 γὰρ
817 4015 844 4068 ό
893 4012 1064 4079 Λόγος
1131 4014 1278 4067 ἐστὶν
1313 4012 1445 4074 ἴδιος
1489 4010 1782 4080 φύσει-τῆς
1825 4013 2014 4077 οὐσίας
2079 4008 2167 4064 τοῦ
2194 4009 2353 4069 Θεοῦ,
2384 4007 2445 4072 ἐξ
2476 4007 2645 4062 αὑτοῦ
2666 4011 2724 4063 τέ
2748 4010 3015 4077 ἔστινκαὶ
3041 4012 3102 4066 ἐν
3127 4013 3301 4086 αὐτῷ.
3341 4005 3654 4081 Quoniam

397 4106 606 4183 iqitur
635 4104 896 4165 Verbum
919 4105 1259 4183 proprium
1290 4112 1377 4164 est
1407 4113 1643 4165 natura
1667 4102 2034 4164 substantia:
2060 4103 2198 4172 Dei.
2241 4111 2295 4162 et
2330 4118 2410 4161 ex
2434 4101 2572 4178 ipso
2608 4112 2720 4175 est,
2756 4113 2812 4163 et
2830 4105 2899 4162 in
2932 4102 3094 4180 ipso.
3135 4105 3256 4166 Sed
3322 4104 3651 4167 Athanasii

402 4223 587 4270 mens
615 4206 820 4285 adhuc
850 4204 1090 4266 clarius
1130 4204 1514 4282 perspicitur
1543 4223 1619 4265 es
1648 4220 1727 4265 eo
1757 4206 1929 4283 quod
1965 4204 2232 4264 homilia
2264 4201 2301 4261 ιι
2331 4200 2532 4280 (juxta
2555 4204 2808 4263 Graecos
2840 4201 2901 4282 3)
2934 4213 3162 4264 contra
3214 4206 3488 4267 Arianos
3508 4207 3598 4269 ait
3635 4229 3651 4268 :

398 4303 571 4375 Λῦτδς
611 4308 782 4379 (Υἱὸς)
830 4307 961 4377 γὰρ,
1002 4306 1189 4377 ὥσπερ
1218 4306 1541 4378 εἰρηται,τδ
1577 4306 1799 4374 Πνεῦμα
1842 4304 2024 4357 δίδωτι
2056 4319 2071 4334 υ
2111 4304 2203 4355 καὶ
2242 4303 2343 4355 5:1
2404 4303 2520 4371 ἔχει
2548 4303 2609 4355 τὸ
2657 4304 2901 4382 malim,
2942 4306 3118 4358 ταῦτα
3175 4307 3327 4376 παρὰ
3347 4308 3439 4361 τοῦ
3464 4306 3645 4375 Λόγου

399 4407 539 4478 ἔχει,
576 4402 710 4481 ipse
739 4402 897 4462 enim
927 4399 1207 4479 (Filius),
1238 4409 1305 4460 ut
1336 4398 1573 4460 dictum
1614 4407 1727 4469 est,
1767 4396 1875 4458 dat
1906 4398 2217 4476 Spiritum
2267 4404 2586 4463 sanctum,-
2647 4406 2702 4458 et
2744 4415 3116 4478 quacunque
3146 4400 3328 4461 habet
3368 4402 3653 4482 Spiritus

402 4513 686 4574 sanctus,
738 4520 812 4561 ea
858 4520 897 4560 a
955 4498 1149 4560 Verbo
1218 4499 1480 4577 accipit.
1515 4498 1670 4559 Cum
1724 4496 1878 4558 "vero
1915 4497 2191 4573 Spiritus
2248 4503 2506 4559 sanctus
2566 4496 2634 4557 in
2702 4498 2928 4574 primis
2986 4498 3210 4562 habeat
3269 4508 3553 4567 naturam
3588 4518 3652 4570 et

401 4603 777 4674 essentiam,
845 4601 994 4682 quis
1051 4601 1344 4663 dubitare
1415 4607 1623 4678 potest
1670 4598 1829 4677 quin
1892 4597 2281 4659 Athanasius
2348 4597 2651 4672 senserit,
2720 4598 2885 4660 hanc
2938 4617 3086 4661 eum
3148 4619 3187 4665 a
3248 4605 3416 4668 Fiiio
3469 4594 3653 4672 rece-

400 4705 621 4786 pisse?
656 4714 662 4721 '

482 4810 545 4870 7.
586 4809 648 4870 S.
688 4809 971 4869 Joannes
1002 4805 1525 4883 Chrysostomus,
1550 4820 1665 4864 seu
1697 4803 1867 4871 alius
1892 4809 2186 4866 vetustus
2218 4809 2441 4865 auctor
2472 4802 2758 4867 homilim
2786 4804 2874 4865 De
2907 4806 3344 4869 incarnatione
3372 4809 3652 4887 Domini,
3685 4846 3696 4857 -

399 4926 593 4990 quam
651 4909 1106 4988 Chrysostomo
1159 4907 1385 4969 tribuit
1438 4906 1704 4970 Photius
1760 4908 1903 4969 cod.
1960 4910 2054 4971 27‘

1996 4912 2103 4986 177,
2150 4921 2210 4974 '0
2240 4920 2502 4988 Χριστὸς,
2532 4909 2786 4987 inquit,
2852 4918 3056 4972 ἔδωκεν
3110 4923 3242 4991 ἡμῖν
3272 4923 3334 4975 τὸ
3394 4924 3454 4989 ἐξ
3485 4925 3651 4980 αὐτοῦ

401 5013 649 5084 Πνεῦμα,
683 5012 973 5075 Christus
1000 5007 1169 5068 dedit
1199 5008 1379 5070 nobis
1407 5008 1726 5086 Spiritum
1752 5020 2061 5084 sanctum,
2091 5013 2201 5092 qui
2231 5030 2312 5072 ex
2344 5012 2483 5090 ipso
2515 5018 2631 5070 est.
2687 5013 3069 5074 Anastasius
3119 5014 3386 5088 Sinaita,
3420 5018 3655 5078 Antio-

400 5118 653 5181 chenus
684 5113 1055 5192 episcopus,
1080 5109 1145 5170 in
1174 5108 1381 5189 primo
1412 5110 1501 5170 De
1526 5109 1719 5170 rectis
1747 5108 2055 5188 dogmatib

2003 5112 2140 5172 ibus
2175 5134 2195 5173 :
2228 5107 2339 5174 Κᾶὶ
2372 5121 2480 5191 μὴν
2503 5122 2532 5173 ὀ
2561 5120 2772 5190 Κύριος
2798 5121 3014 5184 δεικνὺς
3038 5122 3171 5176 αὐτὸ
3192 5123 3251 5189 ἐξ
3278 5124 3444 5178 αὐτοῦ
3477 5125 3654 5197 ὑπάρ-

403 5248 542 5305 χειν,
570 5226 831 5299 ἔμφυσιΒύ
855 5226 967 5284 τοῖς
999 5222 1269 5293 μαθηταῖς
1319 5221 1496 5288 ἔλεγε,
1527 5222 1747 5277 Λάϐετε
1776 5224 2019 5293 Πνεῦμα
2043 5230 2058 5279 ι

1991 5241 2019 5277 α
2043 5223 2235 5294 ἅγιον.
2276 5216 2355 5273 At
2392 5231 2538 5274 vero
2593 5214 2899 5275 Dominus
2949 5217 3280 5278 ostendens
3313 5237 3393 5280 e1-
3427 5231 3646 5281 semet-

404 5330 544 5405 ipso
585 5319 899 5401 Spiritum
928 5315 1250 5381 exsistere,
1280 5314 1614 5393 insaf/ians
1645 5312 1979 5393 discipulis
2001 5313 2170 5376 dixit
2202 5334 2220 5375 :
2252 5339 2281 5370 α
2311 5313 2594 5390 Accipite
2629 5312 2944 5391 Spiritum
2978 5326 3304 5377 uinctum.-
3324 5342 3351 5373 λ)
3377 5310 3653 5382 Demum

404 5430 470 5491 S.
507 5427 784 5505 Symeon
810 5418 1268 5498 Metaphrastes
1299 5414 1364 5475 in
1405 5414 1714 5491 Martyrio
1738 5415 1800 5476 S.
1839 5414 2059 5491 Diony:

1997 5415 2130 5491 lysii
2164 5436 2177 5474 :
2213 5422 2286 5475 Τὸ
2319 5422 2759 5492 ἐκπορευόμενον
2791 5424 2959 5476 αὑτοῦ
2990 5424 3217 5495 Πνεῦμα
3274 5428 3368 5481 ἐπὶ
3423 5432 3490 5500 τῇ
3540 5430 3652 5484 τῶν

406 5533 657 5592 ἀπίστων
684 5525 853 5581 iovi»
875 5522 1230 5592 καταπέμπει
1294 5522 1406 5583 τοῖς
1442 5518 1707 5591 μαθηταῖς
1736 5519 1949 5591 ὁδητεᾳν
1982 5513 2061 5575 Ch

1998 5513 2273 5575 Christus
2302 5510 2737 5592 procedentem
2767 5532 2804 5574 a
2830 5532 2893 5574 se
2921 5516 3235 5593 Spiritum
3260 5517 3343 5579 ad
3376 5520 3653 5584 infideles

407 5618 796 5691 deducendas
831 5624 1067 5694 gentes,
1100 5614 1168 5673 in
1193 5609 1543 5689 discipulos
1586 5612 1889 5674 immittit.

762 5724 1034 5785 Ρλτιιοῑ..
1078 5721 1195 5780 Gn.
1242 5716 1495 5793 CXXV.

2668 5797 2687 5813 ε
3206 5719 3278 5779 ιδ
