4192 6294
525 376 637 445 450
1566 385 1947 447 BONIFACII
1984 384 2291 446 FINETTI
2333 381 2727 446 PREFATIO
3678 374 3790 443 460

612 496 908 559 XXXIII.
938 497 1077 561 Alia
1115 500 1300 581 plura
1320 500 1685 563 Graecorum
1720 504 1972 564 Patrum
2006 500 2375 563 testimonia
2417 500 2522 563 hic
2557 516 2712 563 sane
2763 513 3113 579 congerere
3149 511 3430 575 possem,
3460 510 3593 576 quo
3616 511 3783 557 cen-

531 604 705 659 stans
737 598 1113 663 eorumdem
1165 600 1416 662 Patrum
1478 599 1558 662 de
1588 600 1831 679 Spiritu
1882 609 2105 662 sancto
2153 614 2188 661 a
2228 598 2394 660 Filio
2430 600 2815 676 procedente
2848 597 3173 661 sententia
3212 595 3414 675 magis
3446 592 3785 674 magisque

530 696 950 761 elucesceret.
975 700 1101 761 Sed
1133 716 1209 761 ex
1239 696 1541 776 superius
1572 698 1781 760 allatis
1824 700 1980 761 satis
2012 715 2345 777 superque
2376 704 2774 777 compertum
2810 713 2957 760 esse
2978 695 3283 772 arbitror,
3316 711 3510 777 quam
3540 703 3787 759 temere

540 802 1112 883 imprudenterque
1147 803 1486 883 protulerit
1515 803 2033 882 TheOpbylactus
2066 819 2138 865 ea
2165 804 2354 864 verba
2390 825 2405 864 :
2439 801 2707 866 Ostende
2759 800 2942 865 nobis
2971 801 3249 871 Patrem,
3276 806 3398 862 etc.
3423 801 3551 860 Nos
3582 796 3788 859 multo

539 902 769 983 potiori
798 903 943 983 jure
975 910 1035 965 et
1064 903 1280 982 ipsum
1314 901 1865 982 TheOphylactum
1890 910 1951 964 et
1981 908 2215 965 nostrm
2253 902 2458 965 aetatis
2497 900 2843 964 Pbotianos
2882 916 3226 979 provocare
3260 915 3636 980 possumus,
3678 908 3784 956 at-

534 1023 663 1086 que
696 1005 930 1068 iterum
958 1004 1320 1085 iterumque
1351 1014 1678 1085 repetere:
1711 1005 2034 1068 Ostendite
2060 1006 2243 1068 nobis
2279 1006 2732 1081 Patres,etiam
2760 1021 2838 1068 ex
2871 1005 3137 1079 Grmcis,
3163 1004 3275 1083 qui
3308 1011 3453 1065 ante
3480 1001 3786 1062 Photiana

537 1114 823 1185 tempora
850 1106 1090 1168 diserte
1125 1109 1501 1187 negaverint
1555 1107 1865 1185 Spiritum
1916 1114 2209 1171 sanctum
2239 1124 2274 1170 a
2312 1109 2481 1171 Filio
2519 1107 2890 1186 procedere.
2923 1108 3164 1169 Verum
3198 1104 3451 1169 etiamsi
3487 1101 3599 1164 diu
3629 1101 3793 1162 mul-
3830 1142 3837 1149 τ

536 1196 785 1285 tumque
802 1208 1173 1286 fatigentur,
1211 1222 1336 1268 non
1360 1206 1519 1269 alios
1542 1204 1849 1286 profecto,
1877 1206 2097 1288 specie
2129 1207 2370 1289 aliqua,
2405 1207 2759 1286 producere
2781 1216 3055 1288 queunt,
3081 1223 3275 1288 quam
3302 1205 3787 1267 'l‘heodoretum

537 1318 598 1371 et
626 1312 1085 1375 Damasccnum
1119 1327 1433 1391 :quorum
1469 1311 1631 1373 alter
1660 1312 1773 1374 hac
1799 1312 2025 1374 saltem
2054 1313 2118 1375 in
2150 1303 2217 1374 re
2247 1311 2559 1393 probatus
2594 1311 2813 1389 procul
2849 1311 3051 1375 dubio
3083 1326 3211 1373 non
3244 1316 3378 1384 est;
3416 1326 3560 1372 cum
3600 1305 3786 1371 verba

538 1406 726 1470 nobis
757 1409 999 1488 objecta
1026 1410 1089 1472 in
1123 1423 1201 1469 eo
1229 1415 1485 1471 exstent
1521 1407 1743 1472 libello
1767 1425 1962 1489 quem
2000 1426 2112 1488 pro
2141 1411 2440 1473 Nestorio
2467 1408 2672 1472 edidit
2721 1419 2942 1473 contra
2979 1410 3320 1489 Cyrillum,
3354 1409 3602 1488 quique
3634 1426 3789 1486 pru-

540 1516 757 1588 pterea
783 1518 1081 1591 tauquam
1117 1510 1457 1576 haereticus
1498 1510 1580 1571 ab
1607 1510 1889 1572 Ecclesia
1936 1508 2337 1589 proscriptus
2366 1509 2433 1572 in
2471 1510 2698 1592 quinta
2721 1512 2973 1592 synodo
3006 1520 3102 1576 est
3135 1511 3586 1595 (prmterquam
3611 1510 3790 1590 quod

542 1630 671 1677 non
702 1612 913 1675 solum
954 1631 1032 1675 ea:
1065 1614 1261 1687 Filio,
1298 1614 1411 1676 sed
1444 1612 1635 1674 etiam
1693 1628 1812 1690 per
1840 1610 2080 1674 Filium
2106 1627 2277 1685 esse,
2332 1610 2681 1690 inﬁciatur)
2715 1632 2732 1672 :
2763 1613 2926 1676 alter
2959 1631 3132 1686 vero,
3167 1612 3423 1676 tametsi
3466 1613 3694 1675 ductus
3725 1620 3793 1677 et

544 1714 712 1793 pius,
744 1731 888 1776 cum
921 1713 1211 1778 ﬂoruerit
1243 1715 1478 1778 saeculo
1508 1713 1815 1775 duntaxat
1842 1720 2088 1788 octavo,
2123 1710 2498 1777 nullatenus
2550 1720 2647 1777 est
2685 1733 2829 1778 cum
2884 1715 3275 1790 Athanasiis,
3319 1715 3597 1790 Basiliis,
3639 1716 3792 1791 Epi-

544 1818 822 1897 phauiis,
857 1820 1118 1899 Cyrillis
1145 1818 1429 1900 aliisque
1461 1817 1784 1891 Patribus,
1818 1818 1929 1898 qui
1959 1816 2243 1897 dogmati
2269 1826 2488 1881 nostro
2538 1828 2757 1897 aperte
2786 1819 3026 1893 favent,
3079 1819 3460 1882 auctoritate
3523 1832 3789 1896 compa-

545 1921 804 1984 raudus.
839 1923 1008 1997 Quid
1052 1938 1227 1996 vero,
1263 1922 1317 1985 si
1358 1939 1439 1984 ne
1470 1921 1580 1985 ille
1610 1921 1874 2001 quidem
1911 1920 2098 1983 nobis
2136 1922 2347 1999 reipsa
2377 1922 2799 1985 adversetur?
2839 1924 3153 2001 Equidem
3198 1922 3313 1984 lib.
3346 1939 3390 1992 ι,
3419 1921 3502 1982 De
3530 1919 3648 1999 ﬁde
3677 1936 3788 1979 or-

543 2025 847 2100 thodoxa,
880 2044 1018 2106 cap.
1050 2028 1149 2099 11,
1185 2029 1316 2090 haec
1337 2026 1527 2091 habet
1570 2045 1585 2089 :
1617 2036 1722 2090 Τὸν
1760 2034 1823 2090 δὲ
1855 2035 1982 2091 Υἱδν
2009 2034 2183 2090 αἴτιον

2138 2053 2183 2090 ιν
2203 2037 2263 2091 οὐ
2290 2035 2545 2108 λέγομεν,
2572 2028 2811 2091 Filium
2831 2045 2977 2089 vero
3012 2045 3142 2089 non
3178 2023 3446 2088 dicimus
3469 2031 3793 2085 auctorem

542 2148 661 2193 seu
688 2132 1110 2212 principium.
1152 2134 1219 2194 Et
1244 2131 1434 2212 paulo
1465 2141 1648 2213 post:
1689 2142 1784 2198 Ἐκ
1811 2141 1906 2197 τοῦ
1940 2141 2067 2198 Υιοῦ
2100 2141 2197 2197 rbi

2140 2141 2163 2197 δ
2189 2140 2418 2213 Πνεῦμα
2446 2142 2510 2198 οὔ
2540 2142 2797 2216 λέγομεν,
2824 2144 3052 2216 Πνεῦμα
3077 2144 3136 2198 δὲ
3164 2144 3294 2202 Υἱοῦ
3324 2143 3689 2219 ὀνομάζομεν,
3708 2150 3795 2198 ex

541 2231 713 2293 Filio
741 2242 948 2293 autem
975 2233 1289 2313 Spiritum
1321 2253 1449 2296 non
1505 2232 1774 2297 dicimus
1798 2236 1908 2319 (a),
1940 2233 2047 2297 sed
2074 2254 2209 2307 eum
2248 2235 2404 2299 Filii
2430 2236 2750 2316 Spiritum
2782 2256 2865 2299 no
2880 2238 3212 2302 minamur.
3245 2243 3320 2302 Et
3358 2256 3498 2318 cap.
3534 2238 3608 2319 i3
3635 2261 3648 2299 :
3682 2245 3797 2300 Καὶ

548 2329 675 2384 Tia-3
705 2329 761 2385 δὲ
780 2330 840 2384 τὸ
866 2332 1090 2402 ῐῐ.ιεῦμα
1121 2333 1219 2404 οὐχ
1253 2332 1330 2397 ὡς
1351 2335 1409 2402 ἐξ
1433 2335 1622 2403 αὑτοῦ,
1647 2336 1763 2390 ἀλλ’
1797 2336 1871 2401 ὡς
1897 2336 1967 2391 δι’
1996 2334 2165 2392 αὐτοῦ

2141 2334 2165 2390 5
2211 2337 2278 2389 ἐκ
2327 2334 2424 2390 τοῦ
2458 2337 2672 2409 [lat-po;
2717 2339 3156 2411 ἐκπορευόμενον
3182 2356 3197 2370 ο
3237 2340 3399 2413 μόνος
3422 2344 3533 2410 γὰρ
3564 2339 3737 2401 αἴτιος
3764 2339 3796 2391 6

542 2431 758 2503 Πατήρ.
789 2423 910 2486 Sed
939 2434 999 2487 et
1025 2426 1187 2490 Filii
1212 2426 1497 2506 Spiritus
1520 2438 1642 2505 est;
1665 2447 1796 2492 non
1815 2438 2111 2511 tanquam
2140 2448 2220 2493 ea:
2241 2430 2405 2508 ipso,
2448 2430 2556 2492 sed
2583 2430 2749 2511 quod
2771 2450 2884 2511 per
2904 2433 3111 2512 ipsum
3130 2451 3209 2497 ea:
3230 2433 3416 2496 Patre
3443 2434 3791 2514 procedat:

541 2520 715 2585 solus
749 2525 913 2588 enim
941 2525 1138 2589 Pater
1163 2535 1389 2592 auctor
1417 2547 1527 2593 seu
1548 2531 1949 2611 principium
1980 2541 2095 2591 est.

626 2654 923 2718 XXXIV.
960 2656 1096 2719 Non
1130 2658 1527 2735 negaverim,
1570 2658 1756 2719 verba
1790 2657 1928 2722 haec
1960 2660 2146 2725 nobis
2188 2663 2251 2723 in
2287 2662 2568 2741 speciem
2611 2679 2754 2725 esse
2791 2667 3105 2729 contraria
3152 2688 3168 2727 :
3210 2681 3322 2743 pro
3352 2672 3526 2729 certo
3553 2672 3764 2726 tamen

548 2756 886 2830 habemus,
918 2758 1295 2822 Damasceui
1350 2768 1630 2821 mentem
1663 2776 1698 2821 a
1729 2758 2023 2842 dogmate
2073 2764 2248 2844 quod
2297 2774 2557 2826 tuemur
2587 2761 2851 2825 minime
2880 2782 3023 2828 esse
3061 2765 3359 2828 alienam.
3402 2765 3558 2828 Nam
3599 2763 3790 2843 juxta

545 2863 867 2925 diversam
906 2862 1234 2927 notionem
1266 2869 1326 2925 et
1353 2862 1584 2934 ideam,
1610 2880 1752 2943 qua;
1781 2864 2123 2944 subjicitur
2153 2864 2483 2944 particula;
2510 2874 2590 2941 ἐξ,
2622 2883 2721 2932 ex,
2755 2872 2820 2928 et
2868 2866 3119 2930 nomini
3149 2875 3342 2942 αἴτιος,
3369 2865 3795 2945 principium,

548 2961 647 3026 vel
681 2961 976 3027 aﬂirmari
1026 2973 1255 3044 potest,
1291 2965 1391 3028 vel
1426 2966 1618 3027 etiam
1681 2966 1921 3046 negari,
1954 2983 2100 3030 cum
2131 2967 2438 3045 Spiritum
2503 2974 2794 3031 sanctum
2854 2985 2998 3032 esse
3035 2987 3112 3033 ex
3164 2970 3359 3042 Filio,
3387 2978 3523 3030 tum
3558 2966 3795 3030 Filium

551 3074 752 3145 αἴτιον,
771 3066 1172 3148 principium
1202 3084 1345 3131 esse
1376 3067 1656 3148 Spiritus
1684 3067 1911 3131 sancti.
1947 3070 2100 3132 Nam
2132 3069 2186 3132 si
2217 3069 2341 3130 vim
2373 3066 2640 3131 istiusce
2676 3070 2849 3131 vocis
2880 3069 3208 3151 inspicias,
3229 3072 3355 3135 duo
3388 3070 3519 3132 hair.
3541 3065 3797 3147 signiti-

546 3176 667 3244 cat,
701 3169 946 3232 scilicet
981 3185 1122 3231 esse
1161 3170 1458 3248 primum,
1500 3175 1562 3231 et
1585 3185 1728 3231 esse
1758 3185 2014 3232 causam
2047 3166 2336 3241 alterius,
2368 3168 2813 3248 cujuscunque
2836 3169 2918 3233 sit
2947 3170 3202 3250 generis
3238 3187 3454 3235 causa.
3484 3173 3602 3234 Sed
3642 3181 3702 3237 et
3732 3177 3801 3234 τδ

544 3273 821 3353 primum
841 3272 1113 3350 spectari
1151 3271 1497 3349 dupliciter
1529 3278 1779 3351 potest;
1810 3269 1913 3333 vel.
1940 3271 2247 3345 absolute,
2281 3287 2430 3332 cum
2462 3270 2624 3334 nihil
2659 3272 2726 3335 in
2752 3290 2831 3336 eo
2872 3290 3109 3352 genere
3153 3276 3334 3353 prius
3369 3291 3514 3337 esse
3548 3273 3795 3337 intelli-

546 3376 752 3452 gitur;
786 3373 883 3437 vel
906 3375 1195 3449 retative,
1228 3373 1530 3436 nimirum
1562 3372 1627 3434 in
1661 3371 1891 3436 ordine
1945 3375 2021 3436 ad
2055 3371 2254 3443 aliud,
2299 3371 2470 3451 quod
2508 3390 2585 3435 ex
2618 3372 2736 3436 illo
2787 3383 3136 3453 promanat.
3176 3372 3427 3455 Duplex
3458 3377 3648 3439 etiam
3689 3384 3792 3441 est

545 3482 722 3548 uitia,
759 3492 952 3536 causa
980 3495 1001 3534 :
1031 3472 1224 3536 altera
1254 3471 1719 3551 primordialis,
1746 3489 1862 3536 seu
1894 3471 2298 3551 primigenia,
2328 3489 2475 3551 quae
2507 3475 2904 3553 producendi
2941 3477 3063 3539 vim
3100 3477 3181 3541 ab
3209 3479 3335 3541 alia
3369 3495 3496 3542 non
3536 3480 3794 3556 recipit,

549 3576 662 3639 sed
712 3576 900 3639 habet
948 3592 983 3637 a
1039 3591 1143 3648 se;
1178 3590 1448 3653 eamque
1496 3573 1702 3636 Graeci
1755 3574 2133 3653 appellitant
2162 3599 2204 3636 π

2162 3585 2689 3658 προκαταρκτικήνς
2727 3578 2852 3641 alia
2886 3595 3034 3641 vero
3072 3580 3370 3655 secunda,
3404 3568 3799 3661 qnaPcausm

553 3678 826 3761 principi
862 3678 1148 3756 subjecta
1175 3684 1291 3749 est,
1323 3683 1540 3753 utpote
1575 3694 1654 3739 ex
1686 3693 1811 3756 qua
1835 3676 2065 3757 agendi
2108 3677 2236 3739 vim
2288 3677 2557 3755 obtinet,
2602 3688 2663 3741 et
2695 3696 2970 3760 quacum
3010 3690 3314 3761 uperatur
3344 3690 3405 3745 et
3434 3684 3563 3762 agit
3602 3685 3794 3764 quiil-

549 3781 704 3862 quid
733 3781 889 3861 agit.
928 3781 1003 3842 Ut
1036 3783 1311 3859 priorem
1348 3780 1520 3842 illam
1551 3779 1914 3859 exprimant
1945 3778 2174 3856 Graeci,
2202 3779 2609 3859 frequentius
2637 3788 2909 3844 utuntur
2936 3782 3246 3859 particula
3275 3791 3360 3857 ἒξ,
3387 3800 3505 3851 ex;
3544 3792 3612 3845 ut
3640 3800 3789 3846 vero

579 3881 840 3944 ndicent
875 3879 1322 3957 posteriorem,
1360 3878 1741 3959 plerumque
1767 3878 2074 3941 adhibent
2097 3878 2470 3957 particulam
2497 3876 2608 3952 διὰ,
2630 3898 2769 3960 per.
2805 3882 2881 3943 Et
2918 3881 3013 3943 hae
3037 3879 3300 3960 quidem
3335 3881 3662 3958 particulm
3682 3900 3756 3945 ac

550 3981 1082 4047 commodatiores
1134 3980 1245 4043 tali
1273 3978 1497 4041 sensui
1539 3978 1870 4042 fundendo
1892 3987 2044 4042 sunt
2079 4003 2094 4042 :
2126 3996 2270 4043 nam
2336 3980 2640 4060 particula
2669 3982 2754 4053 ιε.
2806 4000 2908 4055 ex,
2943 3979 3106 4043 nihil
3163 3998 3275 4059 per
3305 3998 3372 4043 se
3403 3981 3642 4044 indicat
3685 3990 3798 4043 aut

551 4088 861 4168 supponit
897 4087 1183 4150 anterius
1224 4103 1238 4147 :
1276 4103 1498 4148 verum
1534 4085 1843 4164 particula
1878 4093 1989 4159 sia,
2025 4100 2160 4164 per,
2192 4086 2271 4148 ita
2302 4102 2511 4150 causa
2548 4104 2663 4150 seu
2699 4084 2993 4165 principii
3034 4083 3341 4146 rationem
3374 4085 3690 4161 eXprimil,
3729 4092 3798 4143 ut

551 4194 829 4276 priorem
861 4192 1051 4256 aliam
1085 4200 1145 4253 et
1178 4191 1436 4271 quidem
1465 4188 1819 4271 principem
1868 4206 2126 4253 causam
2163 4190 2360 4253 menti
2415 4190 2736 4254 exhibeat.
2788 4191 3244 4251 Verumtamen
3306 4187 3575 4249 istarum
3607 4204 3794 4250 usum

554 4294 1012 4373 particularum
1043 4310 1166 4355 non
1204 4295 1283 4355 ita
1314 4292 1513 4356 Graeci
1569 4298 1911 4369 coarctant,
1942 4292 2099 4369 quin
2133 4299 2196 4355 et
2230 4292 2536 4371 particula
2565 4290 2645 4358 ἐξ.
2676 4311 2779 4363 ex,
2813 4307 3021 4354 causm
3050 4289 3357 4361 secundm,
3391 4298 3452 4351 et
3487 4287 3794 4365 particula

552 4398 666 4472 iii,
691 4414 829 4479 per,
868 4396 1336 4475 primordialis,
1370 4412 1486 4455 seu
1516 4395 1999 4465 προκαταρκτικῆς
2030 4395 2464 4475 significanda:
2493 4397 2694 4476 gratia
2733 4394 3059 4456 interdum
3092 4399 3388 4463 utantur;
3412 4390 3663 4468 quoties
3695 4391 3793 4448 ui-

556 4502 789 4565 mirum
838 4501 899 4562 in
953 4499 1080 4562 illis
1129 4500 1340 4561 solum
1398 4497 1758 4576 inspiciunt
1788 4497 2323 4577 signiﬁcationem
2357 4499 2560 4573 illam,
2595 4500 2811 4576 inqua
2861 4498 3060 4560 amba)
3106 4493 3526 4564 conveniunt,
3561 4506 3793 4568 nempe

548 4617 763 4666 causa
811 4600 1285 4681 qualiscunque
1319 4598 1671 4671 rationem;
1703 4596 1995 4679 adeoque
2025 4599 2103 4661 ad
2134 4615 2469 4663 causarum
2521 4598 2891 4669 discrimen,
2948 4596 3055 4660 cui
3092 4593 3509 4674 significando
3567 4581 3664 4651 vel
3698 4590 3795 4651 in-

556 4700 818 4766 nuendo
850 4701 1048 4779 magis
1071 4700 1364 4762 videntur
1400 4699 1672 4771 idoneae,
1708 4698 1972 4761 minime
2002 4699 2360 4762 attendunt.
2398 4700 2571 4762 Hinc
2614 4716 2767 4763 vero
2802 4696 3220 4779 perspicuum
3259 4693 3793 4772 exploratumque

553 4809 647 4882 ﬁt,
672 4804 857 4885 juxta
883 4804 1200 4879 diversam
1233 4802 1457 4863 barum
1497 4800 1948 4880 particularum
1981 4799 2309 4863 notionem
2329 4799 2623 4863 aﬂirmari
2652 4815 2867 4880 posse,
2898 4797 3200 4875 Spiritum
3234 4803 3518 4857 sanctum
3558 4811 3685 4853 esse
3716 4810 3797 4852 ex

555 4906 753 4984 Filio,
777 4915 841 4971 et
862 4925 991 4968 non
1013 4925 1141 4967 esse
1171 4924 1252 4967 ex
1279 4905 1475 4978 Filio,
1512 4921 1640 4963 esse
1677 4922 1757 4964 ea:
1801 4902 1990 4963 Patre
2018 4919 2133 4982 per
2161 4903 2422 4978 Filium,
2457 4909 2519 4966 et
2551 4920 2679 4963 esse
2718 4917 2837 4981 per
2888 4898 3138 4961 Patrem
3169 4905 3224 4960 et
3279 4896 3528 4956 Filium.
3566 4893 3800 4969 Beipsa

556 5007 955 5090 multiplices
982 5008 1095 5072 has
1128 5005 1437 5086 loquendi
1474 5005 1751 5068 rationes
1775 5006 1843 5067 in
1882 5004 2118 5068 Grmcis
2144 5005 2430 5068 Patribus
2462 5003 2756 5084 reperiri,
2802 5022 2878 5067 ex
2912 5018 3133 5065 eorum
3167 4997 3473 5068 textibus,
3508 5010 3671 5071 quos
3699 5004 3797 5054 at-

556 5113 826 5177 tulimus
855 5127 1073 5189 supra,
1101 5108 1499 5188 exploratum
1533 5116 1650 5171 est.
1687 5106 1788 5171 Sic
1817 5106 2036 5187 itaque
2089 5112 2151 5170 et
2194 5106 2571 5170 Damasceni
2606 5105 2796 5168 verba
2837 5102 3027 5166 nobis
3059 5101 3304 5179 objecta
3332 5095 3657 5175 explicare
3692 5109 3803 5171 per

554 5220 677 5287 est,
705 5212 880 5292 quod
921 5227 1152 5286 nempe
1213 5207 1560 5281 inﬁcietur,
1594 5206 1899 5284 Spiritum
1963 5204 2114 5280 dici,
2140 5215 2251 5267 aut
2307 5222 2436 5266 esse
2493 5223 2572 5266 ea:
2623 5204 2814 5277 Filio,
2849 5210 3151 5280 tanquam
3180 5197 3240 5262 ἐξ
3270 5196 3450 5258 αἰτίας
3477 5206 3802 5265 «pexam?-

555 5311 771 5379 κτικῆς.
802 5327 834 5373 a
877 5329 1066 5372 causa
1098 5307 1472 5389 primigenia
1498 5324 1569 5369 ac
1597 5304 2001 5385 primordiali
2030 5305 2379 5384 principio,
2406 5304 2576 5385 quod
2620 5318 2747 5365 non
2781 5302 2859 5364 ab
2902 5300 3028 5363 alio
3062 5295 3457 5379 producendi
3500 5294 3800 5358 virtutem

556 5414 911 5493 acceperit;
941 5420 1132 5493 atque
1172 5413 1293 5473 hac
1320 5411 1562 5471 ratione
1590 5408 1799 5471 solum
1845 5413 2087 5471 Patrem
2116 5423 2256 5469 esse
2308 5407 2502 5475 αἴτιον,
2541 5417 2856 5469 auctorem
2888 5405 3026 5466 sive
3070 5401 3463 5484 principium
3514 5396 3705 5478 (quod
3739 5403 3805 5458 et

559 5534 677 5582 nos
709 5516 1161 5581 lubentissime
1192 5513 1549 5577 asserimus
1585 5529 1656 5575 ac
1688 5512 2060 5591 probamus)
2098 5535 2113 5572 :
2146 5526 2272 5573 non
2326 5517 2539 5573 autem
2598 5517 2809 5588 neget,
2837 5506 3147 5587 Spiritum
3181 5521 3325 5569 csse
3358 5520 3437 5567 ex
3461 5501 3628 5565 Filio
3658 5509 3799 5562 tan-

627 5724 708 5795 (a)
738 5720 1119 5791 Mirum,quod
1145 5720 1387 5793 proferre
1416 5719 1521 5777 hoc
1552 5719 1790 5790 potuerit
1820 5716 2209 5782 Damasceuus,
2246 5728 2282 5769 ο

643 5793 806 5850 Filio.
833 5801 893 5849 ut
912 5794 1169 5850 vidimus.

2148 5731 2209 5782 IS,
2246 5728 2371 5770 cum
2407 5719 2519 5768 tam
2556 5711 2924 5771 mulliPatres
2974 5719 3102 5768 ante
3158 5724 3285 5768 eum
3352 5706 3613 5773 dixerint,
3678 5718 3803 5761 esse

555 5812 622 5854 ex
643 5794 806 5861 Filio,
833 5801 893 5849 ut
912 5794 1169 5851 vidimus.
