  <div class='ocr_page' id='page_1' title='image "/cluster/home/n/w/nwhite01/storage/ocr_20150623/125/mdp.39015041873541/244.png"; bbox 0 0 4192 6294; ppageno 0'>
   <div class='ocr_carea' id='block_1_1' title="bbox 303 328 1958 403">
    <p class='ocr_par' dir='ltr' id='par_1_1' title="bbox 303 330 1956 403">
     <span class='ocr_line' id='line_1_1' title="bbox 303 330 1956 403; baseline -0.004 -9"><span class='ocrx_word' id='word_1_1' title='bbox 303 331 414 394; x_wconf 66' lang='grc' dir='ltr'><strong>αἰεὶ</strong></span> <span class='ocrx_word' id='word_1_2' title='bbox 589 349 605 362; x_wconf 88' lang='grc'><strong>·</strong></span> <span class='ocrx_word' id='word_1_3' title='bbox 1168 331 1248 392; x_wconf 68' lang='grc' dir='ltr'><strong>ΙΝ</strong></span> <span class='ocrx_word' id='word_1_4' title='bbox 1291 330 1721 403; x_wconf 73' lang='grc' dir='ltr'><strong>ΞΕΟΗΕΝΤΙΑ</strong></span> <span class='ocrx_word' id='word_1_5' title='bbox 1756 330 1956 390; x_wconf 76' lang='grc' dir='ltr'><strong>ΤΗΕο</strong></span> 
     </span>
    </p>
   </div>
   <div class='ocr_carea' id='block_1_2' title="bbox 1900 328 3555 403">
    <p class='ocr_par' dir='ltr' id='par_1_2' title="bbox 1900 328 3555 396">
     <span class='ocr_line' id='line_1_2' title="bbox 1900 328 3555 396; baseline 0.003 -9"><span class='ocrx_word' id='word_1_6' title='bbox 1900 332 2337 392; x_wconf 66' lang='grc' dir='ltr'><strong>ζωιἮΥΙΑΕΤΙ</strong></span> <span class='ocrx_word' id='word_1_7' title='bbox 2393 333 2733 396; x_wconf 76' lang='lat' dir='ltr'><strong>SCIHPTA.</strong></span> <span class='ocrx_word' id='word_1_8' title='bbox 3453 328 3555 392; x_wconf 68' lang='grc'><strong>462</strong></span> 
     </span>
    </p>
   </div>
   <div class='ocr_carea' id='block_1_3' title="bbox 311 438 3562 522">
    <p class='ocr_par' dir='ltr' id='par_1_3' title="bbox 311 438 3562 522">
     <span class='ocr_line' id='line_1_3' title="bbox 311 438 3562 522; baseline 0.001 -22"><span class='ocrx_word' id='word_1_9' title='bbox 311 459 512 519; x_wconf 62' lang='lat' dir='ltr'><strong>quam</strong></span> <span class='ocrx_word' id='word_1_10' title='bbox 569 459 644 503; x_wconf 79' lang='lat' dir='ltr'><strong>ex</strong></span> <span class='ocrx_word' id='word_1_11' title='bbox 704 459 915 514; x_wconf 78' lang='lat' dir='ltr'><strong>causa,</strong></span> <span class='ocrx_word' id='word_1_12' title='bbox 973 458 1089 501; x_wconf 87' lang='lat' dir='ltr'><strong>seu</strong></span> <span class='ocrx_word' id='word_1_13' title='bbox 1140 440 1460 519; x_wconf 87' lang='lat' dir='ltr'><strong>principio</strong></span> <span class='ocrx_word' id='word_1_14' title='bbox 1498 438 1900 510; x_wconf 77' lang='lat' dir='ltr'><strong>secundaria,</strong></span> <span class='ocrx_word' id='word_1_15' title='bbox 1945 443 2117 519; x_wconf 71' lang='lat' dir='ltr'><strong>quod</strong></span> <span class='ocrx_word' id='word_1_16' title='bbox 2192 443 2386 502; x_wconf 72' lang='lat' dir='ltr'><strong>sintut</strong></span> <span class='ocrx_word' id='word_1_17' title='bbox 2443 461 2587 504; x_wconf 77' lang='lat' dir='ltr'><strong>cum</strong></span> <span class='ocrx_word' id='word_1_18' title='bbox 2655 445 2833 504; x_wconf 86' lang='lat' dir='ltr'><strong>Patre</strong></span> <span class='ocrx_word' id='word_1_19' title='bbox 2897 443 3198 520; x_wconf 73' lang='lat' dir='ltr'><strong>operetur</strong></span> <span class='ocrx_word' id='word_1_20' title='bbox 3233 486 3246 511; x_wconf 93' lang='lat'><strong>,</strong></span> <span class='ocrx_word' id='word_1_21' title='bbox 3302 451 3362 504; x_wconf 90' lang='lat' dir='ltr'><strong>et</strong></span> <span class='ocrx_word' id='word_1_22' title='bbox 3411 447 3562 522; x_wconf 83' lang='lat' dir='ltr'><strong>qui-</strong></span> 
     </span>
    </p>
   </div>
   <div class='ocr_carea' id='block_1_4' title="bbox 307 541 3556 622">
    <p class='ocr_par' dir='ltr' id='par_1_4' title="bbox 307 541 3556 622">
     <span class='ocr_line' id='line_1_4' title="bbox 307 541 3556 622; baseline 0.002 -18"><span class='ocrx_word' id='word_1_23' title='bbox 307 546 463 604; x_wconf 73' lang='lat' dir='ltr'><strong>dem</strong></span> <span class='ocrx_word' id='word_1_24' title='bbox 498 545 717 606; x_wconf 81' lang='lat' dir='ltr'><strong>eadem</strong></span> <span class='ocrx_word' id='word_1_25' title='bbox 751 543 951 605; x_wconf 87' lang='lat' dir='ltr'><strong>Patris</strong></span> <span class='ocrx_word' id='word_1_26' title='bbox 987 542 1222 606; x_wconf 73' lang='lat' dir='ltr'><strong>virtute</strong></span> <span class='ocrx_word' id='word_1_27' title='bbox 1253 541 1380 604; x_wconf 83' lang='lat' dir='ltr'><strong>sibi</strong></span> <span class='ocrx_word' id='word_1_28' title='bbox 1422 543 1912 616; x_wconf 80' lang='lat' dir='ltr'><strong>communicata,</strong></span> <span class='ocrx_word' id='word_1_29' title='bbox 1947 551 2004 605; x_wconf 84' lang='lat' dir='ltr'><strong>et</strong></span> <span class='ocrx_word' id='word_1_30' title='bbox 2043 545 2103 604; x_wconf 91' lang='lat' dir='ltr'><strong>in</strong></span> <span class='ocrx_word' id='word_1_31' title='bbox 2143 563 2238 618; x_wconf 78' lang='lat' dir='ltr'><strong>se,</strong></span> <span class='ocrx_word' id='word_1_32' title='bbox 2278 554 2594 622; x_wconf 67' lang='lat' dir='ltr'><strong>quatenus</strong></span> <span class='ocrx_word' id='word_1_33' title='bbox 2631 555 2726 606; x_wconf 91' lang='lat' dir='ltr'><strong>est</strong></span> <span class='ocrx_word' id='word_1_34' title='bbox 2780 562 2970 604; x_wconf 84' lang='lat' dir='ltr'><strong>unum</strong></span> <span class='ocrx_word' id='word_1_35' title='bbox 3011 564 3148 608; x_wconf 81' lang='lat' dir='ltr'><strong>cum</strong></span> <span class='ocrx_word' id='word_1_36' title='bbox 3198 548 3409 621; x_wconf 78' lang='lat' dir='ltr'><strong>Patre,</strong></span> <span class='ocrx_word' id='word_1_37' title='bbox 3453 565 3556 612; x_wconf 81' lang='lat' dir='ltr'><strong>rc-</strong></span> 
     </span>
    </p>
   </div>
   <div class='ocr_carea' id='block_1_5' title="bbox 309 645 896 724">
    <p class='ocr_par' dir='ltr' id='par_1_5' title="bbox 309 645 896 724">
     <span class='ocr_line' id='line_1_5' title="bbox 309 645 896 724; baseline -0.002 -18"><span class='ocrx_word' id='word_1_38' title='bbox 309 654 523 723; x_wconf 83' lang='lat' dir='ltr'><strong>cepta,</strong></span> <span class='ocrx_word' id='word_1_39' title='bbox 570 645 896 724; x_wconf 78' lang='lat' dir='ltr'><strong>producat.</strong></span> 
     </span>
    </p>
   </div>
   <div class='ocr_carea' id='block_1_6' title="bbox 396 743 3562 828">
    <p class='ocr_par' dir='ltr' id='par_1_6' title="bbox 396 743 3562 828">
     <span class='ocr_line' id='line_1_6' title="bbox 396 743 3562 828; baseline 0.003 -21"><span class='ocrx_word' id='word_1_40' title='bbox 396 745 667 807; x_wconf 72' lang='lat' dir='ltr'><strong>XXXV.</strong></span> <span class='ocrx_word' id='word_1_41' title='bbox 703 743 798 806; x_wconf 83' lang='lat' dir='ltr'><strong>Ab</strong></span> <span class='ocrx_word' id='word_1_42' title='bbox 833 744 952 806; x_wconf 84' lang='lat' dir='ltr'><strong>hec</strong></span> <span class='ocrx_word' id='word_1_43' title='bbox 983 743 1324 806; x_wconf 86' lang='lat' dir='ltr'><strong>iuiiciando</strong></span> <span class='ocrx_word' id='word_1_44' title='bbox 1359 745 1612 808; x_wconf 81' lang='lat' dir='ltr'><strong>alienus</strong></span> <span class='ocrx_word' id='word_1_45' title='bbox 1648 746 1809 807; x_wconf 86' lang='lat' dir='ltr'><strong>adeo</strong></span> <span class='ocrx_word' id='word_1_46' title='bbox 1847 747 2213 808; x_wconf 76' lang='lat' dir='ltr'><strong>censendus</strong></span> <span class='ocrx_word' id='word_1_47' title='bbox 2258 755 2353 808; x_wconf 84' lang='lat' dir='ltr'><strong>est</strong></span> <span class='ocrx_word' id='word_1_48' title='bbox 2405 750 2857 822; x_wconf 79' lang='lat' dir='ltr'><strong>Damascenus,</strong></span> <span class='ocrx_word' id='word_1_49' title='bbox 2902 757 2966 810; x_wconf 92' lang='lat' dir='ltr'><strong>ut</strong></span> <span class='ocrx_word' id='word_1_50' title='bbox 3007 751 3222 828; x_wconf 83' lang='lat' dir='ltr'><strong>potius</strong></span> <span class='ocrx_word' id='word_1_51' title='bbox 3279 754 3344 816; x_wconf 89' lang='lat' dir='ltr'><strong>id</strong></span> <span class='ocrx_word' id='word_1_52' title='bbox 3386 772 3562 818; x_wconf 89' lang='lat' dir='ltr'><strong>asse-</strong></span> 
     </span>
    </p>
   </div>
   <div class='ocr_carea' id='block_1_7' title="bbox 311 844 3560 928">
    <p class='ocr_par' dir='ltr' id='par_1_7' title="bbox 311 844 3560 928">
     <span class='ocr_line' id='line_1_7' title="bbox 311 844 3560 928; baseline 0.003 -19"><span class='ocrx_word' id='word_1_53' title='bbox 311 864 459 909; x_wconf 81' lang='lat' dir='ltr'><strong>rere</strong></span> <span class='ocrx_word' id='word_1_54' title='bbox 495 845 958 925; x_wconf 88' lang='lat' dir='ltr'><strong>intelligendus</strong></span> <span class='ocrx_word' id='word_1_55' title='bbox 987 844 1071 907; x_wconf 90' lang='lat' dir='ltr'><strong>sit</strong></span> <span class='ocrx_word' id='word_1_56' title='bbox 1101 861 1180 908; x_wconf 92' lang='lat' dir='ltr'><strong>eo</strong></span> <span class='ocrx_word' id='word_1_57' title='bbox 1210 848 1350 922; x_wconf 88' lang='lat' dir='ltr'><strong>ipse</strong></span> <span class='ocrx_word' id='word_1_58' title='bbox 1379 845 1552 924; x_wconf 87' lang='lat' dir='ltr'><strong>quod</strong></span> <span class='ocrx_word' id='word_1_59' title='bbox 1587 845 1839 914; x_wconf 87' lang='lat' dir='ltr'><strong>subdat,</strong></span> <span class='ocrx_word' id='word_1_60' title='bbox 1872 846 2183 924; x_wconf 73' lang='lat' dir='ltr'><strong>Spiritum</strong></span> <span class='ocrx_word' id='word_1_61' title='bbox 2237 856 2523 909; x_wconf 87' lang='lat' dir='ltr'><strong>sanctum</strong></span> <span class='ocrx_word' id='word_1_62' title='bbox 2567 867 2696 910; x_wconf 84' lang='lat' dir='ltr'><strong>csse</strong></span> <span class='ocrx_word' id='word_1_63' title='bbox 2732 868 2847 928; x_wconf 87' lang='lat' dir='ltr'><strong>per</strong></span> <span class='ocrx_word' id='word_1_64' title='bbox 2879 851 3133 913; x_wconf 79' lang='lat' dir='ltr'><strong>Filium.</strong></span> <span class='ocrx_word' id='word_1_65' title='bbox 3169 852 3338 927; x_wconf 85' lang='lat' dir='ltr'><strong>Quid</strong></span> <span class='ocrx_word' id='word_1_66' title='bbox 3384 855 3560 917; x_wconf 83' lang='lat' dir='ltr'><strong>enim</strong></span> 
     </span>
    </p>
   </div>
   <div class='ocr_carea' id='block_1_8' title="bbox 312 945 3561 1030">
    <p class='ocr_par' dir='ltr' id='par_1_8' title="bbox 312 945 3561 1030">
     <span class='ocr_line' id='line_1_8' title="bbox 312 945 3561 1030; baseline 0.002 -21"><span class='ocrx_word' id='word_1_67' title='bbox 312 948 741 1019; x_wconf 86' lang='lat' dir='ltr'><strong>Damascene,</strong></span> <span class='ocrx_word' id='word_1_68' title='bbox 777 945 934 1026; x_wconf 85' lang='lat' dir='ltr'><strong>quid</strong></span> <span class='ocrx_word' id='word_1_69' title='bbox 970 947 1218 1008; x_wconf 66' lang='lat' dir='ltr'><strong>cretei-is</strong></span> <span class='ocrx_word' id='word_1_70' title='bbox 1260 945 1550 1006; x_wconf 77' lang='lat' dir='ltr'><strong>Pati-ibus</strong></span> <span class='ocrx_word' id='word_1_71' title='bbox 1580 945 1692 1024; x_wconf 88' lang='lat' dir='ltr'><strong>qui</strong></span> <span class='ocrx_word' id='word_1_72' title='bbox 1725 945 1838 1007; x_wconf 82' lang='lat' dir='ltr'><strong>hac</strong></span> <span class='ocrx_word' id='word_1_73' title='bbox 1876 947 2180 1025; x_wconf 75' lang='lat' dir='ltr'><strong>loquendi</strong></span> <span class='ocrx_word' id='word_1_74' title='bbox 2208 945 2475 1009; x_wconf 64' lang='lat' dir='ltr'><strong>fern‘tula</strong></span> <span class='ocrx_word' id='word_1_75' title='bbox 2511 949 2608 1010; x_wconf 87' lang='lat' dir='ltr'><strong>usi</strong></span> <span class='ocrx_word' id='word_1_76' title='bbox 2646 948 2850 1024; x_wconf 82' lang='lat' dir='ltr'><strong>fuere,</strong></span> <span class='ocrx_word' id='word_1_77' title='bbox 2877 949 3190 1030; x_wconf 80' lang='lat' dir='ltr'><strong>signiticet</strong></span> <span class='ocrx_word' id='word_1_78' title='bbox 3219 951 3420 1026; x_wconf 82' lang='lat' dir='ltr'><strong>aliud,</strong></span> <span class='ocrx_word' id='word_1_79' title='bbox 3451 961 3561 1014; x_wconf 89' lang='lat' dir='ltr'><strong>aut</strong></span> 
     </span>
    </p>
   </div>
   <div class='ocr_carea' id='block_1_9' title="bbox 309 1043 3558 1129">
    <p class='ocr_par' dir='ltr' id='par_1_9' title="bbox 309 1043 3558 1129">
     <span class='ocr_line' id='line_1_9' title="bbox 309 1043 3558 1129; baseline 0 -19"><span class='ocrx_word' id='word_1_80' title='bbox 309 1049 682 1129; x_wconf 80' lang='lat' dir='ltr'><strong>signiﬁcare</strong></span> <span class='ocrx_word' id='word_1_81' title='bbox 714 1053 992 1129; x_wconf 66' lang='lat' dir='ltr'><strong>queat-re</strong></span> <span class='ocrx_word' id='word_1_82' title='bbox 1016 1064 1133 1126; x_wconf 86' lang='lat' dir='ltr'><strong>per</strong></span> <span class='ocrx_word' id='word_1_83' title='bbox 1187 1043 1448 1119; x_wconf 84' lang='lat' dir='ltr'><strong>Filium,</strong></span> <span class='ocrx_word' id='word_1_84' title='bbox 1486 1062 1699 1126; x_wconf 88' lang='lat' dir='ltr'><strong>neque</strong></span> <span class='ocrx_word' id='word_1_85' title='bbox 1747 1063 1890 1124; x_wconf 82' lang='lat' dir='ltr'><strong>ego,</strong></span> <span class='ocrx_word' id='word_1_86' title='bbox 1925 1064 2137 1126; x_wconf 84' lang='lat' dir='ltr'><strong>neque</strong></span> <span class='ocrx_word' id='word_1_87' title='bbox 2193 1045 2360 1109; x_wconf 90' lang='lat' dir='ltr'><strong>alius</strong></span> <span class='ocrx_word' id='word_1_88' title='bbox 2419 1049 2738 1128; x_wconf 78' lang='lat' dir='ltr'><strong>quispiam</strong></span> <span class='ocrx_word' id='word_1_89' title='bbox 2806 1049 3144 1128; x_wconf 74' lang='lat' dir='ltr'><strong>intelliget.</strong></span> <span class='ocrx_word' id='word_1_90' title='bbox 3177 1052 3331 1113; x_wconf 88' lang='lat' dir='ltr'><strong>Cum</strong></span> <span class='ocrx_word' id='word_1_91' title='bbox 3383 1053 3558 1116; x_wconf 84' lang='lat' dir='ltr'><strong>enim</strong></span> 
     </span>
    </p>
   </div>
   <div class='ocr_carea' id='block_1_10' title="bbox 311 1148 3557 1234">
    <p class='ocr_par' dir='ltr' id='par_1_10' title="bbox 311 1148 3557 1234">
     <span class='ocr_line' id='line_1_10' title="bbox 311 1148 3557 1234; baseline 0.003 -28"><span class='ocrx_word' id='word_1_92' title='bbox 311 1149 632 1231; x_wconf 82' lang='lat' dir='ltr'><strong>particula</strong></span> <span class='ocrx_word' id='word_1_93' title='bbox 663 1157 772 1224; x_wconf 74' lang='grc' dir='ltr'><strong>διὰ,</strong></span> <span class='ocrx_word' id='word_1_94' title='bbox 801 1167 944 1230; x_wconf 86' lang='lat' dir='ltr'><strong>per,</strong></span> <span class='ocrx_word' id='word_1_95' title='bbox 971 1148 1091 1216; x_wconf 85' lang='lat' dir='ltr'><strong>tria</strong></span> <span class='ocrx_word' id='word_1_96' title='bbox 1115 1149 1319 1211; x_wconf 78' lang='lat' dir='ltr'><strong>valeat</strong></span> <span class='ocrx_word' id='word_1_97' title='bbox 1351 1149 1658 1221; x_wconf 89' lang='lat' dir='ltr'><strong>indicare,</strong></span> <span class='ocrx_word' id='word_1_98' title='bbox 1693 1167 1922 1230; x_wconf 86' lang='lat' dir='ltr'><strong>nempe</strong></span> <span class='ocrx_word' id='word_1_99' title='bbox 1956 1169 2204 1211; x_wconf 78' lang='lat' dir='ltr'><strong>causam</strong></span> <span class='ocrx_word' id='word_1_100' title='bbox 2235 1151 2622 1230; x_wconf 72' lang='lat' dir='ltr'><strong>efﬁcientem,</strong></span> <span class='ocrx_word' id='word_1_101' title='bbox 2663 1153 3012 1229; x_wconf 67' lang='lat' dir='ltr'><strong>praesertim</strong></span> <span class='ocrx_word' id='word_1_102' title='bbox 3043 1170 3191 1233; x_wconf 68' lang='lat' dir='ltr'><strong>quae</strong></span> <span class='ocrx_word' id='word_1_103' title='bbox 3241 1165 3379 1234; x_wconf 84' lang='lat' dir='ltr'><strong>agat</strong></span> <span class='ocrx_word' id='word_1_104' title='bbox 3426 1155 3557 1217; x_wconf 85' lang='lat' dir='ltr'><strong>vir-</strong></span> 
     </span>
    </p>
   </div>
   <div class='ocr_carea' id='block_1_11' title="bbox 310 1249 3562 1332">
    <p class='ocr_par' dir='ltr' id='par_1_11' title="bbox 310 1249 3562 1332">
     <span class='ocr_line' id='line_1_11' title="bbox 310 1249 3562 1332; baseline 0.001 -19"><span class='ocrx_word' id='word_1_105' title='bbox 310 1260 452 1316; x_wconf 88' lang='lat' dir='ltr'><strong>tute</strong></span> <span class='ocrx_word' id='word_1_106' title='bbox 512 1251 592 1314; x_wconf 85' lang='lat' dir='ltr'><strong>ab</strong></span> <span class='ocrx_word' id='word_1_107' title='bbox 628 1250 758 1314; x_wconf 87' lang='lat' dir='ltr'><strong>alio</strong></span> <span class='ocrx_word' id='word_1_108' title='bbox 803 1259 1087 1331; x_wconf 86' lang='lat' dir='ltr'><strong>recepta;</strong></span> <span class='ocrx_word' id='word_1_109' title='bbox 1127 1251 1399 1332; x_wconf 81' lang='lat' dir='ltr'><strong>insuper</strong></span> <span class='ocrx_word' id='word_1_110' title='bbox 1427 1249 1640 1311; x_wconf 89' lang='lat' dir='ltr'><strong>solum</strong></span> <span class='ocrx_word' id='word_1_111' title='bbox 1682 1252 2170 1311; x_wconf 77' lang='lat' dir='ltr'><strong>instrumentum</strong></span> <span class='ocrx_word' id='word_1_112' title='bbox 2211 1252 2518 1320; x_wconf 78' lang='lat' dir='ltr'><strong>inam&#39;me;</strong></span> <span class='ocrx_word' id='word_1_113' title='bbox 2551 1269 2622 1315; x_wconf 89' lang='lat' dir='ltr'><strong>ac</strong></span> <span class='ocrx_word' id='word_1_114' title='bbox 2674 1255 2936 1314; x_wconf 90' lang='lat' dir='ltr'><strong>demum</strong></span> <span class='ocrx_word' id='word_1_115' title='bbox 3004 1255 3356 1318; x_wconf 76' lang='lat' dir='ltr'><strong>vehiculum</strong></span> <span class='ocrx_word' id='word_1_116' title='bbox 3389 1258 3562 1318; x_wconf 79' lang='lat' dir='ltr'><strong>iners</strong></span> 
     </span>
    </p>
   </div>
   <div class='ocr_carea' id='block_1_12' title="bbox 313 1350 3556 1434">
    <p class='ocr_par' dir='ltr' id='par_1_12' title="bbox 313 1350 3556 1434">
     <span class='ocr_line' id='line_1_12' title="bbox 313 1350 3556 1434; baseline 0 -18"><span class='ocrx_word' id='word_1_117' title='bbox 313 1353 496 1416; x_wconf 84' lang='lat' dir='ltr'><strong>nulla</strong></span> <span class='ocrx_word' id='word_1_118' title='bbox 534 1352 869 1431; x_wconf 70' lang='lat' dir='ltr'><strong>prteditum</strong></span> <span class='ocrx_word' id='word_1_119' title='bbox 900 1353 1197 1432; x_wconf 85' lang='lat' dir='ltr'><strong>energia;</strong></span> <span class='ocrx_word' id='word_1_120' title='bbox 1235 1351 1512 1427; x_wconf 88' lang='lat' dir='ltr'><strong>primum</strong></span> <span class='ocrx_word' id='word_1_121' title='bbox 1540 1350 1948 1412; x_wconf 85' lang='lat' dir='ltr'><strong>solummodo</strong></span> <span class='ocrx_word' id='word_1_122' title='bbox 1986 1357 2190 1429; x_wconf 82' lang='lat' dir='ltr'><strong>potest</strong></span> <span class='ocrx_word' id='word_1_123' title='bbox 2232 1352 2310 1412; x_wconf 85' lang='lat' dir='ltr'><strong>ab</strong></span> <span class='ocrx_word' id='word_1_124' title='bbox 2368 1351 2543 1412; x_wconf 89' lang='lat' dir='ltr'><strong>omni</strong></span> <span class='ocrx_word' id='word_1_125' title='bbox 2575 1351 3063 1430; x_wconf 86' lang='lat' dir='ltr'><strong>imperfectiene</strong></span> <span class='ocrx_word' id='word_1_126' title='bbox 3083 1355 3366 1434; x_wconf 83' lang='lat' dir='ltr'><strong>sejungi,</strong></span> <span class='ocrx_word' id='word_1_127' title='bbox 3403 1356 3556 1418; x_wconf 83' lang='lat' dir='ltr'><strong>reli-</strong></span> 
     </span>
    </p>
   </div>
   <div class='ocr_carea' id='block_1_13' title="bbox 307 1448 3560 1535">
    <p class='ocr_par' dir='ltr' id='par_1_13' title="bbox 307 1448 3560 1535">
     <span class='ocr_line' id='line_1_13' title="bbox 307 1448 3560 1535; baseline 0 -20"><span class='ocrx_word' id='word_1_128' title='bbox 307 1471 444 1535; x_wconf 87' lang='lat' dir='ltr'><strong>qua</strong></span> <span class='ocrx_word' id='word_1_129' title='bbox 477 1455 608 1516; x_wconf 91' lang='lat' dir='ltr'><strong>due</strong></span> <span class='ocrx_word' id='word_1_130' title='bbox 644 1452 1044 1514; x_wconf 77' lang='lat' dir='ltr'><strong>manifestam</strong></span> <span class='ocrx_word' id='word_1_131' title='bbox 1078 1449 1629 1532; x_wconf 83' lang='lat' dir='ltr'><strong>imperfectionem</strong></span> <span class='ocrx_word' id='word_1_132' title='bbox 1676 1448 2035 1512; x_wconf 84' lang='lat' dir='ltr'><strong>involvunt.</strong></span> <span class='ocrx_word' id='word_1_133' title='bbox 2071 1452 2162 1512; x_wconf 64' lang='lat' dir='ltr'><strong>Et</strong></span> <span class='ocrx_word' id='word_1_134' title='bbox 2195 1467 2324 1530; x_wconf 86' lang='lat' dir='ltr'><strong>quo</strong></span> <span class='ocrx_word' id='word_1_135' title='bbox 2364 1466 2772 1530; x_wconf 84' lang='lat' dir='ltr'><strong>consequens</strong></span> <span class='ocrx_word' id='word_1_136' title='bbox 2812 1462 2930 1528; x_wconf 93' lang='lat' dir='ltr'><strong>est,</strong></span> <span class='ocrx_word' id='word_1_137' title='bbox 2968 1455 3341 1534; x_wconf 85' lang='lat' dir='ltr'><strong>particulam</strong></span> <span class='ocrx_word' id='word_1_138' title='bbox 3387 1456 3560 1517; x_wconf 85' lang='lat' dir='ltr'><strong>illam</strong></span> 
     </span>
    </p>
   </div>
   <div class='ocr_carea' id='block_1_14' title="bbox 310 1551 3559 1634">
    <p class='ocr_par' dir='ltr' id='par_1_14' title="bbox 310 1551 3559 1634">
     <span class='ocr_line' id='line_1_14' title="bbox 310 1551 3559 1634; baseline -0.001 -13"><span class='ocrx_word' id='word_1_139' title='bbox 310 1555 577 1621; x_wconf 88' lang='lat' dir='ltr'><strong>nonnisi</strong></span> <span class='ocrx_word' id='word_1_140' title='bbox 629 1557 693 1618; x_wconf 94' lang='lat' dir='ltr'><strong>in</strong></span> <span class='ocrx_word' id='word_1_141' title='bbox 741 1572 942 1618; x_wconf 89' lang='lat' dir='ltr'><strong>sensu</strong></span> <span class='ocrx_word' id='word_1_142' title='bbox 980 1555 1192 1634; x_wconf 86' lang='lat' dir='ltr'><strong>priore</strong></span> <span class='ocrx_word' id='word_1_143' title='bbox 1242 1568 1429 1630; x_wconf 88' lang='lat' dir='ltr'><strong>posse</strong></span> <span class='ocrx_word' id='word_1_144' title='bbox 1463 1553 1531 1614; x_wconf 91' lang='lat' dir='ltr'><strong>in</strong></span> <span class='ocrx_word' id='word_1_145' title='bbox 1573 1551 1815 1614; x_wconf 84' lang='lat' dir='ltr'><strong>divinis</strong></span> <span class='ocrx_word' id='word_1_146' title='bbox 1854 1553 1933 1614; x_wconf 89' lang='lat' dir='ltr'><strong>de</strong></span> <span class='ocrx_word' id='word_1_147' title='bbox 2003 1553 2173 1615; x_wconf 81' lang='lat' dir='ltr'><strong>Filio</strong></span> <span class='ocrx_word' id='word_1_148' title='bbox 2235 1553 2585 1616; x_wconf 82' lang='lat' dir='ltr'><strong>enuntiari.</strong></span> <span class='ocrx_word' id='word_1_149' title='bbox 2621 1555 2710 1616; x_wconf 88' lang='lat' dir='ltr'><strong>Ita</strong></span> <span class='ocrx_word' id='word_1_150' title='bbox 2754 1553 2950 1634; x_wconf 78' lang='lat' dir='ltr'><strong>igitur</strong></span> <span class='ocrx_word' id='word_1_151' title='bbox 2992 1557 3426 1618; x_wconf 88' lang='lat' dir='ltr'><strong>Damascenus</strong></span> <span class='ocrx_word' id='word_1_152' title='bbox 3458 1557 3559 1618; x_wconf 83' lang='lat' dir='ltr'><strong>in-</strong></span> 
     </span>
    </p>
   </div>
   <div class='ocr_carea' id='block_1_15' title="bbox 313 1652 3558 1736">
    <p class='ocr_par' dir='ltr' id='par_1_15' title="bbox 313 1652 3558 1736">
     <span class='ocr_line' id='line_1_15' title="bbox 313 1652 3558 1736; baseline -0 -17"><span class='ocrx_word' id='word_1_153' title='bbox 313 1659 642 1722; x_wconf 76' lang='lat' dir='ltr'><strong>tellexerit</strong></span> <span class='ocrx_word' id='word_1_154' title='bbox 678 1663 956 1736; x_wconf 87' lang='lat' dir='ltr'><strong>eportet,</strong></span> <span class='ocrx_word' id='word_1_155' title='bbox 992 1655 1307 1734; x_wconf 88' lang='lat' dir='ltr'><strong>Spiritum</strong></span> <span class='ocrx_word' id='word_1_156' title='bbox 1339 1662 1630 1717; x_wconf 85' lang='lat' dir='ltr'><strong>sanctum</strong></span> <span class='ocrx_word' id='word_1_157' title='bbox 1670 1653 2042 1732; x_wconf 88' lang='lat' dir='ltr'><strong>procedere,</strong></span> <span class='ocrx_word' id='word_1_158' title='bbox 2075 1671 2195 1715; x_wconf 84' lang='lat' dir='ltr'><strong>seu.</strong></span> <span class='ocrx_word' id='word_1_159' title='bbox 2242 1670 2383 1714; x_wconf 88' lang='lat' dir='ltr'><strong>esse</strong></span> <span class='ocrx_word' id='word_1_160' title='bbox 2413 1672 2528 1732; x_wconf 74' lang='lat' dir='ltr'><strong>per</strong></span> <span class='ocrx_word' id='word_1_161' title='bbox 2581 1652 2838 1727; x_wconf 79' lang='lat' dir='ltr'><strong>Filium,</strong></span> <span class='ocrx_word' id='word_1_162' title='bbox 2865 1657 3027 1718; x_wconf 85' lang='lat' dir='ltr'><strong>sicut</strong></span> <span class='ocrx_word' id='word_1_163' title='bbox 3062 1673 3287 1718; x_wconf 89' lang='lat' dir='ltr'><strong>omnes</strong></span> <span class='ocrx_word' id='word_1_164' title='bbox 3325 1655 3558 1720; x_wconf 82' lang='lat' dir='ltr'><strong>Catho-</strong></span> 
     </span>
    </p>
   </div>
   <div class='ocr_carea' id='block_1_16' title="bbox 311 1757 3557 1842">
    <p class='ocr_par' dir='ltr' id='par_1_16' title="bbox 311 1757 3557 1842">
     <span class='ocr_line' id='line_1_16' title="bbox 311 1757 3557 1842; baseline -0 -17"><span class='ocrx_word' id='word_1_165' title='bbox 311 1767 421 1827; x_wconf 88' lang='lat' dir='ltr'><strong>lici</strong></span> <span class='ocrx_word' id='word_1_166' title='bbox 457 1762 826 1842; x_wconf 83' lang='lat' dir='ltr'><strong>intelligunt</strong></span> <span class='ocrx_word' id='word_1_167' title='bbox 848 1776 924 1822; x_wconf 84' lang='lat' dir='ltr'><strong>ea</strong></span> <span class='ocrx_word' id='word_1_168' title='bbox 953 1759 1297 1838; x_wconf 71' lang='lat' dir='ltr'><strong>Scriptum</strong></span> <span class='ocrx_word' id='word_1_169' title='bbox 1335 1757 1545 1830; x_wconf 86' lang='lat' dir='ltr'><strong>verba,</strong></span> <span class='ocrx_word' id='word_1_170' title='bbox 1581 1757 1808 1819; x_wconf 83' lang='lat' dir='ltr'><strong>Omnia</strong></span> <span class='ocrx_word' id='word_1_171' title='bbox 1857 1775 1973 1837; x_wconf 82' lang='lat' dir='ltr'><strong>per</strong></span> <span class='ocrx_word' id='word_1_172' title='bbox 2007 1759 2210 1835; x_wconf 85' lang='lat' dir='ltr'><strong>ipsum</strong></span> <span class='ocrx_word' id='word_1_173' title='bbox 2238 1759 2411 1836; x_wconf 79' lang='lat' dir='ltr'><strong>facta</strong></span> <span class='ocrx_word' id='word_1_174' title='bbox 2463 1768 2611 1818; x_wconf 77' lang='lat' dir='ltr'><strong>sunt</strong></span> <span class='ocrx_word' id='word_1_175' title='bbox 2640 1779 2661 1818; x_wconf 93' lang='lat'><strong><em>:</em></strong></span> <span class='ocrx_word' id='word_1_176' title='bbox 2702 1768 2763 1821; x_wconf 88' lang='lat' dir='ltr'><strong>et</strong></span> <span class='ocrx_word' id='word_1_177' title='bbox 2795 1776 2920 1840; x_wconf 85' lang='lat' dir='ltr'><strong>qua</strong></span> <span class='ocrx_word' id='word_1_178' title='bbox 2955 1759 3201 1822; x_wconf 84' lang='lat' dir='ltr'><strong>ratione</strong></span> <span class='ocrx_word' id='word_1_179' title='bbox 3248 1763 3337 1824; x_wconf 85' lang='lat' dir='ltr'><strong>ait</strong></span> <span class='ocrx_word' id='word_1_180' title='bbox 3368 1762 3557 1824; x_wconf 84' lang='lat' dir='ltr'><strong>etiam</strong></span> 
     </span>
    </p>
   </div>
   <div class='ocr_carea' id='block_1_17' title="bbox 308 1858 3560 1944">
    <p class='ocr_par' dir='ltr' id='par_1_17' title="bbox 308 1858 3560 1944">
     <span class='ocr_line' id='line_1_17' title="bbox 308 1858 3560 1944; baseline -0.001 -16"><span class='ocrx_word' id='word_1_181' title='bbox 308 1865 623 1944; x_wconf 71' lang='lat' dir='ltr'><strong>Cyrillus,</strong></span> <span class='ocrx_word' id='word_1_182' title='bbox 658 1880 804 1924; x_wconf 87' lang='lat' dir='ltr'><strong>eum</strong></span> <span class='ocrx_word' id='word_1_183' title='bbox 840 1861 1188 1940; x_wconf 85' lang='lat' dir='ltr'><strong>procedere</strong></span> <span class='ocrx_word' id='word_1_184' title='bbox 1215 1877 1336 1940; x_wconf 87' lang='lat' dir='ltr'><strong>per</strong></span> <span class='ocrx_word' id='word_1_185' title='bbox 1354 1860 1632 1934; x_wconf 79' lang='lat' dir='ltr'><strong>Patrem,</strong></span> <span class='ocrx_word' id='word_1_186' title='bbox 1669 1867 1735 1919; x_wconf 91' lang='lat' dir='ltr'><strong>ut</strong></span> <span class='ocrx_word' id='word_1_187' title='bbox 1765 1876 1992 1936; x_wconf 86' lang='lat' dir='ltr'><strong>nempe</strong></span> <span class='ocrx_word' id='word_1_188' title='bbox 2021 1858 2231 1920; x_wconf 73' lang='lat' dir='ltr'><strong>Filius</strong></span> <span class='ocrx_word' id='word_1_189' title='bbox 2267 1859 2638 1922; x_wconf 85' lang='lat' dir='ltr'><strong>nullatenus</strong></span> <span class='ocrx_word' id='word_1_190' title='bbox 2668 1862 3043 1923; x_wconf 84' lang='lat' dir='ltr'><strong>excludatur</strong></span> <span class='ocrx_word' id='word_1_191' title='bbox 3072 1879 3104 1923; x_wconf 89' lang='lat' dir='ltr'><strong>a</strong></span> <span class='ocrx_word' id='word_1_192' title='bbox 3133 1863 3560 1942; x_wconf 66' lang='lat' dir='ltr'><strong>productione</strong></span> 
     </span>
    </p>
   </div>
   <div class='ocr_carea' id='block_1_18' title="bbox 305 1961 3552 2046">
    <p class='ocr_par' dir='ltr' id='par_1_18' title="bbox 305 1961 3552 2046">
     <span class='ocr_line' id='line_1_18' title="bbox 305 1961 3552 2046; baseline -0 -17"><span class='ocrx_word' id='word_1_193' title='bbox 305 1966 595 2045; x_wconf 86' lang='lat' dir='ltr'><strong>Spiritus</strong></span> <span class='ocrx_word' id='word_1_194' title='bbox 637 1964 863 2037; x_wconf 90' lang='lat' dir='ltr'><strong>sancti,</strong></span> <span class='ocrx_word' id='word_1_195' title='bbox 915 1964 1207 2040; x_wconf 79' lang='lat' dir='ltr'><strong>adeoque</strong></span> <span class='ocrx_word' id='word_1_196' title='bbox 1255 1962 1348 2025; x_wconf 89' lang='lat' dir='ltr'><strong>sic</strong></span> <span class='ocrx_word' id='word_1_197' title='bbox 1402 1963 1738 2025; x_wconf 88' lang='lat' dir='ltr'><strong>statuenda</strong></span> <span class='ocrx_word' id='word_1_198' title='bbox 1773 1977 1872 2024; x_wconf 91' lang='lat' dir='ltr'><strong>res</strong></span> <span class='ocrx_word' id='word_1_199' title='bbox 1902 1967 2001 2023; x_wconf 89' lang='lat' dir='ltr'><strong>est</strong></span> <span class='ocrx_word' id='word_1_200' title='bbox 2032 1978 2046 2022; x_wconf 92' lang='lat'><strong><em>:</em></strong></span> <span class='ocrx_word' id='word_1_201' title='bbox 2088 1961 2270 2023; x_wconf 87' lang='lat' dir='ltr'><strong>Pater</strong></span> <span class='ocrx_word' id='word_1_202' title='bbox 2295 1961 2502 2040; x_wconf 82' lang='lat' dir='ltr'><strong>primo</strong></span> <span class='ocrx_word' id='word_1_203' title='bbox 2529 1972 2586 2022; x_wconf 87' lang='lat' dir='ltr'><strong>et</strong></span> <span class='ocrx_word' id='word_1_204' title='bbox 2610 1963 3083 2042; x_wconf 78' lang='lat' dir='ltr'><strong>principaliter,</strong></span> <span class='ocrx_word' id='word_1_205' title='bbox 3116 1983 3231 2029; x_wconf 85' lang='lat' dir='ltr'><strong>seu</strong></span> <span class='ocrx_word' id='word_1_206' title='bbox 3267 1968 3552 2046; x_wconf 88' lang='lat' dir='ltr'><strong>primor-</strong></span> 
     </span>
    </p>
   </div>
   <div class='ocr_carea' id='block_1_19' title="bbox 304 2062 3553 2144">
    <p class='ocr_par' dir='ltr' id='par_1_19' title="bbox 304 2062 3553 2144">
     <span class='ocr_line' id='line_1_19' title="bbox 304 2062 3553 2144; baseline 0.001 -17"><span class='ocrx_word' id='word_1_207' title='bbox 304 2065 593 2144; x_wconf 72' lang='lat' dir='ltr'><strong>diaiiter,</strong></span> <span class='ocrx_word' id='word_1_208' title='bbox 634 2072 1134 2144; x_wconf 78' lang='grc' dir='ltr'><strong>προκαταρκτικῶς</strong></span> <span class='ocrx_word' id='word_1_209' title='bbox 1174 2063 1475 2142; x_wconf 88' lang='lat' dir='ltr'><strong>producit</strong></span> <span class='ocrx_word' id='word_1_210' title='bbox 1536 2062 1843 2142; x_wconf 87' lang='lat' dir='ltr'><strong>Spiritum</strong></span> <span class='ocrx_word' id='word_1_211' title='bbox 1877 2069 2168 2122; x_wconf 88' lang='lat' dir='ltr'><strong>sanctum</strong></span> <span class='ocrx_word' id='word_1_212' title='bbox 2215 2070 2535 2141; x_wconf 84' lang='lat' dir='ltr'><strong>quatenus</strong></span> <span class='ocrx_word' id='word_1_213' title='bbox 2583 2073 2812 2142; x_wconf 83' lang='lat' dir='ltr'><strong>suapte</strong></span> <span class='ocrx_word' id='word_1_214' title='bbox 2855 2065 3089 2128; x_wconf 89' lang='lat' dir='ltr'><strong>virtute</strong></span> <span class='ocrx_word' id='word_1_215' title='bbox 3127 2084 3160 2128; x_wconf 91' lang='lat' dir='ltr'><strong>a</strong></span> <span class='ocrx_word' id='word_1_216' title='bbox 3187 2067 3371 2132; x_wconf 90' lang='lat' dir='ltr'><strong>nullo</strong></span> <span class='ocrx_word' id='word_1_217' title='bbox 3425 2068 3553 2133; x_wconf 81' lang='lat' dir='ltr'><strong>alio</strong></span> 
     </span>
    </p>
   </div>
   <div class='ocr_carea' id='block_1_20' title="bbox 309 2162 3559 2258">
    <p class='ocr_par' dir='ltr' id='par_1_20' title="bbox 309 2162 3559 2258">
     <span class='ocr_line' id='line_1_20' title="bbox 309 2162 3559 2258; baseline 0.002 -31"><span class='ocrx_word' id='word_1_218' title='bbox 309 2180 570 2251; x_wconf 78' lang='lat' dir='ltr'><strong>recepta</strong></span> <span class='ocrx_word' id='word_1_219' title='bbox 605 2169 931 2250; x_wconf 84' lang='lat' dir='ltr'><strong>producit;</strong></span> <span class='ocrx_word' id='word_1_220' title='bbox 958 2168 1250 2258; x_wconf 74' lang='lat' dir='ltr'><strong>adepque</strong></span> <span class='ocrx_word' id='word_1_221' title='bbox 1279 2167 1556 2244; x_wconf 78' lang='lat' dir='ltr'><strong>primunt</strong></span> <span class='ocrx_word' id='word_1_222' title='bbox 1595 2166 1864 2226; x_wconf 91' lang='lat' dir='ltr'><strong>omnino</strong></span> <span class='ocrx_word' id='word_1_223' title='bbox 1896 2169 2012 2236; x_wconf 87' lang='lat' dir='ltr'><strong>est,</strong></span> <span class='ocrx_word' id='word_1_224' title='bbox 2049 2162 2434 2244; x_wconf 88' lang='lat' dir='ltr'><strong>nullumque</strong></span> <span class='ocrx_word' id='word_1_225' title='bbox 2471 2168 2911 2246; x_wconf 70' lang='lat' dir='ltr'><strong>prazsnppenit</strong></span> <span class='ocrx_word' id='word_1_226' title='bbox 2942 2171 3253 2246; x_wconf 83' lang='lat' dir='ltr'><strong>anterius,</strong></span> <span class='ocrx_word' id='word_1_227' title='bbox 3283 2189 3357 2235; x_wconf 88' lang='lat' dir='ltr'><strong>ac</strong></span> <span class='ocrx_word' id='word_1_228' title='bbox 3415 2193 3559 2234; x_wconf 74' lang='lat' dir='ltr'><strong>veru</strong></span> 
     </span>
    </p>
   </div>
   <div class='ocr_carea' id='block_1_21' title="bbox 304 2268 1959 2356">
    <p class='ocr_par' dir='ltr' id='par_1_21' title="bbox 304 2269 1959 2355">
     <span class='ocr_line' id='line_1_21' title="bbox 304 2269 1959 2355; baseline -0.005 -20"><span class='ocrx_word' id='word_1_229' title='bbox 304 2281 772 2355; x_wconf 71' lang='grc' dir='ltr'><strong>προκαταρκτικὴ</strong></span> <span class='ocrx_word' id='word_1_230' title='bbox 801 2281 950 2337; x_wconf 72' lang='grc' dir='ltr'><strong>αἰτία</strong></span> <span class='ocrx_word' id='word_1_231' title='bbox 988 2270 1267 2353; x_wconf 83' lang='lat' dir='ltr'><strong>Spiritus</strong></span> <span class='ocrx_word' id='word_1_232' title='bbox 1312 2269 1534 2332; x_wconf 73' lang='lat' dir='ltr'><strong>sancti.</strong></span> <span class='ocrx_word' id='word_1_233' title='bbox 1570 2269 1867 2330; x_wconf 80' lang='lat' dir='ltr'><strong>Producit</strong></span> <span class='ocrx_word' id='word_1_234' title='bbox 1904 2279 1959 2329; x_wconf 89' lang='lat' dir='ltr'><strong>et</strong></span> 
     </span>
    </p>
   </div>
   <div class='ocr_carea' id='block_1_22' title="bbox 1908 2268 3563 2356">
    <p class='ocr_par' dir='ltr' id='par_1_22' title="bbox 1908 2268 3563 2356">
     <span class='ocr_line' id='line_1_22' title="bbox 1908 2268 3563 2356; baseline 0.007 -28"><span class='ocrx_word' id='word_1_235' title='bbox 1908 2268 2092 2329; x_wconf 87' lang='lat' dir='ltr'><strong>etiam</strong></span> <span class='ocrx_word' id='word_1_236' title='bbox 2135 2285 2250 2346; x_wconf 81' lang='lat' dir='ltr'><strong>per</strong></span> <span class='ocrx_word' id='word_1_237' title='bbox 2287 2269 2548 2344; x_wconf 79' lang='lat' dir='ltr'><strong>Filium,</strong></span> <span class='ocrx_word' id='word_1_238' title='bbox 2579 2276 2898 2351; x_wconf 87' lang='lat' dir='ltr'><strong>quatenus</strong></span> <span class='ocrx_word' id='word_1_239' title='bbox 2935 2273 3138 2339; x_wconf 88' lang='lat' dir='ltr'><strong>virtus</strong></span> <span class='ocrx_word' id='word_1_240' title='bbox 3179 2275 3286 2338; x_wconf 87' lang='lat' dir='ltr'><strong>illa</strong></span> <span class='ocrx_word' id='word_1_241' title='bbox 3326 2281 3563 2356; x_wconf 88' lang='lat' dir='ltr'><strong>produ-</strong></span> 
     </span>
    </p>
   </div>
   <div class='ocr_carea' id='block_1_23' title="bbox 305 2371 3561 2458">
    <p class='ocr_par' dir='ltr' id='par_1_23' title="bbox 305 2371 3561 2458">
     <span class='ocr_line' id='line_1_23' title="bbox 305 2371 3561 2458; baseline 0.002 -20"><span class='ocrx_word' id='word_1_242' title='bbox 305 2377 476 2438; x_wconf 81' lang='lat' dir='ltr'><strong>ctrix</strong></span> <span class='ocrx_word' id='word_1_243' title='bbox 522 2393 644 2440; x_wconf 88' lang='lat' dir='ltr'><strong>una</strong></span> <span class='ocrx_word' id='word_1_244' title='bbox 676 2377 1035 2456; x_wconf 87' lang='lat' dir='ltr'><strong>eademque</strong></span> <span class='ocrx_word' id='word_1_245' title='bbox 1089 2384 1186 2437; x_wconf 90' lang='lat' dir='ltr'><strong>est</strong></span> <span class='ocrx_word' id='word_1_246' title='bbox 1218 2390 1364 2436; x_wconf 88' lang='lat' dir='ltr'><strong>cum</strong></span> <span class='ocrx_word' id='word_1_247' title='bbox 1397 2373 1617 2436; x_wconf 86' lang='lat' dir='ltr'><strong>divina</strong></span> <span class='ocrx_word' id='word_1_248' title='bbox 1673 2379 1896 2434; x_wconf 86' lang='lat' dir='ltr'><strong>natura</strong></span> <span class='ocrx_word' id='word_1_249' title='bbox 1930 2371 2099 2432; x_wconf 88' lang='lat' dir='ltr'><strong>Filio</strong></span> <span class='ocrx_word' id='word_1_250' title='bbox 2153 2371 2620 2434; x_wconf 81' lang='lat' dir='ltr'><strong>communicata</strong></span> <span class='ocrx_word' id='word_1_251' title='bbox 2657 2381 2720 2436; x_wconf 88' lang='lat' dir='ltr'><strong>et</strong></span> <span class='ocrx_word' id='word_1_252' title='bbox 2771 2374 2836 2436; x_wconf 91' lang='lat' dir='ltr'><strong>in</strong></span> <span class='ocrx_word' id='word_1_253' title='bbox 2869 2375 3013 2456; x_wconf 92' lang='lat' dir='ltr'><strong>ipse</strong></span> <span class='ocrx_word' id='word_1_254' title='bbox 3039 2386 3316 2458; x_wconf 82' lang='lat' dir='ltr'><strong>recepta.</strong></span> <span class='ocrx_word' id='word_1_255' title='bbox 3345 2381 3561 2456; x_wconf 78' lang='lat' dir='ltr'><strong>Quare</strong></span> 
     </span>
    </p>
   </div>
   <div class='ocr_carea' id='block_1_24' title="bbox 312 2475 3563 2561">
    <p class='ocr_par' dir='ltr' id='par_1_24' title="bbox 312 2475 3563 2561">
     <span class='ocr_line' id='line_1_24' title="bbox 312 2475 3563 2561; baseline 0.002 -21"><span class='ocrx_word' id='word_1_256' title='bbox 312 2479 618 2556; x_wconf 85' lang='lat' dir='ltr'><strong>producit</strong></span> <span class='ocrx_word' id='word_1_257' title='bbox 661 2481 859 2541; x_wconf 87' lang='lat' dir='ltr'><strong>etiam</strong></span> <span class='ocrx_word' id='word_1_258' title='bbox 897 2477 1106 2541; x_wconf 86' lang='lat' dir='ltr'><strong>Filius</strong></span> <span class='ocrx_word' id='word_1_259' title='bbox 1139 2477 1202 2540; x_wconf 85' lang='lat' dir='ltr'><strong>vi</strong></span> <span class='ocrx_word' id='word_1_260' title='bbox 1235 2484 1296 2539; x_wconf 91' lang='lat' dir='ltr'><strong>et</strong></span> <span class='ocrx_word' id='word_1_261' title='bbox 1327 2477 1575 2539; x_wconf 89' lang='lat' dir='ltr'><strong>actione</strong></span> <span class='ocrx_word' id='word_1_262' title='bbox 1604 2493 1638 2538; x_wconf 89' lang='lat' dir='ltr'><strong>a</strong></span> <span class='ocrx_word' id='word_1_263' title='bbox 1680 2478 1860 2538; x_wconf 87' lang='lat' dir='ltr'><strong>Patre</strong></span> <span class='ocrx_word' id='word_1_264' title='bbox 1903 2481 2196 2552; x_wconf 78' lang='lat' dir='ltr'><strong>recepta;</strong></span> <span class='ocrx_word' id='word_1_265' title='bbox 2235 2491 2360 2536; x_wconf 88' lang='lat' dir='ltr'><strong>non</strong></span> <span class='ocrx_word' id='word_1_266' title='bbox 2399 2475 2693 2554; x_wconf 87' lang='lat' dir='ltr'><strong>producit</strong></span> <span class='ocrx_word' id='word_1_267' title='bbox 2746 2495 2896 2540; x_wconf 85' lang='lat' dir='ltr'><strong>vero</strong></span> <span class='ocrx_word' id='word_1_268' title='bbox 2930 2479 3166 2543; x_wconf 88' lang='lat' dir='ltr'><strong>virtute</strong></span> <span class='ocrx_word' id='word_1_269' title='bbox 3202 2483 3456 2561; x_wconf 88' lang='lat' dir='ltr'><strong>prepria</strong></span> <span class='ocrx_word' id='word_1_270' title='bbox 3501 2492 3563 2547; x_wconf 87' lang='lat' dir='ltr'><strong>et</strong></span> 
     </span>
    </p>
   </div>
   <div class='ocr_carea' id='block_1_25' title="bbox 305 2575 3561 2663">
    <p class='ocr_par' dir='ltr' id='par_1_25' title="bbox 305 2575 3561 2663">
     <span class='ocr_line' id='line_1_25' title="bbox 305 2575 3561 2663; baseline 0.001 -21"><span class='ocrx_word' id='word_1_271' title='bbox 305 2579 713 2662; x_wconf 79' lang='lat' dir='ltr'><strong>primigenia,</strong></span> <span class='ocrx_word' id='word_1_272' title='bbox 747 2597 864 2642; x_wconf 88' lang='lat' dir='ltr'><strong>seu</strong></span> <span class='ocrx_word' id='word_1_273' title='bbox 917 2596 1110 2663; x_wconf 85' lang='lat' dir='ltr'><strong>quam</strong></span> <span class='ocrx_word' id='word_1_274' title='bbox 1138 2594 1266 2642; x_wconf 90' lang='lat' dir='ltr'><strong>non</strong></span> <span class='ocrx_word' id='word_1_275' title='bbox 1317 2578 1634 2656; x_wconf 77' lang='lat' dir='ltr'><strong>receperit</strong></span> <span class='ocrx_word' id='word_1_276' title='bbox 1680 2576 1758 2637; x_wconf 88' lang='lat' dir='ltr'><strong>ab</strong></span> <span class='ocrx_word' id='word_1_277' title='bbox 1807 2575 2081 2653; x_wconf 84' lang='lat' dir='ltr'><strong>ipsemet</strong></span> <span class='ocrx_word' id='word_1_278' title='bbox 2112 2578 2317 2647; x_wconf 80' lang='lat' dir='ltr'><strong>Patre,</strong></span> <span class='ocrx_word' id='word_1_279' title='bbox 2353 2593 2566 2657; x_wconf 85' lang='lat' dir='ltr'><strong>neque</strong></span> <span class='ocrx_word' id='word_1_280' title='bbox 2597 2578 2847 2644; x_wconf 88' lang='lat' dir='ltr'><strong>actione</strong></span> <span class='ocrx_word' id='word_1_281' title='bbox 2877 2580 3129 2644; x_wconf 88' lang='lat' dir='ltr'><strong>diversa</strong></span> <span class='ocrx_word' id='word_1_282' title='bbox 3165 2590 3228 2644; x_wconf 90' lang='lat' dir='ltr'><strong>et</strong></span> <span class='ocrx_word' id='word_1_283' title='bbox 3258 2583 3561 2646; x_wconf 81' lang='lat' dir='ltr'><strong>distincta</strong></span> 
     </span>
    </p>
   </div>
   <div class='ocr_carea' id='block_1_26' title="bbox 313 2679 3563 2766">
    <p class='ocr_par' dir='ltr' id='par_1_26' title="bbox 313 2679 3563 2766">
     <span class='ocr_line' id='line_1_26' title="bbox 313 2679 3563 2766; baseline 0.001 -18"><span class='ocrx_word' id='word_1_284' title='bbox 313 2688 392 2748; x_wconf 86' lang='lat' dir='ltr'><strong>ab</strong></span> <span class='ocrx_word' id='word_1_285' title='bbox 416 2688 672 2748; x_wconf 87' lang='lat' dir='ltr'><strong>actione</strong></span> <span class='ocrx_word' id='word_1_286' title='bbox 699 2686 921 2750; x_wconf 87' lang='lat' dir='ltr'><strong>Patris.</strong></span> <span class='ocrx_word' id='word_1_287' title='bbox 954 2686 1124 2750; x_wconf 80' lang='lat' dir='ltr'><strong>Hinc</strong></span> <span class='ocrx_word' id='word_1_288' title='bbox 1152 2685 1210 2748; x_wconf 89' lang='lat' dir='ltr'><strong>si</strong></span> <span class='ocrx_word' id='word_1_289' title='bbox 1245 2683 1446 2747; x_wconf 88' lang='lat' dir='ltr'><strong>virtus</strong></span> <span class='ocrx_word' id='word_1_290' title='bbox 1475 2691 1539 2746; x_wconf 90' lang='lat' dir='ltr'><strong>et</strong></span> <span class='ocrx_word' id='word_1_291' title='bbox 1569 2681 1735 2745; x_wconf 84' lang='lat' dir='ltr'><strong>actio</strong></span> <span class='ocrx_word' id='word_1_292' title='bbox 1760 2679 1894 2756; x_wconf 88' lang='lat' dir='ltr'><strong>illa,</strong></span> <span class='ocrx_word' id='word_1_293' title='bbox 1931 2697 2058 2760; x_wconf 87' lang='lat' dir='ltr'><strong>qua</strong></span> <span class='ocrx_word' id='word_1_294' title='bbox 2089 2681 2468 2760; x_wconf 81' lang='lat' dir='ltr'><strong>producitur</strong></span> <span class='ocrx_word' id='word_1_295' title='bbox 2500 2683 2780 2762; x_wconf 89' lang='lat' dir='ltr'><strong>Spiritus</strong></span> <span class='ocrx_word' id='word_1_296' title='bbox 2814 2699 3100 2758; x_wconf 87' lang='lat' dir='ltr'><strong>sanctus,</strong></span> <span class='ocrx_word' id='word_1_297' title='bbox 3136 2692 3461 2766; x_wconf 84' lang='lat' dir='ltr'><strong>spectetur</strong></span> <span class='ocrx_word' id='word_1_298' title='bbox 3495 2700 3563 2751; x_wconf 91' lang='lat' dir='ltr'><strong>ut</strong></span> 
     </span>
    </p>
   </div>
   <div class='ocr_carea' id='block_1_27' title="bbox 319 2780 3561 2866">
    <p class='ocr_par' dir='ltr' id='par_1_27' title="bbox 319 2780 3561 2866">
     <span class='ocr_line' id='line_1_27' title="bbox 319 2780 3561 2866; baseline 0.001 -16"><span class='ocrx_word' id='word_1_299' title='bbox 319 2805 357 2850; x_wconf 88' lang='lat' dir='ltr'><strong>a</strong></span> <span class='ocrx_word' id='word_1_300' title='bbox 380 2790 560 2851; x_wconf 82' lang='lat' dir='ltr'><strong>Patre</strong></span> <span class='ocrx_word' id='word_1_301' title='bbox 596 2793 873 2865; x_wconf 89' lang='lat' dir='ltr'><strong>recepta,</strong></span> <span class='ocrx_word' id='word_1_302' title='bbox 913 2783 1366 2866; x_wconf 88' lang='lat' dir='ltr'><strong>prepriissime</strong></span> <span class='ocrx_word' id='word_1_303' title='bbox 1395 2781 1632 2844; x_wconf 87' lang='lat' dir='ltr'><strong>dicitur</strong></span> <span class='ocrx_word' id='word_1_304' title='bbox 1675 2780 1958 2859; x_wconf 86' lang='lat' dir='ltr'><strong>Spiritus</strong></span> <span class='ocrx_word' id='word_1_305' title='bbox 1993 2783 2343 2858; x_wconf 81' lang='lat' dir='ltr'><strong>procedere</strong></span> <span class='ocrx_word' id='word_1_306' title='bbox 2373 2801 2412 2841; x_wconf 81' lang='grc' dir='ltr'><em>α</em></span> <span class='ocrx_word' id='word_1_307' title='bbox 2444 2781 2640 2843; x_wconf 81' lang='lat' dir='ltr'><strong>Patre</strong></span> <span class='ocrx_word' id='word_1_308' title='bbox 2667 2801 2787 2864; x_wconf 83' lang='lat' dir='ltr'><strong>per</strong></span> <span class='ocrx_word' id='word_1_309' title='bbox 2815 2784 3092 2854; x_wconf 83' lang='lat' dir='ltr'><strong>Fili-um:</strong></span> <span class='ocrx_word' id='word_1_310' title='bbox 3127 2795 3190 2849; x_wconf 86' lang='lat' dir='ltr'><strong>at</strong></span> <span class='ocrx_word' id='word_1_311' title='bbox 3241 2788 3294 2850; x_wconf 84' lang='lat' dir='ltr'><strong>si</strong></span> <span class='ocrx_word' id='word_1_312' title='bbox 3338 2791 3561 2854; x_wconf 84' lang='lat' dir='ltr'><strong>eadem</strong></span> 
     </span>
    </p>
   </div>
   <div class='ocr_carea' id='block_1_28' title="bbox 325 2879 3564 2971">
    <p class='ocr_par' dir='ltr' id='par_1_28' title="bbox 325 2879 3564 2971">
     <span class='ocr_line' id='line_1_28' title="bbox 325 2879 3564 2971; baseline 0.002 -23"><span class='ocrx_word' id='word_1_313' title='bbox 325 2890 520 2951; x_wconf 86' lang='lat' dir='ltr'><strong>virtus</strong></span> <span class='ocrx_word' id='word_1_314' title='bbox 555 2895 616 2949; x_wconf 90' lang='lat' dir='ltr'><strong>et</strong></span> <span class='ocrx_word' id='word_1_315' title='bbox 645 2886 813 2950; x_wconf 90' lang='lat' dir='ltr'><strong>actio</strong></span> <span class='ocrx_word' id='word_1_316' title='bbox 853 2885 1303 2948; x_wconf 86' lang='lat' dir='ltr'><strong>consideretur</strong></span> <span class='ocrx_word' id='word_1_317' title='bbox 1349 2890 1416 2947; x_wconf 88' lang='lat' dir='ltr'><strong>ut</strong></span> <span class='ocrx_word' id='word_1_318' title='bbox 1445 2881 1608 2947; x_wconf 81' lang='lat' dir='ltr'><strong>facta</strong></span> <span class='ocrx_word' id='word_1_319' title='bbox 1653 2881 1783 2961; x_wconf 86' lang='lat' dir='ltr'><strong>jam</strong></span> <span class='ocrx_word' id='word_1_320' title='bbox 1839 2879 2094 2960; x_wconf 89' lang='lat' dir='ltr'><strong>propria</strong></span> <span class='ocrx_word' id='word_1_321' title='bbox 2129 2879 2311 2955; x_wconf 88' lang='lat' dir='ltr'><strong>Filii,</strong></span> <span class='ocrx_word' id='word_1_322' title='bbox 2343 2883 2638 2960; x_wconf 85' lang='lat' dir='ltr'><strong>adeoque</strong></span> <span class='ocrx_word' id='word_1_323' title='bbox 2667 2884 2906 2946; x_wconf 81' lang='lat' dir='ltr'><strong>Filium</strong></span> <span class='ocrx_word' id='word_1_324' title='bbox 2939 2884 3246 2963; x_wconf 74' lang='lat' dir='ltr'><strong>alliciens,</strong></span> <span class='ocrx_word' id='word_1_325' title='bbox 3279 2905 3564 2971; x_wconf 85' lang='lat' dir='ltr'><strong>cumque</strong></span> 
     </span>
    </p>
   </div>
   <div class='ocr_carea' id='block_1_29' title="bbox 308 2981 3564 3064">
    <p class='ocr_par' dir='ltr' id='par_1_29' title="bbox 308 2981 3564 3064">
     <span class='ocr_line' id='line_1_29' title="bbox 308 2981 3564 3064; baseline -0.001 -11"><span class='ocrx_word' id='word_1_326' title='bbox 308 2991 720 3053; x_wconf 90' lang='lat' dir='ltr'><strong>constituens</strong></span> <span class='ocrx_word' id='word_1_327' title='bbox 751 2996 1057 3060; x_wconf 87' lang='lat' dir='ltr'><strong>actorem,</strong></span> <span class='ocrx_word' id='word_1_328' title='bbox 1091 2987 1186 3050; x_wconf 90' lang='lat' dir='ltr'><strong>sic</strong></span> <span class='ocrx_word' id='word_1_329' title='bbox 1213 2986 1342 3048; x_wconf 91' lang='lat' dir='ltr'><strong>dici</strong></span> <span class='ocrx_word' id='word_1_330' title='bbox 1371 2995 1517 3064; x_wconf 59' lang='lat' dir='ltr'><strong>iure</strong></span> <span class='ocrx_word' id='word_1_331' title='bbox 1549 2984 1794 3063; x_wconf 89' lang='lat' dir='ltr'><strong>eptimo</strong></span> <span class='ocrx_word' id='word_1_332' title='bbox 1819 2988 2046 3060; x_wconf 88' lang='lat' dir='ltr'><strong>potest,</strong></span> <span class='ocrx_word' id='word_1_333' title='bbox 2080 2981 2388 3060; x_wconf 88' lang='lat' dir='ltr'><strong>Spiritum</strong></span> <span class='ocrx_word' id='word_1_334' title='bbox 2420 2983 2611 3044; x_wconf 86' lang='lat' dir='ltr'><strong>etiam</strong></span> <span class='ocrx_word' id='word_1_335' title='bbox 2645 2984 2992 3063; x_wconf 88' lang='lat' dir='ltr'><strong>procedere</strong></span> <span class='ocrx_word' id='word_1_336' title='bbox 3023 3004 3125 3056; x_wconf 76' lang='lat' dir='ltr'><strong>ex,</strong></span> <span class='ocrx_word' id='word_1_337' title='bbox 3157 2987 3314 3049; x_wconf 87' lang='lat' dir='ltr'><strong>vela</strong></span> <span class='ocrx_word' id='word_1_338' title='bbox 3340 2990 3512 3052; x_wconf 86' lang='lat' dir='ltr'><strong>Filio</strong></span> <span class='ocrx_word' id='word_1_339' title='bbox 3544 3012 3564 3052; x_wconf 92' lang='lat'><strong><em>:</em></strong></span> 
     </span>
    </p>
   </div>
   <div class='ocr_carea' id='block_1_30' title="bbox 312 3087 3560 3173">
    <p class='ocr_par' dir='ltr' id='par_1_30' title="bbox 312 3087 3560 3173">
     <span class='ocr_line' id='line_1_30' title="bbox 312 3087 3560 3173; baseline -0.001 -16"><span class='ocrx_word' id='word_1_340' title='bbox 312 3099 405 3158; x_wconf 87' lang='lat' dir='ltr'><strong>ita</strong></span> <span class='ocrx_word' id='word_1_341' title='bbox 461 3103 675 3157; x_wconf 88' lang='lat' dir='ltr'><strong>tamen</strong></span> <span class='ocrx_word' id='word_1_342' title='bbox 713 3101 780 3156; x_wconf 91' lang='lat' dir='ltr'><strong>ut</strong></span> <span class='ocrx_word' id='word_1_343' title='bbox 811 3093 867 3155; x_wconf 85' lang='lat' dir='ltr'><strong>si</strong></span> <span class='ocrx_word' id='word_1_344' title='bbox 903 3091 1235 3173; x_wconf 80' lang='lat' dir='ltr'><strong>perticulm</strong></span> <span class='ocrx_word' id='word_1_345' title='bbox 1265 3109 1343 3152; x_wconf 77' lang='lat' dir='ltr'><strong>ea:</strong></span> <span class='ocrx_word' id='word_1_346' title='bbox 1377 3089 1670 3168; x_wconf 85' lang='lat' dir='ltr'><strong>illigetnr</strong></span> <span class='ocrx_word' id='word_1_347' title='bbox 1699 3088 2083 3167; x_wconf 71' lang='lat' dir='ltr'><strong>signiﬁcatio</strong></span> <span class='ocrx_word' id='word_1_348' title='bbox 2108 3087 2499 3166; x_wconf 71' lang='lat' dir='ltr'><strong>primigenii,</strong></span> <span class='ocrx_word' id='word_1_349' title='bbox 2538 3104 2654 3149; x_wconf 89' lang='lat' dir='ltr'><strong>seu</strong></span> <span class='ocrx_word' id='word_1_350' title='bbox 2703 3089 2897 3168; x_wconf 86' lang='lat' dir='ltr'><strong>primi</strong></span> <span class='ocrx_word' id='word_1_351' title='bbox 2935 3091 3198 3152; x_wconf 90' lang='lat' dir='ltr'><strong>omnino</strong></span> <span class='ocrx_word' id='word_1_352' title='bbox 3225 3093 3560 3173; x_wconf 72' lang='lat' dir='ltr'><strong>principii,</strong></span> 
     </span>
    </p>
   </div>
   <div class='ocr_carea' id='block_1_31' title="bbox 311 3189 1966 3282">
    <p class='ocr_par' dir='ltr' id='par_1_31' title="bbox 311 3189 1966 3282">
     <span class='ocr_line' id='line_1_31' title="bbox 311 3189 1966 3282; baseline -0.008 -18"><span class='ocrx_word' id='word_1_353' title='bbox 311 3207 814 3282; x_wconf 67' lang='grc' dir='ltr'><strong>πρκικειταρκτικῆς</strong></span> <span class='ocrx_word' id='word_1_354' title='bbox 841 3204 1043 3270; x_wconf 76' lang='grc' dir='ltr'><strong>αἰτίας,</strong></span> <span class='ocrx_word' id='word_1_355' title='bbox 1088 3209 1276 3273; x_wconf 70' lang='lat' dir='ltr'><strong>mque</strong></span> <span class='ocrx_word' id='word_1_356' title='bbox 1307 3193 1452 3274; x_wconf 83' lang='lat' dir='ltr'><strong>jure</strong></span> <span class='ocrx_word' id='word_1_357' title='bbox 1487 3190 1704 3271; x_wconf 86' lang='lat' dir='ltr'><strong>negari</strong></span> <span class='ocrx_word' id='word_1_358' title='bbox 1743 3189 1966 3267; x_wconf 71' lang='lat' dir='ltr'><strong>pessit,</strong></span> 
     </span>
    </p>
   </div>
   <div class='ocr_carea' id='block_1_32' title="bbox 1903 3189 3558 3282">
    <p class='ocr_par' dir='ltr' id='par_1_32' title="bbox 1903 3189 3558 3275">
     <span class='ocr_line' id='line_1_32' title="bbox 1903 3189 3558 3275; baseline 0.005 -25"><span class='ocrx_word' id='word_1_359' title='bbox 1903 3189 1968 3264; x_wconf 89' lang='lat' dir='ltr'><strong>it,</strong></span> <span class='ocrx_word' id='word_1_360' title='bbox 1997 3189 2307 3268; x_wconf 82' lang='lat' dir='ltr'><strong>Spiritum</strong></span> <span class='ocrx_word' id='word_1_361' title='bbox 2369 3190 2720 3268; x_wconf 88' lang='lat' dir='ltr'><strong>procedere</strong></span> <span class='ocrx_word' id='word_1_362' title='bbox 2750 3209 2830 3252; x_wconf 82' lang='lat' dir='ltr'><strong>ex</strong></span> <span class='ocrx_word' id='word_1_363' title='bbox 2863 3189 3050 3253; x_wconf 87' lang='lat' dir='ltr'><strong>Filio.</strong></span> <span class='ocrx_word' id='word_1_364' title='bbox 3097 3194 3173 3256; x_wconf 81' lang='lat' dir='ltr'><strong>Ut</strong></span> <span class='ocrx_word' id='word_1_365' title='bbox 3215 3194 3411 3273; x_wconf 86' lang='lat' dir='ltr'><strong>igitur</strong></span> <span class='ocrx_word' id='word_1_366' title='bbox 3443 3213 3558 3275; x_wconf 78' lang='lat' dir='ltr'><strong>pax</strong></span> 
     </span>
    </p>
   </div>
   <div class='ocr_carea' id='block_1_33' title="bbox 312 3293 3564 3373">
    <p class='ocr_par' dir='ltr' id='par_1_33' title="bbox 312 3293 3564 3373">
     <span class='ocr_line' id='line_1_33' title="bbox 312 3293 3564 3373; baseline -0.001 -9"><span class='ocrx_word' id='word_1_367' title='bbox 312 3311 382 3364; x_wconf 88' lang='lat' dir='ltr'><strong>ct</strong></span> <span class='ocrx_word' id='word_1_368' title='bbox 414 3300 763 3364; x_wconf 86' lang='lat' dir='ltr'><strong>consensio</strong></span> <span class='ocrx_word' id='word_1_369' title='bbox 797 3314 910 3360; x_wconf 85' lang='lat' dir='ltr'><strong>nos</strong></span> <span class='ocrx_word' id='word_1_370' title='bbox 943 3296 1113 3359; x_wconf 87' lang='lat' dir='ltr'><strong>inter</strong></span> <span class='ocrx_word' id='word_1_371' title='bbox 1138 3306 1198 3358; x_wconf 93' lang='lat' dir='ltr'><strong>et</strong></span> <span class='ocrx_word' id='word_1_372' title='bbox 1229 3297 1506 3367; x_wconf 74' lang='lat' dir='ltr'><strong>GrtBthS,</strong></span> <span class='ocrx_word' id='word_1_373' title='bbox 1531 3295 1740 3373; x_wconf 85' lang='lat' dir='ltr'><strong>quoad</strong></span> <span class='ocrx_word' id='word_1_374' title='bbox 1770 3309 2047 3370; x_wconf 77' lang='lat' dir='ltr'><strong>prmsens</strong></span> <span class='ocrx_word' id='word_1_375' title='bbox 2074 3301 2264 3369; x_wconf 88' lang='lat' dir='ltr'><strong>caput</strong></span> <span class='ocrx_word' id='word_1_376' title='bbox 2294 3293 2545 3365; x_wconf 87' lang='lat' dir='ltr'><strong>attinet,</strong></span> <span class='ocrx_word' id='word_1_377' title='bbox 2581 3293 3080 3372; x_wconf 75' lang='lat' dir='ltr'><strong>redintegratur,</strong></span> <span class='ocrx_word' id='word_1_378' title='bbox 3116 3313 3242 3359; x_wconf 88' lang='lat' dir='ltr'><strong>non</strong></span> <span class='ocrx_word' id='word_1_379' title='bbox 3279 3299 3458 3362; x_wconf 91' lang='lat' dir='ltr'><strong>aliud</strong></span> <span class='ocrx_word' id='word_1_380' title='bbox 3483 3305 3564 3363; x_wconf 83' lang='lat' dir='ltr'><strong>ab</strong></span> 
     </span>
    </p>
   </div>
   <div class='ocr_carea' id='block_1_34' title="bbox 313 3397 3565 3485">
    <p class='ocr_par' dir='ltr' id='par_1_34' title="bbox 313 3397 3565 3485">
     <span class='ocr_line' id='line_1_34' title="bbox 313 3397 3565 3485; baseline -0.001 -14"><span class='ocrx_word' id='word_1_381' title='bbox 313 3408 418 3471; x_wconf 82' lang='lat' dir='ltr'><strong>eis</strong></span> <span class='ocrx_word' id='word_1_382' title='bbox 454 3403 854 3485; x_wconf 89' lang='lat' dir='ltr'><strong>postulamus</strong></span> <span class='ocrx_word' id='word_1_383' title='bbox 885 3416 1076 3483; x_wconf 90' lang='lat' dir='ltr'><strong>quam</strong></span> <span class='ocrx_word' id='word_1_384' title='bbox 1139 3409 1210 3464; x_wconf 91' lang='lat' dir='ltr'><strong>ut</strong></span> <span class='ocrx_word' id='word_1_385' title='bbox 1245 3400 1636 3478; x_wconf 71' lang='lat' dir='ltr'><strong>requissimte</strong></span> <span class='ocrx_word' id='word_1_386' title='bbox 1686 3397 1838 3458; x_wconf 86' lang='lat' dir='ltr'><strong>huic</strong></span> <span class='ocrx_word' id='word_1_387' title='bbox 1893 3397 2252 3458; x_wconf 90' lang='lat' dir='ltr'><strong>conditioni</strong></span> <span class='ocrx_word' id='word_1_388' title='bbox 2299 3398 2732 3477; x_wconf 77' lang='lat' dir='ltr'><strong>acquiescant.</strong></span> <span class='ocrx_word' id='word_1_389' title='bbox 2789 3400 2914 3460; x_wconf 83' lang='lat' dir='ltr'><strong>Nos</strong></span> <span class='ocrx_word' id='word_1_390' title='bbox 2969 3416 3114 3462; x_wconf 90' lang='lat' dir='ltr'><strong>cum</strong></span> <span class='ocrx_word' id='word_1_391' title='bbox 3173 3403 3565 3469; x_wconf 86' lang='lat' dir='ltr'><strong>Damasceno</strong></span> 
     </span>
    </p>
   </div>
   <div class='ocr_carea' id='block_1_35' title="bbox 310 3485 3563 3581">
    <p class='ocr_par' dir='ltr' id='par_1_35' title="bbox 310 3485 3563 3581">
     <span class='ocr_line' id='line_1_35' title="bbox 310 3485 3563 3581; baseline 0.001 -17"><span class='ocrx_word' id='word_1_392' title='bbox 310 3511 380 3564; x_wconf 75' lang='lat' dir='ltr'><strong>oe</strong></span> <span class='ocrx_word' id='word_1_393' title='bbox 411 3485 660 3581; x_wconf 66' lang='grc' dir='ltr'><strong>Σέξομεν,</strong></span> <span class='ocrx_word' id='word_1_394' title='bbox 685 3507 935 3567; x_wconf 83' lang='lat' dir='ltr'><strong>minime</strong></span> <span class='ocrx_word' id='word_1_395' title='bbox 965 3506 1261 3576; x_wconf 85' lang='lat' dir='ltr'><strong>dicemus,</strong></span> <span class='ocrx_word' id='word_1_396' title='bbox 1296 3503 1426 3566; x_wconf 89' lang='lat' dir='ltr'><strong>imo</strong></span> <span class='ocrx_word' id='word_1_397' title='bbox 1469 3503 1686 3571; x_wconf 89' lang='lat' dir='ltr'><strong>etiam,</strong></span> <span class='ocrx_word' id='word_1_398' title='bbox 1720 3501 1772 3560; x_wconf 88' lang='lat' dir='ltr'><strong>si</strong></span> <span class='ocrx_word' id='word_1_399' title='bbox 1805 3498 2050 3572; x_wconf 88' lang='lat' dir='ltr'><strong>malint,</strong></span> <span class='ocrx_word' id='word_1_400' title='bbox 2078 3499 2460 3577; x_wconf 75' lang='lat' dir='ltr'><strong>negabimus,</strong></span> <span class='ocrx_word' id='word_1_401' title='bbox 2487 3501 2797 3579; x_wconf 84' lang='lat' dir='ltr'><strong>Spiritum</strong></span> <span class='ocrx_word' id='word_1_402' title='bbox 2830 3509 3118 3564; x_wconf 82' lang='lat' dir='ltr'><strong>sanctum</strong></span> <span class='ocrx_word' id='word_1_403' title='bbox 3146 3519 3286 3566; x_wconf 88' lang='lat' dir='ltr'><strong>esse</strong></span> <span class='ocrx_word' id='word_1_404' title='bbox 3316 3521 3348 3566; x_wconf 91' lang='lat' dir='ltr'><strong>a</strong></span> <span class='ocrx_word' id='word_1_405' title='bbox 3373 3505 3563 3576; x_wconf 91' lang='lat' dir='ltr'><strong>Filio.</strong></span> 
     </span>
    </p>
   </div>
   <div class='ocr_carea' id='block_1_36' title="bbox 311 3600 1966 3686">
    <p class='ocr_par' dir='ltr' id='par_1_36' title="bbox 311 3600 1966 3686">
     <span class='ocr_line' id='line_1_36' title="bbox 311 3600 1966 3686; baseline -0.004 -19"><span class='ocrx_word' id='word_1_406' title='bbox 311 3614 622 3682; x_wconf 78' lang='lat' dir='ltr'><strong>tanquam</strong></span> <span class='ocrx_word' id='word_1_407' title='bbox 646 3605 892 3669; x_wconf 84' lang='lat' dir='ltr'><strong>scilicet</strong></span> <span class='ocrx_word' id='word_1_408' title='bbox 918 3623 996 3668; x_wconf 83' lang='lat' dir='ltr'><strong>ex</strong></span> <span class='ocrx_word' id='word_1_409' title='bbox 1014 3600 1426 3686; x_wconf 85' lang='lat' dir='ltr'><strong>primordiali</strong></span> <span class='ocrx_word' id='word_1_410' title='bbox 1451 3601 1801 3682; x_wconf 85' lang='lat' dir='ltr'><strong>principio,</strong></span> <span class='ocrx_word' id='word_1_411' title='bbox 1835 3610 1900 3660; x_wconf 74' lang='grc' dir='ltr'><strong>ἐκ</strong></span> <span class='ocrx_word' id='word_1_412' title='bbox 1926 3626 1966 3660; x_wconf 82' lang='grc' dir='ltr'><strong>π</strong></span> 
     </span>
    </p>
   </div>
   <div class='ocr_carea' id='block_1_37' title="bbox 1909 3600 3564 3686">
    <p class='ocr_par' dir='ltr' id='par_1_37' title="bbox 1926 3600 3564 3681">
     <span class='ocr_line' id='line_1_37' title="bbox 1926 3600 3564 3681; baseline 0.003 -21"><span class='ocrx_word' id='word_1_413' title='bbox 1926 3607 2410 3679; x_wconf 74' lang='grc' dir='ltr'><strong>προκαταρκτικῆς</strong></span> <span class='ocrx_word' id='word_1_414' title='bbox 2444 3609 2648 3674; x_wconf 73' lang='grc' dir='ltr'><strong>αἰτίας,</strong></span> <span class='ocrx_word' id='word_1_415' title='bbox 2679 3600 2980 3681; x_wconf 82' lang='lat' dir='ltr'><strong>quodque</strong></span> <span class='ocrx_word' id='word_1_416' title='bbox 3004 3613 3307 3680; x_wconf 86' lang='lat' dir='ltr'><strong>operetur</strong></span> <span class='ocrx_word' id='word_1_417' title='bbox 3336 3605 3564 3668; x_wconf 86' lang='lat' dir='ltr'><strong>virtute</strong></span> 
     </span>
    </p>
   </div>
   <div class='ocr_carea' id='block_1_38' title="bbox 314 3697 3567 3782">
    <p class='ocr_par' dir='ltr' id='par_1_38' title="bbox 314 3697 3567 3782">
     <span class='ocr_line' id='line_1_38' title="bbox 314 3697 3567 3782; baseline 0.002 -16"><span class='ocrx_word' id='word_1_418' title='bbox 314 3711 380 3766; x_wconf 86' lang='lat' dir='ltr'><strong>et</strong></span> <span class='ocrx_word' id='word_1_419' title='bbox 414 3705 668 3767; x_wconf 86' lang='lat' dir='ltr'><strong>actione</strong></span> <span class='ocrx_word' id='word_1_420' title='bbox 702 3705 954 3769; x_wconf 82' lang='lat' dir='ltr'><strong>diversa</strong></span> <span class='ocrx_word' id='word_1_421' title='bbox 987 3721 1021 3768; x_wconf 92' lang='lat' dir='ltr'><strong>a</strong></span> <span class='ocrx_word' id='word_1_422' title='bbox 1052 3704 1292 3766; x_wconf 89' lang='lat' dir='ltr'><strong>virtute</strong></span> <span class='ocrx_word' id='word_1_423' title='bbox 1328 3711 1390 3765; x_wconf 91' lang='lat' dir='ltr'><strong>et</strong></span> <span class='ocrx_word' id='word_1_424' title='bbox 1442 3701 1696 3762; x_wconf 85' lang='lat' dir='ltr'><strong>actione</strong></span> <span class='ocrx_word' id='word_1_425' title='bbox 1729 3697 1954 3772; x_wconf 89' lang='lat' dir='ltr'><strong>Patris,</strong></span> <span class='ocrx_word' id='word_1_426' title='bbox 2003 3707 2064 3761; x_wconf 90' lang='lat' dir='ltr'><strong>et</strong></span> <span class='ocrx_word' id='word_1_427' title='bbox 2121 3716 2246 3762; x_wconf 91' lang='lat' dir='ltr'><strong>non</strong></span> <span class='ocrx_word' id='word_1_428' title='bbox 2279 3699 2358 3761; x_wconf 87' lang='lat' dir='ltr'><strong>ab</strong></span> <span class='ocrx_word' id='word_1_429' title='bbox 2400 3701 2628 3763; x_wconf 88' lang='lat' dir='ltr'><strong>eodem</strong></span> <span class='ocrx_word' id='word_1_430' title='bbox 2681 3703 2860 3762; x_wconf 88' lang='lat' dir='ltr'><strong>Patre</strong></span> <span class='ocrx_word' id='word_1_431' title='bbox 2909 3711 3185 3782; x_wconf 87' lang='lat' dir='ltr'><strong>recepta.</strong></span> <span class='ocrx_word' id='word_1_432' title='bbox 3221 3706 3317 3767; x_wconf 88' lang='lat' dir='ltr'><strong>tlli</strong></span> <span class='ocrx_word' id='word_1_433' title='bbox 3349 3715 3567 3772; x_wconf 86' lang='lat' dir='ltr'><strong>contra</strong></span> 
     </span>
    </p>
   </div>
   <div class='ocr_carea' id='block_1_39' title="bbox 313 3785 3562 3885">
    <p class='ocr_par' dir='ltr' id='par_1_39' title="bbox 313 3785 3562 3885">
     <span class='ocr_line' id='line_1_39' title="bbox 313 3785 3562 3885; baseline 0.002 -17"><span class='ocrx_word' id='word_1_434' title='bbox 313 3785 664 3882; x_wconf 63' lang='lat' dir='ltr'><strong>’ateantur,</strong></span> <span class='ocrx_word' id='word_1_435' title='bbox 691 3806 1002 3885; x_wconf 88' lang='lat' dir='ltr'><strong>Spiritum</strong></span> <span class='ocrx_word' id='word_1_436' title='bbox 1057 3823 1092 3869; x_wconf 87' lang='lat' dir='ltr'><strong>a</strong></span> <span class='ocrx_word' id='word_1_437' title='bbox 1152 3804 1324 3866; x_wconf 88' lang='lat' dir='ltr'><strong>Filio</strong></span> <span class='ocrx_word' id='word_1_438' title='bbox 1360 3819 1526 3874; x_wconf 88' lang='lat' dir='ltr'><strong>esse,</strong></span> <span class='ocrx_word' id='word_1_439' title='bbox 1563 3809 1863 3879; x_wconf 87' lang='lat' dir='ltr'><strong>tanquam</strong></span> <span class='ocrx_word' id='word_1_440' title='bbox 1896 3817 1929 3863; x_wconf 91' lang='lat' dir='ltr'><strong>a</strong></span> <span class='ocrx_word' id='word_1_441' title='bbox 1961 3800 2337 3862; x_wconf 85' lang='lat' dir='ltr'><strong>secundaria</strong></span> <span class='ocrx_word' id='word_1_442' title='bbox 2390 3818 2607 3874; x_wconf 85' lang='lat' dir='ltr'><strong>causa,</strong></span> <span class='ocrx_word' id='word_1_443' title='bbox 2646 3804 2784 3862; x_wconf 82' lang='lat' dir='ltr'><strong>sive</strong></span> <span class='ocrx_word' id='word_1_444' title='bbox 2835 3805 3150 3883; x_wconf 79' lang='lat' dir='ltr'><strong>principio</strong></span> <span class='ocrx_word' id='word_1_445' title='bbox 3184 3808 3346 3870; x_wconf 86' lang='lat' dir='ltr'><strong>Patri</strong></span> <span class='ocrx_word' id='word_1_446' title='bbox 3405 3814 3562 3873; x_wconf 65' lang='grc' dir='ltr'><strong>θυι)-</strong></span> 
     </span>
    </p>
   </div>
   <div class='ocr_carea' id='block_1_40' title="bbox 305 3901 3568 3988">
    <p class='ocr_par' dir='ltr' id='par_1_40' title="bbox 305 3901 3568 3988">
     <span class='ocr_line' id='line_1_40' title="bbox 305 3901 3568 3988; baseline 0.001 -19"><span class='ocrx_word' id='word_1_447' title='bbox 305 3903 508 3982; x_wconf 83' lang='lat' dir='ltr'><strong>jecte,</strong></span> <span class='ocrx_word' id='word_1_448' title='bbox 533 3909 900 3988; x_wconf 84' lang='lat' dir='ltr'><strong>virtuteque</strong></span> <span class='ocrx_word' id='word_1_449' title='bbox 941 3907 1020 3970; x_wconf 87' lang='lat' dir='ltr'><strong>ab</strong></span> <span class='ocrx_word' id='word_1_450' title='bbox 1049 3905 1324 3985; x_wconf 87' lang='lat' dir='ltr'><strong>ipsemet</strong></span> <span class='ocrx_word' id='word_1_451' title='bbox 1367 3905 1548 3965; x_wconf 85' lang='lat' dir='ltr'><strong>Patre</strong></span> <span class='ocrx_word' id='word_1_452' title='bbox 1585 3908 1832 3979; x_wconf 88' lang='lat' dir='ltr'><strong>recepta</strong></span> <span class='ocrx_word' id='word_1_453' title='bbox 1857 3908 2184 3978; x_wconf 89' lang='lat' dir='ltr'><strong>eperante,</strong></span> <span class='ocrx_word' id='word_1_454' title='bbox 2217 3901 2346 3962; x_wconf 91' lang='lat' dir='ltr'><strong>imo</strong></span> <span class='ocrx_word' id='word_1_455' title='bbox 2382 3913 2444 3962; x_wconf 90' lang='lat' dir='ltr'><strong>et</strong></span> <span class='ocrx_word' id='word_1_456' title='bbox 2473 3903 2694 3962; x_wconf 87' lang='lat' dir='ltr'><strong>eadem</strong></span> <span class='ocrx_word' id='word_1_457' title='bbox 2729 3903 2926 3964; x_wconf 87' lang='lat' dir='ltr'><strong>Patris</strong></span> <span class='ocrx_word' id='word_1_458' title='bbox 2959 3903 3210 3969; x_wconf 85' lang='lat' dir='ltr'><strong>actione</strong></span> <span class='ocrx_word' id='word_1_459' title='bbox 3248 3907 3370 3970; x_wconf 85' lang='lat' dir='ltr'><strong>sibi</strong></span> <span class='ocrx_word' id='word_1_460' title='bbox 3396 3927 3568 3972; x_wconf 82' lang='lat' dir='ltr'><strong>cem-</strong></span> 
     </span>
    </p>
   </div>
   <div class='ocr_carea' id='block_1_41' title="bbox 316 4002 1510 4070">
    <p class='ocr_par' dir='ltr' id='par_1_41' title="bbox 316 4002 1510 4070">
     <span class='ocr_line' id='line_1_41' title="bbox 316 4002 1510 4070; baseline -0.007 -1"><span class='ocrx_word' id='word_1_461' title='bbox 316 4006 637 4069; x_wconf 86' lang='lat' dir='ltr'><strong>municata</strong></span> <span class='ocrx_word' id='word_1_462' title='bbox 673 4025 796 4070; x_wconf 90' lang='lat' dir='ltr'><strong>una</strong></span> <span class='ocrx_word' id='word_1_463' title='bbox 831 4022 977 4069; x_wconf 86' lang='lat' dir='ltr'><strong>cum</strong></span> <span class='ocrx_word' id='word_1_464' title='bbox 1011 4013 1236 4066; x_wconf 84' lang='lat' dir='ltr'><strong>natura</strong></span> <span class='ocrx_word' id='word_1_465' title='bbox 1266 4002 1510 4064; x_wconf 89' lang='lat' dir='ltr'><strong>divina.</strong></span> 
     </span>
    </p>
   </div>
   <div class='ocr_carea' id='block_1_42' title="bbox 405 4101 3564 4188">
    <p class='ocr_par' dir='ltr' id='par_1_42' title="bbox 405 4101 3564 4188">
     <span class='ocr_line' id='line_1_42' title="bbox 405 4101 3564 4188; baseline 0 -15"><span class='ocrx_word' id='word_1_466' title='bbox 405 4111 700 4174; x_wconf 78' lang='lat' dir='ltr'><strong>XXXVI.</strong></span> <span class='ocrx_word' id='word_1_467' title='bbox 743 4109 842 4173; x_wconf 86' lang='lat' dir='ltr'><strong>Nil</strong></span> <span class='ocrx_word' id='word_1_468' title='bbox 881 4124 1072 4188; x_wconf 90' lang='lat' dir='ltr'><strong>porro</strong></span> <span class='ocrx_word' id='word_1_469' title='bbox 1105 4104 1578 4184; x_wconf 84' lang='lat' dir='ltr'><strong>impedimento</strong></span> <span class='ocrx_word' id='word_1_470' title='bbox 1601 4118 1742 4163; x_wconf 90' lang='lat' dir='ltr'><strong>esse</strong></span> <span class='ocrx_word' id='word_1_471' title='bbox 1774 4101 2006 4161; x_wconf 88' lang='lat' dir='ltr'><strong>merito</strong></span> <span class='ocrx_word' id='word_1_472' title='bbox 2038 4108 2265 4178; x_wconf 88' lang='lat' dir='ltr'><strong>potest,</strong></span> <span class='ocrx_word' id='word_1_473' title='bbox 2300 4102 2652 4180; x_wconf 87' lang='lat' dir='ltr'><strong>quominus</strong></span> <span class='ocrx_word' id='word_1_474' title='bbox 2681 4102 2802 4174; x_wconf 87' lang='lat' dir='ltr'><strong>sic,</strong></span> <span class='ocrx_word' id='word_1_475' title='bbox 2827 4111 3032 4165; x_wconf 86' lang='lat' dir='ltr'><strong>amota</strong></span> <span class='ocrx_word' id='word_1_476' title='bbox 3064 4105 3317 4169; x_wconf 86' lang='lat' dir='ltr'><strong>dissidii</strong></span> <span class='ocrx_word' id='word_1_477' title='bbox 3349 4127 3564 4174; x_wconf 55' lang='lat' dir='ltr'><strong>causa.</strong></span> 
     </span>
    </p>
   </div>
   <div class='ocr_carea' id='block_1_43' title="bbox 318 4201 3561 4296">
    <p class='ocr_par' dir='ltr' id='par_1_43' title="bbox 318 4201 3561 4296">
     <span class='ocr_line' id='line_1_43' title="bbox 318 4201 3561 4296; baseline 0 -21"><span class='ocrx_word' id='word_1_478' title='bbox 318 4213 581 4296; x_wconf 50' lang='lat' dir='ltr'><strong>tandem</strong></span> <span class='ocrx_word' id='word_1_479' title='bbox 613 4209 962 4289; x_wconf 80' lang='lat' dir='ltr'><strong>aliquando</strong></span> <span class='ocrx_word' id='word_1_480' title='bbox 996 4207 1274 4270; x_wconf 87' lang='lat' dir='ltr'><strong>invicem</strong></span> <span class='ocrx_word' id='word_1_481' title='bbox 1325 4205 1668 4266; x_wconf 85' lang='lat' dir='ltr'><strong>redeamus</strong></span> <span class='ocrx_word' id='word_1_482' title='bbox 1699 4202 1764 4262; x_wconf 88' lang='lat' dir='ltr'><strong>in</strong></span> <span class='ocrx_word' id='word_1_483' title='bbox 1798 4201 2086 4280; x_wconf 80' lang='lat' dir='ltr'><strong>gratiam.</strong></span> <span class='ocrx_word' id='word_1_484' title='bbox 2129 4203 2296 4276; x_wconf 86' lang='lat' dir='ltr'><strong>Quid</strong></span> <span class='ocrx_word' id='word_1_485' title='bbox 2348 4203 2546 4271; x_wconf 88' lang='lat' dir='ltr'><strong>enim,</strong></span> <span class='ocrx_word' id='word_1_486' title='bbox 2579 4212 2687 4263; x_wconf 90' lang='lat' dir='ltr'><strong>aut</strong></span> <span class='ocrx_word' id='word_1_487' title='bbox 2737 4219 2928 4281; x_wconf 89' lang='lat' dir='ltr'><strong>quam</strong></span> <span class='ocrx_word' id='word_1_488' title='bbox 2960 4205 3045 4267; x_wconf 84' lang='lat' dir='ltr'><strong>ob</strong></span> <span class='ocrx_word' id='word_1_489' title='bbox 3087 4222 3219 4269; x_wconf 87' lang='lat' dir='ltr'><strong>rem</strong></span> <span class='ocrx_word' id='word_1_490' title='bbox 3274 4210 3561 4275; x_wconf 84' lang='lat' dir='ltr'><strong>Phetiani</strong></span> 
     </span>
    </p>
   </div>
   <div class='ocr_carea' id='block_1_44' title="bbox 316 4304 3560 4399">
    <p class='ocr_par' dir='ltr' id='par_1_44' title="bbox 316 4304 3560 4399">
     <span class='ocr_line' id='line_1_44' title="bbox 316 4304 3560 4399; baseline 0 -25"><span class='ocrx_word' id='word_1_491' title='bbox 316 4323 614 4399; x_wconf 83' lang='lat' dir='ltr'><strong>pugnant</strong></span> <span class='ocrx_word' id='word_1_492' title='bbox 645 4321 863 4376; x_wconf 86' lang='lat' dir='ltr'><strong>contra</strong></span> <span class='ocrx_word' id='word_1_493' title='bbox 892 4311 1200 4374; x_wconf 81' lang='lat' dir='ltr'><strong>Latinos?</strong></span> <span class='ocrx_word' id='word_1_494' title='bbox 1237 4324 1350 4387; x_wconf 92' lang='lat' dir='ltr'><strong>pro</strong></span> <span class='ocrx_word' id='word_1_495' title='bbox 1389 4306 1751 4383; x_wconf 86' lang='lat' dir='ltr'><strong>simplicine</strong></span> <span class='ocrx_word' id='word_1_496' title='bbox 1784 4318 1938 4364; x_wconf 88' lang='lat' dir='ltr'><strong>voce</strong></span> <span class='ocrx_word' id='word_1_497' title='bbox 1979 4306 2058 4373; x_wconf 79' lang='grc' dir='ltr'><strong>ἐξ.</strong></span> <span class='ocrx_word' id='word_1_498' title='bbox 2100 4323 2202 4375; x_wconf 68' lang='lat' dir='ltr'><strong>ex,</strong></span> <span class='ocrx_word' id='word_1_499' title='bbox 2249 4322 2326 4365; x_wconf 89' lang='lat' dir='ltr'><strong>an</strong></span> <span class='ocrx_word' id='word_1_500' title='bbox 2363 4321 2476 4382; x_wconf 91' lang='lat' dir='ltr'><strong>pro</strong></span> <span class='ocrx_word' id='word_1_501' title='bbox 2516 4324 2581 4366; x_wconf 87' lang='lat' dir='ltr'><strong>re</strong></span> <span class='ocrx_word' id='word_1_502' title='bbox 2639 4304 2993 4382; x_wconf 73' lang='lat' dir='ltr'><strong>significata</strong></span> <span class='ocrx_word' id='word_1_503' title='bbox 3054 4322 3169 4384; x_wconf 91' lang='lat' dir='ltr'><strong>per</strong></span> <span class='ocrx_word' id='word_1_504' title='bbox 3199 4315 3470 4372; x_wconf 83' lang='lat' dir='ltr'><strong>vocem?</strong></span> <span class='ocrx_word' id='word_1_505' title='bbox 3499 4315 3560 4376; x_wconf 87' lang='lat' dir='ltr'><strong>Si</strong></span> 
     </span>
    </p>
   </div>
   <div class='ocr_carea' id='block_1_45' title="bbox 318 4405 3563 4501">
    <p class='ocr_par' dir='ltr' id='par_1_45' title="bbox 318 4405 3563 4501">
     <span class='ocr_line' id='line_1_45' title="bbox 318 4405 3563 4501; baseline -0.001 -23"><span class='ocrx_word' id='word_1_506' title='bbox 318 4419 632 4501; x_wconf 79' lang='lat' dir='ltr'><strong>primum,</strong></span> <span class='ocrx_word' id='word_1_507' title='bbox 667 4413 827 4476; x_wconf 84' lang='lat' dir='ltr'><strong>nihil</strong></span> <span class='ocrx_word' id='word_1_508' title='bbox 864 4412 1223 4491; x_wconf 77' lang='lat' dir='ltr'><strong>indignius,</strong></span> <span class='ocrx_word' id='word_1_509' title='bbox 1251 4411 1558 4489; x_wconf 84' lang='lat' dir='ltr'><strong>quodque</strong></span> <span class='ocrx_word' id='word_1_510' title='bbox 1597 4410 1793 4488; x_wconf 87' lang='lat' dir='ltr'><strong>magis</strong></span> <span class='ocrx_word' id='word_1_511' title='bbox 1824 4411 2134 4474; x_wconf 82' lang='lat' dir='ltr'><strong>dedeceat</strong></span> <span class='ocrx_word' id='word_1_512' title='bbox 2167 4405 2474 4481; x_wconf 74' lang='lat' dir='ltr'><strong>inclytam</strong></span> <span class='ocrx_word' id='word_1_513' title='bbox 2520 4407 2850 4468; x_wconf 84' lang='lat' dir='ltr'><strong>nationem</strong></span> <span class='ocrx_word' id='word_1_514' title='bbox 2882 4407 3247 4471; x_wconf 80' lang='lat' dir='ltr'><strong>Grtecorum</strong></span> <span class='ocrx_word' id='word_1_515' title='bbox 3271 4432 3287 4483; x_wconf 91' lang='lat'><strong>;</strong></span> <span class='ocrx_word' id='word_1_516' title='bbox 3315 4415 3368 4473; x_wconf 90' lang='lat' dir='ltr'><strong>si</strong></span> <span class='ocrx_word' id='word_1_517' title='bbox 3400 4413 3563 4476; x_wconf 90' lang='lat' dir='ltr'><strong>alte-</strong></span> 
     </span>
    </p>
   </div>
   <div class='ocr_carea' id='block_1_46' title="bbox 322 4502 3562 4598">
    <p class='ocr_par' dir='ltr' id='par_1_46' title="bbox 322 4502 3562 4598">
     <span class='ocr_line' id='line_1_46' title="bbox 322 4502 3562 4598; baseline -0 -23"><span class='ocrx_word' id='word_1_518' title='bbox 322 4531 490 4586; x_wconf 65' lang='lat' dir='ltr'><strong>rum,</strong></span> <span class='ocrx_word' id='word_1_519' title='bbox 525 4526 747 4591; x_wconf 69' lang='lat' dir='ltr'><strong>quasso</strong></span> <span class='ocrx_word' id='word_1_520' title='bbox 787 4510 985 4590; x_wconf 79' lang='lat' dir='ltr'><strong>igitur</strong></span> <span class='ocrx_word' id='word_1_521' title='bbox 1041 4506 1390 4586; x_wconf 82' lang='lat' dir='ltr'><strong>explicent,</strong></span> <span class='ocrx_word' id='word_1_522' title='bbox 1423 4523 1548 4584; x_wconf 84' lang='lat' dir='ltr'><strong>qua</strong></span> <span class='ocrx_word' id='word_1_523' title='bbox 1585 4506 1832 4568; x_wconf 85' lang='lat' dir='ltr'><strong>ratione</strong></span> <span class='ocrx_word' id='word_1_524' title='bbox 1887 4509 2064 4567; x_wconf 86' lang='lat' dir='ltr'><strong>Pater</strong></span> <span class='ocrx_word' id='word_1_525' title='bbox 2098 4521 2214 4582; x_wconf 80' lang='lat' dir='ltr'><strong>per</strong></span> <span class='ocrx_word' id='word_1_526' title='bbox 2247 4502 2481 4563; x_wconf 83' lang='lat' dir='ltr'><strong>Filium</strong></span> <span class='ocrx_word' id='word_1_527' title='bbox 2540 4502 2846 4598; x_wconf 85' lang='lat' dir='ltr'><strong>producat</strong></span> <span class='ocrx_word' id='word_1_528' title='bbox 2884 4506 3192 4584; x_wconf 89' lang='lat' dir='ltr'><strong>Spiritum</strong></span> <span class='ocrx_word' id='word_1_529' title='bbox 3249 4518 3562 4585; x_wconf 86' lang='lat' dir='ltr'><strong>sanctum,</strong></span> 
     </span>
    </p>
   </div>
   <div class='ocr_carea' id='block_1_47' title="bbox 327 4601 3565 4691">
    <p class='ocr_par' dir='ltr' id='par_1_47' title="bbox 327 4601 3565 4691">
     <span class='ocr_line' id='line_1_47' title="bbox 327 4601 3565 4691; baseline 0.001 -19"><span class='ocrx_word' id='word_1_530' title='bbox 327 4613 569 4689; x_wconf 84' lang='lat' dir='ltr'><strong>absque</strong></span> <span class='ocrx_word' id='word_1_531' title='bbox 595 4627 672 4669; x_wconf 86' lang='lat' dir='ltr'><strong>eo</strong></span> <span class='ocrx_word' id='word_1_532' title='bbox 704 4607 878 4687; x_wconf 88' lang='lat' dir='ltr'><strong>quod</strong></span> <span class='ocrx_word' id='word_1_533' title='bbox 930 4614 1234 4683; x_wconf 84' lang='lat' dir='ltr'><strong>operetur</strong></span> <span class='ocrx_word' id='word_1_534' title='bbox 1264 4613 1328 4666; x_wconf 87' lang='lat' dir='ltr'><strong>et</strong></span> <span class='ocrx_word' id='word_1_535' title='bbox 1355 4605 1564 4666; x_wconf 90' lang='lat' dir='ltr'><strong>Filius</strong></span> <span class='ocrx_word' id='word_1_536' title='bbox 1596 4605 1672 4664; x_wconf 87' lang='lat' dir='ltr'><strong>ad</strong></span> <span class='ocrx_word' id='word_1_537' title='bbox 1708 4605 2198 4681; x_wconf 88' lang='lat' dir='ltr'><strong>productionem</strong></span> <span class='ocrx_word' id='word_1_538' title='bbox 2239 4601 2517 4680; x_wconf 85' lang='lat' dir='ltr'><strong>Spiritus</strong></span> <span class='ocrx_word' id='word_1_539' title='bbox 2548 4603 2778 4676; x_wconf 88' lang='lat' dir='ltr'><strong>sancti,</strong></span> <span class='ocrx_word' id='word_1_540' title='bbox 2810 4604 3106 4687; x_wconf 82' lang='lat' dir='ltr'><strong>ade0que</strong></span> <span class='ocrx_word' id='word_1_541' title='bbox 3154 4610 3362 4689; x_wconf 86' lang='lat' dir='ltr'><strong>reipsa</strong></span> <span class='ocrx_word' id='word_1_542' title='bbox 3409 4629 3565 4691; x_wconf 87' lang='lat' dir='ltr'><strong>pre-</strong></span> 
     </span>
    </p>
   </div>
   <div class='ocr_carea' id='block_1_48' title="bbox 327 4701 3567 4783">
    <p class='ocr_par' dir='ltr' id='par_1_48' title="bbox 327 4701 3567 4783">
     <span class='ocr_line' id='line_1_48' title="bbox 327 4701 3567 4783; baseline 0.001 -11"><span class='ocrx_word' id='word_1_543' title='bbox 327 4710 510 4773; x_wconf 87' lang='lat' dir='ltr'><strong>ducat</strong></span> <span class='ocrx_word' id='word_1_544' title='bbox 543 4731 560 4776; x_wconf 81' lang='lat'><strong>;</strong></span> <span class='ocrx_word' id='word_1_545' title='bbox 592 4709 655 4770; x_wconf 92' lang='lat' dir='ltr'><strong>id</strong></span> <span class='ocrx_word' id='word_1_546' title='bbox 681 4707 851 4769; x_wconf 79' lang='lat' dir='ltr'><strong>enizn</strong></span> <span class='ocrx_word' id='word_1_547' title='bbox 887 4705 1066 4767; x_wconf 91' lang='lat' dir='ltr'><strong>nullo</strong></span> <span class='ocrx_word' id='word_1_548' title='bbox 1094 4703 1324 4764; x_wconf 89' lang='lat' dir='ltr'><strong>mentis</strong></span> <span class='ocrx_word' id='word_1_549' title='bbox 1355 4711 1588 4764; x_wconf 88' lang='lat' dir='ltr'><strong>conatu</strong></span> <span class='ocrx_word' id='word_1_550' title='bbox 1627 4701 1903 4781; x_wconf 82' lang='lat' dir='ltr'><strong>intelligi</strong></span> <span class='ocrx_word' id='word_1_551' title='bbox 1943 4711 2175 4780; x_wconf 81' lang='lat' dir='ltr'><strong>potest.</strong></span> <span class='ocrx_word' id='word_1_552' title='bbox 2207 4703 2512 4762; x_wconf 76' lang='lat' dir='ltr'><strong>Prmterea</strong></span> <span class='ocrx_word' id='word_1_553' title='bbox 2539 4701 2594 4760; x_wconf 90' lang='lat' dir='ltr'><strong>si</strong></span> <span class='ocrx_word' id='word_1_554' title='bbox 2627 4703 2830 4766; x_wconf 89' lang='lat' dir='ltr'><strong>Filius</strong></span> <span class='ocrx_word' id='word_1_555' title='bbox 2865 4706 3328 4783; x_wconf 87' lang='lat' dir='ltr'><strong>preductricem</strong></span> <span class='ocrx_word' id='word_1_556' title='bbox 3363 4713 3567 4776; x_wconf 87' lang='lat' dir='ltr'><strong>Patris</strong></span> 
     </span>
    </p>
   </div>
   <div class='ocr_carea' id='block_1_49' title="bbox 319 4801 3567 4892">
    <p class='ocr_par' dir='ltr' id='par_1_49' title="bbox 319 4801 3567 4892">
     <span class='ocr_line' id='line_1_49' title="bbox 319 4801 3567 4892; baseline 0.001 -18"><span class='ocrx_word' id='word_1_557' title='bbox 319 4811 641 4875; x_wconf 86' lang='lat' dir='ltr'><strong>actionem</strong></span> <span class='ocrx_word' id='word_1_558' title='bbox 675 4807 771 4868; x_wconf 85' lang='lat' dir='ltr'><strong>vel</strong></span> <span class='ocrx_word' id='word_1_559' title='bbox 811 4805 1024 4866; x_wconf 89' lang='lat' dir='ltr'><strong>solum</strong></span> <span class='ocrx_word' id='word_1_560' title='bbox 1057 4801 1309 4865; x_wconf 80' lang='lat' dir='ltr'><strong>deferat</strong></span> <span class='ocrx_word' id='word_1_561' title='bbox 1340 4810 1639 4880; x_wconf 86' lang='lat' dir='ltr'><strong>tanquam</strong></span> <span class='ocrx_word' id='word_1_562' title='bbox 1667 4803 2041 4872; x_wconf 81' lang='lat' dir='ltr'><strong>vehiculum,</strong></span> <span class='ocrx_word' id='word_1_563' title='bbox 2087 4802 2181 4863; x_wconf 87' lang='lat' dir='ltr'><strong>vel</strong></span> <span class='ocrx_word' id='word_1_564' title='bbox 2219 4803 2281 4862; x_wconf 87' lang='lat' dir='ltr'><strong>iu</strong></span> <span class='ocrx_word' id='word_1_565' title='bbox 2315 4818 2384 4863; x_wconf 91' lang='lat' dir='ltr'><strong>se</strong></span> <span class='ocrx_word' id='word_1_566' title='bbox 2420 4807 2719 4881; x_wconf 86' lang='lat' dir='ltr'><strong>tanquam</strong></span> <span class='ocrx_word' id='word_1_567' title='bbox 2761 4806 3250 4871; x_wconf 76' lang='lat' dir='ltr'><strong>instrumentum</strong></span> <span class='ocrx_word' id='word_1_568' title='bbox 3282 4813 3567 4892; x_wconf 88' lang='lat' dir='ltr'><strong>recipiat,</strong></span> 
     </span>
    </p>
   </div>
   <div class='ocr_carea' id='block_1_50' title="bbox 321 4900 3565 4988">
    <p class='ocr_par' dir='ltr' id='par_1_50' title="bbox 321 4900 3565 4988">
     <span class='ocr_line' id='line_1_50' title="bbox 321 4900 3565 4988; baseline 0.002 -17"><span class='ocrx_word' id='word_1_569' title='bbox 321 4909 650 4988; x_wconf 74' lang='lat' dir='ltr'><strong>explicent</strong></span> <span class='ocrx_word' id='word_1_570' title='bbox 695 4905 881 4968; x_wconf 79' lang='lat' dir='ltr'><strong>nobis</strong></span> <span class='ocrx_word' id='word_1_571' title='bbox 907 4903 1232 4984; x_wconf 87' lang='lat' dir='ltr'><strong>quomodo</strong></span> <span class='ocrx_word' id='word_1_572' title='bbox 1284 4918 1408 4963; x_wconf 90' lang='lat' dir='ltr'><strong>non</strong></span> <span class='ocrx_word' id='word_1_573' title='bbox 1450 4919 1763 4963; x_wconf 85' lang='lat' dir='ltr'><strong>summam</strong></span> <span class='ocrx_word' id='word_1_574' title='bbox 1821 4901 1885 4963; x_wconf 90' lang='lat' dir='ltr'><strong>id</strong></span> <span class='ocrx_word' id='word_1_575' title='bbox 1918 4902 2140 4964; x_wconf 71' lang='lat' dir='ltr'><strong>afferat</strong></span> <span class='ocrx_word' id='word_1_576' title='bbox 2189 4900 2738 4980; x_wconf 79' lang='lat' dir='ltr'><strong>imperfectienem</strong></span> <span class='ocrx_word' id='word_1_577' title='bbox 2764 4906 2954 4970; x_wconf 86' lang='lat' dir='ltr'><strong>Filio.</strong></span> <span class='ocrx_word' id='word_1_578' title='bbox 2985 4909 3330 4984; x_wconf 85' lang='lat' dir='ltr'><strong>Quomodo</strong></span> <span class='ocrx_word' id='word_1_579' title='bbox 3371 4915 3565 4979; x_wconf 88' lang='lat' dir='ltr'><strong>etiam</strong></span> 
     </span>
    </p>
   </div>
   <div class='ocr_carea' id='block_1_51' title="bbox 325 5001 3571 5086">
    <p class='ocr_par' dir='ltr' id='par_1_51' title="bbox 325 5001 3571 5086">
     <span class='ocr_line' id='line_1_51' title="bbox 325 5001 3571 5086; baseline 0.002 -13"><span class='ocrx_word' id='word_1_580' title='bbox 325 5013 510 5073; x_wconf 87' lang='lat' dir='ltr'><strong>Pater</strong></span> <span class='ocrx_word' id='word_1_581' title='bbox 541 5006 867 5086; x_wconf 87' lang='lat' dir='ltr'><strong>propriam</strong></span> <span class='ocrx_word' id='word_1_582' title='bbox 898 5003 1065 5065; x_wconf 89' lang='lat' dir='ltr'><strong>Filio</strong></span> <span class='ocrx_word' id='word_1_583' title='bbox 1111 5009 1424 5075; x_wconf 85' lang='lat' dir='ltr'><strong>naturam,</strong></span> <span class='ocrx_word' id='word_1_584' title='bbox 1455 5019 1575 5065; x_wconf 83' lang='lat' dir='ltr'><strong>seu</strong></span> <span class='ocrx_word' id='word_1_585' title='bbox 1599 5003 1948 5065; x_wconf 85' lang='lat' dir='ltr'><strong>essentiam</strong></span> <span class='ocrx_word' id='word_1_586' title='bbox 2002 5001 2280 5065; x_wconf 87' lang='lat' dir='ltr'><strong>indivise</strong></span> <span class='ocrx_word' id='word_1_587' title='bbox 2326 5004 2834 5081; x_wconf 87' lang='lat' dir='ltr'><strong>cemmunicans,</strong></span> <span class='ocrx_word' id='word_1_588' title='bbox 2866 5023 2994 5071; x_wconf 91' lang='lat' dir='ltr'><strong>non</strong></span> <span class='ocrx_word' id='word_1_589' title='bbox 3027 5011 3238 5074; x_wconf 88' lang='lat' dir='ltr'><strong>eidem</strong></span> <span class='ocrx_word' id='word_1_590' title='bbox 3271 5029 3571 5080; x_wconf 86' lang='lat' dir='ltr'><strong>commu-</strong></span> 
     </span>
    </p>
   </div>
   <div class='ocr_carea' id='block_1_52' title="bbox 325 5102 3567 5188">
    <p class='ocr_par' dir='ltr' id='par_1_52' title="bbox 325 5102 3567 5188">
     <span class='ocr_line' id='line_1_52' title="bbox 325 5102 3567 5188; baseline 0.003 -19"><span class='ocrx_word' id='word_1_591' title='bbox 325 5110 496 5171; x_wconf 88' lang='lat' dir='ltr'><strong>nicet</strong></span> <span class='ocrx_word' id='word_1_592' title='bbox 516 5104 973 5187; x_wconf 77' lang='lat' dir='ltr'><strong>fecunditatem</strong></span> <span class='ocrx_word' id='word_1_593' title='bbox 1007 5111 1068 5166; x_wconf 90' lang='lat' dir='ltr'><strong>et</strong></span> <span class='ocrx_word' id='word_1_594' title='bbox 1099 5103 1416 5166; x_wconf 86' lang='lat' dir='ltr'><strong>actionem</strong></span> <span class='ocrx_word' id='word_1_595' title='bbox 1447 5102 1762 5180; x_wconf 82' lang='lat' dir='ltr'><strong>Spirandi,</strong></span> <span class='ocrx_word' id='word_1_596' title='bbox 1797 5119 1944 5183; x_wconf 73' lang='lat' dir='ltr'><strong>qum</strong></span> <span class='ocrx_word' id='word_1_597' title='bbox 1980 5102 2245 5164; x_wconf 86' lang='lat' dir='ltr'><strong>minime</strong></span> <span class='ocrx_word' id='word_1_598' title='bbox 2275 5108 2519 5181; x_wconf 84' lang='lat' dir='ltr'><strong>pugnat</strong></span> <span class='ocrx_word' id='word_1_599' title='bbox 2553 5119 2702 5165; x_wconf 86' lang='lat' dir='ltr'><strong>cum</strong></span> <span class='ocrx_word' id='word_1_600' title='bbox 2745 5105 2986 5170; x_wconf 89' lang='lat' dir='ltr'><strong>ratione</strong></span> <span class='ocrx_word' id='word_1_601' title='bbox 3026 5109 3422 5188; x_wconf 87' lang='lat' dir='ltr'><strong>hypestatica</strong></span> <span class='ocrx_word' id='word_1_602' title='bbox 3452 5115 3567 5178; x_wconf 79' lang='lat' dir='ltr'><strong>Fi-</strong></span> 
     </span>
    </p>
   </div>
   <div class='ocr_carea' id='block_1_53' title="bbox 326 5201 3568 5294">
    <p class='ocr_par' dir='ltr' id='par_1_53' title="bbox 326 5201 3568 5294">
     <span class='ocr_line' id='line_1_53' title="bbox 326 5201 3568 5294; baseline 0.006 -35"><span class='ocrx_word' id='word_1_603' title='bbox 326 5208 421 5271; x_wconf 70' lang='lat' dir='ltr'><strong>lii.</strong></span> <span class='ocrx_word' id='word_1_604' title='bbox 460 5207 820 5284; x_wconf 76' lang='lat' dir='ltr'><strong>Explicant,</strong></span> <span class='ocrx_word' id='word_1_605' title='bbox 853 5206 1180 5284; x_wconf 87' lang='lat' dir='ltr'><strong>quomodo</strong></span> <span class='ocrx_word' id='word_1_606' title='bbox 1213 5203 1488 5282; x_wconf 86' lang='lat' dir='ltr'><strong>Spiritus</strong></span> <span class='ocrx_word' id='word_1_607' title='bbox 1510 5210 1766 5264; x_wconf 87' lang='lat' dir='ltr'><strong>sanctus</strong></span> <span class='ocrx_word' id='word_1_608' title='bbox 1801 5204 1884 5264; x_wconf 88' lang='lat' dir='ltr'><strong>sit</strong></span> <span class='ocrx_word' id='word_1_609' title='bbox 1916 5220 2190 5281; x_wconf 89' lang='lat' dir='ltr'><strong>persona</strong></span> <span class='ocrx_word' id='word_1_610' title='bbox 2246 5219 2284 5266; x_wconf 87' lang='lat' dir='ltr'><strong>a</strong></span> <span class='ocrx_word' id='word_1_611' title='bbox 2337 5201 2506 5266; x_wconf 89' lang='lat' dir='ltr'><strong>Filio</strong></span> <span class='ocrx_word' id='word_1_612' title='bbox 2551 5204 2881 5281; x_wconf 87' lang='lat' dir='ltr'><strong>distincta,</strong></span> <span class='ocrx_word' id='word_1_613' title='bbox 2914 5210 2998 5284; x_wconf 89' lang='lat' dir='ltr'><strong>si,</strong></span> <span class='ocrx_word' id='word_1_614' title='bbox 3033 5213 3328 5290; x_wconf 82' lang='lat' dir='ltr'><strong>Nyssene</strong></span> <span class='ocrx_word' id='word_1_615' title='bbox 3359 5212 3568 5294; x_wconf 83' lang='lat' dir='ltr'><strong>(cujus</strong></span> 
     </span>
    </p>
   </div>
   <div class='ocr_carea' id='block_1_54' title="bbox 325 5301 3565 5386">
    <p class='ocr_par' dir='ltr' id='par_1_54' title="bbox 325 5301 3565 5386">
     <span class='ocr_line' id='line_1_54' title="bbox 325 5301 3565 5386; baseline 0.003 -15"><span class='ocrx_word' id='word_1_616' title='bbox 325 5309 518 5374; x_wconf 87' lang='lat' dir='ltr'><strong>verba</strong></span> <span class='ocrx_word' id='word_1_617' title='bbox 542 5323 737 5386; x_wconf 90' lang='lat' dir='ltr'><strong>supra</strong></span> <span class='ocrx_word' id='word_1_618' title='bbox 762 5301 1130 5381; x_wconf 88' lang='lat' dir='ltr'><strong>retulimus)</strong></span> <span class='ocrx_word' id='word_1_619' title='bbox 1161 5311 1344 5376; x_wconf 90' lang='lat' dir='ltr'><strong>teste,</strong></span> <span class='ocrx_word' id='word_1_620' title='bbox 1391 5303 1716 5364; x_wconf 78' lang='lat' dir='ltr'><strong>subtracta</strong></span> <span class='ocrx_word' id='word_1_621' title='bbox 1741 5305 1991 5364; x_wconf 81' lang='lat' dir='ltr'><strong>ratione</strong></span> <span class='ocrx_word' id='word_1_622' title='bbox 2020 5305 2357 5383; x_wconf 81' lang='lat' dir='ltr'><strong>principii,</strong></span> <span class='ocrx_word' id='word_1_623' title='bbox 2384 5307 2562 5367; x_wconf 89' lang='lat' dir='ltr'><strong>nulla</strong></span> <span class='ocrx_word' id='word_1_624' title='bbox 2608 5312 2706 5368; x_wconf 87' lang='lat' dir='ltr'><strong>est</strong></span> <span class='ocrx_word' id='word_1_625' title='bbox 2759 5308 2826 5370; x_wconf 91' lang='lat' dir='ltr'><strong>in</strong></span> <span class='ocrx_word' id='word_1_626' title='bbox 2877 5311 3186 5374; x_wconf 87' lang='lat' dir='ltr'><strong>Trinitate</strong></span> <span class='ocrx_word' id='word_1_627' title='bbox 3210 5315 3565 5382; x_wconf 87' lang='lat' dir='ltr'><strong>distinctio.</strong></span> 
     </span>
    </p>
   </div>
   <div class='ocr_carea' id='block_1_55' title="bbox 333 5404 3571 5492">
    <p class='ocr_par' dir='ltr' id='par_1_55' title="bbox 333 5404 3571 5492">
     <span class='ocr_line' id='line_1_55' title="bbox 333 5404 3571 5492; baseline 0.003 -20"><span class='ocrx_word' id='word_1_628' title='bbox 333 5407 668 5490; x_wconf 79' lang='lat' dir='ltr'><strong>Expiicent</strong></span> <span class='ocrx_word' id='word_1_629' title='bbox 703 5405 1028 5486; x_wconf 88' lang='lat' dir='ltr'><strong>quomodo</strong></span> <span class='ocrx_word' id='word_1_630' title='bbox 1055 5404 1255 5466; x_wconf 86' lang='lat' dir='ltr'><strong>Filius</strong></span> <span class='ocrx_word' id='word_1_631' title='bbox 1277 5406 1486 5465; x_wconf 83' lang='lat' dir='ltr'><strong>mittat</strong></span> <span class='ocrx_word' id='word_1_632' title='bbox 1511 5405 1810 5482; x_wconf 88' lang='lat' dir='ltr'><strong>Spiritum</strong></span> <span class='ocrx_word' id='word_1_633' title='bbox 1835 5406 2324 5486; x_wconf 87' lang='lat' dir='ltr'><strong>sanctum,quin</strong></span> <span class='ocrx_word' id='word_1_634' title='bbox 2354 5407 2612 5469; x_wconf 90' lang='lat' dir='ltr'><strong>mittens</strong></span> <span class='ocrx_word' id='word_1_635' title='bbox 2636 5411 2718 5471; x_wconf 87' lang='lat' dir='ltr'><strong>sit</strong></span> <span class='ocrx_word' id='word_1_636' title='bbox 2751 5411 2948 5474; x_wconf 88' lang='lat' dir='ltr'><strong>misse</strong></span> <span class='ocrx_word' id='word_1_637' title='bbox 2973 5417 3296 5492; x_wconf 84' lang='lat' dir='ltr'><strong>superior,</strong></span> <span class='ocrx_word' id='word_1_638' title='bbox 3323 5429 3383 5482; x_wconf 92' lang='lat' dir='ltr'><strong>et</strong></span> <span class='ocrx_word' id='word_1_639' title='bbox 3417 5419 3571 5482; x_wconf 82' lang='lat' dir='ltr'><strong>mis-</strong></span> 
     </span>
    </p>
   </div>
   <div class='ocr_carea' id='block_1_56' title="bbox 326 5504 3569 5593">
    <p class='ocr_par' dir='ltr' id='par_1_56' title="bbox 326 5504 3569 5593">
     <span class='ocr_line' id='line_1_56' title="bbox 326 5504 3569 5593; baseline 0.004 -19"><span class='ocrx_word' id='word_1_640' title='bbox 326 5529 441 5575; x_wconf 85' lang='lat' dir='ltr'><strong>sus</strong></span> <span class='ocrx_word' id='word_1_641' title='bbox 475 5507 746 5571; x_wconf 89' lang='lat' dir='ltr'><strong>mittenti</strong></span> <span class='ocrx_word' id='word_1_642' title='bbox 778 5505 1212 5568; x_wconf 87' lang='lat' dir='ltr'><strong>ministerium</strong></span> <span class='ocrx_word' id='word_1_643' title='bbox 1244 5504 1565 5578; x_wconf 75' lang='lat' dir='ltr'><strong>exhibeat,</strong></span> <span class='ocrx_word' id='word_1_644' title='bbox 1615 5507 1670 5568; x_wconf 88' lang='lat' dir='ltr'><strong>si</strong></span> <span class='ocrx_word' id='word_1_645' title='bbox 1706 5507 1927 5569; x_wconf 72' lang='lat' dir='ltr'><strong>missio</strong></span> <span class='ocrx_word' id='word_1_646' title='bbox 1953 5516 2252 5570; x_wconf 59' lang='lat' dir='ltr'><strong>aeternam</strong></span> <span class='ocrx_word' id='word_1_647' title='bbox 2287 5508 2778 5587; x_wconf 82' lang='lat' dir='ltr'><strong>productionem</strong></span> <span class='ocrx_word' id='word_1_648' title='bbox 2824 5530 2952 5576; x_wconf 90' lang='lat' dir='ltr'><strong>non</strong></span> <span class='ocrx_word' id='word_1_649' title='bbox 2982 5518 3290 5593; x_wconf 81' lang='lat' dir='ltr'><strong>exprimat</strong></span> <span class='ocrx_word' id='word_1_650' title='bbox 3322 5533 3429 5584; x_wconf 86' lang='lat' dir='ltr'><strong>aut</strong></span> <span class='ocrx_word' id='word_1_651' title='bbox 3460 5524 3569 5588; x_wconf 68' lang='lat' dir='ltr'><strong>in.</strong></span> 
     </span>
    </p>
   </div>
   <div class='ocr_carea' id='block_1_57' title="bbox 326 5605 3566 5705">
    <p class='ocr_par' dir='ltr' id='par_1_57' title="bbox 326 5605 3566 5705">
     <span class='ocr_line' id='line_1_57' title="bbox 326 5605 3566 5705; baseline 0.003 -29"><span class='ocrx_word' id='word_1_652' title='bbox 326 5611 588 5682; x_wconf 87' lang='lat' dir='ltr'><strong>cludat;</strong></span> <span class='ocrx_word' id='word_1_653' title='bbox 616 5605 1156 5690; x_wconf 89' lang='lat' dir='ltr'><strong>quemadmodum</strong></span> <span class='ocrx_word' id='word_1_654' title='bbox 1189 5608 1370 5669; x_wconf 87' lang='lat' dir='ltr'><strong>Pater</strong></span> <span class='ocrx_word' id='word_1_655' title='bbox 1395 5607 1508 5669; x_wconf 86' lang='lat' dir='ltr'><strong>hac</strong></span> <span class='ocrx_word' id='word_1_656' title='bbox 1547 5611 1680 5687; x_wconf 86' lang='lat' dir='ltr'><strong>ipsa</strong></span> <span class='ocrx_word' id='word_1_657' title='bbox 1721 5611 1966 5672; x_wconf 85' lang='lat' dir='ltr'><strong>ratione</strong></span> <span class='ocrx_word' id='word_1_658' title='bbox 2001 5610 2257 5672; x_wconf 87' lang='lat' dir='ltr'><strong>misisse</strong></span> <span class='ocrx_word' id='word_1_659' title='bbox 2296 5611 2530 5672; x_wconf 87' lang='lat' dir='ltr'><strong>dicitur</strong></span> <span class='ocrx_word' id='word_1_660' title='bbox 2574 5612 2808 5675; x_wconf 87' lang='lat' dir='ltr'><strong>Filium</strong></span> <span class='ocrx_word' id='word_1_661' title='bbox 2841 5614 2907 5676; x_wconf 89' lang='lat' dir='ltr'><strong>in</strong></span> <span class='ocrx_word' id='word_1_662' title='bbox 2959 5621 3300 5684; x_wconf 85' lang='lat' dir='ltr'><strong>mundum.</strong></span> <span class='ocrx_word' id='word_1_663' title='bbox 3335 5625 3566 5705; x_wconf 79' lang='lat' dir='ltr'><strong>Expli-</strong></span> 
     </span>
    </p>
   </div>
   <div class='ocr_carea' id='block_1_58' title="bbox 327 5705 3567 5804">
    <p class='ocr_par' dir='ltr' id='par_1_58' title="bbox 327 5705 3567 5804">
     <span class='ocr_line' id='line_1_58' title="bbox 327 5705 3567 5804; baseline 0.006 -29"><span class='ocrx_word' id='word_1_664' title='bbox 327 5719 473 5776; x_wconf 88' lang='lat' dir='ltr'><strong>cent</strong></span> <span class='ocrx_word' id='word_1_665' title='bbox 501 5709 831 5792; x_wconf 87' lang='lat' dir='ltr'><strong>quomodo</strong></span> <span class='ocrx_word' id='word_1_666' title='bbox 863 5705 1145 5784; x_wconf 90' lang='lat' dir='ltr'><strong>Spiritus</strong></span> <span class='ocrx_word' id='word_1_667' title='bbox 1179 5705 1278 5768; x_wconf 87' lang='lat' dir='ltr'><strong>vel</strong></span> <span class='ocrx_word' id='word_1_668' title='bbox 1303 5706 1522 5769; x_wconf 84' lang='lat' dir='ltr'><strong>audiat</strong></span> <span class='ocrx_word' id='word_1_669' title='bbox 1559 5727 1591 5771; x_wconf 89' lang='lat' dir='ltr'><strong>a</strong></span> <span class='ocrx_word' id='word_1_670' title='bbox 1623 5711 1813 5783; x_wconf 85' lang='lat' dir='ltr'><strong>Filio,</strong></span> <span class='ocrx_word' id='word_1_671' title='bbox 1842 5711 1936 5772; x_wconf 75' lang='lat' dir='ltr'><strong>vel</strong></span> <span class='ocrx_word' id='word_1_672' title='bbox 1966 5712 2044 5772; x_wconf 91' lang='lat' dir='ltr'><strong>de</strong></span> <span class='ocrx_word' id='word_1_673' title='bbox 2083 5726 2203 5772; x_wconf 87' lang='lat' dir='ltr'><strong>sne</strong></span> <span class='ocrx_word' id='word_1_674' title='bbox 2233 5711 2534 5791; x_wconf 86' lang='lat' dir='ltr'><strong>accipiat,</strong></span> <span class='ocrx_word' id='word_1_675' title='bbox 2564 5731 2792 5793; x_wconf 88' lang='lat' dir='ltr'><strong>nempe</strong></span> <span class='ocrx_word' id='word_1_676' title='bbox 2827 5719 2994 5796; x_wconf 85' lang='lat' dir='ltr'><strong>quod</strong></span> <span class='ocrx_word' id='word_1_677' title='bbox 3029 5728 3124 5782; x_wconf 90' lang='lat' dir='ltr'><strong>est</strong></span> <span class='ocrx_word' id='word_1_678' title='bbox 3157 5721 3363 5804; x_wconf 86' lang='lat' dir='ltr'><strong>ipsius</strong></span> <span class='ocrx_word' id='word_1_679' title='bbox 3389 5729 3567 5800; x_wconf 88' lang='lat' dir='ltr'><strong>Filii.</strong></span> 
     </span>
    </p>
   </div>
   <div class='ocr_carea' id='block_1_59' title="bbox 333 5805 3568 5896">
    <p class='ocr_par' dir='ltr' id='par_1_59' title="bbox 333 5805 3568 5896">
     <span class='ocr_line' id='line_1_59' title="bbox 333 5805 3568 5896; baseline 0.006 -22"><span class='ocrx_word' id='word_1_680' title='bbox 333 5811 494 5893; x_wconf 81' lang='lat' dir='ltr'><strong>quin</strong></span> <span class='ocrx_word' id='word_1_681' title='bbox 537 5805 634 5874; x_wconf 78' lang='lat' dir='ltr'><strong>vel</strong></span> <span class='ocrx_word' id='word_1_682' title='bbox 661 5805 965 5886; x_wconf 80' lang='lat' dir='ltr'><strong>discipuli</strong></span> <span class='ocrx_word' id='word_1_683' title='bbox 994 5805 1306 5866; x_wconf 82' lang='lat' dir='ltr'><strong>rationem</strong></span> <span class='ocrx_word' id='word_1_684' title='bbox 1338 5807 1587 5883; x_wconf 81' lang='lat' dir='ltr'><strong>subeat,</strong></span> <span class='ocrx_word' id='word_1_685' title='bbox 1625 5810 1718 5871; x_wconf 75' lang='lat' dir='ltr'><strong>vel</strong></span> <span class='ocrx_word' id='word_1_686' title='bbox 1778 5809 2138 5888; x_wconf 67' lang='lat' dir='ltr'><strong>indigentis,</strong></span> <span class='ocrx_word' id='word_1_687' title='bbox 2191 5810 2244 5872; x_wconf 90' lang='lat' dir='ltr'><strong>si</strong></span> <span class='ocrx_word' id='word_1_688' title='bbox 2279 5810 2340 5871; x_wconf 88' lang='lat' dir='ltr'><strong>id</strong></span> <span class='ocrx_word' id='word_1_689' title='bbox 2389 5827 2517 5874; x_wconf 91' lang='lat' dir='ltr'><strong>non</strong></span> <span class='ocrx_word' id='word_1_690' title='bbox 2579 5813 2918 5896; x_wconf 86' lang='lat' dir='ltr'><strong>signiticet,</strong></span> <span class='ocrx_word' id='word_1_691' title='bbox 2954 5820 3188 5887; x_wconf 81' lang='lat' dir='ltr'><strong>habere</strong></span> <span class='ocrx_word' id='word_1_692' title='bbox 3221 5831 3568 5896; x_wconf 82' lang='lat' dir='ltr'><strong>essentiam</strong></span> 
     </span>
    </p>
   </div>
  </div>
