4192 6294
570 264 709 331 ’403
1672 269 2051 329 BONIFACH
2092 268 2395 330 FINETTI
2435 268 2827 330 PRdiFATiO
3627 343 3647 361 ο
3747 271 3847 332 46ίὶ

607 385 671 440 ιί
724 388 1010 443 naturam
1051 396 1085 443 a
1117 380 1305 442 Filio.
1343 380 1498 442 Cum
1532 381 1729 462 igitur
1757 384 1966 443 omnia
1998 383 2127 443 hmo
2159 383 2480 460 explicare
2517 381 2886 443 nullatenus
2923 379 3195 459 valeant,
3234 382 3486 445 tandem
3533 381 3848 447 fateantur

611 482 975 555 nobiscum,
1009 481 1316 560 Spiritum
1349 499 1490 543 esse
1528 491 1590 543 et
1618 489 1967 563 procedere
2008 505 2047 543 ιι
2078 484 2246 544 Filio
2283 492 2341 543 et
2369 500 2488 562 per
2535 483 2794 544 Filium.
2836 483 2954 544 Sed
3009 483 3137 562 jam
3177 483 3252 545 ad
3302 484 3847 566 TIICOPIIJIOCNHII

612 590 827 645 nostra
863 589 1216 645 revertatur
1239 582 1468 645 oratio.

690 684 1024 749 XXXVII.
1081 685 1287 759 Quam
1350 683 1701 746 infeliciter
1754 685 1851 746 illi
1912 687 2176 748 cesserit
2218 686 2378 747 illud
2418 710 2432 747 :
2468 685 2737 748 Ostende
2774 684 2955 748 nobis
3014 688 3443 768 Patrem,jam
3502 695 3744 753 constat
3775 707 3851 752 ex

610 785 822 846 dictis.
860 786 1042 847 Nunc
1072 783 1230 846 milii
1262 784 1830 846 demonstrandum
1865 785 2051 858 foret,
2077 804 2269 865 quam
2307 787 2627 849 imbecilla
2660 788 2815 849 sint.
2843 794 3147 867 tantoque
3182 788 3443 867 indigna
3474 790 3733 853 doctore
3758 808 3853 852 ar-

610 892 937 965 gumenta,
964 889 1153 966 queis
1191 886 1485 949 Latinum
1515 887 1745 965 dagma
1782 887 2078 951 refellere
2110 889 2506 969 aggreditur,
2532 889 2855 952 .nisi'cum
2899 890 3119 969 plures
3148 890 3281 963 alii,
3319 898 3452 953 tum
3482 894 3851 971 nuperrime

611 991 694 1051 cl.
733 989 988 1069 praeviis
1018 990 1507 1053 Dissertationis
1535 998 1757 1053 auctor
1799 1006 1832 1051 a
1864 1006 2042 1053 num.
2079 990 2156 1051 75
2188 993 2509 1052 cumulate
2536 992 2597 1051 id
2634 991 3061 1068 pra-stilisset.
3095 994 3416 1073 Perpauca
3449 1000 3657 1057 tamen
3697 995 3854 1074 adji-

612 1109 758 1154 cere
797 1093 1004 1167 liceat,
1033 1103 1104 1155 ut
1135 1093 1339 1173 magis
1379 1094 1715 1173 magisque
1743 1092 2134 1172 infringatur
2166 1093 2343 1156 illius
2383 1095 2479 1155 vis
2521 1094 2909 1174 argumenti,
2948 1097 3119 1174 quod
3162 1096 3401 1173 petitur
3454 1111 3533 1156 ex
3596 1096 3852 1160 duobus

616 1190 974 1267 principiis,
1009 1207 1155 1270 qum
1183 1190 1250 1252 in
1285 1191 1705 1267 productione
1738 1191 2015 1270 Spiritus
2039 1192 2239 1253 sancti
2276 1209 2309 1254 a
2344 1192 2529 1255 nobis
2564 1193 2811 1256 admitti
2843 1193 3209 1268 arbitratur,
3249 1201 3345 1257 vet
3376 1194 3600 1258 saltem
3643 1214 3858 1261 ncces-

612 1296 782 1356 sario
822 1294 1135 1374 consequi
1177 1294 1577 1373 exclOgmate
1617 1295 1788 1373 quod
1826 1311 2336 1374 propuguamus.
2379 1296 2617 1356 Mirum
2650 1313 2829 1371 sane,
2864 1298 3035 1377 quod
3100 1298 3196 1359 vir
3236 1300 3555 1376 prmstanti
3596 1298 3858 1379 ingenio

613 1395 920 1475 praeditus
950 1395 1013 1455 in
1047 1393 1524 1455 crassissimum
1557 1391 1728 1456 hunc
1767 1410 2051 1456 errOren‘i
2095 1394 2430 1474 impegerit
2461 1418 2477 1467 ;
2513 1396 2623 1456 sed
2659 1396 2841 1457 nullo
2873 1397 3062 1458 modo
3084 1396 3445 1472 ferendum,
3492 1403 3666 1479 quod
3704 1400 3857 1461 Plio-

613 1495 770 1557 tiani
808 1497 1219 1577 liuncipsum
1243 1514 1528 1561 errorem
1562 1495 1746 1558 nobis
1778 1494 1986 1556 adhuc
2032 1493 2312 1573 obiicere
2350 1505 2408 1556 et
2445 1495 2832 1574 eXprobrare
2893 1513 3018 1559 non
3062 1499 3381 1571 desinant,
3419 1510 3752 1580 postquam
3799 1510 3858 1562 et

616 1600 885 1670 centies.
928 1610 990 1663 et
1020 1601 1284 1674 millies,
1312 1610 1374 1663 et
1399 1598 1915 1663 luculentissime
1946 1598 2211 1679 quidem
2247 1596 2378 1659 lianc
2407 1615 2440 1660 a
2472 1599 2707 1661 nostris
2741 1600 3006 1661 contrita
3049 1599 3323 1678 objeclio
3356 1610 3474 1662 est.
3503 1601 3672 1674 Quid
3709 1617 3854 1661 vero

611 1703 961 1766 dicendum
1000 1705 1079 1766 de
1127 1701 1621 1783 Ephraimojam
1647 1699 1797 1761 alibi
1840 1707 2212 1769 memorato,
2248 1700 2359 1778 qui
2396 1698 2463 1760 in
2509 1699 2879 1779 prwfatione
2915 1705 3232 1779 praedicta,
3265 1719 3390 1763 non
3445 1705 3636 1764 modo
3670 1702 3859 1781 jacti—

613 1811 725 1876 tat,
760 1817 874 1865 nos
910 1811 1173 1881 ἑμπεεεῖν
1195 1810 1273 1872 εἰς
1303 1807 1364 1862 τὸ
1394 1805 1670 1879 βάραθρον
1701 1808 1800 1877 τῆς
1842 1806 2127 1876 δυαρχῖας,
2159 1798 2261 1857 inc

2202 1798 2437 1857 widere
2492 1800 2560 1858 in
2611 1798 2979 1859 barathrum
3038 1800 3328 1879 duplicis,
3368 1802 3710 1883 principii:
3748 1803 3857 1863 sed

615 1907 836 1976 etiam,
873 1912 943 1966 ut
982 1904 1286 1983 majorem
1323 1904 1510 1964 nobis
1542 1899 1774 1963 conllet
1830 1901 2165 1972 invidiam,
2199 1901 2437 1974 eﬂ‘utit,
2474 1903 2736 1964 Latinos
2774 1919 3088 1976 asserere,
3115 1906 3422 1983 Spiritum
3455 1918 3748 1967 sanctum
3786 1925 3862 1966 ea:

622 2000 786 2064 Filio
810 2018 955 2064 esse
973 2009 1222 2080 ὼςδῆοεν
1248 2009 1326 2080 μὴ
1360 2009 1503 2079 ἔχων,
1534 2010 1598 2060 ἐκ
1625 2006 1719 2060 τοῦ
1747 2006 1956 2079 [ἰατρὸς
1985 2008 2277 2081 ὲκπορευθὲ

2206 2008 2339 2071 lose,
2362 2007 2461 2078 τὴν
2489 2007 2826 2078 τελειότητα,
2862 2004 3009 2080 quia
3042 2006 3285 2066 scilicet
3314 2022 3442 2065 non
3473 2007 3678 2078 habet,
3714 2025 3861 2085 qua-

618 2115 796 2165 tenus
826 2122 865 2164 a
894 2102 1085 2164 Patre
1111 2101 1425 2181 procedit,
1460 2102 1906 2180 perfectionem
1925 2121 1944 2168 ;
1976 2102 2269 2180 adeoque
2296 2109 2371 2174 ὼς
2399 2109 2609 2173 ἀτελὲς.
2640 2112 2711 2163 ut
2742 2106 3170 2184 imperfectum
3227 2111 3571 2186 procedere
3603 2108 3790 2170 etiam
3830 2124 3862 2166 a

615 2206 782 2267 Filio
821 2213 909 2266 ἵνα
934 2212 995 2266 τὸ
1024 2211 1227 2266 τέλειον
1261 2210 1567 2283 προσλάϐῃ.
1599 2210 1670 2263 ut
1689 2200 2133 2281 perfectionem
2155 2219 2270 2263 rect

2207 2202 2448 2280 ecipiat.
2482 2202 2741 2278 Verum,
2774 2221 2810 2265 o
2857 2207 3049 2281 bone,
3080 2207 3129 2268 si
3176 2225 3253 2269 ex
3295 2210 3614 2271 sententia
3655 2216 3862 2271 nostin

615 2309 1066 2392 consequitur,
1105 2307 1412 2386 Spiritum
1445 2316 1733 2370 sanctum
1770 2323 1803 2367 a
1844 2308 2022 2368 Patre
2061 2307 2421 2387 imperfecte
2447 2306 2806 2386 procedere,
2835 2309 3185 2391 quiajnxta
3222 2328 3336 2373 nos
3369 2315 3655 2389 procedit
3679 2311 3861 2372 etiam

616 2431 649 2476 a
679 2412 870 2485 Filio,
899 2427 1116 2475 nonne
1160 2423 1568 2488 consequens
1600 2408 1721 2470 erit
1762 2408 1948 2484 juxta
1979 2423 2120 2481 vos,
2158 2408 2404 2469 Patrem
2472 2410 2829 2489 imperfecte
2864 2415 3220 2490 producere
3275 2414 3679 2489 universum,
3720 2416 3865 2493 quia

622 2533 748 2577 non
763 2513 1006 2587 aliuna,
1032 2511 1141 2572 sed
1162 2508 1554 2571 abomnibus
1579 2507 1984 2588 singulisque
2002 2510 2290 2586 personis
2321 2509 2731 2587 producitur?
2756 2509 2898 2571 Etsi
2917 2529 3032 2573 nos
3048 2514 3351 2591 Spiritum
3368 2525 3655 2575 sanctum
3674 2518 3869 2577 aduo-

621 2620 743 2680 bus
767 2612 1059 2690 personis
1085 2629 1225 2674 esse
1261 2612 1587 2683 docentes,
1623 2611 1692 2671 in
1726 2608 2276 2688 δυαρχία;,άιιονιιη

2211 2628 2298 2671 um
2320 2611 2786 2692 principiorum
2811 2631 3090 2676 errorem
3130 2614 3545 2693 prolabimur,
3576 2633 3685 2678 vos
3719 2634 3866 2693 ergo

622 2724 689 2784 in
726 2719 1086 2782 barathrum
1119 2723 1428 2796 τριαρχίας,
1469 2715 1663 2777 trium
1688 2714 2160 2795 principiorum
2191 2715 2504 2790 inciditis,
2536 2733 2679 2779 cum
2717 2733 2905 2779 nemo
2937 2718 3177 2796 aliquis
3210 2727 3489 2780 vestrum
3528 2721 3866 2788 inﬁtietur,

620 2832 732 2887 aut
763 2822 1028 2885 inﬂciari
1061 2828 1282 2901 queat,
1318 2818 1523 2879 fuisse
1557 2820 1872 2879 mundum
1912 2834 1946 2879 a
1986 2817 2192 2880 tribus
2228 2819 2522 2897 personis
2556 2836 2634 2881 ex
2682 2817 2889 2880 nihilo
2922 2818 3249 2879 eductum.
3287 2820 3626 2899 Quidquid
3678 2822 3867 2901 igitur

622 2926 700 2990 ad
735 2925 1265 3006 proiuignandam
1294 2923 1359 2983 in
1393 2919 1713 2982 creatione
1741 2919 2028 2981 universi
2066 2929 2388 2998 μοναρχίαν,
2420 2918 2723 2980 unitatem
2750 2920 3066 2998 principii
3086 2919 3326 3006 dictum
3363 2935 3394 2980 a
3429 2922 3612 2981 vobis
3646 2922 3863 2992 fuerit,

621 3032 685 3092 id
721 3004 929 3105 ipsum
960 3004 1330 3087 asseremus
1362 3030 1423 3083 et
1454 3036 1569 3082 nos
1598 3021 1675 3082 ad
1707 3010 2052 3082 tollendam
2082 3022 2145 3081 in
2170 3019 2595 3099 productione
2626 3022 2903 3098 Spiritus
2939 3021 3135 3083 sancti
3161 3031 3257 3100 τῆς
3288 3004 3573 3102 ἑυαρχίας,
3603 3024 3867 3084 duorum

620 3116 1093 3209 principioriiin
1124 3121 1530 3183 exstantiam.
1559 3118 1733 3194 Quid
1770 3119 1942 3180 enim
1981 3118 2163 3181 vobis
2194 3117 2366 3180 aliud
2407 3120 2693 3198 suppetit
2724 3121 3096 3209 dicendum,
3126 3124 3249 3184 nisi
3275 3125 3348 3186 ad
3385 3125 3784 3203 multiplican
3813 3129 3864 3209 ta

622 3206 968 3302 creationis
1034 3225 1352 3305 principia
1386 3224 1541 3288 satis
1598 3222 1864 3286 minime
1917 3238 2088 3299 esse,
2122 3223 2294 3301 quod
2356 3222 2576 3301 plures
2630 3205 2983 3303 Opere‘ntur
3034 3208 3355 3304 personat;
3418 3228 3528 3289 sed
3581 3200 3872 3303 insnpez,

591 3309 947 3409 'oportere,
978 3328 1151 3408 quod
1187 3338 1247 3388 et
1280 3327 1541 3396 virtute,
1583 3332 1640 3386 et
1668 3325 1918 3385 actione
1957 3324 2236 3398 diversa,
2270 3334 2329 3386 et
2354 3324 2598 3405 absque
2638 3328 2834 3389 unius
2858 3328 2936 3389 ab
2965 3329 3159 3389 altera
3209 3331 3672 3405 dependentia,
3706 3329 3858 3389 sul:—

624 3432 1034 3496 ordinatione
1093 3429 1188 3491 vel
1234 3429 1462 3491 ordine
1489 3437 1837 3504 Opeicutur
1877 3434 1937 3488 et
1972 3430 2206 3506 agant?
2235 3429 2479 3489 Eodem
2521 3429 2714 3506 igitur
2747 3434 2925 3507 pacto
2968 3441 3029 3492 et
3075 3449 3189 3494 nos
3224 3410 3715 3510 respondemus,
3754 3423 3865 3492 Pit'v

625 3554 785 3602 trem
822 3545 882 3600 et
933 3533 1170 3597 Filium
1222 3550 1352 3594 non
1410 3531 1679 3610 duplex,
1728 3532 1838 3591 sed
1876 3549 2095 3591 unum
2137 3548 2279 3596 esse
2330 3534 2727 3613 principium
2787 3534 3065 3612 Spiritus
3098 3536 3324 3610 sancti,
3357 3537 3512 3615 quia
3553 3539 3721 3599 sicut
3777 3541 3870 3598 est

626 3641 852 3704 eadem
902 3640 1243 3717 utriusque
1292 3650 1518 3699 natura
1564 3647 1623 3698 et
1682 3638 1991 3706 essentia,
2042 3635 2123 3697 ita
2171 3647 2233 3698 et
2290 3638 2513 3698 eadem
2567 3637 2899 3699 numerica
2933 3638 3155 3709 virtus,
3203 3646 3265 3700 et
3324 3638 3488 3702 actio
3535 3638 3869 3704 individua

627 3745 972 3822 utriusque
1010 3759 1168 3803 :seu
1207 3740 1361 3821 quia
1401 3738 1612 3801 Filius
1638 3737 1897 3799 nonnisi
1954 3736 2192 3799 virtute
2248 3736 2635 3816 actioueque
2685 3753 2720 3799 a
2760 3740 2939 3799 Patre
2969 3746 3218 3816 recepta
3264 3738 3561 3816 producit
3599 3762 3613 3798 :
3647 3747 3709 3800 et
3746 3755 3862 3801 non

628 3855 950 3928 quatenus
983 3843 1255 3906 refertur
1300 3843 1375 3904 ad
1412 3845 1654 3904 Patrem
1686 3839 1763 3901 ab
1794 3857 2004 3919 eoque
2036 3837 2498 3919 distinguitur;
2522 3835 2636 3923 sed
2670 3848 2990 3918 quatenus
3023 3859 3220 3900 unum
3244 3840 3551 3917 idemq‘ue
3583 3858 3726 3902 cum
3761 3841 3867 3899 illo

628 3955 752 4011 est.
797 3947 1353 4024 Quemadmodum
1387 3944 1583 4022 igitur
1614 3943 1699 4005 ob
1733 3941 2045 4002 rationem
2084 3939 2338 4003 allatam
2371 3957 2597 4002 omnes
2631 3951 2691 4002 et
2715 3940 2991 4019 singulae
3015 3941 3345 4001 Trinitatis
3378 3958 3672 4018 persona:
3724 3947 3870 4002 sunt

626 4070 822 4118 unum
854 4045 1202 4113 creationis
1242 4044 1660 4126 principium,
1686 4027 1992 4121 unusque
2038 4057 2253 4102 rerum
2295 4039 2589 4102 omnium
2630 4049 2877 4121 κτιστὴς,
2916 4051 3197 4110 creator;
3244 4043 3324 4103 ita
3372 4052 3434 4102 et
3469 4044 3764 4106 eamdem
3793 4035 3872 4098 oti

626 4174 881 4222 causam
917 4158 1100 4217 Pater
1129 4160 1193 4214 et
1224 4152 1430 4212 Filius
1454 4154 1604 4211 sunt
1634 4147 1890 4208 unicum
1908 4145 2186 4227 Spiritus
2222 4148 2423 4207 sancti
2456 4145 2872 4227 principium,
2911 4151 3273 4226 unicusque
3305 4158 3623 4228 προῧιιλίίις,
3661 4152 3866 4229 spira-

628 4273 732 4324 tor
759 4256 1308 4337 simplicissimus.
1341 4257 1460 4314 lies
1494 4269 1647 4314 sane
1687 4251 2119 4331 perspicua‘ct
2158 4250 2395 4330 cuique
2437 4249 2657 4330 pervia
2716 4258 2831 4313 est.
2878 4252 3089 4324 Quare
3146 4270 3262 4314 nos
3306 4253 3571 4318 minime
3629 4254 3861 4322 asSeri-

629 4382 799 4436 mus,
828 4364 972 4426 ideo
1003 4359 1313 4439 Spiritum
1337 4363 1624 4419 sanctum
1655 4356 1844 4418 etiam
1866 4371 1907 4415 ea
1932 4354 2097 4417 Filio
2128 4355 2501 4433 procedere,
2528 4355 2680 4434 quia
2704 4355 3103 4433 imperfectus
3133 4372 3249 4417 seu
3276 4355 3649 4435 imperfecto
3684 4356 3865 4418 modo

631 4467 928 4547 procedat
960 4485 991 4530 a
1023 4470 1206 4530 Patre
1237 4465 1434 4544 (quod
1468 4461 1695 4541 absit);
1735 4461 1845 4522 sed
1880 4460 2033 4540 quia
2070 4459 2192 4522 hoc
2240 4461 2403 4539 ipso,
2440 4460 2611 4540 quod
2669 4476 2701 4522 a
2751 4462 2930 4521 Patre
2994 4460 3303 4538 procedit,
3342 4478 3375 4522 τι
3406 4460 3575 4525 Filio
3610 4474 3861 4542 quoque

630 4574 977 4652 procedere
1013 4588 1348 4635 necessum
1374 4576 1508 4641 est;
1538 4584 1683 4630 cum
1718 4584 1845 4629 una
1878 4566 2236 4646 eademque
2290 4568 2495 4629 virtus
2558 4576 2621 4628 et
2685 4566 2875 4640 aolio,
2910 4584 3037 4645 qua
3080 4567 3261 4628 Pater
3323 4570 3637 4644 producit,
3671 4575 3862 4630 exstet

627 4682 818 4741 etiam
859 4678 921 4736 in
961 4674 1124 4734 Filio
1148 4670 1613 4734 communicata
1663 4671 1742 4732 ab
1772 4671 2050 4749 ipsemet
2110 4673 2288 4731 Patre
2331 4692 2344 4730 :
2384 4667 2928 4748 quemadmodum
2959 4688 3058 4730 res
3111 4678 3361 4738 creata),
3399 4687 3477 4730 eo
3508 4671 3647 4750 ipso
3696 4668 3858 4749 quod

631 4782 1076 4861 producuntur
1104 4793 1137 4837 a
1175 4777 1380 4849 Patre,
1414 4774 1604 4836 etiam
1628 4790 1662 4835 a
1686 4772 1855 4835 Filio
1887 4782 1947 4834 et
1978 4790 2014 4836 a
2042 4773 2287 4849 Spiritu
2319 4780 2540 4834 sancto
2575 4770 3009 4850 producantur
3038 4780 3305 4851 oportet,
3334 4788 3477 4835 cum
3507 4780 3754 4837 neuter.
3786 4769 3858 4829 ad

629 4885 749 4945 hoc
780 4879 953 4961 quod
1015 4879 1263 4949 attinet,
1296 4882 1665 4937 secernatur
1707 4890 1740 4935 a
1782 4876 1986 4935 Patre.
2042 4874 2405 4949 Mirandum
2463 4887 2618 4933 sane
2656 4871 3023 4951 iterumque
3079 4868 3468 4941 mirandum.
3507 4872 3676 4951 quod
3731 4888 3855 4931 rem

630 4984 795 5046 adeo
826 4981 1229 5059 perSpicuam
1262 4978 1780 5058 TlieOpliylactus
1815 4992 1941 5038 non
1975 4976 2234 5047 viderit,
2269 4979 2492 5056 sicque
2526 4975 3141 5052 argumentationem
3189 4976 3478 5038 instituat
3512 4992 3687 5039 num.
3725 4976 3796 5034 Vl
3837 4990 3848 5034 :

630 5095 695 5150 Ei
732 5093 831 5163 μὲν
860 5084 953 5143 oin
979 5091 1007 5143 ὁ
1038 5089 1162 5152 Υἱὸς
1194 5088 1288 5142 τοῦ
1322 5086 1637 5159 “vs-Sparso;
1667 5088 1858 5150 αἴτιος,
1890 5088 1984 5142 δύο
2016 5086 2185 5158 ἀρχαὶ
2215 5088 2285 5139 τοί

2215 5086 2309 5139 τοῦ
2343 5086 2481 5147 ἑνός.
2512 5078 2582 5138 Si
2608 5078 2817 5156 itaque
2840 5074 3050 5137 Filius
3081 5085 3304 5136 auctor
3333 5086 3420 5137 est
3450 5078 3630 5161 etiarn
3660 5071 3869 5152 Spirt:

628 5192 733 5247 tus
766 5179 995 5251 sancti,
1028 5178 1150 5238 duo
1210 5188 1357 5239 sunt
1406 5179 1597 5238 unius
1630 5194 1917 5255 personte
1946 5177 2296 5256 principia.
2332 5178 2407 5237 At
2437 5193 2631 5254 quem
2663 5175 2728 5237 in
2760 5180 3199 5238 transversum
3248 5192 3370 5236 non
3402 5185 3588 5254 agant
3634 5177 3861 5237 ﬁrmata

624 5292 756 5373 jam
796 5286 1184 5369 praeiudicia,
1216 5291 1278 5343 et
1308 5298 1541 5354 causae,
1567 5297 1713 5360 qua:
1758 5286 2218 5358 prepngnatnr,
2268 5278 2621 5358 iniquitas?
2652 5282 2763 5340 Est
2807 5295 2960 5341 vero
2993 5278 3453 5355 perridiculum
3485 5286 3659 5358 (pace
3711 5275 3857 5338 tanti

636 5394 755 5454 viri
798 5386 1099 5465 dixerim)
1130 5384 1302 5464 quod
1337 5381 1553 5443 subdit
1598 5402 1614 5441 :
1645 5379 1826 5453 Quod
1853 5389 2056 5439 autem
2085 5378 2380 5457 pluribus
2412 5378 2748 5458 principiis
2782 5396 2939 5458 opus
2971 5378 3149 5441 habet
3193 5376 3276 5441 ad
3301 5382 3742 5448 exsistendum,
3774 5374 3863 5436 cet

632 5498 834 5577 majus
859 5494 978 5553 erit
995 5509 1072 5551 eo
1101 5486 1267 5567 quod
1300 5505 1378 5547 ea:
1405 5504 1531 5545 uno
1564 5484 1886 5562 principio
1917 5482 2097 5542 habet
2117 5501 2275 5554 esse,
2310 5482 2401 5542 ret
2432 5482 2686 5560 «quale,
2722 5483 2816 5543 vel
2853 5485 3078 5544 minus.
3115 5482 3235 5543 Sed
3285 5480 3519 5561 a'quale
3580 5499 3706 5543 esse
3737 5497 3859 5541 non

632 5606 863 5681 potest,
896 5594 1177 5673 alioquin
1206 5599 1360 5653 esset
1388 5589 1456 5651 id
1485 5606 1722 5668 quoque
1766 5606 1845 5647 ea:
1871 5604 1999 5646 uno
2025 5588 2369 5664 principio.
2403 5587 2623 5646 Restat
2645 5587 2847 5662 igitur
2870 5595 2937 5646 ut
2975 5585 3183 5664 majus
3202 5586 3285 5645 sit
3326 5597 3444 5645 auia
3475 5601 3700 5647 minus.
3735 5580 3860 5659 lgi-

631 5715 741 5768 tur
772 5699 956 5761 etiam
981 5695 1265 5776 Spiritus
1299 5701 1552 5753 sanctus
1582 5698 1693 5772 aut
1723 5690 1925 5766 major
1954 5684 2126 5749 Filio
2160 5691 2357 5751 erit...
2383 5696 2493 5748 aut
2524 5688 2748 5747 minori
2791 5687 2950 5761 Qum
2993 5685 3479 5764 argumentandi
3542 5682 3695 5748 ratio
3737 5693 3861 5741 non
