4192 6294
408 433 520 500 465
1263 442 1348 504 ΙΝ
1386 445 1816 518 SEQUENTIA
1845 449 2063 511 THEO]

2010 450 2422 514 DPHYLACTI
2454 454 2792 518 SCRIPTA.
3555 460 3665 527 466

413 549 627 612 solum
665 558 877 654 peccat
900 552 969 615 in
1006 566 1084 615 eo
1109 554 1284 635 quod
1315 558 1553 621 Patrem
1583 568 1646 622 et
1680 561 1920 623 Filium
1959 564 2091 626 duo
2122 581 2267 627 esse
2300 565 2613 646 principia
2663 568 2941 647 Spiritus
2973 573 3171 633 sancti
3197 573 3330 652 jam
3360 588 3650 654 praasup-

412 658 634 751 ponat,
667 650 777 712 sed
812 650 878 714 in
916 667 996 714 eo
1030 654 1461 732 potissimum,
1489 661 1663 739 quod
1699 678 1823 723 non
1859 663 2014 724 satis
2049 663 2572 728 animadverterit
2604 668 3147 750 'l'lieophylactus,
3184 650 3663 751 processionem

413 749 700 828 Spiritus
738 753 940 816 sancti
979 769 1015 817 e
1044 755 1296 820 duabus
1320 760 1620 837 personis
1651 778 1776 825 non
1810 783 1889 827 ex
1920 766 2354 847 aliqua‘illius
2388 770 2749 851 indigentia
2786 772 3130 851 proﬁcisci,
3158 749 3272 836 sed
3298 791 3379 837 ex
3415 775 3657 838 unitate

412 859 611 931 atque
644 852 977 920 identitate
1002 856 1258 922 virtutis
1290 863 1642 926 etactionis
1676 865 2005 944 Spirantis,
2039 886 2179 950 qum
2210 873 2274 934 in
2338 881 2607 954 utraque
2640 882 2916 954 persena
2968 884 3099 951 est;
3137 894 3329 955 quam
3394 878 3478 941 ob
3531 895 3666 940 rem

414 953 576 1014 oriri
618 969 745 1016 non
780 966 983 1035 potest
1019 976 1051 1021 a
1085 961 1262 1024 Patre
1295 965 1452 1042 quin
1482 968 1674 1030 simul
1712 970 1955 1034 oriatur
1990 991 2023 1036 a
2065 975 2252 1047 Filio,
2285 976 2828 1054 quemadmodum
2867 981 3068 1042 creari
3106 953 3387 1044 mundus
3418 999 3452 1043 a
3488 984 3668 1045 Patre

416 1075 547 1165 non
586 1064 972 1165 potuitqnin
1004 1075 1064 1129 et
1097 1069 1235 1132 alia:
1268 1088 1562 1151 persona
1592 1093 2054 1148 concurrerent
2114 1086 2178 1147 in
2227 1085 2645 1147 creationem.
2698 1085 2822 1148 Sed
2872 1085 3045 1165 piget
3103 1083 3169 1146 in
3215 1082 3341 1160 bis,
3380 1101 3525 1165 quae
3571 1085 3669 1147 vel

414 1160 585 1240 ipsis
619 1163 955 1246 tbeologiaa
982 1173 1304 1237 tironibus
1337 1176 1662 1256 explorata
1694 1191 1865 1256 sunt,
1903 1186 2148 1250 diutius
2193 1187 2551 1254 immorari.

503 1266 858 1370 xxxiii".
909 1270 1466 1344 Quemadmodum
1516 1294 1708 1355 porro
1760 1282 1951 1345 nihili
2020 1285 2313 1351 facienda
2366 1301 2484 1365 est,
2514 1290 2591 1352 ad
2640 1290 2762 1351 hoc
2800 1289 2973 1370 quod
3024 1287 3271 1362 attinet,
3324 1288 3668 1350 auctoritas

415 1363 909 1470 'ljheOphy‘lacti,
944 1379 1163 1447 utpote
1195 1372 1658 1439 inﬁrmissimis
1699 1388 2097 1462 argumentis
2141 1388 2373 1464 innixi,
2410 1363 2494 1451 ita
2538 1363 2862 1470 probanda
2916 1391 3096 1452 illius
3130 1389 3333 1451 animi
3371 1389 3668 1450 modera-

418 1466 540 1535 tio,
568 1467 736 1544 quod
770 1486 805 1531 a
844 1488 1115 1534 censura
1147 1474 1431 1552 qualibet
1471 1477 1859 1558 disputando
1890 1486 2316 1558 abstinuerit;
2375 1466 2657 1552 cum-ex
2716 1490 3049 1569 Pliotianis
3096 1489 3297 1569 aliqui
3361 1498 3665 1568 tanquam

416 1568 792 1644 Iza’reticam,
818 1571 926 1633 alii
964 1584 1033 1634 ut
1070 1574 1485 1656 blasphemam
1515 1583 1581 1643 in
1606 1584 1919 1663 Spiritum
1944 1599 2230 1651 sanctum
2268 1594 2602 1655 traducere
2628 1568 3000 1655 Latinorum
3035 1568 3444 1662 sententiam,
3476 1599 3670 1668 atque

423 1671 843 1774 adeodogma
868 1678 1278 1754 catholicum,
1315 1697 1439 1743 non
1483 1697 1843 1762 vereantur,
1883 1698 1949 1751 ut
1996 1689 2392 1755 furibundus
2428 1693 2538 1756 ille
2584 1692 2976 1774 sycophanta
3017 1691 3422 1771 Ephraemus.
3457 1690 3671 1751 Theo-

424 1771 763 1850 lthylﬂclus
790 1786 1006 1840 contra
1042 1779 1297 1842 videtur
1329 1790 1396 1843 ut
1427 1782 1647 1846 falsam
1684 1792 2125 1852 tantummodo
2152 1793 2534 1870 Opinionem
2569 1771 2759 1872 queis
2795 1799 2999 1871 potest
3048 1789 3446 1864 argumentis
3478 1786 3671 1851 refel-

421 1872 577 1935 lere.
611 1874 777 1938 Hinc
809 1895 983 1940 num.
1021 1881 1099 1942 111
1134 1889 1191 1943 τὸ
1220 1894 1477 1961 μέγιστον
1499 1895 1742 1950 Λατίνων
1771 1900 2018 1969 σφάλμα,
2056 1912 2076 1950 1

2016 1948 2018 1958 ι
2056 1895 2398 1954 maximum
2451 1894 2815 1957 Latinorum
2845 1898 3122 1954 errorem
3146 1893 3335 1954 docet
3366 1909 3510 1954 esse
3545 1907 3671 1952 non

420 1976 652 2053 ipsam,
685 1996 876 2057 quam
940 1990 1216 2058 tuemur,
1269 1989 1675 2064 sententiam,
1725 1993 1837 2053 sed
1900 2000 2001 2073 τὴν
2030 2003 2075 2057 ἐκ

2030 2003 2089 2057 ὲν
2123 2003 2203 2074 τῷ
2232 2009 2470 2071 πίστεως
2502 2007 2761 2077 Συμΰόλῳ
2793 2006 3171 2076 καινοτομίαν,
3238 1996 3553 2057 invectam
3605 1994 3675 2054 in

420 2085 568 2165 ﬁdei
593 2088 953 2166 Symbolum
985 2093 1474 2171 innovationem,
1500 2113 1615 2159 seu
1649 2098 2047 2163 auditionem
2081 2104 2429 2181 particulm,
2462 2105 2790 2185 Fiiioque:
2822 2110 2882 2165 et
2916 2120 3091 2166 num.
3124 2103 3275 2165 XIII
3314 2101 3378 2162 in
3426 2097 3674 2176 placitis

424 2193 792 2256 Latinorum
827 2197 1002 2259 velut
1024 2209 1122 2278 τὴν
1148 2211 1421 2284 τςατρξκην
1455 2212 1635 2269 πίστιν
1661 2216 1909 2281 σαλεῦον,
1940 2207 2079 2287 ﬁdet

2021 2207 2122 2269 'em
2178 2212 2543 2271 concutiens
2579 2210 2690 2272 SS.
2724 2209 3010 2283 Patrum,
3045 2210 3255 2268 solum
3308 2203 3495 2265 aﬂ‘ert
3526 2211 3588 2265 τδ
3620 2215 3676 2264 ἐν

420 2305 503 2375 τῷ
524 2307 784 2380 Συμὸὁλῳ
817 2312 943 2381 περὶ
979 2313 1073 2368 τοῦ
1116 2315 1299 2385 Ἀγίου
1331 2319 1644 2391 Πνεῦματος
1678 2323 2075 2394 προστεῡέμενο

2023 2339 2122 2384 rev,
2150 2314 2237 2389 id,
2264 2312 2430 2397 quod
2455 2314 2528 2375 de
2541 2315 2793 2396 Spiritu
2819 2324 3033 2375 sancto
3058 2310 3367 2392 adjectum
3393 2316 3481 2368 est
3498 2308 3678 2387 Sym-

420 2397 588 2462 bolo.
630 2402 720 2463 Ad
797 2404 966 2466 hunc
990 2419 1204 2470 autem
1262 2428 1535 2472 errorem
1582 2412 1956 2477 Latinorum
1994 2419 2338 2480 maximum
2402 2418 2870 2499 profligandam
2911 2434 3038 2479 non
3066 2413 3194 2476 alio
3227 2412 3428 2473 utitur
3475 2426 3673 2487 antu-

426 2508 665 2603 mento,
714 2510 903 2585 quam
965 2507 1083 2572 hoc
1124 2533 1138 2571 :
1179 2521 1275 2575 Δεῖ
1304 2522 1361 2577 δὲ
1391 2522 1645 2581 εἷναιτοῦ
1677 2529 1871 2583 πιστοῦ
1900 2532 1962 2582 τὸ
1992 2532 2081 2599 σύ,

2017 2531 2263 2599 τύμϐολον
2305 2532 2485 2603 πάσης
2522 2531 2909 2601 ἀπηλαγμένον
2937 2528 3365 2598 περιποιήσεως,
3410 2513 3672 2593 Oportet

423 2602 587 2662 enim
612 2605 815 2683 ﬁdelis
839 2612 1183 2688 symbolum
1214 2616 1484 2678 immune
1517 2636 1647 2680 esse
1690 2620 1766 2682 ab
1798 2625 1966 2684 omni
1994 2602 2456 2686 adulteratione
2486 2634 2542 2685 et
2581 2618 3161 2702 carruptione.ASed
3196 2618 3275 2679 ad
3306 2617 3425 2677 hoc
3458 2612 3675 2676 facilis

428 2704 789 2780 responsio
814 2719 928 2783 est,
966 2728 1176 2791 neque
1210 2713 1780 2796 TheOphylactum,
1816 2720 1964 2784 licet
1994 2724 2121 2784 acri
2154 2723 2419 2801 ingenio
2447 2724 2808 2802 praeditum,
2851 2719 3178 2798 probasse,
3223 2735 3437 2798 neque
3468 2716 3672 2779 alium

425 2805 794 2884 quempiam
828 2828 972 2873 esse
1001 2831 1281 2893 unquam
1315 2819 1752 2895 probaturum,
1787 2820 2007 2884 falsam
2049 2840 2194 2885 esse
2259 2825 2630 2886 Latinorum
2685 2821 3038 2885 doctrinam
3094 2825 3307 2897 quoad
3393 2817 3675 2895 Spiritus

426 2903 625 2964 sancti
659 2909 850 2970 etiam
887 2927 922 2972 a
954 2914 1118 2975 Filio
1153 2918 1656 2995 processionem.
1680 2924 1823 2999 Quo
1848 2923 2215 3003 igiturjure
2258 2942 2370 3003 per
2395 2924 2788 2987 additionem
2843 2923 3015 2985 vocis
3066 2921 3354 2999 Filioque
3390 2919 3516 2981 dici
3549 2932 3668 2995 poo

424 3005 980 3085 teritSymbolum
1030 3016 1453 3082 adulteratam
1482 3022 1621 3086 sive
1677 3030 2095 3104 corruptum?
2129 3028 2436 3089 Caeterum
2496 3029 2576 3089 de
2612 3025 2950 3104 Ephesium
3011 3024 3246 3104 synodi
3293 3020 3660 3091 interdicto,

427 3105 603 3179 quod
634 3111 796 3201 adeo
830 3113 1113 3190 jactitant
1148 3118 1465 3195 Photiani,
1494 3132 1557 3184 et
1593 3140 1705 3204 pro
1737 3141 1867 3206 quo
1902 3135 2025 3190 tam
2057 3127 2220 3190 altos
2245 3127 2555 3188 clamores
2589 3128 2785 3200 cient,
2819 3142 2951 3205 quo
2984 3140 3217 3203 nempe
3254 3122 3520 3185 vetitum
3547 3136 3676 3196 pu-

425 3211 586 3308 tant,
630 3224 707 3270 ne
739 3214 1090 3294 quidquam
1122 3219 1425 3298 Symbolo
1455 3225 1549 3287 vel
1586 3226 1842 3306 majoris
1868 3234 2116 3290 tantum
2155 3228 2606 3308 eXplicationis
2628 3229 2827 3308 gratia
2857 3227 3203 3289 adderetur
3248 3221 3460 3304 (quasi
3523 3235 3674 3283 vero

434 3306 672 3407 velitne
704 3312 916 3374 solum
948 3316 1026 3376 de
1057 3335 1246 3382 causa
1280 3322 1625 3401 rejieienda
1655 3334 1822 3388 esset
1856 3335 1924 3388 ut
1957 3328 2155 3407 impia
2203 3306 2397 3407 atque
2425 3306 2760 3407 illegitima
2795 3330 3162 3387 memorata)
3197 3319 3528 3402 particulae
3557 3322 3676 3380 ad-

429 3405 640 3486 ditio),
678 3411 924 3473 nullum
957 3416 1476 3500 TheOphyIactus
1511 3423 1770 3486 verbum
1798 3426 1979 3497 facit;
2024 3405 2193 3504 quod
2239 3405 2392 3486 mihi
2426 3405 2807 3503 argumento
2836 3422 3504 3490 luculentissimO-est,
3541 3433 3678 3493 per—

428 3528 696 3573 suasum
722 3512 816 3575 illi
850 3515 1075 3589 fuisse,
1102 3521 1511 3585 interdictum
1540 3525 1936 3602 Ephesinum
1970 3543 2112 3588 esse
2143 3525 2355 3598 aliter,
2387 3530 2579 3604 atque
2602 3541 2634 3585 a
2666 3522 2990 3584 Pbotianis
3021 3522 3280 3592 assolet,
3308 3517 3679 3596 intelligen-

429 3608 587 3670 dum
629 3633 642 3669 :
676 3613 966 3693 adeoque
993 3617 1361 3683 nullatenus
1396 3623 1757 3701 improbare
1811 3624 2233 3694 additionem,
2270 3625 2335 3685 in
2372 3641 2566 3705 quam
2625 3623 2721 3683 illi
2755 3624 2919 3683 adeo
2982 3620 3403 3682 conclamant.
3435 3621 3557 3682 Sed
3594 3620 3676 3683 de

427 3707 549 3773 hac.
583 3712 816 3775 celebri
845 3715 1243 3779 Attocutione
1268 3738 1345 3783 ne
1372 3722 1575 3801 plura.
1614 3724 1950 3805 Quidquid
1988 3726 2164 3786 enim
2185 3722 2704 3803 'l‘lieOpbylactus
2743 3721 3036 3801 adjungit
3066 3721 3164 3783 vel
3203 3709 3420 3783 contra
3455 3721 3674 3800 tegili-

431 3828 610 3873 mum
668 3831 1039 3893 azymorum
1070 3836 1258 3880 usum
1291 3822 1353 3882 in
1391 3822 1804 3885 Eucharistize
1831 3821 2258 3896 confectione,
2294 3823 2392 3885 vel
2420 3830 2637 3885 contra
2672 3820 3042 3882 Latinorum
3061 3819 3388 3899 jejunium
3419 3819 3486 3881 in
3526 3819 3679 3882 Sab-

429 3912 600 3987 bato,
634 3912 887 3977 abunde
914 3916 1177 3979 refutata
1205 3920 1329 3995 jam
1356 3921 1548 3984 habes
1592 3924 1657 3984 in
1692 3924 1929 4001 prtevia
1960 3924 2458 3995 Dissertatione:
2498 3932 2917 4000 praeterquam
2940 3920 3114 3998 quod
3149 3918 3674 3999 'fheophylactus

433 4012 574 4089 ipse
605 4011 862 4087 fatetur,
903 4016 1032 4077 duo
1057 4016 1188 4078 haec
1223 4018 1375 4079 tanti
1434 4020 1743 4082 momenti
1806 4036 1936 4082 non
1967 4037 2134 4094 esse,
2160 4030 2230 4082 ut
2261 4020 2523 4081 Latinos
2579 4018 2745 4079 inter
2768 4021 2830 4079 ει
2865 4018 3116 4080 Graicos
3148 4016 3421 4080 dissidia
3455 4031 3679 4095 parere

430 4110 733 4189 debeant,
782 4118 1114 4198 multoque
1155 4121 1368 4182 minus
1396 4122 1590 4184 unius
1629 4121 1928 4185 Ecclesiae
1956 4123 2036 4183 ab
2075 4120 2274 4184 altera
2304 4122 2801 4200 separatiom-m.

1822 4264 2105 4327 suone
2130 4244 2289 4328 rut.

1017 4407 1105 4467 De
1146 4407 1552 4469 Institutione
1580 4408 1776 4486 regia,
1807 4406 1891 4469 ad
1920 4407 2406 4471 Constantinum
2436 4410 3083 4492 Porphyrogenitum.

516 4535 815 4598 XXXIX.
851 4532 1321 4595 Allocutionem
1347 4534 1424 4596 de
1458 4534 1564 4608 iis,
1594 4551 1758 4614 quos
1789 4536 1987 4599 (ἔτωοὶ
2026 4535 2267 4598 Latinis
2320 4534 2656 4617 aﬂiugunt,
2689 4536 3018 4601 erroribus
3058 4535 3296 4615 excipit
3346 4537 3675 4600 Institutio

433 4639 611 4720 regia
643 4636 725 4699 ad
750 4636 1224 4700 Constantinum
1245 4637 1886 4719 Porphyrogenitum,
1925 4640 2330 4720 imperatoris
2364 4643 2555 4705 Ducas
2577 4644 2683 4719 IV,
2704 4649 2766 4703 et
2795 4640 3011 4704 Marias
3040 4656 3118 4701 ex
3152 4641 3375 4702 Iberia
3415 4640 3676 4717 regibus

436 4750 760 4820 prognatae
791 4738 1018 4800 tilium.
1052 4740 1395 4818 Egregium
1431 4755 1583 4801 sane
1616 4755 1805 4819 Opus,
1834 4748 1895 4802 et
1919 4739 2378 4820 TlieOphylacti
2420 4741 2709 4820 ingenio,
2743 4740 3113 4805 eruditione
3142 4756 3212 4803 ac
3244 4741 3555 4819 sapientia
3583 4740 3680 4803 di-

437 4859 665 4922 gnum.
702 4843 992 4904 Divisum
1018 4849 1110 4903 est
1138 4842 1201 4903 in
1236 4851 1442 4920 partes
1473 4844 1671 4917 duas;
1704 4860 1976 4925 quarum
1998 4844 2196 4905 altera
2231 4844 2299 4905 in
2332 4845 2546 4905 Mariae
2578 4845 3002 4921 imperatricis
3036 4844 3292 4909 eximiis
3310 4843 3509 4906 animi
3555 4844 3676 4906 do-

436 4943 640 5018 tibus,
672 4943 968 5022 regiique
995 4943 1176 5021 pueri
1204 4958 1349 5004 cum
1382 4942 1602 5017 animi,
1639 4952 1771 5005 tum
1808 4943 1997 5005 etiam
2030 4945 2318 5022 corporis
2348 4944 2752 5023 exponendis
2792 4945 3313 5021 extollendisque
3349 4959 3676 5022 praeroga-

439 5045 590 5105 tivis
627 5054 750 5106 tata
783 5054 905 5107 est.
941 5045 1151 5105 Altera
1183 5059 1335 5105 vero
1368 5046 1590 5118 multa,
1629 5062 1832 5124 eaque
1867 5046 2349 5124 sapientissime
2385 5051 2692 5123 prmeepta
2729 5045 3196 5124 complectitur,
3239 5044 3424 5124 queis
3456 5045 3636 5105 Theo
3660 5077 3673 5091 -

440 5148 778 5227 pliylactus
828 5149 968 5228 ipse
1025 5148 1540 5221 Constantinum,
1578 5150 1765 5228 cujus
1822 5159 2172 5228 prteccptor
2212 5158 2369 5219 erat,
2405 5152 2481 5211 ad
2542 5150 2703 5210 bene
2768 5149 3174 5227 feliciterque
3226 5146 3675 5226 imperandum

410 5247 745 5321 ,instituit.
772 5248 838 5309 Et
874 5264 1026 5308 sane
1054 5246 1115 5307 in
1148 5245 1266 5310 hac
1297 5256 1471 5327 parte
1526 5248 2006 5311 absolutissima
2041 5249 2301 5313 functus
2341 5266 2462 5312 suo
2527 5267 2794 5313 munere
2847 5258 2945 5312 est
2980 5273 2995 5312 :
3025 5249 3577 5330 quemadmodum
3611 5249 3674 5311 in

438 5349 561 5410 alia
593 5349 805 5424 priore
848 5350 1066 5411 diserti
1100 5351 1395 5422 oratoris,
1425 5351 1690 5413 fortasse
1724 5362 1780 5412 et
1818 5354 2003 5427 periti
2037 5353 2235 5415 aulici
2268 5361 2477 5430 partes
2505 5353 2776 5414 solerter
2811 5352 3113 5432 explevit.
3153 5353 3469 5416 Libellum
3502 5352 3677 5416 hunc

439 5468 521 5514 ex
548 5452 931 5515 bibliotheca
967 5453 1660 5515 Florentino-Medicae
1679 5455 1924 5533 primus
1945 5456 2113 5518 eruit
2134 5455 2549 5517 doctissimus
2586 5456 2949 5535 Graii-teque
2977 5455 3213 5534 linguas
3243 5454 3674 5533 peritissimus

436 5554 666 5617 Petrus
700 5553 1028 5625 Pessinus,
1064 5553 1319 5629 inclytre
1350 5553 1683 5615 Societatis
1742 5556 1898 5614 Iesu
1931 5553 2234 5615 alumnus
2272 5564 2332 5615 et
2365 5562 2854 5621 ornamentum;
2889 5570 3171 5632 eumque
3198 5550 3491 5613 libellum
3526 5556 3670 5630 epi-

439 5652 603 5714 stola
637 5654 780 5715 data
799 5656 1012 5715 Romte
1040 5668 1207 5715 anno
1238 5652 1807 5734 (utvulgodititur)
1838 5663 2057 5715 sancto
2088 5653 2268 5728 1630,
2308 5653 2634 5742 Ludovico
2670 5652 2835 5725 XIV,
2857 5651 3080 5715 Gallite
3100 5660 3164 5713 et
3194 5654 3485 5715 Navarrte
3510 5652 3670 5727 regi,

438 5763 575 5817 tum
605 5757 814 5819 adhuc
847 5758 1264 5830 adolescenti,
1296 5766 1356 5819 et
1387 5758 1508 5820 sub
1542 5757 1759 5819 matris
1792 5756 1988 5819 tutela
2019 5773 2286 5835 regnum
2336 5755 2832 5836 administranti,
2867 5753 3285 5832 nuncupavit,
3310 5768 3380 5815 ea
3409 5767 3676 5830 prmser-

443 5859 555 5922 tim
591 5861 685 5943 (ut
716 5862 853 5943 ipse
886 5864 1173 5944 testatur)
1206 5863 1450 5927 ratione
1490 5863 1743 5943 ductus,
1780 5863 1952 5942 quod
1988 5862 2052 5924 in
2102 5861 2217 5925 liae
2253 5860 2464 5949 Opella
2500 5858 2778 5925 describi
2813 5858 2887 5923 ad
2922 5858 3230 5924 amussim
3281 5864 3341 5921 et
3369 5854 3669 5939 graphice
