4192 6294
641 350 747 413 ι67
1686 355 2074 418 BONIFACII
2107 358 2292 421 FINE

2248 358 2421 421 ΕΤΤΙ
2459 360 2855 422 ΡΠᾹΞΡΑΤΙΟ
3793 357 3900 424 868

641 463 975 528 videretur
1012 466 1285 548 ipsemet
1318 470 1710 543 Ludovicus,
1746 480 1806 534 et
1836 472 2044 552 qualis
2084 481 2234 536 tunc
2266 475 2666 555 cssetqnoad
2697 476 2985 558 corporis
3016 475 3349 556 animique
3372 476 3578 550 dotes,
3609 482 3668 536 et
3688 477 3898 556 qualis

641 567 834 629 etiam
868 566 1133 633 futurus
1169 587 1513 652 progressu
1552 575 1859 652 temporis
1893 582 2064 635 esset
2093 584 2199 638 aut
2227 592 2371 638 esse
2418 576 2706 640 deberet.
2733 578 2869 641 Etsi
2926 595 3082 642 vero
3121 580 3394 658 epistola
3425 578 3897 658 nuncnpatoria

639 670 877 750 scripta
913 673 996 733 sit
1029 675 1247 738 Romae
1274 692 1470 749 anno,
1515 684 1581 738 ut
1610 678 1921 749 diximus,
1951 680 2127 753 1650,
2169 679 2370 743 editio
2403 688 2614 743 tamen
2645 682 2908 745 nonnisi
2947 697 3119 745 anno
3150 682 3537 762 insequente
3565 682 3740 755 t65t,
3782 698 3891 742 ea-

638 789 767 850 que
798 790 926 835 non
957 776 1196 851 Romae,
1234 778 1346 842 sed
1380 779 1648 842 Parisiis
1688 789 1905 844 secuta
1931 790 2025 843 est
2062 782 2233 862 typis
2279 781 2502 862 regiis,
2537 783 2895 853 volumine,
2932 791 3000 847 ut
3030 783 3239 856 aiunt,
3268 768 3623 861 iit-quarto.
3652 780 3896 842 inserta

641 879 1056 954 postmodum
1084 889 1180 943 est
1213 884 1461 963 corpori
1498 886 1862 966 Byzantium
1887 885 2202 961 historiaa,
2237 887 2625 967 tomo,juxta
2658 890 2958 952 Venetam
2987 887 3537 962 editionem,XX;
3574 888 3720 950 inde
3745 901 3900 950 vero

637 978 704 1041 in
744 977 866 1043 hoc
901 981 1200 1046 translata
1232 984 1536 1050 volumen
1570 995 1690 1050 est.
1728 990 2035 1067 Tempus,
2068 1006 2199 1067 quo
2224 988 2387 1053 hanc
2417 989 2938 1071 'l'heOphylactus
2969 990 3247 1069 opellam
3283 990 3725 1054 verosimilins
3754 990 3903 1049 elu-

636 1080 955 1158 cubravit,
986 1083 1227 1147 videsis
1251 1085 1314 1149 in
1347 1088 1600 1166 praevia:
1628 1090 2109 1153 Dissertationis
2141 1092 2631 1156 n.Vlli.Gra3co
2662 1091 2865 1155 textui
2888 1091 3250 1156 versionem
3287 1091 3525 1154 addidit
3550 1091 3902 1172 elegantis-

635 1186 861 1250 simam
887 1188 968 1254 ab
999 1207 1070 1252 se
1096 1190 1482 1255 elaboratam
1505 1192 1675 1257 idem
1702 1196 2049 1277 Pessinus;
2084 1213 2275 1277 quam
2311 1204 2520 1259 tamen
2580 1203 2915 1276 prOpterea
2969 1196 3269 1259 nonnulli
3299 1195 3899 1275 reprehendendam

638 1297 930 1365 censent,
954 1291 1105 1371 quia
1139 1294 1428 1358 nitidiori
1465 1297 1846 1377 puriorique
1878 1300 2047 1377 stylo
2078 1298 2364 1362 intentus
2388 1316 2421 1359 a
2450 1297 2911 1380 TheOphylacti
2935 1297 3144 1363 verbis
3177 1298 3368 1379 paulo
3398 1296 3671 1359 liberius
3696 1313 3905 1377 quau-

636 1393 852 1473 doque
889 1404 1171 1475 vagatur.
1208 1396 1327 1459 Sed
1373 1415 1492 1478 ego
1524 1398 1624 1461 sin
1660 1401 1926 1462 omnino
1993 1401 2417 1477 probandum,
2451 1402 2676 1464 saltem
2736 1401 3179 1464 excusandum
3237 1416 3474 1463 censeo
3533 1395 3900 1470 Possinum,

634 1502 791 1566 dum
825 1504 1218 1585 eloquentim
1246 1521 1404 1582 sum,
1438 1522 1564 1584 qua
1599 1506 1874 1567 maxime
1908 1505 2262 1584 prmstabat,
2297 1504 2566 1568 ﬂumine
2600 1514 2846 1585 raptus,
2893 1503 3057 1567 intra
3091 1502 3425 1585 rigidioris
3454 1501 3774 1565 versionis
3817 1500 3898 1562 li-

636 1604 826 1667 mites
858 1623 1005 1669 sese
1043 1605 1348 1671 cohibere
1382 1624 1511 1671 non
1546 1607 1796 1687 potuit;
1832 1609 2189 1689 maluitque
2219 1626 2406 1671 sensa
2447 1608 2720 1672 reddere
2768 1607 3054 1672 auctoris
3082 1616 3153 1669 ut
3184 1615 3427 1680 orator,
3459 1621 3651 1686 quam
3681 1613 3753 1665 ut
3799 1605 3900 1668 iné

634 1717 877 1787 terpres
903 1728 927 1768 :
952 1706 1126 1785 quod
1168 1707 1337 1771 idem
1363 1708 1428 1771 in
1461 1709 1758 1772 versione
1801 1708 2265 1773 Demosthenis
2300 1710 2677 1789 prtestitisse
2707 1727 2778 1774 se
2826 1709 3181 1792 aliquando
3213 1709 3469 1773 Tullius
3505 1708 3645 1787 ipse
3700 1713 3899 1771 testa-

632 1819 761 1870 tur.
799 1809 953 1873 Mihi
985 1812 1201 1890 potius
1233 1810 1725 1873 admirationem
1751 1813 2011 1893 ingerit,
2044 1813 2217 1891 quod
2256 1814 2320 1875 iu
2355 1812 2709 1895 epigraphe
2739 1814 2933 1877 istius
2970 1814 3188 1893 Operis
3221 1811 3777 1893 TbeOphylactnm
3800 1813 3901 1869 τοῦ

631 1914 692 1965 ἓν
715 1912 893 1982 ἁγίοις
922 1914 1134 1984 Harpe;
1167 1918 1346 1988 ἡμῶν,
1377 1914 1441 1974 S.
1475 1913 1693 1978 Patris
1723 1917 1932 1978 nostri
1955 1916 2143 1979 titulo
2172 1918 2644 1980 condecorarit.
2681 1917 2877 1980 Valde
2908 1918 3084 1980 enim
3134 1915 3387 1990 dubito,
3426 1922 3644 1978 utrum
3679 1914 3745 1976 in
3791 1930 3893 1995 eo.

634 2021 768 2083 quo
806 2023 963 2070 usus
996 2018 1115 2087 est,
1144 2013 1366 2078 codice
1409 2015 1694 2096 elogium
1729 2017 2104 2097 hujusmodi
2134 2036 2356 2083 revera
2388 2028 2596 2083 exstet
2623 2041 2639 2080 :
2664 2019 3197 2101 quandoquidem
3240 2018 3306 2081 in
3340 2018 3700 2089 codicibus,
3725 2031 3893 2097 quos

638 2105 800 2169 mihi
833 2108 1154 2187 inspicere
1189 2114 1397 2189 licuit,
1432 2119 1598 2181 nulli
1651 2117 1859 2198 ipsius
1896 2122 2081 2201 aperi
2134 2122 2199 2185 id
2243 2123 2567 2202 praeﬁxum
2622 2122 3006 2204 reperiatur.
3037 2122 3219 2187 Alias
3255 2139 3410 2186 vero
3452 2120 3767 2184 Pessinus
3827 2118 3893 2180 itt

636 2207 1098 2290 'l‘heOphylacti
1137 2214 1361 2279 laudes
1410 2218 1603 2296 paulo
1637 2219 1965 2283 liberalior
2006 2220 2283 2297 videtur,
2336 2230 2558 2302 utpote
2591 2226 2924 2305 quietiam
2983 2224 3050 2289 in
3087 2223 3373 2306 Epistola
3424 2222 3895 2301 nuncupatoria

635 2314 937 2378 eumdem
964 2334 1089 2381 non
1124 2322 1657 2400 sapientissimum
1689 2326 1881 2389 modo
1911 2344 1980 2390 ac
2008 2327 2426 2390 renerabilem
2472 2330 3043 2415 archiepiscopum,
3072 2346 3295 2393 verum
3354 2327 3546 2391 etiam
3600 2327 3902 2390 Ecclesia,-

633 2422 954 2486 doctorem
971 2426 1287 2505 appellat;
1319 2429 1491 2510 quod
1527 2430 1792 2511 quidem
1818 2433 2114 2497 absolute
2142 2440 2207 2497 et
2250 2435 2391 2498 sine
2421 2434 2639 2516 aliqua
2670 2435 3053 2499 limitatioue
3102 2435 3183 2498 de
3229 2449 3308 2497 eo
3339 2440 3508 2495 recte
3541 2430 3670 2495 dici
3704 2450 3898 2511 posse

641 2540 773 2589 non
805 2537 982 2604 puto.
1680 2554 1687 2559 -

2031 2660 2319 2725 SECTIO
2382 2662 2495 2725 IX.

1369 2808 1459 2870 De
1507 2808 1813 2870 Encomio
1851 2811 1917 2871 in
1955 2811 2398 2893 imperatorem
2434 2812 2723 2875 Alexium
2758 2811 3163 2876 Comnenum.

714 2953 843 3018 XL.
861 2953 1330 3035 Theopbylaeti
1365 2974 1637 3038 Operum
1678 2975 2013 3040 nunquam
2047 2959 2360 3025 hactenus
2388 2962 2712 3025 editorum
2746 2978 2951 3025 unum
2984 2969 3083 3025 est
3112 2962 3329 3035 etiam,
3361 2962 3535 3042 quod
3568 2961 3894 3044 sequitur,

633 3056 1190 3136 elegantissimum
1216 3059 1587 3124 Encomium
1609 3064 1678 3123 in
1710 3062 2151 3142 imperatorem
2187 3063 2486 3126 Alexium
2513 3064 2918 3127 Comnenum.
2942 3063 3261 3127 Dominus
3293 3062 3373 3126 de
3403 3062 3632 3127 OEt‘eld
3670 3065 3895 3144 (quem

636 3161 904 3224 honoris
937 3179 1127 3226 causa
1171 3165 1489 3246 nomino),
1539 3165 1977 3231 celeberrima)
2026 3167 2432 3231 serenissimi
2481 3167 2669 3231 ducis
2731 3176 2926 3250 atque
2975 3166 3275 3231 electoris
3323 3166 3604 3230 Bovario:
3650 3166 3890 3230 biblio-

639 3261 843 3326 thecae
877 3262 1212 3342 praefectus
1245 3266 1737 3343 meritissimus,
1767 3268 1929 3331 illud
1973 3267 2230 3348 propria
2270 3285 2462 3332 manu
2499 3268 2896 3349 descriptum
2946 3286 3026 3332 ex
3078 3274 3336 3332 vetusto
3385 3267 3606 3331 codice
3655 3267 3895 3332 biblio-

639 3368 841 3433 thecae
875 3368 1194 3449 praedictae
1230 3370 1544 3435 editionis
1573 3371 1769 3455 hujus
1797 3372 2166 3436 fautoribus
2200 3372 2673 3437 humanissime
2699 3372 3174 3452 suppeditavit;
3216 3387 3349 3451 quo
3380 3387 3535 3434 sane
3581 3368 3901 3432 beneﬁcio

638 3491 787 3537 sese
829 3471 1173 3537 obstrictos
1204 3472 1582 3537 fatebuntur
1615 3474 1662 3536 ii
1695 3490 1923 3538 omnes
1958 3474 2075 3556 qui
2102 3474 2326 3538 eximii
2362 3475 2556 3554 hujus
2587 3472 2887 3553 opusculi
2924 3472 3323 3554 perjucunda
3357 3471 3630 3535 lectione
3660 3469 3892 3533 fruen-

638 3590 765 3639 tur.
796 3577 939 3653 Quo
983 3575 1142 3639 illud
1178 3584 1465 3655 tempore
1500 3576 2025 3656 Theophylactus
2057 3576 2393 3655 scripserit
2420 3593 2492 3636 ac
2525 3575 2826 3646 recitarit,
2855 3573 2921 3637 in
2961 3574 3425 3637 Dissertatione
3453 3574 3681 3654 prtevia
3708 3589 3889 3633 num.

636 3679 770 3741 LVI
793 3678 1067 3741 solerter
1097 3685 1161 3739 et
1199 3678 1454 3741 erudite
1473 3677 1852 3757 expeditum
1879 3679 2009 3757 jam
2046 3676 2425 3740 habes.-Sed
2454 3676 2559 3739 hic
2588 3675 2751 3739 forte
2787 3676 3285 3755 percontaberis,
3320 3692 3450 3757 quo
3482 3674 3894 3755 petissimum

630 3780 1054 3842 fundamento
1078 3780 1463 3845 Encomium
1499 3780 1672 3843 istud
1706 3780 2217 3861 TbeOpbylacto,
2255 3781 2444 3860 cujus
2476 3794 2672 3858 opera
2697 3779 2761 3842 in
2790 3778 2911 3841 hoc
2941 3777 3229 3843 eduntur
3263 3778 3613 3853 volumine,
3653 3777 3902 3839 tribua-

635 3894 763 3945 tur.
801 3883 1166 3961 ReSponsio
1196 3882 1261 3944 in
1291 3888 1587 3962 promptu
1622 3890 1742 3953 est,
1788 3882 1949 3945 illud
1984 3881 2468 3962 Theophylacto
2510 3880 2862 3959 ascriptum
2900 3879 2970 3942 in
3024 3888 3276 3944 vetusto
3321 3882 3543 3944 codice
3590 3879 3895 3958 reperiri,

633 3986 801 4065 quin
831 3984 1007 4049 ullus
1040 3986 1124 4048 sit
1152 3984 1355 4048 codex
1386 3982 1500 4066 qui
1539 3993 1879 4065 repugnet.
1927 3985 2046 4046 Per
2081 3984 2143 4045 id
2177 4000 2332 4047 vero
2372 3982 2681 4062 temporis
2733 3982 2935 4045 alium
2979 3982 3264 4063 aliquem
3315 3980 3899 4062 'l‘beol'lhylactum,

636 4097 1061 4172 praeterquam
1094 4087 1412 4168 Bulgaria;
1441 4086 2031 4167 archiepiscopum,
2066 4084 2371 4147 floruisse
2406 4100 2535 4147 non
2567 4090 2836 4147 constat.
2871 4083 3087 4164 Stylus
3132 4100 3165 4145 a
3206 4083 3375 4163 stylo
3429 4080 3898 4163 'l‘beOphylacti

632 4192 832 4257 nostri
863 4191 1130 4254 minime
1157 4190 1478 4265 abhorret,
1512 4188 1760 4251 tametsi
1790 4205 1904 4265 pro
1939 4187 2183 4249 ratione
2220 4183 2691 4249 cucomiasticte
2720 4184 3035 4248 orationis
3069 4184 3258 4265 paulo
3290 4183 3585 4248 ﬂoridior
3619 4183 3727 4259 sit,
3765 4200 3900 4247 ma-

623 4296 887 4378 jorique
919 4293 1177 4374 profana
1211 4291 1586 4355 eruditione
1621 4288 1916 4351 refertus.
1952 4284 2228 4349 Demum
2268 4283 2704 4367 bibliographi
2737 4285 2987 4367 quique
3012 4303 3237 4367 magna
3267 4286 3697 4351 consensione
3728 4286 3895 4351 illud

632 4400 1009 4481 adjudicant
1042 4397 1552 4479 TheOphylacto,
1577 4396 2001 4474 Bulgarorum
2036 4391 2335 4455 antistiti.

719 4503 886 4565 XLI.
920 4502 1241 4572 Attamen,
1275 4508 1343 4561 ut
1372 4498 1648 4561 candide
1680 4496 1879 4558 fatear
1905 4495 2078 4576 quod
2106 4493 2353 4568 sentio,
2390 4493 2524 4557 tunc
2574 4494 2731 4555 mihi
2779 4504 3157 4573 argumenta
3206 4496 3374 4560 haud
3408 4496 3562 4560 satis
3601 4513 3744 4561 esse
3791 4499 3892 4560 vi.

634 4610 874 4671 dentur
898 4605 975 4665 ad
1013 4600 1485 4663 dubitationem
1511 4618 1768 4663 omnem
1799 4600 1915 4661 hac
1944 4599 2026 4660 de
2059 4615 2127 4660 re
2157 4597 2600 4683 amoveudam.
2634 4596 2958 4683 Prtpdictm
2994 4598 3320 4678 siquidem
3353 4601 3630 4665 orationi
3664 4601 3895 4665 insunt

632 4706 942 4774 nonnulla
984 4723 1130 4788 qua)
1178 4703 1658 4782 TheOphylacto
1704 4712 1922 4766 nostro
1965 4702 2181 4764 minus
2215 4681 2521 4761 videntur
2556 4681 2946 4779 congruere.
3003 4703 3078 4763 Et
3112 4701 3319 4779 primo
3352 4702 3624 4781 quidem
3657 4703 3893 4766 mirum

634 4818 757 4886 est,
788 4810 965 4890 quod
998 4824 1143 4872 cum
1178 4813 1404 4870 caetera
1443 4804 1918 4886 'l‘heOpbylacti
1949 4819 2143 4882 opera
2179 4799 2416 4882 (quoad
2459 4800 2618 4865 mihi
2658 4802 2875 4864 videre
2909 4799 3117 4881 licuit)
3155 4801 3337 4865 illius
3371 4803 3617 4866 nomini
3660 4807 3894 4887 adjun-

630 4921 792 4971 ctam
825 4908 967 4989 ejus
1007 4906 1388 4986 dignitatem
1414 4905 1777 4987 praiferant,
1815 4906 2107 4969 Encomii
2138 4903 2335 4984 hujus
2386 4903 2737 4984 epigraphe
2784 4904 2997 4968 solum
3032 4912 3391 4988 putumque
3441 4909 3899 4990 Tlteophylacli

632 5032 869 5079 nomen
897 5014 1224 5077 exhibeat.
1264 5013 1499 5094 Ecquis
1529 5018 1744 5076 autem
1781 5029 2074 5075 asserere
2104 5021 2280 5074 certo
2307 5010 2535 5089 possit,
2577 5027 2705 5074 non
2730 5013 2931 5073 alium
2975 5028 3054 5074 eo
3086 5020 3373 5091 tempore
3411 5012 3476 5074 iu
3525 5013 3697 5093 regia
3732 5015 3893 5076 urbe

634 5114 1187 5197 Theophylactum
1217 5115 1447 5192 fuisse,
1481 5117 1595 5197 qui
1622 5116 1925 5177 Encomio
1961 5115 2111 5177 huic
2148 5114 2602 5178 conciunando
2632 5123 2807 5178 esset
2839 5116 3163 5177 idoneus?
3198 5114 3444 5178 Deinde
3481 5115 3535 5177 si
3575 5114 3769 5178 istius
3799 5117 3898 5177 in-

634 5223 855 5282 timam
900 5219 1097 5282 veluti
1132 5220 1405 5283 formam
1439 5227 1959 5298 structuramque
1989 5217 2180 5297 paulo
2208 5217 2570 5281 accuratius
2599 5218 2749 5299 quis
2788 5219 3161 5299 expendere
3200 5218 3379 5294 velit,
3405 5219 3778 5299 gravitatem
3820 5216 3897 5279 il-

635 5328 759 5388 lam
794 5333 854 5385 et
890 5324 1127 5399 zelum,
1156 5324 1268 5403 qui
1305 5331 1621 5402 provecta)
1656 5323 1788 5399 jam
1824 5320 2028 5383 astatis
2059 5319 2622 5401 archiepiscOpum
2656 5320 2902 5395 deceat,
2957 5319 3088 5394 vix,
3129 5337 3202 5383 ac
3234 5337 3315 5383 ne
3367 5319 3472 5383 vix
3513 5311 3776 5403 quidem
3826 5320 3894 5382 in

534 5468 537 5473 -
632 5426 750 5489 illo
775 5425 1240 5503 deprehendet.
1277 5428 1352 5487 Et
1379 5442 1535 5488 sane
1559 5423 2206 5503 archiepiscotiumne
2231 5431 2293 5485 et
2318 5438 2456 5486 non
2488 5424 2701 5502 potius
2723 5424 3247 5503 saphistamillud
3281 5440 3411 5503 pra;
3434 5441 3502 5486 se
3520 5423 3688 5487 ferre
3714 5422 3902 5486 vide-

633 5541 760 5603 tur,
794 5530 969 5609 quod
1004 5532 1071 5593 iu
1108 5540 1276 5595 tanta
1314 5532 1725 5610 imperatoris
1760 5530 1979 5594 laetitia
2013 5548 2138 5593 non
2175 5528 2688 5593 ecclesiasticum
2724 5530 3084 5611 quidpiam,
3127 5548 3243 5593 seu
3290 5510 3597 5595 Ecclesiae
3645 5529 3889 5593 utilita-

634 5636 763 5688 tem
796 5629 1174 5708 respiciens,
1202 5629 1316 5690 sed
1350 5629 1738 5708 sophislieen
1775 5637 2044 5701 tantum,
2091 5627 2210 5691 hoc
2235 5641 2355 5701 est,
2390 5631 2735 5691 oratoriam
2760 5646 2831 5692 ac
2848 5630 3262 5710 philologiam
3292 5632 3490 5696 semel
3526 5633 3892 5712 iterumque

642 5731 1101 5794 -ommendet?
1132 5733 1431 5813 Sophiste
1455 5733 1676 5813 igitur,
1720 5748 1832 5794 seu
1876 5732 2200 5812 professor
2233 5731 2613 5805 rhetorices,
2646 5731 2760 5810 qui
2794 5738 2925 5794 tum
2962 5732 3253 5796 ﬂoruerit
3298 5736 3888 5815 Constantinpoli.

635 5831 830 5910 hujus
852 5840 1073 5896 auctor
1106 5833 1399 5897 Encomii
1428 5852 1570 5899 esse
1606 5835 1877 5899 videtur.
1917 5833 2231 5911 Equidem
2267 5833 2319 5897 si
2355 5853 2382 5897 a
2425 5831 2906 5911 'l‘bcophylacto
2965 5832 3205 5898 nostro'
3238 5835 3447 5898 adhuc
3483 5836 3722 5912 iuvene
3770 5835 3892 5901 ha-
