4192 6294
437 330 550 399 469
1287 328 1370 390 IN
1395 327 1829 401 SEQUENTL—X
1857 329 2438 390 THEOPHYL.\CTI
2487 328 2832 389 SCRIPTA.
3579 317 3689 386 ΠΟ

441 445 576 508 bita
607 443 842 509 fuisset
869 441 1086 506 isthmc
1120 442 1350 518 oratio,
1405 461 1553 523 qum
1589 461 1789 524 supra
1833 444 2198 518 attulimus,
2253 443 2504 505 nullum
2542 439 2872 521 negotium
2917 435 3308 512 facesserent
3339 457 3354 497 :
3387 450 3534 498 nam
3572 434 3694 496 ali-

440 548 705 626 quando
737 563 815 610 eo
848 563 1115 610 munero
1143 543 1462 618 functum,
1493 563 1638 608 cum
1674 565 1755 609 ex
1788 547 1938 610 aliis
1973 546 2432 615 monumentis,
2468 550 2601 606 tum
2636 542 2986 622 praesertim
3019 556 3096 601 ex
3132 538 3417 602 secunda
3447 554 3521 599 ex
3555 536 3696 615 epi-

443 647 637 710 stolis
676 648 810 710 illis
843 647 1101 729 viginti,
1133 663 1296 727 quas
1327 663 1502 709 nunc
1527 648 1808 725 primum
1852 650 1918 710 in
1959 646 2170 712 lucem
2200 647 2581 719 emittimus,
2628 644 2783 706 satis
2819 641 3146 722 explorata
3189 656 3292 702 res
3343 646 3440 701 est
3463 637 3570 718 (ο).
3614 638 3693 698 At

440 747 929 828 Theophylacto
955 749 1090 830 jam
1126 750 1519 825 senescenti,
1551 756 1614 812 et
1642 766 1676 812 a
1713 749 2015 830 pluribus
2045 750 2233 813 annis
2264 747 2686 827 amplissimm
2740 742 3043 808 Ecclesia)
3085 741 3388 821 regimini
3437 739 3692 802 addicto

444 865 637 926 quam
672 867 894 931 parum
923 851 1046 914 ista
1085 851 1500 924 conveniant,
1543 865 1736 913 nemo
1776 866 1904 912 non
1941 847 2139 913 videt.
2179 848 2350 910 Alias
2385 867 2534 910 vero
2558 845 2853 909 Encomii
2888 843 3084 923 hujus
3115 848 3441 904 auctorem
3473 840 3692 920 sophi-

442 957 557 1010 sta:
585 959 647 1013 et
679 950 1062 1014 scholarchre
1092 968 1330 1014 munus
1362 952 1591 1015 eodem
1624 959 1940 1031 tempore,
1982 968 2113 1031 quo
2165 950 2325 1012 illud
2365 948 2620 1028 publice
2661 948 2974 1024 recitavit,
3023 947 3422 1013 exercuisse.
3473 951 3692 1022 aperto

443 1046 781 1129 colligitur
806 1051 958 1130 (nisi
993 1066 1133 1112 mea
1165 1066 1265 1113 me
1293 1049 1460 1114 fallit
1489 1050 1740 1132 opinio)
1773 1067 1852 1112 ex
1885 1050 2100 1113 verbis
2132 1049 2310 1112 illius
2350 1049 2716 1128 postremis,
2749 1049 2994 1128 quibus
3024 1066 3180 1112 suos
3213 1047 3297 1109 ita
3332 1046 3693 1126 discipulos

443 1148 691 1228 ipsum,
721 1159 788 1211 ut
817 1150 1102 1226 videtur,
1126 1150 1619 1214 circumstantes
1646 1151 2002 1231 alloquitur
2035 1169 2052 1213 :
2093 1153 2175 1213 At
2206 1171 2352 1214 vero
2387 1170 2496 1230 ego
2528 1151 2799 1232 quidem,
2832 1172 2865 1214 o
2899 1156 3110 1234 pueri,
3155 1149 3376 1212 debita!
3418 1150 3692 1227 impera-

445 1255 578 1315 tori
599 1262 820 1315 nostro
849 1257 1074 1335 fausta:
1098 1257 1485 1336 precationis
1514 1275 1587 1319 ac
1619 1255 1825 1320 laudis
1858 1259 1992 1321 telw
2022 1268 2262 1320 stamen
2278 1261 2415 1339 jam
2443 1259 2634 1338 posui
2652 1277 2672 1326 ;
2694 1277 2804 1319 vos
2835 1257 3192 1335 subtegmen
3241 1251 3521 1335 adjicite.
3559 1250 3695 1328 Ego

448 1355 628 1418 tabis
683 1359 1288 1433 artem'monstravi,
1337 1377 1459 1439 qua
1492 1356 1842 1437 elegantius
1887 1359 2066 1439 picta
2094 1368 2277 1439 atque
2306 1359 2658 1438 perfectior
2698 1357 2821 1420 tela
2864 1357 2997 1434 ﬁat.
3038 1356 3349 1418 Caeterum
3399 1347 3522 1414 etsi
3566 1349 3698 1410 haec

445 1460 664 1521 omnia
714 1460 1155 1537 suspicionem
1188 1461 1474 1541 aliquam
1528 1461 1826 1539 ingerere
1861 1459 2114 1539 possint
2163 1460 2242 1521 de
2275 1475 2582 1538 germano
2629 1457 2942 1522 orationis
2984 1456 3179 1535 hujus
3210 1461 3506 1527 auctore,
3547 1451 3698 1531 jure

446 1566 659 1622 tamen
697 1561 1161 1640 impedimento
1221 1561 1410 1624 nobis
1463 1577 1608 1624 esse
1663 1578 1792 1624 non
1830 1561 2090 1635 debent,
2143 1561 2494 1641 quominus
2531 1562 2598 1623 in
2645 1559 2764 1623 hoc
2815 1557 3147 1621 volumine
3203 1572 3328 1619 una
3377 1569 3522 1616 cum
3557 1550 3699 1612 aliis

448 1661 907 1745 'l‘heOphylacti
947 1663 1252 1742 operibus
1299 1664 1522 1727 edatur
1589 1686 1604 1724 :
1646 1663 1967 1726 malumus
2014 1663 2186 1724 enim
2238 1661 2549 1724 incertum
2590 1660 2684 1722 illi
2737 1660 2936 1722 fetum
2983 1659 3267 1721 tribuere
3303 1669 3495 1735 quam
3535 1649 3700 1715 forte

454 1761 816 1843 legitimum
850 1764 1212 1830 detrahere.
2781 1781 2794 1791 ’

1857 1908 2144 1971 SEC'I‘IO
2205 1910 2258 1970 X
2275 1953 2288 1968 .

1067 2081 1154 2142 De
1178 2080 1487 2162 Epistolis
1516 2081 1745 2162 viginti
1766 2097 1980 2141 recens
2013 2080 2213 2141 erutis
2245 2097 2326 2140 ex
2355 2076 2732 2139 bibliotheca
2766 2073 3088 2136 Vaticana.

536 2225 732 2288 XLII.
765 2225 1186 2290 S‘olertissimi
1215 2227 1518 2290 editionis
1554 2227 1748 2305 hujus
1770 2232 2097 2288 curatores
2148 2239 2292 2288 cum
2329 2220 2632 2300 epistolas
2677 2217 2989 2300 quasdam
3029 2215 3307 2280 ineditas
3357 2213 3706 2294 TheOphy-

459 2319 606 2388 lacti
644 2330 844 2393 nostri
880 2329 945 2391 in
979 2329 1369 2392 bibliotheca
1408 2328 1708 2392 Vaticana
1736 2327 1930 2390 latere
1959 2325 2388 2399 inaudissent,
2420 2337 2529 2385 eas
2561 2320 2689 2383 sibi
2723 2316 3155 2398 procurandas
3202 2315 3470 2379 omnino
3519 2321 3709 2394 puta-

457 2435 636 2501 runt,
667 2445 747 2490 ne
780 2427 910 2489 ulla
941 2445 1017 2488 ex
1053 2438 1228 2505 parte
1279 2428 1613 2490 imminuta
1669 2426 1953 2506 prodiret
1999 2439 2279 2504 praesens
2314 2421 2541 2486 editio.
2579 2420 2731 2484 Voti
2767 2425 3095 2499 compotes
3127 2416 3340 2480 eﬂ'ecti
3370 2415 3553 2478 fuere
3581 2413 3709 2477 hu-

459 2529 760 2592 manitate
801 2547 1052 2594 summa
1083 2529 1488 2592 celeberrimi
1523 2528 1643 2591 viri
1672 2527 1931 2605 Josephi
1968 2525 2195 2590 Evodii
2223 2521 2588 2597 Assemani,
2617 2520 2910 2600 ejusdem
2946 2515 3356 2582 bibliotheca)
3401 2513 3706 2595 praefecti,

459 2630 579 2710 qui
614 2631 842 2710 viginti
877 2631 1179 2712 epistolas
1212 2650 1290 2695 ex
1323 2631 1622 2710 pluribus
1654 2630 1953 2694 collectas
1987 2626 2344 2702 codicibus,
2365 2634 2561 2706 atque
2590 2623 2837 2704 Optimo
2858 2620 3233 2690 charactere
3259 2625 3554 2683 exaratos
3583 2617 3707 2680 huc

471 2731 673 2805 misit,
709 2741 777 2795 ut
809 2749 843 2794 a
878 2733 1065 2795 nobis
1116 2733 1623 2813 producerentur
1662 2730 1728 2794 in
1765 2730 1996 2792 lucem.
2051 2729 2170 2791 Eas
2208 2725 2420 2805 reipsa
2464 2723 2671 2787 fuisse
2697 2739 2734 2785 a
2762 2718 3245 2802 TheOphylacto
3291 2717 3711 2798 conscriptas,

465 2831 690 2895 nullus
735 2850 878 2898 esse
916 2833 1172 2895 videtur
1221 2831 1589 2911 ambigendi
1629 2830 1844 2904 locus;
1877 2844 2018 2890 cum
2053 2834 2115 2890 et
2153 2825 2397 2888 diserte
2448 2823 2786 2905 praeferant
2833 2817 3299 2900 TheOphylacti
3353 2832 3618 2888 nomen,
3649 2822 3713 2876 et

461 2937 764 3013 eumdem
801 2938 1042 3018 stylum
1082 2936 1469 3015 easdemque
1502 2933 1702 2996 ferme
1733 2949 1858 3005 res,
1895 2946 2056 3013 quas
2088 2929 2232 2992 alim
2261 2933 2391 3008 jam
2415 2926 2632 3002 editae,
2661 2924 3054 2989 contineant.
3086 2921 3301 2996 Quare
3333 2919 3426 2983 nil
3484 2917 3718 2981 dubito

466 3041 823 3120 quominus
877 3041 1115 3106 futura:
1157 3041 1287 3104 sint
1332 3038 1578 3101 Lectori
1619 3037 2016 3118 gratissimae.
2054 3031 2374 3098 Peculiari
2421 3039 2635 3094 tamen
2679 3028 3002 3108 voluptate
3049 3040 3198 3089 eum
3253 3036 3540 3102 auguror
3574 3018 3717 3084 alli-

465 3149 770 3212 ciendum
805 3166 880 3211 ex
915 3147 1212 3228 epistolis
1243 3145 1491 3208 decima
1521 3141 2076 3218 septima,decima
2105 3147 2350 3212 octava,
2394 3143 2456 3199 et
2487 3133 2738 3199 decima
2772 3147 2968 3207 nona,
3002 3145 3148 3210 quae
3184 3126 3474 3190 eamdem
3502 3121 3713 3188 conti-

470 3269 672 3316 nuare
703 3251 941 3314 seriem
962 3227 1277 3314 ividentur
1304 3245 1802 3312 cumtricesima
1846 3242 2132 3307 secunda
2163 3257 2239 3302 ex
2272 3237 2466 3302 editis
2498 3252 2534 3299 a
2574 3233 2860 3299 Meursio
2889 3253 2904 3293 :
2937 3231 3048 3295 ubi
3075 3236 3139 3294 et
3161 3227 3714 3309 TheOphylactum

471 3354 826 3434 perspicies
850 3354 1295 3416 auctoritatem
1328 3367 1509 3415 suam
1543 3349 1610 3411 in
1633 3349 2013 3427 episc0pum
2047 3343 2382 3405 Triaditzm
2412 3343 2844 3410 exercentem,
2877 3351 3024 3398 cum
3056 3328 3450 3395 humanitate
3481 3335 3717 3402 tamen,

473 3472 625 3536 qua
659 3455 960 3520 Ecclesiae
991 3455 1346 3519 antistitem
1373 3455 1584 3529 decet,
1619 3453 2056 3533 coniunctam.
2085 3448 2171 3509 Ex
2205 3442 2489 3506 secunda
2524 3453 2675 3502 vero
2703 3436 3004 3514 inscripta
3031 3431 3270 3496 Joanni
3297 3428 3554 3507 Sebasto
3579 3428 3721 3489 Au-

483 3529 684 3635 gur.st
727 3560 947 3640 fratri,
997 3555 1464 3636 deprehendet,
1510 3553 1678 3615 haud
1738 3529 1984 3614 certum
2029 3563 2174 3610 esse
2219 3547 2314 3620 (ut
2367 3539 2570 3621 aliqui
2619 3535 2866 3618 putant)
2914 3531 3466 3613 Theophylactum
3519 3529 3720 3608 patria

480 3658 1267 3738 Constantin0p0litanum
1297 3653 1533 3718 fuisse.
1566 3656 1639 3716 In
1671 3669 1743 3716 ea
1775 3650 2102 3731 siquidem
2136 3641 2635 3722 consanguineos
2695 3645 2754 3697 et
2783 3635 3002 3716 afﬁnes
3037 3651 3208 3707 suos,
3239 3630 3348 3712 qui
3376 3631 3446 3694 in
3473 3629 3722 3708 Euripo

475 3770 652 3834 sunt,
685 3761 963 3841 principi
1003 3759 1142 3821 viro
1174 3757 1658 3829 commendans,
1696 3770 1823 3815 non
1856 3750 2132 3813 obscure
2155 3745 2494 3825 signiﬁcat,
2528 3758 2598 3803 se
2629 3752 2894 3820 quoque
2919 3751 2997 3796 ex
3034 3732 3171 3794 loco
3202 3731 3456 3803 eodem.
3497 3733 3722 3807 [δνοπ-

477 3863 691 3942 deque
724 3881 802 3924 ex
833 3861 1065 3923 Euboea
1092 3859 1449 3922 oriundum
1482 3874 1624 3919 esse
1661 3877 1680 3930 ;
1714 3855 1885 3935 quod
1912 3850 2240 3930 colligitur
2269 3846 2458 3908 etiam
2489 3859 2566 3905 ex
2596 3838 2916 3912 versibus,
2951 3849 3118 3915 quos
3146 3832 3488 3895 Patavinth
3517 3835 3577 3893 S.
3606 3832 3724 3891 Ju.

478 3931 668 4025 stiria}
696 3963 895 4025 codex
924 3958 1402 4024 vetustissimus
1431 3931 2065 4033 continetiquosque
2102 3948 2318 4010 Latine
2353 3942 2645 4008 redditos
2676 3953 2868 4016 supra
2901 3935 3080 4016 (tom.
3111 3935 3161 4007 ι,
3185 3931 3495 4033 οοὶη13Ἶ)
3527 3947 3728 4010 appo-

480 4064 732 4125 nendos
774 4063 912 4140 ipse
945 4063 1183 4124 curavi.
1221 4063 1291 4122 In
1318 4059 1469 4122 aliis
1503 4031 1805 4136 epistolis
1832 4054 2022 4116 rudes
2057 4055 2475 4128 agrestesque
2505 4041 2926 4121 Bulgarorum
2962 4051 3199 4105 mores,
3232 4031 3508 4113 quitum
3542 4033 3722 4108 Vige-

483 4166 658 4235 bant,
687 4130 986 4242 graphice
1023 4161 1368 4240 lepideque
1391 4130 1751 4235 descriptos
1789 4171 1822 4216 a
1856 4148 2338 4228 TheOphylacto
2385 4148 2611 4207 Lector
2643 4138 2924 4204 oll‘endet
2959 4156 2973 4196 :
3007 4134 3119 4215 qui
3152 4141 3216 4195 et
3255 4131 3534 4210 querulo
3582 4130 3724 4195 seni

484 4264 928 4345 hyperbolicis
962 4233 1353 4342 quandoque
1389 4233 1736 4340 phrasibus
1763 4271 1908 4318 cum
1953 4255 2069 4314 hac
2116 4253 2182 4312 in
2220 4268 2311 4323 re,
2349 4257 2480 4310 tum
2517 4245 2583 4306 in
2633 4241 2782 4304 aliis
2813 4235 3280 4302 calamitatibus
3313 4233 3727 4312 deplorandis

487 4336 699 4428 intenti
733 4336 1013 4438 veniam,
1073 4372 1142 4426 ut
1191 4336 1492 4438 arbitror,
1524 4361 1724 4424 dabit.
1763 4358 1986 4435 Quoad
2046 4355 2313 4434 primam
2358 4367 2511 4414 vero
2539 4347 2767 4410 attinet
2802 4342 3108 4407 adnotare
3159 4337 3265 4401 hic
3313 4336 3518 4412 lubet,
3553 4338 3725 4416 quod

491 4468 785 4547 postejus
823 4466 1310 4546 impressionem
1339 4463 1731 4528 accuratiore
1761 4459 2108 4523 collatione
2143 4451 2570 4533 deprehendi,
2605 4463 2835 4526 nempe
2873 4460 3010 4507 eam
3037 4451 3274 4520 partem
3309 4441 3724 4518 posteriorem

485 4542 697 4635 iacere
751 4542 1042 4647 epistolae
1086 4568 1388 4631 secundm
1431 4584 1512 4630 ex
1553 4555 1746 4627 editis
1773 4578 1807 4624 a
1837 4563 2085 4624 Joanne
2125 4557 2322 4628 Lami,
2390 4569 2532 4634 quas
2596 4548 2902 4626 inscripta
2945 4551 3044 4607 est
3083 4544 3312 4622 Magno
3361 4542 3720 4606 domestico.

493 4670 1081 4740 Animadvertenda
1112 4684 1268 4732 vero
1299 4673 1395 4732 est
1427 4666 1679 4731 varians
1718 4662 1907 4727 lectio
1936 4659 2136 4723 unius
2168 4657 2367 4729 vocis,
2397 4668 2545 4736 qum
2575 4653 2780 4712 exstat
2807 4646 2875 4708 in
2897 4643 3204 4737 .Lamiana
3250 4640 3539 4704 editione
3567 4659 3582 4704 :
3615 4640 3723 4705 ubi

495 4796 613 4859 pro
643 4785 812 4851 νῖκος,
842 4775 1136 4841 victoria,
1171 4770 1341 4851 quod
1375 4770 1612 4850 legitur
1649 4769 1712 4829 in
1749 4763 2045 4845 prmtlicltt
2080 4761 2283 4840 prima
2308 4755 2603 4835 epistola,
2637 4749 2800 4812 inibi
2835 4744 3106 4809 habetur
3135 4745 3334 4816 νεῖκος,
3368 4743 3728 4806 contentio:

498 4897 688 4961 quam
724 4876 1060 4940 lectionem
1101 4874 1284 4936 alteri
1341 4871 1820 4951 prmfcrendam,
1873 4868 2002 4928 imo
2055 4863 2255 4925 solam
2297 4875 2507 4922 veram
2559 4870 2704 4917 esse
2756 4856 2910 4930 puto
2941 4869 2957 4908 :
2987 4846 3230 4926 quippe
3274 4861 3416 4922 quae
3462 4860 3727 4907 sensum

501 4943 702 5043 multo
749 4978 1081 5041 meliorem
1113 4979 1556 5056 aptim-emque
1589 4971 1824 5035 fundit.
1869 4969 2177 5029 Caeterum
2212 4961 2402 5025 etiam
2439 4959 2738 5021 Lamiana
2774 4947 2978 5015 editio
3008 4962 3089 5008 ex
3119 4944 3227 5006 illa
3255 4943 3379 5006 alia
3403 4943 3635 5023 corrigi
3666 4951 3730 5004 et

498 5081 788 5160 suppleri
820 5081 1235 5160 aliquatenus
1273 5088 1500 5158 potest,
1538 5086 1602 5139 ut
1637 5072 1990 5139 conferenti
2029 5066 2285 5149 patebit.
2544 5112 2553 5123 .

579 5150 797 5244 ἆζίιιι.
850 5150 952 5242 An
983 5150 1283 5257 epistolae
1309 5179 1451 5241 alim
1482 5150 1773 5258 ejusdem
1819 5173 2102 5237 auctoris
2133 5168 2397 5232 inedita:
2439 5163 2649 5228 adhuc
2679 5159 2925 5222 latitent
2962 5154 3028 5216 in
3061 5150 3510 5227 bibliothecis,
3544 5151 3730 5216 nobis

504 5283 692 5370 plane
726 5284 1218 5359 incompertum.
1257 5280 1394 5356 Hoc
1436 5279 1585 5359 jure
1629 5277 1876 5356 optimo
1908 5289 2196 5336 asserere
2230 5280 2596 5347 possumus,
2631 5260 2795 5324 nulli
2830 5255 3136 5338 percitum
3189 5271 3331 5316 esse
3379 5251 3605 5328 labori,
3637 5259 3730 5326 ut,

506 5353 560 5450 si
595 5403 739 5467 qua:
763 5390 1005 5458 essent,
1038 5383 1552 5463 producerentur
1587 5383 1654 5441 in
1679 5353 1911 5440 lucem.
1948 5377 2160 5449 Quare
2186 5387 2330 5433 cum
2364 5370 2426 5430 in
2469 5365 2781 5429 librorum
2821 5375 2972 5422 mss.
3007 5355 3290 5434 catalogo
3337 5353 3737 5418 bibliotheca)

511 5453 783 5548 rauhlicae
833 5453 1225 5560 Augustanaa
1257 5479 1582 5560 legissem,
1638 5477 1725 5541 ibi
1764 5476 2053 5538 codicem
2101 5469 2371 5550 reperiri
2411 5459 2872 5542 TheOphylacti
2924 5453 3226 5537 epistolas
3275 5455 3728 5530 continentem,

581 5671 656 5738 (η)
686 5670 811 5727 Hanc
849 5669 994 5724 cutim
1029 5683 1094 5722 co
1123 5667 1222 5721 lori
1253 5669 1411 5718 verba
1434 5663 1591 5738 habet
1617 5681 1630 5738 ς
1664 5661 1758 5723 Tt;
1789 5659 1832 5712 δ’
1863 5659 1926 5714 ἄν
1976 5673 2066 5738 pot
2173 5657 2236 5709 ἐπ

2173 5656 2465 5738 ἐπλήρωσα
2493 5667 2510 5716 ;
2539 5651 2617 5715 Qu
2629 5650 2670 5700 is
2698 5643 2828 5738 [mihi
2857 5646 3120 5738 rhetorum
3141 5640 3444 5738 depinxerit
3496 5643 3727 5704 chorum,

510 5715 756 5811 ρηἶτίρων
789 5741 947 5810 χορὸν
979 5738 1396 5811 ορνεκγρὸτησυδ.
1430 5734 1744 5811 ivstae-iter:
1770 5715 2065 5811 βορυφςίξος

2173 5739 2227 5780 ut
2272 5715 2481 5811 iilorm'n
2533 5717 2833 5787 roryplttvtts
2869 5715 3078 5796 jactus,
3123 5725 3176 5811 ut
3217 5715 3344 5766 alim
3383 5727 3571 5766 eram..
3630 5729 3731 5767 una

508 5785 820 5885 ξιιξθὸεἶενοςῗ
843 5785 977 5884 ἕπερ
1005 5807 1070 5882 ἦν
1096 5785 1282 5865 1635.}.
1309 5809 1459 5878 κοικιῇ
1490 5805 1581 5877 τὴν
1608 5785 2064 5873 >.ογεκὴν’χοξ;εέαν

1658 5785 2064 5873 ,γικὴν’χοξ;εέαὖ
2173 5812 2288 5850 tum
2315 5797 2387 5848 eis
2414 5785 2649 5846 choreum
2681 5787 2965 5842 oratoriam
3004 5785 3313 5839 persoluam.
