4192 6294
603 426 708 493 ιη
1648 422 2032 484 ΒΟΝἸΕΑΕῙΙ
2071 423 2378 483 FiNE’I‘Ti
2420 420 2812 482 PREFATIO
3750 416 3852 482 ηε

605 555 963 619 earumque
996 536 1411 616 penuftimam
1445 542 1511 596 ut
1547 534 1854 597 ineditam
1890 534 2119 605 notari,
2162 534 2501 596 confestim
2534 533 2765 623 scripsi
2805 531 2881 593 ad
2917 531 2997 594 cl.
3037 530 3245 593 virum
3277 546 3349 592 ac
3378 528 3563 593 dicta
3606 527 3851 593 biblio-

605 640 806 703 thecae
834 639 1169 702 custodem
1217 636 1675 716 dignissimum
1710 634 2076 699 Cotti-idum
2123 637 2585 717 Hcckitxgium,
2635 651 2866 713 rogans
2900 642 2969 695 ut
3001 634 3079 695 de
3132 651 3204 695 ea
3261 632 3530 710 epistola
3566 632 3853 694 notitiam

605 739 762 802 mihi
798 739 1084 818 aliquam
1114 736 1543 799 submitteret.
1584 739 1661 797 At
1698 737 1810 799 ille
1841 754 1969 800 non
2005 738 2195 800 modo
2226 738 2471 817 absque
2504 752 2680 799 mora
2714 750 3021 813 perquam
3050 733 3324 795 humane
3364 733 3718 812 rescripsit,
3744 732 3852 794 sed

602 844 810 921 ipsam
844 844 1040 903 etiam
1071 840 1440 921 epistolam,
1475 840 1554 902 de
1588 856 1712 920 qua
1744 840 1979 902 certior
2011 840 2146 901 tieri
2193 841 2609 919 exaptabam,
2643 847 2933 901 accurate
2981 838 3323 917 nitideque
3353 834 3741 913 descriptam
3776 834 3853 895 ad

604 958 720 1003 nos
752 928 1128 1001 transmisit.
1170 940 1291 1000 Vix
1323 955 1393 1000 ea
1440 946 1693 1018 accepta
1722 938 2151 1017 deprehendi,
2182 956 2311 1001 non
2344 957 2379 1001 a
2411 938 2900 1018 TheOphyIacto
2933 937 3349 1015 Bulgarorum
3380 937 3710 1013 episcOpO,
3748 930 3857 996 sed

601 1044 680 1104 ab
703 1042 829 1104 alio
856 1041 1339 1120 Theophylarto
1370 1040 1569 1103 fuisse
1602 1040 2054 1119 conscriptam,
2086 1042 2189 1104 cui
2221 1042 2549 1104 Simocotce
2577 1057 2935 1122 cognomen
2958 1048 3126 1108 crat;
3159 1039 3407 1119 quique
3435 1038 3594 1099 alias
3625 1054 3858 1117 quam-

603 1142 825 1222 plures
866 1145 930 1204 in
962 1159 1230 1204 suorum
1271 1143 1433 1204 forte
1466 1141 1937 1218 discipulorum
1972 1160 2160 1204 usum
2197 1142 2355 1223 (erat
2382 1144 2628 1222 quippe
2670 1139 3076 1221 professione
3107 1140 3417 1221 sophista,
3467 1155 3583 1199 seu
3622 1153 3859 1214 pra‘ce-

602 1252 744 1321 ptor
777 1239 1158 1325 rhetorices)
1191 1241 1616 1304 elucubravit.
1652 1242 1827 1303 Hanc
1863 1249 2081 1320 utpote
2119 1243 2455 1318 ineditam,
2492 1256 2553 1306 et
2580 1242 2825 1326 alioqui
2862 1241 3338 1312 brevissimam,
3379 1240 3631 1301 veniam
3665 1238 3864 1300 lector

600 1342 889 1420 Optimus
919 1342 1121 1417 dabit,
1159 1343 1216 1405 si
1266 1341 1445 1403 velut
1479 1358 1791 1422 parergon
1840 1342 1959 1405 hoc
2001 1342 2121 1404 loci
2156 1360 2522 1423 apposuero
2554 1363 2677 1407 una
2714 1360 2857 1407 cum
2904 1340 3203 1404 versione
3234 1340 3455 1403 Latina
3488 1341 3551 1401 in
3589 1340 3859 1422 gratiam

599 1455 827 1502 eorum
859 1441 971 1520 qui
1010 1439 1331 1520 ejusmodi
1376 1440 1615 1503 studiis
1646 1440 2071 1503 delectantur.
2109 1443 2213 1503 list
2243 1458 2441 1505 vero:

1060 1606 1409 1664 Damtodorus
1438 1609 1721 1679 Antigono.
2703 1638 2715 1667 4

2703 1612 3065 1682 Δαιμόὸοκος
3112 1613 3446 1682 Ἀντιγίνῳ.

672 1720 730 1776 Si
765 1721 891 1776 vitae
924 1720 1154 1794 pignora
1184 1719 1445 1776 Socrates
1482 1735 1593 1776 non
1621 1720 1889 1792 possidet,
1926 1725 2182 1793 paedago-

2356 1726 2418 1778 Εἰ
2449 1724 2526 1796 μὴ
2565 1724 2679 1796 βίον
2717 1726 3015 1797 Σωκράτης
3054 1727 3288 1796 ἐνέχυρα.
3340 1723 3628 1794 κέκτηται.
3674 1720 3868 1778 παίδεια

597 1830 700 1884 gus
739 1815 834 1870 lilii
864 1818 948 1870 tui
990 1830 1098 1872 non
1129 1817 1527 1871 constituatur.
1553 1815 1791 1888 Pignora
1833 1819 1951 1873 vita:
1979 1819 2183 1874 intelli-

2284 1817 2463 1886 γωγδς
2487 1816 2581 1871 τοῦ
2623 1816 2720 1871 σοῦ
2759 1818 2835 1888 μὴ
2881 1817 3316 1889 προχειριζέςοω
3356 1816 3568 1879 παιδός.
3618 1814 3865 1883 Ἐνέχυ·

596 1917 798 1977 gantur
822 1906 938 1965 lilii.
971 1908 1145 1976 Quem
1175 1908 1321 1963 enim
1349 1923 1474 1964 esse
1508 1917 1716 1978 patrem
1746 1919 1940 1965 natura
1970 1910 2180 1977 docuit,

2282 1925 2367 1978 pa
2392 1908 2450 1963 at
2478 1911 2627 1975 ,βίου
2667 1911 2859 1974 παῖδες
2884 1909 3236 1966 vastatione-av.
3270 1911 3370 1964 ’ον
3415 1910 3524 1981 γὰρ
3571 1904 3715 1962 εἶναι
3762 1922 3865 1962 πα·

600 2001 748 2056 hunc
795 2000 1151 2071 paedagogum
1179 2014 1327 2067 esse,
1359 2008 1790 2056 consentaneum
1827 2010 1910 2059 est
1937 2022 1950 2054 :
1981 2003 2181 2075 quippe

2281 2002 2417 2074 τέρα
2448 2002 2611 2072 φύσις
2642 2002 2871 2068 ἐδίδαξε,
2930 2001 3123 2057 τοῦτον
3172 2001 3270 2057 καὶ
3316 1999 3669 2070 παιδαγωγόν
3716 2000 3865 2053 ἔστιν

597 2094 703 2168 qui.
741 2092 1078 2164 experientia
1114 2092 1269 2149 novit
1316 2094 1689 2163 generationis
1740 2093 2084 2152 aﬂ'ectionetn
2124 2106 2179 2152 et.

2284 2095 2621 2164 ἀξιόπιστον,
2651 2096 2846 2164 πεῖραν
2886 2096 3228 2166 μανθάνοντα
3257 2096 3352 2151 καὶ
3380 2093 3652 2164 τενέτεως
3680 2091 3862 2163 σχέσιν

600 2183 808 2241 amoris
842 2181 1079 2240 dolores.

2290 2185 2382 2242 καὶ
2423 2185 2657 2258 στοργῆς
2686 2185 3005 2257 aly-56h“.
3542 2176 3549 2184 ’

1994 2374 2283 2438 SECTIO
2349 2375 2462 2438 XI.

1234 2508 1324 2569 De
1351 2516 1674 2587 postrema
1694 2517 1879 2586 parte
1911 2504 2182 2569 homilia:
2210 2504 2572 2578 undecima,
2593 2504 2669 2566 1η
2693 2485 3250 2565 resurrectionem.

678 2629 906 2691 XLIV.
938 2630 1097 2705 Qum
1128 2629 1207 2692 de
1253 2629 1372 2691 hac
1408 2636 1727 2707 postrema
1776 2636 1950 2708 parte
2002 2626 2290 2689 homiliae
2334 2625 2804 2705 'l'thphyIacti
2855 2625 3124 2688 dicenda
3166 2623 3270 2685 hic
3322 2621 3476 2684 mihi
3522 2621 3760 2694 forent,
3793 2619 3865 2680 in

596 2727 1083 2793 Dissertationis
1121 2730 1373 2809 praevia)
1410 2748 1591 2793 num.
1658 2731 1705 2792 L
1745 2734 1876 2811 jam
1934 2736 2374 2808 prmorcupala
2422 2726 2633 2788 fuere.
2663 2727 2876 2800 Quare
2927 2727 3032 2790 hic
3086 2726 3297 2789 solum
3354 2725 3701 2795 admoneo,
3757 2738 3863 2785 me

598 2827 924 2909 quidquid
957 2846 1036 2890 ex
1067 2828 1335 2893 historia
1382 2828 1649 2892 Eusebii
1685 2828 2052 2891 derivatum
2084 2829 2153 2891 in
2196 2845 2334 2890 eam
2367 2833 2489 2899 est,
2521 2843 2667 2887 cum
2698 2827 2975 2906 ipsemet
3006 2822 3184 2889 fonte
3218 2823 3598 2898 contulisse,
3643 2839 3861 2902 eoque

599 2929 725 2990 mei
758 2931 1147 3009 exemplaris
1199 2931 1541 3011 supplesse
1571 2930 1891 3007 defectus,
1942 2939 2137 3011 atque
2179 2930 2371 2992 etiam
2425 2926 2742 2990 variantes
2798 2927 3109 2990 lectiones
3141 2924 3450 3005 pauculas
3497 2924 3853 2987 addidisse.

600 3027 816 3092 Codex
848 3028 1729 3104 Cmsareo-Vindoboncnsis,
1761 3030 1933 3091 unde
1965 3029 2098 3090 haec
2130 3024 2418 3089 homiliae
2450 3027 2805 3089 undecima)
2837 3042 2979 3098 pars
3009 3026 3342 3102 desumpta
3375 3030 3496 3096 est,
3528 3026 3860 3104 integrum

599 3130 886 3192 continet
917 3128 1393 3201 Homiliarium,
1423 3147 1539 3190 seu
1577 3130 1640 3189 iu
1676 3130 1874 3190 totius
1905 3128 2059 3190 anni
2096 3125 2451 3203 Evangelia
2482 3125 2815 3203 deeerptas
2849 3143 2923 3186 ex
2975 3123 3171 3186 variis
3202 3123 3496 3186 Patr-ibus
3528 3120 3858 3200 homines.

599 3230 694 3289 Ex
728 3244 858 3306 quo
894 3226 1051 3287 mihi
1085 3227 1269 3289 valde
1307 3224 1673 3289 verosimile
1722 3227 1811 3298 tit,
1869 3244 2042 3298 eum,
2075 3228 2186 3306 qui
2230 3227 2604 3304 prmdictum
2643 3224 3052 3288 concinnavit
3095 3224 3569 3297 Homiliarium,
3610 3231 3857 3303 postre-

602 3341 768 3389 mam
807 3326 969 3388 hanc
998 3325 1286 3389 homilim
1317 3326 1679 3389 undecimm
1726 3334 1966 3405 partem
2001 3344 2122 3388 suo
2155 3326 2483 3388 addidisse
2511 3327 2844 3397 arbitratu,
2892 3333 2963 3387 ut
2993 3342 3280 3387 errorem
3314 3322 3489 3400 vulgi
3543 3325 3609 3384 in
3660 3320 3858 3400 patria

601 3443 717 3488 sua
747 3426 942 3487 nimis
974 3425 1136 3488 fcrte
1176 3428 1491 3506 vigentem
1520 3430 1597 3489 de
1629 3430 1875 3488 Joanne
1908 3428 1974 3489 in
2001 3427 2127 3489 vita
2164 3426 2373 3489 adhuc
2399 3428 2774 3505 superstite,
2801 3426 3070 3489 omnino
3093 3426 3344 3487 tolleret
3377 3434 3437 3486 et
3462 3423 3855 3486 elimiuarct.

602 3527 760 3617 Ideo
790 3535 1002 3617 autem
1037 3546 1208 3591 nunc
1230 3529 1444 3591 editur
1466 3528 1599 3589 hmo
1631 3528 1916 3590 humilia;
1937 3545 2102 3608 pars,
2127 3528 2277 3606 quia
2311 3528 2733 3590 constitutum
2772 3528 2956 3590 nobis
2989 3538 3105 3594 est.
3143 3525 3301 3590 nihil
3334 3525 3396 3587 in
3431 3524 3547 3587 hac
3576 3522 3858 3588 editione

604 3612 782 3705 quod
820 3612 1285 3709 Theophylacti
1326 3630 1590 3693 nomine
1626 3628 2012 3709 inscriptum
2047 3631 2156 3704 sit,
2195 3632 2549 3711 praeterire.

1984 3757 2274 3822 SECTIO
2309 3758 2457 3820 XII.

935 3884 1028 3945 De
1060 3882 1521 3947 Commentario
1545 3884 1613 3945 in
1639 3884 1797 3947 Acta
1825 3886 2257 3965 apostolorum
2293 3904 2374 3947 ea:
2406 3883 2782 3946 bibliotheca
2804 3881 3516 3948 Florentino-Medicam

683 4003 879 4067 XLV.
908 4004 1380 4086 Theoyhylacti
1413 4005 1914 4070 Commentarius
1946 4008 2013 4070 in
2050 4007 2213 4070 Acta
2242 4007 2675 4086 apostolorum
2706 4024 2743 4069 a
2767 4004 2990 4070 Sil‘ano
3021 4005 3236 4069 editus
3264 4009 3428 4069 adeo
3463 4022 3656 4070 rarus
3699 4020 3853 4071 eva-

600 4103 712 4181 sit,
743 4112 813 4166 ut
844 4123 989 4168 cum
1024 4108 1334 4171 editionis
1367 4108 1563 4189 hujus
1596 4118 1927 4171 curatores
1956 4125 2107 4170 eum
2140 4107 2251 4171 diu
2293 4106 2779 4188 quaesivissent,
2816 4105 3117 4171 invenire
3149 4104 3377 4170 nullibi
3412 4106 3705 4171 venalem
3739 4124 3853 4185 po-

604 4204 875 4265 tuerint.
919 4205 1107 4279 Quod
1155 4205 1211 4266 si
1260 4222 1409 4268 eum
1463 4206 1815 4287 aliquando
1865 4206 2031 4268 nacti
2060 4215 2241 4283 sunt,
2273 4224 2353 4270 ex
2396 4206 2637 4270 Graecia
2686 4206 2936 4286 duplici
2988 4207 3300 4271 editionis
3339 4206 3532 4288 hujus
3587 4223 3852 4286 corpore

601 4312 1133 4369 cammutandum
1168 4317 1573 4387 receperunt.
1607 4309 1861 4370 interea
1892 4308 2047 4371 dum
2071 4308 2324 4388 jamdiu
2354 4325 2897 4389 supervacaneam
2930 4309 3141 4372 eidem
3166 4307 3651 4387 quomodolibet
3675 4323 3853 4370 com!

607 4407 889 4483 parando
918 4413 1261 4468 navassent
1291 4423 1581 4485 operam,
1614 4407 1826 4486 deque
1850 4408 2037 4469 exitu
2058 4406 2300 4496 uegptii
2330 4406 2525 4486 hujus
2549 4405 2867 4469 haererent
2898 4405 3152 4479 incerti,
3189 4407 3255 4469 in
3289 4423 3429 4470 eam
3466 4410 3850 4468 sententiam

602 4509 867 4565 ventum
905 4509 1024 4587 est,
1064 4508 1134 4562 ut
1161 4501 1303 4581 ejus
1329 4502 1796 4581 apographum,
1829 4504 1942 4584 qui
1974 4504 2040 4565 in
2089 4502 2468 4566 Florentino
2506 4503 2725 4566 codice
2752 4504 3074 4583 reperitur
3102 4503 3507 4568 bibliothecas
3534 4505 3850 4567 Medicro-

602 4603 1079 4673 Laurentianus,
1112 4616 1443 4683 quemque
1468 4605 1955 4683 'l‘heOphylaeto
1974 4601 2239 4665 ascribit
2268 4601 2807 4667 Montefalconius
2842 4604 2909 4667 in
2945 4622 3060 4668 sua
3100 4604 3494 4668 Bibliotheca
3515 4603 3846 4668 bibliothe-

603 4722 844 4780 carum,
877 4703 999 4765 sibi
1042 4706 1520 4785 procurandum
1557 4705 2016 4779 existimarint,
2048 4706 2191 4778 rati,
2229 4706 2528 4789 eumdem
2558 4705 2826 4769 omnino
2852 4723 2997 4770 esse
3028 4726 3170 4771 cum
3196 4725 3274 4770 eo
3305 4708 3420 4788 qui
3452 4708 3663 4770 editus
3692 4724 3723 4769 a
3756 4707 3848 4769 SE-

600 4810 755 4871 i‘ano
793 4818 889 4871 est
923 4831 938 4870 :
976 4817 1173 4889 atque
1203 4810 1391 4884 adeo,
1416 4810 1739 4891 quidquid
1770 4811 2031 4873 demum
2072 4810 2435 4885 accidisset,
2470 4812 2788 4874 variantes
2816 4808 3039 4874 saltem
3073 4811 3406 4883 lectiones,
3439 4817 3629 4890 atque
3659 4808 3844 4872 etiam

612 4910 1089 4973 correctionum
1122 4910 1417 4973 subsidia
1457 4910 2045 4991 suppeditaturum.
2081 4914 2159 4975 At
2196 4927 2323 4975 non
2360 4913 2441 4975 ita
2472 4932 2573 4976 res
2603 4915 2822 4977 cessit.
2855 4915 2947 4975 Eo
2976 4912 3150 4976 enim
3180 4912 3547 4992 apographo
3578 4913 3841 4976 Floren-

605 5008 689 5069 tia
722 5008 910 5069 nobis
942 5006 1162 5084 allato,
1198 5009 1479 5089 primum
1529 5012 1760 5074 turbati
1796 5029 2025 5074 sumus
2058 5014 2304 5075 nullam
2337 5013 2403 5075 in
2449 5029 2528 5075 eo
2558 5015 2965 5078 invenientes
3016 5013 3434 5093 epigraphen,
3472 5032 3597 5095 qua
3641 5016 3844 5077 Theo-

606 5110 901 5192 phylacto
942 5110 1364 5190 Bulgarorum
1397 5113 1893 5194 archiepiscOpo
1919 5117 2386 5188 ascriberetur,
2424 5116 2663 5179 deinde
2697 5135 2843 5179 eum
2880 5117 3066 5180 nobis
3091 5117 3543 5180 evolventibus
3596 5119 3842 5180 nullum

606 5213 905 5291 apparuit
950 5211 1296 5283 indicium,
1353 5229 1468 5274 cur
1499 5213 1884 5277 tribuendus
1915 5216 2399 5297 Theophylacto
2429 5224 2601 5277 esset
2637 5240 2653 5279 :
2679 5219 2971 5296 adeoque
3000 5216 3211 5278 mirari
3241 5218 3573 5297 cmpimus,
3604 5235 3637 5280 a
3668 5220 3847 5281 Mon—

609 5299 960 5376 tefalconio
986 5312 1433 5376 indubitanter
1462 5313 1667 5375 fuisse
1700 5314 2179 5396 TheOphj-larto
2208 5317 2671 5396 adjuditatum.
2706 5309 2989 5379 Tandem
3032 5316 3133 5376 vix
3166 5316 3295 5379 ulla
3325 5319 3646 5395 superfuit
3670 5316 3845 5381 dubi-

607 5416 787 5489 tatio,
816 5432 963 5476 eum
1004 5430 1150 5476 esse
1188 5412 1267 5475 ab
1294 5413 1603 5492 legitimis
1627 5416 2090 5496 'l'heophylacti
2123 5417 2427 5494 operibus
2459 5419 2989 5498 expungendum,
3020 5434 3165 5480 cum
3200 5418 3365 5479 inter
3397 5418 3668 5482 aliorum
3715 5435 3830 5482 no-

607 5515 776 5577 mina
806 5516 1090 5589 Patrum,
1126 5533 1272 5595 qum
1309 5516 1591 5576 citantur
1622 5518 1682 5576 in
1718 5519 2032 5595 margine,
2059 5518 2247 5578 etiam
2280 5520 2482 5581 semel
2516 5526 2704 5594 85.09.,
2748 5519 3047 5597 Theoph.,
3083 5535 3197 5580 seu
3245 5525 3310 5579 ut
3358 5518 3699 5599 legendum
3740 5517 3836 5581 vi-

604 5616 900 5691 debatur,
929 5623 1335 5694 Θεοφύλαχτος,
1378 5615 1871 5695 Tlteophylartus
1901 5618 2329 5692 occurrisset;
2362 5636 2433 5681 ac
2467 5620 2819 5694 prmsertim
2852 5629 3182 5697 postquam
3222 5616 3627 5697 inspeximus
3657 5619 3841 5683 verba

606 5723 850 5788 ibidem
880 5722 1065 5785 allata
1105 5730 1354 5783 exstare
1381 5720 1445 5780 in
1479 5721 1956 5782 Commentario
1989 5723 2160 5784 edito
2183 5739 2216 5784 a
2251 5722 2488 5784 Sifano.
2529 5725 2696 5787 Hinc
2728 5726 2900 5786 enim
2942 5724 3125 5800 plane
3155 5739 3561 5802 consequens
3592 5724 3843 5789 videba-

603 5846 736 5907 tur,
773 5844 964 5909 opus,
994 5826 1064 5891 in
1092 5842 1223 5908 quo
1251 5824 1773 5904 Theonhylartas
1811 5827 1947 5906 ipse
1988 5830 2241 5902 citetur,
2276 5828 2553 5908 ejusque
2587 5830 3087 5893 commentarius
3115 5828 3258 5892 aliis
3287 5828 3561 5894 aliorum
3592 5833 3837 5896 Patrum
