4192 6294
422 453 538 522 ιη
1276 454 1359 516 1N
1393 450 1828 527 SEQUENTIA
1859 452 2433 515 TIIEOPHYLACTI
2481 453 2816 518 SCRIPTA.
3571 446 3676 514 4H

427 567 920 633 commentariis
947 549 1436 639 annumeratur,
1460 566 1839 629 nullatenus
1876 564 1999 644 ipsi
2039 580 2183 626 esse
2231 561 2755 641 adjudicandum.
2790 562 3029 622 Verum
3063 558 3182 623 hoc
3226 569 3678 639 argumentum

430 668 564 730 vim
600 685 765 746 pene
802 684 1060 732 omnem
1099 665 1394 729 amittere
1430 666 1639 728 visum
1687 673 1810 739 est,
1850 672 2183 745 postquam
2231 682 2307 725 ex
2340 664 2572 726 Catena
2623 661 2984 724 Oxonicnsi
3040 661 3141 736 (de
3173 678 3298 741 qua
3351 661 3676 740 superius)

423 767 749 843 intellexi,
780 767 1254 847 expositionem
1292 764 1466 827 illam
1521 764 1846 828 Theodori
1878 762 2330 826 Heracleensis
2382 778 2555 833 esse,
2587 768 2809 839 utpote
2842 760 2955 839 qui
3011 760 3249 822 diserte
3303 761 3530 820 citetur
3564 776 3674 839 pa-

426 869 585 953 gina
637 870 713 934 58
741 871 886 950 ejus
936 868 1207 943 codicis,
1247 868 1435 947 cujus
1486 870 1841 944 exemplar,
1880 874 1951 928 ut
1988 866 2080 930 rei
2118 866 2311 944 hujus
2350 864 2586 927 certior
2629 864 2870 937 ﬁerem,
2930 866 3245 941 postulavi
3288 873 3347 928 et
3397 864 3677 928 obtinui.

433 970 606 1035 Hinc
646 972 818 1034 enim
856 969 1116 1032 suborta
1153 969 1309 1032 mihi
1340 968 1631 1049 suSpicio
1662 977 1783 1041 est,
1834 967 2181 1030 oscitantis
2223 967 2459 1028 veteris
2502 975 2609 1027 aut
2646 965 3023 1027 recentioris
3070 965 3479 1028 amanuensis
3516 970 3679 1029 seri-

429 1082 616 1153 ptum
654 1073 718 1134 in
755 1071 979 1134 codice
1019 1069 1419 1143 Florentino,
1472 1070 1571 1131 vel
1619 1077 1838 1130 nostro
1887 1086 2099 1145 exem;
2126 1067 2238 1135 lari
2270 1068 2472 1130 fuisse
2510 1074 2702 1142 θεοφ..
2750 1068 3052 1146 ΤΙιιορΙιη
3089 1083 3203 1145 pro
3233 1071 3413 1131 9:06..
3448 1066 3674 1129 Thcod.

428 1174 557 1238 Sed
590 1174 1179 1254 quomodocunquc
1209 1190 1311 1234 res
1343 1173 1464 1233 ista
1497 1189 1566 1232 se
1590 1168 1838 1243 habeat,
1865 1178 1933 1232 ut
1965 1179 2215 1232 eertum
2250 1177 2427 1248 puto,
2466 1167 3030 1231 Montefalconium
3065 1185 3190 1230 non
3226 1168 3363 1251 alio.
3387 1171 3501 1230 niti
3535 1170 3681 1231 fun-

435 1275 742 1337 damento
797 1271 1085 1350 potuisse
1115 1271 1190 1332 ad
1234 1270 1773 1332 Commentarium
1812 1268 1983 1332 hunc
2031 1267 2512 1347 TlteOphvlacto
2558 1267 3006 1340 asserendum,
3038 1285 3228 1347 quam
3278 1270 3476 1347 quod.
3527 1272 3681 1332 dum

438 1376 674 1454 raptim
707 1372 891 1435 illum
922 1370 1280 1445 evolveret,
1320 1371 1388 1433 in
1419 1369 1636 1449 aliqua
1670 1369 1974 1431 inciderit
1999 1368 2134 1433 loca
2170 1366 2569 1434 continentia
2609 1367 2767 1429 illud
2808 1370 2976 1430 idem
3005 1368 3181 1448 quod
3231 1380 3375 1431 ante
3423 1369 3490 1429 iu
3523 1369 3686 1431 Sita-

432 1482 634 1544 niano
664 1480 1136 1543 Commentario
1163 1477 1567 1559 pet-legisset.
1602 1476 1755 1538 Mihi
1789 1476 2013 1539 saltem
2068 1493 2197 1540 non
2226 1474 2403 1537 aliud
2455 1474 2672 1536 animo
2725 1474 3215 1536 fundamentum
3261 1474 3559 1535 occurrit.
3613 1476 3683 1535 Id

436 1601 594 1647 vero
628 1601 822 1663 quam
856 1584 949 1662 sit,
976 1581 1377 1646 imbecillum
1408 1581 1474 1643 in
1509 1562 2026 1655 Commentariis,
2060 1580 2172 1661 qui
2216 1580 2312 1641 vel
2352 1596 2574 1657 puram
2618 1580 2873 1642 Calenus
2921 1580 3230 1642 rationem
3286 1578 3553 1651 habent,
3588 1576 3684 1640 vel

434 1684 728 1748 aii-illam
763 1685 1057 1766 proxime
1086 1686 1424 1758 accedunt,
1452 1685 1753 1765 quisquis
1785 1685 1971 1748 facile
1995 1684 2328 1764 intelligit.

512 1787 737 1849 XLVI.
773 1788 1012 1850 Verum
1052 1789 1106 1850 si
1140 1806 1242 1850 res
1268 1789 1353 1850 ita
1389 1806 1459 1850 se
1493 1788 1706 1858 habet,
1749 1806 1861 1851 cur
1891 1787 2218 1867 igiturhic
2247 1803 2284 1849 a
2317 1786 2505 1850 nobis
2547 1786 2613 1848 in
2668 1785 2875 1849 lucem
2916 1787 3285 1848 emittitur?
3316 1787 3434 1849 Cur
3485 1787 3677 1848 etiam

434 1891 656 1954 Graece
681 1891 1034 1955 duntaxat?
1060 1893 1128 1953 In
1162 1891 1371 1955 lucem
1407 1891 1511 1954 ltie
1546 1893 1749 1954 emitti
1780 1894 2164 1972 respondeo,
2200 1892 2504 1970 primum,
2532 1891 2702 1971 quod
2740 1892 2877 1954 viro
2909 1910 3061 1953 sane
3090 1890 3463 1954 doctissimo
3510 1891 3686 1952 visus

432 1992 639 2055 fuerit
670 2010 814 2056 esse
848 1993 1354 2072 'I‘heOphylacti;
1404 2002 1837 2072 nequecerto
1880 1994 2100 2074 aliquo
2140 1995 2609 2074 perspicueque
2646 2005 3023 2073 argumento
3073 1994 3283 2057 refelli
3310 1992 3513 2072 possit
3572 1994 3684 2050 iSl-

434 2092 572 2156 hmc
602 2093 848 2172 Opinio.
878 2095 938 2157 2.
970 2094 1131 2169 Quia
1173 2111 1431 2171 requum
1459 2111 1584 2156 non
1620 2093 1874 2169 censui,
1907 2094 2345 2173 apographum
2379 2094 2552 2155 istud
2586 2093 2857 2155 orunino
2892 2093 3198 2163 interire;
3236 2094 3479 2173 quippe
3510 2088 3684 2170 quod

440 2210 587 2256 esse
613 2193 885 2257 fortasse
915 2194 1147 2273 poterit
1176 2193 1371 2257 alicui
1415 2194 1693 2276 posteris
1739 2195 1916 2269 usui,
1972 2194 2521 2275 quemadmodum
2567 2195 2722 2257 mihi
2766 2213 2891 2257 non
2928 2195 3158 2258 inutile
3185 2193 3331 2267 fuit,
3384 2201 3450 2258 ut
3502 2195 3689 2252 (Lom-

450 2291 747 2356 meutarit
786 2294 1068 2357 Vaticani
1117 2293 1218 2377 (de
1262 2313 1393 2376 quo
1436 2296 1677 2359 dictum
1720 2303 1817 2359 est
1848 2297 2071 2374 supra)
2120 2297 2451 2376 exemplar
2484 2298 2896 2359 emendarem
2960 2305 3153 2376 atque
3180 2294 3575 2371 suppierem.
3613 2292 3689 2351 Et

437 2397 707 2477 quidem
740 2401 950 2478 quoad
986 2398 1126 2480 ejus
1147 2401 1375 2469 attinet
1400 2416 1617 2474 usum,
1654 2401 1934 2463 breviter
1966 2399 2361 2479 patefaciant,
2389 2400 2565 2480 quod
2599 2399 2754 2462 mihi
2793 2417 2943 2461 eum
2978 2397 3378 2477 percurrenti
3414 2394 3585 2456 venit
3622 2393 3687 2454 in

443 2506 728 2561 tuentem
772 2515 787 2558 :
830 2498 1135 2561 nimirum
1166 2518 1246 2562 ex
1280 2500 1487 2563 tribus
1517 2501 1695 2566 hisce
1729 2503 1799 2565 in
1825 2500 1985 2562 Acta
2020 2502 2373 2581 apostolica
2419 2500 2938 2573 Commentariis,
2984 2517 3147 2579 quos
3181 2499 3480 2559 volumen
3519 2491 3687 2556 istud

440 2600 895 2678 complectitur
930 2601 1308 2679 (prmsertim
1344 2602 1404 2664 si
1452 2603 1892 2681 Clirysostomi
1943 2601 2141 2666 fontis
2184 2601 2475 2665 omnium
2511 2602 2816 2681 prmeipui
2861 2600 3309 2665 adnotationes
3350 2597 3689 2668 addanktr)

439 2704 801 2786 perfectum
831 2705 1053 2768 conﬁci
1091 2721 1305 2784 posse,
1346 2706 1847 2787 absolutumque
1877 2709 1942 2769 in
1967 2707 2185 2768 eadem
2224 2709 2374 2769 Acta
2423 2705 3000 2775 Commentarium;
3030 2721 3175 2767 cum
3223 2703 3462 2781 singuli
3499 2711 3689 2765 caete-

444 2805 681 2885 roquin
716 2805 885 2869 haud
920 2824 1141 2887 parum
1177 2807 1394 2886 procul
1419 2807 1551 2870 sint
1575 2825 1607 2869 a
1640 2804 1852 2871 debila
1886 2807 2303 2889 perfectione.
2336 2809 2572 2871 Poterit
2600 2808 2794 2888 igitur
2820 2807 3145 2888 qui.-:piam
3184 2825 3262 2870 ex
3296 2807 3570 2887 singulis
3607 2825 3684 2868 ea

442 2928 589 2990 quae
618 2911 694 2973 ad
734 2929 862 2973 rem
895 2911 1170 2974 maxime
1199 2911 1469 2987 faciunt,
1501 2911 1819 2991 seligendi
1853 2929 2072 2976 curam
2117 2911 2530 2993 laboremque
2578 2912 2909 2989 suscipere
2944 2934 2962 2974 :
3001 2930 3192 2991 quem
3227 2911 3390 2975 forte.
3429 2919 3683 2988 egomet

441 3010 905 3088 suscepissem,
950 3010 1077 3071 nisi
1129 3010 1293 3084 alite,
1326 3010 1568 3087 quibus
1600 3010 1942 3082 distrahor,
1975 3029 2141 3074 curm
2166 3020 2227 3074 et
2258 3013 2643 3075 valetudinis
2669 3013 3074 3075 imbecillitas
3099 3011 3558 3074 inhibuissent.
3596 3015 3688 3073 lin

444 3112 650 3190 igitur
682 3113 871 3189 ratio,
898 3132 1014 3176 cur
1045 3113 1228 3175 Illum
1264 3114 1602 3178 ediderim.
1636 3115 1851 3178 Grarce
1879 3124 2092 3178 autem
2128 3123 2372 3178 tantum
2401 3114 2599 3182 edidi,
2633 3114 2784 3195 quia
2817 3133 2891 3177 ex
2930 3132 3053 3178 una
3091 3124 3263 3194 parte
3289 3114 3691 3177 levissimum

444 3221 546 3275 est
574 3214 1072 3279 fundamentum
1106 3217 1563 3281 Commenlarii
1618 3218 1813 3299 hujus
1859 3216 2340 3298 TheOphylat-to
2383 3218 2799 3299 atljudieandi
2839 3239 2854 3278 :
2889 3236 2967 3281 ex
3000 3219 3197 3280 altera
3248 3233 3399 3282 vero
3426 3220 3691 3296 exposi-

445 3314 662 3375 tiones
704 3312 848 3392 ejus
883 3314 1203 3392 plet'mque
1234 3314 1296 3376 in
1330 3314 1639 3380 alterutro
1671 3336 1751 3379 ex
1786 3317 1894 3392 iis,
1934 3319 2047 3399 qui
2084 3316 2439 3380 voluminis
2481 3317 2679 3398 hujus
2719 3318 2906 3381 initio
2961 3320 3262 3397 impressi
3312 3327 3485 3394 sunt,
3525 3319 3691 3382 Sifa~

445 3412 640 3473 niano
666 3410 934 3482 scilicet,
968 3421 1030 3471 et
1058 3409 1387 3485 Vaticano,
1424 3429 1547 3473 non
1579 3413 1768 3476 modo
1796 3416 2004 3495 quoad
2040 3432 2335 3489 sensum,
2385 3415 2493 3477 sed
2527 3416 2720 3477 etiam
2754 3416 2963 3496 quoad
2999 3417 3191 3478 verba
3247 3435 3695 3497 smpenuuiero

444 3517 700 3579 insunt.
733 3513 900 3575 Hinc
932 3515 1209 3591 pretium
1244 3531 1457 3594 operte
1489 3515 1755 3580 minime
1798 3536 1942 3581 esse
1975 3518 2226 3592 censui,
2268 3535 2504 3581 novum
2537 3519 2709 3582 hunc
2751 3521 2972 3584 subire
3002 3521 3309 3598 laborem,
3347 3531 3407 3586 et
3436 3523 3693 3602 aliquo-

458 3632 602 3678 rum
633 3615 1008 3677 accessione
1039 3612 1344 3677 foliorum
1376 3615 1555 3678 nulla
1591 3619 2052 3696 propemodum
2095 3619 2373 3681 utilitate
2408 3622 2709 3683 volumen
2749 3620 2867 3683 hoc
2897 3638 3196 3686 onerare.

536 3714 796 3776 XLVII.
828 3713 1135 3788 Quamvis
1160 3726 1375 3777 autem
1408 3718 1954 3780 Commentariutn
2002 3717 2173 3781 hunc.
2206 3718 2426 3781 Latine
2458 3736 2586 3781 non
2635 3719 2962 3796 verterim,
3001 3741 3128 3784 non
3182 3724 3332 3786 ideo
3373 3731 3579 3788 tamen
3617 3731 3701 3789 ab

452 3816 641 3880 omni
672 3816 739 3879 in
770 3831 847 3879 eo
877 3815 1132 3878 edendo
1156 3816 1372 3880 labore
1398 3835 1497 3880 rue
1526 3817 1801 3880 absolvi.
1835 3820 2122 3881 Laconas
2156 3819 2356 3893 enim,
2386 3818 2629 3898 quibus
2661 3820 3096 3899 apographum
3132 3821 3506 3901 frequenter
3553 3825 3696 3889 hia-

457 3922 564 3983 bat
597 3918 973 4000 (pmsertim
1018 3920 1144 3982 sub
1171 3921 1315 4000 ejus
1344 3920 1630 4002 initium)
1663 3921 1925 4000 explere
1978 3939 2093 4002 pro
2125 3922 2370 3986 viribus
2405 3922 2657 3986 studui.
2709 3926 2784 3986 Et
2818 3924 3010 3986 initio
3039 3927 3328 4006 quidem,
3379 3930 3488 3990 ubi
3531 3934 3700 4010 silis-

450 4021 663 4083 siores
693 4018 940 4083 lacuum
969 4029 1175 4094 erant,
1212 4021 1369 4083 mihi
1407 4021 1473 4083 in
1500 4021 1659 4084 hanc
1695 4040 1826 4085 rem
1865 4022 2264 4085 incumbenti
2300 4023 2820 4101 percommodum
2847 4024 2970 4087 fuit
3007 4026 3258 4089 Catenai
3300 4026 3698 4093 Oxoniensis

451 4123 522 4186 in
550 4122 773 4186 eadem
826 4125 978 4186 Acta
1022 4124 1326 4202 primum,
1370 4125 1545 4203 quod
1597 4125 1906 4189 habebam
1955 4143 2082 4203 [τω
2119 4125 2444 4202 manibus,
2483 4126 2712 4189 folium
2748 4151 2765 4189 :
2807 4146 2952 4190 cum
3007 4129 3138 4208 ipsa
3179 4132 3422 4209 quippe.
3464 4133 3698 4195 Catena

449 4220 889 4302 apogrephum
924 4240 1137 4285 meum
1178 4223 1272 4285 sic
1303 4223 1467 4286 inibi
1495 4226 1848 4288 convenire
1896 4226 2321 4305 deprehendi,
2354 4237 2424 4288 ut
2477 4228 2646 4289 idem
2694 4246 2834 4291 esse
2865 4247 3031 4307 opus
3069 4230 3419 4305 videretur,
3457 4233 3581 4294 nisi
3617 4252 3697 4296 ex

452 4336 774 4407 postrema
803 4326 980 4390 illius
1015 4335 1213 4407 parte,
1240 4334 1432 4406 atque
1463 4347 1542 4390 ex
1571 4329 1833 4393 duobus
1863 4332 2032 4407 aliis,
2061 4348 2211 4411 qum
2260 4330 2417 4393 mihi
2450 4348 2716 4393 cernere
2755 4330 2964 4403 licuit,
3015 4333 3157 4414 ejus
3208 4333 3383 4396 foliis
3431 4335 3697 4399 omnino

450 4430 931 4509 eognovissem,
967 4431 1263 4492 Catenam
1297 4428 1739 4495 Oxoniensem
1770 4435 1969 4495 multa
2004 4433 2368 4511 complecti,
2401 4450 2546 4512 qum
2589 4432 2654 4496 in
2689 4434 3061 4498 Florentino
3091 4436 3701 4501 Cornmentatiode-

452 4530 852 4593 sitiet-antur.
884 4531 1206 4593 Posterior
1240 4532 1358 4594 iste
1393 4530 1663 4594 fortasse
1704 4550 1913 4610 excer;
1940 4541 2045 4595 tus
2082 4541 2179 4595 est
2220 4550 2297 4595 ex
2328 4533 2433 4594 illa
2489 4535 2726 4612 priore.
2776 4535 2868 4595 Ad
2918 4535 3286 4598 sarciendas
3333 4554 3513 4619 vero,
3556 4556 3702 4618 qua)

453 4641 874 4697 accurrerent
903 4633 972 4700 in
1018 4651 1388 4714 progressu,
1424 4633 1684 4697 lacunas
1708 4636 2019 4699 alterutro
2065 4654 2143 4697 ex
2169 4636 2663 4698 Commentariis
2691 4636 3034 4715 praedictis,
3068 4637 3396 4701 Sil‘aniano
3425 4640 3698 4711 Scilicet,

454 4743 519 4799 et
554 4735 891 4809 Vaticano,
924 4734 1037 4797 sed
1072 4734 1364 4797 omnium
1398 4734 1926 4815 frequentissime
1957 4752 2187 4817 magno
2222 4737 2681 4817 Chrysostomo
2715 4755 2870 4800 usus
2903 4756 3084 4813 sum;
3112 4747 3171 4802 et
3204 4758 3277 4804 ea
3307 4742 3569 4822 quidem
3598 4741 3698 4803 fe-

456 4838 732 4913 licitate,
774 4850 838 4902 ut
873 4858 956 4903 ex
989 4839 1310 4919 plurimis,
1342 4859 1486 4921 qum
1519 4840 1771 4903 inerant
1801 4848 2012 4917 antea,
2043 4842 2291 4904 lacunis
2325 4860 2448 4904 una
2491 4853 2759 4912 tantum,
2793 4843 2892 4904 vel
2933 4842 3128 4907 altera
3176 4844 3493 4922 inexpleta
3546 4844 3703 4905 milii

458 4942 864 5004 remanserit.
923 4940 1133 5003 Verba
1183 4959 1217 5003 a
1265 4943 1456 5006 nobis
1506 4942 1724 5006 addita
1774 4960 1853 5006 ex
1919 4943 2154 5022 signis,
2200 4942 2442 5021 quibus
2494 4943 2584 5005 uti
2631 4944 2696 5005 in
2744 4942 3072 5006 similibus
3119 4946 3433 5019 solemus,
3481 4949 3704 5009 Lector

459 5051 788 5122 agnoscet.
819 5042 910 5105 Ad
947 5044 1185 5106 calcem
1212 5044 1693 5118 Comtnentarii,
1728 5062 1806 5106 ne
1842 5044 2089 5125 integra
2128 5044 2357 5125 pagina
2390 5044 2659 5106 omnino
2694 5062 2884 5107 vacua
2914 5057 3295 5122 remaneret,
3341 5049 3420 5109 ali
3452 5070 3529 5111 co
3565 5050 3703 5115 LIIII)

459 5161 603 5222 ροέ.
633 5144 773 5213 629,
808 5143 928 5206 COI.
953 5144 1017 5220 2,
1052 5152 1232 5209 Ἑστὶν
1255 5149 1398 5209 οὖνὸ
1425 5158 1533 5221 πᾶς
1572 5156 1784 5228 χρόνος,
1820 5157 2040 5226 rogatu
2084 5155 2114 5226 ι,

2084 5145 2464 5227 typographi
2502 5147 2705 5228 atljeci
2744 5151 2957 5222 verba,
2993 5150 3234 5229 quibus
3266 5156 3493 5215 Catena
3524 5158 3698 5216 (Μυ-

460 5242 710 5305 niensis
745 5243 1122 5309 absolvitur.
1156 5247 1381 5326 Neque
1414 5249 1479 5311 id
1519 5250 1769 5312 Lectori
1804 5250 2230 5327 iniucundum
2263 5248 2398 5309 fore
2420 5249 2668 5311 conlido
2701 5250 2834 5312 :sic
2860 5253 3033 5312 enim
3064 5253 3402 5330 praedictae
3427 5260 3697 5323 Cati-nte,

458 5358 650 5422 quam
677 5345 1265 5423 prarstantt'ssimam
1293 5348 1572 5425 appellat
1606 5349 1944 5412 Fabricius
1974 5348 2035 5410 in
2070 5348 2241 5411 Bibl.
2276 5349 2518 5421 Gra’ca,
2559 5348 2819 5412 initium
2854 5352 3095 5413 tenebit
3133 5356 3193 5414 et
3224 5354 3440 5417 tinem.

1758 5521 1764 5527 ε
1833 5452 2115 5513 SEC'I'IO
2159 5451 2329 5514 XIII.

1297 5555 1388 5616 De
1427 5555 1741 5634 Epistolis
1788 5575 1827 5617 α
1870 5557 2154 5620 Meursio
2200 5558 2409 5630 editis,
2456 5569 2515 5619 et
2556 5578 2597 5618 a
2640 5557 2872 5619 Lamia.

549 5652 834 5715 XLVIII.
879 5654 1066 5716 Forte
1125 5656 1459 5720 mirabitur
1505 5662 1750 5737 Lector,
1815 5664 1987 5741 quod
2052 5664 2188 5724 ista:
2235 5664 2528 5740 epistulae
2575 5666 2655 5724 ab
2709 5660 2852 5723 aliis
2904 5661 3131 5741 viginti
3181 5665 3491 5744 sejunctas
3553 5666 3702 5729 huic

457 5754 726 5819 editioni
766 5759 1002 5820 fuerint
1050 5759 1340 5836 insertas,
1376 5780 1525 5825 cum
1584 5782 1774 5828 nemo
1834 5784 1964 5829 non
2010 5768 2241 5839 videat,
2278 5770 2632 5827 naturalem
2685 5765 2976 5825 ordinem
3026 5771 3386 5844 postulasse
3439 5780 3505 5831 ut
3537 5787 3692 5833 cens

452 5853 728 5937 iunctim
770 5859 1114 5923 ederentur
1143 5878 1391 5924 omnes.
1434 5865 1703 5928 Consilii
1740 5865 1955 5943 itaque
2000 5869 2199 5930 nostri
2253 5868 2408 5930 hanc
2457 5868 2765 5930 reticuerit
2819 5860 3067 5931 habeto.
3129 5868 3444 5950 Principio
3494 5870 3699 5934 fuerat
