4192 6294
581 274 690 340 ns
1600 274 1990 337 nomnen
2021 274 2339 338 .FINETTI
2385 276 2804 339 PRAZFATIO.
3744 252 3848 340 476

581 385 1139 466 consliluimn.lut
1179 383 1404 464 viginti
1450 384 1760 447 duntaxat
1795 387 2255 469 'l‘heOphylacti
2302 388 2596 467 epistolte
2626 388 2746 451 hoc
2789 389 2852 450 in
2901 387 3234 452 volumine
3266 388 3483 452 sedem
3517 387 3868 452 haberent"

580 505 728 564 qua)
775 488 1062 551 nondum
1116 486 1436 568 publicam
1487 487 1691 548 lucem
1725 496 2142 568 aspexerant;
2192 507 2336 552 cum
2388 507 2479 551 ere
2535 497 2783 552 tantum
2827 489 2979 552 huic
3031 491 3224 552 tertio
3272 490 3619 563 volumini,
3671 490 3845 572 quod

579 578 846 650 ineditis
871 586 1332 669 TheOpbylaeti
1358 587 1666 668 Operibus
1689 589 2092 668 excipiendis
2147 588 2543 654 destinatum
2578 589 2642 652 in
2694 592 2921 669 primis
2969 598 3127 665 erat,
3166 591 3487 672 explendo
3517 590 3672 654 satis
3705 609 3839 654 esse

582 689 976 763 viderentur,
1021 690 1286 770 adjectis
1343 699 1551 760 tamen
1601 691 1859 755 duobus
1913 695 2222 770 cperibus
2270 694 2484 758 adhuc
2539 694 2824 766 iueditis,
2883 710 3164 775 quorum
3230 694 3505 755 alterum
3555 694 3849 776 Parisiis,

581 791 853 854 alterum
894 789 1217 852 Florentia
1265 790 1809 869 prmstolabamur.
1857 795 1974 854 Sed
2015 794 2293 874 primum
2330 795 2488 857 illud
2517 814 2685 873 szepe
2715 795 3130 874 promissum,
3173 812 3502 874 nunquam
3534 793 3850 873 perlatum

577 891 654 952 ad
709 908 825 954 nos
867 899 986 954 est.
1041 891 1328 954 Alterura
1387 892 1651 973 quidem
1685 894 2090 972 accepimus;
2151 895 2264 958 sed
2323 894 2484 958 illud
2545 896 3094 974 perpendentibus
3148 895 3334 956 nobis
3394 911 3521 957 non
3562 894 3853 972 suspirio

577 993 908 1067 duntaxat,
967 995 1080 1054 sed
1145 1004 1312 1055 certa
1363 995 1699 1072 persuasio
1733 995 1993 1068 insedit,
2033 996 2110 1057 ad
2145 995 2699 1075 TheOphylactum
2738 993 3114 1056 nullatenus
3161 995 3504 1071 pertinere.
3536 994 3660 1054 Nos
3701 1010 3854 1055 vero

582 1096 646 1156 iu
694 1112 974 1158 errorem
1022 1098 1437 1176 perduxerat,
1493 1115 1639 1180 qum
1688 1099 1858 1177 apud
1933 1097 2509 1162 Montefalconium
2561 1099 2796 1179 legitur
2852 1101 2919 1160 in
2981 1097 3282 1161 Biblioth.
3339 1097 3859 1161 bibliothecarum

581 1209 623 1259 t.
665 1201 712 1271 Ι,
755 1218 892 1279 pag.
931 1202 1032 1275 33,
1089 1201 1423 1266 imminuta
1478 1202 1836 1282 inscriptio,
1881 1220 2024 1282 qua:
2084 1203 2428 1282 sequitur:
2476 1203 2831 1266 Tltrcnodia
2866 1220 3060 1283 δίψα·
3110 1200 3301 1262 beatae
3367 1200 3676 1264 memoriae
3713 1202 3858 1263 viro

584 1301 660 1361 l).
695 1301 1185 1382 Thcophyiacto.
1217 1303 1474 1366 Scilicet
1505 1303 1828 1382 ejusmodi
1861 1303 2090 1365 titulus
2151 1319 2267 1365 nos
2321 1310 2615 1366 erexerat
2668 1303 2732 1364 in
2765 1319 2971 1382 Spem,
3016 1299 3454 1372 Thrcnodiam,
3487 1299 3569 1362 de
3593 1317 3714 1376 qua
3749 1299 3860 1361 hic

581 1421 815 1480 sermo,
852 1423 1058 1486 genus
1089 1405 1354 1488 aliquod
1381 1410 1694 1471 orationis
1727 1407 2020 1470 funebris
2055 1425 2200 1470 esse
2232 1408 2298 1469 in
2336 1406 2900 1486 TheOphylactum
2934 1405 3055 1485 jam
3099 1411 3454 1473 mortuum,
3513 1420 3660 1483 qua:
3702 1402 3861 1465 huic

589 1507 902 1570 volumini
946 1527 1017 1572 ea
1059 1510 1306 1572 ratione
1342 1511 1536 1574 inseri
1568 1519 1810 1594 posset,
1847 1514 2017 1592 quod
2053 1510 2272 1590 aliqua
2305 1529 2380 1573 ex
2415 1510 2617 1589 gestis
2668 1509 3153 1589 virtutibusque
3217 1507 3310 1585 (ut
3360 1505 3426 1569 in
3477 1505 3859 1586 hujusmodi

581 1613 983 1677 orationibus
1033 1617 1323 1679 accidere
1349 1617 1540 1698 solet)
1599 1617 1777 1682 illius
1829 1617 2106 1681 celebris
2151 1615 2626 1697 archiepiscopi
2693 1616 3256 1694 complecteretur.
3311 1619 3389 1677 At
3467 1612 3602 1675 sola
3664 1611 3860 1676 lectio

581 1709 964 1792 epigraphes
1023 1717 1407 1792 exemplaris
1465 1719 1540 1780 ad
1604 1733 1724 1780 nos
1781 1715 2136 1779 transmissi
2229 1715 2309 1776 ab
2373 1717 2550 1778 omni
2619 1715 2889 1779 omnino
2952 1733 3066 1795 spe
3131 1723 3193 1777 et
3246 1721 3680 1794 praeconcepta
3733 1731 3855 1776 nos

579 1812 893 1893 opinione
925 1817 1198 1899 dejecit;
1237 1817 1319 1880 ita
1353 1819 1526 1880 enim
1565 1836 1632 1878 se
1673 1818 1862 1880 habet
1897 1840 1911 1879 :
1944 1827 2212 1901 Θρηνῴδη

2204 1849 2212 1900 ι
2265 1830 2358 1882 ἐπὶ
2409 1827 2488 1899 τῷ
2532 1827 2822 1901 pampini)
2850 1825 3006 1899 κύρῳ
3049 1826 3414 1898 θεοφυῖἁκτῳ
3467 1825 3543 1897 τῷ
3590 1826 3859 1884 Baltasa-

582 1923 737 1997 μίτῳ,
778 1916 1168 1981 Lamentatio
1207 1938 1400 1999 super
1432 1919 1638 2003 felicia
1683 1921 1994 1981 memoria:
2039 1924 2177 1983 viro
2235 1919 2487 1983 domino
2541 1919 3003 2001 Theophylacto
3061 1919 3459 1982 Belissarito.
3508 1920 3702 1982 Porro
3755 1919 3856 1983 vel

584 2022 795 2100 ipsum
847 2023 1206 2087 Belissuritt'
1243 2043 1598 2104 cognomen
1656 2027 1810 2088 satis
1865 2025 2088 2105 procul
2149 2027 2347 2089 dubio
2381 2025 2633 2100 fuissirt,
2691 2036 2759 2089 ut
2802 2025 3350 2106 Theophylactum
3393 2025 3563 2088 hunc
3623 2042 3657 2087 a
3699 2023 3861 2086 Bul-

581 2139 880 2200 garorum
918 2124 1406 2205 archiepiscopo
1439 2144 1954 2203 secerneremus,
1985 2117 2240 2190 etiamsi
2286 2145 2433 2208 quas
2478 2126 2894 2191 continentur
2946 2127 3010 2188 in
3071 2127 3186 2189 hac
3226 2127 3515 2190 oratione
3579 2126 3853 2204 lugubri

580 2227 801 2308 aliquo
852 2228 1045 2291 modo
1087 2227 1366 2290 fuissent
1413 2228 1735 2309 ambigua.
1769 2230 1888 2292 Sed
1943 2236 2006 2292 et
2032 2247 2134 2293 res
2185 2231 2247 2293 in
2299 2229 2436 2310 ipsa
2493 2237 2811 2293 contentae
2850 2228 3403 2308 Theophylaetum
3449 2226 3758 2292 exhibent
3819 2240 3860 2286 a

584 2334 806 2390 nostro
849 2327 1035 2406 plane
1073 2330 1404 2389 diversum
1435 2349 1450 2388 :
1477 2332 1603 2389 tota
1642 2328 1815 2389 enim
1854 2328 2248 2406 impenditur
2276 2328 2345 2390 in
2378 2329 2778 2407 deplorando
2815 2329 3161 2393 immaturo
3204 2330 3469 2405 juvenis
3505 2330 3846 2407 cujusdam

583 2426 823 2489 nobilis
865 2427 1156 2501 interitu,
1189 2426 1298 2507 qui
1333 2443 1477 2487 cum
1513 2427 1772 2507 generis
1821 2425 2174 2500 nobilitate,
2215 2435 2350 2490 tum
2387 2428 2696 2490 virtutum
2728 2438 3105 2491 ornamento
3151 2432 3484 2509 prmstabat
3525 2455 3540 2494 :
3606 2431 3857 2510 quique

579 2532 735 2591 dum
767 2529 1036 2591 Athenis
1069 2529 1285 2592 studio
1315 2547 1573 2609 operam
1603 2533 1801 2605 daret,
1843 2532 2137 2596 faucibus
2165 2533 2401 2614 angina
2428 2533 2820 2608 interclusis,
2857 2534 3157 2614 migravit
3196 2557 3230 2599 e
3285 2537 3432 2610 vita,
3481 2537 3647 2599 datis
3688 2546 3840 2599 ante

585 2631 885 2714 pluribus
924 2631 1183 2710 pietatis
1215 2631 1504 2696 indiciis.
1558 2637 1720 2698 Eum
1758 2635 1953 2714 igitur
1983 2637 2195 2698 solum
2243 2654 2322 2700 ex
2371 2636 2493 2700 hoc
2530 2638 2851 2717 opusculo
2878 2635 3158 2700 fructum
3201 2636 3436 2702 referre
3493 2647 3846 2715 potuerunt

583 2747 913 2799 curatores
948 2735 1210 2798 istiusce
1237 2736 1561 2815 editionis,
1596 2745 1668 2800 ut
1700 2737 1897 2818 magis
1924 2739 2258 2818 magisque
2287 2748 2680 2819 perspectam
2711 2739 3020 2801 omnibus
3063 2748 3486 2821 testatau:que
3511 2741 3857 2807 redderent

583 2841 1013 2923 diligentiam,
1047 2859 1174 2921 qua
1227 2841 1326 2902 usi
1373 2849 1545 2904 sunt.
1602 2841 1937 2904 maximam
1992 2841 2058 2903 in
2113 2841 2584 2922 conquirendis
2628 2841 2945 2924 undique,
3003 2843 3182 2906 nulla
3260 2853 3557 2924 sumptus
3607 2845 3857 2908 ratione

587 2948 822 3017 habita,
860 2943 1172 3024 cperibus
1222 2945 1297 3005 ad
1344 2941 1898 3024 TheOphylactum
1953 2950 2245 3004 nostrum
2297 2942 2788 3021 quomodolibet
2872 2943 3371 3023 pertinentibus.
3430 2947 3588 3009 Cum
3658 2947 3860 3028 igitur

586 3047 783 3128 hujus
814 3046 1216 3124 alteriusque
1250 3041 1502 3108 defectu
1529 3042 1743 3123 operis
1781 3060 1910 3106 non
1954 3059 2150 3121 pauca
2187 3043 2494 3105 deessent
2527 3043 2681 3106 folia
2714 3044 2790 3106 ad
2827 3044 3245 3121 prtestitutam
3280 3045 3474 3127 hujus
3510 3048 3856 3112 voluminis

588 3150 844 3223 molem,
904 3154 1234 3210 curatores
1296 3141 1610 3225 prmdieti,
1686 3141 2024 3222 impressis
2091 3142 2220 3223 jam
2273 3141 2569 3222 epistolis
2629 3143 2895 3222 viginti,
2973 3154 3036 3204 et
3095 3145 3314 3207 Grmco
3381 3147 3859 3213 Commentario

587 3249 999 3328 insequente,
1051 3245 1404 3312 consilium
1469 3243 1879 3323 capessivere
1949 3244 2049 3326 (ad
2114 3242 2315 3306 alium
2371 3251 2614 3306 tomum
2669 3251 2992 3306 reservato
3053 3261 3283 3326 opere,
3345 3250 3519 3325 quod
3588 3249 3858 3312 Parisiis

589 3349 1057 3430 priestolantur)
1091 3347 1437 3426 adiiciendi
1485 3347 1674 3409 etiam
1713 3345 2022 3425 epistolas
2057 3362 2093 3408 a
2145 3343 2432 3407 Meursio
2475 3353 2536 3406 et
2583 3343 2803 3406 Lamia
2842 3342 3070 3419 editas,
3115 3363 3196 3407 ne
3231 3351 3444 3408 tonius
3502 3348 3622 3411 iste
3670 3368 3858 3432 aequo

589 3454 844 3514 brevior
887 3450 1222 3524 evaderet;
1277 3447 1606 3526 simulque
1655 3447 1980 3510 celeritate
2028 3461 2278 3510 summa
2324 3445 2592 3508 curandi
2634 3446 2842 3526 ipsius
2912 3445 3436 3527 impressionem,
3493 3466 3573 3511 ne
3629 3454 3860 3514 erudi-

593 3563 805 3617 torum
859 3559 1001 3614 vota
1054 3550 1303 3614 diutius
1355 3549 1803 3629 fatigarentur.
1853 3549 2021 3612 Hine
2062 3565 2217 3612 vero
2245 3547 2382 3627 ,hoc
2429 3547 2642 3611 solum
2692 3548 3083 3611 incommodi
3145 3548 3378 3614 accidit
3423 3550 3624 3632 (quod
3685 3555 3860 3617 enim

587 3657 906 3739 ejusmodi
945 3659 1234 3738 epistolae
1263 3659 1341 3720 ab
1371 3657 1518 3718 aliis
1551 3657 1860 3736 sejunctre
1891 3656 2234 3743 prodeant,
2267 3669 2386 3736 pro
2433 3653 2638 3717 nihilo
2694 3652 3056 3718 habendum
3092 3671 3234 3718 esse
3287 3672 3324 3719 a
3376 3656 3530 3718 viris
3575 3663 3862 3737 pruden-

587 3767 763 3828 tibus
797 3762 973 3844 puto)
1005 3762 1177 3844 quod
1214 3761 1661 3825 Mariueriauie
1702 3760 2023 3824 versionis
2061 3758 2611 3832 emendationem,
2649 3775 2842 3838 quam
2913 3757 3174 3838 aggredi
3227 3775 3300 3821 ac
3349 3761 3652 3838 perficere
3697 3769 3860 3824 stato

590 3879 881 3947 tempore
920 3863 1412 3939 constitueram,
1458 3871 1643 3943 capto
1687 3879 1718 3924 a
1781 3858 2194 3925 curatoribus
2238 3877 2408 3924 novo
2459 3861 2928 3942 inepiuatoque
2988 3864 3290 3936 consilio,
3339 3873 3401 3926 et
3469 3882 3536 3927 re
3583 3865 3861 3928 maxime

594 3977 948 4046 preperata,
996 3976 1294 4045 prtestare
1333 3983 1460 4028 non
1500 3966 1844 4043 potuerim.
1884 3967 1959 4026 At
1991 3964 2358 4028 versionem
2407 3962 2577 4026 illam
2613 3963 3017 4028 tolerabilem
3057 3967 3134 4028 ad
3175 3967 3390 4029 minus
3427 3985 3599 4044 esse,
3637 3969 3731 4030 Vel
3779 3988 3861 4030 ex

589 4089 669 4135 eo
711 4073 863 4134 mihi
905 4073 1286 4152 persuadeo,
1333 4070 1505 4150 quod
1566 4068 1847 4144 Lamius,
1900 4070 1998 4130 vir
2050 4069 2497 4141 doctissimus,
2544 4068 2880 4148 Graecique
2928 4069 3252 4132 idiomatis
3277 4070 3734 4148 peritissimus,
3789 4073 3860 4136 in

589 4179 828 4242 celebri
862 4179 1146 4242 editione
1179 4180 1568 4249 Meursiana,
1603 4178 1706 4240 cui
1741 4183 1994 4256 praeest,
2029 4191 2168 4237 eam
2225 4174 2546 4247 collocare
2583 4192 2712 4238 nou
2745 4173 3078 4237 dubitarit.
3117 4175 3367 4238 Nullam
3410 4175 3611 4255 igitur
3643 4176 3708 4237 in
3761 4177 3863 4240 his

591 4305 627 4344 e
655 4284 861 4347 leudis
895 4285 1193 4361 epistolis
1230 4284 1367 4363 ipse
1400 4299 1661 4361 Operam
1697 4281 1911 4357 posui,
1952 4281 2248 4361 adeoque
2301 4277 2463 4342 nihil
2520 4279 2600 4344 de
2652 4279 2880 4341 iisdem
2925 4286 3225 4358 superest
3275 4279 3429 4340 mihi
3486 4279 3857 4344 dicendum.

595 4391 667 4450 “lit
700 4387 828 4452 tunc
856 4389 1065 4468 quoad
1101 4389 1392 4470 singulas
1424 4389 1620 4468 hujus
1655 4387 2010 4452 voluminis
2043 4395 2277 4468 partes.
2318 4387 2502 4448 Nunc
2556 4401 2755 4465 pauca
2808 4384 2888 4447 de
2928 4383 3230 4472 versione
3286 4399 3448 4457 mea,
3491 4382 3861 4462 additisque

596 4492 788 4567 uotis,
836 4500 1177 4571 antequam
1215 4490 1654 4554 Prmfationem
1688 4489 1978 4565 absolvo,
2009 4487 2288 4569 adjicere
2323 4487 2526 4550 lubet.

674 4616 910 4678 XLIX.
961 4617 1125 4678 Usus
1156 4633 1298 4678 sum
1340 4616 1639 4679 liberiore
1669 4615 1994 4678 versionis
2041 4632 2316 4694 genere;
2372 4630 2500 4677 non
2543 4613 2833 4694 quidem,
2893 4618 2964 4674 ut
3001 4627 3141 4676 eam
3197 4611 3538 4675 redderem
3595 4615 3859 4691 elegan-

599 4717 854 4794 tiorem,
893 4717 1001 4778 sed
1049 4725 1114 4779 ut
1145 4716 1484 4780 clariorem
1520 4718 1856 4796 magisque
1895 4718 2327 4797 perspicuam.
2363 4716 2618 4779 Etenim
2657 4715 2727 4777 in
2781 4732 2852 4776 ea
2907 4730 3163 4793 semper
3202 4713 3522 4776 sententia
3553 4711 3671 4782 fui,
3709 4727 3859 4774 eum

600 4820 766 4882 haud
805 4819 1083 4897 perfecte
1131 4818 1312 4900 fungi
1365 4821 1733 4900 interpretis
1777 4838 2066 4890 munere,
2123 4819 2236 4899 qui
2310 4827 2602 4882 accurate
2651 4818 2916 4898 quidem
2963 4820 3152 4880 verba
3204 4816 3552 4880 transferre
3603 4817 3858 4894 satagit,

598 4923 876 4989 aui-toris
913 4940 1063 4984 vero
1091 4940 1359 4986 sensum
1401 4926 1750 4988 obscurum
1788 4925 2121 5004 relinquit.
2161 4925 2368 5004 Hujus
2418 4925 2744 5004 siquidem
2791 4923 3287 5002 explicationem
3323 4921 3734 5004 potissimum
3780 4922 3861 4984 ad

602 5026 1006 5106 t'ntrrprelsm
1055 5026 1403 5106 pertinere,
1457 5036 1622 5106 patet
1682 5030 1779 5089 vel
1836 5044 1910 5089 ex
1975 5044 2054 5089 eo
2114 5027 2287 5106 quod
2346 5027 2390 5087 ii
2441 5026 2632 5089 etiam
2681 5025 2792 5104 qui
2845 5025 3205 5106 cujuspiam
3249 5023 3532 5086 auctoris
3591 5042 3860 5086 sensum

600 5126 849 5196 tametsi
888 5124 953 5187 iu
1011 5128 1233 5189 eadem
1295 5127 1540 5206 lingua,
1588 5129 1924 5192 clariorem
1983 5130 2282 5202 reddunt,
2343 5129 2597 5191 soleant
2653 5130 3031 5207 interpretes
3091 5127 3424 5207 δμεηιιιηιυί.
3473 5129 3864 5208 Plerumque

607 5229 804 5309 igitur
860 5227 925 5290 in
995 5227 1057 5289 id
1125 5229 1570 5291 tantummodo
1638 5231 1942 5303 laboravi,
1981 5240 2049 5292 ut
2080 5247 2344 5292 sensum
2378 5246 2572 5310 quem
2603 5229 2890 5291 auctoris
2929 5229 3122 5291 verba
3149 5227 3533 5307 diligentius
3577 5243 3861 5298 emensa

610 5331 943 5394 continere
975 5332 1234 5407 censui,
1287 5331 1530 5412 phrasi,
1587 5334 1798 5413 quoad
1863 5333 2066 5412 potui,
2129 5329 2426 5403 clariore,
2480 5329 2828 5410 verbisque
2873 5329 3411 5410 tequivalentibus
3464 5328 3860 5391 exhiberem.

609 5429 831 5493 Sicubi
867 5447 1016 5493 vero
1044 5430 1326 5494 auctoris
1374 5449 1555 5494 meus
1599 5434 1814 5493 minus
1847 5443 2014 5495 certa
2050 5431 2513 5510 eXplorataque
2551 5431 2710 5493 mihi
2760 5432 2898 5493 visa
2952 5437 3073 5508 est,
3105 5436 3238 5493 tum
3288 5429 3574 5510 pressius
3623 5430 3862 5492 luerere

612 5533 828 5596 verbis
858 5533 1223 5595 consultius
1260 5533 1650 5604 existimavi,
1703 5546 1892 5595 acuto
1954 5532 2197 5596 Lectori
2233 5539 2608 5609 potestatem
2661 5541 2725 5596 ut
2766 5533 3042 5596 facerem
3072 5551 3146 5596 ea
3183 5540 3250 5594 ut
3297 5532 3418 5593 sibi
3459 5531 3860 5612 probabilius

618 5635 944 5695 videretur
987 5633 1472 5713 interpretandi.
1527 5635 1592 5694 lu
1649 5633 2018 5712 hujusmodi
2068 5631 2368 5709 scopulos
2411 5633 2609 5694 semel
2659 5640 2721 5693 et
2785 5633 3015 5694 iterum
3076 5630 3273 5693 incidi
3323 5631 3478 5692 dum
3545 5637 3859 5692 verterem

625 5736 959 5815 lipistolas,
1009 5753 1154 5816 qua
1210 5733 1364 5798 mihi
1423 5735 1663 5816 ubique
1711 5735 2030 5810 dilliciles,
2058 5736 2294 5798 alicubi
2351 5735 2506 5797 vista
2559 5742 2706 5797 sunt
2769 5734 2959 5797 etiam
2999 5735 3153 5799 satis
3205 5733 3517 5797 obscurte.
3563 5733 3858 5798 Fortasse
