4192 6294
469 335 580 402 477
1517 337 1903 399 LAURENTI
1920 337 1945 397 1
1964 335 2237 398 SiFANI
2281 336 2696 399 PR.‘Ei".-\'l'l0.
3636 333 3743 396 478

472 445 999 527 'l'lleOphylactus
1067 443 1133 509 in
1195 446 1291 510 eis
1340 446 1829 510 conscribendis
1884 445 2157 509 clariore
2203 446 2373 525 style
2432 466 2586 510 usus
2625 466 2747 508 non
2808 454 2922 523 est,
2958 447 3111 528 quia
3158 449 3233 510 ad
3282 446 3631 533 iatijiliarcs
3677 458 3741 509 et

473 534 872 615 domesticos
916 553 1235 629 scribens,
1271 552 1512 617 clarius
1543 570 1690 617 sese
1721 554 2047 634 explicare
2083 561 2192 616 aut
2218 554 2503 634 neglexit
2547 563 2655 615 aut
2702 555 2936 617 noluit.
2990 557 3061 616 lu
3120 555 3313 616 variis
3351 556 3504 618 tomi
3547 554 3743 634 hujus

476 658 789 734 oneribus
832 676 867 722 δ
920 674 1024 721 me
1061 660 1279 723 Latine
1350 660 1619 723 redditis
1678 661 2120 723 diversitatem
2179 660 2459 741 aliquam
2521 662 2588 722 in
2670 661 2808 738 ipsa
2842 661 3138 724 versione
3190 659 3462 723 fortasse
3519 662 3746 722 Lector

474 763 785 836 on‘endet,
834 764 917 827 ita
952 773 1018 826 ut
1052 770 1243 827 modo
1293 768 1519 846 magis,
1554 767 1747 832 modo
1776 769 1994 831 minus
2026 766 2343 831 elaborata
2365 767 2422 829 ei
2460 765 2754 829 videatur
2779 777 2971 847 atque
3005 765 3323 844 expolita;
3350 767 3741 845 quandoque

475 866 668 928 etiam
718 867 946 946 magis,
1005 869 1402 949 attendoque
1473 869 1690 932 minus
1743 868 2204 950 TheOpliylacti
2264 866 2475 930 verbis
2538 866 2816 928 astricta.
2883 865 3081 944 Cujus
3154 860 3551 928 diversitatis
3600 879 3740 924 eam

473 986 732 1032 causam
781 988 927 1034 esse
962 977 1143 1046 sciat,
1174 972 1349 1051 quod
1387 988 1506 1052 ego
1539 987 1666 1034 non
1713 975 2144 1043 continenter,
2173 971 2284 1030 sed
2325 986 2436 1047 per
2487 967 2653 1030 varia
2689 966 2999 1044 temporis
3036 965 3391 1042 intervalla,
3448 966 3740 1044 adeoque

476 1077 542 1131 et
590 1070 763 1133 varia
804 1080 994 1135 utens
1042 1073 1339 1152 corporis
1381 1073 1775 1145 valetudine,
1834 1074 2156 1154 variisque
2212 1072 2387 1134 curis
2435 1076 2580 1141 plus
2642 1071 2940 1133 minusve
2985 1070 3335 1144 distentus,
3408 1067 3738 1131 versiones

480 1170 851 1250 llujusmodi
885 1172 1319 1237 elucubrarim
1379 1200 1397 1242 :
1455 1177 1629 1238 unde
1666 1173 1953 1255 aliquam
2010 1173 2162 1255 styli
2228 1181 2425 1254 atque
2484 1170 3037 1252 interpretationis
3083 1170 3526 1234 diversitatem
3581 1168 3737 1230 oriri

479 1290 746 1337 necesse
782 1276 927 1340 fuit.
954 1278 1181 1351 Quoad
1217 1286 1397 1342 notas
1428 1281 1680 1352 attinet,
1722 1280 1976 1342 noverit
2007 1282 2256 1353 Lector,
2291 1298 2392 1343 me
2426 1279 2694 1341 minime
2726 1278 2789 1341 id
2834 1278 3121 1342 muneris
3153 1275 3312 1338 mihi
3355 1274 3736 1355 sumpsisse,

480 1388 549 1441 ut
580 1384 751 1447 notis
802 1383 883 1445 de
916 1398 1095 1447 more
1127 1383 1442 1464 subjectis
1485 1384 1947 1464 'l‘beOphylacti
1990 1402 2188 1465 opera
2222 1384 2615 1446 illustrarem
2655 1408 2670 1445 :
2707 1400 2919 1462 neque
2953 1381 3129 1444 enim
3160 1399 3429 1445 necesse
3483 1381 3544 1443 id
3584 1388 3741 1454 erat,

478 1501 693 1563 neque
729 1504 840 1568 per
868 1484 1330 1565 occupationes
1364 1502 1541 1548 meas
1585 1497 1647 1550 et
1684 1486 1977 1565 corporis
2014 1486 2449 1549 valetudinem
2487 1494 2789 1566 praestare
2818 1484 2879 1547 id
2940 1482 3102 1546 mihi
3155 1482 3470 1548 licuisset.
3519 1482 3742 1546 Solum

477 1586 680 1666 igitur
715 1599 897 1652 uetas
935 1588 1188 1669 aliquas
1214 1589 1524 1670 operibus
1569 1607 1605 1653 α
1645 1608 1743 1653 me
1810 1588 2136 1653 translatis
2169 1587 2286 1651 hac
2322 1588 2603 1669 illaeque
2647 1587 2918 1669 aSpersi,
2971 1587 3082 1650 ubi
3131 1585 3228 1649 vel
3289 1584 3488 1666 major
3525 1583 3739 1662 aliqua

479 1705 621 1767 urg:
649 1706 718 1751 re
749 1688 1107 1753 necessitas
1141 1689 1508 1767 videbatur,
1542 1691 1637 1753 vel
1676 1700 2041 1772 proruptum
2082 1691 2351 1754 omnino
2382 1702 2536 1767 erat,
2571 1691 2744 1771 quod
2779 1693 3174 1754 adnotarem.
3218 1688 3384 1751 Illud
3419 1695 3741 1767 postremo

479 1788 624 1851 loco
657 1790 1054 1853 monendum
1095 1798 1421 1870 superest,
1451 1809 1648 1855 sacrae
1677 1792 2022 1873 Scriptura:
2059 1798 2273 1853 textus
2307 1790 2488 1870 juxta
2519 1789 2884 1852 versionem
2917 1786 3250 1866 Vulgatam
3282 1783 3579 1848 attulisse
3613 1801 3739 1853 me,
3770 1845 3775 1850 ,

366 1906 377 1911 “
475 1895 1051 1959 utCatholicorum
1103 1896 1219 1977 qui
1269 1897 1330 1958 ei
1357 1900 1600 1960 assueti
1663 1905 1839 1969 sunt,
1883 1901 2227 1960 commodo
2277 1893 2630 1976 prtescrtim
2687 1892 3107 1967 iuservirem;
3154 1901 3349 1972 atque
3402 1908 3528 1955 non
3579 1892 3741 1953 Novi

470 2000 806 2073 durrtaxat,
864 1998 983 2061 sed
1034 1998 1226 2062 etiam
1272 1999 1527 2061 Veteris
1573 1999 1970 2061 Testamenti
2031 1997 2219 2062 verba
2278 1997 2609 2062 aﬂ‘erendo
2662 2020 2676 2057 :
2738 1996 2882 2059 licet
2930 1994 3472 2076 Theollhylactus,
3521 2001 3742 2072 utpote

470 2104 732 2164 Gnaeus
786 2107 1032 2173 auctor,
1067 2098 1278 2181 quoad
1343 2097 1733 2175 secundum,
1782 2107 2003 2160 utatur
2033 2099 2334 2162 versione
2386 2106 2510 2183 Τῶν
2563 2098 2761 2160 LXX.
2819 2098 2978 2160 Cum
3027 2113 3179 2157 vero
3217 2094 3502 2174 Vulgata;
3553 2094 3742 2157 verba

470 2207 639 2267 adeo
667 2201 1004 2265 dill'erreut
1040 2217 1075 2265 α
1108 2201 1320 2265 verbis
1352 2218 1464 2279 per
1484 2201 2037 2282 ’l‘beOphylactum
2073 2201 2309 2274 allatis,
2338 2209 2404 2264 ut
2432 2201 2576 2282 ejus
2628 2198 2735 2263 lini
2780 2197 3049 2261 minime
3083 2206 3517 2262 consentanea
3549 2196 3738 2260 vide-

477 2313 725 2382 rentur,
761 2314 910 2367 lunc
938 2304 1229 2382 pressius
1280 2319 1357 2365 ea
1389 2311 1634 2366 vertere
1671 2302 2108 2367 necessarium
2143 2303 2413 2367 omnino
2447 2304 2655 2365 visum
2693 2308 2813 2364 est.

560 2407 627 2467 L.
673 2408 809 2467 Jam
858 2421 1035 2482 vero,
1092 2404 1289 2467 lector
1343 2406 1609 2486 optime,
1672 2404 1868 2467 babes
1925 2405 2243 2477 omnium,
2308 2423 2454 2486 qua:
2509 2412 2723 2468 tomus
2777 2405 2900 2467 iste
2948 2401 3417 2484 complectitur,
3471 2418 3740 2480 operum

478 2501 849 2584 laborisque
880 2521 915 2567 a
950 2520 1052 2566 me
1077 2503 1143 2566 in
1174 2520 1252 2568 eo
1285 2503 1595 2584 insumpti
1636 2502 1978 2566 rationem.
2008 2505 2231 2579 Quoad
2268 2503 2593 2584 duplicem
2641 2503 2814 2566 enim
2848 2505 3154 2576 Iudicem,
3184 2500 3473 2565 Graecum
3506 2516 3736 2573 unum,

475 2606 884 2687 alterumque
913 2607 1237 2677 Latinum,
1270 2622 1437 2686 quos
1478 2613 1802 2684 postremo
1854 2604 1997 2667 loco
2030 2604 2261 2685 adieci,
2313 2604 2472 2666 nihil
2523 2604 2751 2678 habeo,
2797 2605 2973 2684 quod
3007 2602 3237 2672 dicam,
3275 2600 3400 2663 nisi
3435 2616 3535 2662 me
3562 2597 3624 2661 in
3659 2615 3745 2666 eo.

478 2722 802 2787 spectasse
834 2709 1157 2773 delectum
1196 2709 1412 2788 potius
1441 2727 1630 2791 quam
1657 2709 1931 2785 cupiam.
1965 2706 2136 2770 Nihil
2187 2708 2379 2770 etiam
2408 2714 2489 2770 de
2540 2707 2988 2787 impressionis
3017 2711 3306 2769 accurata
3339 2698 3739 2767 correction6

475 2810 723 2888 dicam;
748 2812 991 2895 quippe
1028 2830 1175 2895 quae
1214 2814 1290 2876 ad
1337 2830 1438 2877 me
1471 2829 1599 2875 non
1642 2817 1912 2892 Spectat,
1944 2810 2057 2873 sed
2092 2811 2167 2873 ad
2199 2829 2351 2875 eum
2392 2812 2504 2892 qui
2536 2813 2891 2891 specimina
2940 2812 3249 2875 correxit.
3285 2810 3508 2874 Solum
3543 2809 3744 2891 igitur

475 2930 654 2977 nunc
703 2922 1027 2992 superest,
1084 2920 1156 2977 ut
1203 2922 1262 2975 te
1310 2913 1506 2978 etiam
1551 2920 1748 2993 atque
1810 2913 2002 2975 etiam
2062 2927 2306 2992 regem,
2367 2930 2582 2977 meum
2640 2913 2813 2975 hunc
2879 2912 3401 2993 qualemcunque
3457 2911 3739 2975 laborem

476 3026 547 3078 ut
577 3016 630 3077 si
668 3005 938 3096 probare
971 3017 1239 3080 omnino
1267 3032 1394 3079 non
1455 3016 1690 3096 possis,
1732 3022 2029 3078 conatum
2066 3013 2292 3077 saltem
2357 3031 2569 3077 meum
2619 3031 2805 3095 mque
2836 3026 3148 3095 gratoque
3196 3017 3412 3078 animo
3444 3013 3740 3097 excipere

479 3118 667 3183 velis.

2714 3352 3111 3366 ,ιι-*ισ-

476 3548 841 3621 Nobilibus,
870 3548 1205 3629 generosis
1238 3544 2136 3629 atqnemagnilieisvirisp.
2169 3546 2381 3607 Marco
2414 3555 2474 3608 et
2498 3548 2728 3629 Joanni
2764 3549 3090 3629 FceGeuts
3113 3545 3443 3629 fratribus,
3474 3545 3737 3629 Antonii

555 3629 733 3703 ﬁliis,
762 3623 1177 3706 KirEhpergaa
1212 3635 1274 3689 et
1304 3623 1804 3706 Weissenliorni
1841 3623 2395 3706 barouibus,ete.,
2431 3626 2715 3688 dominis
2770 3628 2910 3689 suis
2958 3624 3359 3689 charissimis
3392 3632 3454 3687 et
3513 3624 3739 3688 aulicis

555 3702 850 3783 summis,
896 3702 1288 3772 Laurentius
1321 3705 1674 3780 SIFANUS,
1702 3702 2174 3775 Prunsl‘eldius,
2204 3705 2266 3765 J.
2300 3704 2372 3767 U.
2408 3707 2664 3782 Doctor,
2696 3707 2758 3770 S.
2792 3711 2857 3769 P.
2896 3708 2965 3767 υ.

568 3942 706 4001 Cum
760 3943 965 3998 abhinc
1008 3939 1327 4006 triennium,
1385 3942 1485 3997 viri
1545 3943 1819 4011 generosi,
1859 3944 2136 4001 Arnoldus
2183 3942 2605 4008 Bireemannns,
2653 3943 3071 4017 Agrippinensis
3119 3939 3433 4011 bibliopola,
3468 3940 3570 3996 lzoc
3603 3954 3743 4012 opus

477 4041 818 4098 seboliorum
849 4040 905 4095 in
946 4041 1081 4097 Acta
1113 4040 1416 4112 apostolica
1450 4039 1558 4093 divi
1587 4038 1769 4103 Luem.
1804 4055 1869 4095 ex
1902 4042 2123 4096 Anstria
2167 4058 2198 4097 a
2243 4041 2555 4097 clarissimo
2588 4041 2706 4096 viro
2746 4040 2810 4098 ο.
2837 4039 3050 4097 Joanne
3095 4039 3372 4095 Sanlbueo
3408 4039 3475 4092 ad
3511 4054 3571 4093 se
3602 4040 3744 4094 mis-

477 4151 625 4199 sum,
655 4135 788 4188 mihi
824 4132 1168 4188 exhibuisset
1199 4148 1213 4187 :
1245 4131 1391 4203 quod
1427 4141 1545 4186 erat
1577 4131 1860 4202 exemplar
1884 4132 2214 4198 obsoletum,
2246 4143 2299 4187 et
2345 4132 2670 4204 compendio
2702 4134 3006 4189 litterarum
3066 4133 3203 4188 adeo
3239 4132 3555 4186 intricatum
3577 4142 3744 4202 atque

473 4235 858 4294 obscuratum,
888 4237 947 4285 ut
974 4230 1044 4285 ab
1080 4229 1372 4285 admodum
1410 4227 1599 4300 paucis
1627 4227 1870 4285 Coloniae
1903 4229 2007 4300 legi
2046 4239 2249 4300 posset,
2286 4247 2495 4286 mecum
2528 4245 2689 4301 agere.
2720 4231 2906 4300 coepit,
2934 4240 2993 4286 ut
3017 4229 3354 4301 susciperem
3381 4230 3499 4300 ejus
3525 4230 3744 4286 descri-

475 4327 638 4384 bendi
668 4326 936 4383 laborem.
967 4325 1121 4381 llaud
1158 4325 1305 4383 enim
1343 4325 1629 4396 ignorabat
1656 4341 1743 4381 me
1791 4325 1923 4379 olim
1958 4324 2185 4382 Lutetiae
2219 4328 2491 4396 ejusmodi
2526 4326 2910 4384 describendis
2943 4328 3177 4384 retusus
3206 4327 3489 4383 codicibus
3527 4325 3741 4384 Cra‘cis

474 4420 861 4486 exercitatum,
893 4418 1039 4475 baud
1077 4418 1308 4473 auritum
1335 4418 1389 4473 in
1419 4419 1656 4482 lectione
1705 4434 1828 4474 esse
1867 4419 2270 4474 lalnzraturum.
2309 4419 2419 4491 Ego
2470 4435 2601 4476 vero
2655 4437 2778 4476 cmn
2832 4421 3187 4491 intelligerent
3222 4436 3348 4477 cum
3413 4436 3551 4490 cpus
3602 4420 3738 4475 illud

473 4511 665 4567 (Il-accc
695 4512 858 4566 simul
889 4519 947 4568 et
977 4510 1169 4566 Latine
1208 4511 1495 4582 divulgare
1538 4514 1592 4567 in
1629 4512 1818 4567 animo
1845 4513 2068 4576 habere,
2124 4514 2409 4582 cupiebam
2443 4514 2661 4585 quidem
2701 4522 2756 4568 et
2790 4514 2865 4569 illi
2890 4530 2989 4585 pro
3025 4515 3266 4569 amicitia
3302 4529 3508 4570 morem
3542 4528 3740 4585 gerere

419 4678 423 4685 θ
473 4614 523 4658 et
562 4604 794 4675 publica:
826 4605 1053 4660 utilitati
1090 4605 1385 4661 consulere
1418 4623 1434 4675 ;
1467 4605 1562 4661 sed
1592 4603 1906 4661 deterrebat
1938 4622 2023 4661 me
2055 4622 2178 4661 cum
2206 4608 2495 4679 scriptura:
2524 4608 2742 4663 exilitas
2775 4609 2953 4662 oculis
2995 4607 3237 4675 inimica,
3272 4614 3388 4663 tum
3423 4609 3734 4680 exemplum

477 4706 660 4758 utinus
691 4702 1065 4772 ernendatum,
1094 4703 1398 4775 prmsertim
1428 4718 1554 4759 cum
1586 4703 1808 4759 deesset
1835 4702 1983 4758 aliud
2028 4704 2403 4775 apagrapbum
2440 4708 2585 4760 unde
2626 4704 2825 4777 corrigi
2866 4701 3031 4775 hujus
3060 4711 3223 4777 atque
3267 4704 3548 4761 emendari
3600 4706 3732 4761 vitia

474 4808 718 4863 lossent.
752 4795 964 4867 Itaque,
1021 4812 1337 4867 quanquam
1371 4813 1533 4869 a-gre,
1591 4797 1845 4856 concessi
1884 4805 2063 4854 tamen
2112 4798 2341 4870 petenti,
2377 4809 2431 4855 et
2484 4816 2596 4855 rem
2630 4801 2849 4871 suscepi
2894 4818 2909 4860 ;
2942 4809 2994 4856 et
3027 4816 3150 4855 cum
3201 4801 3433 4856 vitanda:
3467 4799 3736 4869 pestiferm

470 4891 815 4964 contagionis
844 4904 1010 4948 causa
1040 4907 1125 4946 me.
1153 4892 1207 4944 in
1239 4891 1470 4962 patriam
1495 4907 1562 4947 ex
1608 4890 1744 4947 urbe
1772 4890 2128 4960 recepissem,
2161 4892 2304 4961 apud
2336 4891 2599 4949 Jacobnm
2632 4891 2967 4948 Panlnlsinm
2996 4891 3245 4948 abbatem
3280 4892 3514 4949 rmnobii
3554 4890 3704 4947 Stein
3724 4924 3736 4933 -

471 4984 658 5049 veldii,
692 4982 869 5037 virum
905 4991 961 5037 et
1008 4981 1231 5047 litteris,
1262 4989 1318 5037 et
1355 4982 1580 5052 pietate,
1638 4991 1694 5037 ct
1743 4982 2029 5052 prudentia
2076 4983 2513 5051 ornatissimum,
2546 4985 2650 5040 huc
2677 5003 2817 5056 opus
2848 4985 2988 5041 haud
3023 4986 3145 5040 sine
3183 4986 3426 5039 maximo
3450 4986 3636 5039 latore
3667 5000 3733 5037 ac

472 5081 693 5137 laesione
727 5079 1013 5135 oculorum
1038 5078 1306 5149 descripsi
1338 5098 1353 5141 ;
1393 5080 1541 5150 quod
1578 5079 1670 5134 ubi
1714 5079 2106 5150 transcriptum
2141 5080 2508 5136 Bircomanno
2540 5082 2763 5136 tradidi.
2796 5081 2889 5135 Ille
2914 5096 3076 5151 porro
3105 5097 3319 5136 mecum
3347 5096 3508 5151 agere
3543 5079 3733 5152 cmpit,

469 5184 531 5230 ut
564 5174 711 5246 quod
735 5173 1155 5245 descripserant,
1188 5174 1350 5229 etiam
1383 5183 1760 5231 converterem
1794 5176 1849 5230 in
1873 5190 2180 5232 sermonem
2210 5176 2490 5231 Latinum.
2516 5178 2629 5249 Ego
2660 5192 2787 5232 vero
2818 5176 3001 5249 (quod
3037 5177 3180 5233 haud
3217 5176 3530 5248 ignorabam
3563 5192 3735 5246 quan-

470 5279 660 5339 topere
690 5267 821 5321 mihi
846 5266 1190 5322 aestuandum
1226 5277 1397 5337 atque
1419 5269 1728 5324 sudandum
1759 5282 1902 5326 esset
1933 5269 1988 5323 in
2018 5284 2208 5340 opere,
2244 5270 2405 5335 cujus
2432 5286 2602 5325 unum
2636 5271 2904 5325 duntaxat
2931 5276 3175 5326 exstaret
3200 5270 3532 5341 exemplum,
3567 5269 3733 5340 idque

473 5362 661 5419 multis
694 5361 750 5415 in
782 5360 917 5417 locis
951 5360 1209 5416 mutilum
1240 5368 1405 5431 atque
1431 5360 1836 5433 depravatum).
1868 5363 2264 5434 aliquantisper
2301 5374 2613 5429 cunctatus,
2651 5367 2867 5421 tandem
2907 5364 3188 5430 Ecclesiae,
3213 5365 3265 5420 in
3303 5372 3410 5418 tam
3446 5365 3563 5420 utili
3589 5381 3732 5437 prm-

468 5459 660 5514 sertim
713 5474 777 5514 ac
817 5460 910 5529 pio
944 5474 1129 5529 opere,
1176 5457 1433 5528 iuvandae
1473 5460 1682 5525 studio,
1722 5468 1885 5529 atque
1928 5461 2090 5515 etiam
2126 5462 2393 5517 tolerabili
2435 5478 2466 5515 a
2507 5460 2875 5517 Bircomanno
2903 5461 3180 5531 proposita
3232 5460 3568 5529 conditione,
3611 5479 3725 5518 rem

468 5565 763 5621 aggressus
798 5566 920 5607 sum
959 5570 974 5606 :
1007 5564 1073 5605 ac
1122 5549 1208 5603 vix
1268 5551 1487 5604 tandem
1518 5550 1748 5607 absolvi.
1786 5550 1920 5605 Nam
1953 5569 2352 5625 saepenumero,
2397 5554 2525 5609 dum
2568 5554 2622 5609 in
2654 5554 2774 5610 loca
2808 5553 2996 5608 mutila
3026 5561 3189 5624 atque
3219 5566 3472 5625 corrupta
3521 5554 3727 5629 incide-

468 5645 617 5709 bam,
646 5644 806 5699 taedio
855 5643 1057 5699 laboris
1109 5644 1424 5714 frequenter
1474 5645 1636 5711 initi,
1666 5661 1731 5701 ae
1772 5650 2169 5718 propemodum
2222 5650 2604 5718 desperatione
2639 5651 2713 5705 rei
2768 5649 3002 5706 feliciter
3046 5651 3394 5705 absolvendzr
3426 5652 3592 5720 (eum
3624 5667 3723 5709 nec

467 5751 685 5809 semper
715 5736 892 5793 otium
922 5737 1113 5809 esset),
1144 5738 1215 5795 ab
1240 5753 1404 5808 opere
1432 5741 1669 5805 cessavi,
1691 5741 1836 5811 quod
1872 5743 2192 5815 plerumque
2223 5744 2386 5799 etiam
2422 5743 2600 5799 fatere
2631 5744 2801 5808 soleo,
2827 5744 2917 5799 ubi
2953 5742 3084 5798 milii
3118 5744 3233 5815 ipse
3260 5758 3367 5798 non
3407 5743 3716 5801 satisfactio:

471 5849 571 5892 nec
597 5833 745 5893 enim
769 5834 906 5892 milli
936 5836 1268 5909 persuadere
1295 5852 1544 5909 prssum,
1589 5838 1656 5894 ab
1687 5839 1808 5895 aliis
1834 5839 2120 5910 probatura
2154 5841 2241 5907 iri,
2273 5841 2415 5912 quod
2451 5839 3124 5912 m’bimetipsidispliceat.
3158 5839 3342 5913 itaque
3364 5859 3487 5898 eum
3520 5857 3713 5912 perpe-
