4192 6294
524 399 633 463 ιῖθ
1571 401 1990 464 LAURENTH
2044 403 2179 464 SlFi

2125 403 2299 466 FANI
2337 404 2751 466 PREFATIO.
3666 401 3779 470 480

527 525 681 569 tuum
715 513 770 570 in
805 513 1177 571 convertendo
1217 530 1421 571 morem
1454 502 1673 572 servare
1696 518 1868 584 soleo,
1891 527 2072 572 utnou
2105 526 2231 572 ante
2262 534 2480 589 pergam
2510 537 2673 591 opere
2698 521 2967 585 instituto,
2996 535 3159 592 quam
3187 499 3383 591 prioris
3415 519 3520 576 diei
3563 519 3780 577 labores

532 623 925 680 recognovero,
960 619 1016 666 et
1046 626 1220 680 usque
1249 625 1313 666 eo
1347 625 1658 678 correxero,
1687 620 1746 666 ut
1779 613 1962 667 animo
1993 627 2114 668 meo
2146 612 2327 682 aliquo
2358 613 2521 668 modo
2555 615 2806 670 satisfiat.
2849 616 2925 669 Ac
2956 627 3264 684 quanquam
3294 612 3422 667 mihi
3448 627 3553 668 non
3577 613 3781 683 ubique

529 703 770 758 satisfeci
839 705 954 772 (qui
996 706 1138 757 enim
1172 704 1472 774 potuissem
1504 706 1556 759 in
1593 707 1659 762 iis
1696 706 1856 770 locis,
1882 705 1973 761 ubi
2008 715 2268 776 corrupto
2299 709 2513 776 penitus
2543 725 2607 764 ac
2636 709 2883 762 mutilato
2915 709 3226 777 apographo
3248 705 3593 774 conjecturas
3622 701 3780 773 sequi

533 813 759 852 necesse
791 798 955 851 habui
982 797 1051 868 ἲ),
1085 799 1251 852 malui
1284 807 1467 852 tamen
1502 815 1559 854 re
1585 810 1840 870 suscepta
1877 801 2031 854 fidem
2060 815 2238 855 meam
2273 802 2528 867 liberare,
2561 818 2661 858 nec
2685 803 2962 856 hominum
2993 803 3460 872 exspectationem
3493 797 3778 863 frustrari,

535 897 591 943 et
630 891 834 960 aliquid
867 893 1050 960 potius
1075 890 1128 945 in
1171 899 1324 960 parte
1355 893 1559 959 operis,
1587 893 1732 962 quod
1767 891 2061 962 aliquando
2095 893 2387 960 sarciatur,
2443 894 2627 948 minus
2655 892 2896 962 probari,
2926 908 3088 962 quam
3123 898 3296 946 totum
3326 904 3464 959 opus
3501 889 3594 942 diu
3633 887 3783 942 desi-

540 985 743 1038 derari.
779 983 1002 1039 llabctis
1044 985 1206 1040 simul
1241 985 1533 1039 censilium
1567 1000 1746 1038 meum
1776 984 1830 1038 iu
1864 985 2212 1054 suscipienda
2242 1002 2321 1051 re,
2355 995 2404 1041 et
2445 1001 2502 1039 re
2532 992 2810 1053 suscepta,
2841 999 3066 1038 causam
3096 1000 3194 1040 cur
3223 994 3331 1039 tam
3367 997 3492 1038 sero
3519 996 3656 1050 opus
3687 980 3788 1040 ab-

533 1079 775 1135 solttltttlt
831 1085 995 1144 atque
1029 1077 1330 1146 perfectum
1375 1076 1602 1146 prodeat
1660 1077 1714 1131 in
1769 1080 1966 1130 lucem.
2015 1076 2150 1130 Cum
2185 1077 2351 1147 igitur
2385 1079 2536 1146 operi
2566 1078 2677 1146 jam
2715 1077 3106 1146 propemodum
3141 1078 3267 1132 finis
3297 1075 3587 1144 impositus
3617 1081 3786 1138 esset,

540 1179 704 1236 atque
736 1182 836 1238 ego
869 1181 1079 1219 inet-um
1104 1167 1464 1222 deliberarem
1491 1177 1655 1236 atque
1679 1168 2049 1222 consultarent
2081 1184 2243 1237 quem
2282 1169 2366 1224 his
2406 1168 2690 1224 laboribus
2722 1168 2858 1222 meis
2885 1168 3236 1238 potissimum
3280 1167 3571 1237 deligerem
3607 1175 3792 1232 patre-

537 1275 690 1320 num,
726 1256 919 1311 amicis
950 1245 1072 1310 aliis
1112 1257 1270 1319 alios,
1291 1272 1495 1326 eosque
1522 1256 1892 1326 amplissimos
1913 1258 2133 1326 quidem
2160 1257 2332 1324 .viros,
2362 1259 2456 1314 sed
2489 1259 2815 1327 quibuscum
2850 1258 2982 1313 mihi
3004 1259 3148 1312 nulla
3173 1256 3563 1328 propemodum
3597 1255 3788 1310 notitia

539 1353 929 1415 intercederet,
993 1353 1471 1423 proponentibus:
1531 1367 1632 1424 ego
1685 1369 1810 1408 cum
1874 1356 2116 1423 ineptum
2158 1363 2213 1410 et
2245 1357 2614 1424 importunum
2651 1369 2774 1409 esse
2816 1353 3152 1424 judicabam,
3185 1368 3508 1422 magnorum
3547 1352 3790 1406 virorum

534 1463 839 1518 eorumque
866 1449 1199 1518 ignotorum,
1226 1456 1279 1502 et
1308 1447 1374 1502 ad
1409 1463 1546 1517 quos
1578 1448 1786 1502 nullum
1828 1447 1953 1516 quis
1980 1448 2186 1502 aditum
2223 1450 2437 1513 habeat,
2477 1449 2747 1504 amicitias
2782 1456 3055 1520 appetere,
3089 1463 3151 1503 ac
3184 1461 3305 1504 sese
3341 1461 3449 1502 non
3486 1445 3648 1500 modo
3673 1459 3795 1500 ser—

538 1539 738 1603 viliter,
768 1554 953 1592 verum
993 1541 1159 1594 etiam
1194 1540 1540 1608 impudenter
1569 1540 1855 1595 insinuare
1889 1549 2043 1595 :tum
2078 1556 2213 1596 mete
2246 1552 2456 1596 natura!
2487 1549 2654 1612 atque
2703 1541 2919 1612 ingenio
2951 1539 3202 1596 videbam
3242 1553 3354 1592 rem
3400 1554 3524 1594 esse
3559 1539 3800 1594 maxime

539 1635 826 1692 adversam
857 1648 910 1691 et
939 1639 1241 1694 inimicam.
1273 1640 1451 1710 Atque
1487 1640 1632 1695 haud
1666 1640 1984 1711 ignorabam
2008 1657 2122 1705 eos,
2161 1643 2362 1712 quibus
2405 1643 2607 1712 ignotis
2643 1639 2909 1710 ejusmodi
2943 1639 3120 1695 honos
3153 1639 3410 1703 habetur,
3443 1651 3550 1690 nou
3584 1639 3796 1704 absque

539 1749 708 1790 causa
733 1735 1005 1803 suspicari
1037 1736 1214 1791 solere
1247 1750 1403 1790 suam
1427 1736 1498 1790 ab
1529 1736 1848 1791 hominibus
1877 1737 2207 1806 importunis
2239 1737 2670 1791 muniﬁcentiam
2705 1746 2870 1806 atque
2898 1736 3276 1790 liberalitatem
3324 1731 3606 1788 sollicitari
3642 1748 3657 1786 :
3700 1731 3796 1784 sed

541 1826 585 1880 si
618 1830 742 1896 quis
776 1829 1042 1882 beneflcio
1072 1827 1301 1884 atl‘cctus
1327 1829 1494 1882 animi
1537 1829 1621 1884 sui
1658 1829 2046 1898 gratitudiuem
2078 1831 2361 1886 declarare
2385 1830 2618 1894 studeat,
2641 1845 2764 1885 eum
2807 1844 2914 1884 non
2952 1827 3114 1882 modo
3150 1844 3256 1883 non
3287 1826 3583 1889 offendere,
3607 1838 3796 1878 verum

539 1921 705 1973 etiam
735 1919 971 1988 laudem,
1002 1921 1047 1974 si
1069 1920 1204 1975 nihil
1232 1919 1375 1975 aliud
1411 1921 1673 1990 proficiat,
1703 1923 1770 1975 ab
1806 1921 2121 1977 hominibus
2147 1921 2288 1976 ferre
2307 1917 2515 1977 solere.
2545 1919 2678 1988 Qua:
2707 1936 2830 1975 cum
2859 1922 3043 1974 animo
3065 1921 3348 1990 agitarem,
3383 1927 3548 1990 atque
3583 1917 3800 1986 perple-

541 2027 646 2068 xus
680 2013 939 2070 hwrcrem
973 2015 1059 2068 cui
1095 2015 1194 2070 hos
1229 2030 1380 2070 meos
1432 2015 1653 2071 labores
1684 2015 1891 2086 absque
1915 2015 2221 2074 offensione
2278 2029 2443 2088 atque
2491 2018 2891 2072 obtrectatione
2919 2017 3241 2086 cuiusquam
3298 2016 3610 2071 dedicarem
3660 2014 3795 2085 (non

543 2105 690 2156 enim
723 2105 1018 2159 convenire
1044 2120 1144 2161 nec
1170 2105 1427 2177 expedire
1456 2106 1761 2172 videbatur,
1781 2107 1983 2162 librum
2008 2109 2217 2179 absque
2249 2118 2478 2179 patrono
2498 2119 2660 2178 atque
2686 2109 2976 2165 defensore
2996 2109 3258 2178 judicium
3281 2109 3558 2162 hominum
3587 2107 3798 2162 subire.

545 2201 850 2270 prasertim
883 2201 1044 2270 cujus
1081 2210 1276 2256 auctor
1303 2204 1470 2257 etiam
1503 2219 1649 2259 nunc
1679 2213 1993 2273 superesset
2024 2223 2038 2259 ς
2087 2209 2288 2276 quippe
2318 2221 2441 2259 eum
2496 2206 2602 2260 vivi
2661 2207 2835 2275 magis
2882 2220 3041 2274 quam
3091 2207 3290 2260 mortui
3325 2203 3543 2259 invidia:
3574 2205 3796 2258 obnoxii

544 2295 716 2349 uiantis
743 2305 796 2348 et
823 2297 1263 2351 obtrectantibus
1289 2300 1630 2368 opportuni),
1668 2313 1765 2352 vos
1795 2298 1924 2352 mihi
1953 2299 2006 2353 in
2039 2301 2256 2370 primis,
2283 2309 2341 2356 ut
2370 2316 2468 2370 par
2495 2308 2602 2360 est,
2633 2302 2686 2354 in
2719 2310 2956 2354 mentem
2981 2299 3233 2364 venistis,
3269 2299 3467 2368 quibus
3499 2313 3606 2353 non
3638 2299 3803 2355 modo

546 2395 772 2459 propter
801 2398 1006 2453 vetera,
1033 2404 1221 2444 verum
1258 2391 1424 2444 etiam
1460 2393 1533 2445 ob
1562 2393 1803 2446 recentia
1841 2395 2057 2456 merita,
2111 2397 2226 2450 imo
2271 2411 2406 2450 vero
2436 2403 2661 2466 prepter
2696 2403 3014 2464 perpetuam
3060 2407 3185 2461 erga
3235 2407 3320 2446 me
3379 2388 3802 2446 beneficentiam

546 2490 708 2549 atque
738 2480 1134 2546 liberalitatem,
1165 2484 1408 2536 omnium
1438 2481 1594 2552 longe.
1626 2484 1922 2554 plurimum
1969 2483 2246 2538 deberem.
2277 2485 2392 2538 Non
2447 2501 2531 2541 me
2577 2485 2837 2556 praeterit,
2900 2484 3135 2538 auribus
3192 2485 3387 2539 vestris
3434 2483 3702 2552 ingratam
3749 2489 3805 2534 et

547 2572 902 2640 injucundam
943 2587 1067 2628 esse
1125 2575 1474 2628 immodicam
1513 2591 1578 2630 ac
1605 2578 1828 2632 nimiam
1870 2577 2214 2632 liberalitatis
2243 2586 2438 2633 vestrae
2499 2577 2937 2646 praedicationem
2979 2593 2991 2628 :
3036 2590 3223 2630 verum
3253 2576 3398 2638 date,
3425 2588 3628 2644 quaeso,
3661 2575 3807 2626 hanc

548 2665 766 2718 veniam
798 2665 953 2728 mihi,
985 2665 1074 2720 cui
1109 2667 1244 2721 nihil
1279 2683 1516 2738 unquam
1551 2672 1750 2739 petenti
1783 2671 2116 2740 denegastis.
2147 2670 2242 2726 sed
2284 2671 2517 2739 plurima
2565 2686 2672 2724 non
2707 2671 2908 2738 petenti
2943 2669 3231 2732 tribuistis,
3261 2677 3322 2722 ut
3347 2667 3663 2723 summatim
3690 2667 3798 2721 sal‘

549 2766 660 2812 rem
687 2758 738 2811 in
782 2773 866 2812 me
889 2759 1086 2812 collata
1125 2759 1389 2815 beneficia
1423 2773 1600 2816 vestra
1634 2781 1972 2835 percurram.
2006 2766 2140 2820 Nam
2189 2767 2360 2835 patris
2395 2767 2584 2829 vestri,
2634 2765 2954 2834 amplissimi
2990 2775 3152 2835 atque
3181 2763 3372 2834 Optimi
3433 2763 3558 2826 viri,
3609 2765 3662 2817 in
3718 2777 3810 2815 me

553 2863 768 2902 summa
795 2851 993 2902 collata
1030 2852 1314 2915 beneficia,
1354 2857 1460 2908 alio
1502 2856 1621 2910 loco
1655 2858 1869 2912 abunde
1904 2858 2040 2912 satis
2069 2857 2515 2923 commemorati,
2556 2873 2665 2926 quo
2698 2859 2804 2912 vita
2841 2857 3118 2920 defuncto,
3153 2871 3252 2910 vos
3282 2871 3392 2909 non
3422 2852 3585 2907 modo
3630 2852 3808 2907 facul-

552 2951 726 2996 tatum
750 2953 804 2998 et
835 2961 996 3016 opum
1024 2947 1173 3002 illius
1202 2949 1446 3004 inuri-des
1479 2953 1792 3016 exstitistis,
1821 2967 2009 3006 verum
2043 2952 2206 3005 etiam
2241 2955 2505 3006 virtutum
2554 2963 2607 3006 et
2655 2951 2997 3006 liberalitatis
3045 2951 3096 3005 in
3138 2949 3329 3020 primis
3368 2949 3672 3002 imitatores
3704 2946 3808 3000 fui-

555 3035 658 3089 stis
695 3053 707 3090 :
741 3046 1035 3107 quastanta
1066 3043 1274 3096 exstitit
1319 3059 1447 3113 erga
1490 3061 1596 3104 me.
1643 3057 1700 3099 ut
1743 3047 1889 3100 illius
1928 3047 2128 3100 mortui
2169 3045 2552 3100 liberalitatem
2599 3058 2764 3115 atque
2814 3045 3240 3099 munificentiam
3287 3043 3430 3097 haud
3481 3055 3809 3110 magnopere

555 3131 940 3188 desiderarim.
973 3135 1130 3201 Nam,
1163 3147 1221 3190 ut
1244 3141 1526 3208 superiora
1568 3151 1908 3210 printer-eam,
1946 3158 2068 3210 quae
2120 3141 2428 3210 frequentia
2477 3154 2639 3211 atque
2687 3141 2926 3212 ingentia
2976 3139 3216 3206 fuerunt,
3265 3140 3500 3209 primum
3544 3151 3640 3189 vos
3682 3141 3813 3186 ante

557 3223 862 3293 biennium,
909 3243 1032 3282 cum
1087 3231 1142 3283 in
1193 3233 1293 3286 hoc
1335 3248 1499 3303 opere
1551 3252 1817 3299 versarer,
1870 3237 2002 3289 nihil
2033 3237 2138 3290 tale
2173 3253 2281 3290 non
2315 3238 2476 3291 modo
2516 3238 2736 3306 petenti,
2772 3251 2958 3290 rerum
2989 3237 3154 3289 etiam
3195 3251 3258 3287 ne
3287 3232 3546 3303 cogitanti
3589 3229 3810 3298 quidem

559 3318 756 3371 honaau
793 3319 1036 3385 pecuniae
1090 3336 1358 3376 summam
1403 3325 1535 3378 mihi
1591 3327 1930 3394 suppeditari
1985 3342 2047 3379 ac
2102 3327 2517 3381 subministrari
2577 3327 2813 3379 cerastis
2849 3343 2863 3379 ε
2904 3325 3119 3390 drinde,
3155 3323 3406 3392 cumjam
3432 3320 3812 3374 liberalitatem

559 3417 796 3462 vestram
822 3411 986 3465 citius
1019 3409 1299 3480 fatigatam
1323 3430 1444 3467 esse
1467 3417 1781 3484 suspicatus
1829 3417 2075 3478 fuissun,
2109 3433 2272 3484 quam
2338 3417 2544 3484 aliquid
2595 3415 2863 3485 cju~modi
2898 3431 3142 3484 sperare,
3184 3415 3379 3466 nedum
3413 3424 3615 3480 petere,
3641 3426 3815 3464 attstzs

557 3516 760 3566 essent,
795 3513 921 3557 ante
953 3518 1160 3574 paucos
1186 3519 1404 3562 menses
1429 3511 1734 3576 przcteritos
1759 3525 1913 3578 teque
1944 3525 2138 3575 magna
2167 3517 2329 3578 atque
2362 3509 2584 3563 biennio
2620 3519 2746 3563 ante
2774 3525 2859 3563 me
2885 3523 3095 3564 suntme
3124 3507 3367 3575 pecunia‘
3391 3507 3660 3561 donastis.
3688 3504 3816 3570 Quo

561 3594 826 3650 hem-licio
873 3602 1117 3664 tempore
1176 3601 1649 3668 opportunissimo
1674 3618 1701 3655 a
1735 3603 1890 3656 vobis
1919 3612 2167 3673 accepto,
2206 3619 2328 3657 eum
2367 3603 2618 3656 videlicet
2670 3602 3028 3656 deiiberarem
3087 3617 3246 3670 quem
3307 3600 3648 3668 potissimum
3689 3601 3816 3654 huic

559 3687 740 3754 partui
773 3703 895 3741 meo
934 3697 1166 3744 tutorem
1201 3706 1264 3745 ac
1305 3693 1647 3748 defensorem
1688 3710 1962 3765 pararem,
2005 3698 2189 3752 omnis
2240 3696 2511 3750 dubitatio
2554 3697 2943 3765 etmctatioqne
2979 3696 3110 3749 mihi
3145 3693 3535 3765 propemodum
3565 3702 3811 3763 exempta

559 3789 644 3832 ι”ει
681 3796 694 3831 :
728 3793 853 3833 nam
887 3781 1128 3836 restabat
1159 3786 1325 3838 etiam
1357 3801 1502 3840 nunc
1539 3788 1832 3858 scrupulus
1867 3806 2030 3844 unus.
2073 3788 2339 3854 Quoniam
2371 3789 2534 3842 etiam
2570 3787 2830 3850 sciebam,
2865 3803 2974 3857 quo
3008 3789 3189 3841 minus
3219 3785 3495 3856 appetitis,
3531 3799 3597 3839 eo
3631 3785 3819 3854 plures

563 3872 712 3926 Vobis
727 3871 961 3927 honores
981 3875 1201 3942 deferri,
1218 3892 1279 3956 ac
1299 3880 1500 3935 multos
1525 3879 1772 3937 homines
1783 3883 1973 3938 doctos
1986 3883 2141 3937 vobis
2159 3897 2288 3938 suos
2308 3881 2522 3937 labores
2548 3891 2708 3950 atque
2732 3880 3138 3937 lucubrationes
3163 3881 3464 3946 dedicasse,
3483 3878 3820 3936 subverebar

567 3979 636 4017 ne
673 3970 886 4020 an'mos
919 3975 1129 4020 vestros
1164 3969 1363 4025 talibus
1386 3971 1561 4042 epulis
1593 3975 1822 4030 satiatos
1850 3985 2014 4044 atque
2048 3975 2286 4043 repletos
2310 3973 2690 4040 intempestiva
2713 3975 3083 4029 benevolentia
3107 3973 3434 4028 offenderem
3463 3973 3624 4027 citius
3651 3987 3818 4040 quam

563 4052 669 4107 hoc
697 4069 898 4123 genere
924 4056 1082 4110 ollieii
1117 4063 1346 4128 gratiam
1380 4077 1409 4114 a
1447 4062 1602 4118 vobis
1635 4064 1856 4118 inirem.
1881 4063 1991 4119 Sed
2025 4075 2205 4120 tamen
2247 4082 2369 4120 cum
2397 4065 2754 4134 iiberabsque
2786 4075 3018 4135 patrono
3043 4065 3268 4120 omnino
3301 4079 3406 4118 non
3434 4064 3818 4134 divulgandus,

572 4161 675 4200 nec
706 4147 986 4202 hominum
1012 4149 1224 4218 judicio
1253 4151 1598 4223 objiciendus
1625 4171 1749 4210 esse
1786 4156 2078 4217 videretur,
2107 4166 2159 4210 et
2193 4173 2301 4210 non
2327 4156 2461 4210 satis
2487 4155 2575 4216 pie
2615 4171 2711 4209 nec
2745 4166 2893 4211 recte
2923 4175 3006 4212 uie
3036 4155 3305 4210 facturum
3345 4171 3466 4209 esse
3488 4156 3821 4223 judicaretur,

577 4240 621 4293 si
653 4239 808 4292 vobis
843 4243 1133 4310 prateritis
1168 4245 1305 4297 alios
1331 4245 1462 4300 mihi
1495 4254 1752 4316 patronos
1779 4263 2080 4315 qua'rcrcm
2111 4252 2240 4317 (non
2276 4252 2421 4304 enim
2455 4262 2776 4307 umerorum
2808 4249 3087 4302 hominum
3119 4247 3305 4302 eadem
3344 4261 3463 4316 qum
3489 4257 3664 4301 vestra
3693 4257 3824 4301 sunt

589 4333 784 4400 inliciat
807 4334 969 4390 malui
991 4337 1041 4389 in
1068 4337 1204 4390 hanc
1233 4345 1436 4408 partem
1456 4355 1698 4410 peceare,
1719 4357 1879 4408 quam
1896 4343 2150 4410 cuiquam
2171 4343 2348 4396 tniuus
2368 4343 2614 4412 prudenti
2634 4360 2736 4399 non
2767 4344 2902 4399 satis
2923 4353 3110 4413 gratus
3145 4340 3336 4395 videri.
3361 4339 3476 4394 Non
3501 4342 3642 4394 enim
3667 4341 3823 4395 video

569 4442 668 4480 nec
710 4443 926 4496 sperare
950 4444 1166 4495 possum
1206 4428 1323 4484 fore
1348 4433 1646 4501 aliquando
1671 4441 1905 4501 tempus,
1942 4450 2050 4502 quo
2076 4435 2182 4488 alio
2206 4436 2364 4490 oilicii
2405 4452 2602 4506 genere
2631 4443 2793 4505 atque
2823 4437 2948 4496 hoc,
2979 4443 3156 4489 vestra
3193 4434 3450 4488 beneficia
3487 4436 3818 4488 remunerari

569 4521 797 4587 possim,
862 4520 1065 4590 quippe
1105 4539 1228 4576 cum
1273 4524 1405 4576 nihil
1445 4525 1578 4578 mihi
1635 4534 1885 4594 suppr-tat
1946 4536 2144 4596 przeter
2195 4529 2554 4583 voluntatem.
2613 4527 2727 4582 lluc
2771 4527 2980 4582 accedit
3019 4527 3163 4597 quod
3204 4525 3454 4580 videbam
3490 4526 3630 4578 haud
3662 4524 3818 4578 facile

571 4611 710 4664 alios
758 4627 824 4666 es
885 4628 1115 4666 innuero
1150 4617 1450 4670 amicorum
1496 4627 1691 4683 pra-ter
1726 4632 1822 4670 ros
1859 4633 1942 4671 me
1979 4620 2220 4689 reperire
2264 4636 2445 4690 posse,
2493 4621 2582 4689 qui
2620 4635 2742 4673 cum
2783 4628 3002 4689 propter
3027 4619 3311 4688 utriusque
3343 4619 3536 4688 lingua:
3570 4615 3819 4688 peritiam

573 4707 715 4762 haud
754 4712 1026 4778 vulgarent
1060 4712 1265 4780 optime
1317 4713 1384 4766 de
1436 4712 1748 4780 huiusmodi
1809 4715 2028 4783 scriptis
2080 4714 2332 4782 judicare
2364 4724 2603 4786 possent,
2658 4725 2772 4768 lllill
2825 4714 3057 4768 candide
3083 4725 3245 4783 atque
3283 4716 3497 4768 sincere
3524 4711 3823 4781 iudicaturi

574 4811 777 4854 essent.
810 4804 1176 4869 Quamobrem
1207 4824 1234 4860 a
1265 4807 1416 4861 robis
1452 4823 1550 4877 pro
1587 4817 1763 4861 vestra
1804 4809 1856 4861 in
1900 4823 1982 4861 me
2013 4818 2273 4878 perpetua
2301 4825 2364 4862 ac
2399 4809 2630 4862 maxima
2657 4807 3030 4863 benevolentia
3061 4806 3322 4876 majorem
3360 4805 3414 4858 in
3456 4805 3672 4858 modum
3701 4811 3826 4872 pcto

573 4910 889 4966 quaesoque,
921 4908 976 4951 ut
1001 4899 1144 4953 hunc
1180 4914 1402 4968 parvum
1429 4909 1480 4954 et
1511 4903 1765 4966 exiguum
1802 4905 2037 4966 partum,
2069 4915 2229 4968 quem
2259 4901 2412 4954 vobis
2445 4901 2498 4953 in
2531 4900 2837 4954 clientelam
2870 4881 2922 4952 et
2958 4897 3114 4952 fidem
3146 4896 3489 4962 eomtttcndo,
3523 4895 3589 4951 ab
3628 4894 3827 4952 invidis

574 4988 722 5043 oiuni
765 5005 868 5058 ope
895 4990 1058 5055 tueri,
1088 5008 1116 5044 a
1146 4991 1640 5046 calumuiatoribus
1668 5002 1719 5043 ct
1747 4992 2214 5045 obtrectatoribus
2250 4991 2508 5046 omnibus
2544 4993 2751 5045 viribus
2784 4990 3078 5045 defendere
3110 4989 3289 5044 velitis
3330 5007 3343 5043 :
3379 4989 3473 5059 qui
3509 4989 3552 5043 si
3598 5004 3626 5042 a
3672 4991 3827 5042 vobis

573 5083 770 5154 dignus
825 5084 1098 5152 judicatus
1153 5083 1314 5137 fuerit
1363 5098 1519 5151 quem
1571 5082 1995 5150 amplectamini,
2046 5096 2208 5151 queui
2271 5085 2324 5137 in
2372 5082 2632 5136 familiam
2691 5092 2925 5137 vestram
2999 5081 3277 5150 recipiatis
3305 5089 3469 5151 atque
3497 5080 3746 5144 foveatis,
3781 5082 3826 5132 si

581 5180 900 5234 hominibus
942 5181 1046 5247 piis
1077 5193 1121 5233 et
1152 5179 1418 5234 studiosis
1449 5177 1746 5248 aliquando
1781 5177 1932 5230 utilis
1973 5178 2158 5242 fuerit,
2193 5177 2331 5233 nihil
2367 5179 2499 5231 mihi
2552 5180 2674 5233 istic
2723 5177 3032 5241 vindicabo,
3089 5177 3144 5230 in
3181 5191 3278 5232 vos
3318 5191 3508 5231 omnes
3536 5175 3827 5242 meumjus

577 5272 872 5332 transfero,
902 5286 1134 5338 quorum
1169 5269 1368 5338 opibus
1400 5272 1622 5339 adjutus
1653 5283 1704 5324 et
1734 5279 2098 5335 sustentatus,
2139 5271 2282 5325 hunc
2317 5269 2502 5326 finiunt
2538 5270 2768 5337 produxi
2824 5288 2837 5323 :
2893 5269 2986 5338 qui
3020 5268 3193 5324 sicubi
3230 5266 3530 5323 deformior
3579 5268 3829 5321 minusve

579 5364 850 5436 perfectus
885 5372 938 5414 et
993 5364 1044 5416 in
1091 5363 1268 5430 aliqua
1308 5376 1458 5430 parte
1493 5362 1575 5417 sui
1619 5363 1839 5414 mutilus
1869 5376 1931 5415 ac
1961 5361 2291 5432 depravatus
2325 5364 2660 5431 apparuerit,
2707 5361 2808 5415 hoc
2839 5362 3034 5430 partim
3069 5362 3218 5412 vitiis
3243 5359 3431 5413 mairis
3453 5358 3671 5421 Gnaeum,
3704 5371 3830 5426 qua!

581 5461 712 5514 mihi
743 5457 886 5512 haud
918 5459 1541 5528 incorruptaconciliata
1576 5465 1676 5519 est,
1707 5456 2053 5509 :tttrihuitotc
2092 5473 2104 5507 :
2142 5457 2339 5524 partim
2377 5473 2506 5511 mea:
2533 5455 2873 5511 inbecillitati
2900 5456 3256 5528 assignatozc,
3294 5471 3320 5508 a
3373 5470 3501 5523 quo,
3537 5461 3828 5519 superante

583 5553 726 5606 malo
756 5553 898 5606 iites
937 5560 989 5603 et
1023 5550 1299 5620 ingenium
1334 5552 1582 5612 artificis,
1619 5550 1799 5602 omnia
1860 5548 2061 5618 corrigi
2116 5557 2170 5600 et
2226 5547 2505 5601 emendari
2550 5564 2654 5601 non
2712 5556 3026 5617 potuerunt.
3067 5548 3197 5602 Nam
3231 5549 3274 5601 si
3306 5549 3430 5616 quis
3487 5546 3723 5614 iniquior
3772 5555 3828 5598 et

585 5643 882 5710 malignior
913 5641 1080 5707 judcs
1125 5645 1261 5702 ha-e,
1289 5657 1408 5707 qua:
1447 5641 1513 5694 de
1549 5639 1738 5693 matris
1772 5639 1970 5692 Cratere
2007 5639 2153 5691 ritiis
2182 5639 2325 5698 dico,
2365 5640 2545 5692 minus
2586 5641 2798 5694 sincera
2833 5651 2994 5708 atque
3024 5639 3231 5707 integra
3265 5637 3368 5692 fide
3406 5653 3434 5690 a
3485 5653 3566 5690 Ine
3596 5635 3823 5705 proferri

587 5737 978 5806 suspicabitur.
1009 5737 1302 5804 producam
1356 5753 1543 5790 corum
1573 5751 1694 5805 ειπερ
1728 5736 1849 5787 dico
1886 5733 2380 5803 locnpietissimum
2419 5743 2634 5798 testem,
2697 5736 3061 5788 clarissimum
3115 5733 3600 5800 doctissiummquc
3651 5729 3825 5781 virum

589 5831 648 5888 υ.
683 5829 948 5886 Joannem
986 5828 1312 5885 Samhueu-e:
1352 5830 1686 5884 Pannonium
1722 5847 1732 5881 :
1799 5829 1850 5883 in
1883 5828 1999 5897 ejus
2028 5828 2170 5882 enim
2221 5835 2490 5896 potestate
2522 5829 2710 5882 matris
2758 5827 2914 5883 isti-is
2949 5836 3197 5897 parentes
3234 5835 3380 5890 sunt,
3419 5830 3468 5878 ct
3499 5820 3822 5882 ciarissima.
