4192 6294
438 273 547 342 481
1491 271 1913 336 ῙΑΗΒΕΝΤΠ
1942 270 2093 334 SIFA

2037 269 2197 331 FANI
2228 271 2643 334 PREFATIO.
3583 274 3692 339 1.82

440 386 767 453 gravissima
801 385 1219 458 ﬁrmissitnaqtte
1241 394 1458 441 exstant
1491 399 1703 447 eorum,
1731 394 1852 449 qua:
1881 379 2027 447 dico,
2073 380 2230 451 signa
2260 387 2424 450 atque
2470 380 2817 437 documenta.
2848 381 2973 440 llaec
3004 397 3099 440 vos
3152 381 3360 438 ideirco
3391 384 3693 439 monendos

443 494 575 534 esse
596 481 857 550 jttdiCavi,
887 490 944 533 ut
976 480 1362 536 instructiores
1392 478 1516 534 sitis
1550 476 1814 531 adversus
1843 488 1939 528 eos
1975 473 2066 544 qui
2099 475 2265 528 istum
2297 472 2489 528 fastum
2531 477 2806 529 voluerint
2842 478 3162 546 impugnare
3188 515 3203 539 ,
3245 490 3374 530 nam
3424 488 3687 545 quantum

441 569 500 624 in
537 588 621 625 me
655 572 781 633 fuit.
808 573 941 628 nulli
980 588 1079 629 nee
1105 574 1277 628 labori
1310 588 1412 627 ncc
1444 571 1737 641 diligentia:
1768 569 1822 622 in
1852 583 1917 622 co
1955 567 2211 638 ﬁngendo
2239 577 2406 637 atque
2437 568 2724 624 formando
2754 584 2991 639 unquam
3027 571 3263 640 peperci.
3300 568 3441 635 Quid
3478 567 3693 637 pra-stic

438 664 603 716 terim
664 664 861 732 quidve
911 674 1202 721 assecutus
1248 666 1375 729 sim,
1421 664 1682 735 quoniam
1731 670 1949 717 exstant
2006 661 2338 717 documenta
2394 661 2582 718 Crmce
2638 672 2804 733 atque
2861 661 3074 727 Latine,
3138 671 3300 733 atque
3356 662 3493 716 adeo
3530 669 3695 716 riete-

443 767 634 807 rorum
664 755 945 809 hominum
982 757 1270 827 utriusque
1298 757 1495 825 lingua:
1522 759 1843 825 peritorum,
1871 752 1918 806 si
1949 752 2206 807 vitiorum
2233 751 2397 808 modo
2417 760 2732 807 memoratae
2750 754 2940 808 matiis
2958 751 3159 808 Graeca:
3189 752 3450 806 rationem
3489 750 3695 804 habueo

443 850 587 912 ritis,
617 851 827 918 judicio
863 854 1140 922 permitto.

514 939 673 1005 Quod
708 943 898 998 attinet
928 932 997 996 ad
1026 944 1291 997 rationem
1325 950 1657 1015 temporum,
1707 945 1908 1016 quibus
1941 943 2135 999 vixerit
2164 940 2609 1015 Theophylactus
2644 940 2914 1012 Bulgaria:
2945 942 3412 1012 archiepiscopus,
3443 938 3689 995 nondum

441 1031 579 1087 mihi
636 1034 772 1089 satis
805 1045 1059 1091 constare
1105 1036 1325 1103 potuit:
1362 1044 1421 1090 ut
1467 1040 1609 1092 enim
1663 1039 1938 1106 conjicere
1983 1048 2226 1104 possum.
2274 1035 2460 1106 plures
2490 1035 2594 1091 hoc
2639 1037 2858 1092 nomine
2883 1034 3123 1091 fuerunt.
3164 1036 3298 1091 Nam
3329 1035 3694 1106 Niccpliorus.

448 1121 840 1179 Eccle'siasticte
873 1125 1129 1183 Historia
1161 1129 1252 1181 lib.
1287 1145 1397 1192 xiv,
1426 1145 1546 1201 cap.
1584 1131 1671 1193 59,
1706 1130 1797 1183 ubi
1823 1130 1891 1183 de
1918 1129 2277 1183 translatione
2305 1128 2511 1198 aliquot
2535 1129 2918 1199 episcoporum
2965 1128 3097 1199 agit,
3132 1128 3336 1184 Basilio
3373 1124 3692 1198 Porphyrii-

439 1231 676 1286 gi'nncta
709 1220 1181 1292 Consuantinopoli
1220 1224 1544 1293 imperante,
1581 1223 2048 1295 Tlieopbylactum
2091 1222 2384 1294 quemdam
2421 1222 2686 1279 Sebastiz
2728 1225 3048 1294 episcopum
3098 1222 3321 1278 Rosiam
3360 1221 3690 1276 translatqu

443 1326 570 1368 esse
598 1314 811 1370 scribit.
836 1313 1166 1371 Wilbelmus
1194 1316 1498 1378 Lindanus,
1527 1332 1698 1371 sacra:
1729 1315 2016 1385 theologia:
2046 1313 2329 1385 professor
2353 1313 2735 1381 Levaniensis,
2770 1317 2825 1371 in
2854 1316 3210 1386 chronologia
3245 1329 3412 1385 quam
3451 1314 3518 1366 ad
3544 1311 3696 1367 fron-

442 1414 555 1460 ti-m
581 1422 692 1461 stur
720 1406 997 1477 Paucplia:
1023 1411 1294 1479 apposuit,
1326 1406 1788 1479 Theopbylactum
1811 1408 2125 1478 quemdam,
2158 1421 2321 1479 quem
2363 1408 2417 1460 in
2447 1406 2537 1461 illa
2564 1421 2663 1462 sua
2694 1404 2959 1475 Paiwplia
2980 1408 3124 1463 inter
3153 1417 3381 1462 cancros
3412 1414 3691 1462 auctorem

442 1506 671 1555 secutus
701 1503 795 1567 sit,
841 1517 985 1556 anno
1032 1518 1061 1557 a
1106 1504 1393 1575 nativitate
1426 1505 1638 1560 Domini
1676 1503 2163 1575 septingentesimo
2212 1502 2420 1557 vixisse
2462 1502 2756 1573 signiﬁcat,
2798 1503 2894 1557 sed
2936 1501 3098 1570 cujus
3128 1502 3368 1557 civitatis
3394 1499 3687 1568 episcopus

446 1588 633 1656 fuerit,
668 1608 776 1647 non
809 1593 1017 1664 adjicit.
1047 1595 1139 1651 Est
1175 1574 1355 1651 autem
1381 1596 1701 1660 verisimile,
1734 1597 1994 1671 quoniam
2028 1596 2234 1651 nullius
2264 1594 2518 1660 alterius,
2545 1594 2690 1665 quod
2711 1593 2965 1664 equidem
2995 1595 3189 1659 sciam,
3219 1595 3422 1662 scripta
3450 1600 3693 1657 exstant,

443 1679 591 1737 hanc
612 1685 1084 1757 archiepiscopum
1114 1688 1378 1758 Bulgaria:
1411 1687 1480 1741 ab
1507 1686 1600 1740 illo
1625 1686 1951 1757 signiﬁcari,
1987 1700 2151 1756 quem
2187 1686 2353 1739 etiam
2384 1684 2651 1741 Erasmus
2679 1684 3052 1757 Cbrysostomi
3101 1683 3537 1740 abbreviatorcm
3568 1699 3693 1738 esse

445 1774 604 1842 dixit,
643 1785 700 1830 et
729 1779 918 1834 titulus
954 1781 1119 1850 hujus
1150 1781 1332 1852 operis
1367 1781 1469 1834 hoc
1491 1795 1602 1848 prae
1632 1794 1692 1834 se
1720 1780 1843 1832 fert.
1873 1776 2009 1833 Nam
2051 1794 2159 1834 non
2201 1779 2380 1833 solum
2410 1793 2476 1833 es
2513 1775 2729 1833 Joanne
2764 1777 3180 1849 Cbrysostomo,
3206 1792 3395 1831 verum
3431 1777 3594 1832 etiam
3622 1793 3689 1832 es

442 1867 669 1936 Basilio,
716 1869 943 1941 Cyrillo,
1001 1871 1227 1939 Severo,
1248 1884 1314 1928 et
1344 1874 1622 1931 nonnullis
1649 1874 1795 1935 aliis,
1825 1887 1946 1943 quae
1973 1870 2038 1926 ad
2080 1873 2420 1942 propositum
2449 1881 2504 1928 et
2547 1887 2659 1926 rem
2698 1871 3003 1926 institutam
3034 1871 3309 1939 pertinere
3347 1869 3688 1936 videientur,

442 1962 748 2033 desumpsit
773 1972 828 2019 et
855 1964 910 2018 in
936 1967 1104 2020 unuin
1131 1981 1333 2035 corpus
1362 1971 1635 2021 contraxit
1670 1984 1684 2021 :
1726 1980 1888 2035 quam
1916 1979 2026 2016 rem
2063 1976 2170 2016 non
2203 1963 2366 2017 modo
2399 1979 2571 2030 genus
2596 1961 2837 2025 dicendi,
2887 1962 2931 2015 si
2963 1961 3086 2031 quis
3134 1964 3377 2015 animum
3423 1963 3691 2025 atlrndal,

440 2068 634 2110 verum
666 2057 830 2111 etiam
870 2058 1087 2112 nomina
1120 2070 1400 2113 auctorum
1433 2057 1489 2113 in
1516 2059 1761 2127 margine
1792 2061 2055 2109 annotata
2085 2055 2395 2122 signiﬁcant
2433 2064 2595 2125 atque
2628 2054 2925 2109 declarant.
2951 2053 3189 2109 Joannes
3214 2051 3696 2124 (Eeolaiiipadius,

441 2161 500 2224 in
531 2147 845 2216 prmfatiane
871 2166 1031 2219 quam
1066 2150 1319 2221 apposuit
1346 2148 1731 2223 Thcophylacti
1759 2156 1992 2220 quatuor
2019 2145 2432 2218 Evangeliornm
2466 2149 2792 2217 explicatinn
2820 2148 2919 2202 bus
2946 2147 3014 2203 ab
3068 2162 3188 2202 sese
3225 2150 3526 2209 conversis,
3559 2146 3651 2201 mh
3678 2148 3694 2200 Ι

442 2241 591 2296 aliud
620 2258 778 2309 quam
813 2244 961 2297 illum
999 2247 1141 2300 inter
1163 2244 1378 2300 Grutcos
1403 2245 1682 2315 theologos
1706 2249 2062 2298 recentiorem
2083 2242 2252 2296 fuisse
2267 2242 2558 2310 signiﬁcat,
2605 2241 2698 2295 sed
2731 2242 2874 2296 haud
2912 2239 3060 2294 falsis
3084 2256 3207 2294 eum
3231 2240 3484 2297 laudibus
3511 2255 3692 2305 ornat,

442 2348 585 2402 quas
611 2334 655 2388 si
692 2335 814 2404 quis
849 2337 1096 2404 requirit,
1129 2352 1195 2389 ne
1220 2336 1287 2389 ab
1316 2334 1438 2391 aliis
1461 2335 1595 2389 bene
1625 2335 1769 2390 (ἥρω
1812 2334 1944 2388 mihi
1975 2347 2098 2387 eum
2118 2330 2337 2388 fastidio
2369 2332 2662 2402 legentium
2692 2343 2934 2401 repetere
2967 2350 3186 2387 necesse
3215 2336 3308 2398 sit,
3344 2335 3489 2388 illinc
3528 2346 3693 2405 petat,

446 2435 611 2494 atque
631 2426 798 2480 etiam
830 2442 894 2481 ex
925 2426 1245 2497 praefatione
1269 2426 1473 2480 Nicolai
1511 2427 1743 2488 Bei‘aldi,
1774 2442 1894 2497 qum
1927 2426 2219 2498 praeposita
2252 2432 2339 2479 est
2371 2422 2799 2480 Cmumcntariis
2828 2425 2976 2480 illius
3007 2425 3060 2479 in
3083 2425 3352 2495 Epistolas
3371 2429 3480 2483 divi
3510 2428 3692 2494 Pauli,

442 2535 472 2570 a
505 2517 905 2589 Christophoro
939 2519 1201 2585 Porsena,
1227 2519 1493 2583 Romano,
1533 2519 1587 2573 in
1615 2517 1869 2575 Latinum
1905 2531 2212 2573 sermonem
2240 2517 2526 2572 conversis
2554 2537 2567 2572 :
2610 2518 2700 2586 qui
2729 2518 2748 2589 (
2779 2508 2925 2590 quod
2962 2522 3235 2590 praeterire
3262 2536 3368 2575 non
3418 2538 3637 2594 possunt
3676 2524 3696 2592 )

451 2626 472 2659 ι
517 2607 695 2663 Unum
744 2610 870 2678 hoc,
921 2612 1117 2681 inquit,
1178 2612 1311 2667 satis
1370 2621 1606 2677 constat,
1655 2612 1710 2667 iu
1745 2613 1832 2668 bis
1863 2610 2287 2668 Commentariis
2318 2610 2408 2681 pia
2438 2625 2560 2667 esse
2589 2614 2777 2666 omnia
2806 2623 2861 2668 et
2900 2606 3206 2668 orthodoxa
3237 2612 3505 2686 longeque
3535 2618 3603 2669 ab
3627 2615 3697 2669 iis

446 2704 769 2759 diSsidcntia
806 2720 930 2773 qua:
957 2704 1333 2776 theologorum
1357 2706 1552 2773 vulgus
1584 2704 1827 2776 quotidie
1861 2718 2064 2774 magno
2102 2702 2399 2772 supercilio
2440 2703 2673 2758 indoctae
2709 2704 2878 2774 plebis
2921 2706 3166 2772 auribus
3190 2707 3452 2763 inculcat.
3484 2708 3697 2781 Ubique

453 2800 602 2855 enim
634 2802 999 2869 apostolicum
1036 2810 1225 2869 peetus
1277 2814 1387 2851 non
1420 2801 1584 2852 modo
1635 2799 1873 2867 explicat
1923 2800 2108 2867 operis
2141 2798 2307 2867 hujus
2341 2806 2558 2862 auctor,
2583 2795 2678 2851 sed
2711 2799 2873 2851 etiam
2904 2798 3094 2863 refert,
3129 2800 3271 2869 sapit
3309 2814 3371 2852 ac
3396 2801 3591 2869 spirat,
3642 2803 3694 2855 id

447 2894 598 2963 quod
632 2910 795 2962 quam
828 2893 1018 2963 paucis
1051 2893 1245 2946 merito
1274 2893 1624 2946 tribuendum
1660 2893 1755 2953 sit,
1806 2890 1965 2945 facile
2022 2891 2313 2961 intelliget,
2376 2889 2473 2958 qui
2526 2891 2761 2945 novitios
2795 2891 3076 2960 ιιιουιοδοε
3110 2892 3350 2960 antiquis
3384 2891 3512 2959 illis,
3569 2909 3693 2948 cum

450 2985 661 3040 Latinis
704 2997 818 3039 tum
853 2985 1078 3049 Grati-is,
1110 2982 1501 3055 enniposum‘it.
1542 3007 1560 3033 ι
1604 2985 1730 3039 lla-t‘.
1763 2983 2044 3039 Beraldus.
2072 2984 2526 3056 (Eeolampadius
2556 2984 2822 3055 prolixius
2848 3001 2908 3038 ac
2940 2986 3253 3056 singulatim
3305 2983 3694 3058 Thenpbylaeii
3750 3052 3753 3055 _

451 3080 683 3132 virtutes
726 3079 1071 3147 persequitur
1104 3086 1270 3147 atque
1324 3083 1590 3131 recenset.
1628 3073 2061 3145 Christoiiborus
2082 3075 2348 3140 Porsena,
2381 3078 2436 3129 in
2467 3090 2563 3131 sua
2594 3075 2915 3130 Prefatioue
2944 3075 3010 3128 ad
3040 3076 3255 3130 Sixtum
3283 3075 3350 3131 IV
3384 3079 3694 3150 pontiﬁcem

452 3169 780 3235 Romanum,
843 3170 1234 3241 'l‘licophylaeti
1304 3177 1609 3239 temporum
1671 3169 1873 3223 nullam
1943 3169 2073 3224 facit
2128 3170 2486 3223 mentionem.
2551 3166 2697 3222 Misit
2751 3168 2817 3220 ad
2877 3183 2979 3221 nos
3014 3167 3076 3222 D.
3111 3168 3349 3224 Joannes
3391 3168 3698 3227 Sambucus

449 3269 752 3323 orationem
782 3264 1024 3321 Graecam
1057 3267 1159 3321 hac
1185 3267 1542 3337 inscriptione
1574 3283 1589 3320 :
1622 3265 2001 3335 Θεοφυλάκτου
2035 3265 2104 3320 λὸ·

2044 3266 2191 3335 λόγος
2223 3266 2302 3329 εἰς
2354 3264 2446 3318 τὸν
2483 3265 2864 3336 αὖτοκρατορα
2907 3265 3096 3335 κύριον
3167 3266 3401 3330 ’Λλὲξιον
3455 3268 3546 3320 τὶν
3594 3269 3699 3323 Κο-

452 3363 673 3435 μνηνόν.
704 3363 860 3431 Quod
888 3364 932 3418 si
968 3365 1015 3421 is
1036 3371 1119 3418 est
1162 3372 1347 3419 noster
1385 3360 1847 3431 Thcophylactus,
1870 3376 2065 3431 nempe
2090 3362 2540 3431 archiepiscupus
2574 3358 2862 3430 Bulgaritc,
2892 3360 3005 3431 jam
3049 3377 3155 3415 non
3202 3362 3433 3432 amplius
3471 3361 3697 3418 dubium

449 3470 577 3510 esse
608 3463 785 3525 potest
814 3470 921 3526 quo
949 3463 1191 3524 tempore
1216 3455 1427 3508 vixerit.
1448 3453 1757 3526 Nihilaliud
1789 3468 1887 3524 ego
1909 3467 2086 3523 neque
2113 3453 2181 3507 de
2206 3453 2314 3506 vita
2347 3468 2522 3523 neque
2544 3454 2612 3508 de
2635 3454 2976 3521 temporibus
3005 3453 3170 3520 hujus
3199 3456 3371 3510 nostri
3409 3453 3699 3523 Theopby-

453 3548 582 3602 laeti
639 3550 928 3625 diligenter
961 3548 1263 3604 scrutando
1293 3562 1457 3619 atque
1484 3550 1811 3619 inquirendo
1844 3548 1996 3621 potui
2048 3548 2315 3603 invenire.
2358 3549 2514 3615 Quod
2565 3550 2833 3618 reliquum
2875 3557 2979 3615 est,
3011 3530 3301 3605 vos'etiam
3335 3559 3499 3623 atque
3533 3553 3698 3606 etiam

458 3661 592 3715 rogo
626 3661 689 3702 ac
721 3646 1071 3703 vehementer
1106 3652 1252 3716 pcto,
1280 3654 1337 3699 ut
1370 3648 1471 3700 hoc
1500 3645 1773 3716 exiguntu-
1801 3653 1964 3716 atque
1995 3645 2131 3701 adeo
2159 3645 2537 3700 tenuissimum
2595 3644 3002 3711 munusculum,
3051 3639 3214 3702 vobis
3253 3646 3382 3703 licet
3412 3647 3697 3720 indignum

451 3743 760 3813 vestrisque
798 3741 850 3795 in
884 3757 970 3798 me
998 3741 1231 3796 summis
1264 3739 1542 3795 beneﬁciis
1570 3753 1633 3795 ac
1668 3738 1881 3795 meritis
1912 3738 2264 3809 impar,aequi
2297 3746 2477 3791 tamen
2505 3736 2685 3792 facere
2710 3740 2953 3809 bonique
2975 3740 3279 3803 consulere,
3305 3750 3360 3795 ct
3390 3754 3446 3795 ut
3486 3741 3553 3794 ab
3578 3740 3700 3794 ani-
3784 3734 3787 3735 ⁷

453 3833 525 3886 mi
555 3834 927 3889 benevolentia
960 3844 1121 3905 atque
1156 3831 1489 3904 gratitudine
1518 3831 1845 3903 profectum,
1875 3831 2048 3886 hilari
2083 3832 2234 3885 vultu
2264 3831 2492 3900 laetaque
2516 3831 2695 3884 fronte
2723 3832 2972 3900 accipere
3002 3831 3202 3886 velitis.
3240 3831 3353 3887 lloc
3381 3833 3425 3887 si
3470 3848 3498 3885 a
3542 3834 3699 3889 vobis

450 3937 784 3981 consecutus
833 3927 1008 3993 fuero,
1062 3927 1281 3982 abunde
1334 3925 1467 3980 satis
1520 3937 1746 3994 magnos
1802 3924 2052 3981 laborum
2109 3939 2198 3978 me
2252 3922 2466 3977 fructus
2513 3923 2729 3990 cepisse
2782 3921 3131 3979 existimabo.
3170 3923 3313 3980 Bene
3343 3925 3536 3991 valete,
3595 3927 3699 3980 viri

454 4022 803 4090 auqilissimi.

525 4185 601 4240 Ex
633 4189 966 4245 monasterio
1003 4187 1353 4245 Steinweldio
1379 4204 1454 4243 xu
1488 4187 1760 4242 Kalendas
1785 4185 2145 4259 Sep'cmbris,
2182 4199 2328 4241 anno
2354 4184 2564 4240 Domini
2596 4183 2751 4240 I567.

520 4418 645 4428 ...ι’-ο.
656 4418 797 4427 --.ι-ο...
804 4418 845 4427 ς-
852 4409 3478 4431 ῃψᾘΟᾛ-ᾛΜῇ
3489 4419 3682 4434 ...ιη-

454 4593 822 4660 Clarissima
857 4589 1537 4670 excellentissimoque
1572 4588 1731 4660 viro,
1800 4591 1871 4670 l).
1925 4588 2548 4670 Joatini__Ssuuuco,_
2584 4591 2941 4670 Pannonio,
2996 4591 3297 4653 Caesarem
3345 4593 3696 4670 Majcstatis

557 4673 807 4735 medico
839 4677 903 4733 et
934 4667 1479 4747 historiographo,
1512 4668 1899 4729 Laurentius
1922 4667 2278 4742 SIFANUS,
2313 4668 2793 4744 l’ruusfeldius,
2837 4673 2892 4731 .l.
2931 4671 3001 4732 U.
3036 4673 3284 4745 Doctor,
3321 4672 3382 4733 S.
3413 4667 3476 4733 Ρ.
3514 4673 3588 4733 ο.

526 4878 602 4933 En
632 4877 813 4949 prodit
836 4878 1057 4936 tandem
1085 4881 1139 4935 in
1163 4882 1463 4952 publicum,
1498 4882 1580 4936 vir
1601 4880 1925 4942 clarissime.
1954 4881 2395 4955 Tbc0phylactus
2421 4892 2549 4939 tuus
2591 4884 2816 4940 Crtecus
2837 4898 2863 4937 a
2902 4900 2986 4938 me
3017 4883 3195 4939 factus
3245 4882 3473 4939 Latinus
3499 4901 3512 4937 :
3540 4891 3694 4939 tuum

453 4969 603 5037 dico,
641 4985 749 5040 quo
774 4978 1112 5051 careremus,
1146 4975 1253 5029 nisi
1284 4984 1340 5028 tu
1374 4973 1518 5043 quod
1548 4976 1843 5044 separatim
1870 4975 2072 5030 habere
2102 4978 2197 5032 tibi
2218 4977 2497 5046 proprium
2531 4977 2745 5039 hcet-at,
2773 4992 3064 5031 commune
3089 4992 3153 5031 ac
3186 4976 3459 5045 [iublicum
3491 4975 3693 5030 bonum

459 5080 583 5121 esse
613 5067 920 5123 maluisses.
955 5069 1130 5123 Causa
1161 5084 1258 5123 cur
1286 5077 1396 5123 tam
1433 5084 1557 5124 sero
1618 5071 1863 5140 prodeat,
1896 5080 1954 5127 ut
1988 5071 2150 5127 etiam
2192 5073 2400 5127 librarii
2452 5074 2666 5144 culpam
2701 5074 2960 5145 recipiam
3006 5075 3059 5126 in
3096 5087 3200 5135 mc,
3234 5074 3348 5130 haec
3399 5082 3503 5134 est,
3547 5072 3697 5142 quod

453 5160 583 5214 dum
617 5160 707 5215 ille
728 5160 796 5215 de
827 5176 916 5216 me
945 5159 1158 5226 Latine,
1184 5177 1288 5231 ego
1307 5163 1375 5218 de
1404 5162 1499 5217 illo
1563 5161 1750 5219 Graece
1780 5162 1997 5220 discere
2030 5166 2361 5230 nitebamur,
2392 5166 2484 5222 ubi
2524 5169 2665 5222 alter
2701 5170 2933 5220 alterum
2992 5169 3175 5222 minus
3236 5165 3695 5236 intelligi-bamus,

454 5265 583 5307 cum
610 5252 880 5322 interpres
907 5253 1125 5323 utrique
1153 5254 1393 5319 deesset,
1426 5263 1589 5323 atque
1617 5256 1762 5312 haud
1786 5257 2123 5327 incorruptis
2154 5259 2423 5316 ministris
2455 5268 2758 5323 uteremur,
2793 5260 3126 5326 coniecturis
3159 5259 3361 5329 quibus
3396 5260 3529 5313 alter
3559 5263 3697 5312 alte-

451 5341 573 5399 rius
603 5357 763 5398 sensa
816 5358 1256 5414 assequeremur,
1289 5345 1476 5401 multis
1520 5346 1575 5400 in
1619 5347 1755 5403 locis
1794 5356 1871 5402 uti
1903 5349 2197 5405 habuimus
2246 5365 2488 5406 necesse.
2542 5351 2711 5422 Cujus
2764 5352 2840 5405 rei
2887 5352 3148 5420 quoniam
3182 5354 3329 5406 clara
3363 5352 3694 5409 documenta

452 5443 582 5490 sunt
603 5440 659 5489 in
690 5445 968 5508 promptu,
1006 5451 1075 5492 ne
1097 5438 1283 5506 inepta
1314 5438 1627 5508 prolisitate
1652 5441 1946 5494 verborum
1983 5442 2326 5513 typog‘raplio
2356 5442 2632 5499 festinanti
2662 5444 2764 5497 sim
2789 5445 2845 5497 in
2879 5458 3049 5504 mora,
3078 5453 3129 5498 te
3150 5444 3312 5497 etiam
3341 5453 3505 5513 atque
3525 5446 3693 5498 etiam

453 5541 607 5598 rogo,
632 5538 692 5583 ut
727 5531 841 5585 haec
863 5532 979 5600 ipsa
1010 5544 1132 5601 qua:
1158 5530 1282 5586 dico
1312 5531 1639 5585 documenta
1682 5533 1983 5589 scrutando
2026 5544 2188 5602 atque
2214 5535 2604 5600 examinanda,
2649 5551 2866 5604 aequum
2909 5550 2957 5591 te
2988 5536 3118 5590 mihi
3143 5535 3383 5605 judicent
3417 5545 3580 5607 atque
3609 5537 3694 5592 fa-

453 5630 669 5677 ventem
696 5621 959 5690 praebere,
987 5628 1041 5676 et
1066 5621 1228 5677 istam
1262 5637 1484 5692 operam
1515 5638 1680 5693 quam
1717 5625 1944 5693 priestiti
1978 5626 2118 5694 aequi
2156 5627 2391 5694 bonique
2440 5626 2621 5688 facere
2655 5628 2811 5681 velis.
2844 5627 2997 5693 Quod
3025 5627 3293 5699 reliquum
3320 5634 3429 5694 est,
3467 5643 3695 5698 magnas

453 5713 553 5771 tibi
576 5721 627 5771 et
657 5717 870 5787 agimus
899 5720 957 5770 et
983 5712 1251 5770 hebennus
1277 5713 1506 5787 gratias,
1541 5717 1633 5786 qui
1671 5717 1818 5773 istud
1850 5719 2181 5786 mancipium
2214 5718 2443 5787 publica:
2474 5720 2727 5775 utilitatis
2753 5719 3223 5792 iuservire,quam
3248 5722 3391 5777 domi
3419 5721 3691 5793 privatum
