4192 6294
491 310 591 376 L97

1434 312 1846 377 EXPOSITIO
1884 314 1963 376 1N
1986 280 2179 374 acra
2208 263 2789 379 APOSTOLORUM.

3636 321 3755 390 498

559 423 636 478 Τὸ
680 423 738 479 δὲ
779 424 941 481 πλέον
1001 425 1112 482 τῶν
1159 425 1396 483 ἐνταῦθα
1432 429 1794 500 ἐγκειμένων,
1843 425 2061 481 Παύλου

2235 425 2406 484 Porro
2433 430 2611 498 major
2632 445 2761 501 pars
2805 445 3023 496 eorum,
3051 446 3172 503 quac
3220 433 3310 489 liie
3367 432 3746 505 continentur,

490 518 720 590 πράξεις
751 520 859 574 eiei.
882 561 897 584 ,
931 519 1027 575 τοῦ
1078 521 1469 594 περισσότερον
1505 522 1727 577 πάντων
1759 521 2060 577 κοπιάσαν-

462 604 601 672 χτος.
653 611 726 664 Τδ
761 612 817 665 δὲ
861 611 1059 676 αἴτιον,
1089 614 1257 668 αὐτοῦ
1290 614 1554 685 φοιτητὴς
1596 609 1665 687 ἦν
1700 617 1729 668 ό
1752 614 1813 667 τὸ
1858 612 2062 684 βιϐλίον

491 701 647 756 τοῦτο
682 703 916 773 συνθεὶς,
950 707 1166 770 Λουκᾶς
1201 709 1231 760 ό
1265 705 1536 778 μακάριος
1565 723 1578 738 ·
1619 697 1684 762 οὗ
1730 704 1831 778 τὴν
1861 704 2062 776 ἀρετὴν

495 795 830 867 πολλαχόθεν
862 797 965 868 μὲν
998 798 1093 852 καλ⁸
1121 797 1419 872 ἀλλαχόθεν
1450 792 1605 854 ἐστιν
1638 797 1788 854 ἰδεῖν·
1825 797 2063 865 μάλιστα

494 888 594 957 μὲν
627 890 672 922 ³⁸
703 892 769 945 ἐκ
824 888 920 945 τοῦ
972 892 1112 962 πρὸς
1161 892 1256 949 τὸν
1292 891 1617 948 διδάσκαλον
1671 890 2059 956 ἀδιασπάστως

492 980 659 1051 ἔχειν,
700 982 797 1037 καὶ
842 982 932 1038 διὰ
964 983 1168 1049 παντὸς
1206 983 1359 1055 αὐτῷ
1419 981 1875 1058 παρακολουθεῖν.
1902 983 1971 1039 "0
2002 999 2064 1038 τε

493 1072 626 1143 γοῦν
677 1076 865 1146 Δημᾶς
916 1076 1013 1130 καὶ
1043 1075 1383 1147 Ἑρμογένης
1431 1073 1597 1131 αὐτὸν
1628 1074 2008 1144 ἐγκατέλιπον·
2038 1075 2068 1128 ό

497 1166 600 1236 μέν
649 1165 732 1232 εἰς
784 1166 1077 1232 Γαλατίαν,
1120 1169 1149 1222 ό
1205 1167 1263 1223 δὲ
1311 1170 1392 1234 είς
1432 1165 1745 1240 Δαλματίαν
1789 1166 2064 1223 ἀπελθών.

497 1257 785 1325 ¹Ἄκουσον,
813 1258 867 1313 τί
897 1275 1030 1331 φησι
1073 1258 1202 1331 περὶ
1225 1259 1419 1314 τούτου
1451 1274 1464 1289 ·
1491 1259 1707 1324 Λουκᾶς
1740 1261 1858 1315 ἐστι
1905 1260 2068 1333 μόνος

496 1352 616 1421 μετ’
642 1350 802 1423 ἐμοῦ.
832 1351 940 1407 Καὶ
975 1352 1287 1423 Κορινθίοις
1315 1352 1372 1408 δέ
1409 1352 1762 1417 ἐπιστέλλων,
1798 1353 1931 1427 περὶ
1970 1354 2069 1408 αὐ-

495 1444 585 1500 τοῦ
620 1463 806 1518 φησιν·
838 1443 914 1505 Οῦ
947 1449 1168 1514 ἔπαινος
1206 1449 1265 1506 ἐν
1308 1448 1389 1522 τῷ
1416 1448 1735 1522 Εύαγγελίῳ
1766 1447 1854 1504 διὰ
1879 1447 2069 1504 πασῶν

496 1537 606 1593 τῶν
645 1539 1003 1611 Ἐκκλησιῶν.
1031 1543 1143 1598 Καὶ
1177 1543 1306 1598 ὅταν
1344 1541 1502 1616 λέγῃ,
1540 1542 1625 1598 ὅτι
1661 1541 1845 1616 Ὠφθη
1876 1541 2065 1619 Κηφᾷ,

494 1627 614 1684 εἶτα
641 1633 757 1697 τοῖς
801 1631 1027 1690 δώδεκα·
1058 1634 1153 1689 καὶ
1190 1635 1333 1690 κατά
1372 1634 1435 1690 τδ
1479 1634 1807 1705 Εὐαγγέλιον
1837 1635 1868 1690 δ
1922 1652 2068 1706 παρ-

495 1724 741 1792 ελάϐετε,
771 1726 834 1780 τδ
863 1727 1056 1781 τούτου
1097 1727 1269 1797 λέγει.
1302 1726 1469 1782 Ὥστε
1500 1727 1602 1782 οὐκ
1623 1728 1691 1784 ἄν
1715 1744 1803 1793 τις
1829 1728 2067 1801 ἁμάρτοι

494 1815 593 1886 τὴν
634 1817 1022 1888 πραγματείαν
1055 1818 1261 1890 ταύτην
1317 1817 1470 1891 αὐτῷ
1527 1817 1746 1884 ἀναθείς
1774 1836 1790 1852 ·
1830 1819 1962 1873 ὅταν
2008 1817 2069 1872 δέ

494 1907 634 1979 etiam
650 1908 848 1978 τούτῳ,
901 1908 984 1977 τῷ
1012 1908 1234 1983 Χριστῶ
1253 1909 1420 1979 λέγω.

566 2088 631 2143 Et
683 2088 743 2143 δέ
777 2105 861 2154 τις
907 2087 1079 2160 λέγει·
1108 2089 1220 2144 Καὶ
1251 2090 1306 2145 τί
1354 2089 1557 2163 δήποτε
1607 2091 1730 2165 οὐχὶ
1765 2090 1941 2146 πάντα
1979 2091 2072 2146 ἀνο

495 2180 703 2253 ἐγραψε
748 2181 913 2253 μέχρι
965 2181 1159 2246 τέλους
1202 2180 1282 2236 ὢν
1320 2181 1441 2254 μετ’
1505 2182 1712 2250 αὐτοῦς
1752 2184 1957 2237 Ἐκεῖνο
2001 2181 2070 2237 ἂν

496 2272 768 2342 εἴποιμεν,
794 2272 880 2327 ότι
916 2273 1016 2327 καὶ
1063 2272 1236 2328 ταῦτα
1268 2272 1545 2344 ἀρκοῦντα
1568 2271 1636 2346 ἦν
1663 2277 1777 2339 τοῖς
1811 2274 2072 2348 βουλομέσ

496 2379 609 2428 νοις
663 2365 975 2436 προσέχειν·
1009 2365 1105 2420 καὶ
1142 2367 1228 2421 ὅτι
1264 2365 1402 2439 πρὸς
1434 2367 1507 2422 τὰ
1551 2367 1952 2438 κατεπείγοντα
1983 2368 2073 2422 ἀεὶ

496 2453 701 2510 ἵστατο·
732 2457 825 2511 καὶ
863 2451 951 2511 ὅτι
985 2456 1088 2512 οὐκ
1118 2458 1177 2511 ἐν
1204 2456 1284 2531 τῷ
1318 2458 1682 2532 λογογραφεῖν
1715 2455 1785 2534 ἦν
1815 2461 2004 2525 αὐτοῖς
2035 2462 2070 2533 ἡ

498 2549 726 2640 σπουδη·
750 2551 923 2610 πολλὰ
951 2553 1062 2623 γὰρ
1092 2554 1188 2608 καὶ
1220 2554 1456 2627 ἀγράφῳ
1487 2556 1781 2627 παραδόσει
1813 2556 2068 2629 παρέδω-

497 2661 629 2700 καν.
651 2646 839 2702 Πάντα
865 2645 966 2718 μὲν
989 2644 1086 2703 οῦν
1102 2648 1230 2715 ἀξια
1257 2648 1560 2721 θαύματος,
1593 2650 1663 2706 τά
1686 2653 1747 2706 ἐν
1773 2649 1855 2723 τῷ
1882 2649 2072 2722 βιϐλίῳ

499 2734 679 2805 τούτῳ
705 2737 955 2808 κείμενα·
991 2738 1228 2811 μάλιστα
1266 2739 1325 2796 δὲ
1362 2740 1474 2795 τῶν
1511 2741 1830 2797 ἀποστόλων
1862 2743 1894 2813 ἡ
1936 2759 2071 2812 συγ-

502 2827 831 2898 κατάϐασις,
862 2832 935 2903 ῆν
958 2831 1055 2886 καὶ
1083 2831 1146 2887 τὺ
1176 2832 1404 2905 Πνεῦμα
1439 2835 1626 2899 αὐτοῖς
1652 2834 1915 2903 ὑπέϐαλε,
1961 2855 2075 2904 παν

505 2921 863 2991 ρασκευάζων
895 2924 1093 2990 αὐτοὺς
1114 2924 1195 2995 τῷ
1223 2924 1324 2995 τῆς
1361 2927 1677 2998 οἰκονομίας
1709 2928 2075 2996 ἐνδιατρίϐειν

498 3010 667 3083 λόγῳ·
691 3015 783 3071 διὰ
824 3014 891 3088 δὴ
922 3016 1105 3084 τοῦτο,
1138 3017 1379 3075 τοσαῦτα
1408 3021 1540 3091 περὶ
1559 3019 1728 3076 αὑτοῦ
1761 3021 2071 3093 διαλεχθέν-

2165 514 2317 572 Pauli
2348 526 2477 574 sunt
2502 518 2759 591 acta,qui
2807 521 3046 593 amplius
3096 538 3262 595 quam
3298 538 3492 581 omnes
3530 526 3748 580 labora-

2163 614 2260 671 vit.
2288 613 2416 684 Ejus
2443 624 2622 670 autem
2650 618 2727 671 rei
2759 630 2925 673 causa
2971 628 3077 686 est,
3123 619 3270 691 quod
3323 619 3631 690 discipulus
3682 621 3748 673 il-

2165 704 2272 761 lius
2319 715 2439 761 erat
2481 707 2551 772 is,
2586 708 2678 779 qui
2718 707 2869 764 hunc
2913 708 3115 766 librum
3173 712 3506 781 composuit,
3554 727 3750 783 nempe

2167 793 2363 851 beatus
2390 792 2569 853 Lucas
2598 809 2614 850 :
2639 796 2802 867 cujus
2835 795 3013 853 virtus
3040 812 3164 854 cum
3200 812 3267 854 ex
3301 798 3492 856 multis
3525 799 3749 871 quidem

2166 888 2334 944 rebus
2374 887 2523 953 aliis,
2556 898 2672 945 tum
2705 904 2836 946 vero
2895 890 3136 947 maxime
3157 905 3223 947 ex
3249 906 3339 957 eo,
3378 895 3525 965 quod
3569 908 3601 948 a
3635 910 3751 949 ma-

2167 981 2341 1052 gistro
2380 995 2488 1037 non
2518 981 2697 1052 potuit
2716 978 2923 1048 divelli,
2948 981 3045 1039 sed
3097 982 3448 1040 continenter
3476 999 3602 1041 eum
3660 1000 3752 1042 as-

2166 1080 2411 1151 sectatus
2435 1079 2544 1137 est,
2567 1072 2740 1129 videri
2773 1081 2976 1143 potest.
3005 1070 3142 1128 Nam
3176 1075 3374 1130 Demas
3393 1081 3451 1132 et
3518 1073 3750 1133 liermo-

2167 1178 2471 1234 geneseum
2487 1164 2872 1234 deseruerunt,
2898 1163 3219 1237 liicquidem
3244 1167 3297 1221 in
3318 1165 3748 1241 Gallograeciam,

2169 1258 2260 1315 ille
2289 1258 2343 1313 in
2405 1257 2727 1315 Dalmatiam
2767 1257 3069 1329 profectus.
3101 1259 3246 1315 Audi
3309 1260 3443 1331 quid
3495 1262 3638 1317 dicat
3678 1262 3750 1318 de

2169 1351 2315 1408 hoc:
2347 1349 2525 1409 Lucas
2560 1365 2775 1408 mecum
2805 1362 2893 1407 est
2919 1351 3096 1408 solus.
3119 1352 3298 1424 Atque
3338 1353 3507 1411 etiam
3546 1352 3745 1410 Coriu-

2170 1442 2304 1499 thiis
2325 1443 2572 1501 scribens
2599 1442 2670 1501 de
2688 1458 2756 1500 eo
2778 1441 2915 1499 dicit
2946 1461 2962 1497 :
2989 1443 3163 1514 Cujus
3218 1445 3339 1502 laus
3369 1456 3453 1501 est
3483 1446 3536 1501 in
3570 1447 3752 1503 Eran-

2170 1536 2309 1608 gelio
2355 1550 2452 1607 per
2490 1550 2686 1593 omnes
2736 1534 3015 1592 Ecclesiae
3047 1554 3063 1592 :
3099 1543 3153 1591 et
3204 1551 3330 1592 cum
3362 1538 3497 1593 dicit
3531 1553 3547 1592 :
3583 1537 3749 1595 Visus

2168 1639 2251 1685 est
2283 1626 2499 1699 Cepliz,
2542 1627 2746 1685 deinde
2805 1627 2915 1683 illis
2963 1626 3253 1684 duodecim
3289 1645 3304 1684 :
3337 1637 3393 1683 et
3444 1630 3746 1686 secundum

2173 1716 2520 1791 Evangelium
2552 1718 2699 1791 quod
2765 1718 3090 1790 accepistis,
3127 1719 3292 1791 hujus
3325 1721 3461 1777 dicit
3504 1723 3750 1793 Evange-

2171 1812 2326 1868 lium.
2360 1813 2548 1885 itaque
2580 1827 2741 1869 nemo
2763 1811 3052 1879 erraverit,
3088 1812 3237 1870 hunc
3287 1816 3748 1873 commentarium

2168 1904 2610 1976 itnieaccrptum
2673 1902 2905 1962 ferens:
2944 1917 3075 1962 cum
3125 1915 3331 1972 autem,
3400 1908 3550 1975 huic,
3598 1908 3750 1974 dico,

2165 1994 2392 2054 Christo
2413 1996 2560 2054 dico.

2239 2088 2395 2157 Quod
2432 2092 2481 2148 si
2523 2090 2652 2162 quis
2678 2090 2826 2149 dicat
2855 2107 2871 2148 ι
2903 2091 2972 2148 Ει
3004 2106 3107 2148 cur
3152 2091 3374 2149 tandem
3433 2107 3541 2148 non
3565 2093 3748 2148 omnia

2167 2182 2365 2240 litteris
2387 2182 2825 2249 mandavit,cum
2851 2186 3106 2257 usquead
3136 2183 3295 2242 ﬁnem
3320 2195 3465 2242 esset
3491 2201 3597 2240 una
3622 2200 3747 2240 cum

2171 2276 2463 2333 ilioihuic
2510 2276 2915 2351 responderim,
2955 2278 3103 2349 quod
3132 2278 3296 2336 etiam
3366 2277 3485 2334 haec
3530 2275 3750 2333 abunde

2168 2369 2310 2426 satis
2339 2370 2510 2426 multa
2539 2370 2650 2428 sint
2678 2370 2771 2439 iis,
2791 2373 2889 2443 qui
2925 2370 3215 2428 attendere
3260 2370 3432 2427 velint
3469 2389 3482 2425 :
3523 2371 3746 2441 etquod

2170 2459 2241 2519 ad
2275 2477 2362 2529 ea,
2390 2475 2515 2533 quae
2546 2461 2837 2534 urgebant,
2865 2477 3086 2534 semper
3140 2463 3511 2519 consisterent
3552 2478 3568 2517 :
3597 2462 3746 2532 quod

2169 2569 2281 2612 non
2309 2555 2365 2610 in
2392 2554 2548 2612 libris
2576 2554 2888 2623 scribendis
2912 2553 3163 2611 studium
3195 2569 3369 2611 suum.
3391 2553 3746 2619 collocarent,

2171 2661 2300 2705 nam
2335 2649 2506 2703 multa
2591 2648 2758 2704 etiam
2789 2646 2914 2702 viva
2955 2661 3111 2712 voce,
3138 2661 3261 2718 qua:
3281 2646 3488 2718 scripta
3512 2661 3621 2702 non
3651 2661 3748 2703 ex-

2172 2748 2341 2805 stant,
2362 2724 2671 2796 tradebant.
2702 2740 2882 2810 Atque
2908 2751 3035 2794 cum
3059 2737 3243 2795 omnia
3284 2737 3526 2810 quidem,
3556 2753 3677 2809 quae
3693 2739 3749 2794 in

2172 2836 2279 2891 hoc
2335 2835 2475 2890 libro
2518 2832 2899 2898 continentur,
2944 2830 3311 2889 admiratione
3355 2832 3516 2903 digna
3573 2841 3749 2888 sunt:

2171 2937 2286 2982 tum
2318 2940 2450 2980 vero
2477 2924 2715 2981 maxime
2752 2921 3126 2995 apostolorum
3196 2922 3637 2990 συγκαταϐασις.
3694 2922 3751 2978 id

2171 3026 2276 3080 est,
2304 3031 2371 3074 ea
2401 3016 2597 3084 virtus,
2637 3030 2747 3088 qua
2788 3029 2853 3073 se
2882 3014 3375 3072 accommodabant
3405 3015 3473 3070 ad
3506 3023 3753 3086 tempora

497 3123 615 3174 τες,
644 3106 804 3176 ὀλίγα
827 3108 961 3181 περὶ
992 3111 1094 3182 τῆς
1134 3110 1392 3184 θεότητος
1440 3112 1609 3168 αὐτοῦ
1662 3116 1942 3188 είρήκασι.
1989 3116 2073 3170 Τὰ

2179 3116 2349 3179 atque
2365 3124 2661 3180 personas.
2686 3119 2742 3164 et
2780 3108 2942 3178 quasi
2969 3122 3078 3164 una
3107 3119 3234 3163 eum
3274 3107 3384 3163 iiiis
3414 3107 3754 3162 condescen-

499 3198 560 3252 δὲ
618 3197 819 3271 πλέονα
869 3202 1002 3272 περὶ
1046 3202 1147 3275 τῆς
1196 3203 1678 3278 ἐνανθρωπότητος
1734 3208 2073 3278 διελέγοντο,

503 3292 600 3346 καὶ
623 3290 720 3346 τοῦ
755 3293 983 3360 πάθους,
1012 3297 1112 3351 καὶ
1138 3296 1240 3367 τῆς
1268 3298 1623 3363 ἀναστάσεως
1642 3339 1658 3365 ,
1690 3302 1784 3355 καὶ
1816 3301 1931 3373 τῆς.
1949 3302 2077 3356 ἀνα-

500 3382 740 3448 ϐάσεως.
777 3386 853 3441 Τὸ
889 3385 1000 3459 γάρ
1051 3386 1389 3461 ζητούμενον
1453 3392 1614 3459 τέως,
1661 3390 1827 3450 τοῦτο,
1876 3387 1968 3466 ἦν,
2016 3393 2077 3448 τὸ

505 3476 867 3550 πιστευθῆναι
912 3478 997 3535 δτι
1026 3480 1252 3552 ἀνέστη,
1282 3484 1379 3538 καὶ
1420 3482 1592 3555 ἀνέϐη
1622 3484 1703 3549 εἰς
1739 3486 1867 3550 τοὺς
1903 3486 2074 3555 ούραο

502 3567 653 3633 νοῦς.
681 3567 894 3641 Ὠσπερ
921 3566 1016 3626 οὖν
1055 3570 1220 3636 αὐτὸς
1254 3574 1536 3646 ὀΧριστὸς
1588 3574 1825 3647 μάλιστα
1857 3577 2076 3632 πάντων

503 3661 807 3727 ἐσπούδαζε
832 3662 1030 3731 δεῖξαι,
1061 3664 1145 3719 ὅτι
1180 3666 1336 3736 παρὰ
1370 3664 1465 3720 τοῦ
1512 3667 1725 3738 Πατρός
1758 3667 1913 3739 ἣκει,
1934 3669 2078 3725 οὕτω
2106 3668 2109 3671 λ

502 3750 604 3806 καὶ
627 3745 805 3819 οὗτος,
853 3754 938 3809 ὅτι
988 3754 1223 3828 ἀνέστη,
1262 3757 1361 3810 καὶ
1396 3756 1675 3829 ἀνελήφθη
1704 3799 1720 3824 ,
1773 3758 1869 3813 καὶ
1929 3762 2070 3829 πρὸς

502 3848 668 3905 αὐτὸν
698 3849 936 3919 ἀπῆλθε,
970 3852 1062 3906 καὶ
1100 3853 1234 3925 παρ’
1262 3852 1431 3908 αὐτοῦ
1468 3853 1720 3923 ἀφίκετο.
1751 3855 1814 3909 Εἰ
1850 3855 1959 3929 γάρ
2000 3857 2076 3931 μὴ

501 3942 664 4021 τοῦτο
714 3944 1012 4017 ἐπιστεύθη
1083 3946 1353 4018 πρότερον
1380 3987 1398 4012 ,
1459 3946 1644 4019 πολλῴ
1700 3949 1930 4019 μᾶλλον,
1972 3950 2075 4020 τῆς

503 4034 826 4108 προσθήκης
867 4036 1191 4110 γενομένης,
1225 4038 1328 4111 τῆς
1364 4039 1508 4093 κατά
1533 4041 1636 4110 τὴν
1656 4039 1956 4096 ἀνάστασιν
1983 4043 2078 4099 καὶ

500 4126 603 4200 τὴν
618 4128 912 4201 ἀνάληψιν,
936 4131 1165 4186 ἄπιστον
1196 4131 1348 4188 ἀπαν
1371 4131 1433 4186 τὸ
1458 4132 1638 4204 δόγμα
1658 4134 1770 4197 τοῖς
1803 4133 2077 4202 Ἰουδαίοις

500 4221 683 4288 εδοξεν
707 4218 872 4279 εἶναι.
907 4225 1000 4279 Διὸ
1023 4226 1208 4297 ἡρέμα
1246 4226 1338 4280 καὶ
1364 4227 1503 4280 κατά
1526 4224 1722 4297 μικρὸν
1754 4227 1952 4292 αὐτοὺς
1984 4231 2079 4283 ἐπὶ

500 4314 574 4370 τά
604 4314 915 4389 ὑψηλότερα
946 4317 1161 4385 ἀνάγει·
1194 4318 1255 4373 ἐν
1287 4317 1346 4372 δὲ
1376 4317 1628 4390 Ἀθήναις
1661 4318 1758 4373 καὶ
1789 4319 2077 4389 ἄνθρωπον

498 4407 668 4463 αὐτὸν
684 4407 873 4474 άπλῶς
922 4412 952 4465 ό
999 4408 1214 4475 Παῦλος
1247 4412 1438 4476 καλεῖ,
1475 4409 1629 4465 οὐδὲν
1676 4411 1840 4465 πλέον
1879 4412 2072 4479 είπὼν,

495 4500 749 4566 εἰκότως.
808 4502 870 4557 Ei
918 4503 1029 4575 γὰρ
1072 4503 1236 4558 αὐτὸν
1271 4500 1364 4557 τὸν
1397 4490 1653 4575 Χριστὸν,
1691 4502 2077 4574 διαλεγόμενον

500 4591 634 4663 περὶ
662 4595 764 4666 τῆς
786 4593 869 4660 τίς
896 4594 991 4650 τὸν
1030 4595 1251 4668 Πατέρα
1282 4594 1549 4664 ἰσότητος,
1573 4594 1792 4649 λιθάσαι
1819 4593 2078 4658 πολλάκις

499 4683 888 4755 ἐπεχείρησαν,
927 4684 1024 4742 καὶ
1084 4685 1410 4755 βλάσφημον
1459 4686 1549 4739 διὰ
1613 4684 1775 4740 τοῦτο
1815 4684 2076 4742 ἐκάλουν.³

499 4774 674 4847 Σχολῇ
706 4774 841 4844 γοῦν
883 4777 1035 4850 παρὰ
1080 4776 1191 4832 τῶν
1212 4775 1412 4833 ἀλιέων
1436 4775 1634 4831 τοῦτον
1657 4775 1751 4829 τὸν
1778 4775 1935 4844 λόγον
1962 4777 2076 4831 ἐδέ-

502 4864 686 4931 ξαντο,
719 4867 1011 4923 καὶταῦτα
1041 4867 1137 4923 τοῦ
1168 4866 1407 4938 σταυροῦ
1444 4866 1930 4937 προχωρήσαντος.

2175 3202 2380 3259 debent
2402 3217 2469 3260 ac
2499 3217 2623 3260 sese
2642 3201 3045 3258 demittebant:
3079 3215 3248 3272 quam
3287 3200 3548 3257 virtutem
3581 3197 3756 3262 Spiri-

2178 3304 2271 3352 tus
2293 3294 2377 3351 eis
2424 3292 2774 3366 suggerebat,
2813 3301 2972 3364 aptos
3016 3298 3074 3348 et
3122 3291 3350 3349 idoneos
3380 3305 3477 3348 eos
3511 3289 3755 3347 eﬂicieus

2176 3389 2245 3444 ad
2271 3387 2396 3453 hoc.
2424 3398 2483 3442 ut
2501 3386 2882 3450 incumberent
2911 3385 2967 3440 in
2991 3385 3259 3441 rationem
3290 3382 3672 3456 dispositionis
3700 3391 3757 3439 et

2178 3478 2702 3536 administrationis.
2743 3475 2956 3533 Idcirco
2993 3475 3253 3531 nimirum
3303 3484 3417 3533 tam
3465 3476 3637 3531 multa
3685 3475 3756 3533 de

2176 3572 2399 3633 Christo
2424 3574 2611 3636 locuti,
2656 3585 2824 3641 pauca
2852 3571 2921 3628 de
2959 3570 3253 3627 divinitate
3287 3571 3409 3640 ejus
3448 3569 3753 3626 dixerunt:

2177 3667 2442 3738 majorem
2519 3673 2702 3721 autem
2755 3671 2966 3735 partem
3025 3660 3095 3719 de
3153 3663 3407 3718 humanae
3426 3671 3634 3717 natura:
3667 3675 3756 3715 as-

2175 3759 2512 3830 sumptione,
2533 3759 2601 3815 de
2632 3757 2908 3828 passione,
2935 3756 3005 3811 de
3038 3755 3446 3812 resurrectione
3477 3764 3533 3823 et
3559 3768 3758 3809 ascen-

2177 3851 2334 3907 sione
2359 3850 2742 3920 loquebantur.
2793 3845 2930 3902 Nam
2959 3847 3064 3903 hoc
3102 3855 3242 3931 erat,
3268 3845 3415 3916 quod
3479 3852 3609 3899 tunc
3645 3843 3755 3899 ini-

2177 3944 2257 3998 tio
2297 3940 2699 4011 requirebatur,
2730 3946 2790 3994 ut
2829 3936 3146 3994 crederetur
3197 3936 3568 4011 resurrcxisse
3596 3945 3651 3990 et
3694 3934 3752 3992 in

2176 4032 2349 4089 cmlos
2374 4030 2711 4088 ascendisse.
2736 4027 3209 4097 Quemadmodum
3238 4029 3404 4098 igitur
3432 4028 3548 4097 ipse
3592 4012 3756 4082 Chri-

2178 4131 2303 4179 stus
2324 4125 2569 4177 onmimn
2594 4120 2831 4175 maxime
2853 4117 3111 4175 studebat
3135 4117 3444 4183 ostendere,
3467 4133 3527 4174 se
3542 4133 3572 4171 ιι
3595 4118 3756 4189 Patre

2181 4214 2365 4270 venire
2399 4232 2411 4267 :
2449 4213 2531 4268 sic
2556 4212 2720 4269 etiam
2758 4210 2846 4266 hic
2884 4210 3264 4267 demonstrare
3299 4209 3352 4281 3
3378 4216 3751 4283 conatureum

2179 4306 2549 4363 rosuri-exisse
2565 4314 2618 4361 et
2635 4312 2978 4373 assumptum
3004 4317 3147 4370 esse,
3170 4309 3223 4358 et
3252 4302 3321 4359 ad
3349 4301 3500 4358 illum
3527 4300 3781 4367 abiissc,.

2179 4399 2328 4454 etab
2361 4398 2454 4454 illo
2487 4398 2727 4454 venisse.
2776 4394 2893 4451 Nisi
2924 4396 3070 4450 enim
3105 4395 3239 4450 illud
3294 4397 3445 4466 prius
3483 4393 3753 4454 creditum
3847 4447 3853 4453 .

2183 4494 2401 4559 fuisset,
2433 4493 2606 4547 multo
2630 4489 2802 4562 magis
2826 4489 3133 4560 adiectione
3157 4487 3302 4545 iacta
3334 4503 3524 4545 earum
3546 4502 3753 4553 rerum,

2174 4599 2299 4658 quae
2321 4585 2469 4641 circa
2503 4583 2964 4640 resurrectionem
3013 4588 3065 4637 et
3097 4583 3535 4652 assumptionem
3606 4580 3754 4636 acci-

2174 4678 2397 4741 derunt,
2440 4672 2781 4730 incredibilis
2805 4686 2929 4730 esse
2987 4672 3109 4729 ﬁdei
3178 4673 3437 4729 universa
3502 4671 3753 4728 doctrina

2171 4767 2375 4825 ludatis
2409 4765 2524 4821 visa
2561 4762 2797 4820 fuisset:
2826 4763 3178 4835 quamobrem
3204 4762 3409 4820 sensim
3462 4778 3526 4818 ac
3559 4762 3755 4831 paula-

2175 4864 2272 4920 tim
2310 4875 2406 4918 eos
2463 4859 2532 4914 ad
2568 4858 2766 4913 altiora
2808 4855 3082 4922 subducit,
3119 4868 3284 4926 atque
3340 4855 3575 4911 Athenis
3600 4855 3751 4910 illum

502 4955 705 5013 Paulus
751 4959 916 5015 etiam
978 4958 1342 5037 sitnpiititet'._
1362 4959 1639 5015 hominem
1720 4965 1900 5026 vocat,
1953 4958 2102 5014 nulla
2176 4973 2236 5013 re
2285 4946 2521 5024 amplius
2570 4948 2807 5020 adjecta,
2855 4964 2922 5006 ac
2956 4948 3173 5003 merito.
3204 4945 3337 5003 Nam
3393 4947 3440 5004 si
3469 4947 3750 5005 Christum

499 5051 680 5122 ipsum
718 5054 885 5110 verba
930 5052 1220 5111 facientem
1262 5054 1329 5110 de
1366 5068 1465 5110 sua
1492 5066 1620 5108 cum
1667 5055 1828 5112 Patre
1874 5053 2187 5123 requalitate
2230 5046 2457 5121 parique
2521 5041 2857 5108 conditione,
2942 5040 3217 5110 lapidibus
3272 5041 3511 5098 obruere
3579 5056 3754 5113 saepe-

497 5164 733 5206 numero
789 5158 1161 5218 tentaveruut,
1209 5158 1264 5204 et
1295 5148 1778 5220 blasphemiam.“
1827 5156 1934 5213 est,
1970 5149 2114 5203 laesa
2140 5143 2444 5216 maiestatis
2486 5139 2688 5196 divinas
2708 5150 2885 5205 reum,
2921 5134 3127 5192 ideirco
3154 5136 3475 5191 vocabant:
3508 5136 3758 5206 profecto

498 5241 588 5296 vix
625 5255 746 5298 eam
786 5244 1086 5299 orationem
1148 5242 1516 5315 piscatoribus
1546 5242 1952 5312 proferentihus
1989 5242 2337 5312 probassent,
2372 5233 2678 5308 pratscrtim
2705 5246 2830 5287 cum
2871 5244 3006 5286 crux
3034 5231 3429 5298 prmcessissct.

569 5337 684 5391 Καὶ
705 5335 761 5390 τί
803 5336 888 5390 δεῖ
909 5335 1090 5406 λέγειν
1116 5337 1242 5400 τοὺς
1275 5335 1590 5402 Ἰουδαίους,
1631 5337 1766 5390 ὅπου
1802 5335 1895 5389 καὶ
1917 5335 2072 5390 αὐτοὶ

497 5425 761 5488 πολλάκις
786 5426 835 5480 oi
870 5424 1108 5495 μαθηταὶ
1126 5424 1234 5479 τῶν
1256 5423 1606 5496 ὑψηλοτέρων
1626 5422 1917 5487 ἀκούοντες
1943 5423 2069 5492 δογ-

503 5517 714 5589 μάτων,
742 5516 1103 5589 ἐθορυϐοῦντο
1130 5519 1226 5573 καὶ
1261 5514 1752 5584 ἐσκανδαλίζοντο;
1786 5516 1886 5570 Διά
1914 5514 2077 5569 τοῦτο

2253 5332 2316 5386 Et
2347 5329 2480 5401 quid
2512 5327 2706 5384 attinet
2731 5323 2916 5380 dicere
2947 5321 3018 5379 de
3040 5320 3248 5378 Judaeis
3268 5322 3292 5376 ?
3311 5322 3755 5393 quandoquidem

2181 5423 2347 5480 etiam
2375 5421 2478 5493 ipsi
2511 5431 2888 5490 saepenumero
2908 5414 3171 5488 discipuli
3200 5415 3269 5472 de
3301 5416 3591 5474 altioribus
3624 5431 3756 5473 sen-

2179 5516 2365 5573 tentiis
2394 5515 2704 5584 loquentem
2736 5510 3018 5569 Christum
3083 5508 3392 5577 audientes,
3455 5509 3754 5570 turbaban-

1733 5654 1935 5720 Variao
1960 5652 2273 5718 lectiones
2304 5658 2365 5717 ct
2387 5658 2581 5715 notae.
2672 5678 2677 5683 -

576 5783 621 5817 “
653 5785 837 5855 μέντοι
865 5785 949 5840 ίσ.
