4192 6294
506 195 612 263 499

1381 207 1955 272 IIl-EOPHYLACTI
1997 208 2408 272 BULGARME
2449 208 2804 272 ARCHIEP.

3657 209 3766 274 500

508 317 600 365 tur
612 319 665 366 et
685 309 1131 382 oﬂendebantur;
1149 326 1431 388 propterea
1455 319 1620 375 etiam
1641 320 1896 378 dicebat:
1927 321 2086 377 Multa

2197 321 2292 375 καὶ
2313 318 2488 387 ἔλεγεο
2524 317 2704 374 Πολλά
2732 317 2842 390 ἔχω
2878 317 3058 389 λέγειν
3100 317 3250 390 ὑμῖν,
3281 315 3395 372 ἀλλ’
3433 317 3495 372 οὗ
3537 315 3767 375 δύνασθε

509 401 703 470 liabeo,
729 419 850 474 quae
898 405 1076 463 dicam
1119 405 1292 475 vobis,
1329 412 1424 467 scd
1453 428 1558 468 non
1611 415 1839 484 potestis
1874 423 2093 486 portare

513 507 681 549 nunc.
707 493 860 560 Quod
891 497 935 552 si
981 498 1060 552 illi
1089 514 1197 555 non
1224 509 1498 572 poterant.
1539 505 1632 575 qui
1667 513 1820 560 tanto
1849 513 2094 576 tempore

511 600 618 640 una
637 601 760 640 cum
782 601 850 642 eo
874 588 1140 658 vixerant,
1161 594 1254 661 qui
1278 601 1357 647 tot
1374 608 1701 650 arcanarum
1717 611 1898 651 rerum
1920 597 2089 667 parti-

510 677 661 747 cipes
687 675 926 743 fuerant,
955 682 1049 748 qui
1078 691 1158 737 tot
1181 683 1444 740 miracula
1460 686 1709 743 viderant
1735 705 1747 741 :
1771 687 2092 759 quipotuis-

510 777 632 822 sent
653 769 752 834 illi,
776 772 870 842 qui
903 773 973 828 ab
989 773 1259 832 altaribus
1275 784 1330 831 et
1357 778 1664 834 simulacris
1681 787 1736 834 et
1757 780 2020 844 victimis,
2035 787 2092 834 et

511 861 708 917 felibus
729 874 786 919 et
817 867 1107 923 crocodilis
1135 887 1151 922 :
1186 869 1316 924 talia
1347 871 1494 926 enim
1546 881 1704 928 erant
1722 887 1811 938 ea,
1839 886 1961 944 quae
1990 889 2090 945 pro

509 955 826 1012 numinibus
879 973 908 1012 a
949 957 1155 1016 Grecis
1213 971 1268 1016 et
1305 963 1533 1034 paganis
1584 966 1911 1022 colebantur
1971 984 1988 1023 :
2033 975 2084 1023 et

507 1046 632 1104 aliis
655 1049 813 1105 malis
830 1057 963 1106 tunc
988 1054 1226 1123 primum
1262 1056 1440 1113 avulsi
1463 1067 1640 1122 erant,
1665 1059 1734 1114 de
1761 1060 2088 1118 sublimibus

507 1141 796 1196 sententiis
828 1143 992 1198 verba
1025 1155 1248 1217 repente
1283 1163 1503 1218 unoque
1551 1157 1831 1206 momento
1861 1149 2086 1220 probas-

507 1231 817 1300 scnt?Qui-
851 1235 980 1290 item
1019 1235 1194 1294 Ιηθωὶ
1239 1253 1482 1311 quoque,
1531 1239 1625 1312 qui
1671 1241 1916 1305 quotidie
1970 1243 2087 1299 dis-

507 1334 662 1392 cunt,
690 1341 1036 1400 quorumque
1089 1345 1254 1388 aures
1288 1332 1373 1388 bis
1431 1333 1658 1388 vocibus
1687 1333 1821 1406 legis
1844 1334 2088 1406 undique

507 1416 918 1476 circumsonant
961 1439 975 1475 :
1026 1421 1165 1478 Audi
1193 1421 1403 1480 Israel:
1450 1423 1714 1482 Dominus
1762 1424 1905 1482 Deus
1936 1435 2084 1492 tuus.

509 1527 654 1568 unus
673 1521 794 1580 est,
852 1529 915 1570 ac
938 1526 1135 1586 praeter
1165 1531 1288 1572 eum
1322 1532 1436 1574 non
1472 1528 1557 1573 est
1582 1517 1724 1574 alius
1766 1537 1780 1574 :
1820 1517 1914 1588 qui
1954 1519 2084 1574 item

509 1613 565 1666 in
607 1617 774 1659 cruce
805 1603 978 1661 clavis
1017 1605 1236 1661 anisum
1273 1607 1423 1662 illum
1461 1619 1867 1679 conspexerant
1901 1630 1914 1666 :
1965 1625 2082 1666 ma-

2196 409 2490 482 βαστάζειν
2529 407 2680 480 ἀρτι.
2713 406 2779 462 Εἰ
2810 407 2868 462 δὲ
2899 408 3098 462 ἐκεῖνοι
3124 407 3226 461 οὐκ
3244 404 3531 478 ἠδύναντο.
3557 404 3610 458 οἰ
3637 421 3768 473 συγ-

2194 505 2477 575 γενόμενοι
2503 503 2697 574 χρόνον
2729 501 2982 556 τοσοῦτον
3007 501 3180 574 αὐτῷ,
3212 501 3307 555 καὶ
3339 499 3614 554 τοσούτων
3643 512 3765 552 κοι-

2193 593 2539 664 νωνὴσαντες
2584 592 2919 664 ἀπορρήτων
2946 633 2962 653 ,
3000 591 3096 645 καὶ
3133 590 3372 654 τοσαῦτα
3429 589 3760 657 θεασάμενοι

2193 686 2450 759 θαύματα
2474 725 2490 750 ,
2519 685 2637 749 πῶς
2682 685 2750 740 ἂν
2779 685 2832 740 ei
2875 685 2986 740 ἀπὸ
3011 684 3215 756 βωμῶν
3255 682 3353 738 καὶ
3399 682 3636 736 εἰδώλων
3671 681 3762 734 καί

2192 779 2392 834 θυσιῶν
2421 782 2520 834 καὶ
2555 779 2823 848 αἰλούρων
2856 779 2954 834 καὶ
2979 777 3340 849 κροκοδείλων
3363 794 3377 808 ’
3401 775 3625 830 τοιαῦτα
3656 774 3758 842 γάρ

2189 861 2260 938 ἦν
2287 867 2396 922 τῶν
2463 867 2732 940 Ἐλλήνων
2778 868 2848 922 τά
2896 865 3242 936 σεϐάσματα·
3285 865 3380 920 καὶ
3428 864 3538 919 τῶν
3591 863 3764 919 ἀλλων

2190 958 2381 1015 κακῶν
2409 959 2532 1014 τότε
2584 960 2803 1032 πρῶτον
2830 961 2876 993 ⁸⁸
2903 958 3374 1022 ἀποσπασθέντες.
3416 956 3614 1026 ἁθρόον
3637 955 3768 1018 τοὺς

2191 1047 2430 1121 ὑψηλοὺς
2455 1049 2565 1104 τῶν
2593 1050 2884 1122 δογμάτων
2921 1050 3170 1117 ἐδέξαντο
3198 1049 3390 1118 λόγους
3414 1066 3429 1116 ;
3472 1047 3592 1112 Πῶς
3617 1047 3663 1101 δ’
3699 1050 3768 1102 ἂν

2189 1143 2285 1197 καὶ
2325 1143 2593 1209 Ἰουδαῖοι,
2626 1145 2677 1199 οἱ
2717 1146 2840 1200 καθ’
2869 1145 3112 1208 ἑκάστην
3149 1145 3363 1215 ἡμέραν
3401 1142 3766 1214 μανθάνοντες

2189 1235 2280 1288 καὶ
2302 1234 2652 1308 ὲνηχοΰμενοι
2676 1235 2780 1290 ὑπὸ
2817 1235 2910 1290 τοῦ
2944 1236 3111 1306 νόμου
3134 1235 3217 1302 τὸ,
3259 1236 3485 1302 Ἀκουε,
3522 1231 3760 1305 Ἰσραήλ·

2188 1329 2394 1402 Κύριος
2440 1333 2469 1386 ὁ
2510 1329 2643 1398 Θεός
2690 1348 2784 1387 σου
2844 1325 2927 1396 εἷς
2981 1332 3119 1397 ἐστι,
3149 1331 3244 1385 καὶ
3270 1329 3412 1400 πλὴν
3453 1328 3620 1386 αὑτοῦ
3664 1329 3766 1381 οὐκ

2184 1422 2334 1477 εστιν
2359 1421 2544 1487 ἄλλος·
2582 1425 2679 1478 καὶ
2719 1425 2778 1478 ιν
2807 1423 2888 1495 τῷ
2915 1422 3140 1495 σταυρῷ
3170 1423 3368 1486 ἰδόντες
3399 1421 3563 1476 αὑτὸν
3591 1437 3763 1490 προσ-

2186 1513 2488 1610 ηλωμένον,
2529 1514 2764 1584 μάλιστα
2787 1515 2844 1570 δὲ
2867 1516 2962 1568 καὶ
2994 1513 3408 1586 σταυρώσαντες
3436 1513 3530 1568 καὶ
3559 1510 3768 1581 θάψαν-

2190 1604 2296 1671 τες
2337 1609 2432 1662 καὶ
2491 1609 2614 1664 οὐδὲ
2666 1608 2979 1663 ἀναστάντα
3043 1607 3244 1671 ἰδόντες
3267 1647 3284 1671 ,
3336 1604 3626 1668 ἀκούοντες
3681 1605 3766 1658 ὅτι

508 1695 656 1750 xime
688 1710 819 1751 vero
853 1697 950 1767 qui
999 1698 1163 1752 etiam
1192 1698 1344 1754 illum
1390 1699 1778 1756 crucidxerant
1851 1709 1905 1757 et
1942 1717 2086 1773 sepe-

2191 1699 2322 1764 Θεός
2361 1701 2508 1755 ἐστιν
2537 1699 2701 1762 αὐτὸς
2739 1693 2895 1764 οὗτος
2921 1702 3016 1754 καὶ
3043 1698 3122 1770 τῷ
3153 1699 3332 1769 [largi
3381 1699 3522 1762 τσος.
3564 1697 3665 1752 οὐκ
3699 1696 3767 1751 ἂν

508 1788 740 1843 livcrant
761 1803 826 1845 ac
857 1805 926 1846 ne
961 1790 1334 1848 resnrrexissc
1367 1791 1588 1862 quidem
1653 1807 1778 1848 eum
1811 1792 2082 1862 viderant,

509 1879 798 1937 audientes
818 1878 967 1938 hunc
1001 1881 1179 1954 ipsum
1210 1881 1380 1939 Deum
1406 1898 1528 1940 esse
1545 1899 1608 1939 ac
1630 1884 1774 1940 Patri
1795 1887 2084 1956 :equalem,

509 1988 616 2028 non
651 1973 897 2028 omnium
951 1974 1192 2030 maxime
1243 1974 1608 2042 resiluissent,
1641 1987 1698 2034 et
1759 1977 1974 2048 abrupti
2001 1994 2087 2034 es-

509 2062 668 2118 sent?
713 2063 1083 2130 Quamobrem
1149 2065 1414 2134 paulatim
1454 2081 1519 2122 ac
1588 2069 1792 2124 sensim
1834 2069 1957 2124 illos
2016 2068 2086 2124 ad

509 2153 614 2210 hoc
651 2153 948 2217 adducunt,
1009 2170 1072 2211 ac
1107 2156 1278 2211 ntulta
1325 2156 1547 2227 quidem
1604 2159 2086 2216 condescensionis

508 2253 565 2301 et
623 2248 1148 2304 aceommodationis
1207 2250 1425 2306 ratione
1492 2259 1548 2306 et
1611 2250 2086 2309 administratione

507 2343 756 2405 utuntur,
794 2337 1026 2410 largiore
1056 2347 1237 2395 autem
1262 2339 1502 2411 Spiritus
1544 2342 1716 2412 gratia
1756 2341 2080 2413 potiuntur:

507 2441 574 2483 ac
623 2429 830 2499 majora
872 2445 1036 2500 quam
1065 2431 1182 2502 ipse
1211 2431 1466 2489 Christus
1515 2433 1735 2496 fecerat,
1775 2433 1920 2488 illius
1986 2448 2088 2485 no-

507 2518 652 2576 mine
676 2529 926 2593 gerunt:
1006 2533 1066 2578 ut
1118 2531 1355 2593 utroque
1421 2526 1583 2580 modo
1629 2526 1750 2580 illos
1782 2524 1936 2578 Itumi
1992 2524 2082 2592 ja-

507 2620 696 2670 centes
758 2614 1084 2679 excitarent,
1121 2628 1186 2669 ac
1227 2615 1386 2669 [idem
1440 2615 1686 2671 facerent
1743 2614 1981 2670 orationi
2012 2615 2087 2669 de

507 2707 934 2762 resurrectione.
967 2705 1177 2762 Etenim
1211 2706 1262 2761 id
1293 2707 1639 2776 potissimum
1677 2713 1764 2762 est
1808 2707 1896 2760 hic
1922 2706 2082 2767 liber,

508 2811 706 2868 nempe
764 2796 1164 2854 demonstratio
1230 2798 1730 2869 documentumque
1810 2812 2088 2853 resurrec-

511 2889 684 2947 tionis
715 2909 730 2946 :
768 2891 935 2962 hujus
985 2907 1219 2962 namque
1245 2892 1320 2948 rei
1352 2891 1458 2948 ﬁde
1503 2893 1669 2958 facta,
1705 2892 1915 2963 reliqua
1953 2906 2088 2962 quo-

509 2993 617 3050 quc
648 2996 904 3054 prospere
973 2983 1362 3040 succedebant.
1395 2983 1463 3037 Et
1526 2995 1907 3054 argumentum
1948 2987 2075 3055 qni-

2189 1789 2425 1859 μάλιστα
2457 1790 2674 1844 πάντων
2699 1789 3060 1861 ἀπεπήδησάν
3092 1805 3152 1842 τε
3187 1789 3280 1844 καὶ
3319 1787 3720 1861 ἀπερράγησαν
3741 1805 3764 1861 _;

2188 1882 2285 1937 Διά
2320 1882 2478 1937 τοῦτο
2503 1884 2689 1955 ἠρέμα
2731 1884 2826 1937 καὶ
2857 1881 3000 1938 κατά
3032 1881 3229 1952 μικρὸν
3261 1881 3459 1945 αὐτοὺς
3496 1879 3767 1952 προϐιϐἀο

2186 1973 2362 2040 ζουσι,
2411 1976 2510 2029 καὶ
2557 1972 2727 2045 πολλῇ
2763 1972 2864 2044 μὲν
2901 1973 3200 2046 κέχρηνται
3243 1974 3310 2044 τῇ
3353 1975 3452 2043 τῆς
3491 1988 3767 2041 συγκατα-

2187 2065 2402 2131 ϐἀσεως
2461 2065 2768 2136 οἰκονομίᾳ,
2803 2065 3196 2138 δαψιλεστέρας
3227 2082 3288 2119 τε
3339 2065 3385 2098 ³⁷
3431 2063 3766 2118 ἀπολαύουσι

2185 2158 2287 2227 τῆς
2335 2156 2432 2212 τοῦ
2465 2156 2787 2228 Πνεύματος
2815 2157 3058 2232 χάριτοςο
3108 2159 3204 2214 καὶ
3245 2157 3470 2229 μείζονα
3496 2148 3572 2212 ὧν
3603 2155 3767 2220 αὐτῆς

2186 2249 2495 2320 πεποίηκεν
2542 2249 2872 2322 ἔργάζονται
2920 2248 3000 2322 τῷ
3037 2250 3202 2305 αὑτοῦ
3229 2250 3476 2322 ὀνόματι·
3515 2249 3606 2303 ἵνα
3637 2249 3768 2303 ἑκα-

2186 2341 2426 2413 τέρωθεν
2469 2343 2671 2406 αὐτοὺς
2716 2343 2893 2413 χαμαὶ
2940 2343 3229 2414 κειμένους
3263 2342 3636 2414 ἀναστήσωσι,
3669 2341 3766 2394 καὶ

2186 2435 2280 2488 τὸν
2308 2435 2434 2504 περί
2465 2435 2566 2507 τῆς
2611 2435 2968 2500 ἀναστάσεως
3021 2435 3407 2490 πιστώσωνται
3448 2435 3627 2502 λόγον’
3671 2433 3768 2487 καὶ

2192 2525 2303 2596 γὰρ
2348 2524 2508 2579 τοῦτο
2564 2527 2801 2595 μάλιστά
2829 2530 2949 2581 ἐστι
2992 2527 3144 2582 τουτὶ
3190 2529 3252 2581 τὸ
3304 2524 3508 2598 βιϐλίον
3530 2526 3766 2580 ἀναστάς

2189 2635 2325 2683 σεως
2353 2619 2646 2685 ἀπόδειξις·
2674 2620 2865 2675 τούτου
2909 2619 3020 2690 γὰρ
3066 2620 3483 2686 πιστευθέντος,
3515 2619 3623 2690 ὁδῷ
3671 2619 3766 2672 καὶ

2189 2711 2256 2764 τὰ
2287 2711 2422 2765 ἀλλα
2453 2713 2802 2784 προῦὅαινεν.
2843 2716 2906 2772 'H
2941 2717 3042 2787 μὶν
3071 2712 3166 2772 οὖν
3206 2715 3466 2782 ὑπόθεσις
3496 2716 3590 2770 καὶ
3614 2718 3643 2770 ό
3668 2712 3764 2769 τοῦ

2192 2803 2398 2873 βιϐλίου
2426 2805 2627 2868 σκοπὸς
2657 2809 2828 2872 ἅπας,
2868 2810 2946 2872 ὡς
2975 2811 3042 2864 ἀν
3073 2825 3160 2872 τις
3197 2807 3538 2880 παχυμερῶς
3570 2808 3764 2861 συλλα-

2188 2893 2299 2948 ϐὼν
2328 2895 2492 2958 sinos,
2542 2889 2700 2962 οὗτος
2752 2898 2800 2930 ³⁸
2847 2899 3088 2969 μάλιστά
3139 2901 3314 2954 ἐστιν·
3349 2896 3674 2970 ἀκούσωμεν
3705 2896 3763 2950 δι

2191 2988 2378 3041 λοιπὸν
2405 2987 2588 3044 αὐτῶν
2627 2989 2737 3044 τῶν
2781 2991 3108 3063 προοιμίων.

510 3073 633 3130 dem
670 3083 832 3145 atque
869 3075 1207 3146 propositum
1248 3076 1371 3131 libri
1409 3075 1746 3145 universum,
1775 3085 1835 3132 ut
1870 3079 2066 3150 aliquis
2089 3094 2148 3136 re
2183 3083 2430 3140 crassius
2491 3071 2889 3156 comprehensa
2948 3085 3172 3154 dixerit,
3245 3087 3350 3143 hoc
3419 3082 3760 3159 potissimum

507 3173 595 3226 est
633 3184 654 3226 :
680 3167 967 3226 audiamus
1004 3178 1186 3226 autem
1216 3170 1470 3241 deinceps
1499 3173 1615 3244 ipsa
1652 3173 1936 3244 principia.

1164 3283 1394 3340 CAPUT
1444 3285 1484 3339 Ι.

587 3394 750 3452 Vsus.
796 3397 845 3453 Ι.
879 3398 1120 3452 Primum
1147 3397 1358 3468 quidem
1387 3397 1575 3452 librum
1607 3397 1828 3467 confeci,
1852 3415 1882 3452 ο
1914 3397 2080 3453 Theo-

511 3485 675 3558 phile,
705 3488 768 3543 de
788 3489 1048 3544 omnibus.

585 3582 1018 3639 Commoncl‘acit
1045 3581 1406 3656 'l‘heOphilum
1433 3582 1730 3656 Evangelii,
1760 3592 1820 3640 ut
1841 3585 2080 3656 exquisi-

513 3683 624 3729 tam
663 3683 716 3729 et
741 3683 1050 3730 accuratam
1087 3691 1242 3732 suam
1267 3677 1600 3747 diligentiam
1660 3679 1932 3740 ostendat.
1955 3679 2084 3736 Etc-

513 3763 627 3817 nim
650 3763 703 3817 in
731 3764 890 3822 initio
909 3764 1055 3821 illius
1085 3766 1266 3834 cperis
1297 3784 1311 3821 :
1345 3763 1534 3823 Visum
1563 3776 1665 3835 est,
1696 3770 1890 3840 inquit,
1915 3769 2079 3824 etiam

513 3857 668 3922 mihi,
702 3858 793 3926 qui
850 3858 1093 3914 omniaa
1152 3859 1331 3929 capite
1377 3861 1665 3933 diligenter
1727 3863 2079 3937 investigari,

513 3949 779 4022 deinceps
812 3951 908 4006 tibi
935 3952 1177 4007 scribere
1207 3971 1221 4018 ;
1252 3969 1359 4008 non
1401 3953 1725 4025 simpliciter
1752 3965 1954 4020 autem,
1985 3956 2078 4012 sed

513 4044 974 4116 quemadmodum
1024 4044 1370 4101 tradiderunt
1428 4048 1593 4102 nobis
1655 4048 1746 4119 qui
1799 4048 1870 4106 ab
1923 4049 2080 4105 initio

511 4148 852 4207 spectatores
870 4145 924 4193 et
962 4139 1197 4194 ministri
1233 4138 1391 4194 Verbi
1452 4142 1698 4199 fuerunt.
1750 4139 2079 4199 Mentionem

512 4225 683 4296 igitur
743 4226 876 4280 facit
914 4227 1061 4283 illius
1107 4230 1506 4296 commentarii,
1561 4231 1920 4300 diligentiam,
1972 4247 2079 4302 qua

519 4331 653 4372 usus
683 4323 768 4371 est
815 4317 943 4382 illic,
975 4317 1023 4372 ei
1062 4317 1315 4391 redigens
1366 4319 1422 4374 in
1471 4323 1810 4377 memoriam.
1844 4323 2081 4394 Diligen-

514 4407 603 4461 tia:
637 4417 816 4463 autem
847 4407 998 4461 illum
1037 4411 1478 4478 commonefacit,
1505 4423 1565 4468 ut
1628 4413 1774 4468 illam
1808 4414 2004 4485 ipsam,
2027 4425 2081 4473 et

514 4517 658 4566 cam,
677 4517 780 4572 qua
803 4519 932 4560 usus
957 4513 1043 4558 est
1068 4505 1122 4558 in
1153 4504 1408 4560 ltoclibro
1425 4517 1603 4564 mente
1627 4517 1788 4581 atque
1817 4516 2079 4568 memoria

512 4600 725 4654 tenens,
749 4591 814 4646 ad
846 4606 908 4647 ea
938 4609 1060 4663 qua:
1085 4595 1417 4656 scribuntur,
1448 4602 1680 4654 Ittaximc
1714 4603 1954 4654 animum
1993 4614 2078 4655 at-

2777 3287 3034 3344 ΚΕΦΔΛ.
3073 3289 3154 3344 A'.

2264 3396 2379 3453 τὸν
2407 3397 2525 3469 μὲν
2543 3400 2779 3470 πρῶτον
2807 3400 2998 3471 λόγον
3023 3401 3408 3475 ἐποιησάμην
3444 3403 3576 3472 περὶ
3615 3400 3758 3455 πᾶν·

2187 3506 2326 3559 των,
2345 3484 2397 3547 ὦ
2435 3493 2704 3562 Θεόφιλε.

2270 3583 2703 3657 ’Δναμιμνήσκει
2758 3586 2851 3642 τδν
2905 3587 3165 3658 Θεόφιλον
3226 3585 3324 3640 τοῦ
3374 3585 3707 3655 Εὐαγγελίου
3737 3628 3752 3650 ,

2188 3673 2330 3726 ὥστε
2382 3673 2482 3744 τὴν
2535 3675 2744 3730 οἰκείαν
2802 3676 3092 3749 ἀκρίϐειαν
3113 3676 3486 3744 ἐνδείξασθαι⁹
3522 3677 3758 3748 καὶγὰρ

2186 3765 2486 3838 ἀρχόμενος
2503 3767 2548 3800 υ
2571 3769 2790 3841 ἐκείνης
2812 3772 2911 3839 τῆς
2926 3770 3326 3842 πραγματείας,
3346 3770 3531 3839 φησίν
3563 3769 3750 3834 Ἔδοξε

2189 3858 2362 3930 κάμοὶ
2444 3861 2960 3933 παρακολουθηκότι
3019 3863 3229 3918 ἀνωθεν
3299 3864 3466 3918 πᾶσιν
3514 3864 3758 3934 ἀκριϐῶς

2187 3951 2425 4024 καθεξῆς
2480 3969 2567 4007 σοι
2624 3953 2854 4026 γράψαι,
2901 3956 3002 4026 οὐχ
3055 3955 3245 4019 ἁπλῶς
3281 3954 3376 4023 δὲ,
3413 3957 3546 4012 ἀλλά
3572 3956 3758 4021 καθὼς

2186 4043 2497 4112 παρέδοσαν
2525 4045 2572 4076 ⁸⁸
2597 4045 2730 4117 ημῖν
2763 4046 2813 4100 οἱ
2862 4047 3117 4121 ἀπαρχῆς
3144 4046 3412 4101 αὐτόπται
3451 4049 3546 4102 καὶ
3605 4049 3752 4118 61m-

2190 4136 2347 4208 ρὲται
2364 4135 2643 4206 γενόμενοι
2667 4137 2757 4191 τοῦ
2782 4139 2979 4208 Λόγου.
3011 4141 3302 4210 Μέμνηται
3325 4139 3420 4196 οὖν
3452 4142 3554 4210 τῆς
3581 4158 3759 4213 πραγ·

2189 4227 2415 4295 ματείας
2435 4229 2781 4299 ἰκεὶνης,τῆς
2801 4231 2980 4284 ἐκεῖσε
2999 4232 3429 4303 ἀναμιμνήσκων
3451 4233 3754 4305 ἀκριϐείας

2185 4318 2286 4388 τῆς
2301 4319 2586 4388 ἀκριϐείας
2605 4321 2660 4374 δὲ
2679 4323 3112 4394 ἀναμιμνήσκει.
3133 4325 3220 4379 ἵνα
3239 4327 3341 4396 τὴν
3364 4326 3534 4397 αὐτὴν
3552 4328 3757 4394 ταύτην

2189 4412 2282 4464 καὶ
2299 4411 2398 4482 τὴν
2423 4411 2520 4466 τοῦ
2542 4414 2808 4488 παρόντος
2831 4413 3034 4485 βιϐλίου
3056 4418 3302 4487 κατέχων
3321 4421 3440 4483 ταῖς
3459 4420 3742 4482 διανοίαις,

2188 4505 2438 4576 προσέχῃ
2472 4505 2517 4538 ⁸⁸
2555 4505 2793 4574 μάλιστα
2852 4508 2966 4570 τοῖς
3028 4510 3431 4580 γραφομένοις·
3489 4511 3582 4564 Διὸ
3631 4510 3750 4564 οὐδὲ

2189 4595 2415 4666 ἐδεήθην
2461 4596 2505 4628 ⁸⁸
2558 4596 2796 4653 ἐνταῦθα
2850 4601 3043 4671 ἐτέρας
3089 4602 3422 4666 συστάσεως.
3461 4601 3520 4656 '0
3557 4602 3604 4635 “
3643 4601 3752 4672 γάρ

511 4683 717 4736 tendat.
741 4682 1104 4748 Quamobrem
1132 4701 1199 4740 nc
1231 4701 1369 4754 Opus
1398 4688 1612 4754 quidem
1639 4690 1726 4742 hic
1751 4692 1941 4746 habuit
1974 4695 2078 4746 alia

2189 4686 2332 4755 άπερ
2391 4687 2646 4757 ἤκουσεν.
2704 4689 3021 4756 ἀξιόπιστος
3077 4693 3370 4761 γενόμενος
3413 4693 3754 4763 γράψαικαὶ

511 4773 1004 4829 commendatione.
1034 4775 1168 4828 Nam
1200 4777 1290 4844 qui
1315 4777 1541 4834 idoneus
1566 4795 1628 4834 ac
1647 4782 1828 4849 grai-is
1850 4786 2085 4853 set-iptor

515 4859 734 4916 habitus
775 4861 868 4926 sit,
908 4876 971 4916 ac
1024 4862 1181 4917 fidem
1233 4862 1428 4919 fecerit
1466 4882 1653 4921 earum
1708 4884 1910 4934 rerum,
1959 4888 2082 4941 qua:

514 4950 738 5014 audivit,
773 4950 899 5006 ltuie
927 4967 1016 5016 ea,
1043 4969 1163 5021 qua:
1198 4969 1303 5009 non
1345 4956 1414 5010 ab
1445 4955 1566 5011 aliis
1592 4959 1818 5027 accepit,
1845 4961 1939 5014 sed
1966 4961 2082 5030 ipse

517 5041 671 5107 vidit,
697 5043 1040 5111 compoucnti
1078 5051 1236 5116 longe
1272 5047 1442 5116 major
1465 5046 1597 5102 ﬁdes
1631 5049 1815 5102 haberi
1839 5050 2080 5105 debebit.

513 5132 727 5188 Idcirco
764 5150 870 5189 non
891 5135 1025 5190 dicit
1071 5151 1084 5188 :
1125 5135 1363 5191 Primum
1419 5139 1639 5208 quidem
1700 5140 2075 5207 l-Ivangelium,

510 5225 658 5294 quod
689 5228 988 5298 conscripsi
1020 5246 1034 5282 :
1069 5228 1186 5291 sed,
1225 5228 1466 5283 Primum
1493 5231 1708 5300 quidem
1753 5232 1948 5286 librum
1979 5251 2073 5288 seu

510 5320 962 5375 Commentarium
999 5339 1012 5375 :
1045 5337 1152 5376 non
1202 5322 1348 5376 enim
1399 5333 1726 5388 erati-anus,
1780 5334 1837 5378 et
1897 5324 2077 5379 inanis

2193 4777 2523 4845 πιστευθεὶς,
2563 4781 2742 4851 πολλῷ
2776 4783 2995 4852 μᾶλλον,
3035 4783 3072 4838 ἀ
3102 4784 3177 4855 μὴ
3201 4784 3334 4852 παρ’
3364 4786 3566 4857 ἑτέρων
3593 4786 3756 4854 ﬁtecu-

2185 4885 2300 4933 σεν,
2347 4870 2466 4924 ἀλλ’
2517 4873 2681 4936 αὐτὸς
2713 4872 2844 4938 εἶδε,
2878 4874 3052 4929 ταῦτα
3095 4875 3386 4941 συντιθεὶς,
3435 4877 3642 4941 δίκαιος
3684 4878 3754 4932 ἂν

2182 4962 2267 5030 εἴη
2301 4960 2677 5017 πιστεύεσθαι.
2709 4965 2808 5019 Διά
2832 4965 2990 5020 τοῦτο
3018 4967 3078 5022 οὐ
3109 4967 3278 5036 λέγει,
3299 4969 3374 5022 Τὸ
3406 4970 3506 5040 μὲν
3535 4969 3754 5038 πρῶτον

2184 5055 2538 5123 Εὐαγγέλιον,
2568 5057 2596 5110 δ
2637 5058 3104 5131 εὐηγγελισάμην,
3144 5063 3300 5126 ἀλλά,
3321 5062 3427 5116 Τὸν
3475 5063 3574 5135 μιν
3604 5065 3757 5134 πρῶ-

2185 5165 2278 5200 τον
2323 5148 2500 5216 λόγον,
2537 5149 2625 5203 διά
2680 5151 2742 5204 rb
2793 5153 2997 5222 ἄτυφον
3029 5153 3194 5208 αὑτὸν
3237 5148 3378 5208 εἶναι
3402 5157 3498 5210 καὶ
3534 5154 3754 5225 μετριό-

2185 5257 2381 5310 φρονα,
2437 5244 2532 5296 καὶ
2591 5243 2815 5311 μείζονα
2884 5242 3082 5298 ἑαυτοῦ
3136 5245 3380 5315 νομίζειν
3452 5241 3592 5298 εἶναι
3655 5243 3751 5298 τοῦ

2186 5329 2524 5397 Εὖαγγελίυυ
2558 5330 2658 5402 τὴν
2687 5332 3082 5404 προσηγορίανο
3114 5334 3296 5389 καίτοι
3315 5352 3376 5404 γε
3401 5337 3429 5390 ό
3453 5335 3748 5399 ἀπόστολος

1713 5487 1913 5549 Variae
1939 5488 2246 5550 lectiones
2276 5496 2336 5549 et
2370 5497 2560 5551 noun.

586 5614 630 5643 ³⁸
671 5614 906 5679 πῖονότοις
935 5626 1068 5664 erat.
1096 5613 1137 5643 ³⁷
1157 5630 1270 5681 pro.
1297 5614 1374 5679 τὲ,
1411 5615 1518 5683 lego
1541 5614 1617 5668 δέ.

519 5698 650 5740 ttat.
727 5685 770 5715 ⁵⁸⁵
809 5683 887 5736 3'0".
924 5684 1138 5754 ἐδειῇθῃ.

1678 5613 1722 5645 ⁵⁸
1748 5613 1940 5691 οὕτως.
1969 5624 2104 5666 ρετ-ατ.
2147 5615 2189 5645 ³⁵
2227 5615 2548 5691 εἰργόμενον,
2567 5625 2701 5691 σοι.
2765 5617 2809 5649 ⁵⁸
2838 5615 3180 5688 παρέδωσαν,
3207 5626 3344 5674 erat.
3398 5616 3438 5646 “
3470 5618 3744 5691 προσέχει,

1215 5687 1258 5716 ⁸³
1289 5685 1474 5750 3t,rrat
1508 5702 1556 5738 ιιι
1601 5684 1937 5755 apograﬂw;
1971 5686 2212 5740 existimo
2240 5685 2590 5754 scribmdum,
2614 5688 2662 5740 ὁ.
