4192 6294
455 162 556 233 501

1228 158 1638 237 EXPOSITIO
1680 175 1759 237 IN
1800 176 1994 238 ACTA.
2021 177 2599 245 APOSTOLORUM.
2624 208 2699 221 —-
2735 183 2897 250 CAP.
2933 185 2984 250 ι.

3617 183 3724 249 502

467 281 634 337 αὐτόν
670 281 922 341 ἐντεῦθεν
954 287 1179 359 κοσμεῖ,
1209 280 1289 343 οὗ
1312 291 1343 345 6
1374 285 1618 355 ἔπαινος,
1655 288 1854 361 λέγων,
1887 291 1946 344 ιν
1968 289 2045 364 τῷ

2154 293 2340 365 gloria
2369 297 2602 368 cupidus
2635 315 2652 351 :
2716 301 2814 356 sed
2856 267 3136 356 moderate
3164 299 3233 357 de
3253 311 3315 357 se
3339 297 3630 363 sentiebat,
3661 314 3726 353 ac

461 373 499 425 l-I
506 373 707 443 ὑαγγελ
714 373 799 445 ίῳ.

2148 387 2413 456 majorem
2459 405 2584 446 esse
2666 391 2893 462 putabat
2946 389 3227 465 Evangelii
3273 390 3716 464 appellationem,

457 482 621 535 quam
650 469 796 538 quod
825 467 897 525 ab
934 484 997 526 se
1034 470 1176 527 sumi
1220 470 1468 540 deberet,
1500 487 1814 545 quanquam
1856 476 2162 545 Apostolus
2189 496 2315 537 cum
2349 482 2480 540 bittc
2517 495 2705 554 ornat,
2770 486 2946 559 Cujus
3014 487 3135 542 laus
3198 493 3305 552 est,
3350 486 3628 558 inquiens,
3663 485 3718 539 iu

460 559 776 633 Evangelia.
1271 629 1276 633 ,

531 651 626 724 τῷ
664 652 743 721 δὲ,
779 656 914 728 Περὶ
939 657 1184 727 πάντων,
1220 658 1420 728 εἰπεῖν,
1465 659 1616 719 δοκεῖ
1661 660 2040 721 ἐναντιοῦσθαι

459 745 540 819 τῷ
582 746 947 822 εὖαγγελιστῇ
998 751 1222 828 Ἰωάννῃ
1247 767 1264 783 ο
1296 753 1352 808 εἰ
1394 770 1459 823 γε
1511 755 1541 808 6
1575 754 1674 826 μὲν
1697 754 1885 828 φησίν·
1929 758 2045 810 οὐκ

456 831 528 909 ἧν
559 838 738 895 πάντα
767 841 998 914 γράψαιο
1031 845 1062 896 6
1102 843 1163 898 δὲ
1208 843 1344 918 ΙΙερὶ
1375 846 1598 900 πάντων
1638 846 1730 900 τόν
1766 846 1925 917 λόγον
1953 863 2045 901 πε.

459 929 723 995 ποιῆσθαι
757 931 805 964 ⁸⁸
829 931 927 987 ἀπ’
976 933 1157 1005 ἀρχῆς
1192 933 1359 1007 μέχρι
1410 934 1511 1006 τῆς
1569 934 1914 1007 ἀναλήψεως.
1970 934 2040 991 Τί

458 1016 554 1074 οὖν
585 1038 796 1093 φαμεν;
813 1022 960 1094 Ὅτι,
981 1026 1120 1096 Περὶ
1133 1026 1373 1093 πάντων,
1401 1022 1557 1091 οὗτός
1589 1030 1747 1100 φησι,
1782 1027 1894 1083 τῶν
1921 1045 2043 1083 συν-

459 1113 699 1182 εχόντων
741 1115 838 1169 καὶ
878 1116 1317 1186 κατεπειγόντων
1370 1118 1540 1191 μηδὲν
1586 1119 1944 1191 παραλιπεῖν,
1983 1119 2046 1188 ἐξ

2215 662 2390 722 Porro
2419 666 2589 738 quod,
2619 668 2687 724 de
2727 668 2983 726 omnibus
3020 668 3180 735 dixit,
3216 669 3321 725 boc
3375 666 3548 724 verbo
3582 667 3731 722 vide.

2149 761 2241 813 tur
2286 754 2484 813 Joanui
2544 761 2894 833 evangelista:
2933 761 3213 817 adversari
3248 780 3263 817 :
3319 760 3592 831 siquidem
3634 759 3728 814 ille

2146 847 2300 914 dicit,
2332 863 2442 904 non
2506 849 2749 920 potuisse
2798 853 2981 907 omnia
3052 851 3245 915 scribi,
3295 852 3384 907 hic
3416 867 3564 915 vero,
3595 865 3720 909 sese

2149 935 2219 994 de
2269 938 2526 994 omnibus
2575 940 2869 1011 scripsisse
2925 956 2956 996 a
3024 943 3296 1014 principio
3328 943 3594 1012 usquead
3624 957 3728 996 as-

2148 1031 2537 1101 sumptioncm.
2599 1032 2739 1100 Quid
2791 1033 2957 1106 igitur
2998 1034 3234 1092 dicimus
3260 1036 3286 1090 τ
3320 1048 3516 1105 nempe
3550 1037 3718 1094 hunc.

2151 1122 2297 1192 quod
2326 1123 2481 1191 dicit,
2531 1123 2601 1182 de
2621 1126 2903 1193 omnibus,
2937 1126 3248 1198 signiﬁcare
3270 1142 3331 1183 se
3358 1142 3424 1184 ex
3482 1127 3574 1193 iis,
3605 1126 3728 1196 qui-

460 1195 538 1256 ὧν
584 1205 621 1275 ἡ
664 1205 760 1260 τοῦ
813 1205 1173 1279 κηρύγματος
1204 1209 1422 1281 θειότης
1466 1212 1563 1267 καὶ
1591 1211 1820 1284 ἀλήθεια
1870 1230 2046 1269 κατα-

2154 1213 2257 1272 bus
2288 1231 2379 1273 res
2437 1216 2732 1282 nitebatur,
2769 1234 2960 1288 (μηδιό
2995 1195 3065 1274 vin
3120 1218 3314 1288 primis
3374 1219 3732 1290 requireban-

461 1293 824 1365 λαμϐάνεταισ
872 1298 1048 1355 ταῦτα
1080 1300 1193 1374 γὰρ
1221 1300 1257 1356 ἃ.
1305 1300 1378 1355 δι’
1413 1294 1492 1357 ὧν
1544 1301 1665 1357 ἐστι
1704 1306 2050 1375 καταμαθεῖν

2154 1314 2259 1371 lur,
2293 1321 2361 1362 ex
2408 1308 2610 1378 quibus
2647 1308 2906 1365 divinitas
2955 1309 3367 1379 praedicationis
3421 1319 3477 1366 et
3526 1311 3730 1367 veritas

463 1386 565 1458 τὴν
613 1385 710 1442 τοῦ
744 1389 1104 1464 κηρύγματος
1154 1392 1412 1465 θειότητα
1445 1396 1545 1450 καὶ
1579 1395 1864 1469 ἀλήθειαν,
1898 1402 1996 1455 καὶ
2016 1400 2047 1453 ό

2154 1396 2604 1466 deprehenditur,
2640 1399 2777 1455 nlltil
2828 1399 3267 1470 praetermisisse.
3301 1399 3437 1456 Nam
3473 1400 3590 1467 illa,
3625 1415 3730 1471 per

463 1479 681 1545 Λουκᾶς
740 1483 837 1536 καὶ
873 1483 1107 1548 ἕκαστος
1146 1484 1259 1540 τῶν
1335 1487 1745 1557 εὐαγγελιστῶν
1787 1490 1870 1564 τῷ
1926 1491 2046 1564 ἰδίῳ

2154 1504 2267 1559 qua:
2302 1486 2562 1547 divinitas
2611 1496 2668 1547 et
2732 1493 2940 1549 veritas
3003 1492 3414 1564 przedicationis
3472 1492 3730 1564 cognosci

463 1570 615 1643 λόγῳ
658 1573 1072 1644 κεφαλαιωδῶς,
1106 1578 1202 1632 καὶ
1225 1577 1303 1643 ώς
1330 1574 1391 1633 ἐν
1418 1579 1769 1637 ὑποτυπώσει
1795 1583 2046 1652 ἀκριϐῶς

2154 1589 2345 1652 potest,
2425 1597 2550 1638 cum
2610 1582 2829 1649 Lucas,
2901 1594 3015 1640 tum
3064 1586 3524 1657 evangelistarum
3575 1584 3731 1656 quis-

467 1662 864 1732 ὲγκατὲταξανυ
892 1666 987 1721 καὶ
1010 1667 1176 1733 αὐτὸς
1203 1668 1262 1725 δὲ
1283 1669 1484 1738 ὁμοίως
1509 1671 1539 1724 6
1565 1669 1817 1740 θεολόγος
1857 1672 2040 1729 Ἰωάν-

2154 1691 2251 1747 pte
2276 1676 2331 1731 in
2364 1691 2525 1733 suum
2554 1676 2756 1734 librum
2790 1680 3134 1748 summatim,
3163 1694 3228 1736 ac
3242 1665 3413 1750 iquasi
3454 1694 3547 1749 per
3586 1677 3724 1733 deli-

467 1772 566 1827 νης
598 1756 725 1828 περί
753 1757 974 1813 πάντων
1003 1759 1210 1815 τούτων
1239 1759 1515 1815 διέλαϐεν.
1554 1762 1629 1816 Οὒ
1658 1763 1766 1833 γὰρ
1799 1765 2051 1820 ἑνόλιπόν

469 1864 545 1914 τι,
589 1848 658 1903 δι’
707 1842 784 1904 ὧν
812 1850 848 1923 ἡ
885 1867 948 1906 τε
977 1852 1121 1908 κατὰ
1173 1853 1354 1926 σάρκα
1399 1853 1498 1909 τοῦ
1546 1856 1724 1925 Λόγου
1758 1844 2051 1930 οἰκονομία

472 1940 793 1997 πιστεύεταί
849 1959 911 1997 τε
970 1945 1068 1998 καὶ
1126 1945 1594 2014 ἐπιγινώσκεται,
1651 1947 1747 2001 καὶ
1811 1950 1848 2021 ἠ
1907 1950 2052 2005 κατὰ

476 2032 577 2105 τὴν
621 2031 855 2106 θεότητα
897 2035 1064 2091 αὑτοῦ
1111 2037 1470 2109 μεγαλειότης
1506 2038 1804 2111 διαλάμπει
1848 2057 1908 2094 τε
1954 2043 2052 2096 καὶ

469 2126 852 2196 ἱμφανίζεται.
898 2129 993 2202 Μὴ
1022 2130 1280 2204 χωρῆσαι
1315 2130 1418 2203 μέν
1466 2149 1552 2185 τοι
1606 2131 1678 2186 τά
1724 2132 2053 2205 γραφόμενα

473 2213 655 2286 βιϐλία
703 2217 796 2271 τὸν
865 2218 1066 2293 κόσμον
1127 2221 1158 2274 6
1212 2218 1461 2290 Ἰωάννης
1514 2223 1680 2295 φησὶν
1705 2261 1722 2288 ,
1798 2225 1850 2278 εἰ
1907 2224 2052 2279 κατὰ

473 2308 642 2379 μέρος
719 2309 818 2365 καὶ
870 2312 966 2365 ἐπὶ
1050 2311 1236 2384 λεπτῷ
1307 2313 1486 2368 πάντα
1564 2315 1868 2386 γράφοιτο,
1928 2315 1967 2371 ἃ
2023 2318 2055 2371 6

472 2401 758 2473 Δεσπότης
816 2399 939 2457 εἶπέ
972 2420 1033 2458 τε
1073 2405 1169 2459 καί
1205 2405 1463 2477 ἐποίησε·
1498 2404 1736 2478 μάλιστα
1777 2405 1837 2460 δὲ
1866 2408 1917 2461 εἰ
1954 2408 2055 2461 καὶ

471 2491 603 2557 τοὺς
644 2492 836 2563 λόγους
869 2494 979 2550 τῶν
1011 2497 1354 2568 πραγμάτων
1387 2497 1485 2552 καὶ
1511 2498 1820 2569 εἰρημένων
1858 2497 2056 2570 ἐπιζη-

476 2586 587 2641 τῶν
607 2604 692 2652 τις
722 2592 1040 2645 συντάττειν
1077 2590 1321 2664 βούλοιτο
1338 2594 1407 2664 τῇ
1436 2593 1650 2667 Γραφῇ.
1691 2593 1757 2647 οι
1783 2591 1893 2668 γάρ
1927 2595 2058 2650 τοῦ·

480 2694 590 2732 των
617 2678 766 2749 λόγοι
799 2682 895 2738 καὶ⁵
924 2683 993 2737 τὰ
1023 2683 1196 2749 αἴτια,
1226 2683 1351 2738 καθ’
1377 2682 1415 2739 ά
1444 2685 1667 2756 ἐνήργει
1705 2686 1806 2741 καὶ
1845 2685 2052 2755 ἔλεγεν,

483 2766 607 2823 οὔτε
633 2769 913 2844 λογισμοῖς
952 2771 1319 2846 ἀνθρωπίνοις
1365 2770 1584 2844 ληπτοὶ,
1618 2769 1746 2827 οὔτε
1787 2773 2051 2842 γνωστοὶ.

483 2864 620 2938 πλὴν
644 2867 728 2922 ὅτι
752 2868 830 2932 ὡς
866 2868 896 2922 6
934 2868 1071 2934 Θεὸς
1107 2868 1403 2942 ἔπραττεν,
1439 2867 1478 2924 ἃ
1528 2864 1790 2939 ἔπραττε,
1820 2869 1918 2924 καὶ
1951 2868 2054 2939 τὴν

479 2957 836 3030 ἀνθρωπίνην
865 2957 1026 3030 φύσιν
1053 2960 1438 3029 πιστούμενοςο
1474 2957 1600 3013 οὔτε
1639 2958 1785 3031 λόγῳ
1819 2959 2054 3031 ῥηθῆναι

2152 1765 2463 1824 neationcm
2528 1767 2802 1826 industrie
2836 1769 3235 1843 diligenterque
3283 1771 3611 1836 retulerunt,
3643 1778 3728 1824 at-

2151 1872 2259 1929 que
2287 1857 2406 1929 ipse
2438 1859 2695 1916 similiter
2734 1858 2975 1919 Joannes
3020 1863 3111 1919 ille
3157 1861 3467 1932 Theologus
3499 1876 3563 1915 ac
3604 1859 3730 1916 Dci-

2154 1951 2282 2008 tatis
2301 1965 2482 2021 praeco
2516 1950 2586 2008 de
2622 1951 2711 2009 bis
2756 1954 3015 2012 omnibus
3068 1949 3474 2011 commentatus
3530 1961 3616 2011 est
3647 1960 3734 2008 at-

2150 2053 2257 2110 que
2288 2041 2567 2099 tractavit.
2629 2039 2746 2097 Non
2817 2044 2966 2099 enim
3029 2045 3236 2117 aliquid
3291 2061 3480 2101 earum
3550 2059 3734 2099 rerum

2152 2131 2640 2201 praetermiserunt,
2683 2146 2778 2200 per
2808 2146 2947 2202 quas
3002 2141 3120 2187 tum
3157 2147 3246 2194 ea.
3283 2127 3410 2203 (ιιιὲ
3458 2131 3513 2186 in
3568 2146 3735 2185 carne

2150 2218 2403 2292 contigit,
2430 2219 2833 2276 administratio
2857 2217 3020 2276 Verbi
3047 2220 3288 2276 creditur
3312 2226 3478 2289 atque
3528 2234 3736 2286 cogitu-

2152 2310 2348 2379 scitur,
2374 2321 2489 2367 tum
2519 2327 2582 2366 ea
2607 2327 2726 2382 qua:
2751 2311 2809 2368 in
2859 2313 3063 2369 deitate
3085 2312 3207 2384 ejus
3227 2322 3332 2376 est,
3347 2312 3604 2381 maiestas
3619 2310 3737 2365 elo-

2152 2408 2242 2459 cet
2270 2409 2435 2474 atque
2472 2400 2808 2461 declaratur.
2837 2403 2909 2459 Δί
2932 2403 3175 2461 Joannes
3210 2406 3475 2460 mundum
3508 2400 3585 2457 ait
3622 2419 3732 2457 non

2154 2506 2444 2567 capturum
2476 2509 2566 2562 ea,
2613 2510 2736 2567 qua:
2791 2506 3152 2555 exararentur
3197 2496 3499 2561 volumina,
3528 2496 3574 2550 si
3607 2509 3736 2567 para

2151 2587 2424 2645 ticulatim
2471 2602 2536 2645 ac
2592 2588 2908 2645 minutatim
2932 2589 3117 2645 omnia
3156 2587 3550 2645 scriberentur.
3613 2603 3737 2658 qua:

2153 2681 2420 2739 Dominus
2438 2689 2495 2738 et
2512 2681 2652 2739 dixit
2670 2690 2726 2739 et
2742 2681 2876 2739 fecit
2903 2700 2918 2738 :
2962 2683 3205 2739 maxime
3228 2697 3358 2739 vero
3372 2683 3418 2739 si
3438 2683 3560 2752 quis
3571 2683 3734 2739 etiam

2152 2774 2396 2832 rationes
2409 2773 2675 2832 laetorum
2691 2783 2859 2848 atque
2882 2776 3155 2833 dictorum
3177 2778 3461 2849 requirens
3478 2775 3531 2848 5
3558 2776 3733 2845 scrip-

2152 2876 2275 2923 tura
2303 2866 2556 2939 persequi
2592 2874 2757 2939 atque
2782 2869 3071 2941 complecti
3092 2869 3238 2926 velit.
3262 2870 3640 2926 lllorumenim
3660 2886 3738 2923 ra-

2150 2958 2332 3018 tiones
2351 2969 2406 3017 et
2424 2975 2603 3016 causae
2633 2969 2856 3032 propter
2882 2976 3021 3032 quas
3047 2962 3267 3034 aliquod
3299 2961 3381 3017 vel
3402 2962 3620 3019 dicebat
3653 2964 3732 3015 vel

476 3049 731 3116 δυνατοὶ,
789 3050 909 3108 ἀλλ’
949 3053 1071 3106 οὐδὲ
1144 3054 1333 3124 γραφῇ
1373 3050 1717 3122 παραδοῦναι
1776 3053 2051 3124 χωρητοί·

2161 3051 2391 3109 faciebat
2441 3051 2862 3124 cogitationibus
2884 3052 3141 3110 humanis
3174 3068 3348 3124 neque
3371 3053 3605 3124 percipi.
3634 3068 3730 3105 11ιὲ-

481 3143 660 3207 duo;
701 3162 761 3199 τε
791 3143 850 3197 δὲ
878 3146 973 3199 καὶ
1017 3146 1103 3210 τὸ,
1130 3139 1310 3216 οἶμαι,
1338 3143 1659 3215 προστεθὲν,
1692 3145 1795 3213 τὴν
1823 3143 2055 3216 63:960-

2163 3159 2272 3215 que
2307 3145 2588 3217 cognosci,
2636 3159 2817 3216 neque
2864 3144 3114 3203 oratione
3160 3147 3423 3217 explicari
3483 3155 3735 3217 possunt.

478 3235 580 3307 λὴν
606 3235 826 3302 κολάζει
860 3235 958 3291 τοῦ
983 3236 1173 3306 λόγου,
1209 3236 1305 3290 καί
1331 3235 1435 3291 οὐκ
1472 3235 1778 3303 ἑξάπαντος
1814 3235 2059 3292 δείκνυσι

480 3323 886 3395 διατεινόμενον
930 3325 1007 3397 μὴ
1035 3326 1289 3398 χωρῆσαι

2165 3244 2363 3306 praeter
2412 3235 2543 3305 quid
2599 3236 2746 3308 quod
2795 3244 3054 3308 tanquam
3118 3234 3262 3292 Deus
3316 3235 3533 3307 agebat,
3588 3236 3735 3306 quod

2163 3329 2382 3398 agebat,
2431 3329 2595 3385 etiam
2634 3329 2932 3385 humanam
2982 3330 3200 3385 interim
3262 3339 3512 3383 naturam
3543 3343 3643 3399 pra
3681 3344 3742 3383 se

476 3419 664 3477 ferens
695 3437 711 3477 :
742 3429 908 3491 atque
955 3422 1094 3478 adeo
1141 3438 1210 3479 ne
1266 3421 1560 3492 scriptura:
1597 3421 1818 3492 quidem
1884 3424 2133 3480 mandari
2186 3435 2356 3496 atque
2413 3423 2803 3495 comprehendi
2850 3431 3104 3495 possunt,
3160 3431 3215 3477 et
3278 3423 3520 3494 alioquin
3576 3422 3739 3478 etiam

479 3513 732 3580 verbum,
760 3514 985 3585 opinor,
1029 3513 1342 3586 appositum
1363 3515 1838 3586 cxsuperationem
1863 3525 1916 3573 et
1959 3517 2385 3588 superlationem
2419 3517 2647 3589 corrigit
2683 3515 2951 3572 orationis
3021 3522 3078 3570 et
3141 3514 3379 3571 ostendit
3438 3527 3564 3568 eum
3631 3526 3740 3566 non

481 3611 904 3667 contendentem
932 3619 988 3667 et
1013 3619 1444 3678 asseverantem,
1496 3612 1760 3667 mundum
1790 3628 2016 3684 prorsus
2053 3629 2117 3671 ac
2147 3615 2369 3687 penitus
2392 3622 2683 3685 capturum
2721 3627 2830 3669 non
2853 3611 3047 3668 fuisse.

555 3705 712 3760 ⁸Ἐστι
744 3704 804 3759 δὲ
826 3706 920 3761 καὶ
966 3705 1127 3761 τοῦτο
1163 3707 1358 3768 εἰπεῖν,
1425 3707 1508 3762 ὅτι
1578 3699 1739 3770 οὗτος
1764 3708 1792 3761 6
1820 3709 2050 3777 ιιύαγγε⁴

480 3796 692 3871 λιστὴς,
714 3799 840 3852 επεὶ
873 3797 1076 3871 μᾶλλον
1104 3799 1215 3855 τῶν
1239 3798 1415 3854 ἄλλων
1451 3804 1519 3871 τῇ
1555 3798 1762 3872 θεωρία
1784 3799 2059 3872 ἐνδιατρί-

483 3893 591 3960 σει,
645 3891 871 3957 εἰκότως
897 3891 1117 3949 ἅπαντα
1151 3890 1317 3947 αὐτοῦ
1345 3891 1414 3947 τά
1471 3891 1609 3963 ἔργα
1651 3894 1748 3946 καὶ
1778 3893 2061 3964 ποιήματα

484 3982 766 4055 γινώσκει,
791 3983 853 4039 οὐ
876 3983 1037 4055 μόνον
1061 3982 1101 4040 ἃ
1129 3983 1270 4056 μετὰ
1324 3983 1529 4055 σαρκός
1560 3981 1894 4051 ἐπεδείξατο,
1926 3982 2063 4038 aut

484 4077 584 4132 καὶ
628 4075 778 4149 άπερ
802 4074 1082 4142 ὲξαίῶνος
1109 4073 1544 4147 ἐδημιούργησεν
1583 4073 1855 4145 άσώματά
1881 4091 1940 4128 τε
1968 4075 2062 4128 καὶ

487 4165 633 4238 μετὰ
660 4165 936 4236 σώματος’
963 4157 1040 4217 ὧν
1068 4162 1171 4234 τῆς
1202 4163 1395 4224 οὐσίας
1423 4162 1596 4235 πέρας
1622 4163 1718 4216 καὶ
1751 4163 1852 4232 τῆς
1889 4179 2063 4235 προσ-

484 4257 713 4329 αγωγῆς
745 4259 840 4312 καί⁵
886 4256 987 4326 τῆς
1046 4256 1309 4327 διαφοράς
1363 4257 1460 4309 καὶ
1486 4255 1587 4325 τῆς
1621 4253 1929 4326 ὑπάρξεως,
1965 4256 2060 4309 καὶ

485 4353 596 4406 τῶν
621 4351 824 4414 ἄλλων,
850 4348 1014 4414 εἴτις
1048 4349 1282 4420 γράφειν
1305 4347 1431 4402 καθ’
1460 4347 1696 4402 ἕκαστον
1732 4346 2058 4421 ἐπιχειροίη,

2241 3706 2431 3764 Potest
2462 3716 2644 3764 autem
2679 3706 2785 3762 ltoc
2818 3719 3041 3777 quoque
3072 3702 3204 3769 dici,
3269 3700 3412 3756 hunc
3467 3699 3745 3767 evangeli-

2168 3809 2331 3867 stam,
2355 3801 2482 3868 quia
2518 3799 2693 3870 magis
2722 3813 2888 3869 quam
2913 3794 3101 3853 caeteri
3129 3793 3487 3866 spcculatinni
3513 3788 3740 3852 insistit,

2173 3895 2373 3949 merito
2434 3894 2695 3948 universa
2756 3891 2908 3946 illius
2951 3902 3117 3960 opera
3145 3901 3210 3943 ac
3242 3885 3386 3943 facta
3411 3882 3738 3954 intelligere,

2172 4000 2281 4041 non
2328 4000 2395 4041 ea
2449 3984 2615 4041 modo
2675 3998 2799 4055 quae
2849 3996 2977 4037 eum
3023 3994 3193 4036 carne
3241 3975 3518 4049 pmstitit,
3553 3989 3739 4030 verum

2168 4072 2333 4128 etiam
2363 4088 2426 4127 ea
2474 4087 2596 4143 quae
2647 4088 2677 4125 a
2730 4070 2932 4126 saeculo
2958 4067 3139 4125 cﬂ‘ccit
3170 4066 3494 4136 incorporea
3546 4078 3742 4134 corpo-

2162 4180 2400 4235 rcaque:
2430 4178 2664 4235 quorum
2694 4173 2908 4219 natura:
2958 4164 3117 4218 linem
3146 4171 3198 4216 et
3261 4158 3638 4230 productionis
3689 4169 3744 4211 et

2165 4256 2482 4314 diﬂ'erentitr
2536 4264 2591 4312 et
2637 4255 2962 4313 substantia:
3019 4261 3454 4321 ca‘terorumque
3509 4251 3554 4304 si
3617 4252 3742 4320 quis

2164 4347 2481 4419 singulatim
2504 4348 2745 4404 scribere
2777 4346 3146 4418 aggrediatur,
3179 4360 3267 4409 ne,
3308 4344 3354 4399 si
3393 4344 3517 4416 quis
3573 4342 3741 4399 etiam

487 4443 602 4498 οὒτ’
656 4442 746 4505 ἃν,
797 4442 852 4496 εἰ
879 4458 960 4503 τις
995 4441 1090 4494 καὶ
1134 4440 1251 4511 δοίη
1275 4437 1438 4494 τοῦτο
1491 4439 1635 4493 κατὰ
1686 4440 2055 4510 συγχώρησιν,

2171 4440 2277 4498 boc
2309 4441 2401 4496 det
2425 4455 2524 4512 per
2562 4441 3005 4503 concessionem,
3045 4439 3162 4495 ﬁeri
3195 4438 3417 4508 quidem
3446 4446 3650 4510 posset,
3682 4445 3743 4493 ut

486 4534 712 4592 δυνατὸν
741 4533 828 4604 εἴη
857 4535 950 4588 τὸν
977 4534 1186 4604 κόσμον
1212 4531 1280 4586 τά
1312 4530 1638 4603 γραφόμενα
1660 4530 1846 4601 βιϐλία
1879 4529 2064 4604 χωρῆν

2168 4532 2410 4589 mundus
2464 4539 2686 4601 caperet
2768 4530 3092 4597 volumina,
3159 4545 3282 4600 quze
3345 4524 3739 4587 scriberentur.

490 4644 605 4684 σαι.
635 4628 699 4683 Ei
736 4627 902 4690 δέοτις
959 4627 1054 4679 καὶ
1101 4624 1311 4693 κόσμον
1371 4622 1608 4678 ἐνταῦθα
1654 4622 1717 4676 οὐ
1739 4623 1833 4677 τὸν
1861 4624 2055 4695 κόσμοι

2169 4625 2325 4694 Quod
2351 4625 2395 4680 si
2461 4625 2584 4697 quis
2641 4624 2806 4681 etiam
2862 4623 3127 4680 mundum
3171 4624 3281 4687 bic,
3336 4638 3445 4678 non
3476 4621 3742 4676 mundum

495 4721 703 4787 ἁπλῶς,
737 4720 877 4777 ἀλλὰ
900 4722 994 4776 τὸν
1023 4721 1116 4775 ἐπὶ
1137 4718 1366 4792 πονηρῷ
1385 4720 1638 4790 κείμενον
1663 4719 1950 4792 ἄνθρωπον
1974 4717 2055 4772 καί

2171 4717 2518 4787 simpliciter,
2578 4716 2673 4773 sed
2705 4732 2853 4778 eum,
2915 4714 3007 4787 qui
3064 4714 3414 4787 improbitate
3442 4712 3658 4770 obsitus
3678 4728 3743 4768 ac

493 4815 564 4870 τά
590 4815 682 4869 τοῦ
705 4817 911 4886 κόσμου
930 4814 1024 4869 καὶ
1051 4815 1119 4868 τὰ
1152 4812 1254 4886 τῆς
1284 4813 1485 4881 σαρκὸς
1512 4812 1731 4867 ὲκλάὸυι
1747 4811 2067 4883 φρονοῦντω

496 4906 767 4980 πολλαχοῦ
819 4909 929 4978 γὰρ
963 4908 1056 4962 καὶ
1083 4907 1258 4970 οὕτως
1296 4905 1548 4976 εἴληπται
1567 4904 1669 4974 τῆς
1701 4903 1946 4976 Γραφῆς·
1979 4903 2065 4955 εἰ-

495 5001 668 5065 κότως
734 5001 881 5070 λέγει
916 5002 946 5055 6
987 5000 1260 5069 Ἰωάννης,
1280 5000 1364 5051 ὅτι
1396 4997 1457 5052 Εἰ
1482 4998 1725 5052 ιιτόιντα¹⁵⁸
1759 4996 1828 5050 τά
1852 4995 2064 5066 (lanna-

492 5094 870 5165 τουργηθέντα
923 5094 1076 5163 παρὰ
1132 5091 1227 5146 τοῦ
1287 5090 1526 5164 Χριστοῦ
1576 5090 1792 5161 θελήσει
1824 5105 1909 5152 τις
1931 5088 2069 5142 ἀνα-

2172 4809 2435 4881 prmditus
2455 4815 2562 4876 est,
2590 4809 2891 4873 hominem,
2920 4822 2984 4863 ac
3009 4808 3285 4862 mundana
3311 4817 3474 4873 atque
3498 4807 3742 4862 carnalia

2174 4902 2361 4956 animo
2410 4900 2700 4971 agitantem
2764 4898 3029 4970 accipiat:
3073 4900 3126 4953 in
3188 4898 3374 4953 multis
3400 4897 3546 4951 enim
3608 4896 3743 4952 locis

2177 4992 2475 5061 Scriptura:
2489 4994 2651 5048 etiam
2681 4992 2762 5049 sic
2784 4990 3051 5062 accipitur
3079 5007 3091 5044 :
3140 4994 3285 5043 recte
3307 4987 3440 5042 dicit
3463 4985 3700 5041 Joannes
3720 5028 3735 5049 ,

2177 5083 2331 5149 Quod
2379 5084 2425 5138 si
2464 5082 2591 5152 quis
2639 5080 2848 5143 omnia,
2892 5095 3015 5150 qua:
3068 5095 3098 5133 ιι
3148 5077 3369 5133 Christo
3421 5073 3742 5128 mirabiliter

493 5188 751 5257 γράφειν,
796 5186 899 5239 οὐκ
924 5184 990 5239 ἂν
1017 5186 1326 5256 χωρήσαιεν
1352 5185 1400 5237 οἰ
1431 5181 1686 5247 τοιοῦτοι,
1740 5180 1817 5251 τῷ
1872 5179 2055 5251 πλήθει

2175 5177 2317 5232 laeta
2355 5185 2504 5239 sunt,
2550 5174 2748 5231 litteris
2777 5176 3040 5229 mandare
3054 5172 3207 5235 vclit,
3229 5184 3427 5240 capere
3444 5183 3552 5222 non
3582 5180 3744 5236 posse

492 5278 602 5331 τῶν
628 5276 807 5348 ἔργων
829 5276 925 5331 καὶ
950 5279 1017 5346 τῇ
1041 5274 1423 5345 μεγαλειότητι
1452 5275 1535 5338 εἰς
1557 5273 1818 5327 ἀπιστίαν
1846 5269 2069 5339 μᾶλλον,

493 5368 635 5442 ἠείς
682 5369 862 5423 πίστιν
926 5368 1205 5439 φιλοῦντες
1264 5363 1594 5436 ὑπάγεσθαι.
1652 5366 1763 5419 Καὶ
1813 5364 1924 5434 γὰρ
1975 5359 2065 5416 διὰ

2171 5283 2291 5331 eos,
2323 5268 2417 5338 qui
2475 5267 2614 5322 tales
2662 5272 2813 5332 sunt,
2845 5265 3195 5320 multitudine
3219 5275 3283 5315 ac
3336 5255 3740 5329 magniﬁcentia

2171 5374 2395 5430 operum
2454 5357 2521 5414 ad
2573 5357 3011 5414 incredulitatem
3069 5353 3214 5411 soliti
3250 5350 3468 5407 adduci.
3527 5347 3739 5401 Etenim

1705 5504 1904 5567 Varia)
1928 5503 2237 5567 lectiones
2268 5507 2328 5565 et
2363 5507 2553 5564 notua.

568 5630 994 5697 δδπεποιεῐσθαι,
1024 5640 1157 5688 ct'ul.
1236 5630 1513 5697 ’⁸³πάντες,
1540 5639 1675 5686 crat.
