  <div class='ocr_page' id='page_1' title='image "/cluster/home/n/w/nwhite01/storage/ocr_20150623/125/mdp.39015041873541/265.png"; bbox 0 0 4192 6294; ppageno 0'>
   <div class='ocr_carea' id='block_1_1' title="bbox 437 280 536 344">
    <p class='ocr_par' dir='ltr' id='par_1_1' title="bbox 437 280 536 344">
     <span class='ocr_line' id='line_1_1' title="bbox 437 280 536 344; baseline -0.01 0"><span class='ocrx_word' id='word_1_1' title='bbox 437 280 536 344; x_wconf 80' lang='lat'><strong>503</strong></span> 
     </span>
    </p>
   </div>
   <div class='ocr_carea' id='block_1_2' title="bbox 1309 280 2726 352">
    <p class='ocr_par' dir='ltr' id='par_1_2' title="bbox 1309 280 2726 352">
     <span class='ocr_line' id='line_1_2' title="bbox 1309 280 2726 352; baseline 0.005 -11"><span class='ocrx_word' id='word_1_2' title='bbox 1309 280 1890 346; x_wconf 75' lang='lat' dir='ltr'><strong>THEOPHYLACTI</strong></span> <span class='ocrx_word' id='word_1_3' title='bbox 1931 285 2348 350; x_wconf 78' lang='lat' dir='ltr'><strong>BULGARL’E</strong></span> <span class='ocrx_word' id='word_1_4' title='bbox 2376 287 2726 352; x_wconf 80' lang='lat' dir='ltr'><strong>ARCHIEP.</strong></span> 
     </span>
    </p>
   </div>
   <div class='ocr_carea' id='block_1_3' title="bbox 3587 289 3692 356">
    <p class='ocr_par' dir='ltr' id='par_1_3' title="bbox 3587 289 3692 356">
     <span class='ocr_line' id='line_1_3' title="bbox 3587 289 3692 356; baseline -0.038 0"><span class='ocrx_word' id='word_1_5' title='bbox 3587 289 3692 356; x_wconf 72' lang='grc'><strong>504</strong></span> 
     </span>
    </p>
   </div>
   <div class='ocr_carea' id='block_1_4' title="bbox 435 364 2040 478">
    <p class='ocr_par' dir='ltr' id='par_1_4' title="bbox 435 395 2040 472">
     <span class='ocr_line' id='line_1_4' title="bbox 435 395 2040 472; baseline 0.002 -18"><span class='ocrx_word' id='word_1_6' title='bbox 435 397 642 456; x_wconf 83' lang='lat' dir='ltr'><strong>idcirco</strong></span> <span class='ocrx_word' id='word_1_7' title='bbox 667 395 857 456; x_wconf 79' lang='lat' dir='ltr'><strong>multis</strong></span> <span class='ocrx_word' id='word_1_8' title='bbox 875 397 929 454; x_wconf 86' lang='lat' dir='ltr'><strong>in</strong></span> <span class='ocrx_word' id='word_1_9' title='bbox 959 398 1098 454; x_wconf 88' lang='lat' dir='ltr'><strong>locis</strong></span> <span class='ocrx_word' id='word_1_10' title='bbox 1129 399 1508 470; x_wconf 59' lang='lat' dir='ltr'><strong>evangelistam</strong></span> <span class='ocrx_word' id='word_1_11' title='bbox 1535 415 1599 455; x_wconf 76' lang='lat' dir='ltr'><strong>ac</strong></span> <span class='ocrx_word' id='word_1_12' title='bbox 1625 416 2004 472; x_wconf 66' lang='lat' dir='ltr'><strong>saepenumero</strong></span> <span class='ocrx_word' id='word_1_13' title='bbox 2029 444 2040 466; x_wconf 43' lang='grc' dir='ltr'><em>Α</em></span> 
     </span>
    </p>
   </div>
   <div class='ocr_carea' id='block_1_5' title="bbox 2137 364 3694 478">
    <p class='ocr_par' dir='ltr' id='par_1_5' title="bbox 2137 364 3694 478">
     <span class='ocr_line' id='line_1_5' title="bbox 2137 364 3694 478; baseline -0.003 -18"><span class='ocrx_word' id='word_1_14' title='bbox 2137 403 2265 460; x_wconf 82' lang='grc' dir='ltr'>οΰτο</span> <span class='ocrx_word' id='word_1_15' title='bbox 2283 404 2555 478; x_wconf 71' lang='grc' dir='ltr'>πολλαχοῦ</span> <span class='ocrx_word' id='word_1_16' title='bbox 2591 405 2642 460; x_wconf 84' lang='grc' dir='ltr'>οἱ</span> <span class='ocrx_word' id='word_1_17' title='bbox 2675 364 3064 475; x_wconf 51' lang='lat' dir='ltr'><strong>tamennon</strong></span> <span class='ocrx_word' id='word_1_18' title='bbox 3110 403 3204 460; x_wconf 79' lang='grc' dir='ltr'><strong>και</strong></span> <span class='ocrx_word' id='word_1_19' title='bbox 3228 364 3694 471; x_wconf 67' lang='grc' dir='ltr'>πολλάκιξδῆμυν</span> 
     </span>
    </p>
   </div>
   <div class='ocr_carea' id='block_1_6' title="bbox 438 490 2013 562">
    <p class='ocr_par' dir='ltr' id='par_1_6' title="bbox 438 490 2013 562">
     <span class='ocr_line' id='line_1_6' title="bbox 438 490 2013 562; baseline 0.003 -18"><span class='ocrx_word' id='word_1_20' title='bbox 438 502 578 546; x_wconf 76' lang='lat' dir='ltr'><strong>totas</strong></span> <span class='ocrx_word' id='word_1_21' title='bbox 609 499 860 550; x_wconf 74' lang='lat' dir='ltr'><strong>catervas</strong></span> <span class='ocrx_word' id='word_1_22' title='bbox 885 505 1099 558; x_wconf 88' lang='lat' dir='ltr'><strong>eorum,</strong></span> <span class='ocrx_word' id='word_1_23' title='bbox 1160 490 1257 562; x_wconf 86' lang='lat' dir='ltr'><strong>qui</strong></span> <span class='ocrx_word' id='word_1_24' title='bbox 1291 492 1470 546; x_wconf 92' lang='lat' dir='ltr'><strong>sanati</strong></span> <span class='ocrx_word' id='word_1_25' title='bbox 1537 491 1786 559; x_wconf 71' lang='lat' dir='ltr'><strong>inerunt,</strong></span> <span class='ocrx_word' id='word_1_26' title='bbox 1841 493 2013 549; x_wconf 87' lang='lat' dir='ltr'><strong>silen-</strong></span> 
     </span>
    </p>
   </div>
   <div class='ocr_carea' id='block_1_7' title="bbox 442 582 2012 652">
    <p class='ocr_par' dir='ltr' id='par_1_7' title="bbox 442 582 2012 652">
     <span class='ocr_line' id='line_1_7' title="bbox 442 582 2012 652; baseline 0.002 -14"><span class='ocrx_word' id='word_1_27' title='bbox 442 586 518 638; x_wconf 90' lang='lat' dir='ltr'><strong>tio</strong></span> <span class='ocrx_word' id='word_1_28' title='bbox 551 582 996 652; x_wconf 67' lang='lat' dir='ltr'><strong>praetermittunt,</strong></span> <span class='ocrx_word' id='word_1_29' title='bbox 1041 599 1106 640; x_wconf 89' lang='lat' dir='ltr'><strong>ac</strong></span> <span class='ocrx_word' id='word_1_30' title='bbox 1133 583 1301 638; x_wconf 88' lang='lat' dir='ltr'><strong>multa</strong></span> <span class='ocrx_word' id='word_1_31' title='bbox 1359 583 1628 639; x_wconf 88' lang='lat' dir='ltr'><strong>miracula</strong></span> <span class='ocrx_word' id='word_1_32' title='bbox 1686 590 2012 641; x_wconf 85' lang='lat' dir='ltr'><strong>transeunt:</strong></span> 
     </span>
    </p>
   </div>
   <div class='ocr_carea' id='block_1_8' title="bbox 437 675 2018 746">
    <p class='ocr_par' dir='ltr' id='par_1_8' title="bbox 437 675 2018 746">
     <span class='ocr_line' id='line_1_8' title="bbox 437 675 2018 746; baseline 0.004 -16"><span class='ocrx_word' id='word_1_33' title='bbox 437 677 822 731; x_wconf 87' lang='lat' dir='ltr'><strong>tantummodo</strong></span> <span class='ocrx_word' id='word_1_34' title='bbox 853 675 1254 746; x_wconf 78' lang='lat' dir='ltr'><strong>signiﬁcantes,</strong></span> <span class='ocrx_word' id='word_1_35' title='bbox 1303 677 1508 732; x_wconf 86' lang='lat' dir='ltr'><strong>multos</strong></span> <span class='ocrx_word' id='word_1_36' title='bbox 1539 693 1567 731; x_wconf 90' lang='lat' dir='ltr'><strong>a</strong></span> <span class='ocrx_word' id='word_1_37' title='bbox 1604 677 1774 733; x_wconf 80' lang='lat' dir='ltr'><strong>variis</strong></span> <span class='ocrx_word' id='word_1_38' title='bbox 1811 679 2018 736; x_wconf 81' lang='lat' dir='ltr'><strong>morbis</strong></span> 
     </span>
    </p>
   </div>
   <div class='ocr_carea' id='block_1_9' title="bbox 442 769 2016 841">
    <p class='ocr_par' dir='ltr' id='par_1_9' title="bbox 442 769 2016 841">
     <span class='ocr_line' id='line_1_9' title="bbox 442 769 2016 841; baseline 0.001 -18"><span class='ocrx_word' id='word_1_39' title='bbox 442 769 725 838; x_wconf 81' lang='lat' dir='ltr'><strong>liberatos,</strong></span> <span class='ocrx_word' id='word_1_40' title='bbox 772 779 826 825; x_wconf 89' lang='lat' dir='ltr'><strong>et</strong></span> <span class='ocrx_word' id='word_1_41' title='bbox 853 769 1026 824; x_wconf 87' lang='lat' dir='ltr'><strong>multa</strong></span> <span class='ocrx_word' id='word_1_42' title='bbox 1083 769 1225 825; x_wconf 75' lang='lat' dir='ltr'><strong>farta</strong></span> <span class='ocrx_word' id='word_1_43' title='bbox 1260 783 1382 826; x_wconf 84' lang='lat' dir='ltr'><strong>esse</strong></span> <span class='ocrx_word' id='word_1_44' title='bbox 1416 769 1705 834; x_wconf 87' lang='lat' dir='ltr'><strong>miracula,</strong></span> <span class='ocrx_word' id='word_1_45' title='bbox 1739 778 1794 824; x_wconf 93' lang='lat' dir='ltr'><strong>et</strong></span> <span class='ocrx_word' id='word_1_46' title='bbox 1820 771 2016 841; x_wconf 84' lang='lat' dir='ltr'><strong>hujus-</strong></span> 
     </span>
    </p>
   </div>
   <div class='ocr_carea' id='block_1_10' title="bbox 440 861 2045 933">
    <p class='ocr_par' dir='ltr' id='par_1_10' title="bbox 440 861 2045 933">
     <span class='ocr_line' id='line_1_10' title="bbox 440 861 2045 933; baseline 0.004 -18"><span class='ocrx_word' id='word_1_47' title='bbox 440 861 610 926; x_wconf 88' lang='lat' dir='ltr'><strong>modi,</strong></span> <span class='ocrx_word' id='word_1_48' title='bbox 649 861 1022 916; x_wconf 85' lang='lat' dir='ltr'><strong>narrationem</strong></span> <span class='ocrx_word' id='word_1_49' title='bbox 1051 870 1232 917; x_wconf 87' lang='lat' dir='ltr'><strong>autem</strong></span> <span class='ocrx_word' id='word_1_50' title='bbox 1265 877 1376 916; x_wconf 91' lang='lat' dir='ltr'><strong>non</strong></span> <span class='ocrx_word' id='word_1_51' title='bbox 1423 872 1726 933; x_wconf 81' lang='lat' dir='ltr'><strong>exponunt.</strong></span> <span class='ocrx_word' id='word_1_52' title='bbox 1771 861 2045 921; x_wconf 84' lang='lat' dir='ltr'><strong>Plurium&#39;</strong></span> 
     </span>
    </p>
   </div>
   <div class='ocr_carea' id='block_1_11' title="bbox 439 953 2020 1025">
    <p class='ocr_par' dir='ltr' id='par_1_11' title="bbox 439 953 2020 1025">
     <span class='ocr_line' id='line_1_11' title="bbox 439 953 2020 1025; baseline 0.001 -15"><span class='ocrx_word' id='word_1_53' title='bbox 439 954 582 1010; x_wconf 87' lang='lat' dir='ltr'><strong>enim</strong></span> <span class='ocrx_word' id='word_1_54' title='bbox 647 954 998 1025; x_wconf 87' lang='lat' dir='ltr'><strong>particularis</strong></span> <span class='ocrx_word' id='word_1_55' title='bbox 1033 955 1280 1010; x_wconf 76' lang='lat' dir='ltr'><strong>narratio</strong></span> <span class='ocrx_word' id='word_1_56' title='bbox 1313 953 1688 1010; x_wconf 78' lang='lat' dir='ltr'><strong>crassior-ibus</strong></span> <span class='ocrx_word' id='word_1_57' title='bbox 1735 964 1784 1012; x_wconf 88' lang='lat' dir='ltr'><strong>et</strong></span> <span class='ocrx_word' id='word_1_58' title='bbox 1829 971 2020 1012; x_wconf 84' lang='lat' dir='ltr'><strong>errore</strong></span> 
     </span>
    </p>
   </div>
   <div class='ocr_carea' id='block_1_12' title="bbox 439 1043 2020 1116">
    <p class='ocr_par' dir='ltr' id='par_1_12' title="bbox 439 1043 2020 1116">
     <span class='ocr_line' id='line_1_12' title="bbox 439 1043 2020 1116; baseline 0.003 -19"><span class='ocrx_word' id='word_1_59' title='bbox 439 1043 862 1116; x_wconf 58' lang='lat' dir='ltr'><strong>praeoccupatis,</strong></span> <span class='ocrx_word' id='word_1_60' title='bbox 925 1043 1368 1099; x_wconf 73' lang='lat' dir='ltr'><strong>incredulitatem</strong></span> <span class='ocrx_word' id='word_1_61' title='bbox 1399 1044 1582 1114; x_wconf 85' lang='lat' dir='ltr'><strong>potius</strong></span> <span class='ocrx_word' id='word_1_62' title='bbox 1613 1054 1778 1112; x_wconf 82' lang='lat' dir='ltr'><strong>atque</strong></span> <span class='ocrx_word' id='word_1_63' title='bbox 1803 1043 2020 1101; x_wconf 88' lang='lat' dir='ltr'><strong>detrec-</strong></span> 
     </span>
    </p>
   </div>
   <div class='ocr_carea' id='block_1_13' title="bbox 441 1136 2018 1207">
    <p class='ocr_par' dir='ltr' id='par_1_13' title="bbox 441 1136 2018 1207">
     <span class='ocr_line' id='line_1_13' title="bbox 441 1136 2018 1207; baseline 0.002 -17"><span class='ocrx_word' id='word_1_64' title='bbox 441 1137 702 1192; x_wconf 89' lang='lat' dir='ltr'><strong>tationem</strong></span> <span class='ocrx_word' id='word_1_65' title='bbox 758 1145 812 1192; x_wconf 85' lang='lat' dir='ltr'><strong>et</strong></span> <span class='ocrx_word' id='word_1_66' title='bbox 867 1137 1268 1194; x_wconf 81' lang='lat' dir='ltr'><strong>aversationem</strong></span> <span class='ocrx_word' id='word_1_67' title='bbox 1331 1136 1789 1202; x_wconf 87' lang='lat' dir='ltr'><strong>auseultationis,</strong></span> <span class='ocrx_word' id='word_1_68' title='bbox 1852 1151 2018 1207; x_wconf 84' lang='lat' dir='ltr'><strong>qnam</strong></span> 
     </span>
    </p>
   </div>
   <div class='ocr_carea' id='block_1_14' title="bbox 445 1227 2024 1303">
    <p class='ocr_par' dir='ltr' id='par_1_14' title="bbox 445 1227 2024 1303">
     <span class='ocr_line' id='line_1_14' title="bbox 445 1227 2024 1303; baseline 0.003 -21"><span class='ocrx_word' id='word_1_69' title='bbox 445 1229 605 1283; x_wconf 84' lang='lat' dir='ltr'><strong>Iidem</strong></span> <span class='ocrx_word' id='word_1_70' title='bbox 637 1235 691 1283; x_wconf 88' lang='lat' dir='ltr'><strong>et</strong></span> <span class='ocrx_word' id='word_1_71' title='bbox 721 1227 1062 1282; x_wconf 82' lang='lat' dir='ltr'><strong>alacritatem</strong></span> <span class='ocrx_word' id='word_1_72' title='bbox 1093 1227 1157 1281; x_wconf 86' lang='lat' dir='ltr'><strong>ad</strong></span> <span class='ocrx_word' id='word_1_73' title='bbox 1187 1228 1604 1284; x_wconf 82' lang='lat' dir='ltr'><strong>auscultandum</strong></span> <span class='ocrx_word' id='word_1_74' title='bbox 1629 1227 1770 1285; x_wconf 87' lang='lat' dir='ltr'><strong>solet</strong></span> <span class='ocrx_word' id='word_1_75' title='bbox 1801 1228 2024 1303; x_wconf 55' lang='lat' dir='ltr'><strong>ingene.</strong></span> 
     </span>
    </p>
   </div>
   <div class='ocr_carea' id='block_1_15' title="bbox 443 1334 586 1374">
    <p class='ocr_par' dir='ltr' id='par_1_15' title="bbox 443 1334 586 1374">
     <span class='ocr_line' id='line_1_15' title="bbox 443 1334 586 1374; baseline 0.014 -2"><span class='ocrx_word' id='word_1_76' title='bbox 443 1334 500 1372; x_wconf 83' lang='lat' dir='ltr'><strong>ra</strong></span> <span class='ocrx_word' id='word_1_77' title='bbox 509 1335 586 1374; x_wconf 79' lang='lat' dir='ltr'><strong>I’C.</strong></span> 
     </span>
    </p>
   </div>
   <div class='ocr_carea' id='block_1_16' title="bbox 515 1409 1812 1483">
    <p class='ocr_par' dir='ltr' id='par_1_16' title="bbox 515 1409 1812 1483">
     <span class='ocr_line' id='line_1_16' title="bbox 515 1409 1812 1483; baseline 0.001 -16"><span class='ocrx_word' id='word_1_78' title='bbox 515 1411 648 1478; x_wconf 78' lang='lat' dir='ltr'><strong>Qua:</strong></span> <span class='ocrx_word' id='word_1_79' title='bbox 667 1409 828 1468; x_wconf 75' lang='lat' dir='ltr'><strong>Iesus</strong></span> <span class='ocrx_word' id='word_1_80' title='bbox 862 1413 1020 1483; x_wconf 75' lang='lat' dir='ltr'><strong>caepit</strong></span> <span class='ocrx_word' id='word_1_81' title='bbox 1052 1421 1160 1467; x_wconf 85' lang='lat' dir='ltr'><strong>tum</strong></span> <span class='ocrx_word' id='word_1_82' title='bbox 1197 1412 1393 1481; x_wconf 71' lang='lat' dir='ltr'><strong>facere,</strong></span> <span class='ocrx_word' id='word_1_83' title='bbox 1410 1428 1573 1483; x_wconf 82' lang='lat' dir='ltr'><strong>quam</strong></span> <span class='ocrx_word' id='word_1_84' title='bbox 1602 1409 1812 1468; x_wconf 73' lang='lat' dir='ltr'><strong>docere.</strong></span> 
     </span>
    </p>
   </div>
   <div class='ocr_carea' id='block_1_17' title="bbox 514 1501 2024 1575">
    <p class='ocr_par' dir='ltr' id='par_1_17' title="bbox 514 1501 2024 1575">
     <span class='ocr_line' id='line_1_17' title="bbox 514 1501 2024 1575; baseline -0.001 -15"><span class='ocrx_word' id='word_1_85' title='bbox 514 1503 778 1560; x_wconf 70' lang='lat' dir='ltr'><strong>Hiracula</strong></span> <span class='ocrx_word' id='word_1_86' title='bbox 803 1511 966 1575; x_wconf 87' lang='lat' dir='ltr'><strong>atque</strong></span> <span class='ocrx_word' id='word_1_87' title='bbox 996 1504 1304 1560; x_wconf 84' lang='lat' dir='ltr'><strong>doctrinam</strong></span> <span class='ocrx_word' id='word_1_88' title='bbox 1357 1503 1530 1559; x_wconf 86' lang='lat' dir='ltr'><strong>dicit:</strong></span> <span class='ocrx_word' id='word_1_89' title='bbox 1576 1517 1687 1558; x_wconf 89' lang='lat' dir='ltr'><strong>non</strong></span> <span class='ocrx_word' id='word_1_90' title='bbox 1727 1501 1905 1559; x_wconf 88' lang='lat' dir='ltr'><strong>solum</strong></span> <span class='ocrx_word' id='word_1_91' title='bbox 1926 1516 2024 1559; x_wconf 87' lang='lat' dir='ltr'><strong>au-</strong></span> 
     </span>
    </p>
   </div>
   <div class='ocr_carea' id='block_1_18' title="bbox 445 1585 2024 1668">
    <p class='ocr_par' dir='ltr' id='par_1_18' title="bbox 445 1585 2024 1668">
     <span class='ocr_line' id='line_1_18' title="bbox 445 1585 2024 1668; baseline 0.002 -19"><span class='ocrx_word' id='word_1_92' title='bbox 445 1608 556 1652; x_wconf 83' lang='lat' dir='ltr'><strong>tent</strong></span> <span class='ocrx_word' id='word_1_93' title='bbox 625 1598 748 1662; x_wconf 89' lang='lat' dir='ltr'><strong>hoc,</strong></span> <span class='ocrx_word' id='word_1_94' title='bbox 805 1613 996 1652; x_wconf 83' lang='lat' dir='ltr'><strong>verum</strong></span> <span class='ocrx_word' id='word_1_95' title='bbox 1053 1597 1240 1660; x_wconf 86' lang='lat' dir='ltr'><strong>etiam,</strong></span> <span class='ocrx_word' id='word_1_96' title='bbox 1293 1585 1742 1668; x_wconf 43' lang='lat' dir='ltr'><strong>quod&#39;faciendo</strong></span> <span class='ocrx_word' id='word_1_97' title='bbox 1783 1595 2024 1652; x_wconf 83' lang='lat' dir='ltr'><strong>doceret.</strong></span> 
     </span>
    </p>
   </div>
   <div class='ocr_carea' id='block_1_19' title="bbox 2115 495 3688 573">
    <p class='ocr_par' dir='ltr' id='par_1_19' title="bbox 2115 495 3688 573">
     <span class='ocr_line' id='line_1_19' title="bbox 2115 495 3688 573; baseline -0.003 -21"><span class='ocrx_word' id='word_1_98' title='bbox 2115 498 2240 554; x_wconf 77' lang='grc' dir='ltr'>ὅλον</span> <span class='ocrx_word' id='word_1_99' title='bbox 2267 497 2528 554; x_wconf 83' lang='grc' dir='ltr'>ίαθὲντων</span> <span class='ocrx_word' id='word_1_100' title='bbox 2553 499 2987 573; x_wconf 68' lang='grc' dir='ltr'>παρατρίχουσι,</span> <span class='ocrx_word' id='word_1_101' title='bbox 3012 499 3108 553; x_wconf 68' lang='grc' dir='ltr'>καὶ</span> <span class='ocrx_word' id='word_1_102' title='bbox 3137 497 3311 553; x_wconf 87' lang='grc' dir='ltr'>πολλά</span> <span class='ocrx_word' id='word_1_103' title='bbox 3337 495 3446 552; x_wconf 81' lang='grc' dir='ltr'><strong>τῶν</strong></span> <span class='ocrx_word' id='word_1_104' title='bbox 3471 497 3688 566; x_wconf 80' lang='grc' dir='ltr'>θαυμα-</span> 
     </span>
    </p>
   </div>
   <div class='ocr_carea' id='block_1_20' title="bbox 2116 585 3692 661">
    <p class='ocr_par' dir='ltr' id='par_1_20' title="bbox 2116 585 3692 661">
     <span class='ocr_line' id='line_1_20' title="bbox 2116 585 3692 661; baseline -0.003 -19"><span class='ocrx_word' id='word_1_105' title='bbox 2116 587 2522 661; x_wconf 76' lang='grc' dir='ltr'>τουργημάτων</span> <span class='ocrx_word' id='word_1_106' title='bbox 2548 588 2962 658; x_wconf 57' lang='grc' dir='ltr'>ὑπερϐαίνουσι,</span> <span class='ocrx_word' id='word_1_107' title='bbox 2989 589 3150 661; x_wconf 86' lang='grc' dir='ltr'>μόνον</span> <span class='ocrx_word' id='word_1_108' title='bbox 3178 585 3692 660; x_wconf 60' lang='grc' dir='ltr'>ἐπισημαινόμενοι,</span> 
     </span>
    </p>
   </div>
   <div class='ocr_carea' id='block_1_21' title="bbox 2115 679 3696 752">
    <p class='ocr_par' dir='ltr' id='par_1_21' title="bbox 2115 679 3696 752">
     <span class='ocr_line' id='line_1_21' title="bbox 2115 679 3696 752; baseline -0.003 -16"><span class='ocrx_word' id='word_1_109' title='bbox 2115 681 2198 736; x_wconf 78' lang='grc' dir='ltr'>ὅτι</span> <span class='ocrx_word' id='word_1_110' title='bbox 2239 680 2423 735; x_wconf 78' lang='grc' dir='ltr'>πολλοὶ</span> <span class='ocrx_word' id='word_1_111' title='bbox 2457 681 2524 736; x_wconf 69' lang='grc' dir='ltr'>ἐκ</span> <span class='ocrx_word' id='word_1_112' title='bbox 2574 680 2837 736; x_wconf 78' lang='grc' dir='ltr'><strong>ποικίλων</strong></span> <span class='ocrx_word' id='word_1_113' title='bbox 2889 679 3082 736; x_wconf 85' lang='grc' dir='ltr'>παθῶν</span> <span class='ocrx_word' id='word_1_114' title='bbox 3122 679 3555 752; x_wconf 76' lang='grc' dir='ltr'><strong>ἀπηλλάγησαν·</strong></span> <span class='ocrx_word' id='word_1_115' title='bbox 3596 680 3696 732; x_wconf 70' lang='lat' dir='ltr'><strong>xui.</strong></span> 
     </span>
    </p>
   </div>
   <div class='ocr_carea' id='block_1_22' title="bbox 2118 767 3693 842">
    <p class='ocr_par' dir='ltr' id='par_1_22' title="bbox 2118 767 3693 842">
     <span class='ocr_line' id='line_1_22' title="bbox 2118 767 3693 842; baseline 0.008 -18"><span class='ocrx_word' id='word_1_116' title='bbox 2118 771 2292 830; x_wconf 79' lang='grc' dir='ltr'>πολλά</span> <span class='ocrx_word' id='word_1_117' title='bbox 2324 771 2574 840; x_wconf 78' lang='grc' dir='ltr'>ἐγένοντο</span> <span class='ocrx_word' id='word_1_118' title='bbox 2599 769 2875 842; x_wconf 81' lang='grc' dir='ltr'>θαύματα,</span> <span class='ocrx_word' id='word_1_119' title='bbox 2911 771 3010 826; x_wconf 79' lang='grc' dir='ltr'>καὶ</span> <span class='ocrx_word' id='word_1_120' title='bbox 3031 770 3276 827; x_wconf 79' lang='grc' dir='ltr'>τοιαῦτα·</span> <span class='ocrx_word' id='word_1_121' title='bbox 3293 769 3391 842; x_wconf 77' lang='grc' dir='ltr'>τὴν</span> <span class='ocrx_word' id='word_1_122' title='bbox 3411 769 3467 824; x_wconf 66' lang='grc' dir='ltr'><strong>δι</strong></span> <span class='ocrx_word' id='word_1_123' title='bbox 3488 767 3693 840; x_wconf 76' lang='grc' dir='ltr'><strong>ἐξήγη-</strong></span> 
     </span>
    </p>
   </div>
   <div class='ocr_carea' id='block_1_23' title="bbox 2121 859 3692 935">
    <p class='ocr_par' dir='ltr' id='par_1_23' title="bbox 2121 859 3692 935">
     <span class='ocr_line' id='line_1_23' title="bbox 2121 859 3692 935; baseline -0.003 -16"><span class='ocrx_word' id='word_1_124' title='bbox 2121 882 2208 920; x_wconf 89' lang='grc' dir='ltr'><strong>σιν</strong></span> <span class='ocrx_word' id='word_1_125' title='bbox 2232 865 2295 919; x_wconf 81' lang='grc' dir='ltr'><strong>ού</strong></span> <span class='ocrx_word' id='word_1_126' title='bbox 2327 864 2626 918; x_wconf 74' lang='grc' dir='ltr'>ποιοῦνται.</span> <span class='ocrx_word' id='word_1_127' title='bbox 2668 863 2796 916; x_wconf 86' lang='grc' dir='ltr'>Τῶν</span> <span class='ocrx_word' id='word_1_128' title='bbox 2833 863 2944 932; x_wconf 72' lang='grc' dir='ltr'>γὰρ</span> <span class='ocrx_word' id='word_1_129' title='bbox 2977 863 3244 918; x_wconf 78' lang='grc' dir='ltr'>πλειόνων</span> <span class='ocrx_word' id='word_1_130' title='bbox 3273 864 3310 935; x_wconf 68' lang='grc' dir='ltr'><strong>η</strong></span> <span class='ocrx_word' id='word_1_131' title='bbox 3348 862 3492 916; x_wconf 87' lang='grc' dir='ltr'><strong>κατά</strong></span> <span class='ocrx_word' id='word_1_132' title='bbox 3524 859 3692 932; x_wconf 67' lang='grc' dir='ltr'>μέρος</span> 
     </span>
    </p>
   </div>
   <div class='ocr_carea' id='block_1_24' title="bbox 2118 954 3696 1030">
    <p class='ocr_par' dir='ltr' id='par_1_24' title="bbox 2118 954 3696 1030">
     <span class='ocr_line' id='line_1_24' title="bbox 2118 954 3696 1030; baseline -0.013 -4"><span class='ocrx_word' id='word_1_133' title='bbox 2118 958 2374 1028; x_wconf 73' lang='grc' dir='ltr'><strong>διήγησις</strong></span> <span class='ocrx_word' id='word_1_134' title='bbox 2395 959 2510 1020; x_wconf 76' lang='grc' dir='ltr'><strong>τοῖς</strong></span> <span class='ocrx_word' id='word_1_135' title='bbox 2544 955 2870 1028; x_wconf 80' lang='grc' dir='ltr'>παχυτέροις</span> <span class='ocrx_word' id='word_1_136' title='bbox 2894 957 2990 1012; x_wconf 75' lang='grc' dir='ltr'>καὶ</span> <span class='ocrx_word' id='word_1_137' title='bbox 3010 959 3078 1028; x_wconf 78' lang='grc' dir='ltr'>τῇ</span> <span class='ocrx_word' id='word_1_138' title='bbox 3109 954 3288 1028; x_wconf 78' lang='grc' dir='ltr'>πλάνῃ</span> <span class='ocrx_word' id='word_1_139' title='bbox 3317 969 3696 1030; x_wconf 77' lang='grc' dir='ltr'>προκατεσχηο</span> 
     </span>
    </p>
   </div>
   <div class='ocr_carea' id='block_1_25' title="bbox 2125 1047 3697 1122">
    <p class='ocr_par' dir='ltr' id='par_1_25' title="bbox 2125 1047 3697 1122">
     <span class='ocr_line' id='line_1_25' title="bbox 2125 1047 3697 1122; baseline -0.003 -18"><span class='ocrx_word' id='word_1_140' title='bbox 2125 1051 2328 1122; x_wconf 75' lang='grc' dir='ltr'>μένοις,</span> <span class='ocrx_word' id='word_1_141' title='bbox 2383 1049 2643 1104; x_wconf 83' lang='grc' dir='ltr'>ἀπιστίαν</span> <span class='ocrx_word' id='word_1_142' title='bbox 2685 1047 2888 1118; x_wconf 65' lang='grc' dir='ltr'>μᾶλλον</span> <span class='ocrx_word' id='word_1_143' title='bbox 2912 1049 3004 1104; x_wconf 76' lang='grc' dir='ltr'>καὶ</span> <span class='ocrx_word' id='word_1_144' title='bbox 3041 1048 3201 1104; x_wconf 75' lang='grc' dir='ltr'>δκνον</span> <span class='ocrx_word' id='word_1_145' title='bbox 3223 1048 3326 1118; x_wconf 85' lang='grc' dir='ltr'>τῆς</span> <span class='ocrx_word' id='word_1_146' title='bbox 3357 1047 3697 1119; x_wconf 77' lang='grc' dir='ltr'>ἀκροάσεως,</span> 
     </span>
    </p>
   </div>
   <div class='ocr_carea' id='block_1_26' title="bbox 2123 1139 3700 1216">
    <p class='ocr_par' dir='ltr' id='par_1_26' title="bbox 2123 1139 3700 1216">
     <span class='ocr_line' id='line_1_26' title="bbox 2123 1139 3700 1216; baseline -0.003 -20"><span class='ocrx_word' id='word_1_147' title='bbox 2123 1143 2159 1214; x_wconf 76' lang='grc' dir='ltr'><strong>ἢ</strong></span> <span class='ocrx_word' id='word_1_148' title='bbox 2191 1143 2377 1198; x_wconf 81' lang='grc' dir='ltr'>πίστιν</span> <span class='ocrx_word' id='word_1_149' title='bbox 2420 1143 2518 1200; x_wconf 73' lang='grc' dir='ltr'>καὶ</span> <span class='ocrx_word' id='word_1_150' title='bbox 2562 1141 2876 1215; x_wconf 75' lang='grc' dir='ltr'><strong>προθυμίαν</strong></span> <span class='ocrx_word' id='word_1_151' title='bbox 2903 1142 2982 1209; x_wconf 87' lang='grc' dir='ltr'><strong>είς</strong></span> <span class='ocrx_word' id='word_1_152' title='bbox 3028 1143 3128 1214; x_wconf 75' lang='grc' dir='ltr'>τὴν</span> <span class='ocrx_word' id='word_1_153' title='bbox 3151 1141 3421 1216; x_wconf 79' lang='grc' dir='ltr'><strong>ἀκρόασιν</strong></span> <span class='ocrx_word' id='word_1_154' title='bbox 3449 1139 3700 1212; x_wconf 71' lang='grc' dir='ltr'>ἐμποιεῖν</span> 
     </span>
    </p>
   </div>
   <div class='ocr_carea' id='block_1_27' title="bbox 2124 1233 2334 1290">
    <p class='ocr_par' dir='ltr' id='par_1_27' title="bbox 2124 1233 2334 1290">
     <span class='ocr_line' id='line_1_27' title="bbox 2124 1233 2334 1290; baseline -0.005 -1"><span class='ocrx_word' id='word_1_155' title='bbox 2124 1233 2334 1290; x_wconf 80' lang='grc' dir='ltr'>εἴωθεν.</span> 
     </span>
    </p>
   </div>
   <div class='ocr_carea' id='block_1_28' title="bbox 2197 1408 3699 1484">
    <p class='ocr_par' dir='ltr' id='par_1_28' title="bbox 2197 1408 3699 1484">
     <span class='ocr_line' id='line_1_28' title="bbox 2197 1408 3699 1484; baseline -0.003 -16"><span class='ocrx_word' id='word_1_156' title='bbox 2197 1409 2310 1468; x_wconf 76' lang='grc' dir='ltr'>Ὧν·</span> <span class='ocrx_word' id='word_1_157' title='bbox 2333 1413 2559 1484; x_wconf 74' lang='grc' dir='ltr'>ἤρξατο</span> <span class='ocrx_word' id='word_1_158' title='bbox 2590 1416 2624 1469; x_wconf 82' lang='grc' dir='ltr'><em>ὁ</em></span> <span class='ocrx_word' id='word_1_159' title='bbox 2657 1413 2890 1482; x_wconf 81' lang='grc' dir='ltr'>Ἰησοῦς</span> <span class='ocrx_word' id='word_1_160' title='bbox 2915 1411 3110 1468; x_wconf 77' lang='grc' dir='ltr'><strong>ποιεῖν</strong></span> <span class='ocrx_word' id='word_1_161' title='bbox 3132 1427 3198 1467; x_wconf 82' lang='grc' dir='ltr'><strong>τε</strong></span> <span class='ocrx_word' id='word_1_162' title='bbox 3233 1409 3334 1466; x_wconf 78' lang='grc' dir='ltr'><strong>καί</strong></span> <span class='ocrx_word' id='word_1_163' title='bbox 3364 1408 3699 1465; x_wconf 73' lang='grc' dir='ltr'><strong>διδάσκειν.</strong></span> 
     </span>
    </p>
   </div>
   <div class='ocr_carea' id='block_1_29' title="bbox 2197 1499 3700 1576">
    <p class='ocr_par' dir='ltr' id='par_1_29' title="bbox 2197 1499 3700 1576">
     <span class='ocr_line' id='line_1_29' title="bbox 2197 1499 3700 1576; baseline -0.005 -17"><span class='ocrx_word' id='word_1_164' title='bbox 2197 1504 2281 1559; x_wconf 77' lang='grc' dir='ltr'><strong>Τὰ</strong></span> <span class='ocrx_word' id='word_1_165' title='bbox 2309 1502 2564 1576; x_wconf 87' lang='grc' dir='ltr'>θαύματα</span> <span class='ocrx_word' id='word_1_166' title='bbox 2595 1503 2689 1558; x_wconf 76' lang='grc' dir='ltr'><strong>καὶ</strong></span> <span class='ocrx_word' id='word_1_167' title='bbox 2713 1504 2812 1567; x_wconf 66' lang='grc' dir='ltr'><strong>τὰς</strong></span> <span class='ocrx_word' id='word_1_168' title='bbox 2844 1502 3195 1566; x_wconf 74' lang='grc' dir='ltr'>διδασκαλίας</span> <span class='ocrx_word' id='word_1_169' title='bbox 3219 1501 3384 1573; x_wconf 79' lang='grc' dir='ltr'>φησίν</span> <span class='ocrx_word' id='word_1_170' title='bbox 3414 1518 3429 1532; x_wconf 93' lang='grc'><strong>·</strong></span> <span class='ocrx_word' id='word_1_171' title='bbox 3453 1501 3515 1555; x_wconf 88' lang='grc' dir='ltr'><strong>ού</strong></span> <span class='ocrx_word' id='word_1_172' title='bbox 3541 1499 3700 1554; x_wconf 87' lang='grc' dir='ltr'>τοῦτο</span> 
     </span>
    </p>
   </div>
   <div class='ocr_carea' id='block_1_30' title="bbox 2127 1590 3700 1672">
    <p class='ocr_par' dir='ltr' id='par_1_30' title="bbox 2127 1590 3700 1672">
     <span class='ocr_line' id='line_1_30' title="bbox 2127 1590 3700 1672; baseline -0.007 -19"><span class='ocrx_word' id='word_1_173' title='bbox 2127 1597 2185 1653; x_wconf 69' lang='grc' dir='ltr'><strong>δὲ</strong></span> <span class='ocrx_word' id='word_1_174' title='bbox 2233 1597 2396 1672; x_wconf 68' lang='grc' dir='ltr'>μόνον</span> <span class='ocrx_word' id='word_1_175' title='bbox 2420 1637 2435 1662; x_wconf 85' lang='grc'><strong>,</strong></span> <span class='ocrx_word' id='word_1_176' title='bbox 2469 1595 2586 1650; x_wconf 79' lang='grc' dir='ltr'>ἀλλ’</span> <span class='ocrx_word' id='word_1_177' title='bbox 2620 1597 2702 1650; x_wconf 84' lang='grc' dir='ltr'>ὅτι</span> <span class='ocrx_word' id='word_1_178' title='bbox 2733 1597 2829 1650; x_wconf 77' lang='grc' dir='ltr'>καὶ</span> <span class='ocrx_word' id='word_1_179' title='bbox 2869 1597 2930 1649; x_wconf 83' lang='grc' dir='ltr'>ἐν</span> <span class='ocrx_word' id='word_1_180' title='bbox 2955 1594 3035 1665; x_wconf 73' lang='grc' dir='ltr'>τιῖι</span> <span class='ocrx_word' id='word_1_181' title='bbox 3087 1595 3260 1648; x_wconf 82' lang='grc' dir='ltr'>ποιεῖν</span> <span class='ocrx_word' id='word_1_182' title='bbox 3288 1591 3604 1647; x_wconf 79' lang='grc' dir='ltr'>ἐδίδασκεν·</span> <span class='ocrx_word' id='word_1_183' title='bbox 3636 1590 3700 1643; x_wconf 79' lang='grc' dir='ltr'>οὐ</span> 
     </span>
    </p>
   </div>
   <div class='ocr_carea' id='block_1_31' title="bbox 446 1683 2040 1760">
    <p class='ocr_par' dir='ltr' id='par_1_31' title="bbox 446 1687 2028 1758">
     <span class='ocr_line' id='line_1_31' title="bbox 446 1687 2028 1758; baseline 0 -16"><span class='ocrx_word' id='word_1_184' title='bbox 446 1687 563 1742; x_wconf 75' lang='lat' dir='ltr'><strong>Non</strong></span> <span class='ocrx_word' id='word_1_185' title='bbox 615 1689 760 1742; x_wconf 90' lang='lat' dir='ltr'><strong>enim</strong></span> <span class='ocrx_word' id='word_1_186' title='bbox 790 1689 972 1744; x_wconf 79' lang='lat' dir='ltr'><strong>verbis</strong></span> <span class='ocrx_word' id='word_1_187' title='bbox 1019 1688 1239 1758; x_wconf 78' lang='lat' dir='ltr'><strong>quidem</strong></span> <span class='ocrx_word' id='word_1_188' title='bbox 1274 1687 1594 1744; x_wconf 79' lang='lat' dir='ltr'><strong>horninibus</strong></span> <span class='ocrx_word' id='word_1_189' title='bbox 1626 1687 1941 1752; x_wconf 81' lang='lat' dir='ltr'><strong>mandabat,</strong></span> <span class='ocrx_word' id='word_1_190' title='bbox 1969 1695 2028 1742; x_wconf 92' lang='lat' dir='ltr'><strong>ttt</strong></span> 
     </span>
    </p>
   </div>
   <div class='ocr_carea' id='block_1_32' title="bbox 2137 1683 3703 1760">
    <p class='ocr_par' dir='ltr' id='par_1_32' title="bbox 2137 1683 3703 1760">
     <span class='ocr_line' id='line_1_32' title="bbox 2137 1683 3703 1760; baseline -0.005 -18"><span class='ocrx_word' id='word_1_191' title='bbox 2137 1689 2240 1759; x_wconf 73' lang='grc' dir='ltr'><strong>γὰρ</strong></span> <span class='ocrx_word' id='word_1_192' title='bbox 2291 1687 2438 1760; x_wconf 83' lang='grc' dir='ltr'>λόγῳ</span> <span class='ocrx_word' id='word_1_193' title='bbox 2484 1687 2583 1758; x_wconf 83' lang='grc' dir='ltr'>μὲν</span> <span class='ocrx_word' id='word_1_194' title='bbox 2636 1687 2908 1759; x_wconf 72' lang='grc' dir='ltr'>ἐπέτρεπε</span> <span class='ocrx_word' id='word_1_195' title='bbox 2953 1689 3064 1750; x_wconf 79' lang='grc' dir='ltr'>τοῖς</span> <span class='ocrx_word' id='word_1_196' title='bbox 3121 1685 3302 1750; x_wconf 82' lang='grc' dir='ltr'>ἀλλοις</span> <span class='ocrx_word' id='word_1_197' title='bbox 3327 1685 3374 1718; x_wconf 68' lang='grc'>⁸⁸</span> <span class='ocrx_word' id='word_1_198' title='bbox 3419 1683 3703 1756; x_wconf 79' lang='grc' dir='ltr'>πράττειν,</span> 
     </span>
    </p>
   </div>
   <div class='ocr_carea' id='block_1_33' title="bbox 446 1775 2028 1850">
    <p class='ocr_par' dir='ltr' id='par_1_33' title="bbox 446 1775 2028 1850">
     <span class='ocr_line' id='line_1_33' title="bbox 446 1775 2028 1850; baseline 0 -18"><span class='ocrx_word' id='word_1_199' title='bbox 446 1781 712 1845; x_wconf 77' lang='lat' dir='ltr'><strong>facerent,</strong></span> <span class='ocrx_word' id='word_1_200' title='bbox 749 1780 868 1850; x_wconf 86' lang='lat' dir='ltr'><strong>ipse</strong></span> <span class='ocrx_word' id='word_1_201' title='bbox 893 1792 1023 1833; x_wconf 86' lang='lat' dir='ltr'><strong>vero</strong></span> <span class='ocrx_word' id='word_1_202' title='bbox 1056 1793 1165 1832; x_wconf 93' lang='lat' dir='ltr'><strong>non</strong></span> <span class='ocrx_word' id='word_1_203' title='bbox 1199 1777 1461 1842; x_wconf 77' lang='lat' dir='ltr'><strong>faciebat,</strong></span> <span class='ocrx_word' id='word_1_204' title='bbox 1517 1775 1611 1833; x_wconf 87' lang='lat' dir='ltr'><strong>sed</strong></span> <span class='ocrx_word' id='word_1_205' title='bbox 1645 1791 1738 1848; x_wconf 83' lang='lat' dir='ltr'><strong>per</strong></span> <span class='ocrx_word' id='word_1_206' title='bbox 1758 1792 1846 1840; x_wconf 86' lang='lat' dir='ltr'><strong>ea,</strong></span> <span class='ocrx_word' id='word_1_207' title='bbox 1903 1791 2028 1847; x_wconf 67' lang='lat' dir='ltr'><strong>quae</strong></span> 
     </span>
    </p>
   </div>
   <div class='ocr_carea' id='block_1_34' title="bbox 446 1867 2026 1941">
    <p class='ocr_par' dir='ltr' id='par_1_34' title="bbox 446 1867 2026 1941">
     <span class='ocr_line' id='line_1_34' title="bbox 446 1867 2026 1941; baseline -0.001 -17"><span class='ocrx_word' id='word_1_208' title='bbox 446 1874 565 1941; x_wconf 77' lang='lat' dir='ltr'><strong>ipse</strong></span> <span class='ocrx_word' id='word_1_209' title='bbox 598 1869 855 1938; x_wconf 67' lang='lat' dir='ltr'><strong>faciebat,</strong></span> <span class='ocrx_word' id='word_1_210' title='bbox 890 1869 1054 1925; x_wconf 84' lang='lat' dir='ltr'><strong>etiam</strong></span> <span class='ocrx_word' id='word_1_211' title='bbox 1089 1867 1342 1922; x_wconf 86' lang='lat' dir='ltr'><strong>homines</strong></span> <span class='ocrx_word' id='word_1_212' title='bbox 1369 1868 1719 1934; x_wconf 85' lang='lat' dir='ltr'><strong>admonebat,</strong></span> <span class='ocrx_word' id='word_1_213' title='bbox 1749 1876 1808 1923; x_wconf 90' lang='lat' dir='ltr'><strong>ut</strong></span> <span class='ocrx_word' id='word_1_214' title='bbox 1831 1867 1897 1923; x_wconf 88' lang='lat' dir='ltr'><strong>ad</strong></span> <span class='ocrx_word' id='word_1_215' title='bbox 1940 1867 2026 1924; x_wconf 86' lang='lat' dir='ltr'><strong>sui</strong></span> 
     </span>
    </p>
   </div>
   <div class='ocr_carea' id='block_1_35' title="bbox 449 1960 2026 2017">
    <p class='ocr_par' dir='ltr' id='par_1_35' title="bbox 449 1960 2026 2017">
     <span class='ocr_line' id='line_1_35' title="bbox 449 1960 2026 2017; baseline 0 -1"><span class='ocrx_word' id='word_1_216' title='bbox 449 1962 818 2017; x_wconf 84' lang='lat' dir='ltr'><strong>imitationem</strong></span> <span class='ocrx_word' id='word_1_217' title='bbox 852 1969 905 2016; x_wconf 92' lang='lat' dir='ltr'><strong>et</strong></span> <span class='ocrx_word' id='word_1_218' title='bbox 933 1960 1177 2016; x_wconf 78' lang='lat' dir='ltr'><strong>studium</strong></span> <span class='ocrx_word' id='word_1_219' title='bbox 1219 1961 1446 2016; x_wconf 82' lang='lat' dir='ltr'><strong>virtutis</strong></span> <span class='ocrx_word' id='word_1_220' title='bbox 1473 1974 1599 2016; x_wconf 83' lang='lat' dir='ltr'><strong>sese</strong></span> <span class='ocrx_word' id='word_1_221' title='bbox 1643 1960 2026 2016; x_wconf 79' lang='lat' dir='ltr'><strong>transferrent.</strong></span> 
     </span>
    </p>
   </div>
   <div class='ocr_carea' id='block_1_36' title="bbox 450 2051 2033 2124">
    <p class='ocr_par' dir='ltr' id='par_1_36' title="bbox 450 2051 2033 2124">
     <span class='ocr_line' id='line_1_36' title="bbox 450 2051 2033 2124; baseline -0.001 -15"><span class='ocrx_word' id='word_1_222' title='bbox 450 2052 748 2110; x_wconf 77' lang='lat' dir='ltr'><strong>Sciendum</strong></span> <span class='ocrx_word' id='word_1_223' title='bbox 778 2061 863 2110; x_wconf 90' lang='lat' dir='ltr'><strong>est</strong></span> <span class='ocrx_word' id='word_1_224' title='bbox 896 2060 1081 2109; x_wconf 89' lang='lat' dir='ltr'><strong>autem</strong></span> <span class='ocrx_word' id='word_1_225' title='bbox 1107 2051 1469 2124; x_wconf 82' lang='lat' dir='ltr'><strong>Theophilum</strong></span> <span class='ocrx_word' id='word_1_226' title='bbox 1512 2066 1682 2108; x_wconf 89' lang='lat' dir='ltr'><strong>unum</strong></span> <span class='ocrx_word' id='word_1_227' title='bbox 1740 2051 1915 2110; x_wconf 80' lang='lat' dir='ltr'><strong>fuisse</strong></span> <span class='ocrx_word' id='word_1_228' title='bbox 1963 2053 2033 2110; x_wconf 90' lang='lat' dir='ltr'><strong>de</strong></span> 
     </span>
    </p>
   </div>
   <div class='ocr_carea' id='block_1_37' title="bbox 451 2143 2032 2221">
    <p class='ocr_par' dir='ltr' id='par_1_37' title="bbox 451 2143 2032 2221">
     <span class='ocr_line' id='line_1_37' title="bbox 451 2143 2032 2221; baseline 0 -21"><span class='ocrx_word' id='word_1_229' title='bbox 451 2159 684 2201; x_wconf 88' lang='lat' dir='ltr'><strong>numero</strong></span> <span class='ocrx_word' id='word_1_230' title='bbox 742 2147 980 2221; x_wconf 76' lang='lat' dir='ltr'><strong>piorum,</strong></span> <span class='ocrx_word' id='word_1_231' title='bbox 1040 2145 1131 2214; x_wconf 82' lang='lat' dir='ltr'><strong>qui</strong></span> <span class='ocrx_word' id='word_1_232' title='bbox 1179 2145 1249 2200; x_wconf 84' lang='lat' dir='ltr'><strong>ab</strong></span> <span class='ocrx_word' id='word_1_233' title='bbox 1283 2145 1404 2217; x_wconf 88' lang='lat' dir='ltr'><strong>ipso</strong></span> <span class='ocrx_word' id='word_1_234' title='bbox 1452 2143 1602 2201; x_wconf 87' lang='lat' dir='ltr'><strong>Luca</strong></span> <span class='ocrx_word' id='word_1_235' title='bbox 1651 2143 1719 2201; x_wconf 91' lang='lat' dir='ltr'><strong>ad</strong></span> <span class='ocrx_word' id='word_1_236' title='bbox 1773 2145 2032 2216; x_wconf 83' lang='lat' dir='ltr'><strong>pietatem</strong></span> 
     </span>
    </p>
   </div>
   <div class='ocr_carea' id='block_1_38' title="bbox 451 2236 2034 2305">
    <p class='ocr_par' dir='ltr' id='par_1_38' title="bbox 451 2236 2034 2305">
     <span class='ocr_line' id='line_1_38' title="bbox 451 2236 2034 2305; baseline 0.001 -14"><span class='ocrx_word' id='word_1_237' title='bbox 451 2245 610 2292; x_wconf 86' lang='lat' dir='ltr'><strong>erant</strong></span> <span class='ocrx_word' id='word_1_238' title='bbox 635 2237 892 2293; x_wconf 90' lang='lat' dir='ltr'><strong>instituti.</strong></span> <span class='ocrx_word' id='word_1_239' title='bbox 936 2239 1014 2292; x_wconf 82' lang='lat' dir='ltr'><strong>Ac</strong></span> <span class='ocrx_word' id='word_1_240' title='bbox 1049 2254 1119 2294; x_wconf 87' lang='lat' dir='ltr'><strong>ne</strong></span> <span class='ocrx_word' id='word_1_241' title='bbox 1173 2238 1413 2305; x_wconf 84' lang='lat' dir='ltr'><strong>mireris,</strong></span> <span class='ocrx_word' id='word_1_242' title='bbox 1478 2237 1526 2292; x_wconf 84' lang='lat' dir='ltr'><strong>si</strong></span> <span class='ocrx_word' id='word_1_243' title='bbox 1580 2236 1744 2293; x_wconf 88' lang='lat' dir='ltr'><strong>unius</strong></span> <span class='ocrx_word' id='word_1_244' title='bbox 1793 2237 2034 2293; x_wconf 81' lang='lat' dir='ltr'><strong>hominis</strong></span> 
     </span>
    </p>
   </div>
   <div class='ocr_carea' id='block_1_39' title="bbox 452 2326 2034 2401">
    <p class='ocr_par' dir='ltr' id='par_1_39' title="bbox 452 2326 2034 2401">
     <span class='ocr_line' id='line_1_39' title="bbox 452 2326 2034 2401; baseline 0.001 -19"><span class='ocrx_word' id='word_1_245' title='bbox 452 2327 629 2398; x_wconf 79' lang='lat' dir='ltr'><strong>gratia</strong></span> <span class='ocrx_word' id='word_1_246' title='bbox 663 2329 799 2384; x_wconf 87' lang='lat' dir='ltr'><strong>adeo</strong></span> <span class='ocrx_word' id='word_1_247' title='bbox 821 2329 1100 2386; x_wconf 89' lang='lat' dir='ltr'><strong>sollicitus</strong></span> <span class='ocrx_word' id='word_1_248' title='bbox 1132 2329 1258 2398; x_wconf 82' lang='lat' dir='ltr'><strong>fuit,</strong></span> <span class='ocrx_word' id='word_1_249' title='bbox 1288 2343 1525 2400; x_wconf 83' lang='lat' dir='ltr'><strong>euntque</strong></span> <span class='ocrx_word' id='word_1_250' title='bbox 1554 2331 1688 2384; x_wconf 88' lang='lat' dir='ltr'><strong>tanti</strong></span> <span class='ocrx_word' id='word_1_251' title='bbox 1713 2328 1770 2401; x_wconf 77' lang='lat'><strong>6</strong></span> <span class='ocrx_word' id='word_1_252' title='bbox 1795 2326 1946 2396; x_wconf 75' lang='lat' dir='ltr'><strong>fecit,</strong></span> <span class='ocrx_word' id='word_1_253' title='bbox 1973 2338 2034 2384; x_wconf 94' lang='lat' dir='ltr'><strong>ut</strong></span> 
     </span>
    </p>
   </div>
   <div class='ocr_carea' id='block_1_40' title="bbox 452 2419 2036 2493">
    <p class='ocr_par' dir='ltr' id='par_1_40' title="bbox 452 2419 2036 2493">
     <span class='ocr_line' id='line_1_40' title="bbox 452 2419 2036 2493; baseline -0.001 -16"><span class='ocrx_word' id='word_1_254' title='bbox 452 2419 694 2493; x_wconf 73' lang='lat' dir='ltr'><strong>integros</strong></span> <span class='ocrx_word' id='word_1_255' title='bbox 744 2421 915 2478; x_wconf 81' lang='lat' dir='ltr'><strong>libros</strong></span> <span class='ocrx_word' id='word_1_256' title='bbox 953 2428 1118 2493; x_wconf 88' lang='lat' dir='ltr'><strong>atque</strong></span> <span class='ocrx_word' id='word_1_257' title='bbox 1144 2429 1410 2478; x_wconf 82' lang='lat' dir='ltr'><strong>tractatus</strong></span> <span class='ocrx_word' id='word_1_258' title='bbox 1449 2421 1737 2478; x_wconf 83' lang='lat' dir='ltr'><strong>scriberet.</strong></span> <span class='ocrx_word' id='word_1_259' title='bbox 1768 2419 2036 2478; x_wconf 87' lang='lat' dir='ltr'><strong>Servabat</strong></span> 
     </span>
    </p>
   </div>
   <div class='ocr_carea' id='block_1_41' title="bbox 456 2511 2034 2585">
    <p class='ocr_par' dir='ltr' id='par_1_41' title="bbox 456 2511 2034 2585">
     <span class='ocr_line' id='line_1_41' title="bbox 456 2511 2034 2585; baseline 0 -16"><span class='ocrx_word' id='word_1_260' title='bbox 456 2513 605 2569; x_wconf 89' lang='lat' dir='ltr'><strong>enim</strong></span> <span class='ocrx_word' id='word_1_261' title='bbox 641 2511 988 2569; x_wconf 83' lang='lat' dir='ltr'><strong>Dominieam</strong></span> <span class='ocrx_word' id='word_1_262' title='bbox 1021 2529 1235 2581; x_wconf 80' lang='lat' dir='ltr'><strong>vocem,</strong></span> <span class='ocrx_word' id='word_1_263' title='bbox 1269 2530 1389 2585; x_wconf 67' lang='lat' dir='ltr'><strong>qum</strong></span> <span class='ocrx_word' id='word_1_264' title='bbox 1423 2513 1552 2569; x_wconf 89' lang='lat' dir='ltr'><strong>dicit</strong></span> <span class='ocrx_word' id='word_1_265' title='bbox 1591 2533 1604 2568; x_wconf 90' lang='lat'><strong>:</strong></span> <span class='ocrx_word' id='word_1_266' title='bbox 1642 2512 1759 2570; x_wconf 78' lang='lat' dir='ltr'><strong>Non</strong></span> <span class='ocrx_word' id='word_1_267' title='bbox 1793 2520 1878 2570; x_wconf 92' lang='lat' dir='ltr'><strong>cst</strong></span> <span class='ocrx_word' id='word_1_268' title='bbox 1937 2529 2034 2569; x_wconf 81' lang='lat' dir='ltr'><strong>vo-</strong></span> 
     </span>
    </p>
   </div>
   <div class='ocr_carea' id='block_1_42' title="bbox 459 2605 2031 2678">
    <p class='ocr_par' dir='ltr' id='par_1_42' title="bbox 459 2605 2031 2678">
     <span class='ocr_line' id='line_1_42' title="bbox 459 2605 2031 2678; baseline 0.001 -18"><span class='ocrx_word' id='word_1_269' title='bbox 459 2605 647 2660; x_wconf 87' lang='lat' dir='ltr'><strong>luntas</strong></span> <span class='ocrx_word' id='word_1_270' title='bbox 703 2605 888 2662; x_wconf 85' lang='lat' dir='ltr'><strong>Patris</strong></span> <span class='ocrx_word' id='word_1_271' title='bbox 936 2606 1067 2674; x_wconf 89' lang='lat' dir='ltr'><strong>mei,</strong></span> <span class='ocrx_word' id='word_1_272' title='bbox 1129 2615 1188 2660; x_wconf 88' lang='lat' dir='ltr'><strong>ttt</strong></span> <span class='ocrx_word' id='word_1_273' title='bbox 1218 2614 1407 2678; x_wconf 86' lang='lat' dir='ltr'><strong>pereat</strong></span> <span class='ocrx_word' id='word_1_274' title='bbox 1449 2623 1591 2670; x_wconf 85' lang='lat' dir='ltr'><strong>unus</strong></span> <span class='ocrx_word' id='word_1_275' title='bbox 1617 2608 1688 2664; x_wconf 83' lang='lat' dir='ltr'><strong>de</strong></span> <span class='ocrx_word' id='word_1_276' title='bbox 1719 2607 1906 2678; x_wconf 82' lang='lat' dir='ltr'><strong>parvis</strong></span> <span class='ocrx_word' id='word_1_277' title='bbox 1923 2607 2031 2662; x_wconf 86' lang='lat' dir='ltr'><strong>Itis.</strong></span> 
     </span>
    </p>
   </div>
   <div class='ocr_carea' id='block_1_43' title="bbox 459 2697 2034 2772">
    <p class='ocr_par' dir='ltr' id='par_1_43' title="bbox 459 2697 2034 2772">
     <span class='ocr_line' id='line_1_43' title="bbox 459 2697 2034 2772; baseline 0.001 -19"><span class='ocrx_word' id='word_1_278' title='bbox 459 2697 566 2754; x_wconf 87' lang='lat' dir='ltr'><strong>Sed</strong></span> <span class='ocrx_word' id='word_1_279' title='bbox 604 2715 704 2754; x_wconf 77' lang='lat' dir='ltr'><strong>cur</strong></span> <span class='ocrx_word' id='word_1_280' title='bbox 735 2699 831 2754; x_wconf 86' lang='lat' dir='ltr'><strong>uni</strong></span> <span class='ocrx_word' id='word_1_281' title='bbox 889 2713 1013 2752; x_wconf 92' lang='lat' dir='ltr'><strong>cttnt</strong></span> <span class='ocrx_word' id='word_1_282' title='bbox 1064 2699 1328 2768; x_wconf 81' lang='lat' dir='ltr'><strong>scriberet</strong></span> <span class='ocrx_word' id='word_1_283' title='bbox 1355 2699 1680 2772; x_wconf 84' lang='lat' dir='ltr'><strong>TlteOphilo,</strong></span> <span class='ocrx_word' id='word_1_284' title='bbox 1706 2716 1812 2756; x_wconf 88' lang='lat' dir='ltr'><strong>non</strong></span> <span class='ocrx_word' id='word_1_285' title='bbox 1865 2715 2034 2755; x_wconf 85' lang='lat' dir='ltr'><strong>unum</strong></span> 
     </span>
    </p>
   </div>
   <div class='ocr_carea' id='block_1_44' title="bbox 457 2787 2039 2863">
    <p class='ocr_par' dir='ltr' id='par_1_44' title="bbox 457 2787 2039 2863">
     <span class='ocr_line' id='line_1_44' title="bbox 457 2787 2039 2863; baseline 0.001 -19"><span class='ocrx_word' id='word_1_286' title='bbox 457 2790 661 2845; x_wconf 79' lang='lat' dir='ltr'><strong>librum</strong></span> <span class='ocrx_word' id='word_1_287' title='bbox 695 2787 842 2855; x_wconf 81' lang='lat' dir='ltr'><strong>fecit,</strong></span> <span class='ocrx_word' id='word_1_288' title='bbox 875 2788 975 2845; x_wconf 85' lang='lat' dir='ltr'><strong>sed</strong></span> <span class='ocrx_word' id='word_1_289' title='bbox 1005 2790 1060 2845; x_wconf 94' lang='lat' dir='ltr'><strong>in</strong></span> <span class='ocrx_word' id='word_1_290' title='bbox 1082 2788 1222 2846; x_wconf 85' lang='lat' dir='ltr'><strong>duas</strong></span> <span class='ocrx_word' id='word_1_291' title='bbox 1243 2799 1432 2861; x_wconf 88' lang='lat' dir='ltr'><strong>partes</strong></span> <span class='ocrx_word' id='word_1_292' title='bbox 1452 2792 1642 2850; x_wconf 82' lang='lat' dir='ltr'><strong>divisit</strong></span> <span class='ocrx_word' id='word_1_293' title='bbox 1661 2802 1980 2863; x_wconf 84' lang='lat' dir='ltr'><strong>argumenta</strong></span> <span class='ocrx_word' id='word_1_294' title='bbox 2012 2791 2039 2846; x_wconf 83' lang='lat'><strong>?</strong></span> 
     </span>
    </p>
   </div>
   <div class='ocr_carea' id='block_1_45' title="bbox 464 2880 2034 2953">
    <p class='ocr_par' dir='ltr' id='par_1_45' title="bbox 464 2880 2034 2953">
     <span class='ocr_line' id='line_1_45' title="bbox 464 2880 2034 2953; baseline 0 -17"><span class='ocrx_word' id='word_1_295' title='bbox 464 2880 696 2953; x_wconf 88' lang='lat' dir='ltr'><strong>Propter</strong></span> <span class='ocrx_word' id='word_1_296' title='bbox 722 2881 1201 2953; x_wconf 88' lang='lat' dir='ltr'><strong>perspicuitatem,</strong></span> <span class='ocrx_word' id='word_1_297' title='bbox 1226 2889 1282 2937; x_wconf 92' lang='lat' dir='ltr'><strong>ct</strong></span> <span class='ocrx_word' id='word_1_298' title='bbox 1309 2890 1369 2936; x_wconf 91' lang='lat' dir='ltr'><strong>ut</strong></span> <span class='ocrx_word' id='word_1_299' title='bbox 1397 2883 1650 2941; x_wconf 82' lang='lat' dir='ltr'><strong>reﬁceret</strong></span> <span class='ocrx_word' id='word_1_300' title='bbox 1708 2884 2034 2948; x_wconf 88' lang='lat' dir='ltr'><strong>auditorem,</strong></span> 
     </span>
    </p>
   </div>
   <div class='ocr_carea' id='block_1_46' title="bbox 463 2973 2038 3046">
    <p class='ocr_par' dir='ltr' id='par_1_46' title="bbox 463 2973 2038 3046">
     <span class='ocr_line' id='line_1_46' title="bbox 463 2973 2038 3046; baseline 0.001 -19"><span class='ocrx_word' id='word_1_301' title='bbox 463 2988 630 3046; x_wconf 78' lang='lat' dir='ltr'><strong>atque</strong></span> <span class='ocrx_word' id='word_1_302' title='bbox 653 2977 819 3031; x_wconf 88' lang='lat' dir='ltr'><strong>etiam</strong></span> <span class='ocrx_word' id='word_1_303' title='bbox 845 2981 1169 3045; x_wconf 79' lang='lat' dir='ltr'><strong>argumento</strong></span> <span class='ocrx_word' id='word_1_304' title='bbox 1202 2973 1366 3032; x_wconf 80' lang='lat' dir='ltr'><strong>divisi</strong></span> <span class='ocrx_word' id='word_1_305' title='bbox 1408 2981 1676 3032; x_wconf 85' lang='lat' dir='ltr'><strong>tractatus</strong></span> <span class='ocrx_word' id='word_1_306' title='bbox 1706 2985 1886 3044; x_wconf 87' lang='lat' dir='ltr'><strong>erant,</strong></span> <span class='ocrx_word' id='word_1_307' title='bbox 1935 2975 2038 3029; x_wconf 83' lang='lat' dir='ltr'><strong>ita-</strong></span> 
     </span>
    </p>
   </div>
   <div class='ocr_carea' id='block_1_47' title="bbox 2132 1772 3705 1849">
    <p class='ocr_par' dir='ltr' id='par_1_47' title="bbox 2132 1772 3705 1849">
     <span class='ocr_line' id='line_1_47' title="bbox 2132 1772 3705 1849; baseline -0.004 -15"><span class='ocrx_word' id='word_1_308' title='bbox 2132 1780 2298 1844; x_wconf 79' lang='grc' dir='ltr'>αὐτὸς</span> <span class='ocrx_word' id='word_1_309' title='bbox 2321 1779 2380 1834; x_wconf 67' lang='grc' dir='ltr'><strong>δὲ</strong></span> <span class='ocrx_word' id='word_1_310' title='bbox 2410 1779 2510 1834; x_wconf 75' lang='grc' dir='ltr'>οὐκ</span> <span class='ocrx_word' id='word_1_311' title='bbox 2542 1779 2816 1849; x_wconf 77' lang='grc' dir='ltr'>ἔπραττεν</span> <span class='ocrx_word' id='word_1_312' title='bbox 2837 1819 2854 1844; x_wconf 91' lang='grc'><strong>,</strong></span> <span class='ocrx_word' id='word_1_313' title='bbox 2885 1778 3024 1835; x_wconf 83' lang='grc' dir='ltr'><strong>ἀλλά</strong></span> <span class='ocrx_word' id='word_1_314' title='bbox 3045 1778 3114 1832; x_wconf 82' lang='grc' dir='ltr'>δι’</span> <span class='ocrx_word' id='word_1_315' title='bbox 3139 1772 3215 1832; x_wconf 83' lang='grc' dir='ltr'>ὧν</span> <span class='ocrx_word' id='word_1_316' title='bbox 3239 1775 3402 1841; x_wconf 74' lang='grc' dir='ltr'>αὐτὸς</span> <span class='ocrx_word' id='word_1_317' title='bbox 3445 1774 3705 1845; x_wconf 68' lang='grc' dir='ltr'>ἔπραττε,</span> 
     </span>
    </p>
   </div>
   <div class='ocr_carea' id='block_1_48' title="bbox 2130 1867 3708 1944">
    <p class='ocr_par' dir='ltr' id='par_1_48' title="bbox 2130 1867 3708 1944">
     <span class='ocr_line' id='line_1_48' title="bbox 2130 1867 3708 1944; baseline -0.004 -17"><span class='ocrx_word' id='word_1_318' title='bbox 2130 1873 2220 1928; x_wconf 66' lang='grc' dir='ltr'>διὰ</span> <span class='ocrx_word' id='word_1_319' title='bbox 2253 1872 2458 1927; x_wconf 84' lang='grc' dir='ltr'>τούτων</span> <span class='ocrx_word' id='word_1_320' title='bbox 2480 1871 2708 1944; x_wconf 77' lang='grc' dir='ltr'>παρῄνει</span> <span class='ocrx_word' id='word_1_321' title='bbox 2739 1874 2834 1926; x_wconf 77' lang='grc' dir='ltr'>καὶ</span> <span class='ocrx_word' id='word_1_322' title='bbox 2861 1873 2986 1935; x_wconf 75' lang='grc' dir='ltr'>τοὺς</span> <span class='ocrx_word' id='word_1_323' title='bbox 3015 1869 3336 1941; x_wconf 74' lang='grc' dir='ltr'>ἀνθρώπους</span> <span class='ocrx_word' id='word_1_324' title='bbox 3364 1869 3446 1932; x_wconf 83' lang='grc' dir='ltr'><strong>είς</strong></span> <span class='ocrx_word' id='word_1_325' title='bbox 3475 1867 3708 1939; x_wconf 82' lang='grc' dir='ltr'>μίμησιν</span> 
     </span>
    </p>
   </div>
   <div class='ocr_carea' id='block_1_49' title="bbox 2132 1950 3708 2037">
    <p class='ocr_par' dir='ltr' id='par_1_49' title="bbox 2132 1950 3708 2037">
     <span class='ocr_line' id='line_1_49' title="bbox 2132 1950 3708 2037; baseline -0.004 -18"><span class='ocrx_word' id='word_1_326' title='bbox 2132 1965 2327 2021; x_wconf 72' lang='grc' dir='ltr'>ἑαυτοῦ</span> <span class='ocrx_word' id='word_1_327' title='bbox 2359 1965 2452 2019; x_wconf 78' lang='grc' dir='ltr'>καὶ</span> <span class='ocrx_word' id='word_1_328' title='bbox 2475 1965 2680 2037; x_wconf 86' lang='grc' dir='ltr'>ἀρετῆς</span> <span class='ocrx_word' id='word_1_329' title='bbox 2703 1963 3024 2036; x_wconf 76' lang='grc' dir='ltr'>ἐπιμέλειαν</span> <span class='ocrx_word' id='word_1_330' title='bbox 3059 1950 3469 2035; x_wconf 83' lang='grc' dir='ltr'>μετατίθεσθαι.</span> <span class='ocrx_word' id='word_1_331' title='bbox 3506 1959 3708 2015; x_wconf 68' lang='grc' dir='ltr'>ἰστιον</span> 
     </span>
    </p>
   </div>
   <div class='ocr_carea' id='block_1_50' title="bbox 2131 2052 3788 2129">
    <p class='ocr_par' dir='ltr' id='par_1_50' title="bbox 2131 2052 3788 2129">
     <span class='ocr_line' id='line_1_50' title="bbox 2131 2052 3788 2129; baseline -0.005 -17"><span class='ocrx_word' id='word_1_332' title='bbox 2131 2057 2190 2112; x_wconf 77' lang='grc' dir='ltr'>δι</span> <span class='ocrx_word' id='word_1_333' title='bbox 2223 2055 2307 2112; x_wconf 78' lang='grc' dir='ltr'>ὅτι</span> <span class='ocrx_word' id='word_1_334' title='bbox 2343 2055 2648 2126; x_wconf 73' lang='grc' dir='ltr'>ὁθεόφιλος</span> <span class='ocrx_word' id='word_1_335' title='bbox 2709 2052 2790 2121; x_wconf 75' lang='grc' dir='ltr'>εἷς</span> <span class='ocrx_word' id='word_1_336' title='bbox 2843 2052 2914 2129; x_wconf 72' lang='grc' dir='ltr'>ἦν</span> <span class='ocrx_word' id='word_1_337' title='bbox 2946 2055 3057 2109; x_wconf 59' lang='lat' dir='ltr'><strong>«tth</strong></span> <span class='ocrx_word' id='word_1_338' title='bbox 3107 2052 3370 2118; x_wconf 71' lang='grc' dir='ltr'>εὐσεϐῶν,</span> <span class='ocrx_word' id='word_1_339' title='bbox 3403 2052 3514 2107; x_wconf 82' lang='grc' dir='ltr'><strong>τῶν</strong></span> <span class='ocrx_word' id='word_1_340' title='bbox 3538 2069 3710 2123; x_wconf 87' lang='grc' dir='ltr'>κατη-</span> <span class='ocrx_word' id='word_1_341' title='bbox 3782 2076 3788 2082; x_wconf 96' lang='grc'><strong>-</strong></span> 
     </span>
    </p>
   </div>
   <div class='ocr_carea' id='block_1_51' title="bbox 2132 2142 3709 2220">
    <p class='ocr_par' dir='ltr' id='par_1_51' title="bbox 2132 2142 3709 2220">
     <span class='ocr_line' id='line_1_51' title="bbox 2132 2142 3709 2220; baseline -0.003 -20"><span class='ocrx_word' id='word_1_342' title='bbox 2132 2146 2410 2220; x_wconf 82' lang='grc' dir='ltr'>χηθέντων</span> <span class='ocrx_word' id='word_1_343' title='bbox 2425 2147 2516 2201; x_wconf 81' lang='grc' dir='ltr'><strong>ὑπ’</strong></span> <span class='ocrx_word' id='word_1_344' title='bbox 2535 2145 2702 2201; x_wconf 77' lang='grc' dir='ltr'>αὐτοῦ</span> <span class='ocrx_word' id='word_1_345' title='bbox 2730 2145 2828 2217; x_wconf 74' lang='grc' dir='ltr'>τὴν</span> <span class='ocrx_word' id='word_1_346' title='bbox 2848 2145 3153 2202; x_wconf 76' lang='grc' dir='ltr'>εὐσέϐειαν.</span> <span class='ocrx_word' id='word_1_347' title='bbox 3183 2143 3292 2198; x_wconf 73' lang='grc' dir='ltr'><strong>Καὶ</strong></span> <span class='ocrx_word' id='word_1_348' title='bbox 3313 2142 3388 2216; x_wconf 78' lang='grc' dir='ltr'>μὴ</span> <span class='ocrx_word' id='word_1_349' title='bbox 3415 2142 3709 2214; x_wconf 52' lang='grc' dir='ltr'>θαυμάσῃς</span> 
     </span>
    </p>
   </div>
   <div class='ocr_carea' id='block_1_52' title="bbox 2132 2237 3707 2311">
    <p class='ocr_par' dir='ltr' id='par_1_52' title="bbox 2132 2237 3707 2311">
     <span class='ocr_line' id='line_1_52' title="bbox 2132 2237 3707 2311; baseline -0.004 -16"><span class='ocrx_word' id='word_1_350' title='bbox 2132 2243 2183 2295; x_wconf 90' lang='grc' dir='ltr'><strong>εί</strong></span> <span class='ocrx_word' id='word_1_351' title='bbox 2207 2241 2396 2297; x_wconf 60' lang='grc' dir='ltr'>ξνυκεν</span> <span class='ocrx_word' id='word_1_352' title='bbox 2424 2240 2615 2311; x_wconf 72' lang='grc' dir='ltr'>ἀνδρδς</span> <span class='ocrx_word' id='word_1_353' title='bbox 2635 2239 2754 2304; x_wconf 76' lang='grc' dir='ltr'>ἑνὸς</span> <span class='ocrx_word' id='word_1_354' title='bbox 2774 2238 3045 2310; x_wconf 80' lang='grc' dir='ltr'>τοσαύτην</span> <span class='ocrx_word' id='word_1_355' title='bbox 3067 2237 3323 2311; x_wconf 77' lang='grc' dir='ltr'>φροντίδα</span> <span class='ocrx_word' id='word_1_356' title='bbox 3350 2237 3707 2299; x_wconf 79' lang='grc' dir='ltr'>κατεϐάλετο,</span> 
     </span>
    </p>
   </div>
   <div class='ocr_carea' id='block_1_53' title="bbox 2132 2329 3714 2403">
    <p class='ocr_par' dir='ltr' id='par_1_53' title="bbox 2132 2329 3714 2403">
     <span class='ocr_line' id='line_1_53' title="bbox 2132 2329 3714 2403; baseline -0.004 -15"><span class='ocrx_word' id='word_1_357' title='bbox 2132 2334 2208 2399; x_wconf 85' lang='grc' dir='ltr'>ὡς</span> <span class='ocrx_word' id='word_1_358' title='bbox 2237 2333 2330 2388; x_wconf 80' lang='grc' dir='ltr'>δύο</span> <span class='ocrx_word' id='word_1_359' title='bbox 2360 2332 2507 2403; x_wconf 75' lang='grc' dir='ltr'><strong>αὑτῷ</strong></span> <span class='ocrx_word' id='word_1_360' title='bbox 2536 2332 2747 2403; x_wconf 67' lang='grc' dir='ltr'>γράψει</span> <span class='ocrx_word' id='word_1_361' title='bbox 2792 2331 3178 2402; x_wconf 73' lang='grc' dir='ltr'>πραγματείας</span> <span class='ocrx_word' id='word_1_362' title='bbox 3221 2329 3577 2400; x_wconf 78' lang='grc' dir='ltr'>ὁλοκλήρους·</span> <span class='ocrx_word' id='word_1_363' title='bbox 3619 2330 3714 2383; x_wconf 71' lang='grc' dir='ltr'>καὶ</span> 
     </span>
    </p>
   </div>
   <div class='ocr_carea' id='block_1_54' title="bbox 2136 2419 3711 2498">
    <p class='ocr_par' dir='ltr' id='par_1_54' title="bbox 2136 2419 3711 2498">
     <span class='ocr_line' id='line_1_54' title="bbox 2136 2419 3711 2498; baseline -0.004 -17"><span class='ocrx_word' id='word_1_364' title='bbox 2136 2428 2246 2497; x_wconf 79' lang='grc' dir='ltr'><strong>γάρ</strong></span> <span class='ocrx_word' id='word_1_365' title='bbox 2275 2424 2450 2496; x_wconf 75' lang='grc' dir='ltr'>φύλαξ</span> <span class='ocrx_word' id='word_1_366' title='bbox 2470 2421 2540 2498; x_wconf 74' lang='grc' dir='ltr'>ἦν</span> <span class='ocrx_word' id='word_1_367' title='bbox 2565 2421 2666 2494; x_wconf 76' lang='grc' dir='ltr'>τῆς</span> <span class='ocrx_word' id='word_1_368' title='bbox 2689 2427 3025 2496; x_wconf 78' lang='grc' dir='ltr'>Δεσποτικῆς</span> <span class='ocrx_word' id='word_1_369' title='bbox 3046 2423 3252 2493; x_wconf 75' lang='grc' dir='ltr'>φωνῆς,</span> <span class='ocrx_word' id='word_1_370' title='bbox 3278 2422 3380 2492; x_wconf 74' lang='grc' dir='ltr'>τῆς</span> <span class='ocrx_word' id='word_1_371' title='bbox 3404 2419 3669 2490; x_wconf 70' lang='grc' dir='ltr'>λεγούσης</span> <span class='ocrx_word' id='word_1_372' title='bbox 3696 2438 3711 2452; x_wconf 90' lang='grc'><strong>·</strong></span> 
     </span>
    </p>
   </div>
   <div class='ocr_carea' id='block_1_55' title="bbox 2139 2507 3715 2588">
    <p class='ocr_par' dir='ltr' id='par_1_55' title="bbox 2139 2507 3715 2588">
     <span class='ocr_line' id='line_1_55' title="bbox 2139 2507 3715 2588; baseline -0.005 -16"><span class='ocrx_word' id='word_1_373' title='bbox 2139 2521 2256 2574; x_wconf 81' lang='grc' dir='ltr'><strong>Οὐκ</strong></span> <span class='ocrx_word' id='word_1_374' title='bbox 2297 2518 2413 2572; x_wconf 79' lang='grc' dir='ltr'>ἔστι</span> <span class='ocrx_word' id='word_1_375' title='bbox 2446 2517 2662 2588; x_wconf 81' lang='grc' dir='ltr'>θέλημα</span> <span class='ocrx_word' id='word_1_376' title='bbox 2689 2517 2784 2572; x_wconf 77' lang='grc' dir='ltr'><strong>τοῦ</strong></span> <span class='ocrx_word' id='word_1_377' title='bbox 2807 2516 3020 2587; x_wconf 82' lang='grc' dir='ltr'>Πατρός</span> <span class='ocrx_word' id='word_1_378' title='bbox 3053 2533 3178 2586; x_wconf 85' lang='grc' dir='ltr'>μον,</span> <span class='ocrx_word' id='word_1_379' title='bbox 3209 2514 3298 2570; x_wconf 71' lang='lat' dir='ltr'><strong>ba.</strong></span> <span class='ocrx_word' id='word_1_380' title='bbox 3324 2513 3597 2584; x_wconf 71' lang='grc' dir='ltr'>ἀπόληται</span> <span class='ocrx_word' id='word_1_381' title='bbox 3632 2507 3715 2576; x_wconf 70' lang='grc' dir='ltr'><strong>εἷς</strong></span> 
     </span>
    </p>
   </div>
   <div class='ocr_carea' id='block_1_56' title="bbox 2135 2605 3708 2683">
    <p class='ocr_par' dir='ltr' id='par_1_56' title="bbox 2135 2605 3708 2683">
     <span class='ocr_line' id='line_1_56' title="bbox 2135 2605 3708 2683; baseline -0.004 -19"><span class='ocrx_word' id='word_1_382' title='bbox 2135 2611 2244 2665; x_wconf 82' lang='grc' dir='ltr'>τῶν</span> <span class='ocrx_word' id='word_1_383' title='bbox 2281 2610 2492 2683; x_wconf 81' lang='grc' dir='ltr'>μικρῶν</span> <span class='ocrx_word' id='word_1_384' title='bbox 2517 2609 2741 2665; x_wconf 88' lang='grc' dir='ltr'>τούτων.</span> <span class='ocrx_word' id='word_1_385' title='bbox 2771 2609 2928 2674; x_wconf 80' lang='grc' dir='ltr'>Τίνος</span> <span class='ocrx_word' id='word_1_386' title='bbox 2950 2609 3008 2664; x_wconf 73' lang='grc' dir='ltr'><strong>δὲ</strong></span> <span class='ocrx_word' id='word_1_387' title='bbox 3030 2608 3217 2662; x_wconf 76' lang='grc' dir='ltr'>ῑνεκεν</span> <span class='ocrx_word' id='word_1_388' title='bbox 3268 2609 3349 2663; x_wconf 77' lang='grc' dir='ltr'><strong>ἑνὶ</strong></span> <span class='ocrx_word' id='word_1_389' title='bbox 3370 2607 3600 2679; x_wconf 65' lang='grc' dir='ltr'>γράφων</span> <span class='ocrx_word' id='word_1_390' title='bbox 3629 2605 3708 2677; x_wconf 85' lang='grc' dir='ltr'><strong>τῷ</strong></span> 
     </span>
    </p>
   </div>
   <div class='ocr_carea' id='block_1_57' title="bbox 2135 2699 3718 2775">
    <p class='ocr_par' dir='ltr' id='par_1_57' title="bbox 2135 2699 3718 2775">
     <span class='ocr_line' id='line_1_57' title="bbox 2135 2699 3718 2775; baseline -0.003 -16"><span class='ocrx_word' id='word_1_391' title='bbox 2135 2704 2402 2775; x_wconf 79' lang='grc' dir='ltr'>Θεοφίλῳ,</span> <span class='ocrx_word' id='word_1_392' title='bbox 2459 2703 2558 2774; x_wconf 82' lang='grc' dir='ltr'><strong>οὐχ</strong></span> <span class='ocrx_word' id='word_1_393' title='bbox 2595 2702 2656 2757; x_wconf 73' lang='grc' dir='ltr'>ἐν</span> <span class='ocrx_word' id='word_1_394' title='bbox 2706 2702 2911 2775; x_wconf 76' lang='grc' dir='ltr'>βιδλίον</span> <span class='ocrx_word' id='word_1_395' title='bbox 2969 2702 3225 2774; x_wconf 66' lang='grc' dir='ltr'>εποίησεν</span> <span class='ocrx_word' id='word_1_396' title='bbox 3252 2741 3269 2766; x_wconf 89' lang='grc'><strong>,</strong></span> <span class='ocrx_word' id='word_1_397' title='bbox 3318 2699 3437 2756; x_wconf 77' lang='grc' dir='ltr'>ἀλλ’</span> <span class='ocrx_word' id='word_1_398' title='bbox 3485 2701 3566 2765; x_wconf 85' lang='grc' dir='ltr'><strong>είς</strong></span> <span class='ocrx_word' id='word_1_399' title='bbox 3621 2699 3718 2756; x_wconf 81' lang='grc' dir='ltr'><strong>δύο</strong></span> 
     </span>
    </p>
   </div>
   <div class='ocr_carea' id='block_1_58' title="bbox 2137 2792 3718 2866">
    <p class='ocr_par' dir='ltr' id='par_1_58' title="bbox 2137 2792 3718 2866">
     <span class='ocr_line' id='line_1_58' title="bbox 2137 2792 3718 2866; baseline -0.004 -15"><span class='ocrx_word' id='word_1_400' title='bbox 2137 2794 2302 2851; x_wconf 84' lang='grc' dir='ltr'>διεῖλε</span> <span class='ocrx_word' id='word_1_401' title='bbox 2330 2795 2427 2859; x_wconf 74' lang='grc' dir='ltr'><strong>τὰς</strong></span> <span class='ocrx_word' id='word_1_402' title='bbox 2458 2795 2764 2862; x_wconf 79' lang='grc' dir='ltr'>ὑποθέσειςς</span> <span class='ocrx_word' id='word_1_403' title='bbox 2781 2795 3094 2866; x_wconf 79' lang='grc' dir='ltr'>Σαφηνείας</span> <span class='ocrx_word' id='word_1_404' title='bbox 3115 2793 3327 2856; x_wconf 71' lang='grc' dir='ltr'>ἕνεκεν,</span> <span class='ocrx_word' id='word_1_405' title='bbox 3356 2793 3452 2847; x_wconf 72' lang='grc' dir='ltr'>καὶ</span> <span class='ocrx_word' id='word_1_406' title='bbox 3477 2792 3572 2847; x_wconf 75' lang='grc' dir='ltr'><strong>τοῦ</strong></span> <span class='ocrx_word' id='word_1_407' title='bbox 3599 2793 3718 2845; x_wconf 76' lang='grc' dir='ltr'>διαο</span> 
     </span>
    </p>
   </div>
   <div class='ocr_carea' id='block_1_59' title="bbox 2137 2883 3717 2958">
    <p class='ocr_par' dir='ltr' id='par_1_59' title="bbox 2137 2883 3717 2958">
     <span class='ocr_line' id='line_1_59' title="bbox 2137 2883 3717 2958; baseline -0.004 -18"><span class='ocrx_word' id='word_1_408' title='bbox 2137 2885 2414 2942; x_wconf 83' lang='grc' dir='ltr'>ναπαῦσαι</span> <span class='ocrx_word' id='word_1_409' title='bbox 2441 2885 2536 2940; x_wconf 74' lang='grc' dir='ltr'>τὸν</span> <span class='ocrx_word' id='word_1_410' title='bbox 2563 2886 2876 2958; x_wconf 85' lang='grc' dir='ltr'>ἀκροατήν·</span> <span class='ocrx_word' id='word_1_411' title='bbox 2919 2886 3001 2940; x_wconf 70' lang='grc' dir='ltr'>ἔτι</span> <span class='ocrx_word' id='word_1_412' title='bbox 3036 2885 3134 2940; x_wconf 74' lang='grc' dir='ltr'>καὶ</span> <span class='ocrx_word' id='word_1_413' title='bbox 3166 2883 3423 2940; x_wconf 74' lang='grc' dir='ltr'>ὑποθέσει</span> <span class='ocrx_word' id='word_1_414' title='bbox 3454 2883 3717 2956; x_wconf 73' lang='grc' dir='ltr'>διῃρημέο</span> 
     </span>
    </p>
   </div>
   <div class='ocr_carea' id='block_1_60' title="bbox 2138 2972 3712 3050">
    <p class='ocr_par' dir='ltr' id='par_1_60' title="bbox 2138 2972 3712 3050">
     <span class='ocr_line' id='line_1_60' title="bbox 2138 2972 3712 3050; baseline -0.006 -17"><span class='ocrx_word' id='word_1_415' title='bbox 2138 2995 2228 3033; x_wconf 91' lang='grc' dir='ltr'><strong>ναι</strong></span> <span class='ocrx_word' id='word_1_416' title='bbox 2255 2972 2397 3050; x_wconf 72' lang='grc' dir='ltr'>ἦσαν</span> <span class='ocrx_word' id='word_1_417' title='bbox 2422 2979 2478 3032; x_wconf 72' lang='grc' dir='ltr'>αἱ</span> <span class='ocrx_word' id='word_1_418' title='bbox 2507 2978 2906 3050; x_wconf 80' lang='grc' dir='ltr'>πραγματεῖαι·</span> <span class='ocrx_word' id='word_1_419' title='bbox 2939 2975 3036 3030; x_wconf 77' lang='grc' dir='ltr'>καὶ</span> <span class='ocrx_word' id='word_1_420' title='bbox 3063 2976 3294 3041; x_wconf 83' lang='grc' dir='ltr'>είκότως</span> <span class='ocrx_word' id='word_1_421' title='bbox 3318 2976 3416 3031; x_wconf 59' lang='grc' dir='ltr'><strong>καὶ⁸</strong></span> <span class='ocrx_word' id='word_1_422' title='bbox 3439 2975 3601 3039; x_wconf 65' lang='grc' dir='ltr'>αὐτὸς</span> <span class='ocrx_word' id='word_1_423' title='bbox 3635 2974 3712 3036; x_wconf 82' lang='grc' dir='ltr'><strong>εἰς</strong></span> 
     </span>
    </p>
   </div>
   <div class='ocr_carea' id='block_1_61' title="bbox 459 3065 2040 3146">
    <p class='ocr_par' dir='ltr' id='par_1_61' title="bbox 459 3065 2037 3140">
     <span class='ocr_line' id='line_1_61' title="bbox 459 3065 2037 3140; baseline 0.003 -21"><span class='ocrx_word' id='word_1_424' title='bbox 459 3083 570 3136; x_wconf 86' lang='lat' dir='ltr'><strong>quc</strong></span> <span class='ocrx_word' id='word_1_425' title='bbox 599 3074 749 3123; x_wconf 88' lang='lat' dir='ltr'><strong>recte</strong></span> <span class='ocrx_word' id='word_1_426' title='bbox 776 3065 892 3132; x_wconf 89' lang='lat' dir='ltr'><strong>ipse</strong></span> <span class='ocrx_word' id='word_1_427' title='bbox 921 3082 1144 3138; x_wconf 88' lang='lat' dir='ltr'><strong>quoque</strong></span> <span class='ocrx_word' id='word_1_428' title='bbox 1183 3067 1301 3123; x_wconf 67' lang='lat' dir='ltr'><strong>haec</strong></span> <span class='ocrx_word' id='word_1_429' title='bbox 1361 3081 1530 3139; x_wconf 83' lang='lat' dir='ltr'><strong>opera</strong></span> <span class='ocrx_word' id='word_1_430' title='bbox 1562 3068 1616 3123; x_wconf 92' lang='lat' dir='ltr'><strong>in</strong></span> <span class='ocrx_word' id='word_1_431' title='bbox 1673 3068 1810 3125; x_wconf 88' lang='lat' dir='ltr'><strong>dttas</strong></span> <span class='ocrx_word' id='word_1_432' title='bbox 1854 3076 2037 3140; x_wconf 86' lang='lat' dir='ltr'><strong>partes</strong></span> 
     </span>
    </p>
   </div>
   <div class='ocr_carea' id='block_1_62' title="bbox 2137 3065 3219 3146">
    <p class='ocr_par' dir='ltr' id='par_1_62' title="bbox 2141 3067 3219 3141">
     <span class='ocr_line' id='line_1_62' title="bbox 2141 3067 3219 3141; baseline -0.001 -17"><span class='ocrx_word' id='word_1_433' title='bbox 2141 3068 2234 3125; x_wconf 86' lang='grc' dir='ltr'><strong>δύο</strong></span> <span class='ocrx_word' id='word_1_434' title='bbox 2263 3069 2425 3124; x_wconf 78' lang='grc' dir='ltr'>διεῖλε</span> <span class='ocrx_word' id='word_1_435' title='bbox 2446 3067 2654 3134; x_wconf 87' lang='grc' dir='ltr'>ταύτας</span> <span class='ocrx_word' id='word_1_436' title='bbox 2688 3068 2787 3133; x_wconf 86' lang='grc' dir='ltr'><strong>τάς</strong></span> <span class='ocrx_word' id='word_1_437' title='bbox 2815 3067 3219 3141; x_wconf 82' lang='grc' dir='ltr'>πραγματείας.</span> 
     </span>
    </p>
   </div>
   <div class='ocr_carea' id='block_1_63' title="bbox 459 3159 665 3216">
    <p class='ocr_par' dir='ltr' id='par_1_63' title="bbox 459 3159 665 3216">
     <span class='ocr_line' id='line_1_63' title="bbox 459 3159 665 3216; baseline 0 -2"><span class='ocrx_word' id='word_1_438' title='bbox 459 3159 665 3216; x_wconf 84' lang='lat' dir='ltr'><strong>divisit.</strong></span> 
     </span>
    </p>
   </div>
   <div class='ocr_carea' id='block_1_64' title="bbox 538 3249 2044 3324">
    <p class='ocr_par' dir='ltr' id='par_1_64' title="bbox 538 3249 2044 3324">
     <span class='ocr_line' id='line_1_64' title="bbox 538 3249 2044 3324; baseline 0.005 -23"><span class='ocrx_word' id='word_1_439' title='bbox 538 3249 707 3306; x_wconf 74' lang='lat' dir='ltr'><strong>Vens.</strong></span> <span class='ocrx_word' id='word_1_440' title='bbox 761 3249 820 3304; x_wconf 70' lang='grc'>2.</span> <span class='ocrx_word' id='word_1_441' title='bbox 863 3249 1037 3320; x_wconf 77' lang='lat' dir='ltr'><strong>Usque</strong></span> <span class='ocrx_word' id='word_1_442' title='bbox 1089 3251 1160 3306; x_wconf 81' lang='lat' dir='ltr'><strong>ad</strong></span> <span class='ocrx_word' id='word_1_443' title='bbox 1222 3267 1340 3307; x_wconf 77' lang='lat' dir='ltr'><strong>eum</strong></span> <span class='ocrx_word' id='word_1_444' title='bbox 1375 3251 1538 3316; x_wconf 82' lang='lat' dir='ltr'><strong>diem,</strong></span> <span class='ocrx_word' id='word_1_445' title='bbox 1571 3268 1672 3322; x_wconf 86' lang='lat' dir='ltr'><strong>quo</strong></span> <span class='ocrx_word' id='word_1_446' title='bbox 1699 3262 2044 3324; x_wconf 75' lang='lat' dir='ltr'><strong>posteaquam</strong></span> 
     </span>
    </p>
   </div>
   <div class='ocr_carea' id='block_1_65' title="bbox 415 3341 2044 3416">
    <p class='ocr_par' dir='ltr' id='par_1_65' title="bbox 415 3341 2044 3416">
     <span class='ocr_line' id='line_1_65' title="bbox 415 3341 2044 3416; baseline 0.002 -20"><span class='ocrx_word' id='word_1_447' title='bbox 415 3364 417 3366; x_wconf 90' lang='grc'><strong>·</strong></span> <span class='ocrx_word' id='word_1_448' title='bbox 463 3341 722 3396; x_wconf 71' lang='lat' dir='ltr'><strong>&quot;tandem</strong></span> <span class='ocrx_word' id='word_1_449' title='bbox 741 3341 882 3398; x_wconf 84' lang='lat' dir='ltr'><strong>dedit</strong></span> <span class='ocrx_word' id='word_1_450' title='bbox 914 3343 1170 3414; x_wconf 75' lang='lat' dir='ltr'><strong>apostolis</strong></span> <span class='ocrx_word' id='word_1_451' title='bbox 1209 3359 1302 3410; x_wconf 83' lang='lat' dir='ltr'><strong>per</strong></span> <span class='ocrx_word' id='word_1_452' title='bbox 1332 3343 1598 3414; x_wconf 81' lang='lat' dir='ltr'><strong>Spiritum</strong></span> <span class='ocrx_word' id='word_1_453' title='bbox 1625 3355 1887 3412; x_wconf 80' lang='lat' dir='ltr'><strong>sanctum,</strong></span> <span class='ocrx_word' id='word_1_454' title='bbox 1914 3361 2044 3416; x_wconf 74' lang='lat' dir='ltr'><strong>quos</strong></span> 
     </span>
    </p>
   </div>
   <div class='ocr_carea' id='block_1_66' title="bbox 460 3435 1570 3506">
    <p class='ocr_par' dir='ltr' id='par_1_66' title="bbox 460 3435 1570 3506">
     <span class='ocr_line' id='line_1_66' title="bbox 460 3435 1570 3506; baseline 0.001 -15"><span class='ocrx_word' id='word_1_455' title='bbox 460 3437 709 3506; x_wconf 77' lang='lat' dir='ltr'><strong>elegerat,</strong></span> <span class='ocrx_word' id='word_1_456' title='bbox 745 3445 1047 3504; x_wconf 76' lang='lat' dir='ltr'><strong>assumptus</strong></span> <span class='ocrx_word' id='word_1_457' title='bbox 1071 3445 1120 3490; x_wconf 82' lang='lat' dir='ltr'><strong>et</strong></span> <span class='ocrx_word' id='word_1_458' title='bbox 1163 3435 1436 3490; x_wconf 78' lang='lat' dir='ltr'><strong>subvectus</strong></span> <span class='ocrx_word' id='word_1_459' title='bbox 1469 3446 1570 3492; x_wconf 78' lang='lat' dir='ltr'><strong>est.</strong></span> 
     </span>
    </p>
   </div>
   <div class='ocr_carea' id='block_1_67' title="bbox 537 3527 2042 3600">
    <p class='ocr_par' dir='ltr' id='par_1_67' title="bbox 537 3527 2042 3600">
     <span class='ocr_line' id='line_1_67' title="bbox 537 3527 2042 3600; baseline 0.002 -19"><span class='ocrx_word' id='word_1_460' title='bbox 537 3527 899 3598; x_wconf 83' lang='lat' dir='ltr'><strong>Posteaquam</strong></span> <span class='ocrx_word' id='word_1_461' title='bbox 970 3545 1068 3599; x_wconf 82' lang='lat' dir='ltr'><strong>per</strong></span> <span class='ocrx_word' id='word_1_462' title='bbox 1135 3528 1403 3600; x_wconf 83' lang='lat' dir='ltr'><strong>Spiritum</strong></span> <span class='ocrx_word' id='word_1_463' title='bbox 1463 3536 1714 3584; x_wconf 87' lang='lat' dir='ltr'><strong>sanctum</strong></span> <span class='ocrx_word' id='word_1_464' title='bbox 1788 3531 2042 3584; x_wconf 83' lang='lat' dir='ltr'><strong>mandata</strong></span> 
     </span>
    </p>
   </div>
   <div class='ocr_carea' id='block_1_68' title="bbox 463 3619 2045 3690">
    <p class='ocr_par' dir='ltr' id='par_1_68' title="bbox 463 3619 2045 3690">
     <span class='ocr_line' id='line_1_68' title="bbox 463 3619 2045 3690; baseline 0.001 -15"><span class='ocrx_word' id='word_1_465' title='bbox 463 3620 656 3675; x_wconf 87' lang='lat' dir='ltr'><strong>dedit:</strong></span> <span class='ocrx_word' id='word_1_466' title='bbox 709 3620 762 3674; x_wconf 89' lang='lat' dir='ltr'><strong>id</strong></span> <span class='ocrx_word' id='word_1_467' title='bbox 823 3630 927 3684; x_wconf 88' lang='lat' dir='ltr'><strong>est,</strong></span> <span class='ocrx_word' id='word_1_468' title='bbox 991 3630 1344 3690; x_wconf 79' lang='lat' dir='ltr'><strong>posteaquam</strong></span> <span class='ocrx_word' id='word_1_469' title='bbox 1399 3619 1616 3674; x_wconf 87' lang='lat' dir='ltr'><strong>locutus</strong></span> <span class='ocrx_word' id='word_1_470' title='bbox 1677 3620 1874 3674; x_wconf 85' lang='lat' dir='ltr'><strong>estad</strong></span> <span class='ocrx_word' id='word_1_471' title='bbox 1943 3634 2045 3677; x_wconf 81' lang='lat' dir='ltr'><strong>eos</strong></span> 
     </span>
    </p>
   </div>
   <div class='ocr_carea' id='block_1_69' title="bbox 465 3711 2044 3782">
    <p class='ocr_par' dir='ltr' id='par_1_69' title="bbox 465 3711 2044 3782">
     <span class='ocr_line' id='line_1_69' title="bbox 465 3711 2044 3782; baseline -0.001 -14"><span class='ocrx_word' id='word_1_472' title='bbox 465 3711 774 3782; x_wconf 83' lang='lat' dir='ltr'><strong>spiritualia</strong></span> <span class='ocrx_word' id='word_1_473' title='bbox 826 3712 1013 3766; x_wconf 80' lang='lat' dir='ltr'><strong>verba.</strong></span> <span class='ocrx_word' id='word_1_474' title='bbox 1073 3711 1218 3767; x_wconf 84' lang='lat' dir='ltr'><strong>Nihil</strong></span> <span class='ocrx_word' id='word_1_475' title='bbox 1300 3713 1404 3766; x_wconf 86' lang='lat' dir='ltr'><strong>hoc</strong></span> <span class='ocrx_word' id='word_1_476' title='bbox 1436 3711 1508 3768; x_wconf 84' lang='lat' dir='ltr'><strong>sit</strong></span> <span class='ocrx_word' id='word_1_477' title='bbox 1542 3713 1866 3777; x_wconf 85' lang='lat' dir='ltr'><strong>humanum,</strong></span> <span class='ocrx_word' id='word_1_478' title='bbox 1900 3715 2044 3782; x_wconf 90' lang='lat' dir='ltr'><strong>quod</strong></span> 
     </span>
    </p>
   </div>
   <div class='ocr_carea' id='block_1_70' title="bbox 466 3803 2042 3876">
    <p class='ocr_par' dir='ltr' id='par_1_70' title="bbox 466 3803 2042 3876">
     <span class='ocr_line' id='line_1_70' title="bbox 466 3803 2042 3876; baseline -0.001 -15"><span class='ocrx_word' id='word_1_479' title='bbox 466 3822 568 3875; x_wconf 82' lang='lat' dir='ltr'><strong>per</strong></span> <span class='ocrx_word' id='word_1_480' title='bbox 597 3804 866 3876; x_wconf 87' lang='lat' dir='ltr'><strong>Spiritum</strong></span> <span class='ocrx_word' id='word_1_481' title='bbox 897 3805 979 3860; x_wconf 88' lang='lat' dir='ltr'><strong>eis</strong></span> <span class='ocrx_word' id='word_1_482' title='bbox 1011 3804 1294 3859; x_wconf 86' lang='lat' dir='ltr'><strong>mandavit</strong></span> <span class='ocrx_word' id='word_1_483' title='bbox 1330 3823 1347 3866; x_wconf 87' lang='lat'><strong>;</strong></span> <span class='ocrx_word' id='word_1_484' title='bbox 1379 3803 1841 3874; x_wconf 83' lang='lat' dir='ltr'><strong>quemadmodum</strong></span> <span class='ocrx_word' id='word_1_485' title='bbox 1877 3806 2042 3859; x_wconf 85' lang='lat' dir='ltr'><strong>etiam</strong></span> 
     </span>
    </p>
   </div>
   <div class='ocr_carea' id='block_1_71' title="bbox 466 3898 2046 3970">
    <p class='ocr_par' dir='ltr' id='par_1_71' title="bbox 466 3898 2046 3970">
     <span class='ocr_line' id='line_1_71' title="bbox 466 3898 2046 3970; baseline 0.001 -16"><span class='ocrx_word' id='word_1_486' title='bbox 466 3902 585 3969; x_wconf 86' lang='lat' dir='ltr'><strong>ipse</strong></span> <span class='ocrx_word' id='word_1_487' title='bbox 615 3898 884 3955; x_wconf 87' lang='lat' dir='ltr'><strong>Dominus</strong></span> <span class='ocrx_word' id='word_1_488' title='bbox 920 3899 1186 3955; x_wconf 86' lang='lat' dir='ltr'><strong>humilius</strong></span> <span class='ocrx_word' id='word_1_489' title='bbox 1211 3909 1264 3955; x_wconf 89' lang='lat' dir='ltr'><strong>et</strong></span> <span class='ocrx_word' id='word_1_490' title='bbox 1286 3900 1352 3955; x_wconf 88' lang='lat' dir='ltr'><strong>ad</strong></span> <span class='ocrx_word' id='word_1_491' title='bbox 1386 3901 1804 3970; x_wconf 80' lang='lat' dir='ltr'><strong>dispositionem</strong></span> <span class='ocrx_word' id='word_1_492' title='bbox 1858 3910 1914 3955; x_wconf 86' lang='lat' dir='ltr'><strong>et</strong></span> <span class='ocrx_word' id='word_1_493' title='bbox 1948 3900 2046 3956; x_wconf 86' lang='lat' dir='ltr'><strong>ad-</strong></span> 
     </span>
    </p>
   </div>
   <div class='ocr_carea' id='block_1_72' title="bbox 470 3992 2044 4064">
    <p class='ocr_par' dir='ltr' id='par_1_72' title="bbox 470 3992 2044 4064">
     <span class='ocr_line' id='line_1_72' title="bbox 470 3992 2044 4064; baseline 0.001 -16"><span class='ocrx_word' id='word_1_494' title='bbox 470 3992 940 4049; x_wconf 85' lang='lat' dir='ltr'><strong>ministrationem</strong></span> <span class='ocrx_word' id='word_1_495' title='bbox 992 3993 1460 4050; x_wconf 83' lang='lat' dir='ltr'><strong>accommodatius</strong></span> <span class='ocrx_word' id='word_1_496' title='bbox 1516 3995 1746 4064; x_wconf 88' lang='lat' dir='ltr'><strong>loquens</strong></span> <span class='ocrx_word' id='word_1_497' title='bbox 1798 3993 2044 4050; x_wconf 85' lang='lat' dir='ltr'><strong>dicebat:</strong></span> 
     </span>
    </p>
   </div>
   <div class='ocr_carea' id='block_1_73' title="bbox 467 4084 2046 4158">
    <p class='ocr_par' dir='ltr' id='par_1_73' title="bbox 467 4084 2046 4158">
     <span class='ocr_line' id='line_1_73' title="bbox 467 4084 2046 4158; baseline 0 -16"><span class='ocrx_word' id='word_1_498' title='bbox 467 4086 567 4142; x_wconf 87' lang='lat' dir='ltr'><strong>Sin</strong></span> <span class='ocrx_word' id='word_1_499' title='bbox 599 4097 784 4142; x_wconf 86' lang='lat' dir='ltr'><strong>autem</strong></span> <span class='ocrx_word' id='word_1_500' title='bbox 809 4101 907 4158; x_wconf 87' lang='lat' dir='ltr'><strong>per</strong></span> <span class='ocrx_word' id='word_1_501' title='bbox 937 4085 1203 4157; x_wconf 89' lang='lat' dir='ltr'><strong>Spiritum</strong></span> <span class='ocrx_word' id='word_1_502' title='bbox 1237 4084 1331 4140; x_wconf 90' lang='lat' dir='ltr'><strong>Dei</strong></span> <span class='ocrx_word' id='word_1_503' title='bbox 1385 4101 1486 4156; x_wconf 80' lang='lat' dir='ltr'><strong>ego</strong></span> <span class='ocrx_word' id='word_1_504' title='bbox 1534 4086 1802 4141; x_wconf 72' lang='lat' dir='ltr'><strong>daemonia</strong></span> <span class='ocrx_word' id='word_1_505' title='bbox 1861 4085 2046 4156; x_wconf 85' lang='lat' dir='ltr'><strong>ejicio.</strong></span> 
     </span>
    </p>
   </div>
   <div class='ocr_carea' id='block_1_74' title="bbox 465 4175 2046 4250">
    <p class='ocr_par' dir='ltr' id='par_1_74' title="bbox 465 4175 2046 4250">
     <span class='ocr_line' id='line_1_74' title="bbox 465 4175 2046 4250; baseline -0.001 -16"><span class='ocrx_word' id='word_1_506' title='bbox 465 4180 576 4234; x_wconf 82' lang='lat' dir='ltr'><strong>Aut</strong></span> <span class='ocrx_word' id='word_1_507' title='bbox 606 4194 620 4231; x_wconf 87' lang='lat'><strong>:</strong></span> <span class='ocrx_word' id='word_1_508' title='bbox 645 4175 747 4234; x_wconf 88' lang='lat' dir='ltr'><strong>Per</strong></span> <span class='ocrx_word' id='word_1_509' title='bbox 804 4177 1068 4250; x_wconf 88' lang='lat' dir='ltr'><strong>Spiritum</strong></span> <span class='ocrx_word' id='word_1_510' title='bbox 1118 4179 1208 4233; x_wconf 82' lang='lat' dir='ltr'><strong>ubi</strong></span> <span class='ocrx_word' id='word_1_511' title='bbox 1239 4179 1497 4233; x_wconf 85' lang='lat' dir='ltr'><strong>mandata</strong></span> <span class='ocrx_word' id='word_1_512' title='bbox 1536 4178 1711 4243; x_wconf 85' lang='lat' dir='ltr'><strong>dedit,</strong></span> <span class='ocrx_word' id='word_1_513' title='bbox 1739 4177 1892 4243; x_wconf 91' lang='lat' dir='ltr'><strong>dicit,</strong></span> <span class='ocrx_word' id='word_1_514' title='bbox 1936 4192 2046 4232; x_wconf 87' lang='lat' dir='ltr'><strong>non</strong></span> 
     </span>
    </p>
   </div>
   <div class='ocr_carea' id='block_1_75' title="bbox 467 4268 2044 4343">
    <p class='ocr_par' dir='ltr' id='par_1_75' title="bbox 467 4268 2044 4343">
     <span class='ocr_line' id='line_1_75' title="bbox 467 4268 2044 4343; baseline -0.001 -20"><span class='ocrx_word' id='word_1_515' title='bbox 467 4268 612 4340; x_wconf 87' lang='lat' dir='ltr'><strong>quod</strong></span> <span class='ocrx_word' id='word_1_516' title='bbox 641 4269 810 4328; x_wconf 80' lang='lat' dir='ltr'><strong>Filius</strong></span> <span class='ocrx_word' id='word_1_517' title='bbox 839 4270 1045 4343; x_wconf 87' lang='lat' dir='ltr'><strong>Spiritu</strong></span> <span class='ocrx_word' id='word_1_518' title='bbox 1071 4271 1399 4343; x_wconf 74' lang='lat' dir='ltr'><strong>indigtterlt:</strong></span> <span class='ocrx_word' id='word_1_519' title='bbox 1425 4272 1518 4326; x_wconf 86' lang='lat' dir='ltr'><strong>sed</strong></span> <span class='ocrx_word' id='word_1_520' title='bbox 1563 4271 1709 4342; x_wconf 87' lang='lat' dir='ltr'><strong>quod</strong></span> <span class='ocrx_word' id='word_1_521' title='bbox 1745 4271 1836 4326; x_wconf 83' lang='lat' dir='ltr'><strong>ubi</strong></span> <span class='ocrx_word' id='word_1_522' title='bbox 1868 4269 2044 4342; x_wconf 88' lang='lat' dir='ltr'><strong>(quid)</strong></span> 
     </span>
    </p>
   </div>
   <div class='ocr_carea' id='block_1_76' title="bbox 471 4362 2047 4436">
    <p class='ocr_par' dir='ltr' id='par_1_76' title="bbox 471 4362 2047 4436">
     <span class='ocr_line' id='line_1_76' title="bbox 471 4362 2047 4436; baseline 0.001 -18"><span class='ocrx_word' id='word_1_523' title='bbox 471 4362 646 4420; x_wconf 87' lang='lat' dir='ltr'><strong>Filius</strong></span> <span class='ocrx_word' id='word_1_524' title='bbox 704 4364 929 4420; x_wconf 81' lang='lat' dir='ltr'><strong>coniicit</strong></span> <span class='ocrx_word' id='word_1_525' title='bbox 991 4374 1047 4421; x_wconf 86' lang='lat' dir='ltr'><strong>et</strong></span> <span class='ocrx_word' id='word_1_526' title='bbox 1069 4365 1418 4436; x_wconf 78' lang='lat' dir='ltr'><strong>exsequitur,</strong></span> <span class='ocrx_word' id='word_1_527' title='bbox 1444 4363 1558 4419; x_wconf 89' lang='lat' dir='ltr'><strong>illic</strong></span> <span class='ocrx_word' id='word_1_528' title='bbox 1582 4365 1748 4419; x_wconf 86' lang='lat' dir='ltr'><strong>etiam</strong></span> <span class='ocrx_word' id='word_1_529' title='bbox 1783 4362 2047 4434; x_wconf 87' lang='lat' dir='ltr'><strong>Spiritus,</strong></span> 
     </span>
    </p>
   </div>
   <div class='ocr_carea' id='block_1_77' title="bbox 2220 3244 3722 3321">
    <p class='ocr_par' dir='ltr' id='par_1_77' title="bbox 2220 3244 3722 3321">
     <span class='ocr_line' id='line_1_77' title="bbox 2220 3244 3722 3321; baseline -0.005 -16"><span class='ocrx_word' id='word_1_530' title='bbox 2220 3252 2383 3321; x_wconf 78' lang='grc' dir='ltr'>Ἄχρι</span> <span class='ocrx_word' id='word_1_531' title='bbox 2416 3244 2494 3319; x_wconf 77' lang='grc' dir='ltr'>ἧς</span> <span class='ocrx_word' id='word_1_532' title='bbox 2535 3247 2761 3318; x_wconf 65' lang='grc' dir='ltr'>ἡμέρας</span> <span class='ocrx_word' id='word_1_533' title='bbox 2813 3247 3235 3319; x_wconf 68' lang='grc' dir='ltr'>ἐντειλάμενος</span> <span class='ocrx_word' id='word_1_534' title='bbox 3286 3245 3410 3308; x_wconf 82' lang='grc' dir='ltr'>τοῖς</span> <span class='ocrx_word' id='word_1_535' title='bbox 3460 3245 3722 3300; x_wconf 64' lang='grc' dir='ltr'>ἀποστό-</span> 
     </span>
    </p>
   </div>
   <div class='ocr_carea' id='block_1_78' title="bbox 2145 3335 3717 3411">
    <p class='ocr_par' dir='ltr' id='par_1_78' title="bbox 2145 3335 3717 3411">
     <span class='ocr_line' id='line_1_78' title="bbox 2145 3335 3717 3411; baseline -0.007 -12"><span class='ocrx_word' id='word_1_536' title='bbox 2145 3346 2278 3409; x_wconf 76' lang='grc' dir='ltr'>λοις</span> <span class='ocrx_word' id='word_1_537' title='bbox 2306 3338 2404 3396; x_wconf 82' lang='grc' dir='ltr'><strong>διὰ</strong></span> <span class='ocrx_word' id='word_1_538' title='bbox 2431 3340 2776 3411; x_wconf 58' lang='lat' dir='ltr'><strong>nvestigare;</strong></span> <span class='ocrx_word' id='word_1_539' title='bbox 2808 3339 3004 3410; x_wconf 71' lang='grc' dir='ltr'>ἁγίου,</span> <span class='ocrx_word' id='word_1_540' title='bbox 3035 3338 3143 3406; x_wconf 82' lang='grc' dir='ltr'>οὓς</span> <span class='ocrx_word' id='word_1_541' title='bbox 3167 3335 3513 3404; x_wconf 72' lang='grc' dir='ltr'>ἐξελέξατο,</span> <span class='ocrx_word' id='word_1_542' title='bbox 3579 3335 3717 3390; x_wconf 80' lang='grc' dir='ltr'><strong>ἁνε-</strong></span> 
     </span>
    </p>
   </div>
   <div class='ocr_carea' id='block_1_79' title="bbox 2146 3433 2741 3504">
    <p class='ocr_par' dir='ltr' id='par_1_79' title="bbox 2146 3433 2741 3504">
     <span class='ocr_line' id='line_1_79' title="bbox 2146 3433 2741 3504; baseline -0.008 -13"><span class='ocrx_word' id='word_1_543' title='bbox 2146 3434 2373 3504; x_wconf 68' lang='grc' dir='ltr'>λήενθη.</span> <span class='ocrx_word' id='word_1_544' title='bbox 2736 3433 2741 3437; x_wconf 82' lang='grc'><em>’</em></span> 
     </span>
    </p>
   </div>
   <div class='ocr_carea' id='block_1_80' title="bbox 2215 3521 3722 3595">
    <p class='ocr_par' dir='ltr' id='par_1_80' title="bbox 2215 3521 3722 3595">
     <span class='ocr_line' id='line_1_80' title="bbox 2215 3521 3722 3595; baseline -0.004 -15"><span class='ocrx_word' id='word_1_545' title='bbox 2215 3527 2316 3580; x_wconf 77' lang='grc' dir='ltr'>Διά</span> <span class='ocrx_word' id='word_1_546' title='bbox 2346 3524 2486 3578; x_wconf 86' lang='grc' dir='ltr'>Πνεύ</span> <span class='ocrx_word' id='word_1_547' title='bbox 2495 3540 2661 3595; x_wconf 87' lang='grc' dir='ltr'>ματος</span> <span class='ocrx_word' id='word_1_548' title='bbox 2677 3523 3074 3594; x_wconf 74' lang='grc' dir='ltr'>ἐντειλάμενος,</span> <span class='ocrx_word' id='word_1_549' title='bbox 3087 3522 3338 3578; x_wconf 74' lang='grc' dir='ltr'>τουτέστι</span> <span class='ocrx_word' id='word_1_550' title='bbox 3349 3563 3363 3587; x_wconf 94' lang='grc'><strong>,</strong></span> <span class='ocrx_word' id='word_1_551' title='bbox 3374 3521 3722 3592; x_wconf 64' lang='grc' dir='ltr'>πνευματικὰ</span> 
     </span>
    </p>
   </div>
   <div class='ocr_carea' id='block_1_81' title="bbox 2149 3607 3721 3687">
    <p class='ocr_par' dir='ltr' id='par_1_81' title="bbox 2149 3607 3721 3687">
     <span class='ocr_line' id='line_1_81' title="bbox 2149 3607 3721 3687; baseline -0.003 -19"><span class='ocrx_word' id='word_1_552' title='bbox 2149 3615 2286 3687; x_wconf 73' lang='grc' dir='ltr'>πρὸς</span> <span class='ocrx_word' id='word_1_553' title='bbox 2347 3614 2542 3677; x_wconf 75' lang='grc' dir='ltr'>αὐτοὺς</span> <span class='ocrx_word' id='word_1_554' title='bbox 2603 3613 2774 3668; x_wconf 75' lang='grc' dir='ltr'>εἰπὼν</span> <span class='ocrx_word' id='word_1_555' title='bbox 2809 3615 3064 3686; x_wconf 78' lang='grc' dir='ltr'>ῥήματα·</span> <span class='ocrx_word' id='word_1_556' title='bbox 3111 3612 3266 3667; x_wconf 74' lang='grc' dir='ltr'>οὐδὲν</span> <span class='ocrx_word' id='word_1_557' title='bbox 3311 3607 3721 3684; x_wconf 82' lang='grc' dir='ltr'>ἀνθρώπινονῆ</span> 
     </span>
    </p>
   </div>
   <div class='ocr_carea' id='block_1_82' title="bbox 2147 3701 3723 3775">
    <p class='ocr_par' dir='ltr' id='par_1_82' title="bbox 2147 3701 3723 3775">
     <span class='ocr_line' id='line_1_82' title="bbox 2147 3701 3723 3775; baseline -0.004 -16"><span class='ocrx_word' id='word_1_558' title='bbox 2147 3704 2326 3772; x_wconf 79' lang='grc' dir='ltr'>τοῦτο,</span> <span class='ocrx_word' id='word_1_559' title='bbox 2359 3705 2442 3759; x_wconf 83' lang='grc' dir='ltr'>ὅτι</span> <span class='ocrx_word' id='word_1_560' title='bbox 2463 3706 2524 3759; x_wconf 81' lang='grc' dir='ltr'>ὲν</span> <span class='ocrx_word' id='word_1_561' title='bbox 2560 3704 2841 3775; x_wconf 85' lang='grc' dir='ltr'>Πνεύματι</span> <span class='ocrx_word' id='word_1_562' title='bbox 2869 3705 3057 3767; x_wconf 78' lang='grc' dir='ltr'>αὐτοῖς</span> <span class='ocrx_word' id='word_1_563' title='bbox 3080 3702 3126 3736; x_wconf 70' lang='grc'><strong><em>⁵⁷</em></strong></span> <span class='ocrx_word' id='word_1_564' title='bbox 3155 3703 3479 3768; x_wconf 81' lang='grc' dir='ltr'>ἐνετείλατο,</span> <span class='ocrx_word' id='word_1_565' title='bbox 3538 3701 3723 3765; x_wconf 85' lang='grc' dir='ltr'>καθὼς</span> 
     </span>
    </p>
   </div>
   <div class='ocr_carea' id='block_1_83' title="bbox 2150 3793 3726 3867">
    <p class='ocr_par' dir='ltr' id='par_1_83' title="bbox 2150 3793 3726 3867">
     <span class='ocr_line' id='line_1_83' title="bbox 2150 3793 3726 3867; baseline -0.004 -16"><span class='ocrx_word' id='word_1_566' title='bbox 2150 3798 2242 3852; x_wconf 79' lang='grc' dir='ltr'>καὶ</span> <span class='ocrx_word' id='word_1_567' title='bbox 2261 3797 2424 3861; x_wconf 80' lang='grc' dir='ltr'>αὐτὸς</span> <span class='ocrx_word' id='word_1_568' title='bbox 2443 3799 2473 3851; x_wconf 81' lang='grc' dir='ltr'>ὁ</span> <span class='ocrx_word' id='word_1_569' title='bbox 2509 3797 2791 3867; x_wconf 73' lang='grc' dir='ltr'>Δεσπότης</span> <span class='ocrx_word' id='word_1_570' title='bbox 2820 3797 3204 3866; x_wconf 76' lang='grc' dir='ltr'>ταπεινότερον</span> <span class='ocrx_word' id='word_1_571' title='bbox 3233 3797 3326 3848; x_wconf 77' lang='grc' dir='ltr'>καὶ</span> <span class='ocrx_word' id='word_1_572' title='bbox 3369 3793 3726 3863; x_wconf 73' lang='grc' dir='ltr'>οἰκονομικώ-</span> 
     </span>
    </p>
   </div>
   <div class='ocr_carea' id='block_1_84' title="bbox 2145 3883 3727 3961">
    <p class='ocr_par' dir='ltr' id='par_1_84' title="bbox 2145 3883 3727 3961">
     <span class='ocr_line' id='line_1_84' title="bbox 2145 3883 3727 3961; baseline -0.005 -17"><span class='ocrx_word' id='word_1_573' title='bbox 2145 3906 2314 3961; x_wconf 85' lang='grc' dir='ltr'>τερον</span> <span class='ocrx_word' id='word_1_574' title='bbox 2357 3889 2582 3958; x_wconf 81' lang='grc' dir='ltr'>φάσκων</span> <span class='ocrx_word' id='word_1_575' title='bbox 2638 3888 2841 3956; x_wconf 72' lang='grc' dir='ltr'>ἔλεγεν·</span> <span class='ocrx_word' id='word_1_576' title='bbox 2875 3887 2936 3940; x_wconf 82' lang='lat' dir='ltr'><strong>Ei</strong></span> <span class='ocrx_word' id='word_1_577' title='bbox 2959 3886 3018 3940; x_wconf 73' lang='grc' dir='ltr'><strong>δὶ</strong></span> <span class='ocrx_word' id='word_1_578' title='bbox 3049 3889 3106 3940; x_wconf 75' lang='grc' dir='ltr'>ἑν</span> <span class='ocrx_word' id='word_1_579' title='bbox 3140 3885 3420 3956; x_wconf 82' lang='grc' dir='ltr'>Πνεύματι</span> <span class='ocrx_word' id='word_1_580' title='bbox 3450 3885 3588 3938; x_wconf 75' lang='grc' dir='ltr'>Θεοῦ</span> <span class='ocrx_word' id='word_1_581' title='bbox 3615 3883 3727 3952; x_wconf 70' lang='grc' dir='ltr'><strong>ἐγὼ</strong></span> 
     </span>
    </p>
   </div>
   <div class='ocr_carea' id='block_1_85' title="bbox 2149 3977 3726 4048">
    <p class='ocr_par' dir='ltr' id='par_1_85' title="bbox 2149 3977 3726 4048">
     <span class='ocr_line' id='line_1_85' title="bbox 2149 3977 3726 4048; baseline -0.005 -13"><span class='ocrx_word' id='word_1_582' title='bbox 2149 3979 2466 4035; x_wconf 66' lang='grc' dir='ltr'>ικδάλ).ωδ⁸</span> <span class='ocrx_word' id='word_1_583' title='bbox 2494 3979 2566 4032; x_wconf 78' lang='grc' dir='ltr'>τὰ</span> <span class='ocrx_word' id='word_1_584' title='bbox 2595 3979 2887 4048; x_wconf 84' lang='grc' dir='ltr'>δαιμόνια·</span> <span class='ocrx_word' id='word_1_585' title='bbox 2925 3977 2982 4048; x_wconf 79' lang='grc' dir='ltr'>ἢ,</span> <span class='ocrx_word' id='word_1_586' title='bbox 3018 3977 3124 4031; x_wconf 80' lang='grc' dir='ltr'>Διά</span> <span class='ocrx_word' id='word_1_587' title='bbox 3155 3977 3494 4047; x_wconf 81' lang='grc' dir='ltr'>Πνεύματος,</span> <span class='ocrx_word' id='word_1_588' title='bbox 3536 3977 3726 4046; x_wconf 73' lang='grc' dir='ltr'>φησὶν,</span> 
     </span>
    </p>
   </div>
   <div class='ocr_carea' id='block_1_86' title="bbox 2151 4066 3724 4143">
    <p class='ocr_par' dir='ltr' id='par_1_86' title="bbox 2151 4066 3724 4143">
     <span class='ocr_line' id='line_1_86' title="bbox 2151 4066 3724 4143; baseline -0.005 -16"><span class='ocrx_word' id='word_1_589' title='bbox 2151 4071 2550 4143; x_wconf 66' lang='grc' dir='ltr'>ἐντειλάμενος,</span> <span class='ocrx_word' id='word_1_590' title='bbox 2573 4069 2674 4140; x_wconf 79' lang='grc' dir='ltr'><strong>οὐχ</strong></span> <span class='ocrx_word' id='word_1_591' title='bbox 2695 4069 2778 4124; x_wconf 83' lang='grc' dir='ltr'>ὅτι</span> <span class='ocrx_word' id='word_1_592' title='bbox 2806 4071 2836 4124; x_wconf 85' lang='grc' dir='ltr'><strong><em>ὁ</em></strong></span> <span class='ocrx_word' id='word_1_593' title='bbox 2865 4069 2994 4132; x_wconf 69' lang='grc' dir='ltr'>Υἱὸς</span> <span class='ocrx_word' id='word_1_594' title='bbox 3022 4066 3216 4140; x_wconf 73' lang='grc' dir='ltr'>ἐδεήθη</span> <span class='ocrx_word' id='word_1_595' title='bbox 3247 4067 3342 4121; x_wconf 81' lang='grc' dir='ltr'>τοῦ</span> <span class='ocrx_word' id='word_1_596' title='bbox 3382 4067 3724 4137; x_wconf 84' lang='grc' dir='ltr'>Πνεύματος.</span> 
     </span>
    </p>
   </div>
   <div class='ocr_carea' id='block_1_87' title="bbox 2150 4159 3727 4232">
    <p class='ocr_par' dir='ltr' id='par_1_87' title="bbox 2150 4159 3727 4232">
     <span class='ocr_line' id='line_1_87' title="bbox 2150 4159 3727 4232; baseline -0.003 -13"><span class='ocrx_word' id='word_1_597' title='bbox 2150 4163 2267 4219; x_wconf 82' lang='grc' dir='ltr'>ἀλλ’</span> <span class='ocrx_word' id='word_1_598' title='bbox 2316 4164 2402 4218; x_wconf 79' lang='grc' dir='ltr'>ὅτι</span> <span class='ocrx_word' id='word_1_599' title='bbox 2439 4162 2570 4217; x_wconf 74' lang='grc' dir='ltr'>ινθα</span> <span class='ocrx_word' id='word_1_600' title='bbox 2590 4161 2659 4217; x_wconf 76' lang='grc' dir='ltr'>ἂν</span> <span class='ocrx_word' id='word_1_601' title='bbox 2691 4164 2721 4216; x_wconf 85' lang='grc' dir='ltr'><strong>ὁ</strong></span> <span class='ocrx_word' id='word_1_602' title='bbox 2746 4161 2879 4225; x_wconf 81' lang='grc' dir='ltr'>Υἱὸς</span> <span class='ocrx_word' id='word_1_603' title='bbox 2932 4159 3354 4232; x_wconf 76' lang='grc' dir='ltr'>διαπράττηται,</span> <span class='ocrx_word' id='word_1_604' title='bbox 3398 4161 3516 4214; x_wconf 72' lang='grc' dir='ltr'>ἐκεῖ</span> <span class='ocrx_word' id='word_1_605' title='bbox 3547 4159 3640 4213; x_wconf 74' lang='grc' dir='ltr'>καὶ</span> <span class='ocrx_word' id='word_1_606' title='bbox 3663 4161 3727 4215; x_wconf 77' lang='grc' dir='ltr'>τὸ</span> 
     </span>
    </p>
   </div>
   <div class='ocr_carea' id='block_1_88' title="bbox 2153 4254 3721 4327">
    <p class='ocr_par' dir='ltr' id='par_1_88' title="bbox 2153 4254 3721 4327">
     <span class='ocr_line' id='line_1_88' title="bbox 2153 4254 3721 4327; baseline -0.001 -16"><span class='ocrx_word' id='word_1_607' title='bbox 2153 4255 2400 4327; x_wconf 74' lang='grc' dir='ltr'>Πνεῦμα,</span> <span class='ocrx_word' id='word_1_608' title='bbox 2445 4255 2523 4320; x_wconf 79' lang='grc' dir='ltr'>ὡς</span> <span class='ocrx_word' id='word_1_609' title='bbox 2549 4255 2805 4326; x_wconf 81' lang='grc' dir='ltr'>ὁμοφυὲς,</span> <span class='ocrx_word' id='word_1_610' title='bbox 2849 4254 2945 4308; x_wconf 77' lang='grc' dir='ltr'>καὶ</span> <span class='ocrx_word' id='word_1_611' title='bbox 2975 4255 3193 4326; x_wconf 79' lang='grc' dir='ltr'>ἐνεργεῖ</span> <span class='ocrx_word' id='word_1_612' title='bbox 3221 4257 3318 4308; x_wconf 77' lang='grc' dir='ltr'>καὶ</span> <span class='ocrx_word' id='word_1_613' title='bbox 3355 4254 3721 4325; x_wconf 77' lang='grc' dir='ltr'>συμπάρεστι.</span> 
     </span>
    </p>
   </div>
   <div class='ocr_carea' id='block_1_89' title="bbox 2154 4346 3782 4420">
    <p class='ocr_par' dir='ltr' id='par_1_89' title="bbox 2154 4346 3782 4420">
     <span class='ocr_line' id='line_1_89' title="bbox 2154 4346 3782 4420; baseline -0.004 -14"><span class='ocrx_word' id='word_1_614' title='bbox 2154 4352 2220 4406; x_wconf 87' lang='grc' dir='ltr'>Τί</span> <span class='ocrx_word' id='word_1_615' title='bbox 2248 4351 2305 4404; x_wconf 74' lang='grc' dir='ltr'><strong>δὲ</strong></span> <span class='ocrx_word' id='word_1_616' title='bbox 2329 4349 2630 4405; x_wconf 71' lang='grc' dir='ltr'>ἐνετείλατο</span> <span class='ocrx_word' id='word_1_617' title='bbox 2663 4367 2680 4415; x_wconf 89' lang='grc'>;</span> <span class='ocrx_word' id='word_1_618' title='bbox 2711 4348 3079 4420; x_wconf 76' lang='grc' dir='ltr'>Πορευθέντες</span> <span class='ocrx_word' id='word_1_619' title='bbox 3131 4346 3510 4418; x_wconf 83' lang='grc' dir='ltr'>μαθητεύσατε</span> <span class='ocrx_word' id='word_1_620' title='bbox 3541 4348 3717 4400; x_wconf 83' lang='grc' dir='ltr'>πάντα</span> <span class='ocrx_word' id='word_1_621' title='bbox 3779 4379 3782 4382; x_wconf 83' lang='lat'><strong><em>~</em></strong></span> 
     </span>
    </p>
   </div>
   <div class='ocr_carea' id='block_1_90' title="bbox 473 4435 2040 4527">
    <p class='ocr_par' dir='ltr' id='par_1_90' title="bbox 473 4435 2036 4527">
     <span class='ocr_line' id='line_1_90' title="bbox 473 4435 2036 4527; baseline 0.001 -19"><span class='ocrx_word' id='word_1_622' title='bbox 473 4464 660 4525; x_wconf 82' lang='lat' dir='ltr'><strong>utpote</strong></span> <span class='ocrx_word' id='word_1_623' title='bbox 687 4458 938 4525; x_wconf 74' lang='lat' dir='ltr'><strong>ejusdem</strong></span> <span class='ocrx_word' id='word_1_624' title='bbox 972 4473 1096 4514; x_wconf 90' lang='lat' dir='ltr'><strong>cum</strong></span> <span class='ocrx_word' id='word_1_625' title='bbox 1118 4473 1184 4513; x_wconf 87' lang='lat' dir='ltr'><strong>eo</strong></span> <span class='ocrx_word' id='word_1_626' title='bbox 1216 4435 1425 4512; x_wconf 68' lang='lat' dir='ltr'><strong>natura:</strong></span> <span class='ocrx_word' id='word_1_627' title='bbox 1465 4465 1628 4527; x_wconf 90' lang='lat' dir='ltr'><strong>atque</strong></span> <span class='ocrx_word' id='word_1_628' title='bbox 1680 4457 2036 4520; x_wconf 79' lang='lat' dir='ltr'><strong>conditionis,</strong></span> 
     </span>
    </p>
   </div>
   <div class='ocr_carea' id='block_1_91' title="bbox 2137 4435 3720 4527">
    <p class='ocr_par' dir='ltr' id='par_1_91' title="bbox 2151 4436 3720 4514">
     <span class='ocr_line' id='line_1_91' title="bbox 2151 4436 3720 4514; baseline -0.004 -18"><span class='ocrx_word' id='word_1_629' title='bbox 2151 4443 2219 4496; x_wconf 74' lang='grc' dir='ltr'>τὰ</span> <span class='ocrx_word' id='word_1_630' title='bbox 2251 4443 2420 4511; x_wconf 69' lang='grc' dir='ltr'>ἔθνη,</span> <span class='ocrx_word' id='word_1_631' title='bbox 2464 4439 2815 4514; x_wconf 73' lang='grc' dir='ltr'>βαπτίζοντες</span> <span class='ocrx_word' id='word_1_632' title='bbox 2851 4440 3048 4501; x_wconf 76' lang='grc' dir='ltr'>αὐτοὺς</span> <span class='ocrx_word' id='word_1_633' title='bbox 3070 4441 3149 4504; x_wconf 76' lang='grc' dir='ltr'><strong>εἱς</strong></span> <span class='ocrx_word' id='word_1_634' title='bbox 3176 4437 3237 4493; x_wconf 79' lang='grc' dir='ltr'>τὸ</span> <span class='ocrx_word' id='word_1_635' title='bbox 3264 4438 3438 4508; x_wconf 79' lang='grc' dir='ltr'>ὄνομα</span> <span class='ocrx_word' id='word_1_636' title='bbox 3468 4436 3560 4491; x_wconf 73' lang='grc' dir='ltr'>τοῦ</span> <span class='ocrx_word' id='word_1_637' title='bbox 3611 4438 3720 4490; x_wconf 79' lang='grc' dir='ltr'><strong>Πα-</strong></span> 
     </span>
    </p>
   </div>
   <div class='ocr_carea' id='block_1_92' title="bbox 469 4549 2046 4620">
    <p class='ocr_par' dir='ltr' id='par_1_92' title="bbox 469 4549 2046 4620">
     <span class='ocr_line' id='line_1_92' title="bbox 469 4549 2046 4620; baseline 0.003 -20"><span class='ocrx_word' id='word_1_638' title='bbox 469 4559 524 4602; x_wconf 74' lang='grc' dir='ltr'>υι</span> <span class='ocrx_word' id='word_1_639' title='bbox 593 4550 650 4604; x_wconf 89' lang='lat' dir='ltr'><strong>in</strong></span> <span class='ocrx_word' id='word_1_640' title='bbox 713 4564 882 4620; x_wconf 88' lang='lat' dir='ltr'><strong>opere</strong></span> <span class='ocrx_word' id='word_1_641' title='bbox 940 4559 1212 4616; x_wconf 87' lang='lat' dir='ltr'><strong>versatur,</strong></span> <span class='ocrx_word' id='word_1_642' title='bbox 1284 4557 1339 4605; x_wconf 87' lang='lat' dir='ltr'><strong>et</strong></span> <span class='ocrx_word' id='word_1_643' title='bbox 1407 4565 1514 4604; x_wconf 86' lang='lat' dir='ltr'><strong>una</strong></span> <span class='ocrx_word' id='word_1_644' title='bbox 1547 4551 1722 4604; x_wconf 87' lang='lat' dir='ltr'><strong>adest.</strong></span> <span class='ocrx_word' id='word_1_645' title='bbox 1765 4549 1870 4606; x_wconf 86' lang='lat' dir='ltr'><strong>Sed</strong></span> <span class='ocrx_word' id='word_1_646' title='bbox 1915 4549 2046 4620; x_wconf 89' lang='lat' dir='ltr'><strong>quid</strong></span> 
     </span>
    </p>
   </div>
   <div class='ocr_carea' id='block_1_93' title="bbox 473 4640 2050 4711">
    <p class='ocr_par' dir='ltr' id='par_1_93' title="bbox 473 4640 2050 4711">
     <span class='ocr_line' id='line_1_93' title="bbox 473 4640 2050 4711; baseline -0.001 -13"><span class='ocrx_word' id='word_1_647' title='bbox 473 4643 798 4698; x_wconf 84' lang='lat' dir='ltr'><strong>mandavit?</strong></span> <span class='ocrx_word' id='word_1_648' title='bbox 859 4643 957 4709; x_wconf 80' lang='lat' dir='ltr'><strong>lle,</strong></span> <span class='ocrx_word' id='word_1_649' title='bbox 1025 4640 1215 4698; x_wconf 88' lang='lat' dir='ltr'><strong>docete</strong></span> <span class='ocrx_word' id='word_1_650' title='bbox 1271 4657 1466 4697; x_wconf 88' lang='lat' dir='ltr'><strong>omnes</strong></span> <span class='ocrx_word' id='word_1_651' title='bbox 1526 4643 1802 4706; x_wconf 86' lang='lat' dir='ltr'><strong>nationes,</strong></span> <span class='ocrx_word' id='word_1_652' title='bbox 1843 4655 2050 4711; x_wconf 82' lang='lat' dir='ltr'><strong>eosque</strong></span> 
     </span>
    </p>
   </div>
   <div class='ocr_carea' id='block_1_94' title="bbox 481 4733 2051 4808">
    <p class='ocr_par' dir='ltr' id='par_1_94' title="bbox 481 4733 2051 4808">
     <span class='ocr_line' id='line_1_94' title="bbox 481 4733 2051 4808; baseline 0.001 -20"><span class='ocrx_word' id='word_1_653' title='bbox 481 4739 756 4808; x_wconf 80' lang='lat' dir='ltr'><strong>haptizatc</strong></span> <span class='ocrx_word' id='word_1_654' title='bbox 791 4737 846 4790; x_wconf 88' lang='lat' dir='ltr'><strong>in</strong></span> <span class='ocrx_word' id='word_1_655' title='bbox 878 4739 1103 4791; x_wconf 87' lang='lat' dir='ltr'><strong>nomine</strong></span> <span class='ocrx_word' id='word_1_656' title='bbox 1165 4734 1369 4799; x_wconf 85' lang='lat' dir='ltr'><strong>Patris,</strong></span> <span class='ocrx_word' id='word_1_657' title='bbox 1412 4745 1466 4790; x_wconf 90' lang='lat' dir='ltr'><strong>et</strong></span> <span class='ocrx_word' id='word_1_658' title='bbox 1519 4734 1662 4797; x_wconf 84' lang='lat' dir='ltr'><strong>Filii,</strong></span> <span class='ocrx_word' id='word_1_659' title='bbox 1695 4743 1748 4790; x_wconf 89' lang='lat' dir='ltr'><strong>et</strong></span> <span class='ocrx_word' id='word_1_660' title='bbox 1808 4733 2051 4805; x_wconf 87' lang='lat' dir='ltr'><strong>Spiritus</strong></span> 
     </span>
    </p>
   </div>
   <div class='ocr_carea' id='block_1_95' title="bbox 477 4812 2052 4897">
    <p class='ocr_par' dir='ltr' id='par_1_95' title="bbox 477 4812 2052 4897">
     <span class='ocr_line' id='line_1_95' title="bbox 477 4812 2052 4897; baseline 0.001 -19"><span class='ocrx_word' id='word_1_661' title='bbox 477 4829 650 4882; x_wconf 63' lang='lat' dir='ltr'><strong>sancti</strong></span> <span class='ocrx_word' id='word_1_662' title='bbox 688 4847 700 4882; x_wconf 92' lang='lat'>:</span> <span class='ocrx_word' id='word_1_663' title='bbox 735 4842 800 4884; x_wconf 86' lang='lat' dir='ltr'><strong>ac</strong></span> <span class='ocrx_word' id='word_1_664' title='bbox 829 4828 1021 4884; x_wconf 71' lang='lat' dir='ltr'><strong>docete</strong></span> <span class='ocrx_word' id='word_1_665' title='bbox 1047 4812 1144 4884; x_wconf 85' lang='lat' dir='ltr'><strong>eos</strong></span> <span class='ocrx_word' id='word_1_666' title='bbox 1173 4843 1391 4884; x_wconf 84' lang='lat' dir='ltr'><strong>servare</strong></span> <span class='ocrx_word' id='word_1_667' title='bbox 1419 4842 1762 4897; x_wconf 67' lang='lat' dir='ltr'><strong>quareunque</strong></span> <span class='ocrx_word' id='word_1_668' title='bbox 1796 4826 2052 4881; x_wconf 87' lang='lat' dir='ltr'><strong>mandavi</strong></span> 
     </span>
    </p>
   </div>
   <div class='ocr_carea' id='block_1_96' title="bbox 473 4919 2051 4991">
    <p class='ocr_par' dir='ltr' id='par_1_96' title="bbox 473 4919 2051 4991">
     <span class='ocr_line' id='line_1_96' title="bbox 473 4919 2051 4991; baseline -0.001 -17"><span class='ocrx_word' id='word_1_669' title='bbox 473 4919 652 4975; x_wconf 84' lang='lat' dir='ltr'><strong>vobis.</strong></span> <span class='ocrx_word' id='word_1_670' title='bbox 687 4919 1048 4991; x_wconf 69' lang='lat' dir='ltr'><strong>Posteaquam</strong></span> <span class='ocrx_word' id='word_1_671' title='bbox 1078 4920 1336 4977; x_wconf 87' lang='lat' dir='ltr'><strong>mandata</strong></span> <span class='ocrx_word' id='word_1_672' title='bbox 1363 4921 1533 4984; x_wconf 88' lang='lat' dir='ltr'><strong>dedit,</strong></span> <span class='ocrx_word' id='word_1_673' title='bbox 1569 4921 1764 4989; x_wconf 80' lang='lat' dir='ltr'><strong>inquit,</strong></span> <span class='ocrx_word' id='word_1_674' title='bbox 1798 4921 1848 4973; x_wconf 93' lang='lat' dir='ltr'><strong>in</strong></span> <span class='ocrx_word' id='word_1_675' title='bbox 1877 4920 2051 4975; x_wconf 80' lang='lat' dir='ltr'><strong>subli-</strong></span> 
     </span>
    </p>
   </div>
   <div class='ocr_carea' id='block_1_97' title="bbox 477 5013 2042 5084">
    <p class='ocr_par' dir='ltr' id='par_1_97' title="bbox 477 5013 2042 5084">
     <span class='ocr_line' id='line_1_97' title="bbox 477 5013 2042 5084; baseline -0.002 -17"><span class='ocrx_word' id='word_1_676' title='bbox 477 5029 563 5068; x_wconf 86' lang='lat' dir='ltr'><strong>me</strong></span> <span class='ocrx_word' id='word_1_677' title='bbox 591 5023 854 5084; x_wconf 78' lang='lat' dir='ltr'><strong>exceptus</strong></span> <span class='ocrx_word' id='word_1_678' title='bbox 881 5026 932 5068; x_wconf 90' lang='lat' dir='ltr'><strong>et</strong></span> <span class='ocrx_word' id='word_1_679' title='bbox 964 5013 1264 5070; x_wconf 83' lang='lat' dir='ltr'><strong>subvectus</strong></span> <span class='ocrx_word' id='word_1_680' title='bbox 1280 5027 1383 5070; x_wconf 89' lang='lat' dir='ltr'><strong>est.</strong></span> <span class='ocrx_word' id='word_1_681' title='bbox 1409 5013 1528 5068; x_wconf 83' lang='lat' dir='ltr'><strong>Non</strong></span> <span class='ocrx_word' id='word_1_682' title='bbox 1551 5014 1712 5077; x_wconf 82' lang='lat' dir='ltr'><strong>dixit,</strong></span> <span class='ocrx_word' id='word_1_683' title='bbox 1738 5013 2002 5067; x_wconf 76' lang='lat' dir='ltr'><strong>Ascendit</strong></span> <span class='ocrx_word' id='word_1_684' title='bbox 2029 5027 2042 5076; x_wconf 87' lang='lat'><strong>;</strong></span> 
     </span>
    </p>
   </div>
   <div class='ocr_carea' id='block_1_98' title="bbox 482 5104 2054 5176">
    <p class='ocr_par' dir='ltr' id='par_1_98' title="bbox 482 5104 2054 5176">
     <span class='ocr_line' id='line_1_98' title="bbox 482 5104 2054 5176; baseline -0.003 -16"><span class='ocrx_word' id='word_1_685' title='bbox 482 5104 578 5160; x_wconf 81' lang='lat' dir='ltr'><strong>sed</strong></span> <span class='ocrx_word' id='word_1_686' title='bbox 616 5106 794 5160; x_wconf 88' lang='lat' dir='ltr'><strong>adhuc</strong></span> <span class='ocrx_word' id='word_1_687' title='bbox 828 5116 1087 5176; x_wconf 86' lang='lat' dir='ltr'><strong>tanquam</strong></span> <span class='ocrx_word' id='word_1_688' title='bbox 1121 5107 1188 5162; x_wconf 89' lang='lat' dir='ltr'><strong>dc</strong></span> <span class='ocrx_word' id='word_1_689' title='bbox 1211 5106 1431 5162; x_wconf 89' lang='lat' dir='ltr'><strong>homine</strong></span> <span class='ocrx_word' id='word_1_690' title='bbox 1463 5107 1725 5175; x_wconf 85' lang='lat' dir='ltr'><strong>loquitur.</strong></span> <span class='ocrx_word' id='word_1_691' title='bbox 1762 5105 1902 5159; x_wconf 85' lang='lat' dir='ltr'><strong>Hine</strong></span> <span class='ocrx_word' id='word_1_692' title='bbox 1951 5119 2054 5156; x_wconf 88' lang='lat' dir='ltr'><strong>au-</strong></span> 
     </span>
    </p>
   </div>
   <div class='ocr_carea' id='block_1_99' title="bbox 477 5198 2050 5270">
    <p class='ocr_par' dir='ltr' id='par_1_99' title="bbox 477 5198 2050 5270">
     <span class='ocr_line' id='line_1_99' title="bbox 477 5198 2050 5270; baseline -0.003 -17"><span class='ocrx_word' id='word_1_693' title='bbox 477 5210 589 5254; x_wconf 88' lang='lat' dir='ltr'><strong>tem</strong></span> <span class='ocrx_word' id='word_1_694' title='bbox 625 5198 1007 5270; x_wconf 71' lang='lat' dir='ltr'><strong>intelligimus,</strong></span> <span class='ocrx_word' id='word_1_695' title='bbox 1044 5199 1191 5270; x_wconf 84' lang='lat' dir='ltr'><strong>quod</strong></span> <span class='ocrx_word' id='word_1_696' title='bbox 1216 5200 1380 5254; x_wconf 86' lang='lat' dir='ltr'><strong>etiam</strong></span> <span class='ocrx_word' id='word_1_697' title='bbox 1410 5207 1536 5268; x_wconf 83' lang='lat' dir='ltr'><strong>post</strong></span> <span class='ocrx_word' id='word_1_698' title='bbox 1567 5198 2050 5260; x_wconf 87' lang='lat' dir='ltr'><strong>resurrectionem,</strong></span> 
     </span>
    </p>
   </div>
   <div class='ocr_carea' id='block_1_100' title="bbox 478 5290 2053 5360">
    <p class='ocr_par' dir='ltr' id='par_1_100' title="bbox 478 5290 2053 5360">
     <span class='ocr_line' id='line_1_100' title="bbox 478 5290 2053 5360; baseline 0.001 -18"><span class='ocrx_word' id='word_1_699' title='bbox 478 5291 718 5345; x_wconf 84' lang='lat' dir='ltr'><strong>docebat</strong></span> <span class='ocrx_word' id='word_1_700' title='bbox 741 5291 1070 5359; x_wconf 86' lang='lat' dir='ltr'><strong>discipulos.</strong></span> <span class='ocrx_word' id='word_1_701' title='bbox 1109 5290 1214 5344; x_wconf 89' lang='lat' dir='ltr'><strong>Sed</strong></span> <span class='ocrx_word' id='word_1_702' title='bbox 1242 5300 1462 5360; x_wconf 85' lang='lat' dir='ltr'><strong>tempus</strong></span> <span class='ocrx_word' id='word_1_703' title='bbox 1494 5290 1597 5344; x_wconf 83' lang='lat' dir='ltr'><strong>hoc</strong></span> <span class='ocrx_word' id='word_1_704' title='bbox 1622 5303 1783 5342; x_wconf 88' lang='lat' dir='ltr'><strong>nemo</strong></span> <span class='ocrx_word' id='word_1_705' title='bbox 1817 5290 1976 5358; x_wconf 87' lang='lat' dir='ltr'><strong>plene</strong></span> <span class='ocrx_word' id='word_1_706' title='bbox 1998 5299 2053 5342; x_wconf 88' lang='lat' dir='ltr'><strong>et</strong></span> 
     </span>
    </p>
   </div>
   <div class='ocr_carea' id='block_1_101' title="bbox 2148 4529 3720 4604">
    <p class='ocr_par' dir='ltr' id='par_1_101' title="bbox 2148 4529 3720 4604">
     <span class='ocr_line' id='line_1_101' title="bbox 2148 4529 3720 4604; baseline -0.004 -17"><span class='ocrx_word' id='word_1_707' title='bbox 2148 4533 2297 4604; x_wconf 77' lang='grc' dir='ltr'>τρδς,</span> <span class='ocrx_word' id='word_1_708' title='bbox 2337 4532 2432 4586; x_wconf 78' lang='grc' dir='ltr'>καὶ</span> <span class='ocrx_word' id='word_1_709' title='bbox 2464 4531 2555 4584; x_wconf 75' lang='grc' dir='ltr'>τοῦ</span> <span class='ocrx_word' id='word_1_710' title='bbox 2589 4530 2740 4594; x_wconf 78' lang='grc' dir='ltr'><strong>Υἰοῦ,</strong></span> <span class='ocrx_word' id='word_1_711' title='bbox 2782 4531 2878 4584; x_wconf 70' lang='grc' dir='ltr'>καὶ</span> <span class='ocrx_word' id='word_1_712' title='bbox 2943 4532 3037 4583; x_wconf 78' lang='grc' dir='ltr'>τοῦ</span> <span class='ocrx_word' id='word_1_713' title='bbox 3069 4530 3227 4598; x_wconf 82' lang='grc' dir='ltr'>ἀγίον</span> <span class='ocrx_word' id='word_1_714' title='bbox 3259 4530 3595 4600; x_wconf 71' lang='grc' dir='ltr'>Πνεύματοζ,</span> <span class='ocrx_word' id='word_1_715' title='bbox 3639 4529 3720 4581; x_wconf 77' lang='grc' dir='ltr'><strong>δι-</strong></span> 
     </span>
    </p>
   </div>
   <div class='ocr_carea' id='block_1_102' title="bbox 2152 4621 3726 4693">
    <p class='ocr_par' dir='ltr' id='par_1_102' title="bbox 2152 4621 3726 4693">
     <span class='ocr_line' id='line_1_102' title="bbox 2152 4621 3726 4693; baseline -0.004 -15"><span class='ocrx_word' id='word_1_716' title='bbox 2152 4626 2446 4686; x_wconf 82' lang='grc' dir='ltr'>δάσκοντες</span> <span class='ocrx_word' id='word_1_717' title='bbox 2475 4621 2673 4685; x_wconf 84' lang='grc' dir='ltr'>αὐτοὺς</span> <span class='ocrx_word' id='word_1_718' title='bbox 2737 4623 2924 4693; x_wconf 75' lang='grc' dir='ltr'>τηρεῖν</span> <span class='ocrx_word' id='word_1_719' title='bbox 2975 4623 3172 4685; x_wconf 78' lang='grc' dir='ltr'>πάντα,</span> <span class='ocrx_word' id='word_1_720' title='bbox 3232 4622 3333 4674; x_wconf 78' lang='grc' dir='ltr'>ὅσα</span> <span class='ocrx_word' id='word_1_721' title='bbox 3379 4621 3726 4689; x_wconf 73' lang='grc' dir='ltr'>ἐνετειλάμην</span> 
     </span>
    </p>
   </div>
   <div class='ocr_carea' id='block_1_103' title="bbox 2155 4709 3727 4786">
    <p class='ocr_par' dir='ltr' id='par_1_103' title="bbox 2155 4709 3727 4786">
     <span class='ocr_line' id='line_1_103' title="bbox 2155 4709 3727 4786; baseline -0.003 -17"><span class='ocrx_word' id='word_1_722' title='bbox 2155 4717 2296 4786; x_wconf 80' lang='grc' dir='ltr'>ὑμῖν.</span> <span class='ocrx_word' id='word_1_723' title='bbox 2363 4712 2793 4783; x_wconf 76' lang='grc' dir='ltr'>Ἔντειλάμενος,</span> <span class='ocrx_word' id='word_1_724' title='bbox 2840 4713 3026 4783; x_wconf 72' lang='grc' dir='ltr'>φησιν,</span> <span class='ocrx_word' id='word_1_725' title='bbox 3074 4713 3374 4783; x_wconf 80' lang='grc' dir='ltr'>ἀνελήφθη·</span> <span class='ocrx_word' id='word_1_726' title='bbox 3397 4713 3500 4766; x_wconf 75' lang='grc' dir='ltr'>οὐκ</span> <span class='ocrx_word' id='word_1_727' title='bbox 3553 4709 3727 4776; x_wconf 69' lang='grc' dir='ltr'>εἶπεν,</span> 
     </span>
    </p>
   </div>
   <div class='ocr_carea' id='block_1_104' title="bbox 2166 4804 3729 4878">
    <p class='ocr_par' dir='ltr' id='par_1_104' title="bbox 2166 4804 3729 4878">
     <span class='ocr_line' id='line_1_104' title="bbox 2166 4804 3729 4878; baseline -0.003 -17"><span class='ocrx_word' id='word_1_728' title='bbox 2166 4805 2389 4878; x_wconf 81' lang='grc' dir='ltr'>’Λνέ6η·</span> <span class='ocrx_word' id='word_1_729' title='bbox 2422 4805 2536 4858; x_wconf 79' lang='grc' dir='ltr'>ἀλλ’</span> <span class='ocrx_word' id='word_1_730' title='bbox 2559 4805 2638 4858; x_wconf 73' lang='grc' dir='ltr'>ἔτι</span> <span class='ocrx_word' id='word_1_731' title='bbox 2663 4805 2740 4868; x_wconf 83' lang='grc' dir='ltr'>ὡς</span> <span class='ocrx_word' id='word_1_732' title='bbox 2762 4805 2890 4874; x_wconf 73' lang='grc' dir='ltr'>περὶ</span> <span class='ocrx_word' id='word_1_733' title='bbox 2921 4804 3209 4875; x_wconf 84' lang='grc' dir='ltr'>ἀνθρώπου</span> <span class='ocrx_word' id='word_1_734' title='bbox 3242 4804 3572 4872; x_wconf 81' lang='grc' dir='ltr'>διαλέγεται.</span> <span class='ocrx_word' id='word_1_735' title='bbox 3613 4804 3729 4856; x_wconf 79' lang='grc' dir='ltr'><strong>Ἐνο</strong></span> 
     </span>
    </p>
   </div>
   <div class='ocr_carea' id='block_1_105' title="bbox 2153 4896 3732 4968">
    <p class='ocr_par' dir='ltr' id='par_1_105' title="bbox 2153 4896 3732 4968">
     <span class='ocr_line' id='line_1_105' title="bbox 2153 4896 3732 4968; baseline -0.002 -18"><span class='ocrx_word' id='word_1_736' title='bbox 2153 4897 2344 4951; x_wconf 85' lang='grc' dir='ltr'>τεῦθεν</span> <span class='ocrx_word' id='word_1_737' title='bbox 2367 4898 2424 4951; x_wconf 81' lang='grc' dir='ltr'><strong>δὲ</strong></span> <span class='ocrx_word' id='word_1_738' title='bbox 2455 4897 2797 4968; x_wconf 75' lang='grc' dir='ltr'>μανθάνομεν</span> <span class='ocrx_word' id='word_1_739' title='bbox 2829 4896 2913 4950; x_wconf 84' lang='grc' dir='ltr'>ὅτι</span> <span class='ocrx_word' id='word_1_740' title='bbox 2953 4898 3048 4950; x_wconf 75' lang='grc' dir='ltr'>καὶ</span> <span class='ocrx_word' id='word_1_741' title='bbox 3103 4898 3242 4966; x_wconf 78' lang='grc' dir='ltr'>μετὰ</span> <span class='ocrx_word' id='word_1_742' title='bbox 3284 4896 3383 4966; x_wconf 75' lang='grc' dir='ltr'>τὴν</span> <span class='ocrx_word' id='word_1_743' title='bbox 3435 4896 3732 4951; x_wconf 73' lang='grc' dir='ltr'>ἀνάστασιν</span> 
     </span>
    </p>
   </div>
   <div class='ocr_carea' id='block_1_106' title="bbox 2156 4987 3732 5060">
    <p class='ocr_par' dir='ltr' id='par_1_106' title="bbox 2156 4987 3732 5060">
     <span class='ocr_line' id='line_1_106' title="bbox 2156 4987 3732 5060; baseline -0.002 -17"><span class='ocrx_word' id='word_1_744' title='bbox 2156 4988 2402 5044; x_wconf 76' lang='grc' dir='ltr'>ἐδίδασκε</span> <span class='ocrx_word' id='word_1_745' title='bbox 2442 4991 2562 5052; x_wconf 76' lang='grc' dir='ltr'>τοὺς</span> <span class='ocrx_word' id='word_1_746' title='bbox 2583 4987 2850 5060; x_wconf 80' lang='grc' dir='ltr'>μαθητάς,</span> <span class='ocrx_word' id='word_1_747' title='bbox 2870 4988 3004 5041; x_wconf 85' lang='grc' dir='ltr'><strong>ἀλλά</strong></span> <span class='ocrx_word' id='word_1_748' title='bbox 3027 4988 3116 5040; x_wconf 84' lang='grc' dir='ltr'>τὸν</span> <span class='ocrx_word' id='word_1_749' title='bbox 3141 4988 3327 5057; x_wconf 83' lang='grc' dir='ltr'>χρόνον</span> <span class='ocrx_word' id='word_1_750' title='bbox 3350 4987 3536 5042; x_wconf 83' lang='grc' dir='ltr'>τοῦτον</span> <span class='ocrx_word' id='word_1_751' title='bbox 3559 4988 3732 5052; x_wconf 71' lang='grc' dir='ltr'>οὐδεὶς</span> 
     </span>
    </p>
   </div>
   <div class='ocr_carea' id='block_1_107' title="bbox 2157 5077 3733 5150">
    <p class='ocr_par' dir='ltr' id='par_1_107' title="bbox 2157 5077 3733 5150">
     <span class='ocr_line' id='line_1_107' title="bbox 2157 5077 3733 5150; baseline -0.002 -16"><span class='ocrx_word' id='word_1_752' title='bbox 2157 5077 2280 5134; x_wconf 79' lang='grc' dir='ltr'>εἶπε</span> <span class='ocrx_word' id='word_1_753' title='bbox 2317 5081 2458 5150; x_wconf 72' lang='grc' dir='ltr'>μετὰ</span> <span class='ocrx_word' id='word_1_754' title='bbox 2489 5079 2800 5149; x_wconf 75' lang='grc' dir='ltr'>ἀκριϐείας·</span> <span class='ocrx_word' id='word_1_755' title='bbox 2857 5077 2972 5132; x_wconf 75' lang='grc' dir='ltr'>ἀλλ’</span> <span class='ocrx_word' id='word_1_756' title='bbox 3023 5077 3326 5148; x_wconf 76' lang='grc' dir='ltr'>ἐγχρονίζει</span> <span class='ocrx_word' id='word_1_757' title='bbox 3381 5078 3479 5146; x_wconf 75' lang='grc' dir='ltr'>μὲν</span> <span class='ocrx_word' id='word_1_758' title='bbox 3526 5077 3672 5146; x_wconf 67' lang='grc' dir='ltr'>αὐτῷ</span> <span class='ocrx_word' id='word_1_759' title='bbox 3704 5077 3733 5131; x_wconf 88' lang='grc' dir='ltr'><strong>ὀ</strong></span> 
     </span>
    </p>
   </div>
   <div class='ocr_carea' id='block_1_108' title="bbox 2169 5170 3731 5242">
    <p class='ocr_par' dir='ltr' id='par_1_108' title="bbox 2169 5170 3731 5242">
     <span class='ocr_line' id='line_1_108' title="bbox 2169 5170 3731 5242; baseline -0.004 -16"><span class='ocrx_word' id='word_1_760' title='bbox 2169 5173 2423 5242; x_wconf 80' lang='grc' dir='ltr'>Ἰωάννης</span> <span class='ocrx_word' id='word_1_761' title='bbox 2469 5172 2577 5224; x_wconf 84' lang='grc' dir='ltr'>τῶν</span> <span class='ocrx_word' id='word_1_762' title='bbox 2629 5172 2806 5227; x_wconf 79' lang='grc' dir='ltr'>ἄλλων</span> <span class='ocrx_word' id='word_1_763' title='bbox 2850 5173 3067 5225; x_wconf 80' lang='grc' dir='ltr'>πάντων</span> <span class='ocrx_word' id='word_1_764' title='bbox 3084 5172 3126 5203; x_wconf 73' lang='grc'><strong>⁸³</strong></span> <span class='ocrx_word' id='word_1_765' title='bbox 3156 5187 3170 5200; x_wconf 92' lang='grc'><strong>·</strong></span> <span class='ocrx_word' id='word_1_766' title='bbox 3242 5171 3420 5224; x_wconf 70' lang='grc' dir='ltr'>πάντα</span> <span class='ocrx_word' id='word_1_767' title='bbox 3463 5171 3520 5223; x_wconf 85' lang='grc' dir='ltr'><strong>δὲ</strong></span> <span class='ocrx_word' id='word_1_768' title='bbox 3548 5170 3731 5240; x_wconf 75' lang='grc' dir='ltr'>σαφῶς</span> 
     </span>
    </p>
   </div>
   <div class='ocr_carea' id='block_1_109' title="bbox 2155 5262 3528 5334">
    <p class='ocr_par' dir='ltr' id='par_1_109' title="bbox 2155 5262 3528 5334">
     <span class='ocr_line' id='line_1_109' title="bbox 2155 5262 3528 5334; baseline 0 -18"><span class='ocrx_word' id='word_1_769' title='bbox 2155 5264 2329 5328; x_wconf 75' lang='grc' dir='ltr'>οὐδεὶς</span> <span class='ocrx_word' id='word_1_770' title='bbox 2348 5264 2672 5334; x_wconf 81' lang='grc' dir='ltr'>ἀπήγγειλε·</span> <span class='ocrx_word' id='word_1_771' title='bbox 2706 5263 2841 5334; x_wconf 70' lang='grc' dir='ltr'>πρὸς</span> <span class='ocrx_word' id='word_1_772' title='bbox 2866 5266 2974 5332; x_wconf 84' lang='grc' dir='ltr'>γὰρ</span> <span class='ocrx_word' id='word_1_773' title='bbox 3003 5262 3188 5333; x_wconf 77' lang='grc' dir='ltr'>ἕτερον</span> <span class='ocrx_word' id='word_1_774' title='bbox 3222 5262 3528 5332; x_wconf 64' lang='grc' dir='ltr'>ἠπείγοντο.</span> 
     </span>
    </p>
   </div>
   <div class='ocr_carea' id='block_1_110' title="bbox 479 5379 3730 5454">
    <p class='ocr_par' dir='ltr' id='par_1_110' title="bbox 479 5379 3730 5454">
     <span class='ocr_line' id='line_1_110' title="bbox 479 5379 3730 5454; baseline 0.001 -18"><span class='ocrx_word' id='word_1_775' title='bbox 479 5392 668 5439; x_wconf 82' lang='lat' dir='ltr'><strong>exacte</strong></span> <span class='ocrx_word' id='word_1_776' title='bbox 727 5383 1043 5454; x_wconf 87' lang='lat' dir='ltr'><strong>descripsit;</strong></span> <span class='ocrx_word' id='word_1_777' title='bbox 1109 5384 1206 5439; x_wconf 86' lang='lat' dir='ltr'><strong>sed</strong></span> <span class='ocrx_word' id='word_1_778' title='bbox 1290 5383 1529 5439; x_wconf 70' lang='lat' dir='ltr'><strong>Joannes</strong></span> <span class='ocrx_word' id='word_1_779' title='bbox 1585 5384 1805 5454; x_wconf 85' lang='lat' dir='ltr'><strong>quidem</strong></span> <span class='ocrx_word' id='word_1_780' title='bbox 1859 5385 2032 5454; x_wconf 75' lang='lat' dir='ltr'><strong>magis</strong></span> <span class='ocrx_word' id='word_1_781' title='bbox 2073 5399 2238 5453; x_wconf 83' lang='lat' dir='ltr'><strong>quam</strong></span> <span class='ocrx_word' id='word_1_782' title='bbox 2288 5383 2471 5439; x_wconf 65' lang='lat' dir='ltr'><strong>caeteri</strong></span> <span class='ocrx_word' id='word_1_783' title='bbox 2513 5399 2701 5439; x_wconf 85' lang='lat' dir='ltr'><strong>omnes</strong></span> <span class='ocrx_word' id='word_1_784' title='bbox 2733 5382 3058 5438; x_wconf 85' lang='lat' dir='ltr'><strong>immoratur</strong></span> <span class='ocrx_word' id='word_1_785' title='bbox 3123 5382 3177 5436; x_wconf 88' lang='lat' dir='ltr'><strong>in</strong></span> <span class='ocrx_word' id='word_1_786' title='bbox 3207 5396 3308 5437; x_wconf 88' lang='lat' dir='ltr'><strong>co:</strong></span> <span class='ocrx_word' id='word_1_787' title='bbox 3358 5379 3541 5437; x_wconf 83' lang='lat' dir='ltr'><strong>omnia</strong></span> <span class='ocrx_word' id='word_1_788' title='bbox 3630 5397 3730 5440; x_wconf 83' lang='lat' dir='ltr'><strong>att-</strong></span> 
     </span>
    </p>
   </div>
   <div class='ocr_carea' id='block_1_111' title="bbox 479 5481 2177 5552">
    <p class='ocr_par' dir='ltr' id='par_1_111' title="bbox 479 5481 2177 5552">
     <span class='ocr_line' id='line_1_111' title="bbox 479 5481 2177 5552; baseline 0 -18"><span class='ocrx_word' id='word_1_789' title='bbox 479 5487 588 5536; x_wconf 89' lang='lat' dir='ltr'><strong>tem</strong></span> <span class='ocrx_word' id='word_1_790' title='bbox 626 5496 789 5536; x_wconf 88' lang='lat' dir='ltr'><strong>nemo</strong></span> <span class='ocrx_word' id='word_1_791' title='bbox 822 5481 979 5536; x_wconf 83' lang='lat' dir='ltr'><strong>nlane</strong></span> <span class='ocrx_word' id='word_1_792' title='bbox 1003 5483 1258 5552; x_wconf 79' lang='lat' dir='ltr'><strong>exposuit</strong></span> <span class='ocrx_word' id='word_1_793' title='bbox 1294 5498 1307 5534; x_wconf 89' lang='lat'><strong>:</strong></span> <span class='ocrx_word' id='word_1_794' title='bbox 1354 5481 1419 5536; x_wconf 88' lang='lat' dir='ltr'><strong>ad</strong></span> <span class='ocrx_word' id='word_1_795' title='bbox 1461 5481 1610 5536; x_wconf 85' lang='lat' dir='ltr'><strong>aliud</strong></span> <span class='ocrx_word' id='word_1_796' title='bbox 1641 5481 1786 5536; x_wconf 85' lang='lat' dir='ltr'><strong>enim</strong></span> <span class='ocrx_word' id='word_1_797' title='bbox 1827 5481 2177 5538; x_wconf 84' lang='lat' dir='ltr'><strong>festinabant.</strong></span> 
     </span>
    </p>
   </div>
   <div class='ocr_carea' id='block_1_112' title="bbox 1563 5638 2533 5700">
    <p class='ocr_par' dir='ltr' id='par_1_112' title="bbox 1563 5638 2533 5700">
     <span class='ocr_line' id='line_1_112' title="bbox 1563 5638 2533 5700; baseline 0.003 -3"><span class='ocrx_word' id='word_1_798' title='bbox 1563 5690 1566 5691; x_wconf 37' lang='grc' dir='ltr'><strong>ν</strong></span> <span class='ocrx_word' id='word_1_799' title='bbox 1673 5638 1874 5700; x_wconf 62' lang='grc' dir='ltr'>νει-ιω</span> <span class='ocrx_word' id='word_1_800' title='bbox 1909 5638 2214 5700; x_wconf 84' lang='lat' dir='ltr'><strong>lectiones</strong></span> <span class='ocrx_word' id='word_1_801' title='bbox 2242 5646 2303 5700; x_wconf 84' lang='lat' dir='ltr'><strong>et</strong></span> <span class='ocrx_word' id='word_1_802' title='bbox 2347 5646 2533 5700; x_wconf 65' lang='lat' dir='ltr'><strong>mitte.</strong></span> 
     </span>
    </p>
   </div>
   <div class='ocr_carea' id='block_1_113' title="bbox 555 5763 1066 5827">
    <p class='ocr_par' dir='ltr' id='par_1_113' title="bbox 555 5763 1066 5827">
     <span class='ocr_line' id='line_1_113' title="bbox 555 5763 1066 5827; baseline 0 -9"><span class='ocrx_word' id='word_1_803' title='bbox 555 5765 598 5794; x_wconf 75' lang='lat'>&quot;</span> <span class='ocrx_word' id='word_1_804' title='bbox 630 5766 714 5818; x_wconf 79' lang='grc' dir='ltr'>ῖσ.</span> <span class='ocrx_word' id='word_1_805' title='bbox 741 5763 1066 5827; x_wconf 57' lang='grc' dir='ltr'>ἀνθρώποις.</span> 
     </span>
    </p>
   </div>
   <div class='ocr_carea' id='block_1_114' title="bbox 1144 5763 2144 5830">
    <p class='ocr_par' dir='ltr' id='par_1_114' title="bbox 1144 5763 2144 5830">
     <span class='ocr_line' id='line_1_114' title="bbox 1144 5763 2144 5830; baseline -0.004 -10"><span class='ocrx_word' id='word_1_806' title='bbox 1144 5763 1189 5800; x_wconf 71' lang='grc'>⁸⁷</span> <span class='ocrx_word' id='word_1_807' title='bbox 1217 5767 1434 5830; x_wconf 61' lang='grc' dir='ltr'>αὐτοὺς,</span> <span class='ocrx_word' id='word_1_808' title='bbox 1455 5777 1588 5820; x_wconf 78' lang='lat' dir='ltr'><strong>erat.</strong></span> <span class='ocrx_word' id='word_1_809' title='bbox 1665 5767 1704 5800; x_wconf 64' lang='grc'>³³</span> <span class='ocrx_word' id='word_1_810' title='bbox 1741 5765 1976 5825; x_wconf 49' lang='grc' dir='ltr'>ἐκκάλει,</span> <span class='ocrx_word' id='word_1_811' title='bbox 2009 5777 2144 5818; x_wconf 74' lang='lat' dir='ltr'><strong>erat.</strong></span> 
     </span>
    </p>
   </div>
   <div class='ocr_carea' id='block_1_115' title="bbox 2243 5765 2626 5819">
    <p class='ocr_par' dir='ltr' id='par_1_115' title="bbox 2243 5765 2626 5819">
     <span class='ocr_line' id='line_1_115' title="bbox 2243 5765 2626 5819; baseline 0.005 -4"><span class='ocrx_word' id='word_1_812' title='bbox 2243 5765 2285 5798; x_wconf 75' lang='grc'><strong>³⁵</strong></span> <span class='ocrx_word' id='word_1_813' title='bbox 2324 5765 2408 5818; x_wconf 81' lang='grc' dir='ltr'><strong>ἴσ.</strong></span> <span class='ocrx_word' id='word_1_814' title='bbox 2446 5765 2626 5819; x_wconf 72' lang='grc' dir='ltr'>πλέον.</span> 
     </span>
    </p>
   </div>
  </div>
