4192 6294
508 501 615 568 529

1260 503 1665 569 EXPOSITIO
1703 504 1783 567 ΙΝ
1818 503 2009 566 ACTA
2036 501 2614 566 APOSTULORUM.
2648 526 2712 536 -τ
2748 500 2909 563 CAP.
2959 501 3041 562 ΙΙ.

3664 498 3772 568 530

511 618 765 692 ἀπαρχὴν
822 619 1023 688 λαϐὼν,
1075 620 1240 688 αύτΣς
1302 624 1548 693 ἀνήγαγε
1599 620 1894 693 πρότεροςο
1936 619 2100 683 αυτὸς

2206 617 2374 674 Porro
2399 617 2673 691 primitias
2697 625 2954 686 acceptas
2979 616 3097 687 ipse
3135 614 3333 672 obtulit
3367 614 3611 687 primus:
3649 615 3767 684 ipse

513 709 748 764 ἐπὲὕαὶε
772 713 835 764 τδ
868 712 1140 783 δρέπανον
1162 713 1452 785 πρότερος.
1477 712 1576 766 Διὰ
1598 712 1650 766 τί
1677 711 1735 766 δέ
1761 712 1820 764 ἐν
1851 710 1930 783 τῷ
1956 727 2096 783 συμ-

516 802 884 872 πληροῦσθαι;
904 807 1023 860 Ὀτι
1051 807 1242 878 ἑορτῆς
1272 805 1436 860 πάλιν
1469 804 1658 877 οθσης,
1686 802 1980 861 ἕδειταῦτα
1998 820 2093 872 γε-

515 894 724 951 νέσθαιο
749 895 838 952 ἵνα
868 899 918 952 οί
945 898 1206 968 παρόντες
1220 897 1297 968 τῷ
1310 896 1531 971 σταυρῷ
1552 897 1647 951 τοῦ
1668 896 1929 969 Χριστοῦ,
1951 890 2097 952 οὗτοι

516 983 809 1041 καὶταῦτα
832 986 1004 1044 ἴδωσι.
1030 988 1422 1063 [ΣΕΥΗΡΟΥ.]
1444 989 1901 1061 Διαμεριζόμεναι
1925 989 2100 1058 γλῶσ-

520 1075 761 1135 ccubas}.
797 1078 987 1149 πυρός.
1009 1079 1205 1135 Παθὼν
1228 1080 1337 1152 γὰρ
1369 1082 1398 1135 ό
1419 1081 1552 1145 Θεὸς
1577 1082 1739 1152 σαρκὶ
1762 1082 1823 1137 τὸ
1853 1082 2099 1137 ἑκούσιον

522 1164 715 1230 πάθος,
746 1167 841 1220 καὶ
869 1169 1113 1234 ἀναστὰς
1142 1171 1205 1223 ἐκ
1234 1171 1467 1240 νεκρῶν,
1505 1176 1897 1246 συνανέστησεν
1921 1175 2099 1244 ἐαυτῷ

519 1259 648 1323 τοὺς
665 1260 732 1330 τῇ
761 1259 1006 1333 ἁμαρτίᾳ
1033 1263 1477 1334 νενεκρωμένους
1496 1266 1664 1335 ἡμᾶς,
1685 1267 1779 1319 καὶ
1794 1265 1854 1319 τὸ
1878 1266 1971 1319 τοῦ
1987 1266 2102 1320 δια-

521 1348 678 1404 6ὁλου
721 1352 921 1422 κράτος
945 1353 1237 1422 κατέλυσε.
1268 1355 1369 1408 Διὰ
1397 1357 1553 1410 τοῦτο
1585 1358 1743 1428 μέχρι
1776 1343 1872 1427 τῆς
1896 1359 2101 1429 Πεντη-

521 1439 741 1511 κοστῆς,
768 1444 848 1506 εἰς
873 1443 977 1513 γῆν
1015 1445 1075 1497 ού
1120 1444 1413 1517 κλινόμεθα
1453 1449 1880 1519 προσευχόμενοι
1917 1490 1933 1514 ,
1959 1451 2101 1503 κατὰ

520 1524 631 1578 τῶν
652 1528 863 1600 ἐχθρῶν
879 1531 1035 1601 ἡμῶν
1049 1531 1345 1602 ψάλλοντες
1364 1551 1377 1566 ·
1394 1536 1560 1589 Αὐτοὶ
1584 1537 2040 1607 συνεποδίσθησαν
2054 1537 2100 1571 ⁸⁸

524 1620 619 1672 κά
651 1618 847 1675 ἔπεσον
868 1638 884 1654 ο
924 1624 1084 1696 ἡμεῖς
1122 1625 1177 1679 δὲ
1206 1626 1511 1698 ἀνέστημεν
1542 1631 1637 1683 καὶ
1673 1629 2099 1700 ἁνωρθὼθημεν.

535 1711 626 1765 Ἐν
647 1713 704 1767 δὲ
740 1716 998 1786 πυρίναις
1028 1717 1305 1786 γλώσσαις
1333 1717 1427 1775 τοῦ
1459 1720 1778 1791 Πνεύματος
1812 1721 2102 1791 ἐπιφανέν-

525 1823 619 1868 τος
644 1808 798 1879 ἡμῖν,
828 1810 958 1877 γόνυ
1016 1810 1369 1881 κά-μπτομεν,
1408 1813 1508 1884 τὴν
1541 1813 1669 1866 θέαν
1694 1815 1754 1865 οὑ
1784 1813 2042 1885 φέροντες
2083 1829 2100 1846 ⁸

524 1896 621 1948 καὶ
649 1896 935 1968 δηλοῦντες
957 1900 1040 1953 ὅτι
1083 1900 1169 1953 oti
1206 1901 1297 1955 τοῦ
1320 1902 1634 1972 Πνεύματος
1674 1901 1772 1973 τὴν
1810 1905 1867 1954 ὲν
1909 1903 2100 1971 Τριάδι

522 1989 737 2043 τελείαν
778 1991 1152 2063 προσκύνησιν
1192 1995 1618 2066 μεμαθήκαμεν.
1663 1996 1890 2066 Πνεῦμα
1924 1997 2033 2066 γὰρ
2072 1999 2101 2050 ό
2131 1978 2176 2036 Β

525 2083 695 2146 θεόςο
730 2083 828 2137 καὶ
870 2086 996 2147 τοὺς
1042 2085 1483 2158 προσκυνοῦντας
1529 2088 1691 2143 αὑτὸν
1725 2090 1783 2143 ἐν
1825 2088 2100 2160 πνεύματι

528 2176 621 2230 καὶ
661 2175 892 2248 ἀληθείᾳ
934 2178 1017 2232 δεῖ
1055 2182 1404 2250 προσκυνεῖν.
1451 2179 1962 2254 [ΣΕῙῊΡΙΛΝΟΥᾸ
2012 2180 2102 2235 Ἐν

525 2268 592 2338 τῇ
622 2268 805 2340 ἡμέρᾳ
828 2271 937 2339 τῆς
970 2270 1351 2342 Πεντηκοστῆς
1391 2276 1425 2342 ἡ
1463 2272 1557 2327 τοῦ
1587 2272 1744 2342 ἁγίου
1786 2273 2101 2344 Πνεύματος

524 2358 868 2432 ἐπιφοίτησις
916 2362 1107 2431 γέγονε
1165 2363 1252 2419 διὰ
1301 2364 1461 2436 τήνδε
1509 2368 1609 2437 τήν
1642 2365 1845 2427 αἰτίαν,
1894 2367 1982 2420 Ἑν
2035 2369 2100 2438 τῇ

526 2451 709 2526 ἡμέρᾳ
723 2454 818 2525 τῆς
836 2455 1237 2525 Πεντηκοστῆς,
1261 2455 1402 2510 κατὰ
1420 2457 1518 2528 τήν
1541 2456 1780 2513 Παλαιὰν
1802 2457 2102 2533 Διαθὴδιην,

527 2543 685 2614 ἐδόθη
704 2544 886 2613 νόμος.
926 2546 1128 2619 Ἐχρῆν
1147 2543 1241 2615 οὖν
1265 2547 1389 2602 καθ’
1411 2549 1476 2620 ἢν
1506 2549 1719 2622 ἡμέραν
1754 2549 1909 2620 ἐδόθη
1943 2551 2105 2621 νόμος

527 2634 618 2687 διὰ
643 2635 888 2705 πλακῶν,
928 2639 1052 2692 κατ’
1096 2638 1266 2712 αὐτὴν
1291 2638 1512 2721 δοθῆναι
1534 2640 1633 2713 τήν
1661 2640 1983 2713 νομοθεσίαν
2008 2640 2104 2694 τοῦ

527 2727 687 2797 ἁγίου
730 2727 1070 2802 Πνεύματος,
1122 2730 1222 2784 οὐκ
1254 2731 1314 2784 ἐν
1337 2731 1555 2799 πλαξὶν,
1592 2731 1709 2787 ἀλλ’
1754 2733 1813 2786 ἐν
1856 2733 2107 2805 καρδίαις

527 2818 903 2892 γραφομένην.
957 2821 1037 2893 Τῇ
1090 2822 1277 2894 ἡμέρᾳ
1323 2823 1424 2892 τῆς
1478 2823 1856 2895 Πεντηκοστῆς
1903 2828 1931 2877 ό
1980 2823 2106 2888 λαὸς

528 2904 748 2977 ἐδέξατο
778 2913 945 2984 νόμον
980 2914 1040 2967 ἐν
1066 2914 1130 2985 τῇ
1159 2916 1353 2987 ἐρήμῳ
1388 2913 1524 2970 Σινᾶ
1547 2931 1560 2945 ·
1585 2917 1653 2986 τῇ
1681 2913 1755 2968 tat
1783 2915 1892 2986 γὰρ
1925 2916 2108 2987 ἡμέρα

528 3003 623 3056 τοῦ
643 3005 865 3075 πρώτου
898 3006 1088 3077 μηνὸς.
1112 3005 1208 3060 τοῦ
1248 3008 1392 3061 κατὰ
1423 3006 1655 3078 σελήνην
1678 3007 2104 3078 ἁριθμουμένου,

531 3094 757 3165 ἐξῆλθον
789 3096 842 3149 οί
879 3097 989 3150 υἱοὶ
1042 3098 1262 3169 Ἰσραὴλ
1300 3097 1361 3166 ἐξ
1389 3098 1690 3166 Αἰγύπτου,
1720 3100 1809 3153 ὅτε
1843 3099 1905 3152 τὸ
1938 3100 2110 3164 Ἀζυ-

534 3204 636 3252 μον
668 3187 1004 3259 ἐπετέλησαν
1026 3191 1119 3244 καὶ
1151 3189 1213 3244 τδ
1238 3189 1333 3244 τοῦ
1367 3190 1562 3262 Πάσχα
1610 3193 1928 3265 μυστήριον.
1976 3194 2110 3248 Ἀπὸ

532 3278 630 3347 τῆς
655 3278 715 3332 ιδ’
740 3279 1067 3352 ψήφισον.τδ
1104 3278 1200 3336 τοῦ
1219 3283 1387 3352 μηνὸς
1408 3283 1806 3354 ἀναπλήρωμα,
1833 3286 2108 3340 τουτέστιν

536 3367 750 3439 ἡμέρας
782 3369 850 3434 ιζ’
884 3369 981 3425 τοῦ
1013 3372 1268 3442 δευτέρου
1299 3375 1468 3446 μηνὸς
1498 3373 1593 3428 τοῦ
1636 3375 1821 3447 τρίτου
1850 3392 1864 3407 ·
1903 3376 1937 3447 ἡ
1968 3378 2108 3432 Πεν-

532 3463 773 3533 τηκοστὴ
822 3462 870 3496 ⁹²
917 3465 985 3536 τῇ
1039 3467 1200 3538 ἑορτῇ
1265 3466 1375 3520 τῶν
1445 3465 1694 3538 ’Δζύμων
1734 3468 1829 3523 τοῦ
1894 3469 2105 3541 Πάσχα.

547 3550 680 3604 Ἀπὸ
714 3547 811 3606 οὖν
855 3553 957 3624 τῆς
989 3556 1049 3608 ιδ’
1098 3554 1204 3619 ἓως
1232 3556 1327 3625 τῆς
1368 3565 1415 3624 γ’
1442 3555 1537 3611 τοῦ
1580 3557 1766 3628 τρίτου
1810 3558 1977 3629 μηνὸς
2020 3559 2110 3628 γί-

534 3659 715 3697 νονται
745 3642 951 3715 ἡμέραι
988 3643 1052 3700 ν’.
1089 3649 1188 3700 Διὰ
1228 3647 1387 3702 τοῦτο
1434 3648 1627 3718 λέγει·
1667 3648 1776 3702 Καὶ
1808 3648 2018 3716 ἐγίνετο
2050 3651 2109 3703 ἐν

534 3729 612 3800 τῷ
642 3730 813 3802 τρίτῳ
835 3732 986 3803 μηνὶ,
1018 3734 1346 3801 ἐξελθόντων
1385 3737 1565 3791 αὐτῶν
1590 3742 1655 3792 ἐκ
1685 3738 1783 3810 τῆς
1811 3738 2105 3807 Αἰγύπτου,

533 3815 654 3874 εἷπε
687 3821 893 3896 Κύριος
923 3825 1059 3896 πρὸς
1102 3827 1307 3899 Μωσῆν
1339 3844 1355 3861 θ
1389 3829 1699 3902 Κατάϐηθι,
1748 3829 1972 3898 ἁγίασον
2016 3831 2110 3885 τὸν

536 3911 667 3964 λαὸν
706 3914 949 3988 σήμερον
969 3918 1064 3971 καὶ
1087 3915 1275 3990 αὔριον
1294 3935 1311 3951 ο
1341 3923 1406 3992 τῇ
1430 3924 1692 3993 νεομηνία
1717 3921 1899 3978 αὐτῶν
1922 3922 2106 3994 λαλεῖς

537 4003 629 4057 καὶ
650 4005 715 4074 τῇ
751 4009 823 4073 γ’,
843 4009 999 4077 φησὶ,
1024 4011 1326 4080 φανήσεται
1354 4012 1560 4083 Κύριος
1582 4012 1677 4068 ἐπὶ
1703 4013 1766 4070 τὸ
1793 4013 1922 4086 ὅρος
1949 4016 2102 4075 Σινᾶ.

469 4150 473 4153 _
541 4093 689 4149 Ἔδει
721 4090 819 4151 οὖν
851 4098 976 4154 καθ’
1021 4102 1092 4171 ἡν
1130 4102 1346 4175 ἡμέραν
1381 4103 1535 4177 ἐδόθη
1578 4106 1608 4159 ό
1651 4104 1881 4171 παλαιὸς
1921 4108 2107 4179 νόμος,

537 4185 660 4237 κατ’
693 4184 866 4262 αὐτήν
901 4188 1123 4260 δοθῆναι
1160 4193 1256 4246 καὶ
1294 4193 1395 4265 τήν
1432 4192 1527 4249 τοῦ
1562 4194 1884 4271 ῐίνεύματος
1924 4196 2105 4270 χάριν.

538 4276 752 4350 Ὠσπερ
802 4280 910 4351 γὰρ
947 4284 976 4337 ὁ
1014 4281 1208 4357 Σωτὴρ
1251 4285 1463 4358 μέλλων
1523 4286 1792 4342 ἐπιτελεῖν
1836 4289 1901 4343 τδ
1953 4290 2111 4360 ἅγιον

538 4370 712 4435 πάθος
735 4373 828 4426 καὶ
855 4374 954 4429 οὐκ
987 4375 1248 4447 ἠνέσχετο
1271 4378 1418 4450 ἄλλῳ
1446 4378 1624 4451 καιρῷ
1646 4380 1842 4435 ἑαυτὸν
1860 4379 2110 4439 ἐκδοῦναι

534 4457 616 4530 τῷ
644 4461 828 4527 πάθει,
857 4463 996 4520 ἀλλὰ
1014 4465 1139 4523 καθ’
1167 4467 1225 4522 δν
1253 4468 1446 4541 καιρὸν
1487 4470 1677 4526 ἐθύετο
1695 4472 1758 4527 sb
1792 4471 2066 4542 πρόσατον
2091 4511 2109 4542 ,

534 4550 623 4606 ἵνα
651 4552 800 4625 αὐτῷ
829 4555 909 4627 τῷ
936 4557 1093 4628 τύπῳ
1133 4559 1347 4635 συνάψῃ
1386 4564 1487 4633 τὴν
1515 4562 1795 4635 ἀλήθειαν
1839 4563 1982 4621 οὕτω
2013 4568 2112 4622 καὶ

532 4645 569 4714 ἡ
592 4643 689 4700 τοῦ
714 4646 1033 4721 Πνιύματος
1054 4651 1147 4706 τοῦ
1176 4653 1335 4721 ἁγίου
1358 4655 1705 4728 ἐπιφοίτησις
1733 4658 1836 4713 οὐκ
1854 4660 2113 4732 ήνέσχετο

534 4739 683 4812 ἄλλῳ
715 4742 893 4815 καιρῷ
920 4745 1166 4816 δοθῆναι,
1197 4746 1232 4817 ἢ
1265 4749 1388 4804 καθ’
1414 4750 1474 4805 δν
1500 4751 1691 4822 καιρὸν
1716 4752 1875 4824 ἐδόθη
1900 4753 2064 4825 νόμος
2085 4769 2103 4787 σ

537 4832 624 4903 ινα
648 4834 836 4907 δειχθῇ
870 4837 956 4892 ὅτι
989 4838 1053 4893 τὺ
1088 4838 1313 4911 Πνεῦμα
1359 4842 1420 4897 τὺ
1451 4844 1609 4912 ἅγιον
1646 4844 1742 4899 καὶ
1770 4846 1892 4900 τότε
1919 4845 2111 4918 ἐνομο-

537 4924 755 4993 θέτησε,
802 4928 902 4985 καὶ
920 4929 1020 4987 νῦν
1035 4931 1339 5004 νομοθετεῖ.
1388 4935 1577 5008 Ἐδόθη
1607 4939 1709 5009 μὲν
1734 4937 1829 4992 οὖν
1855 4938 2020 5009 νόμος
2050 4940 2112 4994 ἐν

534 5018 603 5088 τῇ
641 5017 858 5092 Παλαιᾷ
882 5022 1026 5078 κατὰ
1054 5023 1155 5096 τήν
1188 5025 1401 5098 ἡμέραν
1425 5028 1526 5099 τὴν
1548 5034 1613 5093 ν’,
1654 5029 1795 5100 μετὰ
1822 5029 1881 5084 δὲ
1923 5031 1988 5086 τὸ
2017 5030 2111 5086 ἐλο

537 5109 650 5168 θεῖν
672 5112 868 5180 αὐτοὺς
910 5117 992 5182 εἰς
1019 5116 1109 5191 τήν
1131 5119 1236 5191 γῆν
1249 5120 1350 5191 τῆς
1370 5120 1728 5192 ἐπαγγελίας,
1746 5124 1907 5180 τοῦτο
1921 5118 1992 5196 ἦν
2009 5124 2114 5180 αὐ-

536 5205 651 5272 τοῖς
664 5206 764 5277 τῆς
785 5209 976 5282 ἑορτῆς
1000 5210 1286 5284 σύμϐολον·
1314 5213 1569 5286 ἀπαρχῆς
1590 5213 1701 5270 τῶν
1727 5216 1863 5271 νέων
1880 5215 2113 5289 καρπῶν

537 5298 634 5352 καὶ
663 5299 995 5372 δραγμάτων
1024 5303 1161 5360 νέων
1188 5305 1438 5379 σταχύων
1461 5308 1834 5381 προσεφέρετο
1861 5310 1942 5379 τῷ
1962 5309 2106 5381 Θεῷ.

536 5386 648 5460 Ἦν
668 5393 727 5449 δὲ
755 5396 931 5452 ἐκεῖνο
950 5399 1218 5472 σύμϐολον
1237 5402 1439 5473 ταύτης
1462 5406 1564 5475 τῆς
1584 5403 1798 5475 ἑορτῆς.
1815 5403 1969 5457 Ἐπεὶ
1999 5404 2111 5475 γὰρ
2159 5451 2168 5460 .

537 5489 598 5540 ἐν
629 5488 697 5560 τῇ
731 5489 916 5563 ἡμέρᾳ
944 5492 1043 5564 τῆς
1081 5494 1464 5566 Πεντηκοστῆς
1526 5495 1634 5550 τῶν
1687 5497 1826 5551 νέων
1881 5495 2112 5567 καρπιῖιν

538 5576 762 5650 δράγμα
806 5582 825 5614 ⁸
858 5583 1145 5653 συνήγετο,
1178 5584 1274 5639 καὶ
1302 5586 1408 5641 ὑπὸ
1442 5586 1574 5656 μίαν
1612 5587 1738 5657 δψιν
1779 5588 2112 5658 συνήρχοντο

536 5669 882 5745 δῃρημένοι,
924 5674 1118 5745 ἐμαλλε
1140 5675 1200 5731 δὲ
1224 5676 1365 5731 κατὰ
1387 5676 1486 5749 τήν
1516 5678 1732 5750 ἡμέραν
1758 5678 1964 5748 ταύτην
2001 5677 2110 5733 ἀπὸ

2140 4700 2191 4761 ι)

2199 708 2393 766 falcem
2438 710 2664 767 immisit
2714 711 2947 777 primus.
2975 707 3177 775 Quare,
3225 722 3349 764 cum
3388 707 3756 775 compleretur

2197 804 2316 859 dies
2342 803 2740 859 Pentecostes?
2788 801 2953 868 Quia,
3011 816 3136 855 cum
3197 816 3390 856 rursus
3449 808 3596 853 esset
3648 797 3767 853 dies

2200 897 2397 962 festus,
2427 896 2544 951 haec
2605 893 2721 950 ﬁeri
2784 893 3108 964 oportebat:
3175 902 3257 955 ut,
3324 891 3419 961 qui
3477 890 3771 947 adfuerant

2198 989 2351 1044 cruci
2400 986 2629 1051 Christi,
2680 986 2758 1041 illi
2826 985 2993 1041 etiam
3048 985 3165 1041 haec
3218 986 3489 1045 viderent.
3544 985 3769 1056 Linguae

2200 1080 2357 1150 quasi
2387 1080 2577 1150 ignem,
2611 1094 2730 1149 quae
2756 1079 3152 1135 dividerentur.
3192 1078 3333 1133 Nam
3363 1093 3488 1134 cum
3519 1077 3772 1135 Christus

2201 1188 2369 1227 carne
2398 1186 2595 1241 passus
2642 1177 2791 1227 esset
2840 1171 3212 1226 voluntarium
3264 1172 3615 1243 supplicium,
3662 1179 3771 1226 eta

2203 1264 2438 1320 mortuis
2470 1265 2882 1331 resurrcxisset,
2910 1278 3017 1319 una
3047 1278 3232 1320 secum
3266 1279 3390 1329 nos,
3423 1264 3518 1335 qui
3544 1273 3783 1335 peccato

2200 1357 2358 1426 quasi
2408 1355 2722 1411 mortiﬁcati
2761 1365 2815 1412 et
2838 1355 3000 1411 morti
3046 1356 3304 1413 destinati
3349 1372 3591 1422 eramus,
3621 1358 3774 1414 exei—

2202 1447 2358 1511 tavit,
2384 1456 2438 1501 et
2462 1446 2752 1517 imperium
2784 1447 2987 1503 diaboli
3012 1447 3231 1504 evertit.
3263 1446 3476 1503 Idcirco
3507 1463 3682 1517 usque
3705 1452 3771 1502 ad

2203 1537 2586 1605 Pentecoslen,
2648 1545 2937 1608 precantes
2986 1535 3136 1592 humi
3203 1554 3313 1592 non
3361 1538 3775 1609 procumbituus

2201 1630 2468 1687 adversus
2506 1629 2764 1685 inimicos
2803 1640 3023 1686 nostros
3067 1630 3393 1701 psallentes:
3431 1629 3515 1685 illi
3577 1630 3774 1687 irretiti

2202 1729 2331 1781 sunt
2380 1731 2434 1778 et
2465 1723 2843 1778 occubuerunt
2874 1739 2889 1789 ;
2920 1738 3021 1778 nos
3067 1729 3250 1778 autem
3311 1721 3533 1778 excitati
3585 1738 3776 1779 sumus

2202 1824 2256 1869 et
2292 1814 2486 1870 erecti.
2521 1810 2628 1868 Sed
2673 1820 3028 1884 posteaquam
3073 1811 3249 1885 igneis
3300 1812 3506 1884 linguis
3537 1813 3775 1885 Spiritus

2206 1906 2364 1961 nobis
2398 1907 2674 1976 apparuit,
2738 1903 3175 1975 genuﬂectimus,
3243 1906 3616 1975 spectaculum
3668 1922 3773 1961 non

2207 1996 2469 2060 ferentes,
2504 2006 2668 2066 atque
2714 1996 3089 2067 signiﬁcantes
3135 2011 3235 2066 per
3272 1995 3540 2067 Spiritum
3596 1997 3785 2068 perfe-

2203 2095 2347 2143 ctam
2366 2096 2419 2142 et
2443 2088 2752 2143 absolutam
2777 2102 2879 2145 nos
2898 2087 3163 2145 didicisse
3190 2087 3476 2146 Trinitatis
3501 2089 3778 2145 adoratio-

2204 2196 2352 2234 nent.
2385 2178 2626 2251 Spiritus
2648 2179 2795 2235 enim
2827 2179 2973 2236 Deus
3018 2187 3149 2236 est:
3195 2188 3250 2236 et
3306 2179 3776 2237 adorantesillmn

2205 2272 2259 2326 in
2294 2270 2504 2342 Spiritu
2529 2281 2584 2326 et
2607 2271 2836 2327 veritate
2859 2278 3080 2342 oportet
3124 2271 3381 2329 adorare.
3416 2272 3477 2328 in
3510 2273 3599 2330 die
3634 2271 3775 2329 Pen-

2207 2372 2441 2419 tecostes
2475 2378 2735 2421 accessus
2764 2364 2940 2421 sancti
2991 2362 3238 2435 Spiritus
3261 2364 3465 2422 accidit
3515 2365 3586 2422 ob
3634 2366 3778 2421 hanc

2206 2471 2449 2512 causam.
2485 2454 2540 2509 lu
2569 2456 3060 2524 die'Pentecostes,
3101 2465 3162 2511 ut
3217 2456 3450 2512 habetur
3481 2455 3536 2512 in
3586 2456 3780 2512 Veteri

2207 2545 2583 2613 Testamento,
2616 2547 2701 2601 lex
2735 2547 2861 2601 data
2886 2555 2991 2602 est.
3025 2545 3403 2603 Conveniebat
3448 2546 3632 2620 igitur,
3670 2564 3779 2619 quo

2207 2638 2295 2692 die
2318 2635 2442 2693 data
2486 2644 2574 2692 est
2631 2637 2716 2691 lex
2761 2636 2817 2692 in
2865 2637 3072 2694 tabulis
3133 2637 3387 2708 lapideis,
3449 2637 3639 2695 eodem
3691 2639 3781 2696 die

2208 2727 2389 2784 sancti
2446 2726 2685 2797 Spiritus
2737 2726 2909 2800 legem
2966 2726 3342 2798 promulgari!,
3391 2740 3515 2797 qua:
3569 2741 3679 2784 non
3724 2727 3780 2782 in

2209 2817 2409 2875 tabulis
2444 2816 2699 2889 lapideis,
2732 2818 2829 2874 sed
2859 2818 2915 2872 in
2970 2815 3232 2876 cordibus
3281 2816 3563 2875 scribitur.
3600 2817 3660 2874 in
3693 2817 3783 2875 die

2210 2909 2562 2965 Pentecostes
2589 2908 2823 2980 populus
2848 2909 3062 2979 accepit
3092 2908 3264 2979 legem
3293 2908 3348 2965 in
3372 2907 3593 2967 deserto
3625 2909 3780 2967 Sina.

2210 3001 2345 3056 Nam
2370 3002 2582 3057 decimo
2602 3010 2798 3074 quarto
2830 3001 2919 3073 die
2941 3002 3098 3072 primi
3129 3002 3357 3069 mensis,
3405 3002 3563 3074 cujus
3594 3019 3785 3060 nume-

2215 3110 2307 3152 rus
2332 3095 2488 3166 juxta
2521 3109 2743 3150 cursum
2773 3094 2917 3150 iuuat
2971 3095 3234 3161 inibatur,
3267 3096 3475 3167 egressi
3530 3104 3659 3152 sunt
3690 3095 3785 3152 lilii

2215 3187 2381 3242 israel
2429 3202 2494 3243 ex
2528 3184 2798 3258 Egypto,
2852 3201 2976 3241 cum
3033 3184 3416 3243 iniermentato
3488 3200 3630 3259 pane
3697 3187 3785 3242 usi

2218 3288 2424 3344 essent,
2458 3290 2514 3335 et
2544 3277 2864 3350 mysterium
2894 3276 3122 3334 Pascha:
3149 3268 3540 3335 celebrassent.
3566 3279 3676 3350 30
3703 3279 3785 3336 Ah

2217 3369 2431 3427 decimo
2462 3377 2662 3441 quarto
2691 3368 2780 3424 die
2814 3382 3042 3425 numera
3094 3369 3303 3425 mensis
3337 3370 3782 3444 completionem,

2215 3463 2268 3518 id
2303 3471 2408 3527 est,
2437 3461 2555 3518 dies
2581 3461 2768 3517 decem
2803 3468 2858 3516 et
2886 3468 3126 3529 septem:
3162 3460 3392 3517 secundi
3428 3462 3632 3518 mensis
3664 3460 3785 3516 dics

2215 3555 2441 3626 triginta
2481 3572 2496 3606 :
2536 3553 2733 3609 deinde
2785 3553 2916 3608 treis
2972 3551 3178 3608 mensis
3231 3552 3397 3607 tertii.
3456 3552 3778 3608 Pentecoste

2214 3648 2303 3702 die
2331 3645 2465 3703 festo
2486 3660 2803 3717 azymorum
2830 3643 3075 3701 Pasch-te.
3109 3646 3282 3716 igitur
3302 3660 3330 3702 a
3355 3645 3567 3702 decimo
3586 3657 3786 3717 quarto

2219 3753 2393 3808 llSqlte
2450 3738 2516 3792 ad
2565 3739 2788 3795 tertium
2829 3737 2976 3793 tertii
3033 3738 3282 3805 mensis,
3332 3738 3611 3795 exsistunt
3666 3739 3784 3795 dies

2215 3831 2631 3903 quinquaginta.
2665 3830 2875 3886 idcirco
2907 3829 3056 3887 dicit
3087 3846 3102 3885 ε
3144 3829 3209 3884 Et
3243 3829 3445 3886 accidit
3491 3831 3548 3885 in
3600 3846 3786 3886 mense

2216 3923 2397 3991 tertio,
2430 3921 2669 3993 egressis
2699 3920 2810 3976 illis
2843 3935 2907 3976 ex
2938 3919 3196 3992 Egypto,
3237 3919 3375 3975 dixit
3419 3920 3680 3977 Dominus
3714 3921 3783 3976 ad

2215 4013 2444 4072 Mosen:
2503 4012 2823 4077 Descende.
2856 4012 3143 4069 sanetitlca
3201 4011 3456 4082 populum
3510 4011 3673 4069 hodie
3728 4022 3785 4069 et

2215 4120 2374 4161 cras:
2428 4103 2497 4160 de
2545 4104 2829 4160 novilunio
2885 4103 3105 4157 illorum
3155 4102 3317 4158 dicit:
3355 4111 3408 4158 et
3458 4101 3547 4158 die
3599 4104 3781 4169 tertio,

2215 4198 2417 4269 inquit,
2465 4198 2748 4271 apparebit
2763 4195 3024 4253 Dominus
3054 4195 3110 4251 in
3149 4204 3334 4251 monte
3364 4195 3519 4251 Sina.
3552 4194 3783 4267 Oporte-

2217 4291 2308 4346 bat
2339 4291 2508 4362 igitur
2534 4303 2645 4359 qno
2676 4288 2768 4344 die
2796 4288 2922 4345 data
2951 4296 3036 4344 est
3062 4296 3219 4367 vetns
3249 4289 3356 4355 lex,
3401 4304 3467 4347 eo
3501 4291 3621 4346 dari
3653 4289 3783 4361 Spi-

2215 4382 2357 4439 ritus
2386 4397 2606 4454 quoquc
2637 4382 2894 4452 gratiam.
2923 4369 3393 4449 Quemadmodum
3438 4383 3584 4437 enim
3615 4384 3780 4438 etiam

2218 4474 2481 4532 Senator
2507 4481 2763 4531 sanctum
2818 4474 3146 4545 supplicium
3185 4475 3499 4542 subiturus,
3529 4490 3639 4532 non
3672 4476 3783 4531 alio

2218 4574 2463 4637 tempore
2491 4565 2755 4621 sustinuit
2780 4579 2901 4621 sese
2927 4564 3127 4621 dedere
3152 4565 3218 4620 ad
3248 4564 3593 4636 supplicium,
3620 4580 3782 4634 quam

2218 4672 2328 4729 quo
2382 4666 2627 4729 tempore
2678 4656 2808 4712 anni
2873 4670 3047 4727 agnus
3103 4656 3508 4721 immolabatur,
3567 4663 3628 4712 ut
3677 4658 3785 4729 ipsi

2218 4751 2404 4821 ﬁgura:
2436 4749 2792 4818 coniungeret
2818 4747 3140 4804 veritatem:
3171 4748 3243 4802 ita
3279 4747 3521 4819 Spiritus
3562 4763 3786 4818 quoque

2216 4842 2392 4901 sancti
2423 4855 2683 4898 accessus
2729 4856 2838 4896 non
2879 4841 2984 4895 alia
3035 4847 3362 4911 tempestate
3410 4839 3530 4896 dari
3588 4841 3786 4906 voluit,

2217 4949 2379 5003 quam
2412 4947 2519 5004 qua
2543 4939 2866 5003 tempestate
2905 4931 3030 4987 data
3059 4938 3144 4986 est
3175 4931 3260 4986 lex
3285 4971 3302 4997 ,
3358 4937 3419 4985 ut
3443 4928 3781 4994 ostendatur,

2217 5026 2481 5098 Spiritum
2513 5032 2765 5081 sanctum
2789 5031 2844 5079 et
2891 5030 3021 5077 tunc
3061 5023 3232 5103 legem
3280 5022 3491 5088 tulisse,
3555 5032 3610 5078 et
3636 5038 3788 5080 nunc

2215 5120 2386 5192 legem
2417 5119 2578 5175 ferre.
2632 5119 2810 5190 Atque
2845 5118 2901 5172 in
2943 5114 3127 5172 Veteri
3159 5115 3384 5184 quidem
3436 5113 3790 5173 Testamento

2215 5215 2302 5270 lex
2357 5212 2485 5267 data
2540 5220 2626 5269 est
2666 5212 2756 5268 die
2809 5211 3300 5282 quinquagesimo:
3355 5209 3448 5264 sed
3497 5216 3786 5280 postquam

2216 5312 2487 5361 venerunt
2517 5306 2571 5360 in
2602 5311 2808 5360 terram
2832 5303 3181 5371 promissam,
3217 5302 3321 5358 hoc
3346 5308 3468 5357 erat
3499 5300 3583 5357 eis
3618 5300 3788 5356 feria-

2218 5412 2338 5453 rum
2372 5396 2611 5467 signum.
2647 5393 2722 5450 De
2758 5394 3018 5465 primitiis
3074 5408 3343 5450 novorum
3379 5391 3682 5459 fructuum,
3732 5403 3789 5449 et

2216 5490 2287 5547 de
2313 5489 2607 5558 manipulis
2630 5502 2893 5544 novarum
2927 5487 3202 5559 spicarum
3234 5485 3345 5543 Deo
3370 5485 3530 5542 [lebat
3558 5486 3785 5542 oblatio.

2218 5579 2351 5633 Erat
2373 5588 2554 5634 autem
2603 5578 2737 5633 illud
2787 5578 3006 5649 signum
3063 5576 3227 5649 hujus
3283 5577 3393 5633 diei
3446 5575 3591 5633 festi.
3649 5576 3785 5631 Nam

2216 5670 2477 5742 quoniam
2534 5672 2590 5727 in
2650 5670 2741 5727 die
2791 5669 3141 5727 Pentecostes
3180 5684 3446 5726 novorum
3510 5669 3790 5727 fructuum

1729 5836 1931 5900 Variis
1953 5836 2259 5900 lectiones
2281 5839 2344 5896 et
2370 5837 2562 5895 notat.

614 5954 662 5990 ”
688 5958 1151 6033 συνεποδίστησαν
1173 5970 1309 6019 erat.
1369 5962 1428 6038 f’
1458 5960 1632 6019 Locus
1670 5970 1949 6028 corruptus
1983 5959 2108 6016 videt

2206 5968 2253 6015 et
2284 5955 2529 6016 mutilus.

2627 5955 2641 5986 ¹
2663 5953 2774 6021 Im,
2812 5952 3126 6023 δράγματα.
