4192 6294
489 332 594 404 531

1443 328 2024 394 THEOPHYLACTI
2053 327 2463 391 BULGARIAB
2493 332 2852 394 ARCHIEP.

3643 334 3748 401 532

491 445 761 521 manipuli
795 444 1157 517 cogebantur,
1187 452 1241 500 et
1268 443 1370 500 sub
1404 459 1576 500 unum
1606 453 1887 515 aspectum
1923 457 2058 500 con-

2175 443 2368 510 παντὸς
2403 443 2593 510 ἔθνους
2627 445 2738 501 τῶν
2779 448 2801 478 ⁸
2840 445 2946 501 ὑπὸ
2981 446 3073 502 τὸν
3103 447 3332 517 οὐρανὸν
3367 447 3432 502 ἐκ
3478 447 3750 518 διαφόρων

493 542 787 598 veniebant
816 539 978 596 divisi
1012 547 1178 611 atque
1227 536 1457 605 diversi,
1502 536 1859 608 futurumque
1921 543 2062 602 erat,

493 647 548 692 ut
590 637 694 692 hoc
725 634 816 692 die
837 650 903 691 ex
940 633 1092 690 omni
1123 634 1344 690 natione
1398 631 1744 689 diversarum
1798 629 2065 704 gentium,

492 743 615 800 quae
644 726 751 784 sub
773 728 915 784 cmlo
943 734 1095 791 sunt,
1122 725 1177 781 in
1227 739 1395 780 unum
1446 725 1785 796 manipulum
1844 723 2066 794 pietatis

495 830 803 878 conventus
843 821 1020 886 ﬁeret,
1057 819 1154 891 qui
1195 835 1293 891 per
1343 818 1703 890 apostolicam
1756 817 2065 874 orationem

494 916 608 973 Deo
630 915 958 972 oli‘erretur:
984 930 1084 986 pro
1111 913 1281 970 futuri
1312 913 1486 984 ﬁgura
1533 911 1775 969 instituit
1813 909 2067 980 manipuo

495 1012 609 1065 lum
643 1009 943 1080 spicarum,
978 1017 1036 1062 ut
1083 1005 1535 1078 pra-signiﬁcaret
1583 1001 1892 1074 manipulos
1944 1001 2065 1058 ani-

491 1117 732 1169 marum,
760 1116 882 1172 quae
904 1116 972 1157 ex
1018 1083 1250 1157 diversis
1279 1099 1498 1171 quidem
1526 1099 1844 1170 regionibus
1874 1112 2064 1155 sume-

491 1206 705 1262 rcntur,
756 1209 864 1250 una
910 1203 1092 1250 autem
1151 1193 1207 1248 in
1235 1192 1506 1264 primitias
1549 1190 1660 1248 Deo
1715 1190 2064 1247 offerrentur.

490 1285 672 1354 Quare
725 1300 835 1341 non
879 1285 1001 1341 sine
1042 1284 1236 1356 signis,
1269 1298 1394 1354 quae
1439 1297 1601 1339 sensu
1656 1283 2062 1355 percipiuntur,

491 1379 732 1450 Spiritus
761 1379 964 1434 accidit
987 1377 1294 1436 accessus!
1320 1377 1471 1450 quia,
1497 1380 1566 1435 si.
1589 1377 1693 1435 hoc
1727 1378 1892 1434 etiam
1922 1377 2066 1434 facto

490 1469 769 1538 dicebant,
796 1469 938 1527 Vino
969 1470 1160 1542 repleti
1215 1478 1383 1527 sunt:
1443 1472 1492 1526 si
1551 1470 1656 1528 hoc
1699 1470 1904 1526 factum
1957 1485 2068 1526 non

492 1573 660 1628 esset,
684 1562 816 1635 quid
841 1576 948 1617 non
979 1561 1288 1617 dixissent?
1338 1558 1457 1617 Non
1508 1559 1834 1634 simpliciter
1879 1568 2063 1616 autem

491 1655 711 1710 sonitus
777 1654 956 1712 iactus
1014 1665 1134 1721 est,
1198 1655 1294 1710 sed
1348 1655 1416 1711 de
1473 1655 1636 1722 cmlo,
1683 1663 1849 1726 atque
1898 1655 2064 1712 etiam

491 1750 852 1820 repentinus,
918 1764 1032 1821 quo
1087 1749 1264 1820 magis
1315 1750 1732 1814 excitarentur,
1805 1757 2065 1820 tanquam

2168 536 2340 593 ἐθνῶν
2384 539 2466 603 είς
2509 539 2568 593 ἓν
2608 539 2832 611 δράγμα
2862 540 3144 606 εὐσεϐείας
3197 539 3596 612 συνέρχεσθαιο
3654 541 3750 594 καὶ

2167 629 2258 686 διὰ
2285 631 2380 686 τοῦ
2404 632 2766 687 άποστολικοῦ
2786 633 2945 704 λόγου
2967 633 3046 704 τῷ
3065 632 3186 704 θεῷ
3227 632 3676 704 προσαγαγέσθαι
3701 635 3745 697 ³,

2168 725 2526 798 προετὺπωσε
2554 724 2617 779 τὸ
2648 723 2872 800 δράγμα
2910 725 3020 779 τῶν
3054 725 3343 796 ἀσταχύων
3375 741 3390 758 ·
3427 726 3515 779 ἴνα
3544 741 3749 797 προερ-

2171 815 2420 889 μηνεύσῃ
2447 817 2515 870 τὰ
2539 815 2833 888 δράγματα
2859 816 2970 871 τῶν
2995 816 3211 890 ψυχῶν,
3242 816 3352 871 τῶν
3379 817 3446 872 ἐκ
3474 815 3750 888 διαφόρων

2170 909 2272 982 μὲν
2299 909 2496 984 χωρῶν
2536 909 3056 982 ἐκλαμϐανομένων,
3109 909 3190 976 ei;
3235 910 3365 982 μίαν
3402 909 3461 964 δέ
3493 909 3750 982 ἀπαρχὴν

2169 1003 2420 1075 σταχύων
2473 1003 2553 1074 τῷ
2600 1003 2724 1075 Θεῷ
2749 1002 3205 1077 προσαγομένων.
3242 1002 3343 1060 Διὰ
3381 1001 3436 1056 τί
3475 1001 3553 1075 μὴ
3579 1001 3752 1075 χωρὶς

2171 1097 2458 1170 συμϐόλων
2501 1097 2778 1169 αἰσθητῶν
2819 1097 2856 1169 ή
2879 1094 2976 1151 τοῦ
3007 1094 3326 1169 Πνεῦματος
3363 1093 3588 1165 γέγονεν
3629 1097 3753 1148 ἐπιο

2169 1191 2462 1262 φοίτησις;
2511 1190 2657 1257 Ὅτι,
2693 1191 2743 1245 εί
2796 1189 2895 1246 καὶ
2939 1187 3133 1244 τούτου
3193 1187 3490 1260 γενομένου
3541 1185 3750 1255 ελεγον,

2169 1283 2252 1337 ὅτι
2301 1281 2572 1347 Γλεύκους
2623 1281 3041 1356 μεμεστωμένοι
3095 1281 3279 1336 εἰσιν·
3334 1280 3386 1335 εί
3451 1278 3530 1351 μή
3590 1279 3753 1333 τοῦτο

2169 1375 2414 1446 ἐγένετο,
2438 1378 2492 1431 τί
2515 1375 2617 1430 οὐκ
2643 1374 2710 1430 ἂν
2744 1371 2898 1429 εἷπον
2929 1392 2946 1443 ;
2984 1373 3098 1446 Οὐχ
3133 1370 3320 1434 ἁπλῶς
3341 1371 3398 1426 δέ
3430 1365 3566 1444 ἦχος
3591 1369 3752 1439 γέγο-

2172 1487 2284 1535 νεν,
2317 1468 2434 1524 ἀλλ’
2472 1471 2538 1524 ἐκ
2577 1467 2676 1523 τοῦ
2710 1465 2969 1540 οὐρανοῦ,
3007 1467 3105 1522 καὶ
3147 1463 3210 1520 τὸ
3253 1463 3518 1536 αἰφνίδιον
3552 1462 3633 1529 δὲ,
3671 1461 3753 1526 είς

2170 1561 2231 1617 τὸ
2283 1561 2489 1634 μᾶλλον
2523 1561 2875 1632 διαναστῆναι
2914 1561 3154 1626 αὐτοὺς,
3205 1557 3398 1629 ὥσπερ
3445 1553 3754 1628 φερομένης

2170 1656 2340 1726 πνοῆς
2377 1654 2578 1725 βιαίας.
2619 1654 2832 1726 Πολλὴν
2861 1653 2958 1710 καὶ
2991 1652 3232 1726 σφοδράν
3257 1651 3360 1720 τὴν
3390 1648 3573 1722 ῥύμην
3605 1647 3754 1716 λέγει

2169 1748 2265 1802 τοῦ
2296 1747 2616 1817 Πνεῦματος
2641 1763 2656 1780 ·
2702 1748 2798 1802 καὶ
2847 1748 3055 1811 πάντας
3089 1746 3268 1801 ἐκεῖσε
3299 1743 3629 1816 συνδραμεῖν
3657 1740 3756 1796 καὶ

493 1843 710 1899 ruentis
739 1849 794 1898 ct
832 1841 1142 1914 ingruentis
1197 1840 1361 1897 ﬂatus
1390 1841 1640 1897 violenti.
1704 1840 1957 1912 Magnum
2011 1850 2067 1897 ct

2175 1836 2447 1890 συνελθεῖν
2490 1838 2734 1909 ἐποίησε.
2784 1837 2897 1893 Καὶ
2938 1836 3264 1907 ἐπλήρωσεν
3292 1833 3415 1891 ὅλον
3454 1835 3548 1888 τδν
3585 1827 3753 1888 οἷκον.

494 1935 872 1989 vehementem
907 1931 1170 2006 impetum
1206 1933 1451 2006 Spiritus
1474 1933 1644 1990 dicit:
1677 1934 1770 2004 qui
1800 1932 1986 2000 eiiieit,
2010 1939 2071 1990 ut

493 2041 693 2084 omnes
717 2027 812 2083 illo
836 2035 1231 2084 concurrerent
1257 2035 1315 2082 et
1358 2027 1741 2085 convenirent.
1789 2027 1856 2082 Et
1889 2027 2071 2098 reple-

494 2118 598 2184 vit,
622 2126 732 2174 etc.
765 2115 959 2173 Totam
989 2117 1213 2174 domum
1255 2117 1527 2189 replebat,
1579 2129 1639 2175 ut
1683 2117 2072 2176 ostenderetur

497 2211 704 2267 donum
735 2226 846 2267 non
875 2210 1205 2284 quibusdam
1257 2211 1668 2284 particulariter
1719 2227 1783 2269 ac
1811 2213 2073 2287 speciali—

497 2312 608 2373 ter,
637 2305 734 2361 sed
764 2305 862 2362 toti
894 2305 1110 2376 corpori
1157 2303 1418 2363 Ecclesiae
1443 2306 1633 2362 datum
1673 2321 1816 2364 esse.
1865 2305 2073 2364 Domus

494 2397 646 2452 enim
681 2397 870 2454 mundi
911 2397 1128 2469 signum
1180 2407 1320 2465 erat,
1368 2399 1829 2471 quemadmodum
1853 2401 2072 2457 ‘etiam

498 2486 709 2559 piscina
737 2487 839 2544 fuit
898 2502 1075 2560 aqum,
1103 2487 1209 2544 hoc
1258 2499 1438 2544 autem
1468 2488 1766 2546 amoentia:
1808 2498 1863 2547 et
1912 2490 2076 2547 vehe-

499 2580 720 2637 mentia:
745 2579 987 2649 signum.
1013 2577 1132 2636 Non
1160 2582 1306 2652 ignis
1326 2588 1507 2637 autem
1529 2581 1759 2639 domum
1817 2581 2072 2654 replevit.

499 2669 643 2728 Metu
682 2685 919 2744 namque
960 2671 1248 2743 perculsos
1276 2671 1544 2748 fugasset.
1571 2670 1701 2739 Sed,
1724 2672 1870 2743 quod
1901 2673 2072 2728 mira-

498 2764 665 2822 hilius
721 2772 829 2833 est,
886 2764 1021 2836 ipsa;
1072 2763 1277 2837 lingua:
1334 2764 1574 2820 dividua:
1602 2766 1656 2830 ιι,
1735 2780 1858 2836 quae
1908 2780 2074 2836 super

500 2869 947 2927 unumquemque
985 2855 1380 2912 consederunt.
1423 2853 1663 2913 Pulchre
1710 2865 1894 2913 autem
1918 2857 2073 2925 dicit,

500 2945 831 3020 dispertita,
857 2946 964 3018 ξι
999 2955 1058 3003 ut
1090 2947 1258 3015 scias,
1279 2949 1531 3005 eamdem
1555 2963 1682 3006 esse
1703 2948 2072 3016 eiiicieutiam,

496 3055 680 3113 quare
734 3040 1021 3096 Paracleto
1067 3041 1236 3098 missa
1291 3048 1397 3097 est.
1444 3039 1681 3098 Pulchre
1729 3057 1862 3098 sane
1917 3043 2074 3108 dicit,

495 3131 660 3204 quasi
706 3132 901 3204 igneae,
954 3138 1028 3198 et,
1060 3140 1319 3204 tanquam
1374 3130 1568 3201 ﬂatus,
1609 3147 1679 3188 ne
1722 3131 1876 3204 quid,
1925 3131 2072 3204 quod

497 3238 662 3280 sensu
694 3222 900 3296 percipi
933 3224 1132 3296 possit,
1165 3223 1233 3280 de
1261 3221 1475 3296 Spiritu
1525 3224 1735 3295 cogites
1791 3235 1846 3282 ct
1875 3225 2074 3298 imagi-

495 3317 670 3375 neris.
730 3315 849 3373 Non
906 3317 1073 3388 igitur
1130 3316 1454 3388 simpliciter
1510 3326 1708 3376 ventus
1777 3327 1928 3387 erat,
1979 3328 2076 3376 aut

497 3411 666 3483 ignis,
709 3411 806 3469 sed
836 3409 1074 3482 Spiritus
1128 3419 1376 3476 sanctus,
1439 3410 1532 3481 qui
1584 3411 1698 3466 illic
1751 3413 2072 3483 apparebat.

496 3503 635 3560 Vide
668 3512 879 3569 autem,
911 3499 1058 3575 quod
1086 3501 1307 3574 quando
1342 3499 1544 3560 Joanni
1573 3503 1794 3574 quidem
1857 3516 2078 3576 oporte-

498 3599 595 3656 bat
652 3587 920 3668 Spiritum
986 3605 1175 3653 notum
1209 3594 1349 3664 ﬁeri,
1398 3595 1763 3654 conveniebat
1813 3606 2074 3671 tanquam

498 3693 704 3765 ignem.
735 3689 1105 3762 Conseditque
1153 3704 1319 3761 super
1362 3706 1809 3764 unumquemque
1859 3709 2071 3749 eorum.

503 3782 564 3838 Id
590 3790 700 3850 ut,
731 3781 938 3838 mansit
961 3779 1107 3852 apud
1130 3781 1276 3849 illos,
1310 3788 1368 3837 et
1388 3780 1662 3852 requievit
1705 3798 1874 3854 super
1927 3785 2073 3843 illos.

504 3875 712 3932 Sedere
737 3873 884 3930 enim
909 3872 1232 3930 stabilitatis
1283 3881 1340 3930 et
1401 3875 1658 3930 manendi
1719 3875 2075 3947 signiﬁcatio-

500 3983 628 4026 nem
685 3968 875 4024 habet.
919 3966 1104 4037 Super
1162 3981 1304 4038 quos
1354 3973 1540 4022 autem
1597 3965 1839 4039 Spiritus
1895 3970 2076 4026 sedit?

501 4063 683 4137 Super
709 4062 1000 4120 duodecim
1031 4060 1311 4134 apostolos
1343 4060 1633 4130 duntaxat,
1671 4076 1739 4117 an
1767 4079 1935 4136 super
1955 4064 2076 4123 illos

501 4167 723 4215 centum
753 4154 988 4228 viginti?
1021 4155 1274 4213 videlicet
1302 4168 1466 4226 super
1511 4169 1721 4212 omnes.
1767 4154 1885 4211 Non
1928 4157 2076 4213 enim

503 4248 836 4320 simpliciter
863 4263 928 4304 ae
959 4258 1166 4305 temere
1191 4248 1386 4305 Petrus
1431 4247 1759 4319 prophetam
1795 4250 2076 4320 produxit,

502 4356 632 4397 cum
664 4339 908 4397 diceret:
935 4337 1002 4396 Et
1023 4339 1130 4395 erit
1159 4338 1216 4394 in
1236 4337 1500 4395 extremis
1538 4337 1766 4403 diebus,
1801 4337 2076 4396 etl‘undam

502 4433 574 4490 de
605 4430 818 4503 Spiritu
852 4447 972 4488 meo
997 4446 1164 4502 super
1183 4445 1403 4487 omnem
1429 4444 1674 4486 carnem.
1703 4428 1772 4485 Et
1799 4445 1906 4486 non
1945 4432 2077 4488 sim-

2174 1930 2280 1986 Τὸν
2309 1925 2459 1986 οἶκον
2492 1930 2614 1986 ὅλον
2642 1930 2910 2004 ἐπλήρου,
2931 1929 2999 1985 ἶν’
3030 1932 3064 2001 ή
3087 1928 3266 2001 δωρεά
3285 1928 3545 2000 δεδομένη
3567 1925 3754 2000 δειχθῇ

2174 2024 2253 2096 μὴ
2287 2023 2532 2096 μερικῶς
2569 2024 2652 2088 τίς
2687 2025 2834 2078 ἐστιν
2877 2022 2901 2055 ⁸
2924 2065 2941 2090 ,
2976 2021 3095 2079 ἀλλ’
3128 2022 3237 2095 ὅλῳ
3271 2021 3351 2094 τῷ
3377 2021 3478 2092 τῆς
3526 2015 3759 2090 Ἐκκλη.

2173 2117 2296 2182 σίας
2332 2117 2690 2190 πληρώματι.
2717 2117 2783 2171 Ἦ
2813 2115 2959 2172 οἰκία
2980 2117 3090 2189 γὰρ
3113 2114 3210 2172 τοῦ
3238 2114 3446 2188 κόσμου
3486 2111 3758 2186 σύμϐολον

2170 2205 2262 2284 ἦν,
2278 2209 2532 2282 καθάπερ
2549 2209 2661 2282 γάρ
2692 2209 2715 2244 ⁸
2744 2209 3103 2283 κολυμϐήθρα
3132 2208 3358 2281 γέγονεν
3393 2207 3586 2272 ὓδατος
3610 2220 3626 2239 ⁸
3657 2205 3759 2275 τῆς

2171 2303 2453 2376 δαψιλείας
2486 2305 2544 2359 δὲ
2559 2302 2719 2360 τοῦτο
2734 2306 3036 2375 τεκμήριον
3052 2309 3146 2358 καὶ
3160 2303 3260 2373 τῆς
3276 2299 3660 2376 σφοδρότητος.
3679 2299 3756 2353 οὐ

2171 2392 2235 2448 τὺ
2268 2392 2379 2464 πῦρ
2405 2393 2463 2447 δὲ
2507 2392 2600 2448 τὸν
2622 2388 2771 2447 οἶκον
2817 2393 3174 2467 ἐπλήρωσεν*
3214 2385 3478 2464 ἐξέστησε
3517 2391 3626 2461 γὰρ
3654 2391 3718 2445 ἂν
3737 2405 3755 2423 ο

2173 2485 2315 2552 ἀλλ’,
2345 2487 2375 2542 ὅ
2394 2504 2448 2541 τι
2473 2486 2928 2559 θαυμασιώτερον
2947 2528 2964 2557 ,
2990 2487 3053 2542 τδ
3079 2485 3505 2560 διαμερισθῆναι
3545 2485 3641 2540 καὶ
3669 2481 3759 2554 ἐφ’

2173 2581 2270 2636 ἕνα
2301 2579 2535 2636 ⁴ἕκαστον
2568 2579 2751 2638 αὐτῶν
2777 2565 3120 2638 ἐπικαθίσαι.
3149 2580 3420 2646 Καλῶςδέ
3453 2597 3608 2653 φησι,
3643 2578 3763 2634 διαο

2179 2673 2613 2746 μεμερισμέναιο
2671 2673 2764 2730 {va
2833 2674 3034 2748 μάθῃς,
3096 2675 3181 2730 ὃτι
3235 2671 3492 2748 ἐνέργειά
3535 2674 3686 2728 ἐστιν
3722 2672 3759 2743 ﬂ

2174 2767 2315 2839 αὑτὴ
2351 2768 2460 2824 ἀπὸ
2508 2766 2604 2823 τοῦ
2645 2767 3009 2840 Παρακλήτου
3049 2767 3388 2839 πεμφθεῖσα.
3422 2765 3622 2830 Καλῶς
3663 2763 3760 2820 οῦν

2177 2873 2332 2932 φησι,
2392 2857 2527 2913 ὡσεὶ
2559 2858 2770 2930 πυρός·
2827 2857 2925 2913 καὶ
2965 2856 3219 2930 καθάπερ
3263 2857 3473 2928 πνοῆς·
3539 2856 3632 2912 ἵνα
3681 2853 3758 2926 μή

2176 2951 2438 3022 αἰσθητόν
2493 2967 2548 3004 τι
2599 2950 2730 3023 περὶ
2760 2950 2858 3004 τοῦ
2889 2949 3211 3023 Πνεῦματος
3249 2949 3470 3020 νοήσῃς.
3502 2948 3617 3002 Οὐκ
3650 2949 3760 3019 ἄρα

2177 3044 2367 3109 ἁπλῶς
2391 3043 2591 3115 ἄνεμος
2605 3038 2700 3116 ἦν,
2721 3042 2846 3098 οὐδὲ
2875 3040 2987 3114 πῦρ
3010 3080 3026 3110 ,
3055 3040 3194 3096 ἀλλὰ
3237 3040 3300 3095 τὸ
3352 3040 3511 3108 ἅγιον
3532 3037 3759 3110 Πνεῦμα

2097 3178 2146 3240 c
2177 3137 2414 3194 ἐνταῦθα
2436 3135 2873 3208 ἐπιφαινόμενον.
2895 3135 3095 3190 Σκόπει
3112 3133 3170 3188 δέ
3190 3135 3273 3189 ὃτι
3293 3133 3383 3187 ὅτε
3405 3132 3504 3204 μὲν
3535 3129 3761 3203 Ἰωάννῃ

2181 3231 2290 3286 ἔδει
2330 3233 2353 3265 ⁸
2379 3230 2440 3284 τὸ
2475 3227 2704 3299 Πνεῦμα
2740 3227 3135 3301 γνωρισθῆναι,
3170 3227 3364 3301 ἐχρῆν,
3394 3225 3529 3281 ὡσεὶ
3558 3224 3674 3296 πῦρ
3714 3223 3758 3279 τ.

2194 3324 2447 3382 Ἐκάθισέ
2465 3340 2526 3378 τε
2563 3321 2652 3391 ἐφ’
2674 3321 2771 3377 ἕνα
2785 3322 3014 3376 ἕκαστον
3042 3319 3246 3376 αὐτῶν.
3277 3320 3538 3374 Τουτέστι
3557 3333 3574 3349 ο
3612 3332 3759 3389 παρ-

2181 3419 2420 3490 έμεινεν,
2450 3415 2889 3471 ἐπανεπαύσατο.
2926 3413 3003 3468 Τδ
3031 3413 3140 3486 γὰρ
3168 3411 3393 3470 καθίσαι
3418 3409 3513 3466 τοῦ
3543 3407 3761 3482 ἐδραίου

2183 3510 2520 3585 σημαντικὸν
2572 3511 2668 3565 καὶ
2723 3508 2820 3565 τοῦ
2857 3509 3062 3580 μεῖναι.
3109 3505 3236 3562 Ἐπὶ
3277 3505 3432 3572 τίνας
3454 3504 3514 3559 δέ
3537 3502 3762 3560 ἐκάθισε

2180 3608 2245 3663 τὸ
2277 3604 2524 3678 Πνεῦμα,
2557 3603 2652 3658 ἐπὶ
2703 3603 2832 3668 τοὺς
2877 3599 2944 3673 ιβ’
3000 3601 3197 3674 μόνον,
3222 3600 3258 3671 ἢ
3326 3600 3422 3656 ἐπὶ
3464 3599 3593 3663 τοὺς
3641 3594 3760 3669 ρκ⁹;

2182 3699 2436 3774 Δηλονότι
2477 3699 2570 3752 ἐπὶ
2598 3697 2826 3762 πάντας.
2858 3695 2936 3752 Οὐ
2985 3697 3091 3768 γάρ
3129 3694 3196 3751 ἂν
3247 3691 3436 3758 άπλῶς
3465 3691 3763 3764 παρήγαγε

2181 3794 2277 3848 τὸν
2310 3791 2597 3864 προφήτην
2642 3791 2670 3844 ό
2709 3788 2916 3861 Πέτρος
2969 3787 3145 3858 λέγων
3169 3803 3184 3820 ο
3217 3785 3328 3841 Καὶ
3355 3783 3507 3840 ἔσται
3541 3785 3602 3838 ἐν
3637 3784 3766 3848 ταῖς

2183 3883 2440 3956 ἐσχάταις
2471 3882 2708 3955 ἡμέραις
2729 3923 2746 3950 ,
2777 3879 2955 3951 ἐκχεῶ
2985 3878 3099 3933 άπὸ
3150 3876 3244 3932 τοῦ
3293 3873 3618 3946 Πνεύματός
3658 3890 3764 3945 μου

2183 3979 2278 4033 ἐπὶ
2333 3978 2516 4031 πᾶσαν
2567 3975 2768 4045 σάρκα.
2828 3971 2941 4027 Καὶ
2993 3973 3094 4044 οὐχ
3142 3968 3332 4035 άπλῶς
3367 3967 3561 4024 ἔλαϐον
3584 4007 3603 4035 ,
3645 3965 3763 4023 ἀλλ’

2184 4071 2537 4142 ἐπλήσθησαν
2556 4083 2572 4100 ο
2611 4067 2706 4122 καὶ
2733 4066 2996 4131 ἅπαντες,
3037 4064 3202 4136 φησίν
3221 4081 3237 4096 ο
3259 4063 3362 4135 οὐχ
3391 4061 3443 4116 οι
3475 4060 3764 4116 ἀπόστολοι

2187 4163 2373 4236 μόνον.
2395 4161 2602 4215 Σκόπει
2621 4158 2702 4225 δὲ,
2727 4158 2854 4214 ὅταν
2881 4156 3338 4230 προσκαρτερῶσι
3368 4157 3436 4229 τῇ
3480 4155 3760 4228 προσευχῇ

2187 4257 2281 4314 καὶ
2304 4259 2370 4330 τῇ
2400 4257 2614 4326 δεήσει,
2637 4252 2767 4310 ὅταν
2788 4253 3012 4325 ἀγάπην
3037 4251 3224 4324 ἔχωσι,
3275 4251 3399 4307 τότε
3433 4251 3497 4306 τὸ
3541 4248 3763 4320 Πνεῦμα

2185 4349 2572 4422 παραγίνεται.
2597 4347 2698 4403 Διὰ
2731 4347 2786 4400 τί
2835 4341 2914 4400 δὲ’
2936 4347 3000 4400 ἐν
3047 4345 3182 4400 εἴδει
3223 4344 3396 4416 πυρδς
3426 4343 3618 4415 ὤφθης
3645 4343 3761 4395 Ἰνα

2184 4440 2334 4516 δείξῃ
2355 4484 2368 4503 ,
2396 4440 2479 4496 ὃτι
2505 4441 2606 4510 τῆς
2633 4438 2803 4511 αὐτῆς
2833 4438 2984 4493 ἐστιν
3011 4435 3201 4501 οὐσίας
3221 4434 3317 4490 τοῦ
3341 4434 3593 4505 ὀφθέντος
3622 4433 3647 4467 ⁸
3667 4432 3760 4486 ἐπὶ

502 4527 727 4599 pliciter
751 4530 1123 4598 acceperunt,
1154 4523 1250 4580 sed
1281 4523 1475 4594 repleti
1529 4533 1679 4580 sunt.
1725 4522 1816 4589 Et,
1864 4539 2072 4592 omnes,

2183 4533 2284 4606 τῆς
2320 4532 2490 4604 βάτου
2521 4533 2581 4585 ἐν
2613 4531 2744 4586 εῖδει
2768 4531 2960 4602 πυρός.
2999 4529 3110 4584 Καὶ
3153 4527 3380 4585 ἐκάθισε
3412 4525 3511 4598 μιν
3539 4524 3635 4580 ἐπὶ
3659 4523 3760 4596 τὴν

504 4619 709 4690 inquit,
773 4631 882 4673 non
935 4615 1167 4688 apostoli
1195 4615 1321 4672 soli.
1389 4613 1635 4671 Observa
1676 4624 2076 4684 autem:,cum

501 4709 889 4770 incumberent
911 4708 1148 4765 orationi
1169 4721 1234 4762 ac
1260 4705 1595 4778 precationi:
1625 4722 1752 4764 cum
1785 4708 2080 4766 dilcmione

502 4800 719 4877 praditi
743 4808 963 4858 essem:
998 4809 1130 4854 tunc
1155 4797 1394 4870 Spiritus
1422 4797 1656 4855 accedit.
1714 4798 1822 4858 Sed
1881 4815 1984 4857 cur
2017 4802 2073 4857 in

509 4890 699 4966 specie
720 4889 864 4966 ignis
915 4889 1204 4962 apparuit?
1248 4887 1323 4946 Ut
1365 4888 1683 4947 ostenderet
1729 4905 1790 4949 se
1832 4892 2080 4963 ejusdem

505 5002 631 5047 esse
657 4995 866 5043 natura:
904 4999 1033 5041 cum
1063 4983 1178 5049 illo,
1218 4982 1312 5055 qui
1345 4996 1512 5054 super
1563 4983 1759 5040 rubum
1797 4986 1952 5043 visus
1997 4996 2084 5044 est

505 5083 565 5140 in
593 5081 777 5152 specie
795 5079 961 5154 ignis.
981 5078 1062 5133 Ae
1091 5078 1231 5133 sedit
1254 5074 1471 5148 quidem
1495 5090 1661 5146 super
1683 5086 1868 5147 caput,
1887 5093 2078 5134 verum

504 5184 665 5235 totus
699 5175 864 5232 homo
923 5173 1169 5246 repletus
1199 5179 1306 5228 est.
1369 5167 1664 5226 Videbatur
1710 5171 1857 5227 enim
1916 5187 2084 5243 super

508 5277 680 5342 caput
706 5268 928 5325 illorum
958 5265 1128 5338 ignis,
1153 5278 1260 5320 non
1299 5262 1654 5329 comburens,
1703 5264 1798 5320 sed
1830 5265 2079 5321 sanetiti-

2183 4624 2450 4695 κεφαλὴν,
2471 4622 2582 4678 άπὸ
2619 4622 2677 4676 δὲ
2709 4623 2808 4693 τῆς
2834 4621 3078 4693 κεφαλῆς
3099 4618 3395 4692 ἐπληρώθη
3424 4619 3455 4673 ό
3476 4616 3762 4690 άνθρωπος

2183 4719 2303 4782 ὅλος
2323 4733 2337 4746 ο
2379 4711 2450 4788 ἦν
2467 4713 2577 4786 γάρ
2602 4714 2739 4770 ἰδεῖν
2769 4715 2910 4786 ὑπὲρ
2937 4713 3038 4785 τῆς
3065 4711 3306 4786 κεφαλῆς
3325 4710 3506 4767 αὐτῶν
3535 4709 3671 4782 πῦρ,
3701 4709 3764 4766 οὒ

2186 4812 2361 4876 καῖον,
2392 4807 2509 4863 ἀλλ’
2543 4804 2773 4878 ἁγιάζον
2809 4807 2906 4862 καὶ
2955 4804 3341 4878 καταλάμπον.
3371 4804 3473 4861 Διά
3492 4803 3548 4859 τί
3571 4802 3630 4859 δέ
3667 4803 3769 4866 τὰς

2187 4900 2442 4970 γλώσσας
2469 4901 2574 4955 οὐκ
2606 4901 2701 4954 ἐπὶ
2732 4899 2829 4955 τοῦ
2875 4899 3165 4972 στόματος,
3196 4899 3314 4954 ἀλλ’
3345 4898 3442 4954 ἐπὶ
3466 4901 3567 4970 τῆς
3597 4915 3769 4969 κεφα-

2185 4977 2286 5065 λῆς
2320 4991 2606 5061 ἐδέξαντο;
2643 4993 2759 5048 Οὐκ
2791 4995 2873 5058 είς
2904 4993 3004 5066 τὴν
3055 4994 3329 5064 γλῶσσαν,
3373 4991 3655 5049 τουτέστιν
3684 4992 3767 5058 είς

2186 5086 2248 5140 τὸ
2274 5085 2378 5155 τῆς
2405 5085 2622 5155 φύσεως
2653 5084 2889 5156 δργανον
2917 5083 3077 5155 ἐδόθη
3099 5083 3162 5138 τὸ
3182 5083 3410 5156 Πνεῦμα
3427 5099 3441 5114 ’
3462 5083 3551 5138 ἵνα.
3574 5085 3652 5154 μὴ
3681 5099 3769 5137 νο·

2190 5176 2458 5246 μισθῶσιν
2488 5178 2557 5232 ἐκ
2617 5176 2728 5231 τῶν
2771 5177 2918 5233 ἰδίων
2980 5175 3226 5246 λαγόνων
3265 5175 3362 5232 καὶ
3391 5177 3457 5229 ἐκ
3501 5171 3597 5227 τοῦ
3632 5171 3765 5227 ίδίου

2184 5270 2453 5340 στόματος
2492 5271 2791 5341 προφέρειν
2840 5270 2879 5326 ά
2937 5270 3015 5343 μη
3058 5264 3246 5341 εἶχον·
3289 5268 3406 5325 ἀλλ’
3463 5267 3655 5339 ὥσπερ
3686 5266 3768 5329 εἰς

1697 5382 1900 5445 Variae
1939 5382 2250 5452 lectiones
2281 5393 2342 5450 et
2374 5394 2567 5451 notua.

607 5498 624 5523 ³
656 5505 779 5559 την,
809 5494 948 5545 erat.
1025 5489 1051 5524 ³
1078 5505 1120 5543 π
1159 5483 1528 5556 οσαγαγέσθαι
1553 5493 1690 5547 erat,
1765 5485 1787 5517 ⁸
1822 5485 1934 5550 ἴση
1962 5488 2072 5541 τισί

607 5562 748 5614 tiles.
776 5558 891 5614 Hoc
910 5561 1047 5614 enim
1071 5505 1196 5614 uile
1211 5558 1386 5612 dicere
1413 5553 1648 5609 videtur:
1681 5573 1700 5608 ι
1725 5554 1948 5614 Quando
1974 5556 2072 5611 Joa

2203 5490 2224 5522 ⁸
2253 5489 2363 5554 ἴση
2390 5490 2506 5544 καί.
2585 5491 2605 5523 ⁸
2633 5490 2718 5544 ισ.
2755 5485 2885 5547 εἶδε.
2964 5492 2984 5522 ⁷
3013 5490 3181 5545 Locus
3210 5490 3362 5545 valde
3406 5493 3686 5550 corruptus
3712 5489 3765 5535 et

2175 5575 2208 5614 rs
2235 5561 2445 5614 quidem
2471 5560 2605 5614 vidit
2635 5561 2918 5614 Spiritum.
2973 5563 3103 5614 vidit
3139 5572 3390 5614 tauquam
3427 5555 3724 5612 columbam
3744 5565 3764 5604 :

508 5558 748 5617 ιιιιιιὶιιιε.
776 5558 891 5616 Hoc
910 5561 1047 5614 enim
1071 5575 1125 5614 re

1167 5553 1386 5615 edicere
1413 5553 1648 5609 videtur:
1674 5573 1700 5632 _t
1725 5554 1948 5632 Quando
1974 5556 2208 5632 {capites
2235 5553 2445 5632 quidem
2471 5560 2605 5616 vidit
2635 5561 2918 5632 Spiritum,
2973 5563 3103 5632 uidit
3139 5572 3390 5632 tanquam
3427 5555 3724 5632 coiumbam
3744 5565 3764 5604 ε

509 5631 764 5703 apostolis
795 5640 974 5703 aptent
1003 5629 1155 5703 illum
1199 5641 1457 5698 apparere
1485 5625 1754 5694 oportebat
1790 5627 1843 5680 in
1872 5629 2039 5696 specie
2086 5624 2268 5700 ignis}
2317 5650 2334 5682 ι
2376 5643 2531 5701 atque
2583 5624 2865 5688 ita'multa
2903 5624 3189 5703 defuerint.
3243 5624 3287 5663 ’⁸
3327 5630 3414 5685 ia.
3437 5628 3518 5700 τῷ
3543 5624 3770 5697 ὀφθέντι

508 5699 625 5767 aut,
652 5702 721 5772 τῇ
755 5699 849 5755 τοῦ
880 5699 1159 5769 ὀφθέντος.

586 5821 611 5859 ⁸
640 5816 806 5873 Locus
850 5825 1126 5888 corruptus
1181 5817 1330 5875 valde
1357 5828 1405 5872 ct
1444 5820 1674 5873 mutilus.
1753 5820 1776 5858 ιι
1812 5815 1978 5874 Locus
2012 5822 2130 5876 item
2182 5830 2478 5893 corruptus.
