4192 6294
447 289 554 358 539
1372 306 1954 372 TlIEOPliYLACTI
1995 309 2402 372 BULGARLE
2443 311 2796 373 ARCIllEP.
3596 304 3706 371 5+0

449 409 626 464 riculo
669 424 733 466 ac
781 419 926 465 metu
976 413 1184 468 versari
1237 423 1539 480 constaret,
1594 419 1848 487 qualitati
1906 434 2021 475 rem

2136 420 2182 473 δὲ
2225 422 2278 475 τί
2325 423 2728 484 κατασκευάζει
2757 421 2890 486 θεός
2915 437 2930 452 ·
2972 421 3020 475 εί
3052 419 3130 492 μὴ
3169 420 3440 487 ὑπενοὴθη
3472 417 3700 489 ἡχὶεύη,

447 516 664 556 onmem
697 502 1020 560 ascribunt:
1069 504 1266 569 Musto,
1299 506 1576 577 inquiunt,
1610 511 1805 580 repleti
1864 520 2016 566 sunt.

2136 512 2478 583 παρῃτοῦντο
2545 516 2594 567 οἱ
2660 512 2902 568 Ἰουδαῖοι
2954 512 3220 567 εἰσελθεῖν
3290 510 3384 567 καὶ
3445 509 3698 569 ἀκοῦσαι.

450 594 772 668 Ubicunque
830 597 974 652 enim
1030 600 1330 669 petulantia
1378 613 1482 666 est,
1533 618 1700 656 unum
1754 603 2022 658 duntaxat

2136 603 2514 676 Συνεχὼρησεν
2547 608 2576 658 ὁ
2618 604 2786 670 θεὸς,
2848 603 2937 658 ἵνα
2989 604 3023 674 ἡ
3058 601 3227 675 χλεύη
3290 600 3518 664 πολλοὺς
3571 617 3700 655 συν-

448 690 641 758 ηιιαετὶι
671 690 818 760 quod
851 690 1020 754 dicat,
1050 692 1306 762 quodeun
1330 709 1419 763 lue
1449 695 1666 750 tandem
1698 694 1881 751 fuerit:
1907 712 2018 751 non

2136 698 2340 769 ιγάγῃ.

449 793 512 839 ιιι
537 784 742 854 aliquid
793 784 958 846 dicat.
997 786 1143 856 quod
1190 789 1402 844 ratione
1445 791 1697 844 nitatur:
1729 799 2016 862 propterea
2055 794 2223 848 etiam
2261 792 2314 847 id
2334 792 2483 862 quod
2510 791 2763 848 videntur
2792 791 3120 846 obumbrata
3151 805 3216 846 ac
3273 797 3416 846 tecte
3471 789 3697 854 dixisse,

449 877 634 931 multa:
662 877 912 933 amentiae
934 887 1098 949 atque
1139 881 1278 936 adeo
1305 881 1508 939 furoris
1550 885 1769 953 plenum
1795 893 1901 940 est.
1929 881 2062 942 Vide
2101 894 2284 942 autem
2315 885 2603 949 malitiam,
2631 901 2753 957 qua:
2774 895 2824 944 et
2852 901 2884 943 a
2925 894 3173 956 tempore
3201 883 3356 950 anui,
3377 892 3433 937 et
3465 884 3533 938 ab
3564 883 3698 937 hora

452 971 806 1028 convincitur
847 971 955 1044 25
989 981 1043 1030 ct
1095 974 1386 1031 refutatur.
1439 977 1496 1032 lu
1551 978 1639 1034 die
1669 977 2024 1039 Pentecostes
2067 983 2213 1039 unde
2276 980 2556 1038 mustum?
2602 980 2839 1044 Mustum
2908 980 3056 1036 enim
3093 979 3300 1035 dicitur
3369 993 3570 1034 novum
3611 978 3699 1031 vi-

451 1077 604 1117 uum.
639 1061 844 1119 Deinde
874 1065 1113 1121 ebrietas
1156 1078 1339 1123 utrmn
1391 1069 1638 1128 diversas
1683 1071 1902 1146 linguas
1933 1075 2183 1147 largitur,
2233 1091 2303 1132 an
2337 1077 2504 1133 etiam
2537 1089 2682 1142 eam,
2755 1090 2880 1146 quae
2957 1075 3220 1145 suppetit,
3275 1072 3581 1143 corrumpit
3649 1085 3703 1136 υι

452 1156 784 1214 labefactat?
815 1159 952 1216 Vide
1005 1173 1186 1218 autem
1237 1164 1369 1235 quid
1409 1168 1666 1221 moliatur
1720 1166 1882 1231 Deus.
1912 1167 2028 1229 Nisi
2068 1172 2348 1228 cavillatio
2393 1180 2649 1244 suspecta
2705 1166 2922 1235 luisset,
2968 1167 3144 1224 Judaei
3213 1172 3560 1222 recusassent
3621 1163 3705 1218 in-

452 1261 602 1308 trare
625 1259 680 1307 et
713 1251 923 1309 audire.
962 1253 1215 1310 Permisit
1251 1257 1416 1323 Deus,
1450 1269 1506 1313 ut
1537 1262 1818 1318 cavillatio
1847 1264 2047 1324 multos
2084 1273 2465 1338 congregaret.

522 1361 687 1417 Vens.
730 1362 816 1417 M.
847 1362 1007 1420 Stans
1033 1378 1204 1422 autem
1237 1367 1424 1423 Petrus
1453 1388 1557 1426 una
1592 1389 1712 1428 cum
1736 1373 1846 1429 illis
1869 1376 2034 1433 unde-

2200 1378 2449 1445 Σταθεὶς
2470 1377 2539 1432 δὲ
2567 1375 2782 1447 Πέτρος
2814 1375 2938 1431 σὺν
2957 1374 3082 1442 τοῖς
3112 1374 3348 1436 ἕνδεκα,
3377 1369 3570 1440 ἐπῆρε
3590 1369 3705 1439 τὴν

451 1455 576 1520 rim,
614 1456 725 1511 alta
745 1473 864 1513 voce
899 1456 1036 1513 dixit
1072 1461 1140 1514 ad
1173 1478 1256 1515 eos
1285 1478 1305 1516 .‘
1336 1464 1441 1519 Viri
1461 1463 1661 1534 Judtzi,
1705 1478 1756 1523 et
1795 1471 2032 1528 universi

2136 1469 2348 1540 φωνὴν
2373 1470 2587 1533 αὐτοῦ.
2616 1469 2716 1524 καί
2746 1468 3162 1539 ἀπεφθέγξατο
3191 1465 3427 1534 αὐτοῖς·
3453 1465 3706 1535 Ἄνδρες

453 1546 778 1604 habitatores
824 1550 1334 1624 Hierosolymorum,
1371 1557 1468 1615 hoc
1502 1560 1645 1617 vobis
1703 1575 1884 1620 notum
1934 1568 2025 1635 sit,

451 1650 501 1693 et
529 1641 748 1696 auribus
775 1644 1026 1712 pcreipite
1060 1648 1211 1700 verba
1242 1665 1381 1704 mea.

525 1835 690 1900 Vens.
723 1842 812 1900 i5.
847 1842 986 1902 Nam
1013 1847 1105 1905 isti
1131 1866 1256 1919 non,
1289 1862 1346 1905 ut
1378 1868 1467 1908 eos
1506 1856 1875 1926 suspicamini,
1893 1858 2029 1916 ebrii

453 1945 612 1989 sunt:
635 1947 712 1992 est
740 1941 879 1994 enim
905 1941 1036 1997 liora
1064 1943 1172 1997 diei
1188 1946 1368 2000 tertia.

527 2047 722 2106 Vidisti
752 2051 861 2107 illic
891 2054 1289 2125 providentiam
1329 2069 1384 2116 et
1412 2061 1838 2121 sollicitudinem
1865 2080 1884 2119 :
1909 2067 2032 2126 vide

454 2145 584 2200 item
637 2144 1014 2204 fortitudinem
1060 2151 1166 2208 hic.
1230 2152 1365 2209 Nam
1421 2157 1466 2211 si
1505 2172 1700 2214 omnes
1745 2161 2032 2220 auditores

453 2235 789 2296 admirantes
816 2238 1118 2308 habuisset,
1151 2258 1334 2300 annon
1372 2248 1538 2304 etiam
1561 2249 1643 2306 sic
1671 2252 1920 2310 miranda
1945 2270 2034 2312 res

456 2327 675 2396 luisset,
706 2334 753 2388 si
796 2334 959 2389 homo
991 2334 1298 2393 litterarum
1347 2341 1634 2410 imperitus
1681 2354 1738 2401 et
1779 2345 1945 2405 idiota
1977 2350 2034 2406 in

457 2431 606 2476 tanta
631 2424 981 2482 multitudine
1008 2442 1192 2484 vocem
1236 2431 1518 2501 rupisset?
1549 2433 1656 2490 Sed
1686 2451 1814 2492 cum
1852 2439 2030 2495 etiam

456 2513 756 2575 irridentes
778 2525 832 2574 et
860 2519 928 2573 ad
958 2521 1162 2578 caedem
1194 2537 1495 2596 propensos
1527 2526 1755 2585 haberet
1804 2531 2028 2589 audito-

455 2623 567 2675 res,
592 2609 686 2681 qui
716 2611 892 2680 potuit
918 2628 1007 2669 res
1037 2630 1146 2671 non
1177 2631 1302 2672 esse
1346 2633 1511 2688 super
1551 2619 1844 2676 humanam
1889 2611 2034 2680 con-

455 2703 753 2762 ditionem?
778 2705 884 2764 Sed
915 2709 1060 2777 vide,
1087 2718 1146 2765 ut
1178 2713 1362 2767 statim
1393 2715 1556 2770 simul
1600 2730 1666 2772 ac
1698 2731 1887 2774 vocem
1915 2719 2034 2775 edi-

455 2797 557 2861 dit,
575 2797 910 2856 calumniam
940 2801 1162 2868 refutet,
1189 2813 1237 2860 et
1256 2807 1554 2864 ostendens
1575 2807 1701 2866 illos
1718 2823 1828 2865 non
1851 2809 2035 2868 ebrios

456 2907 604 2960 esse,
649 2909 712 2950 ac
741 2909 809 2951 ne
840 2897 1074 2952 alienata
1099 2898 1321 2970 quidem
1357 2917 1481 2959 esse
1512 2911 1718 2973 mente,
1765 2903 2035 2975 quemado

2140 1562 2406 1618 Ἰουδαῖοι
2434 1563 2535 1617 καί
2559 1567 2614 1619 οι
2637 1561 3060 1629 κατοικοῦντες
3089 1560 3486 1632 Ἰερουσαλὴμ
3511 1559 3702 1616 ᾶπαν-

2054 1652 2102 1714 Β
2131 1673 2229 1723 τες
2248 1697 2264 1722 ,
2295 1656 2474 1712 τοῦτο
2510 1655 2653 1728 ὑμῖν
2677 1657 2952 1727 ’γνωστὸν
2979 1654 3138 1710 ἔστω
3165 1694 3182 1722 ,
3212 1652 3309 1709 καί
3335 1653 3705 1710 ἐνωτίσασθε

2131 1750 2205 1806 τὰ
2225 1748 2467 1820 ῥήματά
2488 1767 2630 1822 μου.

2204 1862 2288 1916 Οὐ
2321 1861 2450 1932 γὰρ,
2473 1861 2557 1930 ὡς
2578 1861 2746 1933 ὑμεῖς
2765 1860 3242 1932 ὑπολαμϐάνετε,
3261 1855 3428 1920 οὗτοι
3450 1861 3705 1934 μεθύου-

2131 1969 2238 2009 σιν
2255 1969 2271 1984 ·
2297 1952 2430 2010 ἔστι
2461 1956 2572 2024 γὰρ
2591 1954 2712 2025 ὥρα
2739 1955 2906 2024 τρίτη
2937 1953 3050 2024 τῆς
3079 1954 3322 2026 ἡμέρας.
3491 2007 3522 2032 _.

2207 2061 2363 2132 Εἶδες
2409 2069 2528 2123 ἐκεί
2574 2067 2931 2141 κηδεμονίανο
2960 2069 3064 2140 δρα
3107 2069 3166 2124 δὲ
3190 2069 3291 2141 τὴν
3322 2069 3571 2142 ἀνδρείαν
3614 2072 3706 2125 ἐν·

2132 2158 2326 2215 ταῦθα.
2385 2161 2448 2216 El
2502 2160 2612 2234 γὰρ
2663 2160 3042 2233 θαυμάζοντας
3086 2156 3202 2233 εἶχε
3249 2162 3378 2228 τοὺς
3431 2163 3706 2234 ἀκροατὰς

2136 2252 2369 2318 πάντας,
2403 2252 2524 2326 οὐχὶ
2557 2255 2653 2309 καὶ
2700 2251 2844 2309 οὕτω
2884 2252 3196 2324 θαυμαστὸν
3232 2248 3301 2325 ἦν
3339 2254 3544 2326 μεταξὺ
3583 2272 3709 2309 τοσ-

2134 2344 2311 2402 ούτων
2359 2345 2520 2419 ῥῆξαι
2584 2347 2770 2420 φωνὴν
2839 2346 3129 2419 ἄνθρωπον
3185 2346 3550 2420 ἀγράμματον
3615 2350 3709 2404 καὶ

2139 2435 2399 2510 ίδιώτην;
2428 2439 2517 2495 ὅτε
2541 2439 2598 2494 δὲ
2629 2438 2725 2496 καὶ
2751 2437 3030 2510 γελῶντας
3067 2439 3162 2496 καὶ
3191 2439 3473 2511 φανὼντας
3499 2440 3566 2504 ",
3599 2440 3708 2506 πῶς

2136 2530 2261 2603 οὐχὶ
2302 2529 2443 2602 ὑπὲρ
2496 2529 2819 2605 ἄνθρωπονς
2875 2531 3017 2590 ’Δλλ’
3043 2531 3166 2603 ὅρα,
3193 2530 3396 2597 εὐθέως
3449 2531 3558 2587 ἀπὸ
3609 2532 3707 2604 τῆς

2137 2625 2326 2695 φωνῆς
2372 2622 2586 2696 ἐλέγχει
2610 2621 2712 2696 τὴν
2756 2623 3144 2695 συκοφαντίαν,
3178 2625 3261 2678 ὅτι
3304 2624 3366 2678 οὐ
3397 2621 3707 2695 μεθύουσιν.

2150 2714 2294 2770 Ἀλλ’
2331 2715 2453 2770 οὐδὲ
2481 2715 2562 2771 ὅτι
2595 2714 2946 2788 ἒξεστήκασι,
2978 2715 3230 2786 καθάπερ
3259 2716 3309 2769 οί
3342 2716 3620 2786 μανέντες.
3643 2715 3710 2768 Τί

2137 2806 2196 2863 δέ
2229 2809 2368 2876 ἐστι,
2398 2809 2497 2862 σὺν
2517 2808 2629 2874 τοῖς
2653 2807 2874 2873 ἕνδεκας
2900 2807 3104 2881 Κοινὴν
3124 2808 3461 2882 προεϐάλετο
3483 2806 3711 2879 γνώμην

2142 2901 2236 2955 καὶ
2267 2904 2454 2972 φωνήν
2475 2915 2492 2931 ο
2542 2898 2639 2954 καὶ
2671 2899 2889 2957 πάντων
2923 2886 3089 2962 αὐτὸς
3119 2895 3189 2972 ἦν
3233 2897 3296 2954 τδ
3335 2898 3528 2972 στόμα.
3561 2898 3714 2973 [lap-

457 2987 678 3043 modum
737 2986 953 3046 furiosi.
1008 2990 1148 3058 Quid
1182 3001 1268 3049 est
1308 3004 1519 3060 autem,
1578 3010 1686 3051 una
1738 3011 1864 3052 cum
1926 2997 2035 3054 illis

2139 2993 2488 3066 ειστήκεισαν
2523 2991 2578 3047 δὲ
2629 2991 2680 3045 οί
2737 2991 2953 3062 ινδεκα,
2978 2993 3092 3056 τοῖς
3140 2991 3453 3063 λεγομένοις
3501 3008 3708 3064 μαρτυ-

460 3081 1127 3141 nndecim?Communem
1170 3087 1454 3157 preposuit
1487 3088 1813 3144 sententiam
1845 3099 1901 3145 ct
1931 3105 2030 3149 vo-

459 3192 574 3231 cem
601 3195 615 3233 :
644 3185 700 3233 et
733 3179 976 3234 omnium
1019 3180 1135 3250 ipse
1164 3191 1354 3237 orator
1376 3191 1518 3237 erat.
1551 3181 1900 3240 Assistebant
1928 3201 2030 3240 au~

460 3278 568 3350 tem
603 3270 798 3341 reliqui
831 3270 1109 3338 undecim,
1145 3285 1209 3326 ea
1248 3290 1370 3343 quae
1403 3273 1750 3341 dicebantur,
1780 3277 2034 3332 testimo-

462 3363 554 3419 nio
582 3378 686 3420 suo
701 3363 1142 3436 comprobantes.
1165 3365 1321 3433 Quod
1353 3374 1534 3421 autem
1556 3367 1711 3431 dicit,
1744 3368 1853 3422 alta
1875 3383 2033 3435 voce,

461 3453 515 3510 id
545 3463 653 3520 est,
678 3470 804 3510 cum
832 3456 1003 3510 multa
1029 3456 1258 3512 ﬁducia:
1289 3465 1346 3512 ut
1365 3458 1546 3511 statim
1577 3458 1632 3512 in
1654 3458 1807 3514 initio
1831 3458 2037 3514 scirent

460 3545 692 3615 gratiam
717 3543 978 3616 Spiritus.
999 3544 1103 3614 Qui
1131 3548 1272 3602 enim
1299 3563 1406 3602 non
1431 3548 1769 3606 sustinuerat
1799 3548 2038 3604 interro-

461 3639 737 3710 gatioucm
767 3637 892 3693 vilis
918 3638 1135 3710 puellae,
1181 3639 1269 3696 hic
1299 3640 1354 3696 iu
1393 3640 1571 3695 medio
1618 3641 2035 3696 multitudinum

465 3730 533 3786 ad
565 3731 767 3787 caedem
793 3729 1187 3786 inclinatarum
1210 3747 1335 3787 cum
1356 3741 1504 3786 tanta
1539 3731 1736 3787 tidueia
1763 3733 1929 3788 verba
1960 3731 2042 3786 fa-

461 3822 556 3878 cit.
581 3824 884 3896 Antequam
916 3824 1218 3894 accepisset
1243 3822 1447 3879 donum
1473 3823 1804 3896 linguarum,
1829 3823 2029 3881 Petrus

463 3931 588 3972 cum
637 3917 706 3971 ab
759 3929 870 3971 una
923 3913 1102 3985 puella
1152 3914 1609 3986 interrogaretur,
1653 3916 1882 3973 territus
1913 3924 2037 3982 est,

465 4021 529 4064 ac
557 4005 728 4063 dixit:
759 4004 877 4061 Non
902 4005 1029 4062 novi
1057 4005 1357 4062 hominem.
1389 4005 1508 4062 Illic
1533 4021 1641 4063 uua
1667 4007 1846 4078 puella
1873 4016 2040 4078 atque

465 4098 730 4155 timiditas
774 4099 978 4166 multa;
1011 4099 1101 4154 hic
1134 4098 1346 4153 iulluha
1381 4099 1694 4166 multitudo,
1719 4107 1774 4154 et
1804 4114 1906 4153 vox
1957 4099 2041 4153 iu-

465 4191 680 4267 trepida
715 4201 880 4262 atque
934 4190 1145 4246 ﬁducia:
1187 4191 1368 4262 plena.
1397 4189 1518 4245 Non
1547 4191 1685 4246 dixit
1727 4200 1906 4247 autem
1930 4233 1946 4258 ,
1981 4198 2043 4246 ut

466 4299 564 4338 vos
595 4282 944 4347 cavillamini,
977 4282 1063 4338 isti
1094 4282 1230 4338 ebrii
1274 4297 1378 4335 non
1403 4291 1570 4337 sunt:
1613 4281 1731 4347 sed,
1769 4289 1827 4334 ut
1865 4281 2045 4351 suspi-

2134 3085 2384 3161 ροῦντες.
2413 3084 2489 3140 Τδ
2520 3083 2600 3151 δὲ,
2633 3083 2810 3156 ἐπῆρε
2855 3082 2954 3156 τὴν
2984 3083 3169 3155 φωνὴν
3195 3082 3395 3152 αὐτοῦ,
3437 3084 3708 3148 τουτέστι,

2141 3177 2284 3250 μετὰ
2334 3173 2537 3245 πολλῆς
2584 3173 2933 3247 παρῤησίαςθ
2982 3173 3072 3228 ῐνα
3127 3172 3329 3238 εὐθέως
3381 3174 3708 3246 ἀρχομένου,

2141 3269 2356 3341 μάθωσι
2412 3265 2509 3322 τοῦ
2584 3265 2904 3338 Πνεύματος
2962 3264 3065 3337 τὴν
3121 3265 3302 3338 χάριν.
3355 3266 3416 3321 '0
3470 3266 3579 3338 γάρ
3635 3266 3713 3339 μὴ

2139 3360 2672 3435 ἐνεγκὼνηὲρὼτησιν
2699 3359 2960 3433 κορασίου
2992 3358 3263 3426 εὐτελοῦς,
3285 3354 3439 3425 οὗτος
3469 3361 3529 3414 ὲν
3561 3361 3715 3432 μέσῳ

2139 3458 2330 3530 δήμων
2364 3456 2652 3528 φονώντων
2693 3455 2834 3527 μετὰ
2865 3454 3136 3524 τοσαύτης
3167 3453 3471 3524 διαλέγεται
3496 3457 3715 3527 τιαρρη-

2142 3547 2284 3610 σίας.
2314 3545 2837 3620 [ΣΕΥΗΡΙΔΝΟΥ.]
2867 3544 2980 3618 Πρὸ
3008 3543 3106 3599 τοῦ
3137 3542 3392 3610 δέξασθαι
3420 3545 3517 3610 τὰς
3542 3543 3718 3614 γλῶσ-

2146 3655 2268 3702 σας,
2308 3639 2338 3691 ὁ
2389 3636 2597 3710 ιιὲτρος
2639 3636 2748 3692 ὑπὸ
2794 3639 2926 3709 μιᾶς
2966 3634 3258 3707 παιδίσκης
3297 3633 3650 3709 ἠρωτῶμενος
3674 3634 3718 3666 ¹⁸

2141 3729 2385 3802 ἐφοϐήθη
2409 3769 2426 3794 ,
2496 3731 2594 3786 καὶ
2671 3729 2843 3799 λέγει’
2903 3728 3020 3783 Οὐκ
3074 3723 3194 3783 οῐδα
3254 3725 3348 3781 τὸν
3410 3725 3718 3798 ἄνθρωπον.

2154 3824 2300 3876 Ἐκεῖ
2333 3823 2432 3893 μία
2477 3822 2740 3892 παιδίσκη
2781 3822 2876 3878 καὶ
2910 3822 3083 3878 δειλία
3113 3820 3323 3892 πολλή·
3367 3814 3471 3877 ὦδε
3515 3822 3719 3894 πλῆθος

2147 3915 2394 3988 ἄπειρον,
2430 3916 2527 3974 καὶ
2567 3916 2719 3986 φωνὴ
2756 3913 3252 3989 εὐπαρρησίαστος.
3281 3913 3398 3968 οὐκ
3425 3909 3544 3967 εἰπε
3570 3912 3628 3967 δὲ
3649 3914 3720 3982 ⁸⁸,

2152 4009 2246 4073 Ὠς
2269 4009 2426 4080 ὑμεῖς
2445 4008 2754 4082 χλευάζετε,
2788 4005 2937 4063 οὗτοι
2968 4006 3256 4080 μεθύουσιν
3275 4020 3291 4038 ο
3327 4005 3464 4074 ἀλλ’,
3485 4005 3562 4070 ὡς
3585 4005 3721 4059 ὐπο-

2144 4102 2498 4171 λαμῦάνετε,
2555 4101 2963 4173 ἐπιεικέστερον
3011 4099 3424 4172 φθεγγόμενος,
3479 4099 3577 4152 καὶ
3623 4099 3724 4152 οὐκ

2143 4195 2398 4268 ὶπίτηδες
2417 4193 2530 4250 ἀπὶ
2549 4191 2887 4265 κακουργίας
2916 4191 3238 4264 βουλόμενος
3267 4191 3314 4224 ⁸⁸
3335 4189 3535 4254 αὐτοὺς
3555 4187 3723 4254 δείξαι

2144 4289 2306 4343 τοῦτο
2374 4287 2662 4358 λέγοντας·
2714 4287 2854 4344 ἀλλὰ
2923 4285 3062 4350 τέως
3131 4283 3474 4357 περιτίθησιν
3539 4284 3724 4345 αὖτοίς

465 4381 696 4436 camini:
741 4380 929 4436 mitius
953 4380 1101 4435 enim
1125 4379 1452 4451 loquebatur
1471 4420 1487 4444 ,
1512 4386 1569 4433 ct
1596 4378 1812 4434 nolebat
1842 4387 2031 4434 osten-

2137 4381 2383 4450 ἄγνοιαν,
2425 4382 2490 4434 οὐ
2521 4381 2792 4453 πονηρίας
2822 4377 3097 4451 ἔγκλημα,
3141 4377 3513 4450 προοδοποιῶν
3539 4378 3722 4441 αὐτοῖς

464 4473 617 4539 dere,
650 4471 832 4528 dedita
866 4486 1032 4542 opera
1064 4478 1228 4542 atque
1254 4469 1489 4541 maligne
1517 4469 1641 4525 illos
1670 4471 1774 4524 hoe
1795 4468 2024 4526 dicere:

465 4565 562 4622 sed
605 4565 762 4622 initio
794 4563 1161 4635 ignorantiam
1195 4562 1302 4618 illis
1323 4563 1596 4628 attribuit,
1633 4579 1741 4617 non
1775 4563 2037 4634 improbi-

463 4661 596 4719 tatis
632 4661 836 4732 arguit,
867 4661 1012 4716 viam
1044 4659 1412 4731 prmmuniens
1446 4659 1556 4715 illis
1602 4659 1670 4714 ad
1709 4658 2035 4716 conversio-

465 4743 615 4808 nem.
661 4753 724 4808 Et
763 4752 895 4824 quid
950 4752 1054 4807 hoc
1088 4761 1207 4816 est,
1241 4767 1348 4806 non
1397 4751 1578 4807 solent
1627 4751 1876 4807 homines
1903 4751 2041 4807 ebrii

2140 4473 2240 4546 τὴν
2269 4474 2629 4544 ἐπιστροφήν.
2669 4474 2781 4530 Καὶ
2829 4474 2885 4528 τί
2921 4471 3103 4538 τοῦτο,
3128 4472 3242 4530 οὐκ
3273 4471 3354 4526 ενι
3387 4471 3507 4543 ὥρᾳ
3553 4472 3720 4541 τρίτη

2146 4563 2406 4635 μεθύεινς
2443 4564 2584 4618 Ἀλλ’
2615 4565 2717 4620 οὐκ
2757 4564 2911 4618 ἔσται
2938 4567 2981 4596 ’⁸
3030 4563 3170 4634 πρὸς
3207 4562 3402 4617 τοῦτο*
3445 4563 3566 4618 οὐδὲ
3613 4563 3720 4635 γάρ

2151 4660 2355 4712 ἐκεῖνοι
2382 4657 2556 4723 οὕτως
2585 4655 2732 4730 εἶχον
2777 4657 2908 4728 περὶ
2940 4656 3152 4712 αὐτῶν·
3195 4656 3331 4718 ἀλλὰ
3378 4656 3722 4728 διασύροντες

2151 4751 2246 4808 καὶ
2279 4749 2633 4824 χλευάζοντες
2663 4751 2836 4817 οὓτως
2861 4751 3069 4821 ἔλεγον.

467 4861 593 4905 esse
618 4845 756 4900 hora
787 4845 987 4903 tertia?
1011 4843 1118 4902 Sed
1159 4844 1214 4901 in
1242 4846 1348 4901 hoc
1379 4859 1489 4901 non
1525 4844 1874 4902 immoratur.
1903 4842 2092 4917 Neque
2115 4844 2262 4907 enim
2303 4845 2381 4902 illi
2415 4847 2490 4902 ita
2519 4844 2829 4904 sentiebant
2859 4843 2930 4900 de
2966 4843 3074 4900 iis:
3111 4842 3206 4903 scd
3236 4843 3614 4908 obtrectante:
3669 4837 3721 4902 οι

465 4940 786 4998 cavillantes
815 4941 888 4996 ita
917 4941 1193 4999 dicebant.

538 5035 706 5091 Vsus.
741 5035 826 5093 ιδ.
862 5033 966 5091 Sed
995 5035 1211 5104 horest,
1241 5034 1380 5108 quod
1421 5034 1623 5091 dictum
1667 5043 1744 5090 est
1766 5048 1857 5102 per
1918 5049 2045 5106 pro-

466 5129 676 5198 piratam
696 5125 733 5181 Ι
737 5127 898 5183 celent
925 5143 946 5184 :

539 5241 705 5297 Vens.
743 5241 829 5298 l7.
858 5241 925 5296 Et
948 5243 1151 5298 arridet
1175 5243 1228 5297 in
1252 5243 1498 5298 extremis
1528 5241 1734 5305 diebus,
1775 5240 1904 5294 dicit
1935 5237 2042 5294 Do-

471 5337 666 5400 minus,
687 5336 956 5405 eﬂ‘undam
969 5336 1034 5392 de
1046 5335 1253 5404 Spiritu
1270 5353 1381 5391 meo
1396 5352 1550 5405 super
1565 5351 1769 5388 onmem
1787 5349 1998 5387 carnem
2017 5345 2036 5384 :

2235 5027 2422 5086 Ἀλλὰ
2456 5025 2634 5083 τοῦτό
2677 5023 2810 5080 ἐστι
2857 5023 2925 5079 τὸ
2963 5022 3279 5099 εἰρημένον
3313 5021 3412 5078 διὰ
3443 5022 3554 5084 ,τοῦ
3581 5037 3725 5093 προ·

2152 5122 2348 5196 φήτου
2388 5118 2567 5188 Ἰωήλ
2586 5133 2602 5151 ⁸

2224 5235 2332 5293 Καὶ
2365 5233 2538 5289 ἔσται
2566 5230 2644 5288 ἐν
2680 5231 2810 5297 ταῖς
2847 5228 3134 5300 ἐσχάτως
3179 5227 3446 5299 dﬂigam,
3477 5227 3640 5299 ,λέγει
3688 5231 3725 5283 ὁ

2147 5325 2312 5392 Θεὸς,
2354 5323 2542 5394 ἐκχεῶ
2593 5320 2712 5377 ἀπὸ
2744 5321 2850 5376 τοῦ
2892 5321 3239 5392 Πνεύματός
3254 5338 3376 5392 μου
3404 5319 3724 5380 ἐπιστᾶσαν

469 5436 518 5482 et
547 5426 930 5496 propltetabunt
952 5427 1052 5497 [itii
1078 5427 1258 5492 vestri,
1279 5438 1328 5482 et
1352 5427 1481 5496 ﬁlia:
1510 5435 1715 5486 vesti-te,
1746 5433 1799 5478 ct
1813 5423 2034 5492 juvenes

2144 5418 2362 5488 σάρκα,
2385 5416 2484 5472 καί
2516 5414 3048 5485 προφητεύσουσιν
3083 5417 3138 5469 οί
3171 5415 3287 5471 υἱοί
3326 5411 3492 5485 ὑμῶν
3523 5415 3616 5468 καί
3661 5415 3724 5469 αι

1656 5603 1857 5664 Varia:
1882 5600 2194 5665 lectiones
2231 5608 2293 5664 ct
2321 5606 2515 5663 notio.

548 5729 590 5761 "’
624 5729 939 5798 φωνῶντας,
987 5742 1122 5789 erat.

1227 5735 1270 5768 ⁸⁸
1311 5733 1704 5805 ἐρωτωμένοις,
1753 5742 1887 5785 erat.

478 5799 630 5870 ιστη.

1996 5731 2038 5763 ⁸⁸
2084 5728 2299 5784 Videtur
2343 5725 2655 5792 desiderari,
2687 5722 2806 5796 οὐχ.

2909 5721 2955 5754 ’⁸
2983 5718 3296 5793 βαλόμενος,
3338 5727 3472 5774 erat.
3551 5718 3592 5748 ’ί
3626 5716 3712 5771 ῐσ.
