4192 6294
444 249 550 314 515

1158 254 1560 316 EXPOSlTIO
1603 251 1680 314 ΙΝ
1714 253 1901 315 ACTA
1947 255 2017 313 Ai

2117 251 2521 314 iTOLORUM.
2561 279 2624 288 η-
2650 254 2806 316 CAP.
2855 254 2940 314 Ιῐ.
3192 295 3194 298 ›
3593 254 3696 317 546

448 367 610 419 πάλιν
633 365 742 420 ἀπὸ
769 367 1055 437 προοιμίου
1092 371 1321 438 ἄρχεται
1343 409 1356 424 .
1389 369 1478 421 ἵνα
1506 369 1582 438 μὴ
1608 365 1985 438 θορυϐηθῶσιν
2005 380 2017 396 ·

2133 374 2239 428 tur,
2277 379 2340 420 ac
2369 381 2561 422 rursus
2611 366 2802 435 incipit
2836 380 2865 418 a
2901 365 3194 434 protentio,
3250 381 3315 420 ne
3352 366 3696 420 tumultuen-

447 457 637 526 ἐπειδὴ
685 456 906 528 ἔμελλεν
939 459 1135 522 αὐτοὺς
1178 458 1271 513 τοῦ
1335 459 1507 527 Ἰησοῦ
1566 458 2024 530 ἀναμιμνήσκειν.

461 549 746 618 Ἀνωῖέρω
782 550 880 619 μὲν
914 551 1021 622 γὰρ
1057 551 1156 605 οὐκ
1211 551 1278 606 ἂν
1319 549 1728 622 ἐθορυϐήθησαν
1760 549 1852 602 τοῦ
1893 550 2028 621 Προα-

448 641 622 710 ιρήτου
651 641 943 706 ἀκούοντες
969 643 1032 697 ³³.
1081 644 1192 706 Καὶ
1237 643 1340 714 ὅρα
1379 643 1494 706 πῶς
1541 642 1696 696 οὐδὲν
1735 642 1885 710 λέγει
1916 640 2028 695 τῶν

449 732 668 801 ὑψηλῶν
691 773 708 796 ,
749 733 864 788 ἀλλ’
893 735 1002 790 ἀπὸ
1053 735 1162 790 τῶν
1202 737 1408 806 σφόδρα
1464 736 1739 789 ταπεινῶν
1773 735 2022 808 ἄρχεται.

447 821 551 875 Τὸν
576 823 918 893 Ναζωραῖον,
947 825 1133 896 φησίνο
1169 827 1276 881 ἀπὸ
1303 827 1406 896 τῆς
1433 826 1690 898 πατρίδος
1719 827 2021 897 ὀνομάζων,

444 915 566 984 ἥτις
615 915 840 989 εὐτελὴς
887 918 1065 972 ἐδόκει
1107 915 1268 975 εἶναι.
1297 919 1509 990 Ὠσπερ
1547 921 1658 990 γὰρ
1719 921 1749 974 ὁ
1789 920 2021 992 Χριστὸς

443 1005 522 1058 ὅτ’
552 1005 619 1060 ἂν
647 1008 875 1079 λέγηται
917 1010 1151 1082 δύναμις
1181 1011 1341 1078 Θεοῦ,
1374 1016 1470 1068 καὶ
1509 1011 1643 1066 Θεοῦ
1670 1015 1852 1083 σοφία,
1891 1016 2022 1085 περὶ

442 1099 543 1166 τῆς
592 1097 859 1168 θεότητος·
895 1099 1062 1155 αὐτοῦ
1119 1103 1189 1156 τὰ
1241 1102 1513 1175 λεγόμενα
1565 1103 2016 1177 ὲκλαμθάνομεν,

443 1185 639 1254 οὕτως,
692 1190 823 1246 ὅταν
856 1189 1084 1262 λέγηται
1109 1193 1250 1266 ἀνὴρ
1273 1194 1370 1247 καὶ
1415 1194 1692 1265 τεθνηκὼς
1741 1197 1880 1271 ὑπὲρ
1910 1197 2020 1252 τῶν

445 1279 736 1351 ἁμαρτιῶν
778 1283 955 1354 ἡμῶν,
992 1285 1122 1357 περὶ
1165 1287 1266 1357 τῆς
1311 1286 1511 1359 σαρκὸς
1559 1288 1725 1342 αὑτοῦ
1759 1288 1821 1342 τὸ
1859 1289 2018 1359 λεγό-

447 1391 610 1443 μενον
646 1375 1082 1447 ὲκλαμδάνομεν.
1118 1378 1262 1449 Ὅρα
1293 1379 1403 1451 γὰρ
1439 1381 1534 1433 κα)⁸
1561 1381 1724 1434 αὑτὸν
1754 1383 1884 1435 ποτὲ
1919 1383 2018 1451 μὲν

459 1458 706 1534 λᾶγοντω
740 1466 961 1534 Ζητείτέ
998 1486 1064 1536 με
1115 1470 1438 1522 ἀποκτεῖναι
1481 1471 1787 1541 ἄνθρωπον,
1829 1472 1886 1535 ὃς
1917 1474 2018 1544 τὴν

443 1553 702 1627 ἀλήθειαν
730 1557 858 1627 ὑμῖν
882 1557 1180 1629 λελάληκα·
1211 1561 1338 1614 ποτὲ
1363 1560 1442 1626 δὲ,
1474 1560 1618 1630 Ἐγὼ
1655 1562 1750 1615 καὶ
1778 1563 1806 1614 ὁ
1825 1562 2016 1632 Πατὴρ

441 1645 504 1701 ἓν
535 1650 723 1716 ἐσμεν.
768 1649 1054 1704 Ἐντεῦθεν
1099 1653 1362 1722 μανέντες
1408 1652 1457 1707 οἱ
1506 1653 1617 1706 ἀπὸ
1663 1653 1904 1724 Ἀρτεμᾶ
1931 1649 2015 1718 οἷς

440 1738 820 1811 ἠκολούθησαν
842 1742 938 1796 καὶ
961 1743 1010 1798 οἱ
1037 1744 1145 1797 ἀπὸ
1175 1743 1532 1814 Σαμοσάτων,
1556 1746 1759 1800 οἴονται
1787 1746 2013 1817 ³διψιλὸν

439 1830 730 1902 ἄνθρωπον
761 1832 854 1888 τὸν
893 1833 1128 1906 Ἰησοῦν,
1171 1835 1262 1890 διὰ
1295 1836 1394 1905 τὴν
1436 1838 1809 1908 προκειμένην
1839 1838 2012 1903 τάξιν.

440 1922 718 1990 Δυνάμεσι
761 1923 854 1975 καὶ
885 1927 1080 1994 τέρασι
1116 1924 1211 1977 καὶ
1253 1925 1524 1994 σημείοις.
1569 1924 1711 1994 Πρὸς
1734 1924 1942 1995 ταύτην
1969 1924 2015 1956 ³⁸

440 2011 538 2081 τὴν
564 2012 807 2066 διάνοιαν
864 2015 1030 2068 τείνει
1079 2016 1175 2069 καὶ
1233 2014 1294 2068 τὸ
1335 2015 1626 2086 εἰρημένον
1667 2016 1727 2068 ὲν
1775 2019 1842 2086 τῇ
1879 2014 2017 2086 πρὸς

453 2098 759 2172 Ῥωμαίους
783 2102 1072 2176 Ἐπιστολῇ
1092 2119 1106 2132 °
1134 2105 1227 2158 τοῦ
1251 2104 1558 2174 ὁρισθέντος
1585 2103 1716 2158 Υιοῦ
1753 2102 1849 2156 τοῦ
1877 2103 2015 2157 Θεοῦ

439 2194 500 2247 ὲν
519 2194 748 2265 δυνάμει
767 2213 781 2226 ·
815 2197 1085 2261 τουτέστι,
1108 2197 1203 2249 τοῦ
1224 2195 1312 2250 διὰ
1333 2196 1444 2251 τῶν
1472 2194 1650 2268 ἔργων
1675 2195 2017 2267 ἀποδειχθέν·

438 2300 533 2346 τος
581 2286 678 2339 καὶ
737 2287 836 2356 τῆς
879 2285 1163 2354 δυνάμεως
1219 2287 1329 2341 τῶν
1387 2287 1716 2358 θαυμάτων·
1750 2286 1826 2349 ὡς
1866 2286 2016 2340 ἐστιν

441 2374 662 2444 ἀληθῶς
691 2375 816 2439 Υἱὸς
859 2375 955 2428 τοῦ
989 2378 1218 2448 Πατρός.
1257 2379 1392 2430 Κατ’
1427 2378 1577 2431 οὐδὲν
1607 2377 1716 2450 γὰρ
1765 2378 2014 2448 διαφέρει

439 2467 501 2517 τὸ
539 2468 736 2532 εἰπεῖν,
785 2467 1070 2536 ὁρισθῆναι
1125 2469 1292 2522 αὐτὸν
1322 2469 1449 2522 Υἱὸν
1475 2468 1613 2522 Θεοῦ
1661 2473 1720 2524 ὲν
1747 2469 1975 2542 δυνάμει
1996 2510 2012 2534 ,

442 2558 537 2610 καὶ
590 2558 651 2611 τὸ
702 2559 912 2625 εἰπεῖν,
945 2561 1334 2632 ἀποδειχθῆναι
1382 2561 1546 2616 αὐτὸν
1604 2562 1890 2632 δυνάμεσι,
1917 2563 2015 2618 καὶ

440 2646 652 2717 τέρασι,
705 2647 800 2700 καὶ
858 2651 1142 2718 σημείοις,
1209 2645 1291 2712 οἷς
1350 2649 1574 2721 ἐποίησε
1635 2651 1703 2705 δι’
1761 2651 1927 2706 αὑτοῦ
1984 2655 2013 2706 ὁ

440 2737 574 2800 Θεδς
607 2739 666 2791 ἐν
691 2740 841 2808 μέσῳ
873 2739 1044 2809 ὑμῶν.
1087 2740 1236 2803 Τέως
1265 2743 1294 2794 δ
1322 2740 1455 2805 Θεὸς
1483 2741 1732 2815 καθάπερ
1752 2743 1820 2796 δι’
1857 2742 2012 2799 Υίοῦ.

438 2829 519 2882 Δι’
545 2829 709 2884 αὑτοῦ
740 2831 849 2900 γὰρ
893 2829 1209 2902 θεοπρεπῶς
1244 2833 1337 2886 καὶ
1372 2835 1498 2896 τοὺς
1528 2832 1730 2896 αἰῶνας
1764 2835 2011 2904 ἐποίησε.

439 2922 540 2976 Διὰ
575 2920 633 2974 δὲ
667 2921 760 2976 τοῦ
782 2938 796 2952 °
841 2923 928 2977 'Ev
953 2923 1104 2994 μέσῳ
1136 2924 1313 2994 ὑμῶν,
1356 2926 1638 2995 μάρτυρας
1671 2926 1882 2996 αὐτοὺςξ
1905 2927 2016 2982 τῶν

436 3014 749 3086 λεγομένων
773 3016 958 3069 καλεῖ·
989 3017 1033 3049 ³⁸
1061 3017 1122 3068 οὐ
1156 3017 1353 3083 λάθρα,
1394 3018 1516 3072 οὐδὲ
1561 3020 1618 3071 ἐν
1656 3020 1850 3089 γωνίᾳ.
1878 3014 2013 3072 Εἶτα
2041 3044 2084 3104 c

438 3106 698 3174 ἐμπεσὼν
736 3108 817 3170 εἰς
845 3107 910 3159 τὸ
956 3107 1214 3178 τόλμημα
1254 3108 1458 3172 αὐτῶν,
1498 3111 1762 3179 πειρᾶται
1818 3110 2013 3175 αὐτοὺς

439 3197 805 3250 ἀπαλλάττειν
833 3199 1022 3264 αὐτοῦ,
1075 3201 1166 3252 καί
1201 3215 1365 3270 φησι*
1398 3201 1476 3271 Τῇ
1509 3201 1790 3275 ὡρισμένῃ
1827 3201 2012 3273 βουλῇ,

345 3361 349 3364 ρ
437 3287 655 3351 δεικνὺς
671 3287 754 3342 ὃτι
782 3289 844 3342 οὐ
869 3290 934 3360 τῇ
968 3289 1151 3343 αὐτῶν
1184 3290 1330 3360 ἰσχύϊ
1356 3289 1601 3360 ἔπραξαν
1628 3291 1764 3362 ὅπερ
1787 3291 2018 3364 ἐτόλμη-

440 3396 568 3444 σαν,
621 3380 736 3432 ἀλλ’
769 3379 852 3433 ὅτι
896 3381 1113 3445 ἑκόντος
1144 3381 1353 3435 ἐκείνου
1373 3423 1388 3444 ,
1415 3383 1508 3434 καὶ
1536 3384 1618 3435 ὅτι
1653 3382 1856 3437 ἄνωθεν
1885 3385 2016 3453 ὠρι-

441 3473 641 3538 σμένον
669 3465 758 3541 ἦν.
804 3467 958 3536 Εἶτα,
997 3471 1084 3524 ἵνα
1136 3471 1211 3542 μὴ
1268 3471 1433 3525 πάλιν
1470 3471 1639 3526 ἁοῶοι
1668 3472 1895 3538 δόξωσιν
1920 3489 1934 3504 ο
1968 3475 2016 3528 ει

439 3562 552 3632 γὰρ
587 3563 680 3615 καὶ
730 3562 1061 3633 ὡρισμένον,
1094 3563 1244 3632 ὅμως
1294 3563 1448 3617 οὐδὲν
1493 3559 1657 3635 ἦττον
1707 3566 1906 3618 ἐκεῖνοι
1931 3568 2021 3621 ἀν-

438 3654 690 3723 δροφρνοι
718 3651 760 3684 ³⁷
794 3647 954 3724 ἦσαν·
993 3653 1220 3718 ἐπάγει·
1249 3654 1346 3706 Διὰ
1373 3653 1574 3724 χειρῶν
1607 3654 1829 3725 ἀνόμων
1851 3669 1866 3683 ο
1896 3655 2018 3726 ἦτοι

439 3746 527 3799 διὰ
553 3744 648 3798 τοῦ
678 3744 1009 3816 παραδόντος
1039 3744 1208 3797 ’ἰούδα
1229 3760 1244 3775 ο
1271 3744 1302 3816 ἢ
1325 3743 1418 3798 διὰ
1444 3744 1554 3798 τῶν
1581 3760 1715 3797 atat
1727 3745 2018 3815 ροισάντων

441 3837 811 3907 στρατιωτῶν.
855 3833 918 3888 Εἰ
945 3834 1002 3888 δὲ
1045 3833 1237 3905 ἄνομοι
1273 3837 1325 3886 οἱ
1367 3835 1805 3906 προσπήξαντες,
1841 3836 1936 3888 καὶ
1963 3836 2016 3888 oi

437 3928 718 3989 ἀνελόντες
767 3925 958 3994 δῆλονο
1024 3924 1162 3988 τέως
1223 3923 1282 3978 δὲ
1342 3924 1824 3996 συνεσκιασμένως
1882 3926 2016 3980 αὐτὸ

439 4019 618 4088 λέγει,
653 4018 742 4098 ενα
775 4016 856 4088 μὴ
886 4015 1086 4078 αὐτοὺς
1127 4017 1208 4079 είς
1239 4016 1550 4084 ἀπόγνωσιν
1575 4017 1812 4088 ἐμϐάλῃ.
1850 4017 1947 4070 Ὃν
1986 4018 2016 4072 ὀ

437 4106 890 4179 eam-1mm“.
922 4106 1097 4161 Βαῦαὶ
1128 4104 1240 4161 οἷον
1269 4109 1571 4178 ἐτόλμησεν
1602 4111 1776 4162 εἰπεῖν
1809 4109 2014 4180 μεταξὺ

439 4201 549 4254 τῶν
579 4182 890 4270 ιρονὼντων,
929 4200 1012 4253 ὃτι
1059 4199 1283 4268 ἀνέστη.
1316 4199 1388 4251 Τὸ
1416 4199 1471 4252 δὲ
1507 4199 1805 4271 ὲγηγέρθαι
1853 4201 2016 4254 αὐτὸν

440 4295 546 4347 ὑπὸ
597 4294 694 4347 τοῦ
748 4291 963 4363 Πατρὸς
1009 4289 1269 4361 λέγεσθοι
1295 4332 1308 4356 ,
1338 4290 1429 4344 διὰ
1454 4291 1563 4344 τῶν
1618 4291 1926 4344 ἀκουόντων
1955 4292 2015 4344 τὸ

2128 466 2236 523 tur,
2270 458 2529 529 quoniam
2559 457 2626 512 de
2657 455 2786 512 Jesu
2819 458 2944 512 illos
2975 456 3514 512 cominonel’acturus
3554 467 3694 512 crat.

2125 549 2260 605 Nam
2294 549 2461 621 paulo
2498 557 2646 614 ante,
2681 564 2804 604 curn
2837 549 3154 620 prophetam
3189 548 3461 613 audirent,
3489 549 3715 612 nullam.

2123 656 2348 696 causam
2383 641 2708 702 habuerunt,
2766 657 2864 694 cur
2901 642 3395 695 tumultuarentur.
3441 642 3519 696 Ac
3548 642 3691 710 vide,

2127 747 2187 790 ut
2209 735 2346 790 nihil
2368 733 2518 788 dicat
2554 735 2855 796 excelsum,
2889 736 2985 790 sed
3019 749 3050 788 a
3080 733 3436 788 vehementer
3471 735 3692 789 humili-

2121 825 2227 882 bus
2248 825 2556 881 exorditur.
2593 823 2932 879 Nazarenum
2963 823 3116 888 dicit,
3147 839 3450 895 cognomen
3477 839 3702 880 sumens

2123 933 2154 972 a
2187 917 2388 988 patria,
2446 932 2569 988 qua:
2595 918 2719 973 vilis
2743 931 2864 974 esse
2888 916 3195 972 videbatur.
3223 915 3696 981 Quemadmodum

2121 1009 2294 1074 enim,
2328 1023 2456 1062 cum
2517 1009 2776 1065 Christus
2824 1008 3028 1063 dicitur
3071 1008 3318 1078 potentia
3367 1005 3458 1060 Dei
3499 1017 3550 1062 et
3605 1006 3699 1061 Dei

2121 1102 2418 1172 sapientia,
2463 1101 2531 1156 de
2575 1101 2779 1156 deitate
2834 1101 2980 1155 illius
3026 1115 3088 1155 ea
3130 1099 3292 1155 verba
3341 1099 3645 1168 accipimus
3683 1123 3695 1152 ;

2119 1193 2194 1249 ita
2220 1191 2438 1261 quando
2468 1189 2692 1256 dicitur,
2737 1193 2822 1245 vir
2851 1206 2914 1245 ac
2942 1199 3186 1244 mortuus
3207 1206 3303 1259 pro
3332 1189 3571 1260 peccatis
3599 1205 3698 1243 uo-

2119 1282 2283 1347 stris,
2331 1281 2400 1336 de
2453 1296 2620 1338 carne
2673 1283 2822 1337 illius
2880 1281 3026 1352 quod
3082 1280 3310 1342 dicitur.
3374 1281 3700 1348 accipimus.

2121 1375 2258 1429 Vide
2280 1375 2428 1428 enim
2461 1374 2624 1428 etiam
2679 1375 2832 1428 illum
2876 1375 3054 1444 ipsum
3090 1373 3227 1428 alias
3259 1372 3480 1441 quidem
3509 1374 3701 1428 dicen-

2118 1475 2224 1519 tem
2289 1467 2647 1520 :Conamini
2705 1481 2792 1520 uie
2873 1466 3125 1521 occidere
3205 1464 3506 1528 hominem,
3596 1468 3689 1534 qui

2116 1555 2400 1610 veritatem
2450 1556 2609 1612 vobis
2659 1557 2772 1612 dixi
2809 1578 2822 1611 :
2863 1556 2999 1612 alias
3039 1563 3220 1610 autem
3259 1573 3274 1611 :
3308 1555 3420 1626 Ego
3447 1567 3501 1610 et
3533 1555 3694 1611 Pater

2117 1663 2288 1716 unum
2349 1663 2563 1704 sumus.
2633 1647 2771 1703 Hine
2823 1649 3162 1703 insanientes
3209 1648 3303 1718 qui
3345 1649 3414 1701 ab
3468 1649 3694 1702 Artema

2117 1740 2345 1812 pro‘ecti
2377 1746 2509 1795 sunt
2548 1739 2707 1808 (quos
2759 1737 3178 1795 Samosatenses
3200 1753 3422 1811 quoque
3447 1755 3694 1809 sequun-

2125 1831 2261 1903 tur),
2297 1831 2502 1886 uudum
2534 1831 2810 1886 hominem
2839 1845 2964 1887 esse
2994 1840 3188 1901 putant
3231 1829 3440 1897 Jesum,
3476 1839 3699 1902 propter

2114 1924 2454 1994 propositum
2477 1923 2681 1976 locum.
2697 1919 3027 1987 Virtutibus,
3041 1929 3101 1977 et
3120 1920 3408 1993 prodigiis,
3425 1928 3481 1976 et
3503 1923 3694 1990 signis.

2115 2015 2196 2069 Ad
2234 2015 2377 2069 hanc
2406 2015 2736 2069 sententiam
2771 2014 3008 2084 pertinet
3038 2015 3198 2068 etiam
3236 1999 3369 2069 illud
3397 2014 3604 2068 dictum
3632 2014 3688 2068 in

2117 2103 2361 2176 Epistola
2392 2105 2457 2160 ad
2476 2103 2775 2169 Romanos,
2795 2103 3075 2158 declarato
3094 2101 3234 2157 Filio
3265 2103 3356 2158 llei
3381 2119 3479 2174 per
3506 2110 3695 2174 poten-

2116 2198 2271 2262 tiam,
2327 2197 2429 2251 hoe
2461 2204 2568 2261 est,
2603 2210 2700 2265 per
2731 2207 2899 2264 opera
2954 2203 3120 2265 atque
3155 2193 3470 2248 facultatem
3529 2196 3667 2246 mira

2115 2289 2366 2344 culorqu
2402 2287 2801 2348 demonstrato.
2829 2294 2994 2341 utest
3043 2300 3227 2342 revera
3288 2282 3460 2338 Filius
3490 2283 3693 2340 Patris.

2114 2377 2249 2433 Nam
2307 2379 2453 2432 nulla
2505 2378 2718 2432 ratione
2755 2376 3031 2432 diversum
3071 2383 3184 2439 est,
3221 2377 3337 2430 sive
3367 2374 3493 2444 quis
3526 2375 3695 2439 (lit-at,

2115 2469 2269 2523 illum
2313 2469 2651 2523 declaratum
2687 2449 2810 2522 esse
2842 2464 3038 2519 Filium
3081 2463 3174 2520 Dei
3208 2479 3303 2534 per
3343 2465 3642 2534 potentiam
3676 2505 3692 2529 ,

2114 2563 2229 2618 sive
2257 2561 2690 2616 demonstratum
2714 2574 2835 2614 esse
2869 2560 3020 2613 illum
3057 2557 3354 2614 virtutibus
3387 2572 3486 2611 seu
3515 2556 3696 2612 [παι-

2118 2655 2330 2708 tatibus
2360 2659 2414 2707 et
2444 2651 2715 2722 prodigiis
2743 2666 2810 2705 ac
2836 2651 3029 2721 signis,
3065 2664 3188 2720 quae
3224 2664 3320 2718 per
3349 2649 3500 2701 illum
3559 2646 3690 2702 fecit

2116 2745 2259 2802 Deus
2292 2745 2344 2799 in
2377 2744 2558 2799 medio
2588 2752 2853 2799 vestrum.
2895 2745 3102 2798 ltevcra
3141 2741 3285 2796 Deus
3310 2749 3568 2812 tanquam
3598 2755 3696 2811 per

2117 2838 2336 2893 Filium.
2359 2835 2636 2906 Perillam
2665 2837 2812 2890 enim
2840 2835 3102 2890 divinitus
3128 2836 3291 2888 etiam
3322 2835 3517 2888 sa-cula
3546 2834 3692 2887 fecit.

2117 2928 2290 2982 Porro
2311 2943 2406 2998 per
2437 2927 2513 2993 id,
2550 2927 2697 2998 quod
2734 2926 2871 2982 dicit
2911 2945 2923 2980 :
2963 2927 3017 2980 in
3057 2924 3238 2979 medio
3296 2927 3487 2986 vestri.
3527 2935 3694 2981 testes

2117 3021 2356 3075 illosmet
2381 3020 2530 3089 ipsos
2562 3019 2801 3090 appellat
2824 3033 3038 3079 eorum,
3067 3033 3187 3086 qua:
3213 3017 3364 3072 dicit.
3398 3015 3692 3076 lumedio:

2121 3126 2231 3167 non
2263 3111 2425 3177 clam,
2457 3125 2637 3181 neque
2670 3111 2724 3164 in
2752 3108 2971 3179 angulo.
3006 3107 3212 3163 Deinde
3251 3123 3376 3164 cum
3407 3107 3692 3164 incidisset

2119 3205 2174 3258 in
2205 3202 2555 3269 temerarium
2585 3201 2718 3256 illud
2749 3200 2964 3256 facinus
2984 3215 3200 3265 eorum,
3235 3209 3468 3254 conatur
3494 3215 3590 3254 eos
3621 3200 3690 3252 ait

2121 3295 2215 3349 illo
2269 3293 2558 3349 absolvere
2612 3305 2776 3363 atque
2839 3292 3093 3355 liberare,
3129 3299 3184 3345 et
3247 3292 3324 3346 ait
3360 3307 3376 3345 :
3408 3291 3693 3345 destinato

2119 3395 2382 3454 certoque
2412 3384 2647 3440 consilio
2681 3401 2696 3440 :
2737 3392 2793 3440 et
2826 3383 3068 3438 ostendit
3101 3383 3222 3437 illos
3252 3399 3360 3436 non
3391 3383 3507 3437 suis
3542 3382 3690 3452 ipso-

2123 3494 2240 3534 rum
2272 3477 2482 3532 viribus
2511 3477 2710 3546 egisse,
2749 3473 2896 3545 quod
2929 3475 3047 3530 ausi
3092 3485 3242 3540 sunt,
3307 3473 3403 3529 sed
3457 3473 3550 3528 illo
3597 3488 3692 3525 vo-

2117 3570 2285 3632 lente,
2321 3575 2376 3622 et
2408 3568 2553 3638 quod
2607 3567 2910 3636 antiquitus
2952 3567 3023 3620 ita
3067 3566 3400 3620 destinatum
3453 3574 3520 3620 et
3559 3579 3694 3617 eone

2118 3660 2376 3715 stitutum
2440 3665 2582 3713 erat.
2647 3657 2867 3720 Postea,
2940 3671 3008 3710 ne
3089 3669 3287 3710 rursus
3370 3655 3692 3710 innocentes

2117 3752 2436 3807 viderentur
2467 3769 2480 3805 :
2534 3764 2658 3804 nam
2686 3749 2902 3804 etiamsi
2932 3757 3198 3805 statutmu
3239 3761 3304 3800 ac
3357 3745 3692 3800 destinatum

2115 3850 2254 3907 erat,
2310 3842 2670 3897 nihilominus
2697 3840 2774 3894 illi
2805 3839 3090 3894 homicida:
3127 3845 3307 3904 erant,
3355 3836 3638 3906 subjuugit
3673 3850 3690 3888 :

2116 3951 2213 4005 per
2250 3949 2442 3989 manus
2471 3934 2863 3987 sceleratorum
2900 3949 2913 3984 :
2953 3933 3067 3986 sive
3093 3946 3188 4000 per
3214 3928 3548 3999 proditorem
3591 3927 3690 3979 Ju-

2116 4028 2266 4091 dam,
2321 4037 2416 4081 aut
2451 4040 2547 4094 per
2573 4025 2798 4086 milites,
2845 4023 2938 4092 qui
2998 4022 3413 4078 crueitixerunt.
3451 4017 3608 4084 Quod
3645 4019 3692 4072 si

2119 4120 2370 4176 scelerati
2405 4127 2557 4183 sunt,
2582 4119 2675 4189 qui
2702 4115 3012 4181 alﬁxeruut,
3044 4128 3204 4169 nemo
3233 4112 3528 4177 dubitabit,
3559 4112 3690 4180 quin

2116 4213 2280 4266 etiam
2321 4212 2424 4278 illi,
2452 4210 2550 4280 qui
2599 4209 2938 4264 sustulerunt
2971 4213 3026 4261 et
3058 4204 3469 4261 interfecerunt.
3513 4202 3696 4272 Atque

2121 4303 2172 4356 id
2195 4303 2410 4357 interim
2445 4301 2554 4371 29
2590 4301 2644 4356 in
2677 4301 2836 4354 initio
2862 4307 3003 4353 tecte
3025 4298 3181 4364 dicit,
3243 4312 3309 4351 ιιι·
3337 4294 3696 4364 illosmiiciat

438 4384 705 4447 ἀσθενέςο
771 4383 830 4437 ὲν
876 4383 981 4436 τίνι
1033 4381 1142 4452 γὰρ
1188 4369 1224 4436 δ’
1268 4381 1462 4451 Πατὴρ
1518 4383 1770 4452 ὲνεργεῖ;
1818 4382 1907 4434 Ἐν
1946 4384 2012 4454 τῇ

2120 4396 2175 4449 in
2202 4394 2666 4464 deSpcrationem.
2702 4391 2874 4456 Quem
2907 4389 3051 4445 Deus
3092 4387 3475 4445 exsuscitavit.
3507 4384 3690 4456 Papm,

436 4475 619 4548 οἰκείᾳ
655 4474 887 4546 δυνάμει
928 4473 1206 4546 δηλονότι·
1249 4474 1479 4544 δύναμις
1514 4473 1571 4528 δὲ
1601 4473 1693 4527 τοῦ
1725 4473 1954 4538 Πατρὸς,
1990 4476 2018 4528 ὁ

402 4566 696 4637 νΧριστὸς.
738 4563 953 4619 Οὐκοῦν
1007 4563 1198 4618 ἑαυτὸν
1253 4564 1555 4634 ἀνέστησε,
1614 4564 1710 4618 καὶ
1769 4563 1874 4616 ὑπὸ
1921 4563 2016 4616 τοῦ

437 4659 653 4730 Πατρὺς
681 4657 982 4727 ὲγηγὲρθαι
1004 4657 1315 4726 λεγόμενος.
1357 4657 1539 4720 Λύσας
1569 4657 1666 4717 τὰς
1698 4655 1892 4719 ὠδῖνος
1921 4653 2015 4708 τοῦ

437 4750 694 4806 θανάτου.
718 4751 1006 4804 Δείκνυσιν
1029 4751 1111 4803 ὅτι
1133 4751 1226 4802 καὶ
1251 4750 1280 4802 ὁ
1319 4749 1546 4812 θάνατος
1577 4747 1733 4802 ὢδινε
1770 4749 2016 4818 κατέχων

437 4844 604 4896 αὐτὸν
645 4843 744 4896 καὶ
783 4844 851 4896 τὰ
883 4841 1030 4895 δεινὰ
1079 4841 1308 4911 ἔπασχε.
1350 4841 1527 4893 Ὠδῖνσ.
1571 4839 1682 4908 γὰρ
1719 4839 1948 4894 θανάτου
1984 4841 2012 4909 ἢ

384 4923 392 4933 ’
437 4933 645 4991 παλαιὰ
690 4934 932 4996 κίνδυνον
972 4933 1068 4987 καὶ
1143 4930 1427 5002 συμφοράν
1477 4947 1662 5001 φησιν.
1703 4931 1764 4984 '0
1810 4928 2016 4985 ὠδίνων

437 5028 500 5082 οὑ
535 5028 760 5099 κατέχει
783 5026 847 5080 τὸ
891 5027 1282 5112 κατεχόμενον,
1317 5023 1443 5076 οὐδὲ
1475 5023 1578 5093 δρᾷ
1600 5061 1616 5087 ,
1649 5021 1786 5076 ἀλλὰ
1814 5024 2016 5092 πάσχει

437 5120 536 5174 καὶ
569 5119 728 5191 ῥίψαι
755 5117 1000 5172 σπεύδει.
1028 5115 1100 5172 Εὖ
1127 5117 1185 5170 δὲ
1228 5115 1384 5168 λύσιν
1411 5114 1619 5168 ὠδίνων
1643 5113 1738 5167 τοῦ
1784 5114 2014 5168 θανάτου

435 5214 540 5283 τὴν
585 5213 887 5268 ἀνάστασιν
925 5209 1396 5283 προσηγόρευσεν,
1434 5209 1525 5262 ἵνα
1574 5207 1737 5279 εἴπῃο
1771 5206 2008 5278 Ἐῤῥηξε

439 5304 534 5358 καὶ
583 5302 856 5374 ἀνέρρηξε
896 5302 997 5374 τὴν
1043 5301 1242 5370 ἔγκυον
1288 5299 1333 5333 ⁸⁸
1390 5301 1483 5353 καὶ
1532 5298 1858 5370 δγκωμένην
1913 5299 2009 5354 καὶ

2121 4486 2283 4554 quale
2333 4485 2560 4551 verbum
2613 4483 2758 4537 inter
2808 4481 2974 4535 caedis
3019 4480 3210 4535 avidos
3245 4493 3413 4534 ausus
3445 4488 3529 4534 cst
3567 4493 3694 4547 pro-

2126 4580 2292 4639 ferre,
2326 4575 2480 4628 illum
2501 4572 2760 4628 videlicet
2788 4571 3189 4628 resurrexisse.
3235 4569 3406 4624 Porro
3431 4568 3576 4638 quod
3608 4568 3691 4620 di-

2121 4669 2269 4723 citur
2292 4682 2322 4720 a
2355 4666 2516 4720 l’atrc
2565 4663 2940 4720 exsuscitatus
2973 4676 3118 4726 esse,
3149 4660 3205 4715 id
3252 4660 3311 4714 lit
3342 4669 3562 4730 propter
3596 4674 3693 4711 an-
3795 4705 3797 4707 ,

2117 4756 2385 4813 dieutium
2446 4753 2843 4808 inﬁrmitatem.
2903 4750 3007 4806 Per
3081 4765 3244 4818 quem
3323 4747 3470 4802 enim
3531 4745 3695 4800 Pater

2115 4844 2415 4917 Operatur?
2446 4843 2547 4897 Per
2573 4843 2847 4912 pl’opt‘iatm
2871 4840 3123 4894 videlicet
3158 4838 3479 4908 potentiam.
3522 4836 3693 4891 Porro

2117 4938 2355 5009 potentia
2388 4933 2566 4989 Patris
2598 4943 2683 4988 est
2739 4932 3018 4988 Christus.
3048 4931 3218 5002 Igitur
3259 4929 3499 4998 setpsum
3544 4931 3694 4984 exei-

2116 5029 2271 5092 ta‘tit,
2325 5027 2540 5082 etiamsi
2572 5040 2602 5078 a
2638 5023 2799 5078 Patre
2831 5023 3206 5079 exsuscitatus
3269 5027 3394 5076 esse
3447 5019 3687 5074 dicatur.

2120 5121 2330 5174 Salutis
2352 5115 2688 5172 cruciatibus
2719 5116 2935 5171 mortis.
2967 5111 3219 5169 Ostendit
3247 5112 3410 5166 etiam
3436 5121 3688 5175 mortem,

2117 5227 2243 5266 cum
2279 5211 2426 5264 illum
2458 5207 2748 5274 detineret,
2782 5208 2941 5277 quasi
2980 5206 3314 5276 parturiisse
3347 5213 3402 5256 et
3462 5203 3691 5257 acerbus

2116 5304 2337 5360 dolores
2387 5301 2740 5357 sustinuisse.
2782 5299 3070 5355 Parturam
3102 5297 3272 5362 enim,
3306 5309 3404 5352 seu
3438 5293 3688 5349 dolorem

1629 5482 1830 5548 Varia:
1871 5481 2183 5546 lectiones
2211 5488 2275 5546 et
2300 5491 2490 5546 notua.

538 5637 585 5668 ⁸³
616 5635 924 5697 ἀκούοντος,
949 5642 1087 5687 erat.
1162 5633 1206 5666 ³³
1231 5627 1339 5686 οἶόν
1377 5654 1456 5704 τε,
1480 5645 1613 5692 erat.
1692 5636 1734 5672 ³⁸
1757 5634 1947 5700 ταῦτα,
1977 5650 2017 5690 et

2188 5636 2233 5669 ³⁸
2254 5634 2483 5705 fortasse
2517 5632 2869 5705 repetendum,
2899 5632 2958 5684 ἒν
3001 5630 3155 5702 μέσῳ
3181 5627 3354 5701 ὑμῶν.
3431 5629 3474 5662 "
3505 5627 3694 5702 ἀνδρο-

439 5707 632 5778 φόνιοι,
659 5720 794 5762 erat.
899 5705 943 5738 ⁸³
973 5707 1188 5774 ἔγγυον,
1222 5714 1356 5757 erat.
