4180 6290
418 437 522 501 697

1138 432 1553 500 EXPOSITIO
1586 433 1671 495 IN
1709 433 1903 496 ACTA
1938 435 2501 499 APOSTOLORUM
2529 461 2597 473 α·-
2616 433 2782 498 CAP.
2813 435 2984 498 XIII;

3576 432 3683 499 693

506 548 604 615 Ὠς
629 546 728 603 καί
751 547 823 603 ἐν
853 544 934 614 τῷ
958 545 1183 619 ψαλμῷ
1206 544 1290 612 τῷ
1323 544 1582 614 δευτέρῳ
1628 541 1955 614 γέγραπται
1978 561 1994 575 ·

2169 546 2333 603 Vens.
2392 547 2481 605 55.
2521 548 2587 604 Ut
2628 550 2787 604 etiam
2823 550 2878 602 in
2922 547 3127 618 psalmo
3175 548 3402 602 secundo
3432 546 3684 613 scriptam

429 640 558 702 Υίός
581 657 701 708 μου
719 635 876 695 εῒσύ
904 654 921 670 ⁸
951 640 1066 711 ἐγὼ
1103 639 1373 710 σήμερον
1390 636 1727 708 γεγέννηκά
1754 652 1852 692 σε.

492 731 615 786 Ὅτι
641 730 712 785 δὲ
763 732 1107 803 ἀνέστησεν
1140 732 1329 787 αὑτὸν
1381 732 1450 786 ἐκ
1493 728 1746 799 νεκρῶν,
1788 726 2003 801 μηκέτι

422 820 726 893 μέλλοντα
760 825 807 859 ⁶¹
837 823 1242 895 ὑποστρέφειν
1286 823 1377 889 είς
1412 820 1764 892 διαφθορὰν,
1811 821 2003 890 οὕτως

424 912 685 982 εἴρηκεν,
724 912 815 968 ὅτι
846 913 1025 970 Δώσω
1044 913 1192 986 ὑμῖν
1211 913 1285 970 τὰ
1332 912 1473 969 ὅσια
1502 912 1676 969 Δαυῒδ
1696 913 1770 968 τὰ
1789 913 2000 969 πιστά.

494 1006 594 1059 Διὸ
616 1005 717 1060 και
744 1005 816 1061 ἐν
835 1005 1017 1075 ἑτέρῳ
1042 1005 1209 1079 λέγει
1227 1022 1242 1039 ·
1273 1006 1358 1062 Οὐ
1395 1003 1611 1074 δώσεις
1657 1005 1771 1062 τὸν
1826 1003 2004 1061 ὅσιόν

421 1114 538 1154 σου
572 1098 722 1154 ίδεῗν
748 1099 1100 1170 διαφθοράν.

492 1189 679 1245 Acrth
705 1190 829 1261 μὲν
848 1191 961 1263 γὰρ
988 1191 1107 1261 ίδίᾳ
1138 1191 1320 1264 γενεᾷ
1363 1191 1776 1264 ὑπηρετήσας,
1800 1191 1878 1263 τῇ
1893 1192 2004 1249 τοῦ

425 1281 577 1337 Θεοῦ
596 1282 808 1354 βουλῇ
843 1284 1152 1357 ἐκοιμήθη,
1170 1286 1270 1342 καί
1292 1285 1627 1357 προσετέθη
1659 1287 1810 1357 πρὸς
1857 1284 2005 1355 τοὺς

422 1373 684 1443 πατέρας
706 1375 916 1440 αὐτοῦ,
951 1375 1053 1431 καὶ
1079 1371 1203 1432 εἶδε
1236 1376 1586 1448 διαφθοράν.

509 1638 770 1719 Ἰωάννης
815 1650 1090 1720 μαρτυρεί
1140 1648 1238 1719 οὐχ
1291 1646 1513 1713 ἁπλῶς·
1590 1647 1731 1704 ἀλλά
1784 1649 2004 1703 πάντων

422 1737 519 1792 ὑπ’
550 1736 719 1792 αὐτὸν
739 1738 984 1807 ἀγόντων
995 1738 1095 1809 τὴν
1117 1740 1299 1808 δόξαν.
1324 1740 1487 1805 αὐτὸς
1514 1740 1703 1811 ἀὐτὴν
1725 1738 2008 1810 ἀποκρού-

419 1845 560 1884 εται.
598 1830 675 1884 Οὐ
696 1829 806 1902 γάρ
824 1831 977 1886 ἐστιν
1002 1830 1121 1887 ἴσον
1155 1832 1389 1904 μηδενὸς
1408 1833 1644 1898 διδόντος
1670 1832 1764 1887 καὶ
1791 1831 2004 1886 πολλῶν

2101 648 2217 695 est:
2255 637 2299 692 F
2301 639 2427 694 ilius
2453 656 2599 695 meus
2624 655 2677 696 es
2707 651 2786 705 tu,
2815 656 2911 712 ego
2940 641 3094 695 hodie
3117 641 3273 710 genui
3303 650 3371 692 te.

2170 730 2333 786 Vnus.
2359 731 2450 786 54.
2484 729 2639 796 Quod
2666 740 2845 787 autent
2873 747 2991 787 eum
3018 730 3349 785 suscitaverit
3374 746 3404 784 a
3437 727 3681 792 mortuis,

2102 839 2208 878 non
2235 824 2466 893 amplius
2492 825 2831 896 redigendum
2865 825 2937 879 ad
2960 824 3374 894 corruptionem,
3398 822 3476 877 ita
3510 821 3642 876 dixit
3662 836 3683 876 :

2101 912 2255 970 Dabo
2281 916 2421 971 vobis
2441 927 2630 971 sancta
2671 914 2845 971 Dauid
2869 916 3073 987 fidelia.

2172 1006 2332 1064 Vsus.
2370 1007 2849 1074 lii-Quamobrem
2880 1009 3043 1064 etiam
3063 1007 3196 1064 alibi
3220 1009 3346 1063 dicit
3373 1023 3393 1065 :
3425 1006 3546 1063 Non
3568 1025 3686 1072 prr-

2102 1099 2300 1165 mittes,
2330 1108 2388 1154 ut
2410 1110 2625 1156 sanctus
2655 1109 2776 1156 tuus
2791 1102 2966 1157 videat
2990 1102 3401 1170 corruptionem.

2172 1193 2337 1250 Vsus.
2365 1193 2455 1251 36.
2477 1193 2619 1249 Nam
2631 1193 2815 1250 'Dauid
2838 1195 3045 1266 quidem
3064 1210 3183 1249 eum
3208 1210 3319 1250 sua:
3345 1195 3494 1249 aetati
3516 1195 3688 1250 inser-

2102 1285 2284 1353 pisset,
2330 1286 2554 1341 consilio
2596 1284 2692 1341 Dei
2731 1286 3064 1352 obdormiuit,
3100 1297 3152 1342 et
3193 1286 3462 1357 appositus
3506 1290 3684 1342 estad

2025 1433 2042 1450 _.
2104 1378 2334 1447 majores
2364 1394 2505 1444 suos,
2533 1386 2584 1432 et
2619 1378 2749 1432 vidit
2782 1380 3192 1449 corruptionem.

500 1465 611 1520 ’ον
634 1464 703 1520 δὲ
731 1469 766 1524 ό
788 1468 935 1536 Θεὸς
954 1460 1225 1540 ἤγειρενῖ
1243 1469 1356 1525 οὐκ
1378 1465 1501 1525 εἷδε
1522 1466 1929 1543 διαφξθμράν.
2022 1478 2030 1495 ³

2174 1472 2341 1527 Vens.
2389 1471 2482 1527 57.
2514 1468 2618 1527 Sed
2652 1487 2806 1541 quem
2837 1471 2981 1526 Deus
3035 1471 3385 1533 resuscitauit.
3426 1488 3531 1527 non
3553 1472 3684 1529 uidit

2104 1564 2506 1635 corruptionem.

2173 1653 2415 1711 Joannes
2433 1668 2544 1710 non
2570 1652 2892 1723 simpliciter
2919 1652 3263 1716 testiﬁcatur,
3287 1650 3388 1708 sed
3413 1665 3540 1707 cum
3565 1664 3687 1704 om-

2104 1760 2206 1804 nes
2261 1746 2330 1802 ad
2377 1760 2503 1802 eum
2567 1746 2849 1803 deferrent
2895 1745 3379 1809 existimationem,
3406 1741 3526 1812 ipse
3566 1756 3686 1795 eam

2102 1838 2307 1910 reiicit.
2337 1838 2454 1896 Non
2483 1839 2630 1913 enim
2654 1837 2796 1895 idem
2825 1845 2927 1902 est,
2960 1838 3181 1893 nemine
3208 1836 3391 1901 dante,
3420 1843 3477 1890 et
3502 1832 3692 1890 multis

422 1921 797 1993 παρεχόντων,
828 1922 1034 1994 ταύτην
1058 1922 1159 1995 τὴν
1195 1923 1363 1995 τιμὴν
1398 1923 1731 1978 διωθεῖσθαι.
1766 1920 2005 1991 Ἄνδρες

2110 1933 2481 2005 praebentibus
2508 1932 2656 1989 hunc
2690 1932 2954 1988 honorem
2983 1930 3165 2001 respui
3191 1938 3355 2000 atque
3387 1925 3687 1998 repudiari.

420 2009 697 2078 ἀδελφοί,
767 2012 887 2067 υἱοὶ
946 2011 1166 2084 γένους
1223 2012 1492 2084 Ἀϐραάμ.
1553 2014 1667 2084 Τὴν
1723 2012 2007 2082 εὐγένειαν

421 2098 660 2156 ὲνθαῦθα
713 2101 954 2157 δείκνυσι
1011 2102 1110 2176 τὴν
1153 2104 1475 2176 Ἰουδαῖκήν.
1520 2105 1632 2160 Kal
1681 2106 1738 2160 οί
1776 2104 2002 2175 ἄρχον-

422 2207 525 2256 τες
577 2191 779 2250 αὐτῶν
816 2195 1033 2252 τοῦτον
1067 2195 1506 2266 ἀγνοήσαντες.
1554 2196 1726 2269 ’Υπὲρ
1776 2194 2004 2254 ἐκείνων

421 2283 773 2356 ἀπολογεῖται
838 2287 1046 2362 ἡρέμα.
1103 2287 1486 2362 Ἐσταῠρωσαν
1508 2330 1526 2355 ,
1576 2290 1742 2358 φησὶν
1764 2327 1781 2354 ,
1839 2288 2005 2344 αὐτὸν

420 2379 824 2452 ἀγνοήσαντες·
856 2382 1080 2453 ἀγνοίας
1107 2383 1218 2455 γὰρ
1262 2380 1333 2456 ἦν
1386 2385 1448 2440 τὺ
1500 2384 1827 2457 ἁμάρτημα.
1881 2383 2000 2440 Καὶ

416 2472 721 2544 μηδεμίαν
758 2476 961 2532 αίτίαν
1022 2478 1284 2534 θανάτου
1337 2479 1639 2549 εὑρόντες,
1694 2478 2005 2546 ᾐτήσαντο

422 2568 690 2623 Πιλᾶτον
768 2568 1159 2639 ἀναιρεθῆναι
1237 2572 1445 2628 αὐτόν.
1527 2573 1601 2627 Πε
1610 2572 2002 2645 ρισπούδαστον

421 2660 610 2724 αὐτοῖς
629 2658 722 2714 τδν
750 2661 953 2731 τρόπον
1026 2657 1150 2717 εἶπε
1208 2662 1305 2718 τοῦ
1359 2664 1615 2721 θανάτου.
1647 2665 1897 2729 ,Πιλάτον
1948 2663 2008 2720 δὲ

420 2748 504 2813 είς
532 2748 700 2821 μέσον
730 2752 1012 2823 φέρουσιν,
1057 2751 1149 2807 ἶνα
1171 2753 1269 2807 καὶ
1321 2753 1383 2807 τὸ
1441 2754 1613 2820 πάθος
1679 2755 1836 2825 δῆλον
1905 2757 2002 2826 γέ-

418 2859 580 2913 νηται
645 2842 754 2898 ἀπὺ
821 2843 915 2899 τοῦ
986 2845 1297 2917 κριτηρίου,
1351 2847 1447 2900 καὶ
1510 2845 1600 2902 ἴνα
1646 2846 1845 2902 ἐκεῖνοι
1877 2865 2004 2920 μει-

422 2935 596 3000 ζόνως
622 2936 1062 3008 κατηγορῶνται,
1098 2935 1255 3009 ἀνδρὶ
1304 2937 1639 3008 παραδόντες
1696 2937 2004 3011 ἀλλοφύλῳ.

424 3029 536 3084 Καὶ
570 3028 669 3083 οὐκ
706 3025 884 3096 εἶπεν,
917 3029 1219 3101 Ἐνέτυχον,
1255 3029 1372 3084 ἀλλ’
1433 3029 1792 3105 ’ῌτήσαντα
1826 3032 2007 3107 Χάριν

426 3118 643 3187 ἔλαϐον,
675 3120 862 3191 φησὶν,
894 3121 971 3184 ὡς
1000 3120 1211 3175 ἐκείνου
1249 3120 1327 3194 μὴ
1360 3120 1628 3188 θέλοντος.
1680 3122 1860 3196 Ὅπερ
1909 3140 2009 3181 σα-

426 3210 690 3282 φέστερον
712 3209 917 3281 Πέτρος
943 3209 1114 3280 λέγει·
1142 3208 1387 3266 Ἐκείνου
1413 3210 1697 3285 κρίναντος
1722 3211 2003 3267 ἀπολύειν.

436 3302 492 3356 ⁸0
518 3302 588 3358 δὲ
605 3303 750 3370 Θεὸς
772 3300 1012 3372 ἤγειρεν
1030 3300 1219 3357 αὐτὸν
1232 3302 1302 3358 ἐκ
1325 3302 1575 3373 νεκρῶν.
1598 3304 1691 3376 Μὴ
1707 3305 2005 3376 θορυόείτω

426 3411 487 3448 σε
505 3394 585 3459 τδ,
602 3393 695 3450 τὸν
725 3393 936 3466 Ἰησοῦν
985 3393 1288 3467 ιγηγέρθαι
1314 3395 1420 3450 ὑπὸ
1440 3396 1536 3451 τοῦ
1569 3395 1706 3451 Θεοῦ
1729 3396 2007 3469 λέγεσθαι.

426 3487 489 3541 Εἰ
523 3486 636 3559 γάρ
672 3484 881 3558 Ἰησοῦς
907 3485 1007 3540 οὐκ
1031 3485 1191 3549 ἄλλος
1218 3487 1390 3555 ἐστὶν,
1429 3488 1508 3562 ἢὸ
1553 3489 1730 3560 Λόγος
1786 3491 1816 3545 ό
1874 3507 2011 3563 σαρ-

427 3578 625 3643 κωθείς
658 3593 674 3610 ·
740 3571 897 3643 οὗτος
937 3579 997 3633 δὲ
1043 3580 1076 3652 ἠ
1118 3579 1351 3653 δύναμις
1397 3581 1494 3637 τοῦ
1547 3583 1785 3656 Πατρὸς,
1832 3582 1903 3638 δι’
1938 3578 2010 3658 ἧς

398 3673 646 3727 ἅπαντα
667 3671 884 3744 ἐνεργεῖ
919 3672 1063 3727 κατὰ
1093 3672 1177 3739 τὺ,
1233 3673 1514 3745 Χριστὸς,
1549 3677 1701 3732 Θεοῦ
1752 3676 2008 3748 δύναμις

425 3765 523 3820 καί
568 3764 717 3820 Θεοῦ
735 3766 947 3837 σοφία,
977 3765 1140 3832 αὐτὸς
1168 3766 1366 3823 ἑαυτὸν
1396 3768 1755 3825 ἀνεστακέναι
1810 3771 2008 3843 νοηθῆ-

427 3875 605 3924 σεται,
656 3859 754 3913 stati.
791 3858 1096 3931 ἐγηγέρθαι
1134 3860 1433 3933 λεγόμενος
1487 3863 1595 3917 ὑπὸ
1646 3862 1740 3917 τοῦ
1768 3864 2004 3937 Πατρὸς,

426 3949 518 4020 ἔφ’
540 3948 625 4016 ὃν,
653 3949 734 4016 ὡς
762 3951 946 4023 ἀρχὴν
979 3952 1076 4005 καὶ
1121 3951 1304 4006 αἰτίαν
1348 3951 1600 4025 ἄχρονον,
1635 3952 1852 4009 ἅπαντα
1875 3954 2010 4009 ἀνα-

427 4044 678 4114 φέρεται.
714 4041 870 4097 Ἐπεὶ
901 4041 999 4098 καὶ
1012 4043 1175 4108 αὐτός
1202 4061 1338 4115 φησι
1364 4060 1379 4074 ⁸
1440 4046 1680 4101 Λύσατε
1720 4044 1830 4100 τὸν
1857 4053 2010 4102 ναὸν

426 4130 664 4201 τοῦτον,
691 4133 793 4191 καί
807 4136 878 4190 ἐν
894 4137 1090 4204 τρισὶν
1119 4134 1367 4207 ἡμέραις
1377 4136 1561 4206 ἐγερῶ
1585 4137 1795 4193 αὐτόν.
1817 4169 1886 4183 ——
1904 4142 2008 4206 ’⁸ος

424 4225 592 4294 ὤφθη
618 4224 745 4293 τοῖς
762 4225 1187 4282 συναναϐᾶσιν
1207 4225 1368 4293 αὐτῷ
1399 4228 1445 4262 ⁸³
1467 4230 1555 4297 είς
1588 4227 2008 4301 Ἰερουσαλὴμ,

428 4319 530 4376 ἐπὶ
589 4320 815 4392 ἡμέρας
833 4320 1332 4389 πλείους,οἳτινές
1358 4323 1479 4376 εισι
1501 4321 1802 4393 μάρτυρες
1822 4324 2010 4380 αὐτοῦ

425 4415 579 4484 πρὸς
594 4412 705 4468 τὸν
730 4415 888 4469 λαόν
913 4428 928 4444 ο
974 4413 1075 4468 οὐκ
1111 4411 1179 4467 ἂν
1213 4411 1394 4477 ὄντες,
1415 4413 1464 4466 εἰ
1513 4413 1589 4485 μὴ
1622 4410 1744 4485 θείᾳ
1782 4413 2012 4486 δυνάμει

423 4503 793 4562 ἐϐεϐαιοῢντο.
824 4505 951 4571 Τοῖς
965 4504 1202 4571 τέκνοις
1218 4503 1339 4560 τῶν
1364 4504 1633 4575 πατέρων
1668 4506 1833 4577 ὑμῖν,
1860 4507 2010 4562 dra-

2114 2025 2224 2081 Viri
2255 2027 2466 2097 fratres,
2503 2025 2697 2096 posteri
2741 2025 2945 2095 generis
2984 2023 3294 2078 Abrahami.
3344 2018 3690 2076 Nobilitatem

2108 2115 2166 2173 in
2199 2118 2303 2174 hoc
2327 2118 2470 2185 loco,
2490 2131 2555 2173 ac
2580 2114 3117 2190 generisluda‘orum
3137 2113 3480 2185 splendorem
3504 2121 3693 2166 osten-

2105 2210 2208 2268 dit.
2231 2211 2303 2268 Et
2330 2210 2593 2281 principes
2621 2226 2801 2266 eorum
2827 2209 2977 2265 illum
3004 2210 3327 2281 ignorantes.
3362 2203 3613 2260 Defendit
3635 2208 3693 2256 et

2105 2310 2334 2360 excusat
2350 2302 2471 2358 illos
2488 2302 2675 2372 aliquo
2697 2301 2881 2357 modo.
2904 2299 3325 2364 Cruciﬁxerunt,
3341 2296 3539 2367 inquit,
3561 2309 3688 2349 eum

2108 2396 2428 2469 ignorantes
2458 2394 2710 2464 quisnam
2739 2403 2888 2451 esset
2930 2410 2947 2448 :
3005 2391 3326 2464 ignorantia:
3372 2389 3517 2444 enim
3571 2394 3694 2442 erat

2106 2489 2389 2549 delictum.
2428 2487 2495 2543 Et
2519 2487 2669 2542 nulla
2697 2502 2858 2542 causa
2887 2486 3070 2541 mortis
3100 2485 3335 2548 inuenta,
3370 2482 3630 2553 petierunt
3656 2497 3692 2534 α

2106 2582 2310 2649 Pilato,
2332 2588 2389 2638 ut
2417 2580 2708 2636 tolleretur.
2723 2578 3034 2650 Expetitum
3063 2574 3257 2631 abillis
3286 2573 3508 2630 modum
3535 2587 3693 2627 mor-

2109 2676 2179 2735 tis
2206 2689 2330 2732 esse
2359 2674 2513 2730 dicit.
2543 2673 2774 2730 Pilatum
2800 2680 2982 2728 autem
3008 2668 3062 2724 in
3092 2667 3334 2725 medium
3362 2665 3692 2735 producunt,

2107 2778 2171 2825 ut
2207 2777 2263 2826 et
2297 2766 2625 2838 supplicium
2663 2766 2835 2822 aloco
2880 2762 3082 2835 judiciil
3113 2760 3460 2818 manifestum
3512 2757 3691 2821 ﬁeret,

2106 2867 2163 2915 et
2184 2858 2259 2914 illi
2289 2856 2671 2914 vehementius
2691 2861 3102 2917 accusarentur,
3114 2852 3208 2922 qui
3230 2850 3348 2906 viro
3377 2848 3695 2919 alienigenae

2110 2952 2392 3010 Christum
2425 2949 2798 3006 tradidissent.
2829 2948 2897 3003 Et
2923 2962 3032 3001 non
3059 2945 3216 3012 dixit,
3252 2942 3693 3005 Postulaverunt,

2109 3043 2207 3100 sed
2237 3042 2519 3113 petierunt.
2561 3038 2747 3094 Gratia
2781 3037 3234 3106 impetraverunt,
3271 3031 3470 3102 inquit,
3504 3039 3695 3101 utpote

2110 3134 2206 3191 illo
2250 3133 2495 3189 uolente.
2530 3130 2687 3199 Quod
2735 3129 2930 3186 Petrus
2961 3128 3202 3199 apertius
3224 3124 3357 3182 dicit
3388 3141 3403 3179 :
3433 3123 3570 3178 Cum
3604 3121 3693 3178 ille

2111 3226 2392 3283 statuisset
2422 3239 2548 3281 eum
2576 3222 2863 3279 absolvere
2913 3236 2977 3276 ac
3005 3219 3299 3276 dimittere.
3336 3217 3473 3272 Deus
3513 3224 3692 3269 autem

2111 3335 2230 3376 eum
2264 3317 2539 3374 suscitavit
2587 3332 2621 3370 a
2665 3314 2908 3370 mortuis.
2944 3310 3024 3368 Ne
3060 3320 3114 3366 te
3149 3316 3364 3366 moveat
3388 3323 3453 3363 ac
3486 3305 3690 3370 turbet,

2110 3410 2258 3484 quod
2287 3409 2448 3467 Iesus
2471 3408 2673 3464 dicitur
2701 3406 3001 3463 suscitatus
3037 3417 3159 3459 esse
3197 3416 3229 3457 a
3280 3400 3414 3456 Deo.
3458 3396 3595 3454 Nam
3641 3395 3692 3450 si

2107 3504 2271 3562 Iesus
2290 3517 2400 3559 non
2427 3500 2568 3557 alius
2586 3508 2671 3557 est
2697 3508 2861 3570 atque
2881 3496 3118 3553 Verbum
3144 3496 3505 3553 inearnatum.
3529 3500 3694 3559 atque

2109 3597 2217 3654 hoc
2258 3594 2506 3669 potentia
2550 3591 2728 3650 Patris
2761 3600 2867 3658 est,
2908 3603 3015 3659 qua
3060 3588 3244 3642 omnia
3301 3585 3462 3655 110
3506 3581 3693 3646 efﬁcit,

2106 3690 2254 3748 sicut
2295 3689 2502 3746 dictum
2536 3695 2622 3743 est
2660 3683 2795 3740 illud
2834 3700 2848 3739 :
2901 3681 3135 3740 Christus
3171 3678 3268 3734 Dei
3305 3677 3541 3749 potentia
3566 3716 3579 3740 ,
3630 3691 3695 3728 ac

2108 3783 2209 3839 Dei
2253 3782 2543 3853 sapientia,
2577 3777 2872 3848 semetipso
2914 3775 3270 3830 resnscitasse
3317 3769 3691 3840 intelligetur,

2107 3876 2319 3934 etiamsi
2353 3891 2383 3931 a
2415 3873 2575 3930 Patre
2601 3872 2962 3929 resuscitatus
2988 3883 3111 3924 esse
3144 3868 3377 3931 dicatur,
3411 3864 3478 3920 ad
3507 3878 3690 3934 quem,

2108 3979 2367 4040 tanquam
2385 3965 2715 4038 principium
2740 3975 2797 4021 et
2829 3978 3055 4020 causam
3090 3959 3353 4030 temporis
3387 3966 3694 4028 expertem,

2110 4062 2298 4118 omnia
2323 4059 2660 4116 referuntur.
2699 4054 2970 4123 Quoniam
3010 4064 3068 4111 et
3107 4053 3223 4124 ipse
3253 4053 3328 4107 ait
3375 4067 3388 4106 :
3432 4050 3698 4105 Destruite

2111 4153 2366 4223 templum
2387 4151 2503 4217 hoc,
2524 4159 2574 4205 et
2605 4152 2659 4204 in
2684 4149 2848 4203 tribus
2869 4147 3051 4204 diebus
3070 4146 3306 4202 excitabo
3323 4145 3476 4199 illud.
3500 4173 3568 4185 —-
3589 4141 3694 4209 Qui

2109 4247 2253 4302 uisus
2295 4255 2371 4300 est
2420 4246 2532 4300 dies
2581 4242 2873 4314 complures
2923 4241 2989 4296 ab
3044 4241 3146 4306 his,
3197 4239 3289 4299 qui
3335 4253 3440 4291 una
3477 4251 3597 4289 cum
3635 4250 3695 4289 eo

2110 4338 2460 4394 ascenderant
2505 4337 2562 4390 in
2598 4333 2927 4400 Jerusalem,
2966 4333 3056 4405 qui
3104 4339 3226 4386 sunt
3259 4331 3309 4385 ei
3357 4338 3510 4385 testes
3553 4329 3697 4397 apud

2113 4432 2336 4503 plebem.
2359 4428 2517 4499 Quod
2549 4444 2662 4484 non
2691 4437 2903 4492 essent,
2937 4425 3043 4481 nisi
3070 4424 3252 4480 divina
3290 4422 3535 4494 potentia
3566 4436 3698 4477 con-

2115 4524 2486 4580 ﬁrmarentur.
2524 4521 2669 4577 Vobis
2700 4521 2918 4593 posteris
2942 4527 3177 4587 patrum,
3206 4516 3515 4571 resuscitalo
3543 4514 3693 4570 Jesu.

418 4598 663 4669 στήσας
715 4596 969 4668 Ἰησοῦν.
1021 4598 1097 4652 To
1137 4597 1380 4667 Ἰησοῦς
1415 4597 1589 4672 ὄνομα
1637 4601 1731 4654 ἐπὶ
1772 4599 1870 4655 τοῦ
1917 4602 2005 4658 ἀν-

2113 4618 2324 4675 Nomen
2383 4614 2540 4672 Iesus
2616 4614 2684 4670 de
2740 4611 2963 4669 homine
3024 4610 3299 4681 accipiunt
3358 4607 3695 4664 deicidarum

420 4691 645 4766 θρώπου
683 4692 1127 4765 ὲκλαμδάνουσιν
1153 4693 1206 4748 οἱ
1263 4694 1373 4749 τῶν
1422 4693 1724 4749 θεοκτόνων
1764 4694 2004 4766 ἀδελφοί.

432 4783 653 4857 Ἐπειδὴ
677 4783 771 4840 οὖν
794 4784 1089 4858 προλαϐὼν
1121 4780 1245 4840 sine
1289 4787 1569 4842 τεθεῖσθαι
1599 4787 1693 4845 τὸν
1742 4790 1916 4860 Λόγον
1946 4791 2006 4846 ὲν

423 4875 696 4947 μνημείῳ,
727 4875 814 4930 ἵνα
839 4875 913 4947 μή
942 4893 1029 4942 τις
1055 4876 1302 4950 ὑπολάϐῃ
1315 4878 1558 4952 ἀσαρκον
1587 4881 1753 4937 αὑτὸν
1782 4883 2005 4956 εἰρηκέ-

418 4985 513 5021 ναι.
538 4967 630 5021 τὸν
656 4968 852 5037 Λόγον,
888 4968 1054 5025 πάλιν
1083 4971 1247 5025 αὐτὸν
1279 4971 1495 5045 Ἰησοῦν
1522 4973 1706 5044 καλεῖ,
1759 4974 2000 5047 οὐδαμοῦ

419 5062 691 5134 διαίρεσιν
745 5061 926 5127 διδοὺς
974 5064 1054 5136 τῷ
1115 5066 1452 5139 σαρκωθέντι
1503 5068 1664 5143 Λόγῳ
1707 5071 1849 5143 μετά
1901 5070 2004 5144 τὴν

418 5153 634 5209 ἕνωσιν.
672 5154 809 5222 Υίός
828 5173 949 5226 μου
990 5153 1053 5212 εἴ
1070 5157 1153 5215 οὐ
1172 5174 1188 5191 ο
1208 5158 1325 5232 ἐγὼ
1356 5160 1627 5234 σήμερον
1659 5161 2003 5235 γεγέννηκά

419 5261 518 5301 σε.
551 5244 739 5300 Ταῦτα
785 5247 853 5319 τῇ
907 5247 1322 5323 ὲνανθρωπήσει
1361 5251 1457 5306 τοῦ
1507 5252 1750 5325 Χριστοῦ
1809 5255 2002 5310 σκόπει

423 5335 596 5406 δήπου
619 5334 688 5390 τά
713 5336 960 5408 ῥήματα,
975 5339 1098 5410 ἥτις
1112 5340 1370 5414 χρονικὴν
1386 5339 1501 5415 εἶχε
1514 5343 1615 5414 τὴν
1633 5344 1887 5415 ἑπιφοίτη
1895 5363 2001 5402 σιν.

425 5429 504 5485 Τδ
532 5428 643 5501 γὰρ
671 5430 911 5503 σήμερον
940 5432 1037 5486 καὶ
1061 5431 1273 5506 αὔριον,
1299 5436 1529 5508 ἡμερῶν
1549 5438 1668 5491 ἐστὶ
1717 5455 2005 5509 παραστα-

419 5520 566 5576 τικά.
608 5521 880 5592 ’Λχρόνως
913 5522 1023 5593 γὰρ
1052 5523 1206 5596 παρά
1233 5526 1330 5580 τοῦ
1359 5527 1595 5599 Πατρδς,
1635 5527 1713 5594 ὡς
1743 5530 1840 5584 καὶ
1874 5531 1999 5585 natl-

419 5618 504 5679 ὕες
562 5614 856 5687 αίρετικῶν
906 5615 1276 5688 ὁμολογοῦσι,
1331 5621 1593 5677 τίκτεται.
1658 5624 1741 5677 οὐ
1783 5622 1998 5688 δώσεις

2109 4712 2343 4768 fratres.
2398 4707 2673 4775 Quoniam
2730 4706 2897 4779 igitur
2961 4719 3127 4775 supra
3180 4703 3398 4759 dixerat
3453 4700 3694 4758 Verbum

2108 4802 2349 4875 positum
2392 4800 2564 4856 fuisse
2606 4800 2664 4854 in
2708 4806 3086 4863 monumento,
3125 4810 3195 4851 ne
3230 4794 3354 4866 quis
3385 4793 3695 4864 suspicetur

2106 4891 2261 4949 illum
2305 4889 2509 4947 dixisse
2559 4887 2798 4944 Verbum
2831 4901 2999 4942 carne
3040 4886 3282 4942 caruisse
3304 4927 3320 4951 ,
3345 4898 3537 4939 rursus
3562 4897 3691 4938 eum

2106 4990 2266 5041 vocat
2312 4981 2501 5036 Jesum
2535 4998 2551 5036 :
2587 4994 2859 5049 nusquam
2904 4977 3162 5053 nimirum
3201 4976 3528 5032 divisionem
3552 4975 3690 5031 dans

2107 5078 2395 5134 incarnato
2418 5072 2601 5129 Verbo
2629 5082 2753 5144 post
2780 5070 3104 5127 unitionem.
3134 5066 3304 5123 Filius
3333 5084 3475 5122 meus
3504 5084 3558 5122 es
3586 5076 3643 5121 tu
3669 5082 3692 5123 :

2108 5182 2201 5237 ego
2235 5165 2386 5220 hodie
2409 5162 2564 5236 genui
2592 5171 2662 5217 te.
2685 5161 2816 5218 Ηωο
2848 5160 3015 5217 verba
3037 5159 3297 5215 nimirum
3325 5154 3689 5212 incarnationi

2109 5258 2314 5313 Christi
2346 5256 2607 5321 attribue,
2647 5254 2741 5325 qui
2775 5252 3091 5310 incarnatus
3126 5248 3481 5321 temporalem
3498 5248 3690 5304 habuit

2111 5351 2431 5406 adventum.
2478 5347 2619 5403 Nam
2650 5346 2837 5413 hodie,
2881 5355 2939 5403 et
2980 5358 3123 5408 cras,
3160 5343 3374 5398 dierum
3405 5342 3689 5399 continent

2112 5440 2587 5515 signiﬁcationem.
2615 5438 2750 5493 Nam
2777 5438 2984 5508 absque
3017 5446 3261 5507 tempore
3285 5450 3316 5489 a
3351 5434 3512 5489 Patre
3528 5434 3688 5505 geni-

2108 5546 2198 5589 tus
2221 5542 2326 5597 est,
2370 5533 2621 5588 utetiam
2644 5529 2890 5586 htcretici
2918 5528 3274 5586 conﬁtentur.
3313 5527 3433 5583 Non
3464 5528 3687 5597 permit-

2108 5633 2201 5689 tes,
2250 5632 2305 5677 ut
2345 5625 2561 5677 sanctus
2594 5629 2714 5676 tuus
2753 5620 2928 5676 uideat
2970 5621 3376 5690 corruptionem.
3424 5616 3688 5674 Mentitur

1615 5758 1811 5822 Variae
1854 5758 2167 5825 lectiones
2211 5763 2271 5821 et
2316 5766 2507 5823 notae.

486 5899 530 5933 ⁸⁸
556 5898 805 5971 Μέλλων,
852 5906 1010 5959 estin
1045 5905 1441 5977 manuscripto:
1477 5909 1567 5963 sed
1595 5906 1752 5974 male,
1790 5909 1996 5977 opinor.

2108 5909 2120 5941 ’
2140 5905 2405 5962 ἀναϐᾶσιν
2435 5901 2622 5974 αὐτὸν,
2651 5915 2797 5960 erat.
