4102 6296
587 314 692 378 883

1504 318 2080 382 THEOPHYLACTI
2110 321 2522 384 BULGARLE
2561 324 2920 386 ARCHIEP.

3727 323 3856 392 88$

587 445 723 483 vero
779 428 944 494 Deus,
985 431 1103 500 ipse
1155 433 1444 504 utriusque
1510 436 1748 493 instituti
1799 448 1993 492 auctor
2043 448 2145 494 est.

2259 439 2410 494 Καθὸ
2457 440 2514 494 δέ
2547 441 2683 507 Θεὸς
2707 438 2796 513 ἦν,
2836 443 3000 507 αὐτὸς
3024 435 3094 514 ἧς)
3124 443 3390 514 ἑκατέρας
3422 444 3705 509 πολιτείας
3730 445 3855 499 δω-

587 519 746 576 llunc
793 531 848 576 et
874 521 1038 577 David
1071 533 1334 593 expetens
1369 525 1436 582 ad
1475 526 1640 582 Deum
1667 529 1950 585 dicebat"
1973 549 1984 585 :
2007 529 2153 585 Cott-

593 613 783 679 stituc,
847 613 1095 679 Domine,
1131 617 1494 686 lcgislatorem
1529 636 1696 690 super
1730 635 1848 676 eos.
1883 640 1902 672 ι
1949 621 2154 678 Deinde

589 703 876 777 subiungit
929 708 1156 764 exitium
1189 710 1440 778 illorum,
1481 713 1576 783 qui
1607 711 1826 768 Christo
1885 714 2152 771 credituri

584 812 698 852 non
727 810 905 866 erant,
927 801 1152 859 dicens:
1176 823 1195 855 ι
1217 803 1334 859 Erit
1378 817 1583 874 autem,
1611 807 1790 864 omnis
1812 809 2016 876 anima,
2033 824 2154 880 qua:

588 905 700 946 non
757 892 990 948 audierit
1018 895 1183 965 209
1205 897 1519 966 prophetam
1550 899 1724 967 illum,
1758 901 2153 956 exterminabi-

589 993 681 1039 tur
719 983 788 1041 de
826 986 1000 1056 plebe.
1041 1006 1061 1039 ι
1117 985 1384 1055 Quoniam
1426 1007 1558 1048 vero
1595 991 1777 1049 anima
1828 992 2152 1049 immortalis

585 1085 692 1143 est,
741 1080 1097 1134 exterminari
1135 1081 1486 1153 intelligitur,
1518 1099 1643 1140 cum
1676 1087 1924 1157 privatur
1965 1087 2149 1150 bonis,

585 1185 731 1237 qua',
757 1171 803 1226 si
830 1181 976 1228 recte
989 1172 1214 1243 egisset,
1233 1187 1603 1232 consecutura
1625 1185 1764 1234 erat.
1791 1177 1933 1234 «Vos
1957 1177 2145 1236 estis.»

585 1261 726 1328 Quia
757 1273 978 1335 propter
1021 1268 1375 1324 commissum
1409 1269 1621 1326 facinus
1648 1271 1701 1326 in
1729 1271 2009 1328 Christum
2053 1288 2154 1339 pu-

579 1355 766 1410 tabant
798 1372 858 1411 se
909 1357 1119 1415 alienos
1142 1358 1317 1418 laetos
1346 1377 1488 1429 esse,
1507 1378 1606 1419 seu
1641 1364 1870 1419 omnino
1891 1379 1920 1418 a
1949 1364 2150 1421 divinis

579 1445 1046 1514 promissionibus
1076 1449 1373 1517 excidisse,
1408 1464 1462 1508 ct
1493 1454 1690 1508 rationi
1717 1463 2148 1511 consentaneum

577 1538 726 1594 haud
753 1554 875 1596 esse
921 1540 1100 1609 ipsum
1155 1558 1304 1599 nunc
1349 1544 1571 1615 quidem
1620 1545 1690 1600 ab
1742 1547 1852 1602 illis
1881 1546 2146 1618 cruciﬁgi,

578 1644 732 1686 nunc
761 1646 890 1686 vero
915 1631 1039 1688 illos
1061 1641 1321 1705 tanquam
1375 1635 1671 1693 familiares
1703 1655 1931 1706 curare,
1962 1650 2144 1696 osten-

577 1722 658 1776 dit
680 1730 975 1795 utrumque
991 1727 1292 1782 secundum
1311 1729 1651 1800 prophetiae:
1671 1745 1858 1785 verum
1873 1733 2017 1787 esse!
2025 1731 2109 1801 1?.)
2129 1749 2146 1784 :

579 1814 645 1869 Et
663 1815 777 1887 jam
797 1817 950 1884 olim,
978 1819 1170 1888 inquit,
1197 1821 1353 1878 vobis
1373 1821 1617 1877 debitum
1649 1830 1788 1888 erat,
1807 1825 1942 1878 utin
1967 1824 2146 1893 ipsum

576 1907 878 1965 crederetis
906 1925 921 1964 :
951 1927 972 1964 ι
1000 1908 1112 1968 Vos
1160 1913 1304 1968 enim
1345 1914 1479 1970 estis
1534 1915 1630 1970 ﬁlii
1663 1904 2054 1986 prophetarum
2091 1923 2148 1972 et

489 2013 494 2016 ·
578 2002 920 2065 testamenti.
945 2003 1091 2074 quod
1111 2004 1384 2077 disposuit
1413 2007 1554 2061 Deus
1572 2005 1638 2060 ad
1661 2015 1845 2077 patres
1868 2016 2138 2074 nostros,t

573 2089 682 2146 hoc
708 2104 812 2159 cst,
843 2091 951 2149 Vos
985 2096 1121 2151 estis
1144 2095 1388 2152 lueredcs
1421 2098 1698 2162 omnium,
1741 2115 1863 2168 qure
1893 2116 2148 2173 prmium-

575 2182 785 2239 tiarunt
837 2187 1149 2258 prophetae;
1182 2198 1237 2245 et
1275 2197 1628 2260 propter'vos
1675 2192 1862 2248 omnia
1905 2193 2148 2261 contige-

574 2285 726 2329 runt.
759 2273 829 2332 Ut
879 2288 1063 2336 autent
1086 2280 1377 2338 crederent
1404 2283 1488 2338 ita
1521 2292 1577 2339 et
1603 2282 1716 2338 Deo
1745 2284 1939 2349 videri,
1959 2285 2146 2340 subdit

573 2367 738 2422 etiam
763 2369 910 2425 aliud
939 2372 1340 2441 testimonium,
1373 2376 1576 2433 docens
1596 2376 1652 2431 in
1674 2377 1898 2434 Christo
1928 2396 1948 2431 ι
1974 2377 2142 2434 bene-

573 2460 838 2516 dicendas
874 2479 997 2518 esse
1021 2479 1216 2522 omnes
1247 2466 1486 2524 familias
1515 2481 1712 2524 teme:
1746 2488 1764 2520 ι
1798 2479 1852 2524 et
1886 2485 1985 2523 vos
2021 2472 2144 2540 qui-

574 2549 700 2606 dem
750 2552 1013 2622 primum,
1047 2553 1251 2626 inquit,
1307 2557 1403 2628 qui
1447 2558 1600 2614 cruci
1629 2574 1755 2614 eum
1795 2559 2061 2626 allixistis,
2097 2564 2141 2618 si

575 2650 760 2699 tamen
795 2645 864 2700 ab
893 2645 1278 2713 iniquitatibus
1302 2648 1503 2706 vestris
1541 2651 1964 2708 convertamini.

893 2732 1052 2789 Feria
1077 2737 1111 2791 5
1137 2736 1489 2794 hebdomade
1511 2738 1790 2794 secundm.

571 2819 650 2873 De
673 2820 1024 2879 sollicitudine
1044 2825 1350 2894 pontiﬁcum
1378 2824 1443 2881 ob
1463 2826 1520 2880 id
1547 2827 1687 2894 quod
1705 2827 1907 2897 factum
1930 2840 2064 2895 erat,
2092 2840 2142 2886 et

641 2911 958 2980 dijudicatio
985 2913 1051 2970 de
1084 2917 1366 2986 miraculo,
1414 2918 1565 2976 Petri
1581 2920 1706 2975 item
1734 2921 1994 2984 confessio
2018 2926 2139 2977 vir-

647 3005 774 3061 tutis
798 3015 848 3060 et
877 3009 1068 3078 gratia:
1101 3007 1323 3065 Christi.

1203 3191 1508 3251 TEXTUS.

642 3273 736 3341 IV,
765 3274 921 3332 1-10.
951 3275 1326 3349 Loquentibus
1371 3291 1552 3338 autent
1604 3281 1714 3339 illis
1761 3285 1831 3340 ad
1857 3288 2144 3358 populum,

569 3377 1007 3438 supervenerunt
1057 3372 1372 3428 sacerdotes
1413 3379 1469 3428 et
1497 3371 1849 3445 magistratus
1878 3379 2061 3449 templi
2091 3389 2148 3439 et

573 3457 878 3527 Sadduczel,
893 3462 1138 3520 dolentes
1156 3464 1302 3536 quod
1319 3464 1576 3522 docerent
1597 3468 1854 3540 populum
1871 3475 1925 3525 et
1940 3486 2151 3528 annun-

571 3554 772 3612 tiarent
795 3557 848 3610 in
859 3553 988 3612 Jesu
1019 3559 1551 3616 resurrectionemex
1577 3561 1829 3618 mortuis.
1854 3560 1921 3618 Et
1938 3563 2146 3634 iniece-

574 3657 703 3702 runt
734 3648 792 3702 in
815 3662 911 3704 eos
941 3664 1156 3716 manus,
1173 3659 1230 3706 et
1250 3659 1551 3722 posuerunt
1569 3667 1666 3709 eos
1692 3655 1748 3709 in
1762 3655 2068 3711 custodiam
2087 3657 2143 3712 in

571 3742 1039 3806 crasdnum;erat
1067 3743 1213 3798 enim
1234 3744 1351 3814 jam
1375 3759 1624 3817 vespera.
1651 3747 1805 3803 Multi
1833 3756 2016 3804 autern
2049 3763 2145 3804 eo-

573 3844 694 3882 rum
718 3831 810 3900 qui
838 3832 1124 3886 audierant
1138 3832 1382 3899 verbum,
1403 3836 1845 3904 erediderunt,et
1865 3835 2042 3894 factus
2059 3848 2143 3893 cst

571 3935 840 3976 numerus
873 3922 1115 3978 virorum
1156 3924 1405 3997 quinque
1434 3927 1627 3984 millia.
1664 3927 1891 3984 Factum
1925 3941 2012 3987 est
2046 3945 2143 3987 au-

572 4021 682 4070 tem
715 4013 770 4067 in
793 4013 1120 4082 crastinum,
1152 4025 1211 4070 ut
1233 4028 1701 4090 congregarentur
1730 4021 2009 4092 principes
2041 4036 2137 4078 eo-

571 4117 698 4158 rum
723 4111 778 4158 et
811 4105 1060 4160 seniores
1092 4115 1144 4162 et
1170 4105 1380 4164 Scriba:
1420 4107 1474 4164 in
1497 4107 1824 4166 Jerusalem.
1862 4111 1930 4167 Et
1953 4112 2141 4170 Annas

569 4193 828 4265 princeps
873 4197 1241 4265 sacerdotum,
1269 4207 1326 4252 et
1372 4198 1632 4270 Caiphas,
1677 4211 1734 4257 et
1759 4199 2030 4270 Joannes,
2085 4211 2142 4257 et

570 4286 902 4355 Alexander,
928 4303 982 4345 et
1005 4298 1277 4361 quotquot
1291 4302 1449 4348 erant
1477 4291 1547 4349 de
1568 4308 1767 4364 genere
1788 4294 2136 4351 sacerdotali.

2253 529 2382 600 τήρ.
2431 530 2635 585 Τοῦτον
2681 532 2958 603 ἐπιζητῶν
3011 533 3106 586 καὶ
3153 534 3340 600 Δαὸὶδ,
3381 535 3520 605 πρὸς
3562 535 3656 590 τὸν
3695 533 3853 588 Θεὸν

2253 618 2404 688 ἔλεγε
2424 661 2439 688 ,
2466 640 2486 674 ι
2511 622 2892 693 Κατάστησον,
2917 623 3112 693 Κύριε,
3134 626 3434 698 νομοθέτην
3461 626 3550 680 ἐπ’
3565 624 3799 688 αὐτούς.
3817 644 3841 675 ι

2256 708 2394 767 Εἶτα
2414 712 2610 782 ἐπάγει
2635 713 2730 768 τὸν
2758 714 2981 788 ὄλεθρον
3009 714 3121 770 τῶν
3149 717 3450 787 μελλόντων
3476 715 3730 772 ἀπειθεῖν
3754 716 3848 786 τῷ

2252 804 2495 876 Χριστῷ,
2515 804 2722 874 λέγων·
2763 825 2784 860 ι
2826 808 3020 862 Ἔσται
3062 807 3142 874 δέ,
3191 811 3340 862 πᾶσα
3377 808 3546 880 ψυχὴ.
3577 810 3703 880 ἥτις
3728 811 3850 862 οὐκ

2251 895 2478 952 ἀκούσει
2503 895 2599 951 τοῦ
2633 899 2912 968 προφήτου
2946 899 3181 966 ἐκείνου,
3218 901 3733 972 ἐξολοθρευθήσεται
3768 903 3847 954 ἐκ

2251 989 2346 1043 τοῦ
2374 989 2506 1047 λαοῦ
2535 990 2726 1062 αὐτῆς.
2766 1009 2786 1043 ι
2841 991 2995 1046 Ἐπεὶ
3020 991 3076 1046 δὲ
3109 991 3378 1057 ἀθάνατός
3408 993 3614 1062 ἐστινὴ
3651 991 3844 1064 ψυχὴ,

2256 1081 2637 1152 ἐξολόθρευσιν
2683 1084 2855 1154 αὐτῆς
2899 1084 3148 1156 νοοῦμεν,
3191 1086 3254 1140 τὸ
3281 1086 3388 1152 ἔξω
3427 1084 3685 1154 γενέσθαι
3710 1085 3843 1138 τῶν

2250 1173 2496 1243 ἀγαθῶν,
2534 1170 2611 1230 ὧν
2636 1175 2874 1247 ἤμελλεν
2903 1175 3195 1231 ἀπολαύειν
3226 1179 3276 1231 εἰ
3329 1177 3508 1241 καλῶς
3541 1175 3846 1230 ἐπολιτεύ-

2252 1257 2406 1319 σατο.
2444 1283 2464 1317 ι
2516 1265 2707 1334 Ὑμεῖς
2747 1268 2893 1320 ἐστε.
2923 1287 2944 1318 ρ
2996 1266 3217 1339 Ἐπειδὴ
3258 1267 3346 1321 διὰ
3386 1267 3450 1320 τὸ
3481 1267 3738 1337 τόλμημα
3772 1267 3847 1320 τὸ

2251 1359 2331 1422 εἰς
2363 1357 2600 1429 Χριστὸν
2653 1357 2906 1429 ἐνόμιζον
2959 1359 3186 1423 ἑαυτοὺς
3243 1357 3664 1432 [ἠλλοτριῶσθαι
3713 1357 3844 1411 τῶν

2251 1446 2615 1517 ἐπαγγελιῶν,
2667 1449 2763 1503 καὶ
2813 1451 2914 1504 οὐκ
2961 1448 3076 1521 ἔχει
3130 1449 3311 1520 λόγον,
3363 1450 3462 1506 νῦν
3511 1450 3612 1521 μὲν
3658 1449 3844 1504 αὑτὸν

2249 1538 2676 1613 ἐσταυρῶσθαι],
2757 1538 2855 1596 νῦν
2901 1540 2960 1595 δέ
3030 1541 3106 1604 ὡς
3155 1532 3413 1605 οἰκείους
3471 1540 3841 1611 θεραπεύειν,

2247 1631 2460 1698 δεικνὺς
2483 1634 2553 1698 ’⁸,
2607 1631 2692 1686 ὅτι
2732 1633 2829 1688 καὶ
2876 1633 3058 1687 ἐκεῖνο
3108 1632 3252 1687 κατά
3305 1633 3677 1706 προφητείαν,
3725 1633 3843 1688 καὶ

2248 1725 2427 1793 τοῦτο,
2454 1726 2548 1779 καὶ
2596 1725 2680 1780 ὅτι
2703 1725 2946 1780 ’Δνωθεν
2991 1727 3126 1797 ἡμῖν
3165 1727 3211 1758 ⁸⁸
3264 1723 3548 1795 ὠφείλετο,
3604 1723 3668 1778 τδ
3724 1725 3841 1779 καὶ

2251 1818 2399 1890 ἡμᾶς
2415 1819 2463 1851 ’³
2495 1816 2786 1872 πιστεῦσαι
2831 1819 2916 1883 εἰς
2944 1817 3128 1874 αὐτόν.
3167 1837 3188 1870 ι
3211 1817 3401 1888 Ὑμεῖς
3434 1818 3543 1888 γάρ
3595 1819 3716 1871 ἐστε
3771 1818 3840 1872 οῖ

2250 1911 2357 1966 ulo‘:
2384 1911 2493 1966 τῶν
2524 1911 2842 1982 προφητῶν,
2882 1911 2978 1967 καὶ
3026 1910 3127 1980 τῆς
3155 1910 3453 1981 Διαθήκης,
3497 1905 3564 1983 ἦς
3611 1909 3841 1964 διέθετο

2245 2003 2422 2067 ὁθεὺς
2446 2004 2583 2074 πρὸς
2609 2004 2736 2066 τοὺς
2753 2001 2998 2073 πατέρας
3024 2000 3197 2070 ὑμῶν,
3227 2019 3248 2052 r
3270 2003 3569 2067 τουτέστιν,
3600 1999 3832 2070 Ὑμεῖς,

2246 2095 2370 2148 ἐστε
2421 2093 2751 2164 κληρονόμοι
2803 2094 3044 2157 πάντων,
3072 2085 3150 2148 ὧν
3177 2092 3394 2163 ἔφησαν
3433 2094 3484 2144 oi
3517 2092 3832 2162 προφῆται,

2247 2188 2341 2241 καὶ
2363 2185 2432 2241 δι’
2462 2187 2606 2257 ὑμᾶς
2639 2187 2817 2243 πάντα
2863 2185 3109 2254 γέγονεν.
3155 2184 3272 2237 Ἵνα
3317 2183 3374 2236 δὲ
3430 2183 3832 2247 πιστεύσωσιν,

2245 2281 2326 2333 ὅτι
2356 2280 2452 2333 καὶ
2478 2279 2558 2350 τῷ
2585 2279 2702 2350 Θεῷ
2733 2275 2891 2334 τοῦτο
2914 2275 3086 2339 δοκεῖ,
3111 2276 3310 2345 ἐπάγει
3334 2276 3427 2329 καὶ
3452 2275 3644 2344 ἑτέραν
3673 2292 3829 2344 μαρ-

2244 2369 2437 2442 τυρεαν
2461 2369 2846 2434 διδάσκουσαν,
2877 2370 2937 2422 ἐν
2964 2366 3189 2439 Χριστῷ
3221 2384 3241 2419 ι
3270 2365 3614 2435 εὐλογεῖσθαι
3635 2366 3829 2428 πασας

2243 2462 2340 2524 τὰς
2361 2461 2599 2534 πατριὰς
2624 2462 2728 2534 τῆς
2746 2461 2874 2532 γῆς,
2909 2480 2930 2512 ι
2957 2461 3050 2514 καὶ
3076 2459 3225 2530 ὑμᾶς
3254 2457 3471 2532 πρῶτον
3496 2458 3625 2522 τοὺς
3654 2473 3825 2511 σταυ-

2245 2555 2550 2626 ρώσαντας,
2589 2573 2608 2606 ι
2640 2557 2701 2608 ἐν
2741 2553 2822 2624 τῷ
2877 2551 3249 2624 ἀποστρέφειν
3297 2550 3528 2606 ἕκαστον
3555 2549 3663 2607 ἀπὸ
3709 2550 3828 2605 τῶν

2245 2645 2524 2717 πονηριῶν
2553 2644 2733 2716 ὑμῶν.
2762 2663 2784 2697 ι

2537 2737 2618 2807 Τῇ
2648 2733 2696 2805 Υ
2727 2736 2828 2806 τῆς
2861 2736 3122 2812 δευτέρας
3169 2733 3517 2804 Ἕϐδομάδοςο

2254 2833 2358 2887 Ἐν
2406 2823 2457 2900 ᾧ
2507 2830 2641 2898 περὶ
2694 2828 3060 2898 ἐπιστασίας
3119 2827 3239 2883 τῶν
3293 2827 3620 2896 ἀρχιερεων
3659 2820 3828 2890 ζήλῳ

2312 2921 2418 2978 τοῦ
2445 2921 2781 2992 γεγονότος,
2820 2921 2919 2977 καὶ
2961 2921 3159 2990 κρίσις
3196 2919 3307 2974 τοῦ
3342 2916 3663 2986 θαύματος,
3709 2914 3820 2968 ιιέ·

2310 3029 2454 3082 τρου
2506 3027 2572 3065 τε
2617 3012 2904 3082 ὁμολογία
2935 3008 3046 3080 τῆς
3081 3009 3341 3079 Χριστοῦ
3397 3003 3714 3076 δυνάμεώς
3756 3021 3823 3060 τε

2170 3111 2222 3174 ο
2294 3123 2296 3125 ν
2319 3101 2419 3156 καὶ
2445 3097 2707 3172 χάριτος.

2843 3190 3234 3246 ΚΕΙΜΕΝΟΝ.

2321 3282 2642 3340 Λαλούντων
2675 3283 2735 3338 δὲ
2790 3281 2975 3338 αὐτῶν
3031 3282 3168 3354 πρὸς
3204 3281 3297 3336 τὸν
3334 3279 3463 3334 λαὸν
3505 3279 3826 3350 ἐπέστησαν

2245 3377 2430 3441 αὐτοῖς
2472 3376 2524 3430 οῖ
2557 3377 2744 3447 ἱερεῖς,
2767 3373 2864 3429 καὶ
2891 3376 2922 3428 ὁ
2950 3375 3257 3446 στρατηγὸς
3297 3372 3390 3426 τοῦ
3443 3370 3614 3442 ἱεροῦ,
3649 3372 3745 3426 καὶ
3774 3372 3824 3424 οῖ

2248 3469 2619 3536 Σαδδουκαῖοι,
2651 3467 3068 3538 διαπονούμενοι
3099 3465 3192 3520 διὰ
3226 3466 3290 3520 sb
3317 3465 3592 3520 διδάσκειν
3623 3464 3822 3526 αὐτοῦς

2244 3563 2337 3618 τὸν
2363 3561 2516 3628 λαὸν,
2558 3561 2656 3614 καὶ
2688 3558 3080 3628 καταγγέλλειν
3119 3559 3179 3613 ἐν
3219 3557 3300 3630 τῷ
3343 3555 3517 3626 Ἰησοῦ
3557 3553 3666 3627 τὴν
3695 3555 3821 3609 ἁνα-

2247 3670 2439 3711 στασιν
2483 3654 2583 3725 τὴν
2628 3655 2695 3707 ἐκ
2743 3651 2977 3723 νεκρῶν.
3022 3651 3134 3705 Καὶ
3179 3647 3445 3704 ἐπέϐαλον
3482 3648 3674 3712 αὐτοῖς
3718 3646 3821 3709 τὰς

2243 3752 2457 3820 χεῖρας,
2495 3748 2591 3801 καὶ
2621 3744 2812 3799 ἔθεντο
2849 3743 3048 3808 αὐτοὺς
3089 3745 3172 3807 εῖς
3198 3744 3433 3814 τήρησιν
3476 3742 3558 3806 εἰς
3590 3740 3698 3810 τὴν
3723 3738 3825 3792 αὖ-

2244 3854 2360 3909 ριον
2379 3854 2392 3865 ’
2419 3832 2488 3906 ἦν
2512 3834 2619 3906 γὰρ
2647 3834 2859 3906 ἑσπέρα
2879 3833 3002 3906 ἤδη.
3031 3831 3227 3887 Πολλοὶ
3249 3831 3308 3885 δέ
3335 3832 3445 3885 τῶν
3465 3831 3825 3886 ἀκουσάντων

2239 3929 2336 3984 τὸν
2365 3928 2522 3998 λόγον
2551 3926 2898 3990 ἐπίστευσαν,
2947 3924 3043 3986 καὶ
3091 3922 3326 3994 ἐγενήθη
3363 3925 3393 3978 ὁ
3431 3922 3670 3993 ἀριθμὸς
3708 3921 3828 3975 τῶν

2241 4018 2457 4096 ἀνδρῶν
2505 4019 2637 4073 ὡσεὶ
2675 4017 2917 4089 χιλιάδες
2961 4015 3148 4070 πέντε.
3192 4015 3440 4085 Ἐγένετο
3484 4014 3541 4068 δέ
3593 4013 3694 4067 ἐπὶ⁸
3721 4011 3829 4085 τὴν

2239 4111 2433 4183 αὔριον
2460 4111 2795 4182 συναχθῆναι
2819 4108 3000 4164 αὐτῶν
3020 4108 3147 4171 τοὺς
3169 4109 3439 4178 ἄρχοντας
3463 4105 3559 4160 καὶ
3577 4104 3832 4176 πρεσσυο

2241 4205 2436 4277 upon;
2461 4206 2546 4269 εἰς
2570 4201 2949 4276 Ἰερουσαλὴμ,
2975 4200 3070 4255 καὶ
3095 4199 3470 4270 Γραμματεῖς,
3501 4198 3595 4252 καὶ
3618 4198 3831 4254 ’Δνναν

2239 4297 2334 4351 τὸν
2365 4293 2650 4367 ἀρχιερέα,
2676 4293 2775 4348 καὶ
2805 4291 3092 4360 Καϊάφαν.
3129 4289 3225 4344 καὶ
3257 4287 3533 4356 Ἰωάννην,
3555 4285 3830 4342 καὶἎλι-

572 4375 986 4436 Et'statuentes
1018 4394 1116 4437 eos
1145 4380 1202 4436 in
1228 4381 1433 4452 medio,
1463 4382 1911 4456 interrogabant:
1940 4386 2000 4441 lu
2028 4400 2137 4454 qua

2247 4385 2498 4457 ξανδρον,
2531 4382 2628 4438 xci
2648 4381 2766 4437 ὅσοι
2792 4377 2933 4453 ἦσαν
2956 4382 3022 4436 ἐκ
3044 4378 3238 4448 γένους
3265 4377 3681 4449 ἀρχιερατικοῦ.
3709 4375 3830 4434 Καὶ

571 4469 800 4537 virtute,
843 4481 938 4526 aut
965 4472 1021 4526 in
1052 4488 1163 4543 quo
1188 4474 1410 4530 nomine
1441 4474 1654 4533 fecistis
1678 4477 1783 4532 hoc
1807 4479 1951 4534 vos?
1985 4477 2141 4535 Tunc

2247 4453 2546 4548 στήσαντες
2579 4474 2782 4538 αὐτοὺς
2825 4474 2885 4527 ἐν
2926 4471 3079 4543 μέσῳ
3123 4469 3520 4524 ἐπυνθάνοντοο
3558 4466 3645 4522 Ἐν
3694 4469 3833 4540 ποίᾳ

570 4561 816 4632 repletus
847 4561 1056 4634 Spiritu
1093 4575 1288 4621 sancto
1327 4565 1522 4623 Petrus
1550 4567 1693 4622 dixit.
1717 4567 1788 4625 ad
1809 4583 1946 4625 eos:
1990 4570 2147 4626 Priu-

567 4653 724 4723 cipes
747 4655 927 4725 populi
967 4665 1023 4711 et
1051 4659 1320 4725 seniores,
1355 4658 1559 4714 audite.
1601 4657 1659 4714 Si
1684 4675 1786 4716 nos
1812 4661 1972 4717 hodie
1995 4659 2143 4731 diju-

571 4746 824 4801 dicamur
855 4749 912 4802 in
941 4747 1230 4804 benefacta
1263 4750 1504 4806 hominis
1535 4751 1740 4806 inﬁrmi
1770 4791 1787 4816 ,
1813 4753 1868 4808 in
1907 4768 2018 4824 quo
2043 4754 2147 4810 iste

572 4837 762 4894 salvus
797 4838 976 4895 factus
1024 4847 1145 4902 est.
1201 4849 1390 4896 notum
1432 4844 1506 4897 sit
1549 4843 1808 4899 omnibus
1858 4845 2033 4907 vobis,
2094 4854 2150 4900 et

569 4929 719 4992 omni
767 4929 912 5000 plebi
940 4931 1106 5001 210
1135 4932 1324 4998 Israel,
1384 4935 1514 5003 quia
1567 4933 1624 4989 in
1656 4934 1879 4992 nomine
1917 4936 2138 4991 Domini

568 5020 746 5078 nostri
775 5019 904 5079 Jesu
936 5023 1142 5080 Christi
1181 5023 1492 5090 Nazareni,
1527 5041 1690 5096 quem
1722 5041 1822 5082 vos
1849 5028 2139 5082 cruciﬁxi-

567 5115 690 5175 stis.
715 5128 877 5184 quem
921 5114 1068 5171 Deus
1095 5115 1384 5173 suscitavit
1438 5131 1470 5173 a
1498 5116 1758 5184 mortuis,
1793 5118 1849 5172 in
1891 5117 1996 5173 boe
2036 5120 2140 5173 iSte

567 5215 714 5264 astat
738 5220 923 5263 coram
956 5208 1116 5265 vobis
1143 5223 1336 5265 sanus.

641 5412 688 5444 "
704 5407 850 5466 Psal.
876 5425 953 5474 ιι,
983 5409 1074 5465 21.

2239 4570 2490 4641 δυνάμει,
2523 4567 2558 4638 ἢ
2587 4567 2648 4622 ἐν
2673 4567 2816 4638 ποίῳ
2850 4566 3077 4635 ὀνόματι
3106 4564 3399 4634 ἐποιήσατε
3426 4561 3587 4616 τοῦτο
3621 4561 3827 4631 apag;

2243 4661 2378 4717 Τότε
2408 4663 2439 4715 ὁ
2466 4658 2672 4730 Πέτρος
2696 4655 2958 4728 πλησθεὶς
2980 4654 3298 4727 ιινεύματος
3327 4654 3485 4723 ἁγίου
3525 4649 3644 4707 εἷπε
3681 4652 3830 4722 πρὸς

2244 4755 2473 4819 αὐτούς*
2508 4755 2802 4826 Ἄρχοντες
2847 4749 2942 4806 τοῦ
2984 4747 3138 4816 λαοῦ,
3187 4749 3284 4804 καὶ
3329 4747 3692 4822 πρεσϐύτεροι
3727 4745 3828 4800 τοῦ

2257 4846 2501 4919 Ἰσραὴλ,
2529 4847 2581 4900 εἰ
2620 4846 2784 4916 ἡμεῖς
2819 4843 3062 4914 σήμερον
3094 4840 3505 4912 ἀνακρινόμεθα
3529 4839 3624 4894 ἐπὶ
3661 4839 3832 4908 uisp-

2244 4938 2406 5010 γεσξᾳ
2431 4933 2727 5006 ἀνθρώπου
2767 4930 3051 4999 ἀσθενοῦς,
3098 4930 3159 4984 ἐν
3191 4930 3300 4986 τινι
3329 4925 3485 4993 οὗτος
3516 4930 3826 4984 σέσωσταιο

2245 5026 2490 5098 γνωστὸν
2516 5025 2659 5078 ἐστω
2706 5021 2836 5092 ὑμῖν
2863 5021 2963 5077 καὶ
2993 5019 3158 5075 παντὶ
3191 5018 3274 5093 τῷ
3306 5017 3423 5090 λαῷ
3461 5016 3702 5090 Ἰσραὴλ,
3738 5018 3830 5073 ὃτι

2246 5120 2308 5170 ἐν
2336 5117 2416 5188 τῷ
2439 5115 2665 5184 ὀνόματι
2707 5113 2806 5167 τοῦ
2847 5109 3024 5182 Ἰησυῦ
3054 5109 3294 5182 Χριστοῦ
3329 5108 3427 5165 τοῦ
3467 5108 3826 5178 Ναζωραῖον,

2243 5212 2304 5266 ὃν
2341 5210 2500 5279 ὑμεῖς
2526 5204 2936 5277 ἐσταυρώσατε,
2966 5203 3039 5258 ὃν
3058 5202 3193 5268 Θεὸς
3223 5203 3452 5274 ἦγειρεν
3489 5203 3554 5256 ἐκ
3585 5200 3823 5269 νεκρῶν,

2246 5303 2304 5354 ἐν
2337 5297 2512 5368 τούτῳ
2531 5289 2687 5362 οὗτος
2711 5293 3058 5367 παρέστηκεν
3083 5291 3319 5347 ἐνώπιον
3347 5292 3501 5363 ὑμῶν
3529 5291 3710 5361 ὑγιής.

1754 5497 1954 5560 Variae
1996 5497 2311 5564 lectiones
2355 5506 2418 5561 et
2458 5509 2648 5562 notae.

636 5605 681 5640 ³¹
708 5604 999 5660 δείκνυσιν.
1083 5607 1130 5637 ⁸³
1161 5604 1248 5659 in.
1304 5601 1452 5672 ὑμῖν.
1528 5600 1575 5632 ’³
1605 5598 1693 5654 id.
1734 5598 1900 5668 ὑμᾶς.

636 5720 996 5792 (12)Lucutn
1058 5720 1224 5780 lnmc,
1284 5727 1342 5770 ut
1401 5716 1638 5781 videtur,
1683 5723 2010 5786 corruptum
2059 5726 2113 5772 et
2179 5722 2459 5794 mutilum,
2531 5741 2596 5782 ex
2668 5725 2858 5782 codice
2922 5723 3238 5781 Florentino
3290 5729 3570 5792 utcunque
3632 5737 3826 5780 einen-

568 5795 700 5848 ἀοι-υ
733 5803 782 5848 ct
825 5810 1032 5848 surum
1064 5800 1294 5846 conatus
1323 5804 1461 5844 sunt.
