4102 6296
278 412 410 480 885
981 410 1518 475 EXPOSITIONIS
1547 409 1629 470 IN
1669 407 1858 470 ACTA
1890 408 2190 472 TEXTUS
2234 409 2599 471 ALTER.'-
2619 410 2776 472 CAP.
2821 410 2919 470 IV.
3435 409 3552 476 886'

900 519 1299 577 'EI’MHNEIA.
1900 516 1949 574 Δ
2461 515 3030 576 COMMENTARIUS.

375 611 550 668 Πάλιν
569 611 918 682 δικαστηρίου
947 612 1187 683 σχήματι
1213 612 1276 664 τὸ
1303 612 1537 682 πρᾶγμα
1572 609 1684 679 (l3)
1716 625 1876 680 περι-

2016 672 2020 677 _
2048 611 2249 668 Judieii
2285 608 2517 666 formam
2545 611 2763 680 negotio
2796 612 2886 666 isti
2916 618 3218 681 apponunt,
3243 619 3301 664 ut
3335 611 3542 682 iujusto

285 705 574 767 τιθέασιν,
606 704 690 757 ἴνα
728 702 1058 766 ὑπευθύνους
1082 703 1278 766 αὐτοὺς
1308 705 1373 774 τῇ
1400 703 1571 773 ἀδίκῳ
1604 702 1878 773 καταστή-

1978 722 2074 762 eos
2152 705 2364 776 judicio
2432 704 2698 758 obnoxios
2760 702 2981 758 faciant.
3032 700 3333 772 Sperabant
3398 704 3545 759 enim

293 814 446 851 σωσι
477 796 680 868 κρίσει.
749 796 1026 866 Ἐνόμιζον
1068 798 1198 868 γὰρ,
1246 797 1333 850 διὰ
1376 796 1438 850 τὸ
1469 795 1671 868 πλῆθος
1705 795 1877 866 φοϐη-

1982 799 2264 871 apostolos
2325 797 2678 853 multitudine
2725 797 2949 852 territos
2988 796 3188 851 factum
3232 803 3546 866 negaturos.

293 888 506 952 θέντας
546 888 764 952 αὐτοὺς,
799 887 1376 959 ἐξάρνουςκγενέσθαι,
1415 889 1510 942 καὶ
1547 887 1608 943 τὸ
1651 889 1758 942 πᾶν
1789 887 1879 942 διὰ

1981 893 2170 962 sicque
2218 905 2340 945 sese
2385 903 2498 944 rem
2557 903 2772 943 omnem
2799 887 3190 942 emendaturus
3229 886 3365 942 fore.
3405 887 3545 953 Quid

290 981 471 1033 τοῦτο
501 979 907 1050 προσδοκῶντες
939 980 1383 1052 κατωρθωκέναι.
1433 979 1498 1032 Τί
1544 975 1638 1033 οῦν
1676 996 1874 1049 φασινς

1981 983 2146 1053 igitur
2169 982 2468 1053 inquiunt?
2491 1000 2510 1034 ι
2533 981 2589 1038 In
2615 995 2724 1052 quo
2752 981 2976 1035 nomine
3007 979 3216 1035 fecistis
3239 984 3341 1035 hoc
3372 981 3504 1035 vos?
3523 1000 3541 1031 ι

301 1089 326 1122 ‹
388 1069 480 1125 Ἐν
519 1070 656 1143 ποίῳ
705 1072 929 1142 ὀνόματι
970 1071 1260 1143 ἐποιήσατε
1287 1071 1446 1125 τοῦτο
1489 1072 1681 1142 open;
1718 1092 1737 1125 ›
1769 1071 1879 1127 Καὶ

1981 1061 2190 1145 Neque,
2243 1088 2350 1145 qua
2381 1074 2448 1130 de
2495 1089 2554 1129 re
2602 1073 2918 1142 loquantur,
2949 1070 3295 1141 exprimunt;
3326 1072 3419 1127 sed
3456 1087 3551 1126 oc-

291 1161 368 1214 οὗ
401 1161 618 1232 λέγουσι
657 1165 830 1229 ποῖον,
859 1163 994 1218 ἀλλὰ
1043 1165 1406 1231 ινσκιὰζουσι,
1443 1167 1516 1236 μὴ
1565 1164 1878 1235 βουλόμενοι

1982 1171 2194 1225 cultant
2247 1169 2395 1240 quod
2430 1170 2627 1232 nolint,
2688 1181 3004 1239 quanquam
3052 1167 3102 1222 id
3144 1167 3313 1236 probe
3349 1168 3550 1232 sciant,

292 1253 468 1309 τοῦτο
523 1257 718 1324 εἰπεῖν,
769 1258 971 1329 καίπερ
1017 1258 1238 1322 εἰδότες,
1285 1257 1375 1312 διὰ
1416 1257 1510 1313 τὸν
1552 1259 1695 1314 λαόν.
1745 1261 1877 1313 Τότε

1981 1262 2185 1327 dicere,
2205 1270 2433 1332 propter
2464 1261 2744 1331 populum.
2767 1260 2921 1315 Tunc
2947 1261 3164 1326 Petrus,
3198 1273 3407 1314 memor
3428 1274 3545 1315 ver.

293 1346 522 1416 Πέτρος
579 1348 840 1420 μνησθεὶς
889 1348 999 1405 τῶν
1031 1349 1124 1404 τοῦ
1165 1349 1372 1421 Κυρίου
1414 1351 1586 1418 λόγων
1639 1343 1714 1405 ὧν
1744 1352 1880 1420 πρὸς

1981 1355 2175 1410 horum
2224 1369 2343 1422 qua:
2369 1352 2506 1421 ipsis
2530 1351 2671 1407 dixit
2705 1351 3001 1419 Dominus,
3035 1367 3228 1422 nempe
3251 1352 3336 1406 ’δε
3369 1371 3389 1405 ι
3417 1352 3550 1406 Cum

291 1436 512 1500 αὐτοὺς
540 1438 777 1492 ἐποιεῖτο
830 1438 1042 1509 λέγων·
1110 1457 1131 1492 ς
1171 1440 1338 1494 Ὅταν
1380 1439 1436 1494 δὲ
1489 1439 1694 1508 ἄγωσιν
1734 1441 1882 1510 ὑμᾶς

1983 1447 2200 1501 tradent
2221 1461 2320 1502 vos
2349 1446 2404 1500 in
2428 1446 2743 1517 synagogis,
2771 1445 2940 1500 nolite
2961 1444 3225 1515 cogitare,
3250 1445 3550 1516 quomodo,

295 1530 392 1591 εἰς
416 1529 517 1594 τὰς
543 1530 898 1601 Συναγωγέις,
938 1531 1014 1604 μὴ
1054 1533 1430 1605 μεριμνήσητε
1457 1533 1592 1596 πῶς,
1633 1534 1667 1604 ἢ
1695 1533 1746 1588 τι
1779 1534 1878 1588 λαι-

1982 1546 2078 1595 aut
2111 1537 2245 1608 quid
2285 1537 2663 1607 loquamini...
2714 1536 2953 1608 Spiritus
2984 1535 3128 1591 enim
3166 1534 3347 1593 Patris
3385 1537 3551 1593 vestri

294 1621 510 1692 λήσετε
534 1640 550 1654 ο
587 1623 646 1676 τὸ
683 1623 795 1696 γὰρ
848 1624 1074 1696 Πνεῦμα
1112 1623 1206 1680 τοῦ
1242 1625 1454 1698 Harpe;
1489 1625 1643 1695 ὑμῶν
1677 1627 1794 1679 ἐστι
1820 1628 1882 1678 τὸ

1981 1629 2181 1700 estqui
2209 1630 2451 1700 loquitur
2497 1629 2552 1684 in
2599 1629 2777 1694 vobis,
2801 1647 2819 1680 ι
2849 1637 3014 1700 atque
3061 1628 3298 1699 repletus
3333 1628 3543 1700 Spiritu

291 1712 510 1769 λαλοῦν
575 1718 634 1769 ὲν
701 1717 866 1788 ὑμῖν·
934 1737 954 1772 ι
1022 1717 1283 1790 πλησθεὶς
1344 1719 1662 1788 Πνεῦματος
1723 1719 1878 1787 ἁγίου

1983 1732 2172 1778 sancto
2219 1722 2356 1776 dixit
2385 1723 2452 1776 ad
2494 1736 2590 1776 eos
2621 1739 2636 1776 :
2663 1719 2960 1778 Maximum
3024 1723 3213 1790 utique
3243 1720 3406 1777 hodie
3443 1735 3544 1776 nos

292 1802 433 1860 εἷπε
483 1808 618 1879 πρὸς
659 1810 853 1873 αὐτούς
878 1827 891 1840 ·
937 1810 1188 1866 Μάλιστα
1235 1811 1332 1883 μὲν
1384 1811 1550 1881 ἐχρῆν
1583 1811 1912 1881 στεφανοῦ-η

1926 1855 1957 1913 Β
1983 1813 2265 1884 praemium
2292 1813 2519 1878 referre,
2552 1813 2621 1868 ob
2641 1828 2707 1870 ea
2733 1828 2854 1883 qua:
2885 1811 3115 1868 fecimus
3133 1852 3148 1878 ,
3182 1828 3246 1869 ac
3284 1821 3546 1883 tanquam

296 1896 440 1951 σθαι
469 1899 616 1968 ἡμᾶς
763 1900 993 1967 τούτοις,
1029 1902 1123 1956 καὶ
1154 1901 1228 1964 ὡς
1259 1902 1550 1972 εὐεργέτας
1571 1902 1880 1973 ἁνακηρῦτ-
1914 1902 1916 1912 ¹

1933 1896 1957 1913 ’
1984 1907 2361 1964 bcncl‘actores
2395 1906 2703 1978 praedicari,
2756 1905 3007 1962 decebat.
3065 1905 3335 1972 Quoniam
3373 1915 3553 1962 autem

291 1988 525 2042 νεῖσθαι.
577 1987 729 2043 Ἐπεὶ
761 1990 932 2045 δὲκαὶ
964 2009 983 2044 ι
1016 1991 1317 2063 κρινόμεθα
1354 1992 1442 2046 ἐπ’
1471 1993 1760 2066 εὐεργεσίᾳ
1787 1997 1882 2048 ἀν-

1988 2014 2009 2049 ι
2039 1996 2408 2068 dijudicamur
2440 1998 2496 2054 in
2526 1996 2813 2054 henct‘acto
2843 1998 3081 2056 hominis
3111 1997 3336 2066 inﬁrmi,
3361 2002 3398 2052 ἰ
3425 1996 3555 2069 quid

290 2076 534 2149 Θρώπου
559 2079 840 2145 ἀσθενοῦς,
877 2099 896 2132 ι
931 2081 985 2134 τί
1020 2082 1103 2137 δεῖ
1133 2087 1340 2151 ποιείν;
1381 2081 1476 2138 νῦν
1514 2084 1707 2157 καιρός
1735 2086 1884 2140 ἐστιν

1983 2095 2202 2158 Oportet
2242 2086 2467 2144 facere?
2493 2103 2643 2145 nunc
2675 2099 2894 2158 tempus
2931 2098 3303 2160 opportunum
3335 2096 3424 2147 est
3456 2089 3555 2146 de-

290 2170 718 2242 ἀνακηρῦττειν
747 2173 836 2228 τὸν
866 2173 1196 2246 Εὐεργέτην.

1123 2192 1196 2246 νιν.
1985 2179 2272 2238 nuntiandi
2310 2179 2743 2238 Beueiactorem.

897 2264 1284 2320 ΚΕΙΜΕΝΟΝ.

2618 2268 2924 2328 TEXTUS.

370 2345 558 2418 Οὗτός
582 2354 730 2408 ἐστιν
759 2357 788 2410 δ
816 2355 963 2421 λίθος
989 2360 1018 2412 δ
1057 2357 1438 2422 ὲξουδενωθεὶς
1468 2359 1558 2429 ὑφ’
1594 2359 1747 2433 ὑμῶν
1774 2362 1884 2418 τῶν

2055 2362 2148 2430 ιν,
2185 2363 2274 2430 11,
2313 2363 2402 2418 12.
2437 2360 2534 2418 llic
2557 2370 2641 2419 est
2679 2363 2819 2433 lapis
2849 2401 2865 2426 ,
2899 2361 2989 2433 qui
3031 2361 3356 2433 rcprobatus
3402 2370 3485 2416 cst
3526 2375 3561 2417 ι

288 2443 763 2515 οἱκοδομούντων,
819 2446 850 2500 δ
895 2449 1187 2520 γενόμενος
1238 2451 1319 2514 εἰς
1359 2450 1602 2522 κεφαλὴν
1645 2453 1880 2521 γωνίας·

1981 2457 2141 2513 vobis
2190 2455 2610 2519 aadiilcantibus,
2640 2454 2733 2527 qui
2757 2453 2937 2510 factus
2960 2460 3046 2510 est
3076 2453 3128 2508 in
3150 2461 3314 2525 caput
3345 2451 3551 2523 anguli.

296 2537 406 2589 καὶ
440 2536 547 2591 οὐκ
580 2539 728 2592 ἐστιν
773 2542 831 2594 ἐν
882 2540 1028 2613 ἄλλῳ
1073 2541 1248 2597 οὐδενὶ
1295 2544 1560 2614 σωτηρία.
1607 2544 1746 2601 Οῦτε
1776 2547 1885 2619 γὰρ

1985 2549 2051 2603 Ει
2084 2563 2193 2604 non
2244 2548 2409 2604 estin
2441 2547 2626 2620 aliquo
2674 2546 2782 2602 alio
2841 2545 3014 2603 salus.
3049 2541 3161 2601 Nec
3215 2544 3361 2604 enim
3410 2543 3558 2600 aliud

293 2627 488 2700 ὄνομά
512 2629 661 2684 ἐστιν
693 2631 878 2701 ἕτερον
903 2633 968 2687 τὸ
992 2632 1276 2706 δεδομένον
1305 2638 1364 2691 ὲν
1401 2637 1730 2708 ἀνθρώποις,
1753 2639 1812 2693 ὲν
1839 2633 1885 2709 ᾧ

1985 2655 2184 2695 nomen
2243 2646 2327 2697 est
2381 2631 2489 2695 sub
2529 2637 2670 2695 cmlo
2723 2637 2911 2694 datum
2977 2635 3316 2703 hominibus,
3360 2634 3416 2691 in
3445 2649 3555 2707 quo

292 2719 385 2774 δεῖ
412 2721 660 2795 σωθῆναι
688 2726 856 2797 ἡμᾶς.

1984 2739 2230 2804 oporteat
2278 2747 2380 2789 nos
2415 2733 2600 2790 salvos
2620 2731 2756 2787 ﬁeri.

922 2821 1303 2879 EPMHNEIA.
2479 2817 3056 2878 COMMENTARIUS.

389 2910 835 2984 Ἀναμιμνήσκει
879 2915 1076 2980 αὐτοὺς
1122 2917 1365 2986 ῥήματος
1411 2917 1598 2972 ἱκανοῦ
1643 2919 1886 2991 φοϐῆσαι

2057 2913 2115 2968 ιη
2141 2913 2458 2969 memoriam
2494 2918 2718 2970 revocat
2739 2909 2948 2966 dictum
2981 2909 3116 2966 illud
3146 2909 3292 2982 quod
3326 2923 3424 2966 eos
3450 2918 3561 2964 ter-

301 3003 539 3068 αὓτούς.
581 3024 600 3058 ι
653 3007 763 3060 Καὶ
808 3010 837 3060 ὁ
877 3009 1057 3062 πεσὼν
1086 3009 1214 3080 γὰρ,
1254 3012 1442 3080 φησὶν,
1486 3012 1582 3066 ἐπὶ
1613 3012 1707 3067 τὸν
1740 3013 1888 3070 λίθον

1988 3020 2111 3062 rere
2147 3005 2295 3076 juste
2325 3012 2541 3076 poterat
2571 3021 2587 3059 :
2617 3022 2637 3056 ι
2669 3003 2736 3060 Et
2772 3005 2867 3076 qui
2925 3003 3188 3060 ceciderit
3223 3017 3390 3074 super
3419 3000 3561 3072 lapi-

301 3097 528 3162 τοῦτον,
559 3096 1018 3168 συνθλασθήσεται
1037 3115 1052 3129 ο
1085 3073 1176 3170 se;
1197 3073 1608 3176 av'r'av'ntan,
1629 3103 1887 3175 λικμήσει

1988 3096 2112 3155 dem
2135 3099 2302 3154 istum
2335 3098 2714 3168 confringetur
2747 3113 2762 3152 :
2799 3111 2966 3167 super
3001 3110 3165 3168 quem
3193 3109 3324 3150 vero
3347 3093 3563 3150 cecide-

303 3187 504 3242 αὐτόν.
541 3207 561 3240 ι
618 3189 927 3256 Τουτέστιν,
965 3191 1047 3246 ὅτι
1073 3191 1287 3264 Σφόδρα
1336 3193 1558 3264 δόκιμδς
1598 3197 1736 3259 ἐστι,
1783 3195 1923 3250 κᾶν⁴

1940 3185 1961 3247 Ξ
1995 3192 2087 3258 rit,
2113 3199 2360 3248 conteret
2387 3206 2510 3248 eum
2523 3190 2593 3245 ’⁷.
2621 3208 2640 3242 ι
2666 3191 2784 3246 Hoc
2819 3197 2924 3255 est,
2956 3189 3114 3244 valde
3153 3186 3416 3259 probatus
3453 3196 3560 3254 est,

303 3279 479 3349 ῠμετς
523 3277 726 3335 δοκεῖτε
754 3284 852 3352 ὑφ’
898 3283 1056 3351 ὑμῶν
1092 3283 1489 3351 ἑξουθενεϊσθαι
1514 3304 1528 3318 ’
1564 3287 1888 3360 βουλόμενος

1991 3299 2308 3354 quanquam
2347 3297 2377 3337 a
2417 3282 2569 3339 vobis
2613 3281 2894 3354 reprobari
2945 3281 3215 3337 videatur.
3249 3278 3374 3335 Vult
3411 3280 3561 3337 scili-

308 3373 411 3426 καὶ
444 3372 682 3444 φοϐῆσαι
730 3376 946 3443 αὐτοὺς,
981 3375 1068 3431 ἵνα
1110 3378 1214 3432 κᾶν
1257 3377 1428 3445 οὕτως
1463 3380 1751 3454 ἀναγκάσῃ
1787 3381 1891 3437 αὒ-

1990 3383 2080 3431 cet
2106 3389 2204 3430 eos
2243 3373 2698 3444 pcrterreiacere,
2727 3382 2791 3429 ut
2829 3372 2914 3430 vel
2941 3372 3022 3428 sic
3055 3372 3124 3428 ad
3160 3369 3320 3426 [idem
3359 3370 3565 3443 ample-

306 3466 441 3529 τοὺς
468 3465 774 3522 πιστεῦσαι.
1544 3528 1546 3530 ,

1544 3528 1546 3530 ν
1991 3468 2247 3525 ciendam
2286 3467 2665 3539 compelleret.

917 3561 1170 3620 ΚΕΦᾹΛ.
1212 3566 1292 3620 E'.
2513 3559 2537 3628 ε

2513 3558 2672 3628 211
2693 3555 2937 3613 'CAPUT
2959 3554 3024 3610 v.

748 3653 827 3725 Τῇ
861 3653 903 3706 δ’
929 3653 1032 3725 τῆς
1064 3654 1109 3725 β’
1139 3655 1436 3729 ἑϐδομάδος
2237 3649 2368 3707 Feri:

2237 3649 2394 3707 Feri:
2423 3661 2622 3721 quarta
2655 3646 3010 3706 hebdomade:
3034 3647 3314 3704 secundae.

311 3739 465 3812 Περὶ
496 3742 617 3802 τῶν
653 3745 972 3816 ἀρχιερέων
1009 3747 1552 3824 [προσταττόντων]
1579 3751 1661 3819 ὡς
1691 3753 1764 3808 οὐ
1801 3751 1899 3808 δεῖ

1996 3749 2071 3804 De
2101 3745 2420 3819 pontiﬁcum
2453 3742 2680 3805 decreto,
2711 3756 2774 3794 ne
2826 3739 3073 3810 cuiquam
3129 3737 3310 3794 ticeret
3359 3738 3424 3794 de
3473 3754 3567 3794 uo-

383 3837 898 3906 παρῤησιάζεσθαι
945 3839 1044 3896 ἐπὶ
1076 3839 1158 3908 τῷ
1187 3843 1433 3914 ὀνόματι
1461 3844 1569 3902 τοῦ
1593 3833 1852 3916 Χριστοῦ
1869 3865 1888 3883 ο

2065 3841 2209 3896 mine
2243 3835 2373 3894 Iesu
2405 3834 2586 3904 palam
2619 3831 2764 3904 loqui
2793 3846 2814 3888 :
2838 3841 2888 3887 et
2917 3831 2982 3886 de
3020 3829 3327 3888 dimissioue
3357 3839 3568 3900 aposto-

386 3927 493 3983 καὶ
515 3929 782 3998 ἀνέσεως
813 3931 934 3986 τῶν
961 3933 1342 3990 ἀποστόλων.

641 3945 782 3998 γεως
813 3931 934 3986 τῶν
961 3933 1342 3990 ἀποστόλων.
2067 3935 2118 3990 lo
2125 3947 2261 3987 rum.

913 4023 1299 4080 ΚΕΙΜΕΝΟΝ.
2643 4016 2944 4076 TEXTUS.

395 4109 747 4181 Θεωροῦντες
779 4111 834 4167 δὲ
886 4113 986 4184 τὴν
1018 4113 1114 4168 τοῦ
1169 4117 1376 4188 Πέτρου
1426 4121 1760 4192 παρρησίαν,
1795 4123 1892 4177 καὶ

2066 4116 2161 4186 ιν,
2184 4113 2377 4172 15-22.
2408 4112 2674 4169 Videntes
2722 4120 2902 4168 autem
2954 4112 3099 4168 Petri
3128 4111 3492 4168 constantiam
3517 4121 3571 4166 et

331 4200 614 4268 Ἰωάννου,
648 4204 740 4256 καὶ
767 4203 1198 4276 καταλαϐόμενοι
1233 4207 1315 4262 ὅτι
1345 4209 1625 4278 ἄνθρωποι
1670 4213 1892 4284 ἀγράμ-

1993 4210 2251 4277 Joannis,
2276 4215 2558 4280 comperto
2581 4205 2724 4277 quod
2752 4203 3002 4262 homines
3030 4214 3215 4262 essent
3233 4205 3352 4260 sine
3374 4205 3573 4263 litteris

328 4293 498 4365 ματοί
521 4293 628 4348 εἰσι
665 4295 758 4348 καὶ
801 4295 1030 4362 ἰδιῶται,
1063 4297 1371 4369 ἐθαύμαζον
1394 4317 1407 4330 ·
1441 4304 1809 4371 ἐπεγίνωσκόν
1833 4323 1892 4360 τε

1994 4314 2051 4360 et
2082 4303 2286 4368 idiota},
2313 4299 2730 4356 admirabantur
2753 4305 2808 4352 et
2853 4295 3258 4366 cognoscebant
3289 4311 3403 4362 eos,
3436 4312 3573 4367 quo-

325 4387 556 4452 αὐτοὺς,
579 4388 660 4441 ὅτι
696 4389 793 4444 σὺν
822 4389 898 4457 τῷ
927 4388 1105 4460 Ἰησοῦ
1154 4387 1317 4461 ἦσαν.
1359 4394 1463 4449 Τόν
1511 4413 1571 4450 τε
1605 4398 1895 4470 ἄνθρωπον

1998 4395 2146 4451 niam
2186 4408 2312 4450 cum
2342 4390 2742 4472 Jesu‘t‘uerant.
2768 4389 3054 4445 Hominem
3083 4404 3302 4459 quoque
3322 4388 3571 4445 videntes

324 4480 620 4551 βλέποντες
649 4481 746 4534 σὺν
793 4481 978 4546 αὐτοῖς
1022 4483 1232 4537 ἑστῶτα
1278 4484 1372 4538 τὸν
1401 4487 1890 4562 τεθεραπευμένον,
1924 4520 1944 4578 ι

2018 4475 2240 4544 stantem
2269 4497 2396 4543 cum
2424 4483 2506 4540 eis
2549 4482 2643 4553 qui
2673 4491 2900 4536 curatus
2931 4480 3132 4546 fuerat,
3157 4480 3291 4536 nihil
3319 4475 3576 4552 poterant

322 4572 484 4627 οὐδὲν
512 4569 659 4643 εἶχον
715 4574 1010 4630 ἀντειπεῖν.
1039 4575 1414 4644 Κελεύσαντες
1459 4581 1516 4634 δὲ
1560 4582 1760 4648 αὐτοὺς
1791 4583 1897 4650 ἔξω
1928 4569 1942 4578 ’

1952 4569 1966 4578 ’
2005 4578 2408 4636 contradicere.
2469 4573 2765 4631 Iusserunt
2824 4580 3005 4627 autem
3067 4585 3162 4628 eos
3217 4571 3367 4628 foras
3420 4581 3572 4629 extra

326 4664 426 4718 τοῦ
462 4665 739 4735 συνεδρίου
776 4665 1053 4732 ἀπελθεῖν,
1101 4668 1392 4723 συνέσαλον
1439 4671 1574 4742 πρὸς
1612 4672 1898 4744 ἀλλήλους,

2005 4669 2300 4726 concilium
2354 4666 2658 4724 secedere:
2693 4670 2747 4721 et
2800 4661 3155 4719 conferebant
3194 4663 3260 4718 ad
3318 4663 3569 4728 invicem,

327 4755 622 4825 λέγοντες·
672 4756 737 4810 Τί
783 4758 1087 4828 ποιήσομεν
1142 4761 1256 4823 τοῖς
1312 4761 1619 4836 ἀνθρώποις
1653 4765 1896 4836 τούτοις

2005 4764 2285 4821 dicentes:
2316 4759 2458 4828 Quid
2492 4757 2756 4814 faciemus
2785 4755 3100 4812 hominibus
3126 4755 3248 4810 istis
3270 4755 3296 4810 ἲ
3315 4757 3573 4826 quoniam

332 4849 462 4903 Ὅτι
499 4850 601 4919 μὲν
634 4852 875 4918 γνωστὸν
919 4855 1142 4923 σημεῖον
1179 4854 1368 4923 γέγονε
1418 4857 1489 4911 δι’
1533 4859 1730 4923 αὐτῶν,
1766 4864 1900 4916 πᾶσι

2007 4855 2227 4928 quidem
2264 4863 2450 4908 notum
2487 4851 2701 4920 signum
2736 4850 2940 4904 factum
2972 4853 3054 4903 est
3079 4862 3173 4917 per
3193 4861 3289 4903 eos
3319 4847 3576 4902 omnibus

330 4942 448 5005 τοῖς
477 4941 826 4997 κατοικοῦσιν
861 4944 1223 5017 Ἰερουσαλὴμ
1244 4948 1500 5021 φανερὸν,
1532 4952 1627 5005 καὶ
1653 4951 1714 5004 οὐ
1743 4952 1900 5009 δυνά-

2008 4945 2381 5006 habitantibus
2430 4941 2759 5007 Jerusalem,
2823 4938 3174 4995 manifestum
3225 4951 3309 4996 est
3351 4951 3407 4995 et
3465 4955 3575 4994 non

335 5031 489 5101 μεθα
519 5033 879 5104 ἀρνήσασθαι.
926 5036 1066 5089 Ἀλλ’
1102 5038 1191 5092 ἵνα
1233 5039 1308 5111 μὴ
1357 5040 1450 5095 ἐπὶ
1500 5042 1685 5098 πλεῖον
1727 5043 1902 5100 διανεο

2011 5055 2302 5114 possumus
2325 5051 2546 5110 negare.
2571 5034 2678 5091 Sed
2706 5048 2777 5090 ne
2800 5032 3034 5103 amplius
3064 5031 3369 5104 divulgetur
3393 5032 3447 5086 in
3479 5047 3578 5103 po-

298 5185 302 5190 ,
341 5121 490 5196 μηθῇ
536 5127 616 5189 εἰς
663 5123 756 5181 τὸν
780 5124 932 5192 λαδν,
975 5130 1172 5202 ἀπειλῇ
1221 5131 1650 5205 ἀπειλησώμεθα
1698 5138 1901 5205 αὐτοῖς,

2010 5135 2220 5207 pulum,
2271 5129 2675 5186 comminemur
2719 5123 2823 5190 eis,
2871 5137 2941 5177 ne
2983 5123 3126 5178 ultra
3173 5124 3469 5193 loquantur
3521 5122 3577 5176 in

342 5215 545 5284 μηκέτι
581 5214 765 5272 λαλεῖν
791 5219 885 5274 ἐπὶ
908 5220 984 5292 τῷ
1013 5222 1240 5293 ὀνόματι
1274 5224 1452 5297 τούτῳ
1482 5228 1670 5297 μηδενὶ
1689 5228 1902 5301 ἀνθρώ-ο

2014 5227 2240 5284 nomine
2275 5225 2378 5279 boc
2413 5222 2506 5276 uili
2553 5220 2860 5277 hominum.
2911 5219 2978 5274 Et
3036 5229 3300 5274 meantes
3326 5232 3444 5284 eos,
3480 5215 3579 5273 de-

341 5323 482 5361 πων.
511 5309 619 5362 Καὶ
671 5309 1000 5377 καλέσαντες
1032 5313 1255 5380 αὐτοὺς,
1301 5318 1677 5388 παρήγγειλαν
1719 5321 1904 5387 αὐτοῖς

2015 5320 2427 5380 nuntiaverunt,
2483 5328 2552 5370 ne
2594 5311 2819 5367 omnino
2860 5311 3236 5382 loquerentur,
3275 5323 3451 5381 neque
3476 5307 3579 5365 do-

240 5439 243 5442 .
339 5399 404 5452 τδ
443 5399 682 5456 καθόλου
716 5404 792 5475 μὴ
822 5403 1178 5475 φθέγγεσθαι,
1210 5407 1346 5478 μηδὲ
1385 5407 1654 5466 διδάσκειν
1697 5414 1791 5466 ἐπὶ
1827 5431 1860 5469 τ

2016 5420 2205 5471 ccrcut
2259 5410 2314 5465 in
2365 5407 2584 5463 nomine
2627 5403 2778 5462 Jesu.
2819 5403 3018 5462 Petrus
3064 5419 3193 5460 vero
3227 5413 3284 5460 et
3337 5401 3579 5460 Joannes

412 5540 461 5574 ⁸⁸
481 5539 669 5601 Matth.
693 5560 750 5610 κ.
774 5545 958 5613 18,19.
1034 5547 1080 5582 ⁸⁷
1103 5549 1300 5605 Matth.
1343 5565 1454 5616 χιι,
1487 5552 1574 5608 Ην.

1524 5685 1724 5750 Varia:
1767 5688 2075 5752 lectiones
2118 5692 2179 5747 ct
2224 5693 2414 5745 notae.

352 5773 684 5900 “0935011
713 5782 925 5851 dubito,
975 5783 1064 5841 hic
1111 5783 1422 5857 legendum,
1462 5793 1517 5841 ut
1551 5787 1707 5845 habet
1747 5788 1972 5861 tilirysu:

1962 5797 2192 5850 διινιιιυε,
2261 5779 2616 5850 δικαστηρίου
2666 5777 2847 5849 σχῆμα
2924 5775 3002 5848 τῷ
3063 5775 3346 5848 πράγματι
3429 5793 3582 5849 περι·

345 5865 601 5906 τιυεαπιν.
