4102 6296
603 277 707 342 931

1530 273 2108 336 THEOPIIYLACTI
2142 274 2555 337 BULGARI/E
2595 275 2954 342 ARCHlEP.

591 407 691 464 gas
716 407 728 443 :
757 396 816 445 ut
839 389 884 443 si
916 403 1058 457 quos
1091 387 1392 442 invenisset
1427 387 1594 456 hujus
1645 388 1744 440 vite
1775 385 1922 440 viros
1960 399 2024 438 ac
2055 398 2178 438 mu-

2289 385 2427 448 Ξπως
2450 384 2550 437 ἐάν
2586 401 2741 450 τινας
2768 383 2907 459 εὕρῃ
2947 385 3047 457 τῆς
3080 385 3204 440 όδοῦ
3225 386 3407 453 ὄντας,
3441 387 3654 459 ἄνδρας
3692 406 3758 443 τε
3787 394 3896 443 καὶ

595 487 778 546 lieres,
802 481 1014 536 vinctos
1033 478 1360 548 perduceret
1393 477 1448 531 in
1469 476 1800 532 Jerusalem.
1834 476 1900 530 Et
1927 489 2050 529 cum
2077 474 2184 529 iter

593 573 824 634 faceret,
875 566 1108 638 contigit
1156 575 1216 622 ut
1253 567 1724 638 appropinquaret
1801 564 2068 620 Damasco
2125 573 2184 620 et

592 662 777 717 subito
835 658 1204 714 circumtulsit
1238 673 1364 713 eum
1420 659 1510 711 lux
1558 655 1627 712 de
1665 657 1829 712 coelo.
1877 656 1942 709 Et
1977 655 2184 710 cadens

594 755 648 809 in
701 763 906 807 terram
963 751 1177 806 audivit
1232 764 1422 805 vocem
1474 751 1748 804 dicentem
1796 747 1902 803 sibi
1948 744 2180 813 :Saule,

593 853 776 916 Saule,
812 849 944 918 quid
995 863 1079 902 me
1123 845 1515 918 persequeris?
1563 843 1667 910 Qui
1720 843 1888 897 dicit:
1925 839 2062 908 Quis
2097 853 2181 905 es,

595 940 860 995 nomine?
890 937 1121 993 Etille:
1166 937 1279 1007 Ego
1335 953 1457 992 sum
1508 935 1671 992 .Iesus
1729 951 1891 1006 quem
1951 943 2008 986 tu
2059 947 2183 1000 per-

595 1033 886 1102 sequeris;
944 1030 1142 1086 durum
1183 1040 1270 1084 est
1323 1028 1421 1083 tibi
1475 1038 1668 1083 contra
1731 1025 2019 1081 stimulum
2075 1024 2186 1078 calo

595 1124 817 1177 citrare.
879 1122 946 1176 Et
1039 1134 1279 1176 tremens
1347 1134 1411 1173 ac
1489 1127 1724 1188 stupens
1799 1116 1997 1172 dixit:
2072 1114 2187 1170 Do-

597 1214 765 1280 mine,
797 1214 926 1283 quid
963 1228 1050 1267 me
1098 1213 1178 1266 vis
1225 1210 1444 1266 facere?
1482 1209 1546 1263 Et
1594 1209 1860 1264 Dominus
1897 1208 1964 1263 ad
2006 1221 2129 1262 eum
2164 1224 2181 1264 :

601 1303 776 1374 Surge
827 1312 882 1359 et
925 1305 1214 1373 ingredere
1267 1301 1567 1365 civitatem,
1597 1308 1650 1354 et
1685 1299 1760 1353 ibi
1813 1298 2032 1353 dicetur
2083 1296 2182 1350 tibi

596 1398 728 1467 quid
768 1406 824 1450 te
891 1403 1138 1464 oporteat
1179 1392 1383 1447 facere.
1418 1389 1531 1444 Viri
1591 1401 1772 1445 autem
1821 1389 1921 1455 illi,
1958 1389 2050 1457 qui
2092 1402 2186 1442 co-

598 1486 937 1541 mitabantur
968 1501 1094 1538 cum
1139 1501 1226 1550 eu,
1271 1483 1490 1538 stabant
1525 1481 1846 1553 stupefacti,
1897 1481 2185 1536 audientes

599 1581 820 1650 quidem
858 1593 1072 1644 vocem,
1109 1580 1383 1632 neminem
1414 1583 1597 1629 autem
1632 1574 1901 1629 videntes.
1937 1571 2182 1626 Surrexit

2281 479 2582 545 γυναῖκας,
2633 477 2954 547 δεδεμένους
3001 479 3187 551 ἀγάγῃ
3227 481 3307 544 είς
3344 480 3746 552 Ἰερουσαλήμ.
3793 482 3897 535 ἐν

2282 568 2338 622 δὲ
2370 568 2450 640 τῷ
2482 568 2811 640 πορεύεσθαι
2836 571 3022 636 αὐτὸν,
3061 572 3280 640 ἐγένετο
3305 574 3553 642 ἐγγίζειν
3580 578 3650 646 τῇ
3688 576 3898 646 Δαμασ-

2285 659 2422 729 σκῷ,
2457 661 2552 713 καὶ
2582 659 2844 732 έξαίφνης
2891 663 3301 734 περιήστραψεν
3330 665 3494 718 αὐτόν
3525 665 3649 735 φῶς
3681 668 3760 721 ἐκ
3787 666 3896 721 τοῦ

2283 752 2536 822 οὐρανοῦ,
2568 755 2663 806 καὶ
2717 753 2900 807 πεσὼν
2953 754 3049 808 επὶ
3087 757 3186 826 τὴν
3233 755 3370 827 γῆν,
3418 758 3625 828 ηκουσα
3687 760 3898 830 φωνὴν

2284 847 2550 915 λέγουσαν
2581 846 2752 917 αὐτῷ·
2787 847 2983 914 Σαοὺλ,
3015 849 3220 912 Σαοὺλ,
3250 849 3305 903 τί
3343 867 3410 922 με
3442 851 3670 915 διώκεις
3700 869 3721 918 ς
3757 851 3897 906 εἷπε

2285 938 2365 993 δέ·
2396 939 2492 1002 Τίς
2518 934 2589 1005 εἶ,
2632 939 2845 1008 Κύριε;
2896 940 2956 993 ’0
3001 940 3059 994 δὲ
3107 940 3320 1012 Κύριος
3355 941 3527 997 εἶπεν·
3566 945 3726 1012 Ἐγώ
3761 946 3894 1015 εἰμι

2299 1029 2503 1101 Ἰησοῦς
2553 1030 2613 1084 δν
2665 1029 2730 1082 σὺ
2770 1028 3024 1094 διώκεις’
3060 1032 3296 1102 σκληρόν
3342 1050 3424 1087 σοι
3467 1035 3610 1106 πῴς
3663 1037 3895 1107 κέντρα

2283 1121 2579 1185 λακτίζειν.
2615 1120 2850 1192 Τρέμων
2876 1139 2959 1186 τε,
2991 1123 3088 1178 καὶ
3117 1122 3368 1196 θαμδῶν,
3397 1121 3539 1181 εἶπε·
3576 1127 3797 1198 Κύριε,
3834 1130 3895 1178 τέ

2284 1225 2355 1280 με
2413 1209 2589 1273 θέλεις
2629 1209 2896 1280 ποιῆσαι;
2954 1211 3066 1267 Καὶ
3129 1213 3158 1265 6
3215 1214 3423 1285 Κύριος
3482 1216 3626 1286 πρὸς
3678 1215 3891 1270 αὑτόν·

2283 1301 2597 1372 Ἀνάσοητι,
2630 1303 2725 1356 καὶ
2749 1302 2960 1359 εἴσελθε
2989 1307 3068 1368 είς
3089 1305 3188 1378 τὴν
3217 1308 3396 1372 πόλιν,
3426 1310 3591 1363 κάκεῖ
3629 1309 3896 1378 λαληθήο

2287 1390 2441 1443 σεται
2476 1406 2557 1444 σοι
2581 1390 2636 1444 τί
2660 1408 2719 1446 σε
2741 1393 2824 1447 δεῖ
2847 1395 3044 1448 ποιεῖν.
3066 1394 3130 1446 Οί
3172 1394 3230 1448 δὶ
3262 1397 3454 1468 ἄνδρες
3475 1398 3526 1452 ot
3549 1397 3896 1453 συνοδεῦονο

2283 1497 2376 1544 τες
2414 1480 2563 1552 αὐτῷ
2623 1484 2968 1554 είστήκεισαν
3006 1483 3169 1552 ὲνεοὶ,
3194 1485 3484 1552 ἀκούοντες
3504 1488 3608 1557 μὲν
3632 1490 3742 1558 τῆς
3765 1506 3895 1557 ςυ-

2285 1573 2406 1642 νῆς,
2440 1574 2650 1643 μηδένα
2701 1574 2761 1628 δὲ
2818 1573 3174 1646 θεωροῦντες.
3215 1576 3460 1648 Ἠγέρθη
3489 1575 3548 1631 δὲ
3577 1579 3611 1630 6
3662 1578 3896 1645 Σαῦλος

600 1678 780 1724 autem
809 1669 1009 1722 Saulus
1032 1669 1100 1721 de
1131 1674 1298 1729 terra,
1334 1664 1648 1732 apertisque
1682 1662 1858 1717 oculis
1912 1661 2182 1740 neminem

2289 1665 2394 1718 ἀπὸ
2439 1667 2537 1736 τῆς
2566 1665 2692 1735 γῆς,
2716 1666 3083 1737 ἀνεῳγμένων
3109 1683 3172 1720 τε
3199 1667 3310 1721 τῶν
3339 1667 3644 1740 ὀφθαλμῶν
3671 1670 3889 1736 αὐτοῦ,

604 1761 850 1814 videbat.
880 1760 958 1812 Ad
991 1773 1185 1811 tuanus
1227 1765 1410 1810 autem
1451 1756 1605 1808 ἰιιιιιιι
1650 1753 1948 1817 trahentes,
2012 1737 2185 1805 intro-

2289 1755 2482 1810 οὐδένα
2495 1732 2730 1810 silis—1:2.
2759 1732 3248 1825 Xs'tpaytoyoﬁv‘rs;
3277 1753 3336 1809 δὲ
3368 1732 3536 1811 αὑτὸν
3559 1732 3895 1826 εἰσήγαγον

600 1852 883 1904 duxerunt
916 1849 1267 1903 Damascum.
1296 1845 1492 1901 Etciat
1518 1847 1591 1898 ibi
1613 1862 1642 1897 a
1663 1844 1837 1899 tribus
1860 1843 2055 1898 diebus
2074 1857 2182 1897 non

609 1942 826 2004 videns,
859 1950 914 1994 et
947 1957 1054 1994 non
1116 1937 1490 2002 manducavit,
1522 1952 1696 2005 neque
1730 1935 1885 1988 bibit.
1929 1933 2054 1986 Erat
2089 1947 2187 1984 au-

606 2041 713 2087 tem
748 2032 968 2102 quidam
1005 2031 1311 2099 discipulus
1350 2029 1624 2094 Damasci,
1651 2025 1872 2080 nomine
1899 2025 2182 2088 Ananias;

597 2133 656 2180 ct
685 2124 823 2178 dixit
854 2126 920 2178 ad
951 2124 1102 2177 illum
1137 2124 1191 2176 in
1225 2122 1341 2176 visu
1378 2120 1640 2174 Dominus
1674 2138 1688 2173 :
1723 2119 1956 2174 Anania.
1992 2116 2058 2168 At
2091 2114 2182 2169 ille

601 2219 712 2273 ait:
739 2219 880 2272 Ecce
907 2231 1029 2286 ego,
1058 2215 1304 2269 Domine.
1331 2213 1397 2268 Et
1421 2213 1688 2269 Dominus
1713 2216 1778 2265 ad
1804 2225 1930 2267 eum
1950 2225 1965 2262 :
1989 2208 2184 2280 Surge,

2288 1848 2370 1910 εἰς
2394 1847 2706 1918 Δαμασκόν.
2739 1847 2851 1900 Καὶ
2879 1841 2949 1917 ἦν
2977 1847 3193 1918 ἡμέρας
3220 1848 3371 1916 τρεῖς
3401 1845 3477 1918 μὴ
3502 1845 3753 1918 βλέπων,
3790 1848 3895 1901 καὶ

2287 1937 2388 1989 οὐκ
2430 1936 2641 2004 ἐτραγεν
2669 1935 2790 1990 οὐδὲ
2843 1935 3017 1990 ἔπιεν.
3043 1931 3153 1990 Ἦν
3179 1934 3236 1988 δέ
3264 1952 3350 2000 τις
3382 1934 3639 2007 μαθητὴς
3669 1937 3734 1989 ἐν
3769 1939 3894 1989 Δα-

2292 2027 2489 2099 μασκῷ
2524 2028 2754 2099 ὀνόματι
2799 2027 3081 2090 Ἀνανίας.
3131 2027 3240 2081 Καὶ
3279 2021 3404 2081 εἶπε
3459 2027 3599 2098 πρὶς
3649 2027 3835 2082 αὐτὸν
3861 2029 3896 2082 6

2291 2117 2499 2190 Κύριος
2527 2120 2588 2172 ἐν
2616 2119 2875 2189 ὁράματι·
2901 2117 3148 2173 ’Δνανία.
3193 2118 3254 2172 Ὀ
3281 2117 3339 2173 δὲ
3365 2113 3540 2172 εἶπενο
3575 2119 3715 2174 Ἰδοὺ
3738 2118 3891 2188 ἑγὼ,

2289 2209 2490 2280 Κύριε.
2541 2209 2603 2263 '0
2626 2209 2682 2262 δὲ
2718 2207 2924 2280 Κύριος
2965 2208 3102 2278 πρὸς
3135 2207 3318 2261 αὐτόν·
3363 2208 3632 2273 Ἀναστάς
3667 2208 3891 2280 «opsti-

604 2317 659 2361 et
691 2307 822 2362 vade
847 2307 900 2360 in
934 2307 1135 2372 vicum,
1167 2309 1258 2374 qui
1292 2313 1515 2360 vocatur
1545 2305 1782 2358 Rectus:
1817 2310 1872 2358 et
1896 2317 2084 2372 quare
2123 2303 2178 2354 in

2289 2304 2409 2370 θητι
2444 2301 2537 2355 ἐπὶ
2585 2301 2684 2370 τὴν
2735 2300 2915 2372 ῥύμην
2962 2301 3062 2372 τὴν
3102 2301 3443 2373 καλουμένην
3472 2301 3734 2368 Εὐθεῖαν,
3780 2305 3893 2359 καὶ

602 2400 766 2452 domo
785 2397 936 2451 Iuda:
961 2397 1188 2451 Saulum
1222 2396 1463 2461 nurnine,
1488 2397 1854 2450 Tarsensem:
1877 2408 2005 2448 ecce
2036 2391 2184 2446 enim

2293 2393 2533 2466 ζήτησον
2567 2396 2626 2447 ἐν
2656 2394 2807 2465 οἰκίᾳ
2854 2393 3028 2448 Ἰούδα
3081 2394 3284 2448 Σαῦλον
3323 2395 3550 2466 δνοματι
3573 2435 3589 2461 ,
3617 2395 3888 2466 Tum.

607 2496 752 2542 orat.
787 2487 874 2556 (Et
920 2487 1057 2541 vidit
1087 2488 1262 2539 virum
1295 2487 1560 2540 Ananiam
1595 2485 1840 2545 nomine.
1897 2484 2183 2537 introeun-

2304 2486 2434 2539 Ἰδοὺ
2461 2487 2572 2555 γὰρ
2625 2485 3009 2556 προσεύχεται,
3049 2486 3144 2540 καὶ
3177 2482 3318 2542 εἶδεν
3344 2489 3402 2540 έν
3426 2487 3673 2558 δράματι
3704 2488 3891 2559 ἀνδρα

608 2589 717 2632 tem
748 2587 802 2631 et
835 2581 1204 2648 imponcntem
1232 2577 1338 2631 sibi
1364 2591 1582 2640 manus,
1611 2588 1671 2628 ut
1696 2575 1874 2629 visum
1910 2572 2185 2641 recipiat.)

2291 2576 2546 2630 ’Δνανίαν
2601 2575 2826 2644 ὀνόματι
2891 2574 3204 2630 εἰσελθόντα
3255 2576 3353 2631 καὶ
3407 2577 3672 2632 ἐπιθέντα
3722 2579 3889 2648 αὑτῷ

601 2667 906 2738 Respondit
939 2680 1122 2722 autem
1160 2669 1440 2722 Ammius:
1477 2665 1730 2732 Domine,
1763 2664 1950 2720 audivi
1981 2677 2012 2716 a
2039 2663 2185 2717 mul-

2289 2668 2445 2738 χεῖρα
2472 2667 2622 2730 ὅπως
2649 2664 2949 2737 ἀναϐλέψῃ.
2996 2666 3294 2739 Ἀπεκρίθη
3333 2667 3392 2721 δὲ
3429 2667 3691 2733 ’Δνανίας
3709 2687 3730 2702 ⁶
3761 2669 3890 2726 κο-

601 2761 674 2817 tis
699 2761 766 2816 de
801 2764 918 2816 viro
974 2763 1096 2822 hoc,
1162 2772 1368 2830 quanta
1420 2760 1560 2812 mala
1614 2758 1804 2812 fecerit
1843 2755 2048 2811 sanctis
2080 2755 2185 2809 tuis

2294 2774 2402 2830 ριε,
2442 2757 2659 2828 ἀκήκοα
2691 2759 2821 2827 περὶ
2848 2759 2941 2811 τοῦ
2973 2758 3166 2830 ἀνδρὸς
3197 2759 3389 2814 τούτου
3435 2762 3588 2834 παρὰ
3633 2763 3883 2829 πολλῶν,

602 2854 656 2906 in
688 2850 1016 2907 Jerusalem:
1053 2860 1104 2906 et
1132 2851 1219 2904 hic
1263 2851 1426 2904 habet
1457 2858 1780 2920 potestatem
1829 2861 1860 2900 a
1913 2843 2182 2917 principi-

2289 2850 2389 2904 δσα
2433 2849 2576 2904 κακά
2629 2849 2853 2920 εποίησε
2882 2851 2993 2914 τοῖς
3044 2850 3216 2918 ἀγίοις
3258 2867 3354 2906 σου
3397 2853 3456 2906 έν
3488 2852 3883 2926 Ἰερουσαλήμ..

602 2945 709 2999 bus
739 2944 1084 2998 sacerdotum
1114 2942 1373 3014 alligandi
1426 2957 1618 2997 omnes
1658 2942 1753 3012 qui
1795 2942 2058 2996 invocant
2083 2953 2185 2993 no-

2289 2941 2402 2995 Καὶ
2439 2934 2543 2995 ὧδε
2586 2939 2698 3012 εχει
2757 2939 3004 3004 ἐξουσίαν
3032 2942 3183 3010 παρὰ
3208 2943 3318 2996 τῶν
3359 2943 3666 3017 ἀρχιερέων
3715 2947 3886 3020 δῆσαι

605 3053 728 3092 tuen
775 3047 950 3092 tuum.
981 3037 1128 3093 Dixit
1167 3047 1347 3092 autem
1383 3038 1452 3092 ad
1505 3052 1630 3092 eum
1668 3036 1977 3126 Dominus:
2013 3035 2184 3101 Vade,

2292 3033 2505 3096 πάντας
2549 3033 2677 3096 τοὺς
2707 3031 3176 3112 ἐπικαλουμένους
3207 3034 3269 3088 τὸ
3296 3035 3470 3106 δνομά
3494 3053 3611 3092 σου.
3642 3036 3793 3094 εἶπε
3825 3039 3885 3093 δὲ

605 3129 866 3200 quoniam
901 3143 997 3183 vas
1057 3127 1344 3183 electionis
1371 3136 1457 3183 est
1477 3127 1610 3182 mihi
1641 3115 1764 3192 iste,
1797 3135 1857 3182 ut
1887 3133 2066 3197 portet
2086 3139 2190 3180 no-

606 3234 729 3277 men
787 3237 966 3278 meum
1020 3237 1202 3278 coram
1254 3223 1510 3294 gentibus
1562 3232 1618 3278 et
1677 3223 1902 3295 regibus
1959 3231 2015 3278 et
2063 3223 2193 3278 ﬁliis

605 3310 794 3365 Israel.
817 3310 928 3382 Ego
961 3314 1106 3366 enim
1136 3313 1421 3367 ostendam
1442 3312 1543 3376 illi,
1567 3321 1771 3383 quanta
1793 3320 2042 3383 Oporteat
2068 3327 2192 3366 cum

604 3417 704 3475 pro
727 3405 949 3458 nomine
977 3419 1094 3456 meo
1119 3403 1249 3473 pati.
1278 3401 1342 3456 Et
1363 3404 1499 3459 abiit
1526 3404 1769 3461 Ananiae
1797 3414 1850 3461 et
1867 3404 2114 3460 introivit
2135 3404 2192 3459 in

604 3497 860 3559 domum;
886 3508 939 3549 et
965 3498 1250 3567 imponens
1272 3497 1319 3552 ei
1355 3514 1571 3564 manus,
1604 3499 1766 3553 dixit:
1802 3497 1968 3554 Saule
2000 3497 2194 3564 frater,

606 3584 870 3640 Dominus
908 3587 1057 3642 misit
1101 3603 1186 3641 me
1208 3586 1372 3644 Jesus
1405 3589 1570 3659 239
1604 3590 1696 3658 qui
1730 3591 1981 3660 apparuit
2011 3591 2111 3645 tibi
2139 3589 2194 3644 in

612 3677 720 3740 via,
759 3693 863 3745 qua
892 3677 1173 3744 veniebas,
1208 3688 1268 3735 ut
1310 3680 1498 3737 videas
1536 3691 1592 3736 et
1648 3681 1931 3753 implearis
1984 3681 2194 3751 Spiritu

605 3775 826 3836 saucto.
861 3764 924 3818 Et
955 3769 1243 3822 confestim
1271 3769 1587 3825 ceciderunt
1610 3771 1681 3825 ab
1704 3771 1878 3827 oculis
1913 3769 2034 3840 ejus
2068 3778 2196 3825 tan-

603 3871 769 3926 quam
815 3872 1073 3926 squamas,
1100 3867 1154 3914 et
1174 3860 1347 3915 visum
1379 3865 1604 3934 recepit:
1627 3864 2194 3936 ctsurgeusjiaptiza-

603 3941 691 4006 ιιιε
721 3959 826 4019 est,
852 3962 907 4006 et
942 3966 1067 4007 cum
1099 3957 1400 4028 accepisset
1427 3960 1635 4029 cibum,
1683 3958 2020 4017 confortatus
2058 3970 2162 4017 est.

1100 4129 1680 4190 COMMENTARIUS.

615 4231 637 4258 ι
674 4217 875 4276 Vocem
910 4220 1061 4277 Pauli
1102 4227 1397 4282 audierunt
1423 4229 1516 4297 qui
1569 4244 1694 4283 cum
1737 4245 1804 4285 eo
1845 4241 2036 4301 erant,
2077 4250 2184 4290 non

604 4319 787 4366 autem
833 4326 1020 4366 vocem
1047 4354 1061 4377 ,
1101 4329 1222 4385 qua:
1259 4317 1326 4371 de
1369 4318 1510 4373 caelo
1550 4319 1770 4390 delapsa
1815 4321 1882 4374 ad
1918 4337 2044 4378 eum
2077 4333 2184 4380 est.

604 4399 866 4457 inferiora
898 4403 1044 4458 enim
1081 4412 1291 4460 tantum
1350 4407 1544 4463 audire
1572 4409 1684 4464 illis
1714 4423 2042 4467 concessum
2078 4426 2182 4470 est.

2297 3127 2436 3198 πρὸς
2464 3124 2630 3179 αὑτὸν
2667 3125 2696 3176 ό
2731 3123 2956 3196 Κύριοςο
2991 3125 3254 3197 Πορεύου,
3283 3127 3367 3181 δτι
3399 3129 3597 3194 σκεῦος
3627 3131 3883 3201 ἐκλογῆς

2298 3215 2388 3286 μοί
2425 3217 2575 3269 ἐστιν
2589 3209 2768 3280 οὗτος,
2796 3217 2890 3270 τοῦ
2923 3215 3190 3288 βαστάσαι
3217 3218 3280 3272 τδ
3299 3217 3474 3291 δνομά
3503 3237 3609 3291 μου
3636 3223 3886 3279 ἐνώπιον

2296 3306 2468 3362 ἐθνῶν
2494 3325 2554 3361 τε
2585 3306 2683 3361 καὶ
2724 3307 3011 3377 βασιλέων,
3047 3309 3178 3366 υἱῶν
3206 3327 3266 3364 τε
3292 3308 3535 3382 Ἰσραήλ.
3577 3311 3736 3380 Ἐγὼ
3771 3313 3889 3387 γὰρ

2296 3399 2565 3467 ὑποδείξω
2594 3399 2746 3471 αὐτῷ
2770 3400 2870 3454 ὅσα
2911 3399 2995 3454 δεῖ
3021 3401 3188 3456 αὐτὸν
3216 3403 3412 3459 παθεῖν
3440 3405 3586 3476 ὑπὲρ
3629 3406 3739 3461 τοῦ
3767 3408 3890 3462 δνό-

2299 3493 2470 3566 ματός
2506 3509 2630 3562 μου.
2661 3491 2902 3561 Ἀπῆλθε
2949 3493 3007 3547 δὶ
3049 3493 3326 3562 Ἀνανίας,
3355 3496 3452 3550 καὶ
3495 3486 3757 3569 είσῆλθεν
3805 3502 3890 3564 εις

2295 3584 2396 3656 τὴν
2419 3582 2622 3639 οἰκίανο
2647 3584 2744 3637 καὶ
2792 3582 3000 3646 ἐπιθεὶς
3030 3585 3118 3638 ἐπ’
3145 3586 3312 3640 αὐτὸν
3350 3588 3452 3655 τὰς
3473 3591 3698 3660 χεῖρας,
3732 3587 3888 3646 εἷα·

2297 3677 2472 3732 Σαοὺλ
2509 3675 2727 3744 ἀδελφέ,
2757 3677 2788 3731 δ
2816 3674 3022 3747 Κύριος
3051 3677 3362 3734 ἀπέσταλκε
3392 3695 3461 3752 με
3493 3681 3527 3734 6
3569 3680 3774 3753 ὀφθείς
3802 3699 3886 3739 σοι

2302 3770 2360 3822 ὲν
2389 3769 2456 3840 τῇ
2483 3766 2588 3839 6δῷ
2629 3761 2667 3841 ᾗ
2713 3768 2908 3840 ηρχου,
2943 3768 3096 3831 ὅπως
3126 3767 3456 3842 ἀναϐλέψῃς,
3483 3773 3581 3828 καῖ
3626 3773 3888 3847 πλησθῇς

2291 3862 2610 3932 Πνεῦματος
2635 3863 2819 3930 ἀγίου.
2850 3864 2959 3917 Καὶ
2991 3864 3195 3928 εὐθέως
3225 3865 3367 3918 ἀπέτ
3379 3881 3503 3920 εσον
3522 3866 3635 3922 ἀπδ
3651 3869 3887 3940 τῶνδφ-

2271 3957 2497 4029 θαλμῶν
2521 3958 2688 4014 αὐτοῦ
2705 3957 2837 4014 ὡσεὶ
2859 3959 3094 4026 λεπίδες,
3110 3960 3465 4034 ἀνέδλεψέυτε
3503 3965 3886 4038 παραχρῆμα,

2295 4055 2391 4109 καί⁸
2415 4053 2654 4117 ἀναστάς
2675 4053 3000 4125 ἐϐαπτίσθη,
3024 4057 3119 4111 καὶ
3145 4056 3326 4147 λασξιν
3344 4058 3552 4138 τροφὴν
3566 4061 3885 4124 ἑνίσγυσεν.

2878 4145 3262 4203 ΕΡΜΗΝΕΙΔ.

2368 4235 2479 4307 Τὴν
2511 4235 2695 4306 φωνὴν
2719 4234 2816 4288 τοῦ
2846 4233 3062 4290 Παύλου
3079 4237 3320 4308 ἥκουσαν
3342 4238 3389 4292 oi
3419 4242 3676 4308 συνόντες
3700 4243 3885 4318 αὐτῷ.

2294 4325 2485 4380 οὐδένα
2513 4325 2570 4378 δὲ
2593 4324 2865 4396 ἐθεώρουν
2907 4327 3046 4396 πρὸς
3107 4324 3168 4380 δν
3219 4328 3577 4401 ἀπεκρίνατο.
3609 4333 3743 4390 τῶν
3768 4339 3884 4409 τὰρ

2291 4417 2593 4472 ἐλαττόνων
2631 4417 2888 4486 ἐποίησεν
2940 4416 3136 4482 αὐτοὺς
3191 4418 3489 4491 ἀκροατάς.
3532 4424 3597 4478 El
3634 4425 3754 4497 γὰρ
3776 4428 3883 4498 τῆς

601 4496 884 4566 Alioquin,
917 4499 962 4552 si
990 4499 1270 4554 caelestem
1303 4501 1452 4555 illam
1486 4501 1792 4558 audiissent
1821 4519 2032 4571 vocem,
2074 4522 2182 4562 non

2291 4511 2477 4579 φωνῆς
2520 4509 2761 4578 ἥκουσαν
2801 4506 3041 4578 ἐκείνης,
3073 4509 3179 4564 κάν
3223 4511 3271 4543 ’⁸
3300 4513 3634 4584 ἠπίστησαν.
3672 4496 3786 4573 Τὸν

605 4597 760 4656 puto,
785 4588 1053 4642 increduli
1079 4591 1492 4648 remansissent.
1549 4592 1740 4664 Neque
1763 4610 1886 4651 eum
1911 4598 2185 4663 viderunt,

2292 4569 2498 4654 ὲαῢλον
2543 4569 2791 4668 ’ὁρῶντες
2861 4569 3292 4670 ἀποκρινόμενον
3309 4569 3337 4670 ,’
3371 4569 3708 4676 ἑθαιίμαζον.
3728 4569 3746 4573 ν
3765 4569 3882 4665 *Διά

604 4678 671 4732 ad
713 4693 872 4748 quem
921 4678 1126 4736 Paulus
1172 4685 1580 4755 respondebat:
1638 4688 2058 4758 respondentem
2105 4698 2188 4747 ta-

602 4785 726 4824 men
767 4787 891 4826 eum
923 4787 1048 4828 cum
1083 4775 1360 4842 audirent,
1393 4779 1765 4835 mirabantur.
1807 4780 2017 4838 Idcirco
2057 4799 2188 4842 vero

601 4861 803 4916 factum
841 4865 980 4918 istud
1008 4867 1164 4921 initio
1192 4883 1300 4922 non
1324 4871 1591 4940 contigit,
1622 4881 1683 4927 ut
1707 4873 2021 4932 evidentius
2052 4890 2186 4932 con-

601 4961 770 5006 staret
807 4956 1140 5010 resurrectio
1174 4956 1400 5012 Christi.
1443 4957 1739 5025 Quomodo
1778 4965 1924 5018 enim
1955 4963 2182 5030 Paulus,

598 5045 693 5114 qui
723 5044 900 5114 ipsum
951 5047 1261 5116 rejiciebat.
1293 5051 1389 5119 qui
1419 5054 1880 5108 resurrectionem
1925 5056 2180 5126 negabat.

601 5137 690 5202 qui
746 5137 1047 5206 discipulos
1100 5143 1538 5211 persequebatur
1597 5145 1810 5214 ipsius,
1861 5146 2187 5203 credidisset

602 5242 866 5294 unquam.
900 5230 1005 5284 nisi
1039 5246 1233 5302 magna
1265 5232 1462 5289 fuisset
1512 5236 1792 5292 evidentia
1822 5240 2186 5293 resurrectio-

600 5317 724 5371 nis?
764 5335 782 5368 ι
829 5316 945 5373 Viri
977 5331 1181 5376 autem.
1217 5341 1236 5374 ι
1271 5324 1383 5378 Cur
1412 5325 1560 5382 Deus
1583 5341 1692 5382 non
1717 5328 1952 5397 aliquem
1981 5343 2188 5400 magna:

601 5407 947 5464 auctoritatis
1015 5427 1078 5470 ac
1123 5413 1412 5484 dignitatis
1456 5420 1635 5474 virum
1701 5419 1768 5473 ad
1818 5417 2048 5474 Paulum
2099 5421 2187 5474 in-

596 5501 917 5569 attfttendum
954 5504 1286 5587 destinavit,
1328 5510 1422 5566 sed
1472 5518 1682 5566 tantum
1732 5510 2004 5566 Ananiam
2030 5551 2047 5576 ,
2089 5514 2180 5581 qui

2287 4691 2450 4744 τοῦτο
2495 4689 2552 4744 δὲ
2593 4689 2695 4744 οὐκ
2747 4690 2808 4757 έξ
2875 4690 3049 4761 ἀρχῆς
3083 4689 3242 4746 τοῦτο
3277 4692 3526 4763 γέγονεν,
3556 4696 3648 4753 ἵνα
3682 4699 3880 4772 δειχθῇ

2287 4782 2483 4847 δντως,
2513 4782 2598 4836 ὅτι
2628 4781 2828 4854 ἀνέστη
2851 4782 2882 4835 δ
2909 4782 3173 4854 Χριστός.
3205 4785 3267 4840 '0
3295 4785 3403 4860 γὰρ
3419 4787 3667 4844 ἐλαύνων
3681 4792 3880 4860 αὐτὸν,

2289 4871 2387 4928 καὶ
2416 4871 2665 4928 ἀπιστῶν
2685 4871 2852 4927 αὐτοῦ
2883 4875 2949 4946 τῇ
2980 4874 3298 4943 ἀναστάσει,
3325 4875 3584 4944 καὶτοὺς
3613 4882 3881 4955 μαθητὰς

2288 4961 2458 5019 αὐτοῦ
2489 4964 2726 5030 διώκων,
2756 4964 2923 5019 πόθεν
2940 4965 3008 5020 ἀν
3037 4966 3382 5037 ἐπίστευσεν,
3400 4972 3451 5025 εί
3481 4970 3559 5044 μὴ
3591 4973 3773 5046 πολλὴ
3806 4973 3880 5047 ἦν

2285 5056 2388 5125 τῆς
2417 5055 2768 5120 ἀναστάσεως
2800 5055 2992 5128 ίσχῦςς
3031 5076 3057 5111 ε
3078 5059 3219 5114 οἱδὶ
3249 5059 3462 5133 ἀνδρες.
3497 5081 3518 5117 ι
3545 5063 3612 5117 Τί
3632 5065 3703 5137 δη
3737 5084 3877 5122 ποτε

2285 5147 2480 5202 οὐδένα
2515 5147 2626 5201 τῶν
2659 5147 2991 5213 ἀξιοπίστων
3027 5152 3124 5205 καὶ
3159 5151 3411 5223 μεγάλων
3450 5154 3725 5222 εἵλκυσεν,
3748 5159 3879 5214 οὐδε

2294 5238 2596 5310 μετέστησε
2647 5243 2785 5309 πρὸς
2835 5239 2934 5310 τὴν
2963 5241 3061 5295 τοῦ
3105 5242 3321 5302 Παύλου
3355 5248 3688 5318 κατήχησιν,
3729 5251 3878 5309 ἀλλὰ

2304 5330 2577 5396 Ἀνανίαν,
2611 5331 2709 5383 ἕνα
2737 5330 2868 5384 δντα
2907 5331 3019 5384 τῶν
3071 5333 3479 5406 ἑϐδομηκοντας
3522 5337 3746 5413 Ἐπειδὴ
3764 5343 3879 5398 οὒκ

2289 5419 2480 5486 ἔμελλε
2511 5421 2579 5473 δι’
2610 5421 2916 5490 ἀνθρώπων
2945 5422 3257 5491 ὲνάγεσθαι,
3304 5426 3441 5480 ἀλλά
3463 5428 3533 5482 δι’
3561 5431 3734 5484 αὑτοῦ
3771 5433 3880 5488 τοῦ

2283 5511 2544 5582 Χριστοῦ.
2593 5515 2749 5568 Ἐπεὶ
2785 5515 2844 5568 δὲ
2881 5506 3038 5578 οὗτος
3097 5515 3302 5580 ἐδίδαξε
3346 5519 3445 5588 μὲν
3482 5522 3650 5574 αὑτὸν
3683 5524 3876 5594 οὐδὲν,

1794 5626 1994 5688 Varia:
2028 5626 2333 5690 lectiones
2377 5636 2435 5689 et
2479 5633 2670 5688 noue.

669 5689 715 5723 "
743 5695 841 5745 οἰκ
871 5693 956 5750 ἂν.

4042 2499 4043 2528 ί

4041 2913 4043 2940 i
