4102 6296
305 329 414 396 933

969 316 1503 383 EXPOSITIONIS
1542 314 1625 377 IN
1651 312 1842 375 ACTA
1871 307 2175 372 TEXTUS
2210 306 2485 368 ALTER.
2515 329 2584 344 -
2613 304 2767 366 CAP.
2796 304 2904 366 IX.

3449 301 3556 368 934

307 441 572 494 eodem:
619 435 676 490 δὲ
721 437 914 508 μόνον’
962 437 1082 508 ἃμα
1132 437 1243 506 γὰρ
1290 434 1603 507 φωτισθεὶς,
1651 433 1909 506 εμελλενη

2013 441 2127 481 mus
2159 433 2279 480 erat
2310 439 2375 477 ex
2411 421 2754 492 septuaginta
2788 418 3078 491 discipulis
3108 419 3175 474 ad
3212 433 3336 475 eum
3366 421 3560 478 misit?

307 528 645 587 ἐπισπᾶσθαι
683 529 886 602 πολλὴν
932 531 1029 585 τοῦ
1084 529 1404 600 Πνεύματος
1450 527 1611 598 χάριν
1649 526 1759 581 άπὸ
1785 523 1880 579 τοῦ

308 622 473 693 ζήλου
498 624 592 678 καὶ
621 621 725 689 τῆς
772 621 972 694 πολλῆς
1003 619 1335 694 προθυμίας.
1385 616 1674 674 Ἐντεῦθεν
1697 617 1753 671 δὲ
1787 632 1884 687 στι·

313 711 594 784 μειωτίον,
634 711 716 764 ὅτι
743 711 926 764 ἐκεῖνα
947 709 1016 763 τὰ
1041 709 1230 780 ϐνειρα
1256 709 1302 740 ’⁸
1327 705 1410 762 δεί
1430 704 1710 777 λέγεσθαι,
1739 705 1884 774 ἅπερ

312 803 615 872 κοινωφελῆ
655 804 772 856 εστι
798 801 895 856 καὶ
917 801 1290 872 συμϐάλλεται
1316 799 1396 864 είς
1425 797 1764 862 θεοσέϐειαν,
1787 795 1887 850 ὅσα

239 951 242 956 _
312 896 432 966 ῑχει
478 893 572 948 τοῦ
614 894 818 965 Κυρίου
869 895 971 964 τὴν
1031 894 1400 964 παράστασιν,
1458 890 1492 962 ἢ
1540 889 1772 960 ἀγγέλου
1815 888 1884 942 τ’.

320 987 479 1040 Ἔστι
515 985 572 1038 ει
596 986 692 1038 καὶ
727 984 851 1038 κατ’
878 982 1016 1054 ϐναρ
1047 983 1216 1046 ίδικὰ,
1263 981 1302 1037 ἃ
1342 980 1443 1034 ούκ
1478 979 1684 1050 ὀφείλει
1713 977 1888 1032 λαλεί-

322 1077 470 1132 σθαι·
503 1075 643 1147 πλὴν
687 1076 738 1128 εί
777 1076 872 1127 καὶ
926 1075 1072 1142 tam;
1105 1071 1203 1128 τοῦ
1241 1072 1447 1126 Σαύλου
1468 1066 1535 1144 ἦν
1563 1072 1598 1142 η
1629 1068 1888 1136 ὠφέλεια,

317 1167 434 1224 ἀλλ’
473 1166 567 1221 οὖν
594 1163 915 1237 παραδόξως
934 1163 1214 1237 συμϐᾶσα,
1253 1163 1415 1218 πάλιν
1455 1163 1535 1226 είς
1579 1159 1892 1217 θεοσέϐειαν

331 1259 423 1313 τὸν
452 1256 738 1329 ἄνθρωπον
761 1255 1179 1327 προσκαλείται,
1211 1255 1308 1309 καλ⁵
1331 1254 1422 1309 διὰ
1451 1251 1632 1318 τοῦτο,
1647 1250 1723 1315 ὡς
1749 1265 1894 1305 κοιν-

318 1348 504 1416 ω’ρελῆ
561 1346 906 1400 ἐκλαλεῖσθαι
948 1346 1080 1401 ἔδει.
1135 1364 1155 1398 ι
1194 1341 1306 1398 Ἦν
1337 1344 1399 1398 δι
1432 1360 1518 1408 τις
1559 1341 1832 1414 μαθητής.
1869 1358 1888 1393 ι

319 1440 505 1494 Ταῦτά
527 1455 694 1510 φησιν
716 1441 746 1493 6
773 1439 1047 1502 Ἁνανίας,
1070 1439 1169 1511 οὐχ
1206 1437 1282 1502 ὡς
1329 1436 1574 1492 ἀπιστῶν
1599 1436 1712 1498 τοῖς
1740 1433 1896 1504 λεγο-

323 1533 528 1604 μένοις,
576 1530 697 1586 οὐδὲ
749 1530 1066 1602 ἠπατῆσθαι
1096 1530 1189 1584 τὸν
1217 1529 1458 1602 Χριστὸν
1514 1526 1774 1597 νομίζων,
1818 1525 1896 1600 μὴ

319 1622 530 1688 γένοιτο
553 1621 569 1673 ί
593 1620 728 1673 ἀλλὰ
753 1620 1085 1692 φοϐούμενος
1113 1621 1207 1674 καὶ
1239 1619 1477 1690 τρέμων.
1510 1619 1671 1682 Εἰκὸς
1694 1617 1805 1688 γὰρ
1831 1613 1899 1690 ἦν

321 1712 541 1773 αὐτοὺς.
567 1711 624 1765 ὲν
660 1709 811 1782 φόϐῳ
845 1711 1027 1778 ὂντας,
1058 1709 1521 1781 περιεργάζεσθαι
1553 1710 1650 1762 καὶ
1696 1709 1897 1778 λέγειν,

1986 517 2128 585 Quia
2154 515 2410 572 videlicet
2440 529 2548 570 non
2567 529 2666 584 per
2690 514 2960 577 homines,
2989 513 3083 570 sed
3110 514 3180 569 ab
3199 515 3320 585 ipso
3338 514 3561 572 Christo

1981 606 2300 664 edocendus
2347 607 2438 661 ille
2477 615 2616 661 erat.
2658 603 2843 672 Quare
2883 607 3126 661 Anauias
3157 620 3378 675 quoque
3423 607 3562 662 nihil

1985 713 2109 753 cum
2164 697 2388 762 docuit,
2429 695 2525 752 sed
2571 694 2870 764 baptizavit
2921 696 3298 750 tantummodo
3333 713 3346 750 :
3379 697 3563 750 statim

1985 789 2132 846 enim
2163 804 2228 844 ac
2258 789 2566 859 baptizatus
2592 799 2756 850 esset,
2782 787 2873 842 ille
2901 788 3190 842 maximam
3226 797 3566 844 attracturus

1987 889 2109 938 erat
2148 881 2378 953 gratiam
2412 878 2656 950 Spiritus
2687 895 2751 934 ex
2781 879 2919 943 zelo,
2951 879 3231 949 multaque
3257 879 3564 934 alacritate.

1990 973 2129 1028 llinc
2173 987 2303 1028 vero
2353 971 2762 1034 adnotandum,
2813 985 2908 1025 eas
2959 969 3178 1040 quidem
3228 974 3567 1026 enarrandas

1994 1066 2260 1131 visiones,
2290 1081 2412 1136 quae
2443 1064 2723 1136 quidpiam
2755 1063 3064 1119 communis
3095 1063 3383 1118 continent
3423 1064 3569 1117 utili-

1991 1161 2158 1222 tatis.
2201 1167 2257 1214 et
2301 1157 2369 1212 ad
2410 1159 2667 1228 pietatem
2713 1154 3042 1222 conferunt,
3083 1169 3316 1226 quaeque
3356 1154 3451 1211 Dei
3485 1155 3569 1211 vel

1993 1250 2312 1321 angelorum
2349 1248 2722 1304 assistentiam
2759 1246 2964 1302 habent
2993 1263 3009 1302 :
3048 1247 3286 1316 privatas
3319 1260 3453 1301 vero
3473 1287 3489 1312 ,
3521 1246 3568 1301 si

1994 1357 2117 1412 qua
2142 1341 2420 1406 accidunt,
2451 1339 2714 1404 visiones,
2741 1353 2836 1394 eas
2867 1354 2976 1392 non
3007 1346 3223 1410 oportet
3249 1339 3572 1393 manifestas

1999 1433 2201 1489 facere.
2233 1430 2483 1486 Attamen
2516 1431 2666 1496 licet,
2707 1430 2856 1501 quod
2895 1430 2984 1485 hic
3016 1437 3293 1496 narratur,
3334 1423 3572 1501 pecuh'a-

2000 1539 2114 1581 rem
2145 1531 2421 1595 spectaret
2451 1522 2602 1578 Sauli
2642 1523 2929 1578 utilitatem
2951 1559 2968 1587 ,
3004 1523 3369 1578 nihilominus
3409 1524 3575 1578 mira-

1999 1617 2127 1674 bilis
2169 1615 2291 1686 ejus
2337 1617 2554 1671 sanatio
2599 1629 2930 1686 quemquam
2984 1623 3164 1684 potest
3207 1615 3271 1669 ad
3318 1617 3573 1684 pietatem

2000 1710 2271 1774 excitare;
2306 1717 2358 1764 et
2392 1707 2618 1773 idcirco,
2659 1715 2720 1762 ut
2745 1705 2876 1778 quid
2908 1705 2974 1762 ad
3011 1721 3357 1777 communem
3391 1703 3578 1760 confe-

321 1803 404 1857 ὅτι
434 1801 653 1856 Τούτων
683 1803 879 1867 ὄντων,
913 1801 1032 1867 πῶς
1065 1801 1310 1867 δύναται,
1334 1801 1490 1872 φησὶ,
1521 1799 1698 1854 ταῦτα
1736 1801 1889 1868 γενέ-

2013 1817 2128 1857 rens
2162 1801 2474 1865 utilitatem,
2509 1816 2630 1856 eam
2664 1800 2911 1856 enarrari
2945 1801 3208 1870 Oportuit.
3248 1819 3266 1851 ι
3308 1800 3437 1852 Erat
3469 1813 3576 1851 au.

325 1895 451 1948 σθαι
475 1913 490 1958 ;
521 1895 587 1947 Τί
616 1890 711 1948 οὖν
733 1896 761 1947 6
793 1894 1020 1966 Κύριος,
1047 1895 1076 1946 6
1101 1897 1221 1957 ταῖς
1267 1893 1521 1964 καρδίαις
1543 1894 1651 1946 τῶν
1680 1893 1892 1964 άνθρὼυ

323 2002 442 2040 πων
465 1984 806 2056 ιμϐατεύων,
859 1987 1002 2040 κατὰ
1060 1985 1275 2040 Παύλου
1330 1987 1718 2058 ἐμαρτύρησες
1771 1985 1893 2038 Δεί-

323 2089 514 2126 κνυσιν
546 2073 629 2126 ὅτι
653 2073 754 2126 οὐκ
787 2073 905 2125 ἔστι
936 2072 1141 2143 φυσικὴ
1171 2072 1392 2142 ἡκακία
1420 2070 1592 2142 αὐτῷ.
1617 2088 1635 2121 ι
1670 2067 1892 2132 Σκεῦος,

2001 1900 2108 1947 tem
2137 1892 2362 1964 quidam
2387 1891 2713 1960 discipulus.
2750 1911 2769 1942 ι
2799 1890 2880 1945 Ita
2913 1892 3152 1960 loquitur
3174 1890 3436 1952 Ananias,
3463 1903 3575 1942 non

2000 1983 2148 2053 quod
2197 1977 2458 2052 ea,'qua:
2501 1983 2550 2036 ei
2599 1981 2952 2046 dicebantur,
3002 1994 3112 2038 non
3162 1979 3464 2058 crederet,
3494 1978 3579 2033 vel

2000 2071 2149 2138 quod
2180 2071 2461 2126 Christum
2485 2071 2661 2140 decipi
2695 2085 2859 2140 posse
2881 2069 3242 2132 existimaret,
3271 2068 3446 2122 absitl
3483 2067 3579 2121 sed

325 2161 514 2233 φησὶν,
547 2161 777 2228 ἐκλογῆς
807 2161 979 2215 ἔστιν.
1023 2177 1042 2211 ι
1083 2158 1324 2223 Ἐδειξεν
1376 2157 1461 2212 ὅτι
1499 2155 1721 2226 ϐόκιμὸς
1756 2155 1894 2206 ἐστι.

2013 2176 2066 2214 ex
2105 2162 2301 2217 timore
2343 2172 2399 2217 et
2435 2169 2675 2217 tretnore
2708 2175 2820 2231 quo
2857 2161 3297 2215 concutiehatur.
3337 2157 3580 2233 Pronum

325 2232 401 2308 16
428 2253 650 2324 δόκιμον
678 2254 789 2325 γάρ
819 2269 901 2316 τις
939 2252 1227 2321 ἐκλέγεται
1262 2248 1475 2313 σκεῦος.
1508 2248 1620 2303 Καὶ
1646 2248 1706 2300 οὺ
1739 2245 1900 2316 μόνον

2013 2251 2147 2306 enim
2187 2259 2326 2316 erat,
2359 2261 2419 2306 ut
2460 2252 2536 2316 ii,
2568 2253 2661 2322 qui
2709 2252 2907 2306 timore
2937 2251 3174 2322 perculsi
3211 2261 3388 2311 erant,
3419 2232 3582 2303 anxie

327 2343 517 2409 πιστὸς
546 2344 725 2410 ἔσται,
753 2344 944 2416 φησιν,
977 2343 1115 2400 ἀλλὰ
1139 2345 1238 2397 καὶ
1255 2341 1574 2404 διδάσκαλος
1612 2340 1706 2394 καὶ
1727 2337 1905 2409 κῆρυξ

2013 2343 2349 2413 inquirerent
2403 2359 2468 2399 ac
2521 2343 2788 2410 dicereut,
2844 2344 3132 2411 Quomodo
3195 2351 3426 2414 possunt
3475 2345 3581 2394 ista

326 2437 427 2505 τῆς
446 2435 794 2507 οἰκουμένης,
822 2434 958 2489 ἀλλά
988 2433 1083 2489 καὶ
1111 2432 1359 2488 πείσεται
1386 2430 1556 2486 πολλὰ
1576 2430 1717 2502 ὑπὲρ
1744 2430 1905 2500 ἐμοῦ.

2013 2434 2157 2488 lieri?
2195 2435 2337 2500 Quid
2371 2436 2537 2506 igitur
2569 2434 2856 2503 Dominus,
2912 2436 3158 2492 cordium
3205 2435 3578 2505 investigator,

329 2528 399 2585 de
418 2529 588 2586 Paulo
611 2531 1022 2604 pronuntiavit?
1041 2527 1293 2588 Ostendit
1313 2543 1421 2584 non
1445 2527 1770 2584 naturaliter
1791 2525 2011 2582 insitam
2037 2529 2114 2582 illi
2139 2545 2264 2586 esse
2286 2532 2608 2602 nequitiam.
2633 2529 2773 2587 «Vas
2795 2549 2815 2584 ι
2838 2532 3004 2596 enim,
3022 2531 3218 2601 inquit,
3245 2548 3264 2581 ι
3295 2529 3584 2585 electionis

329 2633 416 2682 est
444 2627 617 2681 mihi:
648 2644 668 2678 ι
701 2626 900 2696 quibus
936 2626 1113 2683 verbis
1145 2624 1411 2691 declarat,
1464 2623 1645 2694 ipsum
1680 2622 1859 2677 virum
1899 2623 2188 2692 probatura
2239 2641 2406 2683 esse:
2449 2643 2595 2693 nam,
2631 2629 2779 2699 quod
2817 2627 3106 2696 probatmu
3159 2636 3263 2689 est,
3300 2642 3418 2690 vas,
3453 2625 3586 2695 eligi

333 2723 497 2779 solet.
527 2719 692 2794 ξω
708 2721 889 2788 Quare
920 2736 1033 2777 non
1074 2721 1252 2776 solum
1285 2719 1484 2786 tidelis,
1514 2719 1714 2790 inquit,
1747 2717 1888 2786 erit;
1916 2717 2012 2774 sed
2037 2721 2202 2777 etiam
2239 2722 2460 2790 doctor,
2497 2732 2552 2778 ct
2593 2739 2772 2794 praeco
2797 2725 3010 2791 mundi,
3038 2723 3171 2796 quin
3193 2733 3246 2777 ct
3285 2725 3454 2778 multa
3486 2738 3588 2794 pro

334 2814 561 2871 nomine
600 2829 724 2868 meo
751 2813 1009 2882 patietur.

631 2901 723 2974 Τῷ
763 2900 1027 2972 Σαϐϐάτῳ
1065 2903 1165 2972 τῆς
1194 2899 1242 2969 γ’
1276 2900 1597 2972 ἑϐδομάδος.

914 2991 1302 3048 ΚΕΙΜΕΝΟΝ.

2649 2991 2951 3048 TEXTUS.

406 3087 657 3157 Ἐγίνετο
677 3085 733 3140 δὶ
753 3087 783 3140 6
813 3084 1013 3150 Σαῦλος
1046 3085 1187 3156 μετὰ
1222 3084 1332 3138 τῶν
1352 3084 1522 3138 ὄντων
1545 3083 1604 3136 ὲν
1632 3080 1909 3153 Δαμασκῷ

2084 3082 2176 3151 IX,
2203 3085 2390 3140 l9-5l.
2423 3084 2547 3140 Fuit
2588 3093 2765 3140 autem
2802 3084 3048 3156 (Saulus)
3092 3099 3216 3140 cum
3266 3083 3584 3155 discipulis,

341 3177 604 3250 μαθητῶν
657 3175 874 3248 ἡμέρας
925 3175 1099 3239 τινάς.
1140 3175 1252 3229 Καὶ
1291 3174 1492 3239 εὐθέως
1529 3175 1587 3227 ὲν
1624 3176 1746 3237 ταῖς
1782 3191 1908 3226 συνο

2015 3175 2107 3242 qui
2147 3182 2306 3229 erant
2340 3173 2586 3229 Damasci
2611 3190 2708 3244 per
2739 3175 2856 3230 dies
2878 3176 3109 3246 aliquot.
3139 3174 3204 3229 Et
3234 3176 3494 3230 continuo
3532 3178 3589 3232 in

339 3269 585 3338 αγωγαῐς
608 3266 882 3337 ὶκήρυσσε
911 3265 1004 3319 τὸν
1049 3264 1315 3335 Χριστὸν,
1372 3264 1456 3317 ὅτι
1499 3256 1669 3324 υῦτός
1696 3261 1845 3314 ἐστιν
1881 3261 1909 3314 6

2013 3265 2299 3336 synagogis
2324 3267 2653 3336 praedicabat
2677 3265 2890 3334 Jesnm,
2915 3267 3174 3336 quoniam
3200 3265 3297 3322 llic
3316 3277 3401 3323 est
3422 3264 3591 3324 Filius

341 3362 577 3432 Χριστὸς
607 3363 637 3415 6
667 3358 794 3422 Υἱὸς
844 3358 940 3415 τοῦ
989 3355 1146 3411 Θεοῦ.
1190 3354 1501 3420 Ἐξίσταντο
1546 3354 1602 3408 δὲ
1632 3356 1832 3418 πάντες
1861 3355 1909 3406 οι

2017 3355 2132 3411 Dei.
2157 3357 2656 3426 Stupebantantem
2681 3374 2875 3415 omnes
2899 3360 2990 3429 qui
3025 3358 3342 3424 audiebant,
3371 3368 3425 3413 et
3445 3359 3593 3414 dicc-

2365 2899 2606 2956 Sabhato
2642 2897 3004 2957 hebdomadas
3041 2901 3234 2954 tertiae.

343 3450 654 3513 ἀκούοντες,
689 3449 784 3501 καὶ
809 3446 999 3517 ελεγον
1019 3463 1035 3478 ·
1062 3447 1178 3501 Οὐκ
1220 3439 1376 3510 οὗτός
1405 3449 1552 3498 ἐστιν
1579 3448 1608 3500 ὁ
1635 3444 1913 3516 πορθήσας

343 3544 404 3596 ἓν
474 3538 836 3614 Ἰερουσαλὴμ
894 3538 1104 3603 πάντας
1153 3537 1281 3601 τοὺς
1345 3536 1809 3607 ἐπικαλουμένους
1851 3535 1916 3590 τὸ

342 3636 517 3706 δνομα
541 3633 724 3699 τοῦτο,
752 3631 848 3687 καὶ
892 3626 1000 3686 ὦδε
1035 3631 1118 3694 είς
1153 3629 1313 3684 τοῦτο
1341 3629 1622 3697 ἐλήλυθεν,
1658 3629 1746 3683 ἵνα
1771 3627 1916 3682 ϐεδε·

349 3727 545 3800 μένους
571 3725 770 3787 αὐτοὺς
795 3723 982 3793 ἀγάγῃ
1009 3725 1088 3788 εἰς
1119 3721 1474 3794 Ἰερουσαλὴμ,
1507 3722 1600 3775 ἐπὶ
1628 3723 1750 3785 τοὺς
1779 3723 1915 3792 ἀρχ-

350 3816 515 3884 ιερεῖς
535 3830 552 3846 ο
580 3811 783 3877 Σαῦλος
801 3811 862 3866 δὲ
887 3811 1088 3882 μᾶλλον
1124 3810 1523 3882 ινεδυναμοῦτο
1566 3810 1663 3866 καὶ
1695 3810 1914 3881 συνέχεε

347 3906 476 3971 τοῦς
524 3903 808 3968 Ἰουδαίους
863 3903 991 3966 τοὺς
1060 3901 1450 3966 κατοικοῦντας
1508 3905 1568 3957 ἐν
1601 3901 1915 3973 Δαμασκῷ,

351 3995 726 4068 συμϐιϐάζων,
761 3995 844 4049 ὅτι
903 3987 1076 4058 οὗτός
1117 3995 1270 4048 ἐστιν
1330 3995 1360 4046 6
1414 3994 1672 4064 Χριστός.
1719 3993 1811 4057 Ὠς
1859 3992 1918 4047 δὲ

351 4085 687 4157 ἐπληροῦντο
710 4086 916 4157 ἡμέραι
942 4084 1153 4150 ἱκαναὶ,
1193 4083 1688 4138 συνεϐουλεύσαντο
1714 4080 1766 4138 οἱ
1786 4084 1920 4137 Ἰουο

353 4179 496 4232 δαῖοι
521 4175 734 4231 ἀνελεῖν
787 4174 972 4230 αὐτόν.
1003 4173 1288 4244 Ἐγνώσϐη
1331 4174 1384 4228 δὲ
1421 4174 1499 4246 τῷ
1527 4175 1719 4246 Σαύλῳ
1742 4176 1776 4244 ἡ
1806 4176 1924 4228 επι-

354 4268 523 4338 ϐουλὴ
546 4266 728 4321 αὐτῶν
751 4281 768 4295 θ
792 4266 1139 4337 παρετήρουν
1178 4282 1236 4318 τε
1265 4267 1365 4329 τὰς
1390 4263 1563 4326 πύλας
1587 4262 1686 4336 τῆς
1713 4265 1922 4328 πόλεως

355 4359 570 4431 ἡμέρας
591 4374 652 4410 τε
682 4357 776 4410 καὶ
802 4356 1021 4422 νυκτὸς,
1050 4357 1200 4418 ὅπως
1225 4355 1388 4409 αὑτὸν
1426 4354 1679 4410 ἁνίλωσι.
1719 4355 1926 4410 Λαϐόν-

357 4465 446 4513 τες
477 4449 534 4502 δὲ
561 4448 727 4502 αὐτὸν
781 4447 834 4502 οι
873 4447 1114 4520 μαθηταὶ
1174 4447 1391 4512 νυκτὸς,
1418 4447 1670 4516 καθῆκαν
1709 4446 1798 4500 διὰ
1828 4447 1923 4500 τοῦ

357 4539 568 4610 τείχους
585 4538 1010 4609 χαλάσαντες,ὲν
1042 4535 1278 4607 σπυρίδι.
1317 4536 1768 4608 Παραγενόμενος
1797 4536 1855 4590 δὶ
1897 4539 1926 4590 ὁ

2015 3446 2149 3501 bant
2166 3465 2180 3502 :
2195 3447 2388 3504 Nonne
2403 3451 2490 3504 hic
2507 3459 2615 3515 est,
2633 3451 2725 3523 qtti
2741 3451 3087 3522 expugnabat
3107 3451 3161 3505 iu
3182 3449 3482 3506 Jerusalem
3499 3464 3593 3505 eos

2015 3537 2110 3607 qui
2135 3540 2465 3594 invocabant
2486 3557 2685 3596 nomen
2715 3541 2888 3606 istud,
2915 3551 2968 3596 et
2997 3541 3104 3596 huc
3122 3541 3188 3595 ad
3213 3542 3317 3596 hoc
3347 3545 3516 3608 venit,
3535 3552 3595 3596 ut

2017 3629 2231 3682 vinctos
2292 3629 2416 3686 illos
2462 3629 2690 3686 duceret
2741 3629 2809 3684 ad
2867 3629 3144 3700 principes
3198 3629 3594 3684 sacerdotum?

2020 3717 2224 3773 Saulus
2267 3729 2450 3774 autem
2492 3721 2666 3775 multo
2707 3719 2880 3790 magis
2923 3722 3344 3776 convalescebat
3370 3720 3428 3775 et
3459 3735 3596 3774 con-

2023 3811 2285 3866 fundebat
2329 3811 2548 3867 Judaaos
2593 3813 2685 3884 qui
2737 3814 3055 3868 habitabant
3111 3813 3392 3882 Damasci,
3445 3817 3595 3870 allir-

2020 3917 2179 3956 mans
2205 3908 2462 3972 quoniam
2488 3901 2589 3956 Hic
2609 3915 2691 3959 est
2720 3902 2992 3958 Christus.
3025 3901 3160 3958 Cum
3187 3913 3367 3959 autem
3399 3904 3592 3974 imple-

2025 4001 2216 4046 rentur
2260 3993 2380 4048 dies
2429 3994 2622 4058 multi,
2667 3995 2958 4048 consilium
3014 3993 3263 4051 fecerunt
3314 3995 3368 4050 in
3425 4013 3595 4050 unum

2020 4081 2215 4146 Judzci,
2245 4094 2298 4136 ut
2325 4099 2450 4138 eum
2478 4083 2868 4140 interﬁcerent.
2901 4085 3052 4139 Notae
3083 4099 3262 4141 autem
3288 4087 3444 4143 factm
3467 4098 3598 4145 sunt

2027 4175 2198 4228 Saulo
2266 4175 2483 4230 insidiae
2517 4191 2727 4232 eorum.
2769 4174 3164 4232 Custodiebant
3221 4188 3403 4234 autem
3465 4195 3598 4250 por-

2025 4277 2110 4322 tas
2140 4268 2228 4322 dic
2250 4282 2315 4323 «ιε-τ
2349 4279 2535 4333 uocte,
2570 4276 2628 4321 ut
2667 4285 2790 4325 eum
2834 4270 3226 4328 interﬁcerent.
3255 4273 3597 4344 Accipientcs

2028 4365 2212 4413 autem
2240 4373 2366 4412 eum
2400 4357 2653 4429 discipuli
2686 4370 2865 4424 nocte,
2899 4376 2997 4431 per
3021 4378 3238 4418 murum
3270 4363 3602 4420 dimiserunt

2027 4463 2186 4512 eum,
2229 4449 2620 4504 submittentcs
2654 4448 2708 4503 in
2741 4462 2946 4520 sporta.
2981 4453 3116 4506 Cum
3153 4461 3334 4508 autem
3364 4456 3603 4511 venisset

2029 4540 2084 4594 in
2123 4537 2450 4604 Jerusalem,
2500 4541 2752 4596 tentabat
2800 4557 2862 4596 se
2907 4543 3136 4614 jungere
3178 4543 3502 4616 discipulis,
3548 4559 3604 4602 et

360 4631 564 4693 Σαῦζως
605 4631 684 4693 είς
733 4627 1115 4700 Ἰερουσαλὴμ,
1173 4627 1436 4698 ἐπειρᾶτο
1489 4627 1783 4682 κολλᾶσθαι
1813 4631 1909 4681 τοῖς

2031 4642 2224 4684 outncs
2266 4628 2532 4682 timebant
2569 4643 2717 4693 eum,
2755 4645 2865 4684 non
2912 4631 3228 4697 credentes,
3278 4633 3422 4702 quod
3457 4643 3605 4690 esset

363 4725 636 4799 μαθηταῖς
651 4735 667 4750 ·
691 4723 786 4776 καὶ
816 4721 1016 4784 πάντες
1039 4718 1332 4788 ἐφοϐοῦντο
1347 4719 1527 4785 αὑτὸν,
1547 4719 1622 4791 μὴ
1646 4719 1930 4773 πιστεύον-

360 4833 451 4880 τες
483 4815 567 4870 ὅτι
597 4813 712 4867 ἐστι
765 4811 1033 4884 μαθητής.
1093 4809 1381 4882 Βαρνάϐας
1424 4811 1482 4866 δὲ
1532 4810 1930 4880 ἐπιλαϐόμενος

364 4906 550 4972 αὑτὸν,
578 4905 756 4976 ηγαγε
794 4904 932 4973 πρὸς
959 4903 1086 4966 τοὺς
1118 4902 1473 4967 ἀποστόλους,
1504 4903 1600 4956 καὶ⁵
1633 4901 1933 4974 διηγήσατο

364 4997 571 5060 αὐτοῖς,
600 4994 716 5057 πῶς
742 4995 800 5047 ὲν
827 4996 894 5065 τῇ
924 4992 1030 5064 όδῷ
1065 4987 1169 5046 εἶδε
1201 4994 1292 5045 τὸν
1320 4993 1546 5065 Κύριον,
1581 4994 1675 5047 καὶ
1702 4993 1784 5047 ὅτι
1810 4993 1936 5047 ἐλά-

365 5090 532 5156 λῃσεν
561 5084 734 5155 αὐτῷ,
790 5085 886 5138 καὶ
921 5084 1035 5148 πῶς
1074 5085 1134 5137 ἐν
1163 5083 1444 5157 Δαμασκῷ
1486 5086 1934 5158 ἐπαρρησιάσατο

370 5178 428 5228 tv
473 5175 553 5246 τῷ
599 5177 824 5248 ὀνόματι
854 5175 949 5228 τοῦ
982 5175 1180 5245 Ἰησοῦ.
1215 5177 1323 5230 Καὶ
1351 5171 1420 5248 ἦν
1467 5177 1584 5248 μετ’
1609 5177 1792 5232 αὐτῶν
1815 5179 1933 5232 είσ-

372 5267 736 5336 πορευόμενος
770 5266 865 5318 καὶ
884 5267 1315 5338 ἐκπορευόμενος
1343 5269 1422 5330 εἰς
1464 5267 1822 5340 Ἰερουσαλὴμ
1841 5270 1935 5324 καὶ

372 5354 890 5426 παρρησιαζόμενος
919 5355 976 5405 ὲν
1008 5355 1088 5424 τῷ
1119 5355 1451 5425 ὀνόματιτοῦ
1483 5359 1693 5430 Κυρίου
1735 5359 1931 5429 Ἰησοῦ,

374 5447 553 5501 ἱλαλει
584 5462 641 5499 τε
670 5447 764 5500 καὶ
808 5444 1092 5517 συνεζήτει
1122 5449 1258 5518 πρὸς
1295 5450 1416 5512 τοὺς
1467 5450 1834 5521 Ἑλληνιστάς.
1867 5455 1933 5506 Οἱ

2038 4721 2359 4788 discipulus.
2417 4719 2700 4777 Barnabas
2758 4730 2936 4777 autem
2993 4724 3393 4794 apprehensum
3447 4727 3601 4782 illum

2037 4812 2193 4867 duxit
2216 4812 2282 4866 ad
2306 4814 2606 4882 apostolos,
2638 4823 2692 4869 ct
2728 4816 2973 4869 narravit
3005 4817 3112 4871 illis
3142 4817 3414 4886 quomodo
3440 4819 3492 4873 iu
3515 4822 3603 4874 via

2034 4905 2268 4962 vidisset
2298 4905 2588 4960 Dominum
2613 4947 2630 4973 ,
2660 4916 2714 4960 et
2745 4908 2874 4978 quia
2911 4907 3127 4964 locutus
3156 4917 3242 4963 est
3271 4910 3342 4972 ci,
3375 4922 3429 4965 et
3462 4925 3603 4980 quo-

2038 4997 2204 5052 modo
2255 4997 2311 5052 in
2363 4997 2634 5054 Datnasco
2685 4998 3016 5055 ﬁducialiter
3060 5001 3233 5071 egerit
3283 5001 3336 5054 in
3386 5001 3607 5057 nomine

2038 5085 2190 5144 Iesu.
2226 5087 2290 5142 Et
2321 5096 2592 5144 eratcum
2622 5088 2732 5145 illis
2756 5089 2969 5145 intrans
2993 5101 3048 5144 et
3073 5091 3263 5146 exiens
3294 5092 3348 5146 in
3379 5089 3605 5148 Jerusa-

2038 5179 2175 5247 lem,
2209 5187 2266 5236 et
2306 5180 2633 5234 liducialiter
2671 5183 2930 5250 agens_in
2962 5181 3184 5236 nomine
3227 5182 3467 5239 Domini.
3503 5180 3611 5237 Lo-

2037 5273 2312 5341 quehatur
2331 5287 2546 5342 quoque
2569 5271 2845 5342 gentibus,
2884 5281 2938 5326 et
2963 5273 3277 5343 disputabat
3308 5287 3432 5328 cum
3457 5271 3608 5330 Gra-

2037 5365 2118 5420 cis
2143 5381 2157 5418 :
2181 5364 2257 5418 illi
2289 5371 2467 5418 autem
2493 5363 2811 5433 quaerebant
2837 5365 3091 5419 occidere
3117 5379 3262 5420 eum.
3291 5363 3448 5429 Quod
3478 5380 3604 5421 cum

2036 5457 2420 5527 cognovissent
2450 5455 2668 5523 fratres,
2695 5456 3044 5513 deduxerunt
3067 5471 3192 5514 eum
3220 5457 3525 5516 Caesaream
3546 5465 3607 5516 et

1556 5606 1756 5668 Variae
1792 5608 2099 5674 lectiones
2141 5617 2202 5672 ct
2245 5618 2434 5673 notae.

447 5725 495 5759 "
523 5721 797 5793 ὀνείρατα.
875 5721 920 5750 ‘"
946 5719 1213 5787 ἀγγέλων.
