  <div class='ocr_page' id='page_1' title='image "/cluster/home/n/w/nwhite01/storage/ocr_20150623/125/mdp.39015041873541/503.png"; bbox 0 0 4090 6304; ppageno 0'>
   <div class='ocr_carea' id='block_1_1' title="bbox 543 375 642 438">
    <p class='ocr_par' dir='ltr' id='par_1_1' title="bbox 543 375 642 438">
     <span class='ocr_line' id='line_1_1' title="bbox 543 375 642 438; baseline 0 0"><span class='ocrx_word' id='word_1_1' title='bbox 543 375 642 438; x_wconf 76' lang='lat'><strong>971</strong></span> 
     </span>
    </p>
   </div>
   <div class='ocr_carea' id='block_1_2' title="bbox 1505 371 2910 437">
    <p class='ocr_par' dir='ltr' id='par_1_2' title="bbox 1505 371 2910 437">
     <span class='ocr_line' id='line_1_2' title="bbox 1505 371 2910 437; baseline 0.001 -4"><span class='ocrx_word' id='word_1_2' title='bbox 1505 372 2078 434; x_wconf 78' lang='lat' dir='ltr'><strong>THEOPHYLACTI</strong></span> <span class='ocrx_word' id='word_1_3' title='bbox 2114 372 2522 434; x_wconf 68' lang='grc' dir='ltr'><strong>ΒυιΘΑΙὶΙίΕ</strong></span> <span class='ocrx_word' id='word_1_4' title='bbox 2555 371 2910 437; x_wconf 72' lang='grc' dir='ltr'><strong>ΑΒΟΗΙΕΡ.</strong></span> 
     </span>
    </p>
   </div>
   <div class='ocr_carea' id='block_1_3' title="bbox 3691 385 3803 449">
    <p class='ocr_par' dir='ltr' id='par_1_3' title="bbox 3691 385 3803 449">
     <span class='ocr_line' id='line_1_3' title="bbox 3691 385 3803 449; baseline 0.018 -2"><span class='ocrx_word' id='word_1_5' title='bbox 3691 385 3803 449; x_wconf 75' lang='lat'><strong>972</strong></span> 
     </span>
    </p>
   </div>
   <div class='ocr_carea' id='block_1_4' title="bbox 544 483 2110 560">
    <p class='ocr_par' dir='ltr' id='par_1_4' title="bbox 544 486 2106 554">
     <span class='ocr_line' id='line_1_4' title="bbox 544 486 2106 554; baseline -0.007 -9"><span class='ocrx_word' id='word_1_6' title='bbox 544 488 697 547; x_wconf 80' lang='lat' dir='ltr'><strong>stris.</strong></span> <span class='ocrx_word' id='word_1_7' title='bbox 736 506 755 540; x_wconf 86' lang='grc' dir='ltr'><strong>ι</strong></span> <span class='ocrx_word' id='word_1_8' title='bbox 796 487 890 546; x_wconf 84' lang='lat' dir='ltr'><strong>Isti</strong></span> <span class='ocrx_word' id='word_1_9' title='bbox 923 496 1106 544; x_wconf 82' lang='lat' dir='ltr'><strong>autem</strong></span> <span class='ocrx_word' id='word_1_10' title='bbox 1143 502 1254 543; x_wconf 87' lang='lat' dir='ltr'><strong>non</strong></span> <span class='ocrx_word' id='word_1_11' title='bbox 1287 486 1464 543; x_wconf 84' lang='lat' dir='ltr'><strong>solum</strong></span> <span class='ocrx_word' id='word_1_12' title='bbox 1488 500 1586 542; x_wconf 83' lang='lat' dir='ltr'><strong>cos</strong></span> <span class='ocrx_word' id='word_1_13' title='bbox 1623 501 1730 542; x_wconf 89' lang='lat' dir='ltr'><strong>non</strong></span> <span class='ocrx_word' id='word_1_14' title='bbox 1759 491 2106 554; x_wconf 85' lang='lat' dir='ltr'><strong>receperunt,</strong></span> 
     </span>
    </p>
   </div>
   <div class='ocr_carea' id='block_1_5' title="bbox 2211 483 3803 560">
    <p class='ocr_par' dir='ltr' id='par_1_5' title="bbox 2211 483 3803 560">
     <span class='ocr_line' id='line_1_5' title="bbox 2211 483 3803 560; baseline 0.006 -24"><span class='ocrx_word' id='word_1_15' title='bbox 2211 485 2310 537; x_wconf 82' lang='grc' dir='ltr'>οὐκ</span> <span class='ocrx_word' id='word_1_16' title='bbox 2338 483 2608 552; x_wconf 77' lang='grc' dir='ltr'>ἐδέξαντο,</span> <span class='ocrx_word' id='word_1_17' title='bbox 2653 487 2788 543; x_wconf 73' lang='grc' dir='ltr'>ἄλλα</span> <span class='ocrx_word' id='word_1_18' title='bbox 2823 491 2918 543; x_wconf 76' lang='grc' dir='ltr'>καὶ</span> <span class='ocrx_word' id='word_1_19' title='bbox 2949 490 3239 560; x_wconf 75' lang='grc' dir='ltr'>ἀπήλασαν</span> <span class='ocrx_word' id='word_1_20' title='bbox 3280 493 3483 558; x_wconf 63' lang='grc' dir='ltr'>αὐτοὺς</span> <span class='ocrx_word' id='word_1_21' title='bbox 3529 495 3650 550; x_wconf 77' lang='grc' dir='ltr'><strong>ἀπὸ</strong></span> <span class='ocrx_word' id='word_1_22' title='bbox 3688 513 3803 548; x_wconf 81' lang='grc' dir='ltr'><strong>των</strong></span> 
     </span>
    </p>
   </div>
   <div class='ocr_carea' id='block_1_6' title="bbox 542 574 2110 651">
    <p class='ocr_par' dir='ltr' id='par_1_6' title="bbox 542 574 2110 651">
     <span class='ocr_line' id='line_1_6' title="bbox 542 574 2110 651; baseline -0.006 -15"><span class='ocrx_word' id='word_1_23' title='bbox 542 581 638 636; x_wconf 88' lang='lat' dir='ltr'><strong>sed</strong></span> <span class='ocrx_word' id='word_1_24' title='bbox 659 579 822 636; x_wconf 76' lang='lat' dir='ltr'><strong>etiam</strong></span> <span class='ocrx_word' id='word_1_25' title='bbox 860 579 1144 651; x_wconf 72' lang='lat' dir='ltr'><strong>eiecerunt</strong></span> <span class='ocrx_word' id='word_1_26' title='bbox 1185 579 1254 635; x_wconf 85' lang='lat' dir='ltr'><strong>de</strong></span> <span class='ocrx_word' id='word_1_27' title='bbox 1305 579 1506 634; x_wconf 87' lang='lat' dir='ltr'><strong>tinibus</strong></span> <span class='ocrx_word' id='word_1_28' title='bbox 1550 578 1707 643; x_wconf 83' lang='lat' dir='ltr'><strong>suis;</strong></span> <span class='ocrx_word' id='word_1_29' title='bbox 1770 575 1916 646; x_wconf 88' lang='lat' dir='ltr'><strong>quod</strong></span> <span class='ocrx_word' id='word_1_30' title='bbox 1957 574 2110 643; x_wconf 72' lang='lat' dir='ltr'><strong>pejus</strong></span> 
     </span>
    </p>
   </div>
   <div class='ocr_carea' id='block_1_7' title="bbox 541 665 2112 744">
    <p class='ocr_par' dir='ltr' id='par_1_7' title="bbox 541 665 2112 744">
     <span class='ocr_line' id='line_1_7' title="bbox 541 665 2112 744; baseline -0.005 -16"><span class='ocrx_word' id='word_1_31' title='bbox 541 681 646 728; x_wconf 88' lang='lat' dir='ltr'><strong>est.</strong></span> <span class='ocrx_word' id='word_1_32' title='bbox 672 671 791 728; x_wconf 83' lang='lat' dir='ltr'><strong>Non</strong></span> <span class='ocrx_word' id='word_1_33' title='bbox 822 673 936 728; x_wconf 91' lang='lat' dir='ltr'><strong>vult</strong></span> <span class='ocrx_word' id='word_1_34' title='bbox 968 674 1153 744; x_wconf 86' lang='lat' dir='ltr'><strong>itaque</strong></span> <span class='ocrx_word' id='word_1_35' title='bbox 1184 672 1474 738; x_wconf 84' lang='lat' dir='ltr'><strong>Dominus,</strong></span> <span class='ocrx_word' id='word_1_36' title='bbox 1523 678 1583 725; x_wconf 91' lang='lat' dir='ltr'><strong>ut</strong></span> <span class='ocrx_word' id='word_1_37' title='bbox 1618 668 1874 740; x_wconf 80' lang='lat' dir='ltr'><strong>discipuli</strong></span> <span class='ocrx_word' id='word_1_38' title='bbox 1910 667 1995 722; x_wconf 91' lang='lat' dir='ltr'><strong>sui</strong></span> <span class='ocrx_word' id='word_1_39' title='bbox 2027 665 2112 722; x_wconf 87' lang='lat' dir='ltr'><strong>vel</strong></span> 
     </span>
    </p>
   </div>
   <div class='ocr_carea' id='block_1_8' title="bbox 544 758 2109 836">
    <p class='ocr_par' dir='ltr' id='par_1_8' title="bbox 544 758 2109 836">
     <span class='ocr_line' id='line_1_8' title="bbox 544 758 2109 836; baseline -0.005 -16"><span class='ocrx_word' id='word_1_40' title='bbox 544 766 821 836; x_wconf 80' lang='lat' dir='ltr'><strong>pulverem</strong></span> <span class='ocrx_word' id='word_1_41' title='bbox 855 765 910 820; x_wconf 91' lang='lat' dir='ltr'><strong>in</strong></span> <span class='ocrx_word' id='word_1_42' title='bbox 940 765 1174 835; x_wconf 78' lang='lat' dir='ltr'><strong>pedibus</strong></span> <span class='ocrx_word' id='word_1_43' title='bbox 1212 763 1331 819; x_wconf 90' lang='lat' dir='ltr'><strong>suis</strong></span> <span class='ocrx_word' id='word_1_44' title='bbox 1369 763 1611 818; x_wconf 77' lang='lat' dir='ltr'><strong>habeam</strong></span> <span class='ocrx_word' id='word_1_45' title='bbox 1667 776 1732 816; x_wconf 80' lang='lat' dir='ltr'><strong>ex</strong></span> <span class='ocrx_word' id='word_1_46' title='bbox 1767 768 1913 814; x_wconf 87' lang='lat' dir='ltr'><strong>terra</strong></span> <span class='ocrx_word' id='word_1_47' title='bbox 1939 758 2109 812; x_wconf 84' lang='lat' dir='ltr'><strong>homi-</strong></span> 
     </span>
    </p>
   </div>
   <div class='ocr_carea' id='block_1_9' title="bbox 543 852 2114 928">
    <p class='ocr_par' dir='ltr' id='par_1_9' title="bbox 543 852 2114 928">
     <span class='ocr_line' id='line_1_9' title="bbox 543 852 2114 928; baseline -0.003 -18"><span class='ocrx_word' id='word_1_48' title='bbox 543 871 676 912; x_wconf 82' lang='lat' dir='ltr'><strong>num</strong></span> <span class='ocrx_word' id='word_1_49' title='bbox 704 856 1027 928; x_wconf 89' lang='lat' dir='ltr'><strong>impiorum,</strong></span> <span class='ocrx_word' id='word_1_50' title='bbox 1053 865 1112 911; x_wconf 90' lang='lat' dir='ltr'><strong>ut</strong></span> <span class='ocrx_word' id='word_1_51' title='bbox 1137 855 1220 912; x_wconf 90' lang='lat' dir='ltr'><strong>sic</strong></span> <span class='ocrx_word' id='word_1_52' title='bbox 1253 855 1608 910; x_wconf 70' lang='lat' dir='ltr'><strong>ostenderent</strong></span> <span class='ocrx_word' id='word_1_53' title='bbox 1667 869 1728 910; x_wconf 87' lang='lat' dir='ltr'><strong>se</strong></span> <span class='ocrx_word' id='word_1_54' title='bbox 1764 853 1904 908; x_wconf 89' lang='lat' dir='ltr'><strong>nihil</strong></span> <span class='ocrx_word' id='word_1_55' title='bbox 1927 852 1998 907; x_wconf 88' lang='lat' dir='ltr'><strong>ab</strong></span> <span class='ocrx_word' id='word_1_56' title='bbox 2029 852 2114 907; x_wconf 92' lang='lat' dir='ltr'><strong>in-</strong></span> 
     </span>
    </p>
   </div>
   <div class='ocr_carea' id='block_1_10' title="bbox 519 943 2112 1019">
    <p class='ocr_par' dir='ltr' id='par_1_10' title="bbox 519 943 2112 1019">
     <span class='ocr_line' id='line_1_10' title="bbox 519 943 2112 1019; baseline 0 -19"><span class='ocrx_word' id='word_1_57' title='bbox 519 948 798 1002; x_wconf 85' lang='lat' dir='ltr'><strong>-tide|ibus</strong></span> <span class='ocrx_word' id='word_1_58' title='bbox 823 957 1137 1019; x_wconf 74' lang='lat' dir='ltr'><strong>reportasse</strong></span> <span class='ocrx_word' id='word_1_59' title='bbox 1175 945 1552 1002; x_wconf 85' lang='lat' dir='ltr'><strong>emolumenti.</strong></span> <span class='ocrx_word' id='word_1_60' title='bbox 1586 943 1681 998; x_wconf 79' lang='lat' dir='ltr'><strong>Est</strong></span> <span class='ocrx_word' id='word_1_61' title='bbox 1715 952 1897 999; x_wconf 90' lang='lat' dir='ltr'><strong>autem</strong></span> <span class='ocrx_word' id='word_1_62' title='bbox 1928 943 2112 1014; x_wconf 79' lang='lat' dir='ltr'><strong>pulvis</strong></span> 
     </span>
    </p>
   </div>
   <div class='ocr_carea' id='block_1_11' title="bbox 539 1036 2113 1111">
    <p class='ocr_par' dir='ltr' id='par_1_11' title="bbox 539 1036 2113 1111">
     <span class='ocr_line' id='line_1_11' title="bbox 539 1036 2113 1111; baseline 0.001 -19"><span class='ocrx_word' id='word_1_63' title='bbox 539 1039 848 1111; x_wconf 75' lang='lat' dir='ltr'><strong>symbolum</strong></span> <span class='ocrx_word' id='word_1_64' title='bbox 902 1039 1127 1105; x_wconf 82' lang='lat' dir='ltr'><strong>laboris,</strong></span> <span class='ocrx_word' id='word_1_65' title='bbox 1183 1053 1348 1111; x_wconf 84' lang='lat' dir='ltr'><strong>quem</strong></span> <span class='ocrx_word' id='word_1_66' title='bbox 1409 1039 1628 1094; x_wconf 89' lang='lat' dir='ltr'><strong>illorum</strong></span> <span class='ocrx_word' id='word_1_67' title='bbox 1673 1049 1842 1093; x_wconf 86' lang='lat' dir='ltr'><strong>causa</strong></span> <span class='ocrx_word' id='word_1_68' title='bbox 1904 1036 2113 1108; x_wconf 82' lang='lat' dir='ltr'><strong>pertule</strong></span> 
     </span>
    </p>
   </div>
   <div class='ocr_carea' id='block_1_12' title="bbox 541 1141 690 1187">
    <p class='ocr_par' dir='ltr' id='par_1_12' title="bbox 541 1141 690 1187">
     <span class='ocr_line' id='line_1_12' title="bbox 541 1141 690 1187; baseline -0.007 -1"><span class='ocrx_word' id='word_1_69' title='bbox 541 1141 690 1187; x_wconf 81' lang='lat' dir='ltr'><strong>runt.</strong></span> 
     </span>
    </p>
   </div>
   <div class='ocr_carea' id='block_1_13' title="bbox 1171 1239 1475 1298">
    <p class='ocr_par' dir='ltr' id='par_1_13' title="bbox 1171 1239 1475 1298">
     <span class='ocr_line' id='line_1_13' title="bbox 1171 1239 1475 1298; baseline -0.003 -2"><span class='ocrx_word' id='word_1_70' title='bbox 1171 1239 1475 1298; x_wconf 76' lang='lat' dir='ltr'><strong>TEXTUS.</strong></span> 
     </span>
    </p>
   </div>
   <div class='ocr_carea' id='block_1_14' title="bbox 612 1332 2116 1403">
    <p class='ocr_par' dir='ltr' id='par_1_14' title="bbox 612 1332 2116 1403">
     <span class='ocr_line' id='line_1_14' title="bbox 612 1332 2116 1403; baseline -0.001 -15"><span class='ocrx_word' id='word_1_71' title='bbox 612 1333 748 1400; x_wconf 75' lang='lat' dir='ltr'><strong>XIV,</strong></span> <span class='ocrx_word' id='word_1_72' title='bbox 779 1334 836 1399; x_wconf 89' lang='lat'><strong>5,</strong></span> <span class='ocrx_word' id='word_1_73' title='bbox 865 1333 920 1390; x_wconf 82' lang='lat'><strong>6.</strong></span> <span class='ocrx_word' id='word_1_74' title='bbox 950 1333 1087 1389; x_wconf 89' lang='lat' dir='ltr'><strong>Cum</strong></span> <span class='ocrx_word' id='word_1_75' title='bbox 1111 1343 1290 1391; x_wconf 86' lang='lat' dir='ltr'><strong>autem</strong></span> <span class='ocrx_word' id='word_1_76' title='bbox 1334 1332 1511 1390; x_wconf 79' lang='lat' dir='ltr'><strong>factus</strong></span> <span class='ocrx_word' id='word_1_77' title='bbox 1560 1341 1708 1390; x_wconf 91' lang='lat' dir='ltr'><strong>esset</strong></span> <span class='ocrx_word' id='word_1_78' title='bbox 1730 1332 1967 1402; x_wconf 86' lang='lat' dir='ltr'><strong>impetus</strong></span> <span class='ocrx_word' id='word_1_79' title='bbox 1987 1345 2116 1403; x_wconf 74' lang='lat' dir='ltr'><strong>gen-</strong></span> 
     </span>
    </p>
   </div>
   <div class='ocr_carea' id='block_1_15' title="bbox 538 1424 2114 1498">
    <p class='ocr_par' dir='ltr' id='par_1_15' title="bbox 538 1424 2114 1498">
     <span class='ocr_line' id='line_1_15' title="bbox 538 1424 2114 1498; baseline -0.001 -18"><span class='ocrx_word' id='word_1_80' title='bbox 538 1425 712 1482; x_wconf 78' lang='lat' dir='ltr'><strong>tilium</strong></span> <span class='ocrx_word' id='word_1_81' title='bbox 742 1435 796 1481; x_wconf 91' lang='lat' dir='ltr'><strong>et</strong></span> <span class='ocrx_word' id='word_1_82' title='bbox 836 1424 1150 1482; x_wconf 71' lang='lat' dir='ltr'><strong>Judzeorum</strong></span> <span class='ocrx_word' id='word_1_83' title='bbox 1184 1441 1309 1482; x_wconf 88' lang='lat' dir='ltr'><strong>cum</strong></span> <span class='ocrx_word' id='word_1_84' title='bbox 1333 1426 1678 1498; x_wconf 86' lang='lat' dir='ltr'><strong>principibus</strong></span> <span class='ocrx_word' id='word_1_85' title='bbox 1704 1425 1840 1492; x_wconf 86' lang='lat' dir='ltr'><strong>suis,</strong></span> <span class='ocrx_word' id='word_1_86' title='bbox 1875 1433 1936 1480; x_wconf 90' lang='lat' dir='ltr'><strong>ut</strong></span> <span class='ocrx_word' id='word_1_87' title='bbox 1977 1437 2114 1481; x_wconf 88' lang='lat' dir='ltr'><strong>con-</strong></span> 
     </span>
    </p>
   </div>
   <div class='ocr_carea' id='block_1_16' title="bbox 536 1501 2111 1590">
    <p class='ocr_par' dir='ltr' id='par_1_16' title="bbox 536 1501 2111 1590">
     <span class='ocr_line' id='line_1_16' title="bbox 536 1501 2111 1590; baseline -0.001 -16"><span class='ocrx_word' id='word_1_88' title='bbox 536 1501 772 1574; x_wconf 84' lang='lat' dir='ltr'><strong>tumeliis</strong></span> <span class='ocrx_word' id='word_1_89' title='bbox 817 1517 1092 1575; x_wconf 79' lang='lat' dir='ltr'><strong>atliccreut</strong></span> <span class='ocrx_word' id='word_1_90' title='bbox 1120 1527 1175 1575; x_wconf 89' lang='lat' dir='ltr'><strong>et</strong></span> <span class='ocrx_word' id='word_1_91' title='bbox 1205 1518 1512 1590; x_wconf 87' lang='lat' dir='ltr'><strong>lapidarent</strong></span> <span class='ocrx_word' id='word_1_92' title='bbox 1541 1533 1661 1582; x_wconf 87' lang='lat' dir='ltr'><strong>eos,</strong></span> <span class='ocrx_word' id='word_1_93' title='bbox 1724 1515 2111 1588; x_wconf 78' lang='lat' dir='ltr'><strong>intelligentcs,</strong></span> 
     </span>
    </p>
   </div>
   <div class='ocr_carea' id='block_1_17' title="bbox 855 1609 1772 1682">
    <p class='ocr_par' dir='ltr' id='par_1_17' title="bbox 855 1609 1772 1682">
     <span class='ocr_line' id='line_1_17' title="bbox 855 1609 1772 1682; baseline 0.001 -17"><span class='ocrx_word' id='word_1_94' title='bbox 855 1609 1014 1668; x_wconf 82' lang='lat' dir='ltr'><strong>Feria</strong></span> <span class='ocrx_word' id='word_1_95' title='bbox 1047 1613 1082 1668; x_wconf 78' lang='grc'><strong>4</strong></span> <span class='ocrx_word' id='word_1_96' title='bbox 1133 1610 1492 1668; x_wconf 65' lang='lat' dir='ltr'><strong>hebdomadas</strong></span> <span class='ocrx_word' id='word_1_97' title='bbox 1545 1611 1772 1682; x_wconf 71' lang='lat' dir='ltr'><strong>quintae.</strong></span> 
     </span>
    </p>
   </div>
   <div class='ocr_carea' id='block_1_18' title="bbox 613 1701 2111 1776">
    <p class='ocr_par' dir='ltr' id='par_1_18' title="bbox 613 1701 2111 1776">
     <span class='ocr_line' id='line_1_18' title="bbox 613 1701 2111 1776; baseline -0.001 -17"><span class='ocrx_word' id='word_1_98' title='bbox 613 1702 999 1775; x_wconf 73' lang='lat' dir='ltr'><strong>Confugerunt</strong></span> <span class='ocrx_word' id='word_1_99' title='bbox 1042 1704 1326 1776; x_wconf 80' lang='lat' dir='ltr'><strong>(apostoli)</strong></span> <span class='ocrx_word' id='word_1_100' title='bbox 1370 1705 1438 1761; x_wconf 88' lang='lat' dir='ltr'><strong>ad</strong></span> <span class='ocrx_word' id='word_1_101' title='bbox 1487 1704 1740 1761; x_wconf 81' lang='lat' dir='ltr'><strong>civitates</strong></span> <span class='ocrx_word' id='word_1_102' title='bbox 1798 1701 2111 1775; x_wconf 66' lang='lat' dir='ltr'><strong>Lycaoniae,</strong></span> 
     </span>
    </p>
   </div>
   <div class='ocr_carea' id='block_1_19' title="bbox 537 1797 2109 1869">
    <p class='ocr_par' dir='ltr' id='par_1_19' title="bbox 537 1797 2109 1869">
     <span class='ocr_line' id='line_1_19' title="bbox 537 1797 2109 1869; baseline -0.001 -16"><span class='ocrx_word' id='word_1_103' title='bbox 537 1797 785 1869; x_wconf 85' lang='lat' dir='ltr'><strong>Lystram</strong></span> <span class='ocrx_word' id='word_1_104' title='bbox 815 1806 872 1854; x_wconf 82' lang='lat' dir='ltr'><strong>et</strong></span> <span class='ocrx_word' id='word_1_105' title='bbox 902 1797 1137 1864; x_wconf 88' lang='lat' dir='ltr'><strong>Derben,</strong></span> <span class='ocrx_word' id='word_1_106' title='bbox 1157 1803 1211 1852; x_wconf 89' lang='lat' dir='ltr'><strong>et</strong></span> <span class='ocrx_word' id='word_1_107' title='bbox 1244 1797 1556 1853; x_wconf 85' lang='lat' dir='ltr'><strong>universam</strong></span> <span class='ocrx_word' id='word_1_108' title='bbox 1589 1797 1644 1853; x_wconf 91' lang='lat' dir='ltr'><strong>in</strong></span> <span class='ocrx_word' id='word_1_109' title='bbox 1673 1799 1906 1853; x_wconf 82' lang='lat' dir='ltr'><strong>circuitu</strong></span> <span class='ocrx_word' id='word_1_110' title='bbox 1930 1797 2109 1869; x_wconf 74' lang='grc' dir='ltr'>ι·οεὶοο</span> 
     </span>
    </p>
   </div>
   <div class='ocr_carea' id='block_1_20' title="bbox 534 1889 1542 1962">
    <p class='ocr_par' dir='ltr' id='par_1_20' title="bbox 534 1889 1542 1962">
     <span class='ocr_line' id='line_1_20' title="bbox 534 1889 1542 1962; baseline 0.001 -16"><span class='ocrx_word' id='word_1_111' title='bbox 534 1905 681 1956; x_wconf 84' lang='lat' dir='ltr'><strong>nem,</strong></span> <span class='ocrx_word' id='word_1_112' title='bbox 710 1899 764 1946; x_wconf 85' lang='lat' dir='ltr'><strong>ot</strong></span> <span class='ocrx_word' id='word_1_113' title='bbox 795 1889 867 1946; x_wconf 91' lang='lat' dir='ltr'><strong>ibi</strong></span> <span class='ocrx_word' id='word_1_114' title='bbox 890 1890 1330 1962; x_wconf 80' lang='lat' dir='ltr'><strong>evangelizantes</strong></span> <span class='ocrx_word' id='word_1_115' title='bbox 1359 1899 1542 1947; x_wconf 88' lang='lat' dir='ltr'><strong>erant.</strong></span> 
     </span>
    </p>
   </div>
   <div class='ocr_carea' id='block_1_21' title="bbox 1034 2002 1607 2064">
    <p class='ocr_par' dir='ltr' id='par_1_21' title="bbox 1034 2002 1607 2064">
     <span class='ocr_line' id='line_1_21' title="bbox 1034 2002 1607 2064; baseline -0.002 -3"><span class='ocrx_word' id='word_1_116' title='bbox 1034 2002 1607 2064; x_wconf 73' lang='lat' dir='ltr'><strong>COMMENTARIUS.</strong></span> 
     </span>
    </p>
   </div>
   <div class='ocr_carea' id='block_1_22' title="bbox 603 2096 2106 2171">
    <p class='ocr_par' dir='ltr' id='par_1_22' title="bbox 603 2096 2106 2171">
     <span class='ocr_line' id='line_1_22' title="bbox 603 2096 2106 2171; baseline 0.001 -19"><span class='ocrx_word' id='word_1_117' title='bbox 603 2097 990 2154; x_wconf 85' lang='lat' dir='ltr'><strong>Adnotandum</strong></span> <span class='ocrx_word' id='word_1_118' title='bbox 1019 2096 1124 2155; x_wconf 89' lang='lat' dir='ltr'><strong>hoc</strong></span> <span class='ocrx_word' id='word_1_119' title='bbox 1153 2099 1292 2165; x_wconf 82' lang='lat' dir='ltr'><strong>loco,</strong></span> <span class='ocrx_word' id='word_1_120' title='bbox 1339 2114 1449 2155; x_wconf 87' lang='lat' dir='ltr'><strong>non</strong></span> <span class='ocrx_word' id='word_1_121' title='bbox 1483 2106 1741 2171; x_wconf 88' lang='lat' dir='ltr'><strong>oportere</strong></span> <span class='ocrx_word' id='word_1_122' title='bbox 1779 2113 1884 2154; x_wconf 89' lang='lat' dir='ltr'><strong>nos</strong></span> <span class='ocrx_word' id='word_1_123' title='bbox 1925 2099 1980 2154; x_wconf 90' lang='lat' dir='ltr'><strong>in</strong></span> <span class='ocrx_word' id='word_1_124' title='bbox 2011 2114 2106 2170; x_wconf 80' lang='lat' dir='ltr'><strong>pe-</strong></span> 
     </span>
    </p>
   </div>
   <div class='ocr_carea' id='block_1_23' title="bbox 533 2189 2110 2261">
    <p class='ocr_par' dir='ltr' id='par_1_23' title="bbox 533 2189 2110 2261">
     <span class='ocr_line' id='line_1_23' title="bbox 533 2189 2110 2261; baseline 0.001 -19"><span class='ocrx_word' id='word_1_125' title='bbox 533 2191 710 2245; x_wconf 87' lang='lat' dir='ltr'><strong>ricula</strong></span> <span class='ocrx_word' id='word_1_126' title='bbox 737 2191 1053 2260; x_wconf 84' lang='lat' dir='ltr'><strong>conjicere,</strong></span> <span class='ocrx_word' id='word_1_127' title='bbox 1114 2190 1210 2246; x_wconf 81' lang='lat' dir='ltr'><strong>sed</strong></span> <span class='ocrx_word' id='word_1_128' title='bbox 1268 2192 1469 2260; x_wconf 87' lang='lat' dir='ltr'><strong>potius,</strong></span> <span class='ocrx_word' id='word_1_129' title='bbox 1517 2190 1563 2246; x_wconf 88' lang='lat' dir='ltr'><strong>si</strong></span> <span class='ocrx_word' id='word_1_130' title='bbox 1603 2205 1741 2261; x_wconf 89' lang='lat' dir='ltr'><strong>opus</strong></span> <span class='ocrx_word' id='word_1_131' title='bbox 1799 2189 1987 2253; x_wconf 75' lang='lat' dir='ltr'><strong>fuerit,</strong></span> <span class='ocrx_word' id='word_1_132' title='bbox 2042 2190 2110 2244; x_wconf 89' lang='lat' dir='ltr'><strong>ad</strong></span> 
     </span>
    </p>
   </div>
   <div class='ocr_carea' id='block_1_24' title="bbox 534 2281 2106 2356">
    <p class='ocr_par' dir='ltr' id='par_1_24' title="bbox 534 2281 2106 2356">
     <span class='ocr_line' id='line_1_24' title="bbox 534 2281 2106 2356; baseline -0.001 -18"><span class='ocrx_word' id='word_1_133' title='bbox 534 2292 750 2354; x_wconf 82' lang='lat' dir='ltr'><strong>tempus</strong></span> <span class='ocrx_word' id='word_1_134' title='bbox 785 2283 972 2354; x_wconf 77' lang='lat' dir='ltr'><strong>fugere</strong></span> <span class='ocrx_word' id='word_1_135' title='bbox 1007 2299 1021 2351; x_wconf 91' lang='lat'><strong>;</strong></span> <span class='ocrx_word' id='word_1_136' title='bbox 1052 2283 1496 2354; x_wconf 84' lang='lat' dir='ltr'><strong>quandoquidem</strong></span> <span class='ocrx_word' id='word_1_137' title='bbox 1523 2291 1578 2338; x_wconf 91' lang='lat' dir='ltr'><strong>ct</strong></span> <span class='ocrx_word' id='word_1_138' title='bbox 1601 2283 1778 2338; x_wconf 82' lang='lat' dir='ltr'><strong>nostri</strong></span> <span class='ocrx_word' id='word_1_139' title='bbox 1831 2281 2106 2356; x_wconf 72' lang='lat' dir='ltr'><strong>coryphzei</strong></span> 
     </span>
    </p>
   </div>
   <div class='ocr_carea' id='block_1_25' title="bbox 430 2374 2104 2449">
    <p class='ocr_par' dir='ltr' id='par_1_25' title="bbox 430 2374 2104 2449">
     <span class='ocr_line' id='line_1_25' title="bbox 430 2374 2104 2449; baseline 0.003 -23"><span class='ocrx_word' id='word_1_140' title='bbox 430 2422 432 2426; x_wconf 77' lang='grc'><strong>,</strong></span> <span class='ocrx_word' id='word_1_141' title='bbox 535 2379 608 2430; x_wconf 86' lang='lat' dir='ltr'><strong>ita</strong></span> <span class='ocrx_word' id='word_1_142' title='bbox 640 2376 895 2432; x_wconf 80' lang='lat' dir='ltr'><strong>fecerunt</strong></span> <span class='ocrx_word' id='word_1_143' title='bbox 928 2417 941 2440; x_wconf 93' lang='lat'><strong>,</strong></span> <span class='ocrx_word' id='word_1_144' title='bbox 979 2377 1180 2448; x_wconf 87' lang='lat' dir='ltr'><strong>quippe</strong></span> <span class='ocrx_word' id='word_1_145' title='bbox 1200 2377 1296 2449; x_wconf 86' lang='lat' dir='ltr'><strong>qui</strong></span> <span class='ocrx_word' id='word_1_146' title='bbox 1350 2377 1603 2433; x_wconf 88' lang='lat' dir='ltr'><strong>volebant</strong></span> <span class='ocrx_word' id='word_1_147' title='bbox 1631 2374 2104 2446; x_wconf 66' lang='lat' dir='ltr'><strong>praidicationem,</strong></span> 
     </span>
    </p>
   </div>
   <div class='ocr_carea' id='block_1_26' title="bbox 531 2465 2109 2538">
    <p class='ocr_par' dir='ltr' id='par_1_26' title="bbox 531 2465 2109 2538">
     <span class='ocr_line' id='line_1_26' title="bbox 531 2465 2109 2538; baseline 0.004 -22"><span class='ocrx_word' id='word_1_148' title='bbox 531 2465 778 2534; x_wconf 82' lang='lat' dir='ltr'><strong>quandiu</strong></span> <span class='ocrx_word' id='word_1_149' title='bbox 809 2479 1052 2536; x_wconf 72' lang='lat' dir='ltr'><strong>congrue</strong></span> <span class='ocrx_word' id='word_1_150' title='bbox 1087 2465 1205 2521; x_wconf 84' lang='lat' dir='ltr'><strong>ﬁeri</strong></span> <span class='ocrx_word' id='word_1_151' title='bbox 1227 2474 1461 2538; x_wconf 82' lang='lat' dir='ltr'><strong>poterat,</strong></span> <span class='ocrx_word' id='word_1_152' title='bbox 1495 2467 1809 2529; x_wconf 76' lang='lat' dir='ltr'><strong>extendere,</strong></span> <span class='ocrx_word' id='word_1_153' title='bbox 1839 2476 1892 2521; x_wconf 89' lang='lat' dir='ltr'><strong>ot</strong></span> <span class='ocrx_word' id='word_1_154' title='bbox 1921 2480 2109 2536; x_wconf 83' lang='lat' dir='ltr'><strong>perse-</strong></span> 
     </span>
    </p>
   </div>
   <div class='ocr_carea' id='block_1_27' title="bbox 535 2557 1309 2628">
    <p class='ocr_par' dir='ltr' id='par_1_27' title="bbox 535 2557 1309 2628">
     <span class='ocr_line' id='line_1_27' title="bbox 535 2557 1309 2628; baseline -0.005 -14"><span class='ocrx_word' id='word_1_155' title='bbox 535 2557 848 2614; x_wconf 86' lang='lat' dir='ltr'><strong>cutionibus</strong></span> <span class='ocrx_word' id='word_1_156' title='bbox 876 2557 1062 2627; x_wconf 82' lang='lat' dir='ltr'><strong>potius</strong></span> <span class='ocrx_word' id='word_1_157' title='bbox 1093 2557 1309 2628; x_wconf 82' lang='lat' dir='ltr'><strong>augeri.</strong></span> 
     </span>
    </p>
   </div>
   <div class='ocr_carea' id='block_1_28' title="bbox 1019 2667 1620 2743">
    <p class='ocr_par' dir='ltr' id='par_1_28' title="bbox 1019 2667 1620 2743">
     <span class='ocr_line' id='line_1_28' title="bbox 1019 2667 1620 2743; baseline -0.005 -19"><span class='ocrx_word' id='word_1_158' title='bbox 1019 2670 1180 2743; x_wconf 69' lang='lat'><strong>333</strong></span> <span class='ocrx_word' id='word_1_159' title='bbox 1219 2667 1446 2726; x_wconf 78' lang='lat' dir='ltr'><strong>CAPUT</strong></span> <span class='ocrx_word' id='word_1_160' title='bbox 1480 2667 1620 2723; x_wconf 66' lang='grc' dir='ltr'>χιιι.</span> 
     </span>
    </p>
   </div>
   <div class='ocr_carea' id='block_1_29' title="bbox 531 2751 2107 2831">
    <p class='ocr_par' dir='ltr' id='par_1_29' title="bbox 531 2751 2107 2831">
     <span class='ocr_line' id='line_1_29' title="bbox 531 2751 2107 2831; baseline -0.002 -11"><span class='ocrx_word' id='word_1_161' title='bbox 531 2751 610 2821; x_wconf 76' lang='lat' dir='ltr'><strong>De</strong></span> <span class='ocrx_word' id='word_1_162' title='bbox 635 2763 825 2820; x_wconf 81' lang='lat' dir='ltr'><strong>claudo</strong></span> <span class='ocrx_word' id='word_1_163' title='bbox 855 2780 888 2818; x_wconf 90' lang='lat' dir='ltr'><strong>a</strong></span> <span class='ocrx_word' id='word_1_164' title='bbox 921 2765 1199 2819; x_wconf 79' lang='lat' dir='ltr'><strong>nativitate</strong></span> <span class='ocrx_word' id='word_1_165' title='bbox 1220 2761 1428 2831; x_wconf 81' lang='lat' dir='ltr'><strong>Lystris</strong></span> <span class='ocrx_word' id='word_1_166' title='bbox 1453 2771 1643 2816; x_wconf 85' lang='lat' dir='ltr'><strong>sanato</strong></span> <span class='ocrx_word' id='word_1_167' title='bbox 1693 2762 1758 2814; x_wconf 87' lang='lat' dir='ltr'><strong>ab</strong></span> <span class='ocrx_word' id='word_1_168' title='bbox 1795 2762 2052 2828; x_wconf 76' lang='lat' dir='ltr'><strong>apostolis</strong></span> <span class='ocrx_word' id='word_1_169' title='bbox 2086 2776 2107 2817; x_wconf 86' lang='lat'><strong><em>:</em></strong></span> 
     </span>
    </p>
   </div>
   <div class='ocr_carea' id='block_1_30' title="bbox 604 2855 2100 2924">
    <p class='ocr_par' dir='ltr' id='par_1_30' title="bbox 604 2855 2100 2924">
     <span class='ocr_line' id='line_1_30' title="bbox 604 2855 2100 2924; baseline -0.001 -14"><span class='ocrx_word' id='word_1_170' title='bbox 604 2858 945 2924; x_wconf 79' lang='lat' dir='ltr'><strong>quamobrem</strong></span> <span class='ocrx_word' id='word_1_171' title='bbox 977 2857 1052 2910; x_wconf 82' lang='lat' dir='ltr'><strong>dii</strong></span> <span class='ocrx_word' id='word_1_172' title='bbox 1087 2857 1126 2910; x_wconf 83' lang='lat' dir='ltr'><strong>ii</strong></span> <span class='ocrx_word' id='word_1_173' title='bbox 1150 2871 1264 2911; x_wconf 82' lang='lat' dir='ltr'><strong>esse</strong></span> <span class='ocrx_word' id='word_1_174' title='bbox 1295 2866 1343 2908; x_wconf 82' lang='lat' dir='ltr'><strong>et</strong></span> <span class='ocrx_word' id='word_1_175' title='bbox 1382 2855 1692 2924; x_wconf 78' lang='lat' dir='ltr'><strong>apparuisse</strong></span> <span class='ocrx_word' id='word_1_176' title='bbox 1718 2855 1818 2908; x_wconf 83' lang='lat' dir='ltr'><strong>risi</strong></span> <span class='ocrx_word' id='word_1_177' title='bbox 1843 2863 1964 2908; x_wconf 81' lang='lat' dir='ltr'><strong>sunt</strong></span> <span class='ocrx_word' id='word_1_178' title='bbox 1995 2855 2100 2909; x_wconf 76' lang='lat' dir='ltr'><strong>loci</strong></span> 
     </span>
    </p>
   </div>
   <div class='ocr_carea' id='block_1_31' title="bbox 599 2948 1191 3004">
    <p class='ocr_par' dir='ltr' id='par_1_31' title="bbox 599 2948 1191 3004">
     <span class='ocr_line' id='line_1_31' title="bbox 599 2948 1191 3004; baseline 0.002 0"><span class='ocrx_word' id='word_1_179' title='bbox 599 2949 747 3004; x_wconf 80' lang='lat' dir='ltr'><strong>illius</strong></span> <span class='ocrx_word' id='word_1_180' title='bbox 781 2948 1191 3004; x_wconf 76' lang='lat' dir='ltr'><strong>habitatoribus.</strong></span> 
     </span>
    </p>
   </div>
   <div class='ocr_carea' id='block_1_32' title="bbox 1160 3059 1464 3116">
    <p class='ocr_par' dir='ltr' id='par_1_32' title="bbox 1160 3059 1464 3116">
     <span class='ocr_line' id='line_1_32' title="bbox 1160 3059 1464 3116; baseline -0.007 0"><span class='ocrx_word' id='word_1_181' title='bbox 1160 3059 1464 3116; x_wconf 71' lang='lat' dir='ltr'><strong>TEXTL‘S.</strong></span> 
     </span>
    </p>
   </div>
   <div class='ocr_carea' id='block_1_33' title="bbox 600 3147 2180 3245">
    <p class='ocr_par' dir='ltr' id='par_1_33' title="bbox 600 3147 2180 3245">
     <span class='ocr_line' id='line_1_33' title="bbox 600 3147 2180 3245; baseline -0.004 -35"><span class='ocrx_word' id='word_1_182' title='bbox 600 3153 740 3218; x_wconf 72' lang='lat' dir='ltr'><strong>XIV,</strong></span> <span class='ocrx_word' id='word_1_183' title='bbox 769 3147 1018 3208; x_wconf 76' lang='lat' dir='ltr'><strong>7-l7.&#39;Et</strong></span> <span class='ocrx_word' id='word_1_184' title='bbox 1058 3153 1277 3222; x_wconf 88' lang='lat' dir='ltr'><strong>quidam</strong></span> <span class='ocrx_word' id='word_1_185' title='bbox 1315 3153 1396 3208; x_wconf 82' lang='lat' dir='ltr'><strong>vir</strong></span> <span class='ocrx_word' id='word_1_186' title='bbox 1426 3152 1640 3224; x_wconf 78' lang='lat' dir='ltr'><strong>Lystris</strong></span> <span class='ocrx_word' id='word_1_187' title='bbox 1673 3153 1927 3245; x_wconf 75' lang='lat' dir='ltr'><strong>infirmus</strong></span> <span class='ocrx_word' id='word_1_188' title='bbox 1951 3148 2102 3220; x_wconf 87' lang='lat' dir='ltr'><strong>pedi-</strong></span> <span class='ocrx_word' id='word_1_189' title='bbox 2136 3184 2180 3245; x_wconf 66' lang='grc' dir='ltr'>ο</span> 
     </span>
    </p>
   </div>
   <div class='ocr_carea' id='block_1_34' title="bbox 530 3230 2109 3314">
    <p class='ocr_par' dir='ltr' id='par_1_34' title="bbox 530 3230 2109 3314">
     <span class='ocr_line' id='line_1_34' title="bbox 530 3230 2109 3314; baseline -0.003 -12"><span class='ocrx_word' id='word_1_190' title='bbox 530 3230 634 3302; x_wconf 79' lang='lat' dir='ltr'><strong>bus</strong></span> <span class='ocrx_word' id='word_1_191' title='bbox 660 3246 910 3311; x_wconf 88' lang='lat' dir='ltr'><strong>sedebat,</strong></span> <span class='ocrx_word' id='word_1_192' title='bbox 933 3246 1160 3301; x_wconf 88' lang='lat' dir='ltr'><strong>claudus</strong></span> <span class='ocrx_word' id='word_1_193' title='bbox 1180 3261 1244 3300; x_wconf 83' lang='lat' dir='ltr'><strong>cx</strong></span> <span class='ocrx_word' id='word_1_194' title='bbox 1273 3254 1428 3299; x_wconf 87' lang='lat' dir='ltr'><strong>utero</strong></span> <span class='ocrx_word' id='word_1_195' title='bbox 1454 3247 1644 3300; x_wconf 83' lang='lat' dir='ltr'><strong>matris</strong></span> <span class='ocrx_word' id='word_1_196' title='bbox 1678 3260 1810 3309; x_wconf 70' lang='lat' dir='ltr'><strong>sum,</strong></span> <span class='ocrx_word' id='word_1_197' title='bbox 1839 3243 1933 3314; x_wconf 88' lang='lat' dir='ltr'><strong>qui</strong></span> <span class='ocrx_word' id='word_1_198' title='bbox 1967 3258 2109 3298; x_wconf 88' lang='lat' dir='ltr'><strong>nun-</strong></span> 
     </span>
    </p>
   </div>
   <div class='ocr_carea' id='block_1_35' title="bbox 533 3336 2107 3409">
    <p class='ocr_par' dir='ltr' id='par_1_35' title="bbox 533 3336 2107 3409">
     <span class='ocr_line' id='line_1_35' title="bbox 533 3336 2107 3409; baseline 0.001 -19"><span class='ocrx_word' id='word_1_199' title='bbox 533 3353 698 3409; x_wconf 83' lang='lat' dir='ltr'><strong>quam</strong></span> <span class='ocrx_word' id='word_1_200' title='bbox 729 3338 1125 3393; x_wconf 86' lang='lat' dir='ltr'><strong>ambulavcrat.</strong></span> <span class='ocrx_word' id='word_1_201' title='bbox 1155 3337 1256 3393; x_wconf 83' lang='lat' dir='ltr'><strong>llic</strong></span> <span class='ocrx_word' id='word_1_202' title='bbox 1273 3337 1481 3392; x_wconf 82' lang='lat' dir='ltr'><strong>audivit</strong></span> <span class='ocrx_word' id='word_1_203' title='bbox 1514 3336 1743 3391; x_wconf 76' lang='lat' dir='ltr'><strong>Paulum</strong></span> <span class='ocrx_word' id='word_1_204' title='bbox 1775 3338 2107 3407; x_wconf 84' lang='lat' dir='ltr'><strong>loquentem.</strong></span> 
     </span>
    </p>
   </div>
   <div class='ocr_carea' id='block_1_36' title="bbox 431 3429 2111 3500">
    <p class='ocr_par' dir='ltr' id='par_1_36' title="bbox 431 3429 2111 3500">
     <span class='ocr_line' id='line_1_36' title="bbox 431 3429 2111 3500; baseline 0.001 -17"><span class='ocrx_word' id='word_1_205' title='bbox 431 3452 434 3455; x_wconf 93' lang='grc'><strong>·</strong></span> <span class='ocrx_word' id='word_1_206' title='bbox 535 3429 640 3497; x_wconf 83' lang='lat' dir='ltr'><strong>Qui</strong></span> <span class='ocrx_word' id='word_1_207' title='bbox 669 3430 904 3486; x_wconf 87' lang='lat' dir='ltr'><strong>intuitus</strong></span> <span class='ocrx_word' id='word_1_208' title='bbox 933 3439 1150 3496; x_wconf 89' lang='lat' dir='ltr'><strong>eum,et</strong></span> <span class='ocrx_word' id='word_1_209' title='bbox 1173 3429 1386 3497; x_wconf 83' lang='lat' dir='ltr'><strong>videns,</strong></span> <span class='ocrx_word' id='word_1_210' title='bbox 1424 3432 1550 3500; x_wconf 87' lang='lat' dir='ltr'><strong>quia</strong></span> <span class='ocrx_word' id='word_1_211' title='bbox 1588 3429 1746 3484; x_wconf 80' lang='lat' dir='ltr'><strong>tidem</strong></span> <span class='ocrx_word' id='word_1_212' title='bbox 1779 3429 2022 3494; x_wconf 86' lang='lat' dir='ltr'><strong>haberet,</strong></span> <span class='ocrx_word' id='word_1_213' title='bbox 2051 3437 2111 3484; x_wconf 91' lang='lat' dir='ltr'><strong>ut</strong></span> 
     </span>
    </p>
   </div>
   <div class='ocr_carea' id='block_1_37' title="bbox 531 3519 2109 3592">
    <p class='ocr_par' dir='ltr' id='par_1_37' title="bbox 531 3519 2109 3592">
     <span class='ocr_line' id='line_1_37' title="bbox 531 3519 2109 3592; baseline -0.001 -14"><span class='ocrx_word' id='word_1_214' title='bbox 531 3522 720 3578; x_wconf 74' lang='lat' dir='ltr'><strong>salvus</strong></span> <span class='ocrx_word' id='word_1_215' title='bbox 748 3522 924 3584; x_wconf 78' lang='lat' dir='ltr'><strong>ﬁeret,</strong></span> <span class='ocrx_word' id='word_1_216' title='bbox 952 3520 1090 3576; x_wconf 79' lang='lat' dir='ltr'><strong>dixit</strong></span> <span class='ocrx_word' id='word_1_217' title='bbox 1119 3535 1311 3592; x_wconf 75' lang='lat' dir='ltr'><strong>magna</strong></span> <span class='ocrx_word' id='word_1_218' title='bbox 1345 3536 1477 3576; x_wconf 82' lang='lat' dir='ltr'><strong>voce</strong></span> <span class='ocrx_word' id='word_1_219' title='bbox 1512 3537 1526 3573; x_wconf 93' lang='lat'><strong>:</strong></span> <span class='ocrx_word' id='word_1_220' title='bbox 1559 3519 1731 3591; x_wconf 82' lang='lat' dir='ltr'><strong>Surge</strong></span> <span class='ocrx_word' id='word_1_221' title='bbox 1761 3536 1926 3590; x_wconf 85' lang='lat' dir='ltr'><strong>super</strong></span> <span class='ocrx_word' id='word_1_222' title='bbox 1941 3520 2109 3591; x_wconf 86' lang='lat' dir='ltr'><strong>pedes</strong></span> 
     </span>
    </p>
   </div>
   <div class='ocr_carea' id='block_1_38' title="bbox 533 3610 2108 3669">
    <p class='ocr_par' dir='ltr' id='par_1_38' title="bbox 533 3610 2108 3669">
     <span class='ocr_line' id='line_1_38' title="bbox 533 3610 2108 3669; baseline -0.002 -1"><span class='ocrx_word' id='word_1_223' title='bbox 533 3624 662 3669; x_wconf 84' lang='lat' dir='ltr'><strong>tuos</strong></span> <span class='ocrx_word' id='word_1_224' title='bbox 694 3620 898 3668; x_wconf 90' lang='lat' dir='ltr'><strong>rectus.</strong></span> <span class='ocrx_word' id='word_1_225' title='bbox 927 3610 992 3666; x_wconf 85' lang='lat' dir='ltr'><strong>Et</strong></span> <span class='ocrx_word' id='word_1_226' title='bbox 1013 3610 1321 3667; x_wconf 79' lang='lat' dir='ltr'><strong>exsilivitct</strong></span> <span class='ocrx_word' id='word_1_227' title='bbox 1344 3611 1677 3667; x_wconf 79' lang='lat' dir='ltr'><strong>ambulabat.</strong></span> <span class='ocrx_word' id='word_1_228' title='bbox 1703 3610 1902 3666; x_wconf 69' lang='lat' dir='ltr'><strong>Turbae</strong></span> <span class='ocrx_word' id='word_1_229' title='bbox 1926 3617 2108 3666; x_wconf 87' lang='lat' dir='ltr'><strong>autem</strong></span> 
     </span>
    </p>
   </div>
   <div class='ocr_carea' id='block_1_39' title="bbox 529 3703 2106 3776">
    <p class='ocr_par' dir='ltr' id='par_1_39' title="bbox 529 3703 2106 3776">
     <span class='ocr_line' id='line_1_39' title="bbox 529 3703 2106 3776; baseline -0.002 -15"><span class='ocrx_word' id='word_1_230' title='bbox 529 3719 655 3761; x_wconf 90' lang='lat' dir='ltr'><strong>cum</strong></span> <span class='ocrx_word' id='word_1_231' title='bbox 685 3705 952 3760; x_wconf 79' lang='lat' dir='ltr'><strong>vidissent</strong></span> <span class='ocrx_word' id='word_1_232' title='bbox 987 3703 1136 3776; x_wconf 90' lang='lat' dir='ltr'><strong>quod</strong></span> <span class='ocrx_word' id='word_1_233' title='bbox 1165 3703 1378 3759; x_wconf 78' lang='lat' dir='ltr'><strong>fecerat</strong></span> <span class='ocrx_word' id='word_1_234' title='bbox 1407 3703 1630 3770; x_wconf 83' lang='lat' dir='ltr'><strong>Paulus,</strong></span> <span class='ocrx_word' id='word_1_235' title='bbox 1668 3704 1984 3759; x_wconf 82' lang='lat' dir='ltr'><strong>levaverunt</strong></span> <span class='ocrx_word' id='word_1_236' title='bbox 2003 3719 2106 3758; x_wconf 88' lang='lat' dir='ltr'><strong>vo-</strong></span> 
     </span>
    </p>
   </div>
   <div class='ocr_carea' id='block_1_40' title="bbox 529 3793 2106 3868">
    <p class='ocr_par' dir='ltr' id='par_1_40' title="bbox 529 3793 2106 3868">
     <span class='ocr_line' id='line_1_40' title="bbox 529 3793 2106 3868; baseline -0.003 -16"><span class='ocrx_word' id='word_1_237' title='bbox 529 3813 650 3853; x_wconf 89' lang='lat' dir='ltr'><strong>cem</strong></span> <span class='ocrx_word' id='word_1_238' title='bbox 681 3812 858 3862; x_wconf 81' lang='lat' dir='ltr'><strong>suam,</strong></span> <span class='ocrx_word' id='word_1_239' title='bbox 921 3795 1228 3868; x_wconf 83' lang='lat' dir='ltr'><strong>Lycaonice</strong></span> <span class='ocrx_word' id='word_1_240' title='bbox 1256 3796 1502 3852; x_wconf 85' lang='lat' dir='ltr'><strong>dicentes</strong></span> <span class='ocrx_word' id='word_1_241' title='bbox 1531 3813 1546 3849; x_wconf 87' lang='lat'><strong>:</strong></span> <span class='ocrx_word' id='word_1_242' title='bbox 1581 3794 1667 3850; x_wconf 87' lang='lat' dir='ltr'><strong>Dii</strong></span> <span class='ocrx_word' id='word_1_243' title='bbox 1718 3796 1928 3851; x_wconf 82' lang='lat' dir='ltr'><strong>similes</strong></span> <span class='ocrx_word' id='word_1_244' title='bbox 1977 3793 2106 3850; x_wconf 80' lang='lat' dir='ltr'><strong>facti</strong></span> 
     </span>
    </p>
   </div>
   <div class='ocr_carea' id='block_1_41' title="bbox 532 3885 2110 3945">
    <p class='ocr_par' dir='ltr' id='par_1_41' title="bbox 532 3885 2110 3945">
     <span class='ocr_line' id='line_1_41' title="bbox 532 3885 2110 3945; baseline 0 -3"><span class='ocrx_word' id='word_1_245' title='bbox 532 3888 845 3944; x_wconf 89' lang='lat' dir='ltr'><strong>hominibus</strong></span> <span class='ocrx_word' id='word_1_246' title='bbox 882 3888 1284 3945; x_wconf 87' lang='lat' dir='ltr'><strong>descenderunt</strong></span> <span class='ocrx_word' id='word_1_247' title='bbox 1312 3887 1380 3943; x_wconf 89' lang='lat' dir='ltr'><strong>ad</strong></span> <span class='ocrx_word' id='word_1_248' title='bbox 1409 3903 1530 3943; x_wconf 83' lang='lat' dir='ltr'><strong>nos.</strong></span> <span class='ocrx_word' id='word_1_249' title='bbox 1580 3888 1646 3941; x_wconf 86' lang='lat' dir='ltr'><strong>Et</strong></span> <span class='ocrx_word' id='word_1_250' title='bbox 1679 3887 1948 3942; x_wconf 84' lang='lat' dir='ltr'><strong>vocabant</strong></span> <span class='ocrx_word' id='word_1_251' title='bbox 1977 3885 2110 3942; x_wconf 69' lang='lat' dir='ltr'><strong>Bar~</strong></span> 
     </span>
    </p>
   </div>
   <div class='ocr_carea' id='block_1_42' title="bbox 530 3977 2106 4050">
    <p class='ocr_par' dir='ltr' id='par_1_42' title="bbox 530 3977 2106 4050">
     <span class='ocr_line' id='line_1_42' title="bbox 530 3977 2106 4050; baseline -0.001 -15"><span class='ocrx_word' id='word_1_252' title='bbox 530 3980 730 4035; x_wconf 84' lang='lat' dir='ltr'><strong>nabam</strong></span> <span class='ocrx_word' id='word_1_253' title='bbox 763 3977 975 4046; x_wconf 82' lang='lat' dir='ltr'><strong>Jovem,</strong></span> <span class='ocrx_word' id='word_1_254' title='bbox 1010 3979 1237 4035; x_wconf 87' lang='lat' dir='ltr'><strong>Paulum</strong></span> <span class='ocrx_word' id='word_1_255' title='bbox 1261 3993 1389 4035; x_wconf 90' lang='lat' dir='ltr'><strong>vero</strong></span> <span class='ocrx_word' id='word_1_256' title='bbox 1419 3978 1778 4046; x_wconf 76' lang='lat' dir='ltr'><strong>Mercurium,</strong></span> <span class='ocrx_word' id='word_1_257' title='bbox 1846 3979 2106 4050; x_wconf 84' lang='lat' dir='ltr'><strong>quoniam</strong></span> 
     </span>
    </p>
   </div>
   <div class='ocr_carea' id='block_1_43' title="bbox 532 4069 2106 4143">
    <p class='ocr_par' dir='ltr' id='par_1_43' title="bbox 532 4069 2106 4143">
     <span class='ocr_line' id='line_1_43' title="bbox 532 4069 2106 4143; baseline 0 -18"><span class='ocrx_word' id='word_1_258' title='bbox 532 4074 650 4141; x_wconf 86' lang='lat' dir='ltr'><strong>ipse</strong></span> <span class='ocrx_word' id='word_1_259' title='bbox 690 4080 808 4127; x_wconf 90' lang='lat' dir='ltr'><strong>erat</strong></span> <span class='ocrx_word' id='word_1_260' title='bbox 845 4071 956 4126; x_wconf 79' lang='lat' dir='ltr'><strong>dux</strong></span> <span class='ocrx_word' id='word_1_261' title='bbox 989 4072 1162 4127; x_wconf 89' lang='lat' dir='ltr'><strong>verbi.</strong></span> <span class='ocrx_word' id='word_1_262' title='bbox 1218 4069 1492 4127; x_wconf 83' lang='lat' dir='ltr'><strong>Sacerdos</strong></span> <span class='ocrx_word' id='word_1_263' title='bbox 1537 4087 1758 4143; x_wconf 89' lang='lat' dir='ltr'><strong>quoque</strong></span> <span class='ocrx_word' id='word_1_264' title='bbox 1804 4070 1982 4134; x_wconf 74' lang='lat' dir='ltr'><strong>Jovis.</strong></span> <span class='ocrx_word' id='word_1_265' title='bbox 2011 4071 2106 4141; x_wconf 90' lang='lat' dir='ltr'><strong>qui</strong></span> 
     </span>
    </p>
   </div>
   <div class='ocr_carea' id='block_1_44' title="bbox 531 4159 2108 4230">
    <p class='ocr_par' dir='ltr' id='par_1_44' title="bbox 531 4159 2108 4230">
     <span class='ocr_line' id='line_1_44' title="bbox 531 4159 2108 4230; baseline 0 -14"><span class='ocrx_word' id='word_1_266' title='bbox 531 4170 652 4216; x_wconf 90' lang='lat' dir='ltr'><strong>erat</strong></span> <span class='ocrx_word' id='word_1_267' title='bbox 680 4172 808 4216; x_wconf 88' lang='lat' dir='ltr'><strong>ante</strong></span> <span class='ocrx_word' id='word_1_268' title='bbox 837 4161 1142 4226; x_wconf 86' lang='lat' dir='ltr'><strong>civitatem,</strong></span> <span class='ocrx_word' id='word_1_269' title='bbox 1175 4168 1364 4216; x_wconf 89' lang='lat' dir='ltr'><strong>tauros</strong></span> <span class='ocrx_word' id='word_1_270' title='bbox 1397 4172 1449 4215; x_wconf 89' lang='lat' dir='ltr'><strong>et</strong></span> <span class='ocrx_word' id='word_1_271' title='bbox 1483 4175 1718 4216; x_wconf 87' lang='lat' dir='ltr'><strong>coronas</strong></span> <span class='ocrx_word' id='word_1_272' title='bbox 1745 4171 1872 4216; x_wconf 88' lang='lat' dir='ltr'><strong>ante</strong></span> <span class='ocrx_word' id='word_1_273' title='bbox 1906 4159 2108 4230; x_wconf 81' lang='lat' dir='ltr'><strong>januas</strong></span> 
     </span>
    </p>
   </div>
   <div class='ocr_carea' id='block_1_45' title="bbox 532 4249 2108 4322">
    <p class='ocr_par' dir='ltr' id='par_1_45' title="bbox 532 4249 2108 4322">
     <span class='ocr_line' id='line_1_45' title="bbox 532 4249 2108 4322; baseline 0.001 -18"><span class='ocrx_word' id='word_1_274' title='bbox 532 4251 787 4318; x_wconf 71' lang='lat' dir='ltr'><strong>atterens,</strong></span> <span class='ocrx_word' id='word_1_275' title='bbox 846 4267 972 4305; x_wconf 87' lang='lat' dir='ltr'><strong>cmn</strong></span> <span class='ocrx_word' id='word_1_276' title='bbox 1037 4251 1254 4322; x_wconf 85' lang='lat' dir='ltr'><strong>populis</strong></span> <span class='ocrx_word' id='word_1_277' title='bbox 1300 4251 1518 4305; x_wconf 89' lang='lat' dir='ltr'><strong>volebat</strong></span> <span class='ocrx_word' id='word_1_278' title='bbox 1565 4251 1902 4306; x_wconf 87' lang='lat' dir='ltr'><strong>sacrillcare.</strong></span> <span class='ocrx_word' id='word_1_279' title='bbox 1951 4249 2108 4316; x_wconf 83' lang='lat' dir='ltr'><strong>Quod</strong></span> 
     </span>
    </p>
   </div>
   <div class='ocr_carea' id='block_1_46' title="bbox 531 4334 2109 4412">
    <p class='ocr_par' dir='ltr' id='par_1_46' title="bbox 531 4334 2109 4412">
     <span class='ocr_line' id='line_1_46' title="bbox 531 4334 2109 4412; baseline -0.001 -16"><span class='ocrx_word' id='word_1_280' title='bbox 531 4341 624 4396; x_wconf 88' lang='lat' dir='ltr'><strong>ubi</strong></span> <span class='ocrx_word' id='word_1_281' title='bbox 667 4343 958 4398; x_wconf 82' lang='lat' dir='ltr'><strong>audierunt</strong></span> <span class='ocrx_word' id='word_1_282' title='bbox 1011 4334 1268 4412; x_wconf 81' lang='lat' dir='ltr'><strong>apostoli,</strong></span> <span class='ocrx_word' id='word_1_283' title='bbox 1324 4341 1602 4398; x_wconf 81' lang='lat' dir='ltr'><strong>Barnabas</strong></span> <span class='ocrx_word' id='word_1_284' title='bbox 1632 4350 1686 4395; x_wconf 89' lang='lat' dir='ltr'><strong>et</strong></span> <span class='ocrx_word' id='word_1_285' title='bbox 1718 4341 1938 4407; x_wconf 80' lang='lat' dir='ltr'><strong>Paulus,</strong></span> <span class='ocrx_word' id='word_1_286' title='bbox 1978 4356 2109 4396; x_wconf 90' lang='lat' dir='ltr'><strong>cou-</strong></span> 
     </span>
    </p>
   </div>
   <div class='ocr_carea' id='block_1_47' title="bbox 529 4431 2108 4491">
    <p class='ocr_par' dir='ltr' id='par_1_47' title="bbox 529 4431 2108 4491">
     <span class='ocr_line' id='line_1_47' title="bbox 529 4431 2108 4491; baseline 0.001 -5"><span class='ocrx_word' id='word_1_287' title='bbox 529 4433 721 4489; x_wconf 88' lang='lat' dir='ltr'><strong>scissis</strong></span> <span class='ocrx_word' id='word_1_288' title='bbox 749 4433 956 4488; x_wconf 88' lang='lat' dir='ltr'><strong>tunicis</strong></span> <span class='ocrx_word' id='word_1_289' title='bbox 986 4431 1101 4487; x_wconf 86' lang='lat' dir='ltr'><strong>suis</strong></span> <span class='ocrx_word' id='word_1_290' title='bbox 1133 4431 1462 4486; x_wconf 76' lang='lat' dir='ltr'><strong>exsilierunt</strong></span> <span class='ocrx_word' id='word_1_291' title='bbox 1484 4433 1538 4485; x_wconf 93' lang='lat' dir='ltr'><strong>in</strong></span> <span class='ocrx_word' id='word_1_292' title='bbox 1567 4431 1780 4491; x_wconf 83' lang='lat' dir='ltr'><strong>turbas.</strong></span> <span class='ocrx_word' id='word_1_293' title='bbox 1804 4432 2108 4488; x_wconf 74' lang='lat' dir='ltr'><strong>clamantes</strong></span> 
     </span>
    </p>
   </div>
   <div class='ocr_carea' id='block_1_48' title="bbox 2211 579 3801 656">
    <p class='ocr_par' dir='ltr' id='par_1_48' title="bbox 2211 579 3801 656">
     <span class='ocr_line' id='line_1_48' title="bbox 2211 579 3801 656; baseline 0.005 -26"><span class='ocrx_word' id='word_1_294' title='bbox 2211 579 2376 649; x_wconf 81' lang='grc' dir='ltr'>ὀρὶων</span> <span class='ocrx_word' id='word_1_295' title='bbox 2409 579 2612 646; x_wconf 72' lang='grc' dir='ltr'>αὐτῶν,</span> <span class='ocrx_word' id='word_1_296' title='bbox 2641 581 2778 651; x_wconf 80' lang='grc' dir='ltr'>ὅπερ</span> <span class='ocrx_word' id='word_1_297' title='bbox 2805 581 2924 636; x_wconf 75' lang='grc' dir='ltr'>ἐστὶ</span> <span class='ocrx_word' id='word_1_298' title='bbox 2965 583 3164 654; x_wconf 82' lang='grc' dir='ltr'>χεῖρον.</span> <span class='ocrx_word' id='word_1_299' title='bbox 3201 585 3335 638; x_wconf 73' lang='grc' dir='ltr'>Οὐδὲ</span> <span class='ocrx_word' id='word_1_300' title='bbox 3366 585 3477 654; x_wconf 71' lang='grc' dir='ltr'><strong>γὰρ</strong></span> <span class='ocrx_word' id='word_1_301' title='bbox 3509 590 3801 656; x_wconf 54' lang='lat' dir='ltr'><strong>mutor.ch</strong></span> 
     </span>
    </p>
   </div>
   <div class='ocr_carea' id='block_1_49' title="bbox 2213 668 3802 744">
    <p class='ocr_par' dir='ltr' id='par_1_49' title="bbox 2213 668 3802 744">
     <span class='ocr_line' id='line_1_49' title="bbox 2213 668 3802 744; baseline 0.004 -22"><span class='ocrx_word' id='word_1_302' title='bbox 2213 668 2358 722; x_wconf 82' lang='grc' dir='ltr'>θέλει</span> <span class='ocrx_word' id='word_1_303' title='bbox 2383 668 2528 742; x_wconf 69' lang='grc' dir='ltr'>ἔχειν</span> <span class='ocrx_word' id='word_1_304' title='bbox 2556 671 2585 725; x_wconf 82' lang='grc' dir='ltr'>ὁ</span> <span class='ocrx_word' id='word_1_305' title='bbox 2625 670 2830 743; x_wconf 79' lang='grc' dir='ltr'>Κύριος</span> <span class='ocrx_word' id='word_1_306' title='bbox 2855 673 2983 736; x_wconf 81' lang='grc' dir='ltr'>τοὺς</span> <span class='ocrx_word' id='word_1_307' title='bbox 3024 672 3268 744; x_wconf 75' lang='grc' dir='ltr'>μαθητὰς</span> <span class='ocrx_word' id='word_1_308' title='bbox 3301 676 3396 727; x_wconf 78' lang='grc' dir='ltr'>ἐπὶ</span> <span class='ocrx_word' id='word_1_309' title='bbox 3434 676 3544 730; x_wconf 85' lang='grc' dir='ltr'><strong>τῶν</strong></span> <span class='ocrx_word' id='word_1_310' title='bbox 3614 677 3802 731; x_wconf 72' lang='grc' dir='ltr'>ποδῶν</span> 
     </span>
    </p>
   </div>
   <div class='ocr_carea' id='block_1_50' title="bbox 2213 761 3806 837">
    <p class='ocr_par' dir='ltr' id='par_1_50' title="bbox 2213 761 3806 837">
     <span class='ocr_line' id='line_1_50' title="bbox 2213 761 3806 837; baseline 0.007 -25"><span class='ocrx_word' id='word_1_311' title='bbox 2213 762 2278 815; x_wconf 89' lang='grc' dir='ltr'><strong>ἐκ</strong></span> <span class='ocrx_word' id='word_1_312' title='bbox 2314 761 2414 832; x_wconf 82' lang='grc' dir='ltr'>τῆς</span> <span class='ocrx_word' id='word_1_313' title='bbox 2441 763 2551 817; x_wconf 88' lang='grc' dir='ltr'><strong>τῶν</strong></span> <span class='ocrx_word' id='word_1_314' title='bbox 2577 764 2812 818; x_wconf 71' lang='grc' dir='ltr'>ἀνοσίων</span> <span class='ocrx_word' id='word_1_315' title='bbox 2857 762 3162 836; x_wconf 82' lang='grc' dir='ltr'>ἀνθρώπων</span> <span class='ocrx_word' id='word_1_316' title='bbox 3204 766 3332 837; x_wconf 80' lang='grc' dir='ltr'>γῆς,</span> <span class='ocrx_word' id='word_1_317' title='bbox 3361 767 3684 832; x_wconf 72' lang='grc' dir='ltr'><strong>δεικνύντες</strong></span> <span class='ocrx_word' id='word_1_318' title='bbox 3710 770 3806 823; x_wconf 74' lang='grc' dir='ltr'>διὰ</span> 
     </span>
    </p>
   </div>
   <div class='ocr_carea' id='block_1_51' title="bbox 2211 852 3807 925">
    <p class='ocr_par' dir='ltr' id='par_1_51' title="bbox 2211 852 3807 925">
     <span class='ocr_line' id='line_1_51' title="bbox 2211 852 3807 925; baseline 0.006 -20"><span class='ocrx_word' id='word_1_319' title='bbox 2211 852 2428 920; x_wconf 83' lang='grc' dir='ltr'>τούτου,</span> <span class='ocrx_word' id='word_1_320' title='bbox 2457 853 2539 907; x_wconf 76' lang='grc' dir='ltr'>ὅτι</span> <span class='ocrx_word' id='word_1_321' title='bbox 2569 854 2722 908; x_wconf 81' lang='grc' dir='ltr'>οὐδὲν</span> <span class='ocrx_word' id='word_1_322' title='bbox 2749 854 3077 925; x_wconf 73' lang='grc' dir='ltr'><strong>ἐκομίσαντο</strong></span> <span class='ocrx_word' id='word_1_323' title='bbox 3096 856 3206 910; x_wconf 82' lang='grc' dir='ltr'><strong>ἀπὸ</strong></span> <span class='ocrx_word' id='word_1_324' title='bbox 3235 857 3345 911; x_wconf 85' lang='grc' dir='ltr'><strong>τῶν</strong></span> <span class='ocrx_word' id='word_1_325' title='bbox 3373 858 3648 914; x_wconf 83' lang='grc' dir='ltr'>ἀπειθῶν.</span> <span class='ocrx_word' id='word_1_326' title='bbox 3681 860 3807 914; x_wconf 76' lang='grc' dir='ltr'>Δεῖ-</span> 
     </span>
    </p>
   </div>
   <div class='ocr_carea' id='block_1_52' title="bbox 2212 946 3803 1025">
    <p class='ocr_par' dir='ltr' id='par_1_52' title="bbox 2212 946 3803 1025">
     <span class='ocr_line' id='line_1_52' title="bbox 2212 946 3803 1025; baseline 0.004 -26"><span class='ocrx_word' id='word_1_327' title='bbox 2212 961 2329 1016; x_wconf 83' lang='grc' dir='ltr'><strong>γμα</strong></span> <span class='ocrx_word' id='word_1_328' title='bbox 2361 946 2418 1000; x_wconf 78' lang='grc' dir='ltr'>δέ</span> <span class='ocrx_word' id='word_1_329' title='bbox 2445 949 2592 1002; x_wconf 85' lang='grc' dir='ltr'>ἐστιν</span> <span class='ocrx_word' id='word_1_330' title='bbox 2618 948 2648 1002; x_wconf 83' lang='grc' dir='ltr'>ὁ</span> <span class='ocrx_word' id='word_1_331' title='bbox 2675 947 2952 1018; x_wconf 77' lang='grc' dir='ltr'>κονιορτὸς</span> <span class='ocrx_word' id='word_1_332' title='bbox 2977 949 3072 1003; x_wconf 80' lang='grc' dir='ltr'>τοῦ</span> <span class='ocrx_word' id='word_1_333' title='bbox 3103 949 3273 1004; x_wconf 81' lang='grc' dir='ltr'>κόπου</span> <span class='ocrx_word' id='word_1_334' title='bbox 3299 950 3359 1005; x_wconf 80' lang='grc' dir='ltr'>ὃν</span> <span class='ocrx_word' id='word_1_335' title='bbox 3386 951 3704 1025; x_wconf 76' lang='grc' dir='ltr'>ὑπέμειναν</span> <span class='ocrx_word' id='word_1_336' title='bbox 3731 953 3803 1008; x_wconf 76' lang='grc' dir='ltr'><strong>δι’</strong></span> 
     </span>
    </p>
   </div>
   <div class='ocr_carea' id='block_1_53' title="bbox 2213 1037 2432 1102">
    <p class='ocr_par' dir='ltr' id='par_1_53' title="bbox 2213 1037 2432 1102">
     <span class='ocr_line' id='line_1_53' title="bbox 2213 1037 2432 1102; baseline 0.014 -11"><span class='ocrx_word' id='word_1_337' title='bbox 2213 1037 2432 1102; x_wconf 79' lang='grc' dir='ltr'>αὐτούς.</span> 
     </span>
    </p>
   </div>
   <div class='ocr_carea' id='block_1_54' title="bbox 2807 1239 3197 1299">
    <p class='ocr_par' dir='ltr' id='par_1_54' title="bbox 2807 1239 3197 1299">
     <span class='ocr_line' id='line_1_54' title="bbox 2807 1239 3197 1299; baseline 0.018 -7"><span class='ocrx_word' id='word_1_338' title='bbox 2807 1239 3197 1299; x_wconf 81' lang='lat' dir='ltr'><strong>KEIMENON.</strong></span> 
     </span>
    </p>
   </div>
   <div class='ocr_carea' id='block_1_55' title="bbox 2299 1325 3807 1402">
    <p class='ocr_par' dir='ltr' id='par_1_55' title="bbox 2299 1325 3807 1402">
     <span class='ocr_line' id='line_1_55' title="bbox 2299 1325 3807 1402; baseline 0.005 -22"><span class='ocrx_word' id='word_1_339' title='bbox 2299 1325 2386 1391; x_wconf 77' lang='grc' dir='ltr'>Ὠς</span> <span class='ocrx_word' id='word_1_340' title='bbox 2415 1327 2472 1382; x_wconf 75' lang='grc' dir='ltr'><strong>δέ</strong></span> <span class='ocrx_word' id='word_1_341' title='bbox 2517 1329 2733 1397; x_wconf 77' lang='grc' dir='ltr'>ἐγένετο</span> <span class='ocrx_word' id='word_1_342' title='bbox 2766 1333 2910 1402; x_wconf 81' lang='grc' dir='ltr'>ὁρμὴ</span> <span class='ocrx_word' id='word_1_343' title='bbox 2958 1332 3068 1386; x_wconf 87' lang='grc' dir='ltr'><strong>τῶν</strong></span> <span class='ocrx_word' id='word_1_344' title='bbox 3103 1332 3276 1388; x_wconf 90' lang='grc' dir='ltr'>ἐθνῶν</span> <span class='ocrx_word' id='word_1_345' title='bbox 3304 1349 3364 1388; x_wconf 84' lang='grc' dir='ltr'><strong>τε</strong></span> <span class='ocrx_word' id='word_1_346' title='bbox 3395 1331 3807 1388; x_wconf 76' lang='grc' dir='ltr'>καὶ’1ουδα’ων</span> 
     </span>
    </p>
   </div>
   <div class='ocr_carea' id='block_1_56' title="bbox 2213 1420 3808 1498">
    <p class='ocr_par' dir='ltr' id='par_1_56' title="bbox 2213 1420 3808 1498">
     <span class='ocr_line' id='line_1_56' title="bbox 2213 1420 3808 1498; baseline 0.003 -24"><span class='ocrx_word' id='word_1_347' title='bbox 2213 1420 2314 1475; x_wconf 75' lang='grc' dir='ltr'><strong>σὺν</strong></span> <span class='ocrx_word' id='word_1_348' title='bbox 2346 1422 2464 1486; x_wconf 81' lang='grc' dir='ltr'>τοῖς</span> <span class='ocrx_word' id='word_1_349' title='bbox 2495 1422 2754 1493; x_wconf 77' lang='grc' dir='ltr'>ἄρχουσιν</span> <span class='ocrx_word' id='word_1_350' title='bbox 2792 1423 2974 1479; x_wconf 74' lang='grc' dir='ltr'>αὐτῶν</span> <span class='ocrx_word' id='word_1_351' title='bbox 3023 1423 3248 1497; x_wconf 71' lang='grc' dir='ltr'>ὑϐρίσαι</span> <span class='ocrx_word' id='word_1_352' title='bbox 3301 1426 3399 1480; x_wconf 79' lang='grc' dir='ltr'>καὶ</span> <span class='ocrx_word' id='word_1_353' title='bbox 3441 1424 3808 1498; x_wconf 70' lang='grc' dir='ltr'>λιθοϐολῆσαι</span> 
     </span>
    </p>
   </div>
   <div class='ocr_carea' id='block_1_57' title="bbox 2213 1513 2792 1583">
    <p class='ocr_par' dir='ltr' id='par_1_57' title="bbox 2213 1513 2792 1583">
     <span class='ocr_line' id='line_1_57' title="bbox 2213 1513 2792 1583; baseline 0.003 -15"><span class='ocrx_word' id='word_1_354' title='bbox 2213 1513 2436 1580; x_wconf 68' lang='grc' dir='ltr'>αὐτοὺς,</span> <span class='ocrx_word' id='word_1_355' title='bbox 2468 1514 2792 1583; x_wconf 83' lang='grc' dir='ltr'><strong>συνιδόντες,</strong></span> 
     </span>
    </p>
   </div>
   <div class='ocr_carea' id='block_1_58' title="bbox 2577 1604 3447 1684">
    <p class='ocr_par' dir='ltr' id='par_1_58' title="bbox 2577 1604 3447 1684">
     <span class='ocr_line' id='line_1_58' title="bbox 2577 1604 3447 1684; baseline 0.01 -26"><span class='ocrx_word' id='word_1_356' title='bbox 2577 1606 2658 1679; x_wconf 81' lang='grc' dir='ltr'><strong>’Γῇ</strong></span> <span class='ocrx_word' id='word_1_357' title='bbox 2687 1604 2730 1661; x_wconf 89' lang='grc' dir='ltr'>δ’</span> <span class='ocrx_word' id='word_1_358' title='bbox 2769 1609 2868 1680; x_wconf 81' lang='grc' dir='ltr'>τῆς</span> <span class='ocrx_word' id='word_1_359' title='bbox 2897 1610 3447 1684; x_wconf 82' lang='grc' dir='ltr'>Μεσοπεντηκοστῆς.</span> 
     </span>
    </p>
   </div>
   <div class='ocr_carea' id='block_1_59' title="bbox 2289 1699 3810 1776">
    <p class='ocr_par' dir='ltr' id='par_1_59' title="bbox 2289 1699 3810 1776">
     <span class='ocr_line' id='line_1_59' title="bbox 2289 1699 3810 1776; baseline 0.005 -24"><span class='ocrx_word' id='word_1_360' title='bbox 2289 1699 2614 1771; x_wconf 69' lang='grc' dir='ltr'>Κατὲφυγον</span> <span class='ocrx_word' id='word_1_361' title='bbox 2646 1700 2697 1754; x_wconf 73' lang='grc' dir='ltr'><strong>οἱ</strong></span> <span class='ocrx_word' id='word_1_362' title='bbox 2723 1701 3012 1756; x_wconf 74' lang='grc' dir='ltr'><strong>ἀπόστολοι</strong></span> <span class='ocrx_word' id='word_1_363' title='bbox 3035 1705 3323 1776; x_wconf 72' lang='grc' dir='ltr'>Βαρνάϐας</span> <span class='ocrx_word' id='word_1_364' title='bbox 3341 1708 3437 1762; x_wconf 83' lang='grc' dir='ltr'>καὶ</span> <span class='ocrx_word' id='word_1_365' title='bbox 3461 1705 3684 1770; x_wconf 75' lang='grc' dir='ltr'>Παῦλος</span> <span class='ocrx_word' id='word_1_366' title='bbox 3720 1708 3810 1770; x_wconf 70' lang='grc' dir='ltr'>εἰς</span> 
     </span>
    </p>
   </div>
   <div class='ocr_carea' id='block_1_60' title="bbox 2215 1790 3806 1872">
    <p class='ocr_par' dir='ltr' id='par_1_60' title="bbox 2215 1790 3806 1872">
     <span class='ocr_line' id='line_1_60' title="bbox 2215 1790 3806 1872; baseline 0.006 -28"><span class='ocrx_word' id='word_1_367' title='bbox 2215 1790 2313 1855; x_wconf 82' lang='grc' dir='ltr'>τὰς</span> <span class='ocrx_word' id='word_1_368' title='bbox 2347 1792 2528 1856; x_wconf 75' lang='grc' dir='ltr'>πόλεις</span> <span class='ocrx_word' id='word_1_369' title='bbox 2561 1795 2662 1865; x_wconf 79' lang='grc' dir='ltr'>τῆς</span> <span class='ocrx_word' id='word_1_370' title='bbox 2705 1793 3035 1862; x_wconf 82' lang='grc' dir='ltr'>Λυκαονίας,</span> <span class='ocrx_word' id='word_1_371' title='bbox 3084 1797 3360 1870; x_wconf 82' lang='grc' dir='ltr'>Λύστραν,</span> <span class='ocrx_word' id='word_1_372' title='bbox 3413 1805 3509 1855; x_wconf 79' lang='grc' dir='ltr'>καὶ</span> <span class='ocrx_word' id='word_1_373' title='bbox 3555 1801 3806 1872; x_wconf 74' lang='grc' dir='ltr'>Δέρϐην,</span> 
     </span>
    </p>
   </div>
   <div class='ocr_carea' id='block_1_61' title="bbox 2217 1880 3732 1962">
    <p class='ocr_par' dir='ltr' id='par_1_61' title="bbox 2217 1880 3732 1962">
     <span class='ocr_line' id='line_1_61' title="bbox 2217 1880 3732 1962; baseline 0.009 -28"><span class='ocrx_word' id='word_1_374' title='bbox 2217 1880 2309 1936; x_wconf 75' lang='grc' dir='ltr'>καὶ</span> <span class='ocrx_word' id='word_1_375' title='bbox 2338 1881 2437 1952; x_wconf 70' lang='grc' dir='ltr'>τὴν</span> <span class='ocrx_word' id='word_1_376' title='bbox 2475 1882 2783 1954; x_wconf 80' lang='grc' dir='ltr'>περίχωρον</span> <span class='ocrx_word' id='word_1_377' title='bbox 2802 1899 2816 1914; x_wconf 73' lang='grc'><strong><em>⁸</em></strong></span> <span class='ocrx_word' id='word_1_378' title='bbox 2858 1885 3022 1941; x_wconf 81' lang='grc' dir='ltr'>κάκεῖ</span> <span class='ocrx_word' id='word_1_379' title='bbox 3046 1882 3190 1959; x_wconf 73' lang='grc' dir='ltr'>ἦσαν</span> <span class='ocrx_word' id='word_1_380' title='bbox 3219 1888 3732 1962; x_wconf 76' lang='grc' dir='ltr'><strong>εὐαγγελιζόμενοι.</strong></span> 
     </span>
    </p>
   </div>
   <div class='ocr_carea' id='block_1_62' title="bbox 2814 1997 3195 2055">
    <p class='ocr_par' dir='ltr' id='par_1_62' title="bbox 2814 1997 3195 2055">
     <span class='ocr_line' id='line_1_62' title="bbox 2814 1997 3195 2055; baseline 0.008 -3"><span class='ocrx_word' id='word_1_381' title='bbox 2814 1997 3195 2055; x_wconf 76' lang='grc' dir='ltr'><strong>ΕΡΜΗΝΕΙΔ.</strong></span> 
     </span>
    </p>
   </div>
   <div class='ocr_carea' id='block_1_63' title="bbox 2281 2087 3807 2169">
    <p class='ocr_par' dir='ltr' id='par_1_63' title="bbox 2281 2087 3807 2169">
     <span class='ocr_line' id='line_1_63' title="bbox 2281 2087 3807 2169; baseline 0.009 -30"><span class='ocrx_word' id='word_1_382' title='bbox 2281 2087 2646 2159; x_wconf 80' lang='grc' dir='ltr'>Σημειωτέον,</span> <span class='ocrx_word' id='word_1_383' title='bbox 2693 2091 2776 2143; x_wconf 81' lang='grc' dir='ltr'>ὅτι</span> <span class='ocrx_word' id='word_1_384' title='bbox 2823 2091 2886 2145; x_wconf 79' lang='grc' dir='ltr'>οὗ</span> <span class='ocrx_word' id='word_1_385' title='bbox 2935 2092 3020 2146; x_wconf 79' lang='grc' dir='ltr'><strong>δεῖ</strong></span> <span class='ocrx_word' id='word_1_386' title='bbox 3072 2093 3423 2165; x_wconf 77' lang='grc' dir='ltr'>ἐπιρῤἔπτειν</span> <span class='ocrx_word' id='word_1_387' title='bbox 3471 2097 3624 2169; x_wconf 66' lang='grc' dir='ltr'>ἡμᾶς</span> <span class='ocrx_word' id='word_1_388' title='bbox 3686 2101 3807 2161; x_wconf 62' lang='lat' dir='ltr'><strong>eoi;</strong></span> 
     </span>
    </p>
   </div>
   <div class='ocr_carea' id='block_1_64' title="bbox 2213 2181 3805 2261">
    <p class='ocr_par' dir='ltr' id='par_1_64' title="bbox 2213 2181 3805 2261">
     <span class='ocr_line' id='line_1_64' title="bbox 2213 2181 3805 2261; baseline 0.007 -27"><span class='ocrx_word' id='word_1_389' title='bbox 2213 2181 2515 2247; x_wconf 74' lang='grc' dir='ltr'>κινδύνοις,</span> <span class='ocrx_word' id='word_1_390' title='bbox 2550 2183 2667 2238; x_wconf 83' lang='grc' dir='ltr'>ἀλλ’</span> <span class='ocrx_word' id='word_1_391' title='bbox 2714 2185 2766 2236; x_wconf 74' lang='grc' dir='ltr'>εί</span> <span class='ocrx_word' id='word_1_392' title='bbox 2793 2184 2929 2250; x_wconf 79' lang='grc' dir='ltr'>δέοι,</span> <span class='ocrx_word' id='word_1_393' title='bbox 2975 2186 3070 2239; x_wconf 81' lang='grc' dir='ltr'>καὶ</span> <span class='ocrx_word' id='word_1_394' title='bbox 3104 2187 3327 2256; x_wconf 78' lang='grc' dir='ltr'>φεύγειν</span> <span class='ocrx_word' id='word_1_395' title='bbox 3374 2189 3512 2261; x_wconf 76' lang='grc' dir='ltr'>πρὸς</span> <span class='ocrx_word' id='word_1_396' title='bbox 3561 2191 3805 2261; x_wconf 75' lang='grc' dir='ltr'>καιρόν·</span> 
     </span>
    </p>
   </div>
   <div class='ocr_carea' id='block_1_65' title="bbox 2211 2272 3780 2355">
    <p class='ocr_par' dir='ltr' id='par_1_65' title="bbox 2211 2272 3780 2355">
     <span class='ocr_line' id='line_1_65' title="bbox 2211 2272 3780 2355; baseline 0.008 -28"><span class='ocrx_word' id='word_1_397' title='bbox 2211 2274 2306 2327; x_wconf 83' lang='grc' dir='ltr'>καὶ</span> <span class='ocrx_word' id='word_1_398' title='bbox 2333 2272 2445 2328; x_wconf 85' lang='grc' dir='ltr'><strong>τῶν</strong></span> <span class='ocrx_word' id='word_1_399' title='bbox 2474 2275 2792 2346; x_wconf 74' lang='grc' dir='ltr'>κορυφαίων</span> <span class='ocrx_word' id='word_1_400' title='bbox 2819 2278 2982 2333; x_wconf 82' lang='grc' dir='ltr'>τοῦτο</span> <span class='ocrx_word' id='word_1_401' title='bbox 3024 2281 3344 2346; x_wconf 79' lang='grc' dir='ltr'>ποιούντων,</span> <span class='ocrx_word' id='word_1_402' title='bbox 3373 2279 3570 2353; x_wconf 79' lang='grc' dir='ltr'>ὥσπερ</span> <span class='ocrx_word' id='word_1_403' title='bbox 3605 2284 3780 2355; x_wconf 60' lang='lat' dir='ltr'><strong>salta;</strong></span> 
     </span>
    </p>
   </div>
   <div class='ocr_carea' id='block_1_66' title="bbox 2211 2367 3806 2446">
    <p class='ocr_par' dir='ltr' id='par_1_66' title="bbox 2211 2367 3806 2446">
     <span class='ocr_line' id='line_1_66' title="bbox 2211 2367 3806 2446; baseline 0.005 -24"><span class='ocrx_word' id='word_1_404' title='bbox 2211 2367 2300 2432; x_wconf 77' lang='grc' dir='ltr'><strong>δες</strong></span> <span class='ocrx_word' id='word_1_405' title='bbox 2352 2369 2593 2425; x_wconf 74' lang='grc' dir='ltr'>ἐκτεῖναι</span> <span class='ocrx_word' id='word_1_406' title='bbox 2649 2369 2968 2442; x_wconf 83' lang='grc' dir='ltr'>βουλόμενοι</span> <span class='ocrx_word' id='word_1_407' title='bbox 3006 2373 3069 2426; x_wconf 81' lang='grc' dir='ltr'>τὸ</span> <span class='ocrx_word' id='word_1_408' title='bbox 3102 2375 3385 2446; x_wconf 74' lang='grc' dir='ltr'>κήρυγμα.</span> <span class='ocrx_word' id='word_1_409' title='bbox 3419 2376 3512 2431; x_wconf 81' lang='grc' dir='ltr'>καὶ</span> <span class='ocrx_word' id='word_1_410' title='bbox 3561 2375 3657 2431; x_wconf 76' lang='grc' dir='ltr'><strong>διὰ</strong></span> <span class='ocrx_word' id='word_1_411' title='bbox 3689 2378 3806 2432; x_wconf 80' lang='grc' dir='ltr'><strong>τῶν</strong></span> 
     </span>
    </p>
   </div>
   <div class='ocr_carea' id='block_1_67' title="bbox 2211 2460 3086 2533">
    <p class='ocr_par' dir='ltr' id='par_1_67' title="bbox 2211 2460 3086 2533">
     <span class='ocr_line' id='line_1_67' title="bbox 2211 2460 3086 2533; baseline 0.007 -20"><span class='ocrx_word' id='word_1_412' title='bbox 2211 2460 2470 2530; x_wconf 83' lang='grc' dir='ltr'>διωγμῶν</span> <span class='ocrx_word' id='word_1_413' title='bbox 2495 2461 2700 2533; x_wconf 76' lang='grc' dir='ltr'>μᾶλλον</span> <span class='ocrx_word' id='word_1_414' title='bbox 2733 2463 3086 2530; x_wconf 76' lang='grc' dir='ltr'>αὐξάνεσθαι.</span> 
     </span>
    </p>
   </div>
   <div class='ocr_carea' id='block_1_68' title="bbox 2799 2667 3218 2725">
    <p class='ocr_par' dir='ltr' id='par_1_68' title="bbox 2799 2667 3218 2725">
     <span class='ocr_line' id='line_1_68' title="bbox 2799 2667 3218 2725; baseline 0.007 -3"><span class='ocrx_word' id='word_1_415' title='bbox 2799 2668 3049 2723; x_wconf 76' lang='grc' dir='ltr'><strong>ΚΕΦΔᾹ.</strong></span> <span class='ocrx_word' id='word_1_416' title='bbox 3090 2667 3218 2725; x_wconf 79' lang='lat' dir='ltr'><strong>KA&#39;.</strong></span> 
     </span>
    </p>
   </div>
   <div class='ocr_carea' id='block_1_69' title="bbox 2212 2742 3802 2830">
    <p class='ocr_par' dir='ltr' id='par_1_69' title="bbox 2212 2742 3802 2830">
     <span class='ocr_line' id='line_1_69' title="bbox 2212 2742 3802 2830; baseline 0.008 -23"><span class='ocrx_word' id='word_1_417' title='bbox 2212 2755 2350 2823; x_wconf 82' lang='grc' dir='ltr'>Περὶ</span> <span class='ocrx_word' id='word_1_418' title='bbox 2387 2742 2493 2809; x_wconf 85' lang='grc' dir='ltr'>τοῦ</span> <span class='ocrx_word' id='word_1_419' title='bbox 2533 2755 2602 2812; x_wconf 76' lang='grc' dir='ltr'>ἐν</span> <span class='ocrx_word' id='word_1_420' title='bbox 2627 2763 2924 2828; x_wconf 83' lang='grc' dir='ltr'>Λύστροις</span> <span class='ocrx_word' id='word_1_421' title='bbox 2942 2758 3012 2812; x_wconf 76' lang='grc' dir='ltr'><strong>ἐκ</strong></span> <span class='ocrx_word' id='word_1_422' title='bbox 3046 2758 3294 2829; x_wconf 73' lang='grc' dir='ltr'>γενετῆς</span> <span class='ocrx_word' id='word_1_423' title='bbox 3337 2761 3538 2830; x_wconf 72' lang='grc' dir='ltr'>χωλοῦ</span> <span class='ocrx_word' id='word_1_424' title='bbox 3572 2763 3802 2820; x_wconf 65' lang='grc' dir='ltr'><strong>ἐαθέν-</strong></span> 
     </span>
    </p>
   </div>
   <div class='ocr_carea' id='block_1_70' title="bbox 2283 2847 3807 2922">
    <p class='ocr_par' dir='ltr' id='par_1_70' title="bbox 2283 2847 3807 2922">
     <span class='ocr_line' id='line_1_70' title="bbox 2283 2847 3807 2922; baseline 0.007 -19"><span class='ocrx_word' id='word_1_425' title='bbox 2283 2863 2386 2914; x_wconf 84' lang='grc' dir='ltr'><strong>τος</strong></span> <span class='ocrx_word' id='word_1_426' title='bbox 2415 2847 2513 2902; x_wconf 80' lang='grc' dir='ltr'>διὰ</span> <span class='ocrx_word' id='word_1_427' title='bbox 2540 2848 2661 2903; x_wconf 76' lang='grc' dir='ltr'>τῶν</span> <span class='ocrx_word' id='word_1_428' title='bbox 2689 2849 3075 2916; x_wconf 76' lang='grc' dir='ltr'><strong>ἀποστόλων,</strong></span> <span class='ocrx_word' id='word_1_429' title='bbox 3101 2848 3308 2922; x_wconf 75' lang='grc' dir='ltr'>διόπερ</span> <span class='ocrx_word' id='word_1_430' title='bbox 3352 2849 3512 2909; x_wconf 66' lang='grc' dir='ltr'><strong>εἶναί</strong></span> <span class='ocrx_word' id='word_1_431' title='bbox 3567 2871 3634 2912; x_wconf 81' lang='grc' dir='ltr'><strong>τε</strong></span> <span class='ocrx_word' id='word_1_432' title='bbox 3669 2858 3807 2914; x_wconf 76' lang='grc' dir='ltr'>θεοὶ</span> 
     </span>
    </p>
   </div>
   <div class='ocr_carea' id='block_1_71' title="bbox 2285 2939 3444 3016">
    <p class='ocr_par' dir='ltr' id='par_1_71' title="bbox 2285 2939 3444 3016">
     <span class='ocr_line' id='line_1_71' title="bbox 2285 2939 3444 3016; baseline 0.005 -22"><span class='ocrx_word' id='word_1_433' title='bbox 2285 2939 2384 2994; x_wconf 77' lang='grc' dir='ltr'>καὶ</span> <span class='ocrx_word' id='word_1_434' title='bbox 2413 2941 2689 3012; x_wconf 75' lang='grc' dir='ltr'>παρεῖναι</span> <span class='ocrx_word' id='word_1_435' title='bbox 2713 2942 2934 3009; x_wconf 71' lang='grc' dir='ltr'>ἔδοξαν</span> <span class='ocrx_word' id='word_1_436' title='bbox 2967 2945 3092 3012; x_wconf 85' lang='grc' dir='ltr'>τοῖς</span> <span class='ocrx_word' id='word_1_437' title='bbox 3119 2945 3444 3016; x_wconf 74' lang='grc' dir='ltr'><strong>ἐγχωρίοις.</strong></span> 
     </span>
    </p>
   </div>
   <div class='ocr_carea' id='block_1_72' title="bbox 2802 3050 3187 3114">
    <p class='ocr_par' dir='ltr' id='par_1_72' title="bbox 2802 3050 3187 3114">
     <span class='ocr_line' id='line_1_72' title="bbox 2802 3050 3187 3114; baseline 0.01 -4"><span class='ocrx_word' id='word_1_438' title='bbox 2802 3050 3187 3114; x_wconf 75' lang='grc' dir='ltr'><strong>ΚΕΙΜΕΝΟΝ.</strong></span> 
     </span>
    </p>
   </div>
   <div class='ocr_carea' id='block_1_73' title="bbox 2283 3150 3802 3224">
    <p class='ocr_par' dir='ltr' id='par_1_73' title="bbox 2283 3150 3802 3224">
     <span class='ocr_line' id='line_1_73' title="bbox 2283 3150 3802 3224; baseline 0.006 -21"><span class='ocrx_word' id='word_1_439' title='bbox 2283 3151 2394 3204; x_wconf 76' lang='grc' dir='ltr'>Καί</span> <span class='ocrx_word' id='word_1_440' title='bbox 2452 3167 2534 3213; x_wconf 90' lang='grc' dir='ltr'><strong>τις</strong></span> <span class='ocrx_word' id='word_1_441' title='bbox 2591 3150 2731 3222; x_wconf 81' lang='grc' dir='ltr'>ἀνὴρ</span> <span class='ocrx_word' id='word_1_442' title='bbox 2769 3151 2828 3204; x_wconf 80' lang='grc' dir='ltr'>ὲν</span> <span class='ocrx_word' id='word_1_443' title='bbox 2851 3151 3120 3224; x_wconf 77' lang='grc' dir='ltr'>Λύστροις</span> <span class='ocrx_word' id='word_1_444' title='bbox 3170 3151 3431 3218; x_wconf 76' lang='grc' dir='ltr'>ἀδύνατος</span> <span class='ocrx_word' id='word_1_445' title='bbox 3459 3157 3576 3221; x_wconf 77' lang='grc' dir='ltr'>τοῖς</span> <span class='ocrx_word' id='word_1_446' title='bbox 3605 3158 3802 3224; x_wconf 74' lang='grc' dir='ltr'>ποσὶν,</span> 
     </span>
    </p>
   </div>
   <div class='ocr_carea' id='block_1_74' title="bbox 2211 3239 3804 3320">
    <p class='ocr_par' dir='ltr' id='par_1_74' title="bbox 2211 3239 3804 3320">
     <span class='ocr_line' id='line_1_74' title="bbox 2211 3239 3804 3320; baseline 0.005 -28"><span class='ocrx_word' id='word_1_447' title='bbox 2211 3239 2471 3310; x_wconf 79' lang='grc' dir='ltr'><strong>ἐκάθητο,</strong></span> <span class='ocrx_word' id='word_1_448' title='bbox 2508 3239 2679 3312; x_wconf 74' lang='grc' dir='ltr'>χωλὸς</span> <span class='ocrx_word' id='word_1_449' title='bbox 2703 3243 2771 3296; x_wconf 88' lang='grc' dir='ltr'><strong>ἐκ</strong></span> <span class='ocrx_word' id='word_1_450' title='bbox 2797 3242 3007 3306; x_wconf 72' lang='grc' dir='ltr'>κοιλίας</span> <span class='ocrx_word' id='word_1_451' title='bbox 3063 3244 3270 3314; x_wconf 79' lang='grc' dir='ltr'>μητρὸς</span> <span class='ocrx_word' id='word_1_452' title='bbox 3298 3245 3464 3300; x_wconf 78' lang='grc' dir='ltr'>αὐτοῦ</span> <span class='ocrx_word' id='word_1_453' title='bbox 3495 3245 3804 3320; x_wconf 76' lang='grc' dir='ltr'>ὑπάρχων,</span> 
     </span>
    </p>
   </div>
   <div class='ocr_carea' id='block_1_75' title="bbox 2209 3328 3806 3408">
    <p class='ocr_par' dir='ltr' id='par_1_75' title="bbox 2209 3328 3806 3408">
     <span class='ocr_line' id='line_1_75' title="bbox 2209 3328 3806 3408; baseline 0.006 -22"><span class='ocrx_word' id='word_1_454' title='bbox 2209 3331 2268 3396; x_wconf 75' lang='grc' dir='ltr'>ὃς</span> <span class='ocrx_word' id='word_1_455' title='bbox 2287 3331 2546 3387; x_wconf 74' lang='grc' dir='ltr'>οὐδέποτε</span> <span class='ocrx_word' id='word_1_456' title='bbox 2569 3335 3062 3406; x_wconf 82' lang='grc' dir='ltr'>περιεπεπατήκει.</span> <span class='ocrx_word' id='word_1_457' title='bbox 3081 3328 3253 3399; x_wconf 74' lang='grc' dir='ltr'>Οὗτος</span> <span class='ocrx_word' id='word_1_458' title='bbox 3285 3337 3484 3408; x_wconf 73' lang='grc' dir='ltr'>ἢκουσε</span> <span class='ocrx_word' id='word_1_459' title='bbox 3511 3339 3611 3392; x_wconf 79' lang='grc' dir='ltr'>τοῦ</span> <span class='ocrx_word' id='word_1_460' title='bbox 3641 3340 3806 3395; x_wconf 73' lang='grc' dir='ltr'>Παύ-</span> 
     </span>
    </p>
   </div>
   <div class='ocr_carea' id='block_1_76' title="bbox 2209 3423 3806 3500">
    <p class='ocr_par' dir='ltr' id='par_1_76' title="bbox 2209 3423 3806 3500">
     <span class='ocr_line' id='line_1_76' title="bbox 2209 3423 3806 3500; baseline 0.006 -24"><span class='ocrx_word' id='word_1_461' title='bbox 2209 3424 2303 3477; x_wconf 90' lang='grc' dir='ltr'><strong>λου</strong></span> <span class='ocrx_word' id='word_1_462' title='bbox 2369 3423 2678 3489; x_wconf 83' lang='grc' dir='ltr'>λαλοῦντος.</span> <span class='ocrx_word' id='word_1_463' title='bbox 2729 3427 2824 3490; x_wconf 83' lang='grc' dir='ltr'>’ος</span> <span class='ocrx_word' id='word_1_464' title='bbox 2873 3427 3124 3492; x_wconf 79' lang='grc' dir='ltr'>ἀτενίσας</span> <span class='ocrx_word' id='word_1_465' title='bbox 3175 3429 3344 3500; x_wconf 83' lang='grc' dir='ltr'>αὐτῷ,</span> <span class='ocrx_word' id='word_1_466' title='bbox 3387 3431 3480 3486; x_wconf 80' lang='grc' dir='ltr'>καὶ</span> <span class='ocrx_word' id='word_1_467' title='bbox 3534 3431 3667 3486; x_wconf 81' lang='grc' dir='ltr'>ιδὼν</span> <span class='ocrx_word' id='word_1_468' title='bbox 3712 3435 3806 3488; x_wconf 78' lang='grc' dir='ltr'>ὅτι</span> 
     </span>
    </p>
   </div>
   <div class='ocr_carea' id='block_1_77' title="bbox 2212 3516 3803 3598">
    <p class='ocr_par' dir='ltr' id='par_1_77' title="bbox 2212 3516 3803 3598">
     <span class='ocr_line' id='line_1_77' title="bbox 2212 3516 3803 3598; baseline 0.007 -28"><span class='ocrx_word' id='word_1_469' title='bbox 2212 3517 2400 3572; x_wconf 79' lang='grc' dir='ltr'>πίστιν</span> <span class='ocrx_word' id='word_1_470' title='bbox 2454 3517 2569 3590; x_wconf 78' lang='grc' dir='ltr'>εχει</span> <span class='ocrx_word' id='word_1_471' title='bbox 2625 3518 2720 3574; x_wconf 82' lang='grc' dir='ltr'><strong>τοῦ</strong></span> <span class='ocrx_word' id='word_1_472' title='bbox 2775 3519 3038 3590; x_wconf 81' lang='grc' dir='ltr'>σωθῆναι.</span> <span class='ocrx_word' id='word_1_473' title='bbox 3072 3516 3194 3576; x_wconf 81' lang='grc' dir='ltr'>εἶπε</span> <span class='ocrx_word' id='word_1_474' title='bbox 3254 3522 3463 3594; x_wconf 76' lang='grc' dir='ltr'>μεγάλη</span> <span class='ocrx_word' id='word_1_475' title='bbox 3486 3526 3554 3596; x_wconf 71' lang='grc' dir='ltr'><strong>τῇ</strong></span> <span class='ocrx_word' id='word_1_476' title='bbox 3592 3529 3803 3598; x_wconf 76' lang='grc' dir='ltr'>φωνῇ·</span> 
     </span>
    </p>
   </div>
   <div class='ocr_carea' id='block_1_78' title="bbox 2211 3609 3796 3688">
    <p class='ocr_par' dir='ltr' id='par_1_78' title="bbox 2211 3609 3796 3688">
     <span class='ocr_line' id='line_1_78' title="bbox 2211 3609 3796 3688; baseline 0.006 -25"><span class='ocrx_word' id='word_1_477' title='bbox 2211 3610 2299 3663; x_wconf 70' lang='grc' dir='ltr'><strong>Σοὶ</strong></span> <span class='ocrx_word' id='word_1_478' title='bbox 2331 3609 2474 3678; x_wconf 83' lang='grc' dir='ltr'>λέγω</span> <span class='ocrx_word' id='word_1_479' title='bbox 2497 3609 2578 3683; x_wconf 83' lang='grc' dir='ltr'>[ἐν</span> <span class='ocrx_word' id='word_1_480' title='bbox 2606 3610 2686 3682; x_wconf 84' lang='grc' dir='ltr'>τῷ</span> <span class='ocrx_word' id='word_1_481' title='bbox 2717 3611 2944 3682; x_wconf 85' lang='grc' dir='ltr'>ὀνόματι</span> <span class='ocrx_word' id='word_1_482' title='bbox 2974 3612 3068 3668; x_wconf 76' lang='grc' dir='ltr'>τοῦ</span> <span class='ocrx_word' id='word_1_483' title='bbox 3103 3614 3310 3686; x_wconf 73' lang='grc' dir='ltr'>Κυρίου</span> <span class='ocrx_word' id='word_1_484' title='bbox 3350 3614 3549 3688; x_wconf 76' lang='grc' dir='ltr'>Ἰησοῦ]</span> <span class='ocrx_word' id='word_1_485' title='bbox 3576 3656 3594 3682; x_wconf 94' lang='grc'><strong>,</strong></span> <span class='ocrx_word' id='word_1_486' title='bbox 3658 3620 3796 3673; x_wconf 80' lang='grc' dir='ltr'>ἁνα-</span> 
     </span>
    </p>
   </div>
   <div class='ocr_carea' id='block_1_79' title="bbox 2212 3702 3808 3779">
    <p class='ocr_par' dir='ltr' id='par_1_79' title="bbox 2212 3702 3808 3779">
     <span class='ocr_line' id='line_1_79' title="bbox 2212 3702 3808 3779; baseline 0.006 -23"><span class='ocrx_word' id='word_1_487' title='bbox 2212 3702 2372 3773; x_wconf 80' lang='grc' dir='ltr'>στηθι</span> <span class='ocrx_word' id='word_1_488' title='bbox 2436 3704 2530 3756; x_wconf 78' lang='grc' dir='ltr'>ἐπὶ</span> <span class='ocrx_word' id='word_1_489' title='bbox 2580 3704 2709 3768; x_wconf 82' lang='grc' dir='ltr'>τοὺς</span> <span class='ocrx_word' id='word_1_490' title='bbox 2763 3705 2931 3769; x_wconf 81' lang='grc' dir='ltr'>πόδας</span> <span class='ocrx_word' id='word_1_491' title='bbox 2978 3722 3071 3761; x_wconf 89' lang='grc' dir='ltr'><strong>σου</strong></span> <span class='ocrx_word' id='word_1_492' title='bbox 3125 3707 3305 3777; x_wconf 81' lang='grc' dir='ltr'>ὀρθός.</span> <span class='ocrx_word' id='word_1_493' title='bbox 3335 3708 3444 3764; x_wconf 73' lang='grc' dir='ltr'><strong>Καὶ</strong></span> <span class='ocrx_word' id='word_1_494' title='bbox 3466 3708 3673 3779; x_wconf 69' lang='grc' dir='ltr'>ἥλλετο</span> <span class='ocrx_word' id='word_1_495' title='bbox 3700 3713 3808 3766; x_wconf 83' lang='grc' dir='ltr'>καὶ</span> 
     </span>
    </p>
   </div>
   <div class='ocr_carea' id='block_1_80' title="bbox 2212 3793 3801 3867">
    <p class='ocr_par' dir='ltr' id='par_1_80' title="bbox 2212 3793 3801 3867">
     <span class='ocr_line' id='line_1_80' title="bbox 2212 3793 3801 3867; baseline 0.003 -22"><span class='ocrx_word' id='word_1_496' title='bbox 2212 3793 2553 3862; x_wconf 78' lang='grc' dir='ltr'>περιεπάτει.</span> <span class='ocrx_word' id='word_1_497' title='bbox 2588 3795 2651 3848; x_wconf 87' lang='grc' dir='ltr'><strong>Οἱ</strong></span> <span class='ocrx_word' id='word_1_498' title='bbox 2678 3793 2734 3847; x_wconf 89' lang='grc' dir='ltr'><strong>δέ</strong></span> <span class='ocrx_word' id='word_1_499' title='bbox 2762 3793 2908 3865; x_wconf 74' lang='grc' dir='ltr'>ὄχλοι</span> <span class='ocrx_word' id='word_1_500' title='bbox 2939 3793 3139 3860; x_wconf 76' lang='grc' dir='ltr'>ἰδόντες</span> <span class='ocrx_word' id='word_1_501' title='bbox 3157 3795 3186 3850; x_wconf 84' lang='grc' dir='ltr'><strong>ὃ</strong></span> <span class='ocrx_word' id='word_1_502' title='bbox 3206 3796 3462 3867; x_wconf 76' lang='grc' dir='ltr'>ἐποίησεν</span> <span class='ocrx_word' id='word_1_503' title='bbox 3492 3797 3523 3852; x_wconf 81' lang='grc' dir='ltr'><strong>ό</strong></span> <span class='ocrx_word' id='word_1_504' title='bbox 3551 3795 3801 3864; x_wconf 75' lang='grc' dir='ltr'>Παῦλος,</span> 
     </span>
    </p>
   </div>
   <div class='ocr_carea' id='block_1_81' title="bbox 2210 3884 3799 3957">
    <p class='ocr_par' dir='ltr' id='par_1_81' title="bbox 2210 3884 3799 3957">
     <span class='ocr_line' id='line_1_81' title="bbox 2210 3884 3799 3957; baseline 0.004 -19"><span class='ocrx_word' id='word_1_505' title='bbox 2210 3886 2424 3956; x_wconf 78' lang='grc' dir='ltr'>ἐπῆραν</span> <span class='ocrx_word' id='word_1_506' title='bbox 2451 3885 2550 3955; x_wconf 80' lang='grc' dir='ltr'>τὴν</span> <span class='ocrx_word' id='word_1_507' title='bbox 2604 3884 2791 3957; x_wconf 76' lang='grc' dir='ltr'>φωνὴν</span> <span class='ocrx_word' id='word_1_508' title='bbox 2825 3885 3007 3940; x_wconf 75' lang='grc' dir='ltr'>αὐτῶν</span> <span class='ocrx_word' id='word_1_509' title='bbox 3041 3885 3371 3942; x_wconf 75' lang='grc' dir='ltr'>Λυκαονιστὶ</span> <span class='ocrx_word' id='word_1_510' title='bbox 3396 3886 3692 3956; x_wconf 79' lang='grc' dir='ltr'>λέγοντες’</span> <span class='ocrx_word' id='word_1_511' title='bbox 3728 3892 3799 3945; x_wconf 84' lang='grc' dir='ltr'><strong>οι</strong></span> 
     </span>
    </p>
   </div>
   <div class='ocr_carea' id='block_1_82' title="bbox 2211 3976 3802 4052">
    <p class='ocr_par' dir='ltr' id='par_1_82' title="bbox 2211 3976 3802 4052">
     <span class='ocr_line' id='line_1_82' title="bbox 2211 3976 3802 4052; baseline 0 -20"><span class='ocrx_word' id='word_1_512' title='bbox 2211 3979 2326 4032; x_wconf 76' lang='grc' dir='ltr'>θεοὶ</span> <span class='ocrx_word' id='word_1_513' title='bbox 2350 3978 2712 4049; x_wconf 79' lang='grc' dir='ltr'>ὁμοιωθέντες</span> <span class='ocrx_word' id='word_1_514' title='bbox 2741 3976 3046 4049; x_wconf 83' lang='grc' dir='ltr'>ἀνθρώποις</span> <span class='ocrx_word' id='word_1_515' title='bbox 3080 3977 3393 4050; x_wconf 67' lang='grc' dir='ltr'>κατέδησαν</span> <span class='ocrx_word' id='word_1_516' title='bbox 3423 3980 3563 4052; x_wconf 77' lang='grc' dir='ltr'>πρὸς</span> <span class='ocrx_word' id='word_1_517' title='bbox 3593 3981 3759 4051; x_wconf 75' lang='grc' dir='ltr'>ἡμᾶς</span> <span class='ocrx_word' id='word_1_518' title='bbox 3782 4000 3802 4016; x_wconf 80' lang='grc' dir='ltr'><strong>ο</strong></span> 
     </span>
    </p>
   </div>
   <div class='ocr_carea' id='block_1_83' title="bbox 2210 4069 3808 4143">
    <p class='ocr_par' dir='ltr' id='par_1_83' title="bbox 2210 4069 3808 4143">
     <span class='ocr_line' id='line_1_83' title="bbox 2210 4069 3808 4143; baseline 0.001 -19"><span class='ocrx_word' id='word_1_519' title='bbox 2210 4071 2441 4126; x_wconf 82' lang='grc' dir='ltr'>ἐκάλουν</span> <span class='ocrx_word' id='word_1_520' title='bbox 2469 4087 2529 4123; x_wconf 88' lang='grc' dir='ltr'><strong>τε</strong></span> <span class='ocrx_word' id='word_1_521' title='bbox 2560 4069 2649 4123; x_wconf 79' lang='grc' dir='ltr'>τὸν</span> <span class='ocrx_word' id='word_1_522' title='bbox 2681 4069 2782 4141; x_wconf 79' lang='grc' dir='ltr'>μὲν</span> <span class='ocrx_word' id='word_1_523' title='bbox 2831 4071 3124 4143; x_wconf 79' lang='grc' dir='ltr'>Βαρνάὁαν</span> <span class='ocrx_word' id='word_1_524' title='bbox 3171 4071 3292 4136; x_wconf 79' lang='grc' dir='ltr'>Δία,</span> <span class='ocrx_word' id='word_1_525' title='bbox 3339 4071 3431 4125; x_wconf 80' lang='grc' dir='ltr'><strong>τὸν</strong></span> <span class='ocrx_word' id='word_1_526' title='bbox 3471 4072 3530 4125; x_wconf 81' lang='grc' dir='ltr'>δὲ</span> <span class='ocrx_word' id='word_1_527' title='bbox 3571 4071 3808 4128; x_wconf 78' lang='grc' dir='ltr'>Παῦλον</span> 
     </span>
    </p>
   </div>
   <div class='ocr_carea' id='block_1_84' title="bbox 2220 4157 3805 4234">
    <p class='ocr_par' dir='ltr' id='par_1_84' title="bbox 2220 4157 3805 4234">
     <span class='ocr_line' id='line_1_84' title="bbox 2220 4157 3805 4234; baseline 0.003 -18"><span class='ocrx_word' id='word_1_528' title='bbox 2220 4161 2453 4233; x_wconf 78' lang='grc' dir='ltr'>Ἐρμῆνο</span> <span class='ocrx_word' id='word_1_529' title='bbox 2483 4162 2669 4234; x_wconf 74' lang='grc' dir='ltr'>ἐπειδὴ</span> <span class='ocrx_word' id='word_1_530' title='bbox 2692 4162 2856 4226; x_wconf 76' lang='grc' dir='ltr'>αὐτὸς</span> <span class='ocrx_word' id='word_1_531' title='bbox 2881 4157 3000 4232; x_wconf 81' lang='grc' dir='ltr'><strong>ἦνό</strong></span> <span class='ocrx_word' id='word_1_532' title='bbox 3031 4162 3334 4233; x_wconf 77' lang='grc' dir='ltr'>ἡγούμενος</span> <span class='ocrx_word' id='word_1_533' title='bbox 3369 4161 3464 4216; x_wconf 82' lang='grc' dir='ltr'>τοῦ</span> <span class='ocrx_word' id='word_1_534' title='bbox 3496 4162 3696 4233; x_wconf 81' lang='grc' dir='ltr'>λόγου.</span> <span class='ocrx_word' id='word_1_535' title='bbox 3741 4167 3805 4220; x_wconf 80' lang='grc' dir='ltr'>ὐ</span> 
     </span>
    </p>
   </div>
   <div class='ocr_carea' id='block_1_85' title="bbox 2210 4249 3806 4324">
    <p class='ocr_par' dir='ltr' id='par_1_85' title="bbox 2210 4249 3806 4324">
     <span class='ocr_line' id='line_1_85' title="bbox 2210 4249 3806 4324; baseline -0.004 -18"><span class='ocrx_word' id='word_1_536' title='bbox 2210 4252 2268 4306; x_wconf 85' lang='grc' dir='ltr'><strong>δέ</strong></span> <span class='ocrx_word' id='word_1_537' title='bbox 2295 4253 2477 4324; x_wconf 71' lang='grc' dir='ltr'>ἱερεὺς</span> <span class='ocrx_word' id='word_1_538' title='bbox 2533 4249 2628 4305; x_wconf 76' lang='grc' dir='ltr'>τοῦ</span> <span class='ocrx_word' id='word_1_539' title='bbox 2660 4252 2805 4316; x_wconf 72' lang='grc' dir='ltr'>Διὸς,</span> <span class='ocrx_word' id='word_1_540' title='bbox 2847 4250 2945 4305; x_wconf 79' lang='grc' dir='ltr'><strong>τοῦ</strong></span> <span class='ocrx_word' id='word_1_541' title='bbox 2975 4250 3130 4316; x_wconf 73' lang='grc' dir='ltr'>ὄντος</span> <span class='ocrx_word' id='word_1_542' title='bbox 3161 4252 3269 4324; x_wconf 75' lang='grc' dir='ltr'><strong>πρὸ</strong></span> <span class='ocrx_word' id='word_1_543' title='bbox 3301 4252 3399 4324; x_wconf 83' lang='grc' dir='ltr'>τῆς</span> <span class='ocrx_word' id='word_1_544' title='bbox 3437 4253 3653 4317; x_wconf 82' lang='grc' dir='ltr'>πόλεως</span> <span class='ocrx_word' id='word_1_545' title='bbox 3691 4257 3806 4310; x_wconf 72' lang='grc' dir='ltr'>αὖ.</span> 
     </span>
    </p>
   </div>
   <div class='ocr_carea' id='block_1_86' title="bbox 2208 4343 3800 4418">
    <p class='ocr_par' dir='ltr' id='par_1_86' title="bbox 2208 4343 3800 4418">
     <span class='ocr_line' id='line_1_86' title="bbox 2208 4343 3800 4418; baseline 0.001 -20"><span class='ocrx_word' id='word_1_546' title='bbox 2208 4345 2339 4411; x_wconf 85' lang='grc' dir='ltr'>τῶν,</span> <span class='ocrx_word' id='word_1_547' title='bbox 2369 4343 2605 4416; x_wconf 83' lang='grc' dir='ltr'>ταύρους</span> <span class='ocrx_word' id='word_1_548' title='bbox 2633 4344 2728 4397; x_wconf 74' lang='grc' dir='ltr'>καὶ</span> <span class='ocrx_word' id='word_1_549' title='bbox 2758 4343 3049 4414; x_wconf 81' lang='grc' dir='ltr'>στέμματα</span> <span class='ocrx_word' id='word_1_550' title='bbox 3071 4345 3164 4398; x_wconf 72' lang='grc' dir='ltr'>ἐπὶ</span> <span class='ocrx_word' id='word_1_551' title='bbox 3183 4345 3310 4409; x_wconf 72' lang='grc' dir='ltr'>τοὺς</span> <span class='ocrx_word' id='word_1_552' title='bbox 3344 4345 3601 4410; x_wconf 85' lang='grc' dir='ltr'>πυλῶνας</span> <span class='ocrx_word' id='word_1_553' title='bbox 3632 4349 3800 4418; x_wconf 74' lang='grc' dir='ltr'>ἐνέγο</span> 
     </span>
    </p>
   </div>
   <div class='ocr_carea' id='block_1_87' title="bbox 2210 4435 3801 4508">
    <p class='ocr_par' dir='ltr' id='par_1_87' title="bbox 2210 4435 3801 4508">
     <span class='ocr_line' id='line_1_87' title="bbox 2210 4435 3801 4508; baseline 0.002 -17"><span class='ocrx_word' id='word_1_554' title='bbox 2210 4454 2332 4503; x_wconf 87' lang='grc' dir='ltr'>κας,</span> <span class='ocrx_word' id='word_1_555' title='bbox 2368 4436 2466 4491; x_wconf 78' lang='grc' dir='ltr'><strong>σὺν</strong></span> <span class='ocrx_word' id='word_1_556' title='bbox 2513 4440 2624 4500; x_wconf 78' lang='grc' dir='ltr'>τοῖς</span> <span class='ocrx_word' id='word_1_557' title='bbox 2673 4436 2852 4506; x_wconf 73' lang='grc' dir='ltr'>ὄχλοις</span> <span class='ocrx_word' id='word_1_558' title='bbox 2910 4436 3071 4508; x_wconf 73' lang='grc' dir='ltr'>ἦθελε</span> <span class='ocrx_word' id='word_1_559' title='bbox 3117 4435 3288 4491; x_wconf 80' lang='grc' dir='ltr'>θύειν.</span> <span class='ocrx_word' id='word_1_560' title='bbox 3335 4436 3708 4504; x_wconf 72' lang='grc' dir='ltr'><strong>⁹Λιιοὺσαντες</strong></span> <span class='ocrx_word' id='word_1_561' title='bbox 3739 4442 3801 4494; x_wconf 78' lang='grc' dir='ltr'>δὲ</span> 
     </span>
    </p>
   </div>
   <div class='ocr_carea' id='block_1_88' title="bbox 528 4519 2110 4610">
    <p class='ocr_par' dir='ltr' id='par_1_88' title="bbox 528 4519 2102 4591">
     <span class='ocr_line' id='line_1_88' title="bbox 528 4519 2102 4591; baseline -0.003 -11"><span class='ocrx_word' id='word_1_562' title='bbox 528 4532 584 4580; x_wconf 79' lang='lat' dir='ltr'><strong>ct</strong></span> <span class='ocrx_word' id='word_1_563' title='bbox 610 4522 856 4578; x_wconf 84' lang='lat' dir='ltr'><strong>dicentes</strong></span> <span class='ocrx_word' id='word_1_564' title='bbox 879 4541 894 4578; x_wconf 90' lang='lat'><strong><em>:</em></strong></span> <span class='ocrx_word' id='word_1_565' title='bbox 927 4519 1066 4584; x_wconf 71' lang='lat' dir='ltr'><strong>Viri,</strong></span> <span class='ocrx_word' id='word_1_566' title='bbox 1092 4521 1223 4591; x_wconf 87' lang='lat' dir='ltr'><strong>quid</strong></span> <span class='ocrx_word' id='word_1_567' title='bbox 1257 4521 1370 4575; x_wconf 62' lang='lat' dir='ltr'><strong>haec</strong></span> <span class='ocrx_word' id='word_1_568' title='bbox 1391 4519 1610 4576; x_wconf 75' lang='lat' dir='ltr'><strong>facitis?</strong></span> <span class='ocrx_word' id='word_1_569' title='bbox 1633 4519 1700 4574; x_wconf 85' lang='lat' dir='ltr'><strong>Et</strong></span> <span class='ocrx_word' id='word_1_570' title='bbox 1720 4535 1819 4576; x_wconf 89' lang='lat' dir='ltr'><strong>nos</strong></span> <span class='ocrx_word' id='word_1_571' title='bbox 1841 4523 2102 4576; x_wconf 85' lang='lat' dir='ltr'><strong>mortales</strong></span> 
     </span>
    </p>
   </div>
   <div class='ocr_carea' id='block_1_89' title="bbox 2211 4519 3801 4610">
    <p class='ocr_par' dir='ltr' id='par_1_89' title="bbox 2211 4528 3801 4602">
     <span class='ocr_line' id='line_1_89' title="bbox 2211 4528 3801 4602; baseline 0.001 -18"><span class='ocrx_word' id='word_1_572' title='bbox 2211 4534 2256 4584; x_wconf 87' lang='lat' dir='ltr'><strong>oi</strong></span> <span class='ocrx_word' id='word_1_573' title='bbox 2279 4529 2569 4586; x_wconf 84' lang='grc' dir='ltr'>ἀπόστολοι</span> <span class='ocrx_word' id='word_1_574' title='bbox 2624 4528 2914 4601; x_wconf 80' lang='grc' dir='ltr'>Βαρνάϐας</span> <span class='ocrx_word' id='word_1_575' title='bbox 2954 4529 3048 4584; x_wconf 79' lang='grc' dir='ltr'>καὶ</span> <span class='ocrx_word' id='word_1_576' title='bbox 3107 4528 3344 4595; x_wconf 82' lang='grc' dir='ltr'>Παῦλος,</span> <span class='ocrx_word' id='word_1_577' title='bbox 3380 4529 3801 4602; x_wconf 70' lang='grc' dir='ltr'>διαρρήξαντες</span> 
     </span>
    </p>
   </div>
   <div class='ocr_carea' id='block_1_90' title="bbox 531 4611 2103 4680">
    <p class='ocr_par' dir='ltr' id='par_1_90' title="bbox 531 4611 2103 4680">
     <span class='ocr_line' id='line_1_90' title="bbox 531 4611 2103 4680; baseline -0.002 -10"><span class='ocrx_word' id='word_1_578' title='bbox 531 4630 746 4680; x_wconf 91' lang='lat' dir='ltr'><strong>sumus,</strong></span> <span class='ocrx_word' id='word_1_579' title='bbox 779 4613 989 4670; x_wconf 87' lang='lat' dir='ltr'><strong>similes</strong></span> <span class='ocrx_word' id='word_1_580' title='bbox 1011 4614 1167 4668; x_wconf 88' lang='lat' dir='ltr'><strong>vobis</strong></span> <span class='ocrx_word' id='word_1_581' title='bbox 1197 4613 1470 4678; x_wconf 90' lang='lat' dir='ltr'><strong>homines,</strong></span> <span class='ocrx_word' id='word_1_582' title='bbox 1513 4614 1906 4668; x_wconf 85' lang='lat' dir='ltr'><strong>annuutiantes</strong></span> <span class='ocrx_word' id='word_1_583' title='bbox 1947 4611 2103 4668; x_wconf 75' lang='lat' dir='ltr'><strong>vobis</strong></span> 
     </span>
    </p>
   </div>
   <div class='ocr_carea' id='block_1_91' title="bbox 531 4704 2106 4775">
    <p class='ocr_par' dir='ltr' id='par_1_91' title="bbox 531 4704 2106 4775">
     <span class='ocr_line' id='line_1_91' title="bbox 531 4704 2106 4775; baseline 0.001 -16"><span class='ocrx_word' id='word_1_584' title='bbox 531 4705 600 4760; x_wconf 88' lang='lat' dir='ltr'><strong>ab</strong></span> <span class='ocrx_word' id='word_1_585' title='bbox 630 4706 714 4761; x_wconf 72' lang='grc' dir='ltr'>ἤιε</span> <span class='ocrx_word' id='word_1_586' title='bbox 745 4705 908 4761; x_wconf 89' lang='lat' dir='ltr'><strong>vanis</strong></span> <span class='ocrx_word' id='word_1_587' title='bbox 937 4705 1183 4760; x_wconf 89' lang='lat' dir='ltr'><strong>converti</strong></span> <span class='ocrx_word' id='word_1_588' title='bbox 1235 4705 1302 4759; x_wconf 87' lang='lat' dir='ltr'><strong>ad</strong></span> <span class='ocrx_word' id='word_1_589' title='bbox 1355 4704 1524 4759; x_wconf 88' lang='lat' dir='ltr'><strong>Deum</strong></span> <span class='ocrx_word' id='word_1_590' title='bbox 1583 4705 1788 4771; x_wconf 87' lang='lat' dir='ltr'><strong>vivum,</strong></span> <span class='ocrx_word' id='word_1_591' title='bbox 1831 4705 1925 4775; x_wconf 90' lang='lat' dir='ltr'><strong>qui</strong></span> <span class='ocrx_word' id='word_1_592' title='bbox 1977 4704 2106 4761; x_wconf 75' lang='lat' dir='ltr'><strong>fecit</strong></span> 
     </span>
    </p>
   </div>
   <div class='ocr_carea' id='block_1_92' title="bbox 531 4796 2099 4865">
    <p class='ocr_par' dir='ltr' id='par_1_92' title="bbox 531 4796 2099 4865">
     <span class='ocr_line' id='line_1_92' title="bbox 531 4796 2099 4865; baseline -0.001 -13"><span class='ocrx_word' id='word_1_593' title='bbox 531 4797 727 4852; x_wconf 74' lang='lat' dir='ltr'><strong>emlum</strong></span> <span class='ocrx_word' id='word_1_594' title='bbox 757 4805 812 4852; x_wconf 87' lang='lat' dir='ltr'><strong>et</strong></span> <span class='ocrx_word' id='word_1_595' title='bbox 841 4805 1041 4852; x_wconf 87' lang='lat' dir='ltr'><strong>terram</strong></span> <span class='ocrx_word' id='word_1_596' title='bbox 1071 4801 1126 4850; x_wconf 90' lang='lat' dir='ltr'><strong>et</strong></span> <span class='ocrx_word' id='word_1_597' title='bbox 1149 4810 1300 4850; x_wconf 89' lang='lat' dir='ltr'><strong>mare</strong></span> <span class='ocrx_word' id='word_1_598' title='bbox 1325 4805 1373 4850; x_wconf 90' lang='lat' dir='ltr'><strong>et</strong></span> <span class='ocrx_word' id='word_1_599' title='bbox 1405 4796 1587 4850; x_wconf 89' lang='lat' dir='ltr'><strong>omnia</strong></span> <span class='ocrx_word' id='word_1_600' title='bbox 1614 4811 1736 4865; x_wconf 68' lang='lat' dir='ltr'><strong>qum</strong></span> <span class='ocrx_word' id='word_1_601' title='bbox 1758 4796 1812 4850; x_wconf 90' lang='lat' dir='ltr'><strong>in</strong></span> <span class='ocrx_word' id='word_1_602' title='bbox 1839 4797 1920 4852; x_wconf 85' lang='lat' dir='ltr'><strong>eis</strong></span> <span class='ocrx_word' id='word_1_603' title='bbox 1937 4805 2062 4852; x_wconf 87' lang='lat' dir='ltr'><strong>sunt</strong></span> <span class='ocrx_word' id='word_1_604' title='bbox 2085 4813 2099 4851; x_wconf 86' lang='lat'><strong>:</strong></span> 
     </span>
    </p>
   </div>
   <div class='ocr_carea' id='block_1_93' title="bbox 529 4891 2107 4966">
    <p class='ocr_par' dir='ltr' id='par_1_93' title="bbox 529 4891 2107 4966">
     <span class='ocr_line' id='line_1_93' title="bbox 529 4891 2107 4966; baseline -0.002 -17"><span class='ocrx_word' id='word_1_605' title='bbox 529 4895 624 4966; x_wconf 83' lang='lat' dir='ltr'><strong>qui</strong></span> <span class='ocrx_word' id='word_1_606' title='bbox 654 4894 708 4950; x_wconf 90' lang='lat' dir='ltr'><strong>in</strong></span> <span class='ocrx_word' id='word_1_607' title='bbox 731 4892 1024 4964; x_wconf 70' lang='lat' dir='ltr'><strong>praeteritis</strong></span> <span class='ocrx_word' id='word_1_608' title='bbox 1052 4891 1499 4964; x_wconf 74' lang='lat' dir='ltr'><strong>generationibus</strong></span> <span class='ocrx_word' id='word_1_609' title='bbox 1515 4891 1736 4946; x_wconf 88' lang='lat' dir='ltr'><strong>demisit</strong></span> <span class='ocrx_word' id='word_1_610' title='bbox 1759 4905 1949 4947; x_wconf 88' lang='lat' dir='ltr'><strong>omnes</strong></span> <span class='ocrx_word' id='word_1_611' title='bbox 1970 4908 2107 4962; x_wconf 77' lang='lat' dir='ltr'><strong>geu-</strong></span> 
     </span>
    </p>
   </div>
   <div class='ocr_carea' id='block_1_94' title="bbox 533 4981 2107 5056">
    <p class='ocr_par' dir='ltr' id='par_1_94' title="bbox 533 4981 2107 5056">
     <span class='ocr_line' id='line_1_94' title="bbox 533 4981 2107 5056; baseline -0.003 -14"><span class='ocrx_word' id='word_1_612' title='bbox 533 4997 616 5042; x_wconf 87' lang='lat' dir='ltr'><strong>tes</strong></span> <span class='ocrx_word' id='word_1_613' title='bbox 643 4984 851 5056; x_wconf 75' lang='lat' dir='ltr'><strong>ingredi</strong></span> <span class='ocrx_word' id='word_1_614' title='bbox 885 4987 1002 5039; x_wconf 84' lang='lat' dir='ltr'><strong>vias</strong></span> <span class='ocrx_word' id='word_1_615' title='bbox 1029 4998 1182 5039; x_wconf 88' lang='lat' dir='ltr'><strong>suas.</strong></span> <span class='ocrx_word' id='word_1_616' title='bbox 1217 4982 1282 5038; x_wconf 85' lang='lat' dir='ltr'><strong>Et</strong></span> <span class='ocrx_word' id='word_1_617' title='bbox 1313 4981 1534 5053; x_wconf 88' lang='lat' dir='ltr'><strong>quidem</strong></span> <span class='ocrx_word' id='word_1_618' title='bbox 1566 4996 1676 5037; x_wconf 88' lang='lat' dir='ltr'><strong>non</strong></span> <span class='ocrx_word' id='word_1_619' title='bbox 1709 4982 1830 5036; x_wconf 90' lang='lat' dir='ltr'><strong>sine</strong></span> <span class='ocrx_word' id='word_1_620' title='bbox 1860 4983 2107 5038; x_wconf 88' lang='lat' dir='ltr'><strong>testimo-</strong></span> 
     </span>
    </p>
   </div>
   <div class='ocr_carea' id='block_1_95' title="bbox 2208 4615 3801 4691">
    <p class='ocr_par' dir='ltr' id='par_1_95' title="bbox 2208 4615 3801 4691">
     <span class='ocr_line' id='line_1_95' title="bbox 2208 4615 3801 4691; baseline -0.001 -19"><span class='ocrx_word' id='word_1_621' title='bbox 2208 4619 2276 4672; x_wconf 78' lang='grc' dir='ltr'>τὰ</span> <span class='ocrx_word' id='word_1_622' title='bbox 2309 4618 2506 4688; x_wconf 79' lang='grc' dir='ltr'>ἱμάτια</span> <span class='ocrx_word' id='word_1_623' title='bbox 2552 4616 2757 4681; x_wconf 80' lang='grc' dir='ltr'>αὐτῶν,</span> <span class='ocrx_word' id='word_1_624' title='bbox 2792 4615 3160 4688; x_wconf 80' lang='grc' dir='ltr'>εἰσεπήδησαν</span> <span class='ocrx_word' id='word_1_625' title='bbox 3195 4617 3274 4679; x_wconf 77' lang='grc' dir='ltr'>εἰς</span> <span class='ocrx_word' id='word_1_626' title='bbox 3316 4616 3408 4669; x_wconf 76' lang='grc' dir='ltr'><strong>τὸν</strong></span> <span class='ocrx_word' id='word_1_627' title='bbox 3446 4616 3610 4686; x_wconf 76' lang='grc' dir='ltr'>δχλον</span> <span class='ocrx_word' id='word_1_628' title='bbox 3647 4623 3801 4691; x_wconf 75' lang='grc' dir='ltr'>κρά-</span> 
     </span>
    </p>
   </div>
   <div class='ocr_carea' id='block_1_96' title="bbox 2209 4707 3800 4777">
    <p class='ocr_par' dir='ltr' id='par_1_96' title="bbox 2209 4707 3800 4777">
     <span class='ocr_line' id='line_1_96' title="bbox 2209 4707 3800 4777; baseline 0.001 -15"><span class='ocrx_word' id='word_1_629' title='bbox 2209 4711 2392 4771; x_wconf 77' lang='grc' dir='ltr'>ζοντες</span> <span class='ocrx_word' id='word_1_630' title='bbox 2415 4708 2509 4762; x_wconf 73' lang='grc' dir='ltr'>καὶ</span> <span class='ocrx_word' id='word_1_631' title='bbox 2535 4707 2805 4777; x_wconf 81' lang='grc' dir='ltr'>λέγοντες·</span> <span class='ocrx_word' id='word_1_632' title='bbox 2839 4708 3088 4777; x_wconf 81' lang='grc' dir='ltr'>Ἀνδρες,</span> <span class='ocrx_word' id='word_1_633' title='bbox 3117 4709 3170 4761; x_wconf 83' lang='grc' dir='ltr'><strong>τι</strong></span> <span class='ocrx_word' id='word_1_634' title='bbox 3207 4707 3378 4762; x_wconf 79' lang='grc' dir='ltr'>ταῦτα</span> <span class='ocrx_word' id='word_1_635' title='bbox 3404 4711 3644 4776; x_wconf 55' lang='lat' dir='ltr'><strong>notatas;</strong></span> <span class='ocrx_word' id='word_1_636' title='bbox 3675 4712 3800 4766; x_wconf 72' lang='grc' dir='ltr'><strong>Καὶ</strong></span> 
     </span>
    </p>
   </div>
   <div class='ocr_carea' id='block_1_97' title="bbox 2209 4799 3799 4872">
    <p class='ocr_par' dir='ltr' id='par_1_97' title="bbox 2209 4799 3799 4872">
     <span class='ocr_line' id='line_1_97' title="bbox 2209 4799 3799 4872; baseline 0.003 -18"><span class='ocrx_word' id='word_1_637' title='bbox 2209 4801 2370 4872; x_wconf 71' lang='grc' dir='ltr'>ἡμεῖς</span> <span class='ocrx_word' id='word_1_638' title='bbox 2387 4799 2739 4870; x_wconf 83' lang='grc' dir='ltr'>ὁμοιοπαθεῖς</span> <span class='ocrx_word' id='word_1_639' title='bbox 2769 4800 2896 4871; x_wconf 80' lang='grc' dir='ltr'>ὑμῖν</span> <span class='ocrx_word' id='word_1_640' title='bbox 2916 4801 3084 4868; x_wconf 85' lang='grc' dir='ltr'>ἐσμεν</span> <span class='ocrx_word' id='word_1_641' title='bbox 3105 4799 3400 4869; x_wconf 74' lang='grc' dir='ltr'>ᾇνθρωποι,</span> <span class='ocrx_word' id='word_1_642' title='bbox 3429 4801 3799 4869; x_wconf 76' lang='grc' dir='ltr'>εὐαγγελιζό·</span> 
     </span>
    </p>
   </div>
   <div class='ocr_carea' id='block_1_98' title="bbox 2209 4890 3801 4965">
    <p class='ocr_par' dir='ltr' id='par_1_98' title="bbox 2209 4890 3801 4965">
     <span class='ocr_line' id='line_1_98' title="bbox 2209 4890 3801 4965; baseline 0.003 -20"><span class='ocrx_word' id='word_1_643' title='bbox 2209 4909 2364 4964; x_wconf 83' lang='grc' dir='ltr'>μενοι</span> <span class='ocrx_word' id='word_1_644' title='bbox 2393 4891 2539 4963; x_wconf 73' lang='grc' dir='ltr'>ὑμᾶς</span> <span class='ocrx_word' id='word_1_645' title='bbox 2591 4893 2700 4946; x_wconf 73' lang='grc' dir='ltr'>ἀπὸ</span> <span class='ocrx_word' id='word_1_646' title='bbox 2723 4894 2930 4946; x_wconf 80' lang='grc' dir='ltr'>τούτων</span> <span class='ocrx_word' id='word_1_647' title='bbox 2973 4890 3084 4945; x_wconf 87' lang='grc' dir='ltr'><strong>τῶν</strong></span> <span class='ocrx_word' id='word_1_648' title='bbox 3149 4892 3394 4962; x_wconf 83' lang='grc' dir='ltr'>ματαίων</span> <span class='ocrx_word' id='word_1_649' title='bbox 3427 4893 3801 4965; x_wconf 75' lang='grc' dir='ltr'>ἐπιστρέφειν</span> 
     </span>
    </p>
   </div>
   <div class='ocr_carea' id='block_1_99' title="bbox 2207 4982 3797 5056">
    <p class='ocr_par' dir='ltr' id='par_1_99' title="bbox 2207 4982 3797 5056">
     <span class='ocr_line' id='line_1_99' title="bbox 2207 4982 3797 5056; baseline 0.002 -18"><span class='ocrx_word' id='word_1_650' title='bbox 2207 4985 2302 5038; x_wconf 82' lang='grc' dir='ltr'>ἐπὶ</span> <span class='ocrx_word' id='word_1_651' title='bbox 2337 4983 2430 5038; x_wconf 78' lang='grc' dir='ltr'>τὸν</span> <span class='ocrx_word' id='word_1_652' title='bbox 2461 4983 2597 5038; x_wconf 78' lang='grc' dir='ltr'>Θεὸν</span> <span class='ocrx_word' id='word_1_653' title='bbox 2621 4984 2714 5036; x_wconf 85' lang='grc' dir='ltr'><strong>τὸν</strong></span> <span class='ocrx_word' id='word_1_654' title='bbox 2769 4983 2966 5048; x_wconf 79' lang='grc' dir='ltr'>ζῶντα,</span> <span class='ocrx_word' id='word_1_655' title='bbox 3007 4982 3066 5045; x_wconf 83' lang='grc' dir='ltr'>ὃς</span> <span class='ocrx_word' id='word_1_656' title='bbox 3105 4983 3329 5054; x_wconf 79' lang='grc' dir='ltr'>ἐποίησε</span> <span class='ocrx_word' id='word_1_657' title='bbox 3380 4983 3472 5037; x_wconf 75' lang='grc' dir='ltr'>τὸν</span> <span class='ocrx_word' id='word_1_658' title='bbox 3521 4985 3797 5056; x_wconf 66' lang='grc' dir='ltr'>οὐρανὸν,</span> 
     </span>
    </p>
   </div>
   <div class='ocr_carea' id='block_1_100' title="bbox 532 5071 2110 5147">
    <p class='ocr_par' dir='ltr' id='par_1_100' title="bbox 532 5071 2100 5146">
     <span class='ocr_line' id='line_1_100' title="bbox 532 5071 2100 5146; baseline -0.001 -14"><span class='ocrx_word' id='word_1_659' title='bbox 532 5079 626 5132; x_wconf 90' lang='lat' dir='ltr'><strong>nio</strong></span> <span class='ocrx_word' id='word_1_660' title='bbox 679 5080 1036 5146; x_wconf 87' lang='lat' dir='ltr'><strong>semetipsum</strong></span> <span class='ocrx_word' id='word_1_661' title='bbox 1095 5074 1338 5145; x_wconf 88' lang='lat' dir='ltr'><strong>reliquit.</strong></span> <span class='ocrx_word' id='word_1_662' title='bbox 1393 5071 1744 5130; x_wconf 80' lang='lat' dir='ltr'><strong>benefaciens</strong></span> <span class='ocrx_word' id='word_1_663' title='bbox 1807 5073 1876 5128; x_wconf 88' lang='lat' dir='ltr'><strong>de</strong></span> <span class='ocrx_word' id='word_1_664' title='bbox 1938 5075 2100 5142; x_wconf 74' lang='lat' dir='ltr'><strong>ctelo,</strong></span> 
     </span>
    </p>
   </div>
   <div class='ocr_carea' id='block_1_101' title="bbox 2211 5071 3800 5147">
    <p class='ocr_par' dir='ltr' id='par_1_101' title="bbox 2211 5074 3800 5147">
     <span class='ocr_line' id='line_1_101' title="bbox 2211 5074 3800 5147; baseline 0 -15"><span class='ocrx_word' id='word_1_665' title='bbox 2211 5077 2307 5132; x_wconf 80' lang='grc' dir='ltr'>καὶ</span> <span class='ocrx_word' id='word_1_666' title='bbox 2369 5076 2472 5147; x_wconf 78' lang='grc' dir='ltr'><strong>τὴν</strong></span> <span class='ocrx_word' id='word_1_667' title='bbox 2535 5075 2664 5144; x_wconf 76' lang='grc' dir='ltr'>γῆν,</span> <span class='ocrx_word' id='word_1_668' title='bbox 2696 5076 2791 5129; x_wconf 75' lang='grc' dir='ltr'><strong>καὶ</strong></span> <span class='ocrx_word' id='word_1_669' title='bbox 2851 5074 2946 5146; x_wconf 83' lang='grc' dir='ltr'>τὴν</span> <span class='ocrx_word' id='word_1_670' title='bbox 2973 5074 3271 5140; x_wconf 80' lang='grc' dir='ltr'>θάλασσαν,</span> <span class='ocrx_word' id='word_1_671' title='bbox 3303 5077 3401 5130; x_wconf 73' lang='grc' dir='ltr'>καὶ</span> <span class='ocrx_word' id='word_1_672' title='bbox 3425 5074 3700 5132; x_wconf 74' lang='grc' dir='ltr'>πάντατὰ</span> <span class='ocrx_word' id='word_1_673' title='bbox 3736 5081 3800 5134; x_wconf 76' lang='grc' dir='ltr'><strong>ἐν</strong></span> 
     </span>
    </p>
   </div>
   <div class='ocr_carea' id='block_1_102' title="bbox 530 5164 2110 5241">
    <p class='ocr_par' dir='ltr' id='par_1_102' title="bbox 530 5164 2104 5241">
     <span class='ocr_line' id='line_1_102' title="bbox 530 5164 2104 5241; baseline -0.004 -15"><span class='ocrx_word' id='word_1_674' title='bbox 530 5172 668 5226; x_wconf 87' lang='lat' dir='ltr'><strong>dans</strong></span> <span class='ocrx_word' id='word_1_675' title='bbox 689 5169 900 5241; x_wconf 82' lang='lat' dir='ltr'><strong>pluvias</strong></span> <span class='ocrx_word' id='word_1_676' title='bbox 928 5178 981 5222; x_wconf 89' lang='lat' dir='ltr'><strong>et</strong></span> <span class='ocrx_word' id='word_1_677' title='bbox 1007 5180 1252 5238; x_wconf 87' lang='lat' dir='ltr'><strong>tempora</strong></span> <span class='ocrx_word' id='word_1_678' title='bbox 1287 5164 1590 5228; x_wconf 75' lang='lat' dir='ltr'><strong>fructifera,</strong></span> <span class='ocrx_word' id='word_1_679' title='bbox 1637 5165 1867 5235; x_wconf 83' lang='lat' dir='ltr'><strong>implens</strong></span> <span class='ocrx_word' id='word_1_680' title='bbox 1895 5165 2020 5221; x_wconf 90' lang='lat' dir='ltr'><strong>cibo</strong></span> <span class='ocrx_word' id='word_1_681' title='bbox 2048 5173 2104 5222; x_wconf 91' lang='lat' dir='ltr'><strong>et</strong></span> 
     </span>
    </p>
   </div>
   <div class='ocr_carea' id='block_1_103' title="bbox 2211 5164 3798 5241">
    <p class='ocr_par' dir='ltr' id='par_1_103' title="bbox 2212 5167 3798 5237">
     <span class='ocr_line' id='line_1_103' title="bbox 2212 5167 3798 5237; baseline 0.001 -15"><span class='ocrx_word' id='word_1_682' title='bbox 2212 5167 2514 5232; x_wconf 74' lang='grc' dir='ltr'>αὐτοϊςοδς</span> <span class='ocrx_word' id='word_1_683' title='bbox 2566 5170 2624 5220; x_wconf 78' lang='grc' dir='ltr'><strong>ἐν</strong></span> <span class='ocrx_word' id='word_1_684' title='bbox 2695 5167 2816 5230; x_wconf 82' lang='grc' dir='ltr'>ταῖς</span> <span class='ocrx_word' id='word_1_685' title='bbox 2879 5167 3313 5237; x_wconf 70' lang='grc' dir='ltr'>παρῳχημέναις</span> <span class='ocrx_word' id='word_1_686' title='bbox 3369 5168 3583 5234; x_wconf 76' lang='grc' dir='ltr'>γενεαῖς</span> <span class='ocrx_word' id='word_1_687' title='bbox 3629 5169 3798 5223; x_wconf 78' lang='grc' dir='ltr'>εἴασε</span> 
     </span>
    </p>
   </div>
   <div class='ocr_carea' id='block_1_104' title="bbox 533 5255 2110 5330">
    <p class='ocr_par' dir='ltr' id='par_1_104' title="bbox 533 5255 2103 5320">
     <span class='ocr_line' id='line_1_104' title="bbox 533 5255 2103 5320; baseline -0.003 -4"><span class='ocrx_word' id='word_1_688' title='bbox 533 5263 725 5318; x_wconf 67' lang='lat' dir='ltr'><strong>laetitia</strong></span> <span class='ocrx_word' id='word_1_689' title='bbox 750 5261 917 5316; x_wconf 90' lang='lat' dir='ltr'><strong>corda</strong></span> <span class='ocrx_word' id='word_1_690' title='bbox 948 5270 1162 5314; x_wconf 80' lang='lat' dir='ltr'><strong>nostra.</strong></span> <span class='ocrx_word' id='word_1_691' title='bbox 1197 5255 1263 5312; x_wconf 85' lang='lat' dir='ltr'><strong>Et</strong></span> <span class='ocrx_word' id='word_1_692' title='bbox 1296 5257 1410 5312; x_wconf 68' lang='lat' dir='ltr'><strong>haec</strong></span> <span class='ocrx_word' id='word_1_693' title='bbox 1445 5255 1712 5320; x_wconf 87' lang='lat' dir='ltr'><strong>dicentes,</strong></span> <span class='ocrx_word' id='word_1_694' title='bbox 1749 5255 1834 5311; x_wconf 82' lang='lat' dir='ltr'><strong>vix</strong></span> <span class='ocrx_word' id='word_1_695' title='bbox 1873 5257 2103 5314; x_wconf 80' lang='lat' dir='ltr'><strong>sedave-</strong></span> 
     </span>
    </p>
   </div>
   <div class='ocr_carea' id='block_1_105' title="bbox 2211 5255 3798 5330">
    <p class='ocr_par' dir='ltr' id='par_1_105' title="bbox 2212 5256 3798 5330">
     <span class='ocr_line' id='line_1_105' title="bbox 2212 5256 3798 5330; baseline -0.002 -17"><span class='ocrx_word' id='word_1_696' title='bbox 2212 5261 2392 5315; x_wconf 80' lang='grc' dir='ltr'>πάντα</span> <span class='ocrx_word' id='word_1_697' title='bbox 2417 5263 2484 5314; x_wconf 78' lang='grc' dir='ltr'>τὰ</span> <span class='ocrx_word' id='word_1_698' title='bbox 2520 5259 2646 5326; x_wconf 76' lang='grc' dir='ltr'>ἔθνη</span> <span class='ocrx_word' id='word_1_699' title='bbox 2676 5257 3007 5330; x_wconf 82' lang='grc' dir='ltr'>πορεύεσθαι</span> <span class='ocrx_word' id='word_1_700' title='bbox 3041 5259 3160 5318; x_wconf 81' lang='grc' dir='ltr'>ταῖς</span> <span class='ocrx_word' id='word_1_701' title='bbox 3189 5257 3330 5321; x_wconf 84' lang='grc' dir='ltr'>ὁδοῖς</span> <span class='ocrx_word' id='word_1_702' title='bbox 3383 5256 3587 5312; x_wconf 78' lang='grc' dir='ltr'>αὐτῶν.</span> <span class='ocrx_word' id='word_1_703' title='bbox 3643 5259 3798 5312; x_wconf 75' lang='grc' dir='ltr'><strong>Καί-</strong></span> 
     </span>
    </p>
   </div>
   <div class='ocr_carea' id='block_1_106' title="bbox 533 5348 3795 5421">
    <p class='ocr_par' dir='ltr' id='par_1_106' title="bbox 533 5348 3795 5421">
     <span class='ocr_line' id='line_1_106' title="bbox 533 5348 3795 5421; baseline -0.003 -11"><span class='ocrx_word' id='word_1_704' title='bbox 533 5362 660 5410; x_wconf 89' lang='lat' dir='ltr'><strong>ruut</strong></span> <span class='ocrx_word' id='word_1_705' title='bbox 685 5354 894 5418; x_wconf 86' lang='lat' dir='ltr'><strong>turbas,</strong></span> <span class='ocrx_word' id='word_1_706' title='bbox 925 5368 995 5408; x_wconf 88' lang='lat' dir='ltr'><strong>ne</strong></span> <span class='ocrx_word' id='word_1_707' title='bbox 1031 5351 1134 5407; x_wconf 84' lang='lat' dir='ltr'><strong>sibi</strong></span> <span class='ocrx_word' id='word_1_708' title='bbox 1159 5349 1527 5406; x_wconf 82' lang='lat' dir='ltr'><strong>immolarent.</strong></span> <span class='ocrx_word' id='word_1_709' title='bbox 2215 5368 2362 5418; x_wconf 87' lang='grc' dir='ltr'>τοιγε</span> <span class='ocrx_word' id='word_1_710' title='bbox 2417 5351 2518 5404; x_wconf 69' lang='grc' dir='ltr'>οὐκ</span> <span class='ocrx_word' id='word_1_711' title='bbox 2565 5352 2884 5421; x_wconf 80' lang='grc' dir='ltr'>ἀμάρτυρον</span> <span class='ocrx_word' id='word_1_712' title='bbox 2913 5349 3104 5403; x_wconf 70' lang='grc' dir='ltr'>ἑαυτὸν</span> <span class='ocrx_word' id='word_1_713' title='bbox 3133 5350 3365 5418; x_wconf 57' lang='grc' dir='ltr'>ἀρῆκεν,</span> <span class='ocrx_word' id='word_1_714' title='bbox 3410 5348 3795 5418; x_wconf 81' lang='grc' dir='ltr'>ἀγαθοποιῶν,</span> 
     </span>
    </p>
   </div>
   <div class='ocr_carea' id='block_1_107' title="bbox 528 5437 3795 5520">
    <p class='ocr_par' dir='ltr' id='par_1_107' title="bbox 528 5437 3795 5520">
     <span class='ocr_line' id='line_1_107' title="bbox 528 5437 3795 5520; baseline -0.002 -14"><span class='ocrx_word' id='word_1_715' title='bbox 528 5448 822 5520; x_wconf 75' lang='grc' dir='ltr'>οὐρανόθεν</span> <span class='ocrx_word' id='word_1_716' title='bbox 862 5447 992 5518; x_wconf 78' lang='grc' dir='ltr'>ημῖν</span> <span class='ocrx_word' id='word_1_717' title='bbox 1017 5444 1193 5507; x_wconf 79' lang='grc' dir='ltr'>διδοὺς</span> <span class='ocrx_word' id='word_1_718' title='bbox 1216 5444 1404 5507; x_wconf 79' lang='grc' dir='ltr'>ὑετοὺς</span> <span class='ocrx_word' id='word_1_719' title='bbox 1435 5445 1530 5498; x_wconf 79' lang='grc' dir='ltr'>καὶ</span> <span class='ocrx_word' id='word_1_720' title='bbox 1556 5459 1784 5514; x_wconf 87' lang='grc' dir='ltr'>καιρους</span> <span class='ocrx_word' id='word_1_721' title='bbox 1808 5444 2218 5515; x_wconf 72' lang='grc' dir='ltr'>καρποφόρους,</span> <span class='ocrx_word' id='word_1_722' title='bbox 2244 5445 2534 5515; x_wconf 80' lang='grc' dir='ltr'>ἐμπιπλῶν</span> <span class='ocrx_word' id='word_1_723' title='bbox 2568 5444 2775 5515; x_wconf 75' lang='grc' dir='ltr'>τροφῆς</span> <span class='ocrx_word' id='word_1_724' title='bbox 2841 5446 2935 5497; x_wconf 75' lang='grc' dir='ltr'>καὶ</span> <span class='ocrx_word' id='word_1_725' title='bbox 2991 5437 3334 5515; x_wconf 76' lang='grc' dir='ltr'>εὐφροσύνης</span> <span class='ocrx_word' id='word_1_726' title='bbox 3385 5442 3485 5508; x_wconf 74' lang='grc' dir='ltr'><strong>τὰς</strong></span> <span class='ocrx_word' id='word_1_727' title='bbox 3548 5445 3795 5514; x_wconf 77' lang='grc' dir='ltr'>καρδίας</span> 
     </span>
    </p>
   </div>
   <div class='ocr_carea' id='block_1_108' title="bbox 531 5531 2961 5608">
    <p class='ocr_par' dir='ltr' id='par_1_108' title="bbox 531 5531 2961 5608">
     <span class='ocr_line' id='line_1_108' title="bbox 531 5531 2961 5608; baseline 0 -20"><span class='ocrx_word' id='word_1_728' title='bbox 531 5538 706 5608; x_wconf 74' lang='grc' dir='ltr'>ἡμῶν.</span> <span class='ocrx_word' id='word_1_729' title='bbox 746 5536 858 5590; x_wconf 78' lang='grc' dir='ltr'><strong>Καὶ</strong></span> <span class='ocrx_word' id='word_1_730' title='bbox 881 5533 1055 5590; x_wconf 78' lang='grc' dir='ltr'>ταῦτα</span> <span class='ocrx_word' id='word_1_731' title='bbox 1091 5531 1366 5600; x_wconf 82' lang='grc' dir='ltr'>λέγοντες,</span> <span class='ocrx_word' id='word_1_732' title='bbox 1396 5531 1549 5601; x_wconf 81' lang='grc' dir='ltr'>μόλις</span> <span class='ocrx_word' id='word_1_733' title='bbox 1578 5534 1928 5586; x_wconf 81' lang='grc' dir='ltr'>κατέπαυσαν</span> <span class='ocrx_word' id='word_1_734' title='bbox 1961 5533 2088 5596; x_wconf 74' lang='grc' dir='ltr'>τοὺς</span> <span class='ocrx_word' id='word_1_735' title='bbox 2127 5535 2320 5605; x_wconf 72' lang='grc' dir='ltr'>ὄχλους</span> <span class='ocrx_word' id='word_1_736' title='bbox 2353 5534 2447 5588; x_wconf 72' lang='grc' dir='ltr'>τοῦ</span> <span class='ocrx_word' id='word_1_737' title='bbox 2479 5536 2558 5606; x_wconf 77' lang='grc' dir='ltr'>μὴ</span> <span class='ocrx_word' id='word_1_738' title='bbox 2586 5533 2735 5587; x_wconf 81' lang='grc' dir='ltr'>θύειν</span> <span class='ocrx_word' id='word_1_739' title='bbox 2758 5535 2961 5598; x_wconf 73' lang='grc' dir='ltr'>αὐτοῖς.</span> 
     </span>
    </p>
   </div>
   <div class='ocr_carea' id='block_1_109' title="bbox 1012 5625 2110 5684">
    <p class='ocr_par' dir='ltr' id='par_1_109' title="bbox 1012 5625 1584 5684">
     <span class='ocr_line' id='line_1_109' title="bbox 1012 5625 1584 5684; baseline -0.003 -2"><span class='ocrx_word' id='word_1_740' title='bbox 1012 5625 1584 5684; x_wconf 72' lang='lat' dir='ltr'><strong>COMMENTARIUS.</strong></span> 
     </span>
    </p>
   </div>
   <div class='ocr_carea' id='block_1_110' title="bbox 2211 5625 3182 5684">
    <p class='ocr_par' dir='ltr' id='par_1_110' title="bbox 2805 5629 3182 5684">
     <span class='ocr_line' id='line_1_110' title="bbox 2805 5629 3182 5684; baseline 0.005 -2"><span class='ocrx_word' id='word_1_741' title='bbox 2805 5629 3182 5684; x_wconf 77' lang='lat' dir='ltr'><strong>EPMHNEIA.</strong></span> 
     </span>
    </p>
   </div>
   <div class='ocr_carea' id='block_1_111' title="bbox 606 5718 2110 5786">
    <p class='ocr_par' dir='ltr' id='par_1_111' title="bbox 606 5718 2098 5786">
     <span class='ocr_line' id='line_1_111' title="bbox 606 5718 2098 5786; baseline -0.004 -4"><span class='ocrx_word' id='word_1_742' title='bbox 606 5750 625 5782; x_wconf 86' lang='grc' dir='ltr'><strong>ι</strong></span> <span class='ocrx_word' id='word_1_743' title='bbox 671 5725 978 5783; x_wconf 80' lang='lat' dir='ltr'><strong>Conscissis</strong></span> <span class='ocrx_word' id='word_1_744' title='bbox 1028 5721 1233 5778; x_wconf 90' lang='lat' dir='ltr'><strong>tunicis</strong></span> <span class='ocrx_word' id='word_1_745' title='bbox 1259 5723 1396 5778; x_wconf 88' lang='lat' dir='ltr'><strong>suis.</strong></span> <span class='ocrx_word' id='word_1_746' title='bbox 1428 5739 1448 5774; x_wconf 81' lang='grc' dir='ltr'><strong>ι</strong></span> <span class='ocrx_word' id='word_1_747' title='bbox 1480 5720 1596 5776; x_wconf 72' lang='lat' dir='ltr'><strong>llos</strong></span> <span class='ocrx_word' id='word_1_748' title='bbox 1616 5729 1734 5776; x_wconf 87' lang='lat' dir='ltr'><strong>erat</strong></span> <span class='ocrx_word' id='word_1_749' title='bbox 1758 5718 1982 5782; x_wconf 67' lang='lat' dir='ltr'><strong>Iudaeis.</strong></span> <span class='ocrx_word' id='word_1_750' title='bbox 2019 5732 2098 5786; x_wconf 91' lang='lat' dir='ltr'><strong>ut,</strong></span> 
     </span>
    </p>
   </div>
   <div class='ocr_carea' id='block_1_112' title="bbox 2211 5718 3794 5786">
    <p class='ocr_par' dir='ltr' id='par_1_112' title="bbox 2299 5719 3794 5785">
     <span class='ocr_line' id='line_1_112' title="bbox 2299 5719 3794 5785; baseline 0.003 -13"><span class='ocrx_word' id='word_1_751' title='bbox 2299 5719 2462 5782; x_wconf 82' lang='grc' dir='ltr'>Ἐθος</span> <span class='ocrx_word' id='word_1_752' title='bbox 2529 5721 2678 5772; x_wconf 78' lang='grc' dir='ltr'>ἐστὶν</span> <span class='ocrx_word' id='word_1_753' title='bbox 2754 5719 3029 5783; x_wconf 77' lang='grc' dir='ltr'>Ἰουδαίοις</span> <span class='ocrx_word' id='word_1_754' title='bbox 3101 5721 3194 5774; x_wconf 68' lang='grc' dir='ltr'><strong>ἐπὶ</strong></span> <span class='ocrx_word' id='word_1_755' title='bbox 3274 5724 3386 5785; x_wconf 77' lang='grc' dir='ltr'>ταῖς</span> <span class='ocrx_word' id='word_1_756' title='bbox 3444 5721 3587 5774; x_wconf 73' lang='grc' dir='ltr'>κατὰ</span> <span class='ocrx_word' id='word_1_757' title='bbox 3641 5720 3794 5776; x_wconf 70' lang='grc' dir='ltr'>Θεοῦ</span> 
     </span>
    </p>
   </div>
   <div class='ocr_carea' id='block_1_113' title="bbox 531 5809 2110 5889">
    <p class='ocr_par' dir='ltr' id='par_1_113' title="bbox 531 5810 2108 5889">
     <span class='ocr_line' id='line_1_113' title="bbox 531 5810 2108 5889; baseline -0.005 -12"><span class='ocrx_word' id='word_1_758' title='bbox 531 5837 656 5877; x_wconf 90' lang='lat' dir='ltr'><strong>cum</strong></span> <span class='ocrx_word' id='word_1_759' title='bbox 682 5815 1049 5889; x_wconf 87' lang='lat' dir='ltr'><strong>blasphemias</strong></span> <span class='ocrx_word' id='word_1_760' title='bbox 1072 5815 1126 5869; x_wconf 90' lang='lat' dir='ltr'><strong>in</strong></span> <span class='ocrx_word' id='word_1_761' title='bbox 1157 5812 1324 5866; x_wconf 90' lang='lat' dir='ltr'><strong>Deum</strong></span> <span class='ocrx_word' id='word_1_762' title='bbox 1363 5812 1602 5882; x_wconf 80' lang='lat' dir='ltr'><strong>prolatas</strong></span> <span class='ocrx_word' id='word_1_763' title='bbox 1629 5810 1901 5878; x_wconf 88' lang='lat' dir='ltr'><strong>audirent,</strong></span> <span class='ocrx_word' id='word_1_764' title='bbox 1926 5819 2108 5869; x_wconf 84' lang='lat' dir='ltr'><strong>vestes</strong></span> 
     </span>
    </p>
   </div>
   <div class='ocr_carea' id='block_1_114' title="bbox 2211 5809 3797 5889">
    <p class='ocr_par' dir='ltr' id='par_1_114' title="bbox 2213 5809 3797 5884">
     <span class='ocr_line' id='line_1_114' title="bbox 2213 5809 3797 5884; baseline 0.005 -20"><span class='ocrx_word' id='word_1_765' title='bbox 2213 5809 2550 5881; x_wconf 76' lang='grc' dir='ltr'>δυσφημίαις</span> <span class='ocrx_word' id='word_1_766' title='bbox 2656 5811 3092 5882; x_wconf 76' lang='grc' dir='ltr'>περιρῤηγνύναι</span> <span class='ocrx_word' id='word_1_767' title='bbox 3187 5813 3256 5868; x_wconf 73' lang='grc' dir='ltr'>τὰ</span> <span class='ocrx_word' id='word_1_768' title='bbox 3353 5814 3563 5884; x_wconf 77' lang='grc' dir='ltr'>ἱμάτια.</span> <span class='ocrx_word' id='word_1_769' title='bbox 3672 5819 3797 5872; x_wconf 81' lang='grc' dir='ltr'><strong>Καὶ</strong></span> 
     </span>
    </p>
   </div>
  </div>
