4090 6304
601 341 708 407 979
1553 343 2137 408 THEOPHYLACTIV
2162 344 2169 404 l

2270 343 2494 404 LGARI
2510 343 2570 402 [Ε
2603 342 2957 404 ARCHIEP.
3760 332 3868 400 τεο

591 450 723 511 Jesu
757 457 989 514 Christi.
1013 457 1306 530 Sapienter
1333 469 1511 517 autem
1543 477 1633 520 es
1660 462 1820 518 novis
1869 461 2169 518 veteribus-

2283 458 2491 530 Κυρίου
2541 457 2701 530 ἡμῶν
2734 455 2908 525 Ἰησοῦ
2959 453 3217 523 Χριστοῦ.
3273 449 3522 517 Συνετῶς
3560 449 3626 505 ἃ
3653 449 3776 504 ἀπό
3813 467 3870 503 τε

595 559 704 612 quc
762 550 1045 620 prophetis
1098 565 1211 606 rem
1247 555 1581 623 propositam
1613 552 1904 608 confirmat
1939 570 1954 607 :
1989 566 2167 621 neque

2277 551 2432 615 νέων,
2489 551 2603 604 ἀπό
2628 567 2688 602 τε
2719 549 2830 604 τῶν
2873 547 3125 602 παλαιῶν
3185 545 3498 618 βεϐαιοῦται
3554 543 3871 616 προφητῶν

595 641 742 695 enim
783 650 995 708 poterat
1025 643 1168 712 quod
1216 644 1508 710 sentiebat,
1551 643 1696 699 facto
1727 644 1913 715 aliquo
1938 643 2170 699 demon-

598 741 796 794 strare,
828 733 1288 799 quemadmodum
1320 734 1516 792 Petrus
1543 747 1598 792 et
1641 736 1840 792 Paulus
1867 735 1981 806 jam
2029 735 2172 790 fece—

597 832 740 876 rant.
769 821 936 878 Recte
975 834 1155 882 autem
1194 827 1516 899 dispositum
1544 828 1664 894 fuit,
1687 837 1749 884 ut
1777 843 1871 898 per
1901 828 2022 883 illos
2055 827 2171 884 haec

601 915 814 981 flerent,
846 919 938 986 qui
983 916 1344 992 Jerosolymis
1373 920 1517 975 haud
1553 920 1648 975 diu
1677 921 1942 976 moraturi
1968 927 2127 976 erant
2153 938 2168 975 :

598 1025 665 1064 ne
702 1009 792 1080 qui
835 1009 971 1067 istos
997 1011 1242 1080 doceret,
1277 1013 1450 1082 culpa:
1480 1014 1644 1069 alicui
1683 1013 1959 1069 videretur
2001 1013 2173 1067 obno~

597 1098 743 1168 xius,
777 1113 841 1155 ac
867 1116 934 1156 ne
961 1104 1230 1158 sententia
1255 1103 1647 1160 dividerentur.

1252 1193 1552 1250 TBXTUS.

666 1280 784 1347 XV,
816 1283 996 1339 16-34.
1025 1283 1154 1340 Post
1181 1287 1300 1342 haec
1329 1295 1595 1349 revertar,
1635 1297 1688 1344 et
1717 1288 2060 1344 retedilieabo
2085 1297 2174 1343 ta-

598 1374 953 1432 bernaculum
985 1377 1178 1444 David,
1207 1379 1352 1448 quod
1382 1380 1606 1443 decidit,
1633 1391 1688 1436 et
1720 1375 1902 1438 diruta
1932 1383 2054 1452 ejus
2079 1398 2167 1438 re-

596 1466 894 1532 :edificabo,
921 1477 972 1523 et
991 1469 1194 1540 erigam
1217 1470 1376 1524 illud:
1405 1480 1461 1526 ut
1482 1472 1768 1539 requirant
1796 1474 1978 1527 caeteri
1999 1471 2174 1528 homi-

595 1571 728 1612 num
759 1557 1144 1624 Dominum,et
1159 1575 1350 1617 omnes
1371 1573 1580 1630 gentes,
1612 1578 1778 1632 super
1792 1578 1933 1634 quas
1955 1565 2175 1618 invoca-

597 1656 713 1702 tum
740 1658 823 1704 est
840 1665 1036 1704 nomen
1072 1666 1271 1714 incum,
1308 1652 1442 1706 dicit
1471 1652 1730 1707 Dominus
1751 1693 1767 1717 ,
1799 1653 2008 1708 faciens
2036 1653 2170 1708 hac.

595 1737 792 1794 Notum
811 1757 841 1796 a
862 1741 1062 1796 saeculo
1085 1751 1168 1797 est
1182 1742 1407 1796 Domino
1423 1757 1563 1813 Opus
1584 1759 1766 1798 suum.
1789 1743 2013 1816 PrOpter
2030 1745 2172 1813 quod

2273 645 2367 698 τὸν
2390 641 2570 709 λόγον.
2603 642 2679 694 Οὐ
2713 640 2824 711 γὰρ
2854 637 2970 710 εἶχέ
2997 656 3050 692 τι
3079 641 3309 708 πρᾶγμα
3360 636 3558 703 δεῖξαι,
3599 634 3868 704 καθάπερ

2277 736 2484 806 Πέτρος
2521 735 2585 805 δὴ
2621 735 2714 788 καὶ
2771 732 3005 796 Παῦλος.
3068 731 3264 794 Καλῶς
3295 730 3352 783 δὲ
3379 730 3772 798 οἰκονομεῖται
3799 727 3867 780 δι’

2275 828 2503 882 ἐκείνων
2525 825 2700 882 ταῦτα
2711 825 2989 896 γενέσθαι,
3009 823 3121 876 τῶν
3142 822 3202 876 ού
3240 820 3546 891 μελλόντων
3581 817 3867 892 χρονίζειν

2273 923 2386 983 τοῖς
2429 918 2820 992 Ἱεροσολύμοις
2848 929 2870 948 ⁶
2907 915 3067 971 τοῦτο
3087 917 3167 982 δὲ,
3195 913 3385 989 [ὥστε]
3407 915 3498 968 τδν
3526 914 3860 968 διδάσκοντα

2275 1011 2473 1073 αὐτοὺς
2506 1009 2580 1081 μὴ
2609 1005 2759 1063 εἶναι
2803 1007 3124 1072 ὑπεύθυνον,
3178 1006 3316 1080 μηδὲ
3380 1005 3490 1078 μὴν
3515 1004 3860 1077 ἀπεσχίσοαι

2273 1102 2375 1173 τῆς
2407 1101 2652 1174 γνώμης.

2861 1192 3250 1254 ΚΕΙΜΕΝΟΝ.

2345 1289 2506 1346 Mssa
2557 1291 2734 1345 ταῦτα
2781 1287 3108 1361 ἀναστρέψω
3164 1285 3262 1342 καὶ
3303 1283 3726 1353 ἀνοικοδομήσω
3766 1281 3865 1351 τὴν

2277 1385 2481 1456 σκηνὴν
2536 1384 2702 1438 Δαϐιδ
2733 1383 2832 1455 τὴν
2864 1385 3241 1446 πεπτωκυῖαν,
3297 1382 3394 1436 καὶ
3424 1379 3495 1433 τά
3530 1394 3867 1445 κατεσκαμσ

2279 1477 2420 1546 μένα
2479 1475 2650 1547 αὐτῆς
2701 1474 3133 1544 ἀνοικοδομήσω,
3179 1473 3278 1528 καὶ
3305 1471 3606 1543 ἀνορθώσω
3638 1468 3863 1539 αὐτήν·

2275 1571 2422 1632 ὅπως
2452 1568 2520 1622 ἂν
2557 1568 2935 1637 ἐκζητήσωσιν
2962 1567 3014 1620 oi
3053 1565 3375 1620 κατάλοιποι
3403 1563 3514 1617 τῶν
3540 1560 3868 1632 ἀνθρώπων

2275 1656 2367 1712 τὸν
2402 1657 2627 1726 Κύριον,
2656 1656 2752 1710 καὶ
2794 1657 2970 1710 πάντα
3000 1655 3069 1709 τά
3099 1655 3228 1726 ἔθνη
3255 1655 3340 1722 ἐφ’
3361 1652 3458 1716 οὓς
3485 1651 3870 1722 ἐπικέκληται

2276 1748 2339 1802 τὸ
2357 1748 2530 1818 δνομά
2564 1764 2666 1818 μου
2711 1747 2799 1800 ἐπ’
2847 1747 3066 1810 αὐτοὺς,
3124 1746 3273 1814 λέγει
3331 1745 3560 1818 Κύριος,
3611 1747 3645 1799 ὁ
3685 1742 3867 1798 ποιῶν

593 1849 699 1903 ego
736 1835 945 1905 judico,
998 1852 1108 1891 non
1156 1837 1448 1906 inquietari
1481 1851 1601 1902 eos,
1660 1839 1754 1906 qui
1802 1851 1868 1892 ex
1918 1837 2169 1909 gentibus

2275 1839 2449 1894 ταῦτα
2473 1843 2674 1894 πάντα.
2700 1839 2924 1893 Γνωστά
2955 1839 3050 1892 ἀπ’
3073 1839 3269 1902 αἰῶνός
3297 1839 3411 1892 ἐστι
3435 1837 3512 1909 τῷ
3529 1836 3658 1906 Θεῷ
3679 1837 3867 1890 πάντα

595 1935 996 1982 convertuntur
1025 1925 1090 1980 ad
1129 1925 1320 1992 Deum,
1347 1927 1442 1982 sed
1473 1926 1714 1984 scribere
1739 1927 1807 1982 ad
1829 1942 1926 1985 eos
1953 1939 2010 1982 ut
2041 1929 2170 1984 abs-

595 2021 811 2073 tineant
867 2035 928 2075 se
963 2033 992 2072 a
1036 2019 1602 2076 contaminationibus
1629 2019 2076 2087 simulacrorum,
2114 2029 2170 2078 et

594 2109 980 2178 fornicatione,
1031 2121 1088 2168 et
1131 2111 1436 2177 suffocatis,
1496 2120 1554 2167 et
1609 2113 1895 2182 sanguine.
1957 2111 2170 2184 Moyses

591 2201 740 2257 enim
765 2216 797 2257 α
825 2203 1164 2272 temporibus
1195 2204 1437 2273 antiquis
1463 2203 1630 2258 habet
1659 2203 1826 2274 268
1857 2203 1910 2257 in
1941 2204 2171 2273 singulis

590 2296 910 2352 civitatibus
939 2297 1030 2365 qui
1060 2309 1185 2352 eum
1217 2297 1511 2367 praedicent
1537 2295 1593 2350 in
1623 2296 1935 2366 synagOgis,
1962 2294 2052 2349 ubi
2076 2310 2171 2364 per

599 2403 762 2442 omne
796 2386 1094 2443 Sabbatnm
1149 2389 1366 2458 legitur.
1405 2387 1560 2443 Tunc
1599 2387 1802 2458 placuit
1832 2388 2090 2457 apostolis
2118 2399 2172 2443 et

596 2479 911 2536 senioribus
944 2495 1068 2534 cum
1110 2481 1258 2535 omni
1294 2478 1536 2535 Ecclesia
1566 2479 1767 2550 eligere
1797 2479 1944 2534 viros
1977 2493 2041 2535 ex
2066 2479 2168 2545 eis,

595 2581 651 2624 et
678 2571 893 2626 mittere
923 2569 1269 2625 Antiochiam
1303 2585 1425 2624 cum
1459 2568 1654 2635 Paulo,
1686 2577 1743 2624 et
1776 2568 2042 2630 Barnaba.
2071 2567 2171 2622 Ju-

593 2661 721 2716 dam
753 2663 848 2733 qui
875 2662 1368 2734 cognominabatur
1387 2660 1684 2727 Barsabas,
1706 2669 1763 2717 et
1795 2661 1987 2723 Silam,
2023 2662 2170 2714 viros

597 2754 806 2825 primos
835 2755 888 2808 in
931 2753 1215 2817 fratrilms,
1245 2754 1548 2809 scribentes
1579 2767 1673 2822 per
1699 2767 1895 2806 manus
1925 2767 2114 2806 eorum
2151 2765 2167 2804 :

597 2853 633 2902 Α
647 2848 845 2917 postoli
867 2859 920 2905 et
951 2850 1192 2904 seniores
1216 2847 1436 2912 fratres,
1459 2847 1543 2902 his
1577 2847 1668 2918 qui
1690 2858 1819 2902 sunt
1841 2844 2162 2910 Antiochia},

594 2949 648 2996 et
672 2940 862 3011 Syriae,
894 2951 948 2997 et
973 2940 1196 3005 Ciliciae,
1232 2939 1496 2995 fratribus
1525 2954 1590 2994 ex
1609 2938 1880 3010 gentibus,
1916 2937 2170 2992 salutem.

596 3031 866 3096 Quoniam
900 3031 1230 3096 audivimus,
1258 3032 1387 3100 quia
1425 3029 1646 3101 quidem
1681 3043 1748 3083 ex
1781 3027 1938 3083 nobis
1965 3041 2175 3084 exeun-

595 3134 680 3180 tes
712 3125 1070 3211 turbaverunt
1105 3140 1200 3179 V05
1241 3122 1440 3188 verbis,
1491 3129 1794 3178 evertentes
1831 3120 2042 3175 animas
2080 3135 2173 3177 ve-

596 3195 993 3287 stras,.quibus
1023 3231 1131 3271 non
1157 3182 1539 3271 ntandavimus
1564 3232 1577 3269 :
1621 3212 1827 3284 placuit
1857 3212 2017 3268 nobis
2055 3213 2170 3268 col-
2196 3182 2242 3245 ο

593 3310 752 3366 lectis
776 3311 831 3364 in
859 3324 1026 3365 unum
1051 3308 1252 3378 eligere
1276 3310 1442 3369 viros,
1465 3317 1521 3362 et
1553 3306 1771 3362 mittere
1801 3304 1868 3360 ad
1905 3320 2022 3367 vos.
2042 3319 2167 3360 cum

593 3401 936 3455 claarissimis
991 3399 1198 3454 nostris
1224 3397 1468 3453 Barnaba
1501 3408 1554 3454 et
1610 3396 1801 3461 Paulo,
1854 3396 2169 3452 hominibus

593 3489 689 3558 qui
743 3489 1086 3545 tradiderunt
1131 3489 1344 3544 animas
1379 3501 1510 3543 suas
1545 3501 1645 3558 pro
1694 3487 1916 3542 nomine
1956 3486 2168 3543 Domini

597 3582 772 3637 nostri
800 3579 927 3636 Jesu
966 3579 1194 3635 Christi.
1233 3579 1480 3635 Misimus
1507 3593 1638 3650 ergo
1665 3577 1862 3634 Iudam
1892 3588 1946 3634 et
1974 3575 2165 3643 Silam,

593 3673 688 3744 qni
717 3681 769 3726 et
800 3672 904 3742 ipsi
935 3672 1088 3726 vobis
1119 3672 1298 3726 verbis
1345 3669 1585 3726 referant
1608 3670 1822 3727 eadem.
1852 3667 2042 3726 Visum
2082 3679 2168 3726 est

595 3767 743 3819 enim
769 3765 1002 3836 Spiritui
1033 3773 1226 3820 sancto
1255 3773 1310 3819 et
1335 3764 1516 3829 nobis,
1549 3763 1683 3818 nihil
1719 3764 1859 3818 ultra
1889 3763 2168 3833 imponere

593 3860 751 3914 vobis
785 3858 989 3924 oneris,
1020 3871 1182 3927 quam
1212 3856 1326 3910 hac
1353 3855 1660 3910 necessaria
1695 3871 1712 3911 :
1743 3861 1802 3908 ut
1831 3853 2162 3908 abstineatis

591 3968 691 4008 vos
742 3950 813 4005 ab
863 3949 1158 4005 immolatis
1201 3947 1642 4010 simulacrorum,
1697 3954 1751 4000 et
1787 3945 2076 4017 sanguine,
2111 3953 2166 3999 et

591 4042 878 4107 sulfocato,
925 4050 981 4097 et
1035 4039 1419 4104 fornicatione,
1469 4051 1499 4092 a
1544 4037 1748 4108 quibus
1784 4039 2164 4092 custodientes

592 4152 692 4191 vos
737 4136 878 4192 bene
906 4134 1110 4204 agetis.
1141 4131 1346 4188 Valete.
1386 4131 1468 4186 llli
1511 4144 1644 4198 ergo
1671 4129 1906 4192 dimissi,
1937 4128 2166 4193 descen-

591 4229 790 4284 derunt
850 4225 1194 4280 Antiochiam
1298 4232 1354 4277 et
1435 4219 2165 4294 congregata-multitudine

592 4321 937 4375 tradiderunt
963 4317 1270 4386 epistolam.
1301 4313 1470 4380 Quam
1489 4328 1614 4368 cum
1656 4311 1932 4381 legissent,
1991 4311 2162 4382 gavisi

594 4419 726 4468 sunt
757 4425 922 4480 super
959 4407 1358 4464 consolatione.
1402 4403 1574 4460 Judas
1607 4414 1787 4457 autem
1817 4411 1870 4457 et
1901 4403 2076 4468 Silas,
2107 4411 2164 4458 et

2272 1932 2342 1985 τά
2363 1931 2500 2000 εργα
2524 1930 2710 1985 αὐτοῦ.
2747 1931 2836 1984 Διὸ
2857 1929 2969 1998 ἐγὼ
2991 1931 3181 2002 κρίνω,
3221 1931 3300 2001 μὴ
3329 1929 3702 2001 παρενοχλεῖν
3746 1931 3864 1990 τοῖς

2270 2021 2380 2076 ἀπὸ
2425 2021 2535 2074 τῶν
2576 2019 2750 2075 ἐθνῶν
2799 2021 3222 2091 ἐπιστρέψωσιν
3262 2022 3358 2074 ἐπὶ
3408 2021 3501 2074 τὸν
3537 2019 3708 2083 Θεὸν,
3739 2017 3864 2073 ἀλλ’

2269 2112 2571 2167 ἐπιστεῖλαι
2609 2113 2790 2176 αὐτοῖς
2825 2112 2921 2166 τοῦ
2975 2111 3278 2182 ἀπέχεσθαι
3327 2112 3532 2173 αὐτοὺς
3593 2110 3721 2165 ἀπὺ
3750 2110 3864 2164 τῶν

2270 2207 2662 2278 ἀλισγημάτων
2721 2209 2832 2261 τῶν
2885 2205 3143 2271 εἰδώλων,
3184 2207 3405 2278 καὶτῆς
3432 2207 3735 2279 πορνείας,
3769 2205 3865 2260 καὶ

2269 2297 2366 2352 τοῦ
2401 2297 2650 2364 πνικτοῦ,
2673 2300 2769 2353 καὶ
2802 2300 2897 2355 τοῦ
2927 2301 3182 2370 αἵματος.
3238 2299 3492 2369 Μωῦσῆς
3519 2297 3641 2370 γὰρ
3666 2299 3743 2351 ἐκ
3767 2315 3864 2367 γε·

2269 2390 2378 2442 νῶν
2399 2389 2663 2460 ἀρχαίων,
2697 2390 2839 2444 κατά
2880 2389 3036 2445 πόλιν
3077 2389 3205 2453 τοὺς
3260 2387 3646 2460 κηρύσσοντας
3696 2387 3866 2441 αὐτὸν

2271 2477 2382 2550 ἔχει
2404 2480 2461 2531 ἐν
2485 2481 2606 2543 ταῖς
2629 2480 2996 2550 συναγωγαῖςξ
3026 2479 3168 2534 κατὰ
3194 2479 3302 2533 πᾶν
3335 2477 3624 2533 Σάϐϐατον
3653 2481 3860 2544 ἀναγιο

2273 2571 2638 2640 νωσκόμενος.
2686 2570 2820 2625 Τότε
2874 2570 3020 2636 εδοξε
3054 2572 3169 2633 τοῖς
3232 2568 3555 2632 ἀποστόλοις
3604 2568 3716 2622 καὶ
3749 2570 3862 2630 τοῖς

2274 2659 2667 2730 πρεσϐυτέροις
2706 2661 2804 2714 σὺν
2825 2661 2920 2733 ὅλη
2948 2663 3016 2732 τῇ
3049 2658 3349 2731 Ἐκκλησία
3370 2698 3388 2722 ,
3446 2658 3861 2729 ἐκλεξαμένους

2272 2752 2469 2821 ἄνδρας
2499 2752 2558 2819 ἐξ
2615 2753 2801 2806 αὐτῶν
2853 2751 3069 2823 πέμψαι
3116 2753 3196 2816 εις
3239 2751 3580 2824 ’Δντιόχειαν
3625 2753 3738 2806 σὺν
3784 2751 3860 2819 τῷ

2274 2842 2471 2913 Παύλῳ
2499 2843 2593 2896 καὶ
2620 2842 2700 2913 τῷ
2730 2845 3012 2916 Βαρνάϐᾳ,
3056 2845 3258 2899 Ἰούδαν
3289 2843 3380 2898 τὸν
3407 2843 3858 2914 ἐπικαλούμενον

2273 2933 2590 3003 Βαρσαϐἀν,
2639 2935 2735 2988 καὶ
2785 2934 2970 2999 Σίλαν,
3027 2933 3228 3005 ἀνδρας
3261 2933 3604 3006 ήγουμένους
3643 2937 3712 2988 ἐν
3740 2939 3857 3000 τοῐς

2272 3025 2544 3096 ἀδελφοῖς,
2576 3025 2886 3096 γράψαντες
2917 3027 3004 3081 διὰ
3023 3028 3205 3101 χειρὸς
3233 3026 3413 3082 αὐτῶν
3432 3028 3586 3082 τάδε·
3625 3028 3696 3083 οξ
3718 3030 3858 3082 ἀπό-

2276 3119 2473 3184 στολοι,
2493 3121 2589 3172 καὶ
2618 3121 2669 3173 οἱ
2706 3119 3089 3192 πρεσϐύτεροι,
3119 3121 3216 3176 καὶ
3236 3123 3286 3174 οἱ
3307 3119 3545 3190 ἀδελφοὶ,
3576 3123 3700 3186 τοῖς
3717 3125 3858 3176 κατά

2269 3212 2371 3282 τὴν
2409 3211 2763 3282 Ἀντιόχειαν,
2800 3213 2894 3267 καὶ
2912 3213 3129 3284 Συρίαν,
3164 3215 3258 3268 καὶ
3290 3213 3570 3278 Κιλικίαν,
3599 3215 3858 3286 ἀδελφοῖς

2269 3305 2380 3366 τοῖς
2400 3303 2461 3369 ἐξ
2480 3303 2651 3358 ἐθνῶν
2701 3305 2935 3376 χαίρειν.
2980 3306 3198 3378 Ἐπειδὴ
3223 3305 3540 3376 ἠκούσαμεν
3573 3309 3662 3364 ὅτι
3709 3309 3860 3373 τινές

2268 3395 2332 3462 ἐξ
2363 3395 2520 3466 ἡμῶν
2579 3396 2892 3461 ἐξελθόντες
2937 3397 3208 3468 ἐτάραξαν
3249 3398 3396 3468 ὑμᾶς
3439 3399 3670 3468 λόγοις.
3726 3403 3860 3456 ἀνα.

2270 3488 2628 3553 σκευάζοντες
2657 3489 2756 3552 τάς
2785 3488 2962 3562 ψυχὰς
2996 3490 3170 3561 ὑμῶν,
3220 3491 3469 3560 λέγοντες
3515 3495 3860 3562 περιτέμνεο

2271 3580 2397 3634 σθαι
2437 3581 2534 3634 καὶ
2581 3582 2768 3652 τηρεῖν
2826 3581 2918 3650 τὸν
2969 3582 3158 3654 νόμον,
3190 3581 3273 3648 οἷς
3293 3585 3356 3638 οὐ
3385 3585 3858 3656 διεστειλάμεθν

2267 3669 2445 3736 ἔδοξεν
2481 3668 2628 3739 ἡμῖν
2678 3672 2994 3743 γενομένοις
3036 3671 3400 3745 ὁμοθυμαδὸν,
3442 3674 3860 3744 ἐκλεξαμένους

2267 3760 2468 3832 ἄνδρας
2517 3761 2655 3830 πρὸς
2677 3763 2828 3832 ἡμᾶς
2855 3762 3090 3835 πέμψαι,
3112 3764 3212 3820 σὺν
3226 3767 3334 3830 τοῖς
3351 3766 3665 3837 ἀγαπητοῖς
3691 3769 3861 3838 ἡμῶν

2267 3853 2529 3926 Βαρνάϐα
2559 3853 2657 3907 καὶ
2698 3853 2918 3927 Παύλῳ,
2952 3855 3266 3928 ἀνθρώποις
3301 3857 3722 3928 παραδεδωκόσι
3752 3861 3859 3921 τὰς

2265 3945 2445 4018 ψυχὰς
2504 3947 2685 4000 αὐτῶν
2717 3947 2861 4019 ὑπὲρ
2886 3947 2982 4002 τοῦ
3027 3949 3289 4018 ὀνόματος
3315 3949 3410 4003 τοῦ
3441 3950 3658 4018 Κυρὶου
3690 3951 3861 4020 ἡμῶν

2279 4038 2454 4106 Ἰησοῦ
2499 4037 2764 4108 Χριστοῦ.
2831 4039 3284 4106 ’Δπεστάλκαμεν
3327 4035 3423 4095 οὖν
3485 4040 3697 4094 Ἰούδαν
3760 4046 3860 4096 καὶ

2265 4129 2447 4192 Σίλαν,
2479 4129 2573 4184 καὶ
2587 4130 2783 4194 αὐτοὺς
2809 4131 2898 4186 διὰ
2918 4130 3080 4200 λόγου
3100 4130 3546 4201 ἀπαγγέλλοντας
3568 4133 3644 4185 τά
3677 4134 3855 4188 α-ζντά.

2269 4221 2459 4287 Ἔδοξε
2513 4222 2622 4293 γάρ
2647 4221 2726 4294 τῷ
2756 4223 2900 4295 ἁγίῳ
2962 4222 3243 4294 Πνεύματι
3303 4222 3398 4278 καὶ
3455 4225 3611 4293 ἡμῖν,
3680 4227 3862 4296 μηδὲν

2265 4310 2429 4365 πλέον
2485 4310 2826 4366 ἐπιτίθεσθαι
2878 4312 3005 4383 ὑμῖν
3056 4312 3243 4384 βάρος,
3296 4310 3435 4384 πλὴν
3476 4311 3693 4367 τούτων
3742 4315 3861 4369 τῶν

2265 4402 2598 4471 ἐπάναγκες,
2645 4401 2946 4474 ἀπέχεσθαι
2976 4403 3368 4470 εἰδωλοθύτων,
3426 4403 3521 4458 καὶ
3573 4405 3848 4475 αἵματος,

591 4505 696 4571 ipsi
725 4517 847 4556 cum
883 4510 1065 4557 essent
1108 4489 1400 4567 prophetae,
1431 4496 1598 4550 verbo
1627 4494 1860 4564 plurimo
1891 4493 2159 4548 consolati

2270 4495 2360 4548 καὶ
2387 4491 2636 4558 πνικτοῦ,
2661 4495 2755 4547 καὶ
2776 4493 3035 4565 πορνείας
3057 4509 3073 4527 ’
3101 4491 3160 4561 ἐξ
3183 4487 3259 4548 ὧν
3282 4494 3688 4565 διατηροῦντες
3724 4499 3858 4554 ἐαυο

588 4605 719 4651 sunt
761 4594 958 4648 fratres
1019 4599 1074 4645 et
1118 4588 1608 4643 conﬁrmaverunt.
1661 4583 1828 4638 Facto
1869 4595 2048 4640 autem
2085 4585 2159 4640 ibi

2270 4585 2400 4650 τοὺς
2432 4580 2492 4639 εὖ
2525 4585 2782 4657 πράξετε.
2816 4584 3125 4658 Ἔρρωσθε.
3159 4586 3224 4640 Οί
3255 4585 3358 4654 μέν
3384 4577 3501 4653 οῦν,
3537 4587 3859 4645 ἀπολυθέν-

589 4686 872 4750 aliquanto
899 4693 1161 4750 tempore,
1187 4677 1402 4732 dimissi
1429 4686 1558 4731 sunt
1595 4691 1720 4729 cum
1754 4689 1886 4744 pace
1919 4690 1950 4728 a
1979 4673 2163 4729 fratri-

590 4777 694 4832 bus
768 4775 833 4827 ad
875 4788 970 4826 eos
1019 4770 1110 4839 qui
1163 4769 1424 4824 miserant
1456 4767 1595 4821 illos.
1648 4764 1834 4820 Visum
1865 4773 2044 4821 autem
2080 4775 2164 4822 est

589 4871 715 4926 Sila:
749 4869 820 4925 ibi
849 4881 1154 4923 remanere.

2269 4691 2362 4739 τες
2382 4675 2492 4729 ἀπὸ
2510 4674 2613 4745 τῆς
2657 4673 3006 4747 Ἐκκλησὶας,
3037 4675 3308 4745 κατῆλθον
3335 4678 3418 4740 είς
3462 4676 3816 4750 Ἀντιόχειαν
3840 4697 3859 4713 ·

2271 4769 2368 4821 καὶ
2398 4769 2799 4836 συναγαγόντες
2837 4767 2899 4821 τὸ
2926 4767 3149 4839 πλῆθος,
3177 4768 3458 4823 ἐπέδωκαν
3496 4768 3596 4839 τὴν
3624 4770 3862 4825 imo-to-

2275 4859 2398 4930 λήν.
2434 4858 2790 4927 Ἀναγνόντες
2815 4859 2872 4912 δὲ
2922 4859 3203 4932 ἐχάρησαν
3253 4861 3348 4914 ἐπὶ
3381 4863 3448 4932 τῇ
3473 4861 3857 4934 παρακλήσει.

601 4966 802 5027 Ἰούδας
829 4963 885 5015 δὲ
921 4961 1016 5015 καὶ
1066 4957 1244 5021 Σίλας,
1289 4955 1386 5008 καὶ
1445 4953 1601 5008 αὑτοὶ
1651 4948 1922 5022 προφῆται
1967 4950 2140 5015 ὄντες,
2214 4951 2304 5005 διά
2361 4949 2520 5020 λόγου
2570 4949 2765 5004 πολλοῦ
2825 4952 3208 5023 παρεκάλεσαν
3275 4952 3402 5016 τοὺς
3436 4952 3714 5021 ἀδελφοὺς
3763 4964 3861 5011 καὶ

587 5056 969 5127 ἐπεστήριξαν.
1023 5052 1351 5121 Ποιήσαντες
1398 5047 1455 5102 δὲ
1501 5046 1689 5116 χρόνον
1712 5085 1728 5107 ,
1757 5033 2261 5114 ἀπελύθησανᾟετ*
2292 5043 2514 5114 εἰρήνης
2538 5042 2650 5098 ἀπὸ
2671 5042 2777 5096 τῶν
2819 5042 3062 5114 ἀδελφῶν
3094 5043 3230 5113 πρὸς
3254 5043 3382 5108 τοὺς
3413 5042 3858 5112 ἀποστείλαντας

587 5151 807 5216 αὐτούς.
838 5147 1019 5212 Ἔδοξε
1051 5147 1109 5202 δὲ
1135 5144 1213 5214 τῷ
1233 5141 1363 5214 Σίλᾳ
1387 5143 1663 5210 ἐπιμεῖναι
1687 5138 1875 5195 αὐτοῦ.

1088 5237 1639 5297 COMMENTARIVS
1659 5275 1672 5291 .

663 5364 684 5396 ι
708 5339 1066 5400 Βθίειιξίὶοσὶιο
1094 5334 1523 5398 tabernaculum,
1551 5353 1568 5386 ι
1606 5334 1712 5389 hoc
1740 5342 1846 5400 est,
1874 5347 2170 5389 conversos

587 5454 652 5494 ex
687 5435 938 5505 gentibus
959 5433 1027 5486 ad
1058 5431 1361 5493 Christum,
1388 5437 1440 5484 et
1473 5437 1691 5482 vocatos
1722 5427 1941 5482 nomine
1971 5425 2164 5496 ipsius.

586 5530 690 5585 Alii
714 5519 1458 5595 autemputant'hzecdeejns
1479 5521 1884 5574 resurrectione
1919 5534 1982 5574 ex
2019 5531 2164 5572 mor-

590 5621 702 5674 tuis
720 5619 862 5672 dieta
888 5629 1030 5671 esse.
1050 5613 1184 5668 Cum
1226 5612 1368 5666 enim
1403 5609 1544 5665 Deus
1567 5608 1724 5664 Pater
1749 5609 2159 5664 tabernaculum

591 5711 711 5766 Filii
743 5709 796 5763 in
823 5703 1404 5774 mortemprolupsnm,
1440 5703 1490 5756 id
1525 5710 1610 5756 est
1659 5717 1876 5756 carnem
1913 5717 1978 5753 ex
2013 5709 2156 5754 terra

588 5814 788 5866 ortam,
844 5796 1208 5856 resuscitavit,
1244 5805 1355 5850 tum
1405 5803 1517 5848 tota
1572 5793 1810 5850 humana
1855 5801 2047 5848 natura
2088 5791 2154 5847 ad

2872 5231 3258 5286 ΕΡΜΗΝΕῙΔ.

2336 5322 2600 5379 Τουτέστι
2610 5321 2737 5386 τοὺς
2757 5322 2817 5388 ἐξ
2841 5319 3011 5376 ἐθνῶν
3028 5318 3461 5394 ἐπιστρέψαντας
3477 5322 3556 5383 εἰς
3577 5321 3853 5391 Χριστὸν,

2265 5418 2362 5474 καὶ
2407 5415 2711 5488 κληθέντας
2741 5415 2820 5485 τῷ
2862 5415 3089 5485 ὀνόματι
3133 5415 3228 5469 τοῦ
3270 5413 3530 5484 Χριστοῦ.
3561 5415 3758 5470 ’Δλλοι
3791 5418 3852 5471 δέ

2265 5514 2345 5575 εἰς
2373 5511 2474 5579 τὴν
2509 5511 2572 5562 ἐκ
2589 5507 2800 5579 νεκρῶν
2830 5507 3132 5562 ἀνάστασιν
3158 5506 3323 5561 αὐτοῦ
3377 5505 3554 5561 ταῦτα
3582 5507 3854 5578 εἰρῆσθαί

2266 5617 2422 5670 φασι.
2496 5598 2608 5670 Τὴν
2663 5597 2774 5670 γὰρ
2836 5599 2916 5662 είς
2947 5598 3040 5652 τὸν
3078 5597 3309 5652 θάνατον
3344 5595 3512 5652 αὑτοῦ
3556 5597 3852 5654 πεσοῦσαν

2266 5693 2495 5763 σκηνὴν,
2526 5692 2776 5746 τουτέστι
2807 5692 2870 5744 τὸ
2895 5691 3003 5743 ἀπὸ
3033 5691 3137 5760 γῆς
3178 5691 3423 5756 σαρκεον,
3452 5690 3850 5758 ἀνεγείροντος

2261 5785 2353 5842 τοῦ
2383 5783 2518 5840 θεοῦ
2550 5785 2645 5839 καὶ
2690 5783 2926 5856 Πατρὶς,
2982 5784 3099 5840 τότε
3132 5785 3244 5839 πᾶν
3267 5783 3326 5836 τὸ
3367 5780 3720 5855 ἀνθρώπινον
3757 5784 3847 5844 εἰς
