4090 6304
516 331 625 396 983

726 443 894 516 270
940 443 1184 500 Sabbato
1243 441 1597 500 ltebdomadte
1649 443 1880 513 quintae.

727 537 996 593 Diasenaio
1023 534 1184 591 Pauli
1212 545 1262 590 et
1292 535 1560 591 Barnabre
1589 536 1654 590 de
1676 535 1881 592 Marco.

1149 628 1454 687 TEXTUS.

589 728 706 794 XV,
737 729 928 785 35-“.
965 729 1172 785 Paulus
1217 736 1402 780 autem
1449 725 1504 780 el
1533 721 1816 778 Barnabas
1841 724 2100 779 demora-

1411 327 1998 391 TIIEOPHYLACTI
2041 327 2453 392 BULGARI/E
2492 330 2853 394 ARCIIIEP.

3689 329 3808 394 984

2520 443 2613 514 Τῷ
2650 443 2916 516 Σαϐϐάτῳ
2947 442 3047 514 τῆς
3073 439 3116 496 ε’
3140 441 3457 514 ἑϐδομάδος.

2211 536 2591 606 Ἀντίρῥησις
2611 540 2858 595 Παύλου
2876 540 3027 608 πρὸς
3039 538 3356 608 Βαρνάϐαν
3367 535 3502 607 περὶ
3523 534 3735 606 Μάρθα.
3748 555 3806 592 υ.

2800 631 3190 687 KEIMENON.

2274 725 2488 790 Παῦλος
2519 724 2576 780 δὲ
2611 727 2707 778 καὶ
2737 723 3026 796 Βαρνάϐας
3053 723 3328 795 διέτριϐον
3368 724 3429 778 ἐν
3463 723 3808 794 Ἀντιοχείᾳ,

517 819 724 875 bantur
767 821 1096 885 Antiochiae,
1123 821 1390 874 docentes
1415 826 1469 870 et
1499 818 1943 885 evangelizantes
1971 832 2096 871 eum

2214 815 2548 878 Βιδάσκοντες
2605 815 2702 870 καὶ
2743 813 3229 884 εὐαγγελιζόμενοι
3261 813 3400 885 μετὰ
3446 815 3545 869 καὶ
3591 813 3810 882 ἐτέρων

516 915 644 970 aliis
679 915 929 984 pluribus
958 915 1186 969 verbum
1216 913 1454 968 Domini.
1481 913 1613 968 Post
1661 913 1869 983 aliquot
1915 922 2097 967 autent

2214 911 2297 963 ιδν
2328 909 2488 980 λόγον
2531 910 2627 963 τοῦ
2676 908 2908 980 Κυρίου.
2953 909 3110 963 Μετὰ
3145 908 3202 962 δέ
3235 926 3385 973 τινας
3415 908 3639 980 ἡμέρας
3675 904 3807 960 εἷπε

517 1006 636 1062 dics
661 1009 802 1062 dixit
833 1007 900 1061 ad
941 1006 1247 1061 Barnabam
1280 1005 1480 1060 Paulus
1507 1023 1520 1060 :
1549 1005 1901 1062 Revertentes
1917 1005 2105 1061 visite-

519 1117 646 1155 ntus
686 1102 882 1156 fratres
910 1117 1007 1172 per
1033 1101 1317 1155 universas
1338 1100 1657 1168 civitatesﬁin
1682 1101 1886 1165 quibus
1905 1100 2103 1170 praedi-

517 1193 766 1246 cavimus
794 1191 1020 1246 vet-bunt
1049 1191 1286 1258 Domini,
1317 1192 1592 1262 queulodo
1612 1205 1673 1247 se
1690 1190 1950 1247 habeant.
1974 1191 2104 1245 Bar-

521 1285 694 1340 nabas
713 1293 894 1339 autem
910 1285 1320 1342 volehatseeum
1340 1300 1620 1340 assumere
1648 1297 1697 1340 et
1714 1285 1978 1341 Joatmem
2009 1287 2104 1354 qui

521 1379 1018 1448 cognominabatur
1041 1377 1279 1434 Marcus.
1303 1379 1504 1433 Paulus
1523 1388 1702 1432 autem
1731 1381 1958 1449 rogabat
1977 1395 2103 1433 eutn

523 1469 712 1540 (utqui
731 1471 1080 1528 discessisset
1106 1471 1175 1527 ab
1189 1472 1273 1527 eis
1297 1471 1365 1528 de
1386 1471 1726 1542 Pamphylia,
1756 1481 1813 1527 et
1836 1485 1942 1525 nou
1974 1471 2109 1527 isset

523 1576 648 1614 eum
673 1561 822 1615 eisin
847 1563 1010 1634 opus)
1035 1580 1144 1617 non
1175 1563 1375 1619 debere
1391 1565 1586 1636 recipi.
1621 1563 1782 1620 Facta
1813 1573 1900 1619 est
1924 1571 2106 1619 autent

523 1652 826 1719 dissensio,
853 1654 928 1711 ita
955 1665 1008 1713 ut
1033 1656 1383 1712 discederent
1400 1657 1735 1718 abinvicem,
1760 1666 1814 1712 et
1829 1656 2109 1711 Barnabas

521 1747 744 1817 quidem
787 1758 1076 1818 assumpto
1106 1747 1289 1804 Marco
1309 1748 1587 1820 navigaret
1622 1746 2108 1818 Cypruut.l’aulus

523 1853 661 1895 «vero
681 1840 857 1895 electo
887 1841 997 1895 Sila
1037 1841 1318 1909 prolectus
1347 1850 1452 1908 est,
1478 1841 1714 1897 traditus
1733 1840 1920 1911 gratiae
1950 1839 2041 1895 Dei
2075 1854 2106 1893 a

521 1931 812 1988 fratribus.
841 1933 1266 1991 Perambulabat
1292 1945 1472 1991 autem
1509 1933 1720 2006 Syriam
1750 1941 1804 1987 et
1833 1932 2102 1994 Ciliciam,

401 2013 409 2021 ’
525 2025 862 2085 conﬁrmans
890 2027 1190 2092 Eeclesias,
1237 2029 1567 2101 praecipiens
1629 2026 1913 2084 custodire
1962 2041 2108 2098 pra:-

525 2128 682 2189 cepla
717 2118 1092 2191 apostolorum
1124 2129 1179 2174 et
1206 2123 1514 2175 seniorum.

1036 2299 1607 2358 COMMENTARIUS.

591 2389 838 2448 Joannes
880 2391 1308 2465 cognominatus
1333 2390 1553 2448 Marcus
1588 2391 1752 2448 simul
1776 2405 1900 2446 cum
1935 2391 2107 2447 Paulo

518 2491 582 2541 et
634 2480 885 2538 Barnaba
937 2497 968 2536 a
1023 2481 1316 2538 Palestina
1365 2496 1540 2552 usque
1599 2482 1654 2537 in
1727 2479 2104 2551 Pamphyliam

525 2575 817 2648 Evangelii
854 2588 1022 2632 causa
1047 2574 1314 2631 decurrit.
1344 2575 1414 2629 At
1445 2583 1660 2646 postea,
1715 2589 1839 2628 cum
1872 2571 2106 2644 apostoli

521 2683 755 2727 cursum
784 2683 1001 2725 summa
1036 2681 1161 2722 eum
1192 2665 1478 2722 alacritate
1525 2673 2012 2737 prosequerentur,
2053 2671 2109 2720 et

524 2757 810 2816 inﬂexibili
846 2757 1112 2814 adversus
1143 2757 1326 2811 omnia
1355 2755 1659 2810 certamina
1682 2763 1907 2824 pectore
1940 2754 2108 2808 obar-

523 2853 658 2907 mati
718 2858 907 2908 essent
962 2849 1104 2917 ;ille
1150 2849 1264 2919 jam
1317 2845 1672 2917 defatigatus,
1731 2845 1901 2900 veluti
1961 2844 2107 2900 haud

523 2946 660 3001 satis
683 2943 902 3000 roboris
937 2941 1146 2998 habens
1180 2941 1250 2997 ad
1282 2941 1446 2995 talem
1478 2947 1804 3010 tantumque
1855 2953 2104 3004 cursum,

521 3047 581 3092 et
601 3035 670 3093 ad
699 3035 1004 3093 certamina
1034 3042 1091 3092 et
1144 3033 1394 3104 pericula
1427 3047 1550 3104 quae
1579 3033 1635 3087 in
1665 3033 1912 3104 qualibet
1967 3031 2107 3086 civi-

2207 1001 2344 1072 πρδς
2401 1000 2691 1073 Βαρνάϐαν
2718 1003 2746 1054 ό
2778 1000 2993 1066 Παῦλος
3015 1019 3028 1032 ·
3077 1001 3549 1074 Ἐπιστρέψαντες
3570 1001 3639 1070 δὴ
3676 1003 3809 1054 imo

2208 1089 2542 1161 σκεψώμεθα
2571 1093 2698 1155 τοῦς
2728 1090 2992 1161 ἀδελφοὺς
3022 1091 3182 1163 ἡμῶν
3218 1091 3361 1146 κατὰ
3397 1093 3584 1145 πᾶσαν
3613 1093 3787 1144 πόλιν

2207 1185 2266 1239 ἐν
2317 1179 2406 1248 αἷς
2459 1184 2909 1255 κατηγγείλαμεν
2963 1186 3056 1238 τὸν
3084 1184 3242 1254 λόγον
3275 1185 3369 1238 τοῦ
3402 1184 3638 1254 Κυρίου,
3687 1185 3809 1236 πῶξ

2208 1276 2416 1348 ἔχουσι.
2456 1277 2750 1346 Βαρνάϐας
2801 1276 2858 1331 δὲ
2889 1277 3142 1332 ἐϐούλετο
3193 1276 3654 1347 συμπαραλαεεῖν
3713 1293 3788 1326 κα

2220 1369 2479 1439 Ἰωάννην
2523 1370 2618 1424 τὸν
2663 1370 3104 1442 ἐπικαλούμενον
3155 1371 3420 1442 Μάρκονο
3485 1370 3716 1430 Παῦλος
3754 1368 3826 1420 δὲ’

2207 1462 2364 1533 ὴξίου
2418 1463 2513 1517 τδν
2555 1462 2874 1517 ἀποστάντα
2928 1461 3026 1520 ἀπ’
3053 1463 3236 1516 αὐτῶν
3295 1461 3406 1516 ἀπὸ
3443 1462 3814 1531 Παμφυλίας,

2211 1556 2307 1608 καὶ
2339 1554 2416 1626 μὴ
2446 1554 2769 1610 συνελθόντα
2793 1556 2978 1617 αὐτοῖς
2999 1555 3080 1616 είς
3101 1555 3161 1607 τὸ
3189 1553 3372 1625 ἔργον,
3400 1554 3475 1624 μὴ
3498 1569 3692 1622 συμπ)
3707 1568 3789 1623 pa.

2210 1647 2399 1702 λαϐεῖν
2419 1647 2629 1702 τοῦτον.
2676 1647 2925 1716 Ἐγένετο
2955 1643 3051 1700 οὖν
3073 1645 3448 1716 παροξυσμὸς,
3486 1643 3634 1698 ὥστε
3671 1647 3818 1696 ἁπο-

2211 1739 2551 1813 χωρισθῆναι
2603 1739 2799 1804 αὐτοὺς
2837 1738 2934 1792 ἀπ’
2970 1738 3249 1811 ἀλλήλων⁹
3277 1738 3370 1791 τόν
3411 1734 3820 1806 τεΙὶαρνάϐαν

2211 1833 2598 1907 παραλαϐόντα
2645 1833 2739 1885 τὸν
2773 1831 3004 1904 Μάρκον
3053 1829 3360 1886 ἐκπλεῦσαι
3410 1831 3493 1894 είς
3543 1830 3817 1900 Κύπρον.

2211 1926 2429 1989 Παῦλος
2457 1925 2515 1978 δὲ
2555 1923 2951 1995 ἐπιλεξάμενος
2994 1925 3180 1990 Σίλαν,
3229 1923 3426 1994 ἐξῆλθε
3462 1922 3821 1994 παραδοθεὶς

2207 2019 2275 2086 τῇ
2307 2016 2492 2087 χάριτι
2519 2014 2614 2070 τοῦ
2649 2016 2856 2086 Κυρίου
2875 2015 2980 2069 ύπδ
2999 2016 3108 2071 τῶν
3147 2015 3414 2084 ἀδελφῶν.
3447 2015 3730 2085 Διήρχετο
3758 2013 3822 2067 δι

2207 2108 2308 2178 τὴν
2345 2106 2546 2179 Συρίαν
2572 2109 2666 2162 καὶ
2696 2107 2796 2178 τὴν
2816 2108 3092 2174 Κιλικίαν,
3118 2109 3488 2180 ἐπιστηρίζων
3527 2108 3633 2169 τὰς
3676 2105 3818 2159 ἐκ-

2210 2202 2458 2273 κλησίας.

2831 2294 3118 2349 EPMIINE
3132 2296 3226 2348 ΙΔ.

2280 2388 2537 2461 Ἰωάννης
2569 2392 2599 2442 ό
2628 2388 2974 2457 καλούμενος
3012 2388 3242 2459 Μάρκος
3285 2381 3354 2458 ἦν
3398 2385 3818 2457 συνοδοιποριῖη

2208 2482 2393 2544 αὐτοῖς
2444 2484 2523 2546 είς
2577 2483 2672 2536 τὸν
2703 2481 3059 2550 εὐαγγελικδν
3091 2480 3292 2551 δρόμον
3354 2479 3467 2535 ἀπὸ
3503 2479 3816 2535 Παλαιστί-

2208 2595 2308 2648 νης
2333 2577 2498 2647 μέχρι
2527 2578 2627 2647 τῆς
2665 2575 3013 2646 Παμφυλίας.
3055 2569 3192 2628 Εἶτα
3211 2572 3323 2626 τῶν
3353 2571 3681 2626 ἀποστόλων
3716 2572 3817 2625 εὐ-

2207 2669 2349 2740 τόνῳ
2388 2667 2748 2740 κεχρημένων
2809 2667 3020 2738 δρόμῳ,
3072 2667 3169 2720 καὶ
3220 2665 3476 2734 άκαμπεῖ
3527 2665 3596 2733 τῇ
3654 2663 3814 2734 ψυχῇ

2211 2764 2349 2834 πρὸς
2380 2765 2506 2827 τοὺς
2545 2763 2766 2831 ἀγῶνας
2786 2759 3186 2831 ὁπλιζομένων,
3215 2757 3443 2829 Μάρκος
3474 2757 3551 2821 ὡς
3581 2756 3815 2829 ἄνθρω-

2211 2872 2314 2918 πος
2345 2855 2647 2926 ναρκήσας,
2677 2855 2772 2907 καὶ
2823 2853 2900 2923 μὴ
2931 2851 3168 2906 εὐτονῶν
3191 2852 3329 2922 πρὸς
3363 2850 3457 2904 τδν
3475 2851 3687 2923 δρόμον
3711 2851 3816 2904 τὸν

2210 2948 2490 3012 τοσοῦτον,
2522 2947 2618 3000 καὶ
2675 2945 2816 3016 πρὸς
2852 2945 2979 3010 τούς
3031 2945 3092 2999 ἐν
3143 2943 3351 3018 ἑκάστῃ
3390 2942 3546 2997 πόλει
3589 2941 3818 2996 ἀνακύ-

2212 3057 2446 3103 πτοντας
2481 3038 2703 3107 ἀγῶνας
2761 3039 2857 3093 καὶ
2896 3037 3200 3103 κινδύνους,
3252 3035 3680 3106 ἀποταξάμενος
3726 3035 3815 3106 τῷ

522 3137 636 3186 tate
661 3127 1054 3194 occurrebant,
1089 3119 1417 3182 sustinenda
1479 3126 1673 3181 relicto
1731 3125 2102 3194 apostolorum

2214 3132 2396 3203 δρόμῳ
2431 3131 2540 3186 τῶν
2585 3130 2922 3193 ἀποστόλων,
2978 3128 3290 3200 ἐπανῆλθεν
3337 3129 3418 3191 είς
3463 3126 3564 3198 τὴν
3597 3128 3817 3182 Παλαιο

521 3221 813 3286 comitatu,
845 3221 901 3274 in
921 3218 1272 3274 Palaestinam
1302 3231 1560 3273 reversus
1586 3226 1669 3272 est
1699 3234 1714 3270 :
1743 3231 1852 3271 non
1881 3215 2102 3285 quidem

521 3319 587 3368 ut
615 3311 902 3368 Christum
936 3317 1187 3380 negaret,
1220 3308 1319 3365 sed
1364 3306 1751 3362 tantummodo
1775 3317 1838 3360 ut
1873 3305 2103 3360 nimium

521 3403 678 3460 illum
729 3402 946 3472 sibique
1005 3401 1173 3456 nimis
1215 3413 1436 3471 gravem
1493 3414 1721 3455 cursum
1774 3399 2104 3454 declinaret.

521 3492 887 3552 Postmodum
926 3506 1060 3547 vero
1089 3491 1259 3546 etiam
1290 3489 1498 3546 Paulus
1522 3497 1580 3547 et
1597 3487 1886 3544 Barnabas
1923 3488 2106 3551 redie-

520 3599 608 3652 re,
679 3584 903 3656 pietatis
960 3582 1240 3638 fructibus
1294 3583 1508 3649 onusti,
1570 3591 1630 3637 ut
1661 3594 1715 3636 et
1744 3581 2103 3652 Jerosolynti-

515 3685 672 3734 tante
734 3675 997 3732 Ecclesia:
1058 3674 1446 3745 praedicarent.
1499 3673 1637 3730 Cum
1693 3674 1862 3744 igitur
1913 3689 2109 3728 ottmes

526 3770 758 3826 Paulum
787 3779 844 3825 et
872 3767 1182 3824 Darnabam
1209 3769 1284 3824 ob
1313 3768 1580 3839 praclara
1630 3766 1874 3838 ipsorum
1939 3781 2109 3838 opera

524 3862 585 3916 in
639 3863 842 3916 ctelum
904 3858 1158 3916 laudibus
1223 3858 1504 3922 ellerrent,
1574 3857 1792 3912 Marcus
1854 3873 2107 3926 ruaguam

522 3954 804 4010 tristitiam
826 3959 882 4009 et
928 3953 1416 4023 compunctiouem
1477 3949 1678 4007 exinde
1712 3950 1988 4021 concepit.
2053 3956 2110 4005 et

524 4045 767 4102 fortasse
794 4044 942 4100 intra
975 4059 1036 4100 se
1086 4044 1194 4101 hoc
1225 4043 1539 4100 revolvebat
1567 4060 1580 4096 :
1609 4041 1716 4108 En,
1741 4045 1786 4099 si
1842 4059 1942 4114 ego
1974 4058 2109 4098 con-

524 4154 653 4196 sors
687 4139 942 4193 laborum
982 4136 1240 4202 luissem,
1271 4150 1420 4192 nunc
1462 4139 1576 4206 jam
1609 4137 1782 4192 iorem
1832 4137 2108 4208 particeps

521 4229 929 4286 encomiorum.
975 4229 1232 4286 Decrevit
1275 4230 1462 4300 itaque
1488 4245 1684 4286 rursus
1724 4245 1848 4286 cum
1900 4229 2107 4285 eisdem

522 4324 790 4397 apostolis
811 4322 1224 4394 praedicationis
1249 4337 1393 4378 onus
1421 4336 1724 4378 resumere.
1751 4321 1925 4377 Porro
1976 4320 2108 4375 Dar-

477 4474 479 4477 .
524 4417 698 4473 nabas
722 4430 848 4470 eum
869 4415 1282 4484 resipiscentem
1301 4415 1586 4485 suscipere
1614 4429 1721 4470 non
1745 4413 2104 4471 detrectabat:

2214 3227 2401 3297 στίνην
2422 3239 2438 3256 ο
2495 3224 2559 3278 οὐ
2589 3223 2828 3292 Χριστὸν
2861 3223 3266 3293 ἀρνησάμενος,
3299 3220 3436 3274 ἀλλὰ
3473 3220 3566 3274 τὸν
3595 3220 3817 3290 δρόμον

2209 3317 2302 3372 τὸν
2357 3315 2528 3368 πολὺν
2558 3313 2635 3378 ὡς
2672 3313 2846 3386 βαρὺν
2889 3302 3400 3383 παραιτησάμενος.
3461 3311 3816 3378 Ἑπανῆλθον

2212 3409 2375 3464 πάλιν
2427 3405 2644 3467 Παῦλος
2693 3407 2788 3460 καὶ
2848 3403 3164 3476 Βαρνάϐας,
3195 3403 3448 3474 καρποὺς
3511 3402 3816 3467 εὐσεϐείας

2211 3504 2500 3573 γέμοντες,
2533 3500 2630 3554 καὶ
2661 3498 3144 3569 εὐαγγελιζόμενοι
3173 3498 3274 3567 τὴν
3307 3499 3367 3550 ἐν
3403 3495 3819 3566 Ἱεροσολύμοις

2225 3591 2581 3660 Ἐκκλησίαν.
2627 3589 2751 3644 Τῶν
2799 3588 2972 3643 ἐθνῶν
3002 3586 3099 3643 οὖν
3159 3590 3379 3642 πάντων
3430 3587 3818 3642 ἐπαινούντων

2209 3688 2303 3740 τόν
2333 3684 2543 3738 Παῦλον
2591 3682 2686 3735 καὶ
2710 3681 2804 3736 τὸν
2833 3680 3122 3750 Παρνάϐαν
3145 3681 3238 3734 ἐπὶ
3279 3681 3392 3743 τοῖς
3421 3678 3808 3748 κατορθώμα-

2214 3795 2322 3840 σιν,
2352 3777 2381 3828 6
2416 3775 2650 3845 Μάρκος
2703 3772 2966 3842 λυπηθείς
3005 3772 3221 3843 ἐπλήγη
3278 3771 3380 3841 τὴν
3428 3769 3631 3840 ψυχὴν,
3711 3770 3814 3822 καὶ

2220 3866 2353 3927 ἴσως
2411 3863 2688 3928 ἐνενόησε,
2739 3861 2936 3928 λέγων,
2982 3863 3064 3915 ὃτι
3104 3861 3165 3914 ΕΞ
3205 3861 3356 3932 ήμην
3397 3861 3658 3923 κοινωνὸς
3696 3861 3819 3912 τῶν

2212 3957 2412 4019 πόνων,
2444 3955 2715 4024 ἐγενόμην
2766 3953 2836 4008 ἂν
2898 3954 3028 4024 ἄρτι
3077 3953 3172 4008 καὶ
3224 3951 3480 4016 κοινωνὸς
3506 3952 3615 4004 τῶν
3647 3954 3819 4006 tuai-

2210 4062 2340 4109 νων,
2374 4045 2472 4099 κτιιῖ⁵
2533 4042 2898 4098 ἐϐουλεύσατο
2950 4045 3064 4107 τοῖς
3093 4043 3420 4106 ἀποστόλοις
3458 4042 3818 4108 συνεξελθεῖν

2210 4139 2293 4203 είς
2325 4139 2388 4192 τὸ
2443 4139 2738 4209 κήρυγμα.
2775 4137 2840 4193 '0
2888 4132 2985 4193 οὖν
3038 4137 3328 4210 Βαρνάϐας
3386 4137 3820 4208 μετανοήσαντα

2209 4231 2374 4286 αὐτὸν
2433 4230 2688 4298 ἐδέξατο·
2737 4232 2768 4284 6
2823 4230 3038 4296 Παῦλος
3084 4230 3413 4300 ἐφιλονείκει
3450 4231 3547 4284 καὶ
3604 4231 3814 4300 ἐλεγε’

2211 4324 2318 4378 Τὸν
2360 4323 2436 4393 μὴ
2491 4323 2815 4378 συνελθόντα
2864 4323 3002 4393 ἡμῖν
3033 4326 3114 4386 είς
3154 4323 3216 4376 τό
3269 4323 3433 4393 ἔργον
3473 4323 3690 4394 Κυρίου
3749 4327 3814 4380 οὐ

2211 4416 2292 4468 δεῖ
2321 4413 2917 4485 συμπαραλαμϐάνειν.
2967 4413 3031 4469 Ἦ
3075 4413 3171 4468 οὖν
3198 4415 3390 4479 στάσις
3445 4415 3816 4486 δικαιοσύνης

525 4517 584 4563 at
610 4508 881 4564 renuebat
931 4506 1092 4578 27],
1122 4506 1328 4563 Paulus
1356 4506 1548 4564 dicens
1585 4522 1598 4559 :
1628 4507 1766 4562 Cum
1807 4507 2105 4562 nobiscum

2214 4503 2304 4578 ἧν,
2340 4505 2404 4559 οὐ
2439 4505 2633 4575 θυμοῦ.
2692 4507 2753 4559 '0
2798 4504 3012 4571 Παῦλος
3043 4507 3229 4577 ἐζήτει
3256 4508 3320 4562 τὸ
3350 4507 3580 4573 δίκαιον,
3608 4509 3817 4579 634p—

527 4617 640 4655 non
673 4599 890 4654 venerit
913 4601 982 4656 ad
1030 4615 1171 4668 opus
1205 4598 1322 4663 Dei,
1357 4614 1465 4655 non
1487 4607 1704 4669 oportet
1739 4615 1864 4654 eum
1926 4600 2108 4655 susci-

524 4707 677 4764 pere.
727 4691 1013 4747 Disseusio
1061 4691 1166 4746 ista
1212 4706 1321 4745 non
1376 4693 1566 4760 utique
1611 4706 1678 4746 ex
1726 4690 1829 4753 ira,
1879 4693 1976 4746 sed
2039 4706 2104 4744 ex

524 4785 644 4840 zelo
670 4784 731 4854 ju
747 4783 912 4840 stitia:
937 4783 1288 4853 procedebat.
1319 4781 1452 4838 Nam
1476 4783 1704 4846 Paulus,
1730 4784 2103 4854 quodjustum

523 4889 664 4939 erat.
709 4877 1025 4946 quaerebat;
1068 4874 1348 4932 Barnabas
1405 4877 1802 4932 humanitatem
1856 4877 2110 4947 praefere-

523 4970 640 5026 bat.
675 4971 803 5023 Erat
827 4969 990 5040 igitur
1015 4969 1230 5024 Marcus
1283 4985 1407 5024 cum
1440 4969 1716 5033 Barnaha,
1775 4969 2110 5029 adlaborans

522 5069 579 5115 et
607 5059 968 5114 circumiens.
993 5058 1100 5115 Sed
1128 5058 1334 5115 Paulus
1365 5059 1608 5114 ﬁdelium
1643 5060 1884 5115 ccetibus
1920 5060 2113 5131 praeci-

528 5150 734 5220 piebat,
775 5165 845 5204 ne
880 5151 1061 5220 ipsum
1098 5150 1444 5216 reciperent:
1481 5164 1588 5205 non
1613 5149 1858 5220 quidem,
1899 5161 1959 5204 ut
1982 5166 2108 5205 eum

526 5241 886 5296 contristaret
906 5279 922 5303 ,
952 5238 1046 5295 sed
1078 5247 1137 5293 ut
1167 5238 1287 5308 ejus
1321 5239 1567 5294 studium
1596 5232 1875 5294 int-itaret.
1905 5238 2110 5305 Quare.

522 5342 728 5386 uteum
791 5331 926 5385 vidit
978 5346 1286 5399 congruum
1333 5331 1640 5402 arripuisse
1690 5331 1986 5393 fervorem.
2042 5347 2107 5388 ac

521 5422 828 5495 posteriore
875 5422 1156 5491 diligentia
1191 5422 1586 5492 praecedentem
1639 5438 1906 5494 purgasse
1956 5421 2101 5480 desi-

523 5513 694 5578 diam,
739 5516 908 5585 ctepit
962 5515 1114 5570 illum
1173 5515 1580 5582 commendare,
1616 5515 1690 5571 ita
1726 5516 1979 5574 scribens
2001 5518 2051 5551 "
2087 5535 2100 5572 :

530 5623 548 5658 ι
585 5603 801 5660 Salutat
853 5622 950 5664 vos
1015 5606 1235 5666 Marcus
1301 5609 1669 5667 consobrinus
1697 5610 1983 5676 Barnabm,
2035 5611 2104 5670 de

611 5780 658 5816 ⁷⁸
715 5780 930 5840 Coloss.
980 5797 1052 5846 tv,
1105 5780 1195 5837 10.

2217 4599 2390 4662 νάϐας
2419 4599 2482 4651 τὸ
2515 4598 2922 4666 φιλάνθρωπον.
2958 4598 3138 4668 Συνῆν
3183 4600 3364 4654 τοίνυν
3388 4603 3415 4654 ὁ
3451 4600 3689 4672 Μάρκος
3730 4602 3814 4670 τῷ

2214 4691 2475 4763 Βαρνάϐα
2510 4691 2828 4754 σπουδάζων
2851 4708 2864 4722 ·
2914 4692 3012 4745 καὶ
3072 4693 3285 4763 τρέχων
3314 4694 3344 4746 ό
3376 4691 3610 4755 Παῦλος,
3679 4697 3814 4758 ταῖς

2228 4783 2579 4854 Ἐκκλησίαις
2623 4783 2965 4855 παρήγγειλε
2999 4785 3075 4855 μὴ
3115 4785 3373 4856 δεχθῆναι
3404 4785 3496 4839 τὸν
3528 4785 3773 4856 Μάρκον
3794 4805 3812 4818 ·

2214 4878 2312 4947 οὐχ
2371 4876 2458 4930 ἵνα
2508 4876 2749 4948 λυπήσῃ,
2813 4877 2929 4931 ἀλλ’
2953 4877 3041 4930 ἵνα
3103 4878 3517 4936 σπουδαιότερον
3569 4884 3813 4953 ποιηση.

2223 4971 2313 5031 Ὠς
2343 4967 2402 5021 δέ
2430 4964 2569 5021 εἶδεν
2599 4970 2627 5022 6
2672 4967 2884 5032 Παῦλος
2912 4969 3257 5039 προλαϐόντα
3279 4970 3379 5040 τὴν
3416 4970 3660 5041 σπουδὴν
3706 4975 3812 5027 τόν

2213 5061 2466 5132 Μάρκον,
2496 5063 2589 5114 καὶ
2631 5060 3118 5131 ἀπολογησάμενον
3142 5061 3232 5116 διὰ
3247 5062 3358 5116 τῶν
3383 5062 3676 5131 δευτέρων,
3701 5063 3817 5136 ἄρ-

2210 5169 2370 5224 χεται
2423 5153 2588 5206 αὐτὸν
2641 5155 3062 5223 παρατίθεσθαι,
3100 5155 3195 5210 καί
3222 5173 3424 5226 φησιν’
3460 5174 3480 5206 ι
3519 5156 3808 5221 ’Λσπάζεο

2210 5263 2300 5298 ται
2333 5245 2478 5315 ὑμᾶς
2510 5245 2738 5317 Μάρκος
2773 5248 2802 5301 6
2828 5247 3052 5317 ἀνεψιὸς
3080 5249 3360 5318 Βαρνάϐα,
3410 5251 3539 5321 περὶ
3583 5244 3650 5304 οὗ
3673 5251 3812 5304 ἐλά-

2213 5336 2336 5388 ϐετε
2366 5336 2588 5401 ἐντολάς
2609 5356 2622 5368 ο
2656 5338 2752 5390 ἐὰν
2785 5338 2938 5411 ἔλθῃ,
2957 5339 3185 5406 δέξασθε
3216 5340 3399 5393 αὐτόν.
3427 5361 3446 5393 ι
3478 5369 3549 5382 --
3585 5361 3606 5393 ε
3644 5343 3812 5409 Ἐγέο

2211 5444 2336 5483 vero
2389 5423 2481 5482 οῦν
2529 5429 2905 5497 παροξυσμός.
2939 5450 2958 5482 ι
3003 5462 3075 5474 —-
3127 5451 3146 5484 ι
3174 5432 3550 5505 Παροξυσμδς,
3602 5436 3806 5503 φησὶν,

2212 5518 2500 5588 ἐγένετο,›
2553 5522 2655 5572 οὐκ
2708 5521 2900 5590 ἔχθρα,
2935 5523 2996 5575 οὐ
3028 5524 3355 5591 φιλονεικία.
3412 5525 3682 5579 Τοσοῦτον
3735 5527 3805 5581 δὲ

2213 5611 2438 5683 ἴσχυσεν
2486 5612 2516 5666 ό
2571 5612 2948 5685 παροξυσμὸς,
3002 5615 3144 5671 ὥστε
3199 5620 3434 5690 χωρίσαι
3463 5620 3665 5685 αὐτοὺς
3692 5621 3804 5676 ἀπ’
