4090 6304
340 350 448 414 989

984 354 1521 418 EXPOSITIONIS
1554 358 1637 419 IN
1666 358 1865 419 ACTA
1897 317 2199 423 TEXTUS
2222 361 2497 424 ALTER.
2532 386 2603 397 --
2630 360 2788 424 CAP.
2818 360 2973 425 XVI.

3489 353 3592 419 99!!

338 463 768 537 ἐκταράσσουσιν
796 466 955 539 ἡμῶν
984 469 1084 541 τὴν
1112 470 1288 532 πόλιν,
1315 471 1563 526 Ἰουδαῖοι
1622 471 1898 543 ὑπάρχον-

2018 488 2128 528 :um
2178 474 2353 532 simus
2402 475 2657 532 Romani.
2703 473 2763 530 Et
2808 473 3055 531 cucurrit
3113 471 3264 543 plebs
3322 469 3588 525 adversus

336 575 447 624 τες,
473 560 568 613 καὶ
582 560 1041 629 καταγγέλλοντες
1065 561 1184 634 εθη,
1199 562 1357 618 ἃ³οὐκ
1382 562 1557 629 ἕξεσιν
1574 563 1705 634 ἡμῖν
1718 580 1898 632 παρα‹

334 652 757 723 δέχεσθαι,ξούδέ
786 656 980 721 ποιεῖν,
1021 654 1318 727 Ῥωμαίοις
1345 651 1487 711 οὖσι.
1527 655 1641 711 Καὶ
1679 655 1909 710 συνεπέ-

337 763 438 816 στη
459 746 487 798 ὁ
501 746 657 817 δχλος
685 747 807 801 κατ’
824 747 1026 816 αὐτῶν,
1043 748 1137 802 καὶ
1149 751 1199 803 oi
1216 748 1516 821 στρατηγοὶ
1529 765 1599 802 πε
1605 747 1904 820 ριρρήξαν-

333 853 426 900 τες
457 838 637 893 αὐτῶν
666 839 734 892 τὰ
767 839 985 909 ίμάτια,
1011 840 1263 895 ἐκέλευον
1292 840 1588 913 ῥαϐδίζειν.
1610 841 1819 905 Πολλάς
1845 856 1907 895 τε

333 930 616 994 ἐπιθέντες
638 931 822 996 αὐτοῖς
848 931 1084 1001 πληγὰς,
1097 933 1285 987 ἔϐαλον
1303 934 1384 998 είς
1399 933 1666 1004 φυλακὴν,
1685 949 1908 1005 παραγ-

331 1038 396 1087 γε
406 1020 612 1085 ίλαντες
629 1024 704 1091 τῷ
717 1023 1109 1095 δεσμοφύλακι.
1121 1025 1378 1095 ἀσφαλῶς
1386 1027 1570 1097 τηρεῖν
1581 1024 1797 1088 αὐτούς.
1808 1024 1908 1089 Ὃς

333 1114 712 1182 παραγγελίαν
734 1116 988 1186 τοιαύτην
1002 1115 1262 1189 εἰληφὼς,
1286 1116 1477 1171 ἔϐαλεν
1503 1117 1699 1181 αὐτοὺς
1714 1118 1795 1179 είς
1808 1115 1907 1186 τὴν

330 1203 609 1271 ἐσωτέραν
637 1205 906 1277 φυλακὴν,
923 1208 1019 1262 καὶ
1042 1210 1168 1273 τοὺς
1190 1207 1357 1272 πόδας
1371 1207 1551 1263 αὐτῶν
1569 1208 1907 1279 ἠσφαλίσατο

329 1296 413 1359 είς
429 1297 490 1349 τὸ
506 1295 685 1362 ξύλον.
708 1299 864 1352 Κατὰ
876 1299 933 1354 δέ
948 1300 1009 1354 τὸ
1025 1298 1394 1370 μεσονύκτιον,
1411 1299 1619 1364 Παῦλος
1634 1300 1727 1354 καὶ
1742 1299 1904 1361 Σίλας

328 1386 778 1459 προσευχόμενοι,
794 1390 996 1461 ὕμνουν
1014 1392 1105 1445 τὸν
1117 1392 1274 1447 Θεόν·
1288 1394 1641 1464 ἐπηκροῶντο
1653 1391 1709 1446 δὲ
1725 1391 1902 1445 αὐτῶν

324 1480 379 1531 οῖ
401 1480 629 1549 δέσμιοι.
650 1482 840 1551 ’Ἄφνω
861 1479 919 1536 δέ
941 1485 1161 1554 σεισμὸς
1179 1486 1395 1558 ἐγένετο
1414 1484 1605 1555 μέγας,
1640 1483 1781 1539 ὥστε
1802 1500 1903 1537 σα-

326 1570 495 1639 λευθῆ
506 1590 589 1626 ναι
599 1573 666 1627 τὰ
683 1573 909 1643 θεμέλια
927 1573 1022 1630 τοῦ
1033 1577 1431 1647 δεσμωτηρίου.
1448 1574 1830 1648 ’Πνεῴχθησαν
1845 1575 1902 1629 δέ

326 1663 672 1733 παραχρῆμα
689 1663 745 1716 αί
764 1663 924 1734 θύραι
942 1667 1136 1731 πᾶσαι,
1165 1667 1260 1720 καὶ
1279 1666 1496 1720 πάντων
1525 1666 1593 1720 τὰ
1612 1665 1785 1737 δεσμὰ
1805 1667 1904 1719 ἀν-

328 1749 452 1819 έθη.
490 1750 758 1818 Ἔξυπνος
781 1753 838 1809 δὲ
861 1755 1156 1826 γενόμενος
1178 1758 1206 1810 ὁ
1238 1755 1605 1826 δεσμοφύλαξ,
1641 1755 1739 1810 καὶ
1778 1756 1901 1809 ίδὼν

332 1842 690 1912 ἀνεῳγμένας
732 1845 833 1909 τὰς
889 1844 1062 1917 θύρας
1095 1847 1193 1917 τῆς
1228 1846 1496 1918 φυλακῆς,
1557 1847 1909 1918 σπασάμενος

332 1934 846 2006 μάχαιραν,ήθελεν
880 1939 1075 1993 ἑαυτὸν
1132 1940 1402 2011 ἀναιρεῖν,
1456 1939 1696 2008 νομίζων
1744 1940 1912 1993 ἐκπε-

329 2026 595 2092 φευγέναι
630 2027 756 2091 τοὺς
782 2027 1065 2099 δεσμίους.
1095 2028 1377 2099 Ἐφὼνησε
1421 2031 1478 2083 δὲ
1506 2034 1659 2101 φωνῇ
1697 2030 1910 2103 μεγάλῃ

327 2115 358 2172 ὁ
383 2115 614 2181 Παῦλος,
638 2118 846 2188 λέγων’
900 2122 1084 2191 Μηδὲν
1147 2123 1362 2194 πράξῃς
1423 2123 1634 2192 σεαυτῷ
1690 2124 1861 2177 κακόν
1895 2138 1910 2153 ο

330 2207 609 2275 Ἅπαντες
639 2211 746 2281 γάρ
792 2214 961 2283 ἐσμεν
988 2214 1199 2270 ἐνθάδε.
1230 2215 1466 2283 Αἱτήσας
1494 2214 1551 2267 δὲ
1594 2213 1749 2283 φῶτα
1794 2215 1911 2268 είσ-

327 2299 595 2370 επήδησε,
640 2302 735 2355 καὶ
786 2300 1048 2374 ἔντρομος
1109 2304 1420 2373 γενόμενος,
1467 2302 1777 2373 προσέπεσε
1833 2302 1912 2373 τῷ

330 2391 539 2463 Παύλῳ
566 2394 661 2447 καὶ
691 2393 772 2465 τῷ
802 2394 933 2465 Σίλᾳ
953 2412 968 2428 ·
1007 2395 1100 2450 καὶ
1156 2394 1493 2468 προαγαγὼν
1546 2394 1744 2458 αὐτοὺς
1777 2393 1904 2459 ἐξω,

330 2487 437 2558 ἔφη
469 2502 485 2517 ·
514 2486 712 2557 Κύριοι
742 2505 869 2558 μου,
901 2488 953 2542 τί
996 2505 1063 2559 με
1087 2489 1170 2542 δεῖ
1198 2490 1367 2541 ποιεῖν
1418 2490 1509 2541 ἵνα
1540 2486 1698 2541 σωθῶ
1726 2502 1742 2552 ;
1771 2486 1912 2540 Οἱδέ

330 2577 527 2635 εἷπονο
565 2581 862 2636 Πίστευσον
881 2582 974 2634 ἐπὶ
1014 2583 1109 2635 τὸν
1133 2580 1339 2653 Κύριον
1384 2579 1597 2650 Ἰησοῦν
1652 2579 1910 2651 Χριστὸν,

332 2675 429 2728 καὶ
454 2674 679 2748 σωθήσῃ
707 2676 773 2729 σὺ
794 2676 891 2730 καὶ
914 2678 943 2730 ὁ
976 2671 1124 2738 οἶκός
1146 2691 1259 2729 σου.
1295 2674 1406 2729 Καὶ
1435 2672 1710 2745 ἐλάλησαν
1754 2670 1904 2741 αὐτῷ

331 2768 425 2820 τὶν
459 2767 618 2835 λόγον
645 2766 741 2821 τοῦ
766 2768 972 2838 Κυρίου
998 2767 1093 2821 καὶ
1123 2768 1259 2821 πᾶσι
1282 2768 1397 2829 τοῖς
1433 2768 1489 2820 ἐν
1524 2767 1590 2836 τῇ
1615 2765 1765 2835 οίκίᾳ
1807 2764 1908 2817 αύ-

330 2858 452 2916 τοῦ.
483 2859 589 2912 Καὶ
621 2859 1064 2931 συμπαραλαϐὼν
1092 2859 1290 2922 αὐτοὺς
1335 2859 1394 2912 ἐν
1443 2856 1629 2930 ἐκείνῃ
1667 2857 1735 2926 τῇ
1784 2853 1907 2927 ὥρᾳ

333 2950 551 3014 νυκτὸς,
575 2951 798 3005 ἔλουσεν
823 2952 933 3005 ἀπὸ
969 2951 1080 3005 τῶν
1124 2950 1350 3021 πληγῶν
1379 2968 1395 2981 ·
1454 2950 1549 3003 καὶ
1603 2945 1909 3015 ἐϐαπτίσθη

2017 580 2136 633 eos,
2169 573 2221 623 et
2253 569 2631 639 magistratus.
2649 567 2833 623 scissis
2852 567 3053 621 tunicis
3078 563 3588 633 eorum,jusserunt

2017 671 2116 714 eos
2145 660 2313 730 virgis
2352 660 2504 715 caedi.
2559 658 2779 713 Etcum
2817 660 3018 714 multas
3056 659 3242 727 plagas
3279 658 3362 712 eis
3414 656 3586 725 impo-

2018 748 2284 811 suissent,
2326 749 2594 804 miserunt
2630 764 2726 806 eos
2770 748 2825 804 in
2874 763 3173 810 carcerem.
3217 746 3591 815 praecipientes

2017 838 2261 903 custodi,
2289 845 2350 894 ut
2373 839 2669 909 diligenter
2693 839 2997 895 custodiret
3036 854 3152 895 eos.
3188 836 3289 905 Qui
3319 853 3442 892 cum
3483 837 3591 890 tale

2018 941 2351 1004 praeceptum
2384 932 2709 1002 accepisset,
2732 930 2879 988 misit
2910 946 3007 987 eos
3035 932 3089 986 in
3123 931 3438 986 interiorem
3468 944 3593 985 car-

2017 1039 2221 1092 cerem,
2253 1034 2309 1080 et
2329 1023 2497 1096 pedes
2514 1020 2703 1079 eorum
2737 1025 2960 1079 strinxit
2984 1024 3153 1094 ligno.
3192 1022 3364 1078 Media
3404 1032 3588 1078 autem

2016 1127 2180 1175 nocte
2221 1117 2427 1173 Paulus
2453 1124 2509 1173 et
2540 1116 2685 1172 Silas
2718 1127 2945 1172 orantes
2990 1115 3285 1171 laudabant
3316 1114 3506 1179 Deum,
3535 1124 3591 1169 et

2019 1211 2315 1266 audiebant
2345 1223 2442 1265 eos
2489 1208 2583 1280 qui
2628 1210 2684 1263 in
2719 1207 2967 1264 custodia
3011 1213 3189 1263 erant.
3238 1204 3433 1261 Subito
3464 1220 3592 1259 vero

2017 1299 2184 1374 27E.
2215 1308 2558 1357 terraetnotus
2588 1301 2765 1355 factus
2785 1307 2871 1356 est
2898 1315 3130 1369 magnus
3161 1341 3176 1365 ,
3224 1298 3299 1354 ita
3324 1309 3386 1354 ut
3413 1313 3595 1353 move-

2018 1402 2209 1450 rentur
2238 1393 2594 1450 fundamenta
2627 1394 2889 1450 carceris.
2934 1391 3001 1446 Et
3036 1393 3221 1447 statim
3247 1400 3431 1463 aperta
3464 1402 3591 1448 sunt

2016 1483 2197 1539 omnia
2241 1483 2405 1547 ostia,
2434 1491 2489 1539 et
2546 1483 2926 1539 universorum
2970 1481 3184 1537 vincula
3225 1483 3405 1537 soluta
3439 1492 3589 1538 sunt.

2011 1575 2446 1647 Expergcl‘actus
2501 1583 2682 1630 autem
2730 1586 2921 1632 custos
2972 1577 3212 1630 carceris
3252 1614 3270 1639 ,
3304 1584 3358 1630 et
3399 1576 3591 1631 videns

2010 1667 2212 1737 ianuas
2249 1675 2470 1737 apertas
2500 1669 2780 1730 carceris,
2830 1667 3119 1736 cvaginato
3152 1666 3332 1735 gladio
3378 1665 3591 1720 volebat
3678 1718 3681 1719 ν

2015 1774 2076 1815 se
2107 1758 2437 1822 interﬁcere,
2487 1760 2771 1813 mstimans
2817 1757 3023 1827 lugisse
3068 1758 3300 1812 vinctos.
3327 1756 3592 1811 Clamavit

2014 1862 2194 1907 autem
2226 1852 2430 1905 Paulus
2467 1866 2602 1905 voce
2637 1865 2852 1921 magna,
2883 1850 3076 1906 dicens
3107 1866 3122 1903 :
3162 1848 3305 1904 Nihil
3335 1849 3431 1904 tibi
3463 1849 3590 1904 mali

2016 1943 2208 1999 feceris
2231 1961 2249 2011 ;
2273 1943 2512 2000 universi
2534 1945 2679 1999 enim
2707 1944 2794 1998 hic
2816 1957 3030 2000 sumus.
3050 1942 3334 2013 Pctitoqnc
3364 1944 3589 2006 lumine.

2015 2034 2384 2104 introgressus
2410 2043 2536 2099 est;
2595 2044 2654 2089 et
2698 2032 3052 2090 tremefactus
3096 2035 3331 2103 procidit
3354 2034 3503 2089 Pauli
3537 2041 3592 2090 et

2019 2127 2148 2183 Sila:
2182 2129 2248 2181 ad
2284 2126 2469 2196 pedes,
2505 2136 2558 2181 et
2588 2128 2896 2195 produccns
2922 2142 3018 2183 eos
3056 2126 3224 2188 foras.
3259 2129 3334 2181 ait
3363 2142 3380 2183 ι
3405 2125 3591 2181 Domi-

2017 2220 2096 2283 ni,
2127 2218 2258 2289 quid
2291 2232 2378 2273 me
2402 2227 2619 2287 Oportet
2654 2218 2835 2273 facere
2856 2259 2873 2283 ,
2908 2225 2968 2273 ut
2998 2219 3184 2275 salvus
3210 2217 3330 2272 liam
3356 2218 3381 2272 ’ί
3410 2219 3476 2271 At
3510 2217 3591 2272 illi

2011 2312 2304 2368 dixerunt:
2337 2309 2511 2366 Crede
2539 2311 2592 2365 in
2626 2311 2911 2366 Dominum
2941 2307 3150 2375 Iesum,
3181 2319 3241 2365 et'
3273 2311 3459 2366 salvus
3480 2308 3593 2366 eris

2012 2410 2067 2454 tu
2107 2410 2162 2456 et
2202 2399 2401 2455 dooms
2434 2407 2552 2454 tua.
2593 2398 2657 2454 Et
2687 2401 2856 2455 locuti
2887 2409 3017 2455 sunt
3047 2399 3096 2452 ei
3124 2399 3345 2453 verbum
3379 2397 3589 2453 Domini

2012 2504 2137 2544 cum
2177 2488 2434 2544 omnibus
2472 2490 2567 2560 qui
2607 2496 2767 2544 erant
2805 2488 2860 2544 in
2912 2488 3075 2542 domo
3106 2487 3250 2557 ejus.
3298 2486 3361 2540 Et
3395 2487 3592 2544 tollens

2011 2595 2105 2637 eos
2158 2580 2212 2634 in
2250 2581 2341 2635 illa
2384 2581 2519 2635 bora
2571 2579 2771 2645 noctis,
2816 2578 2948 2633 lavit
2997 2584 3184 2649 plagas
3229 2594 3419 2634 eorum
3462 2593 3479 2644 ;
3523 2587 3579 2634 et

2018 2669 2325 2740 baptizatus
2350 2679 2435 2725 est
2461 2669 2601 2737 ipse,
2631 2676 2687 2723 et
2725 2668 2904 2723 omnis
2938 2668 3133 2724 domus
3153 2667 3273 2738 ejus
3305 2667 3590 2723 continuo.

2014 2761 2263 2831 Cumque
2296 2761 2642 2832 perduxisset
2671 2774 2767 2815 eos
2794 2760 2849 2815 in
2882 2759 3103 2815 domum
3133 2775 3311 2824 suam,
3341 2759 3594 2828 apposuit

2016 2856 2098 2909 eis
2148 2868 2416 2921 mensam,
2467 2860 2522 2909 et
2567 2854 2781 2908 laetatus
2811 2857 2896 2908 est
2940 2866 3066 2907 cum
3104 2850 3251 2907 omni
3296 2850 3459 2905 domo
3492 2864 3591 2907 sua

2017 2947 2245 3001 credens
2276 2945 2412 3001 Deo.

329 3043 496 3107 αὐτὸς
544 3045 640 3097 καὶ
662 3046 714 3097 οἱ
746 3043 865 3114 μετ’
896 3042 1064 3100 αὐτοῦ
1088 3044 1290 3105 πάντες
1345 3040 1714 3113 παραχρῆμα.
1754 3037 2077 3107 Ἀναγαγὼν
2100 3053 2160 3089 τε
2184 3036 2384 3101 αὐτοὺς
2412 3036 2494 3101 είς
2520 3036 2614 3092 τδν
2676 3030 2828 3092 οἶκον
2872 3034 3062 3099 αὐτοῦ,
3124 3033 3405 3107 παρέθηκε
3463 3030 3595 3105 apd-

333 3135 524 3201 πεζαν,
560 3135 655 3189 καὶ
718 3132 1088 3205 ἠγαλλιάσατο
1134 3133 1357 3187 πανοικὶ
1409 3130 1789 3197 πεπιστευκὼς
1832 3130 1911 3201 τῷ
1946 3129 2092 3200 Θεῷ.

909 3223 1296 3278 EPMHNEIA.
1933 3225 1981 3285 ο

408 3318 647 3389 Λέγεται
673 3318 708 3389 ἡ
731 3316 903 3374 Πυθία
936 3316 1098 3386 αῦτη,
1129 3317 1266 3386 γυνῄ
1309 3332 1391 3378 τις
1422 3313 1559 3369 οῦσα
1588 3313 1911 3369 ἐπικαθίσαι

337 3410 419 3481 τῷ
438 3410 654 3483 τρίποδι
680 3408 776 3464 τοῦ
849 3407 1206 3471 Ἀπόλλωνος,
1272 3405 1558 3477 διαιροῦσα
1598 3405 1668 3459 τὰ
1706 3405 1870 3476 σκέλη
1892 3420 1909 3437 ⁸

338 3501 440 3558 εἶθ’
471 3502 616 3557 οῦτω
658 3500 880 3572 πνεῦμα
918 3499 1157 3569 πονηρὸν
1217 3498 1599 3569 ἀναδιδόμενον
1642 3498 1909 3564 κάτωθεν,

336 3599 436 3652 καὶ
465 3597 556 3650 διὰ
579 3594 689 3649 τῶν
720 3592 1057 3664 γεννητικῶν
1076 3590 1248 3662 αὐτῆς
1278 3592 1647 3662 διαδιδόμενον
1679 3593 1911 3663 μορίων,

341 3687 589 3761 πληροῦν
637 3686 761 3757 τὴν
796 3687 1032 3753 γυναῖκα
1082 3684 1183 3753 τῆς
1226 3682 1446 3755 μανίας,
1463 3684 1558 3738 καὶ
1609 3681 1815 3755 ταύτης
1844 3681 1911 3756 [Ι.

337 3775 575 3850 ταύτην]
608 3776 708 3839 τὰς
740 3775 933 3847 τρίχας
954 3773 1207 3836 λύουσαν,
1240 3773 1424 3827 λοιπὸν
1467 3771 1829 3844 βακχεύεσθαί
1854 3787 1916 3826 τε

338 3874 434 3927 καὶ
448 3869 622 3942 ἀφρὸν
649 3872 715 3924 ἐκ
732 3867 826 3923 τοῦ
857 3867 1126 3938 στόματος
1164 3866 1384 3935 ἀφιέναι
1412 3907 1429 3932 ,
1484 3866 1580 3920 καὶ
1604 3854 1810 3929 ὀὕτως
1860 3865 1918 3918 ἐν

342 3963 601 4034 παροινίᾳ
624 3960 941 4031 γινομένην,
976 3958 1046 4013 τὰ
1073 3961 1174 4029 τῆς
1200 3958 1400 4028 μανίας
1453 3957 1788 4028 φθέγγεσθαι
1822 3958 1921 4029 ῥή-

347 4071 517 4122 ματα.
543 4054 610 4106 Τί
636 4052 838 4122 δήποτε
866 4053 961 4107 καὶ
1016 4052 1046 4105 δ
1098 4051 1309 4122 δαίμων
1362 4050 1682 4120 ἐφθέγγετο,
1726 4048 1867 4123 [καὶ]
1890 4050 1920 4102 δ

347 4145 554 4208 Παῦλος
579 4142 852 4198 ἐκώλυσεν
881 4159 898 4210 ;
969 4142 1253 4198 Ἐϐούλετο
1299 4142 1483 4197 λοιπὸν
1517 4144 1559 4177 ³⁷
1610 4142 1921 4208 ἀξιόπιστον

345 4239 537 4294 ἐαυτδν
567 4236 613 4270 ³⁸
632 4239 830 4293 ποιεῖν.
860 4236 924 4289 Et
951 4236 1062 4307 γὰρ
1094 4236 1414 4307 προσήκατο
1451 4232 1617 4289 αὐτοῦ
1645 4235 1745 4302 τὴν
1779 4250 1921 4303 μαρ-

342 4328 557 4394 τυρίαν,
579 4331 607 4382 ὀ
626 4326 857 4390 Παῦλος,
883 4326 1110 4391 πολλοὺς
1123 4326 1192 4380 ἂν
1213 4328 1309 4379 καὶ
1330 4325 1440 4380 τῶν
1465 4324 1671 4379 πιστῶν
1702 4326 1922 4395 ἠπάτη-

348 4439 459 4477 σεν.
488 4420 585 4475 ἅτε
612 4419 717 4474 ὑπὸ
747 4418 953 4473 ἐκείνου
980 4415 1216 4489 δεχθείς.
1246 4416 1346 4471 Διὰ
1376 4416 1535 4471 τοῦτο
1554 4416 1849 4486 ἀνέχεσθαι
1877 4414 1922 4449 ³⁸

348 4511 469 4567 καθ’
519 4508 718 4566 ἐαυτοῦ
779 4510 977 4574 εἰπεῖν,
1004 4508 1093 4561 ἵνα
1125 4506 1300 4580 στήσῃ
1319 4507 1391 4562 τὰ
1429 4507 1570 4578 ὑπὲρ
1600 4506 1790 4567 αὐτοῦ,
1829 4504 1923 4559 καὶ

346 4603 511 4668 αὒτδς
543 4600 955 4670 συγκαταϐάσει
992 4600 1263 4670 κέχρηται
1300 4598 1437 4667 πρὸς
1492 4598 1591 4669 τὴν
1629 4597 1925 4652 ἀπώλειαν.

347 4696 423 4748 Τὸ
445 4696 546 4765 μέν
578 4690 673 4749 οῦν
718 4692 935 4761 πρῶτον
1015 4691 1076 4745 οὐ
1128 4691 1446 4763 προσήκατο
1502 4689 1737 4756 Παῦλος,
1796 4688 1934 4743 ἀλλὰ

348 4789 656 4852 διέπτυσεν,
682 4787 744 4839 οὐ
792 4784 1119 4857 βουλόμενος
1175 4782 1367 4846 ἁπλῶς
1424 4784 1773 4856 ἐπιρῤίπτειν
1822 4786 1941 4845 τοῖς

353 4879 621 4950 σημείοις.
658 4877 747 4941 Ὠς
773 4877 832 4930 δὲ
870 4877 1104 4947 ἐπέμενε
1138 4873 1297 4928 τοῦτο
1323 4873 1519 4937 ποιῶν,
1553 4875 1651 4926 καὶ
1678 4873 1740 4926 τὸ
1769 4871 1932 4943 ἔργον

352 4969 586 5034 ἐδείκνυ,
606 4968 724 5022 τότε
748 4966 1034 5021 ἐκέλευσεν
1059 4964 1207 5035 αὐτῷ
1231 4962 1486 5028 ἐξελθεῖν.
1529 4980 1549 5014 ι
1576 4961 1934 5029 Διαπονηθεὶς

355 5060 485 5131 γὰρ,
513 5059 677 5127 φησὶν
705 5057 735 5110 ὁ
768 5056 1032 5123 Παῦλο;,ι
1049 5055 1296 5110 τουτέστι
1318 5054 1558 5124 κινηθεὶς
1579 5051 1927 5124 καιδηχθεὶς,

356 5150 453 5204 καὶ
478 5147 659 5219 ἁληθῆ
684 5147 950 5217 λέγουσαν
1003 5145 1365 5217 ἐπιστομίσας
1408 5145 1599 5215 αὐτὴν.
1643 5143 1930 5197 ἐκέλευσεν

356 5238 597 5305 ἐξελθεῖν
620 5236 679 5303 ἐξ
690 5236 862 5305 αὐτῆς
878 5235 941 5289 τὸ
966 5236 1267 5304 δαιμόνιον,
1296 5235 1563 5289 διδάσκων
1584 5236 1753 5305 ἡμᾶς,
1788 5232 1926 5305 μηδὲ

354 5332 423 5402 τῇ
486 5328 719 5400 ἀληθείᾳ
765 5329 1087 5399 συνηγορεῖν
1128 5328 1629 5398 προσποιουμένους
1677 5324 1928 5395 δέχεσθαι

355 5422 641 5493 δαίμονας,
692 5420 832 5476 ἀλλὰ
859 5421 1039 5473 πᾶσαν
1067 5420 1250 5483 αὐτοῖς
1299 5416 1667 5489 ἀποτειχίζειν
1718 5416 1926 5484 πλάνης

353 5515 497 5580 δδδν,
528 5512 623 5568 καὶ
672 5512 1065 5585 περιφράττειν
1085 5510 1224 5583 πρὸς
1255 5511 1325 5564 τὰ
1358 5510 1490 5582 παρ’
1536 5508 1719 5563 αὐτῶν
1750 5507 1929 5561 πάντα

2508 3215 3086 3276 COMMENTARIUS.

2091 3313 2385 3371 Dicebatur
2418 3311 2618 3367 mulier
2646 3311 2853 3382 Pythia
2888 3327 2975 3375 ea,
3027 3326 3148 3381 quae
3188 3325 3351 3382 supra
3391 3311 3598 3381 Apolli-

2019 3415 2109 3467 nis
2142 3405 2411 3478 tripodem
2440 3401 2631 3461 sedere
2651 3402 2810 3458 solita
2832 3409 2952 3458 erat
2979 3401 3292 3459 divaricatis
3320 3402 3593 3459 cruribus.

2014 3503 2135 3572 Quo
2156 3503 2214 3558 in
2247 3504 2394 3557 statu
2424 3496 2639 3552 daemon
2662 3497 2730 3551 ab
2759 3495 2872 3550 imo
2886 3510 3007 3568 sese
3042 3494 3349 3558 insinuans,
3388 3509 3453 3549 ac
3476 3499 3596 3564 ejus

2015 3590 2254 3649 verenda
2290 3586 2619 3659 pervadens,
2663 3584 2848 3639 furore
2895 3583 3069 3652 ipsam
3108 3582 3368 3653 replebat.
3407 3579 3597 3648 Quare

2015 3682 2227 3755 sparsis
2265 3678 2513 3755 crinibus
2554 3675 2944 3738 bacchabatur,
2991 3681 3046 3728 et
3093 3688 3343 3743 spumam
3377 3688 3442 3728 ex
3497 3687 3599 3728 ore.

2015 3774 2300 3834 emittebat
2320 3788 2337 3839 ;
2366 3771 2554 3841 sicque
2576 3766 2869 3823 furibunda
2886 3766 3115 3821 insaniae
3134 3765 3295 3819 verba
3315 3763 3598 3819 fundebat.

2016 3868 2085 3922 At
2105 3881 2281 3937 quare
2313 3875 2367 3918 et
2389 3861 2601 3918 dtemon
2624 3858 2678 3913 id
2705 3858 2939 3922 dicebat,
2964 3864 3019 3912 et
3047 3854 3247 3911 Paulus
3276 3870 3345 3911 ne
3368 3856 3596 3921 diceret,

2018 3952 2349 4029 prohibuit?
2386 3951 2528 4019 Quia
2573 3950 2786 4005 volebat
2808 3948 2912 4003 sibi
2945 3948 3102 4002 [idem
3135 3956 3188 4002 et
3216 3947 3594 4001 auctoritatem

2022 4045 2344 4104 conciliare.
2384 4042 2441 4098 Si
2487 4040 2633 4097 enim
2670 4038 3045 4095 testimonium
3080 4036 3252 4106 ipsius
3291 4036 3601 4091 admisisset

2022 4137 2247 4200 Paulus,
2273 4134 2461 4189 ﬁdeles
2477 4132 2700 4196 multos,
2724 4129 2870 4185 velut
2889 4129 2957 4183 ab
2978 4128 3070 4182 illo
3086 4128 3368 4197 probatus,
3403 4124 3601 4182 tortas.

2023 4242 2083 4281 se
2116 4224 2445 4291 decepisset.
2477 4218 2650 4287 Quam
2686 4218 2759 4275 ob
2789 4232 3010 4273 causam
3048 4232 3155 4270 non
3191 4216 3373 4271 renuit
3402 4224 3597 4270 contra

2025 4333 2084 4374 se
2134 4316 2342 4377 dicere,
2395 4322 2457 4369 ut
2496 4327 2619 4381 qua:
2654 4326 2753 4379 pro
2796 4324 2856 4365 se
2898 4308 3151 4371 dixisset,
3204 4307 3598 4361 conﬁrmaret:

2027 4408 2232 4465 scilicet
2289 4403 2439 4460 novit
2492 4404 2604 4469 ille,
2652 4409 2713 4455 ut
2754 4398 3004 4455 homines
3056 4398 3268 4468 perdat,
3326 4399 3490 4452 etiam
3541 4414 3602 4451 se

2029 4498 2263 4570 tempori
2289 4495 2727 4553 accommodare.
2773 4490 2975 4546 Paulus
3022 4490 3199 4560 primo
3228 4486 3447 4559 quidem
3486 4488 3603 4556 eius

1960 4559 2002 4613 θ
2034 4559 2407 4647 testimonium
2442 4600 2550 4640 non
2591 4581 2847 4646 admisit,
2895 4580 2990 4635 scd
3026 4559 3377 4647 contempsit.
3412 4576 3603 4630 nolens

2029 4682 2215 4737 statim
2271 4677 2442 4749 signis
2493 4688 2712 4729 manum
2766 4671 3077 4727 admovere.
3124 4670 3193 4724 At
3230 4683 3353 4723 cum
3392 4667 3600 4722 damon

2031 4769 2320 4828 clamando
2350 4773 2764 4840 perseveraret,
2799 4774 2853 4818 et
2877 4762 2989 4831 jam
3026 4760 3287 4815 molestia:
3317 4758 3394 4814 illi
3434 4767 3602 4822 esset,

2030 4856 2163 4918 tunc
2195 4858 2478 4931 imperavit
2504 4856 2632 4925 ipsi,
2659 4863 2718 4910 ut
2744 4854 2938 4910 exiret.
2969 4869 2989 4905 ι
3018 4849 3217 4907 Dolens
3249 4861 3426 4905 autem
3458 4847 3600 4902 Pau-

2029 4955 2140 5019 lus,
2176 4970 2197 5004 ι
2235 4949 2435 5021 inquit,
2481 4949 2583 5002 hoc
2615 4954 2720 5011 est,
2758 4943 2919 4999 ta:dio
2953 4949 3007 4997 et
3058 4939 3305 4994 molestia
3353 4936 3602 5000 aﬂectus,

2027 5043 2283 5117 quamvis
2311 5056 2437 5097 vera
2470 5039 2714 5099 diceret,
2746 5048 2810 5090 os
2842 5032 2920 5089 illi
2958 5030 3277 5092 obstruxit,
3331 5028 3605 5098 iussitque

2030 5148 2090 5193 ut
2116 5153 2179 5192 ex
2212 5137 2302 5189 illa
2343 5132 2539 5188 exiret.
2578 5128 2698 5195 Quo
2732 5142 2833 5182 nos
2880 5125 3090 5190 docuit,
3130 5137 3198 5178 nc
3241 5120 3604 5183 daemonibus,

2028 5231 2112 5284 vel
2141 5224 2303 5296 275
2337 5237 2461 5278 cum
2502 5219 2719 5277 veritati
2769 5213 3104 5288 patrocinari
3151 5212 3404 5268 videntur
3433 5250 3447 5272 .
3495 5211 3606 5265 ullo

2027 5321 2190 5375 modo
2236 5318 2547 5379 credamus,
2615 5312 2709 5367 sed
2760 5309 3032 5365 obturatis
3062 5306 3130 5361 ad
3163 5305 3345 5360 omnia
3379 5318 3501 5373 quae
3536 5303 3607 5359 ab

2035 5411 2172 5482 ipsis
2205 5410 2532 5479 procedunt,
2560 5406 2811 5467 auribus,
2831 5415 3048 5457 onmem
3078 5398 3186 5453 illis
3218 5395 3440 5453 fallendi
3462 5395 3603 5449 viam

2035 5502 2454 5574 prmcludamus.
2503 5516 2523 5550 ι
2553 5496 2925 5554 ‘l‘erraunotus
2976 5490 3156 5546 factus
3185 5497 3289 5545 est.
3322 5505 3342 5540 ι
3390 5486 3468 5541 Ex
3496 5500 3608 5557 quo

1546 5685 1745 5749 Varias
1776 5682 2082 5747 lectiones
2129 5688 2191 5744 et
2234 5686 2423 5743 noue.

431 5797 474 5831 ³⁷
513 5797 642 5867 γὰρ.
712 5795 757 5829 ³⁸
786 5792 967 5850 αὐτόν.
1044 5793 1093 5828 ³⁸
1118 5791 1389 5862 ἀνέχεται.
