4090 6304
283 377 386 440 997

924 373 1462 438 EXI‘OBlTlONlS
1487 376 1571 439 IN
1603 377 1793 440 ACTA
1820 380 2122 446 TEXTUS
2150 387 2492 449 ALTER.-
2525 393 2683 454 CAP.
2717 395 2901 457 XVII.

3433 402 3540 464 998

283 492 453 554 ὗεῖτε,
508 489 696 544 τοῦτον
745 487 856 556 ἐγὼ
912 489 1269 558 καταγγέλλω
1319 490 1470 562 ὑμῖν.
1531 489 1592 544 ’0
1643 491 1782 557 Θεὸς
1827 495 1854 549 ὁ

1961 498 2052 569 qui
2090 497 2222 556 fecit
2250 504 2512 560 mundum
2544 515 2598 562 et
2633 511 2812 563 omnia
2863 527 2983 580 qua:
3035 514 3088 566 in
3121 527 3189 568 eo
3243 527 3395 582 sunt,
3448 519 3536 573 hie

281 583 513 655 ποιήσας
543 582 634 636 τὸν
668 582 876 652 κόσμον
903 581 998 635 καὶ
1028 581 1206 636 πάντα
1249 582 1320 636 τά
1362 585 1422 638 ἐν
1474 583 1646 656 αὐτῷ,
1695 583 1853 651 οὗτος

280 673 514 744 ούρανοῦ
567 670 663 726 καὶ⁵
712 670 816 742 γῆς
877 671 1142 742 ὑπάρχων
1168 672 1400 742 Κύριος,
1435 674 1539 728 οὐκ
1584 675 1646 729 ὲν
1679 692 1854 750 χειρο-

282 765 523 836 ποιήτοις
553 764 699 827 ναοῖς
737 764 1006 830 κατοικεῖ,
1031 763 1154 818 οὐδὲ
1187 763 1294 818 ὑπὸ
1319 765 1520 836 χειρῶν
1549 767 1856 840 ἀνθρώπων

281 855 664 928 θεραπεύεται,
693 853 1086 925 προσδεόμενός
1114 872 1284 919 τινος,
1306 857 1468 923 αὐτὸς
1505 859 1684 923 διδοὺς
1721 861 1858 916 πᾶσι

281 947 429 1020 ζωὴν
481 948 578 1002 καὶ⁵
627 945 799 1014 πνοὴν
857 947 999 1002 κατὰ
1041 947 1219 1002 πάντα
1241 964 1257 980 ·
1291 949 1517 1021 ἐποίησὲ
1553 967 1615 1004 τε
1647 951 1707 1017 ἐξ
1738 952 1857 1018 ἑνὸς

280 1041 514 1114 αἵματος
550 1041 657 1094 πᾶν
701 1040 861 1109 γένος
889 1037 1197 1110 ἀνθρώπων
1227 1044 1504 1097 κατοικεῖν
1527 1043 1620 1098 ἐπὶ
1651 1046 1758 1100 πᾶν
1795 1045 1857 1101 τὸ

281 1136 573 1207 πρόσωπον
618 1132 718 1204 τῆς
757 1133 883 1201 γῆς,
934 1133 1126 1206 ὁρίσας
1177 1135 1695 1205 προστεταγμένους
1733 1154 1857 1190 και-

273 1226 410 1299 ,ροὺς
456 1225 680 1289 καὶτὰς
723 1224 1008 1296 ὁροθεσίας
1046 1225 1148 1296 τῆς
1177 1225 1462 1291 κατοικίας
1505 1227 1706 1296 αὐτῶν,
1754 1230 1856 1300 ζη-

277 1320 393 1373 τεῖν
415 1317 507 1371 τδν
527 1316 682 1378 Θεὸν,
711 1318 762 1370 εί
794 1316 972 1389 ἄραγε
995 1315 1380 1388 ψηλαφήσειαν
1418 1318 1582 1374 αὑτὸν
1629 1319 1723 1374 καὶ
1752 1319 1848 1374 εῦ-

222 1447 224 1449 ›
281 1427 447 1483 ροιενο
485 1408 665 1465 καίτοι
690 1425 754 1478 γε
781 1410 843 1464 ού
873 1409 1096 1481 μακρὰν
1130 1409 1240 1464 ἀπὸ
1274 1409 1394 1476 ἐνὸς
1426 1410 1662 1466 ἑκάστου
1698 1411 1857 1482 iiva

279 1505 610 1578 ὑπάρχοντα.
645 1503 733 1558 Ἐν
760 1501 909 1574 αὐτῷ
937 1503 1046 1575 γὰρ
1069 1501 1272 1575 ζῶμεν,
1297 1505 1394 1558 καὶ
1421 1504 1742 1576 κινούμεθα,
1761 1505 1857 1560 καὶ

278 1597 448 1670 ἐσμέν
480 1614 496 1630 ο
534 1594 610 1660 ὠς
653 1594 745 1650 καί
778 1610 919 1658 τινες
967 1594 1076 1649 τῶν
1103 1594 1226 1650 καθ’
1251 1594 1404 1666 ὑμᾶς
1435 1597 1672 1668 ποιητῶν
1704 1599 1856 1669 εἰρή-

277 1705 427 1748 κασι⁶
489 1688 596 1745 Τοῦ
621 1691 732 1762 γὰρ
756 1688 852 1743 καὶ
890 1686 1049 1759 τινος
1093 1687 1288 1758 ἐσμέν.
1343 1687 1506 1752 Γένος
1555 1683 1653 1744 οὖν
1675 1688 1854 1762 ὑπάρ-

278 1799 468 1854 χοντες
499 1781 596 1835 τοῦ
618 1780 781 1848 Θεοῦ,
811 1781 914 1835 οὐκ
946 1778 1239 1851 ὀτρείλομεν
1267 1779 1513 1851 νομίζειν
1553 1781 1782 1854 χρυσίῳ,
1817 1782 1850 1855 ἢ

1957 591 2083 648 ι’ωιί
2113 601 2170 649 et
2215 603 2372 650 terra~~
2401 612 2526 654 cum
2552 602 2624 656 sit
2652 601 2931 670 Dominus,
2969 621 3075 661 non
3123 608 3177 662 in
3210 612 3540 670 manniartis

1957 684 2177 755 templis
2210 687 2443 755 habitat,
2468 706 2568 747 nec
2621 695 2876 751 manibus
2927 699 3178 757 humanis
3208 703 3410 757 colitur
3435 707 3523 760 in-

1957 775 2148 849 digens
2178 781 2379 852 aliquo,
2415 798 2540 839 cum
2572 785 2688 857 ipse
2716 788 2808 844 det
2846 791 3101 848 omnibus
3141 795 3302 851 vitam
3332 807 3386 854 et
3448 797 3535 852 iu-

1957 870 2311 940 spirationem
2333 884 2384 930 et
2409 877 2591 933 omnia
2621 895 2640 938 ι
2695 878 2928 952 fecitque
2957 898 3023 938 ex
3052 901 3161 938 uno
3182 902 3342 943 omne
3363 903 3537 960 genus

1955 959 2123 1034 279
2151 962 2430 1018 hominum
2464 964 2771 1024 inhabitare
2798 985 2962 1041 super
3000 973 3312 1030 universam
3340 959 3532 1034 faciem

1957 1055 2139 1114 terrae,
2171 1047 2440 1108 deﬁniens
2488 1063 2690 1110 statuta
2724 1066 2969 1126 tempora
3003 1069 3057 1116 et
3085 1064 3351 1121 terminos
3382 1067 3535 1121 habi-

1958 1141 2184 1198 tationis
2205 1157 2421 1211 eorum,
2475 1161 2722 1215 querere
2744 1147 2935 1219 Deum,
2968 1153 3013 1209 si
3073 1152 3212 1211 forte
3247 1165 3535 1215 attrectent

1958 1247 2084 1288 eum
2111 1241 2208 1288 aut
2237 1233 2542 1301 inveniant,
2571 1242 2824 1320 quamvis
2858 1257 2966 1298 non
2995 1243 3156 1316 longe
3190 1245 3262 1302 sit
3291 1249 3362 1303 ab
3387 1265 3534 1304 uno-

1957 1339 2179 1396 quoque
2197 1338 2481 1384 .nOSIrnm.
2513 1328 2574 1383 In
2607 1331 2727 1400 ipso
2751 1335 2894 1388 enim
2939 1336 3195 1401 vivimus,
3251 1346 3307 1393 ct
3345 1355 3531 1396 move-

1957 1432 2102 1483 mur,
2137 1424 2193 1472 et
2217 1432 2464 1475 sumus:
2493 1420 2637 1475 sicut
2678 1431 2731 1479 et
2771 1424 2990 1493 quidam
3019 1435 3323 1483 vestrorum
3349 1441 3534 1499 poeta-

1957 1519 2080 1560 rum
2109 1507 2405 1563 dixerunt:
2473 1506 2652 1580 ipsius
2711 1513 2856 1569 enim
2888 1521 2942 1568 et
2963 1529 3136 1585 genus
3167 1531 3380 1574 sumus.
3431 1515 3536 1574 Ge-

1957 1611 2062 1653 nus
2085 1611 2217 1669 ergo
2239 1613 2363 1654 cum
2392 1599 2568 1656 simus
2605 1600 2719 1666 Dei,
2755 1618 2865 1658 non
2923 1605 3183 1663 debemus
3238 1611 3532 1678 mstimarc,

1956 1703 2115 1754 auro,
2149 1700 2244 1744 aut
2271 1699 2519 1762 argento,
2552 1701 2644 1747 aut
2674 1694 2863 1765 lapidi,
2883 1697 3176 1768 sculptor-ae
3197 1701 3329 1756 artis
3361 1711 3412 1757 et
3437 1719 3532 1756 co-

1959 1779 2240 1852 gitationis
2265 1781 2526 1851 hominis,
2553 1783 2798 1842 divinum
2821 1802 2945 1846 esse
2969 1789 3168 1846 simile.
3191 1791 3254 1847 Et
3287 1803 3531 1864 tempora

280 1874 555 1948 ἀργυρίῳ,
591 1874 626 1946 ἢ
662 1871 824 1945 λίθῳ,
874 1871 1198 1943 χαράγματι
1239 1872 1439 1943 τέχνης
1493 1873 1587 1925 καὶ
1618 1870 1854 1944 ἐνθυμή-

1959 1875 2177 1948 quidem
2197 1877 2358 1946 hujus
2392 1878 2710 1950 ignorantia:
2746 1899 2766 1932 ι
2786 1879 3136 1939 dissimulans
3167 1903 3184 1938 ι
3229 1885 3338 1959 (26)
3371 1888 3531 1953 Dens,

285 1984 422 2031 σεως
449 1966 741 2036 ἀνθρώπου
776 1967 837 2020 τὶ)
864 1965 1021 2019 Θεῖον
1048 1959 1192 2019 εἶναι
1230 1965 1437 2033 ὅμοιον.
1464 1964 1604 2028 Τοὺς
1636 1964 1736 2035 μὲν
1761 1962 1858 2019 οὖν

280 2057 508 2130 κρόνους
545 2059 643 2128 τῆς
674 2056 898 2127 ἀγνοίας
931 2053 1203 2127 ὑπεριδὼν
1240 2056 1269 2108 ὁ
1295 2053 1450 2120 Θεὸς,
1499 2053 1568 2109 τὰ
1592 2051 1690 2107 νῦν
1716 2070 1855 2126 παρ.

277 2149 534 2221 αγγέλλει
587 2151 700 2214 τοῖς
755 2145 1065 2220 ἀνθρώποις
1122 2145 1258 2200 πᾶσι
1334 2144 1613 2216 πανταχοῦ
1683 2162 1853 2216 μετα-

279 2247 442 2301 νοεῖν.
482 2243 687 2300 Καθότι
741 2243 973 2312 ἔστησεν
1014 2239 1257 2312 ἡμέραν,
1286 2233 1403 2314 ἑνῇ
1437 2237 1620 2308 μέλλει
1648 2239 1855 2310 κρίνειν

277 2339 378 2408 τὴν
402 2339 731 2410 οἰκουμένην
775 2339 835 2392 ὲν
868 2333 1216 2404 δικαιοσύνῃ,
1259 2334 1318 2386 ὲν
1374 2330 1530 2403 ἀνδρὶ
1570 2323 1615 2401 ᾧ
1661 2331 1854 2404 ὥρισε,

280 2428 466 2483 πίστιν
513 2426 816 2500 παρασχὼν
867 2426 1058 2492 πᾶσιν,
1110 2423 1423 2496 ἀναστήσας
1453 2423 1616 2478 αὑτὸν
1652 2425 1717 2477 ἐκ
1767 2439 1856 2478 νε-

278 2522 450 2594 κρῶν.
480 2521 841 2587 ’Λκούσαντες
874 2522 932 2577 δὲ
995 2522 1292 2580 ἀνάστασιν
1353 2523 1584 2596 νεκρῶν,
1641 2523 1690 2575 oi
1756 2522 1857 2595 μὲν

278 2612 600 2686 ἐχλεύαζον,
634 2615 685 2669 oi
718 2614 774 2668 δὲ
807 2609 982 2669 εἴπον⁶
1015 2614 1401 2686 ’Ἂκουσόμεθά
1432 2631 1525 2670 σου
1557 2617 1685 2686 περὶ
1727 2614 1853 2669 τού-

278 2724 376 2761 του
404 2709 500 2762 καὶ
534 2706 716 2762 πάλιν.
767 2709 878 2762 Καὶ
904 2707 1078 2773 οὓτως
1103 2709 1133 2761 ὀ
1163 2709 1372 2772 Παῦλος
1405 2707 1630 2780 ἐξῆλθεν
1664 2711 1729 2763 ἐκ
1759 2709 1855 2779 μὲ-

281 2819 377 2856 σου
409 2800 612 2856 αὐτῶν.
633 2801 790 2864 Τινὲς
822 2800 878 2855 δὲ
917 2799 1106 2872 ἄνδρες
1137 2801 1491 2873 κολληθέντες
1528 2800 1700 2871 αὐτῷ,
1730 2800 1850 2855 ἐπί.

1956 1983 2106 2025 nunc
2131 1970 2424 2026 annuntiat
2452 1970 2790 2038 hominibus,
2821 1984 2880 2028 ut
2924 1990 3116 2034 omnes
3156 1979 3358 2049 ubique
3413 1997 3532 2051 pm-

1957 2061 2244 2116 nitentiam
2274 2073 2460 2134 agant.
2489 2062 2567 2118 Eo
2585 2066 2728 2135 quod
2760 2070 2949 2123 statuit
2971 2069 3137 2144 diem,
3167 2071 3220 2126 in
3250 2088 3359 2144 quo
3382 2074 3535 2144 judi-

1956 2160 2180 2210 caturns
2200 2159 2284 2208 est
2313 2154 2504 2210 orbem
2537 2157 2590 2210 in
2625 2157 2907 2228 aequitate,
2943 2162 2998 2216 iu
3029 2143 3167 2228 viro,
3193 2163 3248 2218 in
3275 2143 3534 2235 questa-

1957 2244 2081 2310 ιιιὶι,
2111 2244 2270 2300 tidem
2304 2247 2553 2317 praebens
2577 2251 2854 2317 omnibus,
2890 2256 3167 2310 suscitans
3184 2273 3306 2311 cum
3337 2273 3367 2311 ει
3390 2274 3537 2314 mor-

1961 2339 2089 2394 tuis.
2121 2337 2257 2394 Cum
2280 2341 2563 2398 audissent
2586 2354 2767 2400 autem
2799 2350 3257 2404 resurrectionem
3295 2365 3540 2407 mortuo-

1962 2446 2107 2496 rum,
2132 2432 2351 2502 quidam
2385 2435 2607 2506 quidem
2631 2437 3196 2511 irridebant,qnidam
3228 2457 3356 2500 vero
3384 2446 3538 2502 dixe~

1961 2533 2089 2579 runt
2119 2541 2134 2577 :
2172 2525 2472 2584 Audietuus
2493 2536 2549 2584 te
2578 2531 2645 2585 de
2701 2529 2805 2586 hoc
2821 2533 3056 2598 iterum.
3084 2533 3177 2592 Sic
3200 2535 3399 2594 Paulus
3419 2541 3538 2594 exi-

1959 2614 2039 2669 vit
2082 2617 2148 2672 de
2177 2618 2358 2673 medio
2388 2619 2850 2688 eorum.Quidam
2877 2639 3006 2681 vero
3035 2625 3136 2682 viri
3197 2627 3537 2686 atllizerentes

1958 2709 2031 2774 ei,
2057 2709 2411 2766 crediderunt
2468 2728 2484 2773 ;
2515 2713 2568 2767 in
2599 2715 2802 2784 quibus
2861 2726 2916 2772 et
2967 2719 3261 2792 Dionysius
3292 2721 3537 2792 Areopa-

1958 2805 2090 2871 gita,
2129 2807 2184 2856 et
2210 2801 2408 2856 mulier
2430 2804 2652 2861 nomine
2676 2804 2946 2873 Damaris,
2974 2817 3029 2865 et
3085 2810 3178 2866 alii
3210 2828 3336 2868 cum
3363 2815 3464 2870 eis.

279 2909 542 2962 στευσαν,
597 2891 656 2948 ὲν
687 2886 769 2956 οἷς
797 2893 891 2947 καὶ
919 2893 1198 2957 Διονύσιος
1244 2894 1274 2947 ὁ
1305 2893 1727 2965 Ἀρεοπαγίτης,
1749 2896 1843 2948 καὶ
1865 2891 2005 2963 γυνὴ
2034 2889 2262 2964 ὀνόματι
2299 2893 2573 2966 Δάμαρις,
2603 2898 2698 2951 καὶ
2723 2899 2901 2971 ἕτεροι
2935 2905 3033 2956 σὺν
3064 2905 3270 2970 αὐτοῖς.

869 2985 1250 3041 EPMHNEIA.

359 3080 606 3150 Ἥγαγον
645 3077 831 3148 αὐτὸν,
880 3079 1047 3151 φησὶν
1073 3120 1089 3146 ,
1138 3080 1232 3133 ἐπὶ
1264 3080 1357 3134 τὸν
1393 3080 1613 3151 ’Δρειον
1653 3079 1852 3149 πάγον.

2457 2987 2658 3046 COMM
2667 2990 2965 3051 ENTARlU
2976 2995 3035 3051 S.

2039 3096 2058 3132 ι
2097 3077 2384 3137 Duxerunt
2419 3095 2567 3148 eum,
2628 3084 2826 3156 inquit,
2859 3087 2926 3142 ad
2961 3087 3329 3162 Areopagum,
3371 3113 3392 3148 ι
3427 3111 3534 3151 non

279 3174 380 3244 οὐχ
411 3172 556 3228 ὥστε
618 3173 832 3244 μαθεῖν,
890 3171 1009 3226 ἀλλ’
1064 3171 1206 3226 ὥστε
1251 3171 1612 3240 κολάσασθαι,
1638 3171 1768 3226 ἔνθα
1796 3171 1854 3226 αἱ

1960 3181 2018 3226 ιιι
2050 3170 2258 3242 aliquid
2289 3173 2396 3246 ipsi
2419 3173 2714 3266 discerent,
2769 3179 2866 3233 sed
2896 3186 2956 3266 ut
3003 3181 3051 3238 is
3095 3182 3399 3254 puniretur,
3444 3192 3535 3246 ιιιιί

279 3267 502 3337 φονικαὶ
539 3265 708 3321 δίκαι.
757 3265 976 3336 Ἄρειος
1006 3263 1064 3318 δὲ
1089 3264 1286 3335 ίῐιάγος
1335 3265 1554 3332 ἐλέγετο
1597 3265 1627 3316 ὁ
1669 3265 1853 3330 τόπος,

278 3351 470 3426 ἐπειδὴ
497 3354 524 3408 ὁ
554 3352 753 3424 Ἄρης,
778 3351 854 3417 ὥς
904 3369 1061 3423 φασι,
1089 3352 1190 3420 τῆς
1223 3352 1440 3424 μοιχίας
1479 3353 1658 3407 ἐκεῖσε
1700 3353 1855 3419 δίκας

280 3444 471 3500 ἔδωκε.
507 3443 687 3514 Πάγος
731 3444 790 3500 δὲ
819 3445 849 3498 ὸ
884 3445 1087 3516 ὑψηλὸς
1116 3445 1301 3509 τόπος⁶
1333 3446 1391 3499 ιν
1419 3445 1530 3516 γὰρ
1563 3445 1709 3517 ὄχθῳ
1748 3446 1857 3499 τινὶ

275 3533 346 3611 ἦν
376 3520 568 3594 ἐκεῖνο.
593 3542 655 3593 τὸ
704 3538 1082 3612 δικαστήριον·
1128 3538 1254 3593 ὅθεν
1309 3539 1405 3592 καὶ
1453 3540 1736 3610 Πάγαρχοι
1764 3556 1856 3594 κα-

278 3629 500 3686 λοῦνται
525 3633 680 3706 παρά
706 3648 874 3697 τισιν,
909 3632 959 3686 oi
1002 3629 1120 3687 τῶν
1154 3631 1338 3686 τόπων
1370 3631 1404 3704 ἦ
1445 3630 1650 3700 κωμῶν
1692 3649 1854 3688 τινων

275 3728 559 3799 ἄρχοντες.
593 3745 613 3779 ι
653 3721 826 3798 Εὗρον
880 3726 978 3778 καὶ
1028 3722 1236 3796 βωμόν.
1274 3740 1294 3778 ι
1354 3722 1461 3778 Δύο
1489 3724 1668 3788 αἰτίας
1715 3718 1856 3778 εἶναι

277 3823 494 3892 λέγουσι
540 3818 602 3874 τὸ
647 3818 711 3892 [ι.
735 3817 853 3890 τοῦ]
911 3817 1031 3892 [ἔπι
1069 3815 1160 3888 γι]
1195 3815 1436 3888 γράφθαι
1466 3815 1723 3887 ’Δθήνῃσι
1781 3814 1856 3886 τῷ

284 3914 452 3986 βωμῷ
487 3933 507 3966 ι
535 3911 828 3982 Ἀγνώστιι)
873 3910 1016 3983 Θεῷ.
1059 3929 1080 3963 ι
1117 3910 1182 3965 Οί
1234 3909 1334 3981 μὲν
1387 3908 1496 3978 γάρ
1539 3924 1727 3976 φασιν.
1779 3906 1854 3972 ὼς

279 4003 610 4075 Φιλιππίδην
661 4004 918 4074 ἔπεμψαν
972 4001 1252 4072 Ἀθηναῖοι
1313 4000 1453 4071 πρὸς
1511 3998 1858 4068 Δακεδαιμο-

281 4097 428 4157 νίους
451 4096 582 4167 περὶ
608 4095 950 4167 συμμαχίας,
980 4095 1144 4166 ἡνίκα
1176 4093 1384 4162 Πέρσαι
1416 4090 1857 4162 ἐπεστράτευσαν

276 4192 345 4260 τῇ
398 4187 632 4255 Ἑλλάδι,
663 4181 708 4256 ᾧ
744 4188 886 4241 κατὰ
932 4186 994 4241 τὸ
1053 4184 1354 4254 Παρθένιον
1391 4182 1517 4256 ὅρος
1554 4183 1733 4247 Πανὸς
1755 4183 1858 4253 φάο

281 4299 393 4352 σμα
453 4280 696 4351 δντυχὸν,
741 4279 936 4352 ᾐτιᾶτο
1000 4278 1100 4349 μὲν
1155 4274 1471 4346 ’Δθηναίους
1521 4273 1856 4346 ἀμελοῦντας

280 4372 447 4429 αὐτοῦ
475 4413 493 4440 ,
541 4372 733 4436 ἄλλους
790 4371 949 4435 θεοὺς
999 4371 1407 4443 θεραπεύοντας
1437 4409 1451 4433 ,
1494 4371 1591 4424 καὶ
1637 4368 1856 4440 βοηθεῖν

282 4464 674 4538 ἐπηγγέλλετο.
714 4465 1059 4536 Νικήσαντες
1111 4462 1229 4528 οῦν,
1251 4462 1443 4534 ἐκείνῳ
1467 4463 1595 4516 ναὸν
1621 4461 1854 4534 ἀνέστη-

1955 3259 2224 3330 capitales
2250 3273 2430 3319 causa
2453 3261 2823 3318 habebantur.
2857 3281 2878 3316 ι
2928 3265 3246 3340 AreOpagus
3285 3291 3304 3324 ι
3352 3284 3534 3329 autem

1958 3351 2113 3409 locus
2160 3350 2254 3408 ille
2303 3351 2611 3417 dicebatur,
2681 3356 2940 3424 anuiant
3009 3359 3168 3425 Arcs,
3219 3377 3313 3417 seu
3384 3364 3529 3421 Mars

1956 3443 2210 3499 adulterii
2246 3458 2439 3516 pinnas
2496 3445 2595 3511 ibi,
2629 3454 2689 3502 ut
2727 3447 3065 3519 fabulantur,
3120 3455 3249 3509 olim
3286 3454 3532 3512 dederat.

1963 3555 1982 3587 ι
2017 3533 2196 3608 Pagus
2233 3555 2253 3590 ι
2289 3544 2377 3593 est
2430 3536 2588 3595 locus
2621 3541 2874 3598 excelsus
2905 3560 2920 3610 ;
2950 3545 3219 3616 siquidem
3275 3549 3330 3602 in
3387 3552 3530 3607 colle

1955 3627 2120 3682 situm
2149 3637 2270 3682 erat
2303 3626 2658 3686 dicasterium
2688 3630 2842 3685 illud.
2868 3630 3004 3689 llinc
3034 3651 3056 3685 ι
3107 3636 3369 3708 l’agarehi
3401 3657 3421 3692 >
3453 3641 3539 3694 di-

1955 3731 2159 3777 cuntur
2213 3721 2457 3778 locorum
2507 3725 2870 3794 quorumdam
2948 3727 3032 3782 vel
3082 3743 3342 3798 pagorum
3398 3747 3537 3802 pra:-

1954 3812 2103 3870 l‘ecti.
2157 3833 2178 3868 ι
2215 3814 2399 3871 Inveni
2430 3826 2482 3872 et
2506 3831 2680 3871 aratn.
2725 3835 2745 3868 ι
2780 3815 2909 3873 Duae
2933 3835 3114 3876 cansze
3149 3823 3398 3879 feruntur
3441 3841 3536 3881 ce-

1959 3899 2130 3964 lebris
2215 3908 2382 3974 illius,
2450 3924 2574 3979 quae
2623 3907 2852 3967 Athenis
2905 3921 3052 3978 erat,
3105 3915 3479 3986 inscriptionis
3509 3936 3530 3974 :

1961 4017 1981 4051 ι
2011 3998 2201 4070 Ignoto
2237 3998 2370 4056 lieo.
2405 4018 2425 4054 ι
2465 4000 2698 4068 Quidam
2728 4003 2876 4059 enim
2934 4004 3143 4067 dicunt,
3193 4007 3340 4076 quod
3401 4023 3528 4064 cum

1955 4089 2346 4158 Athenienses,
2389 4090 2574 4149 Persis
2633 4103 2828 4149 contra
2860 4094 3007 4164 ipsos
3041 4097 3240 4152 bellum
3292 4105 3530 4169 gerenti-

1965 4179 2094 4248 bus,
2124 4180 2468 4252 Philippiden
2500 4185 2789 4254 quemdam
2818 4186 2887 4240 ad
2932 4185 3349 4246 Laceda-mones
3377 4195 3533 4248 auxi-

1957 4273 2016 4328 lii
2044 4274 2262 4344 petendi
2297 4289 2468 4330 causa
2495 4275 2798 4342 misissent,
2829 4292 3128 4334 occurrens
3157 4281 3230 4335 illi
3264 4282 3318 4338 in
3348 4297 3532 4340 monte

1958 4364 2237 4422 Partheno
2267 4366 2476 4423 idolum
2537 4365 2703 4425 Panis
2731 4371 2968 4440 graviter
2994 4372 3064 4427 de
3101 4371 3530 4432 Atheniensibus

1957 4467 2318 4530 conquestum
2349 4458 2536 4526 fuerit,
2563 4462 2706 4531 quod
2735 4478 2859 4516 cum
2894 4475 3123 4544 caeteros
3148 4467 3362 4538 quidem
3399 4471 3530 4527 deos

280 4574 378 4614 σαν
398 4557 494 4614 καὶ
541 4556 726 4629 βωμὸν
751 4555 1129 4628 ᾠκοδόμησαν.
1161 4557 1271 4609 Καὶ
1308 4557 1384 4620 ὡς
1430 4554 1842 4626 φυλαττόμενοι,

1956 4553 2203 4623 gnaviter
2231 4553 2498 4618 colerent,
2527 4569 2586 4609 se
2615 4570 2842 4625 prorsus
2859 4559 3222 4631 negligerent;
3257 4571 3311 4617 et
3333 4564 3532 4620 nihilo-

281 4650 358 4723 μὴ
395 4650 456 4705 τὺ
498 4649 632 4704 αὐτὸ
669 4649 735 4721 δὴ
764 4648 858 4704 καὶ
882 4649 1073 4704 ἄλλοτε
1107 4649 1355 4716 πάθοιεν,
1387 4647 1656 4719 παρέντες
1725 4647 1850 4702 τινὰ

1959 4644 2144 4700 minus
2176 4645 2384 4700 auxilio
2407 4659 2466 4700 se
2483 4644 2729 4700 futurum
2757 4651 3130 4719 spoponderit.
3163 4652 3342 4719 Quare
3363 4657 3531 4712 Athe-

278 4744 402 4799 θεὸν
431 4745 709 4814 ἄγνωστον
741 4743 952 4810 αὺτοῖς,
1000 4739 1310 4812 ἀνέστησαν
1361 4741 1455 4796 τὸν
1487 4741 1670 4812 βωμὸν
1707 4741 1849 4794 ἐκεῖ·

1959 4736 2203 4803 nienses,
2233 4752 2358 4792 cum
2389 4736 2673 4802 vicissent,
2710 4743 2967 4808 templum
3015 4743 3090 4798 illi
3122 4746 3449 4812 excitarunt,
3475 4759 3530 4804 et
3590 4761 3593 4764 '

278 4853 388 4900 νον,
417 4834 836 4903 ἐπιγράφοντες
871 4851 891 4886 ι
918 4831 1210 4903 ’Δγνὼστῳ
1236 4830 1378 4902 Θεῷ·
1417 4849 1437 4883 ι
1465 4830 1621 4884 τοῦτο
1655 4831 1846 4894 λέγον-

277 4941 392 4987 τες,
451 4923 536 4977 ὅτι
560 4925 669 4977 Καὶ
696 4923 748 4976 εί
779 4939 862 4987 τις
891 4923 1078 4994 ἕτερος
1124 4924 1371 4991 ἠγνοεῖτο
1414 4921 1544 4992 παρ’
1571 4921 1749 4992 ἡμῶν,
1777 4923 1856 4984 εἰς

278 5013 445 5086 τιμὴν
474 5015 685 5070 ἐκείνου
724 5009 880 5080 οὗτος
915 5015 980 5083 δὴ
1017 5015 1152 5086 παρ’
1201 5013 1364 5086 ἡμῶν
1416 5013 1738 5086 ἐγήγερται,
1776 5011 1852 5079 ὡς

280 5110 348 5164 ἂν
405 5109 564 5172 ἵλεως
605 5110 739 5179 ἡμῖν
784 5107 895 5178 εἴη,
930 5107 1091 5179 εἰπερ
1137 5106 1505 5177 ἀγνοούμενος
1561 5106 1638 5178 μὴ
1691 5106 1854 5178 θερα-

282 5201 528 5260 πεύεται.
587 5201 776 5256 Ἄλλοι
815 5201 872 5254 δέ
919 5217 1104 5269 φασιν,
1135 5201 1220 5254 δτι
1247 5199 1406 5271 λιμὸς
1452 5200 1496 5235 ⁸⁷
1535 5200 1850 5271 κατέσκηψέ

282 5307 411 5346 ποτε
447 5290 729 5362 Ἀθήνῃσι.
759 5291 856 5345 καὶ
895 5291 976 5353 εἰς
1021 5289 1273 5344 τοσοῦτον
1300 5290 1501 5353 αὐτοὺς
1534 5289 1848 5356 ἐξέκαυσεν,

282 5384 356 5446 ὡς
387 5382 521 5454 μηδὲ
557 5381 667 5434 τῶν
698 5381 1048 5436 λεπτοτάτων
1081 5382 1337 5436 σινδόνων
1369 5380 1678 5452 ἀνέχεσθαι.
1713 5382 1851 5445 Τοὺς

280 5473 670 5546 νομιζομένους
696 5471 792 5525 οὖν
829 5473 1014 5536 αὐτοῖς
1047 5471 1204 5538 θεοὺς
1246 5475 1666 5544 θεραπεύοντες,
1697 5474 1850 5528 οὐδὲν

279 5569 584 5623 ἁπώναντο.
622 5568 1002 5640 Ἐννοήσαντες
1035 5565 1154 5634 οὖν,
1195 5568 1276 5622 ὅτι
1306 5567 1434 5631 ἴσως
1466 5568 1614 5623 ἐστὶν
1646 5568 1674 5620 6
1704 5568 1846 5635 θεὶς,

1954 4832 2132 4888 altare
2179 4841 2630 4890 construxerunt.
2680 4832 2949 4893 Caventes
3021 4853 3170 4904 vero,
3225 4857 3294 4896 ne
3350 4843 3532 4900 simile

1952 4923 2081 4996 quid
2115 4923 2310 4980 iterum
2345 4924 2452 4982 illis
2481 4928 2845 4996 contingeret,
2875 4929 3022 4998 quod
3066 4931 3206 4986 forte
3247 4935 3402 4988 deum
3431 4938 3530 4990 ali-

1950 5033 2112 5088 quem
2150 5018 2396 5089 ignotum
2428 5018 2800 5089 praeterirent,
2837 5021 2998 5074 aliam
3032 5033 3323 5079 erexerunt
3354 5041 3527 5094 aram,

1949 5110 2109 5182 eique
2142 5110 2575 5180 inscripserunt:
2621 5129 2640 5163 ι
2678 5110 2868 5181 Ignoto
2909 5113 3042 5179 Deo,
3092 5134 3110 5167 ι
3169 5117 3477 5188 inquientes
3511 5140 3526 5176 :

1948 5203 2005 5258 Si
2040 5202 2206 5274 280
2242 5203 2422 5258 adhuc
2444 5204 2642 5275 aliquis
2680 5222 2710 5258 α
2753 5206 2911 5262 nobis
2957 5209 3239 5278 ignoretur
3282 5211 3438 5278 deus,
3473 5215 3531 5270 in

1949 5295 2097 5352 illius
2127 5295 2388 5352 honorem
2455 5297 2567 5352 haec:
2601 5313 2696 5352 ara
2725 5309 2866 5362 esto,
2903 5293 2981 5355 ἰιι
3038 5303 3195 5358 nobis
3260 5305 3530 5375 propitius

1949 5387 2040 5450 sit,
2075 5387 2204 5453 etsi,
2238 5393 2426 5456 utpote
2450 5386 2690 5457 ignotus,
2717 5390 2976 5459 peculiari
3004 5391 3154 5446 cultu
3182 5407 3214 5447 a
3236 5395 3390 5450 uehis
3411 5412 3522 5452 non

1947 5476 2183 5532 colatur.
2208 5479 2312 5533 Alii
2340 5494 2471 5535 vero
2498 5482 2570 5534 ita
2606 5495 2719 5535 rem
2753 5492 3020 5538 narrant:
3047 5484 3181 5540 Cum
3210 5488 3327 5543 dira
3361 5491 3530 5560 pestis

1948 5570 2004 5624 in
2033 5568 2396 5628 Athenienses
2427 5583 2790 5643 grassaretur,
2821 5589 3028 5646 eosque
3060 5591 3317 5637 exureret
3361 5582 3524 5654 adeo,

1461 5708 1659 5772 Vnrim
1684 5696 1993 5769 lectiones
2034 5713 2097 5767 ct
2139 5713 2330 5769 notae.

348 5788 393 5818 δ’
427 5784 636 5853 λοιμός.

353 5880 462 5957 (26)
496 5879 650 5952 Vulg.
671 5881 984 5950 despiciens.
