4090 6304
182 386 333 496 tceo

743 495 749 500 ,
786 425 1328 490 EXPOSITIONIS
1365 427 1448 490 IN
1483 426 1673 489 ACTA
1703 423 2006 486 TEXTUS
2036 421 2308 484 ALTER.
2341 446 2411 459 -·
2435 411 2594 483 CAP.
2629 419 2857 482 XXIII.

3325 415 3464 480 1030

176 540 324 613 οις·]
379 539 688 611 Φαρισαῖοι,
741 536 1112 602 Σαδδουκαῖοι,
1139 537 1238 591 καὶ
1299 535 1568 608 Ἐσσηνοί.
1628 527 1790 590 Οὗτοι

1902 533 1981 601 qui
2013 531 2247 588 sicarios
2270 543 2436 586 unam
2461 545 2528 586 ex
2549 528 2868 585 Iudaeorum
2895 526 3062 585 sectis
3083 541 3206 586 esse
3250 538 3461 601 putent.

175 633 276 688 τὸν
300 632 420 705 βίον
459 630 788 702 σεμνότερον
815 627 1067 694 ἀσκοῦσι,
1120 627 1438 699 φιλάλληλοι
1481 626 1638 692 ὄντες
1684 626 1784 682 καὶ

181 723 476 794 ἐγκρατεῖς
495 737 508 752 ·
538 719 619 773 διὸ
659 719 753 772 καὶ
785 717 1036 789 Ἐσσηνοὶ
1064 717 1584 791 προσαγορεύονται,
1616 717 1784 787 ἧτουν

182 816 354 870 ὅσιοι.
409 814 591 869 Ἀλλοι
620 815 676 868 δὲ
724 812 920 874 αὐτοὺς
959 809 1243 881 σικαρίους
1287 811 1578 874 ικάλεσαν,
1622 811 1786 880 ἧτουν

184 905 462 979 ζηλωτάς.
507 926 525 958 ι
552 906 612 960 Εἰ
654 903 940 976 ἄνθρωπον
973 901 1265 974 Ῥωμαῖον.
1306 921 1327 955 ι
1364 902 1480 956 υύκ
1516 900 1786 971 ιύεύσατο

186 1001 407 1064 Παῦλος
444 998 716 1068 Ῥωμαῖον
748 995 940 1051 ἑαυτὸν
1006 993 1270 1060 καλέσας,
1306 993 1488 1048 καίτοι
1531 991 1787 1055 Ἰουδαῖος

185 1094 482 1163 ὑπάρχων,
521 1091 595 1155 ὡς
629 1092 726 1144 καὶ
756 1089 916 1153 αὐτὸς
955 1088 1063 1159 πρὸ
1109 1085 1290 1156 ὀλίγου
1331 1085 1459 1156 ἔφη.
1507 1083 1642 1138 ’Λπὸ
1677 1083 1785 1154 γὰρ

198 1183 492 1256 ’Λδριανοῦ
523 1183 724 1254 συνέδη
752 1184 963 1248 πάντας
989 1176 1130 1236 εῖναι
1172 1177 1500 1250 Ῥωμαίους.
1527 1175 1788 1245 Μεγάλην

188 1278 302 1350 γὰρ
352 1275 496 1348 εἶχον
538 1276 660 1330 τότε
705 1274 963 1345 πρόνοιαν
1015 1273 1066 1324 oi
1122 1269 1298 1334 οὕτως
1331 1267 1649 1339 ἀξιούμενοι
1682 1283 1784 1322 κα-

185 1369 429 1423 λεῖσθαι.
467 1368 639 1422 Τοῦτο
660 1367 717 1422 δέ
743 1385 928 1438 φησιν,
961 1366 1048 1420 ἵνα
1077 1364 1153 1437 μὴ
1198 1361 1541 1434 μαστιχθεὶς,
1563 1361 1790 1415 sitatam-

186 1464 465 1534 φρύνητος
513 1461 758 1531 γένηται.
808 1458 873 1512 Εἰ
926 1458 1058 1528 γὰρ
1089 1456 1418 1528 ὲμάπιξαν,
1471 1455 1568 1509 καὶ
1645 1469 1790 1523 παρ.

188 1551 438 1620 ἐτρεψαν
479 1550 546 1604 ἂν
585 1550 646 1603 τὸ
679 1550 933 1619 πρᾶγμα,
964 1547 1055 1601 καὶ
1090 1545 1418 1600 ἀπέκτειναν
1443 1542 1630 1596 αὐτόν.
1673 1540 1790 1594 Νῦν

185 1641 268 1709 δὲ,
300 1643 352 1694 εξ
392 1643 489 1696 καὶ
528 1640 551 1713 [
580 1642 656 1712 μὴ
693 1638 811 1710 ]·δι’
844 1638 1049 1708 ἕτερον,
1081 1635 1220 1690 ἀλλά
1259 1651 1319 1704 γε
1351 1633 1440 1688 διὰ
1494 1633 1674 1699 τοῦτο,
1727 1633 1789 1687 οὐ

189 1734 357 1803 μόνον
380 1733 486 1787 οὐκ
533 1730 856 1803 ὲμάστιξαν,
904 1729 1040 1784 ἀλλὰ
1082 1730 1176 1784 καὶ
1214 1727 1511 1782 ἀπέλυσαν.
1573 1745 1590 1779 ι
1641 1725 1703 1781 Ὀ
1732 1725 1791 1780 δὲ

1892 620 2031 680 Tres
2087 622 2236 678 enim
2298 629 2432 679 sunt
2491 620 2776 693 generales
2840 619 2963 690 ejus
3015 622 3200 692 gentis
3250 629 3463 676 sectae:

1888 731 2086 788 nempe
2124 714 2414 782 Plurimi,
2451 711 2814 770 Sadducteiet
2839 712 3058 770 Esseni.
3116 711 3210 768 Isti
3251 715 3466 770 caneris

1887 811 2264 867 honestiorem
2299 809 2467 865 vitam
2495 809 2730 872 ducunt,
2765 822 2831 863 ac
2864 818 3058 864 mutuo
3105 824 3164 865 se
3207 809 3465 883 diligunt,

1887 913 1942 957 et
1971 900 2373 958 continentiam
2417 901 2629 956 colunt.
2663 899 2846 966 Quare
2875 897 3064 955 Esseni
3100 901 3466 972 appellantur,

1886 995 2048 1065 quasi
2078 993 2211 1058 osii,
2239 992 2290 1048 id
2323 1000 2410 1047 est
2437 992 2638 1056 sancti,
2660 1007 2801 1062 quos
2837 992 2932 1048 alii
2974 992 3207 1049 sicarios
3245 1002 3464 1057 vocant,

1888 1085 1994 1140 hoc
2041 1095 2147 1152 est,
2179 1087 2405 1140 zelotas.
2444 1101 2463 1135 t
2503 1081 2878 1138 Si-hominem
2932 1082 3260 1140 Romanum.
3295 1103 3314 1137 ι
3346 1083 3464 1139 Non

1892 1178 2084 1248 utique
2104 1177 2476 1234 mentiebatur
2520 1175 2725 1231 Paulus
2752 1189 2878 1231 sese
2914 1173 3228 1232 Romanum
3283 1176 3468 1248 appelo

1890 1267 2035 1334 lans,
2072 1267 2291 1323 tametsi
2335 1265 2560 1322 Iudaeus
2578 1273 2744 1332 esset,
2788 1274 2851 1320 ut
2881 1265 2998 1336 ipse
3032 1265 3194 1336 paulo
3226 1275 3354 1321 ante
3382 1265 3468 1319 di-

1889 1366 2063 1414 xerat.
2095 1356 2228 1411 Nam
2261 1357 2330 1412 ab
2360 1356 2590 1410 Adriani
2623 1364 2870 1426 tempore
2895 1356 3153 1426 contigit,
3183 1365 3244 1413 ut
3273 1373 3469 1413 omnes

1891 1458 2083 1506 essent
2132 1448 2408 1516 Romani;
2444 1463 2643 1520 magna
2675 1450 2823 1504 enim
2867 1447 3008 1503 ratio
3041 1449 3262 1504 tllorutn
3299 1449 3469 1503 hahe-

1890 1541 2072 1608 batur,
2101 1543 2192 1613 qui
2231 1543 2372 1598 hanc
2401 1543 2634 1614 gratiam
2661 1541 2944 1597 consecuti
2964 1551 3144 1606 erant,
3187 1551 3242 1595 nt
3277 1542 3349 1595 ita
3380 1556 3471 1612 ap-

1891 1635 2084 1706 pellari
2118 1643 2370 1706 possent.
2399 1633 2513 1692 lloc
2533 1646 2719 1693 autem
2772 1636 2994 1692 dicebat
3048 1635 3253 1693 Paulus
3285 1654 3374 1703 ne,
3422 1639 3470 1692 si

1891 1726 2124 1800 ﬂagellis
2154 1728 2476 1792 caederetur.
2522 1729 2581 1785 in
2621 1738 2995 1800 contemptum
3029 1729 3190 1785 facile
3240 1731 3471 1788 veniret.

187 1822 406 1886 Παῦλος
442 1820 571 1892 ἔφη.
615 1839 634 1872 ι
671 1820 953 1875 Δείκνυσιν
991 1814 1087 1874 οὖν
1131 1818 1160 1871 6
1201 1815 1434 1882 Παῦλος,
1485 1816 1566 1871 ὅτι
1611 1816 1708 1872 καὶ
1761 1817 1794 1870 6

1902 1821 1959 1878 Et
1989 1822 2211 1893 quidem
2259 1823 2306 1879 si
2341 1821 2710 1893 flagellassent
2758 1840 2908 1890 eum,
2971 1833 3026 1880 et
3083 1839 3198 1879 rem
3252 1838 3470 1878 onmem

187 1911 380 1986 πατὴρ
403 1913 572 1967 αὐτοῦ
607 1912 878 1984 Ῥωμαῖος
912 1906 1002 1983 ἦν.
1051 1912 1166 1982 Πρὸ
1199 1911 1308 1982 γὰρ
1338 1908 1434 1964 τοῦ
1458 1909 1786 1982 γεννηθῆναι

1902 1922 2222 1984 pervertere,
2260 1915 2596 1986 potuissent,
2635 1930 2700 1971 ac
2754 1917 2920 1970 etiam
2977 1930 3103 1970 eum
3142 1915 3471 1970 interficere.

185 2007 283 2062 τὸν
312 2006 555 2072 Παῦλον,
577 2006 952 2076 γεγενημένης
984 2006 1083 2073 τῆς
1107 2002 1362 2068 Κιλικίας
1394 2003 1505 2056 ὑπὸ
1551 2003 1793 2074 Ῥωμαί-

1902 2002 2051 2060 Nunc
2080 2019 2232 2073 vero,
2283 2004 2370 2060 sin
2404 2004 2478 2062 ob
2525 2005 2713 2072 aliaat,
2744 2013 2895 2060 certe
2929 2005 3000 2060 ob
3027 2007 3186 2059 istam
3227 2019 3471 2069 causam,

186 2119 307 2169 ους,
339 2101 570 2170 ἀνάγκη
601 2098 698 2152 καὶ
725 2097 906 2164 αὐτὸν,
937 2095 1012 2160 ὥς
1051 2097 1186 2150 ὄντα
1230 2095 1322 2149 ὑπ’
1373 2093 1595 2161 αὐτοὺς,
1653 2094 1789 2147 Ῥω-

1902 2113 2004 2154 non
2033 2098 2213 2153 solum
2250 2113 2357 2153 non
2382 2096 2817 2166 ﬂagellaveruttt,
2847 2097 2944 2153 sed
2972 2097 3138 2152 etiam
3175 2111 3206 2150 a
3237 2096 3474 2152 vinculis

189 2197 354 2266 μαῖον
378 2192 550 2248 εἶναι.
579 2192 730 2255 Τέως
747 2190 803 2244 δὲ
830 2188 976 2244 κατὰ
996 2189 1094 2260 τὴν
1118 2187 1458 2260 προφητείαν
1485 2184 1790 2258 ἱδεσμεύῡη

1902 2188 2201 2242 solverunt.
2249 2205 2269 2241 ι
2307 2186 2515 2244 Paulus
2550 2188 2651 2243 ait.
2702 2204 2724 2240 ι
2773 2187 2983 2242 Iudicat
3036 2185 3264 2254 Paulus,
3303 2182 3475 2241 etiam

187 2289 250 2341 ἐν
295 2284 687 2360 Ἰερουσαλήμ.
724 2281 791 2336 Τί
820 2281 914 2338 οῦν
947 2281 1055 2335 άπὸ
1101 2280 1296 2335 τούτου
1327 2277 1569 2349 γίνεταις
1609 2277 1792 2342 Δύσας

188 2377 519 2450 κατήγαγεν
565 2376 730 2431 αὐτὸν
800 2373 938 2445 πρὸς
982 2371 1112 2437 τοὺς
1166 2371 1472 2434 Ἰουδαίους.
1515 2371 1631 2426 Ούκ
1682 2371 1792 2441 ἄρα

189 2470 392 2541 ψεῦδος
421 2465 520 2542 ἦν,
551 2468 634 2523 ὅτι
673 2465 942 2538 Ῥωμαίος
977 2459 1066 2537 ἦν.
1115 2482 1136 2516 ε
1180 2461 1455 2535 Ἐφοδήθη
1510 2463 1642 2534 γὰρ,
1692 2479 1796 2532 φη-

195 2564 306 2627 σιν,
357 2564 386 2618 6
441 2560 741 2633 χιλίαρχος,
803 2557 1062 2626 ἐπιγνοὺς
1117 2557 1200 2611 ὅτι
1259 2555 1534 2627 Ῥωμαῖός
1595 2557 1733 2621 ἐστι,
1769 2571 1788 2606 ι

193 2656 492 2712 τουτέστιν
539 2651 914 2725 ἀξιωματικοῦ
955 2650 1148 2722 γένους
1181 2651 1332 2706 δντα.

1895 2289 2109 2350 patrem
2157 2294 2320 2337 suum
2379 2279 2688 2336 Romanum
2741 2277 2932 2335 fuisse.
2978 2277 3282 2349 Antequam
3327 2277 3476 2332 enim

1898 2370 2104 2429 Paulus
2128 2381 2474 2442 nasceretur,
2499 2387 2626 2430 cum
2650 2372 2843 2428 Cilicia
2865 2369 3126 2428 Romanae
3148 2367 3374 2425 ditionis
3397 2366 3480 2422 fa-

1899 2472 1988 2520 cta
2021 2473 2194 2531 esset,
2237 2481 2466 2523 necesse
2511 2464 2620 2522 fuit
2676 2472 2738 2521 ut
2797 2464 2845 2521 is
2896 2463 3086 2530 etiam,
3138 2471 3325 2534 utpote
3369 2460 3480 2517 illis

1899 2555 2211 2626 subjectus,
2263 2558 2548 2614 Romanus
2589 2565 2760 2614 esset.
2801 2555 3026 2613 Interim
3079 2565 3287 2622 tamen,
3319 2553 3477 2625 juxta

1901 2649 2073 2720 Agabi
2113 2650 2473 2720 prophetiam,
2498 2649 2754 2722 alligatus
2782 2657 2867 2706 est
2898 2642 2954 2704 in
2976 2646 3304 2705 Jerusalem.
3335 2644 3478 2712 Quid

202 2760 398 2820 postea
425 2747 699 2820 contigit?
741 2744 920 2800 Solvit
975 2760 1100 2800 eum
1153 2743 1410 2799 tribunus
1440 2751 1498 2798 et
1525 2741 1683 2800 duxit
1716 2740 1784 2797 ad
1821 2740 2063 2798 Iudaeos.
2097 2740 2237 2800 Vere
2287 2743 2474 2815 itaque
2540 2741 2746 2799 Paulus
2790 2739 3074 2797 Romanus
3138 2748 3279 2796 erat.
3327 2755 3347 2788 ι
3387 2735 3482 2792 Ti—

218 2841 363 2896 muit
429 2838 605 2904 enim,
663 2837 867 2908 inquit,
926 2836 1184 2892 tribunus
1238 2841 1532 2906 postquam
1612 2833 1858 2901 rescivit,
1899 2833 2027 2905 quia
2073 2835 2214 2891 civis
2277 2834 2584 2904 Romanus,
2634 2853 2654 2888 ι
2713 2833 2820 2890 hoc
2867 2843 2953 2890 est
3011 2830 3213 2888 nobilis
3257 2842 3479 2904 genere.

230 2945 352 2992 :rat.

230 2979 234 2987 .
309 2949 352 2992 ι.

206 2949 304 2992 οη
632 3027 715 3099 Τῇ
750 3027 806 3083 δ’
851 3026 952 3095 τῆς
981 3022 1036 3092 ζ’
1069 3025 1384 3098 ἑϐδομάδος.

818 3116 1208 3174 ΚΕΙΜΕΝΟΝ.

2216 3026 2373 3084 Fet-ia
2415 3027 2450 3082 4
2505 3025 2860 3082 hebdomadas
2900 3027 3169 3098 septimm.

2537 3117 2842 3174 TEX'I'US.

297 3212 576 3276 Ἀτενίσας
616 3211 673 3266 δὲ
721 3211 753 3264 6
787 3209 1001 3274 Παῦλος
1052 3211 1112 3264 ἑν
1151 3208 1232 3278 τῷ
1287 3207 1551 3280 συνεδρίῳ
1603 3201 1792 3262 εἶπενο

1969 3209 2159 3278 XXIII,
2200 3213 2280 3268 I-I
2297 3214 2343 3281 ι,
2363 3212 2652 3270 lntendens
2673 3223 2852 3268 autem
2882 3211 3240 3268 inconcilium
3257 3208 3478 3281 Paulus,

215 3305 451 3376 ’Δνδρες
483 3303 723 3373 ἀδελφοὶ,
766 3302 878 3372 ἐγὼ
899 3300 1048 3374 πάσῃ
1073 3300 1378 3372 συνειδήσει
1422 3299 1600 3372 άγαοῇ
1628 3315 1797 3354 πεπο-

211 3399 472 3469 λίτευμαι
529 3397 607 3468 τῷ
655 3395 778 3467 Θεῷ
814 3397 943 3466 ἄχρι
971 3393 1174 3465 ταύτης
1212 3392 1314 3464 τῆς
1356 3392 1594 3464 ἡμέρας.
1635 3391 1697 3446 Ὀ
1739 3392 1799 3446 δὲ

212 3491 510 3564 ἀρχιερεὺς
537 3486 790 3549 Ἀνανίας
815 3483 1045 3549 ἐπέταξε
1076 3485 1191 3547 τοῖς
1241 3481 1588 3554 παρεστῶσιν
1627 3480 1796 3552 αὐτῷ,

213 3583 447 3638 τύπτειν
473 3579 639 3636 αὑτοῦ
669 3580 728 3634 τδ
758 3580 953 3649 στόμα.
983 3579 1118 3632 Τότε
1148 3581 1177 3632 6
1200 3577 1411 3642 Παῦλος
1457 3576 1593 3647 πρὸς
1639 3575 1800 3630 αὑτὸν

214 3671 371 3730 εἷπε·
409 3671 646 3726 Τύπτειν
680 3687 738 3724 σε
771 3669 955 3742 μέλλει
984 3668 1012 3722 6
1047 3668 1198 3732 Θεδς,
1236 3669 1384 3739 τοῖχε
1423 3666 1798 3737 κεκονιαμένε.

217 3766 328 3820 Καὶ
347 3765 414 3819 σὺ
453 3761 596 3836 κάθῃ
620 3761 820 3832 κρίνων
847 3776 915 3831 με
975 3758 1118 3813 κατὰ
1148 3759 1242 3813 τὸν
1272 3758 1460 3828 νόμον,
1502 3759 1597 3812 καὶ
1620 3773 1803 3827 παρτ.-

216 3856 404 3928 νομῶν
443 3855 686 3920 κελεύεις
750 3871 818 3924 με
839 3850 1182 3919 τύπτεσθαι;
1243 3850 1308 3905 Οί
1340 3849 1400 3904 δὲ
1453 3847 1804 3919 παρεστῶτες

218 3946 376 4004 εὶπον
405 3947 485 4020 τῷ
507 3946 704 4018 Παύλῳ
725 3961 742 3976 ο
779 3946 886 4000 Τδν
919 3944 1178 4017 ἀρχιερέα
1202 3942 1298 3998 τοῦ
1336 3940 1474 3996 Θεοῦ
1503 3939 1802 4012 λοιδορεῖς;

224 4043 372 4114 Ἔφη
388 4057 447 4094 τε
474 4042 505 4094 6
525 4039 731 4102 Παῦλος
755 4053 771 4070 ο
803 4038 917 4093 Οὐκ
943 4038 1114 4110 ᾔδειν,
1145 4035 1385 4106 ἀδελφοὶ,
1411 4035 1492 4088 ὅτι
1516 4031 1807 4104 ἀρχιερεύς

223 4134 362 4187 ἔστι.
409 4130 722 4203 Γέγραπται
765 4130 894 4199 γὰρ,
926 4131 1034 4195 ὅτι,
1066 4129 1338 4198 ’Ἄρχοντα
1385 4124 1482 4179 τοῦ
1523 4123 1656 4176 λαοῦ
1711 4139 1806 4175 σου

223 4226 324 4280 οὐκ
357 4225 502 4295 ἐρεῖς
528 4221 734 4285 κακῶς.
764 4222 803 4274 Γ
806 4223 930 4283 νοῦς
956 4221 1015 4274 δὲ
1056 4221 1085 4274 6
1121 4218 1332 4283 Παῦλος
1354 4217 1438 4272 ὃτι
1463 4216 1527 4270 τδ
1553 4213 1612 4268 ἒν
1641 4215 1810 4286 μέρος

226 4319 346 4373 εστὶ
383 4314 778 4383 Σαδδουκαίων,
805 4314 865 4368 τδ
891 4312 948 4366 δὲ
973 4312 1160 4383 ἕτερον
1195 4311 1528 4382 Φαρισαίων,
1579 4298 1809 4375 ἔκραξεν

223 4413 282 4466 ἑν
325 4409 407 4482 τῷ
444 4407 732 4478 συνεδρίῳο
785 4403 1010 4477 Ἄνδρες
1050 4400 1294 4472 ἀδελφοὶ,
1343 4396 1458 4468 εγὼ
1517 4395 1811 4468 Φαρισαῖός

223 4505 365 4574 ειμι,
387 4503 502 4566 υίδς
528 4499 822 4570 Φαρισαίου
848 4513 863 4529 ο
895 4497 1024 4567 περὶ
1065 4494 1282 4556 ἑλπίδος
1329 4492 1424 4546 καὶ
1464 4488 1811 4550 ἀναστάσεως

1899 3305 1975 3360 ait
2003 3323 2018 3360 :
2048 3305 2162 3360 Viri
2183 3306 2404 3373 fratres,
2435 3323 2537 3380 ego
2561 3307 2712 3363 omni
2735 3307 3071 3363 conscientia
3089 3306 3234 3363 bona
3254 3320 3482 3362 conver-

1899 3409 2053 3456 satus
2071 3414 2194 3455 sum
2213 3398 2541 3467 anteDeum,
2555 3416 2727 3471 usque
2740 3399 2793 3453 in
2810 3399 3134 3455 hodiernum
3147 3398 3308 3455 diem.
3327 3396 3484 3454 Priu-

1899 3506 2028 3563 ceps
2046 3500 2229 3549 autem
2260 3493 2610 3548 sacerdotum
2641 3490 2880 3546 Ananias
2897 3491 3154 3562 pracepit
3173 3489 3486 3548 astantibus

1901 3585 2005 3640 sibi
2029 3593 2385 3654 percntereos
2396 3584 2538 3656 ejus.
2556 3583 2706 3640 'I‘nut-
2721 3584 2923 3642 Paulus
2942 3584 3078 3640 dixit
3095 3583 3161 3638 ad
3178 3599 3334 3639 eum:
3356 3582 3487 3639 Per-

1904 3681 2080 3734 eutiet
2110 3687 2164 3733 te
2191 3677 2360 3744 Deus,
2380 3681 2565 3748 paries
2587 3659 2862 3735 dealbate.
2903 3677 2970 3730 Et
2999 3687 3054 3730 tu
3103 3677 3302 3733 sedens
3327 3675 3484 3746 judi-

1904 3783 1999 3822 cas
2023 3782 2111 3822 me
2143 3767 2447 3823 secundum
2473 3767 2670 3837 legem,
2699 3777 2753 3824 et
2783 3774 2974 3822 contra
3003 3767 3176 3837 legem
3207 3765 3367 3835 julies
3397 3782 3485 3824 me.

1909 3859 2119 3931 percuti
2143 3859 2166 3914 i
2191 3861 2260 3915 Et
2303 3861 2398 3931 qui
2442 3861 2685 3926 stabant,
2737 3860 2998 3916 dixerunt
3028 3876 3044 3914 :
3073 3857 3359 3916 Summum
3392 3874 3484 3916 sa-

1906 3951 2186 4008 cerdotem
2226 3951 2395 4024 299
2423 3951 2520 4009 Dei
2555 3951 2891 4009 maledicis?
2922 3951 3072 4008 Dixit
3118 3960 3302 4009 autem
3337 3949 3484 4006 Pau-

1908 4041 1995 4098 lus
2027 4061 2042 4098 :
2072 4042 2420 4106 Nesciebatn,
2454 4042 2680 4110 fratres,
2749 4045 2880 4116 quia
2913 4045 3168 4116 princeps
3195 4055 3276 4099 est
3305 4059 3489 4101 sacer-

1908 4135 2120 4187 dotum.
2166 4123 2446 4205 Scripiunt
2475 4146 2562 4189 est
2599 4133 2750 4190 enim
2789 4151 2806 4191 :
2850 4133 3158 4205 l'rinc’ipem
3189 4135 3374 4206 populi
3405 4133 3485 4188 tui

1909 4241 2020 4282 non
2063 4227 2377 4284 maledicos.
2439 4226 2633 4284 Sciens
2681 4237 2866 4284 autem
2922 4226 3147 4290 Paulus,
3198 4227 3328 4296 quia
3374 4243 3488 4283 una

1910 4332 2038 4388 pars
2083 4328 2233 4375 esset
2291 4317 2724 4375 Sadducaeorttm
2763 4331 2818 4376 et
2848 4319 3021 4374 altera
3060 4317 3488 4387 Pharisaeorum,

1909 4410 2236 4466 exclamavit
2261 4411 2314 4466 in
2341 4412 2580 4467 concilio
2611 4430 2624 4466 :
2660 4409 2777 4466 Viri
2809 4411 3028 4476 fratres,
3051 4425 3152 4482 ego
3176 4409 3489 4467 Pharisaetts

1913 4518 2034 4560 sum
2067 4503 2258 4567 ,lilius
2318 4501 2608 4567 Pharisaei;
2649 4503 2718 4558 de
2785 4519 2882 4574 spe
2942 4511 2998 4558 et
3083 4502 3490 4558 resurrectione

224 4592 602 4668 vsxptiw‘iyt‘u
643 4590 924 4663 κρίνομαι.
987 4584 1159 4641 Τοῦτο
1199 4585 1256 4640 δὲ
1315 4581 1485 4638 αὑτοῦ
1533 4581 1800 4647 εἰπόντος¹

1913 4601 2254 4649 mortuorum
2282 4608 2384 4664 ego
2410 4592 2653 4658 judicor.
2690 4592 2754 4648 Et
2776 4609 2900 4649 cum
2924 4593 3040 4649 luet:
3068 4591 3318 4656 dixisset,
3345 4589 3487 4648 facta

224 4688 443 4757 ἐγένετο
491 4687 682 4747 στάσις
731 4683 841 4736 τῶν
891 4676 1267 4733 Σαδδουκαίων
1327 4676 1424 4729 καὶ
1473 4671 1806 4746 Φαρισαίων,

225 4781 318 4836 καὶ
347 4779 574 4852 ἐσχίσθη
594 4776 658 4831 τδ
683 4773 910 4847 πλῆθος.
940 4769 1286 4826 Σαδδουκαῖοι
1307 4767 1408 4840 μὲν
1430 4765 1540 4836 γάρ
1567 4764 1809 4832 λέγουσι,

228 4868 305 4940 μὴ
337 4865 476 4923 εἶναι
523 4865 842 4930 ἀνάστασιν,
885 4862 1022 4933 μήτε
1074 4859 1329 4928 ἄγγελον,
1368 4856 1507 4927 μήτε
1554 4852 1808 4925 πνεῦμα·

224 4960 508 5032 Φαρισαῖοι
549 4958 607 5013 δὲ
643 4953 967 5028 ὁμολογοῦσι
996 4953 1067 5007 τὰ
1102 4950 1410 5022 ἀμφότερα.
1474 4945 1724 5016 Ἐγένετο
1749 4943 1807 4998 δὲ

229 5051 448 5122 κραυγὴ
497 5047 711 5121 μεγάλη
736 5065 750 5079 ο
792 5049 886 5100 καὶ
915 5043 1247 5105 ἀναστάντες
1283 5040 1428 5104 τινες
1469 5038 1582 5092 τῶν
1623 5037 1813 5110 Γραμ-

237 5142 450 5212 ματέων
512 5138 607 5195 τοῦ
668 5139 865 5210 μέρους
932 5136 1041 5190 τῶν
1102 5132 1412 5204 Φαρισαίων
1464 5129 1810 5201 διεμάχοντο,

232 5231 480 5298 λέγοντες
501 5248 516 5265 ·
550 5230 716 5284 Οὐδὲν
761 5229 929 5282 κακδν
963 5226 1290 5298 εὑρίσκομεν
1333 5227 1391 5278 ὲν
1419 5223 1500 5296 τῷ
1540 5221 1812 5294 ἀνθρώπῳ

235 5322 441 5393 τούτῳ’
485 5326 534 5377 εἰ
580 5322 639 5377 δὲ
689 5319 906 5389 πνεῦμα
956 5318 1218 5388 ἐλάλησεν
1265 5318 1436 5389 αὐτῷ,
1484 5317 1518 5389 ἢ
1561 5315 1812 5383 ἅγγελος,

237 5414 314 5486 μὴ
366 5414 746 5485 θεομαχῶμεν.
815 5410 1019 5482 Πολλῆς
1067 5410 1126 5464 δὲ
1184 5410 1487 5480 γενομένης
1549 5408 1811 5472 στάσεως,

238 5504 494 5574 φοϐηθεὶς
543 5507 571 5557 6
624 5505 905 5575 χιλίαρχος
949 5504 1025 5573 μὴ
1054 5500 1360 5571 διασπασθῇ
1411 5501 1441 5554 6
1485 5499 1692 5564 Παῦλος
1720 5499 1812 5552 ὑπ’

239 5594 442 5661 αὐτῶν,
471 5596 720 5650 ἐκέλευσε
754 5595 814 5649 τὸ
861 5595 1176 5664 στράτευμα
1202 5590 1528 5660 καταϐῆναι,
1571 5593 1666 5644 καὶ
1706 5591 1812 5661 ἁρ-

240 5688 408 5742 πάσαι
438 5690 597 5744 αὐτὸν
624 5692 688 5744 ἐκ
719 5688 884 5759 μέσου
914 5687 1114 5753 αὐτῶν,
1143 5684 1296 5753 ἄγειν
1336 5701 1395 5737 τε
1432 5686 1509 5749 εἰς
1540 5683 1640 5756 τὴν
1676 5700 1814 5756 παρ-

239 5779 495 5852 εμϐολήν.
557 5782 636 5853 Τῇ
699 5782 756 5834 δὲ
821 5778 1050 5849 ἐπιούσῃ
1105 5777 1264 5831 νυκτὶ
1311 5779 1538 5840 ἐπιστὰς
1592 5777 1742 5848 αὐτῷ
1785 5780 1814 5832 6

241 5870 465 5944 Κύριος,
506 5867 628 5928 εἶπε
653 5890 666 5905 ·
713 5873 938 5944 Θάρσει,
968 5871 1144 5926 Παῦλε
1171 5886 1185 5900 °
1223 5870 1299 5932 ὠς
1335 5870 1442 5941 γὰρ
1465 5870 1814 5942 διεμαρτύρω

1913 4691 1998 4739 est
2033 4682 2313 4740 dissensio
2352 4683 2498 4739 inter
2543 4681 2853 4740 Pltarismos
2907 4693 2962 4740 et
3023 4683 3377 4746 Sadducasos,
3434 4695 3490 4740 et

1912 4776 2092 4833 soluta
2129 4784 2216 4833 est
2267 4775 2583 4831 multitudo.
2636 4775 2918 4831 Sadducazi
2983 4776 3128 4830 enim
3158 4774 3347 4830 dicunt
3377 4791 3489 4832 non

1913 4884 2037 4926 esse
2059 4868 2537 4933 resurrectionem,
2568 4882 2746 4940 neque
2791 4869 3064 4940 angelum,
3095 4883 3268 4940 neque
3323 4869 3492 4940 spiri-

1916 4971 2028 5017 tum
2061 4977 2076 5015 :
2109 4959 2370 5015 Pharisaei
2402 4967 2587 5016 autem
2617 4970 2852 5032 utraque
2877 4959 3239 5017 conﬁtentur.
3285 4957 3492 5019 Factus

1913 5060 1999 5109 est
2043 5059 2225 5107 autem
2257 5051 2466 5107 clamor
2507 5067 2758 5124 magnus.
2811 5051 2876 5106 Et
2923 5060 3214 5124 surgentes
3263 5051 3489 5124 quidatn

1915 5143 2317 5200 Pharisaaorum
2382 5144 2719 5214 pugnabant,
2741 5143 2985 5200 dicentes
3012 5161 3028 5201 :
3067 5143 3216 5200 Nihil
3245 5145 3371 5199 mali
3404 5146 3494 5199 in-

1916 5237 2170 5291 venimus
2203 5233 2259 5289 in
2291 5234 2514 5289 homine
2546 5235 2653 5290 isto
2695 5251 2712 5294 :
2743 5235 2874 5306 quid
2905 5235 2952 5291 si
3001 5235 3229 5307 spiritus
3272 5237 3496 5294 locutus

1913 5333 2002 5382 est
2029 5325 2102 5392 ei,
2129 5333 2226 5379 aut
2251 5323 2522 5395 angelus?
2551 5322 2618 5379 Et
2669 5340 2792 5381 cum
2823 5341 3018 5397 magna
3047 5327 3314 5384 dissensio
3345 5327 3493 5384 facta

1915 5430 2085 5483 esset,
2123 5418 2325 5474 timens
2352 5421 2609 5473 tritumts
2665 5435 2734 5474 ne
2761 5419 3163 5492 discerperetur
3193 5418 3397 5476 Paulus
3422 5424 3495 5476 ab

1918 5512 2074 5582 ipsis,
2099 5510 2272 5582 jussit
2306 5510 2510 5566 milites
2539 5509 2876 5569 descendere
2906 5523 2962 5569 et
3007 5528 3201 5583 rapere
3247 5528 3372 5568 eum
3425 5515 3498 5569 de

1917 5603 2101 5658 medio
2129 5617 2317 5658 eorum
2357 5616 2424 5656 ac
2447 5601 2721 5659 deducere
2746 5619 2870 5659 eum
2898 5605 2952 5659 in
2975 5613 3175 5660 castra.
3225 5601 3494 5675 Sequenti

1914 5703 2098 5749 autem
2151 5701 2313 5748 nocte
2368 5693 2635 5755 assistens
2665 5695 2716 5750 ei
2750 5695 3038 5761 Dominus,
3072 5697 3146 5751 ait
3175 5714 3191 5755 :
3220 5695 3498 5752 Constans

1915 5799 2036 5844 esto
2078 5786 2263 5845 :sicut
2297 5788 2445 5842 enim
2477 5789 2804 5846 testiﬁcatus
2843 5804 2906 5845 es
2939 5790 3009 5845 de
3055 5803 3142 5844 me
3182 5789 3234 5844 in
3265 5786 3494 5844 Jerusa-

1919 5877 2047 5938 lem,
2078 5873 2159 5929 sic
2188 5880 2241 5925 te
2271 5881 2495 5944 epatrtct
2514 5881 2569 5927 et
2599 5871 2787 5932 Romae
2826 5873 3133 5932 testificari.

240 5970 309 6021 τὰ
338 5968 466 6041 περὶ
507 5966 641 6041 ἐμοῦ
673 5968 753 6030 είς
793 5964 1170 6039 Ἰερουσαλὴμ,
1202 5960 1346 6019 οῦτω
1375 5979 1435 6018 σε
1483 5963 1566 6017 δεῖ
1606 5965 1698 6018 καὶ
1735 5967 1816 6034 είς
1865 5968 2091 6040 Ῥώμην
2142 5972 2509 6044 μαρτυρῆσαι.
