4090 6304
397 359 532 430 103⁸2

1017 365 1549 431 EXPOSITIONIS
1593 367 1671 430 lN
1710 359 1900 432 Al.LTA
1935 364 2237 430 TEXTUS
2271 367 2539 429 ALTER.
2569 393 2636 404 -
2675 369 2834 430 CAP.
2871 367 3083 429 XXIV.

3485 357 3620 429 1038

392 475 698 548 συνείδησιν
752 478 887 544 πρός
933 495 996 534 τε
1041 481 1132 534 τὸν
1183 481 1321 536 θεὸν
1362 481 1613 546 καὶτοὺς
1639 481 1947 552 ἀνθρώπους

2067 483 2594 552 mepurilicatumin
2623 482 2845 550 templo,
2880 496 2990 535 non
3037 492 3160 536 cum
3216 478 3396 546 turba,
3441 495 3618 554 neque.

386 569 700 634 διαπαντός.
735 573 814 625 Δι’
835 574 974 627 ἐτῶν
999 572 1057 628 δὲ
1096 574 1358 630 πλειόνων
1405 575 1776 646 ἐλεημοσύνας
1805 577 1960 648 ποιή-

388 679 500 717 σων
529 665 609 726 εἰς
635 664 696 718 τὸ
748 663 900 731 ἔθνος
934 684 1038 736 μου
1081 669 1468 740 παρεγενόμην
1503 671 1597 724 καὶ
1621 672 1954 742 προσφοράς.

402 755 488 808 Ἐν
517 751 608 819 αἷς
640 751 799 830 εὗρόν
847 776 915 828 με
953 761 1282 832 ἡγνισμένον
1326 763 1385 815 ἐν
1421 761 1498 834 τῷ
1531 761 1685 834 ίεριῖι,
1707 763 1770 817 οὐ
1819 763 1958 834 μετά

385 845 566 917 ὄχλου,
599 847 721 903 οὐδὲ
753 849 894 920 μετὰ
919 849 1173 924 θορύϐου,
1207 852 1353 917 τινὲς
1382 853 1492 908 τῶν
1512 855 1620 908 ἀπὸ
1641 855 1740 924 τῆς
1773 854 1959 920 Ἀσίας

399 935 699 994 Ἰουδαίων·
725 939 821 1005 οὓς
849 941 956 996 ἔδει
988 944 1081 998 ἐπὶ
1111 942 1208 998 σοῦ
1271 947 1528 1016 παρεῖναι
1583 946 1678 1000 καὶ
1721 962 1957 1015 κατηγο·

386 1029 500 1092 ρείν
528 1029 583 1083 ετ
612 1048 663 1084 τι
691 1031 759 1087 ἂν
784 1030 960 1103 ῑχοιεν
986 1033 1121 1107 πρὸς
1153 1053 1224 1106 με
1244 1050 1258 1063 ·
1291 1036 1324 1109 ἢ
1358 1037 1512 1091 αὐτοὶ
1541 1038 1873 1103 εἰπάτωσαν,
1905 1036 1958 1090 τί

385 1109 542 1193 εὖρον
562 1123 621 1178 ἐν
636 1125 757 1196 ἐμοὶ
786 1126 1050 1199 ἀδίκημα,
1082 1128 1266 1183 στάντι
1295 1147 1385 1200 μοι
1416 1131 1476 1185 ἐν
1503 1129 1581 1201 τῷ
1607 1130 1889 1203 συνεδρίῳ,
1923 1129 1957 1201 ἢ

385 1215 514 1284 περὶ
549 1217 676 1286 μιᾶς
705 1217 908 1287 ταύτης
931 1220 1134 1292 φωνῆς,
1152 1215 1222 1293 ἦς
1239 1221 1445 1294 ἐκραξα
1469 1221 1527 1276 ἐν
1552 1223 1733 1286 αὐτοῖς
1765 1222 1954 1286 ἐστὼς,

389 1309 471 1361 ὅτι
499 1308 635 1379 Περὶ
665 1309 1012 1378 ἀναστάσεως
1043 1315 1252 1382 νεκρῶν
1277 1314 1390 1382 ἐγὼ
1420 1315 1677 1386 κρίνομαι
1718 1315 1957 1384 σήμερον

384 1401 476 1473 ὑφ’
510 1402 686 1474 ὑμῶν.
733 1403 1000 1470 Ἀκούσας
1038 1405 1096 1459 δὲ
1149 1405 1320 1460 ταῦτα
1373 1407 1403 1461 6
1441 1407 1608 1478 Φῆλιξ
1660 1407 1954 1462 ἀνεϐάλετο

383 1495 603 1560 αὐτοὺς,
626 1495 1017 1568 ἀκριϐέστερον
1042 1495 1198 1560 εἰδὼς
1223 1497 1292 1551 τὰ
1321 1498 1448 1568 περὶ
1475 1499 1577 1568 τῆς
1602 1497 1743 1564 ὁδοῦ,
1765 1497 1953 1552 εἰπών’

384 1586 555 1642 Ὅταν
587 1588 794 1651 Λυσίας
816 1590 846 1642 6
873 1587 1156 1661 χιλίαρχος
1185 1589 1420 1661 καταϐῇ,
1468 1589 1841 1660 διαγνώσομαι
1890 1589 1958 1642 τὰ

384 1678 506 1734 καθ’
535 1679 702 1752 ὑμᾶς,
722 1680 1118 1753 διαταξάμενος
1150 1681 1229 1753 τῷ
1271 1682 1644 1754 ἑκατοντάρχῃ
1677 1681 1956 1754 τηρεῖσθαι

383 1771 566 1840 αὐτὸν,
605 1773 749 1845 ἔχειν
799 1790 860 1827 τε
903 1772 1111 1841 ἄνεσιν,
1145 1772 1241 1828 καὶ
1286 1774 1494 1846 μηδένα
1557 1773 1787 1829 κωλύειν
1849 1774 1956 1828 τῶν

2061 590 2184 631 cum
2214 575 2474 639 tumultu,
2509 573 2730 645 quidam
2783 586 2960 627 autem
3007 589 3068 628 ex
3096 572 3221 628 Asia
3251 571 3445 639 Judaei,
3486 591 3624 643 quos

2060 665 2350 738 oportebat
2383 663 2523 734 apud
2550 673 2603 718 te
2641 673 2841 736 praesto
2865 678 3009 726 esse,
3051 671 3106 717 et
3126 677 3389 720 accusare
3418 665 3464 720 si
3492 665 3619 736 quid

2064 757 2325 812 haberent
2351 753 2640 810 adversum
2674 769 2758 808 me
2782 769 2798 809 :
2821 761 2916 808 aut
2941 753 2992 808 hi
3036 753 3152 824 ipse
3178 752 3366 808 dicant
3413 754 3459 809 si
3492 759 3622 826 quid

2063 849 2387 904 invenerunt
2411 847 2464 901 in
2491 862 2576 902 me
2608 845 2911 917 iniquitatis
2941 861 3064 901 cum
3096 855 3231 900 stem
3265 846 3318 900 in
3369 849 3623 907 concilio,

2061 941 2168 996 nisi
2223 941 2292 996 de
2347 954 2452 994 una
2513 939 2614 994 hac
2671 937 3016 996 solummodo
3049 953 3184 994 voce
3237 954 3343 1009 qua
3394 940 3622 995 clamavi

2061 1033 2204 1090 inter
2228 1047 2327 1088 eos
2363 1040 2546 1100 stans,
2599 1031 2858 1102 quoniam
2919 1029 2994 1086 De
3048 1033 3447 1087 resurrectione
3481 1049 3624 1088 mor-

2061 1136 2281 1180 tuorum
2308 1139 2409 1196 ego
2451 1123 2670 1192 judicor
2692 1123 2854 1179 hodie
2905 1138 2935 1176 a
2967 1123 3138 1180 vobis.
3189 1123 3408 1180 Distulit
3443 1139 3622 1181 autem

2060 1218 2185 1274 illos
2210 1214 2380 1282 Felix,
2415 1218 2716 1272 certissime
2737 1217 2919 1273 sciens
2948 1215 3014 1272 de
3066 1218 3152 1270 via
3199 1217 3321 1283 hac,
3379 1217 3570 1274 dicens
3609 1233 3625 1269 :

2058 1309 2194 1367 Cum
2220 1311 2474 1366 tribunus
2530 1309 2721 1383 Lysias
2781 1309 3159 1377 descenderit,
3214 1311 3431 1366 audiam
3507 1327 3625 1367 vos.

2056 1398 2339 1468 Jussitque
2370 1399 2677 1454 centurioni
2709 1398 2987 1455 custodire
3027 1415 3175 1464 cum,
3203 1407 3256 1453 et
3309 1399 3512 1456 habere
3541 1416 3626 1455 re~

2057 1490 2263 1561 quiem,
2296 1505 2398 1544 nec
2420 1504 2745 1561 quemquam
2782 1490 2850 1546 de
2875 1490 2990 1546 suis
3003 1491 3292 1559 prohibere
3316 1492 3629 1546 ministrare.

2056 1585 2132 1639 ei.
2162 1583 2292 1639 Post
2333 1584 2550 1654 aliquos
2597 1593 2776 1639 autem
2825 1582 2943 1640 dies
3003 1585 3229 1648 veniens
3284 1584 3432 1640 Felix
3505 1601 3628 1641 cum

2058 1675 2294 1731 Drusilla
2319 1691 2597 1731 uxoresua
2624 1691 2746 1744 quae
2769 1675 3110 1748 cratJudaea,
3140 1677 3351 1734 vocavit
3376 1677 3627 1742 Paulum,

2056 1778 2112 1825 et
2141 1769 2352 1824 audivit
2380 1769 2449 1825 ab
2474 1784 2539 1826 eo
2573 1767 2733 1825 ﬁdem
2757 1785 2882 1840 qua:
2917 1780 3001 1825 est
3031 1769 3083 1824 in
3115 1767 3394 1826 Christum
3420 1768 3628 1825 Jesum.

384 1864 530 1918 ίδίων
565 1864 734 1919 αὐτοῦ
756 1865 1068 1938 ὑπηρετεῖν,
1103 1867 1137 1938 ἢ
1172 1867 1575 1939 προσέρχεσθαι
1603 1867 1773 1938 αὐτῷ.
1803 1867 1947 1922 Μετᾶ

2061 1860 2384 1932 Disputante
2404 1869 2585 1918 autem
2611 1861 2704 1918 illo
2736 1862 2803 1917 de
2837 1863 3048 1932 iustitia
3071 1872 3130 1918 et
3176 1863 3431 1918 castitate
3459 1874 3514 1917 et
3565 1864 3633 1919 de

379 1952 434 2007 ὁὶ
466 1954 678 2026 ἡμέρας
706 1957 857 2020 τινάς
881 1957 1327 2029 παραγενόμενος
1353 1958 1382 2010 6
1411 1958 1579 2029 Φῆλιξ
1605 1959 1704 2012 σὺν
1729 1958 1952 2031 Δροσίλ-

379 2044 448 2118 λη
479 2049 548 2119 τῇ
582 2047 690 2120 ἰδία
709 2049 953 2121 γυναικὶ,
983 2047 1119 2122 οὔσῃ
1153 2049 1404 2122 Ἰουδαίᾳ,
1445 2048 1836 2122 μετεπέμψατο
1861 2049 1955 2104 τὸν

381 2130 617 2208 Παῦλον,
657 2141 752 2194 καὶ
800 2141 1035 2214 ἤκουσεν
1085 2140 1251 2195 αὐτοῦ
1306 2141 1437 2212 περὶ
1479 2142 1581 2212 τῆς
1611 2143 1693 2207 είς
1717 2142 1954 2216 Χριστὸν

391 2226 602 2303 Ἰησοῦν
635 2233 890 2298 πίστεως.
935 2233 1334 2306 Διαλεγομένου
1371 2233 1428 2290 δὲ
1478 2233 1645 2289 αὐτοῦ
1692 2236 1817 2306 περὶ
1872 2235 1950 2290 δι-

379 2322 697 2396 καιοσύνης,
737 2327 833 2380 καὶ
871 2327 1224 2400 ἐγκρατείας,
1255 2327 1349 2382 καὶ
1399 2327 1494 2382 τοῦ
1543 2326 1811 2400 κρίματος
1851 2327 1947 2382 τοῦ

380 2415 669 2486 μέλλοντος
706 2417 945 2484 ἔσεσθαι,
974 2418 1213 2490 ἔμφοϐος
1237 2419 1529 2492 γενόμενος
1560 2420 1590 2473 6
1621 2420 1790 2492 Φῆλιξ
1838 2421 1949 2474 ἀπ·

2057 1955 2267 2027 judicio
2311 1953 2516 2018 futuro,
2563 1953 2914 2010 tremefactus
2939 1952 3088 2009 Felix
3117 1954 3397 2026 respondit
3427 1973 3443 2010 :
3481 1953 3630 2023 Quod

2064 2063 2206 2103 nunc
2243 2047 2458 2111 attinet,
2495 2046 2670 2102 vade:
2699 2059 2944 2119 tempore
2974 2056 3156 2104 autent
3205 2057 3516 2119 opportuno
3539 2065 3634 2104 ac-

2061 2153 2276 2196 cersam
2313 2149 2405 2194 te:
2436 2139 2601 2194 simul
2631 2149 2686 2194 et
2713 2154 2964 2212 sperans,
2997 2140 3141 2212 quod
3190 2141 3420 2214 pecunia
3463 2142 3513 2198 ei
3539 2143 3634 2197 da-

2063 2242 2218 2289 retur
2247 2247 2277 2286 a
2302 2231 2496 2297 Paulo,
2529 2243 2756 2304 propter
2785 2232 2931 2304 quod
2963 2242 3019 2289 et
3051 2232 3398 2306 frequentem
3445 2249 3634 2290 accer-

2068 2342 2202 2384 sens
2235 2341 2360 2383 eum
2393 2324 2722 2397 loquebatur
2750 2341 2875 2382 eum
2907 2341 2994 2384 eo.

375 2480 569 2583 ἐκρίθη
589 2527 605 2544 ο
640 2480 717 2567 Τὸ
747 2512 840 2566 νῦν
868 2480 1262 2584 ἔχονπορεύου
1279 2526 1294 2542 ·
1313 2480 1522 2585 καιρὸν-
1543 2513 1600 2568 δὲ
1626 2480 1947 2585 μεταλαϐὼν
1985 2513 2427 2586 μετακαλέσομαί
2456 2531 2517 2567 σε
2537 2530 2550 2544 ·
2583 2514 2702 2584 ἅμα
2723 2512 2780 2568 δὲ
2803 2514 2895 2568 καὶ
2919 2512 3175 2579 ἐλπίζων,
3229 2514 3313 2569 ὅτι
3360 2480 3632 2586 ’χρήματα

376 2600 660 2688 δοθήσεται
693 2604 844 2680 αὐτῷ
882 2605 989 2661 ὑπὸ
1017 2603 1114 2659 τοῦ
1140 2604 1379 2673 Παύλου,
1405 2607 1553 2673 ὅπως
1577 2606 1717 2679 λύσῃ
1753 2607 1948 2662 αὐτόν’
2023 2609 2105 2663 διδ
2165 2608 2262 2663 καὶ
2292 2607 2624 2679 πυκνότερον
2681 2608 2844 2665 αὑτὸν
2888 2621 3404 2680 μεταπεμπομενος,
3435 2607 3632 2681 ὡμίλει

375 2695 546 2772 αὐτῷ.

829 2856 831 2858 η
943 2795 1192 2852 nsum.
1233 2799 1376 2868 Λςν.

377 2886 518 2956 Περὶ
565 2885 677 2956 τῆς
737 2887 1002 2956 Φήλικος
1051 2889 1360 2961 διαδοχῆς,
1415 2893 1512 2946 καὶ
1565 2893 1673 2962 τῆς
1703 2893 1948 2964 Φήστου

444 2979 822 3048 προαγωγείας
846 3019 863 3045 ,
916 2979 1030 3049 τῆς
1079 2997 1146 3036 te
1193 2982 1288 3036 ἐπ’
1339 2983 1529 3038 αὑτοῦ
1576 2983 1950 3055 ἀνακρίσεως

444 3072 692 3128 Παύλου
725 3073 823 3127 καί
854 3073 1148 3144 ἀφέσεως.

447 3164 662 3227 Διετίας
707 3163 766 3218 δι
801 3164 1210 3240 πληρωθείσης,
1242 3153 1401 3222 ἔλαϐε
1441 3160 1682 3239 διάδοχον
1711 3167 1739 3222 6
1778 3166 1946 3241 Φῆλιξ

378 3254 612 3327 Πόρκιον
659 3256 872 3327 ⁴Ιθῆστον
891 3235 927 3289 4-
956 3235 1153 3313 θέλων-
1175 3259 1235 3314 δὲ
1278 3261 1439 3332 χάριν
1473 3235 1806 3317 καταθέσθαι
1833 3235 1949 3328 τοῖς
1975 3235 2022 3298 C

387 3347 668 3412 Ἰουδαίοις
700 3349 730 3402 6
755 3347 944 3421 Φῆλιξ,
979 3351 1239 3406 κατέλιπε
1266 3353 1360 3407 τὸν
1397 3352 1612 3409 Παῦλον
1640 3353 1951 3424 δεδεμένον.

373 3440 582 3511 Φῆστος
609 3437 703 3498 οὖν
739 3443 944 3508 ἐπιϐάς
969 3445 1036 3515 τῇ
1066 3444 1334 3518 ἐπαρχία,
1367 3446 1510 3517 μετά
1561 3449 1711 3521 τρεῖς
1737 3449 1952 3520 ἡμέρας

372 3533 543 3606 ἀνέϐη
567 3536 649 3597 είς
695 3535 1045 3608 Ἰεροσόλυμα
1093 3537 1204 3593 άπὸ
1254 3539 1614 3612 Καισαρείας.
1656 3541 1952 3612 Ἐνεφάνη-

373 3627 475 3682 σάν
505 3645 566 3682 τε
596 3629 746 3700 αῦτῷ
797 3631 850 3684 oi
905 3631 1186 3704 ἀρχιερεῖς
1219 3631 1314 3686 καὶ
1351 3632 1403 3686 οί
1438 3631 1646 3704 πρῶτοι
1666 3634 1777 3688 τῶν
1817 3633 1949 3688 Ἰου-

371 3719 536 3774 δαίων
566 3721 708 3776 κατὰ
740 3721 834 3777 τοῦ
865 3724 1102 3788 Παύλου,
1133 3723 1232 3778 καὶ
1256 3723 1609 3796 παρεκάλουν
1642 3725 1829 3790 αὐτὸν,
1857 3727 1945 3780 ai-

371 3812 627 3883 τούμενοι
671 3816 832 3888 χάριν
877 3817 1003 3870 κατ’
1053 3815 1244 3881 αὑτοῦ,
1305 3817 1454 3882 ὅπως
1518 3817 1944 3890 peccaturi/urat

370 3905 536 3960 αὐτὸν
594 3909 677 3971 είς
727 3909 1109 3981 Ἰερουσαλὴμ,
1149 3909 1374 3982 ἐνέδραν
1411 3911 1691 3975 ποιοῦντες
1725 3911 1935 3964 ἀνελεῖν

369 3999 533 4052 αὑτὸν
563 4000 702 4052 κατά
730 3999 828 4070 τὴν
875 4000 1014 4056 ὁδόν.
1060 3992 1120 4054 ’0
1149 3999 1249 4071 μὲν
1290 3999 1385 4054 οὖν
1403 4001 1611 4071 Φῆστος
1656 4001 1933 4073 ἀπεκρίθη

371 4092 658 4161 τηρεῖσθαι
678 4093 769 4145 τὸν
803 4093 1016 4147 Παῦλον
1047 4094 1106 4146 ὲν
1133 4095 1467 4165 Καισαρείᾳ,
1500 4094 1696 4147 ἑαυτὸν
1723 4094 1780 4148 δὲ
1811 4094 1942 4166 μέλ-

370 4183 482 4236 λειν
507 4185 566 4236 ἐν
595 4186 750 4252 τάχει
801 4185 1223 4257 ἐκπορεύεσθαι.
1256 4186 1319 4240 Oi
1338 4183 1432 4239 οὖν
1461 4187 1676 4240 δυνατοὶ
1703 4187 1761 4238 ἐν
1788 4187 1937 4258 ύμῖν,

369 4275 527 4346 φησὶ,
558 4276 1026 4345 συγκαταϐάντες,
1061 4276 1187 4330 εῖτί
1209 4279 1357 4331 ἐστιν
1386 4279 1444 4332 ἐν
1467 4278 1548 4350 τῷ
1574 4279 1732 4349 ἀνδρὶ
1764 4281 1941 4350 τούτῳ

367 4367 604 4435 ἄτοπον,
651 4372 1129 4443 κατηγορείτωσαν
1197 4371 1386 4427 αὐτοῦ.
1422 4373 1724 4445 Διατρίψας
1781 4373 1840 4428 δὲ
1879 4375 1940 4429 ἐν

365 4461 553 4526 αὐτοῖς
582 4462 794 4534 ἡμέρας
817 4465 879 4517 οῦ
911 4463 1130 4529 πλείους
1154 4464 1322 4528 ὀκτὼ,
1354 4466 1387 4536 ἢ
1410 4465 1564 4532 δέκα,
1591 4463 1835 4530 καταϐάς
1859 4469 1939 4530 είς

2615 2795 2846 2854 CAPUT
2898 2795 2939 2850 Χ
2953 2795 3040 2852 XX
3053 2795 3138 2852 Vl.

2056 2892 2134 2948 De
2166 2890 2356 2950 Felicis
2385 2891 2712 2947 successione
2735 2900 2784 2946 et
2814 2887 3260 2960 Festifunctione.
3282 2903 3331 2948 ct
3367 2891 3430 2949 de
3471 2893 3632 2951 Pauli

2338 3000 2516 3040 coram
2545 2985 2656 3052 ipso
2681 2985 2923 3039 amantius
2949 2995 2997 3039 ιι
3015 2983 3341 3041 dimissioue.

2122 3173 2392 3240 LXIV,”
2411 3172 2608 3241 ;XXV,
2629 3173 2784 3231 l-l5.
2808 3174 3034 3231 Biennio
3063 3181 3243 3232 autem
3266 3178 3503 3248 expleto,
3540 3196 3632 3237 ac-

2053 3269 2203 3340 cepit
2217 3283 2590 3325 successoretn
2607 3265 2756 3324 Felix
2775 3267 3020 3324 Portium
3038 3267 3284 3325 Festum.
3308 3269 3508 3327 Voleus
3525 3287 3626 3328 an.

2054 3369 2164 3418 tem
2186 3362 2416 3434 gratiam
2437 3370 2696 3431 praestare
2723 3357 2931 3416 Judaeis
2959 3357 3133 3427 Felix,
3154 3361 3374 3431 reliquit
3395 3362 3623 3419 Paulum

2054 3451 2321 3508 vinctum.
2362 3448 2560 3507 Festus
2584 3465 2869 3522 ergo-cum
2905 3452 3146 3507 venisset
3175 3451 3229 3508 in
3261 3455 3624 3525 provinciam,

2051 3551 2174 3614 post
2205 3545 2444 3599 triduum
2507 3543 2758 3600 ascendit
2817 3539 3215 3619 Jerosolymant
3267 3561 3299 3601 ει
3350 3542 3622 3608 Czcsat'ea.

2048 3638 2424 3710 Adieruntque
2471 3651 2597 3692 eum
2627 3635 2907 3707 principes
2953 3637 3299 3694 sacerdotum
3348 3648 3406 3695 et
3453 3643 3615 3713 primi

2045 3730 2360 3788 Judaaorum
2391 3728 2656 3788 adversus
2689 3729 2938 3796 Paulum,
2971 3739 3026 3787 et
3056 3731 3320 3804 rogabant
3341 3749 3488 3798 eum,
3526 3752 3628 3808 μου

2046 3825 2316 3882 stulantcs
2347 3823 2574 3896 gratiam
2604 3823 2866 3880 adversus
2911 3819 3058 3892 eum,
3084 3825 3371 3896 utjuberet
3393 3828 3621 3899 perduci

2045 3923 2172 3976 cum
2203 3919 2257 3973 in
2279 3913 2608 3986 Jerusalem,
2642 3915 2872 3974 insidias
2919 3919 3227 3985 tendentes,
3257 3933 3317 3975 ut
3346 3921 3624 3979 interﬁce-

2045 4018 2168 4064 rent
2219 4023 2344 4064 eum
2378 4008 2433 4061 in
2469 4007 2574 4062 via.
2608 4004 2806 4063 Festus
2856 4016 3039 4062 autem
3075 4008 3358 4078 respondit
3413 4011 3622 4069 servari

2041 4099 2270 4156 Paulum
2295 4100 2348 4154 in
2376 4097 2648 4162 Casarea,
2697 4112 2758 4155 se
2790 4109 2976 4153 autem
3031 4102 3305 4157 maturius
3340 4102 3620 4175 profectu.

2043 4211 2189 4251 rum.
2217 4193 2466 4262 Quiergo
2495 4193 2549 4247 in
2575 4192 2728 4248 vobis
2764 4191 2886 4264 (ait)
2919 4201 3172 4263 potentes
3207 4203 3360 4262 sunt,
3385 4195 3621 4252 descen-

2039 4291 2232 4344 dentes
2250 4286 2435 4351 simul,
2460 4285 2504 4340 si
2531 4285 2674 4355 quod
2733 4291 2816 4340 est
2860 4284 2914 4337 in
2947 4285 3064 4340 viro
3087 4285 3316 4352 crimen,
3355 4280 3621 4344 accusent

2039 4392 2184 4432 eum.
2210 4375 2533 4430 Demorntus
2554 4385 2729 4430 autem
2760 4371 2922 4448 304
2945 4375 3084 4431 inter
3103 4391 3199 4432 eos
3226 4378 3341 4434 dies
3365 4393 3474 4434 non
3500 4395 3619 4434 an»

2042 4468 2184 4539 plius
2211 4483 2373 4538 quam
2419 4475 2544 4521 octo
2576 4475 2669 4520 aut
2703 4465 2916 4531 decem,
2965 4466 3248 4524 descendit
3287 4468 3614 4533 Carsaream,

367 4555 726 4628 Καισάρειαν,
760 4558 827 4627 τῇ
859 4557 1126 4628 ἐπαύριον
1163 4554 1396 4621 καθίσας
1424 4559 1518 4612 ἐπὶ
1543 4558 1637 4612 τοῦ
1669 4556 1932 4630 βήματος,

2049 4573 2094 4618 et
2125 4563 2294 4616 altera
2341 4560 2431 4616 die
2459 4561 2600 4616 sedit
2627 4575 2725 4632 pro
2751 4559 3030 4624 tribunali,
3084 4569 3140 4616 ct
3190 4561 3355 4632 jussit
3385 4558 3613 4619 Paulum

361 4649 618 4702 ἐκέλευσε
665 4649 758 4701 τὸν
806 4647 1018 4703 Παῦλον
1060 4649 1311 4721 ἀχθῆναι.
1371 4650 1824 4721 Παραγενομένου
1874 4651 1932 4706 δέ

363 4739 549 4805 αὐτοῦ,
591 4740 964 4811 περιέστησαν
1012 4739 1211 4816 [αὐτῷ]
1269 4743 1320 4796 οἱ
1371 4743 1482 4797 ἀπὸ
1547 4742 1933 4814 Ἰεροσολύμων

365 4833 700 4898 καταϐάντες
737 4834 1006 4899 Ἰουδαῖοι,
1038 4833 1212 4889 πολλὰ
1253 4835 1350 4889 καὶ
1408 4835 1582 4907 βαρέα
1635 4837 1936 4906 αίτιάματα

364 4925 622 4996 φέροντες
648 4926 789 4982 κατὰ
807 4926 903 4982 τοῦ
931 4926 1169 4991 Παύλου,
1206 4926 1241 4982 ἃ
1273 4929 1375 4982 οῦκ
1406 4929 1595 5000 ίσχυον
1624 4929 1931 4993 άποδεῖξαιο

363 5019 460 5073 τοῦ
487 5018 702 5074 Παύλου
729 5019 1196 5092 ἀπολογουμένου,
1224 5021 1308 5074 ὅτι
1354 5017 1492 5074 Οῦτε
1527 5021 1609 5085 είς
1655 5021 1745 5074 τὸν
1772 5021 1934 5093 νόμον

366 5113 474 5167 τῶν
507 5111 800 5175 Ἰουδαίων,
820 5111 943 5168 οὔτε
973 5115 1052 5176 είς
1091 5114 1154 5167 τὸ
1184 5112 1349 5184 ἱερὸν,
1375 5112 1496 5168 οὔτε
1551 5117 1631 5177 είς
1683 5115 1936 5186 Καίσαρά

367 5223 417 5259 τι
445 5207 720 5278 ἥμαρτον.
745 5206 955 5273 Φῆστος
981 5205 1060 5269 at,
1093 5207 1266 5261 θέλων
1317 5209 1430 5270 τοῖς
1472 5203 1745 5271 Ἰουδαίοις
1777 5209 1935 5279 χάριν

376 5297 718 5363 εαταθέσθαι,
753 5298 1075 5369 ἀποκριθεὶς
1102 5298 1180 5369 τῷ
1210 5297 1426 5370 Παύλῳ,
1461 5295 1611 5354 εἷπε·
1643 5299 1827 5365 θέλεις
1857 5303 1935 5362 εἰς

377 5388 724 5460 Ἱεροσόλυμα
757 5388 984 5451 ἀναϐὰς,
1020 5388 1138 5442 ἐκεῖ
1181 5389 1312 5462 περὶ
1340 5388 1544 5442 τούτοιν
1567 5389 1822 5457 κριθῆναι
1849 5385 1935 5442 ἐπ’

364 5482 532 5554 εμοῦ;
568 5478 700 5536 Ritu
727 5481 784 5536 δέ
811 5483 840 5536 6
863 5481 1109 5544 Παῦλος⁶
1161 5481 1286 5534 Ἐπὶ
1321 5478 1415 5534 τοῦ
1446 5481 1687 5552 βήματος
1728 5483 1936 5536 Καίσα-

367 5593 458 5648 ρος
513 5574 686 5641 ἐστὼς
724 5576 863 5646 είμι,
898 5567 960 5628 οὖ
1030 5592 1098 5645 με
1141 5574 1226 5628 δεῖ
1269 5574 1553 5646 κρίνεσθαι
1578 5591 1593 5606 '
1652 5575 1937 5640 Ἰουδαίους

365 5668 522 5724 οῦδὶν
577 5667 842 5741 ⁴ίιδίκησα.
885 5667 961 5731 ὠς
1013 5667 1109 5720 καὶ
1158 5667 1224 5720 σὺ
1273 5665 1492 5720 κάλλιον
1529 5666 1932 5735 ἐπιγινώσκεις.

370 5761 433 5816 Εί
458 5761 558 5834 μὶν
582 5757 675 5817 οὖν
695 5761 867 5817 ἀδικῶ
903 5761 1000 5816 καὶ
1027 5759 1179 5822 ἄξιον
1216 5758 1448 5814 θανάτου
1484 5758 1744 5830 πέπραχά
1771 5779 1846 5822 τι,
1873 5761 1934 5814 οὐ

367 5857 740 5930 παραιτοῦμαι
768 5855 860 5912 τοῦ
886 5857 1174 5911 ἀποθανεῖν
1195 5869 1210 5886 ⁶
1238 5855 1288 5908 εί
1304 5853 1358 5908 δέ
1380 5852 1530 5907 οὐδέν
1550 5854 1716 5920 ἐστιν,
1739 5848 1810 5909 ὧν
1843 5848 1935 5907 οἷς

2037 4653 2256 4710 adduei.
2289 4653 2412 4721 Qui,
2439 4667 2562 4709 cum
2595 4652 2889 4722 perductus
2909 4660 3076 4714 esset.
3125 4653 3614 4710 circumsteterunt

2037 4765 2183 4814 eum,
2206 4749 2296 4818 qui
2328 4749 2396 4803 ab
2424 4744 2757 4817 Jerolosyma
2775 4744 3169 4801 descenderant
3187 4745 3380 4810 Juda-i.
3411 4748 3610 4804 multas

2037 4851 2094 4900 et
2123 4847 2329 4919 graves"
2375 4855 2574 4896 causas
2630 4832 2972 4910 objicientes,
3045 4853 3182 4910 quas
3212 4854 3317 4894 non
3365 4850 3613 4910 poterant

2039 4933 2289 5000 probare.
2307 4926 2474 4983 Paulo
2496 4928 2760 4981 rationeut
2782 4925 3059 4991 reddente,
3083 4928 3338 4996 quoniam
3357 4927 3540 4998 Neque
3557 4930 3610 4984 in

2037 5025 2208 5094 legem
2264 5020 2597 5086 Iudaeorum,
2655 5035 2831 5089 neque
2896 5019 2948 5073 in
3000 5020 3285 5089 templum,
3344 5037 3519 5092 neque
3552 5023 3606 5078 iu

2039 5117 2310 5172 Ca'sarcm
2369 5113 2668 5185 quidquam
2719 5113 2959 5182 peceavi.
2997 5109 3190 5168 Festus
3218 5125 3397 5170 autem
3420 5116 3608 5172 volens

2039 5210 2270 5279 gratiam
2292 5215 2552 5278 praestare
2570 5205 2796 5269 Iudaeis,
2825 5208 3167 5276 respondens
3192 5205 3384 5274 Paulo,
3415 5208 3552 5265 dixit
3590 5253 3602 5274 .

2040 5298 2136 5356 Vis
2163 5300 2558 5371 Jct‘osolymatn
2599 5299 3083 5364 ascenderc,etibi
3120 5299 3186 5354 de
3245 5300 3329 5355 Itis
3365 5301 3600 5370 judicat'i

2041 5395 2184 5466 apud
2232 5409 2316 5449 nte
2342 5393 2530 5448 ?l)ixit
2557 5401 2737 5448 autent
2766 5392 2966 5448 Paulus
3001 5410 3015 5447 :
3051 5393 3132 5448 Ad
3153 5392 3389 5449 tribunal
3419 5395 3602 5450 Gesn.

2041 5488 2118 5543 ris
2149 5497 2257 5556 sto,
2289 5488 2360 5544 ibi
2384 5495 2600 5558 oportet
2653 5501 2739 5542 me
2765 5486 3022 5555 iudicari.
3050 5483 3252 5542 ludatis
3277 5503 3386 5543 non
3415 5491 3600 5552 nocui,

2039 5582 2186 5638 sicut
2226 5587 2282 5634 tu
2315 5580 2511 5634 melius
2540 5580 2704 5634 nosti.
2732 5579 2788 5633 Si
2831 5580 2978 5634 enim
3037 5579 3200 5633 nocui
3240 5590 3333 5634 aut
3380 5579 3600 5652 tligmnn

2039 5680 2215 5727 morte
2254 5670 2458 5738 aliquid
2488 5671 2615 5734 ieci,
2647 5686 2754 5726 non
2792 5686 2987 5726 recuso
3009 5654 3143 5726 mori
3177 5687 3192 5737 ;
3228 5672 3274 5726 si
3307 5687 3437 5726 vero
3463 5666 3598 5727 nihil

2039 5771 2122 5820 cst
2171 5777 2360 5817 corum
2406 5764 2602 5832 quzclti
2635 5773 2898 5817 accusant
2925 5779 3031 5826 tne,
3063 5778 3223 5818 nemo
3278 5772 3456 5833 potest
3508 5776 3596 5817 mn

2041 5858 2147 5912 illis
2175 5855 2399 5912 donare.
2431 5855 2695 5912 (itcsgtrem
2744 5854 2976 5926 appello.
3015 5850 3168 5911 Tute
3218 5852 3411 5912 Festus
3472 5867 3595 5909 cum
