4090 6304
455 347 590 412 10ίὸ

1036 466 1424 521 ΚΕΙΜΕΝΟΝ.

526 555 729 608 Ἕνεκα
759 555 963 607 τούτων
988 597 1003 620 ,
1046 557 1288 612 Ἰουδαῖοι
1332 575 1398 628 με
1431 557 1846 630 συλλαϐόμενοι,
1893 559 2024 614 ὄντα

457 651 514 700 ,ἒν
535 647 615 720 τῷ
643 649 793 720 ἱερῷ,
827 649 1127 721 ἐπειρῶντο
1158 651 1619 722 διαχειρίσασθαι.
1675 653 2028 722 Ἐπικουρξας

457 740 550 796 div
570 742 746 813 τυχὼν
781 742 878 813 τῆς
904 741 1012 796 ἀπὸ
1037 741 1132 796 τοῦ
1169 742 1328 811 Θεοῦ,
1367 744 1495 816 ἄχρι
1522 745 1620 815 τῆς
1650 729 1864 816 ἡμέρας
1890 744 2029 802 ταύτὲ

457 851 556 904 της
590 833 801 904 ἕστηκα
847 832 1293 905 μαρτυρούμενος
1336 834 1518 906 μικρῷ
1549 851 1610 888 τε
1645 836 1739 888 καὶ
1769 835 1989 904 μεγάλῳ
2009 850 2026 867 ·

458 926 611 980 οὐδὲν
659 926 813 990 me;
869 924 1069 994 λέγων,
1105 921 1182 980 ὧν
1219 943 1278 978 τε
1326 928 1376 979 οί
1427 927 1704 998 προφῆται
1758 925 2030 996 ἐλάλησαν

463 1017 769 1088 μελλόντων
821 1016 1086 1087 γίνεσθαι,
1137 1019 1231 1073 καὶ
1280 1019 1524 1091 Μωῡσῆς
1554 1059 1570 1086 ,
1612 1021 1661 1073 εί
1714 1019 1953 1090 παθητδς
2000 1019 2031 1072 ὁ

463 1112 732 1181 Χριστὸς,
778 1112 826 1165 εί
874 1111 1087 1182 πρῶτος
1119 1111 1180 1178 ἒξ
1213 1111 1561 1176 ἀναστάσεως
1611 1111 1856 1184 νεκρῶν,
1914 1109 2030 1180 φῶς

466 1203 652 1272 μέλλει
708 1202 1097 1272 καταγγέλλειν
1143 1203 1220 1276 τῷ
1261 1220 1322 1257 τε
1375 1203 1491 1275 λαῷ
1536 1205 1782 1268 καὶτοῖς
1824 1203 2027 1258 ἔθνεσι.

463 1294 648 1349 Ταῦτα
674 1295 733 1349 δὲ
759 1294 924 1348 αὐτοῦ
949 1295 1415 1372 ἀπολογουμένου,
1447 1299 1476 1349 ὁ
1497 1296 1703 1364 Φῆστος
1736 1295 1946 1368 μεγάλῃ
1963 1297 2032 1367 τῇ

463 1388 616 1456 φωνῇ
650 1403 783 1456 φησι
805 1403 820 1417 ο
857 1385 1064 1457 Μαίνῃ,
1097 1386 1276 1440 Παῦλε
1299 1403 1312 1416 °
1346 1386 1413 1440 τά
1438 1387 1608 1442 πολλά
1637 1405 1695 1440 σε
1730 1388 2036 1460 γράμματα.

465 1479 543 1540 εἰς
576 1479 772 1548 μανίαν
807 1478 1152 1549 περιτρέπει.
1195 1479 1253 1534 Ὀ
1282 1480 1338 1533 δὲ
1373 1479 1610 1546 Παῦλος,
1646 1481 1721 1535 Οὐ
1748 1481 2032 1551 μαίνομαι,

465 1570 620 1640 φησι,
670 1570 929 1641 κράτιστε
972 1569 1176 1640 Φῆστε,
1212 1571 1351 1625 ἀλλά
1393 1571 1653 1643 ἀληθείας
1692 1572 1786 1626 καὶ
1817 1589 2034 1642 σωφρο-

969 347 1505 411 EXPOSITIONIS
1545 346 1628 410 IN
1653 347 1840 410 ACTA
1876 345 2179 410 TEXTUS
2202 348 2474 411 ALTER.
2508 372 2578 383 -
2616 347 2773 409 CAP.
2818 348 3020 408 XXVI.

2048 469 2100 530 Δ

3563 345 3696 410 1046

2761 463 3060 520 TEXTUS.

2199 559 2390 627 XXVI,
2409 559 2598 614 21-52.
2628 557 2814 613 Hacex
2838 571 3002 612 causa
3037 570 3122 611 me
3146 554 3338 618 Jtldari,
3367 571 3490 611 cum
3517 572 3694 612 essvm

2130 650 2184 704 in
2208 649 2427 719 templo,
2456 648 2909 718 comprehensum
2935 647 3217 701 tentabant
3235 645 3560 702 interlicere.
3587 649 3700 700 Au.

2128 745 2259 798 xilio
2285 750 2463 798 autem
2482 742 2698 812 adjutus
2724 741 3000 811 Deiusque
3019 741 3072 795 iu
3089 740 3410 796 hodiernum
3426 739 3568 795 diem
3587 750 3696 796 sto.

2133 835 2432 891 testiﬁcaris
2465 833 2666 888 minori
2700 843 2866 904 atque
2887 832 3104 902 majori,
3140 832 3274 887 nihil
3313 841 3466 887 extra
3508 831 3698 887 dicens

2129 941 2292 998 quam
2324 941 2388 982 ea
2415 940 2536 996 qua:
2568 924 2842 996 propheta:
2874 925 3040 979 loculi
3071 933 3200 982 sunt
3230 923 3411 979 futura
3468 937 3612 986 esse,
3646 930 3701 977 et

2133 1015 2371 1089 Moyses,
2408 1016 2455 1072 si
2493 1016 2771 1088 passibilis
2795 1013 3072 1080 Christus,
3105 1015 3152 1072 si
3183 1018 3397 1087 primus
3424 1030 3490 1071 ex
3517 1030 3699 1071 resurv

2133 1111 2378 1167 rectione
2435 1120 2800 1172 mortuorum,
2891 1110 3070 1166 lumen
3131 1109 3559 1165 annuntiaturus
3616 1117 3701 1164 cst

2134 1203 2332 1273 populo
2360 1211 2413 1256 et
2443 1201 2716 1273 gentibus.
2749 1201 2871 1257 llzec
2917 1201 3173 1273 loquente
3203 1216 3268 1256 eo
3343 1211 3398 1256 ct
3428 1201 3696 1257 rationem

2132 1295 2621 1359 reddente,Festus
2651 1311 2843 1364 magna
2873 1310 3001 1350 voce
3031 1295 3166 1351 dixit
3192 1314 3205 1348 :
3231 1294 3467 1359 Insanis,
3496 1292 3700 1362 Paule;

2136 1389 2319 1443 multa-
2339 1397 2391 1442 te
2421 1389 2618 1442 littera:
2651 1388 2718 1441 ad
2773 1388 3042 1443 insaniam
3076 1397 3426 1444 convertunt.
3461 1387 3527 1442 Et
3561 1388 3704 1453 Pan-

2135 1481 2221 1536 lus
2257 1497 2274 1536 :
2300 1479 2417 1534 Non
2453 1480 2691 1547 insanio,
2720 1479 2918 1548 inquit,
2950 1486 3152 1550 optime
3183 1477 3365 1548 Feste,
3396 1479 3490 1535 sed
3513 1481 3706 1536 verita-

2137 1572 2206 1627 tis
2235 1583 2289 1627 et
2324 1570 2639 1627 sobrietatis
2662 1570 2829 1626 verba
2895 1571 3108 1638 loquor.
3146 1571 3265 1626 Scit
3308 1573 3452 1628 enim
3491 1571 3559 1627 dc
3617 1570 3706 1626 his

464 1662 630 1733 σύνης
658 1662 883 1734 ῥήματα
910 1663 1355 1736 ἀποφθέγγομαι.
1400 1662 1722 1720 Ἐπίσταται
1756 1665 1867 1736 γάρ
1905 1665 2038 1736 περὶ

2145 1679 2259 1731 rex,
2291 1663 2359 1718 ad
2396 1677 2557 1734 quem
2610 1670 2664 1719 et
2697 1672 3018 1719 constanter
3051 1664 3288 1735 loquor:
3352 1665 3520 1721 latere
3559 1665 3705 1720 enim

461 1739 667 1808 τούτων
696 1755 725 1808 ὀ
783 1754 1034 1826 βασιλεὺς
1056 1796 1071 1821 ,
1127 1755 1262 1826 πρὸς
1306 1756 1365 1811 ὃν
1398 1757 1487 1810 καὶ
1523 1757 2038 1830 παρρησιαζόμενος

2145 1773 2257 1812 eum
2290 1757 2428 1811 nihil
2460 1757 2659 1813 horum
2692 1757 2952 1814 arbitror.
2983 1755 3170 1829 Neque
3191 1759 3336 1814 enim
3392 1760 3448 1815 in
3506 1760 3707 1831 angulo

460 1845 633 1900 λαλῶ.
687 1847 986 1901 Λανθὰνειν
1011 1848 1122 1918 γάρ
1152 1848 1315 1902 αὐτόν
1339 1867 1392 1902 τι
1435 1829 1640 1902 τούτων
1676 1847 1739 1902 οὐ
1771 1847 2033 1919 πείθομαι

2145 1849 2439 1922 quidquam
2467 1850 2664 1905 horum
2702 1859 2914 1921 gestum
2946 1862 3051 1908 est.
3074 1851 3292 1919 Credis,
3319 1869 3414 1908 rcx
3445 1829 3705 1926 Agrippa.

462 1939 636 1994 οὐδέν.
687 1941 763 1994 Οὐ
797 1941 906 2010 γάρ
934 1941 1080 1995 ἐστιν
1113 1941 1171 1994 ἐν
1217 1939 1391 2013 γωνίᾳ
1432 1940 1821 2012 πεπραγμένον
1854 1941 2032 1996 τοῦτο.

2145 1941 2471 2015 prophetis?
2525 1941 2654 1998 Scio
2697 1945 2837 2015 quia
2894 1943 3096 2001 credis.
3132 1944 3368 2016 Agrippa
3425 1954 3606 2002 autem
3639 1947 3714 2002 ad‘

467 2031 772 2096 Πιστεύεις,
808 2030 1028 2102 βασιλεῦ
1060 2031 1361 2104 Ἀγρίππα,
1381 2035 1494 2097 τοῖς
1527 2034 1834 2104 προφήταις
1860 2051 1876 2100 ;
1907 2029 2037 2088 Οἶδα

2145 2030 2366 2088 Paulum
2401 2031 2502 2086 :In
2528 2031 2744 2088 modico
2796 2034 2991 2087 suades
3021 2049 3107 2089 me
3136 2033 3508 2090 Christianum
3568 2035 3704 2090 ﬂeri.

467 2125 552 2175 ὅτι
599 2124 897 2189 πιστεύεις.
956 2123 1017 2178 '0
1062 2123 1120 2178 δὲ
1165 2123 1480 2195 Ἀγρίππας
1525 2124 1664 2196 πρὸς
1703 2123 1793 2178 τὸν
1824 2124 2037 2179 Παῦλον

2145 2122 2202 2177 Et
2228 2120 2434 2177 Paulus
2464 2139 2477 2176 :
2508 2121 2652 2193 Opto
2678 2121 2824 2194 apud
2877 2121 3069 2188 Deum,
3096 2132 3150 2178 et
3203 2124 3257 2179 in
3310 2125 3525 2180 modico
3553 2137 3608 2182 ct
3653 2126 3708 2181 in

469 2222 572 2288 έῳη
601 2238 615 2251 ’
663 2219 749 2272 Ἐν
782 2219 949 2291 ὀλίγῳ
989 2238 1058 2290 με
1087 2220 1294 2285 πείθεις
1318 2219 1640 2291 Χριστιανὸν
1668 2219 1941 2288 γενέσθαι.
1978 2219 2038 2273 '0

2145 2229 2366 2286 magno,
2399 2229 2506 2270 non
2535 2221 2748 2270 tantum
2777 2221 2854 2280 te,
2884 2215 2981 2272 sed
3025 2216 3192 2272 etiam
3245 2234 3434 2274 omnes
3463 2219 3554 2289 qui
3608 2235 3710 2274 au-

465 2312 524 2365 δὲ
582 2311 789 2376 ΙΙαῦλος
836 2308 989 2366 εἶπεν
1017 2332 1032 2345 ·
1083 2311 1363 2384 Εὐξαίμην
1414 2313 1480 2367 ἂν
1530 2311 1611 2382 τῷ
1643 2311 1796 2383 Θεῷ,
1845 2314 1940 2365 καὶ
1985 2313 2042 2365 ὲν

465 2401 656 2475 ὀλίγῳ,
689 2404 786 2456 καὶ
815 2406 872 2457 ἐν
906 2402 1106 2475 πολλῷ,
1142 2403 1204 2457 οὐ
1237 2402 1401 2474 μόνον
1432 2403 1517 2469 σὲ,
1545 2402 1680 2458 ἀλλά
1712 2403 1806 2457 καὶ
1835 2405 2044 2468 πάντας

467 2495 596 2558 τοὺς
641 2495 938 2558 ἀκούοντάς
985 2513 1089 2566 μου
1135 2494 1408 2566 σήμερον,
1454 2493 1711 2562 γενέσθαι
1748 2494 2044 2561 τοιούτους,

467 2589 652 2651 ὁποῖος
683 2587 842 2656 κάγώ
887 2590 1041 2659 εἰμι,
1081 2587 1357 2660 παρεκτὸς
1403 2587 1512 2640 τῶν
1557 2587 1771 2658 δεσμῶν
1819 2588 2045 2644 τούτων.

472 2677 582 2731 Καὶ
615 2677 789 2732 ταῦτα
831 2677 1080 2742 είπόντος
1118 2676 1288 2732 αὐτοῦ
1310 2716 1326 2742 ,
1364 2676 1566 2746 ἀνέστη
1599 2692 1661 2729 τε
1704 2677 1733 2730 ὁ
1762 2675 2037 2746 βασιλεὺς,

474 2771 620 2824 καὶὸ
661 2770 884 2842 ήγεμὼν
904 2811 921 2838 ,
946 2771 982 2835 ἧ
1027 2788 1086 2825 τε
1111 2770 1370 2842 Βερνίκη,
1416 2770 1514 2824 καὶ
1547 2771 1597 2823 οἱ
1633 2769 2041 2840 συγκαθήμενοι

473 2863 655 2926 αὐτοῖς
690 2879 704 2893 ·
755 2863 850 2917 καὶ
905 2862 1364 2934 ἀναχωρήσαντες
1417 2860 1642 2915 ἐλάλουν
1690 2863 1828 2933 πρὸς
1869 2861 2038 2932 ἀλλή-

2147 2306 2328 2370 diunt,
2358 2306 2522 2363 hodie
2553 2306 2668 2362 lieri
2693 2307 2851 2373 tales,
2878 2309 3056 2378 qualis
3082 2319 3137 2364 et
3165 2324 3266 2379 ego
3299 2325 3442 2376 sum,
3467 2311 3711 2380 exceptis

2145 2399 2381 2454 vinculis
2410 2399 2516 2455 his.
2546 2397 2611 2453 Et
2646 2400 2957 2457 exsurrexit
2981 2416 3099 2465 rex,
3118 2412 3166 2457 et
3195 2417 3419 2472 pmscs,
3440 2411 3495 2460 et
3525 2405 3716 2461 Berni-

2140 2505 2228 2556 cc,
2283 2501 2337 2546 et
2393 2491 2488 2561 qui
2536 2490 2857 2548 assidebam
2891 2493 2994 2549 eis.
3056 2493 3269 2550 Etcum
3325 2496 3710 2563 recessissent,

2145 2586 2508 2658 loquebantur
2569 2586 2639 2643 ad
2702 2589 2956 2659 invicem,
3030 2591 3291 2658 dicentes,
3369 2595 3496 2662 quia
3563 2594 3712 2648 Nihil

2149 2687 2348 2742 morte,
2377 2689 2472 2734 aut
2500 2679 2739 2736 vinculis
2775 2679 2998 2752 dignum
3031 2683 3163 2752 quid
3208 2682 3338 2740 fecit
3385 2685 3548 2740 homo
3589 2687 3714 2740 istc.

2154 2769 2389 2841 Agrippa
2443 2780 2623 2826 autem
2660 2769 2822 2828 Festo
2853 2772 3030 2828 dixit:
3057 2771 3262 2829 Dimitti
3309 2783 3522 2845 poterat
3553 2775 3716 2830 homo

2151 2861 2262 2929 hic,
2288 2860 2334 2915 si
2365 2876 2471 2916 non
2504 2862 2832 2932 appellasset
2853 2863 3144 2919 Czesarem.

475 2951 630 3017 λους,
668 2953 919 3022 λέγοντες
943 2993 958 3018 ,
1001 2955 1083 3008 ὅτι
1113 2953 1282 3007 οὐδὲν
1311 2953 1542 3007 θανάτου
1573 2952 1722 3019 ἄξιόν
1760 2971 1846 3018 τι,
1877 2953 1912 3024 ἦ
1942 2951 2162 3025 δεσμῶν
2229 2953 2467 3025 πράσσει
2499 2951 2526 3005 ὁ
2553 2953 2842 3026 ἄνθρωπος
2907 2947 3082 3022 οὗτος.
3161 2957 3468 3031 Ἀγρίππας
3528 2958 3587 3014 δὲ
3639 2957 3717 3030 τῷ

475 3044 667 3114 Φήστῳ
701 3043 806 3116 ἔφη
829 3062 842 3076 ·
901 3045 1299 3102 Ἀπολελύσθαι
1327 3045 1558 3117 ἠδύνατο
1580 3047 1608 3100 δ
1638 3046 1923 3116 ἄνθρωπος
1951 3040 2129 3113 οὗτος,
2157 3046 2204 3100 εί
2238 3045 2315 3118 μὴ
2340 3045 2670 3119 ἑπικέκλητο
2691 3047 2966 3120 Καίσαρα.

1068 3162 1457 3218 EPMHNEIA.

551 3252 669 3312 ’ἕνα
720 3255 797 3330 μὴ
859 3254 985 3334 δόξῃ
1045 3257 1208 3321 αὐτὸς
1263 3255 1589 3322 διδάσκαλος
1635 3251 1777 3310 εἶναι
1827 3255 2041 3321 τούτου,

485 3350 680 3418 ἐπάγει
738 3353 1022 3422 προφήτας
1060 3347 1158 3408 καὶ
1200 3349 1296 3409 τὸν
1323 3348 1566 3412 Μωῦ-σέα
1595 3347 1826 3422 λέγοντα
1860 3364 1874 3379 ⁸
1931 3367 1949 3400 ι
1981 3347 2045 3402 Εί

478 3441 720 3513 παθητὸς
759 3444 788 3496 ὁ
821 3443 1078 3512 Χριστὸς,
1115 3445 1165 3498 εί
1205 3443 1422 3516 πρῶτος
1469 3444 1529 3510 ἐξ
1573 3441 1926 3506 ἀναστάσεως
1955 3455 2044 3495 νεο

478 3533 649 3604 κρῶν,
677 3552 696 3586 t
735 3536 830 3588 καὶ
866 3536 936 3589 τὰ
975 3535 1126 3606 ἑξῆς.
1169 3536 1244 3590 Τὸ
1280 3535 1359 3602 δὲ,
1408 3553 1429 3588 ι
1459 3536 1538 3602 ει,
1569 3553 1590 3588 t
1623 3534 1894 3602 ενταῦθα,
1924 3535 2049 3590 ἀντὶ

481 3622 596 3688 τοῦ,
625 3625 735 3692 ὅτι,
753 3627 891 3680 ἐστί.
911 3629 1177 3697 Μωῦσῆς,
1203 3629 1388 3700 φησὶν,
1419 3622 1564 3694 εἶπε,
1590 3627 1674 3682 ὅτι
1706 3645 1726 3680 ι
1751 3625 1992 3698 παθητὸς
2022 3644 2041 3678 ι

477 3722 506 3774 ὀ
540 3721 772 3790 Χριστὸς
815 3720 1076 3795 [πρῶτος
1125 3721 1184 3788 ιε
1232 3718 1671 3794 ἀναστάσεωςοι]
1695 3719 1911 3792 πρῶτος
1939 3720 2048 3791 γάρ

477 3807 630 3876 οὗτος
660 3813 883 3886 ἀνέστη,
926 3817 1022 3871 καὶ
1047 3816 1147 3870 οὐκ
1179 3814 1262 3870 ἔτι
1296 3812 1656 3886 ἀποθνήσκει.
1691 3815 1757 3868 Οί
1784 3811 1894 3884 γὰρ
1919 3813 2050 3867 ἀνά-

483 3904 708 3968 στάντες
740 3905 810 3963 δι’
855 3906 1049 3972 αὑτοῦ,
1081 3908 1114 3978 ἢ
1144 3905 1235 3962 διὰ
1266 3909 1378 3962 τῶν
1432 3906 1717 3979 μαθητῶν,
1747 3906 1842 3961 καὶ
1885 3908 1933 3959 οἱ
1961 3906 2048 3961 διὰ

482 3996 590 4047 τῖιν
618 3996 932 4067 προφητῶν,
978 3997 1144 4052 πάλιν
1195 3997 1488 4063 ἀπέθανον,
1536 3999 1645 4062 ἓως
1670 4000 1772 4068 τῆς
1819 3997 2048 4053 καθόλου

483 4086 827 4153 ἀναστάσεως
859 4089 1134 4158 μένοντες.
1183 4091 1402 4164 Ἐπειδὴ
1431 4092 1520 4146 ἀεὶ
1553 4095 1690 4164 πρὸς
1709 4092 1801 4146 τὸν
1824 4091 2051 4163 βασιλέα

483 4176 772 4245 διελέγετο,
807 4179 994 4252 ὥσπερ
1040 4181 1215 4238 ἔπαθέ
1241 4201 1298 4238 τι
1341 4185 1370 4238 ὁ
1397 4183 1629 4254 Φῆστος,
1662 4184 1756 4238 καὶ
1794 4184 1916 4237 ἰδὼν
1953 4185 2054 4254 τὴν

487 4271 820 4341 παρρησίαν,
858 4273 966 4328 ἀπδ
1014 4272 1188 4346 θυμοῦ
1229 4275 1324 4330 καὶ
1367 4275 1537 4347 ὀργῆς
1577 4293 1747 4346 φησι·
1787 4294 1807 4327 ι
1842 4275 2051 4347 Μαίνῃ,

2073 3167 2120 3225 C

2661 3163 3228 3223 COMMENTARIUS.

2225 3257 2305 3314 Ne
2336 3257 2542 3314 Paulus
2569 3268 2766 3314 auctor
2792 3259 3072 3314 rideretur
3093 3261 3362 3316 doctrina?
3387 3276 3549 3332 quam
3579 3279 3719 3334 prte-

2152 3350 2396 3418 dicnbat,
2421 3351 2645 3407 adducit
2667 3352 2722 3406 in
2743 3351 3120 3408 testimonium
3144 3355 3440 3423 pr0phetas
3457 3365 3511 3411 ct
3535 3357 3718 3413 Mosen

2151 3439 2424 3498 dicentem
2461 3459 2475 3496 :
2517 3458 2536 3493 ι
2577 3440 2637 3496 Si
2673 3441 2953 3512 passibilis
3003 3442 3281 3508 Christus,
3308 3446 3353 3498 si
3381 3446 3593 3516 primus
3652 3462 3720 3502 ex

2154 3533 2557 3591 resurrectione
2613 3542 3040 3601 mortuorump
3099 3545 3206 3599 etc.
3251 3534 3352 3591 Ubi
3405 3538 3586 3594 illud:
3617 3540 3662 3596 si
3694 3559 3713 3592 ο

2151 3635 2238 3683 est
2278 3642 2377 3699 pro
2426 3627 2588 3698 quod,
2641 3626 2726 3682 vel
2776 3628 3050 3695 quoniam.
3110 3627 3308 3698 Moses,
3331 3631 3528 3703 inquit,
3559 3631 3717 3700 dixit,

2155 3721 2301 3794 quod
2333 3739 2354 3774 ι
2390 3718 2646 3777 Christus
2672 3720 2954 3792 passibilis
2987 3740 3006 3774 ι
3040 3731 3209 3788 esset,
3269 3737 3335 3781 ac
3373 3741 3393 3776 ι
3426 3725 3636 3795 primus
3658 3742 3722 3780 cx

2159 3811 2590 3870 resurrectione.
2630 3831 2646 3865 ι
2686 3811 2822 3867 Nam
2875 3813 3088 3885 primus
3150 3814 3243 3870 ille
3292 3819 3617 3880 resurrexit,
3669 3826 3726 3874 et

2161 3925 2180 3958 ι
2203 3904 2314 3975 jam
2351 3920 2458 3960 non
2499 3902 2734 3975 amplius
2779 3904 3076 3960 moritura
3106 3905 3163 3960 Si
3186 3906 3332 3963 enim
3363 3908 3457 3979 qui
3481 3911 3549 3962 ah
3578 3911 3722 3979 ipso,

2155 3997 2319 4070 309
2365 3997 2448 4054 vel
2477 3997 2547 4052 ab
2599 3996 2718 4069 ejus
2745 3997 3050 4069 discipulis,
3073 3999 3157 4055 vel
3184 4016 3216 4056 a
3241 4002 3520 4072 prophetis
3559 4019 3723 4058 exsu-

2157 4090 2341 4146 scitati
2373 4097 2523 4154 sunt,
2558 4089 2751 4145 iterum
2783 4091 2981 4146 mortui
3006 4075 3136 4147 sunt
3160 4133 3177 4160 ,
3207 4094 3516 4163 moituique
3540 4112 3727 4149 mane-

2156 4181 2295 4239 bunt
2326 4195 2502 4252 usque
2531 4181 2599 4237 ad
2627 4181 2996 4239 universalem
3047 4187 3532 4244 resurrectionem.
3587 4187 3730 4254 Quo-

2165 4275 2312 4330 niam
2346 4289 2475 4329 vero
2499 4273 2704 4329 Paulus
2733 4290 2950 4346 semper
2981 4275 3048 4331 ad
3105 4293 3286 4349 regem
3315 4278 3474 4334 verba
3524 4281 3727 4351 dirige-

490 4361 689 4418 Παῦλε.
720 4384 738 4416 ι
788 4365 849 4420 '0
890 4365 950 4419 δὲ
993 4363 1208 4431 Παῦλος
1239 4367 1340 4438 τὴν
1371 4367 1548 4422 αίτίαν
1583 4367 1845 4432 διδάσκει,
1875 4366 1942 4420 δι’
1988 4366 2040 4435 ﬁt

2165 4367 2277 4431 bat,
2313 4365 2512 4422 Festus
2532 4367 2702 4422 veluti
2729 4382 2852 4424 sese
2880 4367 3142 4424 ollensum
3162 4372 3371 4440 putavit
3400 4372 3730 4444 ;vidensque

489 4455 625 4528 πρὸς
649 4457 740 4510 τὸν
783 4457 1010 4529 βασιλέα
1053 4459 1150 4514 τὸν
1190 4459 1346 4529 λόγον
1373 4461 1706 4531 ἀπέστρεψε.
1759 4455 1918 4533 [Εἶτα
1942 4460 2054 4514 δει-

2161 4457 2284 4527 ejus
2337 4457 2648 4513 libertatem
2711 4458 3012 4527 loquendi,
3071 4461 3152 4515 ira
3232 4469 3286 4518 ct
3359 4463 3731 4534 indignatione

485 4550 640 4621 κνὺς]
673 4553 756 4605 ὅτι
836 4551 1118 4623 πανταχοῦ
1161 4552 1263 4626 τῆς
1294 4555 1620 4626 οἰκουμένης
1670 4554 1829 4608 τοῦτο
1861 4554 2040 4623 γέγονε

2163 4545 2404 4616 percitus
2437 4563 2450 4600 :
2482 4565 2501 4597 ι
2535 4545 2771 4614 Insanis,
2799 4549 2997 4617 inquit,
3032 4549 3216 4606 Paule.
3253 4570 3272 4602 ι
3315 4551 3516 4610 Paulus
3549 4565 3728 4612 autem

482 4645 544 4702 τὸ
573 4643 772 4713 δόγμα,
806 4644 1089 4717 ἐπήγαγεν
1113 4662 1130 4677 ·
1164 4643 1215 4718 [ι
1253 4646 1330 4700 Οὺ
1353 4645 1461 4718 γὰρ
1485 4645 1545 4700 ὲν
1584 4646 1755 4718 γωνίᾳ
1799 4663 2040 4716 πεπραγσ

2155 4653 2381 4694 causam
2428 4639 2656 4708 prol‘crt,
2713 4641 2786 4695 ob
2832 4656 2992 4709 quam
3038 4643 3106 4698 ad
3181 4660 3366 4715 regem
3419 4661 3729 4704 sermonem

487 4735 650 4806 μένον
675 4735 832 4790 τοῦτο
855 4751 872 4769 ο
903 4755 924 4790 ι
955 4735 976 4809 ]
1015 4737 1265 4792 τουτέστι
1291 4737 1353 4791 τὸ
1382 4737 1513 4808 περὶ
1539 4736 1634 4790 τοῦ
1681 4735 1917 4806 σταυροῦ
1959 4737 2040 4790 κατ

2159 4737 2529 4786 converterat.
2561 4729 2792 4798 Deinde,
2817 4740 2874 4786 ut
2905 4734 3216 4791 ostenderet
3245 4751 3340 4807 per
3361 4747 3531 4792 totum
3555 4748 3730 4793 terra-

481 4829 582 4898 τῆς
629 4829 980 4892 ἀναστάσεως
1033 4829 1125 4882 τοῦ
1173 4826 1406 4898 Χριστοῦ
1455 4827 1644 4897 λέγων.
1685 4827 1734 4899 [ι
1775 4827 2040 4898 Παρεκτδς

2160 4836 2281 4876 rum
2329 4821 2520 4877 orbem
2579 4822 2860 4892 vulgatum
2909 4838 3030 4879 esse
3059 4824 3250 4896 dogma
3301 4827 3468 4894 istud,
3499 4829 3729 4886 subdit:

484 4920 594 4972 τῶν
655 4919 871 4991 δεσμῶν
928 4921 1153 4975 τούτων.
1192 4939 1210 4971 ι
1253 4921 1416 4993 Ιυύκ
1482 4919 1852 4990 ἀπευχόμενος
1929 4921 2040 4972 ἐαυ-

2167 4932 2186 4966 ι
2222 4911 2408 4984 Neque
2434 4915 2580 4968 enim
2613 4917 2666 4969 in
2696 4915 2896 4986 angulo
2947 4917 3244 4988 quidquam
3278 4918 3474 4975 horum
3515 4930 3726 4992 gestum

485 5011 564 5082 τῷ
619 5013 690 5065 τὰ
736 5013 948 5082 δεσμά,
991 5013 1111 5067 οὐδὲ
1177 5012 1608 5084 αἰσχυνόμενος,
1661 5011 1819 5064 τοῦτο
1871 5011 2040 5080 έλεγει

2164 5014 2280 5062 est:
2317 5029 2335 5058 ο
2363 5005 2607 5077 loquitur
2637 5008 2848 5064 scilicet
2889 5009 2957 5065 de
2996 5021 3172 5067 morte
3219 5020 3275 5068 et
3329 5015 3732 5073 resurrecuoue

491 5103 669 5173 (τοῦτο
693 5105 802 5176 γὰρ
821 5101 889 5176 ἦν
925 5106 1095 5178 αὐτῷ,
1137 5107 1296 5177 εἴπερ
1319 5105 1449 5159 ἀλλο
1489 5122 1565 5168 τι,
1591 5103 1743 5168 ἄξιον
1771 5103 1927 5174 δόξης
1967 5122 2040 5158 κα

2169 5099 2377 5154 Christi
2431 5099 2669 5154 Domini.
2725 5119 2746 5152 ι
2786 5101 3041 5172 Exceptis
3105 5105 3342 5179 ~vinculis
3395 5107 3500 5164 his.
3563 5107 3731 5165 »Νοιι

490 5195 809 5266 καύχημα)·
850 5195 986 5252 ἀλλὰ
1043 5197 1179 5268 πρὸς
1227 5196 1329 5268 τήν
1391 5196 1618 5250 ἐκείνων
1661 5193 1928 5266 ὑπόληψιν
1961 5194 2035 5262 ἀφ

2166 5190 2310 5260 quod
2337 5189 2550 5244 vincula
2598 5200 2692 5244 aut
2744 5192 3066 5249 abhorreret
3093 5203 3185 5249 aut
3209 5201 3581 5264 erubesceret,
3629 5200 3734 5257 hoc

491 5285 634 5358 ορῶν
664 5327 680 5352 ,
717 5287 810 5341 καὶ
829 5290 898 5360 τῇ
923 5289 1144 5344 ἐκείνων
1159 5288 1410 5362 ἀσθενείᾳ
1433 5286 1905 5356 συγκαταϐαίνων,
1936 5305 1954 5336 ι
1975 5285 2040 5340 Γέ

2168 5281 2300 5337 dicit
2349 5280 2660 5352 (siquidem
2689 5283 2779 5338 illa
2835 5285 2945 5355 pati
2985 5286 3154 5358 gloria
3188 5299 3242 5343 et
3268 5290 3654 5359 exsultatione,
3685 5295 3734 5350 si

493 5377 637 5432 νοιτό
686 5395 816 5450 μοι,
865 5379 1028 5451 φησὶ,
1076 5381 1282 5444 πάντας
1327 5380 1600 5442 τοιούτους
1659 5377 1912 5448 γενέσθαι
1954 5371 2040 5432 οἷο

2169 5373 2470 5444 quidquam
2522 5375 2693 5440 aliud,
2742 5375 2965 5448 dignum
2997 5379 3448 5454 existimabat);
3516 5384 3612 5440 scd
3659 5387 3731 5442 ad

491 5469 602 5533 εγὼ
625 5469 759 5538 είμι,
789 5469 1057 5539 παρεκτὸς
1085 5468 1194 5522 τῶν
1218 5469 1430 5540 δεσμῶν
1459 5468 1684 5523 τούτων.
1722 5485 1741 5520 ι

2165 5465 2384 5521 illorum
2411 5473 2646 5522 mentem
2677 5467 3031 5542 animumque
3065 5474 3386 5544 respiciens,
3409 5486 3463 5531 et
3491 5479 3735 5548 ipsorum

492 5563 848 5620 imbecillitati
916 5579 1035 5620 sese
1091 5563 1514 5620 accommodans
1545 5583 1557 5620 :
1603 5583 1622 5616 ι
1658 5560 1820 5634 Opto,
1855 5560 2052 5644 inquit,
2086 5573 2278 5618 omnes
2305 5557 2421 5616 lieri
2457 5560 2624 5628 tales,
2673 5563 2852 5632 qualis
2897 5573 2950 5620 et
2993 5581 3094 5636 ego
3112 5583 3266 5636 sum,
3291 5572 3530 5641 exceptis
3551 5571 3738 5632 rincu-

493 5660 561 5713 lis
586 5658 689 5712 his.
731 5675 750 5707 ε

559 5775 606 5808 ⁸⁸
635 5776 790 5832 Rom.
814 5776 889 5835 vi.
913 5777 971 5836 9.
