4090 6304
409 396 546 464 ίοἮ

965 403 1504 467 EXPOSITIONIS
1545 405 1624 467 ΙΝ
1661 407 1849 468 ACTA
1883 406 2186 470 TEXTUS
2217 408 2490 470 ALTER.
2523 433 2589 444 -
2617 409 2776 471 CAP.
2816 408 3090 470 XXVIII.

3511 405 3650 472 1050

409 519 607 587 πολλῆς
645 535 701 570 τε
729 517 940 583 ἀοι-»ξας
981 520 1330 590 ὑπαρχούσης
1350 559 1365 582 ,
1401 520 1523 573 τότε
1546 522 1762 587 σταθεὶς
1784 526 1812 577 ὁ
1829 523 1976 576 Παῦ-

2084 519 2141 575 Et
2174 538 2320 578 nunc
2346 522 2550 578 suadeo
2578 523 2735 577 vobis
2787 524 2930 578 bono
2962 524 3145 575 animo
3201 537 3361 581 esse;
3424 521 3650 577 amissio

407 613 493 677 λος
525 617 584 667 ἐν
604 613 757 683 μέσῳ
789 613 989 677 αὐτῶν,
1021 611 1137 667 εἷπε
1158 631 1172 646 ·
1203 616 1351 669 Ἔδει
1374 615 1492 686 μὲν,
1519 612 1564 671 ὦ
1591 618 1801 689 ἄνδρες,
1830 621 1979 674 πειθ-

404 706 756 777 αρχήσαντάς
801 721 914 773 μοι,
964 706 1038 778 μὴ
1089 707 1387 776 ἀνάγεσθαι
1429 709 1538 762 ἀπὸ
1578 709 1676 779 τῆς
1730 712 1976 782 Κρήτης,

406 797 669 866 κερδῆσαί
697 813 755 849 τε
779 799 879 866 τὴν
913 796 1070 868 ὓϐριν
1101 800 1196 852 καὶ
1218 799 1317 869 τὴν
1347 799 1550 872 ζημίαν
1605 801 1828 872 ταύτην.
1867 805 1978 858 Καὶ

409 890 577 952 τανῦν
594 889 844 959 παραινῶ
880 889 1026 959 ὑμᾶς
1059 891 1317 962 εὐθυμεῖν
1341 908 1354 921 ·
1378 893 1620 965 ἀποϐολὴ
1652 895 1761 964 γὰρ
1796 895 1973 968 ψυχῆς

405 982 629 1050 οὐδεμία
676 982 829 1036 ἔσται
859 982 919 1048 ἐξ
963 983 1136 1053 ὑμῶν,
1169 985 1308 1057 πλὴν
1338 985 1432 1039 τοῦ
1467 986 1675 1040 πλοίου.
1723 988 1974 1060 Παρέστη

405 1073 514 1146 γάρ
541 1089 630 1142 μοι
659 1073 832 1146 ταύτῃ
862 1075 1016 1127 νυκτὶ
1043 1074 1273 1144 ἄγγελος
1295 1075 1390 1130 τοῦ
1408 1075 1543 1132 θεοῦ
1561 1069 1622 1131 οὑ
1649 1079 1784 1148 εἰμι,
1807 1071 1852 1145 ᾧ
1888 1079 1981 1132 καὶ

407 1163 674 1235 λατρεύω,
701 1165 874 1235 λέγων
895 1182 910 1198 ο
936 1166 1031 1238 Μὴ
1063 1166 1253 1237 φοϐοῦ,
1300 1168 1504 1232 Παῦλε,
1548 1170 1787 1241 Καίσαρί
1814 1187 1873 1225 σε
1897 1173 1981 1226 δεῖ

411 1259 760 1330 παραστῆναι
781 1276 797 1293 ο
827 1259 921 1313 καὶ
957 1260 1067 1316 ίδοὺ
1097 1261 1419 1333 κεχάρισταί
1451 1280 1535 1316 σοι
1564 1267 1594 1318 ὑ
1619 1263 1752 1329 Θεὸς
1772 1264 1981 1330 πάντας

404 1351 527 1415 τοὺς
567 1351 830 1416 πλέοντας
878 1351 1016 1422 μετὰ
1069 1351 1186 1407 σοῦ.
1222 1353 1313 1406 Διὸ
1371 1355 1690 1424 εὐθυμεῖτε,
1741 1357 1935 1428 ἄνδρες
1961 1373 1976 1389 ο

403 1440 646 1498 πιστεύω
679 1440 787 1508 γὰρ
816 1439 896 1510 τῷ
930 1439 1069 1508 Θεῷ,
1091 1440 1173 1494 ὅτι
1200 1439 1373 1505 οὑτως
1406 1442 1584 1507 ἔσται,
1606 1441 1731 1496 καθ’
1754 1442 1816 1495 ὃν
1853 1444 1980 1513 τρό-

404 1547 508 1585 πον
533 1529 825 1602 λελάληταί
852 1549 959 1600 μοι.
985 1531 1080 1593 Εἰς
1109 1532 1270 1602 νῆσον
1296 1530 1351 1587 δέ
1380 1545 1500 1586 τινα
1528 1532 1612 1586 δεῖ
1632 1532 1780 1603 ἡμᾶς
1812 1534 1980 1587 ἐκπε-

2078 615 2226 669 enim
2286 616 2494 670 nullius
2541 615 2737 670 aninue
2786 616 2891 670 erit
2938 631 3002 669 ex
3039 614 3220 680 vobis,
3283 623 3649 682 prteterquam

2079 705 2258 762 navis.
2294 705 2645 761 Astititcnim
2673 705 2805 759 mihi
2837 705 2938 759 hac
2961 712 3122 761 nocte
3145 707 3370 775 angelus
3401 705 3516 767 Dei,
3547 720 3648 756 cu-

2075 799 2169 868 jus
2193 814 2313 855 sum
2347 815 2448 870 ego
2483 807 2536 854 et
2568 799 2658 854 cui
2692 798 2970 862 deservio,
3003 798 3224 853 dicens
3253 816 3268 852 :
3295 797 3372 852 Nc
3431 799 3646 860 timeas,

2079 889 2262 955 Paule,
2285 889 2482 947 Caesari
2517 899 2572 947 te
2605 898 2820 960 oportet
2851 891 3110 946 assistere
3135 907 3150 943 :
3179 898 3235 946 et
3267 904 3396 945 ecce
3427 889 3652 944 donavit

2081 983 2176 1038 tibi
2206 984 2348 1040 Deus
2381 997 2572 1039 omnes
2607 983 2700 1054 qui
2730 985 2993 1054 navigant
3014 993 3214 1038 tecum.
3247 983 3478 1048 Propter
3501 982 3650 1052 quod

2081 1074 2225 1129 bono
2254 1075 2439 1128 animo
2470 1081 2671 1136 estote,
2705 1073 2811 1127 viri
2841 1090 2855 1126 :
2880 1072 3044 1128 credo
3075 1073 3218 1127 enim
3260 1075 3388 1137 Deo,
3415 1073 3541 1143 quia
3569 1074 3654 1128 sic

2079 1165 2206 1230 erit,
2238 1164 2696 1236 quemadmodum
2723 1165 2934 1220 dictum
2974 1172 3058 1220 est
3087 1164 3244 1223 mihi.
3305 1164 3360 1222 ln
3415 1165 3651 1218 insulam

2080 1267 2262 1313 autem
2283 1257 2574 1326 quamdam
2611 1267 2826 1328 oportet
2847 1271 2950 1311 nos
2975 1256 3253 1310 devenire.
3279 1255 3387 1311 Sed
3435 1265 3654 1326 postea-

2081 1365 2243 1420 quam
2274 1361 2469 1423 quarta
2496 1350 2708 1406 decima
2743 1363 2849 1402 nox
2884 1349 3228 1418 supervenit,
3263 1348 3651 1416 navigantibus

2082 1440 2242 1497 nobis
2266 1441 2321 1495 in
2351 1439 2516 1496 Adria
2550 1440 2700 1494 circa
2741 1440 2976 1495 mediam
3004 1448 3246 1502 noctem,
3286 1440 3653 1506 suspicabano

2078 1540 2168 1588 tur
2205 1540 2382 1589 nauta:
2434 1545 2696 1603 apparere
2745 1531 2850 1586 sibi
2880 1532 3117 1602 aliquam
3150 1531 3446 1602 regionem.
3477 1531 3655 1597 Quiet

407 1623 545 1678 σεῖν.
590 1622 678 1686 Ὣς
709 1623 762 1676 δὲ
788 1619 1362 1693 τεσσαρεσκαιδεκάτη
1393 1623 1492 1689 νὺξ
1515 1624 1752 1691 ἐγένετο,
1793 1623 1982 1694 διαφε-

2084 1623 2466 1680 submittcntes
2500 1623 2760 1685 bolidem,
2789 1622 3118 1678 invenerunt
3172 1637 3371 1691 passus
3421 1623 3639 1693 viginti,

407 1712 651 1782 ρομένων
673 1710 833 1781 ἡμῶν
863 1712 925 1764 ἐν
971 1709 1052 1781 τῷ
1103 1710 1309 1782 Ἀδρίᾳ,
1361 1710 1505 1767 κατὰ
1545 1710 1606 1766 τὸ
1657 1713 1822 1783 μέσον
1879 1714 1981 1785 τῆς

2081 1723 2136 1770 et
2172 1715 2431 1784 pusillum
2463 1713 2589 1769 inde
2619 1713 2858 1781 separati
2918 1713 3246 1769 invenerunt
3267 1730 3464 1785 passus
3486 1715 3652 1785 quin-

404 1803 623 1868 νυκτὸς,
656 1803 916 1857 ὑπενόουν
937 1805 984 1857 οἱ
1019 1801 1212 1857 ναῦται
1246 1798 1592 1873 προῐσῖἅγειν
1625 1804 1747 1858 τινὰ
1797 1805 1980 1870 αὐτοῖς

2084 1805 2282 1861 decim.
2311 1805 2592 1861 Timentes
2623 1813 2806 1860 autem
2839 1821 2907 1859 ne
2930 1806 2983 1860 iu
3007 1820 3197 1876 aspera
3232 1808 3352 1861 loca
3378 1808 3650 1864 incidere-

399 1894 606 1968 χώραν,
638 1895 735 1950 καὶ
764 1895 1095 1967 βολίσαντες.
1120 1887 1278 1966 εὗρον
1307 1894 1535 1965 ὀργυιὰς
1557 1894 1730 1949 εἴκοσι
1754 1913 1770 1928 ο
1805 1895 1978 1968 βραχὺ

399 1991 457 2045 δὲ
475 1988 882 2060 διαστήσαντες,
903 1990 998 2042 καὶ
1019 1988 1184 2042 πάλιν
1206 1986 1540 2058 βολίσαντες.
1569 1980 1726 2058 εὗρον
1751 1988 1980 2059 ὀργυιὰς

399 2083 696 2140 δεκαπέντε
721 2099 736 2113 °
769 2080 1095 2153 φοϐούμενοί
1125 2097 1208 2145 τε,
1237 2079 1312 2151 μή
1353 2097 1472 2144 πως
1512 2081 1592 2143 είς
1615 2083 1837 2150 τραχεῖς
1885 2081 1980 2135 τό·

401 2193 539 2237 πους
566 2173 893 2238 ἐκπέσωσιν,
916 2173 982 2227 ἐκ
1035 2171 1292 2245 πρύμνης
1325 2171 1579 2242 ῥίψαντες
1592 2170 1842 2242 ἀγκύρας
1857 2173 1982 2227 τέσ-

409 2285 604 2334 σαρας,
631 2265 861 2338 ηὑχοντο
883 2266 1094 2338 ἡμέραν
1114 2265 1392 2333 γενέσθαι.
1417 2264 1543 2318 Τῶν
1556 2263 1613 2318 δὲ
1650 2263 1860 2319 ναυτῶν
1877 2263 1980 2334 ζη-

401 2357 646 2414 τούντων
669 2357 866 2427 φυγεῖν
893 2358 959 2413 ἐκ
995 2355 1090 2410 τοῦ
1116 2355 1326 2422 πλοίου,
1359 2356 1458 2412 καὶ
1486 2354 1838 2428 χαλασάντων
1880 2355 1981 2427 τὴν

403 2449 621 2518 σκάφην
643 2448 724 2511 εἰς
743 2446 846 2518 τὴν
895 2447 1192 2510 θάλασσαν,
1224 2447 1495 2518 προφάσει
1540 2450 1615 2512 ὡς
1642 2451 1708 2502 ἐκ
1751 2446 1980 2517 πρώρας

406 2540 712 2610 μελλόντων
753 2538 1003 2610 ἀγκύρας
1054 2537 1342 2603 ἐκτείνειν,
1402 2535 1554 2593 εἶπεν
1591 2538 1620 2593 ὑ
1662 2538 1873 2604 Παῦλος
1902 2539 1981 2611 τῷ

401 2632 778 2703 ἐκανοντὰρχῃ
805 2631 1040 2694 καὶτοῖς
1083 2629 1478 2700 στρατιώταις⁹
1541 2630 1672 2685 Ἐὰν
1709 2632 1783 2701 μὴ
1832 2622 1980 2685 οὗτοι

405 2724 667 2797 μείνωσιν
701 2723 763 2776 ἐν
784 2722 864 2793 τῷ
894 2722 1088 2789 πλοίῳ,
1126 2723 1288 2792 ὑμεῖς
1338 2722 1581 2794 σωθῆναι
1629 2724 1692 2778 οὑ
1725 2723 1976 2779 δύνασθε.

401 2813 538 2871 Τότε
570 2813 623 2868 οί
653 2811 988 2883 στρατιῶται
1017 2811 1303 2882 ἀπέκοψαν
1339 2811 1408 2865 τὰ
1451 2810 1662 2881 σχοινία
1699 2811 1799 2880 τῆς
1845 2811 1980 2866 σκά-

403 2922 534 2978 φης,
559 2903 653 2958 καὶ
676 2904 864 2958 εῖασαν
895 2902 1068 2974 αὑτὴν
1095 2903 1367 2958 ἐκπεσεῖν.
1401 2903 1564 2973 ’Δχρι
1623 2901 1680 2956 δὲ
1720 2893 1780 2956 οὗ
1817 2902 1978 2973 ἔμελ-

405 2999 498 3053 λεν
526 2998 743 3068 ἡμέραν
770 2995 1046 3066 γενέσθαι,
1076 2994 1380 3066 παρεκάλει
1400 2997 1428 3049 ὁ
1473 2993 1688 3058 Παῦλος
1731 2995 1980 3060 ἃπαντας

417 3089 741 3163 μεταλαϐεῖν
800 3090 1032 3160 τροφῆς,
1100 3089 1274 3158 λέγων
1297 3103 1314 3119 ⁸
1368 3088 1980 3160 Τεσσαρεσκαιδεκάτην

407 3182 619 3252 ἡμέραν
691 3181 931 3250 σήμερον
987 3178 1396 3251 προσδοκῶντες
1429 3219 1445 3244 ,

406 3274 665 3345 ϐόμενοι,
719 3275 896 3328 ἄσιτοι
939 3273 1268 3327 διατελεῖτεο
1325 3271 1408 3327 διὸ
1471 3271 1778 3343 παρακαλῶ
1836 3271 1980 3340 ὑμᾶς

414 3361 740 3430 μεταλαϐεῖν
780 3364 985 3435 τροφῆς
1007 3379 1020 3392 ο
1060 3359 1218 3414 τοῦτο
1248 3360 1357 3431 γὰρ
1412 3359 1550 3431 πρὸς
1578 3359 1678 3429 τῆς
1713 3360 1983 3430 ὑμετέρας

409 3452 683 3523 σωτηρίας
715 3452 973 3522 ὑπάρχει.
1002 3449 1231 3511 Οὑδενδς
1260 3449 1372 3520 γὰρ
1408 3448 1562 3520 ὑμῶν
1607 3448 1734 3520 θρὶξ
1780 3449 1845 3501 ὲκ
1884 3450 1984 3519 τῆς

403 3543 652 3614 κεφαλῆς
688 3543 988 3599 ἀπολεῖται.
1021 3541 1210 3596 Εἰπὼν
1235 3541 1295 3595 δὲ
1318 3539 1520 3606 ταῦτα,
1547 3542 1647 3596 καὶ
1671 3539 1851 3596 λαϐὼν
1877 3541 1982 3612 ἄρ-

403 3654 516 3696 τον,
551 3635 916 3707 εὐχαρίστησε
945 3633 1024 3706 τῷ
1055 3631 1174 3704 Θεῷ
1201 3632 1430 3687 ἐνώπιον
1458 3632 1695 3693 πάντων,
1725 3634 1822 3688 καὶ
1852 3632 1986 3686 κλά-

405 3747 505 3791 σας
535 3723 739 3799 ἦρξατο
773 3726 994 3781 ἐσθίειν.
1047 3725 1291 3794 Εὑθυμοι
1333 3723 1391 3778 δέ
1435 3725 1717 3793 γενόμενοι
1761 3724 1982 3789 πάντες,

407 3819 500 3872 καὶ
530 3817 685 3872 αὑτοὶ
718 3816 1014 3886 μετέλαϐον
1039 3817 1265 3888 τροφῆς.
1293 3813 1475 3886 ’Ἦμεν
1499 3815 1557 3870 δὲ
1603 3817 1661 3869 αἱ
1687 3816 1858 3867 πᾶσαι
1882 3817 1982 3884 ψυ-

405 3911 503 3982 χαὶ
524 3911 582 3962 ὲν
614 3909 692 3978 τῷ
730 3909 924 3978 πλοθῳ,
969 3908 1239 3962 διακόσιαι
1266 3907 1639 3978 ἐϐδομήκοντα
1679 3907 1758 3972 ἓξ.
1814 3908 1986 3977 Κορεο

410 4000 628 4062 σθέντες
655 3999 712 4052 δὲ
744 3999 975 4069 τροφῆς,
1005 3999 1294 4068 ἐκούφιζον
1323 4000 1385 4051 τὸ
1414 3997 1598 4052 πλοῖον
1651 3998 1980 4068 ἐκϐαλλόμε-

410 4110 494 4145 νοι
519 4093 612 4146 τὸν
639 4095 786 4145 σῖτον
819 4094 900 4154 εἰς
924 4093 1024 4162 τὴν
1055 4093 1353 4146 θάλασσαν.
1385 4091 1515 4144 Ὅτε
1541 4090 1597 4144 δὲ
1649 4078 1826 4162 ἡμέρα
1863 4091 1986 4158 ἐγὲο

406 4201 550 4250 νετο,
575 4185 672 4254 τὴν
701 4184 804 4255 γῆν
830 4185 930 4239 οὑκ
959 4187 1330 4255 ἐπεγῗνωσκον
1350 4203 1365 4218 ο
1393 4187 1592 4242 κύλπον
1620 4187 1678 4238 δέ
1708 4202 1832 4240 τινα
1856 4202 1988 4238 κατ-

408 4277 595 4331 ενόουν
640 4277 834 4347 ἔχοντα
885 4279 1152 4344 αῖγιαλδν,
1203 4282 1282 4342 εἰς
1345 4280 1404 4334 ὃν
1466 4279 1876 4342 ἐϐουλεύσαντο,
1934 4279 1985 4331 εί

410 4368 683 4432 δύναιντο,
705 4367 904 4433 ἐξῶσαι
931 4369 994 4422 τὸ
1025 4369 1228 4425 πλοῖον.
1251 4372 1363 4425 Καὶ
1417 4371 1512 4433 τὰς
1550 4369 1798 4440 ἀγκύρας
1841 4387 1987 4439 περι-

416 4461 634 4521 ελόντες
668 4459 795 4513 εἴων
817 4460 898 4526 εἰς
929 4460 1028 4530 τὴν
1048 4459 1339 4522 θάλασσαν,
1360 4460 1475 4530 ἅμα
1505 4461 1723 4526 ἀνέντες
1750 4461 1846 4523 τὰς
1863 4459 1986 4525 ζευ-

2081 1911 2226 1957 mus.
2253 1895 2321 1950 de
2352 1895 2517 1966 puppi
2561 1893 2863 1950 mittentes
2889 1895 3157 1950 anchoras
3206 1905 3465 1964 quatuor,
3495 1903 3652 1966 opta-

2080 1989 2211 2045 bant
2261 1988 2405 2042 diem
2458 1987 2596 2042 ﬁeri.
2632 1985 2822 2042 Nautis
2859 2002 2993 2042 vero
3042 1987 3415 2057 quaerentibus
3469 1987 3654 2056 tngere

2082 2082 2150 2139 de
2187 2082 2334 2141 navi.
2362 2096 2485 2136 cum
2515 2081 2800 2136 misissent
2824 2081 3084 2150 scapham
3113 2078 3169 2134 in
3217 2095 3389 2142 mare,
3422 2079 3528 2134 sub
3552 2082 3656 2134 oh-

2079 2179 2236 2229 teutu
2261 2175 2420 2243 quasi
2459 2171 2765 2241 inciperent
2803 2185 2832 2226 a
2863 2184 3025 2241 prora
3043 2170 3316 2224 anchoras
3332 2170 3651 2236 extendere,

2081 2265 2219 2320 dixit
2241 2262 2446 2320 Paulus
2468 2261 2779 2318 centurioni
2801 2271 2857 2318 et
2885 2260 3154 2316 militibus
3179 2279 3193 2314 :
3217 2259 3335 2317 Nisi
3367 2260 3418 2314 hi
3444 2260 3497 2315 in
3528 2260 3653 2316 navi

2081 2357 2407 2422 manserint,
2462 2369 2564 2412 vos
2613 2355 2750 2410 salvi
2811 2352 2926 2408 ﬁeri
2993 2369 3104 2408 non
3178 2353 3429 2424 potestis.
3490 2352 3650 2424 311

2081 2448 2236 2504 Tunc
2266 2448 2624 2504 absciderunt
2660 2447 2866 2503 milites
2926 2445 3088 2502 funes
3135 2446 3374 2517 scaphae,
3403 2454 3458 2499 et
3503 2445 3652 2514 passi

2081 2549 2208 2598 sunt
2230 2554 2351 2596 eam
2380 2539 2656 2595 excidere.
2683 2537 2750 2594 Et
2779 2553 2905 2593 cum
2939 2537 3028 2592 lux
3071 2538 3342 2608 inciperet
3391 2537 3530 2603 tieri,
3563 2551 3653 2590 ro-

2081 2629 2241 2701 gabat
2260 2628 2461 2682 Paulus
2483 2641 2678 2682 omnes
2699 2639 2916 2682 sumere
2945 2625 3152 2690 cibum,
3177 2624 3369 2681 dicens
3398 2643 3412 2678 :
3443 2624 3652 2692 Quarta

2079 2721 2290 2778 decima
2314 2722 2400 2775 die
2437 2718 2598 2775 hodie
2642 2725 3026 2788 exspectantes
3071 2718 3246 2788 jejuni
3301 2718 3652 2786 permanetis,

2078 2813 2215 2870 nihil
2242 2812 2609 2882 accipientes:
2641 2820 2866 2883 propter
2913 2814 3061 2881 quod
3099 2825 3232 2881 rogo
3261 2826 3362 2864 vos
3399 2811 3656 2880 accipere

2081 2906 2263 2963 cibum
2293 2917 2394 2974 pro
2409 2904 2585 2959 salute
2613 2911 2789 2959 vestra
2819 2919 2836 2968 ;
2863 2903 2992 2969 quia
3033 2902 3234 2957 nullius
3263 2911 3506 2957 vestrum
3557 2917 3656 2956 ca-

2082 2999 2250 3068 pillus
2284 2998 2350 3052 de
2381 2997 2558 3066 capite
2613 2995 2832 3066 peribit.
2863 2995 2930 3051 Et
2961 3010 3084 3052 cum
3129 2995 3246 3050 lucc
3285 2994 3530 3058 dixisset,
3560 3010 3654 3049 su-

2084 3102 2238 3142 mens
2273 3101 2496 3157 panem,
2537 3087 2748 3159 gratias
2775 3088 2884 3158 egit
2935 3086 3046 3140 Deo
3084 3087 3137 3141 in
3188 3097 3487 3153 conspectu
3538 3101 3655 3140 om-

1511 3179 1682 3250 μηδὲν
1747 3179 1982 3251 προσλα-

2085 3180 2284 3249 nium;
2346 3187 2403 3233 et
2482 3194 2608 3236 cum
2690 3178 2969 3249 fregisset.
3044 3178 3213 3248 cmpit
3295 3178 3655 3233 manducare.

2082 3274 2514 3344 Animequiores
2571 3279 2755 3326 autem
2779 3270 2908 3327 facti
2944 3283 3157 3333 omnes,
3192 3278 3246 3322 ct
3276 3269 3376 3340 ipsi
3407 3272 3656 3338 sumpse-

2082 3375 2212 3422 runt
2237 3367 2441 3423 cibum.
2497 3364 2726 3420 Eramus
2760 3379 2890 3420 vero
2920 3365 3194 3418 universze
3222 3363 3417 3418 anima:
3449 3363 3502 3414 in
3534 3361 3658 3415 navi

2083 3457 2334 3513 ducentae
2384 3456 2728 3528 septuaginta
2761 3471 2879 3509 sex.
2911 3455 2978 3509 Et
3015 3455 3198 3510 satiati
3237 3453 3384 3516 cibo,
3429 3452 3655 3506 allevia-

2086 3551 2216 3605 bant
2239 3563 2457 3611 navem,
2487 3547 2763 3617 jactantcs
2811 3547 3059 3602 triticum
3091 3546 3146 3600 in
3180 3561 3348 3600 mare.
3383 3543 3518 3599 Cum
3554 3559 3653 3597 au-

2088 3650 2194 3696 tem
2218 3639 2336 3694 dies
2370 3638 2547 3694 factus
2580 3648 2750 3705 esset,
2810 3647 3012 3693 terram
3066 3652 3174 3691 non
3229 3637 3600 3707 agnoscebant
3637 3653 3654 3690 :

2087 3732 2269 3788 sinum
2307 3745 2437 3783 vero
2473 3732 2763 3800 tjiiemtlam
2791 3729 3212 3786 considerabant
3244 3727 3540 3782 habentem
3570 3727 3656 3780 lit-

2087 3831 2200 3890 tus,
2225 3822 2281 3878 in
2317 3837 2478 3894 quem
2497 3822 2835 3894 cogitabant,
2862 3821 2906 3876 si
2936 3831 3179 3891 possent,
3203 3817 3405 3888 ejicere
3439 3833 3654 3873 navem.

2087 3915 2156 3970 Et
2207 3931 2334 3971 cum
2383 3915 2658 3970 anchoras
2709 3913 3084 3972 sustulissent.
3149 3910 3560 3965 committebant
3599 3923 3659 3962 se

2087 4009 2252 4070 mari,
2277 4007 2442 4062 simul
2489 4007 2740 4062 laxantes
2781 4007 3070 4074 jnncturas
3115 4005 3657 4073 gubernaculorum:

2085 4100 2342 4154 ctlevato
2378 4107 2657 4153 artemone
2702 4097 3001 4153 secundum
3038 4111 3185 4151 aura:
3237 4094 3422 4149 ﬂatum
3474 4091 3661 4147 tende-

2092 4193 2227 4246 bant
2274 4190 2342 4247 ιιι]
2383 4190 2562 4244 littus.
2623 4188 2688 4243 Et
2750 4204 2875 4245 cum
2933 4188 3320 4244 incidissemus
3373 4186 3427 4242 in
3477 4185 3659 4240 locum

2087 4279 2475 4344 ditbalassum,
2522 4279 2869 4350 impegeruut
2902 4295 3133 4347 navem;
3169 4291 3222 4338 et
3244 4293 3405 4352 prora
3430 4278 3655 4348 quidem

2091 4373 2194 4428 lira
2220 4373 2477 4428 manebat
2524 4372 2844 4440 immobilis,
2870 4375 3065 4446 puppis
3107 4389 3236 4431 vero
3279 4372 3592 4429 solvebatur
3624 4384 3655 4422 a

2089 4466 2140 4521 vi
2173 4465 2365 4520 maris.
2399 4464 2629 4518 Militum
2661 4475 2843 4522 autem
2878 4467 3174 4522 consilium
3223 4466 3349 4532 fuit,
3381 4475 3438 4519 ut
3465 4472 3655 4519 custo-

423 4549 659 4618 κῖηρίας
687 4549 799 4604 τῶν
829 4551 1125 4620 πηδαλίωνο
1159 4553 1253 4605 καὶ
1281 4555 1584 4624 ἐπάραντες
1609 4553 1699 4604 τὸν
1714 4551 1982 4622 ἁρτέμονα

2093 4556 2212 4612 dias
2239 4556 2574 4621 occiderent,
2627 4571 2694 4611 ne
2727 4558 2872 4628 quis,
2892 4571 3015 4612 cum
3039 4565 3336 4621 enatasset,
3377 4553 3658 4622 effugeret.

406 4641 477 4710 τῇ
520 4640 784 4714 πνεούσῃ,
816 4643 1069 4711 κατεῖχον
1099 4645 1178 4703 εἰς
1202 4641 1294 4696 τὸν
1328 4642 1596 4712 αἰγιαλόν.
1645 4641 1984 4712 Περιπεσόνυ

413 4749 506 4796 τες
553 4731 610 4784 δὲ
649 4735 728 4797 είς
790 4733 954 4786 τόπον
994 4733 1340 4799 διθάλασσον,
1372 4734 1678 4788 ἐπώκειλαν
1709 4734 1809 4803 τὴν
1832 4735 1984 4787 ναῦν.

413 4826 524 4877 Καὶ
558 4825 592 4894 ἡ
647 4825 749 4896 μὲν
799 4825 998 4898 πρώρα
1040 4825 1323 4895 ἐρείσασα,
1353 4825 1566 4895 ἔμεινεν
1607 4825 1925 4888 ἀσάλευτοςο
1952 4827 1987 4895 ἡ

411 4919 472 4972 δέ
499 4915 726 4986 πρύμνα
745 4917 932 4972 ἐλύετο
959 4918 1066 4972 ὑπὸ
1091 4919 1189 4988 τῆς
1228 4918 1346 4990 βίας
1375 4917 1485 4972 τῶν
1533 4919 1814 4988 κυμάτων.
1867 4917 1988 4972 Τῶν

411 5011 472 5068 δι
499 5011 851 5082 στρατιωτῶν
885 5010 1047 5084 βουλὴ
1105 5012 1344 5078 ἐγένετο,
1385 5012 1474 5066 ἵνα
1523 5011 1651 5075 τοὺς
1710 5009 1991 5080 δεσμώτας

414 5101 804 5173 ἀποκτείνωσι,
849 5103 922 5173 μή
952 5119 1037 5166 τις
1065 5102 1486 5173 ἐκκολυμϐήσας
1533 5099 1792 5172 διαφύγῃ.
1836 5101 1896 5154 ’0
1933 5102 1991 5154 δὲ

416 5171 862 5262 ἑκατοντάρχης,
909 5171 1227 5263 βουλόμενος
1272 5171 1561 5247 διασῶσαι
1613 5193 1706 5246 τὸν
1753 5189 1988 5253 Παῦλον,

415 5287 689 5343 ἐκώλυσεν
719 5290 919 5352 αὑτοὺς
950 5289 1044 5346 τοῦ
1078 5288 1416 5358 βουλήματος
1439 5303 1453 5316 ·
1485 5284 1743 5342 ἐκέλευσέ
1771 5301 1832 5338 τε
1864 5285 1992 5348 τοὺς

2090 4649 2353 4706 Centurio
2383 4658 2564 4704 autem
2600 4650 2789 4705 volens
2821 4666 3042 4706 servare
3092 4649 3347 4713 Paulum,
3381 4644 3660 4718 prohibuit

2095 4741 2250 4805 ticri;
2287 4737 2562 4808 jussitque
2593 4755 2706 4806 eos,
2749 4740 2842 4810 qui
2894 4751 3113 4812 possent
3143 4749 3352 4804 natare,
3409 4736 3662 4790 emittere

2093 4847 2152 4885 se
2180 4831 2407 4900 primos,
2427 4843 2479 4886 et
2504 4832 2754 4898 evadere,
2792 4841 2846 4886 et
2874 4833 2939 4886 ad
2976 4841 3174 4885 terram
3203 4829 3390 4891 exire;
3424 4837 3474 4883 et
3504 4836 3662 4881 (atte-

2096 4937 2186 4976 ros
2216 4923 2354 4977 alios
2384 4924 2436 4978 in
2468 4923 2671 4979 tabulis
2725 4924 2968 4979 Ferebant
3005 4942 3018 4988 ;
3048 4924 3312 4994 quosdam
3373 4935 3537 4988 super
3595 4933 3660 4974 ea

2095 5015 2308 5083 quatde
2342 5016 2464 5069 navi
2496 5026 2671 5070 erant.
2703 5016 2772 5070 Et
2822 5017 2901 5070 sic
2942 5015 3143 5070 factum
3192 5021 3297 5078 est,
3358 5023 3415 5065 ut
3468 5025 3661 5065 omnes

2097 5109 2290 5162 anima:
2337 5107 2630 5163 eVaderent
2691 5111 2756 5163 ad
2808 5117 3033 5162 terram.
3091 5107 3156 5161 Et
3207 5123 3330 5162 cum
3390 5103 3662 5160 evasisse-

2104 5211 2246 5260 tuus,
2283 5203 2416 5250 tunc.
2465 5197 2844 5268 cognovimus,
2899 5197 3027 5266 quia
3058 5195 3241 5252 Melita
3280 5194 3457 5249 insula
3493 5206 3658 5245 voca-

2097 5289 2276 5341 batur.

413 5378 744 5450 δυναμένους
796 5380 1071 5452 κολυμϐᾷν
1119 5379 1526 5453 ἀπορρίψαντας
1582 5378 1832 5449 πρώτους
1895 5378 1989 5431 ἐπὶ
2025 5378 2124 5450 τὴν
2169 5377 2276 5446 γῆν
2321 5377 2558 5443 ἐξιέναιο
2624 5380 2717 5434 καὶ
2774 5381 2900 5444 τοὺς
2956 5381 3197 5443 λοιποὺς,
3267 5379 3359 5442 οὓς
3419 5376 3515 5459 μὲν
3565 5375 3664 5439 ἐπὶ

419 5471 650 5533 σανίσιν,
676 5471 770 5538 οὓς
791 5472 850 5528 δέ
878 5473 969 5524 ἐπί
1001 5489 1162 5526 τινων
1191 5472 1302 5526 τῶν
1340 5471 1450 5525 ἀπὸ
1517 5471 1612 5524 τοῦ
1659 5470 1871 5527 πλοίου.
1914 5471 2022 5524 Καὶ
2057 5471 2230 5538 οὕτως
2253 5473 2468 5541 ἐγένετο
2497 5474 2703 5539 πάντας
2731 5474 3060 5545 διασωθῆναι
3091 5475 3182 5528 ἐπὶ
3213 5473 3310 5543 τὴν
3373 5472 3494 5540 γῆν.
3549 5469 3670 5547 Καὶ.

417 5562 795 5632 διασωθιντες,
865 5563 984 5616 τότε
1032 5563 1350 5629 ἐπέγνωσαν
1388 5562 1472 5614 ὅτι
1519 5561 1726 5631 Μελίτη
1774 5563 1808 5633 ὴ
1856 5563 2018 5631 νῆσος
2057 5564 2316 5618 καλεῖται.

1032 5653 1410 5709 EI’MHNEIA.
2581 5653 3144 5712 COMMENTARIUS.

483 5745 756 5816 Νηστείαν
777 5743 1008 5800 ἐνταῦθα
1038 5745 1138 5816 τὴν
1168 5744 1277 5798 τῶν
1305 5743 1579 5798 Ἰουδαῐων
1618 5744 1788 5812 λέγει.
1825 5745 1977 5798 Μετὰ

2162 5768 2181 5799 ε
2214 5749 2290 5803 Eo
2316 5749 2459 5819 quod
2483 5748 2875 5820 jejuniumjatn
2907 5748 3313 5818 pmteriisset.»
3350 5745 3425 5800 De
3447 5743 3667 5815 jejunio,

416 5837 524 5927 γὰρ
559 5839 1056 5911 τῄνῐιεντηκοστὴν
1109 5835 1330 5908 ἐξῆλθεν
1372 5835 1578 5889 ἐκεῖθεν
1633 5835 1770 5906 μετὰ
1808 5838 1976 5892 πολὺν

2084 5838 2395 5896 Iudaeorum
2434 5844 2518 5895 bit-
2548 5842 2809 5912 loquitur.
2856 5841 2989 5896 Nam
3027 5841 3194 5897 tnulto
3225 5847 3350 5909 post
3382 5838 3651 5895 Penteco-
