4090 6304
581 363 718 431 1051
1465 362 2048 441 THEOPHYLACTI
2088 361 2501 423 BULGARI/E
2533 362 2886 423 ARCIIIEP.
3677 351 3834 419 105?.

570 489 693 536 sten
725 490 970 551 tempore
997 478 1197 536 exinde
1228 477 1421 546 exivit,
1477 489 1535 532 ut
1590 479 1702 549 jam
1748 480 1919 534 ferme
1973 477 2151 532 hiems

2256 473 2465 544 χρόνον,
2501 464 2579 537 ὡς
2609 476 2668 528 ἐν
2723 473 2872 544 αύτῷ
2909 472 3095 544 σχεδὸν
3123 471 3202 543 τῷ
3253 470 3478 541 χειμῶνι
3529 470 3846 539 παραγενέ-

568 581 738 640 esset,
775 588 900 628 cum
927 573 982 626 in
1004 579 1194 643 partes
1218 569 1392 626 Creta:
1425 570 1754 640 perveniret.
1783 568 1985 624 lterum
2017 581 2147 624 vero

2256 567 2377 620 σθαι
2409 567 2487 629 εἰς
2512 568 2581 618 τὰ
2614 565 2754 638 μέρη
2785 566 2884 635 τῆς
2909 565 3156 636 Κρήτης.
3188 563 3320 617 Ἰδοὺ
3367 559 3703 634 προφητεύει
3738 559 3847 614 καὶ

563 680 722 722 nunc
772 665 1060 736 prophetat
1091 664 1293 720 Paulus
1345 677 1442 720 eos
1475 661 1823 734 naufragium
1883 661 2144 715 facturos.

571 755 642 810 Et
679 755 807 810 licet
840 765 1029 827 postea
1059 755 1224 828 312
1258 751 1526 824 ejusmodi
1563 751 1908 829 naufragium
1941 751 2149 818 absque

574 847 747 904 ullius
777 855 974 913 morte,
1011 856 1069 902 ut
1101 848 1220 918 ipse
1260 845 1463 902 Paulus
1497 843 1769 916 praedixit,
1810 842 2101 915 contigerit
2130 857 2147 906 ;

575 949 817 995 attamen
870 939 1030 1011 juxta
1061 949 1274 996 naturae
1327 952 1554 994 cursum
1602 937 1896 1007 periissent
1933 949 2146 998 omnes,

575 1032 682 1087 nisi
704 1032 846 1089 Deus
878 1040 933 1086 et
957 1031 1108 1086 illum
1135 1030 1372 1095 salvum,
1402 1038 1456 1085 et
1485 1043 1583 1100 per
1603 1043 1729 1084 cum
1765 1041 1958 1082 omnes
1990 1027 2149 1082 inco-

575 1124 752 1180 lumes
824 1138 950 1180 esse
1003 1123 1288 1181 voluisset.
1343 1121 1606 1178 Centurio
1677 1133 1788 1176 non
1873 1118 2147 1185 credebat,

575 1231 698 1285 qua:
743 1233 774 1270 a
825 1215 994 1270 Paulo
1045 1214 1391 1278 dicebantur,
1434 1220 1495 1268 ut
1545 1213 1638 1282 qui
1669 1209 1845 1280 magis
1876 1208 2148 1265 fidendum

577 1305 804 1376 putabat
851 1305 920 1361 iis
973 1306 1064 1376 qui
1105 1303 1394 1374 navigandi
1444 1301 1604 1373 periti
1645 1308 1803 1356 erant
1844 1315 2006 1370 quam
2056 1299 2154 1354 ho-

576 1395 712 1450 mini
745 1396 996 1470 nautices
1018 1395 1304 1466 inexperto
1333 1410 1350 1462 ;
1381 1402 1436 1448 et
1461 1408 1527 1448 ex
1562 1391 1665 1446 hoc
1697 1389 1960 1457 ostendit,
1991 1404 2149 1443 men-

578 1487 652 1542 tis
707 1502 954 1544 errorem
1021 1485 1194 1543 fuisse
1248 1487 1433 1555 potius
1472 1499 1636 1556 quam
1685 1482 1942 1537 fortunae.
1995 1481 2152 1548 Quod

571 1579 722 1633 enim
767 1579 1016 1634 naturale
1064 1577 1138 1634 sit
1178 1578 1493 1649 periculum
1548 1574 1764 1645 fugere,
1817 1574 2152 1646 eriperictitia

574 1672 695 1741 ipsa
723 1671 884 1727 docet
912 1711 927 1736 ,
963 1685 1085 1727 cum
1113 1684 1275 1726 nemo
1309 1684 1431 1726 sese
1469 1669 1802 1740 pracipilcm
1831 1668 1946 1733 det,
2003 1666 2153 1738 quod

577 1765 684 1820 ltoc
715 1763 942 1818 evidens
991 1762 1296 1834 periculqu
1331 1761 1546 1828 afferat,
1581 1759 1801 1815 fortuna
1835 1769 1891 1816 et
1919 1759 2035 1814 fato
2061 1775 2154 1813 ve-

2248 659 2346 714 νῦν
2378 661 2406 713 ὁ
2436 660 2668 724 Παῦλος,
2707 657 3017 728 ναυαγῆσαι
3066 656 3240 724 λέγων
3286 655 3492 718 αὐτοῖς,
3547 654 3620 725 [εἰ
3650 652 3746 706 καὶ
3775 651 3847 706 οὐ

2248 753 2477 824 γέγονεν
2530 751 2761 826 αὑτοῖς,]
2795 751 2938 824 μετὰ
2972 749 3176 820 ζημίας
3224 747 3411 819 ψυχῶν
3463 747 3528 800 τὸ
3575 746 3848 813 ναυάγιον

2250 841 2394 898 κατὰ
2420 843 2512 898 τὸν
2572 841 2733 912 λόγον
2773 839 2963 896 αὑτοῦ.
3035 841 3208 895 Τοῦτο
3255 840 3355 911 μὲν
3386 839 3518 910 γὰρ,
3545 839 3666 893 ὅσον
3692 837 3850 891 κατὰ

2249 934 2349 1004 τὴν
2386 935 2550 1002 φύσιν
2572 935 2668 989 τοῦ
2691 934 3034 1004 πράγματος,
3080 933 3299 1001 ἐγένετο
3321 931 3408 990 ἃν.
3440 933 3492 984 εἰ
3531 931 3607 1002 μὴ
3645 933 3672 984 ὁ
3701 928 3852 992 Θεὸς

2248 1026 2496 1082 διέσωσε.
2522 1027 2600 1082 Δι’
2614 1028 2778 1082 αὐτὸν
2804 1027 2914 1098 γὰρ
2939 1027 3032 1080 καὶ
3053 1025 3295 1088 ἐκείνους
3331 1024 3623 1092 δισωθῆναι
3644 1021 3848 1090 ἐποίη-

2253 1137 2367 1177 σεν.
2399 1121 2474 1176 Οὐ
2505 1123 2765 1193 προσέχει
2803 1123 2917 1185 τοῖς
2948 1121 3053 1175 ύπὺ
3078 1119 3170 1174 τοῦ
3206 1116 3422 1172 Παύλου
3473 1115 3793 1187 λεγομένοις
3816 1113 3852 1166 ὁ

2251 1213 2692 1286 ἑκατοντάρχης,
2747 1214 3072 1283 πειθόμενος
3134 1211 3338 1282 μᾶλλον
3386 1211 3499 1273 τοῖς
3553 1208 3849 1278 ἐμπείρως

2252 1303 2436 1374 ἔχουσι
2463 1303 2598 1375 πρὸς
2625 1302 2687 1356 τδ
2716 1301 2892 1369 πλεῖν,
2925 1303 2959 1373 ἢ
2997 1301 3234 1373 ἐπιϐάτῃ
3278 1299 3490 1368 ἀπείρῳ
3536 1296 3809 1365 ναυτικῆς
3829 1309 3847 1325 °

2255 1398 2350 1451 καὶ
2379 1397 2446 1448 ἐκ
2474 1394 2667 1450 τούτου
2691 1394 2956 1459 διδάσκει,
2991 1395 3074 1448 ὃτι
3108 1391 3331 1462 γνώμης
3367 1391 3504 1456 ἐστὶ,
3537 1390 3629 1443 καὶ
3649 1389 3707 1442 οὐ
3737 1387 3850 1442 τύ-

2253 1504 2374 1559 χης,
2401 1487 2464 1540 τὸ
2491 1485 2820 1558 ἁμάρτημα.
2851 1486 2976 1539 Ὅτι
3010 1485 3120 1556 γὰρ
3150 1483 3265 1538 ἔστι
3307 1482 3450 1538 κατὰ
3483 1481 3641 1552 φύσιν
3664 1482 3851 1550 ἐκφυ-

2252 1584 2370 1650 γεῖν
2397 1580 2489 1633 τὸν
2512 1580 2775 1643 κίνδυνον,
2807 1578 2947 1649 αῦτη
2979 1581 3012 1651 ἡ
3043 1581 3209 1650 πεῖρα
3235 1577 3496 1640 διδάσκει,
3523 1574 3599 1646 μὴ
3661 1591 3847 1628 κατα-

2253 1672 2580 1745 κρημνίζειν
2616 1673 2808 1727 ἐαυτόν
2847 1690 2988 1738 τινα,
3016 1674 3092 1736 ὡς
3136 1669 3519 1742 ἀναμφιϐόλως
3543 1668 3636 1725 τοῦ
3688 1668 3844 1740 πράο

2254 1782 2464 1835 γματος
2477 1765 2732 1819 ’κίνδυνον
2751 1765 3032 1836 φέροντος,
3053 1764 3152 1834 τῆς
3178 1763 3348 1835 τύχης
3367 1764 3461 1818 καὶ
3483 1762 3844 1831 εἱμαρμένης

578 1855 677 1911 luti
704 1832 1185 1912 obdortnientibus
1234 1855 1296 1910 iu
1318 1855 1486 1912 rebus
1519 1852 1830 1908 manifestis
1868 1867 1934 1906 ac
1962 1851 2152 1908 visibi-

2257 1832 2351 1912 ἐπὶ
2411 1857 2522 1912 τῶν
2575 1832 2872 1930 προῦπτων
2936 1832 3332 1928 κοιμωμένης·
3373 1855 3406 1926 ἢ
3448 1852 3843 1926 γρηγορούσης

573 1947 720 2003 libus
757 1965 773 2016 ;
805 1962 1119 2020 quanquam
1143 1947 1190 2004 si
1222 1947 1389 2004 etiam
1430 1946 1741 2018 vigilarent,
1774 1945 1990 2001 nilnilea
2024 1959 2152 2016 pos-

2256 1951 2377 2022 μὲνν
2437 1950 2605 2021 μηδὲν
2643 1949 2699 2004 δὲ
2744 1949 3049 2020 δυναμένης
3069 1948 3507 2020 ἀντιπράξασθαι
3542 1945 3684 2000 κατὰ
3729 1945 3839 2014 τῆς

573 2050 699 2095 sent
747 2050 938 2096 contra
971 2050 1326 2110 spontaneam
1355 2039 1702 2106 electionem,
1735 2054 1844 2109 qua
1901 2038 2152 2096 homines

2256 2045 2628 2116 προαιρέσεως
2657 2044 2768 2098 τῶν
2805 2042 3130 2114 ἀνθρώπων,
3187 2040 3310 2096 καθ’
3333 2041 3406 2112 ἢν
3443 2040 3508 2095 ἂν
3532 2038 3839 2110 βούλωνται

575 2147 674 2187 sua
704 2131 1064 2202 sibimetipsis
1102 2133 1273 2188 libere
1317 2131 1674 2190 moderantur
1703 2147 1719 2198 ;
1761 2141 1831 2187 ut
1858 2131 2047 2187 videre
2067 2138 2152 2188 est

2256 2136 2322 2189 τὰ
2348 2134 2438 2204 ἐφ’
2473 2133 2659 2193 αὐτοῖς
2705 2135 3011 2205 πράγματα
3065 2133 3259 2201 ἄγουσι
3289 2131 3383 2186 καὶ
3440 2132 3717 2202 φέρουσιν,
3757 2129 3839 2194 ὡς

580 2225 636 2278 in
661 2225 728 2278 iis
754 2223 917 2279 etiam
950 2226 1044 2294 qui
1104 2239 1232 2279 cum
1261 2221 1434 2278 Paulo
1455 2222 1808 2296 navigabant.
1836 2221 1986 2278 Adeo
2007 2223 2152 2278 enim

577 2316 658 2371 illi
697 2316 917 2388 propria
953 2316 1208 2372 libertate
1228 2315 1551 2381 utebantur,
1582 2323 1642 2371 ut
1673 2313 1838 2386 paulo
1867 2323 1990 2386 post
2023 2329 2153 2386 pro-

576 2423 800 2479 sperum
839 2417 1060 2463 ventum
1117 2409 1287 2475 nacti,
1323 2407 1728 2479 navigationem
1775 2407 1879 2463 laeti
1918 2407 2156 2462 contice-

579 2510 722 2556 rent.
747 2500 1306 2556 Animadvertendum
1344 2515 1500 2566 vero,
1531 2499 1675 2571 quod
1711 2516 1730 2551 ι
1763 2508 1954 2554 contra
1982 2497 2156 2567 respi-

577 2606 707 2646 cere
757 2611 777 2643 ι
839 2592 1141 2663 improprie
1186 2592 1256 2648 de
1305 2591 1524 2662 navigio
1561 2591 1819 2650 dicatur:
1876 2591 2152 2660 respicere

576 2685 724 2740 enim
747 2684 850 2742 soli
881 2685 1086 2741 homini
1117 2686 1334 2756 proprie
1357 2685 1633 2741 convenit.
1664 2684 1846 2750 Quare
1867 2700 1974 2738 nun
2011 2697 2156 2738 sem-

580 2793 679 2849 per
709 2779 763 2833 in
797 2792 960 2836 sacra
1014 2779 1303 2850 Scriptura
1362 2780 1581 2850 propria
1641 2778 1843 2834 locutio
1868 2777 2154 2848 ,exigcnda

580 2879 686 2925 est.
724 2891 743 2924 ι
774 2868 960 2926 Valida
995 2879 1174 2927 autem
1208 2879 1551 2941 tempestate.
1587 2889 1606 2922 ι
1638 2869 1796 2936 Quod
1835 2870 2002 2940 igitur
2021 2883 2156 2922 con-

579 2963 722 3033 tigit,
760 2960 1104 3032 naufragium
1139 2960 1249 3033 (40)
1278 2977 1305 3015 a
1334 2969 1586 3032 tempore
1624 2960 1836 3016 factum
1895 2969 1983 3016 est
2018 2975 2157 3033 quo-

579 3055 726 3110 niam
753 3069 947 3126 tuagna
995 3061 1114 3110 erat
1146 3063 1471 3125 tempestas.
1500 3055 1569 3109 At
1598 3053 1925 3109 miraculum
1980 3053 2157 3120 majus

2254 2229 2346 2282 καὶ
2374 2228 2425 2280 oi
2460 2228 2559 2282 σὺν
2582 2227 2660 2298 τῷ
2691 2227 2887 2300 Παύλῳ
2915 2227 3300 2298 ἐκδημοῦντες.
3333 2224 3490 2279 Οὕτω
3547 2224 3654 2294 γὰρ
3692 2221 3836 2281 κατὰ

2258 2319 2580 2391 προαίρεσιν
2608 2319 2898 2392 ἔπραττον,
2934 2320 3016 2374 ὅτι
3070 2319 3272 2383 εὐθέως
3299 2317 3603 2386 ἐπιτηδείου
3647 2319 3833 2369 ἐπιτυ-

2254 2411 2438 2483 χόντες
2469 2410 2698 2481 ἀνέμου,
2722 2411 3004 2482 χαίροντες
3029 2410 3246 2481 διήνυον
3275 2408 3368 2463 τὸν
3398 2407 3590 2461 πλοῦν.
3636 2405 3834 2460 Ἰστέον

2255 2504 2335 2572 δέ,
2361 2505 2442 2559 ὅτι
2474 2522 2494 2556 ι
2525 2505 2587 2558 τὸ
2611 2503 3070 2574 ἀντοφθαλμεῖν,ι
3109 2502 3204 2556 ἐπὶ
3254 2501 3443 2556 πλοίου
3490 2501 3688 2570 λέγειν.
3731 2499 3830 2552 οὐκ

2255 2595 2373 2650 ἐστι
2409 2596 2788 2668 κυριολεξίαςο
2842 2593 3003 2650 τοῦτο
3047 2594 3157 2666 γὰρ
3206 2594 3298 2648 ἐτιί
3337 2592 3626 2664 ἀνθρώπω
3672 2588 3828 2661 μόνον

2255 2688 2505 2759 ἁρμόζει.
2537 2687 2704 2741 Ὥστε.
2733 2687 2794 2741 ού
2821 2687 2906 2742 δεῖ
2935 2685 3310 2758 κυριολεκτεῖν
3335 2685 3588 2738 ἀπαιτεῖν
3631 2681 3716 2736 ἀεὶ
3732 2680 3828 2747 τὴν

2260 2782 2510 2854 Γραφήν.
2560 2800 2578 2834 ι
2617 2781 2870 2852 Σφοδρῶς
2921 2778 3044 2833 δέ.»
3117 2777 3192 2832 Τὸ
3252 2777 3354 2846 μέν
3403 2769 3498 2830 οῦν
3547 2773 3828 2844 γενόμενον

2261 2872 2541 2941 ναυάγιον,
2570 2873 2679 2926 ἀπὸ
2711 2870 2806 2924 τοῦ
2837 2872 3028 2940 καιροῦ
3085 2870 3324 2937 ἐγένετο,
3367 2865 3559 2936 ἐπειδὴ
3596 2865 3763 2936 μέγας
3799 2865 3827 2914 ὸ

2256 2963 2589 3037 χειμὼνοτὸ
2647 2963 2706 3018 δέ
2751 2961 2939 3033 θαῦμα
2973 2961 3181 3033 μεῖζον,
3229 2961 3310 3014 ὅτι
3363 2958 3543 3029 καιρῷ
3604 2958 3821 3026 τοιούτῳ

2259 3059 2327 3110 ἐκ
2349 3057 2533 3126 μέσων
2581 3055 2870 3125 ἐσώθησαν
2914 3052 3025 3107 τῶν
3051 3052 3314 3106 κινδύνων
3339 3050 3502 3114 αύτός
3529 3066 3589 3102 τε
3624 3051 3652 3102 ὁ
3678 3047 3826 3101 ’Λπό-

579 3150 704 3215 fuit,
734 3149 879 3220 quod
910 3149 1005 3205 tali
1027 3155 1271 3220 tempore
1298 3163 1330 3204 e
1360 3149 1554 3204 mediis
1579 3146 1838 3218 periculis
1868 3156 1980 3202 tum
2011 3145 2152 3218 Apo-

2259 3149 2470 3215 στολος,
2503 3149 2598 3203 καὶ
2626 3148 2695 3203 δι’
2734 3147 2900 3203 αὐτὸν
2934 3148 2986 3202 οἱ
3006 3145 3212 3200 λοιποίο
3246 3143 3385 3199 ὥστε
3413 3145 3474 3198 οὐ
3506 3143 3821 3213 διέψευσται.

579 3243 756 3298 stolus
783 3243 922 3314 ipse,
962 3253 1078 3297 tum
1107 3242 1200 3297 alii
1240 3249 1462 3313 propter
1492 3241 1670 3312 ipsum
1707 3239 1880 3310 erepti
1905 3239 2148 3296 fuerint:

579 3350 754 3406 quare
790 3337 1054 3405 deceptus
1095 3349 1203 3390 non
1234 3343 1337 3390 est.
1376 3354 1396 3386 ι
1433 3333 1496 3388 Et
1527 3347 1653 3389 ecce
1691 3332 1916 3388 donavit
1963 3331 2083 3387 tibi.
2123 3349 2144 3384 ι

579 3429 656 3485 Ex
693 3430 794 3484 hoc
824 3428 1033 3485 falsitas
1065 3437 1215 3498 patet
1238 3427 1509 3482 Homerici
1541 3427 1687 3482 illius
1717 3425 1850 3483 dicti
1879 3425 1992 3495 (41)
2029 3442 2046 3480 :

651 3522 855 3578 Fatum
903 3539 1022 3578 vero
1041 3523 1276 3577 arbitror
1303 3522 1560 3576 neminem
1585 3519 1858 3576 [caminum
1883 3519 2150 3591 eﬁ'ugiue,

651 3657 773 3715 Sive
806 3658 1010 3713 malum
1037 3656 1144 3713 sive
1176 3657 1389 3722 bonum,
1410 3665 1690 3728 postquam
1721 3657 1950 3797 primtltfm
1995 3664 2153 3740 natus

1917 3736 2071 3782 uertt.

1917 3736 2071 3782 κει-ιι.

581 3821 698 3878 Hoc
750 3829 856 3888 est,
905 3821 1255 3891 [inpossibile
1286 3829 1370 3876 est
1424 3819 1666 3892 eﬂugere
1715 3818 1912 3874 mortis
1956 3817 2156 3886 fatum,

581 3915 730 3984 quod
765 3915 818 3968 in
847 3915 964 3984 ipsa
995 3912 1353 3983 generatione
1373 3910 1612 3967 hominis
1639 3920 1870 3967 mortem
1889 3910 2155 3968 determi-

582 4015 698 4062 nat.
727 4007 864 4062 Ecce
915 4005 1084 4070 cuitu,
1121 4006 1238 4060 nisi
1282 4004 1336 4058 lii
1386 4005 1441 4060 in
1492 4003 1648 4059 Pauli
1679 4003 1910 4076 gratiam
1953 4003 2157 4060 servati

585 4098 840 4163 fuissent.
901 4113 1097 4154 omnes
1129 4098 1195 4153 ad
1254 4114 1420 4154 unum
1461 4099 1514 4152 in
1570 4097 1695 4152 navi
1740 4097 2032 4167 periissent
2062 4105 2160 4163 ;at

585 4193 728 4248 Deus
762 4193 904 4258 illos,
939 4200 997 4246 nt
1022 4191 1236 4261 justum
1273 4191 1589 4255 bonoraret,
1626 4189 1898 4246 liberavit.
1927 4189 2153 4252 Deinde,

583 4286 630 4340 si
677 4284 847 4339 fatum
881 4291 998 4340 erat
1043 4299 1232 4356 omnes
1267 4283 1472 4354 perire.
1504 4283 1668 4338 etiam
1698 4281 1871 4335 Paulo
1923 4295 2159 4351 pereun-

582 4379 712 4433 dum
754 4385 908 4443 erat;
940 4375 1016 4431 ait
1041 4376 1188 4433 enim
1226 4375 1514 4440 Homerus,
1546 4393 1565 4427 ι
1600 4389 1774 4444 neque
1805 4375 2034 4438 malum,
2058 4387 2159 4428 ne-

581 4487 691 4543 que
714 4471 918 4526 bonum
949 4485 964 4535 ;
1002 4489 1021 4522 ι
1056 4468 1347 4540 oportebat
1396 4468 1585 4540 igitur,
1621 4477 1680 4522 ut
1710 4474 1824 4520 tum
1869 4463 1998 4520 boni
2043 4474 2155 4520 tum

2261 3258 2284 3294 ι
2316 3243 2426 3296 Καὶ⁵
2449 3241 2558 3296 ἰδοὺ
2585 3239 2969 3311 κεχάρισται.»
3006 3236 3290 3292 Ἐντεῦθεν
3315 3236 3596 3290 δείκνυται
3647 3231 3822 3304 ψευδὲς

2253 3333 2318 3389 τὸ
2348 3335 2481 3406 παρ’
2524 3333 2750 3406 Ὁμήρῳ
2773 3332 3062 3404 είρημένον
3096 3346 3112 3362 ο

2252 3518 2480 3590 Μοῖραν
2513 3517 2567 3573 δ’
2595 3518 2668 3572 οὐ
2691 3516 2826 3572 τινά
2874 3533 3025 3588 φημι
3048 3511 3430 3586 πεφυγμένον
3463 3509 3709 3600 ἕμιςετιῃ
3732 3511 3819 3600 dr-

2257 3661 2340 3716 Οὐ
2373 3659 2564 3715 κακὸν
2591 3657 2736 3714 οὐδὲ
2759 3657 2876 3729 μὲν
2900 3656 3147 3721 ἐσθλὸν,
3183 3656 3343 3726 ἐπὴν
3371 3655 3444 3710 τὰ
3487 3582 3817 3797 γε·

3573 3741 3756 3792 rural.

3573 3741 3756 3792 νηται.

2323 3821 2614 3878 Τουτέστιν
2635 3865 2650 3890 ,
2689 3821 2980 3877 ’Δδύνατον
3009 3821 3269 3890 ἐκφυγεῖν
3304 3819 3408 3890 τὴν
3447 3817 3543 3872 τοῦ
3606 3817 3816 3870 Θανάτου

2258 3916 2624 3989 εἱμαρμένην,
2644 3914 2759 3984 ἅμα
2779 3916 2846 3984 τῇ
2869 3913 3120 3984 γεννήσει
3137 3911 3427 3984 δρίζουσαν
3439 3908 3534 3962 τοῦ
3551 3907 3809 3978 ἀνθρώπου

2256 4008 2354 4062 τὸν
2387 4007 2636 4062 θάνατον.
2663 4008 2794 4061 Ἰδοὺ
2811 4006 2942 4077 γὰρ,
2966 4007 3014 4060 εί
3038 4003 3113 4077 μὴ
3127 4005 3213 4058 διὰ
3243 4002 3456 4057 Παύλου
3481 3994 3816 4075 [temonem],

2261 4101 2462 4164 πάντες
2480 4097 2625 4171 εῐχον
2645 4104 2703 4153 ἐν
2724 4099 2801 4171 τῷ
2819 4101 2988 4172 πλοίῳ
3003 4097 3323 4158 ἀπολέσθαιο
3349 4095 3445 4150 τοῦ
3465 4093 3600 4149 Θεοῦ
3616 4092 3821 4153 τούτους

2269 4193 2596 4266 ῥυσαμένου,
2615 4194 2745 4263 τιμῇ
2759 4192 2853 4245 τοῦ
2873 4191 3105 4246 δικαίου.
3134 4191 3364 4246 Ἔπειτα
3381 4189 3440 4243 δέ
3460 4190 3507 4242 εί
3529 4185 3822 4258 εἱμαρμένη

2261 4280 2330 4356 ἦν
2350 4284 2412 4336 τὸ
2441 4282 2649 4343 πάντας
2675 4282 2996 4345 ἀπολέσθαι,
3022 4278 3169 4353 εἶχεν
3201 4281 3266 4336 ἂν
3293 4282 3389 4336 καὶ
3407 4283 3435 4334 ὁ
3466 4279 3683 4342 Παῦλος
3711 4280 3826 4332 ἀπο·

2256 4377 2443 4431 λέσθαι
2470 4384 2489 4408 ⁸
2529 4379 2664 4447 φησὶ
2693 4376 2796 4449 γάρ
2821 4393 2836 4407 ’
2870 4395 2888 4427 t
2914 4376 2990 4430 Οὐ
3029 4376 3220 4439 κακὸν,
3279 4373 3400 4428 ούδέ
3445 4374 3545 4445 μέν
3591 4372 3819 4426 ἐσθλόν.»

2264 4470 2414 4524 Ἔδει
2443 4469 2554 4542 γὰρ
2583 4470 2710 4534 τοὺς
2754 4469 2952 4534 καλοὺς
2978 4470 3074 4522 καὶ
3099 4469 3226 4534 τοὺς
3249 4470 3476 4532 κακοὺς,
3507 4469 3566 4520 ἐν
3618 4467 3703 4520 ἐνὶ
3744 4481 3826 4519 πε-

585 4560 714 4617 mali
747 4560 1026 4616 communi
1056 4574 1212 4626 casn,
1237 4561 1330 4630 qui
1357 4557 1635 4612 indubiam
1665 4563 1893 4611 mortem
1927 4553 2152 4622 ferebat,

2263 4562 2452 4623 σόντας
2521 4561 2774 4630 πτώματι
2837 4557 3208 4629 ἀναμφίδο).ον
3297 4557 3521 4626 φέροντι
3583 4555 3822 4615 θάνατον,

583 4655 994 4710 occumberent.
1042 4655 1114 4707 At
1160 4653 1498 4708 contrarium
1569 4657 1792 4720 apparet
1832 4666 1845 4702 :
1881 4649 2151 4720 siquidem

581 4749 766 4817 justus
801 4754 1054 4802 servatus
1097 4752 1244 4799 esset
1297 4744 1368 4797 ab
1404 4741 1820 4798 evidentissimo
1885 4740 2154 4811 periculo,

588 4839 807 4894 tametsi
842 4853 1055 4903 omnes,
1086 4837 1178 4906 qui
1205 4850 1332 4890 cum
1355 4836 1473 4905 ipso
1503 4842 1680 4898 erant,
1716 4833 2027 4904 periisseut.
2062 4831 2156 4888 Sic

586 4930 731 4985 enim
765 4927 910 4985 Deus
932 4927 1287 4996 decreverat;
1321 4927 1397 4980 ait
1430 4924 1577 4981 enim
1611 4941 1625 4977 :
1679 4941 1698 4976 ι
1751 4921 1892 4978 Ecce
1930 4922 2157 4977 donavit

2265 4651 2578 4707 ἀποθανεῖν.
2631 4651 2791 4705 Ἀλλὰ
2828 4651 3142 4706 τούναντίον
3201 4650 3476 4704 δείκνυται
3504 4647 3601 4704 νῦν
3626 4667 3642 4681 ο
3697 4650 3772 4702 ὅτι
3803 4648 3828 4699 ὁ

2261 4744 2468 4809 δίκαιος
2498 4743 2735 4809 ἐσώζετο
2778 4745 2838 4811 ἐξ
2871 4743 3308 4814 ὁμολογουμένου
3337 4740 3606 4809 κινδύνου,
3633 4740 3727 4794 καί
3757 4755 3827 4792 τοι

2262 4835 2481 4889 πάντων
2521 4835 2631 4888 τῶν
2670 4835 2768 4888 σὺν
2789 4835 2937 4904 αὐτῷ
2963 4833 3416 4904 ἀποθνησκόντων
3433 4848 3450 4864 ο
3477 4831 3619 4886 οὕτω
3639 4831 3745 4903 γὰρ
3770 4825 3830 4899 ἧν

2260 4925 2338 4997 τῷ
2368 4925 2487 4996 Θεῷ
2516 4925 2694 4992 δόξαν.
2733 4926 2873 4997 Φησὶ
2909 4927 3044 4995 γάρ’
3079 4943 3098 4977 ι
3135 4924 3266 4978 Ἰδοὺ
3323 4924 3650 4996 κεχάρισταί
3709 4921 3832 4975 σοιὸ

1764 5061 1965 5124 Variae
1990 5062 2296 5130 lectiones
2341 5076 2402 5130 et
2444 5074 2639 5131 notae.

658 5187 769 5257 (ιθ)
792 5185 968 5241 Lonus
995 5185 1097 5240 iste
1124 5185 1350 5257 mutilus
1383 5191 1436 5238 et
1468 5194 1762 5252 corruptus
1795 5182 1882 5257 ita
1908 5184 2150 5257 sarcien-

589 5262 716 5320 «lus.
751 5255 804 5313 et
827 5257 1182 5326 corrigendos
1204 5272 1272 5312 ex
1296 5255 1691 5326 Cltrysostumo
1722 5271 1739 5326 ς
1802 5255 1945 5326 Πῶς,
1991 5255 2146 5322 φησι,

588 5330 679 5396 Ec:
691 5345 781 5399 ρον
814 5324 996 5381 ἄσιτοι
1017 5326 1170 5399 ὄντες
1195 5328 1292 5381 καὶ
1319 5324 1542 5399 μηδενὸς
1581 5324 2012 5399 μεταλαβὸμενοι
2039 5341 2054 5390 ;
2083 5325 2144 5380 '0

590 5393 754 5466 ςῦὄος
778 5401 1028 5466 κατεῖχεν
1051 5397 1268 5460 αὐτοὺς,
1294 5393 1396 5449 οὒκ
1432 5395 1515 5447 εία
1572 5393 1654 5466 είς
1690 5393 1985 5464 ἐπιθυμίαν
2028 5411 2151 5466 τρο.

589 5465 695 5539 φῆς
728 5465 1009 5539 ἐμπεσεῖν.
1041 5467 1332 5539 μέλλοντας
1358 5465 1771 5539 ύπέρῌέσχὰτιιζν
1799 5465 2146 5539 κινδυνεύειν,

598 5535 672 5591 Τὸ
702 5535 802 5606 μέν
829 5536 921 5592 οὖν
959 5537 1268 5606 γενόμενον,
1289 5537 1409 5606 date,
1440 5535 1531 5588 τοῦ
1560 5535 1752 5604 καιροῦ
1793 5537 2012 5603 ἐγένετο
2037 5551 2058 5606 f
2092 5536 2153 5588 τὸ

588 5611 643 5664 δὲ
672 5604 855 5678 θαῦμα
887 5604 1096 5675 μεῖζον,
1120 5624 1173 5660 κ.
1202 5625 1253 5659 τ.
1285 5608 1333 5661 λ.
1365 5605 1433 5660 Et
1461 5607 1748 5678 quomodo,
1782 5604 2157 5678 inquies-Jen-

592 5682 719 5733 bant
740 5675 933 5750 jejuni,
982 5695 1099 5732 cum
1136 5678 1366 5750 nultum_
1403 5676 1574 5750 cibum
1629 5687 1891 5750 sumerent
1915 5677 1946 5750 εί
1977 5675 2158 5750 Timor

594 5747 801 5804 tenebat
828 5750 968 5815 illus,
1003 5765 1096 5802 nec
1121 5747 1322 5801 sinebat
1352 5748 1403 5800 in
1437 5747 1537 5801 cibi
1589 5747 1875 5816 appetitum
1931 5747 2159 5801 incidere

591 5825 654 5877 de
685 5822 928 5876 carentis
971 5817 1384 5889 periclitaturos.
1409 5817 1577 5889 Igitur
1615 5817 1752 5888 quod
1775 5819 1972 5887 factum
1996 5828 2097 5887 est,
2128 5833 2160 5870 α

2256 5198 2485 5256 tempore
2509 5188 2631 5260 fuit.
2669 5187 2851 5260 Hujus
2883 5199 3060 5244 autent
3091 5188 3442 5260 miraculum,
3507 5185 3819 5260 etc.”Ca:ete-

2259 5275 2381 5314 rum
2406 5256 2588 5315 textus
2607 5261 2711 5315 iste
2731 5256 2838 5316 n'on
2856 5271 3031 5316 exstat
3057 5261 3109 5315 in
3128 5260 3375 5316 editione
3398 5256 3675 5326 Hentenii,
3693 5257 3829 5310 sicut

2258 5338 2314 5385 et
2357 5329 2592 5402 maxima
2619 5346 2747 5402 pars
2787 5331 2889 5385 loci
2920 5335 3226 5402 sequentis.

2329 5400 2440 5469 (tt)
2493 5393 2642 5454 Iliad'.
2667 5401 2757 5465 Vl,
2788 5417 2841 5455 ν.
2876 5393 3065 5457 488ἐι
3092 5402 3218 5457 489.
3271 5397 3504 5454 Exstant
3530 5398 3692 5454 etiam
3748 5393 3831 5446 hic

2261 5487 2456 5526 versus
2482 5471 2626 5541 apud
2658 5471 2935 5526 Stobaeutn
2961 5473 3012 5526 in
3037 5471 3310 5541 excerptis
3339 5470 3414 5524 De
3441 5485 3620 5541 rerum
3646 5476 3830 5519 initura

2264 5542 2351 5598 tit.
2383 5541 2477 5604 IX,
2511 5539 2650 5610 quos
2708 5544 2782 5596 ita
2819 5542 3000 5598 reddit
3037 5539 3238 5597 ibidem
3271 5540 3425 5611 llugo
3469 5539 3693 5595 Grotius
3721 5551 3830 5590 ser-

2265 5620 2388 5667 vata
2425 5617 2636 5668 ratione
2670 5614 2932 5668 carminis
2969 5631 2984 5667 :

2374 5701 2544 5760 Nemo
2591 5723 2778 5761 nocens
2799 5715 2849 5760 et
2877 5723 3024 5761 nemo
3056 5704 3221 5760 bonus
3256 5704 3352 5759 Im:
3393 5706 3445 5757 in
3477 5701 3688 5761 lautitiis
3718 5710 3831 5755 orat

2376 5775 2565 5831 Editus
2583 5777 2769 5833 evades
2797 5776 2898 5848 fati
2931 5776 3068 5850 quod
3101 5778 3206 5848 lege
3238 5786 3479 5847 paratur.
