4090 6304
383 376 516 446 Ῑσῦἳ

968 378 1507 444 EXPOSITIONIS
1545 380 1629 442 IN
1668 378 1854 439 ACTA
1885 378 2188 443 TEXTUS
2214 380 2558 444 ALTER.-'
2598 381 2756 442 CAP.
2799 381 3076 444 XXVIII.

3477 382 3620 450 1058

379 495 441 548 οὐ
481 495 556 565 μὴ
594 492 813 564 συνῆτεο
856 492 949 546 καὶ
998 493 1286 564 βλέποντες
1325 492 1573 565 βλέψετε,
1609 490 1709 545 καὶ
1758 493 1819 544 οὐ
1869 492 1944 563 μὴ

2047 495 2300 560 audiant,
2346 504 2401 548 et
2432 494 2601 550 corde
2658 495 2989 567 intelligant,
3020 504 3076 550 et
3110 501 3509 551 convertantur
3568 510 3623 553 et

381 585 549 656 ἰδητε.
598 584 907 656 Ἐπαχύνθη
957 586 1065 657 γὰρ
1113 588 1150 657 ὴ
1199 585 1397 658 καρδία
1424 584 1522 638 τοῦ
1551 583 1683 639 λαοῦ
1727 584 1944 646 τούτου.

379 679 475 731 καὶ
518 680 633 740 τοῖς
668 676 804 731 ὠσὶν
850 676 1031 732 αὐτῶν
1068 676 1279 749 βαρέως
1328 678 1605 749 ἥκουσαν,
1668 677 1765 730 καὶ
1818 678 1947 739 τοὺς

377 767 694 839 ὀφθαλμοὺς
735 768 915 823 αὐτῶν
960 768 1293 839 ἐκάμμυσαν
1318 784 1335 801 ο
1384 769 1593 839 μήποτε
1637 765 1786 820 ῑδωσι
1834 768 1948 828 τοῖς

377 861 702 931 ὀφθαλμοῖς,
734 862 830 916 καὶ
862 863 976 926 τοῖς
1002 861 1137 916 ὠσὶν
1188 859 1488 924 ἀκούσωσι,
1518 859 1615 913 καὶ
1647 861 1715 930 τῇ
1751 859 1951 930 καρδίᾳ

378 954 602 1009 συνιῶσι
651 952 818 1026 lonlg.
855 952 1098 1028 συνῶσι],
1133 955 1230 1007 καὶ
1281 952 1688 1025 ὲπιστρέψωσι,
1722 952 1817 1004 καὶ
1870 952 1953 1004 ἰάσι

378 1063 559 1118 σωμαι
583 1048 799 1112 αὐτούς.
823 1066 842 1100 t
867 1047 1108 1101 Γνωστὸν
1132 1046 1374 1101 οὖνέστω
1400 1048 1545 1116 ὑμῖν,
1570 1049 1651 1102 ὅτι
1671 1048 1783 1107 τοῖς
1803 1044 1954 1099 ἔθνε-

380 1154 467 1189 σιν
523 1138 807 1208 ἀπεστάλη
858 1137 918 1192 τὸ
959 1138 1241 1209 Σωτηριον
1282 1138 1379 1191 τοῦ
1428 1138 1566 1193 Θεοῦ
1591 1155 1609 1172 ο
1660 1138 1819 1193 αὐτοὶ
1855 1137 1952 1191 καὶ

376 1226 723 1283 ἀκούσονται.
756 1230 868 1284 Καὶ
904 1228 1080 1283 ταῦτα
1110 1228 1278 1283 αὑτοῦ
1314 1229 1583 1296 εἰπόντος,
1622 1226 1868 1299 ἀπῆλθον
1895 1227 1946 1280 οἰ

2048 597 2236 639 sanent
2273 598 2424 639 eos.»
2450 581 2648 639 Notum
2677 599 2809 655 engo
2845 586 2918 640 sit
2948 584 3127 651 vobis,
3151 587 3411 654 quoniam
3445 590 3622 655 genti-

2049 676 2153 730 bus
2190 676 2418 730 missum
2449 684 2530 729 est
2568 675 2668 731 ltoc
2702 675 2956 731 Salutate
2989 675 3104 741 Dci,
3140 688 3194 731 et
3237 678 3339 747 ipsi
3378 679 3619 733 audient.

2052 764 2258 820 Etcum
2281 766 2396 820 haec
2421 766 2676 831 dixisset,
2709 768 2965 822 exierunt
2986 767 3054 821 ab
3079 782 3145 822 eo
3170 767 3366 833 Judaei,
3397 771 3619 823 multam

2050 857 2318 912 habentes
2348 858 2491 912 inter
2527 872 2588 912 se
2624 858 3009 928 quaestionem.
3034 858 3231 914 Mansit
3259 869 3439 916 autent
3473 862 3625 915 bii-n-

2054 951 2148 1004 nio
2185 957 2303 1003 toto
2341 950 2394 1003 in
2427 963 2529 1003 suo
2563 949 2881 1004 conducto:
2942 958 2996 1004 et
3045 950 3383 1019 suscipiebat
3433 967 3623 1005 omnes

2050 1044 2146 1115 qui
2208 1042 2653 1113 ingrediebantur
2705 1044 2773 1098 ad
2828 1058 2974 1110 eum,
3035 1044 3336 1113 praedicans
3393 1060 3619 1116 regnum

2050 1135 2168 1198 Dei,
2196 1144 2253 1191 et
2290 1138 2493 1190 docens
2534 1150 2656 1206 qua:
2698 1145 2828 1191 sunt
2861 1137 2928 1191 de
2961 1136 3191 1192 Omnino
3224 1136 3352 1193 Jesu
3404 1137 3622 1194 Cltrislu

2042 1241 2169 1281 cum
2192 1226 2339 1281 omni
2362 1226 2578 1292 ﬁducia,
2602 1227 2721 1283 sine
2754 1228 3140 1297 prohibitione.

388 1323 655 1388 Ἰουδαῖοι,
695 1321 899 1393 πολλὴν
952 1322 1169 1393 ἔχοντες
1231 1324 1288 1376 ὲν
1347 1324 1562 1387 ἑαυτοῖς
1616 1322 1936 1395 συξητησιν.
1980 1320 2207 1390 Ἔμεινε
2247 1319 2307 1373 δὲ
2351 1320 2379 1372 ὁ
2413 1318 2630 1383 Παῦλος
2689 1320 2809 1373 ὲκεί
2835 1320 3038 1373 διετίαν
3070 1319 3200 1390 ὃλην
3275 1321 3332 1373 ὲν
3380 1319 3494 1393 ἰδίῳ
3531 1339 3624 1391 μι-

379 1411 649 1483 σθώματι.
715 1412 828 1467 Καὶ
898 1412 1197 1485 ἀπεδέχετο
1256 1416 1465 1477 πάντας
1521 1414 1649 1478 τοὺς
1685 1414 2177 1483 εἰσπορευομένους
2199 1412 2335 1481 πρὸς
2366 1410 2553 1477 αὐτὸν,
2586 1411 2879 1483 κηρύσσων
2907 1412 3004 1482 τὴν
3030 1411 3307 1481 βασιλείαν
3328 1411 3423 1467 τοῦ
3461 1413 3623 1481 Θεοῦ,

376 1508 471 1560 καὶ
507 1505 776 1560 διδάσκων
830 1503 902 1559 τὰ
955 1507 1088 1577 περὶ
1113 1503 1207 1559 τοῦ
1260 1505 1468 1575 Κυρίου
1507 1503 1685 1577 Ἰησοῦ
1711 1503 1950 1574 Χριστοῦ
1990 1503 2131 1575 μετὰ
2150 1501 2331 1571 πάσης
2366 1503 2683 1573 παρρησίας
2708 1502 3022 1565 ἀκωλύτως.

966 1593 1354 1651 ΕΡΜΗΝΕΙΔ.

458 1688 521 1743 ⁸0
543 1687 682 1759 ἔχις,
705 1690 775 1760 τῇ
795 1687 891 1741 τοῦ
928 1688 1250 1743 ’Δποστόλου
1274 1689 1421 1760 χειρὶ
1447 1688 1577 1753 τοὺς
1601 1687 1819 1753 ὀδόντας
1842 1691 1950 1757 εμ-

377 1778 579 1846 ΰαλὼν,
613 1781 707 1834 καὶ
722 1762 820 1851 τῆς
839 1780 1115 1852 ἁμαρτίας
1138 1779 1199 1834 τὸ
1224 1780 1420 1852 χαῦνον
1453 1781 1554 1851 οὐχ
1613 1781 1812 1853 εὑρὼν,
1843 1783 1952 1835 ἀπ·

377 1871 618 1944 επήδησε
660 1871 998 1944 παραυτίκα,
1044 1872 1138 1925 καλ.
1191 1872 1333 1927 κατὰ
1380 1873 1481 1945 τῆς
1514 1874 1690 1946 πυρᾶς
1739 1873 1907 1945 ἥλατο
1928 1912 1945 1937 ,

378 1962 568 2035 ὥσπερ
596 1961 749 2027 δίκας
782 1963 965 2034 ἐαυτῷ
1001 1962 1487 2034 εἰσπραττόμενος,
1519 1964 1604 2017 ὃτι
1662 1963 1741 2035 τῷ
1773 1963 1947 2034 μηδα-

382 2056 546 2124 μόθεν
586 2057 923 2125 προσήκοντι
952 2055 1256 2127 προσέϐαλε
1292 2059 1526 2127 σώματι.
1570 2057 1764 2128 Ἡμεῖς
1790 2057 1847 2111 δὲ
1880 2056 1951 2111 τὰ

378 2148 544 2220 θηρία
572 2148 913 2219 δεδοίκαμεν,
948 2148 1136 2219 ἐπειδὴ
1171 2149 1273 2218 τῆς
1292 2150 1495 2221 ἀρετῆς
1517 2150 1618 2221 τὴν
1653 2148 1950 2203 πανοπλίαν

376 2240 478 2292 οὐκ
513 2237 728 2309 ἔχομεν.
779 2237 1003 2301 ’ἰδόντες
1054 2235 1149 2292 οὖν
1182 2238 1344 2292 τοῦτο
1395 2240 1445 2293 οἰ
1489 2238 1802 2310 Βάρϐαροι,
1855 2238 1951 2292 καὶ

378 2329 691 2398 ἐκφυγόντα
718 2326 811 2381 τὸν
831 2329 1203 2398 ἀναμφίὸολον
1231 2328 1483 2395 θάνατον,
1510 2329 1631 2383 θεὸν
1656 2329 1818 2383 αὑτὸν
1843 2329 1951 2383 ἑνό-

383 2437 549 2491 μισαν
581 2416 747 2487 εἶναι,
778 2419 855 2482 ὡς
894 2418 1017 2483 ἔθος
1065 2421 1301 2491 ἔχοντες,
1335 2423 1516 2476 πάντα
1554 2422 1648 2475 τὸν
1692 2420 1950 2475 ποιοῦντά

380 2523 432 2564 τι
452 2511 772 2584 παράδοξον,
803 2510 925 2566 θεὸν
955 2513 1219 2583 νομίζειν,
1248 2515 1282 2584 ἢ
1318 2513 1386 2568 δι’
1426 2514 1582 2584 ἰσχὺν
1611 2499 1870 2584 περισσόν
1895 2530 1949 2566 τι

380 2603 490 2657 τῶν
533 2603 655 2657 καθ’
688 2604 911 2667 ἑαυτοὺς
943 2604 1221 2671 ποιοῦντα,
1263 2600 1373 2669 οἷος
1405 2599 1473 2674 ἢν
1504 2606 1531 2658 ό
1575 2602 1873 2674 Ἡρακλῆς·
1912 2602 1947 2674 ἢ

380 2696 468 2750 διὰ
503 2697 739 2766 μαγείας
772 2696 1119 2762 ὲξιστάνοντα
1138 2698 1268 2761 τοὺς
1297 2698 1566 2768 δρῶντας.
1592 2692 1707 2760 οἷος
1729 2690 1796 2767 ἦν
1830 2697 1861 2749 ὁ
1891 2696 1950 2750 ὲν

384 2788 669 2859 Σαμαρείᾳ
698 2787 905 2859 Σίμων.
935 2788 1098 2851 Ἐθος
1131 2784 1201 2860 ἦν
1226 2805 1366 2853 πως,
1419 2789 1476 2841 ὲν
1528 2790 1650 2850 ταῖς
1695 2786 1951 2851 Ἀλεξαν-

382 2878 555 2949 δρέων
585 2880 823 2951 μάλιστα
840 2882 1020 2946 ναυσί,
1051 2882 1189 2950 πρός
1221 2897 1284 2949 γε
1314 2882 1382 2951 τῇ
1407 2878 1622 2950 πρώρᾳ,
1648 2877 1775 2950 [εἰς]
1800 2878 1951 2943 δεξιὰ

389 2972 486 3024 καὶ
518 2973 599 3035 εἰς
629 2972 905 3041 εὐώνυμα,
931 2974 1145 3042 γραφὰς
1170 2967 1311 3025 εἶναι
1340 2971 1615 3033 τοιαύτας.
1637 2971 1857 3039 Ἐπειδὴ
1891 2970 1949 3024 δὲ

383 3060 452 3136 ἦν
501 3066 673 3134 εἰκὸς,
723 3066 1167 3137 εἰδωλολατρείας
1213 3064 1522 3138 κρατούσης
1565 3063 1683 3119 κατ’
1733 3064 1948 3117 ἐκείνου

386 3157 603 3227 καιροῦ,
644 3158 958 3229 γεγράφθαι
994 3160 1060 3229 τῇ
1095 3156 1186 3229 νηῒ
1210 3159 1338 3222 τοὺς
1378 3156 1724 3227 Διοσκόρους,
1763 3155 1856 3209 καὶ
1884 3156 1949 3209 ἐκ

385 3248 574 3303 τούτου
610 3251 753 3304 νοεῖν
782 3248 1099 3315 ἀκόλουθον,
1128 3247 1448 3318 ἀλλόφυλον,
1478 3246 1759 3301 τουτέστιν
1793 3245 1949 3299 εἰδω-

2538 1578 3110 1649 COMMENTARIUS.

2118 1686 2317 1757 Vipera
2344 1700 2470 1742 cum
2500 1687 2745 1757 Apostoli
2798 1687 2982 1742 iisanui
3013 1687 3203 1742 dentes
3237 1688 3541 1757 iniecisset,
3564 1699 3624 1745 et

2046 1777 2257 1845 peccati
2280 1791 2391 1832 non
2419 1779 2715 1848 reperisset
2745 1777 3053 1845 mollitiem,
3085 1778 3267 1835 statim
3297 1782 3512 1841 rcsiliit,
3553 1789 3623 1835 ae’

2043 1866 2214 1923 veluti
2245 1868 2295 1924 si
2317 1884 2348 1922 a
2376 1884 2437 1925 se
2464 1870 2580 1941 ipsa
2608 1883 2826 1940 pinnam
2875 1870 3133 1940 exigeret,
3169 1886 3236 1926 eo
3271 1871 3415 1942 quod
3458 1871 3625 1945 316

2046 1975 2251 2032 corpus
2272 1961 2585 2018 nullatenus
2619 1962 2726 2018 sibi
2757 1961 3092 2017 conveniens
3116 1962 3464 2031 impetiisset,
3500 1980 3624 2020 sese

2052 2050 2109 2106 in
2166 2052 2346 2121 ignem
2381 2051 2763 2122 pracipitavit.
2821 2050 2932 2108 Nos
2966 2068 3096 2107 Vero
3160 2053 3305 2109 feras
3342 2057 3622 2121 timemus,

2049 2143 2199 2213 quod
2221 2158 2331 2198 non
2378 2145 2646 2214 integram
2680 2143 2903 2200 virtutis
2934 2154 3265 2199 armaturam
3301 2145 3621 2217 habeamus.

2048 2234 2318 2290 Ceterum
2350 2232 2578 2290 Barbari
2620 2234 2871 2291 videntes
2900 2236 3044 2306 quod
3079 2236 3277 2292 Paulus
3309 2237 3622 2306 indubiam,

2050 2336 2111 2379 ut
2166 2325 2388 2396 quidem
2445 2326 2751 2395 putabant,
2803 2335 3035 2383 mortem
3088 2330 3377 2394 evasisset,
3438 2333 3624 2402 ipsum

2049 2417 2213 2473 deum
2255 2432 2377 2474 esse
2403 2416 2507 2474 sibi
2534 2427 2948 2487 persuaserunt,
2985 2420 3130 2475 velut
3161 2419 3197 2474 ii
3261 2422 3355 2491 qui
3392 2423 3450 2478 in
3484 2439 3616 2479 con.

2048 2506 2339 2564 suetudine
2368 2507 2669 2573 habebant,
2692 2518 2752 2564 ut
2773 2511 3091 2582 quicunque
3124 2513 3331 2584 aliquid
3362 2516 3621 2585 opinione

2050 2599 2229 2671 majus
2270 2598 2585 2663 eﬂecisset,
2628 2615 2824 2672 nempe
2851 2602 2938 2657 vel
2992 2603 3189 2659 robore
3232 2614 3457 2663 cancros
3507 2624 3623 2664 suae

2050 2690 2385 2747 conditionis
2423 2691 2679 2747 homines
2728 2703 3068 2763 superasset,
3108 2704 3169 2751 ut
3199 2694 3460 2753 Hercules
3484 2739 3500 2767 ,
3538 2700 3620 2755 vel

2051 2781 2242 2850 magia:
2263 2794 2365 2850 ope
2385 2789 2720 2851 spectatores
2740 2783 2794 2837 in
2809 2783 3220 2841 admirationem
3241 2791 3531 2857 rapuisset,
3562 2799 3621 2845 ut

2050 2875 2103 2928 in
2136 2871 2381 2927 Samaria
2414 2872 2627 2939 Simon,
2660 2890 2785 2929 eum
2827 2890 2924 2945 pro
2956 2876 3059 2932 deo
3093 2876 3374 2935 baberent.
3408 2899 3427 2932 ι
3470 2880 3611 2937 lusi-

2049 2980 2154 3035 gne
2178 2966 2488 3023 Castorum.
2523 2984 2543 3018 ι
2579 2965 2696 3022 Mos
2726 2975 2845 3023 erat
2894 2969 3193 3037 praesertim
3239 2970 3620 3029 Alexandrinis

2052 3056 2108 3109 in
2141 3056 2373 3111 navibus
2404 3057 2472 3112 ad
2498 3058 2780 3113 dexteram
2804 3066 2860 3112 et
2893 3060 3174 3115 sinistram
3212 3076 3388 3131 prora:
3424 3064 3619 3132 lmjns-

2050 3146 2196 3200 modi
2220 3148 2463 3215 picturas
2483 3145 2706 3205 habere.
2734 3148 3005 3215 Quoniam
3037 3166 3166 3206 vero
3192 3163 3618 3210 comentaneum

2052 3246 2173 3293 erat
2205 3238 2532 3295 idololatria:
2572 3249 2704 3295 tunc
2750 3242 2940 3307 viginti
2973 3242 3028 3298 in
3057 3245 3291 3302 navibus
3344 3246 3631 3306 Dinscoris

384 3338 653 3409 λολάτρην
677 3379 694 3406 ,
749 3335 914 3411 [εἶναι
989 3337 1342 3411 ναύκληρον],
1406 3337 1544 3409 Περὶ
1600 3335 1794 3390 τούτου
1851 3334 1946 3391 καὶ

2051 3346 2146 3388 seu
2172 3331 2453 3391 Castorem
2483 3341 2539 3388 et
2568 3333 2842 3390 Pollucem
2878 3334 3198 3417 depingere,
3230 3338 3359 3395 binc
3384 3356 3617 3409 pronum

393 3428 623 3492 Ἡσαΐας
657 3427 785 3499 ἔφη·
847 3446 866 3480 ι
897 3428 1334 3499 Πετασθήσονται
1374 3428 1433 3479 ὲν
1470 3425 1675 3487 πλοίοις
1716 3422 1947 3493 ἀλλοφύ-

384 3520 512 3587 λων,
546 3520 819 3575 θάλασσαν
849 3520 969 3591 ἅμα
1000 3520 1456 3592 προνομεύσουσι.
1492 3537 1512 3573 ι
1550 3519 1765 3581 Τόπους
1792 3515 1949 3581 τινὰς

386 3614 813 3683 ἐπισημαίνεται
853 3613 960 3680 πρὸ
1001 3613 1104 3683 τῆς
1160 3612 1418 3684 Ῥώμης·
1459 3611 1551 3665 τὸν
1608 3609 1709 3682 μὶν
1761 3606 1949 3663 εἰκόνα

382 3706 504 3761 τινὰ
550 3706 787 3761 ’Δππίου
832 3704 1046 3777 ἔχοντα,
1079 3704 1155 3770 ὡς
1192 3705 1362 3772 εἰκὸς,
1388 3704 1486 3759 καὶ
1536 3702 1701 3775 φόρον
1736 3700 1947 3756 ἐκείνου

387 3797 731 3868 καλουμένην
773 3796 841 3870 [ι’.
896 3794 1278 3869 καλούμενον],
1307 3794 1385 3859 ὡς
1414 3794 1580 3866 μέχρι
1610 3791 1705 3847 νῦν
1747 3792 1805 3846 αἰ
1834 3789 1947 3844 τῶν

383 3887 647 3960 βασιλέων
672 3889 901 3955 εἰκόνες,
933 3885 1087 3959 παρά
1131 3884 1446 3958 Ῥωμαίοις,
1474 3886 1629 3956 φόροι
1670 3898 1950 3954 προσαγο-

382 3979 634 4048 ρεύονται
657 3994 672 4011 ⁵
704 3978 774 4035 τὰ
804 3979 861 4033 δὲ
883 3980 993 4033 τῶν
1017 3976 1330 4047 Ταὸερνῶν,
1359 3976 1691 4048 πανδοχείων
1722 3973 1887 4030 τινῶν
1908 3971 1945 4043 ἢ

383 4069 695 4140 καπηλείων
728 4070 926 4143 χρῆσιν
963 4072 1319 4136 αἰνίσσονται,
1348 4072 1416 4141 τῇ
1461 4067 1750 4140 Ῥωμαίων
1788 4068 1943 4137 φωνῇ

381 4157 555 4223 οῦτως
587 4159 983 4231 ὀνομαζόμενα.

452 4330 621 4398 Εἰδὼς
649 4336 677 4388 ὁ
708 4334 938 4401 Παῦλος,
984 4334 1067 4389 ὅτι
1117 4338 1319 4390 ἄτοπον
1349 4332 1417 4409 ἦν
1443 4336 1580 4402 ὅλως
1619 4336 1679 4390 τὸ
1716 4336 1946 4391 δικάσα-

381 4424 528 4489 σθαι,
561 4425 657 4478 καὶ
692 4424 924 4488 μάλιστα
964 4425 1115 4497 παρὰ
1156 4426 1392 4499 ἀπίστῳ,
1433 4427 1573 4481 ὥστε
1618 4425 1695 4499 μὴ
1738 4428 1946 4500 προλη-

378 4514 579 4587 φθῆναι
639 4516 737 4577 τὰς
794 4514 986 4582 ἀκοὰς,
1028 4517 1168 4587 περὶ,
1201 4517 1530 4589 ἀμφοτέρων
1573 4517 1941 4587 ἀπολογεῖται.

2047 3433 2135 3480 est
2178 3425 2437 3495 colligere
2476 3425 2840 3497 alienigenam
2877 3416 2997 3482 'seu
3057 3428 3399 3486 idololatram
3454 3431 3629 3488 fuisse

2048 3514 2386 3570 nauclerum.
2416 3515 2534 3582 Qua
2561 3516 2631 3573 de
2660 3530 2718 3572 re
2741 3518 2816 3573 ait
2838 3516 3043 3575 Isaias:
3079 3537 3099 3572 ι
3124 3517 3392 3577 Volabant
3417 3521 3472 3577 in
3495 3522 3620 3578 navi

2047 3604 2374 3676 alienigena,
2403 3620 2556 3663 mare
2587 3608 2751 3664 simul
2785 3608 3262 3681 depOpulabuntur
3281 3611 3352 3667 “.
3376 3629 3397 3664 ι
3455 3632 3477 3667 ι
3505 3612 3629 3684 Ap‘

2045 3697 2120 3769 pii
2143 3696 2345 3764 forum,
2361 3706 2413 3753 et
2429 3700 2564 3755 Tres
2584 3698 2846 3757 Tabernas
2867 3720 2889 3754 ι
2908 3713 3064 3760 erant
3084 3705 3199 3762 loca
3222 3707 3467 3778 quaedam
3495 3716 3620 3765 ante

2049 3790 2353 3862 ingressum
2375 3790 2579 3847 Roman
2610 3791 2829 3851 Primus
2852 3796 3098 3867 quidem,
3127 3801 3273 3870 quod
3300 3801 3355 3857 in
3384 3817 3450 3857 eo
3468 3813 3625 3860 esset

2046 3891 2232 3939 statua
2269 3884 2453 3954 Appii,
2484 3884 2661 3954 forum
2697 3888 2857 3957 Appii
2889 3890 3184 3947 vocabatur
3216 3908 3232 3948 :
3263 3893 3619 3963 quemadmo-

2045 3974 2177 4030 dum
2214 3974 2378 4029 etiam
2405 3990 2551 4031 nunc
2582 3975 2721 4042 loca,
2751 3978 2845 4032 ubi
2896 3978 3284 4050 imperatorum
3318 3992 3513 4041 statuae
3536 3985 3617 4041 lo-

2045 4072 2183 4121 cata:
2205 4075 2355 4129 sunt,
2387 4065 2511 4135 [ora
2540 4082 2571 4121 a
2601 4065 2867 4126 Romanis
2929 4072 3295 4143 appellantur.
3349 4072 3615 4133 Tabernas

2048 4162 2232 4209 autem
2269 4154 2387 4209 loca
2431 4166 2586 4211 erant
2626 4156 3051 4215 diversoriorum
3102 4170 3156 4218 et
3187 4177 3556 4233 cauponarum
3593 4181 3618 4231 ς

2045 4242 2128 4297 sic
2150 4244 2296 4299 enim
2317 4243 2430 4300 haec
2452 4243 2697 4300 Romana
2725 4245 2905 4319 lingua
2942 4260 3226 4306 vocantur.

2121 4352 2140 4386 ι
2176 4333 2310 4404 Ego,
2362 4335 2464 4388 viri
2505 4334 2727 4395 fratres.
2767 4355 2788 4387 ι
2821 4336 3012 4394 Sciens
3044 4338 3266 4408 Paulus,
3312 4340 3613 4400 absurdum

2044 4440 2167 4482 esse
2197 4425 2404 4497 judicio
2425 4429 2747 4497 (praesertim
2791 4429 2933 4499 apud
2964 4430 3232 4505 inﬁdeles)
3258 4432 3619 4500 contendere,

2043 4531 2114 4571 ne
2139 4514 2454 4572 Judaaorutn
2483 4533 2645 4574 aures
2673 4530 3065 4592 praeoccupata
3091 4533 3281 4578 contra
3309 4524 3488 4594 ipsum
3520 4539 3617 4579 ese

384 4624 403 4658 ι
453 4608 553 4660 Διὰ
603 4605 810 4677 ταύτην
863 4605 993 4678 γὰρ,
1046 4607 1220 4678 φησὶ,
1260 4607 1360 4680 τὴν
1401 4607 1584 4664 αἰτίαν
1642 4608 1943 4679 ἐϐουλόμην

2046 4616 2189 4672 sent,
2219 4620 2342 4662 sese
2371 4606 2441 4662 de
2474 4616 2707 4677 utraque
2734 4609 2837 4666 liae
2893 4625 2951 4665 re
3001 4627 3234 4682 purgare
3271 4613 3615 4684 aggreditur.

378 4699 520 4768 ὑμᾶς
556 4698 705 4760 ἰδεῖν,
750 4718 769 4752 ι
802 4696 945 4753 ὥστε
978 4700 1057 4771 μὴ
1082 4699 1283 4765 ἐξεῖναί
1322 4718 1429 4756 τινι
1461 4705 1806 4774 κατηγορεῖν.
1832 4703 1942 4755 Καὶ

2050 4697 2201 4753 Unde
2232 4699 2353 4752 ait:
2391 4716 2410 4750 ι
2445 4698 2671 4769 Propter
2702 4701 2841 4756 banc
2888 4716 3112 4758 causam
3155 4703 3461 4759 desideravi
3512 4720 3621 4761 vos

380 4790 447 4842 τὰ
503 4790 890 4861 παριστάμενα
935 4790 1109 4858 λέγει,
1140 4792 1224 4844 ὅτι
1245 4792 1355 4855 Τὰς
1378 4794 1565 4864 χείρας
1591 4792 1773 4847 αὐτῶν
1813 4793 1934 4847 δια-

380 4883 569 4948 φυγεῖν
650 4880 976 4951 βουλόμενος
1003 4921 1018 4947 ,
1075 4881 1440 4954 ἠναγκάσθην
1510 4882 1940 4938 ἐπικαλέσασθαι

380 4970 650 5041 Καίσαρα·
689 4973 787 5044 οὐχ
827 4973 903 5036 ὡς
935 4973 1152 5045 ἑτέροις
1183 4975 1359 5038 διδοὺς
1395 4975 1565 5040 κακὰ,
1592 4975 1711 5029 ἀλλ’
1736 4974 1812 5034 ὡς
1845 4973 1939 5027 αὑο

375 5060 465 5122 τὸς
507 5060 725 5128 φεύγων
758 5042 941 5118 Vitaxa.
990 5042 1152 5136 Πρὶν¹
1177 5064 1514 5137 ἐπιδημῆσαι
1542 5064 1750 5119 Παῦλον
1781 5064 1841 5117 ὲν
1870 5066 1937 5136 τῇ

386 5150 572 5224 Ῥώμη
601 5157 1071 5225 ,παρηγγελμένοι
1091 5153 1234 5228 ἦσαν
1272 5159 1324 5212 οἰ
1363 5159 1627 5225 Ἰουδαῖοι,
1661 5157 1747 5229 μὴ,
1768 5175 1945 5228 παρα-

374 5241 628 5307 δέξασθαι
676 5243 738 5297 τδ
772 5247 901 5317 περὶ
954 5246 1049 5301 τοῦ
1080 5248 1317 5319 Χριστοῦ
1352 5252 1632 5320 κήρυγμα·
1660 5250 1760 5302 οὐκ
1787 5250 1942 5304 αὐτοὶ

375 5329 432 5384 Bb
464 5331 640 5401 μόνοι,
671 5332 807 5388 ἀλλὰ
851 5337 948 5389 καὶ
974 5337 1025 5389 οἰ
1054 5337 1327 5407 πανταχοῦ
1375 5340 1499 5411 γῆς.
1535 5339 1708 5393 Πόθεν
1755 5339 1814 5392 δὲ
1841 5338 1938 5408 δῆ·

375 5422 505 5489 λον;
547 5421 797 5497 Εὕρομεν
827 5428 885 5480 ἐν
912 5429 1024 5491 τοῖς
1053 5427 1162 5484 τῶν
1196 5429 1443 5484 παλαιῶν
1483 5430 1935 5500 συγγράμμασιν,

371 5511 447 5578 ὡς
475 5515 527 5569 οἰ
557 5516 657 5587 τὴν
702 5517 1057 5592 Ἰερουσαλὴμ
1094 5520 1368 5585 οἰκοῦντες
1415 5523 1582 5593 ἱερεῖς
1617 5521 1712 5576 καὶ
1746 5522 1937 5595 Γραμ-

375 5604 565 5673 passi;
597 5606 694 5660 καὶ
728 5609 1127 5682 πρεσϐύτεροι,
1146 5611 1447 5684 γράμματα
1475 5612 1925 5686 διαχαρᾶξςιιντες,

435 5783 483 5816 ⁸⁸
509 5784 616 5843 lsa.
642 5803 716 5855 at,
746 5789 833 5843 is.

2041 4787 2231 4843 videre
2256 4797 2313 4843 et
2338 4787 2569 4858 alloqui,
2596 4807 2615 4840 ›
2649 4806 2717 4845 ne
2744 4791 2955 4847 scilicet
2983 4803 3169 4863 posset
3204 4803 3296 4850 me‘
3335 4794 3618 4864 quispiam

2042 4878 2393 4934 calumniari.
2424 4879 2559 4935 Rem
2593 4881 2785 4952 igitur,
2828 4891 2889 4938 ut
2935 4899 2996 4941 se
3054 4884 3306 4949 habebat,
3362 4885 3616 4956 exponit,

2044 4971 2299 5041 inquiens
2330 4987 2346 5026 :
2386 4968 2456 5029 Ut
2504 4971 2852 5029 inimicorum
2889 4990 3134 5032 meorum
3165 4992 3361 5033 manus
3403 4976 3608 5048 etinge-

2044 5077 2183 5127 rem,
2215 5070 2380 5133 atque
2427 5064 2563 5119 adeo
2594 5079 2701 5119 non
2729 5074 2790 5119 ut
2819 5066 2954 5122 alios
3009 5082 3349 5134 accusarem,
3398 5068 3493 5123 sed
3546 5078 3619 5124 ns

2044 5152 2311 5221 meipsum
2352 5151 2721 5217 defenderem,
2752 5165 2978 5213 coactus
3010 5174 3130 5213 sum
3164 5160 3436 5229 appellare
3484 5158 3606 5215 Ca:—

2036 5260 2238 5300 sarem.
2273 5247 2345 5300 At
2378 5261 2507 5301 vero
2528 5257 2819 5318 antequam
2852 5249 3053 5304 Paulus
3092 5248 3318 5306 Romam
3351 5252 3615 5321 perveni‘

2039 5345 2147 5401 ret,
2175 5336 2374 5403 Judaei,
2414 5352 2523 5393 non
2553 5341 2731 5394 solum
2764 5341 2857 5409 qui
2891 5338 3075 5396 Roma:
3093 5345 3607 5407 commorabantur,

2034 5431 2131 5484 sed
2164 5429 2323 5484 etiam
2353 5430 2446 5500 qui
2474 5430 2675 5503 ubique
2705 5439 2971 5487 terrarum
3001 5432 3232 5503 dispersi
3261 5442 3437 5499 erant,
3464 5449 3614 5503 praet

2034 5521 2224 5576 moniti
2265 5520 2506 5588 fuerant,
2541 5538 2607 5577 ne
2668 5522 2953 5595 Evangelii
3006 5524 3447 5595 praedicationem
3501 5540 3601 5582 su-

2036 5614 2332 5686 sciperent.
2369 5613 2525 5673 Unde
2547 5628 2675 5671 vero
2730 5615 2833 5672 hoc
2882 5615 3199 5673 notumHn
3248 5617 3602 5690 antiquorum
