4102 6302
523 278 656 344 ῙΠΙ

1440 289 2019 354 ΤΗΕΟΡῙΙΥΕᾹΟΉ
2058 296 2464 358 BULGARL‘E
2498 302 2853 364 ARCHIEP.
2961 329 2967 337 ·

3625 308 3770 373 H79.

523 395 898 456 simulatione.
933 397 1168 458 Fructus
1216 409 1396 458 autem
1430 403 1657 473 justitia:
1698 407 1750 459 in
1779 421 1911 478 pace
1939 407 2089 462 senii-

2205 412 2450 466 ποιοῦσιν
2477 415 2720 486 εἰρήνην.
2745 435 2764 469 ι
2802 416 3032 488 Καθαρά
3061 418 3154 474 καὶ
3193 415 3500 492 άρῦπαρος,
3537 421 3778 494 μηδενὸς

526 498 690 545 natur
721 491 1053 549 facientibus
1087 509 1300 565 pacem.
1346 515 1364 547 i
1396 496 1580 560 Casta,
1613 498 1716 553 hoc
1764 509 1849 554 est
1878 515 2009 571 pura
2042 509 2098 554 ct

523 583 733 652 absque
763 587 1000 647 macula,
1035 586 1168 643 nulli
1201 589 1276 642 rei
1321 590 1526 644 carnali
1573 591 1881 648 adlimrens.
1922 610 1940 642 ι
1976 589 2094 645 Non

517 677 793 744 judicans,
827 699 847 732 ι
889 682 994 736 hoc
1033 693 1138 747 est,
1171 697 1280 739 non
1313 684 1636 742 discernens
1681 688 2096 743 observationes

520 766 770 823 ciborum
797 778 851 825 et
882 773 1158 828 variarum
1186 775 1470 832 letionum.
1504 777 1777 832 Acciri-ate
1814 791 1996 833 autem
2026 779 2096 832 de

522 860 608 915 liis
630 860 852 918 disserit
884 863 1084 920 Paulus
1113 866 1168 919 in
1192 865 1432 935 Epistula
1467 869 1530 924 ad
1550 869 1922 925 Colosseuses.

1117 955 1346 1014 CAPUT
1394 959 1483 1016 IV.

591 1043 760 1101 Vsus.
795 1048 846 1101 l.
883 1067 902 1099 ι
943 1046 1096 1106 Unde
1146 1051 1286 1106 bella
1331 1063 1385 1109 et
1420 1055 1544 1111 lites
1581 1056 1636 1110 in
1661 1056 1876 1114 vobis?
1901 1057 2094 1116 Nonne

523 1133 688 1190 hinc?
739 1136 820 1191 Ex
867 1139 1242 1209 voluptatibus
1274 1143 1389 1214 ('59)
1421 1146 1645 1211 vestris,
1695 1162 1817 1218 qua:
1856 1149 2093 1204 militant

521 1225 577 1280 in
609 1228 872 1284 membris
910 1233 1131 1287 vestris.
1173 1253 1198 1286 ι
1227 1232 1502 1303 Ostendit,
1549 1239 1694 1306 quod
1741 1239 1955 1294 etiamsi
1993 1241 2092 1294 do-

519 1326 698 1371 ctores
745 1331 867 1375 sese
911 1335 1034 1376 esse
1092 1325 1436 1394 pet-tendant,
1473 1331 1570 1382 toti
1614 1337 1795 1386 tamen
1844 1333 2094 1388 carnales

519 1407 651 1474 sint,
677 1418 732 1464 et
767 1412 1005 1480 pessima
1057 1426 1376 1486 operentur,
1420 1420 1791 1490 voluptatibus
1833 1438 1954 1480 sese
1982 1434 2093 1479 tra-

519 1499 756 1569 dentes;
786 1511 840 1559 et
887 1504 979 1559 alii
1031 1508 1248 1576 quidem
1301 1525 1503 1566 mensae
1542 1513 1877 1570 delicatioris
1931 1516 2092 1586 (quos

459 1667 461 1669 ι
509 1585 722 1649 Paulus
751 1595 1072 1668 vituperans
1111 1599 1188 1654 ait
1207 1601 1250 1634 "
1291 1618 1354 1655 τι
1403 1600 1726 1674 Huiusmodi
1757 1607 1899 1661 enim
1928 1585 2091 1662 Chri-

519 1691 605 1738 sto
629 1685 860 1743 Domino
896 1696 1086 1745 nostro
1115 1706 1223 1746 non
1251 1694 1518 1761 serviunt,
1557 1694 1652 1752 sed
1683 1711 1784 1752 suo
1814 1697 2038 1763 ventri),
2063 1716 2083 1749 ι

518 1776 612 1830 alii
674 1793 804 1833 vero
869 1782 1238 1850 possessionis
1303 1783 1466 1856 340
1506 1800 1760 1855 agrorum
1813 1797 1943 1840 sunt
1999 1803 2094 1842 cu-

518 1868 668 1938 pidi;
707 1870 797 1924 alii
844 1872 1158 1942 splendidas
1203 1875 1394 1931 domos
1425 1877 1694 1943 ambiunt,
1737 1887 1793 1934 et
1822 1878 1914 1934 alii
1945 1880 2092 1935 aliud

517 1963 804 2034 quidpiam
828 1979 890 2020 ex
925 1965 1014 2034 iis,
1043 1981 1162 2038 qute
1198 1969 1334 2038 ipsis
1361 1970 1635 2041 malignus
1663 1974 1907 2042 suggerit
1937 1975 2096 2044 spiri-

519 2066 632 2121 tus,
673 2071 890 2112 omncm
921 2069 1181 2115 conatum
1232 2062 1520 2132 adhibens,
1563 2072 1621 2119 ut
1651 2073 1907 2121 azternain
1944 2069 2091 2124 salu—

517 2161 627 2203 tem
664 2149 907 2219 ipsorum
935 2151 1297 2221 deprimetur.

589 2239 758 2298 Vsus.
787 2243 843 2298 2.
883 2261 902 2296 ι
937 2244 1341 2315 Concupiscitis
1367 2252 1557 2303 etnon
1591 2246 1800 2304 habetis
1837 2269 1852 2304 :
1886 2250 2093 2305 occidi-

517 2335 613 2400 tis,
647 2343 702 2391 ct
748 2336 974 2404 zelatis;
1010 2347 1065 2393 et
1121 2354 1230 2394 non
1265 2341 1496 2410 potestis
1542 2338 1772 2413 adipisci
1804 2363 1818 2397 :
1849 2343 2089 2415 litigatis,

515 2437 569 2482 et
604 2428 974 2502 belligeratis:
1015 2437 1070 2486 et
1113 2445 1220 2484 non
1265 2432 1500 2496 habetis,
1540 2443 1764 2505 propter
1803 2436 1947 2506 quod
1981 2452 2090 2491 non

520 2521 826 2590 postulatis.
856 2541 876 2574 ι
913 2520 1018 2578 Per
1067 2524 1484 2583 aﬂirmationem
1526 2537 1583 2584 et
1624 2530 1960 2600 negationem
2001 2533 2092 2589 hic

516 2613 786 2684 procedit,
815 2611 1176 2671 allirmatione
1196 2617 1410 2674 sublata
1430 2627 1650 2691 propter
1669 2621 2084 2679 absurditatem.

516 2703 846 2765 Absint-ditas
873 2722 1005 2765 vero
1030 2709 1085 2764 iu
1114 2724 1181 2767 eo
1225 2711 1404 2780 posita
1434 2721 1540 2781 est,
1591 2714 1736 2783 quod
1789 2730 1851 2769 ea
1883 2731 2004 2786 quae.
2035 2716 2090 2770 in

516 2801 878 2858 allirmatione
921 2803 1361 2871 considerantur,
1393 2807 1503 2862 sint
1551 2798 1908 2883 incitamen‘a
1939 2809 2092 2863 voln-

515 2897 707 2964 ptatis.
728 2896 1184 2967 Concupiscentia
1210 2900 1353 2954 enim
1385 2900 1439 2954 in
1470 2900 1810 2970 voluptatum
1837 2915 2092 2957 consum-

518 2989 760 3044 matione
790 2988 1019 3056 desinit,
1067 2998 1120 3047 et
1172 2991 1374 3058 caedes,
1407 3002 1460 3048 et
1507 2993 1677 3055 zelus,
1712 3001 1766 3048 et
1805 3009 2006 3065 pugna,
2039 3003 2093 3050 et

2198 503 2310 560 τῶν
2339 507 2621 576 σαρκικῶν
2650 509 3008 582 ἀντεχομένη.
3045 528 3065 562 ι
3101 510 3461 583 Ἀδιάκριτος,
3491 531 3511 565 ι
3543 514 3617 584 μὴ
3648 513 3777 566 δια-

2201 595 2458 663 κρίνουσα
2505 601 2919 672 παρατηρήσεις
2977 602 3288 674 βρωμάτων
3339 604 3435 657 καὶ
3490 603 3778 673 διαφόρων

2198 690 2542 762 βαπτισμῶν.
2587 694 2851 764 Ἀκριόῶς
2885 695 2950 750 δὲ’
2970 697 3101 766 περὶ
3150 696 3357 752 τούτων
3398 697 3458 752 ὲν
3508 699 3577 767 τῇ
3633 697 3779 768 πρὸς

2198 784 2535 849 Κολασσαεῖς
2581 786 2888 856 διαλέγεται
2916 787 3147 854 Παῦλος.

2815 961 3065 1020 ΚΕΦΔΔ.
3100 964 3174 1020 Δ’.

2271 1071 2290 1104 ι
2323 1053 2492 1110 Πόθεν
2537 1053 2783 1125 πόλεμοι,
2825 1058 2920 1110 καὶ
2957 1057 3122 1112 πόθεν
3145 1060 3316 1131 μάχαι
3357 1075 3416 1114 εν
3442 1060 3616 1130 ὕμῖνς
3652 1058 3776 1112 Οὔκ

2193 1146 2462 1211 ἐντεῦθεν,
2499 1148 2566 1201 ἐκ
2593 1146 2705 1201 τῶν
2754 1147 2956 1218 ἡδονῶν
2987 1149 3161 1216 ὑμῶν,
3192 1150 3302 1206 τῶν
3321 1151 3778 1222 στρατευομένων

2193 1238 2254 1290 ἐν
2275 1239 2385 1299 τοῖς
2414 1237 2631 1308 μέλεσιν
2654 1238 2839 1306 ὑμῶν;
2869 1259 2889 1291 δ
2917 1238 3223 1308 Δείκνυσιν,
3247 1240 3324 1306 ὡς
3355 1241 3462 1295 κᾶν
3490 1239 3777 1295 ὑποπλάτ-

2194 1344 2392 1382 τωνται
2427 1328 2583 1398 λόγον
2609 1329 3008 1394 διδασκαλικὸν,
3038 1331 3189 1402 ὅμως
3218 1332 3330 1386 ὅλοι
3362 1331 3612 1405 σαρκικοί
3634 1333 3776 1393 εἰσι,

2195 1419 2312 1493 [καὶ
2357 1421 2426 1474 τά
2477 1421 2843 1492 χαλεπώτατα
2881 1421 3260 1496 πράττουσιν,]
3307 1423 3501 1493 ἡδονὰς
3555 1423 3778 1486 ἑαυτοῖς

2193 1513 2576 1583 ποριζόμενοι·
2626 1515 2677 1568 οἱ
2734 1513 2854 1584 μὶν,
2903 1515 3210 1586 ἁδροτέρας
3267 1514 3544 1587 τραπέζης
3578 1513 3776 1585 (δκαὶ

2193 1603 2407 1669 Παῦλος
2457 1605 2885 1675 καταγινώσκων
2947 1607 3150 1678 φησίν·
3193 1626 3214 1660 ι
3238 1606 3304 1660 Οί
3355 1607 3468 1679 γάρ
3532 1605 3776 1661 τοιοῦτοι

2193 1697 2272 1767 τῷ
2301 1699 2491 1769 Κυρίῳ
2522 1701 2584 1752 οὐ
2615 1699 2982 1763 δουλεύουσιν,
3012 1699 3149 1755 άλλά
3167 1703 3234 1774 τῇ
3254 1699 3467 1755 ἑαυτῶν
3490 1699 3768 1773 κοιλίαν»

2131 1769 2169 1823 Β
2194 1789 2243 1841 οἱ
2271 1787 2347 1854 δὲ,
2385 1789 2634 1859 κτήσεως
2673 1788 2863 1860 ἀγρῶν
2887 1769 3243 1860 ὀρεγόμενοιἰ
3271 1787 3472 1858 ἕτεροι,
3496 1769 3777 1861 λαμπρῶν

2193 1877 2381 1931 οἰκιῶν
2400 1891 2415 1906 ⁸
2449 1877 2608 1942 ἄλλος
2640 1879 2768 1934 ἄλλο
2811 1895 2865 1932 τι
2895 1879 3024 1951 περὶ
3057 1879 3094 1934 ἃ
3138 1882 3166 1934 6
3189 1878 3426 1948 πονηρὸς
3454 1879 3775 1952 ὑποτίθησιν

2194 1970 2378 2033 αὐτοῖς
2417 1968 2698 2043 άποσυλᾷν
2736 1970 2934 2034 αὐτοὺς
2967 1969 3416 2044 [μηχανώμενος]
3443 1973 3543 2047 τῆς
3578 1987 3769 2027 animo

2195 2063 2316 2132 ρίας
2346 2061 2550 2118 αὐτῶν.

2269 2267 2288 2300 ι
2327 2245 2698 2317 Ἑπιθυμεῖτε.
2748 2246 2841 2301 καὶ
2891 2245 2992 2302 οὐκ
3041 2247 3224 2318 έχετεο
3256 2247 3515 2318 φονεύετε
3544 2247 3638 2300 καὶ
3667 2245 3771 2318 ζη-

2191 2341 2368 2400 λοῦτε.
2396 2340 2493 2396 καὶ
2540 2342 2602 2394 οὐ
2657 2340 2889 2396 δύνασθε
2933 2340 3244 2412 ἐπιτυχετνο
3274 2339 3514 2412 μάχεσθε
3543 2339 3637 2394 καὶ
3666 2355 3772 2394 πο-

2191 2435 2431 2503 λεμεῖτε,
2463 2433 2558 2487 καὶ
2587 2433 2687 2486 οὐκ
2716 2432 2892 2503 ἔχετε,
2921 2430 3008 2486 διά
3035 2431 3099 2486 τὸ
3151 2432 3228 2503 μη
3265 2431 3533 2486 αἰτεῖσθαι
3565 2431 3768 2502 ὗμᾶς.ι

2191 2530 2350 2584 Κατὰ
2379 2528 2529 2582 θέσιν
2553 2527 2648 2582 καὶ
2676 2526 2840 2598 ἄρσιν
2872 2525 3111 2597 πρόεισι,
3145 2524 3247 2595 τῆς
3278 2523 3481 2589 θέσεως
3506 2524 3770 2594 ἀναιρου-

2193 2620 2363 2691 μένης
2390 2618 2478 2673 διὰ
2516 2618 2577 2672 τὸ
2615 2617 2834 2671 ἄτοπον.
2871 2614 2970 2688 [T6
3005 2615 3065 2668 δὲ
3095 2608 3316 2680 ἄτοπον,
3359 2613 3450 2668 διά
3481 2613 3542 2668 τδ
3567 2613 3770 2685 ἡδονῆς

2194 2711 2596 2783 ὑπεκκαύματα
2628 2709 2844 2782 μέλλειν
2882 2705 3099 2762 ἔσεσθαι
3140 2707 3210 2762 τά
3242 2706 3336 2761 ἐπὶ
3383 2707 3451 2777 τῇ
3493 2705 3640 2759 θέσει
3677 2706 3770 2757 ὲν-

2193 2800 2591 2876 θεωρούμενα.]
2631 2802 2695 2856 'll
2723 2801 2834 2874 γὰρ
2859 2799 3123 2870 δπιθυμία
3149 2799 3209 2854 ὲν
3232 2798 3434 2871 ¹ηδονῶν
3463 2795 3768 2852 επιτελὲσει

2198 2895 2634 2967 ἀποτελευτᾷ.”0
2657 2911 2720 2949 τε
2749 2893 2931 2965 φόνος,
2957 2893 3055 2947 καὶ
3082 2890 3266 2962 ζῆλος,
3291 2891 3384 2944 καὶ
3411 2890 3444 2960 ὴ
3476 2888 3648 2959 μάχη,
3671 2888 3771 2942 καὶ

2192 2995 2220 3045 6
2246 2990 2502 3061 πόλεμος,
2528 2990 2629 3044 οὒκ
2663 2988 2873 3059 άγαθάο
2902 2986 3094 3058 διόπερ
3121 2985 3245 3042 οὐδὲ
3275 2985 3604 3056 τυγχάνουσι
3639 2983 3768 3038 τοὺ-

520 3079 722 3136 bcllum
757 3097 864 3136 non
915 3091 1045 3138 sunt
1071 3083 1258 3139 bona:
1306 3093 1360 3139 et
1387 3084 1506 3139 ideo
1537 3100 1716 3155 neque
1755 3100 1817 3140 ea
1857 3101 2088 3156 quorum

2194 3099 2323 3145 των,
2357 3075 2433 3135 ῶν
2481 3080 2644 3135 ἕνεκα
2695 3077 2872 3133 ταῦτα
2902 3077 3336 3149 ἐπιτηδεύουσιν.
3381 3074 3658 3129 ἰστέονδὲ
3684 3074 3768 3127 ὅτι

516 3174 692 3242 gratia
729 3175 829 3228 ista
855 3182 1132 3239 exercent,
1172 3185 1560 3246 assequuntur.
1613 3176 1904 3232 Sciendum
1938 3193 2087 3244 vero,

516 3262 662 3330 quod
693 3277 800 3340 non
827 3263 894 3318 de
921 3264 1128 3318 carnali
1155 3265 1301 3319 ca‘de
1331 3264 1538 3321 bellove
1591 3265 1677 3322 liic
1708 3268 2000 3338 loquatur;
2037 3269 2090 3323 id

517 3356 662 3408 enim
704 3354 968 3410 absonum
1018 3355 1157 3411 foret
1190 3357 1272 3412 vel
1325 3357 1394 3412 de
1421 3358 1730 3416 latronibus
1766 3361 2089 3432 intelligere,

517 3445 716 3500 nedum
747 3445 816 3500 de
846 3445 934 3510 iis,
983 3446 1075 3516 qui
1123 3447 1308 3518 aliquo
1359 3457 1520 3505 tenus
1554 3451 1743 3506 saltem
1798 3451 1984 3506 ﬁdeles
2035 3463 2093 3507 et

518 3537 586 3591 ad
617 3537 788 3593 Deum
823 3538 1076 3593 conversi
1103 3548 1252 3593 sunt.
1295 3537 1363 3593 Ut
1395 3540 1562 3608 igitur
1593 3541 1726 3596 milii
1760 3542 1980 3612 quidem
2010 3544 2092 3597 vi-

520 3631 703 3696 detur,
737 3629 988 3684 occidere
1035 3627 1170 3684 dicit
1224 3645 1339 3694 eos,
1395 3633 1490 3700 qui
1543 3633 1819 3704 prem-iam
1852 3637 2088 3689 animam

518 3721 777 3779 occidunt
805 3724 1115 3779 temerariis
1145 3725 1210 3778 iis
1239 3725 1550 3792 conatibus,
1575 3726 1776 3795 quibus
1809 3728 1971 3782 etiam
1994 3728 2090 3782 ad-

515 3827 711 3868 versus
759 3812 1014 3884 pietatem
1063 3813 1264 3868 bellum
1317 3825 1534 3884 gerunt.
1570 3815 1789 3873 Scilicet
1833 3818 2091 3886 quemad-

517 3905 742 3960 modum
769 3913 957 3976 postea
991 3924 1012 3958 ι
1051 3905 1331 3962 adulteros
1361 3916 1417 3961 et
1441 3907 1717 3964 adulteras
1747 3927 1765 3961 ι
1801 3909 1956 3972 dicit,
1977 3924 2087 3965 non

517 3997 612 4068 qui
649 3997 826 4066 reipsa
865 3999 1003 4053 tales
1022 4008 1187 4065 sunt,
1216 3998 1311 4054 sed
1361 4000 1453 4070 qui
1503 4001 1558 4055 in
1608 4001 1790 4056 dii-ina
1831 4002 2086 4057 mandata

517 4091 833 4160 spuriarutn
870 4089 1189 4159 opinionum
1243 4090 1646 4147 iiitrodnctione
1699 4091 2084 4147 fornicamur:

517 4183 703 4252 (nemo
755 4181 941 4246 enim,
991 4183 1208 4237 tametsi
1267 4184 1462 4238 suibus
1517 4183 1864 4240 loeculentior
1911 4194 2078 4253 esset,

517 4274 824 4330 adulterum
871 4274 1009 4328 ferat
1044 4273 1349 4346 ductorem)
1391 4276 1470 4330 sic
1507 4283 1560 4330 et
1611 4277 1788 4332 caedes
1827 4286 1883 4334 et
1920 4278 2082 4345 bella,

518 4381 627 4422 non
664 4367 992 4437 corporalia,
1023 4365 1116 4421 sed
1150 4367 1452 4436 spiritualia
1493 4367 1765 4438 intelligit.

2194 3177 2354 3245 φόνον
2383 3173 2639 3240 ἐνταῦθα,
2672 3172 2770 3228 καὶ
2798 3171 3056 3242 πόλεμον,
3091 3169 3153 3224 οὐ
3186 3169 3280 3222 τὸν
3308 3167 3577 3240 σαρκικόν
3608 3181 3765 3236 φησι.

2193 3264 2364 3320 Τοῦτο
2393 3265 2501 3335 γὰρ
2531 3264 2667 3335 βαρῦ
2710 3263 2806 3316 καὶ
2861 3263 3004 3316 κατὰ
3049 3258 3262 3333 λῃστῶν
3303 3259 3527 3321 ἐννοεῖν,
3563 3256 3640 3326 μὴ
3684 3256 3767 3309 ὃτι

2192 3373 2254 3426 γε
2279 3354 2420 3411 κατὰ
2453 3345 2685 3426 [ποσῶς]
2715 3351 2923 3406 πιστῶν
2955 3350 3076 3424 [καὶ
3107 3349 3188 3420 τῷ
3224 3348 3416 3423 Κυρίῳ
3462 3364 3767 3420 προσερχο-

2194 3445 2415 3519 μένων].
2467 3446 2604 3499 Ἀλλ’
2635 3445 2710 3510 ὡς
2775 3445 2899 3516 ἐμοὶ
2944 3442 3111 3508 δοκεῖ,
3154 3442 3400 3513 φονεύειν
3435 3441 3595 3513 φησι,
3628 3439 3757 3504 τοὺς

2189 3543 2288 3612 τὴν
2342 3541 2552 3594 ἑαυτῶν
2601 3537 2780 3610 ψυχὴν
2841 3536 3272 3599 ἀποκτιννύντας
3322 3538 3442 3598 ταῖς
3486 3535 3766 3597 τοιαύταις

2189 3633 2585 3704 ἐπιχειρήσεσι,
2627 3630 2696 3684 δι’
2722 3631 2790 3696 ἃς
2827 3628 2922 3684 καὶ
2953 3628 2982 3682 6
3024 3626 3164 3700 arpi»;
3207 3627 3308 3700 τὴν
3355 3625 3639 3681 εὐσέδειαν
3665 3625 3764 3678 αὺ-

2189 3729 2302 3791 τοῖς
2367 3726 2624 3796 πόλεμος.
2693 3726 2803 3780 Καὶ
2858 3723 3050 3795 ὥσπερ
3089 3721 3293 3792 προῖὼν
3325 3739 3345 3774 ι
3370 3722 3591 3793 μοιχοὺς
3665 3719 3762 3772 καὶ

2192 3821 2504 3894 μοιχαλίδας
2527 3840 2547 3872 ι
2579 3817 2752 3886 εἶπεν,
2793 3821 2854 3874 οὐ
2885 3819 3106 3884 πάντως
3129 3817 3403 3881 τοιούτους
3433 3817 3636 3880 αὐτοὺς
3666 3815 3762 3869 6v-

2187 3931 2310 3978 τας,
2339 3913 2454 3967 ἀλλ’
2482 3913 2559 3977 ὡς
2591 3915 2670 3976 εἰς
2712 3912 2783 3966 τά
2813 3911 2938 3966 θεῖα
2977 3909 3376 3982 προστάγματα
3406 3907 3763 3977 ἐκπορνεύον-

2185 4021 2288 4070 τας
2322 4003 2410 4058 διὰ
2438 4003 2540 4073 τῆς
2568 4002 2679 4058 τῶν
2698 4002 2870 4057 νόθων
2901 4002 3240 4072 εἰσηγήσεως
3269 4016 3285 4032 θ
3310 4000 3411 4054 οὐκ
3443 3999 3512 4053 ἂν
3539 3999 3652 4068 γάρ
3676 4013 3763 4060 τις

2187 4097 2388 4167 πόρνου
2435 4096 2723 4166 ἀνάσχοιτο
2769 4093 3087 4148 διδασκάλου
3115 4092 3241 4166 [κᾶν
3274 4086 3532 4164 χοίρωνῇ
3565 4089 3763 4162 $9960-

2191 4188 2515 4260 ρωδέστερος
2533 4185 2576 4258 ἶ·
2611 4185 2758 4240 οὓτω
2811 4185 2907 4241 καὶ
2958 4184 3151 4255 φόνους
3207 4185 3302 4238 καὶ
3353 4182 3646 4253 πολέμους,
3695 4178 3758 4234 οὗ

2186 4283 2311 4346 τοὺς
2343 4281 2706 4351 σωματικοὺς,
2737 4279 2872 4335 άλλά
2911 4279 3034 4342 τοὺς
3051 4277 3318 4348 ψυχικοὺς
3345 4275 3513 4346 λέγει.

588 4457 755 4515 Vnus.
806 4460 861 4514 5.
895 4477 914 4510 ι
961 4456 1175 4520 Ρειίιῖε,
1240 4466 1294 4513 et
1356 4473 1463 4513 non
1531 4460 1805 4529 accipitis;
1845 4474 1913 4515 eo
1939 4461 2084 4531 quod

2267 4482 2287 4514 ι
2314 4463 2545 4523 Αἰτεῖτε.
2566 4460 2660 4514 καὶ
2679 4462 2742 4514 οὒ
2774 4459 3102 4532 λαμϐάνετε,
3131 4457 3266 4512 διοτι
3287 4457 3476 4520 κακῶς
3495 4452 3758 4520 αἰτεῖσθε,

521 4552 664 4605 male
693 4552 916 4623 petatis,
943 4559 1001 4604 ut
1037 4551 1091 4604 in
1122 4550 1589 4620 concupiscentiis
1618 4553 1815 4607 vestris"
1845 4553 2088 4609 insuma-

518 4643 612 4695 tis.
653 4658 672 4691 ι
701 4640 848 4694 Talis
880 4648 999 4694 erat
1030 4638 1340 4693 Pliarisacus
1367 4639 1420 4693 in
1454 4639 1615 4694 Lucae
1645 4639 1938 4712 Evangelia
1971 4657 2082 4696 ine—

519 4738 759 4785 inoratus
784 4747 796 4783 :
831 4729 922 4799 qui
951 4738 1157 4800 quanto
1186 4729 1339 4800 plura
1368 4729 1508 4786 bona
1541 4746 1705 4801 opera
1733 4745 1762 4786 a
1796 4747 1855 4788 se
1878 4743 2090 4803 patrata

518 4822 862 4886 recensebat,
910 4831 1061 4876 tanto
1093 4823 1264 4893 magis
1295 4823 1539 4876 divinum
1578 4823 1902 4880 obstrucbat
1933 4827 2088 4880 audi-

520 4925 668 4980 tum;
707 4913 900 4984 sicque
925 4915 1218 4971 verborum
1254 4921 1438 4973 tumor
1469 4929 1676 4972 vacuus
1713 4931 1809 4986 per
1831 4917 1974 4971 labia
2005 4917 2088 4972 di-

516 5007 738 5073 llucbat,
762 5016 816 5063 et
847 5009 898 5061 in
923 5022 1172 5078 spumam
1196 5007 1340 5061 velut
1369 5008 1652 5061 testuantis
1681 5007 1848 5063 maris
1889 5006 2085 5065 ﬂuctus

515 5099 940 5162 dissolvebatur.
965 5099 1032 5154 At
1055 5097 1262 5168 inquiet
1284 5098 1588 5168 quispiam:
1624 5097 1681 5153 Si
1715 5099 1925 5154 Domini
1952 5098 2084 5155 Jesu

516 5189 745 5251 Christi,
775 5190 867 5255 qui
893 5189 1080 5245 fallere
1104 5206 1210 5244 non
1247 5198 1444 5260 potest,
1482 5205 1610 5246 vera
1627 5202 1711 5246 est
1733 5191 1820 5246 illa
1847 5192 2086 5261 promis-

515 5283 602 5338 sio
623 5282 668 5314 ³⁸
698 5302 710 5337 :
742 5303 758 5334 ι
781 5285 971 5337 Omnis
993 5285 1234 5353 quipetit
1261 5285 1456 5352 accipit
1491 5303 1508 5336 ι
1538 5300 1551 5348 ;
1607 5284 1882 5354 quomodo
1934 5300 2082 5340 nunc

517 5374 799 5442 apostolus
846 5379 946 5428 istc
979 5374 1105 5428 talia
1143 5375 1324 5428 tatur?
1361 5373 1774 5446 Respondemus
1806 5395 1827 5433 ζ
1856 5376 2092 5442 Quicun-

589 5552 635 5585 ςο
668 5551 828 5610 ηοω,
871 5570 982 5619 xvi,
1013 5553 1096 5610 18.
1171 5553 1216 5586 ³ο
1236 5555 1424 5610 Matth.
1451 5573 1546 5622 ιιι,
1571 5558 1622 5611 5.

2192 4557 2277 4608 ἵνα
2301 4557 2358 4608 ὲν
2387 4555 2507 4616 ταῖς
2529 4553 2742 4624 ἡδοναῖς
2765 4551 2922 4623 ὑμῶν
2951 4551 3323 4621 δαπανήσητε.
3348 4568 3368 4603 ι
3419 4549 3505 4612 Ὠς
3536 4552 3564 4603 6
3582 4549 3756 4618 Φαρι-

2193 4649 2344 4702 cato:
2385 4649 2412 4699 6
2449 4646 2508 4698 ὲν
2552 4644 2630 4715 τῷ
2673 4643 2818 4700 κατά
2864 4644 3080 4698 Δουκᾶν
3108 4641 3446 4712 Εὐαγγελίῳ.
3475 4642 3625 4710 Ὀσῳ
3647 4640 3761 4710 γάρ

2191 4739 2362 4792 πολλὰ
2389 4736 2646 4803 κατέλεγε
2663 4735 2772 4789 τῶν
2801 4735 2996 4790 ἑαυτοῦ
3029 4733 3490 4806 κατορθωμάτων,
3521 4734 3763 4803 τοσούτῳ

2191 4829 2356 4882 πλέον
2400 4827 2606 4883 άπέϐυε
2645 4824 2745 4897 τὴν
2776 4825 2929 4880 θείαν
2962 4824 3154 4896 ἀκοὴν,
3188 4827 3281 4878 καὶ
3304 4826 3334 4878 6
3359 4823 3469 4878 τῶν
3496 4823 3763 4893 ῥημάτων

2190 4921 2354 4989 δγκος
2395 4918 2551 4984 κενὸς
2588 4921 2717 4990 περὶ
2747 4917 2816 4973 τά
2835 4919 2987 4991 χείλη
3015 4914 3106 4992 ἦν,
3144 4917 3241 4973 καὶ
3279 4919 3360 4980 είς
3394 4917 3569 4989 άφρὶν
3596 4914 3764 4989 [κατ-

2192 5014 2366 5085 έρρει,
2419 5011 2514 5065 καὶ
2559 5010 2802 5065 διελύετο
2854 5011 3108 5083 καθάπερ
3141 5011 3520 5082 παφλάζοντος
3577 5009 3764 5079 κύμα-

2191 5100 2328 5175 τος].
2377 5101 2516 5155 Ἀλλ’
2547 5102 2665 5171 ἐρεῖ
2699 5117 2783 5163 τις
2803 5116 2818 5131 ·
2847 5100 2911 5154 Et
2945 5099 3038 5155 τοῦ
3070 5100 3277 5172 Κυρίου
3322 5097 3496 5171 Ἰησοῦ
3523 5099 3766 5165 ἐπαγγε-

2191 5194 2280 5247 λία
2324 5193 2525 5264 ἀληθὴς
2557 5191 2653 5245 τοῦ
2681 5192 2948 5262 ἀψευδοῦς
2991 5192 3337 5256 διδασκάλου,
3384 5191 3468 5256 τὸ,
3523 5208 3544 5243 ι
3569 5191 3684 5253 Πᾶς
3736 5191 3768 5244 6

2190 5285 2360 5340 ai:th
2405 5285 2671 5356 λάμϐανει
2695 5324 2709 5346 .
2743 5303 2763 5337 ι
2801 5285 2917 5350 πῶς
2963 5286 3059 5342 νῦν
3100 5285 3275 5341 ταῦτά
3311 5301 3476 5356 φησιν
3508 5285 3538 5338 6
3568 5283 3766 5351 παρὼν

2200 5379 2566 5446 Ἀπόστολος;
2607 5375 2768 5432 Ἀλλά
2819 5394 3017 5450 φαμεν,
3071 5376 3148 5444 ὡς
3172 5381 3200 5433 6
3227 5375 3330 5449 6δῷ
3366 5378 3433 5450 τῇ
3480 5374 3768 5448 ἀκολούθῳ

1741 5650 2042 5716 Bonifacii
2087 5654 2308 5718 Finetti
2344 5659 2532 5720 notae.

589 5746 704 5816 (59)
741 5745 967 5818 Vulgata
1004 5747 1181 5818 liabcl,
1212 5766 1275 5804 cx
1302 5749 1746 5819 concupiscentiis.
