4102 6302
547 279 682 345 1175

1456 281 2038 344 THEOPHYLACTI
2069 280 2482 342 BULGARUE
2517 281 2852 343 ARCHIEP

3659 281 3801 346 1176

545 395 668 449 dem
703 409 886 448 rerum
921 393 1192 450 inutilium
1244 394 1426 451 studio
1451 404 1506 451 et
1549 410 1738 451 amore
1779 395 2114 466 parvipcndit

2225 397 2352 458 τοὺς
2392 400 2720 466 μισομένους
2744 395 2841 451 καὶ
2869 395 3096 466 ἐχθροὺς
3124 396 3284 468 ἡμῶν
3327 397 3659 468 πάσχομεν]
3679 383 3800 452 ’Δύο

549 490 731 544 divina
754 531 772 556 ,
795 491 877 546 vel
903 491 1065 545 etiam
1108 506 1174 547 ea
1230 491 1452 546 fastidio
1502 491 1664 548 habet
1699 509 1712 544 :
1742 507 1849 560 qua
1905 491 2119 545 ratione

551 597 677 652 erga
711 597 806 638 eos
835 583 982 639 solos
1004 599 1143 652 quos
1173 583 1302 639 odio
1335 584 1625 649 habemus,
1676 584 1856 654 iisque
1912 583 2115 637 inimici

549 689 767 738 sumus,
809 690 910 730 nos
950 690 1142 744 gerere
1172 676 1438 731 solemus.
1469 673 1604 732 Cum
1639 675 1808 747 igitur
1844 674 1956 729 duo
1983 674 2116 734 sint,

544 767 747 837 quibus
773 781 991 837 operam
1013 767 1143 821 dant
1171 768 1442 834 homines,
1483 767 1625 823 Deus
1654 767 1932 822 scilicetet
1961 781 2118 818 mun-

543 855 649 910 dus
678 895 694 919 ,
722 869 786 909 ac
823 861 934 912 duo
987 871 1209 926 quoque
1257 860 1364 912 sint
1406 859 1608 928 quibus
1645 859 1789 912 circa
1825 866 2118 926 utrumque

522 961 732 1003 eorum
763 948 968 1003 versari
993 963 1091 1004 nos
1116 963 1434 1018 possumus.
1451 964 1648 1018 nempe
1667 963 1821 1002 amor
1838 956 1891 1002 et
1907 947 2114 1013 odium,

542 1052 673 1107 erga
710 1038 1027 1092 utrumlibet
1063 1039 1253 1094 horum
1285 1039 1514 1096 studiosi
1549 1057 1647 1094 nos
1704 1040 1878 1094 simus
1950 1053 2118 1108 opor-

539 1136 638 1190 tet,
665 1133 726 1180 ut
785 1129 1020 1183 alterum
1063 1130 1423 1199 uegligamus.
1477 1129 1648 1184 Porro
1687 1128 1927 1196 studium
1973 1128 2115 1198 parit

539 1217 701 1290 342
738 1220 1036 1276 amicitiam
1065 1259 1079 1284 ,
1123 1223 1411 1292 neglectus
1459 1237 1588 1277 vero
1617 1221 1825 1276 odium.
1853 1219 2114 1290 Quisquis

539 1312 708 1380 igitur
734 1312 919 1367 divina
963 1313 1331 1384 amplectitur,
1365 1314 1578 1368 amicus
1633 1313 1725 1368 Dei
1788 1321 1843 1369 et
1897 1318 2002 1379 est,
2060 1320 2116 1365 ct

535 1399 762 1455 dicitur.
789 1400 892 1466 Qui
925 1417 1056 1457 vero
1085 1404 1252 1457 Deum
1307 1401 1693 1474 parvil‘aciens,
1728 1401 1990 1459 mundum
2031 1401 2114 1454 di-

540 1491 682 1562 ligit,
709 1492 797 1548 hic
852 1494 997 1548 inter
1057 1495 1312 1550 inimicos
1363 1493 1457 1550 Dei
1522 1495 1645 1565 jure
1685 1494 2109 1564 computaliitur.

536 1582 808 1649 Quoniam
844 1599 975 1664 vero
1003 1586 1120 1642 haec
1137 1587 1319 1642 omnia
1353 1602 1420 1642 ex
1474 1585 1788 1658 arrogantia
1835 1595 1883 1638 et
1915 1599 2111 1654 super-

540 1681 627 1734 bia
652 1679 795 1738 falso
823 1683 1134 1754 sapientum
1159 1685 1448 1740 doctorum
1474 1682 1610 1739 oriri
1671 1687 1956 1736 ostensum
1992 1685 2106 1743 est,

2219 489 2512 559 τοιγαροῦν
2543 490 2712 543 ὅντων
2740 488 2846 542 τῶν
2868 489 2998 560 περὶ
3015 489 3052 543 ἃ
3079 489 3467 552 σπουδάζουσιν
3488 488 3793 559 ἂνθρωποι,

2217 579 2358 633 Θεοῦ
2414 580 2512 634 καὶ
2545 580 2778 649 κόσμου,
2821 580 2918 634 καὶ
2970 579 3094 635 καθ’
3143 579 3406 652 ἑκάτερον
3446 580 3657 634 τούτων
3683 582 3796 634 τῶν

2219 672 2314 724 δύο
2345 673 2708 742 στεφομὲνων,
2743 672 2923 741 φιλίας
2965 674 3059 726 καὶ
3105 672 3318 742 μίσους,
3359 675 3488 744 περὶ
3530 675 3797 745 ὁπότερον

2219 763 2424 818 τούτων
2472 764 2866 829 σπουδάζοντες
2903 764 3407 836 καταληφθείημεν,
3442 766 3662 835 παντως
3698 764 3793 820 τοῦ

2219 855 2409 926 ἐτέρου
2433 855 2776 923 ἀφειδοῦντες
2795 855 3074 925 ὀρώμεθα.
3101 857 3252 910 Ποιεῖ
3276 857 3334 912 δὲ
3388 859 3423 926 ἡ
3455 857 3556 928 μὶν
3588 857 3798 930 σπουδὴ

2219 945 2404 1014 φιλίαν
2435 962 2452 978 ’
2487 948 2520 1015 ὴ
2549 945 2604 999 δὲ
2637 946 2923 1017 ὀλιγωρία,
2955 948 3134 1016 μῖσος.
3170 950 3269 1012 ’ος
3317 947 3414 1002 οὖν
3465 948 3576 1003 τῶν
3630 949 3798 1002 θείων

2220 1036 2563 1107 ἀντίσχηται,
2600 1036 2754 1106 φίλος
2786 1037 2923 1091 Θεοῦ
2950 1022 3048 1100 καὶ
3078 1038 3196 1092 ἐστι
3227 1041 3321 1094 καὶ
3347 1039 3569 1108 λέγεται
3601 1057 3616 1073 ο
3644 1039 3706 1105 ὃς
3734 1041 3795 1096 δὶ

2216 1127 2351 1180 Θεοῦ
2383 1128 2480 1198 μὲν
2504 1127 2974 1200 κατολιγωρήσας,
2997 1130 3204 1202 κόσμον
3221 1130 3278 1186 δὲ
3304 1132 3612 1201 ἠγάπησεν,
3633 1127 3795 1197 οὗτος

2216 1220 2274 1271 ὲν
2300 1220 2412 1284 τοῖς
2443 1219 2658 1289 ἐχθροῖς
2679 1219 2773 1275 τοῦ
2800 1219 2934 1273 Θεοῦ
2962 1220 3514 1294 καταλογισθήσεται.
3552 1223 3710 1277 Ἐπεὶ
3735 1223 3791 1278 δι

2215 1308 2384 1362 ταῦτα
2418 1309 2595 1364 πάντα
2627 1310 2684 1378 ἐξ
2720 1310 3037 1376 ἀλαζονείας
3067 1311 3188 1384 [καὶ
3229 1313 3631 1387 ὑπερηφανίας]
3677 1315 3792 1370 τῶν

2213 1401 2565 1470 ψευδοσόφων
2594 1401 2808 1473 ἐδείχθη
2842 1401 3204 1474 [διδασκάλων
3235 1403 3526 1476 φυόμενα].
3550 1406 3796 1476 δευτέρῳ

2217 1493 2380 1547 πάλιν
2412 1492 2617 1564 ἐλέγχῳ
2674 1495 2958 1564 κέχρηται,
3011 1495 3285 1565 ἀνανῆψαι
3335 1495 3654 1566 βουλόμενος
3687 1496 3792 1564 τῆς

2219 1584 2388 1656 μέθης
2409 1586 2612 1649 αὑτῶν,
2646 1583 2766 1658 [καὶ
2789 1585 2882 1639 τοῦ
2909 1585 3079 1658 κάρου
3108 1587 3440 1662 ἀπαλλάξαι]
3464 1589 3590 1652 τοὺς
3617 1588 3792 1643 τοιοὺο

2213 1693 2339 1738 τους
2366 1693 2382 1707 ·
2421 1676 2699 1746 καίφησιν
2729 1693 2746 1710 ο

538 1772 647 1827 alio
668 1788 862 1829 rursus
888 1775 1061 1829 utitur
1079 1783 1422 1846 argumento,
1446 1773 1675 1843 cupiens
1703 1768 1970 1839 ejusmodi
2004 1767 2251 1822 homines
2283 1765 2352 1820 ab
2377 1765 2644 1824 ebrietate
2684 1766 2750 1822 ad
2824 1769 3174 1825 sobrietatem
3234 1770 3436 1839 redire,
3498 1785 3658 1845 atque
3720 1775 3792 1832 ab

539 1864 650 1918 alto
680 1866 1152 1935 soporeliberare,
1174 1878 1228 1920 et
1257 1867 1372 1920 ait:

608 1955 776 2012 Vsus.
805 1956 858 2023 5,
897 1955 947 2012 6.
981 1977 1000 2009 ι
1033 1959 1114 2012 An
1149 1959 1356 2028 putatis
1386 1959 1530 2029 quod
1561 1959 1800 2015 inaniter
1823 1958 2107 2026 Scriptura

2290 1965 2308 1996 ι
2353 1946 2413 1998 Ei
2469 1946 2679 2000 δοκεῖτε
2727 1945 2809 2000 ὅτι
2843 1946 3016 2009 κενῶς
3067 1948 3101 2016 ἠ
3159 1947 3349 2020 Γραφὴ
3400 1948 3594 2017 λέγει·
3646 1951 3790 2024 Πρὸς

539 2046 725 2102 dicat:
761 2047 842 2102 Ad
875 2047 1135 2101 invidiam
1169 2048 1517 2118 concupiscit
1549 2050 1775 2118 spiritus
1827 2047 1918 2116 qui
1957 2045 2114 2098 habi-

539 2143 620 2191 tat
651 2137 703 2196 in
737 2139 939 2195 vobis?
971 2137 1231 2206 Maiorem
1271 2149 1452 2194 autem
1485 2139 1580 2194 dat
1601 2141 1853 2210 gratiam.
1885 2139 2115 2206 Propter

540 2228 686 2298 quod
719 2229 854 2284 dicit
883 2245 898 2284 :
927 2228 1069 2285 Deus
1103 2231 1355 2300 superbis
1385 2230 1610 2295 resistit,
1670 2229 1970 2285 humilibus
2009 2245 2112 2282 au-

539 2329 650 2376 tem
681 2320 775 2378 dat
799 2324 1050 2391 gratiam.
1084 2341 1104 2375 ›
1138 2321 1270 2378 Tale
1291 2323 1570 2393 quidpiam
1596 2323 1683 2376 hic.
1697 2339 1795 2394 per
1819 2324 1922 2378 ista
1946 2322 2114 2392 signi-

539 2415 692 2476 ﬁcat,
731 2414 972 2482 eliiptico
995 2424 1157 2485 atque
1191 2416 1510 2472 ahbreviato
1537 2429 1791 2471 sermone
1819 2426 2002 2477 utens,
2051 2429 2113 2470 ac

539 2503 590 2560 si
614 2505 824 2558 diceret
855 2520 870 2556 :
905 2501 1020 2574 Ego
1046 2505 1268 2576 quidem
1320 2506 1559 2576 propriis
1587 2505 1773 2560 verbis
1792 2520 1889 2560 vos
1909 2505 2112 2558 hucus-

540 2609 649 2665 que
672 2597 1010 2660 contmonui,
1035 2607 1091 2651 ut
1143 2607 1292 2652 recte
1317 2607 1370 2651 et
1407 2597 1807 2669 inculpabilitcr
1848 2597 2112 2666 sapientia

540 2696 724 2742 vestra
753 2687 1004 2751 utamini,
1032 2704 1168 2744 neve
1191 2705 1287 2761 per
1304 2690 1616 2760 superbiam
1648 2691 1764 2761 ipsa
1797 2691 2110 2756 abutentes,

539 2777 768 2832 verbum
841 2777 1108 2834 doctrinm
1161 2780 1505 2836 adulteretis.
1563 2781 1618 2835 Si
1682 2796 1813 2836 vero
1865 2782 2029 2837 etiam
2079 2796 2109 2834 a

541 2882 701 2923 sacra
735 2868 1022 2940 Scriptura
1056 2868 1110 2932 id
1142 2870 1348 2926 rescire
1372 2871 1589 2942 cupitis,
1647 2871 1831 2926 audite
1861 2889 1876 2924 :
1909 2889 1929 2923 ι
1968 2871 2110 2926 Deus

539 2958 796 3029 superbis
816 2960 1022 3017 resistit
1055 2961 1120 3015 ⁸³.
1162 2980 1183 3016 ι
1221 2961 1276 3015 Si
1309 2962 1473 3032 igitur
1508 2979 1528 3014 ι
1567 2962 1708 3018 Deus
1743 2963 1992 3033 superbis
2018 2977 2106 3017 re—

541 3050 727 3116 sistit,
753 3069 774 3102 ι
807 3066 910 3107 nos
936 3059 1115 3106 autem
1146 3052 1386 3106 inimicis
1413 3052 1667 3108 resistere
1699 3053 1961 3118 solemus,
1983 3066 2110 3122 pro-

543 3141 688 3199 fecto
720 3143 941 3214 superbi
970 3143 1114 3198 inter
1155 3143 1409 3200 inimicos
1457 3144 1552 3199 Dei
1585 3145 2105 3215 computandisunt.

541 3230 662 3288 Non
683 3234 828 3286 enim
883 3248 1022 3288 vane
1052 3249 1115 3289 ac
1144 3236 1329 3297 stulte,
1344 3233 1430 3290 vel
1458 3233 1527 3288 ad
1556 3235 1816 3289 invidiam
1844 3235 2106 3305 impossi-

2215 2037 2411 2105 φθόνον
2439 2037 2694 2090 ἐπιποθεῖ
2717 2038 2778 2091 τὸ
2818 2038 3060 2109 πνεῦμα,
3092 2039 3121 2093 δ
3146 2042 3469 2112 κατῴκησεν
3510 2045 3568 2097 ἐν
3603 2043 3733 2116 ὑμῖν
3766 2063 3785 2114 ;

2214 2130 2457 2195 Μείζονα
2491 2131 2550 2185 δὲ
2584 2130 2766 2185 δίδωσι
2796 2132 2975 2202 χάριν.
3003 2131 3094 2185 Διὸ
3121 2131 3272 2200 λέγει
3300 2151 3314 2165 ·
3361 2134 3422 2188 '0
3459 2135 3590 2201 Θεὸς
3615 2137 3787 2209 ὑπερ.

2214 2225 2443 2292 ηφάνοις
2473 2224 2880 2288 ἀντιτάσσεται,
2925 2227 3202 2287 ταπεινοῖς
3244 2223 3302 2278 δὲ
3331 2226 3517 2281 δίδωσι
3548 2229 3724 2300 χάριν.
3759 2249 3782 2282 ι

2214 2315 2464 2368 Τοιοῦτόν
2490 2332 2542 2367 τι
2572 2315 2746 2383 λέγων
2780 2316 2877 2370 καὶ
2908 2316 3084 2382 δηλῶν
3126 2317 3214 2371 διά
3246 2317 3470 2385 τούτων,
3521 2320 3787 2374 lnam:-

2214 2408 2327 2469 κῶς
2359 2407 2559 2477 χρῆται
2594 2407 2672 2478 τῷ
2707 2407 2851 2477 λόγῳ
2880 2406 2998 2480 [καὶ
3029 2408 3239 2482 πάλιν],
3279 2410 3368 2464 διὰ
3407 2415 3506 2483 τὴν
3536 2413 3631 2468 τοῦ
3657 2431 3784 2467 συν-

2212 2501 2560 2571 τετμημένου
2585 2500 2747 2569 λόγου
2783 2501 3001 2571 χρῆσιν,
3042 2499 3185 2569 Ἐγὼ
3223 2502 3341 2570 μὲν,
3364 2503 3609 2570 φάσκων,
3641 2505 3784 2573 ὑμᾶς

2211 2593 2324 2652 τοῖς
2356 2590 2580 2654 οἰκείοις
2629 2590 2910 2660 ἐπέστησα
2956 2590 3158 2660 λόγοις,
3213 2593 3343 2663 περὶ
3384 2593 3446 2647 τὸ
3487 2593 3639 2656 eset;
3688 2597 3786 2653 xui.

2212 2681 2634 2749 ἀκατάγνωστον
2659 2680 2757 2752 τῆς
2785 2683 3034 2753 χρήσεως
3063 2683 3162 2753 τῆς
3185 2683 3375 2754 σοφίας
3401 2683 3578 2755 ὑμῶν,
3605 2686 3677 2749 ὡς
3710 2686 3780 2739 ἂν

2215 2775 2290 2844 μὴ
2336 2774 2394 2838 ἐξ
2443 2774 2822 2844 ὑπερηφανίας
2856 2776 3282 2846 παραχρώμενοι
3312 2777 3485 2848 ταύτῃ
3529 2777 3779 2849 νοθεύητε

2211 2864 2305 2918 καὶ
2337 2864 2537 2916 δολοῖτε
2581 2863 2674 2916 τδν
2705 2863 2806 2932 τῆς
2857 2863 3207 2930 διδασκαλίας
3253 2865 3434 2934 λόγον.
3482 2868 3546 2921 Εἰ
3589 2867 3646 2920 δὲ
3687 2869 3780 2921 καὶ

2211 2956 2319 3010 ἀπὸ
2341 2955 2441 3025 τῆς
2474 2955 2697 3026 Γραφῆς
2727 2953 2883 3008 τοῦτο
2916 2955 3147 3026 ζητεῖτε,
3174 2956 3443 3010 ἀκούσατε
3471 2973 3486 2990 ο
3529 2977 3549 3011 r
3579 2959 3778 3029 Κύριος

2213 3048 2580 3120 {map-tarpeiam;
2622 3048 3064 3102 ἀντιτάσσεται.»
3103 3048 3167 3102 Εἰ
3194 3043 3288 3103 οὖν
3339 3051 3452 3114 τοῖς
3503 3050 3780 3123 {inm-gi.

2211 3159 2322 3205 νοις
2395 3140 3054 3212 ἀντιτάσσεται,“ὲχθροϊς
3111 3141 3175 3212 δὴ
3241 3140 3304 3213 If.
3380 3139 3460 3214 δὲ]
3514 3143 3778 3215 εἰώθαμεν

2209 3231 2594 3288 ἀντιτάσσεθαι
2625 3249 2638 3262 ·
2703 3232 2923 3295 πάντως
2990 3250 3091 3287 που
3163 3233 3258 3287 καὶ
3317 3233 3658 3306 ὑπερήφανοι
3720 3236 3780 3291 ἂν

543 3323 685 3378 bilia
710 3323 871 3380 nobis
911 3324 1195 3396 Scriptura
1227 3329 1502 3396 proponit,
1532 3326 1628 3382 sed
1657 3327 1802 3395 quod
1853 3329 2113 3383 exhorta-

2217 3327 2325 3390 τοῖς
2378 3325 2594 3395 ἐχθροῖς
2645 3325 3106 3395 καταλογισθεῖεν.
3163 3327 3241 3381 Οὑ
3277 3327 3382 3397 γὰρ
3416 3305 3610 3393 κενῶς,
3666 3327 3778 3398 ἦτοι

543 3415 695 3470 tione
716 3429 816 3469 sua
847 3415 1067 3470 efﬁcere
1095 3417 1300 3487 cupiat,
1335 3426 1396 3472 ut
1430 3419 1483 3472 in
1510 3419 1670 3473 nobis
1695 3417 1957 3473 inhabitet
1987 3434 2113 3489 gra-

544 3505 643 3561 tia.
671 3505 854 3572 Quare
888 3507 935 3562 si
968 3507 1266 3576 Scriptura:
1287 3509 1658 3578 obsequentes
1681 3509 1835 3575 estis,
1861 3507 2115 3563 humilia-

550 3597 686 3651 mini
746 3609 931 3650 Coram
991 3597 1120 3662 Deo,
1148 3605 1202 3652 et
1251 3597 1543 3654 invenietis
1580 3601 1836 3667 gratiam,
1889 3600 1982 3654 illo
2016 3616 2115 3656 vos

543 3687 844 3743 exaltante.
890 3687 1156 3757 Superbia
1187 3698 1270 3745 est
1316 3699 1695 3744 consummata
1726 3692 1971 3759 nequitia
1999 3731 2016 3756 ,
2049 3705 2115 3746 ac

543 3775 727 3834 diﬂert
755 3792 786 3833 a
816 3794 954 3832 vana
985 3780 1071 3833 sui
1095 3780 1519 3843 existimatione,
1567 3780 1711 3849 quod
1758 3781 2009 3850 superbia
2043 3782 2116 3836 sit

543 3869 712 3924 animi
751 3871 916 3925 elatio
961 3885 1026 3924 ex
1085 3872 1175 3936 iis,
1210 3885 1333 3941 qua:
1366 3871 1504 3926 alias
1535 3872 1746 3937 insunt;
1781 3872 1872 3926 illa
1895 3885 2116 3926 veroex

545 3961 640 4024 iis,
695 3977 820 4030 quae
857 3961 1006 4016 nullo
1042 3966 1204 4017 modo
1234 3963 1524 4017 habentur.
1560 3962 1746 4017 Diti‘ert
1789 3970 1926 4018 vero
1949 3962 2114 4017 etiam

544 4054 814 4110 modestia
839 4055 908 4109 ab
947 4056 1278 4121 humilitate,
1309 4056 1572 4126 quoniam
1601 4072 1664 4110 ea
1685 4056 1975 4125 quidem...
2001 4054 2114 4125 (ω)

546 4147 678 4214 Quae
705 4155 888 4204 autem
918 4165 950 4203 e
970 4148 1238 4204 diametro
1259 4148 1528 4218 superbia:
1555 4149 1871 4218 opponitur,
1930 4147 2116 4202 mode-

546 4243 653 4298 stia
681 4256 778 4295 seu
805 4241 1108 4304 humilitas,
1144 4250 1227 4294 est
1283 4254 1537 4308 magnum
1573 4239 1802 4294 bonum.
1849 4237 2115 4304 Quoniam

544 4346 679 4386 vero
718 4340 950 4400 utraque
991 4331 1047 4386 in
1076 4330 1236 4384 nobis
1264 4328 1574 4384 voluntarie
1608 4328 1970 4398 progignitur,
1993 4327 2120 4397 qui-

545 4438 765 4492 cunque
793 4438 857 4477 ex
911 4422 1166 4491 superbia
1204 4437 1264 4475 se
1297 4424 1474 4490 ipsum
1535 4421 1759 4485 exultat,
1798 4434 1830 4474 a
1890 4419 2119 4474 Domino

547 4513 948 4568 condemnatur
981 4522 1038 4569 et
1097 4513 1466 4568 humiliatur:
1527 4528 1652 4566 cum
1709 4528 1740 4568 e
1787 4520 1977 4568 contra
2017 4528 2119 4568 suo

2220 3416 2483 3488 ματαίως,
2511 3418 2545 3487 ὴ
2572 3412 2789 3487 Γραερὴ,
2820 3416 2853 3487 ἢ
2893 3416 3027 3486 πρὸς
3058 3417 3253 3488 φθόνον
3283 3419 3350 3473 τὰ
3373 3420 3629 3491 ἀμήχανα
3654 3424 3780 3493 ἡμῖν

2221 3509 2554 3580 διαγορεύει,
2596 3509 2711 3562 ἀλλ’
2741 3507 3077 3562 ἑπιποθοῦσα
3115 3510 3214 3578 τὴν
3244 3509 3332 3564 διά
3363 3510 3463 3581 τῆς
3499 3512 3778 3584 παρακλήο

2218 3618 2356 3664 σεως
2391 3602 2558 3672 αὐτῆς
2585 3601 3107 3673 ὲγκατοικιζομένην
3151 3605 3286 3673 ἡμῖν
3325 3605 3510 3676 χάριν.
3547 3605 3709 3664 Ὥστε
3729 3605 3778 3658 εί

2219 3694 2490 3763 πειθήνιοί
2523 3695 2645 3745 ἐστε
2678 3695 2743 3763 τῇ
2769 3693 2984 3764 Γραφῇ,
3015 3694 3387 3769 ταπεινώθητε
3426 3695 3660 3750 ἐνώπιον
3689 3695 3776 3750 τοῦ

2215 3783 2376 3853 Θεοῦ,
2411 3785 2507 3838 καὶ
2555 3783 2819 3854 εὑρήσετε
2873 3782 2972 3854 τὴν
3029 3785 3115 3838 διὰ
3175 3788 3273 3857 τῆς
3322 3787 3486 3841 αὑτοῦ
3527 3789 3776 3859 ὑψώσεως

2216 3879 2398 3950 χάριν.
2443 3877 2825 3948 ’Υπερηφανία
2856 3877 2912 3930 δέ
2943 3879 3090 3930 ἐστιν
3129 3880 3163 3949 ἡ
3192 3880 3274 3943 εἰς
3313 3880 3462 3952 τέλος
3495 3882 3776 3954 ιπηρμίνη

2217 3970 2404 4033 κακία,
2431 3967 2781 4039 εδιαφέρουσα
2825 3967 2925 4039 τῆς
2966 3969 3215 4037 οἰήσεως,
3248 3970 3329 4024 ὅτι
3367 3973 3400 4040 ἠ
3442 3971 3542 4042 μὲν
3574 3973 3780 4046 ὑπερη.

2219 4061 2384 4128 φανία
2416 4060 2509 4111 ἐπὶ
2558 4060 2670 4120 τοῖς
2723 4059 3096 4129 ὑπηργμένοις
3146 4061 3281 4131 αὑτῇ
3340 4062 3728 4133 κατεπαίρεται
3760 4102 3776 4127 ,

2218 4152 2253 4217 ἡ
2294 4151 2470 4219 οἴησις
2500 4148 2558 4202 δὲ
2588 4149 2678 4202 ἐπὶ
2717 4148 2826 4201 τῶν
2858 4148 2993 4220 μηδὲ
3026 4149 3162 4212 ἂως
3188 4151 3563 4220 ὑπαρχόντων.
3590 4153 3781 4223 Διαφέ-

2221 4258 2304 4311 ρει
2324 4241 2380 4294 δὲ
2415 4240 2509 4293 καὶ
2543 4240 2748 4308 ἀτυφία
2780 4241 2878 4310 τῆς
2900 4239 3302 4306 ταπεινώσεως,
3331 4244 3412 4296 δτι
3451 4245 3485 4314 ἠ
3519 4244 3619 4314 μὶν
3649 4245 3784 4298 κατά

2219 4333 2510 4402 διάμετρον
2540 4335 2573 4403 ἡ
2601 4332 2824 4401 ἀτυφία,
2857 4332 2974 4403 ἦτοι
3006 4335 3356 4398 ταπείνωσις,
3388 4333 3782 4408 [ἀντικειμένη]

2219 4425 2286 4492 τῇ
2315 4423 2686 4494 ὑπερηφανίᾳ,
2715 4423 2834 4475 ἔστι
2879 4424 3022 4491 μέγα
3063 4423 3268 4490 ἀγαθόν
3295 4441 3309 4455 ’
3345 4428 3436 4479 καὶ
3466 4428 3655 4497 ἐπειδὴ
3681 4427 3786 4496 ἀμο

2224 4514 2428 4581 φότερα
2478 4511 2878 4581 προαιρετικιῖκ
2907 4511 3037 4582 ἡμῖν
3065 4515 3361 4579 ἐγγίνεται,
3409 4517 3516 4576 πᾶς
3569 4514 3600 4567 ὀ
3646 4512 3784 4569 κατά

548 4613 796 4674 tempore
826 4607 1153 4660 exaltandus
1179 4605 1248 4658 sit
1278 4604 1388 4667 ille,
1427 4605 1518 4673 qui
1551 4619 1610 4658 sc
1636 4601 1816 4671 ipsum
1874 4618 1970 4671 per
2005 4617 2114 4658 mo-

2225 4601 2545 4667 ἀλαζονείαν
2575 4601 2727 4671 ὑψῶν
2746 4600 2961 4667 ἑαυτὸν,
2986 4603 3122 4673 πρὸς
3160 4603 3241 4675 τῷ
3283 4604 3389 4658 ὑπὸ
3432 4604 3529 4658 τοῦ
3577 4605 3781 4674 Κυρίου

549 4694 779 4752 destiam
815 4696 1199 4763 hnmiliaverit.
1251 4704 1438 4764 utpote
1467 4693 1614 4765 quod
1675 4695 1766 4748 illa
1808 4693 2113 4749 certamina

2223 4691 2655 4764 κατακεκρίσθαι
2696 4692 2777 4746 ἔτι
2814 4692 2911 4747 καὶ⁵
2932 4693 3278 4748 ταπεινοῦται
3305 4695 3398 4748 ὑπ’
3428 4695 3593 4750 αὑτοῦ
3616 4696 3781 4765 ὕψου·

548 4798 672 4850 quae
701 4785 1114 4854 propteripsam
1141 4785 1427 4850 subiverit,
1454 4785 1632 4852 ipsum
1663 4783 1731 4837 ad
1777 4784 2122 4853 spiritualem

551 4873 971 4938 sublimitatem,
1022 4875 1294 4944 prehensa
1348 4873 1515 4928 veluti
1577 4888 1768 4935 manu,
1825 4873 2123 4928 deducent.

550 4967 748 5022 Aliter.
781 4964 992 5035 Cyrilli.
1035 4981 1056 5016 ι
1111 4964 1168 5020 Si
1200 4964 1405 5019 invidia
1457 4965 1656 5019 diaboli
1693 4965 1936 5018 introivit
1975 4978 2124 5019 mors

553 5059 610 5112 in
639 5057 827 5111 orbem
855 5064 1124 5111 terrarum
1163 5054 1229 5120 ³⁸,
1269 5076 1287 5108 ι
1318 5063 1371 5110 et
1403 5058 1450 5111 si
1508 5056 1563 5110 in
1615 5055 1881 5110 interiore
1929 5062 2118 5109 nostro

551 5147 786 5206 homine
803 5148 1070 5202 habitavit
1097 5147 1351 5204 Christus
1385 5146 1687 5202 secundum
1747 5144 2066 5216 Scripturas
2099 5185 2115 5210 ,

552 5241 772 5295 idcirco.
818 5239 1083 5297 habitavit
1116 5241 1171 5293 in
1212 5238 1395 5304 nobis,
1429 5247 1488 5292 ut
1523 5239 1791 5294 invectam
1809 5240 1879 5294 ab
1913 5238 2116 5293 invidia

625 5417 674 5451 ³³
700 5416 861 5475 Prov.
899 5433 978 5478 Ill,
1005 5414 1094 5470 54.
1171 5414 1210 5447 ⁸⁵
1256 5413 1385 5485 Sap.
1437 5433 1496 5479 il,
1528 5415 1616 5472 ΞΜ.

2226 4783 2388 4854 μένου
2443 4783 2502 4835 ὲν
2549 4781 2728 4852 καιρῷ
2754 4781 2848 4835 τοῦ
2877 4782 3018 4836 κατά
3068 4783 3303 4850 ἀτυφίαν
3353 4786 3784 4850 ταπεινώσαντος

2223 4873 2433 4937 ἑαυτὸν,
2485 4872 2582 4928 ἅτε
2631 4873 2740 4925 τῶν
2771 4872 2858 4926 ἐπ’
2887 4873 3024 4943 αὐτῇ
3064 4873 3242 4927 ἄθλων
3290 4874 3786 4947 ξεναγωγησάντων

2220 4966 2312 5019 τὸν
2356 4965 2696 5037 κεχρημένον
2735 4966 2870 5034 πρὸς
2927 4965 3059 5036 ὕψος
3110 4968 3501 5036 πνευματικόν.
3555 4967 3786 5034 Ἄλλως,

2224 5059 2550 5125 Κιψίλλού.
2597 5057 2660 5110 Ei
2687 5055 2866 5126 φθόνῳ
2894 5056 3138 5111 διαϐόλου
3169 5057 3401 5120 θάνατος
3429 5057 3672 5128 εἰσῆλθεν
3701 5058 3795 5123 εἰς

2222 5148 2317 5201 τὸν
2355 5148 2579 5218 κόσμον,
2615 5152 2709 5202 καὶ
2750 5150 2799 5201 εί
2849 5147 3166 5221 κατῴκησεν
3210 5151 3291 5212 είς
3341 5148 3435 5202 τὸν
3475 5151 3584 5203 ἔσω
3629 5149 3796 5218 ἡμῶν

2223 5237 2510 5294 ἄνθοωπον
2536 5238 2566 5289 ὁ
2611 5238 2866 5310 Χριστὸς,
2901 5242 3042 5294 κατά
3084 5241 3184 5299 τὰς
3227 5239 3470 5310 Γμφάς,
3511 5239 3601 5295 διὰ
3625 5237 3795 5297 τοῦτο

1804 5555 2107 5617 Bonifatii
2142 5554 2379 5617 Finctti
2422 5561 2605 5616 nota).

628 5681 738 5750 (i0)
771 5680 866 5736 Hic
898 5679 1152 5735 nonnulla
1191 5680 1401 5741 deesse,
1436 5682 1629 5748 pet'spil
1653 5696 1781 5735 num
1815 5691 1918 5737 est.
