4102 6302
613 301 752 366 1179

1514 304 2100 366 THEOPHYLACTI
2135 306 2380 366 BULGA
2395 305 2547 365 DIE.
2578 305 2938 368 ARCHIEP.

3731 306 3865 372 1180

687 412 845 466 Vsus.
875 413 960 467 15.
996 432 1014 464 ι
1052 412 1133 467 Τιι
1165 423 1346 468 autem
1383 414 1506 484 quis
1533 427 1613 476 es,
1646 417 1737 482 qui
1761 413 1978 483 judicas
2003 415 2173 484 proxi-

2363 433 2382 465 t
2422 416 2495 467 Σὺ
2531 413 2587 468 δὲ
2608 415 2692 478 τίς
2721 412 2790 480 εἴ,
2827 417 2856 469 ό
2883 414 3084 485 κρίνων
3114 417 3206 470 τὸν
3229 417 3452 488 πλησίον
3484 435 3499 485 ;
3543 437 3562 471 ι
3614 418 3863 487 T256053-

613 522 758 559 ιιιιιιιι
787 508 835 559 ἳ»
876 505 1251 576 lixprobrandi
1275 522 1439 560 causa
1467 507 1641 574 gratia
1661 509 1762 560 hoc
1795 510 1889 569 ait,
1919 522 1983 561 ac
2011 509 2056 561 si
2090 508 2177 562 di.

610 611 796 656 ceret:
829 602 961 655 Cum
995 602 1127 656 talis
1164 609 1220 654 tu
1259 601 1356 661 sis,
1397 601 1675 669 quomodo
1700 601 1871 655 audes
1905 599 2177 666 homines,

610 695 702 764 qui
769 693 1011 763 ejusdem
1075 703 1254 748 tecum
1322 702 1452 749 sunt
1498 693 1849 758 conditionis,
1899 691 2180 761 judicare?

615 806 634 838 t
673 788 814 842 Ecce
846 785 1010 858 3“
1039 786 1291 855 nuncqui
1325 785 1507 840 dicitis
1539 803 1552 838 :
1591 784 1780 846 Hodie,
1806 796 1900 839 aut
1936 784 2178 839 crastino

606 879 808 932 ibimus
839 879 890 932 in
927 879 1065 931 illam
1085 878 1384 940 civitatem,
1439 885 1494 932 et
1527 876 1788 931 faciemus
1840 876 1912 931 ibi
1961 877 2177 946 quidem

607 985 836 1034 annum,
861 979 912 1024 et
937 971 1330 1034 mereabimur,
1357 977 1413 1024 et
1447 969 1658 1023 lucrum
1694 967 1976 1022 faciemus.
2018 987 2036 1018 ι
2057 966 2178 1020 Non

609 1061 923 1115 facultatem
957 1061 1214 1130 operandi
1248 1060 1544 1126 iuliciatur,
1575 1060 1669 1116 sed
1697 1060 1878 1124 decet,
1898 1060 2043 1130 quod
2069 1076 2176 1115 non

609 1161 784 1205 totum
812 1153 868 1206 in
901 1159 1168 1221 potestate
1203 1163 1390 1206 nostra
1427 1153 1531 1218 sit,
1598 1153 1693 1208 sed
1719 1152 1785 1206 ad
1821 1153 1922 1206 hoc
1943 1167 2178 1222 superna

607 1249 769 1299 etiam
802 1246 975 1314 gratia
999 1259 1138 1313 opus
1161 1243 1482 1298 habeamus.
1514 1243 1702 1300 Potest
1721 1243 1864 1298 enim
1897 1247 2024 1314 quis
2048 1260 2173 1298 cur-

606 1351 748 1400 rere,
774 1343 827 1390 et
857 1335 1147 1403 negotiari,
1193 1343 1248 1388 et
1279 1335 1459 1389 omnia
1497 1350 1619 1403 qua:
1635 1334 1702 1389 ad
1728 1334 1889 1387 vitam
1919 1349 2179 1389 necessa-

608 1428 688 1480 ria
718 1436 867 1490 sunt,
910 1426 1389 1490 facere;attamen
1418 1442 1528 1482 non
1583 1428 1822 1497 proprie
1871 1426 2174 1492 industriae,

608 1517 703 1572 sed
730 1516 934 1582 divina:
961 1514 1283 1586 benignitati
1316 1517 1367 1570 id
1395 1516 1676 1572 ascribere
1698 1516 1881 1571 debet.
1915 1516 2005 1570 Ait
2031 1516 2174 1570 enim

598 1609 870 1665 Jeremias
911 1627 924 1662 :
961 1608 1108 1670 Scio,
1164 1609 1409 1674 Domine,
1474 1611 1602 1678 quia
1659 1625 1766 1664 non
1795 1617 1880 1666 est
1937 1609 2176 1664 hominis

604 1699 687 1752 via
717 1699 835 1770 ejus
863 1699 932 1753 ι’.
968 1719 986 1751 ι
1051 1698 1118 1753 Ει
1148 1699 1569 1755 Proverbiorum
1629 1708 1866 1754 auctor:
1906 1719 1925 1750 ι
1963 1698 2040 1753 Ne
2057 1700 2174 1769 glo-

603 1793 763 1847 rieris
793 1792 846 1846 in
877 1793 1212 1860 crastinum,
1264 1794 1548 1864 ignorans,
1609 1793 1739 1864 quid
1779 1803 2173 1863 superventura
2205 1807 2248 1862 Β

598 1883 777 1952 pariat
799 1885 917 1940 dies
947 1884 1012 1938 ”.
1046 1904 1066 1938 ι
1098 1888 1104 1894 ”

671 1973 832 2030 Vens.
880 1975 970 2030 14.
1000 1994 1020 2026 ι
1039 1976 1142 2042 Qui
1180 1976 1469 2047 ignoratis,
1493 1975 1627 2045 quid
1658 1975 1766 2030 erit
1795 1975 1849 2030 in
1872 1975 2167 2033 craStinoa

603 2053 912 2120 Vauitatem
943 2068 1065 2121 vita:
1106 2076 1308 2123 nostra:
1377 2067 1644 2130 declarat,
1697 2067 1963 2137 nobisque
1988 2082 2178 2136 expro-

595 2155 740 2220 brat,
771 2158 917 2226 quod
951 2161 1004 2212 in
1037 2159 1318 2226 baseJmna
1351 2166 1525 2213 totum
1551 2160 1674 2213 vitae
1708 2166 1913 2213 nostra:
1957 2165 2174 2227 tempus

598 2246 1003 2315 impendamus,
1051 2262 1115 2301 ac
1139 2247 1285 2318 quod
1334 2247 1392 2300 in
1449 2247 1823 2317 temporaneis
1873 2245 2041 2301 malis
2086 2246 2173 2301 de-

605 2339 875 2409 pellendis
906 2340 1088 2395 omnis
1123 2339 1275 2394 labor
1301 2348 1488 2394 noster
1506 2338 1839 2395 insumatur.
1867 2337 2029 2395 Unde
2078 2335 2175 2393 Da-

599 2432 690 2485 vid
706 2430 754 2462 “
780 2448 796 2486 :
821 2450 842 2484 ι
867 2429 1276 2494 Verumtamen,
1307 2431 1507 2501 inquit,
1537 2431 1592 2485 in
1615 2431 1850 2502 imagine
1879 2430 2175 2500 pertransit

597 2521 783 2587 homo,
817 2521 910 2578 sed
943 2530 997 2577 et
1023 2509 1240 2580 frustra
1270 2522 1668 2588 conturbatur;
1706 2540 1726 2574 ι
1757 2522 2010 2578 videlicet
2025 2521 2172 2574 circa

596 2611 652 2667 id
683 2613 826 2682 quod
859 2627 970 2668 non
1022 2628 1152 2668 vere
1185 2621 1294 2679 est,
1352 2611 1450 2668 sed
1481 2614 1630 2667 velut
1681 2612 1735 2667 in
1793 2611 2174 2681 phantasmate

595 2701 980 2758 tantummodo
1000 2701 1257 2759 subsistit
1282 2719 1296 2755 :
1317 2701 1422 2758 boc
1441 2703 1641 2773 quippe
1661 2702 1932 2772 significat
1948 2701 2168 2773 imago”:

593 2797 681 2850 vel
719 2796 865 2850 circa
909 2792 965 2850 id
989 2793 1140 2865 quod
1210 2808 1321 2849 non
1355 2795 1520 2850 habet
1554 2793 1908 2859 soliditatem,
1955 2795 2050 2850 sed
2081 2810 2174 2852 so-

596 2887 710 2942 lutn
751 2887 1047 2959 quamdam
1109 2885 1530 2943 similitudinem
1555 2894 1613 2943 et
1642 2885 2001 2943 simulacrum
2030 2899 2174 2941 vera:

594 2979 740 3032 vitaz.

667 3069 836 3124 Vens.
870 3071 957 3125 l5.
998 3089 1015 3121 ι
1047 3070 1182 3137 Quae
1211 3078 1296 3126 est
1327 3072 1472 3126 enim
1497 3071 1607 3125 vita
1640 3067 1860 3125 vestra?
1892 3067 2073 3140 Vapor
2089 3075 2173 3124 est

2285 503 2551 567 ιωτικῶς,
2581 505 2723 557 ἀντί·
2750 505 3016 569 Τοσοῦτος
3048 503 3124 558 ὢν
3159 508 3246 572 σὺ,
3277 508 3394 570 πῶς
3417 508 3622 578 τολμᾷς
3655 509 3862 579 κρίνειν

2283 597 2375 648 τὸν
2404 597 2708 668 ὁμοιοπαθῆ
2741 613 2758 662 ;
2802 616 2820 649 ι
2857 599 2992 666 ’Δγε
3036 597 3153 663 νῦν,
3199 599 3250 652 oi
3283 598 3531 668 λέγοντες
3561 618 3574 632 ο
3609 601 3862 671 Σξμερον

2287 693 2379 744 καὶ
2409 690 2599 759 αὖριον
2651 690 3027 762 πορευσόμεθα
3071 693 3151 752 είς
3193 692 3354 762 τήνδε
3407 693 3506 763 τὴν
3552 695 3736 757 πόλιν,
3770 695 3861 748 καὶ

2285 783 2604 851 ποιήσωμεν
2638 780 2882 854 [vulg.—
2923 782 3115 856 σομεν]
3148 785 3266 837 ἐκεῖ
3290 785 3536 838 ἐνιαυτὸν
3587 787 3710 850 ἕνα,
3769 787 3860 840 καὶ

2284 863 2754 945 ἑμπορευσὼμεθα
2797 873 3298 947 [υυί9.-σόμεθα]
3351 879 3444 931 καὶ
3501 877 3860 950 κερδήσωμεν

2285 964 2742 1039 [υιιίέι.-·σομεν].
2770 985 2791 1019 ι
2859 967 2933 1020 Οὐ
2987 966 3087 1038 τὴν
3124 965 3374 1031 ἐξουσίαν
3423 971 3658 1041 ἀναιρεῖ,
3728 971 3861 1024 ἀλλὰ

2282 1057 2572 1124 δείκνυσιν,
2627 1059 2709 1112 ὅτι
2739 1059 2801 1112 οὐ
2831 1059 2892 1113 τὺ
2932 1060 3041 1113 πᾶν
3086 1059 3252 1114 αὐτοῦ
3281 1062 3451 1127 ἐστιν,
3505 1062 3640 1117 ἀλλὰ
3687 1063 3859 1117 δεῖται

2284 1150 2378 1204 καὶ
2410 1150 2508 1218 τῆς
2534 1150 2647 1205 ἄνω
2670 1150 2909 1223 χάριτος.
2950 1152 3106 1205 Ἔστι
3137 1151 3236 1222 μὲν
3266 1156 3376 1222 γὰρ
3398 1156 3492 1206 καὶ
3517 1156 3739 1224 τρέχειν
3768 1158 3860 1210 καὶ

2283 1241 2712 1310 ἐμπορεύεσθαι,
2738 1244 2832 1296 καὶ
2863 1241 3042 1317 πάντα
3073 1242 3141 1296 τὰ
3173 1243 3309 1313 πρὸς
3349 1246 3410 1296 τὸ
3438 1242 3541 1314 ζῇν
3585 1248 3854 1317 ἐνεργεῖν,

2282 1333 2418 1388 ἀλλὰ
2463 1333 2538 1405 μὴ
2575 1336 2688 1397 τοῖς
2714 1316 2937 1398 οἰκείοις
2967 1335 3151 1400 πόνοις
3174 1335 3334 1389 τοῦτο
3363 1316 3694 1404 λογίζεσθαι,
3723 1337 3858 1393 ἀλλὰ

2282 1429 2348 1496 τῇ
2368 1426 2462 1479 τοῦ
2485 1425 2620 1480 Θεοῦ
2643 1425 3042 1498 φιλανθρωπία.
3063 1429 3200 1496 Φησὶ
3222 1429 3330 1498 γὰρ
3362 1428 3628 1498 Ἱερεμίας
3653 1443 3668 1459 °
3703 1449 3721 1478 ι
3749 1429 3858 1481 Κύ-

2285 1534 2392 1587 ριε,
2424 1519 2524 1572 οὐκ
2553 1520 2609 1572 ὲν
2631 1519 2707 1588 τῷ
2733 1517 3004 1591 ἀνθρώπῳ
3029 1522 3063 1590 ἡ
3092 1521 3209 1584 ὁδὸς
3240 1521 3406 1574 αὐτοῦ
3433 1537 3451 1553 ο
3481 1541 3500 1574 ι
3527 1522 3620 1575 καὶ
3651 1525 3681 1576 ὁ
3712 1523 3858 1592 Παρ-

2281 1611 2593 1681 οιμιαστὴς,
2624 1630 2642 1662 ι
2675 1612 2767 1682 Μὴ
2795 1612 2984 1682 καυχῶ
3015 1612 3082 1666 τὰ
3103 1613 3184 1675 είς
3217 1611 3406 1684 αὔριον
3429 1630 3445 1646 ο
3479 1614 3541 1683 οὐ
3570 1615 3682 1686 γὰρ
3710 1609 3857 1678 οἷδές

2279 1700 2334 1754 τί
2353 1700 2565 1766 τέξεται
2586 1703 2621 1774 ἡ
2649 1701 2897 1758 ὲπιοῦσα.
2929 1722 2948 1755 ι

2351 1986 2372 2018 ι
2413 1965 2624 2031 Οίτινες
2669 1967 2771 2022 οὐκ
2809 1965 3101 2022 ὶπίστασθε
3130 1968 3188 2022 ab
3221 1969 3320 2041 τῆς
3345 1969 3553 2042 αὔριον.
3585 1989 3605 2023 ι
3640 1973 3716 2026 Τὸ
3748 1974 3851 2044 μά-

2273 2072 2422 2110 ταιον
2446 2057 2544 2125 τῆς
2571 2059 2848 2130 ἡμετέρας
2878 2059 3193 2130 ὑποφαίνων
3221 2059 3390 2130 ζωῆς,
3415 2063 3509 2118 καὶ
3543 2067 3848 2136 καταισχύο

2275 2166 2382 2202 νων
2416 2150 2562 2220 ἡμᾶς
2611 2149 2685 2213 ὼς
2724 2152 2854 2221 περὶ
2886 2152 3044 2205 τοῦτο
3065 2153 3126 2206 τὸ
3155 2156 3263 2206 πᾶν
3289 2155 3710 2224 κατατρίϐοντες
3753 2164 3847 2230 τῆς

2275 2239 2442 2310 ζωῆς,
2473 2242 2554 2295 ὅτι
2585 2242 2643 2294 ἐν
2673 2244 3027 2313 προσκαίροις
3053 2247 3240 2307 κακνιῐς
3264 2246 3294 2297 ὁ
3324 2248 3487 2310 κόπος
3515 2247 3671 2317 ἡμῶν
3703 2247 3851 2314 ἄπας

2273 2332 2598 2387 ὲκτελεῖται.
2637 2333 2809 2387 Τοῦτο
2839 2333 2898 2387 δὲ
2932 2336 3028 2390 καὶ
3056 2335 3220 2390 Δαϐίό
3260 2354 3424 2407 φησιν
3453 2353 3472 2369 °
3528 2359 3547 2392 ι
3583 2341 3848 2411 Μέντοιτε

2273 2425 2330 2478 ὲν
2359 2424 2524 2478 εἰκόνι
2566 2425 2946 2497 διαπορεύεται
3004 2427 3311 2498 ἄνθρωπος,
3367 2429 3511 2502 πλὴν
3546 2430 3730 2502 μάτην
3755 2450 3850 2487 τας

2275 2515 2551 2586 ράσσεται.
2589 2535 2608 2568 ι
2661 2516 2953 2584 Τουτέστι,
3003 2522 3132 2592 περὶ
3172 2521 3234 2574 τδ
3285 2522 3361 2594 μὴ
3426 2521 3508 2590 ὃν,
3557 2524 3673 2578 ἀλλ’
3727 2526 3848 2578 ὅσον

2273 2610 2330 2663 ὲν
2358 2611 2603 2678 φάσματι
2633 2609 2933 2681 ὑποστῆναι
2958 2629 2974 2644 ·
2998 2613 3238 2666 τοιοῦτον
3288 2616 3395 2685 γὰρ
3454 2619 3490 2688 ἡ
3543 2618 3709 2670 εἰκὼν
3742 2635 3756 2648 ·
3811 2619 3844 2689 ἢ

2275 2702 2405 2772 περὶ
2441 2701 2502 2756 τὸ
2530 2702 2604 2773 μὴ
2650 2703 3084 2770 αύθυπόστατον,
3118 2707 3234 2761 ἀλλ’
3263 2710 3387 2763 ὅσον
3416 2711 3474 2763 ὲν
3508 2711 3842 2783 ἁφομοιώσει

2274 2789 2369 2844 καὶ
2394 2790 2644 2862 εἰκασμῷ
2672 2793 2770 2864 τῆς
2795 2792 2964 2861 ὅντως
2998 2796 3394 2872 προὸαινούσης
3415 2799 3578 2872 ζωῆς.

2348 3088 2368 3122 ι
2410 3071 2548 3125 Ποία
2601 3071 2712 3144 γὰρ
2745 3073 2780 3145 ἡ
2834 3073 2950 3146 ζωὴ
2999 3075 3198 3147 main;
3251 3074 3444 3149 ’Δτμὶς
3492 3081 3601 3152 γάρ
3636 3081 3838 3154 ἐστινή

594 3163 665 3216 ad
693 3163 966 3218 modicum
1003 3179 1227 3234 parens,
1280 3173 1335 3218 et
1389 3163 1652 3232 deinceps
1693 3162 2168 3218 exterminabitur.

2275 3165 2412 3234 πρὸς
2473 3141 2652 3234 ὀλίγον
2680 3141 3051 3240 estvertqu
3090 3141 3283 3226 ἔπειτα
3342 3141 3836 3248 triduanum:

593 3254 700 3309 Pro
738 3271 805 3311 eo
830 3262 890 3309 ut
928 3256 1126 3311 dicatis
1155 3255 1247 3312 :Si
1275 3255 1536 3312 Dominus
1582 3253 1834 3318 voluerit,
1869 3265 1924 3309 et
1948 3253 1995 3310 si
2017 3253 2170 3310 vixe-

593 3348 790 3415 rimus,
845 3346 1110 3403 faeiemus
1142 3349 1246 3404 hoc
1276 3348 1359 3402 vel
1385 3347 1543 3403 illud.
1573 3365 1594 3399 ι
1632 3374 1701 3387 -
1734 3364 1755 3398 ι
1806 3343 1992 3416 Vapor
2024 3364 2044 3397 ι
2087 3356 2172 3402 est

591 3438 959 3508 compositum
1021 3439 1296 3507 quoddam
1340 3453 1562 3493 aereum
1593 3454 1661 3494 ex
1689 3438 1848 3510 igneo
1877 3439 2082 3504 calore,
2117 3450 2172 3496 et

595 3528 928 3583 buntiditate
965 3530 1248 3593 exhalans,
1285 3529 1568 3585 minimam
1623 3530 1834 3586 habens
1866 3530 2171 3586 subsisten-

598 3618 730 3671 tiatn
763 3620 865 3673 :ob
886 3633 1158 3674 summam
1191 3620 1338 3674 enim
1373 3619 1686 3674 tenuitatem
1715 3635 1742 3672 a
1774 3620 2170 3674 circumstante

588 3722 823 3777 corpore
849 3707 960 3763 cito
974 3707 1229 3777 dejieitur
1253 3723 1319 3764 ac
1343 3707 1684 3775 dissolvitur,
1711 3710 1859 3765 velut
1917 3709 2169 3767 modicus

595 3799 797 3854 humor
839 3799 894 3855 in
936 3815 1100 3870 aqua.
1160 3800 1296 3855 Huic
1326 3801 1494 3872 igitur
1525 3802 1692 3856 vitam
1735 3813 1975 3856 nostram
2010 3817 2166 3857 com-

597 3898 774 3956 parat,
797 3898 853 3945 et
894 3891 1116 3960 quidem
1165 3907 1430 3962 congrue.
1488 3891 1627 3948 Cum
1681 3909 1812 3948 vero
1863 3895 2164 3950 orationent

591 3981 774 4037 haece.
792 3985 1634 4056 comparationeintercepisset,
1666 4001 1859 4042 rursus
1891 3988 1957 4042 ad
1995 3987 2165 4056 ipsam

590 4072 927 4140 regrediens,
971 4089 1318 4144 consequens
1341 4077 1461 4145 ejus
1495 4077 1802 4132 membrum
1858 4078 2118 4148 proponit
2149 4096 2163 4133 :

588 4161 663 4216 ita
692 4163 836 4217 enim
855 4165 1065 4235 integra
1091 4179 1151 4218 se
1173 4165 1336 4221 habet
1361 4184 1374 4219 :
1406 4183 1426 4217 ι
1467 4164 1605 4222 Ecce
1628 4169 2111 4238 nunc,‘quidicitis
2148 4190 2162 4225 :

587 4250 762 4308 llodie
798 4263 893 4308 aut
925 4256 1166 4310 crastino
1192 4257 1393 4312 ibimus
1447 4258 1500 4310 in
1545 4258 1693 4312 illam
1753 4260 2054 4325 civitatem,
2109 4271 2166 4317 et

591 4345 858 4403 faciemus
884 4347 954 4402 ibi
990 4347 1210 4416 quidem
1266 4364 1497 4415 annum,
1556 4359 1612 4405 et
1663 4351 2057 4419 mercabintur,
2110 4361 2165 4409 et

2286 3257 2434 3314 ’Δντὶ
2460 3259 2555 3312 τοῦ
2597 3259 2776 3329 λέγειν
2809 3259 2952 3330 ὑμᾶς
2979 3278 2992 3291 ·
3041 3262 3168 3317 Ἐὰν
3205 3263 3236 3316 ό
3268 3263 3473 3336 Κύριος
3516 3265 3721 3340 θελήσῃ
3755 3269 3839 3322 καὶ

2272 3350 2552 3421 ζήσωμεν,
2609 3353 2703 3406 καὶ
2750 3354 3067 3424 ποιήσωμεν
3105 3351 3540 3431 [vulg—coita]
3583 3359 3764 3424 τοῦτο,
3805 3360 3837 3431 ἦ

2270 3443 2606 3496 ὲκείνο.ι-ι
2650 3443 2843 3514 ’Λτμίς
2886 3463 2905 3498 ι
2946 3445 3065 3500 ἔστι
3120 3446 3382 3514 σύστασις
3441 3451 3690 3523 ἀερώδης
3740 3454 3841 3507 ἀπὸ

2273 3533 2525 3604 ἐμπύρου
2551 3533 2800 3604 θάλψεως
2831 3535 2891 3604 ἐξ
2912 3539 3208 3610 ὑγρότητος
3237 3540 3689 3614 ἀναθυμιωμένη,
3724 3545 3838 3598 ἐλα-

2269 3622 2461 3694 χίστην
2494 3624 2596 3696 τὴν
2622 3624 2880 3680 ὑπόθεσιν
2908 3626 3135 3699 ἔχουσα.
3165 3631 3263 3683 Διὰ
3301 3636 3411 3704 γὰρ
3448 3634 3547 3704 τὴν
3576 3635 3717 3705 ἄγαν
3758 3635 3836 3689 λε-

2271 3714 2514 3784 πτότητα
2545 3717 2755 3788 ταχέως
2784 3717 2948 3791 [deest
2985 3720 3114 3795 ὑπὸ]
3152 3721 3246 3777 τοῦ
3279 3726 3622 3798 περιέχοντος
3652 3732 3840 3798 ἀσινε-

2269 3803 2442 3870 ζεται,
2475 3807 2729 3878 χωροῦσα
2772 3809 2908 3881 πρὸς
2943 3808 3106 3865 τοῦτο
3136 3814 3232 3868 καὶ
3278 3814 3625 3890 διαλυομένη,
3714 3822 3840 3876 καθα

2270 3895 2416 3966 άπερ
2442 3896 2580 3967 πρὸς
2606 3897 2749 3970 ὕδωρ
2775 3899 2950 3971 μικρὰ
2969 3901 3136 3967 νοτίς.
3155 3903 3398 3978 Τοιούτῳ
3421 3909 3725 3978 παρείκασι
3745 3911 3838 3981 τὴν

2268 3989 2544 4059 ἡμετέραν
2575 3987 2743 4060 ζωὴν,
2786 3991 2882 4044 καὶ
2915 3991 3060 4062 μάλα
3112 3994 3408 4064 εὐστόχως.
3449 3999 3835 4073 Μεσελασήσας

2265 4078 2323 4132 δὲ
2347 4077 2426 4149 τῷ
2454 4080 2683 4150 τοιούτῳ
2719 4080 3079 4155 ὑποδείγματι
3106 4086 3199 4140 τὸν
3227 4087 3403 4155 λόγον,
3443 4089 3605 4145 πάλιν
3623 4094 3681 4159 ἐξ
3708 4094 3836 4147 ὑπο-

2269 4173 2511 4241 στροφῆς
2546 4171 2841 4227 ἀποδιδωσι
2871 4175 2934 4228 τὸ
2977 4177 3268 4232 ἀκόλουθον
3320 4181 3489 4252 αὐτῷ.
3534 4185 3692 4238 Ἔστι
3732 4187 3831 4255 γὰρ

2265 4261 2438 4324 οὕτως
2468 4279 2485 4294 ·
2547 4282 2568 4315 ι
2617 4265 2754 4332 Ἄγε
2809 4264 2928 4334 νῦν,
2986 4271 3035 4322 οί
3091 4269 3384 4338 λέγοντες·
3434 4276 3683 4346 Σήμερον
3747 4279 3832 4332 καὶ

2264 4348 2455 4421 αὔριον
2491 4353 2871 4425 πορευτόμεθα
2897 4359 2978 4421 είς
3005 4359 3164 4430 τήνδε
3197 4361 3295 4433 τὴν
3320 4361 3498 4430 πόλιν,
3539 4367 3632 4418 καὶ
3679 4369 3834 4438 ποιή-

589 4437 802 4492 luerum
839 4439 1127 4496 faciemus.
1170 4459 1190 4493 ι
1258 4440 1556 4512 Oportebat
1594 4454 1654 4498 ut
1707 4444 1998 4501 diceretis:
2030 4463 2049 4498 t
2103 4445 2160 4502 Si

2274 4460 2449 4516 σωμεν
2495 4447 2612 4500 ἐκεῖ
2633 4450 2879 4510 ἐνιαυτὸν
2907 4451 3026 4516 ἕνα,
3065 4452 3160 4506 καὶ
3193 4454 3684 4527 ἑμποριυσὼμεθα,
3747 4437 3838 4513 καὶ

590 4530 856 4586 Dominus
911 4530 1162 4597 voluerit,
1195 4542 1250 4586 et
1281 4534 1547 4599 vivemus,
1572 4533 1838 4590 faciemus
1892 4533 1996 4592 hoc
2062 4546 2163 4592 aut

594 4621 752 4677 illud.
783 4640 802 4672 ι

658 4712 823 4767 Vens.
860 4713 946 4768 16.
985 4731 1005 4765 ι
1056 4711 1213 4768 Nunc
1243 4724 1424 4770 autem
1458 4717 1749 4774 exsultatis
1775 4715 1888 4790 (41)
1922 4719 1977 4773 in
2013 4733 2169 4776 arro-

586 4807 789 4873 gantiis
808 4806 1027 4863 vestris.
1081 4827 1100 4860 ι
1131 4809 1454 4880 Quanquam
1479 4812 1614 4868 ordo
1629 4815 1844 4883 exigere
1863 4813 2165 4878 videbatur,

587 4907 649 4951 ut
681 4901 781 4951 hoc
803 4909 958 4954 antea
991 4901 1214 4965 diceret,
1251 4918 1358 4956 non
1384 4911 1561 4958 tamen
1587 4905 1658 4958 ita
1690 4905 1846 4971 fecit;
1879 4907 1972 4962 sed
2004 4908 2175 4964 abru-

589 4999 683 5059 pto
715 4991 974 5060 tantisper
1013 5009 1109 5060 per
1148 4995 1529 5064 interpositum
1565 5000 1870 5068 exemplum
1905 5001 2172 5058 orationis

587 5096 755 5145 nexu,
790 5091 849 5136 ut
874 5083 1166 5136 vanitatem
1191 5085 1566 5154 occupationis
1598 5095 1800 5144 nostra:
1839 5089 1986 5145 circa
2020 5090 2166 5146 hunc

586 5176 878 5238 mundum,
908 5175 1070 5242 cujus
1104 5188 1270 5230 causa
1305 5177 1563 5244 superbia
1587 5187 1692 5240 est,
1721 5179 1953 5249 imagine
1989 5181 2166 5250 aliqua

585 5272 1029 5331 demonstraret,
1067 5281 1253 5338 postea
1284 5271 1588 5342 subiunxit,
1620 5273 1767 5343 quod
1821 5274 2022 5328 deerat.
2077 5274 2169 5329 Sic

583 5362 727 5416 enim
756 5376 938 5417 sermo
955 5361 1057 5416 iste
1085 5377 1144 5416 se
1168 5361 1330 5418 habet
1364 5380 1378 5417 :
1413 5381 1432 5415 t
1463 5363 1758 5420 Exsultatis
1802 5365 1854 5419 in
1905 5380 2165 5436 arrogan-

2265 4536 2631 4608 κερδανοῦμεν
2657 4554 2669 4566 ’
2705 4559 2724 4591 ι
2763 4541 2881 4605 ἐξὸν
2923 4541 3104 4609 λέγειν
3136 4545 3280 4614 ὑμᾶς
3309 4562 3326 4577 ⁶
3352 4567 3372 4604 ι
3421 4549 3546 4601 Ἐὰν
3577 4552 3607 4603 ό
3639 4549 3838 4622 Κύριος

2265 4626 2488 4701 θελήσῃ,
2522 4630 2618 4685 καὶ
2641 4631 2920 4702 ζήσωμεν,
2946 4634 3042 4688 καὶ
3067 4636 3384 4708 ποιήσωμεν
3414 4639 3475 4693 τὸ
3502 4642 3598 4695 καὶ
3624 4643 3702 4695 τό.
3743 4661 3763 4694 ι

2344 4739 2363 4772 ι
2403 4719 2515 4777 Νῦν
2545 4722 2602 4777 δὲ
2645 4725 2922 4796 καυχᾶσθε
2965 4728 3025 4780 ἐν
3069 4730 3190 4792 ταῖς
3230 4729 3573 4798 ἀλαζονείαις
3607 4734 3777 4803 ὑμῶν.
3810 4755 3830 4787 ι

2266 4809 2451 4877 Οὕτως
2499 4813 2650 4880 ὄντος
2681 4816 2775 4870 τοῦ
2818 4818 3134 4886 ἀκολούθου,
3193 4822 3254 4874 ού
3302 4823 3460 4878 τοῦτο
3502 4829 3667 4893 ποιεί,
3701 4827 3838 4882 ἀλλὰ

2268 4903 2531 4974 διακόψας
2559 4905 2638 4978 τῷ
2671 4909 3078 4982 παραδείγματι
3103 4913 3204 4984 τὴν
3228 4914 3509 4986 συνέχειαν
3530 4919 3626 4971 τοῦ
3652 4920 3832 4987 λόγου,

2271 4999 2409 5068 μετὰ
2446 5000 2621 5054 ταῦτα
2655 5004 2925 5074 ἐπήνεγκε
2955 5006 3016 5060 τὸ
3043 5007 3312 5071 ἐλλεῖπον,
3353 5009 3566 5078 φθάσας
3617 5014 3703 5066 διὰ
3736 5014 3834 5080 τῆς

2267 5091 2360 5144 τοῦ
2386 5093 2713 5163 πράγματος
2748 5099 2958 5162 εἰκόνος
2987 5097 3049 5154 τὸ
3084 5100 3317 5170 μάταιον
3359 5102 3633 5168 ὑποδεῖξαι
3656 5104 3747 5157 τοῦ
3772 5104 3840 5169 ἐξ

2265 5181 2583 5246 ἀλαζονείας
2629 5187 2757 5256 περὶ
2801 5187 2953 5243 τόνδε
3010 5189 3102 5244 τὸν
3162 5192 3368 5263 κόσμον
3421 5194 3833 5264 περισπασμοί

2269 5276 2426 5329 Ἔστι
2457 5278 2565 5349 γὰρ
2596 5275 2770 5343 οὕτως
2797 5296 2811 5312 °
2859 5301 2879 5335 ι
2923 5283 3212 5355 Καυχᾶσθε
3262 5287 3318 5339 ὲν
3346 5286 3466 5349 ταῖς
3495 5286 3835 5352 ἀλαζονείαις

2266 5367 2438 5439 ὑμῶν.
2480 5387 2501 5421 ι
2560 5369 2760 5437 Τίνες;
2825 5392 2843 5426 ι
2877 5374 3086 5440 Οίτινες
3152 5377 3252 5430 οὒκ
3313 5375 3608 5432 ἐπίστασθε
3653 5377 3712 5434 τὸ
3752 5379 3835 5445 είς

665 5515 710 5545 δ’
739 5511 1138 5580 Jerem.x,2'5.
1213 5513 1260 5546 ⁸³
1291 5513 1452 5569 Prov.
1486 5531 1657 5582 xxvii,
1701 5516 1752 5569 l.
1826 5515 2042 5572 “Psal.
2085 5533 2313 5582 xxxvnt,
2350 5521 2405 5572 7.

1711 5636 2018 5702 Bonifacii
2066 5638 2297 5702 Finetli
2343 5652 2530 5704 nota).

653 5735 876 5793 lillGr.
903 5736 1206 5793 alorimuiui
1241 5737 1291 5790 in
1325 5738 1599 5808 superbus.
