4102 6302
556 277 687 345 1211
1441 280 1983 341 THEOPHYLACT
1995 283 2015 340 ί
2057 282 2176 345 BU]

2212 283 2463 344 ῧᾹΒΙΛῈ
2487 285 2845 346 ARCHIEP.
3663 281 3832 350 12ιῖ

558 405 620 450 ιιι
638 394 865 448 virtutes
883 391 1216 448 annuntietis
1235 391 1373 460 ejus,
1394 393 1486 462 qui
1501 394 1568 447 de
1585 393 1825 449 tenebris
1847 409 1944 448 vos
1964 408 2123 447 voea-
2147 395 2178 454 Α

2223 393 2573 466 ἐξαγγείλητε
2601 395 2698 449 τοῦ
2729 397 2796 450 ἐκ
2827 395 3049 460 σκότους
3083 397 3227 465 ὑμᾶς
3251 396 3586 462 καλέσαντος
3629 400 3708 463 εἱς
3747 401 3822 453 τὸ

558 489 637 541 vit
667 486 721 541 in
763 483 1084 540 admirabile
1113 486 1290 540 lumen
1322 501 1501 540 suum.
1539 485 1643 552 Qui
1676 485 1970 556 aliquando
2005 500 2116 540 non

2221 486 2533 555 θαυμαστὸν
2548 487 2716 541 αὑτοῦ
2748 487 2880 557 φῶς.
2915 489 2980 542 οι
3010 489 3136 542 ποτὲ
3158 492 3219 543 οὔ
3249 490 3399 554 λαὸς,
3457 491 3554 545 νῦν
3584 490 3647 546 δὲ
3677 493 3818 556 λαδς

555 577 810 649 populus,
838 591 984 631 nunc
1011 586 1190 630 autem
1221 578 1451 645 pepulits
1479 577 1570 631 Dei
1605 594 1618 632 :
1657 577 1750 648 qui
1789 593 1894 632 non
1926 593 2124 634 conse-

2221 578 2354 632 Θεοῦ
2380 594 2396 610 ·
2421 580 2470 633 οἱ
2492 580 2593 634 οὐκ
2621 580 2935 652 ἠλεημένοι,
2962 579 3056 633 νῦν
3082 580 3139 634 δὲ
3167 581 3502 652 “sues-123:.
3540 601 3562 633 ι
3602 584 3818 637 Διαϐα-

557 671 667 726 cuti
718 669 1171 730 misericordiam.
1245 684 1390 724 nunc
1447 678 1627 726 autem
1689 671 2121 727 misericordiam

2222 671 2329 724 λὼν
2363 673 2462 742 τὴν
2487 672 2597 727 τῶν
2639 672 3010 728 ἀπειθούντων
3071 675 3473 746 κακοτροπιαν,
3529 676 3627 731 καὶ
3656 678 3818 740 ὅπως

559 761 862 818 consecuti.
897 779 917 814 ι
958 760 1254 830 Postquam
1287 776 1397 815 non
1429 762 1766 818 credentium
1821 763 2122 833 nequitiam

2224 765 2377 818 αὐτοὶ
2401 765 2614 828 ἑαυτοῖς
2642 766 2983 836 κατέστησαν
3008 767 3172 821 αἴτιοι
3203 767 3504 832 ἀπειθείας.
3524 768 3618 823 νῦν
3635 786 3816 840 μετα·

557 855 858 910 inscctatus
885 860 988 916 est,
1005 867 1261 909 asserens
1284 869 1380 909 eos
1397 853 1756 926 sibimetipsis
1791 855 2127 913 inﬁdelitatis

2222 852 2398 908 σαίνει
2427 852 2566 922 πρὸς
2593 851 2815 907 ἔπαινον
2844 852 2956 907 τῶν
2980 853 3444 923 κατωρθωκότων,
3488 853 3584 908 καί
3614 871 3814 926 φησιν,

559 961 778 1002 causam
797 944 967 1001 fuisse
999 963 1014 1000 ε
1048 961 1195 1001 notio
1211 950 1284 1001 ad
1303 960 1516 1012 eorum,
1547 948 1640 1018 qui
1673 953 2128 1020 recteges'scrunt

2223 947 2306 1001 ὃτι
2344 963 2363 997 ι
2406 945 2594 1016 Ὑμεῖς
2624 965 2645 998 ι
2691 947 2742 1000 οἱ
2783 943 3231 1018 κατωρθωκότες,
3274 965 3293 998 ι
3330 945 3491 1010 γένος
3528 944 3813 1009 ἐκλεκτὸν,

561 1038 776 1093 laudem
810 1052 1117 1093 sermonem
1148 1039 1442 1103 convertit,
1465 1041 1651 1110 aitque
1681 1057 1696 1095 :
1751 1059 1771 1092 ι
1804 1042 1938 1109 Vos,
1973 1062 1994 1097 ι
2031 1044 2125 1112 qui

2227 1036 2498 1108 βασίλειον
2519 1037 2821 1110 ἱεράτευμα
2850 1052 2866 1069 ⁸
2900 1056 2919 1089 ι
2956 1037 3145 1108 ὥσπερ
3206 1039 3258 1092 εἱ
3312 1037 3500 1107 ἔλεγεν
3527 1055 3543 1070 ο
3575 1037 3814 1092 Ἐκεῖνοι

561 1139 710 1188 recte
739 1131 1005 1202 gessistis,
1042 1149 1060 1183 ι
1103 1147 1276 1202 genus
1314 1150 1331 1184 ι
1360 1133 1492 1188 estis
1530 1153 1547 1186 ι
1577 1133 1834 1201 electum,
1863 1149 1928 1193 ac
1951 1137 2129 1208 regale

2229 1128 2330 1201 μὲν
2357 1130 2446 1184 διὰ
2467 1129 2819 1202 σκληρότητα
2848 1129 2943 1182 καὶ
2963 1130 3252 1184 ἀπείθειαν
3283 1147 3305 1181 ε
3341 1128 3696 1201 προσέκοψαν
3728 1129 3814 1199 τῷ

561 1225 963 1290 sacerdotium;
1004 1243 1024 1278 ι
1065 1226 1220 1294 quasi
1242 1224 1447 1282 diceret
1485 1226 1610 1281 :llli
1654 1227 1873 1298 quidem
1907 1240 2128 1300 propter

2226 1222 2626 1294 ἀκρογωνιαὶῳ,
2663 1240 2683 1276 ο
2725 1221 2843 1277 ἀλλ’
2865 1223 2928 1277 οὐ
2965 1222 3516 1295 συνῳκοδομήθησαν.
3544 1241 3566 1276 ε
3615 1222 3816 1296 Ὑμεῖς

562 1315 840 1378 duritiem.
858 1325 910 1372 et
933 1315 1308 1371 inlidelitatem
1328 1331 1482 1371 suam
1506 1334 1524 1368 ι
1549 1316 1894 1389 impegerunt
1916 1317 1970 1373 in
1991 1318 2131 1388 lapi-

2225 1311 2284 1367 δὲ
2319 1331 2341 1365 ι
2366 1313 2433 1366 δι’
2465 1312 2781 1368 εὐπείθειαν
2812 1313 3298 1387 συνῳκοδομήθητε
3327 1316 3410 1381 εἱς
3474 1334 3496 1368 ε
3527 1315 3825 1389 βατίλειον

563 1408 684 1462 dem
705 1406 1068 1474 angularem,»
1094 1415 1147 1459 at
1176 1422 1282 1461 non
1301 1405 1602 1463 simulcum
1624 1407 1743 1478 ipso
1763 1410 1816 1463 in
1834 1409 2147 1467 aedilicium.

2230 1402 2566 1476 ἱεράτευμα,
2609 1422 2630 1457 ι
2685 1404 2763 1469 ὡς
2831 1425 2850 1457 ε
2891 1407 3048 1474 γένος
3097 1405 3376 1474 ἐκλεκτὸν,
3409 1425 3429 1459 ι
3461 1407 3538 1471 ὡς
3597 1423 3618 1460 ι
3657 1407 3817 1470 ἔθνος

564 1499 920 1553 coaluerunt:
949 1517 968 1551 ‹
999 1497 1105 1553 Vos
1131 1517 1150 1550 ι
1186 1505 1365 1552 autem
1391 1508 1610 1571 propter
1626 1499 1783 1574 361
1814 1502 2127 1559 ﬁdelitatem

2227 1492 2406 1561 ἅγιον.
2440 1513 2462 1548 ε
2513 1494 2661 1567 Πλὴν
2713 1495 2803 1550 ἵνα
2830 1495 2906 1567 μὴ
2959 1495 3038 1568 τῷ
3089 1496 3333 1568 περιττῷ
3358 1497 3568 1569 ἐπαίνῳ
3606 1498 3820 1567 suum

563 1598 617 1644 et
651 1588 1014 1644 obedientiam
1044 1590 1361 1646 coaediﬁcati
1384 1593 1516 1648 estis
1537 1591 1590 1646 in
1625 1610 1645 1644 ι
1671 1594 1852 1664 regale
1869 1596 2133 1651 sacerdo-

2230 1586 2451 1665 αὐτοὺς,
2493 1585 2669 1654 ἄλλως
2689 1604 2750 1642 τε
2780 1587 2874 1641 καὶ
2909 1587 2994 1641 ἵνα
3038 1588 3114 1659 μὴ
3157 1587 3624 1661 ἅποκληρωτικῶς
3645 1588 3823 1655 668m-

568 1682 700 1736 tiuni
737 1701 755 1734 ι
787 1682 933 1736 velut
966 1699 984 1734 ι
1009 1697 1178 1752 genus
1203 1683 1452 1746 electum,
1477 1683 1655 1741 ivelut
1677 1704 1696 1737 ι
1721 1702 1858 1756 gens
1877 1697 2122 1744 sancta.»
2169 1753 2188 1756 _

2233 1695 2318 1735 σιν
2333 1678 2478 1750 ἔχειν
2504 1679 2567 1735 τδ
2594 1698 2612 1732 ι
2637 1679 2792 1748 ἅγιον
2818 1679 2995 1743 ἔθνος,
3030 1696 3052 1732 ε
3091 1681 3186 1734 καὶ
3205 1681 3306 1735 ὅσα
3333 1679 3482 1751 ἑξῆς,
3498 1681 3595 1735 καὶ
3609 1682 3693 1734 ὅτι
3726 1681 3820 1734 διὰ

567 1775 822 1829 A:tameu
851 1791 915 1829 ne
941 1775 1108 1828 nimia
1142 1775 1301 1832 laude
1325 1793 1521 1847 segnes
1553 1793 1648 1834 eos
1685 1778 1957 1845 redderet.
1991 1797 2129 1838 neve
2167 1753 2187 1808 ί

2203 1761 2207 1801 ί
2235 1771 2405 1826 τὸτοῦ
2447 1771 2702 1844 ’Δδραάμ
2728 1771 2888 1842 γένος
2910 1770 3053 1827 εἶναι
3085 1773 3181 1827 καὶ
3233 1773 3508 1844 μηδέποτε
3551 1774 3823 1844 ’προσκό-

571 1873 843 1933 putarent,
862 1866 1004 1935 quod
1024 1882 1116 1936 per
1134 1867 1499 1924 hatreditatem
1522 1868 1911 1927 habereutcsse
1930 1887 2134 1943 «genus

2233 1863 2358 1934 ψαι,
2407 1861 2614 1934 ταύτης
2668 1863 2985 1936 ἠξιώθησαν
3023 1865 3120 1936 τῆς
3157 1863 3346 1934 τιμῆς,
3391 1866 3585 1933 ἐπάγει
3649 1883 3820 1920 κατα-

570 1970 838 2024 sanctum,
867 1977 884 2011 ι
918 1967 1051 2025 ctc.,
1080 1961 1305 2029 etquod
1354 1969 1504 2018 tanto
1549 1962 1738 2019 donati
1788 1976 1972 2020 essent
2032 1966 2132 2022 ho-

2237 1954 2471 2010 στέλλων
2502 1954 2684 2010 αὐτῶν
2703 1955 2766 2010 τὸ
2798 1955 3078 2027 φρόνημα,
3104 1955 3200 2012 καί
3226 1973 3415 2028 φησιν,
3439 1958 3523 2011 ὅτι
3555 1957 3646 2027 Μὴ
3670 1959 3821 2028 μέγα

572 2065 706 2106 nore
764 2062 1045 2120 propterea
1095 2054 1240 2122 quod
1291 2062 1474 2108 essent
1528 2072 1698 2125 genus
1759 2059 2014 2122 Abraha».
2081 2066 2134 2112 et

2235 2048 2329 2101 ἐπὶ
2377 2047 2455 2118 τῷ
2501 2047 2650 2118 γένει
2707 2049 2975 2121 φρονεῖτε.
3025 2048 3100 2103 Οὐ
3161 2047 3272 2121 γὰρ
3316 2048 3405 2103 διά
3445 2048 3821 2120 τδνἎσραὰμ

574 2158 849 2213 nunquam
873 2143 1226 2215 iinpegisscnt
1256 2162 1274 2202 ι
1307 2155 1364 2201 ιιι
1390 2147 1677 2204 elationem
1736 2166 1925 2208 eorum
1959 2155 2137 2224 repri-

2238 2138 2523 2208 ἐξελέγητε
2577 2140 2658 2204 εἱς
2735 2157 2753 2192 ι
2794 2138 3066 2210 βασίλειον
3125 2139 3432 2211 ἱεράτευμα
3465 2157 3480 2173 ο
3525 2159 3546 2192 ι
3609 2141 3658 2194 οἱ
3708 2142 3822 2213 γὰρ

574 2246 764 2316 meret,
805 2240 992 2296 subdit
1025 2241 1243 2299 :Nolite
1279 2254 1499 2313 propter
1544 2262 1717 2315 genus
1741 2250 2033 2320 magniﬁce
2067 2253 2136 2308 de

2235 2228 2296 2293 ἐξ
2313 2229 2478 2282 αὑτοῦ
2507 2228 2862 2300 προελθόντες
2886 2229 3284 2302 διεσταλμένην
3305 2229 3451 2302 εἶχον
3509 2232 3609 2303 τὴν
3667 2233 3822 2304 lepa-

573 2330 727 2386 vobis
763 2331 1004 2387 sentite:
1039 2349 1149 2388 non
1191 2336 1334 2389 enim
1368 2319 1888 2406 propter-Abraham
1910 2341 1963 2394 in
2003 2361 2021 2394 ι
2048 2358 2135 2397 τοο

2235 2322 2386 2374 τείαν
2420 2322 2552 2392 πρὸς
2582 2323 2681 2393 τὴν
2711 2319 3010 2392 βασιλείαν.
3029 2322 3104 2377 οὐ
3133 2322 3220 2376 διὰ
3242 2322 3334 2378 τὸν
3404 2323 3655 2395 Ἀδραᾶμ
3705 2324 3818 2376 τοὶ-

572 2422 690 2490 galc
711 2423 1073 2478 sacerdotium
1112 2443 1131 2478 ι
1166 2425 1320 2480 electi
1349 2429 1530 2483 estis:
1573 2429 1663 2499 qui
1722 2430 1866 2485 enim
1916 2433 1970 2486 in
2019 2434 2136 2503 ipso

2237 2431 2332 2466 νυν
2359 2432 2378 2466 ι
2408 2412 2560 2476 ἔθνος
2591 2431 2610 2465 ι
2638 2412 2761 2467 ἐστὶ
2797 2431 2816 2464 ι
2872 2413 3028 2482 ἆγιον
3065 2432 3084 2466 ι
3117 2414 3208 2467 καὶ
3247 2432 3265 2466 ι
3300 2413 3471 2482 γένος,
3490 2414 3764 2479 ἐκλεκτδν,
3789 2431 3811 2467 ε

575 2513 822 2582 prognati
851 2516 1382 2592 sunt,sacerdotium
1423 2533 1454 2574 a
1485 2520 1630 2590 regia
1656 2520 1923 2592 dignitate
1949 2539 2138 2580 secre-

2236 2506 2330 2558 καὶ
2357 2506 2438 2566 εἱς
2483 2523 2502 2556 ‹
2537 2503 2808 2574 βασίλειον
2834 2505 3140 2577 ἱεράτευμα
3168 2523 3187 2556 ι
3223 2507 3623 2591 ἀφωρισμέναι,
3677 2507 3815 2561 ἀλλὰ

575 2615 686 2661 tum
709 2604 948 2661 habuere
979 2621 994 2659 :
1025 2621 1130 2661 non
1155 2608 1320 2680 igitur
1347 2619 1568 2681 propter
1585 2613 1857 2668 Abraham
1883 2630 1982 2672 vos
2003 2618 2139 2673 estis

2237 2598 2324 2650 διὰ
2357 2597 2612 2665 Χριστὸν,
2649 2595 2709 2660 ὃς
2725 2596 2822 2651 καλ⁵
2851 2616 2870 2650 ι
2931 2597 3137 2668 ’ἱερεὺς
3173 2599 3315 2653 κατὰ
3343 2598 3442 2672 τὴν
3496 2598 3649 2666 τάξιν
3670 2601 3814 2656 Μελ-

580 2715 603 2752 ε
643 2714 777 2768 gens
805 2707 1015 2767 sancta,
1043 2709 1096 2755 et
1123 2716 1295 2772 genus
1335 2703 1568 2759 electum
1631 2713 1686 2760 et
1720 2705 1774 2761 in
1825 2709 2006 2779 regale
2053 2724 2142 2765 sa-

2239 2690 2494 2760 χιαεδὲκι
2529 2691 2928 2762 κεχρημάτικε,
2982 2691 3082 2744 καὶ
3117 2709 3138 2744 ι
3180 2690 3449 2755 Βασιλεὺς
3497 2691 3696 2764 πραῢς,
3738 2693 3815 2748 δί-

576 2790 877 2845 cerdotium
917 2810 936 2842 ι
980 2793 1247 2863 segregati
1276 2811 1296 2861 ,°
1323 2794 1416 2851 sed
1442 2805 1665 2868 prepter
1689 2796 1988 2865 Christum,
2045 2801 2139 2871 qui

2241 2800 2414 2848 καιος.
2445 2783 2537 2838 καὶ
2571 2783 2781 2849 σώζων.
2819 2802 2840 2836 ι
2869 2783 2960 2852 Ἐξ
2984 2783 3150 2839 αὐτοῦ
3179 2784 3359 2839 τοίνυν
3391 2783 3489 2840 τοῦ
3527 2785 3596 2840 τὰ
3642 2787 3815 2858 ἀμφό-

574 2892 630 2935 et
669 2900 688 2934 ι
727 2882 995 2947 Sacerdos
1026 2885 1328 2940 secundum
1351 2887 1599 2944 ordinem
1625 2889 2026 2947 Melchisedech
2059 2893 2134 2945 "i

2239 2893 2374 2948 τερα
2401 2877 2696 2948 ἐσχηκότος
2723 2875 2812 2930 διά
2837 2875 2932 2929 τοῦ
2967 2877 3126 2946 ἁγίου
3146 2877 3602 2950 ἀναγεννηθέντες
3631 2877 3814 2949 βαπτι·

577 2975 757 3028 dictus
774 2985 879 3040 est,
907 2983 960 3030 ct
986 2995 1002 3028 ι
1023 2976 1136 3031 Rex
1161 2981 1699 3049 mansuetus,justus
1715 2988 1768 3035 et
1783 2979 2136 3039 Salvator'°.r

2245 2985 2471 3040 σματος,
2495 2968 2720 3032 εἰκότως
2744 2968 2841 3023 καὶ
2873 2987 2893 3020 ‹
2931 2968 3088 3037 γένος
3140 2969 3398 3024 ὲκλεκτδν
3434 2989 3454 3022 ι
3489 2971 3810 3044 χρηματιςε.

577 3064 809 3169 Exﬂipso
840 3067 1003 3138 igitur
1028 3067 1118 3138 qui
1151 3076 1438 3169 utramque
1464 3075 1874 3143 praerogativam
1929 3074 2139 3140 habuit,
2168 3110 2197 3169 ί

2188 3110 2212 3169 3
2244 3077 2327 3128 τε,
2361 3061 2456 3115 καὶ
2482 3059 2786 3131 «βασίλειον
2816 3061 3136 3134 ἱεράτευμα.
3165 3081 3188 3116 ι
3221 3060 3394 3118 Τοῦτο
3412 3062 3472 3117 δὲ
3501 3063 3635 3132 ἐλέῳ
3654 3061 3808 3117 αὐτοῦ

583 3173 604 3206 ε
643 3155 754 3212 Vos
789 3175 806 3207 ι
830 3166 1023 3212 sancto
1054 3159 1278 3228 regeniti
1305 3161 1631 3232 baptismate
1692 3173 1745 3218 et
1781 3181 1799 3215 ι
1824 3178 1999 3234 genus
2039 3165 2144 3221 ele—
2171 3151 2203 3169 ν

2196 3151 2211 3168 ⁵
2249 3171 2269 3205 ι
2295 3151 2393 3207 τοῦ
2420 3153 2748 3217 καλέσαντος
2765 3154 2914 3227 ὑμᾶς
2943 3173 2964 3209 ε
2986 3155 3171 3225 ἔχετε»
3194 3155 3260 3210 ὲκ
3290 3156 3514 3221 σκότους
3533 3157 3816 3222 εἱςτδθαυ-

575 3258 746 3311 ctum,
779 3260 832 3306 et
872 3253 1050 3325 regale
1080 3254 1442 3311 sarerdotium
1469 3273 1488 3308 ι
1550 3257 1938 3316 convenienter
1960 3257 2148 3330 appel-

2247 3245 2449 3320 μαστὸν
2471 3245 2638 3303 αὑτοῦ
2660 3245 2800 3320 φῶς.
2839 3265 2861 3302 ι
2893 3246 2987 3304 Διδ
3014 3247 3108 3303 διὰ
3137 3246 3246 3304 τῶν
3286 3248 3380 3303 τοῦ
3429 3251 3607 3317 φωτὸς
3644 3250 3806 3320 ἔργων

578 3341 786 3398 lamini.
806 3343 922 3399 Hoc
949 3354 1128 3401 autem
1151 3355 1323 3401 totum
1347 3347 1560 3403 habetis
1578 3349 1954 3406 misericordia
1973 3352 2142 3417 illius,

2243 3340 2355 3418 τοῖς
2375 3337 2556 3402 ἄλλοις
2582 3336 2892 3408 ἀνθρώποις
2923 3337 3278 3409 ἐξαγγέλλετε
3312 3341 3410 3404 τὰς
3457 3341 3662 3412 ἀρετάς
3718 3343 3808 3395 αὑ-

585 3457 603 3491 ι
650 3438 744 3508 qui
773 3439 841 3493 de
868 3441 1111 3494 tenebris
1145 3457 1240 3496 vos
1281 3443 1495 3496 vocavit
1518 3443 1571 3498 in
1599 3445 1919 3502 admirabile
1957 3446 2144 3501 lumen

2243 3427 2361 3485 τοῦ.
2392 3428 2562 3484 Τοῦτο
2597 3429 2720 3501 μὲν,
2755 3432 2947 3501 φησιν,
2987 3434 3053 3487 εκ
3081 3435 3182 3506 τῆς
3207 3433 3417 3487 ἐκείνου
3450 3434 3603 3504 εχετε
3634 3433 3809 3505 φιλαν-

579 3543 760 3584 suum.
802 3549 821 3582 ι
881 3530 1242 3597 Quamobrem
1283 3550 1377 3603 pcr
1409 3551 1570 3605 opera
1630 3537 1770 3593 lucis
1803 3537 1926 3593 aliis
1973 3539 2148 3594 homi-

2253 3519 2501 3594 θρωπὶας
2544 3538 2559 3554 ο
2588 3523 2733 3589 ἐπεὶ,
2772 3524 2834 3577 τό
2870 3539 2933 3592 γε
2956 3527 3039 3588 εἱς
3067 3525 3214 3596 ὑμᾶς
3237 3520 3394 3598 ἧκον,
3432 3544 3451 3577 ι
3485 3525 3616 3589 λαός
3639 3545 3662 3580 ι
3705 3527 3808 3578 ἐστι

581 3617 745 3674 nibus
769 3620 998 3676 rirtntcs
1029 3621 1148 3690 ejus
1182 3631 1337 3697 notas
1396 3623 1580 3680 facile.
1617 3624 1732 3681 Hoc
1776 3627 2018 3697 quidem,
2063 3630 2148 3684 in—

2255 3632 2275 3666 ι
2307 3615 2358 3668 oi
2382 3614 2514 3667 ποτὲ
2571 3613 2632 3668 οὐ
2664 3613 2815 3682 λαὸς,
2846 3616 2942 3670 καὶ
2965 3615 3282 3687 ἠλεημένοι,
3317 3617 3369 3670 οἱ
3423 3619 3523 3670 οὐκ
3587 3617 3804 3688 ἠλεημέ⁸

583 3711 722 3780 quit,
746 3727 810 3765 ex
855 3711 1015 3782 hujus
1044 3693 1375 3784 benignitate
1405 3715 1616 3773 habetis
1651 3734 1664 3768 :
1702 3693 2146 3790 quandoquidem

2247 3721 2354 3761 νοι.
2391 3724 2409 3758 ι
2445 3705 2948 3780 ’Λνεπαχθὲστερον
2974 3705 3031 3762 δὲ
3064 3708 3157 3764 τὸν
3177 3707 3334 3777 λόγον
3355 3707 3546 3774 ποιῶν,
3572 3709 3635 3775 ἐξ
3673 3709 3814 3779 Ὠσηὲ

583 3802 716 3858 illud
748 3802 800 3856 in
837 3819 930 3858 vos
958 3802 1256 3873 quadrat:
1296 3823 1315 3855 ι
1375 3803 1616 3875 Populus
1655 3825 1674 3857 ι
1727 3807 1884 3872 estis,
1915 3809 2007 3878 qui
2048 3809 2151 3864 ali-

2251 3797 2532 3854 πιστοῦται
2563 3799 2656 3856 τὸν
2697 3798 2854 3868 λόγον
2908 3798 3002 3854 τοῦ
3052 3799 3382 3872 ὀνειδισμούζ
3448 3801 3811 3871 Ἑξαγγέλλετε

580 3896 803 3968 quando
834 3915 851 3949 ι
889 3912 1001 3951 non
1033 3897 1266 3967 populus
1306 3915 1328 3950 ι
1366 3908 1422 3953 et
1452 3897 1613 3954 modo
1649 3916 1670 3951 r
1708 3901 2148 3956 misericordiam

2249 3891 2546 3965 τοιγαροῦν
2570 3893 2642 3948 δι’
2673 3892 3046 3965 ἁγαθοεργὶας
3081 3895 3181 3957 τὰς
3212 3895 3416 3965 ἀρετάς
3466 3894 3654 3949 αὐτοῦ.
3705 3891 3815 3955 Πῶς

581 3992 886 4056 consecuti,
929 4009 949 4044 ι
988 3992 1080 4061 qui
1111 3991 1238 4048 olim
1285 4010 1304 4044 ι
1339 3993 1770 4048 misericordiam
1818 4008 1928 4050 non
1955 4009 2151 4050 cense-

2249 3985 2307 4038 δὲ
2329 3984 2784 4054 ὲξαγγέλλουσιν;
2818 3985 2992 4050 Αὐτὸς
3023 3987 3052 4039 ὁ
3083 3987 3284 4057 Κύριος
3325 3986 3594 4053 διδάσκει,
3641 3987 3712 4042 δι’
3750 3979 3815 4039 ῶν

581 4083 712 4137 cuti.
753 4102 772 4135 ι
816 4082 884 4139 Ut
911 4093 1093 4138 autem
1134 4084 1316 4140 minus
1341 4085 1449 4141 illis
1489 4093 1780 4141 nzolestuut
1837 4101 2148 4142 sermonem

2251 4094 2416 4148 φησιν
2440 4095 2454 4110 ο
2505 4097 2524 4130 ι
2555 4077 2713 4132 Οὕτω
2752 4077 3026 4150 λαμψάτω
3075 4080 3135 4133 τὸ
3175 4078 3293 4149 φῶς
3348 4080 3478 4150 ὑμῖν
3520 4078 3815 4151 ἔμπροσθεν

583 4188 745 4228 suum
789 4172 1060 4238 redderet,
1111 4172 1583 4242 exprobrationem
1631 4173 1813 4228 verbis
1849 4173 1989 4230 Osee
2027 4189 2153 4243 pro-

2250 4169 2358 4224 τῶν
2395 4167 2722 4241 ἀνθρώπων,
2756 4170 2906 4234 ὅπως
2941 4169 3094 4224 ἴδωσι
3138 4170 3204 4224 τὰ
3251 4170 3393 4224 καλὰ
3457 4169 3612 4239 ὑμῶν
3670 4171 3813 4243 ἔργα.

583 4263 760 4333 pheta:
795 4262 1098 4318 contexuit.
1153 4262 1320 4334 Igitur
1377 4279 1471 4333 per
1521 4265 1659 4318 bona
1711 4279 1876 4331 opera
1923 4265 2152 4320 virtutes

2259 4262 2357 4317 καὶ
2388 4261 2656 4330 δοξάσωσι
2680 4263 2770 4317 τὸν
2800 4263 3020 4334 Πατέρα
3054 4263 3218 4334 ὑμῶν,
3273 4262 3370 4316 τὸν
3406 4263 3466 4316 ὲν
3512 4264 3625 4327 τοῖς
3667 4264 3817 4334 οὐρα-

583 4356 926 4410 aununtiate.
952 4355 1072 4421 Qua
1102 4368 1228 4410 vero
1259 4355 1470 4410 ratione
1515 4357 1840 4412 annuntiare
1888 4370 1981 4412 eas
2030 4371 2156 4425 pos-

2254 4356 2386 4420 νοϊς.
2426 4375 2446 4406 ι
2471 4387 2540 4396 --
2577 4373 2597 4406 ι
2622 4355 2767 4419 Λαὸς
2785 4355 2842 4410 δε
2867 4355 2946 4420 είς
2971 4353 3345 4427 περιποίησιν,
3381 4371 3401 4405 ι
3442 4353 3567 4408 ἀντὶ
3598 4354 3716 4418 τοῦ,
3748 4355 3815 4415 είς

583 4450 719 4514 sint,
741 4447 959 4504 edocuit
994 4447 1252 4504 Dominus
1285 4463 1409 4503 cum
1438 4448 1514 4503 ait
1544 4449 1586 4480 ⁸¹
1615 4469 1630 4503 :
1660 4467 1679 4501 ι
1736 4447 1828 4504 Sic
1851 4450 2029 4505 luceat
2061 4450 2151 4506 lux
2182 4465 2203 4524 ι

2201 4465 2230 4523 [ι
2259 4449 2474 4520 κτῆσιν,
2501 4449 2621 4520 ἦτοι
2647 4450 2729 4514 εἱς
2757 4448 3140 4520 κληρονομίαν.
3186 4448 3398 4514 Πάντες
3454 4447 3556 4520 μὲν
3583 4449 3692 4520 γὰρ
3718 4448 3821 4504 κτί-

584 4547 770 4595 vestra
816 4553 1002 4594 coram
1058 4538 1400 4604 hominibus,
1433 4547 1490 4592 ut
1521 4539 1738 4594 videant
1768 4553 1937 4611 opera
1965 4548 2147 4594 vestra

2257 4558 2370 4612 σμα
2395 4541 2534 4596 Θεοῦ
2570 4559 2586 4576 ο
2624 4542 2812 4612 κτῆμα
2843 4541 2922 4610 δὲ,
2948 4545 3103 4613 μόνοι
3137 4542 3188 4596 οἱ
3201 4541 3292 4597 διὰ
3315 4541 3417 4612 τῆς
3455 4541 3662 4596 ἑαυτῶν
3694 4543 3820 4611 ἀγα-

584 4633 750 4696 bona,
787 4645 840 4686 et
868 4616 1170 4700 gloriﬁcent
1224 4629 1438 4686 Patrem
1490 4639 1754 4697 vestrum,
1797 4633 1891 4701 qui
1922 4632 1974 4685 in
2002 4631 2156 4686 callis

1490 4639 1754 4697 vestrum,
1797 4633 1891 4701 qui
1922 4632 1974 4685 in
2002 4631 2156 4686 ccnlis
2264 4631 2518 4703 θοεργῖας
2537 4632 2727 4687 τούτου
2756 4633 3069 4706 ἠξιωμένοι.

583 4731 690 4781 est.
730 4741 752 4776 ι
776 4742 888 4774 -ι
924 4722 1167 4793 Pepulus
1197 4733 1378 4777 autem
1425 4722 1829 4792 acquisitionis,
1871 4741 1890 4775 ι
1943 4723 1999 4779 id
2063 4721 2230 4777 estin
2276 4724 2678 4792 possessionem
2706 4733 2761 4778 et
2791 4721 3184 4780 luereditatem.
3256 4724 3455 4781 Omnes
3506 4723 3652 4782 enim
3705 4717 3825 4780 sun‘

583 4833 725 4888 opus
756 4816 866 4884 Dei,
927 4817 1206 4887 possessio
1225 4826 1405 4872 autem
1437 4816 1657 4887 proprie
1690 4816 1727 4871 ii
1780 4816 1904 4882 soli,
1943 4817 2036 4888 qui
2063 4832 2158 4888 per
2195 4817 2336 4873 bona
2361 4833 2524 4887 opera
2557 4819 2660 4874 hoc
2689 4818 2795 4875 sibi
2819 4819 3101 4888 promeriti
3121 4829 3271 4876 sunt.

658 4913 826 4970 Vens.
858 4908 1045 4968 “42.
1074 4930 1093 4965 ι
1128 4911 1474 4978 Charissimi,
1497 4912 1726 4969 obsecro
1757 4927 1853 4968 vos
1893 4921 2151 4984 tanquam

2331 4929 2353 4964 ι
2405 4912 2724 4984 ’Δγαπητοὶ,
2763 4912 3062 4986 παρακαλῶ
3102 4915 3248 4986 ὑμᾶς
3283 4914 3360 4980 ῶς
3393 4916 3690 4990 παροίκους
3742 4916 3825 4968 καὶ

585 5005 825 5062 advenas
857 5013 913 5061 et
951 5005 1270 5076 peregrinos
1300 5005 1579 5060 abstinere
1627 5020 1721 5061 vos
1761 5020 1791 5060 a
1837 5006 2151 5062 carnalibus

2258 5007 2671 5078 παρεπιδήμους
2712 5006 3012 5078 ἀπέχεσθαι
3049 5007 3157 5063 τῶν
3191 5011 3470 5081 σαρκικῶν
3511 5009 3830 5080 ἐπιθυμῶν,

586 5095 876 5152 desideriis
901 5109 1022 5166 quae
1053 5093 1288 5148 militant
1317 5094 1583 5150 adversus
1615 5095 1877 5151 animam.
1902 5094 2148 5150 Conver-

2257 5097 2465 5162 αἵτινες
2495 5099 2879 5170 στρατεύονται
2901 5100 3045 5155 κατὰ
3075 5102 3175 5172 τῆς
3209 5099 3410 5173 ψυχῆς,
3438 5101 3537 5173 τὴν
3573 5102 3826 5172 ἀναστρο-

587 5188 857 5243 sationem
899 5195 1140 5243 vestram
1179 5186 1321 5242 inter
1353 5193 1546 5256 gentes
1577 5184 1839 5240 habentes
1865 5185 2083 5240 bonam.
2127 5203 2146 5235 ι

2257 5191 2364 5261 φὴν
2398 5190 2550 5260 ὑμῶν
2589 5193 2646 5245 ὲν
2681 5194 2791 5254 τοῖς
2824 5191 3005 5246 έονεσι
3042 5191 3214 5263 καλὴν
3260 5192 3496 5264 ἔχοντες.
3533 5211 3554 5246 ι
3609 5194 3680 5246 Τὸ
3709 5192 3828 5262 ἑξῆς

586 5279 742 5346 Quod
776 5278 1025 5350 sequitur
1049 5278 1122 5332 ita
1158 5292 1219 5333 se
1247 5277 1447 5333 habet:
1484 5293 1504 5328 ι
1536 5275 1884 5344 Charissinii,
1925 5277 2155 5333 obsecro

2257 5279 2452 5342 οὕτως.
2491 5299 2511 5332 ι
2553 5282 2874 5352 Ἀγαπητοί,
2905 5281 3210 5350 παρακαλῶ
3225 5281 3372 5353 ὑμᾶς
3396 5282 3471 5346 ὡς
3495 5283 3821 5356 παροίκουςι

591 5380 962 5440 vostanquam
990 5365 1229 5424 advenas
1243 5374 1298 5424 et
1325 5366 1647 5438 peregrinos
1675 5383 1694 5417 ι
1725 5364 1780 5420 in
1805 5364 1911 5420 hoc
1934 5365 2157 5430 mundo,

2263 5371 2424 5434 ὂντας
2455 5389 2473 5424 t
2528 5372 2623 5425 καὶ
2671 5371 3090 5444 παρεπιδήμους
3145 5389 3170 5424 ι
3223 5371 3318 5427 τοῦ
3372 5374 3580 5444 κόσμου
3627 5373 3827 5434 τούτου,

592 5472 652 5519 ut
705 5482 722 5515 ι
767 5462 1088 5520 abstineatis
1116 5477 1149 5517 a
1189 5460 1504 5517 carnalibus
1532 5459 1839 5524 desideriis,
1869 5475 1988 5531 quae
2017 5460 2160 5514 mili-

2274 5481 2293 5514 ι
2329 5461 2627 5532 ἀπέχεσθαι
2652 5462 2758 5515 τῶν
2788 5463 3065 5534 σαρκικῶν
3092 5463 3418 5537 ἐπιθυμιῶν,
3447 5464 3650 5530 αἵτινες
3675 5481 3831 5538 etpa-

591 5564 711 5610 tant
738 5555 1002 5612 adversus
1047 5554 1283 5611 animam
1323 5572 1342 5604 ι
1380 5560 1638 5608 vestram.
1685 5552 1924 5609 Obsecro
1978 5559 2157 5608 autem

2266 5553 2514 5608 τεύονται
2545 5555 2684 5610 κατὰ
2726 5555 2824 5626 τῆς
2853 5555 3029 5628 ψυχῆς
3058 5575 3080 5611 ι
3111 5555 3294 5628 ὑμῶν’
3327 5576 3350 5608 ι
3390 5558 3692 5630 παρακαλῶ
3727 5579 3746 5612 ε
3782 5553 3834 5610 δὲ

667 5742 713 5778 ³³
747 5741 888 5796 l'Ml.
928 5723 1032 5806 (nit,
1065 5742 1117 5795 οἱ.
1232 5739 1276 5772 ³⁸
1316 5738 1460 5796 Zaeh
1510 5757 1582 5806 Ix,
1618 5743 1670 5796 9.
1753 5741 1792 5773 ³¹
1837 5737 2027 5794 Matth.
2059 5755 2112 5807 ι’,
2169 5738 2254 5794 16.
