4102 6302
333 350 474 417 1213

1123 352 1527 415 EXPOSITIO
1567 354 1641 414 lN
1680 352 1922 415 EPIST.
1959 351 1992 413 Ι
2036 355 2099 414 S.
2142 353 2397 417 PETRI.
2435 377 2508 391 -·-·
2536 353 2695 416 CAP.
2730 353 2814 417 Ιῐ.

3448 340 3587 407 1214

324 463 427 520 καὶ
449 462 626 527 τοῦτο,
663 481 684 515 ε
715 462 813 535 τὴν
869 466 928 520 ὲν
969 468 1078 530 τοῖς
1116 467 1324 521 ἔθνεσιν
1367 468 1522 537 ὑμῶν
1555 466 1900 537 ἀναστροφὴν

2006 466 2211 533 ethoc,
2251 467 2304 521 in
2349 486 2368 519 ι
2409 466 2664 537 gentibus
2706 461 3179 520 conversationem
3221 463 3459 515 vestram
3487 455 3587 510 ha-

327 554 473 629 ἔχειν
497 555 702 627 καλήνο
745 574 764 609 ι
806 558 1162 628 μετείληπται
1211 561 1322 628 γὰρ
1357 560 1418 612 τὸ
1452 560 1593 631 ἔχειν
1617 559 1753 610 ἀντὶ
1787 556 1904 622 τοῦ,

333 666 356 701 ε
391 646 626 718 ἔχοντες.
669 667 690 700 ο
741 648 904 712 Ἔθος
939 648 996 702 δέ
1043 650 1156 703 ἐστι
1207 653 1319 714 τοῖς
1363 651 1725 713 διδασκάλοις,
1770 652 1906 715 μετά

327 738 420 794 τὸν
447 739 771 810 δογματικον
795 741 976 811 λόγον,
1010 741 1099 796 τὸν
1123 743 1311 813 ἠθικὸν
1338 745 1600 810 εἰσάγειν,
1646 742 1674 795 ὃ
1701 743 1791 795 καὶ
1813 739 1909 794 νῦν

327 837 359 891 6
390 833 659 905 μακάριος
688 828 844 900 οὗτος
883 838 1046 892 ποιεῖ.
1082 855 1104 888 t
1153 838 1496 908 Ἀγαπητοὺς
1537 858 1554 887 ι
1588 837 1646 889 δὲ
1689 835 1906 897 αὐτοὺς,

325 929 429 979 οὐκ
453 926 848 998 ἀγαπωμένους
896 928 1079 983 καλεῖο
1117 928 1206 983 διὰ
1244 930 1422 982 πάντα
1446 928 1555 999 γάρ
1604 929 1742 981 εἰσιν
1783 930 1908 980 ὲπι·

325 1018 576 1086 πόθητοι.
604 1022 667 1074 οι
697 1024 807 1093 γὰρ
837 1022 926 1075 διά
951 1038 1024 1082 τι,
1080 1022 1435 1091 ἀγαπώμενοι
1480 1021 1752 1088 λέγονται,
1809 1019 1906 1072 οὑκ

332 1128 356 1164 ε
391 1112 686 1181 ἀγαπητοί.
725 1130 745 1162 ι
770 1141 839 1155 ---
863 1133 881 1164 ι
913 1111 1024 1177 Τὰς
1054 1111 1110 1164 δὲ
1158 1110 1426 1183 σαρκικᾶις
1471 1112 1768 1180 ἐπιθυμίας
1821 1112 1909 1164 sx-

326 1199 719 1271 στρατεύεσθαί
763 1219 782 1252 ι
816 1218 945 1271 φησι
987 1219 1006 1252 ι
1046 1202 1185 1255 κατὰ
1234 1202 1335 1270 τῆς
1386 1200 1584 1272 ψυχῆς,
1627 1219 1647 1253 ι
1703 1201 1908 1254 ἑπείτοι

323 1295 421 1349 καὶ
456 1298 595 1348 κατᾶ
628 1295 720 1349 τὸν
748 1296 1019 1365 μακάριον
1057 1297 1285 1358 Παῦλον,
1316 1313 1335 1346 ι
1383 1295 1449 1350 Ἦ
1482 1294 1617 1366 σὰρξ
1648 1295 1910 1365 ἐπιθυμεῖ

322 1389 468 1439 κατα
495 1384 590 1440 τοῦ
630 1386 956 1456 πνεύματος.
998 1405 1017 1438 ι
1047 1388 1112 1439 Αἱ
1143 1384 1248 1456 γὰρ
1274 1387 1373 1457 τῆς
1394 1387 1592 1459 σαρκὸς
1622 1386 1911 1457 ἐπιθυμίαι

322 1475 458 1543 περὶ
495 1477 594 1546 τὴν
620 1477 919 1531 ἀπόλαυσιν
945 1479 1310 1548 στρεφόμεναι
1340 1478 1449 1531 τῶν
1491 1477 1678 1546 ἡδέων,
1719 1476 1911 1531 συνθο-

320 1565 476 1622 λοῦσι
507 1567 599 1621 τὸν
617 1568 898 1636 λογισμὸν,
940 1569 959 1640 ἱ
985 1571 1079 1621 καὶ
1101 1559 1447 1639 ’ἀνδραπώδη
1470 1568 1492 1642 [
1515 1570 1556 1639 ι’.
1577 1567 1906 1642 -ποδὼδη]

320 1658 425 1730 τὴν
454 1659 631 1730 ψυχὴν
671 1661 1013 1716 ἀποτελοῦσι.
1039 1660 1059 1731 Ἰ

408 1770 427 1803 ι
465 1752 603 1818 Ἵνα,
637 1753 696 1806 ὲν
724 1745 769 1822 ᾧ
805 1754 1201 1808 καταλαλοῦσιν
1229 1754 1404 1824 ὑμῶν,
1461 1755 1538 1820 ὡς
1575 1753 1906 1819 κακοποιῶν,

320 1843 393 1899 ex
415 1840 521 1897 τῶν
554 1842 734 1898 καλῶν
782 1842 960 1915 ἔργων
1017 1846 1430 1912 ἐποπτεύοντες,
1484 1846 1754 1914 δοξάσωσι
1811 1846 1909 1900 τον

318 1931 456 1989 Θεὸν
484 1934 543 1988 ὲν
558 1935 740 2007 ἡμέρᾳ
769 1935 1099 2007 ἑπισκοπῆς.
1133 1956 1152 1988 ι
1182 1934 1638 2000 Καταλαλοῦντας
1660 1935 1720 1990 δι
1745 1934 1908 2007 ἡμῶν

320 2024 536 2095 ιισάγει
566 2025 694 2091 τοὺς
725 2026 991 2092 ὲθνικοὺς.
1034 2045 1056 2079 t
1103 2026 1353 2099 Ἦμέραν
1399 2027 1459 2080 δὲ
1515 2026 1845 2098 ἐπισκοπῆς,
1882 2044 1903 2078 ι

318 2115 427 2189 τὴν
456 2109 598 2172 κατά
650 2119 744 2173 τδν
783 2119 988 2189 κόσμον
1026 2119 1274 2185 ἐξέτασιν
1331 2116 1508 2173 καλεῖ.
1577 2117 1908 2184 Ἐξετάσεως

321 2210 436 2283 γὰρ
466 2210 558 2265 ὑπ’
588 2211 770 2265 αὑτῶν
789 2210 885 2265 τοῦ
916 2211 1034 2282 βίου
1062 2211 1219 2285 ἡμῶν
1268 2211 1583 2285 γινομένης,
1629 2205 1752 2267 εἶτα
1772 2208 1910 2280 πρὸς

319 2301 388 2358 τὸ
440 2301 682 2355 ἐναντίον
728 2301 829 2371 τῆς
879 2303 1200 2373 ὑπολήψεως
1247 2302 1358 2357 τῶν
1416 2300 1761 2373 πραγμάτων
1813 2300 1907 2355 εὑ-

326 2393 688 2464 ρισκομένων,
722 2392 880 2447 αὑτοί
907 2409 966 2446 τε
1016 2393 1151 2463 πρὸς
1179 2388 1261 2457 οἷς
1295 2392 1638 2466 αἰσχύνονται
1669 2394 1903 2465 ἐπανορ-

327 2484 568 2552 θοῦνται,
611 2486 708 2539 καὶ
738 2488 768 2541 6
806 2485 939 2549 Θεὸς
967 2485 1268 2551 δοξάζεται.

401 2594 423 2628 ε
467 2575 806 2646 Ὑποτάγητε
841 2575 938 2632 οῦν
970 2577 1118 2652 πάσῃ
1147 2576 1465 2649 ἀνθρωπίνῃ
1493 2576 1672 2631 κτίσει
1697 2575 1789 2630 διὰ
1812 2575 1907 2629 τὸν

325 2666 556 2738 Κύριον,
590 2668 697 2721 εἴτε
733 2666 944 2736 βασιλεῖ
969 2666 1044 2731 ὡς
1076 2668 1418 2740 ὑπερέχοντι,
1481 2666 1591 2721 εἴτε
1642 2667 1906 2738 ἡγεμόσιν

324 2759 404 2825 ὥς
431 2759 499 2814 δι’
526 2756 693 2813 αὑτοῦ
721 2760 1117 2829 πεμπομένοις,
1165 2762 1245 2824 είς
1285 2759 1576 2833 ἐκδίκησιν.
1609 2759 1710 2831 μὲν
1737 2769 1904 2813 κακο-

326 2852 523 2917 ποιῶν,
551 2848 773 2906 ἔπαινον
804 2850 861 2905 δὲ
891 2850 1254 2918 ἀγαθοποιῶν.
1298 2852 1422 2906 ὀτι
1453 2850 1627 2916 οὕτως
1676 2851 1792 2905 ἐστὶ
1842 2850 1905 2904 τὸ

326 2944 542 3015 θέλημα
564 2943 659 2998 τοῦ
685 2942 843 3011 Θεοῦ,
893 2942 1363 3016 ἀγαθοποιοῦντας
1392 2943 1535 3014 ὑμᾶς
1569 2941 1591 3015 [
1624 2944 1762 3014 vulg.
1796 2958 1901 2998 om.

327 3033 481 3108 ΰμ.]
535 3033 735 3106 etp.on
772 3032 872 3107 τὴν
916 3033 1025 3086 τῶν
1057 3034 1308 3104 ἀφρόνων
1357 3032 1661 3105 ἀνθρώπων
1723 3036 1905 3102 ἀγνωσ

2009 560 2139 614 bere
2171 560 2405 615 bonam:
2446 578 2465 612 ι
2499 558 2711 621 scilicet
2759 555 2893 612 illud
2930 574 2950 608 ι
2997 555 3197 610 habere
3236 569 3257 605 ι
3316 556 3584 604 mutatum

2008 664 2093 710 est
2121 653 2212 708 hic
2234 654 2290 708 in
2323 671 2343 707 ι
2370 653 2656 709 habentes.
2682 671 2701 704 ι
2729 651 2844 707 Mos
2869 659 2954 707 est
2985 657 3167 704 autem
3191 645 3377 716 probis
3401 645 3590 699 docto-

2010 749 2162 803 ribus
2191 769 2218 800 a
2252 747 2562 814 dogmatico
2595 760 2848 800 sermone
2882 743 2948 799 ad
2991 740 3255 798 moralem
3296 754 3355 793 se
3397 747 3580 793 trans-

2013 845 2192 899 ferre:
2225 841 2371 913 quod
2416 849 2471 897 et
2518 840 2714 898 Beatus
2745 841 2846 896 iste
2875 854 3020 894 nunc
3066 837 3218 893 facit.
3255 853 3274 888 ι
3310 831 3584 891 Charissi-

2008 951 2130 992 mos
2163 954 2184 988 ι
2219 942 2399 989 autem
2430 949 2528 988 eos
2550 941 2729 996 vocat,
2754 940 2808 989 et
2844 948 2950 987 non
2980 928 3306 998 simpliciter
3325 927 3581 989 dilectos,

2009 1026 2135 1097 quia
2169 1025 2468 1082 secundum
2499 1025 2682 1081 omnia
2727 1023 2881 1080 chari
2933 1023 3011 1075 illi
3067 1027 3262 1076 erant:
3295 1018 3386 1088 qui
3435 1015 3583 1071 enim

2011 1125 2235 1189 prepter
2275 1116 2481 1188 aliquid
2511 1114 2888 1172 tantummodo
2951 1113 3277 1181 diliguntur,
3317 1111 3351 1164 ii
3388 1107 3578 1163 dilecti

2010 1210 2291 1274 dicuntur,
2327 1224 2436 1264 non
2471 1226 2491 1260 ι
2537 1205 2869 1263 charissimi.
2911 1225 2931 1258 ι
2974 1203 3065 1258 Ait
3111 1216 3241 1257 vero
3278 1220 3297 1252 ι
3333 1196 3587 1254 Carnalia

2010 1301 2283 1357 desideria
2315 1301 2551 1356 militare
2580 1305 2775 1355 contra
2802 1297 3040 1352 animam
3068 1311 3083 1349 :
3119 1313 3140 1347 ι
3175 1307 3299 1348 nam
3330 1297 3388 1347 et
3422 1288 3589 1361 κω

2009 1394 2184 1449 Paulo
2241 1401 2399 1460 teste,
2447 1411 2467 1446 t
2511 1392 2655 1448 Caro
2708 1389 3049 1458 concupiscit
3100 1386 3365 1442 adversus
3415 1381 3585 1453 spiri-

2013 1497 2125 1540 tum
2157 1486 2201 1519 ³³
2259 1503 2313 1540 ιι
2340 1485 2525 1542 carnis
2550 1484 2696 1540 enim
2729 1481 3024 1547 desideria,
3057 1495 3180 1551 quae
3206 1478 3259 1533 in
3291 1473 3590 1533 delectabi-

2013 1578 2142 1633 lium
2177 1576 2488 1632 fruitionem
2518 1575 2794 1638 feruntur,
2834 1574 3103 1628 rationem
3149 1568 3497 1640 perturbant,
3530 1571 3589 1622 et

2011 1665 2252 1722 animam
2282 1666 2339 1721 in
2373 1667 2696 1723 servitutem
2731 1664 3006 1734 redigunt.
3100 1668 3104 1672 ‘

2087 1776 2110 1811 ‹
2146 1757 2218 1814 Ut
2251 1759 2305 1812 in
2337 1772 2405 1814 eo
2427 1756 2573 1828 quod
2604 1757 2906 1814 detrectant
2938 1755 3007 1810 de
3050 1752 3209 1808 vobis
3228 1759 3489 1820 tanquam
3517 1745 3592 1802 de

2012 1849 2477 1915 malefactoribus,
2509 1865 2578 1905 ex
2612 1849 2771 1905 bonis
2801 1846 3063 1918 operibus
3100 1858 3200 1899 vos
3224 1838 3588 1905 consideran-

2010 1951 2115 2009 tes,
2148 1942 2454 2014 gloriﬁcent
2490 1940 2659 1996 Deum
2699 1940 2753 1997 in
2787 1940 2880 1995 die
2935 1935 3288 1995 visitationis.
3326 1952 3348 1986 ι
3390 1931 3590 1989 Obtre-

2008 2045 2223 2094 ctantes
2259 2036 2417 2092 nobis
2446 2035 2657 2092 inducit
2684 2032 2935 2103 gentiles.
2974 2050 2996 2082 ε
3039 2030 3189 2084 Diem
3225 2033 3411 2083 autem
3453 2024 3590 2097 visi-

2008 2128 2233 2184 tationis
2280 2146 2299 2180 ι
2349 2133 2509 2182 vocat
2558 2125 2975 2196 inquisitionem
3036 2120 3466 2175 mundanorum.
3498 2114 3589 2170 Fit
3685 2189 3694 2199 ε

2009 2200 2154 2276 enim
2188 2231 2297 2273 non
2334 2230 2460 2271 raro
2491 2217 2561 2271 ab
2590 2216 2725 2287 ipsis
2756 2216 2809 2269 in
2839 2214 3010 2269 vitam
3048 2218 3293 2266 nostram
3347 2206 3587 2277 inquisi-

2008 2311 2125 2368 tio:
2144 2316 2202 2365 at
2237 2324 2364 2364 cum
2388 2323 2556 2380 opera
2588 2317 2776 2365 nostra
2805 2307 2987 2371 aliter,
3017 2319 3082 2359 ac
3111 2303 3191 2358 illi
3215 2299 3586 2371 suspicaban-

2007 2412 2118 2467 tur,
2141 2419 2201 2457 se
2248 2402 2450 2458 habere
2489 2403 2884 2471 compererint,
2912 2397 3187 2471 pudefactl
3209 2395 3583 2467 corriguntur,

2007 2509 2073 2550 ac
2111 2494 2255 2549 Deus
2281 2492 2642 2563 glorificatur.

2076 2582 2246 2640 Vsus.
2282 2581 2460 2639 43-15.
2507 2600 2527 2634 ι
2571 2581 2816 2650 Subiecti
2845 2580 3014 2648 igitur
3050 2586 3229 2634 estote
3281 2576 3432 2632 omni
3481 2574 3588 2629 hu-

2005 2689 2182 2730 manae
2205 2684 2474 2730 creatura:
2497 2684 2718 2742 propter
2748 2670 2944 2735 Deum,
2976 2670 3091 2726 sive
3125 2670 3236 2742 regi
3261 2669 3417 2740 quasi
3444 2681 3587 2738 pra:-

2008 2767 2260 2831 cellenti,
2303 2767 2422 2823 sive
2464 2765 2702 2821 ducibus
2761 2772 3027 2835 tanquam
3075 2763 3145 2818 ab
3180 2777 3247 2818 eo
3292 2762 3478 2817 missis
3517 2758 3586 2812 ad

2006 2857 2304 2913 vindictam
2356 2855 2789 2921 malefactorum,
2841 2853 3056 2909 laudem
3115 2869 3242 2907 vero
3296 2854 3584 2909 honorum.

2006 2948 2142 3014 Quia
2173 2950 2252 3004 sic
2277 2956 2364 3004 cst
2396 2949 2645 3003 voluntas
2683 2947 2797 3010 Dei,
2839 2959 2896 3001 ut
2934 2947 3073 3001 bene
3105 2944 3367 3000 facientes
3389 2945 3586 2996 obmu-

2008 3050 2215 3094 tescere
2254 3038 2470 3095 faciatis
2519 3037 2946 3108 imprudentium
3003 3037 3284 3091 hominum
3328 3035 3588 3106 ignoran—

329 3127 474 3182 σίαν.
516 3143 536 3178 ι
580 3127 777 3181 κτίσιν
824 3125 1174 3196 ἀνθρωπίνην
1229 3124 1327 3189 τὰς
1389 3125 1564 3197 ἀρχὰς
1611 3125 1760 3195 λέγει
1811 3126 1909 3191 τὰς

2011 3131 2162 3186 tiam.
2202 3149 2221 3183 ι
2261 3131 2584 3185 Creaturam
2626 3131 2922 3186 humanam
2947 3129 3297 3200 magistratus
3325 3126 3585 3197 appellat.

326 3217 712 3293 χειροτονητὰς
747 3217 852 3270 ὑπὸ
880 3215 1226 3287 βασιλέων,ῆ
1269 3216 1366 3269 καλ⁸
1403 3216 1602 3277 αὐτοὺς
1646 3214 1775 3279 τοὺς
1813 3215 1909 3286 βα-

330 3311 520 3374 σιλεῖς,
555 3306 741 3365 καθότι
780 3308 876 3363 καὶ
905 3307 1059 3363 αὐτοὶ
1086 3309 1111 3376 [
1140 3307 1246 3360 ὑπὸ
1276 3304 1624 3378 ]ἀνθρὼπιυν
1677 3307 1910 3379 ἐτάχθη-

332 3421 453 3468 σαν,
480 3404 599 3476 ῆτοι
641 3401 925 3468 ἐτέθησαν.
960 3395 1084 3455 οἶδε
1112 3399 1227 3471 γὰρ.
1248 3401 1282 3470 ἠ
1321 3399 1512 3472 Γραφὴ
1555 3402 1652 3455 καὶ
1680 3399 1779 3473 τὴν
1823 3400 1912 3454 θε-

331 3512 418 3554 σιν
454 3493 634 3550 κτίσιν
661 3492 867 3560 καλεῖν,
894 3492 970 3557 ὡς
998 3494 1059 3546 ιν
1095 3491 1195 3561 τῷ,
1233 3510 1254 3544 ι
1290 3492 1408 3547 Ἵνα
1461 3511 1482 3544 ι
1516 3492 1680 3566 κτίσῃ
1718 3511 1739 3545 ι
1783 3492 1909 3557 τοῦς

329 3591 427 3645 δύο
455 3591 535 3653 εἰς
560 3588 656 3643 ινα
704 3586 891 3643 καινον
943 3585 1248 3657 ἄνθρωπον.
1306 3606 1327 3639 ι
1358 3586 1526 3657 Φησὶν
1573 3586 1698 3642 οὖν’
1738 3587 1909 3642 Ὑπο-

332 3683 535 3754 τάγητε
557 3683 670 3745 τοῖς
701 3681 982 3749 κοσμικοϊς
1023 3678 1319 3752 ἄρχουσιν·
1370 3679 1681 3748 ὑποτάγητε
1726 3678 1784 3733 δὲ
1820 3678 1909 3736 διά

330 3778 423 3831 τὸν
452 3776 606 3839 Θεὸν,
633 3775 709 3838 ὡς
736 3775 766 3827 6
804 3772 1004 3845 Κύριος
1053 3770 1376 3843 προσέταξε.
1429 3770 1496 3826 Τί
1534 3772 1592 3826 δὲ
1632 3773 1662 3826 6
1705 3772 1911 3843 Κύριος

332 3867 697 3940 προσέταξενς
731 3883 751 3918 t
815 3864 1067 3919 Ἀπόδοτε
1095 3863 1166 3918 τά
1200 3862 1476 3936 Καίσαρος
1511 3862 1770 3935 Καίσαρι,
1811 3863 1908 3917 καὶ

331 3961 401 4014 τὰ
432 3959 525 4013 τοῦ
552 3957 687 4012 Θεοῦ
706 3957 787 4030 τῷ
810 3955 948 4027 Θεῷ.
993 3976 1013 4009 ι
1046 3955 1210 4009 ’Ὥστε
1238 3954 1268 4007 6
1296 3954 1363 4010 ἂν
1393 3953 1497 4022 ἔξω
1527 3956 1907 4024 προστάττωσι

335 4052 489 4123 παρὰ
544 4049 643 4120 τὴν
691 4048 931 4115 διάταξιν
974 4047 1035 4104 ὃν
1058 4050 1154 4101 τοῦ
1183 4045 1341 4112 Θεοῦ,
1388 4048 1488 4116 οὑχ
1537 4046 1907 4101 ὑπακουστέον

331 4145 538 4205 αὑτοῖς.
564 4140 737 4196 Τοῦτο
763 4140 819 4195 δὲ
850 4141 943 4194 καὶ
985 4141 1016 4193 6
1055 4138 1313 4209 Χριστὸς,
1344 4139 1435 4192 καὶ
1465 4139 1494 4191 6
1520 4136 1616 4190 νῦν
1659 4135 1904 4209 μαθητὴς

333 4234 498 4292 αὑτοῦ
540 4233 934 4306 προσέταττενο
973 4231 1059 4285 ἵνα
1091 4231 1166 4302 μὴ
1213 4229 1379 4301 ἔχωσι
1402 4230 1581 4300 λέγειν
1621 4228 1900 4300 Ἕλληνες,

330 4329 409 4391 ὡς
433 4327 747 4397 ἀνατροπὴν
779 4324 936 4395 φέρει
971 4323 1065 4378 τοῦ
1103 4322 1218 4392 βίον
1269 4325 1300 4376 6
1332 4321 1778 4395 Χριστιανισμδς,
1809 4321 1904 4378 καὶ

333 4420 558 4486 ἀταξίας
585 4418 707 4473 εστὶ
738 4419 832 4471 καὶ
863 4414 1180 4486 συγχύσεως
1217 4414 1412 4478 αἴτιος.
1465 4414 1797 4486 Προστίθησι
1843 4413 1902 4468 δὲ

331 4513 416 4577 τὸ,
446 4531 465 4565 t
492 4510 593 4565 Διά
619 4509 709 4564 τὸν
731 4506 954 4579 Κύριον,
992 4527 1012 4559 ι
1043 4509 1139 4560 καὶ
1165 4506 1257 4561 διὰ
1287 4506 1416 4570 τοὺς
1442 4505 1690 4568 πιστούς.
1743 4504 1902 4569 Είκδς

331 4605 444 4676 γάρ
463 4619 614 4667 τινας
642 4601 822 4655 αὐτῶν
846 4601 1012 4670 ὲρεῖν,
1061 4600 1144 4652 ὅτι
1179 4588 1291 4666 Τῆς
1321 4596 1427 4653 τῶν
1461 4596 1710 4669 οὐρανῶν
1755 4597 1903 4667 ἡμᾶς

335 4691 613 4767 βασιλείας
640 4691 829 4767 ἀξιῷν,
862 4690 956 4745 καὶ
988 4690 1131 4761 μέγα
1160 4691 1291 4760 ἡμῖν
1330 4688 1549 4758 ἀξίωμα
1588 4688 1679 4743 διά
1708 4688 1903 4743 τούτου

332 4757 655 4855 περιτιθεὶς,
687 4757 929 4837 {nam
1157 4757 1443 4845 stunc“,
1472 4757 1762 4850 710694366;
1801 4779 1903 4851 ἀρ-

332 4897 518 4954 χουσιν
550 4877 869 4934 ὑποτάσσων
892 4876 1068 4948 ήμᾱς;
1100 4875 1166 4928 El
1198 4890 1283 4938 τις
1307 4869 1401 4928 οὖν
1427 4871 1600 4927 ταῦτα
1628 4872 1762 4943 ἐρεῖ,
1794 4888 1903 4942 μα-

334 4974 494 5033 θέτω.
520 4973 705 5043 φησὶν,
724 4970 801 5033 ὡς
827 4969 928 5024 οὑκ
956 4967 1087 5037 ὶμδς
1111 4968 1140 5020 6
1167 4966 1328 5036 λόγος
1368 4965 1459 5019 τοῦ
1490 4967 1915 5037 προστάγματος

331 5064 546 5130 τούτου,
573 5061 707 5117 ἀλλά
737 5052 834 5114 τοῦ
885 5058 1111 5129 Κυρίου.
1169 5056 1377 5123 Ἔδειξε
1433 5056 1489 5111 δὲ
1548 5058 1643 5111 καὶ
1674 5056 1837 5121 αὐτὸς
1881 5058 1911 5112 6

335 5160 561 5227 Πέτρος,
598 5156 710 5210 τίσι
737 5154 833 5209 καὶ
857 5152 1035 5216 ποίοις
1066 5151 1328 5224 ἄρχουσιν
1374 5150 1779 5205 ὑποτάσσεσθαι
1804 5149 1903 5214 δεῖ,

330 5251 415 5303 ὅτι
454 5250 568 5309 τοῖς
595 5247 658 5303 τὸ
701 5246 910 5302 δίκαιον
940 5242 1267 5300 ἐκδικοῦσιν.
1329 5242 1609 5314 Ἐπιφέρει
1653 5242 1763 5312 γάρ
1809 5242 1905 5297 καὶ

331 5340 432 5413 τὴν
460 5339 662 5404 αἰτίαν,
711 5339 795 5392 ὅτι
841 5336 935 5392 καὶ
969 5354 988 5388 t
1024 5334 1120 5389 τοῦ
1167 5333 1303 5389 Θεοῦ
1349 5333 1411 5386 τὸ
1458 5333 1692 5403 θέλημα,
1733 5353 1751 5384 ι
1809 5333 1903 5388 καὶ

333 5431 492 5505 ἡμῶν
534 5432 596 5485 τὺ
624 5429 752 5502 περὶ
794 5430 895 5507 τῆς
922 5428 1198 5499 ὑποταγῆς
1228 5425 1326 5497 τῆς
1359 5427 1440 5490 εἰς
1462 5427 1587 5490 τοὺς
1610 5426 1896 5496 ἄρχοντας,

332 5522 732 5590 καλοκάγαθίας
759 5521 879 5576 εστὶ
903 5521 1124 5589 δεῖγμα,
1163 5518 1338 5575 καὶτὸ
1369 5518 1549 5582 πλέον,
1580 5520 1707 5580 τοῦς
1765 5520 1896 5572 ἀπί-

334 5632 496 5680 στους
516 5615 782 5687 αἰσχύνει.
820 5613 910 5669 Ἐν
937 5606 984 5682 ᾧ
1012 5611 1123 5685 γὰρ
1141 5610 1218 5677 ὡς
1239 5610 1512 5675 ἀλαζόνων
1539 5612 1572 5680 ἡ
1581 5608 1696 5681 μῶν
1720 5628 1896 5667 κατα-

402 5791 449 5833 ⁸³
477 5790 654 5854 Galat.
716 5808 768 5855 ν.
815 5790 906 5849 17.

2014 3224 2106 3295 qui
2132 3238 2161 3276 a
2184 3223 2406 3295 regibus
2428 3224 2716 3280 constituti
2745 3233 2905 3280 sunt:
2932 3222 3016 3277 vel
3040 3221 3205 3277 etiam
3229 3222 3378 3290 ipsos
3407 3233 3585 3291 reges,

2012 3314 2271 3387 quoniam
2304 3323 2359 3372 et
2417 3315 2521 3386 ipsi
2557 3315 2628 3373 ab
2679 3315 2997 3372 hominibus
3027 3313 3320 3386 designati,
3356 3326 3452 3368 seu
3482 3323 3589 3381 po-

2012 3405 2103 3462 siti
2133 3413 2285 3461 sunt.
2336 3405 2680 3478 Quandoque
2712 3406 2860 3462 enim
2915 3406 3196 3477 Scriptura
3254 3403 3581 3473 positionem

2011 3498 2248 3572 appellat
2266 3497 2627 3562 creationem,
2656 3502 2715 3550 ut
2742 3496 2798 3551 in
2827 3510 2894 3551 eo
2920 3497 3041 3552 loco
3066 3514 3080 3551 :
3111 3514 3131 3548 ι
3153 3492 3224 3550 Ut
3247 3494 3388 3551 duos
3412 3497 3582 3557 ercet,

2010 3607 2108 3650 seu
2143 3588 2344 3646 condat
2388 3588 2445 3643 in
2496 3588 2796 3660 semetipso
2846 3587 2899 3642 in
2951 3604 3119 3643 unum
3161 3602 3361 3642 novum
3410 3583 3586 3639 homi-

2011 3697 2130 3739 nem
2152 3682 2216 3736 ³³.
2264 3698 2284 3732 ι
2323 3677 2507 3749 luquit
2536 3679 2701 3750 igitur
2736 3696 2751 3733 :
2788 3677 3032 3749 Suhjcmi
3062 3686 3239 3734 estote
3287 3672 3583 3731 mundanis

2009 3771 2375 3845 principibus.
2411 3769 2794 3841 Subjiciamini
2825 3784 2954 3826 vero
2980 3777 3203 3841 propter
3250 3767 3442 3828 Deum,
3481 3766 3575 3837 qui

2010 3875 2266 3934 tanquam
2280 3861 2544 3918 Dominus
2558 3861 2834 3932 praecepit.
2854 3861 2923 3917 At
2939 3861 3069 3931 quid
3087 3859 3379 3929 praecepit?
3400 3878 3420 3912 ε
3443 3857 3587 3912 Red-

2008 3955 2123 4012 dite
2170 3971 2293 4026 qum
2330 3962 2460 4010 sunt
2508 3954 2767 4020 Caesaris,
2800 3952 3025 4018 Caesari,
3075 3961 3132 4010 et
3152 3969 3273 4024 qua:
3303 3960 3434 4008 sunt
3464 3949 3579 4013 Del,

2007 4047 2118 4104 Deo
2131 4046 2195 4102 “.
2219 4065 2238 4098 ι
2259 4045 2461 4113 Quare,
2480 4046 2525 4102 si
2558 4044 2686 4116 quid
2721 4046 3077 4116 praeceperint
3095 4055 3283 4100 contra
3308 4043 3400 4098 Dei
3434 4042 3584 4098 ordi-

2008 4140 2303 4204 nationem,
2333 4130 2678 4208 nequattuam
2703 4138 2784 4195 eis
2822 4137 3145 4209 parendum.
3182 4135 3296 4192 lloc
3323 4145 3501 4192 autem
3529 4143 3585 4191 ct

2005 4228 2259 4286 Christus
2276 4227 2562 4296 Dominus,
2586 4230 2775 4300 etejus
2800 4244 2945 4285 nunc
2976 4229 3261 4300 discipulis
3283 4228 3582 4296 mandavit,

2004 4339 2073 4379 ne
2105 4320 2287 4377 dicere
2314 4322 2531 4393 possint
2550 4324 2803 4391 gentiles,
2819 4323 2984 4378 everti
3010 4321 3474 4378 aChristianismo
3504 4321 3586 4375 vi~

2006 4426 2114 4469 tam
2133 4413 2371 4486 ciyilem,
2385 4429 2620 4484 eumque
2650 4429 2771 4471 esse
2789 4414 3215 4485 perturbationis
3231 4422 3284 4470 et
3299 4413 3581 4471 confusio-

1935 4487 1978 4542 ί)
2006 4506 2090 4560 nis
2104 4519 2347 4560 causam.
2375 4505 2541 4560 Addit
2569 4521 2719 4574 vero,
2751 4526 2771 4559 ι
2804 4507 3033 4578 Propter
3063 4505 3252 4574 Deum,
3279 4525 3297 4559 ι
3341 4506 3580 4563 tidelitnn

2005 4596 2201 4668 gratia.
2241 4596 2570 4654 Vcrosimile
2631 4613 2868 4668 namque
2898 4609 3001 4663 est,
3030 4600 3244 4671 aliquos
3291 4593 3578 4654 dicturos:

2007 4691 2143 4747 Cum
2168 4704 2268 4746 nos
2285 4706 2452 4762 regno
2473 4691 2736 4747 caelorum
2762 4694 2956 4765 dignos
2979 4692 3581 4764 reputaveritmdeoque

2007 4797 2237 4838 summm
2268 4782 2555 4853 dignitatis
2589 4799 2693 4842 nos
2723 4801 2849 4841 esse
2882 4787 3179 4853 censuerit,
3239 4800 3338 4841 cur
3383 4800 3580 4841 rursus

2009 4888 2109 4929 nos
2137 4872 2414 4945 deprimit,
2433 4877 2666 4932 terrenis
2697 4879 3102 4949 magistratibus
3123 4894 3224 4933 nos
3258 4876 3582 4948 snbjicicns?

2014 4964 2073 5021 Si
2114 4966 2240 5038 quis
2264 4967 2434 5039 igitur
2464 4970 2579 5024 inec
2612 4969 2833 5035 dixerit,
2859 4973 3023 5034 sciat,
3052 4971 3254 5042 inquit,
3284 4971 3429 5026 istud
3469 4986 3576 5028 non

2009 5076 2189 5118 meum
2222 5077 2347 5119 esse
2377 5072 2732 5133 prmeeptum,
2770 5065 2864 5120 sed
2909 5063 3148 5120 Domini.
3181 5064 3451 5120 Caeterum
3480 5064 3577 5118 de-

2005 5150 2234 5208 claravit
2254 5153 2370 5224 ipse
2409 5150 2628 5221 Petrus,
2659 5155 2966 5226 cuiusmodi
3014 5156 3353 5227 principibus
3387 5155 3576 5225 subje-

2006 5254 2128 5302 ctos
2152 5261 2255 5302 nos
2282 5262 2406 5303 esse
2431 5260 2700 5318 Oporteat,
2734 5264 2929 5320 nempe
2949 5248 3038 5313 iis,
3075 5252 3167 5317 qui
3192 5250 3334 5321 quod
3361 5250 3571 5320 justum

1998 5348 2104 5404 est,
2151 5341 2516 5412 praecipiunt:
2569 5342 2795 5411 subjicit
2865 5343 3012 5399 enim
3075 5358 3319 5408 causam,
3379 5357 3572 5416 nempe

1999 5432 2145 5500 quod
2184 5432 2301 5488 hinc
2341 5433 2413 5488 sit
2446 5434 2700 5492 voluntas
2733 5432 2848 5502 Dei,
2879 5444 2935 5489 et
2962 5434 3109 5507 quod
3143 5435 3411 5505 subjectio
3440 5451 3569 5509 erga

2000 5525 2277 5596 principes
2326 5527 2401 5582 sit
2452 5536 2658 5585 nostra:
2704 5528 2998 5599 probitatis
3057 5535 3459 5599 argumentum.
3513 5540 3567 5584 et

1999 5627 2261 5687 praeterea
2287 5619 2433 5691 quod
2467 5619 2715 5679 infideles
2744 5620 2944 5678 exinde
2971 5619 3378 5679 confundantur
3402 5639 3416 5674 :
3438 5638 3561 5679 cum

1017 5790 1069 5826 ³³
1092 5789 1293 5860 Ephes.
1337 5809 1394 5850 tl.
1424 5792 1509 5848 15.
1591 5792 1638 5826 ³⁵
1664 5792 1853 5849 Matth.
1916 5808 2044 5860 un,
2077 5795 2169 5851 21.
