4102 6302
338 410 481 483 1221

1118 416 1521 481 uxrosmo
1556 420 1635 481 IN
1675 416 1914 482 Erts'r.
1953 417 1982 480 1
2021 419 2086 481 s.
2126 416 2380 485 eam.
2408 440 2479 453 -
2516 416 2673 478 CAP.
2722 372 2842 477 ιῐιῖ

3442 410 3579 478 1:292

338 548 477 594 σεως
510 532 739 602 ἱματίων
763 529 985 602 κόσμος.
1017 550 1034 582 ι
1070 534 1170 586 Διά
1201 532 1419 587 πάντων
1452 532 1658 586 τούτων
1678 532 1771 586 τὶν
1794 530 1911 602 ἠθι-

2022 539 2198 586 lortnn
2222 531 2426 588 cultus.
2466 548 2485 583 ι
2518 530 2653 586 Cum
2691 544 2787 599 per
2816 540 3003 582 omnes
3053 526 3335 582 hominum
3380 528 3584 598 gradus

335 624 433 678 κδν
458 623 611 690 λόγον
633 623 1012 696 συμπεράνας,
1064 625 1151 678 διά
1195 624 1481 695 βασιλέων,
1511 624 1578 678 δι’
1606 625 1909 693 ἀρχόντων,

338 714 429 767 διὰ
481 714 777 778 δεσποτῶν,
828 698 1187 770 διάδούλωνθ
1218 719 1449 779 καὶτοῖς
1482 717 1581 787 μὲν
1635 715 1913 787 βασιλεῦσι

339 807 434 859 καὶ
482 798 741 877 ἄρχουσιν
770 806 1175 862 ὑποτάσσεσθαι
1214 802 1297 872 οἷς
1331 808 1430 873 δεῖ,
1462 811 1558 864 καὶ
1588 810 1648 862 ὲν
1669 804 1751 873 οἷς
1808 810 1905 874 δεῖ,

336 898 466 961 τοὺς
486 899 819 970 ἀρχομένους
850 899 1239 971 νομοθετήσας·
1275 901 1369 954 καὶ
1384 901 1561 967 δείξας
1581 902 1671 956 διὰ
1695 903 1911 967 τούτου,

339 990 425 1043 ὅτι
457 991 551 1043 καὶ
598 991 754 1045 αὐτοὶ
781 993 830 1044 οί
872 992 1132 1062 ἄρχοντες
1190 992 1442 1062 ἔναυσμά
1478 1012 1529 1047 τι
1564 995 1914 1065 δικαιοσύνης

339 1082 555 1151 ἔχοντες
592 1084 719 1146 τοὺς
747 1082 970 1154 νόμους,
1004 1085 1106 1138 ὅσα
1137 1086 1237 1155 μὲν
1266 1089 1388 1140 κατ’
1428 1087 1625 1148 αὐτοὺς
1662 1090 1917 1158 ποιήσου-

338 1188 447 1235 σιν,
485 1173 546 1225 οὐ
577 1174 1096 1244 κατακριθήσονται,
1128 1177 1232 1231 ὅσα
1263 1177 1321 1230 δὲ
1350 1179 1503 1249 παρὰ
1528 1176 1754 1242 τούτους
1784 1178 1912 1232 ἀνό-

341 1282 461 1332 μως
494 1266 588 1317 καὶ
636 1266 877 1334 ἀκρίτως
904 1269 999 1322 καὶ
1057 1269 1426 1339 τυραννικῶς,
1462 1272 1521 1322 ἐν
1573 1269 1784 1336 τούτοις
1816 1274 1913 1326 καὶ

342 1354 694 1410 ἀπολοῦνται·
728 1359 821 1411 ἐπὶ
851 1360 1189 1432 συμςρέροντι
1213 1362 1323 1433 γὰρ
1362 1364 1471 1415 τῶν
1502 1362 1721 1417 ἑθνῶνό
1751 1365 1914 1435 νόμος

340 1444 500 1513 ἐδόθη
521 1446 724 1513 αὐτοῖς,
747 1447 821 1511 ὡς
846 1450 939 1501 καὶ
965 1448 1176 1513 Παῦλος
1200 1451 1321 1523 βοᾷο
1346 1451 1483 1507 ἀλλά
1513 1454 1609 1506 καὶ
1634 1453 1685 1506 oi
1721 1455 1918 1525 ἄρχον-

342 1554 438 1602 τες
462 1540 661 1609 ὁμοίως
694 1543 809 1604 τοῖς
855 1542 1043 1612 νόμοις
1094 1543 1187 1596 ἐπὶ
1241 1546 1576 1615 συμφέροντι
1630 1547 1913 1618 ἐδόθησαν,

346 1628 466 1682 ἀλλ’
494 1630 591 1699 οὐχ
614 1629 688 1694 ὡς
706 1634 836 1685 ἑνιοι
860 1634 1046 1697 κακῶς
1073 1634 1356 1704 βούλονται
1386 1640 1479 1691 τοῦ
1505 1638 1753 1692 διαϐόλου
1775 1636 1915 1694 εἶναι

342 1722 447 1793 τὴν
478 1722 732 1788 ἐξουσίαν
792 1727 893 1796 τὴν
919 1727 1015 1780 ἐπὶ
1056 1729 1179 1798 γῆς,
1210 1728 1290 1799 τῷ
1311 1728 1543 1802 διαϐόλῳ
1582 1734 1723 1787 κατὰ
1758 1734 1919 1786 τοῦτο

2016 636 2213 691 nempe
2265 635 2362 691 per
2394 635 2574 691 reges,
2607 618 2908 690 principes,
2965 618 3217 672 dominos
3271 631 3334 671 ac
3370 632 3582 679 servos.

2017 716 2209 769 morali
2242 728 2496 769 sermone
2528 729 2630 768 suo
2675 712 3011 768 excurrisSct
3055 709 3376 781 apostolus;
3421 718 3588 781 atque

2018 804 2418 872 subjectzonem
2448 804 2667 874 regibus
2690 812 2742 857 et
2768 801 3127 873 principibus,
3155 801 3357 871 quibus
3372 810 3587 872 oportet

2015 906 2070 947 et
2100 897 2151 948 in
2182 897 2382 965 quibus
2432 905 2668 967 oportet,
2706 895 3053 966 praecepisset
3090 896 3324 965 indeque
3362 897 3589 950 demon-

2016 995 2270 1054 strassct,
2289 989 2451 1043 etiam
2493 988 2789 1058 principes,
2822 987 3022 1057 quibus
3056 987 3200 1057 leges
3237 986 3591 1041 incitamento

2018 1076 2372 1145 adjustitiam
2418 1092 2542 1134 esse
2577 1080 2796 1143 debent,
2826 1081 2869 1132 si
2911 1078 3208 1147 quidquam
3227 1087 3417 1133 contra
3441 1079 3591 1149 ipsas

2018 1167 2225 1237 inique.
2253 1171 2462 1241 absque
2480 1169 2782 1238 judicio,et
2803 1171 3047 1242 tyranice
3062 1172 3293 1239 egerint,
3324 1181 3589 1225 aeternum

2020 1262 2291 1329 perituros
2317 1282 2329 1315 :
2356 1262 2796 1332 quandoquidem
2839 1262 2905 1315 ad
2946 1261 3271 1332 populorum
3301 1261 3589 1316 utilitatem

2016 1348 2141 1403 data
2167 1361 2253 1406 est
2283 1350 2391 1404 illis
2425 1352 2529 1413 lex,
2564 1350 3028 1421 quemadmodum
3061 1360 3115 1406 et
3135 1350 3338 1405 Paulus
3367 1350 3592 1417 clamat;

2017 1451 2071 1497 ct
2092 1443 2208 1511 pari
2230 1444 2442 1498 ratione
2468 1444 2533 1497 ad
2554 1443 2843 1496 utilitatem
2892 1442 3299 1513 assignatisunt
3317 1442 3593 1512 principes

2018 1533 2268 1605 legibus:
2306 1536 2448 1591 unde
2502 1535 2735 1605 pessime
2790 1534 3013 1605 quidam
3045 1535 3392 1605 pertendunt,
3438 1544 3594 1606 pote-

2019 1636 2218 1682 Statem
2264 1642 2539 1697 quamque
2572 1634 2846 1681 terrenam
2882 1641 3005 1681 esse
3033 1641 3063 1679 a
3097 1625 3341 1680 diabolo.
3377 1624 3496 1691 Qua
3537 1625 3593 1679 in

2021 1734 2077 1773 re
2104 1720 2324 1789 ipsimet
2342 1719 2559 1774 diabolo
2589 1721 3029 1790 patrocinantur,
3056 1720 3149 1789 qui
3182 1733 3349 1775 ausus
3375 1725 3461 1773 est
3489 1717 3596 1773 Do-

342 1814 826 1885 συναγορεύοντες,
874 1818 1084 1872 ειπόντι
1121 1820 1257 1891 πρὸς
1278 1822 1371 1875 τὸν
1406 1823 1637 1893 Κύριον·
1690 1846 1707 1877 ι
1733 1824 1918 1879 Ταῦτα

2023 1811 2170 1864 mino
2193 1811 2408 1868 dicere:
2445 1811 2599 1865 cllasr
2621 1810 2958 1865 omnia‘milii
2993 1812 3191 1865 tradita
3220 1819 3388 1875 sunt;
3423 1809 3595 1865 ct'eui

339 1904 523 1958 πάντα
553 1883 679 1976 μοὶ
694 1908 926 1974 δέδοται,
947 1903 1096 1980 καὶῷ
1112 1883 1178 1965 ἂν
1192 1883 1467 1984 βούλωμαι
1486 1883 1680 1988 δίδωμι
1714 1918 1877 1973 αύτά·
1891 1938 1911 1970 ι

2024 1908 2166 1967 volo,
2197 1905 2270 1958 do
2307 1904 2399 1958 illa
2435 1905 2502 1958 ⁸⁵.
2538 1923 2555 1955 i
2592 1903 2710 1958 Non
2760 1904 2904 1959 enim
2962 1904 3111 1958 illius
3152 1903 3382 1973 imperio
3437 1917 3595 1973 rcges

339 1997 404 2049 ού
435 1997 544 2067 γάρ
576 2000 643 2069 τῇ
686 2000 878 2055 τούτου
932 2003 1183 2057 κελεύσει
1246 2004 1487 2075 βασιλεῖς
1540 2008 1917 2077 καθίστανται,

333 2089 541 2154 οἵτινες
572 2092 709 2163 πρὸς
742 2095 1119 2167 ἐπανόρθωσιν
1144 2102 1254 2153 τῶν
1294 2102 1486 2155 κακῶν
1518 2103 1783 2173 δέδονται,
1816 2106 1911 2160 τοῦ

339 2181 591 2236 διαϐόλου
623 2187 792 2255 μηδὲν
818 2187 1061 2241 τοιοῦτον
1094 2190 1549 2259 ἐμπολιτεύεσθαι
1576 2197 1689 2258 τοῖς
1717 2195 1921 2268 ἀνθρὼ-

335 2290 469 2338 ποις
499 2275 860 2348 ἐπειγομένου
886 2295 901 2310 ο
951 2279 1216 2351 ἐδόθησαν
1260 2282 1373 2353 γὰρ
1402 2284 1644 2349 ἐξουσίαι
1687 2287 1784 2341 καὶ
1816 2286 1917 2356 ἀρ-

344 2381 532 2436 χοντες
562 2367 669 2423 ύπδ
691 2369 852 2436 Θεοῦ,
876 2371 927 2424 oi
954 2371 1073 2442 μὲν,
1114 2373 1194 2436 είς
1225 2376 1558 2447 συντήρησιν
1586 2376 1681 2431 τοῦ
1708 2377 1917 2431 δικαίου

344 2455 443 2510 καὶ
466 2457 839 2530 ἐπανόρθωσιν
856 2461 951 2514 καὶ
977 2460 1248 2530 ὠφέλειαν
1278 2465 1388 2519 τῶν
1407 2468 1751 2538 ἀρχομένων,
1784 2470 1833 2522 οί
1861 2469 1919 2523 δὲ

346 2548 436 2601 διά
475 2549 639 2618 φόϐον
672 2551 809 2621 πρὸς
839 2555 1114 2624 τιμωρίαν
1148 2559 1242 2610 καὶ
1274 2556 1569 2629 ἐπίπληξιν
1603 2561 1711 2614 τῶν
1744 2563 1921 2633 ἁμαρ·

346 2641 639 2708 τανόντων,
662 2646 711 2696 οί
741 2645 795 2697 δὲ
827 2648 923 2699 καὶ
956 2647 1038 2709 είς
1057 2647 1120 2701 τδ
1151 2650 1277 2712 τοὺς
1333 2650 1728 2721 ὲξυϐρίσαντας
1763 2654 1918 2725 δίκην

343 2734 506 2798 ἀξίαν
563 2735 815 2790 ἀποτῖσαι
836 2753 850 2767 ⁸
882 2738 1061 2802 δείξας
1109 2740 1204 2794 οὖν
1228 2740 1411 2805 τοῦτο,
1452 2744 1545 2796 καὶ
1578 2745 1664 2797 δτι
1694 2746 1754 2798 τὸ
1787 2746 1919 2798 ύπο-

347 2824 643 2879 τάσσεσθαι
695 2826 907 2894 τούτοις
934 2830 1160 2897 ἀγαθὸν.
1192 2834 1250 2885 τὸ
1279 2834 1337 2886 δὲ
1371 2836 1618 2899 ἀπειθεῖς
1646 2832 1785 2890 εἶναι
1818 2856 1919 2891 κα-

351 2915 475 2969 κόνο
511 2918 713 2987 δμοίως
751 2921 810 2975 δὲ
842 2920 938 2975 καὶ
980 2926 1092 2985 τοῖς
1157 2924 1388 2989 δούλοις,
1430 2926 1503 2988 ὡς
1543 2927 1752 2997 ἔφημεν
1790 2929 1921 2982 ὑπο-

352 3008 656 3079 μνήσαντες
689 3012 788 3065 καὶ
825 3012 954 3083 περὶ
1004 3014 1206 3069 δούλων
1233 3018 1328 3069 καὶ
1347 3016 1622 3071 δεσποτῶν
1652 3035 1669 3050 ο
1708 3019 1921 3089 μέτεισι

349 3094 447 3150 νῦν
481 3097 577 3151 καὶ
602 3098 1225 3172 ἑπὶτὴνγυναικωνῖτιν.
1262 3106 1433 3175 Φησὶν
1453 3102 1549 3159 οὖν
1579 3108 1709 3178 περὶ
1735 3125 1923 3173 γυναι·

352 3186 586 3254 κῶν,ὡς
614 3190 697 3245 δεῖ
723 3194 928 3256 ταύτας
961 3193 1056 3247 δύο
1085 3194 1261 3250 ταῦτα
1294 3197 1638 3262 σπουδάζειν,
1690 3219 1707 3251 ι
1753 3200 1920 3253 Ἴτε.-

350 3280 646 3336 τάσσεσθαι
672 3285 786 3346 τοῖς
818 3284 970 3349 ίδίοις
996 3286 1242 3357 ἀνδράσι,
1271 3306 1291 3339 ι
1341 3288 1437 3342 καὶ
1460 3291 1665 3359 κόσμου
1712 3294 1919 3357 παντὸς

346 3369 447 3423 καὶ
472 3370 865 3442 καλλωπισμοῦ
897 3372 1184 3447 ἀλλοτρίας
1209 3377 1406 3440 ἑαυτὰς
1447 3379 1791 3448 ἀποφαίνειν,
1833 3401 1923 3450 μι-

354 3463 627 3534 μουμένας
681 3464 783 3530 τάς
834 3466 999 3535 ἁγίας
1044 3469 1330 3537 γυναῖκας.
1400 3471 1552 3524 Ἐπεὶ
1599 3475 1693 3526 καὶ
1735 3470 1921 3539 αὗται,

352 3560 507 3628 φησι,
532 3559 736 3628 κόσμον
760 3559 949 3613 τοῦτον
970 3561 1172 3632 ᾔδεσαν
1202 3562 1386 3630 μόνον,
1426 3562 1488 3615 τὸ
1515 3566 1651 3635 πρὸς
1676 3566 1798 3625 τοὺς
1829 3568 1921 3619 αύ-

352 3650 459 3702 τῶν
474 3650 672 3721 ἀνδρας
700 3652 998 3724 πειθήνιον.
1036 3654 1145 3707 Καὶ
1171 3653 1224 3707 τί
1245 3656 1307 3707 τδ
1328 3654 1438 3708 ἀπὸ
1462 3657 1666 3710 τούτων
1691 3658 1879 3727 κέρδος
1900 3676 1916 3725 ;

368 3742 429 3798 Ὀ
453 3742 559 3795 ἀπὸ
610 3743 724 3798 τῶν
749 3744 854 3809 ἔξω
886 3748 986 3815 τῆς
1016 3746 1251 3810 πίστεως
1285 3746 1446 3816 ζῆλος
1476 3750 1700 3816 ἀγαθὸς,
1732 3750 1790 3812 ὃς
1830 3752 1924 3804 καὶ

351 3834 462 3887 ἀπὸ
494 3834 594 3903 τῆς
632 3836 741 3888 τῶν
778 3837 1057 3906 ἀρχόντων
1122 3839 1251 3907 παρ’
1288 3840 1441 3909 ήμῶν
1481 3842 1758 3911 ὑποταγῆς
1794 3843 1923 3895 ἀπορ

353 3926 617 3991 τίκτεται,
676 3932 770 3981 καί
799 3932 833 3998 ἡ
865 3931 1001 3999 πρὸς
1050 3930 1286 4001 Χριστὸν
1337 3934 1431 3987 ὑπ’
1461 3935 1641 3987 αὐτῶν
1675 3937 1743 3988 δι’
1779 3938 1922 4006 ἡμᾶς

350 4019 695 4090 εὐχαριστία·
723 4020 751 4072 ὃ
783 4032 873 4073 καὶ
898 4023 1045 4090 μέγα
1088 4023 1350 4094 καύχημα
1378 4027 1739 4095 Χριστιανῶν,
1774 4028 1925 4080 εζλο-

352 4109 619 4181 γουμένου
657 4112 725 4164 δι’
752 4112 898 4181 qua;
928 4112 1022 4165 τοῦ
1050 4115 1314 4184 ὀνόματος
1348 4116 1441 4169 τοῦ
1472 4117 1608 4169 Θεοῦ
1640 4120 1733 4170 καὶ
1770 4120 1924 4188 πειρά

348 4202 465 4256 τῶν
492 4202 665 4257 ἐθνῶν
693 4203 782 4257 διὰ
808 4204 907 4274 τὴν
946 4206 1119 4278 καλὴν
1174 4208 1521 4279 ἀναστροφὴν
1554 4211 1730 4280 ήμῶν.
1766 4210 1836 4264 Τὸ
1865 4214 1922 4265 δὲ

353 4293 549 4359 εἰπεῖν,
591 4311 610 4340 ι
640 4295 802 4348 Ἀνευ
826 4296 985 4363 λόγου
1018 4298 1471 4370 κερδηθήσονται,
1504 4320 1522 4351 ι
1584 4302 1702 4372 ἦτοι
1731 4303 1923 4372 σχολά-

354 4384 539 4448 ζοντος
566 4387 766 4450 παντὸς
787 4386 946 4456 λόγου
973 4391 1066 4444 καὶ
1108 4391 1288 4460 πάσης
1321 4391 1635 4459 ἀντιλογίας
1656 4410 1671 4423 ·
1698 4394 1729 4463 ἢ
1755 4393 1831 4457 ὡς
1860 4394 1921 4447 τὸ

355 4474 417 4547 If.
444 4476 568 4549 τῆς]
588 4478 679 4531 διὰ
710 4478 820 4532 τῶν
842 4479 1020 4551 ἔργων
1043 4483 1357 4547 ἐπιδείξεως
1385 4488 1724 4557 κυριωτέρας
1755 4486 1923 4559 οὔσης

2019 1998 2458 2063 constituuntur,
2508 1998 2711 2067 quippe
2734 1999 2825 2064 qui
2866 1996 2931 2051 ad
2966 1997 3235 2050 malorum
3297 1998 3596 2050 correctio-

2020 2107 2143 2145 nem
2176 2090 2433 2146 destinati
2469 2103 2598 2147 sunt
2633 2108 2645 2143 :
2679 2092 2824 2161 quod
2877 2090 3139 2145 Diabolus
3196 2090 3459 2160 impedire
3508 2104 3596 2144 eo-

2021 2194 2203 2240 natur.
2235 2183 2283 2238 Δ
2332 2185 2442 2239 Deo
2504 2186 2688 2254 itaque
2735 2184 2861 2237 data
2923 2194 3008 2238 est
3057 2192 3324 2254 potestas,
3377 2193 3432 2237 et
3467 2197 3599 2238 con-

2020 2279 2196 2335 stituti
2231 2287 2361 2334 sunt
2396 2278 2692 2349 principes,
2724 2294 2845 2332 cum
2872 2278 2936 2331 ad
2965 2275 3597 2351 patrociniumjustitite,

2020 2378 2076 2427 ct
2100 2370 2459 2425 directionem
2509 2380 2675 2439 atque
2720 2370 3014 2424 utilitatem
3061 2366 3431 2432 subditorum,
3484 2377 3596 2422 tum

2021 2461 2090 2516 ad
2123 2473 2409 2525 terrorem,
2450 2461 2790 2531 punitionem
2825 2469 2881 2515 et
2915 2461 3321 2530 repressionetn
3380 2459 3599 2529 iniquo-

2021 2567 2142 2605 rum
2170 2569 2185 2619 ;
2228 2563 2339 2605 tum
2379 2550 2596 2606 demum
2635 2550 2702 2604 ad
2730 2549 2908 2604 debita
2943 2564 3098 2618 pmna
3128 2549 3445 2620 plectendos
3475 2550 3602 2604 illos

2020 2645 2115 2715 qui
2149 2643 2405 2713 injuriam
2432 2643 2633 2697 inferre
2655 2642 2781 2697 aliis
2805 2642 2922 2696 ausi
2954 2641 3181 2695 fuerint.
3216 2640 3351 2696 Cum
3394 2642 3469 2695 ita
3492 2641 3599 2695 hoc

2021 2736 2374 2803 ostendisset,
2404 2748 2457 2791 et
2498 2736 2642 2806 quod
2681 2734 2878 2804 subjici
2916 2734 3121 2788 bonum
3156 2733 3315 2790 nobis
3350 2735 3449 2799 sit,
3483 2749 3595 2787 non

2025 2844 2218 2900 parere
2251 2839 2431 2883 autem
2463 2829 2665 2882 malum
2696 2844 2711 2885 :
2740 2827 2996 2883 similiter
3019 2828 3182 2880 etiam
3211 2827 3388 2881 servis
3415 2825 3597 2895 quoad

2024 2922 2280 2977 dominos
2309 2936 2465 2986 suos,
2499 2931 2556 2975 ut
2591 2922 2702 2990 jam
2738 2920 2976 2975 diximus
3003 2938 3018 2975 :
3050 2934 3197 2973 nunc
3244 2918 3312 2972 ad
3339 2921 3599 2974 mulieres

2025 3030 2331 3070 sermonem
2373 3014 2663 3069 convertit.
2700 3014 2788 3066 Ait
2845 3015 3050 3082 itaque,
3102 3011 3458 3066 mulieresvad
3489 3012 3599 3065 duo

2026 3120 2149 3159 cum
2202 3106 2395 3176 primis
2451 3106 2623 3159 adniti
2677 3104 2913 3158 debere:
2975 3117 3208 3172 quorum
3268 3116 3437 3156 unum
3491 3110 3599 3166 εει,

2033 3218 2052 3249 ‹
2096 3198 2374 3269 subjectus
2420 3213 2546 3253 esse
2600 3196 2733 3252 viris
2773 3196 2890 3250 suis
2934 3211 2948 3247 :
2988 3213 3006 3246 ι
3045 3196 3301 3259 alterum,
3365 3208 3396 3247 a
3426 3194 3601 3249 nimio

2024 3308 2244 3363 ornatu,
2284 3297 2546 3366 omnique
2571 3294 2717 3360 fuco,
2756 3304 3071 3349 sanctarum
3103 3293 3392 3347 mulierum
3412 3307 3592 3347 exem-

2025 3390 2112 3461 plo
2146 3392 2460 3444 abhorrere.
2494 3386 2630 3442 Nam
2652 3395 2706 3441 et
2749 3387 2871 3451 illte,
2904 3385 3102 3456 inquit,
3139 3385 3245 3440 hoc
3296 3384 3473 3440 solum
3507 3399 3597 3439 or-

2026 3495 2341 3538 namentum
2375 3483 2480 3537 sibi
2504 3482 2844 3537 conveniens
2874 3480 3227 3549 reputabant,
3264 3477 3409 3547 quod
3436 3478 3603 3532 mari-

2026 3572 2094 3625 tis
2145 3573 2262 3626 suis
2308 3571 2680 3639 obsequentes
2711 3578 2917 3623 essent.
2950 3570 3019 3621 At
3063 3568 3339 3637 quodnam
3397 3582 3464 3622 ex
3498 3568 3602 3622 hoc

2026 3667 2242 3719 lucrum
2271 3664 2293 3715 ?
2324 3662 2476 3717 Bona
2497 3660 2775 3716 aemulatio
2811 3661 2862 3715 in
2897 3661 3228 3725 inlidelibus,
3258 3675 3380 3728 quae
3433 3663 3598 3714 etiam

2023 3771 2055 3810 δ
2091 3766 2275 3811 nostra
2334 3768 2463 3825 erga
2512 3754 2785 3824 principes
2854 3752 3217 3808 submissione
3257 3750 3597 3821 producitur,

2023 3844 2477 3916 quemadmodum
2507 3852 2560 3898 et
2585 3843 2788 3897 Christi
2815 3850 3035 3913 propter
3067 3859 3165 3897 nos
3221 3843 3374 3897 laus:
3413 3844 3465 3895 in
3492 3858 3600 3912 quo

2027 3954 2221 4008 magna
2288 3936 2724 3993 Christianorum
2757 3936 2926 4005 gloria
2966 3937 3140 4005 pesita
3162 3944 3276 3989 est:
3306 3951 3428 3988 cum
3454 3937 3601 3990 scili-

2024 4041 2108 4083 cet
2140 4035 2355 4098 propter
2378 4043 2501 4089 nos,
2530 4043 2623 4082 seu
2656 4037 2876 4097 propter
2902 4027 3097 4080 bonam
3128 4029 3596 4083 conversationem

2025 4127 2267 4174 nostram
2324 4118 2417 4173 Dei
2480 4134 2678 4174 nomen
2746 4120 3102 4188 gloriﬁcatur.
3168 4118 3302 4173 Illud
3366 4128 3597 4174 autem:

2033 4231 2051 4263 ι
2092 4212 2224 4266 Sine
2250 4210 2417 4268 verbo
2446 4211 2775 4273 lucriﬁant,»
2803 4210 2941 4265 idem
2963 4211 3099 4264 valet
3120 4225 3181 4264 ac
3216 4220 3425 4267 semoto
3451 4213 3599 4267 omni

2023 4317 2274 4359 sermone
2329 4302 2586 4371 onmiqne
2637 4300 3107 4364 contradictione;
3146 4302 3248 4368 vel,
3310 4303 3597 4357 veritatem

2025 4394 2235 4451 ﬁrmius
2263 4394 2766 4449 demonstrantibus
2815 4392 2978 4449 factis
3025 4408 3187 4464 quam
3223 4394 3427 4450 verbis.
3451 4392 3600 4463 Opus

2024 4486 2171 4542 enim
2232 4486 2351 4541 sine
2378 4485 2576 4551 verbis,
2606 4494 2665 4539 ut
2693 4486 2773 4539 vir
2810 4495 3035 4540 sanctus
3058 4483 3213 4550 dixit,
3251 4486 3600 4555 prastantius

352 4570 513 4639 λόγου
550 4571 644 4624 καὶ
666 4575 1011 4644 περιεργίας.
1053 4574 1301 4643 ’Δφωνον
1344 4576 1451 4647 γὰρ
1478 4576 1639 4645 ἔργον
1669 4581 1918 4648 κρεῖσσον

2027 4580 2201 4633 multo
2237 4587 2321 4635 est
2350 4578 2530 4633 verbis
2566 4578 2682 4633 sine
2720 4592 2903 4646 opere.

354 4660 638 4731 ἀπράκτου
665 4662 844 4731 λόγου,
884 4663 913 4714 ό
933 4662 1103 4717 εἰπὼν
1133 4666 1274 4735 ἀνήρ
1301 4664 1476 4733 ἅγιος.

433 4769 455 4803 r
493 4752 633 4807 Ἀλλ’
665 4755 693 4806 ό
719 4754 963 4825 κρυπτὸς
998 4754 1097 4824 τῆς
1132 4756 1359 4825 καρδίας
1410 4755 1698 4827 ἄνθρωπος
1735 4760 1797 4812 ἂν
1842 4758 1921 4831 τῷ

353 4843 619 4916 ἀφθάρτῳ
636 4844 732 4899 τοῦ
764 4845 965 4917 πραέος
995 4847 1087 4898 καὶ
1122 4845 1344 4915 ἡσυχίου
1369 4849 1697 4917 πνεύματος,
1722 4851 1749 4903 ὃ
1774 4854 1922 4906 ἐστιν

356 4933 587 4989 ἐνώπιον
616 4936 710 4991 τοῦ
730 4936 866 4990 Θεοῦ
893 4937 1197 5001 πολυτελές.
1230 4957 1247 4989 ι
1283 4969 1349 4979 -ο
1390 4959 1407 4991 ι
1428 4940 1583 4994 Πᾶσα
1617 4944 1723 5012 γὰρ
1742 4947 1773 5012 ή
1794 4944 1921 5011 δόξα

354 5030 455 5095 τῆς
484 5025 750 5097 θυγατρὸς
795 5026 888 5080 τοῦ
944 5026 1210 5096 βασιλέως
1236 5028 1440 5083 ἔσωθεν
1482 5034 1541 5082 ὲν
1593 5036 1924 5101 κροσσωτοῖς

350 5120 578 5188 χρυσοῖς
633 5117 1073 5189 περιϐεϐλημένη
1124 5122 1525 5191 πεποικιλμένη
1552 5139 1564 5152 ·
1593 5143 1611 5175 ›
1639 5125 1800 5177 οἱονεὶ
1827 5126 1925 5196 τῆς

356 5213 416 5262 ἐν
444 5208 524 5279 τῷ
553 5207 781 5281 κρυπτῷ
802 5210 960 5279 ήμῶν
982 5210 1297 5276 διαθέσεως,
1323 5217 1418 5266 καὶ
1445 5217 1543 5283 τῆς
1566 5215 1723 5278 ἐκτὸς
1753 5234 1919 5269 κατα-

358 5302 622 5365 στάσεως,
658 5300 901 5370 σύμϐολα
922 5303 1316 5372 ἀνεπιτήδευτα
1363 5309 1770 5377 παρ;χορνων.
1794 5309 1837 5359 Τ
1840 5327 1918 5361 οι-

348 5394 512 5456 οῦτος
541 5396 649 5461 γὰρ
675 5394 703 5446 ὁ
740 5392 966 5463 κροσσδς
1025 5396 1342 5465 περίττωμα
1370 5397 1446 5449 ὢν
1470 5399 1560 5449 τοῦ
1602 5399 1917 5467 ὑφάσματω

357 5485 457 5555 τὴν
512 5485 687 5555 ἀρχὴν
744 5484 921 5555 λαχὼν
974 5485 1081 5537 τῶν
1125 5488 1378 5555 στημόνω
1415 5528 1430 5552 ,
1478 5487 1507 5540 ὃ
1569 5492 1663 5560 τῆς
1714 5492 1915 5560 κρόκης

355 5576 703 5646 ἀπήλλακται
722 5576 823 5645 τῆς
849 5577 1157 5646 ἐμπλοκῆς,
1178 5578 1270 5629 καὶ
1298 5578 1393 5648 τῆς
1423 5580 1662 5649 ἀρχῆθεν
1682 5583 1919 5635 ὑποστά-

359 5684 497 5730 σεως
556 5667 751 5737 μηνύει
781 5668 878 5740 τήν
906 5669 1185 5740 ἐργασίαν.
1221 5687 1239 5721 ι
1263 5670 1541 5740 Χρυσοῦς»
1585 5672 1640 5724 δέ
1667 5690 1797 5742 φησι
1827 5671 1920 5727 καὶ

429 5851 475 5883 ⁸⁸
504 5848 637 5907 Luc.
671 5866 743 5918 vr,
774 5849 829 5905 θ.
907 5848 952 5882 ⁸⁸
980 5846 1122 5904 Psal.
1153 5862 1299 5913 xuv,
1330 5848 1418 5903 14.

2100 4755 2264 4831 velis.
2298 4758 2351 4814 4.
2392 4776 2411 4809 ι
2449 4756 2552 4812 Sed
2592 4757 2686 4826 qui
2715 4753 3163 4810 absconditusest
3193 4753 3371 4809 cordis
3410 4754 3597 4819 homo,

2026 4851 2081 4907 in
2122 4852 2636 4922 incorruptibilitate
2692 4851 2858 4920 quieti
2888 4858 2941 4903 et
2976 4848 3201 4903 modesti
3229 4849 3474 4917 spiritus,
3503 4853 3595 4916 qui

2027 4951 2111 4999 est
2148 4943 2203 4997 in
2254 4951 2547 5012 conspectu
2608 4940 2701 4997 Dei
2755 4942 3001 5010 iocuplcx
3051 4959 3068 4990 ι
3112 4937 3247 4992 Nam
3316 4957 3333 4989 ι
3403 4938 3597 4993 Omnis

2024 5036 2198 5109 gloria
2231 5034 2355 5090 ﬁliae
2408 5035 2551 5105 regis
2599 5034 2666 5087 ab
2726 5034 2896 5097 intus,
2930 5034 2981 5085 in
3020 5031 3249 5085 ﬁmbriis
3280 5030 3459 5085 aureis
3485 5033 3595 5083 cir-

2024 5130 2347 5184 cumamieta
2379 5127 2826 5181 varietatibus“:
2869 5146 2887 5176 ι
2925 5124 3085 5197 367
3108 5124 3313 5179 scilicet
3338 5123 3597 5178 interiore

2024 5231 2209 5275 nostra
2244 5219 2549 5284 all‘ectione,
2573 5226 2628 5273 et
2680 5219 2949 5273 exteriore
2998 5217 3392 5287 compositione
3422 5216 3596 5269 amice

2023 5308 2487 5376 conspirantibns.
2537 5306 2772 5361 Fimbria
2818 5306 2961 5359 enim
2996 5315 3080 5359 est
3126 5304 3441 5357 extremitas
3475 5303 3596 5357 telae

2028 5402 2109 5455 vel
2148 5400 2330 5470 panni,
2380 5398 2467 5453 ubi
2529 5407 2738 5452 stamen
2793 5411 2915 5449 eum
2957 5396 3292 5465 subtegmine
3350 5409 3457 5448 non
3508 5403 3594 5448 est

2028 5494 2364 5563 implexum:
2405 5505 2575 5561 quare
2615 5490 2683 5545 ab
2713 5489 2869 5543 initio
2922 5486 3159 5542 ostendit
3194 5486 3362 5540 totius
3414 5485 3594 5553 Operis

2030 5586 2413 5639 substantiam.
2465 5602 2484 5634 ι
2524 5582 2734 5637 Aureas
2767 5602 2786 5632 ι
2822 5590 3005 5633 autem
3038 5578 3171 5633 dicit
3207 5595 3225 5629 t
3267 5577 3529 5640 ﬁmbrias,
3568 5592 3587 5625 ι

2029 5672 2156 5740 quia
2191 5670 2242 5725 id
2290 5672 2476 5738 etiam,
2527 5670 2675 5726 ouod
2708 5683 2773 5724 es
2822 5671 2969 5724 intus
3015 5667 3216 5722 latente
3265 5666 3503 5720 exterius
3534 5679 3595 5719 se
