4102 6302
393 302 546 370 1285
1167 304 1572 370 ΕΧΡΟΞΙΤῘΟ
1608 305 1689 368 ΙΝ
1729 305 1959 366 EPIST.

2060 306 2064 362 Ῐ
2099 306 2159 366 S.
2194 307 2452 368 PETRI.
2483 331 2553 343 ··-
2580 307 2739 372 CAP.
2783 309 2893 370 ΙΠ.
3505 313 3644 376 Ῑὲδίῖ

459 438 479 471 ι
502 418 660 485 Ἥξει
688 419 745 474 δὲ
778 420 814 492 ἡ
842 421 1021 492 ἡμέρα
1079 421 1284 490 Κυρίου
1306 418 1383 482 ὡς
1415 418 1654 486 κλέπτης
1687 419 1744 469 ἐν
1776 416 1952 480 νυκτὶ,

2133 414 2294 472 Vens.
2330 417 2534 473 tO-li.
2589 438 2606 469 ι
2643 419 2908 472 Adveniet
2954 426 3135 474 autem
3174 419 3294 477 dies
3335 419 3550 478 Domini
3585 434 3645 478 ut

388 513 447 564 ἐν
482 504 589 583 ᾖοί
629 513 850 584 οὐρανοὶ
913 511 1161 584 ῥοιζηδὸν
1203 511 1660 581 παρελεύσονται,
1719 510 1958 578 στοιχεῖα

2064 510 2152 561 fur
2180 523 2193 567 :
2229 509 2281 562 in
2316 524 2426 578 quo
2467 509 2590 564 cudi
2620 527 2817 580 magno
2852 512 3052 581 impetu
3085 515 3372 579 transient,
3401 516 3644 570 elemen-

391 601 740 675 καυσούμενα
786 602 1133 674 λυθήσονται,
1195 608 1291 658 καὶ
1337 602 1411 672 γῆ
1463 605 1558 656 καὶ
1599 603 1664 655 τὰ
1707 603 1764 654 ἐν
1817 601 1955 670 αὐτῇ

2063 609 2115 654 ta
2149 616 2279 655 vero
2307 603 2490 656 calore
2511 605 2814 668 solventur,
2846 613 2987 658 terra
3010 616 3189 660 autem
3218 615 3272 660 et
3298 622 3417 675 qua!
3443 607 3496 662 in
3526 609 3643 677 ipsa

389 698 526 768 ἔργα
554 698 988 770 κατακαήσεται.
1031 697 1252 750 Τούτων
1275 694 1370 750 οὖν
1400 697 1621 749 πάντων
1652 693 1956 761 λυομένων,

396 789 666 852 ποταποὺς
697 789 780 843 δεῖ
803 789 1069 860 ὑπάρχειν
1097 791 1245 859 ἡμᾶς
1284 791 1343 842 ὲν
1370 789 1552 857 ἁγίαις
1593 788 1960 856 ἀναστροφαῖς

393 881 488 934 καὶ
548 881 876 944 εὐσεϐείαις,
913 881 1324 952 προσδοκῶντας
1362 882 1456 934 καὶ
1495 880 1826 943 σπεύδοντας
1858 879 1960 950 τὴν

393 973 699 1043 παρουσίαν
727 975 827 1044 τῆς
857 973 950 1028 τοῦ
971 972 1107 1026 Θεοῦ
1135 973 1371 1044 ἡμέρας,
1406 971 1475 1026 δι’
1497 973 1564 1044 ἢν
1593 972 1814 1043 οὐρανοὶ
1859 987 1961 1024 πυ-

393 1065 650 1138 ρούμενοι
693 1065 1046 1137 λυθήσονται,
1089 1067 1187 1119 καί⁸
1215 1069 1450 1136 στοιχεῖα
1486 1065 1834 1133 καυσούμενα
1863 1080 1961 1116 τα-

388 1157 651 1226 κήσονται
674 1173 692 1225 ;
715 1177 736 1211 3
767 1158 841 1211 Τὸ
870 1158 1067 1228 ἄδηλον
1103 1157 1204 1228 τῆς
1237 1157 1332 1211 τοῦ
1398 1157 1608 1227 Κυρίου
1659 1155 1962 1228 παρουσίας

386 1249 482 1303 καὶ
521 1250 585 1304 τὸ
608 1250 1015 1320 ἀπροσδόκητον
1037 1249 1124 1303 διὰ
1146 1251 1244 1319 τῆς
1267 1248 1361 1302 τοῦ
1394 1267 1412 1300 ι
1443 1248 1672 1302 κλέπτου
1696 1265 1716 1299 3
1744 1247 1962 1325 ἐπεὶ.εά-

389 1357 528 1408 σεως
566 1343 780 1414 καὶτῆς
836 1362 856 1394 ι
884 1343 1112 1406 νυκτὸς)
1146 1343 1401 1413 ἐδήλωσε·
1437 1341 1524 1397 διὰ
1560 1343 1657 1411 μὲν
1679 1341 1780 1411 τῆς
1814 1359 1833 1392 ι
1865 1357 1959 1393 νυ-

387 1435 534 1499 κτὸς,
560 1454 579 1486 3
613 1437 674 1489 τὸ
694 1433 909 1506 ἄδηλον·
930 1435 1018 1490 διὰ
1037 1435 1093 1489 δὲ
1112 1436 1204 1488 τοῦ
1229 1436 1520 1489 ικλέπτου»
1539 1435 1601 1487 τὸ
1613 1433 1956 1504 ἀπροσδόκη-

383 1527 688 1592 τονοούδε“νς
721 1528 831 1600 γὰρ
861 1527 1100 1598 κλέπτην
1131 1528 1448 1599 προσδοκῶν
1472 1526 1834 1596 κλαπήσεται.
1868 1523 1982 1579 ΔιὸΔ

386 1619 483 1673 καὶ
505 1621 533 1669 ὁ
558 1617 757 1691 Κύριός
791 1637 983 1692 φησιν,
1045 1622 1126 1675 ὅτι
1166 1639 1186 1672 ι
1213 1621 1426 1693 ’Ὠσπερ
1475 1621 1532 1674 ἐν
1568 1622 1688 1683 ταῖς
1725 1619 1958 1690 ἡμέραις

384 1711 480 1765 τοῦ
501 1711 620 1765 Νῶε
636 1708 778 1782 ἦσαν
808 1715 859 1767 οἱ
889 1713 1190 1786 ἀνθρωττοι,
1216 1712 1613 1783 εὐθυμούμενοι
1643 1713 1828 1776 πάτοις
1860 1712 1957 1764 καὶ

385 1810 604 1870 γάμοις,
636 1822 658 1857 3
692 1804 798 1870 ἕως
835 1805 866 1858 δ
895 1803 1278 1874 κατακλυσμὸς
1307 1804 1491 1866 αὐτοῖς
1517 1802 1741 1872 ἔπεα-ιη’
1779 1799 1958 1855 «οὕτω

385 1895 480 1947 καί⁵
505 1897 540 1965 ὴ
567 1894 662 1949 τοῦ
703 1895 907 1967 Κυρίου
937 1895 1210 1964 παρουσία
1234 1915 1254 1948 3
1285 1895 1704 1966 ἀπροσδοκήτως
1730 1893 1960 1948 ἐπελεῦα

387 2002 540 2041 σεται
593 1991 710 2052 τοῖς
763 1987 1006 2043 ἀσεδίσι.
1055 2007 1074 2042 ι
1111 1987 1388 2059 Ῥοιζηδῦν
1411 2009 1430 2039 3
1463 1987 1520 2042 δὲ
1578 1987 1642 2041 τὸ
1677 1987 1794 2059 μετ’
1821 1987 1958 2058 ἡχου

387 2079 675 2150 σημαίνει·
751 2079 880 2144 idm;
913 2077 968 2134 δὲ
1001 2080 1031 2132 ὁ
1060 2076 1298 2143 τοιοῦτος
1340 2072 1475 2148 ἦχος
1509 2077 1607 2132 ἐπὶ
1678 2075 1792 2132 τῶν
1852 2076 1960 2130 ὑπὸ

384 2171 556 2242 πυρὸς
621 2170 993 2244 βοσκομένων.
1027 2170 1228 2225 Σκόπει
1250 2169 1307 2224 δὲ
1342 2170 1424 2224 ὅτι
1455 2188 1477 2223 ι
1496 2170 1601 2240 γῆν
1625 2187 1647 2224 3
1674 2165 1797 2224 εἷπε
1823 2187 1842 2222 ι
1863 2169 1961 2223 καὶ

385 2267 454 2318 τὰ
471 2264 562 2318 ὑπ’
597 2265 769 2334 αὐτὴν
829 2263 968 2335 ἔργα
1016 2262 1489 2335 κατακαήσεσθαι,
1520 2281 1542 2315 3
1573 2262 1693 2318 ἀλλ’
1715 2262 1842 2334 οὐχὶ
1865 2265 1961 2318 ἀν-

386 2355 662 2428 θρώπους,
697 2359 746 2411 εί
775 2356 852 2430 μὴ
909 2357 1081 2428 μόνην
1119 2356 1402 2412 ἀπώλειαν
1449 2356 1544 2411 iul.
1590 2357 1702 2412 τῶν
1741 2354 1959 2413 ἀσεϐῶν

387 2446 562 2516 εἶπεν,
599 2448 718 2523 ἦτοι
771 2450 882 2504 τῶν
936 2450 1302 2522 ἀσεϐημάτων
1326 2450 1529 2505 αὐτῶν.
1585 2467 1607 2503 ι
1645 2450 1798 2515 Ὀδδς
1851 2450 1960 2523 γὰρ

386 2539 600 2594 ἀσεϐῶν
649 2540 958 2607 ἀπολεῖται,
992 2559 1011 2592 3
1055 2539 1170 2596 ἀλλ’
1194 2543 1317 2612 οὐχὶ
1339 2543 1486 2610 καὶδ
1519 2542 1746 2614 ἀσεΰής.

466 2829 485 2863 ι
511 2811 746 2875 Καινοὺς
785 2809 840 2864 δὲ
869 2810 1131 2882 οὐρανοὺς
1173 2814 1268 2866 καὶ
1309 2812 1504 2885 καινὴν
1568 2813 1675 2885 γῆν
1715 2811 1862 2868 κατά
1896 2814 1960 2866 τδ

385 2904 708 2976 ἐπάγγελμα
763 2904 928 2959 αὐτοῦ
973 2905 1388 2976 προσδοκῶμεν,
1422 2909 1480 2960 ὲν
1508 2900 1590 2968 oi;
1636 2906 1958 2974 δικαιοσύνη

389 2998 657 3057 κατοικεῖ.
680 2997 793 3059 Διὸ,
812 2997 1109 3067 ἀγαπητοὶ,
1125 2998 1298 3052 ταῦτα
1328 2996 1764 3069 προσδοκῶντες,
1794 3012 1961 3050 σπουο

388 3088 592 3144 δάσατε
652 3088 874 3142 ἄσπιλοι
921 3091 1031 3143 καὶ
1073 3087 1532 3161 ἀμώμητοιαῠτῷ
1559 3089 1851 3160 εὑρεθῆναι
1897 3088 1958 3140 ιν

392 3174 606 3248 είρήνῃ,
676 3176 774 3231 καὶ
833 3176 932 3249 τὴν
961 3177 1057 3233 τοῦ
1125 3180 1329 3249 Κυρίου
1357 3179 1514 3251 ἡμῶν
1569 3177 1958 3249 μακροθυμίαν

394 3268 668 3340 σωτηρίαν
703 3269 943 3342 ἡγεῖσθε.
973 3287 992 3322 3
1021 3298 1090 3313 —-
1119 3287 1140 3320 ι
1170 3271 1405 3334 Καινοὺς
1440 3270 1705 3342 οὐρανοὺς
1731 3288 1752 3322 3
1787 3271 1816 3322 ὁ
1841 3269 1954 3322 KG-

392 3376 509 3432 ριος
548 3378 569 3413 ι
600 3363 691 3416 καὶ
716 3362 907 3432 καινὴν
937 3363 1038 3434 γῆν
1063 3380 1082 3414 3
1115 3343 1590 3434 ὑποστήσεται,ὀῦ
1619 3364 1686 3432 τῇ
1724 3359 1957 3430 ὑπάρξει

393 3453 493 3509 καὶ
526 3453 631 3527 ὕλῃ
651 3469 665 3483 ·
693 3456 754 3507 οὐ
792 3455 901 3525 γὰρ
938 3453 1266 3526 συμπηγνὺς
1289 3451 1466 3526 [νέαν]
1491 3453 1693 3518 οἰκίαν,
1725 3452 1827 3524 ήδη
1861 3453 1956 3504 καί

391 3546 459 3599 ἐκ
495 3528 574 3616 μὴ
596 3545 1026 3618 προῦπαρξάσης
1061 3545 1192 3617 ὕλης
1223 3546 1384 3600 τοῦτο
1422 3550 1588 3601 ποιεί.
1627 3544 1738 3599 Καὶ
1769 3547 1798 3600 ὁ
1821 3543 1957 3609 Θεὸς

383 3635 482 3694 οὖν
518 3635 670 3702 duci:
724 3635 1038 3707 ὑποστήσας
1093 3637 1194 3707 τὴν
1251 3633 1386 3708 ὓλην
1421 3635 1517 3688 καὶ
1563 3633 1958 3705 διαμορφὼσας

387 3731 662 3793 παντοίοις
691 3729 858 3782 εἴδεσι
878 3729 975 3782 καὶ
1013 3728 1373 3799 συγκρίμασι,
1409 3729 1470 3782 τὸ
1503 3729 1606 3799 μὲν
1653 3727 1779 3781 ὅσον
1817 3728 1955 3798 προς

384 3825 488 3892 τὴν
513 3823 634 3876 τότε
657 3821 843 3893 χρείαν
880 3822 1198 3890 ἀναγκαῖον,
1226 3821 1363 3891 πρὸς
1385 3819 1442 3874 δὲ
1480 3820 1578 3892 τὴν
1621 3821 1759 3892 μετά
1782 3818 1957 3873 ταῦτα

386 3915 688 3986 ἄφθαρτον,
703 3913 1016 3977 ἀλυσιτελές
1043 3930 1102 3966 τε
1125 3914 1219 3966 καὶ
1238 3913 1515 3983 περιττὸν,
1541 3911 1954 3983 ἀποπέμπεταιο

384 4008 442 4062 εἰ
468 4024 520 4061 τι
550 4007 608 4061 δὲ
643 4003 977 4071 λυσιτελοῦν,
1021 4007 1428 4076 ἀναμορφώσας
1457 4004 1723 4077 ἀφθάρτῳ
1768 4004 1956 4058 κάλλει

390 4101 486 4153 καὶ
514 4098 802 4169 ἀμηχάνῳ,
829 4097 920 4150 τὸν
943 4095 1197 4167 δεύτερον
1231 4095 1328 4150 καὶ
1369 4094 1648 4167 ἄφθαρτον
1700 4095 1956 4166 συμπλη-

391 4188 520 4260 ροῦν
563 4189 767 4257 κόσμον
795 4189 879 4259 ἑᾷ.

462 4298 482 4333 ι
541 4278 740 4344 Καθὼς
789 4281 883 4334 καὶ
913 4281 943 4334 ὀ
972 4279 1252 4350 ἀγαπητὸς
1282 4277 1440 4351 ἡμῶν
1490 4277 1718 4349 ἀδελφὸς
1747 4277 1959 4343 Παῦλος

394 4371 538 4427 κατά
565 4374 664 4442 τὴν
687 4370 1095 4442 δοθεῖσαναύτῷ
1115 4373 1306 4439 σοφίαν
1328 4369 1562 4440 ἔγραψεν
1585 4371 1735 4439 ὑμῖν,
1759 4367 1834 4432 ὠς
1863 4371 1958 4422 καὶ

2063 702 2215 756 sunt,
2242 710 2410 762 opera
2441 704 2760 749 exuruntur.
2802 694 2937 749 Cum
2981 696 3146 766 igitur
3179 701 3289 752 haec
3316 702 3496 753 omnia
3532 702 3645 755 dis-

2060 787 2314 840 solvenda
2346 787 2674 856 sint,quales
2690 798 2908 858 oportet
2925 805 3025 844 nos
3047 806 3170 846 esse
3191 793 3244 846 in
3257 792 3462 846 sanctis
3481 791 3645 862 ηοο

2061 879 2568 933 movet-sationibus
2635 888 2690 934 et
2762 882 3080 948 pietatibtts,
3135 894 3516 953 t'xspactantrs
3589 893 3642 939 et

2062 978 2418 1038 properantes
2472 973 2525 1024 in
2581 969 2877 1025 adventum
2921 973 3029 1028 diei
3083 972 3316 1037 Domini,
3362 990 3458 1043 per
3479 988 3636 1044 quem

2060 1062 2184 1118 mali
2231 1065 2484 1118 ardentes
2525 1064 2828 1126 solventur,
2874 1074 2926 1119 et
2963 1065 3233 1120 elementa
3276 1066 3416 1136 ignis
3445 1068 3641 1123 ardore

2063 1155 2348 1208 tabescettt
2399 1151 2424 1205 ’ί
2484 1171 2503 1204 3
2562 1155 3008 1209 lncertitudinem
3062 1156 3324 1224 temporis
3374 1159 3640 1214 adventus

2061 1242 2298 1309 (taurini,
2331 1255 2385 1299 ct
2423 1245 2567 1314 quod
2605 1248 2651 1300 is
2682 1258 2902 1317 repente
2933 1263 2996 1301 ac
3035 1248 3314 1319 inopinato
3341 1264 3641 1320 superven-

2059 1346 2218 1396 turus
2258 1340 2349 1402 sit,
2396 1355 2488 1409 per
2533 1359 2549 1392 ι
2593 1339 2766 1394 furem
2801 1360 2820 1392 3
2860 1350 2913 1395 et
2974 1361 2990 1392 ι
3023 1351 3236 1396 not-tem
3273 1360 3292 1394 3
3343 1345 3585 1408 declarat
3620 1361 3636 1398 ε

2059 1430 2296 1502 primum
2381 1432 2600 1501 quidem
2661 1448 2756 1500 per
2821 1451 2840 1483 ι
2880 1441 3117 1498 noctem,
3156 1451 3177 1485 3
3237 1434 3468 1488 alterum
3541 1449 3640 1504 per

2065 1542 2086 1576 ι
2128 1523 2349 1581 furem;
2389 1544 2406 1576 ι
2449 1541 2608 1579 nemo
2629 1542 2772 1579 enim
2812 1528 2903 1598 qui
2943 1526 3117 1582 l'nrem
3141 1535 3444 1595 exspectat,
3478 1528 3636 1598 expi-

2060 1616 2224 1672 latnr.
2280 1615 2461 1682 Quare
2506 1626 2560 1671 et
2592 1618 2857 1674 Dnninns
2902 1623 3023 1674 ait:
3089 1637 3108 1670 ι
3137 1618 3291 1675 Sicut
3340 1622 3392 1673 in
3445 1619 3636 1677 diebus

2063 1709 2177 1765 Noe
2217 1720 2377 1766 erant
2414 1711 2662 1766 homines
2697 1711 3044 1765 eontedentes
3074 1721 3130 1764 et
3163 1711 3412 1767 bibentes
3446 1722 3498 1766 et
3534 1729 3638 1766 nu-

2060 1803 2250 1858 bentes
2277 1813 2333 1857 et
2369 1804 2560 1873 nuptni
2594 1803 2870 1858 tradentes
2887 1804 2933 1835 ³⁸
2954 1843 2968 1869 ,
3013 1822 3032 1853 3
3068 1803 3634 1875 qnousquediluvium

2061 1894 2128 1947 iis
2172 1898 2535 1965 supervenit;
2591 1914 2610 1946 t
2647 1897 2717 1948 ita
2759 1905 2813 1950 et
2857 1895 3125 1952 adventus
3164 1895 3293 1950 Filii
3340 1897 3575 1952 hominis
3610 1914 3630 1948 3

2062 1984 2245 2054 impiis
2279 1999 2500 2055 repente
2529 1997 2578 2038 ιιι
2623 1986 2910 2055 inopinato
2946 1989 3314 2056 superveniet.
3347 1983 3461 2041 Vox
3489 1984 3640 2041 Grae-

2059 2089 2122 2131 Ca
2140 2077 2382 2149 ῥοιζηδὸν
2413 2095 2433 2128 ι
2459 2079 2710 2132 roizcdon
2735 2097 2753 2129 3
2781 2078 2857 2148 (ἐ)
2883 2078 3153 2149 signiﬁcat
3184 2096 3203 2130 ι
3227 2093 3350 2132 cum
3372 2080 3582 2145 sonitu,
3610 2097 3631 2130 3

2059 2183 2128 2224 eo
2163 2169 2395 2235 scilicet,
2426 2174 2520 2240 qui
2559 2185 2589 2224 a
2626 2172 2967 2240 rebus,qua3
3017 2170 3124 2237 igni
3165 2169 3520 2236 devorantur,
3547 2172 3635 2226 edi

2060 2261 2219 2317 solet.
2253 2261 2636 2317 Animadverte
2665 2271 2873 2329 autem,
2896 2266 3040 2333 quod
3088 2263 3254 2329 dicat,
3291 2282 3312 2315 ι
3339 2275 3559 2329 terram,
3580 2271 3637 2319 et

2061 2370 2182 2430 quae
2213 2355 2267 2408 in
2290 2354 2404 2424 ipsa
2439 2366 2592 2421 sinit,
2615 2370 2781 2427 opera
2809 2357 3083 2410 exurenda
3114 2356 3254 2422 fore,
3321 2372 3340 2408 3
3367 2371 3476 2412 non
3508 2370 3636 2414 vero

2062 2450 2330 2503 homines.
2387 2447 2506 2514 Quo
2552 2465 2570 2498 ι
2605 2449 2963 2518 perditionem
3000 2467 3020 2500 3
3079 2463 3178 2502 seu
3236 2448 3514 2504 interitum
3567 2449 3638 2506 de

2061 2537 2244 2612 impiis
2263 2541 2418 2604 solis,
2449 2556 2546 2596 seu
2575 2557 2764 2596 eorum
2796 2541 3163 2611 impietatibns
3188 2541 3426 2596 futurum
3457 2557 3636 2598 enun-

2061 2632 2237 2686 tiarit.
2292 2651 2312 2683 ι
2373 2631 2480 2687 Iter
2521 2633 2665 2687 enim
2697 2633 2989 2701 impiorum
3036 2635 3231 2700 peribit
3253 2633 3322 2700 ³³,
3357 2652 3378 2686 3
3439 2649 3537 2691 seu
3566 2634 3636 2690 ad

2062 2724 2293 2777 nihilum
2326 2723 2630 2794 redigetur.
2693 2739 2802 2778 non
2830 2725 2959 2778 item
2995 2724 3218 2793 impius.

2135 2813 2302 2870 Vens.
2337 2814 2524 2883 ισηιδ.
2571 2833 2591 2867 ι
2620 2814 2800 2869 Novus
2827 2828 2956 2870 vero
3011 2815 3183 2871 ctelos
3220 2825 3273 2871 et
3297 2830 3492 2872 novam
3521 2826 3638 2874 ter-

2062 2925 2177 2965 ram
2223 2907 2524 2964 secundum
2582 2907 2849 2978 paomissa
2897 2908 3070 2978 ipsius
3117 2917 3518 2978 exspectamus,
3577 2913 3635 2967 in

2060 3000 2265 3071 quibus
2310 2999 2525 3070 iustitia
2567 2998 2799 3055 habitat.
2836 2998 3063 3071 Pmpter
3092 3001 3260 3071 quod,
3297 3001 3632 3069 chariss‘tni,

1991 3115 2034 3175 (ε
2069 3095 2185 3148 hanc
2227 3099 2632 3160 exspectantes,
2672 3094 2905 3162 satagite
2934 3093 3268 3147 itntnaculati
3295 3101 3351 3148 et
3388 3093 3632 3148 inviolati

2057 3185 2106 3242 ci
2137 3182 2373 3237 inveniri
2416 3183 2469 3235 in
2504 3197 2656 3253 pace.
2691 3181 2900 3236 Domini
2948 3187 3125 3238 nostri
3171 3184 3632 3254 longauitnitatent

2056 3277 2289 3334 salutem
2319 3274 2685 3330 arbitremini.
2723 3292 2744 3326 3
2773 3303 2842 3314 —
2869 3292 2889 3326 ι
2927 3275 3107 3329 Οωίοε
3141 3290 3312 3328 novos
3341 3284 3396 3329 et
3435 3285 3632 3331 tetram

2056 3384 2253 3425 novam
2289 3388 2308 3420 3
2335 3369 2631 3424 constituet
2657 3367 2944 3436 Dominus,
2975 3383 3083 3424 non
3103 3370 3407 3425 suhstantia
3437 3382 3486 3426 et
3517 3387 3637 3427 ma-

2057 3462 2230 3519 teria:
2262 3477 2386 3516 nam
2413 3476 2587 3530 neque
2612 3460 2705 3530 qui
2729 3475 2922 3516 noram
2953 3461 3173 3516 domum
3201 3463 3490 3529 construit,
3513 3479 3634 3518 eam

2055 3573 2121 3613 ex
2141 3573 2247 3612 non
2263 3555 2671 3627 praeexsistente
2693 3553 2920 3609 materia
2941 3554 3190 3610 aediﬁcat.
3210 3555 3302 3608 Sic
3325 3555 3485 3622 Deus,
3511 3571 3634 3610 rntn

2052 3649 2167 3722 jam
2193 3649 2365 3706 semel
2395 3648 2683 3702 materiam
2707 3647 3038 3715 condiderit,
3072 3663 3302 3724 eamque
3333 3650 3495 3704 variis
3527 3649 3638 3704 for~

2058 3741 2187 3805 mis,
2218 3751 2276 3796 ut
2299 3737 2366 3794 ad
2395 3738 2516 3809 ejus
2549 3727 2812 3810 temporis
2843 3742 3004 3795 usum
3040 3755 3264 3796 necesse
3298 3749 3438 3806 erat,
3471 3756 3636 3795 orna-

2060 3834 2221 3898 verit,
2278 3831 2329 3885 id
2361 3832 2505 3901 quod
2536 3831 2603 3884 ad
2637 3830 3130 3900 iucorruptibilem,
3167 3832 3258 3901 qui
3292 3843 3475 3902 postea
3506 3833 3634 3896 erit,

2057 3933 2260 3980 statum
2315 3922 2510 3977 inutile
2545 3938 2608 3977 ac
2652 3921 2984 3992 superﬂuum
3024 3932 3130 3982 est.
3165 3922 3356 3993 perdet
3403 3939 3466 3978 ac
3511 3925 3638 3992 rejto

2057 4016 2210 4072 ciet:
2263 4015 2531 4087 quidquid
2587 4031 2718 4071 vero
2769 4017 2902 4071 utile
2949 4024 3004 4071 et
3034 4025 3402 4088 opportunum
3449 4017 3634 4080 luerit,

2059 4107 2354 4163 immortali
2422 4107 2834 4177 pulchritudine
2896 4107 3250 4163 reformatum
3307 4123 3406 4180 pro
3461 4109 3638 4166 altero

2060 4200 2460 4270 incorruptibili
2493 4199 2699 4256 mundo
2729 4200 3004 4255 retinebit.

2134 4291 2297 4348 Vnus.
2334 4293 2527 4349 15-18.
2578 4291 2729 4348 Sient
2769 4301 2826 4348 et
2865 4292 3222 4347 t-barissimns
3253 4293 3422 4349 frater
3450 4303 3638 4348 noster

2063 4383 2267 4438 l‘aulus
2322 4385 2624 4439 secundum
2673 4383 2855 4440 datam
2902 4384 3007 4440 sibi
3058 4387 3381 4455 sapientiam
3418 4385 3638 4458 scripsit

387 4468 451 4520 ιν
479 4477 684 4527 πασαις
712 4465 829 4528 ταῖς
849 4463 1158 4526 ἐπιστολαῖς
1188 4463 1363 4516 λαλῶν
1385 4464 1444 4516 ὲν
1472 4463 1662 4524 αὑταῖς
1695 4463 1821 4532 περὶ
1838 4460 1957 4514 toti-

2064 4478 2238 4531 vitbis.
2277 4476 2434 4532 Sicut
2489 4487 2544 4531 et
2596 4477 2650 4531 in
2691 4478 2948 4533 omnibus
2993 4479 3264 4548 epistolis,
3315 4479 3543 4550 loquens
3579 4480 3633 4534 in

387 4574 521 4625 των,
557 4560 615 4611 ὲν
643 4554 730 4618 αἶς
755 4553 946 4628 [ναις.
985 4557 1044 4608 ἐν
1079 4550 1188 4628 οἷς]
1216 4559 1331 4610 ἐστι
1373 4555 1643 4625 δυσνόητά
1672 4570 1817 4618 τινα,
1850 4551 1886 4606 ἃ
1911 4555 1963 4606 oi

395 4649 631 4722 ἀμαθεῖς
645 4653 737 4703 καὶ
750 4650 1069 4721 ἀστήρικτοι
1085 4647 1453 4720 στρεϐλοῦσιν,
1471 4647 1517 4701 ὠ
1527 4690 1543 4709 ,
1557 4648 1758 4710 καὶτὰς
1767 4645 1962 4708 λοιπὰς

392 4743 642 4817 Γραφάς,
661 4742 794 4816 πρὸς
823 4742 922 4814 τὴν
951 4741 1086 4795 ίδίαν
1114 4741 1294 4795 αὐτῶν
1315 4740 1615 4797 ἀπώλειαν.
1634 4740 1819 4811 Ὑμεῖς
1846 4737 1962 4806 οὖν,

397 4839 702 4910 ἀγαπητοί,
732 4835 1206 4908 προγινώσκοντες
1255 4835 1594 4905 φυλάσσεσθε
1614 4851 1629 4865 ⁶
1659 4835 1746 4889 ἶνα
1775 4835 1852 4905 μὴ
1895 4836 1961 4904 τῇ

391 4930 504 4984 τῶν
518 4928 770 4998 ἀθέσμων
783 4928 958 5000 πλάνῃ
975 4927 1424 4999 συναπαχθέντες,
1441 4929 1708 4998 ἐκπέσητε
1722 4927 1816 4980 τοῦ
1833 4927 1964 4980 ἰδίου

397 5021 720 5092 στηριγμοῦ.
764 5020 1033 5089 Δὺξάνετε
1062 5019 1118 5074 δὲ
1162 5021 1221 5073 ἐν
1268 5022 1452 5091 χάριτι
1482 5020 1574 5074 καὶ
1619 5019 1817 5086 γνώσει
1866 5016 1961 5070 τοῦ

398 5116 604 5184 Κυρίου
628 5114 788 5186 ἡμῶν
817 5120 910 5169 καὶ
931 5113 1183 5184 Σωτῆρος
1217 5113 1394 5185 Ἰησοῦ
1422 5113 1659 5184 Χριστοῦ
1691 5114 1785 5166 καὶ
1824 5111 1962 5164 Θεοῦ

400 5206 628 5278 Πατρός.
670 5197 791 5276 ᾯή
815 5204 941 5272 δόξα
963 5204 1056 5258 καὶ
1087 5203 1183 5258 νῦν
1214 5206 1306 5257 καὶ
1357 5206 1436 5267 είς
1474 5204 1686 5276 ἡμέραν
1741 5200 1960 5266 αἰῶνος.

412 5298 606 5370 Ἀμήν.
648 5314 669 5349 3
713 5298 822 5352 Καὶ
866 5295 1022 5351 τοῦτο
1062 5295 1274 5361 Παῦλος
1321 5297 1532 5368 εἰρηκε,
1582 5295 1650 5350 δι’
1691 5289 1766 5351 ὧν
1812 5296 1918 5367 εφη
1943 5313 1958 5328 .

406 5409 426 5442 ι
463 5389 536 5445 Τὸ
557 5390 794 5462 χρηστὸν
820 5389 912 5442 τοῦ
929 5389 1066 5443 Θεοῦ
1092 5391 1174 5454 εἰς
1191 5390 1482 5460 μετάνοιάν
1503 5406 1562 5442 σε
1589 5389 1735 5458 ἄγει.
1766 5408 1785 5440 3
1813 5391 1874 5444 Ei
1902 5390 1956 5444 δὲ

467 5557 515 5592 ⁸⁸
541 5557 734 5613 Matth.
774 5571 922 5621 xxtv,
948 5555 1037 5610 57.
1080 5553 1172 5610 59.

2063 4571 2145 4624 eis
2173 4572 2240 4625 de
2265 4570 2350 4626 his
2391 4589 2406 4624 :
2441 4573 2495 4625 iu
2526 4571 2728 4640 quibus
2769 4579 2897 4626 sunt
2931 4571 3177 4642 quaedam
3210 4573 3442 4628 diﬂicilia
3470 4572 3635 4626 intel-

2067 4663 2232 4724 lectu.
2266 4678 2386 4733 quae
2429 4663 2632 4718 indocti
2659 4673 2713 4719 et
2741 4665 3029 4719 instabiles
3071 4665 3387 4735 dt-pravant.
3412 4665 3553 4720 sit-ut
3582 4674 3636 4721 et

2069 4767 2299 4811 ιέιιξιιιτιιε
2330 4756 2664 4826 Scripturas,
2689 4758 2756 4812 ad
2788 4772 2943 4814 suam
2973 4758 3214 4826 ipsorum
3249 4757 3634 4828 perditionem.

2072 4845 2178 4900 Vos
2212 4850 2398 4918 igitur,
2426 4850 2642 4913 fratres,
2667 4853 3018 4918 prtescientes
3052 4852 3360 4906 custodite:
3397 4865 3464 4904 ne
3498 4852 3636 4904 insl-

2072 4940 2331 5008 pientinm
2354 4954 2546 4995 errore
2577 4943 2814 4997 traducti
2844 4944 3106 4998 exeidatis
3145 4959 3176 4998 a
3215 4945 3430 5015 propria
3462 4942 3635 4998 iii-nti-

2069 5041 2198 5086 ιειιιι.
2226 5031 2474 5087 Crescite
2516 5049 2645 5088 vero
2679 5035 2732 5089 in
2763 5037 2960 5104 gratia,
3009 5045 3065 5091 et
3103 5037 3157 5090 in
3185 5038 3495 5107 cognitione
3527 5039 3636 5089 lto-

2069 5123 2201 5177 tnini
2230 5123 2400 5177 nostri
2439 5133 2494 5178 et
2543 5125 2844 5182 Salvatoris
2867 5126 2995 5182 Jesu
3039 5126 3264 5182 Christi.
3306 5127 3410 5197 Ipsi
3439 5127 3634 5196 gloria,

2065 5223 2120 5268 et
2174 5231 2343 5282 nunc,
2375 5225 2428 5271 et
2484 5218 2538 5271 in
2594 5219 2737 5274 dictu
2787 5220 3127 5276 mternitalis.
3161 5221 3353 5276 Amen.
3397 5239 3416 5271 3
3457 5205 3631 5276 ltitiam

2066 5304 2268 5362 I'anlns
2296 5309 2435 5362 idem
2492 5307 2655 5373 dixit,
2691 5325 2814 5365 cum
2845 5309 2959 5365 ait:
3024 5328 3043 5362 ι
3081 5309 3388 5381 Benignitas
3422 5308 3515 5364 Dei
3564 5309 3637 5365 ad

2067 5401 2437 5469 pmuiteutiaut
2474 5411 2526 5457 te
2555 5401 2780 5458 adducit
2802 5402 2868 5458 '°.
2903 5422 2923 5454 3
2960 5401 3015 5458 Si
3043 5412 3222 5460 autem
3255 5403 3320 5457 ad
3358 5404 3634 5472 poeniten-

1276 5553 1323 5586 "
1382 5553 1526 5612 Psal.
1580 5569 1621 5622 ι,
1655 5557 1704 5609 7.
1782 5558 1827 5591 ³⁹
1858 5559 2017 5618 Rom.
2052 5580 2114 5628 tl,
2144 5565 2195 5620 4.

1715 5672 1913 5736 ναι-ξω
1951 5677 2276 5744 lectiones.

468 5777 548 5849 (2)
573 5774 703 5831 Eam
728 5775 868 5846 τως.
905 5775 1001 5830 int.
1030 5773 1327 5842 transtulit,
1355 5789 1542 5843 magno
1572 5775 1783 5843 i.i-pet.=.-.
