1874 3050
85 132 140 165 105

444 128 645 159 EXPOSITIO
666 128 707 159 IN
726 128 847 161 EPIST.
869 128 899 158 II
921 129 971 159 AD
990 128 1149 160 TIMOTH.
1167 142 1198 148 ’-
1216 130 1296 160 CAP.
1312 130 1354 160 Π.

1661 131 1713 165 106

81 189 149 221 τοὺς
165 185 331 223 αἱρετικούς.
355 183 446 213 Ἦσαν
478 187 527 222 μὲν
554 186 608 221 γάρ
628 194 700 218 τινες
726 185 773 213 καὶ
799 186 872 218 τότε,

965 191 1038 221 apter
1057 186 1209 216 lnereticos.
1232 186 1298 214 Nam
1314 191 1340 215 et
1367 192 1424 214 tum
1452 187 1563 216 fuerunt
1588 185 1712 217 nonmihi

84 235 110 262 οἳ
125 233 258 268 αἰσχύνην
278 232 402 267 ἐνόμιζον
418 233 448 258 τὸ
460 232 505 259 τὸν
528 232 592 258 Υιδν
613 231 660 258 τοῦ
683 231 750 258 Θεοῦ
767 231 874 263 παθεῖν,

83 281 135 308 καὶ
153 280 197 307 διὰ
219 279 301 306 τοῦτο
326 279 392 310 ἴσως
407 279 457 312 τὴν
472 279 625 313 φαντασίαν
651 279 769 312 εἰσῆγον,
798 277 877 304 Οὕτω

83 325 140 360 γὰρ
166 323 336 358 ἐταπεινώθη
361 324 374 350 6
392 323 458 354 Θεὸς
476 322 509 349 δι’
530 323 615 358 ἡμᾶς,
640 323 678 354 ὡς
705 324 752 350 καὶ
776 323 872 357 αἰσχύ-

90 369 187 396 νεσθαι
201 369 266 400 τοὺς
288 367 447 403 ἀνθρώπους
463 368 624 401 περιάπτειν
643 367 702 402 Θεῷ
716 367 765 402 τὴν
777 367 876 394 τοσαὺυ

84 423 137 450 την
171 414 348 441 ταπείνωσιν.
374 413 455 447 Λέγει
481 413 509 440 δι
535 414 582 440 καὶ
610 414 653 440 διὰ
671 413 701 440 τδ
715 413 878 448 παραμυθή-

87 460 189 487 σασθαι
203 460 297 492 αὑτὸν,
323 459 432 491 δεικνὺς
446 460 488 486 ὅτι
514 459 561 487 καὶ
588 460 670 491 αὐτὸς
685 461 699 486 ὁ
717 460 877 491 διδάσκαλος

85 505 206 541 Χριστὸς
225 504 270 531 διὰ
298 504 401 536 πάθους
425 504 536 540 ὲνίκησε
563 505 608 531 τὸν
634 505 760 532 Θάνατον.
775 505 876 532 Τούτου

88 552 255 588 μνημόνευε,
271 551 320 578 καὶ
333 552 383 578 οὐκ
399 551 526 584 ὀκλάσεις
539 552 608 584 πρὸς
623 552 656 579 τὰ
669 552 753 588 πάθη.

123 641 205 668 Κατὰ
216 640 250 668 τὸ
263 641 450 676 Εὐαγγέλιὸν
457 650 528 676 μου.
541 639 632 668 Ἦσαν
641 641 694 676 γάρ
707 649 778 673 τινες
794 641 877 676 ἕτερα

87 687 353 722 εὐαγγελιζόμενοι·
377 687 435 714 ἀλλ’
459 688 510 714 οὐκ
527 686 650 719 ἐκείνοις,
678 687 746 714 ἀλλὰ
765 687 805 723 τῷ
819 687 878 724 ὲμῷ

87 733 271 768 Εὐαγγγελίῳ
285 733 326 760 δεῖ
342 733 498 769 προσέχειν.
865 740 871 748 ·

130 789 185 815 Ἐν
198 785 222 822 ᾧ
234 788 395 816 κακοπαθῶ
404 788 492 823 μέχρι
503 788 632 822 δεσμῶν,
648 788 688 821 ὡς
701 787 875 822 κακοῦργος.

88 835 176 861 Πάλιν
194 835 240 868 ἀφ’
261 834 358 861 ἑαυτοῦ
380 834 583 870 παραμυθεῖται
602 834 647 861 τὸν
679 834 813 870 μαθητὴν,
831 835 878 861 καὶ

928 233 974 268 qui
1009 232 1185 268 ignominiam
1214 233 1428 267 arbitrabantur,
1457 235 1529 270 quod
1557 235 1642 262 Filius
1666 235 1713 263 Dei

928 282 1078 313 pateretur,
1100 285 1132 305 ac
1147 283 1290 314 propterea
1307 279 1424 308 fortasse
1450 282 1605 315 passionem
1628 282 1714 317 phan-

929 324 1056 351 tasticam
1073 325 1250 352 induxerunt.
1275 324 1350 352 Adeo
1379 326 1452 353 enim
1478 327 1641 356 humiliatus
1673 332 1715 356 est

929 369 1000 398 Deus
1019 375 1129 405 propter
1144 377 1205 402 nos,
1227 374 1257 397 ut
1285 371 1451 399 erubescant
1478 372 1560 399 etiam
1588 373 1715 401 homines

929 420 1033 443 tantam
1059 415 1277 442 humiliationem
1306 415 1360 443 Deo
1377 417 1524 451 applicare.
1551 416 1605 444 ista
1620 423 1713 446 autem

929 461 989 489 ideo
1015 461 1092 492 dicit.
1115 465 1144 488 ut
1158 461 1278 488 animum
1295 461 1319 488 ei
1346 461 1437 493 addat,
1465 461 1611 489 ostendens
1641 463 1713 497 quod

928 512 955 533 et
972 507 1030 541 ipse
1045 510 1197 541 prmecptor
1225 510 1319 533 noster
1336 506 1461 533 Christus
1489 514 1535 541 per
1561 508 1713 541 passionem

929 555 1044 578 mortem
1060 551 1164 578 vicerit.
1177 551 1271 578 isthuc
1283 550 1441 583 recordare,
1470 555 1495 579 et
1512 551 1585 579 haud
1614 552 1715 579 labefa-

929 596 1048 623 ctaberis
1060 595 1092 622 ad
1109 596 1282 625 atllictiones.

964 634 1113 668 Secundum
1139 640 1309 676 Evangelium
1324 649 1419 668 meum.
1433 640 1555 668 Fuerunt
1568 642 1640 669 alim
1655 643 1716 677 qui-

929 687 992 714 dam
1010 687 1055 721 qui
1071 686 1181 714 diversa
1196 687 1380 722 pra‘dicabant
1393 695 1399 714 :
1414 687 1488 722 atqui
1506 695 1559 714 non
1574 688 1640 720 illis.
1672 696 1717 716 ve-

929 739 990 759 rum
1010 732 1158 767 Evangelio
1172 739 1232 760 meo
1247 736 1288 759 est
1298 732 1508 759 intendendum.

965 786 1083 814 VERS.9.
1100 785 1132 812 In
1159 795 1209 821 quo
1221 786 1313 813 laboro
1335 794 1416 821 usque
1438 786 1471 813 ad
1494 786 1609 818 vincula,
1640 787 1717 820 quasi

932 833 1001 860 male
1015 841 1138 867 operam.
1156 832 1258 860 lterum
1275 840 1289 859 a
1309 832 1402 867 seipso
1416 832 1583 866 discipulum
1615 840 1716 860 conso-

88 881 129 907 ὅτι
148 879 301 907 κακοπαθεῖ
315 880 412 914 λέγων,
429 880 476 907 καὶ
492 881 533 907 ὅτι
548 881 669 916 πονηρὰν
678 881 758 914 δόξαν
775 881 877 916 ἀποφέ-

965 883 1015 910 lur,
1031 879 1125 906 dicens
1143 883 1171 905 et
1188 877 1261 912 quod
1282 877 1420 913 aﬂligitur,
1452 881 1478 904 et
1511 875 1583 912 quod
1606 884 1716 911 pravam

89 933 178 961 ρεται.

130 971 209 998 Ἀλλ’
224 972 241 998 ὁ
261 972 351 1005 λόγος
366 971 417 998 τοῦ
439 971 514 998 Θεοῦ
529 972 564 997 οὑ
581 971 706 998 δέδεται.
723 971 782 998 ἰνα
798 971 877 1006 μήτις

87 1017 152 1051 ιῐπῃ
168 1025 175 1032 ·
192 1017 247 1043 Καὶ
262 1017 288 1043 τί
304 1017 333 1043 τὸ
348 1016 505 1051 Melon“
519 1016 547 1043 δὲ
557 1016 585 1043 τὸ
601 1016 703 1052 θαῦμα,
719 1017 742 1043 εί
754 1016 877 1049 δέδεσαι;

87 1061 182 1094 Δεῖξόν
200 1070 246 1096 μοι
259 1061 363 1096 κέρδος,
382 1062 467 1093 δεῖξόν
484 1070 529 1096 μοι
546 1062 702 1094 Θαυμαστόν
718 1071 744 1088 τι
760 1070 767 1077 ·
783 1062 877 1096 φησιν,

86 1109 128 1135 ὅτι
190 1107 268 1141 λόγος
291 1108 321 1133 οὐ
352 1107 466 1135 δέδεται,
499 1108 543 1142 Μὴ
565 1108 620 1142 γὰρ
644 1107 772 1143 αἰσθητὸν
798 1108 878 1142 ἔργον

87 1154 173 1185 ἐστὶν,
209 1153 252 1179 ἴνα
284 1152 463 1187 ἐμποδίζηται
496 1153 543 1179 τοῦ
568 1153 693 1186 σώματος
721 1153 876 1188 δεδεμένου,

87 1200 174 1233 Λόγος
200 1199 259 1225 ἐστὶ
286 1199 357 1225 οεῖον
383 1198 490 1234 χρῆμα,
513 1200 559 1225 καὶ
578 1198 645 1225 Θεοῦ
670 1199 768 1231 λόγος·
799 1199 878 1234 ἡμῶν

87 1245 248 1279 δεδεμένων,
271 1244 383 1271 λέλυται
407 1245 454 1270 καὶ
481 1244 584 1279 τρέχει,
602 1244 669 1271 Ἰδοὺ
696 1245 750 1278 γὰρ
769 1244 816 1270 καὶ
836 1244 878 1270 δε-

87 1290 197 1324 ίὶεμένοι
212 1290 357 1325 γράφομεν
374 1291 422 1316 καὶ.
457 1290 640 1326 κηρύττομεν.
670 1288 746 1322 Εἶδες
774 1289 877 1325 θαῦμα,

87 1333 157 1366 εἶδες
170 1335 276 1369 κέρδος.

122 1382 175 1408 Διά
198 1380 287 1408 τοῦτο
314 1381 412 1408 πάντα
435 1380 574 1416 ὑπομένω
595 1381 617 1397 ⁸⁸
642 1380 691 1408 διὰ
709 1381 780 1413 τοὺς
794 1381 877 1408 ἐκλε-

87 1427 191 1459 κτούς.
214 1426 279 1453 Ἰδοὺ
295 1426 435 1454 καὶτοῦτο
455 1426 607 1461 προτροπή.
630 1427 686 1462 Οὐχ
701 1427 771 1462 ὑπὲρ
791 1427 878 1462 ἐμαυ-

88 1471 135 1497 τοῦ
158 1471 224 1506 γὰρ,
248 1472 328 1506 φησι,
347 1471 455 1506 πάσχω,
469 1470 526 1498 ἀλλ’
554 1471 625 1506 ὑπὲρ
638 1471 688 1506 τῆς
705 1471 807 1507 ἑτέρων
823 1479 877 1497 σω-

88 1517 206 1553 τηρίας·
231 1518 280 1552 οὐχ
307 1517 351 1545 ἵνα
374 1518 454 1549 αὐτὸς
469 1517 601 1550 δοξασθῶ,
625 1517 682 1543 ἀλλ’
707 1518 751 1544 ἴνα
777 1517 876 1552 ἕτεροι.

931 923 1086 958 opinionem
1103 923 1202 950 aufert.

965 969 1016 996 Sed
1032 970 1136 997 verbum
1154 969 1203 997 Dei
1225 978 1275 997 non
1287 975 1325 997 est
1345 970 1496 1006 alligatum.
1509 969 1546 997 Ne
1563 971 1623 1005 quis
1634 971 1716 1004 dicat,

930 1015 1029 1050 Ecqua:
1040 1020 1082 1043 cst
1103 1015 1300 1044 commoditas?
1324 1016 1390 1050 quid
1415 1024 1482 1043 vero
1514 1016 1613 1043 mirum
1644 1016 1716 1052 quod

930 1061 1029 1096 ligatus
1045 1061 1099 1088 cs?
1121 1060 1242 1088 Ostende
1265 1062 1329 1088 mihi
1363 1061 1481 1094 lucrum,
1507 1061 1621 1090 ostende
1652 1062 1718 1089 mihi

930 1104 1033 1140 aliquid
1050 1104 1202 1131 mirandum
1220 1114 1227 1137 ;
1244 1106 1373 1136 Verbum.
1388 1106 1487 1139 inquit,
1512 1114 1566 1133 non
1577 1111 1619 1134 est
1650 1107 1717 1142 liga--

932 1155 987 1177 tum
1001 1158 1008 1176 :
1028 1159 1080 1178 non
1099 1151 1170 1178 cnim
1189 1152 1318 1178 scnsibite
1329 1159 1398 1186 opus
1413 1156 1465 1184 est,
1475 1156 1504 1178 ut
1522 1152 1588 1179 illud
1604 1154 1718 1187 corpore

931 1196 1012 1231 ligato
1030 1197 1205 1230 impediatur.
1227 1196 1320 1223 Divina
1349 1205 1392 1224 res
1407 1202 1449 1224 est
1476 1197 1600 1231 verbum,
1616 1198 1718 1233 Deique

930 1241 1068 1268 verbum:
1091 1242 1169 1268 nobis
1197 1243 1286 1276 ligatis
1317 1243 1436 1270 solutum
1464 1247 1506 1271 est
1549 1249 1575 1270 et
1607 1246 1715 1271 currit:

929 1293 993 1314 ecce
1024 1287 1095 1313 cnim
1134 1287 1209 1321 ligati
1240 1288 1387 1315 scribimus
1412 1292 1439 1316 et
1461 1289 1648 1324 praedicamus.
1674 1290 1719 1317 Vi-

928 1332 992 1359 disli
1002 1333 1074 1366 quod
1088 1338 1130 1360 cst
1146 1333 1345 1366 admiramlum,
1360 1335 1452 1362 vidisti
1478 1335 1594 1363 lucrum.

965 1377 1047 1404 Vens.
1068 1378 1111 1405 in.
1137 1377 1201 1405 Ideo
1224 1379 1312 1406 omnia
1345 1379 1462 1407 sustineo
1482 1387 1587 1415 propter
1610 1382 1717 1410 ειετιοι.

930 1422 969 1450 En
989 1428 1017 1450 et
1038 1423 1128 1451 isthuc
1156 1425 1235 1452 habet
1252 1425 1482 1454 adhortationem.
1504 1427 1586 1462 602
1595 1426 1652 1454 Non
1666 1436 1718 1462 pro

929 1469 1034 1505 meipso
1047 1472 1118 1496 enim
1134 1475 1234 1505 patior,
1255 1471 1356 1506 inquit,
1371 1471 1417 1498 scd
1437 1479 1486 1506 pro
1500 1472 1614 1499 aliorum
1630 1473 1718 1500 salute

931 1522 986 1541 non
1003 1519 1033 1540 ut
1048 1515 1250 1549 egoglorillcer,
1263 1516 1310 1543 scd
1326 1521 1355 1543 ut
1366 1516 1422 1543 alii.
1439 1516 1492 1550 Qui
1505 1524 1571 1545 vero
1583 1522 1647 1545 sunt
1658 1518 1716 1545 isti?

89 1563 169 1594 Τίνες
199 1563 228 1590 δὲ
259 1560 353 1596 οῦτοις
383 1563 415 1590 Οἱ
443 1563 566 1590 ἐκλεκτοὶ
590 1562 637 1589 τοῦ
669 1562 747 1590 Θεοῦ.
775 1563 806 1588 Et
832 1559 877 1589 οῦν

968 1560 1021 1587 ecti
1036 1559 1094 1587 Dei.
1109 1559 1138 1587 Si
1152 1561 1234 1595 igitur
1248 1561 1318 1590 Deus
1338 1561 1412 1597 ipsos
1427 1562 1516 1597 cleglt,
1533 1563 1624 1590 omnia
1636 1571 1719 1598 opor—

88 1608 154 1640 Θεὸς
167 1609 265 1640 αὐτοὺς
274 1608 423 1642 ἐξελέξατο,
438 1609 526 1636 πάντα
537 1609 577 1635 δεῖ
590 1609 664 1644 ἡμᾶς
677 1609 792 1643 πάσχειν
806 1608 875 1644 ὑπὲρ

88 1654 190 1682 αὐτῶν.

125 1699 193 1726 Ἵνα
220 1699 270 1726 καί
293 1700 377 1727 αὐτοὶ
390 1699 539 1734 σωτηρίας
558 1699 670 1734 τύχωσι
687 1698 742 1732 τῆς
756 1699 791 1726 ἐν
809 1700 877 1733 Χρι-

89 1744 152 1777 στῷ
171 1745 282 1778 Ἰησοῦ.
302 1746 356 1772 Καὶ
377 1745 464 1777 αὐτοὶ,
488 1745 583 1780 ὥσπερ
603 1745 650 1772 καὶ
667 1746 758 1780 ἡμεῖς.
773 1745 878 1780 Ὥσπερ

88 1791 121 1818 δι’
142 1792 229 1826 ἡμᾶς,
259 1791 354 1826 φησὶν,
381 1793 395 1818 ὁ
419 1791 485 1822 Θεὸς
511 1791 629 1823 ἔπαθεν,
665 1792 708 1818 ἵνα
735 1790 878 1825 σωθῶμεν,

89 1837 161 1863 οὕτω
193 1836 241 1863 καὶ
261 1837 341 1872 ἡμεῖς
367 1837 508 1872 πάσχομεν
539 1836 573 1863 δι’
597 1836 716 1868 ἐκείνους
737 1836 768 1862 ¹⁷.
796 1836 878 1862 Ὥστε

88 1882 267 1914 ἁνταπόδοςίς
297 1883 355 1909 ἐστι
376 1883 407 1909 τὸ
428 1883 555 1917 πρᾶγμα,
573 1883 604 1909 οὺ
625 1882 717 1918 χάρις.
736 1881 813 1914 Εῐτα,
836 1882 879 1908 ἵνα

90 1929 128 1964 μὴ
158 1930 225 1964 εἴπῃ
243 1937 286 1960 τις
305 1928 379 1963 αὐτῷ
390 1935 398 1944 ’
416 1928 449 1955 Τί
464 1929 552 1963 λέγεις
566 1938 573 1962 ;
586 1929 622 1955 Σὺ
644 1929 673 1955 ἑν
686 1928 796 1962 δεσμοῖς
815 1927 880 1963 μέλ-

88 1975 145 2006 λεις
161 1975 183 1991 ¹⁶
200 1974 359 2005 ἀπολέσθαι,
373 1975 421 2002 καὶ
442 1975 532 2007 ἄλλοις
548 1975 684 2009 σωτηρίας
701 1974 787 2005 αῐτιος
803 1973 880 2008 γενέ-

89 2019 151 2045 σθαι
172 2017 323 2054 ἀλαζονεύῃ
340 2027 347 2051 ς
376 2019 415 2046 Οὐ
430 2019 542 2054 ταύτης,
559 2019 638 2054 φησὶ,
655 2018 728 2052 λέγω
753 2018 804 2053 τῆς
826 2027 880 2045 σω-

90 2063 209 2098 ματικῆς
227 2063 375 2098 σωτηρίας,
391 2063 459 2091 ἀλλὰ
473 2063 523 2099 τῆς
540 2064 570 2090 ἐν
592 2063 706 2098 Χριστῷ
729 2062 816 2098 Ἰησοῦ
831 2063 880 2097 τῆς

88 2109 231 2144 ἀληθινῆς,
254 2110 303 2145 τῆς
328 2109 452 2142 ἐνδόξου·
471 2111 488 2145 ὴ
508 2110 562 2145 γὰρ
591 2108 735 2145 σωματικὴ
759 2109 880 2144 σωτηρία

88 2154 194 2186 ἄδοξος,
210 2155 310 2181 ’Δκουε
329 2155 384 2190 γὰρ
395 2155 507 2182 καὶτῶν
522 2156 632 2190 ἐφεξῆς.

122 2209 205 2236 Μετὰ
222 2209 314 2243 δόξης
345 2211 478 2237 αἰωνίου.
510 2211 548 2237 οὗ
578 2210 658 2245 μόνον
686 2210 728 2237 ἴνα
744 2210 877 2243 σωθῶσιν,

86 2254 157 2282 ἀλλὰ
187 2254 218 2280 τὸ
247 2253 351 2289 μεῖζον,
384 2255 428 2281 ἵνα
459 2257 506 2282 καὶ
533 2255 684 2288 δοξασοῶσι
714 2256 774 2291 μεθ’
800 2256 879 2291 ἡμῶν

87 2299 217 2330 αίωνίως.
245 2299 330 2325 Ὥστε
359 2299 383 2325 εἰ
407 2299 455 2326 κα)⁸
479 2300 611 2335 αἰσχύνην
641 2300 697 2334 ἔχει
720 2300 754 2327 τὰ
782 2300 879 2335 δεσμὰ,

87 2344 156 2370 ἀλλὰ
170 2345 216 2370 καὶ
233 2343 312 2376 δὸξαν
332 2344 462 2379 προξενεῖ
483 2347 538 2376 τοῖς
554 2345 705 2378 ἐκλεκτοῖς,
718 2345 766 2372 καὶ
779 2345 879 2380 ταύτην

87 2389 210 2417 αἰώνιον.
240 2391 271 2416 Et
299 2391 327 2417 δὲ
359 2391 460 2423 ἄλλοις,
492 2391 582 2427 πολλῷ
617 2391 717 2426 μᾶλλον
740 2391 812 2425 ἐμοὶ,
841 2391 880 2426 τῷ

86 2433 172 2460 ταῦτα
185 2435 382 2470 περικειμένῳ.
457 2435 502 2462 οῦν
514 2436 644 2471 ἀδημόνει
658 2437 702 2463 ἐπ’
713 2436 786 2470 Ξμοέ.

122 2523 234 2556 Πιστὸς
258 2525 275 2550 ὁ
292 2525 394 2559 λόγος.
418 2524 526 2560 Ἐπειδὴ
557 2525 649 2551 πολλοὶ
678 2525 879 2560 ἁμφιΰάλλουσι

85 2568 212 2603 περὶτῆς
229 2569 379 2604 μελλούσης
391 2569 465 2604 ζωῆς
482 2570 529 2597 καὶ
547 2570 637 2605 δόξης,
649 2570 775 2605 λέγοντες
790 2579 797 2586 ’
811 2571 878 2597 Ὅτε

86 2614 137 2646 ζῶ,
169 2614 232 2640 τότε
261 2614 369 2648 θανάτῳ
398 2615 557 2650 ἑκδίδομαι,
586 2616 635 2642 καὶ
662 2616 705 2642 ὅτε
736 2615 877 2647 ἀποθάνω,

86 2660 162 2696 ζήσω
189 2669 197 2693 ;
227 2661 274 2689 καὶ
301 2661 334 2688 τὰ
361 2661 490 2688 τοιαῦτα’
523 2661 568 2688 διὰ
593 2661 671 2688 τοῦτο
697 2662 801 2696 βεϐαιοῖ
826 2662 873 2688 τὸν

929 1610 966 1634 tet.
982 1614 1032 1635 nos
1046 1607 1100 1643 pati
1113 1614 1162 1642 pro
1183 1607 1259 1642 ipsis.

968 1695 1001 1723 Ut
1011 1701 1035 1724 ει
1051 1697 1100 1731 ipsi
1114 1697 1228 1725 salutem
1241 1704 1443 1734 consequantur,
1460 1707 1517 1735 qua:
1540 1704 1579 1727 est
1595 1699 1622 1726 in
1642 1699 1718 1726 Chri-

931 1749 972 1769 sto
980 1741 1056 1770 Jesu.
1074 1743 1138 1777 Ipsi,
1157 1745 1390 1779 quemadmodum
1416 1749 1443 1773 et
1455 1753 1518 1773 nos.
1542 1746 1619 1772 Sicut
1637 1753 1719 1780 prop-

936 1793 977 1815 ter
991 1795 1051 1820 nos,
1067 1789 1164 1824 inquit,
1181 1789 1253 1817 Deus
1267 1797 1365 1825 passus
1389 1796 1431 1819 cst
1457 1796 1486 1818 ut
1511 1799 1661 1822 servemur,
1679 1791 1720 1818 sic

934 1838 960 1861 et
982 1841 1032 1862 nos
1049 1835 1169 1869 patimur
1193 1841 1304 1871 propter
1317 1836 1390 1864 illos.
1406 1836 1603 1872 Compensat'ro
1627 1837 1720 1871 itaque

933 1874 988 1906 huic
1006 1886 1050 1907 res
1064 1884 1117 1912 cst,
1134 1887 1187 1908 non
1201 1881 1299 1915 gratia.
1314 1880 1460 1912 Praeterea,
1479 1889 1513 1909 ne
1533 1882 1597 1916 quis
1621 1882 1645 1909 ei
1671 1881 1719 1908 ob-

927 1923 1017 1958 jiciat,
1030 1923 1100 1957 Quid
1124 1926 1185 1953 ais?
1203 1931 1231 1953 tu
1246 1927 1273 1954 in
1294 1927 1411 1955 vinculis
1433 1928 1568 1961 periturus
1583 1935 1623 1959 es,
1641 1931 1667 1954 ct
1693 1932 1719 1954 te

932 1970 1048 1998 aliorum
1061 1971 1159 1998 salutis
1173 1975 1316 1999 auctorem
1331 1972 1390 1999 fore
1407 1972 1551 2000 ostentas?
1568 1971 1626 2000 Non
1634 1972 1717 2004 hanc,

930 2014 1031 2049 inquit,
1043 2015 1214 2049 corporalem
1225 2016 1340 2044 salutem
1359 2017 1429 2049 dico,
1449 2016 1495 2044 sed
1511 2024 1570 2044 eam
1599 2024 1659 2051 qua:
1676 2021 1719 2043 est

931 2059 960 2087 in
976 2059 1089 2087 Christo
1101 2059 1179 2092 Jesu,
1199 2067 1291 2088 veram
1317 2068 1349 2088 ac
1377 2061 1536 2089 celebrem:
1567 2062 1718 2096 corporalis

932 2104 1004 2131 enim
1021 2104 1097 2132 salus
1111 2109 1154 2133 est
1175 2105 1303 2140 ingloria.
1318 2105 1388 2133 Audi
1417 2106 1489 2133 enim
1509 2113 1569 2141 quae
1594 2113 1718 2141 sequun-

932 2154 989 2177 ιιιτ.

968 2205 1033 2232 Cum
1050 2206 1138 2240 gloria
1155 2211 1266 2234 aiterna.
1281 2205 1340 2234 Non
1359 2207 1448 2234 solum
1463 2211 1492 2234 ut
1507 2213 1659 2240 sci-rentur,
1672 2207 1719 2235 scd

933 2252 1005 2286 quod
1035 2252 1125 2286 majus
1152 2255 1204 2284 est,
1235 2257 1265 2279 ut
1302 2252 1491 2287 glot'iliccntur
1522 2253 1663 2281 nobiscum
1692 2255 1718 2280 ill

931 2296 1139 2331 sempiternum.
1157 2295 1249 2329 Quare
1263 2297 1370 2324 etiamsi
1399 2297 1574 2333 ignominiam
1601 2298 1719 2326 habeant

929 2343 1048 2374 vincula,
1073 2342 1187 2377 gloriam
1211 2347 1299 2370 tamen
1321 2343 1442 2378 praebent
1466 2344 1570 2377 electis,
1603 2352 1719 2378 eantque

929 2388 1138 2422 sempiternam.
1155 2387 1232 2419 Quod
1249 2387 1271 2415 si
1295 2387 1370 2420 aliis,
1388 2388 1474 2415 nmlto
1491 2388 1576 2423 magis
1591 2393 1619 2416 et
1639 2389 1717 2420 mihi.

930 2435 975 2468 qui
994 2433 1070 2460 hisce
1085 2440 1145 2460 sum
1160 2433 1338 2461 constrictus.
1352 2433 1391 2461 Ne
1403 2434 1486 2468 igitur
1498 2435 1548 2462 mei
1559 2442 1640 2463 causa
1653 2443 1718 2462 con-

932 2479 1063 2506 tristeris.

964 2523 1050 2552 Vens.
1064 2525 1107 2552 ll.
1123 2523 1223 2552 Fidelis
1239 2533 1334 2552 renuo.
1351 2525 1419 2558 Quia
1431 2525 1553 2561 plerique
1577 2525 1718 2559 ambigunt

931 2569 964 2596 de
981 2569 1072 2596 l'utura
1094 2569 1148 2596 vita
1167 2573 1195 2596 et
1222 2568 1318 2602 gloria,
1343 2569 1488 2596 dicentes:
1507 2567 1621 2602 Quando
1643 2569 1716 2598 vivo,

931 2617 988 2640 tum
1001 2613 1082 2640 morti
1096 2613 1190 2640 trador
1201 2618 1242 2646 ;et
1252 2613 1362 2648 quando
1379 2617 1504 2641 mortuus
1517 2613 1716 2645 fuero.vivam?

931 2659 1012 2694 idque
1038 2667 1123 2694 genus
1134 2659 1186 2686 alia
1203 2668 1210 2686 :
1231 2664 1374 2694 propterea
1392 2666 1545 2687 sermonem
1562 2659 1715 2692 conﬁrmat,

762 2748 862 2780 Variae
885 2747 1051 2780 lectiones.

125 2824 146 2840 "
163 2822 260 2858 πάσχω
272 2830 299 2850 ο.
339 2824 360 2839 ¹⁷
376 2824 479 2853 ἐκεῖνον
493 2831 520 2852 ο.
559 2824 581 2840 ’⁸
593 2823 681 2856 θέλεις
694 2832 720 2852 o.

264 2870 399 2901 ΡΑτιιοι.
421 2871 480 2902 Gn.
497 2870 618 2902 LXXV.
