  <div class='ocr_page' id='page_1' title='image "/cluster/home/n/w/nwhite01/storage/ocr_20150623/125/njp.32101010942736/123.png"; bbox 0 0 1874 3050; ppageno 0'>
   <div class='ocr_carea' id='block_1_1' title="bbox 155 99 205 130">
    <p class='ocr_par' dir='ltr' id='par_1_1' title="bbox 155 99 205 130">
     <span class='ocr_line' id='line_1_1' title="bbox 155 99 205 130; baseline 0 0"><span class='ocrx_word' id='word_1_1' title='bbox 155 99 205 130; x_wconf 83' lang='lat'><strong>119</strong></span> 
     </span>
    </p>
   </div>
   <div class='ocr_carea' id='block_1_2' title="bbox 605 100 1315 133">
    <p class='ocr_par' dir='ltr' id='par_1_2' title="bbox 605 100 1315 133">
     <span class='ocr_line' id='line_1_2' title="bbox 605 100 1315 133; baseline 0.006 -4"><span class='ocrx_word' id='word_1_2' title='bbox 605 100 893 130; x_wconf 79' lang='lat' dir='ltr'><strong>TIlEOPllYLACTI</strong></span> <span class='ocrx_word' id='word_1_3' title='bbox 914 100 1116 130; x_wconf 70' lang='lat' dir='ltr'><strong>BULGARIJS</strong></span> <span class='ocrx_word' id='word_1_4' title='bbox 1137 102 1315 133; x_wconf 80' lang='lat' dir='ltr'><strong>ARCHIEP.</strong></span> 
     </span>
    </p>
   </div>
   <div class='ocr_carea' id='block_1_3' title="bbox 1728 106 1789 138">
    <p class='ocr_par' dir='ltr' id='par_1_3' title="bbox 1728 106 1789 138">
     <span class='ocr_line' id='line_1_3' title="bbox 1728 106 1789 138; baseline 0 0"><span class='ocrx_word' id='word_1_5' title='bbox 1728 106 1789 138; x_wconf 68' lang='grc'><strong>120</strong></span> 
     </span>
    </p>
   </div>
   <div class='ocr_carea' id='block_1_4' title="bbox 150 154 985 197">
    <p class='ocr_par' dir='ltr' id='par_1_4' title="bbox 150 154 977 192">
     <span class='ocr_line' id='line_1_4' title="bbox 150 154 977 192; baseline -0.001 -9"><span class='ocrx_word' id='word_1_6' title='bbox 150 156 218 183; x_wconf 82' lang='lat' dir='ltr'><strong>Cum</strong></span> <span class='ocrx_word' id='word_1_7' title='bbox 240 155 308 182; x_wconf 73' lang='lat' dir='ltr'><strong>tales</strong></span> <span class='ocrx_word' id='word_1_8' title='bbox 327 154 474 182; x_wconf 85' lang='lat' dir='ltr'><strong>etiamnum</strong></span> <span class='ocrx_word' id='word_1_9' title='bbox 495 155 684 189; x_wconf 85' lang='lat' dir='ltr'><strong>inveniuntur,</strong></span> <span class='ocrx_word' id='word_1_10' title='bbox 699 156 789 184; x_wconf 81' lang='lat' dir='ltr'><strong>devita</strong></span> <span class='ocrx_word' id='word_1_11' title='bbox 804 164 811 182; x_wconf 88' lang='lat'><strong>:</strong></span> <span class='ocrx_word' id='word_1_12' title='bbox 827 156 899 183; x_wconf 90' lang='lat' dir='ltr'><strong>sicut</strong></span> <span class='ocrx_word' id='word_1_13' title='bbox 913 160 940 183; x_wconf 90' lang='lat' dir='ltr'><strong>et</strong></span> <span class='ocrx_word' id='word_1_14' title='bbox 955 165 977 192; x_wconf 81' lang='grc' dir='ltr'><strong>ν</strong></span> 
     </span>
    </p>
   </div>
   <div class='ocr_carea' id='block_1_5' title="bbox 1022 154 1788 197">
    <p class='ocr_par' dir='ltr' id='par_1_5' title="bbox 1023 157 1788 197">
     <span class='ocr_line' id='line_1_5' title="bbox 1023 157 1788 197; baseline 0.007 -13"><span class='ocrx_word' id='word_1_15' title='bbox 1023 166 1053 189; x_wconf 84' lang='grc' dir='ltr'><strong>υς</strong></span> <span class='ocrx_word' id='word_1_16' title='bbox 1063 157 1109 184; x_wconf 75' lang='grc' dir='ltr'>καὶ</span> <span class='ocrx_word' id='word_1_17' title='bbox 1118 158 1165 185; x_wconf 80' lang='grc' dir='ltr'>νῦν</span> <span class='ocrx_word' id='word_1_18' title='bbox 1177 159 1386 194; x_wconf 73' lang='grc' dir='ltr'><strong>εὑρισκομένους</strong></span> <span class='ocrx_word' id='word_1_19' title='bbox 1395 159 1499 196; x_wconf 80' lang='grc' dir='ltr'>[καλῶς</span> <span class='ocrx_word' id='word_1_20' title='bbox 1505 160 1599 196; x_wconf 67' lang='grc' dir='ltr'>ποιῶ-ι]</span> <span class='ocrx_word' id='word_1_21' title='bbox 1610 162 1771 197; x_wconf 70' lang='grc' dir='ltr'><strong>ἀποτρέπου</strong></span> <span class='ocrx_word' id='word_1_22' title='bbox 1778 174 1788 186; x_wconf 75' lang='grc' dir='ltr'>ι</span> 
     </span>
    </p>
   </div>
   <div class='ocr_carea' id='block_1_6' title="bbox 153 200 936 237">
    <p class='ocr_par' dir='ltr' id='par_1_6' title="bbox 153 200 936 237">
     <span class='ocr_line' id='line_1_6' title="bbox 153 200 936 237; baseline 0.001 -9"><span class='ocrx_word' id='word_1_23' title='bbox 153 201 247 228; x_wconf 72' lang='lat' dir='ltr'><strong>subdit</strong></span> <span class='ocrx_word' id='word_1_24' title='bbox 261 208 269 233; x_wconf 88' lang='lat'><strong>;</strong></span> <span class='ocrx_word' id='word_1_25' title='bbox 285 200 326 227; x_wconf 79' lang='lat' dir='ltr'><strong>Ea:</strong></span> <span class='ocrx_word' id='word_1_26' title='bbox 345 201 385 227; x_wconf 76' lang='lat' dir='ltr'><strong>his</strong></span> <span class='ocrx_word' id='word_1_27' title='bbox 406 207 466 228; x_wconf 80' lang='lat' dir='ltr'><strong>sunt</strong></span> <span class='ocrx_word' id='word_1_28' title='bbox 484 203 529 237; x_wconf 83' lang='lat' dir='ltr'><strong>qui</strong></span> <span class='ocrx_word' id='word_1_29' title='bbox 545 207 683 237; x_wconf 79' lang='lat' dir='ltr'><strong>penetrant</strong></span> <span class='ocrx_word' id='word_1_30' title='bbox 696 203 796 229; x_wconf 70' lang='lat' dir='ltr'><strong>domos.</strong></span> <span class='ocrx_word' id='word_1_31' title='bbox 814 200 858 228; x_wconf 76' lang='lat' dir='ltr'><strong>Vel</strong></span> <span class='ocrx_word' id='word_1_32' title='bbox 874 202 936 236; x_wconf 85' lang='lat' dir='ltr'><strong>quia</strong></span> 
     </span>
    </p>
   </div>
   <div class='ocr_carea' id='block_1_7' title="bbox 153 245 937 283">
    <p class='ocr_par' dir='ltr' id='par_1_7' title="bbox 153 245 937 283">
     <span class='ocr_line' id='line_1_7' title="bbox 153 245 937 283; baseline 0.003 -9"><span class='ocrx_word' id='word_1_33' title='bbox 153 252 304 281; x_wconf 86' lang='lat' dir='ltr'><strong>postremos</strong></span> <span class='ocrx_word' id='word_1_34' title='bbox 327 245 391 274; x_wconf 80' lang='lat' dir='ltr'><strong>dies</strong></span> <span class='ocrx_word' id='word_1_35' title='bbox 416 255 463 274; x_wconf 88' lang='lat' dir='ltr'><strong>eos</strong></span> <span class='ocrx_word' id='word_1_36' title='bbox 478 248 545 275; x_wconf 93' lang='lat' dir='ltr'><strong>dicit</strong></span> <span class='ocrx_word' id='word_1_37' title='bbox 569 248 678 281; x_wconf 82' lang='lat' dir='ltr'><strong>Paulus,</strong></span> <span class='ocrx_word' id='word_1_38' title='bbox 697 250 744 283; x_wconf 84' lang='lat' dir='ltr'><strong>qui</strong></span> <span class='ocrx_word' id='word_1_39' title='bbox 757 249 860 276; x_wconf 86' lang='lat' dir='ltr'><strong>obitum</strong></span> <span class='ocrx_word' id='word_1_40' title='bbox 880 253 937 276; x_wconf 80' lang='lat' dir='ltr'><strong>sta-</strong></span> 
     </span>
    </p>
   </div>
   <div class='ocr_carea' id='block_1_8' title="bbox 152 292 936 328">
    <p class='ocr_par' dir='ltr' id='par_1_8' title="bbox 152 292 936 328">
     <span class='ocr_line' id='line_1_8' title="bbox 152 292 936 328; baseline 0 -8"><span class='ocrx_word' id='word_1_41' title='bbox 152 292 200 320; x_wconf 91' lang='lat' dir='ltr'><strong>tim</strong></span> <span class='ocrx_word' id='word_1_42' title='bbox 231 299 311 319; x_wconf 87' lang='lat' dir='ltr'><strong>suum</strong></span> <span class='ocrx_word' id='word_1_43' title='bbox 340 293 463 320; x_wconf 87' lang='lat' dir='ltr'><strong>secuturi</strong></span> <span class='ocrx_word' id='word_1_44' title='bbox 487 300 589 326; x_wconf 72' lang='lat' dir='ltr'><strong>essent,</strong></span> <span class='ocrx_word' id='word_1_45' title='bbox 614 295 640 320; x_wconf 90' lang='lat' dir='ltr'><strong>in</strong></span> <span class='ocrx_word' id='word_1_46' title='bbox 662 294 760 328; x_wconf 84' lang='lat' dir='ltr'><strong>quibus</strong></span> <span class='ocrx_word' id='word_1_47' title='bbox 778 294 936 321; x_wconf 79' lang='lat' dir='ltr'><strong>Timotheus</strong></span> 
     </span>
    </p>
   </div>
   <div class='ocr_carea' id='block_1_9' title="bbox 151 339 935 376">
    <p class='ocr_par' dir='ltr' id='par_1_9' title="bbox 151 339 935 376">
     <span class='ocr_line' id='line_1_9' title="bbox 151 339 935 376; baseline 0 -10"><span class='ocrx_word' id='word_1_48' title='bbox 151 339 241 366; x_wconf 91' lang='lat' dir='ltr'><strong>adhuc</strong></span> <span class='ocrx_word' id='word_1_49' title='bbox 254 345 395 374; x_wconf 74' lang='lat' dir='ltr'><strong>superstes</strong></span> <span class='ocrx_word' id='word_1_50' title='bbox 404 341 486 376; x_wconf 73' lang='lat'><strong>609</strong></span> <span class='ocrx_word' id='word_1_51' title='bbox 498 341 604 368; x_wconf 80' lang='lat' dir='ltr'><strong>futurus</strong></span> <span class='ocrx_word' id='word_1_52' title='bbox 620 344 687 367; x_wconf 89' lang='lat' dir='ltr'><strong>erat.</strong></span> <span class='ocrx_word' id='word_1_53' title='bbox 701 339 757 372; x_wconf 84' lang='lat' dir='ltr'><strong>Vel,</strong></span> <span class='ocrx_word' id='word_1_54' title='bbox 769 340 841 374; x_wconf 91' lang='lat' dir='ltr'><strong>quod</strong></span> <span class='ocrx_word' id='word_1_55' title='bbox 854 341 935 367; x_wconf 86' lang='lat' dir='ltr'><strong>etiam</strong></span> 
     </span>
    </p>
   </div>
   <div class='ocr_carea' id='block_1_10' title="bbox 152 384 937 422">
    <p class='ocr_par' dir='ltr' id='par_1_10' title="bbox 152 384 937 422">
     <span class='ocr_line' id='line_1_10' title="bbox 152 384 937 422; baseline 0.003 -12"><span class='ocrx_word' id='word_1_56' title='bbox 152 385 244 412; x_wconf 70' lang='lat' dir='ltr'><strong>veri-is</strong></span> <span class='ocrx_word' id='word_1_57' title='bbox 264 393 380 422; x_wconf 80' lang='lat' dir='ltr'><strong>magnus</strong></span> <span class='ocrx_word' id='word_1_58' title='bbox 396 386 441 413; x_wconf 80' lang='lat' dir='ltr'><strong>illo</strong></span> <span class='ocrx_word' id='word_1_59' title='bbox 463 386 675 420; x_wconf 80' lang='lat' dir='ltr'><strong>Chrysostomus</strong></span> <span class='ocrx_word' id='word_1_60' title='bbox 695 384 811 419; x_wconf 83' lang='lat' dir='ltr'><strong>judicat,</strong></span> <span class='ocrx_word' id='word_1_61' title='bbox 828 392 875 420; x_wconf 87' lang='lat' dir='ltr'><strong>per</strong></span> <span class='ocrx_word' id='word_1_62' title='bbox 891 385 937 412; x_wconf 87' lang='lat' dir='ltr'><strong>Ti-</strong></span> 
     </span>
    </p>
   </div>
   <div class='ocr_carea' id='block_1_11' title="bbox 152 430 849 466">
    <p class='ocr_par' dir='ltr' id='par_1_11' title="bbox 152 430 849 466">
     <span class='ocr_line' id='line_1_11' title="bbox 152 430 849 466; baseline 0.003 -11"><span class='ocrx_word' id='word_1_63' title='bbox 152 431 290 458; x_wconf 84' lang='lat' dir='ltr'><strong>motheum</strong></span> <span class='ocrx_word' id='word_1_64' title='bbox 309 439 404 459; x_wconf 84' lang='lat' dir='ltr'><strong>omnes</strong></span> <span class='ocrx_word' id='word_1_65' title='bbox 432 431 592 458; x_wconf 80' lang='lat' dir='ltr'><strong>adhortatur</strong></span> <span class='ocrx_word' id='word_1_66' title='bbox 608 436 637 457; x_wconf 90' lang='lat' dir='ltr'><strong>ut</strong></span> <span class='ocrx_word' id='word_1_67' title='bbox 650 430 718 457; x_wconf 85' lang='lat' dir='ltr'><strong>tales</strong></span> <span class='ocrx_word' id='word_1_68' title='bbox 732 430 849 466; x_wconf 74' lang='lat' dir='ltr'><strong>fugiant.</strong></span> 
     </span>
    </p>
   </div>
   <div class='ocr_carea' id='block_1_12' title="bbox 189 475 935 511">
    <p class='ocr_par' dir='ltr' id='par_1_12' title="bbox 189 475 935 511">
     <span class='ocr_line' id='line_1_12' title="bbox 189 475 935 511; baseline 0.001 -8"><span class='ocrx_word' id='word_1_69' title='bbox 189 475 271 504; x_wconf 69' lang='lat' dir='ltr'><strong>Vens.</strong></span> <span class='ocrx_word' id='word_1_70' title='bbox 285 476 311 504; x_wconf 86' lang='lat'><strong>6.</strong></span> <span class='ocrx_word' id='word_1_71' title='bbox 331 476 372 503; x_wconf 80' lang='lat' dir='ltr'><strong>Ea:</strong></span> <span class='ocrx_word' id='word_1_72' title='bbox 390 477 430 503; x_wconf 74' lang='lat' dir='ltr'><strong>his</strong></span> <span class='ocrx_word' id='word_1_73' title='bbox 445 477 514 503; x_wconf 83' lang='lat' dir='ltr'><strong>enim</strong></span> <span class='ocrx_word' id='word_1_74' title='bbox 537 480 598 502; x_wconf 75' lang='lat' dir='ltr'><strong>sunt</strong></span> <span class='ocrx_word' id='word_1_75' title='bbox 619 476 664 511; x_wconf 85' lang='lat' dir='ltr'><strong>qui</strong></span> <span class='ocrx_word' id='word_1_76' title='bbox 677 480 814 510; x_wconf 84' lang='lat' dir='ltr'><strong>penetrant</strong></span> <span class='ocrx_word' id='word_1_77' title='bbox 833 477 935 504; x_wconf 70' lang='lat' dir='ltr'><strong>domos.</strong></span> 
     </span>
    </p>
   </div>
   <div class='ocr_carea' id='block_1_13' title="bbox 153 521 936 557">
    <p class='ocr_par' dir='ltr' id='par_1_13' title="bbox 153 521 936 557">
     <span class='ocr_line' id='line_1_13' title="bbox 153 521 936 557; baseline 0.001 -8"><span class='ocrx_word' id='word_1_78' title='bbox 153 523 348 557; x_wconf 89' lang='lat' dir='ltr'><strong>lmpudentiam</strong></span> <span class='ocrx_word' id='word_1_79' title='bbox 380 529 474 549; x_wconf 88' lang='lat' dir='ltr'><strong>eorum</strong></span> <span class='ocrx_word' id='word_1_80' title='bbox 501 521 604 548; x_wconf 88' lang='lat' dir='ltr'><strong>indicat</strong></span> <span class='ocrx_word' id='word_1_81' title='bbox 633 530 679 556; x_wconf 89' lang='lat' dir='ltr'><strong>per</strong></span> <span class='ocrx_word' id='word_1_82' title='bbox 704 522 757 549; x_wconf 81' lang='lat' dir='ltr'><strong>hor.</strong></span> <span class='ocrx_word' id='word_1_83' title='bbox 772 522 844 557; x_wconf 85' lang='lat' dir='ltr'><strong>quod</strong></span> <span class='ocrx_word' id='word_1_84' title='bbox 874 523 936 550; x_wconf 86' lang='lat' dir='ltr'><strong>ait:</strong></span> 
     </span>
    </p>
   </div>
   <div class='ocr_carea' id='block_1_14' title="bbox 151 568 938 603">
    <p class='ocr_par' dir='ltr' id='par_1_14' title="bbox 151 568 938 603">
     <span class='ocr_line' id='line_1_14' title="bbox 151 568 938 603; baseline 0.001 -8"><span class='ocrx_word' id='word_1_85' title='bbox 151 569 196 603; x_wconf 85' lang='lat' dir='ltr'><strong>qui</strong></span> <span class='ocrx_word' id='word_1_86' title='bbox 218 572 374 602; x_wconf 81' lang='lat' dir='ltr'><strong>penetrant;</strong></span> <span class='ocrx_word' id='word_1_87' title='bbox 388 575 494 594; x_wconf 87' lang='lat' dir='ltr'><strong>necnon</strong></span> <span class='ocrx_word' id='word_1_88' title='bbox 518 568 669 596; x_wconf 73' lang='lat' dir='ltr'><strong>honestatis</strong></span> <span class='ocrx_word' id='word_1_89' title='bbox 690 569 855 602; x_wconf 87' lang='lat' dir='ltr'><strong>absentiam,</strong></span> <span class='ocrx_word' id='word_1_90' title='bbox 871 569 938 597; x_wconf 85' lang='lat' dir='ltr'><strong>adu-</strong></span> 
     </span>
    </p>
   </div>
   <div class='ocr_carea' id='block_1_15' title="bbox 152 613 742 648">
    <p class='ocr_par' dir='ltr' id='par_1_15' title="bbox 152 613 742 648">
     <span class='ocr_line' id='line_1_15' title="bbox 152 613 742 648; baseline 0.005 -8"><span class='ocrx_word' id='word_1_91' title='bbox 152 614 279 640; x_wconf 78' lang='lat' dir='ltr'><strong>lationem</strong></span> <span class='ocrx_word' id='word_1_92' title='bbox 294 617 320 640; x_wconf 90' lang='lat' dir='ltr'><strong>el</strong></span> <span class='ocrx_word' id='word_1_93' title='bbox 337 613 496 647; x_wconf 69' lang='lat' dir='ltr'><strong>imposturce</strong></span> <span class='ocrx_word' id='word_1_94' title='bbox 514 614 742 648; x_wconf 80' lang='lat' dir='ltr'><strong>magnitudinem.</strong></span> 
     </span>
    </p>
   </div>
   <div class='ocr_carea' id='block_1_16' title="bbox 186 665 939 702">
    <p class='ocr_par' dir='ltr' id='par_1_16' title="bbox 186 665 939 702">
     <span class='ocr_line' id='line_1_16' title="bbox 186 665 939 702; baseline 0.005 -9"><span class='ocrx_word' id='word_1_95' title='bbox 186 666 220 693; x_wconf 86' lang='lat' dir='ltr'><strong>Et</strong></span> <span class='ocrx_word' id='word_1_96' title='bbox 235 667 353 701; x_wconf 68' lang='lat' dir='ltr'><strong>captivas</strong></span> <span class='ocrx_word' id='word_1_97' title='bbox 371 665 470 693; x_wconf 77' lang='lat' dir='ltr'><strong>ducunt</strong></span> <span class='ocrx_word' id='word_1_98' title='bbox 495 667 678 695; x_wconf 79' lang='lat' dir='ltr'><strong>mulierculas.</strong></span> <span class='ocrx_word' id='word_1_99' title='bbox 701 668 763 696; x_wconf 82' lang='lat' dir='ltr'><strong>Non</strong></span> <span class='ocrx_word' id='word_1_100' title='bbox 787 669 868 702; x_wconf 80' lang='lat' dir='ltr'><strong>dixit,</strong></span> <span class='ocrx_word' id='word_1_101' title='bbox 891 669 939 698; x_wconf 88' lang='lat' dir='ltr'><strong>de-</strong></span> 
     </span>
    </p>
   </div>
   <div class='ocr_carea' id='block_1_17' title="bbox 149 712 945 749">
    <p class='ocr_par' dir='ltr' id='par_1_17' title="bbox 149 712 945 749">
     <span class='ocr_line' id='line_1_17' title="bbox 149 712 945 749; baseline 0.004 -9"><span class='ocrx_word' id='word_1_102' title='bbox 149 712 292 748; x_wconf 83' lang='lat' dir='ltr'><strong>eipientcs,</strong></span> <span class='ocrx_word' id='word_1_103' title='bbox 312 712 370 745; x_wconf 80' lang='lat' dir='ltr'><strong>Sed,</strong></span> <span class='ocrx_word' id='word_1_104' title='bbox 387 713 504 747; x_wconf 77' lang='lat' dir='ltr'><strong>captivas</strong></span> <span class='ocrx_word' id='word_1_105' title='bbox 524 713 658 746; x_wconf 75' lang='lat' dir='ltr'><strong>ducentes,</strong></span> <span class='ocrx_word' id='word_1_106' title='bbox 679 718 810 749; x_wconf 85' lang='lat' dir='ltr'><strong>tanquam</strong></span> <span class='ocrx_word' id='word_1_107' title='bbox 830 716 945 744; x_wconf 83' lang='lat' dir='ltr'><strong>manci-&#39;</strong></span> 
     </span>
    </p>
   </div>
   <div class='ocr_carea' id='block_1_18' title="bbox 150 758 937 794">
    <p class='ocr_par' dir='ltr' id='par_1_18' title="bbox 150 758 937 794">
     <span class='ocr_line' id='line_1_18' title="bbox 150 758 937 794; baseline 0.001 -9"><span class='ocrx_word' id='word_1_108' title='bbox 150 759 202 793; x_wconf 86' lang='lat' dir='ltr'><strong>piis</strong></span> <span class='ocrx_word' id='word_1_109' title='bbox 217 762 345 791; x_wconf 83' lang='lat' dir='ltr'><strong>utentes;</strong></span> <span class='ocrx_word' id='word_1_110' title='bbox 361 758 421 786; x_wconf 90' lang='lat' dir='ltr'><strong>talis</strong></span> <span class='ocrx_word' id='word_1_111' title='bbox 435 758 507 785; x_wconf 88' lang='lat' dir='ltr'><strong>enim</strong></span> <span class='ocrx_word' id='word_1_112' title='bbox 531 762 572 785; x_wconf 89' lang='lat' dir='ltr'><strong>est</strong></span> <span class='ocrx_word' id='word_1_113' title='bbox 591 758 638 793; x_wconf 88' lang='lat' dir='ltr'><strong>qui</strong></span> <span class='ocrx_word' id='word_1_114' title='bbox 657 758 801 794; x_wconf 81' lang='lat' dir='ltr'><strong>decipitur.</strong></span> <span class='ocrx_word' id='word_1_115' title='bbox 817 759 937 788; x_wconf 79' lang='lat' dir='ltr'><strong>Observa</strong></span> 
     </span>
    </p>
   </div>
   <div class='ocr_carea' id='block_1_19' title="bbox 151 803 938 840">
    <p class='ocr_par' dir='ltr' id='par_1_19' title="bbox 151 803 938 840">
     <span class='ocr_line' id='line_1_19' title="bbox 151 803 938 840; baseline 0.005 -10"><span class='ocrx_word' id='word_1_116' title='bbox 151 809 242 831; x_wconf 86' lang='lat' dir='ltr'><strong>autem</strong></span> <span class='ocrx_word' id='word_1_117' title='bbox 267 803 412 830; x_wconf 77' lang='lat' dir='ltr'><strong>mulierum</strong></span> <span class='ocrx_word' id='word_1_118' title='bbox 430 810 493 831; x_wconf 83' lang='lat' dir='ltr'><strong>esse</strong></span> <span class='ocrx_word' id='word_1_119' title='bbox 513 804 613 838; x_wconf 85' lang='lat' dir='ltr'><strong>decipi,</strong></span> <span class='ocrx_word' id='word_1_120' title='bbox 637 805 691 832; x_wconf 95' lang='lat' dir='ltr'><strong>imo</strong></span> <span class='ocrx_word' id='word_1_121' title='bbox 711 805 802 840; x_wconf 88' lang='lat' dir='ltr'><strong>potius</strong></span> <span class='ocrx_word' id='word_1_122' title='bbox 826 806 938 834; x_wconf 86' lang='lat' dir='ltr'><strong>mulier—</strong></span> 
     </span>
    </p>
   </div>
   <div class='ocr_carea' id='block_1_20' title="bbox 150 848 931 885">
    <p class='ocr_par' dir='ltr' id='par_1_20' title="bbox 150 848 931 885">
     <span class='ocr_line' id='line_1_20' title="bbox 150 848 931 885; baseline 0.004 -9"><span class='ocrx_word' id='word_1_123' title='bbox 150 850 284 877; x_wconf 81' lang='lat' dir='ltr'><strong>cularum.</strong></span> <span class='ocrx_word' id='word_1_124' title='bbox 312 848 427 877; x_wconf 83' lang='lat' dir='ltr'><strong>Proinde</strong></span> <span class='ocrx_word' id='word_1_125' title='bbox 450 849 491 876; x_wconf 91' lang='lat' dir='ltr'><strong>vir</strong></span> <span class='ocrx_word' id='word_1_126' title='bbox 516 849 540 878; x_wconf 88' lang='lat' dir='ltr'><strong>si</strong></span> <span class='ocrx_word' id='word_1_127' title='bbox 570 850 597 877; x_wconf 84' lang='lat' dir='ltr'><strong>in</strong></span> <span class='ocrx_word' id='word_1_128' title='bbox 626 849 749 879; x_wconf 79' lang='lat' dir='ltr'><strong>fraudem</strong></span> <span class='ocrx_word' id='word_1_129' title='bbox 772 851 931 885; x_wconf 84' lang='lat' dir='ltr'><strong>inducatur,</strong></span> 
     </span>
    </p>
   </div>
   <div class='ocr_carea' id='block_1_21' title="bbox 149 894 494 929">
    <p class='ocr_par' dir='ltr' id='par_1_21' title="bbox 149 894 494 929">
     <span class='ocr_line' id='line_1_21' title="bbox 149 894 494 929; baseline 0 -7"><span class='ocrx_word' id='word_1_130' title='bbox 149 894 308 922; x_wconf 79' lang='lat' dir='ltr'><strong>muliercula</strong></span> <span class='ocrx_word' id='word_1_131' title='bbox 325 894 379 922; x_wconf 91' lang='lat' dir='ltr'><strong>dici</strong></span> <span class='ocrx_word' id='word_1_132' title='bbox 399 899 494 929; x_wconf 81' lang='lat' dir='ltr'><strong>queat.</strong></span> 
     </span>
    </p>
   </div>
   <div class='ocr_carea' id='block_1_22' title="bbox 185 940 937 978">
    <p class='ocr_par' dir='ltr' id='par_1_22' title="bbox 185 940 937 978">
     <span class='ocr_line' id='line_1_22' title="bbox 185 940 937 978; baseline 0.004 -11"><span class='ocrx_word' id='word_1_133' title='bbox 185 940 316 968; x_wconf 73' lang='lat' dir='ltr'><strong>Oneratas</strong></span> <span class='ocrx_word' id='word_1_134' title='bbox 329 940 453 975; x_wconf 77' lang='lat' dir='ltr'><strong>pereatis.</strong></span> <span class='ocrx_word' id='word_1_135' title='bbox 481 940 660 969; x_wconf 82' lang='lat' dir='ltr'><strong>Peccatorum</strong></span> <span class='ocrx_word' id='word_1_136' title='bbox 690 942 797 978; x_wconf 84' lang='lat' dir='ltr'><strong>copiam</strong></span> <span class='ocrx_word' id='word_1_137' title='bbox 824 943 937 975; x_wconf 84' lang='lat' dir='ltr'><strong>indicat,</strong></span> 
     </span>
    </p>
   </div>
   <div class='ocr_carea' id='block_1_23' title="bbox 150 985 938 1016">
    <p class='ocr_par' dir='ltr' id='par_1_23' title="bbox 150 985 938 1016">
     <span class='ocr_line' id='line_1_23' title="bbox 150 985 938 1016; baseline 0.004 -3"><span class='ocrx_word' id='word_1_138' title='bbox 150 991 178 1014; x_wconf 87' lang='lat' dir='ltr'><strong>et</strong></span> <span class='ocrx_word' id='word_1_139' title='bbox 196 987 381 1014; x_wconf 85' lang='lat' dir='ltr'><strong>inordinatam</strong></span> <span class='ocrx_word' id='word_1_140' title='bbox 394 991 421 1013; x_wconf 88' lang='lat' dir='ltr'><strong>et</strong></span> <span class='ocrx_word' id='word_1_141' title='bbox 437 985 581 1014; x_wconf 82' lang='lat' dir='ltr'><strong>confusam</strong></span> <span class='ocrx_word' id='word_1_142' title='bbox 598 987 693 1015; x_wconf 87' lang='lat' dir='ltr'><strong>vitam.</strong></span> <span class='ocrx_word' id='word_1_143' title='bbox 711 987 772 1016; x_wconf 83' lang='lat' dir='ltr'><strong>Non</strong></span> <span class='ocrx_word' id='word_1_144' title='bbox 783 988 857 1016; x_wconf 88' lang='lat' dir='ltr'><strong>enim</strong></span> <span class='ocrx_word' id='word_1_145' title='bbox 871 989 938 1016; x_wconf 86' lang='lat' dir='ltr'><strong>sim-</strong></span> 
     </span>
    </p>
   </div>
   <div class='ocr_carea' id='block_1_24' title="bbox 149 1032 939 1068">
    <p class='ocr_par' dir='ltr' id='par_1_24' title="bbox 149 1032 939 1068">
     <span class='ocr_line' id='line_1_24' title="bbox 149 1032 939 1068; baseline 0.005 -10"><span class='ocrx_word' id='word_1_146' title='bbox 149 1032 256 1067; x_wconf 72' lang='lat' dir='ltr'><strong>pliciter</strong></span> <span class='ocrx_word' id='word_1_147' title='bbox 274 1032 435 1062; x_wconf 84' lang='lat' dir='ltr'><strong>mulieribus</strong></span> <span class='ocrx_word' id='word_1_148' title='bbox 455 1032 610 1068; x_wconf 86' lang='lat' dir='ltr'><strong>imponunt,</strong></span> <span class='ocrx_word' id='word_1_149' title='bbox 629 1041 681 1062; x_wconf 90' lang='lat' dir='ltr'><strong>nec</strong></span> <span class='ocrx_word' id='word_1_150' title='bbox 694 1034 767 1062; x_wconf 89' lang='lat' dir='ltr'><strong>enim</strong></span> <span class='ocrx_word' id='word_1_151' title='bbox 784 1038 882 1062; x_wconf 87' lang='lat' dir='ltr'><strong>natura</strong></span> <span class='ocrx_word' id='word_1_152' title='bbox 895 1038 939 1063; x_wconf 87' lang='lat' dir='ltr'><strong>est</strong></span> 
     </span>
    </p>
   </div>
   <div class='ocr_carea' id='block_1_25' title="bbox 149 1078 936 1115">
    <p class='ocr_par' dir='ltr' id='par_1_25' title="bbox 149 1078 936 1115">
     <span class='ocr_line' id='line_1_25' title="bbox 149 1078 936 1115; baseline 0.005 -10"><span class='ocrx_word' id='word_1_153' title='bbox 149 1078 316 1110; x_wconf 81' lang='lat' dir='ltr'><strong>accusanda,</strong></span> <span class='ocrx_word' id='word_1_154' title='bbox 335 1085 429 1105; x_wconf 87' lang='lat' dir='ltr'><strong>verum</strong></span> <span class='ocrx_word' id='word_1_155' title='bbox 448 1078 579 1107; x_wconf 82' lang='lat' dir='ltr'><strong>habentes</strong></span> <span class='ocrx_word' id='word_1_156' title='bbox 591 1080 732 1107; x_wconf 88' lang='lat' dir='ltr'><strong>cumulum</strong></span> <span class='ocrx_word' id='word_1_157' title='bbox 751 1085 936 1115; x_wconf 85' lang='lat' dir='ltr'><strong>peccatorum,</strong></span> 
     </span>
    </p>
   </div>
   <div class='ocr_carea' id='block_1_26' title="bbox 149 1123 938 1160">
    <p class='ocr_par' dir='ltr' id='par_1_26' title="bbox 149 1123 938 1160">
     <span class='ocr_line' id='line_1_26' title="bbox 149 1123 938 1160; baseline 0.004 -9"><span class='ocrx_word' id='word_1_158' title='bbox 149 1124 299 1158; x_wconf 80' lang='lat' dir='ltr'><strong>decipiunt.</strong></span> <span class='ocrx_word' id='word_1_159' title='bbox 317 1123 368 1156; x_wconf 90' lang='lat' dir='ltr'><strong>Qui</strong></span> <span class='ocrx_word' id='word_1_160' title='bbox 387 1123 460 1150; x_wconf 89' lang='lat' dir='ltr'><strong>enim</strong></span> <span class='ocrx_word' id='word_1_161' title='bbox 474 1124 578 1153; x_wconf 84' lang='lat' dir='ltr'><strong>nullius</strong></span> <span class='ocrx_word' id='word_1_162' title='bbox 589 1124 642 1152; x_wconf 83' lang='lat' dir='ltr'><strong>sibi</strong></span> <span class='ocrx_word' id='word_1_163' title='bbox 661 1125 723 1153; x_wconf 86' lang='lat' dir='ltr'><strong>boni</strong></span> <span class='ocrx_word' id='word_1_164' title='bbox 740 1126 870 1154; x_wconf 85' lang='lat' dir='ltr'><strong>conscius</strong></span> <span class='ocrx_word' id='word_1_165' title='bbox 885 1130 938 1160; x_wconf 89' lang='lat' dir='ltr'><strong>est,</strong></span> 
     </span>
    </p>
   </div>
   <div class='ocr_carea' id='block_1_27' title="bbox 151 1169 938 1207">
    <p class='ocr_par' dir='ltr' id='par_1_27' title="bbox 151 1169 938 1207">
     <span class='ocr_line' id='line_1_27' title="bbox 151 1169 938 1207; baseline 0.005 -11"><span class='ocrx_word' id='word_1_166' title='bbox 151 1169 244 1205; x_wconf 83' lang='lat' dir='ltr'><strong>pravis</strong></span> <span class='ocrx_word' id='word_1_167' title='bbox 262 1169 423 1197; x_wconf 87' lang='lat' dir='ltr'><strong>doctoribus</strong></span> <span class='ocrx_word' id='word_1_168' title='bbox 441 1170 497 1198; x_wconf 91' lang='lat' dir='ltr'><strong>cito</strong></span> <span class='ocrx_word' id='word_1_169' title='bbox 526 1171 707 1206; x_wconf 84' lang='lat' dir='ltr'><strong>obtemperat,</strong></span> <span class='ocrx_word' id='word_1_170' title='bbox 732 1172 855 1207; x_wconf 87' lang='lat' dir='ltr'><strong>seipsum</strong></span> <span class='ocrx_word' id='word_1_171' title='bbox 870 1179 938 1200; x_wconf 83' lang='lat' dir='ltr'><strong>con-</strong></span> 
     </span>
    </p>
   </div>
   <div class='ocr_carea' id='block_1_28' title="bbox 150 1215 938 1254">
    <p class='ocr_par' dir='ltr' id='par_1_28' title="bbox 150 1215 938 1254">
     <span class='ocr_line' id='line_1_28' title="bbox 150 1215 938 1254; baseline 0.003 -10"><span class='ocrx_word' id='word_1_172' title='bbox 150 1216 245 1244; x_wconf 81' lang='lat' dir='ltr'><strong>solans</strong></span> <span class='ocrx_word' id='word_1_173' title='bbox 259 1215 338 1250; x_wconf 90' lang='lat' dir='ltr'><strong>quasi</strong></span> <span class='ocrx_word' id='word_1_174' title='bbox 357 1223 411 1243; x_wconf 90' lang='lat' dir='ltr'><strong>non</strong></span> <span class='ocrx_word' id='word_1_175' title='bbox 429 1216 464 1243; x_wconf 88' lang='lat' dir='ltr'><strong>sit</strong></span> <span class='ocrx_word' id='word_1_176' title='bbox 477 1216 592 1245; x_wconf 84' lang='lat' dir='ltr'><strong>daturus</strong></span> <span class='ocrx_word' id='word_1_177' title='bbox 611 1225 707 1253; x_wconf 61' lang='lat' dir='ltr'><strong>poenas</strong></span> <span class='ocrx_word' id='word_1_178' title='bbox 724 1224 836 1254; x_wconf 71' lang='lat' dir='ltr'><strong>promer</strong></span> <span class='ocrx_word' id='word_1_179' title='bbox 855 1225 938 1254; x_wconf 81' lang='lat' dir='ltr'><strong>opera</strong></span> 
     </span>
    </p>
   </div>
   <div class='ocr_carea' id='block_1_29' title="bbox 149 1269 209 1290">
    <p class='ocr_par' dir='ltr' id='par_1_29' title="bbox 149 1269 209 1290">
     <span class='ocr_line' id='line_1_29' title="bbox 149 1269 209 1290; baseline -0.017 -1"><span class='ocrx_word' id='word_1_180' title='bbox 149 1269 209 1290; x_wconf 86' lang='lat' dir='ltr'><strong>sua.</strong></span> 
     </span>
    </p>
   </div>
   <div class='ocr_carea' id='block_1_30' title="bbox 185 1316 941 1352">
    <p class='ocr_par' dir='ltr' id='par_1_30' title="bbox 185 1316 941 1352">
     <span class='ocr_line' id='line_1_30' title="bbox 185 1316 941 1352; baseline 0.005 -9"><span class='ocrx_word' id='word_1_181' title='bbox 185 1317 250 1350; x_wconf 63' lang='lat' dir='ltr'><strong>Qua</strong></span> <span class='ocrx_word' id='word_1_182' title='bbox 274 1316 356 1344; x_wconf 81' lang='lat' dir='ltr'><strong>variis</strong></span> <span class='ocrx_word' id='word_1_183' title='bbox 376 1317 512 1344; x_wconf 76' lang='lat' dir='ltr'><strong>desideriis</strong></span> <span class='ocrx_word' id='word_1_184' title='bbox 540 1323 664 1352; x_wconf 84' lang='lat' dir='ltr'><strong>aguntur.</strong></span> <span class='ocrx_word' id='word_1_185' title='bbox 694 1319 872 1347; x_wconf 82' lang='lat' dir='ltr'><strong>Pecuniarum</strong></span> <span class='ocrx_word' id='word_1_186' title='bbox 901 1321 941 1347; x_wconf 77' lang='grc' dir='ltr'><strong>νὶ-</strong></span> 
     </span>
    </p>
   </div>
   <div class='ocr_carea' id='block_1_31' title="bbox 148 1363 932 1397">
    <p class='ocr_par' dir='ltr' id='par_1_31' title="bbox 148 1363 932 1397">
     <span class='ocr_line' id='line_1_31' title="bbox 148 1363 932 1397; baseline 0.004 -7"><span class='ocrx_word' id='word_1_187' title='bbox 148 1363 246 1390; x_wconf 87' lang='lat' dir='ltr'><strong>delicet</strong></span> <span class='ocrx_word' id='word_1_188' title='bbox 266 1383 274 1394; x_wconf 94' lang='lat'><strong>,</strong></span> <span class='ocrx_word' id='word_1_189' title='bbox 299 1363 393 1397; x_wconf 65' lang='lat' dir='ltr'><strong>gloriae</strong></span> <span class='ocrx_word' id='word_1_190' title='bbox 409 1382 417 1395; x_wconf 90' lang='lat'><strong>,</strong></span> <span class='ocrx_word' id='word_1_191' title='bbox 442 1363 599 1390; x_wconf 75' lang='lat' dir='ltr'><strong>deliciarum</strong></span> <span class='ocrx_word' id='word_1_192' title='bbox 616 1383 623 1395; x_wconf 92' lang='lat'><strong>,</strong></span> <span class='ocrx_word' id='word_1_193' title='bbox 645 1364 740 1391; x_wconf 91' lang='lat' dir='ltr'><strong>mundi</strong></span> <span class='ocrx_word' id='word_1_194' title='bbox 764 1365 905 1393; x_wconf 79' lang='lat' dir='ltr'><strong>muliebris</strong></span> <span class='ocrx_word' id='word_1_195' title='bbox 925 1375 932 1392; x_wconf 92' lang='lat'><strong>:</strong></span> 
     </span>
    </p>
   </div>
   <div class='ocr_carea' id='block_1_32' title="bbox 149 1409 940 1443">
    <p class='ocr_par' dir='ltr' id='par_1_32' title="bbox 149 1409 940 1443">
     <span class='ocr_line' id='line_1_32' title="bbox 149 1409 940 1443; baseline 0.003 -7"><span class='ocrx_word' id='word_1_196' title='bbox 149 1413 223 1436; x_wconf 83' lang='lat' dir='ltr'><strong>uolat</strong></span> <span class='ocrx_word' id='word_1_197' title='bbox 257 1412 348 1435; x_wconf 87' lang='lat' dir='ltr'><strong>autem</strong></span> <span class='ocrx_word' id='word_1_198' title='bbox 385 1413 412 1435; x_wconf 92' lang='lat' dir='ltr'><strong>et</strong></span> <span class='ocrx_word' id='word_1_199' title='bbox 433 1412 527 1443; x_wconf 84' lang='lat' dir='ltr'><strong>turpes</strong></span> <span class='ocrx_word' id='word_1_200' title='bbox 556 1409 730 1443; x_wconf 79' lang='lat' dir='ltr'><strong>cupiditates.</strong></span> <span class='ocrx_word' id='word_1_201' title='bbox 750 1409 870 1437; x_wconf 82' lang='lat' dir='ltr'><strong>Observa</strong></span> <span class='ocrx_word' id='word_1_202' title='bbox 889 1417 940 1438; x_wconf 80' lang='lat' dir='ltr'><strong>au-</strong></span> 
     </span>
    </p>
   </div>
   <div class='ocr_carea' id='block_1_33' title="bbox 149 1453 940 1488">
    <p class='ocr_par' dir='ltr' id='par_1_33' title="bbox 149 1453 940 1488">
     <span class='ocr_line' id='line_1_33' title="bbox 149 1453 940 1488; baseline 0.001 -7"><span class='ocrx_word' id='word_1_203' title='bbox 149 1459 202 1481; x_wconf 89' lang='lat' dir='ltr'><strong>tem</strong></span> <span class='ocrx_word' id='word_1_204' title='bbox 220 1453 304 1485; x_wconf 84' lang='lat' dir='ltr'><strong>istud,</strong></span> <span class='ocrx_word' id='word_1_205' title='bbox 320 1457 445 1488; x_wconf 76' lang='lat' dir='ltr'><strong>agantur,</strong></span> <span class='ocrx_word' id='word_1_206' title='bbox 465 1459 595 1488; x_wconf 87' lang='lat' dir='ltr'><strong>tauquam</strong></span> <span class='ocrx_word' id='word_1_207' title='bbox 613 1454 647 1481; x_wconf 91' lang='lat' dir='ltr'><strong>de</strong></span> <span class='ocrx_word' id='word_1_208' title='bbox 667 1455 754 1482; x_wconf 82' lang='lat' dir='ltr'><strong>brutis</strong></span> <span class='ocrx_word' id='word_1_209' title='bbox 771 1455 940 1483; x_wconf 78' lang='lat' dir='ltr'><strong>animalibus</strong></span> 
     </span>
    </p>
   </div>
   <div class='ocr_carea' id='block_1_34' title="bbox 149 1500 263 1526">
    <p class='ocr_par' dir='ltr' id='par_1_34' title="bbox 149 1500 263 1526">
     <span class='ocr_line' id='line_1_34' title="bbox 149 1500 263 1526; baseline 0 0"><span class='ocrx_word' id='word_1_210' title='bbox 149 1500 263 1526; x_wconf 80' lang='lat' dir='ltr'><strong>dictum.</strong></span> 
     </span>
    </p>
   </div>
   <div class='ocr_carea' id='block_1_35' title="bbox 185 1546 939 1582">
    <p class='ocr_par' dir='ltr' id='par_1_35' title="bbox 185 1546 939 1582">
     <span class='ocr_line' id='line_1_35' title="bbox 185 1546 939 1582; baseline 0.001 -9"><span class='ocrx_word' id='word_1_211' title='bbox 185 1546 267 1574; x_wconf 73' lang='lat' dir='ltr'><strong>Vens.</strong></span> <span class='ocrx_word' id='word_1_212' title='bbox 287 1547 313 1573; x_wconf 88' lang='lat'><strong>7.</strong></span> <span class='ocrx_word' id='word_1_213' title='bbox 330 1546 439 1582; x_wconf 82' lang='lat' dir='ltr'><strong>Semper</strong></span> <span class='ocrx_word' id='word_1_214' title='bbox 458 1547 598 1580; x_wconf 75' lang='lat' dir='ltr'><strong>discentes,</strong></span> <span class='ocrx_word' id='word_1_215' title='bbox 619 1552 644 1575; x_wconf 85' lang='lat' dir='ltr'><strong>et</strong></span> <span class='ocrx_word' id='word_1_216' title='bbox 660 1555 793 1582; x_wconf 81' lang='lat' dir='ltr'><strong>nunquam</strong></span> <span class='ocrx_word' id='word_1_217' title='bbox 805 1548 839 1574; x_wconf 83' lang='lat' dir='ltr'><strong>ad</strong></span> <span class='ocrx_word' id='word_1_218' title='bbox 854 1548 939 1575; x_wconf 74' lang='lat' dir='ltr'><strong>scien-</strong></span> 
     </span>
    </p>
   </div>
   <div class='ocr_carea' id='block_1_36' title="bbox 149 1593 938 1628">
    <p class='ocr_par' dir='ltr' id='par_1_36' title="bbox 149 1593 938 1628">
     <span class='ocr_line' id='line_1_36' title="bbox 149 1593 938 1628; baseline 0.003 -10"><span class='ocrx_word' id='word_1_219' title='bbox 149 1593 212 1620; x_wconf 84' lang='lat' dir='ltr'><strong>tiam</strong></span> <span class='ocrx_word' id='word_1_220' title='bbox 227 1593 347 1620; x_wconf 75' lang='lat' dir='ltr'><strong>veritatis</strong></span> <span class='ocrx_word' id='word_1_221' title='bbox 363 1593 497 1628; x_wconf 79' lang='lat' dir='ltr'><strong>pervenire</strong></span> <span class='ocrx_word' id='word_1_222' title='bbox 509 1594 634 1621; x_wconf 78' lang='lat' dir='ltr'><strong>ualentes.</strong></span> <span class='ocrx_word' id='word_1_223' title='bbox 658 1593 727 1620; x_wconf 85' lang='lat' dir='ltr'><strong>Num</strong></span> <span class='ocrx_word' id='word_1_224' title='bbox 748 1594 839 1628; x_wconf 78' lang='lat' dir='ltr'><strong>itaque</strong></span> <span class='ocrx_word' id='word_1_225' title='bbox 859 1593 938 1621; x_wconf 85' lang='lat' dir='ltr'><strong>vcuia</strong></span> 
     </span>
    </p>
   </div>
   <div class='ocr_carea' id='block_1_37' title="bbox 148 1638 937 1674">
    <p class='ocr_par' dir='ltr' id='par_1_37' title="bbox 148 1638 937 1674">
     <span class='ocr_line' id='line_1_37' title="bbox 148 1638 937 1674; baseline 0 -8"><span class='ocrx_word' id='word_1_226' title='bbox 148 1639 238 1674; x_wconf 72' lang='lat' dir='ltr'><strong>dignae</strong></span> <span class='ocrx_word' id='word_1_227' title='bbox 262 1639 348 1666; x_wconf 78' lang='lat' dir='ltr'><strong>sunt?</strong></span> <span class='ocrx_word' id='word_1_228' title='bbox 364 1638 554 1674; x_wconf 80' lang='lat' dir='ltr'><strong>Nequaquam,</strong></span> <span class='ocrx_word' id='word_1_229' title='bbox 581 1639 628 1666; x_wconf 88' lang='lat' dir='ltr'><strong>sed</strong></span> <span class='ocrx_word' id='word_1_230' title='bbox 655 1639 733 1666; x_wconf 88' lang='lat' dir='ltr'><strong>venia</strong></span> <span class='ocrx_word' id='word_1_231' title='bbox 760 1640 852 1674; x_wconf 88' lang='lat' dir='ltr'><strong>potius</strong></span> <span class='ocrx_word' id='word_1_232' title='bbox 879 1640 937 1674; x_wconf 90' lang='lat' dir='ltr'><strong>pri-</strong></span> 
     </span>
    </p>
   </div>
   <div class='ocr_carea' id='block_1_38' title="bbox 148 1684 938 1719">
    <p class='ocr_par' dir='ltr' id='par_1_38' title="bbox 148 1684 938 1719">
     <span class='ocr_line' id='line_1_38' title="bbox 148 1684 938 1719; baseline 0.003 -9"><span class='ocrx_word' id='word_1_233' title='bbox 148 1684 254 1712; x_wconf 85' lang='lat' dir='ltr'><strong>vandae.</strong></span> <span class='ocrx_word' id='word_1_234' title='bbox 277 1684 347 1717; x_wconf 83' lang='lat' dir='ltr'><strong>Quia</strong></span> <span class='ocrx_word' id='word_1_235' title='bbox 365 1684 437 1711; x_wconf 88' lang='lat' dir='ltr'><strong>enim</strong></span> <span class='ocrx_word' id='word_1_236' title='bbox 467 1684 573 1719; x_wconf 86' lang='lat' dir='ltr'><strong>scipsas</strong></span> <span class='ocrx_word' id='word_1_237' title='bbox 589 1685 710 1719; x_wconf 86' lang='lat' dir='ltr'><strong>peccatis</strong></span> <span class='ocrx_word' id='word_1_238' title='bbox 727 1685 938 1712; x_wconf 88' lang='lat' dir='ltr'><strong>accumularunt</strong></span> 
     </span>
    </p>
   </div>
   <div class='ocr_carea' id='block_1_39' title="bbox 148 1729 936 1764">
    <p class='ocr_par' dir='ltr' id='par_1_39' title="bbox 148 1729 936 1764">
     <span class='ocr_line' id='line_1_39' title="bbox 148 1729 936 1764; baseline 0.003 -8"><span class='ocrx_word' id='word_1_239' title='bbox 148 1733 176 1756; x_wconf 89' lang='lat' dir='ltr'><strong>ct</strong></span> <span class='ocrx_word' id='word_1_240' title='bbox 206 1729 425 1764; x_wconf 85' lang='lat' dir='ltr'><strong>cupiditatibus,</strong></span> <span class='ocrx_word' id='word_1_241' title='bbox 460 1735 595 1758; x_wconf 60' lang='lat' dir='ltr'><strong>excecata</strong></span> <span class='ocrx_word' id='word_1_242' title='bbox 624 1734 667 1758; x_wconf 85' lang='lat' dir='ltr'><strong>est</strong></span> <span class='ocrx_word' id='word_1_243' title='bbox 702 1730 812 1758; x_wconf 87' lang='lat' dir='ltr'><strong>illarum</strong></span> <span class='ocrx_word' id='word_1_244' title='bbox 845 1738 936 1759; x_wconf 87' lang='lat' dir='ltr'><strong>mens.</strong></span> 
     </span>
    </p>
   </div>
   <div class='ocr_carea' id='block_1_40' title="bbox 150 1773 937 1809">
    <p class='ocr_par' dir='ltr' id='par_1_40' title="bbox 150 1773 937 1809">
     <span class='ocr_line' id='line_1_40' title="bbox 150 1773 937 1809; baseline 0.003 -8"><span class='ocrx_word' id='word_1_245' title='bbox 150 1773 239 1808; x_wconf 83' lang='lat' dir='ltr'><strong>Quare</strong></span> <span class='ocrx_word' id='word_1_246' title='bbox 255 1774 329 1809; x_wconf 89' lang='lat' dir='ltr'><strong>quod</strong></span> <span class='ocrx_word' id='word_1_247' title='bbox 343 1782 397 1802; x_wconf 88' lang='lat' dir='ltr'><strong>non</strong></span> <span class='ocrx_word' id='word_1_248' title='bbox 411 1775 519 1809; x_wconf 79' lang='lat' dir='ltr'><strong>possint</strong></span> <span class='ocrx_word' id='word_1_249' title='bbox 541 1776 657 1808; x_wconf 85' lang='lat' dir='ltr'><strong>discere,</strong></span> <span class='ocrx_word' id='word_1_250' title='bbox 680 1783 734 1802; x_wconf 91' lang='lat' dir='ltr'><strong>non</strong></span> <span class='ocrx_word' id='word_1_251' title='bbox 757 1781 799 1803; x_wconf 91' lang='lat' dir='ltr'><strong>est</strong></span> <span class='ocrx_word' id='word_1_252' title='bbox 821 1780 937 1809; x_wconf 65' lang='lat' dir='ltr'><strong>naturae,</strong></span> 
     </span>
    </p>
   </div>
   <div class='ocr_carea' id='block_1_41' title="bbox 148 1820 678 1848">
    <p class='ocr_par' dir='ltr' id='par_1_41' title="bbox 148 1820 678 1848">
     <span class='ocr_line' id='line_1_41' title="bbox 148 1820 678 1848; baseline 0 0"><span class='ocrx_word' id='word_1_253' title='bbox 148 1821 197 1848; x_wconf 84' lang='lat' dir='ltr'><strong>sed</strong></span> <span class='ocrx_word' id='word_1_254' title='bbox 217 1820 353 1847; x_wconf 72' lang='lat' dir='ltr'><strong>voluntati</strong></span> <span class='ocrx_word' id='word_1_255' title='bbox 365 1828 458 1848; x_wconf 88' lang='lat' dir='ltr'><strong>earum</strong></span> <span class='ocrx_word' id='word_1_256' title='bbox 471 1821 678 1848; x_wconf 86' lang='lat' dir='ltr'><strong>ascribendum.</strong></span> 
     </span>
    </p>
   </div>
   <div class='ocr_carea' id='block_1_42' title="bbox 187 1865 938 1897">
    <p class='ocr_par' dir='ltr' id='par_1_42' title="bbox 187 1865 938 1897">
     <span class='ocr_line' id='line_1_42' title="bbox 187 1865 938 1897; baseline 0.001 -5"><span class='ocrx_word' id='word_1_257' title='bbox 187 1865 267 1893; x_wconf 71' lang='lat' dir='ltr'><strong>Vens.</strong></span> <span class='ocrx_word' id='word_1_258' title='bbox 284 1865 310 1892; x_wconf 90' lang='lat'><strong>8.</strong></span> <span class='ocrx_word' id='word_1_259' title='bbox 327 1865 555 1897; x_wconf 82' lang='lat' dir='ltr'><strong>Quemadmodum</strong></span> <span class='ocrx_word' id='word_1_260' title='bbox 576 1870 664 1893; x_wconf 83' lang='lat' dir='ltr'><strong>autem</strong></span> <span class='ocrx_word' id='word_1_261' title='bbox 686 1865 786 1893; x_wconf 75' lang='lat' dir='ltr'><strong>Jannes</strong></span> <span class='ocrx_word' id='word_1_262' title='bbox 809 1871 833 1893; x_wconf 86' lang='lat' dir='ltr'><strong>et</strong></span> <span class='ocrx_word' id='word_1_263' title='bbox 860 1866 938 1893; x_wconf 81' lang='lat' dir='ltr'><strong>Jam-</strong></span> 
     </span>
    </p>
   </div>
   <div class='ocr_carea' id='block_1_43' title="bbox 150 1910 937 1943">
    <p class='ocr_par' dir='ltr' id='par_1_43' title="bbox 150 1910 937 1943">
     <span class='ocr_line' id='line_1_43' title="bbox 150 1910 937 1943; baseline 0 -5"><span class='ocrx_word' id='word_1_264' title='bbox 150 1911 207 1939; x_wconf 76' lang='lat' dir='ltr'><strong>brea</strong></span> <span class='ocrx_word' id='word_1_265' title='bbox 223 1911 376 1938; x_wconf 74' lang='lat' dir='ltr'><strong>restiterunt</strong></span> <span class='ocrx_word' id='word_1_266' title='bbox 402 1910 483 1943; x_wconf 77' lang='lat' dir='ltr'><strong>Mani,</strong></span> <span class='ocrx_word' id='word_1_267' title='bbox 510 1911 549 1938; x_wconf 74' lang='lat' dir='ltr'><strong>ita</strong></span> <span class='ocrx_word' id='word_1_268' title='bbox 578 1916 603 1938; x_wconf 81' lang='lat' dir='ltr'><strong>et</strong></span> <span class='ocrx_word' id='word_1_269' title='bbox 629 1911 656 1938; x_wconf 83' lang='lat' dir='ltr'><strong>itt&#39;</strong></span> <span class='ocrx_word' id='word_1_270' title='bbox 676 1912 801 1939; x_wconf 78' lang='lat' dir='ltr'><strong>resistunt</strong></span> <span class='ocrx_word' id='word_1_271' title='bbox 822 1912 937 1939; x_wconf 80' lang='lat' dir='ltr'><strong>veritati.</strong></span> 
     </span>
    </p>
   </div>
   <div class='ocr_carea' id='block_1_44' title="bbox 149 1956 936 1992">
    <p class='ocr_par' dir='ltr' id='par_1_44' title="bbox 149 1956 936 1992">
     <span class='ocr_line' id='line_1_44' title="bbox 149 1956 936 1992; baseline 0.001 -8"><span class='ocrx_word' id='word_1_272' title='bbox 149 1957 219 1991; x_wconf 74' lang='lat' dir='ltr'><strong>Magi</strong></span> <span class='ocrx_word' id='word_1_273' title='bbox 240 1957 287 1985; x_wconf 87' lang='lat' dir='ltr'><strong>isti</strong></span> <span class='ocrx_word' id='word_1_274' title='bbox 310 1956 423 1985; x_wconf 81' lang='lat' dir='ltr'><strong>fuerunt</strong></span> <span class='ocrx_word' id='word_1_275' title='bbox 445 1957 530 1985; x_wconf 83' lang='lat' dir='ltr'><strong>Mosis</strong></span> <span class='ocrx_word' id='word_1_276' title='bbox 554 1957 733 1992; x_wconf 83' lang='lat' dir='ltr'><strong>temporibus.</strong></span> <span class='ocrx_word' id='word_1_277' title='bbox 754 1957 832 1986; x_wconf 87' lang='lat' dir='ltr'><strong>Unde</strong></span> <span class='ocrx_word' id='word_1_278' title='bbox 846 1961 936 1986; x_wconf 83' lang='lat' dir='ltr'><strong>autem</strong></span> 
     </span>
    </p>
   </div>
   <div class='ocr_carea' id='block_1_45' title="bbox 149 2003 938 2040">
    <p class='ocr_par' dir='ltr' id='par_1_45' title="bbox 149 2003 938 2040">
     <span class='ocr_line' id='line_1_45' title="bbox 149 2003 938 2040; baseline 0.004 -10"><span class='ocrx_word' id='word_1_279' title='bbox 149 2003 260 2031; x_wconf 86' lang='lat' dir='ltr'><strong>nomina</strong></span> <span class='ocrx_word' id='word_1_280' title='bbox 275 2010 372 2031; x_wconf 91' lang='lat' dir='ltr'><strong>eorum</strong></span> <span class='ocrx_word' id='word_1_281' title='bbox 403 2007 484 2030; x_wconf 85' lang='lat' dir='ltr'><strong>norat</strong></span> <span class='ocrx_word' id='word_1_282' title='bbox 510 2003 624 2038; x_wconf 84' lang='lat' dir='ltr'><strong>Paulus,</strong></span> <span class='ocrx_word' id='word_1_283' title='bbox 639 2011 700 2032; x_wconf 91' lang='lat' dir='ltr'><strong>cum</strong></span> <span class='ocrx_word' id='word_1_284' title='bbox 722 2004 864 2040; x_wconf 83' lang='lat' dir='ltr'><strong>Scriptura</strong></span> <span class='ocrx_word' id='word_1_285' title='bbox 882 2012 938 2033; x_wconf 85' lang='lat' dir='ltr'><strong>non</strong></span> 
     </span>
    </p>
   </div>
   <div class='ocr_carea' id='block_1_46' title="bbox 150 2045 939 2082">
    <p class='ocr_par' dir='ltr' id='par_1_46' title="bbox 150 2045 939 2082">
     <span class='ocr_line' id='line_1_46' title="bbox 150 2045 939 2082; baseline 0.004 -9"><span class='ocrx_word' id='word_1_286' title='bbox 150 2046 299 2074; x_wconf 75' lang='lat' dir='ltr'><strong>indicarit?</strong></span> <span class='ocrx_word' id='word_1_287' title='bbox 333 2045 381 2074; x_wconf 87' lang='lat' dir='ltr'><strong>Vel</strong></span> <span class='ocrx_word' id='word_1_288' title='bbox 406 2046 477 2074; x_wconf 87' lang='lat' dir='ltr'><strong>citra</strong></span> <span class='ocrx_word' id='word_1_289' title='bbox 520 2045 690 2082; x_wconf 84' lang='lat' dir='ltr'><strong>Scripturam</strong></span> <span class='ocrx_word' id='word_1_290' title='bbox 730 2048 829 2075; x_wconf 86' lang='lat' dir='ltr'><strong>tradita</strong></span> <span class='ocrx_word' id='word_1_291' title='bbox 873 2053 939 2076; x_wconf 88' lang='lat' dir='ltr'><strong>sunt</strong></span> 
     </span>
    </p>
   </div>
   <div class='ocr_carea' id='block_1_47' title="bbox 148 2093 935 2127">
    <p class='ocr_par' dir='ltr' id='par_1_47' title="bbox 148 2093 935 2127">
     <span class='ocr_line' id='line_1_47' title="bbox 148 2093 935 2127; baseline 0.003 -7"><span class='ocrx_word' id='word_1_292' title='bbox 148 2100 197 2127; x_wconf 76' lang='lat' dir='ltr'><strong>per</strong></span> <span class='ocrx_word' id='word_1_293' title='bbox 220 2093 357 2126; x_wconf 83' lang='lat' dir='ltr'><strong>majorum</strong></span> <span class='ocrx_word' id='word_1_294' title='bbox 389 2094 551 2121; x_wconf 86' lang='lat' dir='ltr'><strong>memoriam</strong></span> <span class='ocrx_word' id='word_1_295' title='bbox 576 2099 604 2121; x_wconf 83' lang='lat' dir='ltr'><strong>et</strong></span> <span class='ocrx_word' id='word_1_296' title='bbox 625 2094 935 2122; x_wconf 79' lang='lat' dir='ltr'><strong>commemorationem:</strong></span> 
     </span>
    </p>
   </div>
   <div class='ocr_carea' id='block_1_48' title="bbox 149 2137 937 2172">
    <p class='ocr_par' dir='ltr' id='par_1_48' title="bbox 149 2137 937 2172">
     <span class='ocr_line' id='line_1_48' title="bbox 149 2137 937 2172; baseline 0.006 -10"><span class='ocrx_word' id='word_1_297' title='bbox 149 2137 190 2165; x_wconf 78' lang='lat' dir='ltr'><strong>vel</strong></span> <span class='ocrx_word' id='word_1_298' title='bbox 205 2145 254 2172; x_wconf 88' lang='lat' dir='ltr'><strong>per</strong></span> <span class='ocrx_word' id='word_1_299' title='bbox 270 2137 403 2172; x_wconf 86' lang='lat' dir='ltr'><strong>Spiritum</strong></span> <span class='ocrx_word' id='word_1_300' title='bbox 416 2141 543 2165; x_wconf 88' lang='lat' dir='ltr'><strong>sanctum</strong></span> <span class='ocrx_word' id='word_1_301' title='bbox 560 2137 711 2166; x_wconf 82' lang='lat' dir='ltr'><strong>verisimile</strong></span> <span class='ocrx_word' id='word_1_302' title='bbox 724 2142 766 2167; x_wconf 86' lang='lat' dir='ltr'><strong>est</strong></span> <span class='ocrx_word' id='word_1_303' title='bbox 777 2146 809 2167; x_wconf 87' lang='lat' dir='ltr'><strong>ea</strong></span> <span class='ocrx_word' id='word_1_304' title='bbox 826 2139 937 2168; x_wconf 86' lang='lat' dir='ltr'><strong>novisse</strong></span> 
     </span>
    </p>
   </div>
   <div class='ocr_carea' id='block_1_49' title="bbox 148 2183 273 2211">
    <p class='ocr_par' dir='ltr' id='par_1_49' title="bbox 148 2183 273 2211">
     <span class='ocr_line' id='line_1_49' title="bbox 148 2183 273 2211; baseline -0.008 0"><span class='ocrx_word' id='word_1_305' title='bbox 148 2183 273 2211; x_wconf 83' lang='lat' dir='ltr'><strong>Paulum.</strong></span> 
     </span>
    </p>
   </div>
   <div class='ocr_carea' id='block_1_50' title="bbox 185 2228 936 2266">
    <p class='ocr_par' dir='ltr' id='par_1_50' title="bbox 185 2228 936 2266">
     <span class='ocr_line' id='line_1_50' title="bbox 185 2228 936 2266; baseline 0.005 -11"><span class='ocrx_word' id='word_1_306' title='bbox 185 2228 312 2256; x_wconf 68' lang='lat' dir='ltr'><strong>Homine:</strong></span> <span class='ocrx_word' id='word_1_307' title='bbox 335 2233 422 2256; x_wconf 85' lang='lat' dir='ltr'><strong>mente</strong></span> <span class='ocrx_word' id='word_1_308' title='bbox 456 2230 585 2263; x_wconf 82' lang='lat' dir='ltr'><strong>corrupti,</strong></span> <span class='ocrx_word' id='word_1_309' title='bbox 614 2229 718 2264; x_wconf 83' lang='lat' dir='ltr'><strong>reprobi</strong></span> <span class='ocrx_word' id='word_1_310' title='bbox 748 2231 819 2258; x_wconf 77' lang='lat' dir='ltr'><strong>circa</strong></span> <span class='ocrx_word' id='word_1_311' title='bbox 847 2232 936 2266; x_wconf 78' lang='lat' dir='ltr'><strong>ﬁdem.</strong></span> 
     </span>
    </p>
   </div>
   <div class='ocr_carea' id='block_1_51' title="bbox 149 2275 939 2311">
    <p class='ocr_par' dir='ltr' id='par_1_51' title="bbox 149 2275 939 2311">
     <span class='ocr_line' id='line_1_51' title="bbox 149 2275 939 2311; baseline 0.004 -9"><span class='ocrx_word' id='word_1_312' title='bbox 149 2275 266 2307; x_wconf 83' lang='lat' dir='ltr'><strong>Quando</strong></span> <span class='ocrx_word' id='word_1_313' title='bbox 283 2280 401 2302; x_wconf 87' lang='lat' dir='ltr'><strong>mentem</strong></span> <span class='ocrx_word' id='word_1_314' title='bbox 421 2275 556 2310; x_wconf 88' lang='lat' dir='ltr'><strong>quispiam</strong></span> <span class='ocrx_word' id='word_1_315' title='bbox 575 2276 827 2311; x_wconf 82' lang='lat' dir='ltr'><strong>perturbationibus</strong></span> <span class='ocrx_word' id='word_1_316' title='bbox 840 2285 939 2305; x_wconf 84' lang='lat' dir='ltr'><strong>corru-</strong></span> 
     </span>
    </p>
   </div>
   <div class='ocr_carea' id='block_1_52' title="bbox 149 2320 937 2356">
    <p class='ocr_par' dir='ltr' id='par_1_52' title="bbox 149 2320 937 2356">
     <span class='ocr_line' id='line_1_52' title="bbox 149 2320 937 2356; baseline 0.004 -9"><span class='ocrx_word' id='word_1_317' title='bbox 149 2320 231 2355; x_wconf 83' lang='lat' dir='ltr'><strong>perit.</strong></span> <span class='ocrx_word' id='word_1_318' title='bbox 263 2324 321 2348; x_wconf 83' lang='lat' dir='ltr'><strong>tum</strong></span> <span class='ocrx_word' id='word_1_319' title='bbox 349 2321 481 2356; x_wconf 85' lang='lat' dir='ltr'><strong>reprobus</strong></span> <span class='ocrx_word' id='word_1_320' title='bbox 507 2320 624 2348; x_wconf 81' lang='lat' dir='ltr'><strong>eﬂicitur</strong></span> <span class='ocrx_word' id='word_1_321' title='bbox 643 2322 715 2350; x_wconf 86' lang='lat' dir='ltr'><strong>circa</strong></span> <span class='ocrx_word' id='word_1_322' title='bbox 745 2321 835 2351; x_wconf 83' lang='lat' dir='ltr'><strong>iidem.</strong></span> <span class='ocrx_word' id='word_1_323' title='bbox 862 2323 937 2350; x_wconf 69' lang='lat' dir='ltr'><strong>Dixit</strong></span> 
     </span>
    </p>
   </div>
   <div class='ocr_carea' id='block_1_53' title="bbox 148 2365 937 2402">
    <p class='ocr_par' dir='ltr' id='par_1_53' title="bbox 148 2365 937 2402">
     <span class='ocr_line' id='line_1_53' title="bbox 148 2365 937 2402; baseline 0.004 -9"><span class='ocrx_word' id='word_1_324' title='bbox 148 2366 217 2394; x_wconf 78' lang='lat' dir='ltr'><strong>enim</strong></span> <span class='ocrx_word' id='word_1_325' title='bbox 232 2366 367 2400; x_wconf 65' lang='lat' dir='ltr'><strong>insipiens,</strong></span> <span class='ocrx_word' id='word_1_326' title='bbox 383 2365 446 2394; x_wconf 81' lang='lat' dir='ltr'><strong>Non</strong></span> <span class='ocrx_word' id='word_1_327' title='bbox 457 2371 494 2394; x_wconf 80' lang='lat' dir='ltr'><strong>ut</strong></span> <span class='ocrx_word' id='word_1_328' title='bbox 507 2366 578 2394; x_wconf 75' lang='lat' dir='ltr'><strong>Deut</strong></span> <span class='ocrx_word' id='word_1_329' title='bbox 588 2367 623 2396; x_wconf 72' lang='grc'><strong>⁸⁸.</strong></span> <span class='ocrx_word' id='word_1_330' title='bbox 640 2367 739 2396; x_wconf 85' lang='lat' dir='ltr'><strong>Unde?</strong></span> <span class='ocrx_word' id='word_1_331' title='bbox 753 2368 822 2402; x_wconf 85' lang='lat' dir='ltr'><strong>Quia</strong></span> <span class='ocrx_word' id='word_1_332' title='bbox 841 2376 937 2396; x_wconf 85' lang='lat' dir='ltr'><strong>corru-</strong></span> 
     </span>
    </p>
   </div>
   <div class='ocr_carea' id='block_1_54' title="bbox 150 2412 934 2450">
    <p class='ocr_par' dir='ltr' id='par_1_54' title="bbox 150 2412 934 2450">
     <span class='ocr_line' id='line_1_54' title="bbox 150 2412 934 2450; baseline 0.005 -12"><span class='ocrx_word' id='word_1_333' title='bbox 150 2412 187 2447; x_wconf 87' lang='lat' dir='ltr'><strong>pti</strong></span> <span class='ocrx_word' id='word_1_334' title='bbox 206 2417 271 2439; x_wconf 86' lang='lat' dir='ltr'><strong>sunt</strong></span> <span class='ocrx_word' id='word_1_335' title='bbox 285 2416 314 2440; x_wconf 84' lang='lat' dir='ltr'><strong>et</strong></span> <span class='ocrx_word' id='word_1_336' title='bbox 326 2412 496 2441; x_wconf 81' lang='lat' dir='ltr'><strong>execrabiles</strong></span> <span class='ocrx_word' id='word_1_337' title='bbox 518 2412 582 2441; x_wconf 78' lang='lat' dir='ltr'><strong>facti</strong></span> <span class='ocrx_word' id='word_1_338' title='bbox 606 2417 670 2441; x_wconf 87' lang='lat' dir='ltr'><strong>sunt</strong></span> <span class='ocrx_word' id='word_1_339' title='bbox 684 2414 713 2442; x_wconf 89' lang='lat' dir='ltr'><strong>in</strong></span> <span class='ocrx_word' id='word_1_340' title='bbox 733 2414 934 2450; x_wconf 83' lang='lat' dir='ltr'><strong>iniquitatibus.</strong></span> 
     </span>
    </p>
   </div>
   <div class='ocr_carea' id='block_1_55' title="bbox 149 2458 934 2496">
    <p class='ocr_par' dir='ltr' id='par_1_55' title="bbox 149 2458 934 2496">
     <span class='ocr_line' id='line_1_55' title="bbox 149 2458 934 2496; baseline 0.003 -10"><span class='ocrx_word' id='word_1_341' title='bbox 149 2458 310 2494; x_wconf 83' lang='lat' dir='ltr'><strong>incorrupta</strong></span> <span class='ocrx_word' id='word_1_342' title='bbox 330 2458 414 2494; x_wconf 76' lang='lat' dir='ltr'><strong>igitur</strong></span> <span class='ocrx_word' id='word_1_343' title='bbox 430 2466 507 2487; x_wconf 87' lang='lat' dir='ltr'><strong>mens</strong></span> <span class='ocrx_word' id='word_1_344' title='bbox 534 2459 613 2488; x_wconf 83' lang='lat' dir='ltr'><strong>[idem</strong></span> <span class='ocrx_word' id='word_1_345' title='bbox 638 2459 766 2488; x_wconf 84' lang='lat' dir='ltr'><strong>admiltit.</strong></span> <span class='ocrx_word' id='word_1_346' title='bbox 802 2461 849 2489; x_wconf 87' lang='lat' dir='ltr'><strong>Est</strong></span> <span class='ocrx_word' id='word_1_347' title='bbox 870 2468 934 2496; x_wconf 76' lang='lat' dir='ltr'><strong>ergo</strong></span> 
     </span>
    </p>
   </div>
   <div class='ocr_carea' id='block_1_56' title="bbox 149 2503 935 2540">
    <p class='ocr_par' dir='ltr' id='par_1_56' title="bbox 149 2503 935 2540">
     <span class='ocr_line' id='line_1_56' title="bbox 149 2503 935 2540; baseline 0.005 -10"><span class='ocrx_word' id='word_1_348' title='bbox 149 2503 275 2531; x_wconf 83' lang='lat' dir='ltr'><strong>navanda</strong></span> <span class='ocrx_word' id='word_1_349' title='bbox 311 2504 391 2532; x_wconf 88' lang='lat' dir='ltr'><strong>nobis</strong></span> <span class='ocrx_word' id='word_1_350' title='bbox 421 2511 524 2540; x_wconf 89' lang='lat' dir='ltr'><strong>opera,</strong></span> <span class='ocrx_word' id='word_1_351' title='bbox 557 2513 590 2533; x_wconf 92' lang='lat' dir='ltr'><strong>ne</strong></span> <span class='ocrx_word' id='word_1_352' title='bbox 622 2507 714 2540; x_wconf 88' lang='lat' dir='ltr'><strong>pravis</strong></span> <span class='ocrx_word' id='word_1_353' title='bbox 743 2505 935 2534; x_wconf 79' lang='lat' dir='ltr'><strong>aﬂ‘ecrionibus</strong></span> 
     </span>
    </p>
   </div>
   <div class='ocr_carea' id='block_1_57' title="bbox 149 2550 935 2586">
    <p class='ocr_par' dir='ltr' id='par_1_57' title="bbox 149 2550 935 2586">
     <span class='ocr_line' id='line_1_57' title="bbox 149 2550 935 2586; baseline 0.005 -10"><span class='ocrx_word' id='word_1_354' title='bbox 149 2557 369 2584; x_wconf 82' lang='lat' dir='ltr'><strong>corrumpamur,</strong></span> <span class='ocrx_word' id='word_1_355' title='bbox 402 2554 429 2578; x_wconf 91' lang='lat' dir='ltr'><strong>et</strong></span> <span class='ocrx_word' id='word_1_356' title='bbox 457 2550 547 2578; x_wconf 86' lang='lat' dir='ltr'><strong>locum</strong></span> <span class='ocrx_word' id='word_1_357' title='bbox 576 2551 646 2586; x_wconf 84' lang='lat' dir='ltr'><strong>apud</strong></span> <span class='ocrx_word' id='word_1_358' title='bbox 665 2559 717 2579; x_wconf 90' lang='lat' dir='ltr'><strong>nos</strong></span> <span class='ocrx_word' id='word_1_359' title='bbox 733 2552 854 2580; x_wconf 86' lang='lat' dir='ltr'><strong>inveniat</strong></span> <span class='ocrx_word' id='word_1_360' title='bbox 875 2552 935 2580; x_wconf 84' lang='lat' dir='ltr'><strong>ﬁdei</strong></span> 
     </span>
    </p>
   </div>
   <div class='ocr_carea' id='block_1_58' title="bbox 150 2595 323 2625">
    <p class='ocr_par' dir='ltr' id='par_1_58' title="bbox 150 2595 323 2625">
     <span class='ocr_line' id='line_1_58' title="bbox 150 2595 323 2625; baseline 0.006 -3"><span class='ocrx_word' id='word_1_361' title='bbox 150 2595 323 2625; x_wconf 85' lang='lat' dir='ltr'><strong>adulteratio.</strong></span> 
     </span>
    </p>
   </div>
   <div class='ocr_carea' id='block_1_59' title="bbox 187 2681 415 2717">
    <p class='ocr_par' dir='ltr' id='par_1_59' title="bbox 187 2681 415 2717">
     <span class='ocr_line' id='line_1_59' title="bbox 187 2681 415 2717; baseline 0.009 -7"><span class='ocrx_word' id='word_1_362' title='bbox 187 2681 210 2698; x_wconf 80' lang='lat'><strong>&quot;</strong></span> <span class='ocrx_word' id='word_1_363' title='bbox 225 2683 297 2711; x_wconf 80' lang='lat' dir='ltr'><strong>Psal.</strong></span> <span class='ocrx_word' id='word_1_364' title='bbox 316 2691 375 2717; x_wconf 71' lang='lat' dir='ltr'><strong>ll“,</strong></span> <span class='ocrx_word' id='word_1_365' title='bbox 389 2684 415 2712; x_wconf 83' lang='grc' dir='ltr'>Ι.</span> 
     </span>
    </p>
   </div>
   <div class='ocr_carea' id='block_1_60' title="bbox 989 201 1786 238">
    <p class='ocr_par' dir='ltr' id='par_1_60' title="bbox 989 201 1786 238">
     <span class='ocr_line' id='line_1_60' title="bbox 989 201 1786 238; baseline 0.008 -10"><span class='ocrx_word' id='word_1_366' title='bbox 989 201 1084 237; x_wconf 68' lang='grc' dir='ltr'>ὥσπερ</span> <span class='ocrx_word' id='word_1_367' title='bbox 1102 204 1150 230; x_wconf 68' lang='grc' dir='ltr'>καὶ</span> <span class='ocrx_word' id='word_1_368' title='bbox 1172 204 1298 238; x_wconf 74' lang='grc' dir='ltr'><strong>ἐπιφέρει</strong></span> <span class='ocrx_word' id='word_1_369' title='bbox 1310 213 1316 220; x_wconf 85' lang='grc'><strong>·</strong></span> <span class='ocrx_word' id='word_1_370' title='bbox 1349 205 1399 232; x_wconf 75' lang='grc' dir='ltr'>Ἐκ</span> <span class='ocrx_word' id='word_1_371' title='bbox 1416 206 1529 232; x_wconf 80' lang='grc' dir='ltr'>τούτων</span> <span class='ocrx_word' id='word_1_372' title='bbox 1546 207 1626 233; x_wconf 66' lang='grc' dir='ltr'>εἰσιν</span> <span class='ocrx_word' id='word_1_373' title='bbox 1641 209 1667 234; x_wconf 79' lang='grc' dir='ltr'>οἱ</span> <span class='ocrx_word' id='word_1_374' title='bbox 1687 208 1786 234; x_wconf 76' lang='grc' dir='ltr'><strong>ἐνδύ-</strong></span> 
     </span>
    </p>
   </div>
   <div class='ocr_carea' id='block_1_61' title="bbox 988 249 1788 286">
    <p class='ocr_par' dir='ltr' id='par_1_61' title="bbox 988 249 1788 286">
     <span class='ocr_line' id='line_1_61' title="bbox 988 249 1788 286; baseline 0.006 -13"><span class='ocrx_word' id='word_1_375' title='bbox 988 255 1091 280; x_wconf 78' lang='grc' dir='ltr'>νοντες</span> <span class='ocrx_word' id='word_1_376' title='bbox 1107 249 1151 281; x_wconf 83' lang='grc' dir='ltr'>εἰς</span> <span class='ocrx_word' id='word_1_377' title='bbox 1168 249 1226 281; x_wconf 78' lang='grc' dir='ltr'>τὰς</span> <span class='ocrx_word' id='word_1_378' title='bbox 1242 249 1348 282; x_wconf 77' lang='grc' dir='ltr'><strong>οἰκίας.</strong></span> <span class='ocrx_word' id='word_1_379' title='bbox 1363 250 1397 276; x_wconf 86' lang='grc' dir='ltr'>Ἢ</span> <span class='ocrx_word' id='word_1_380' title='bbox 1414 250 1456 277; x_wconf 83' lang='grc' dir='ltr'>ὅτι</span> <span class='ocrx_word' id='word_1_381' title='bbox 1479 250 1594 286; x_wconf 80' lang='grc' dir='ltr'><strong>ὑστέρας</strong></span> <span class='ocrx_word' id='word_1_382' title='bbox 1608 251 1712 286; x_wconf 80' lang='grc' dir='ltr'>ἡμέρας</span> <span class='ocrx_word' id='word_1_383' title='bbox 1729 253 1788 284; x_wconf 75' lang='grc' dir='ltr'><strong>τὰς</strong></span> 
     </span>
    </p>
   </div>
   <div class='ocr_carea' id='block_1_62' title="bbox 988 294 1788 331">
    <p class='ocr_par' dir='ltr' id='par_1_62' title="bbox 988 294 1788 331">
     <span class='ocr_line' id='line_1_62' title="bbox 988 294 1788 331; baseline 0.004 -11"><span class='ocrx_word' id='word_1_384' title='bbox 988 294 1069 326; x_wconf 76' lang='grc' dir='ltr'>εὐθὺς</span> <span class='ocrx_word' id='word_1_385' title='bbox 1088 294 1159 328; x_wconf 73' lang='grc' dir='ltr'>μετὰ</span> <span class='ocrx_word' id='word_1_386' title='bbox 1171 295 1219 328; x_wconf 81' lang='grc' dir='ltr'>τὴν</span> <span class='ocrx_word' id='word_1_387' title='bbox 1239 295 1322 322; x_wconf 77' lang='grc' dir='ltr'>αὑτοῦ</span> <span class='ocrx_word' id='word_1_388' title='bbox 1338 295 1466 330; x_wconf 82' lang='grc' dir='ltr'>τελευτὴν</span> <span class='ocrx_word' id='word_1_389' title='bbox 1479 296 1494 322; x_wconf 80' lang='grc' dir='ltr'><strong>ὁ</strong></span> <span class='ocrx_word' id='word_1_390' title='bbox 1518 295 1626 327; x_wconf 78' lang='grc' dir='ltr'>Παῦλος</span> <span class='ocrx_word' id='word_1_391' title='bbox 1647 297 1734 331; x_wconf 79' lang='grc' dir='ltr'>λέγει,</span> <span class='ocrx_word' id='word_1_392' title='bbox 1753 298 1788 323; x_wconf 82' lang='grc' dir='ltr'>ἐν</span> 
     </span>
    </p>
   </div>
   <div class='ocr_carea' id='block_1_63' title="bbox 987 338 1788 378">
    <p class='ocr_par' dir='ltr' id='par_1_63' title="bbox 987 338 1788 378">
     <span class='ocr_line' id='line_1_63' title="bbox 987 338 1788 378; baseline 0.002 -11"><span class='ocrx_word' id='word_1_393' title='bbox 987 338 1032 373; x_wconf 70' lang='grc' dir='ltr'><strong>αἷς</strong></span> <span class='ocrx_word' id='word_1_394' title='bbox 1058 343 1195 377; x_wconf 84' lang='grc' dir='ltr'>περιεῖναι</span> <span class='ocrx_word' id='word_1_395' title='bbox 1214 342 1254 369; x_wconf 79' lang='grc' dir='ltr'>ἔτι</span> <span class='ocrx_word' id='word_1_396' title='bbox 1271 344 1285 369; x_wconf 85' lang='grc' dir='ltr'><em>ὁ</em></span> <span class='ocrx_word' id='word_1_397' title='bbox 1312 343 1442 378; x_wconf 79' lang='grc' dir='ltr'>Τιμόθεος</span> <span class='ocrx_word' id='word_1_398' title='bbox 1473 342 1605 378; x_wconf 78' lang='grc' dir='ltr'>ἔμελλεν·</span> <span class='ocrx_word' id='word_1_399' title='bbox 1635 344 1663 378; x_wconf 75' lang='grc' dir='ltr'><strong>ἢ.</strong></span> <span class='ocrx_word' id='word_1_400' title='bbox 1688 343 1702 370; x_wconf 77' lang='grc' dir='ltr'><strong>ὃ</strong></span> <span class='ocrx_word' id='word_1_401' title='bbox 1731 343 1788 369; x_wconf 72' lang='grc' dir='ltr'>καὶ</span> 
     </span>
    </p>
   </div>
   <div class='ocr_carea' id='block_1_64' title="bbox 987 387 1788 425">
    <p class='ocr_par' dir='ltr' id='par_1_64' title="bbox 987 387 1788 425">
     <span class='ocr_line' id='line_1_64' title="bbox 987 387 1788 425; baseline 0.002 -12"><span class='ocrx_word' id='word_1_402' title='bbox 987 387 1167 423; x_wconf 76' lang='grc' dir='ltr'>ἀληθέστερον</span> <span class='ocrx_word' id='word_1_403' title='bbox 1183 387 1198 414; x_wconf 81' lang='grc' dir='ltr'><strong><em>ὁ</em></strong></span> <span class='ocrx_word' id='word_1_404' title='bbox 1215 388 1302 423; x_wconf 80' lang='grc' dir='ltr'>μέγας</span> <span class='ocrx_word' id='word_1_405' title='bbox 1319 388 1446 424; x_wconf 78' lang='grc' dir='ltr'><strong>Ἰωάννης</strong></span> <span class='ocrx_word' id='word_1_406' title='bbox 1464 389 1612 425; x_wconf 82' lang='grc' dir='ltr'>ὲπικρίνει,</span> <span class='ocrx_word' id='word_1_407' title='bbox 1629 389 1674 415; x_wconf 82' lang='grc' dir='ltr'>διὰ</span> <span class='ocrx_word' id='word_1_408' title='bbox 1689 389 1788 423; x_wconf 85' lang='grc' dir='ltr'>Τιμο-</span> 
     </span>
    </p>
   </div>
   <div class='ocr_carea' id='block_1_65' title="bbox 988 433 1718 470">
    <p class='ocr_par' dir='ltr' id='par_1_65' title="bbox 988 433 1718 470">
     <span class='ocr_line' id='line_1_65' title="bbox 988 433 1718 470; baseline 0.004 -10"><span class='ocrx_word' id='word_1_409' title='bbox 988 433 1050 460; x_wconf 82' lang='grc' dir='ltr'>θέου</span> <span class='ocrx_word' id='word_1_410' title='bbox 1066 435 1134 460; x_wconf 77' lang='grc' dir='ltr'>πᾶσι</span> <span class='ocrx_word' id='word_1_411' title='bbox 1149 436 1279 470; x_wconf 80' lang='grc' dir='ltr'>παραινεῖ</span> <span class='ocrx_word' id='word_1_412' title='bbox 1294 435 1475 470; x_wconf 71' lang='grc' dir='ltr'><strong>ἐκτρέπεσθαι</strong></span> <span class='ocrx_word' id='word_1_413' title='bbox 1490 437 1554 467; x_wconf 83' lang='grc' dir='ltr'>τοὺς</span> <span class='ocrx_word' id='word_1_414' title='bbox 1569 437 1718 468; x_wconf 82' lang='grc' dir='ltr'>τοιούτους.</span> 
     </span>
    </p>
   </div>
   <div class='ocr_carea' id='block_1_66' title="bbox 1030 480 1788 516">
    <p class='ocr_par' dir='ltr' id='par_1_66' title="bbox 1030 480 1788 516">
     <span class='ocr_line' id='line_1_66' title="bbox 1030 480 1788 516; baseline 0.004 -9"><span class='ocrx_word' id='word_1_415' title='bbox 1030 480 1081 507; x_wconf 79' lang='grc' dir='ltr'>Ἐκ</span> <span class='ocrx_word' id='word_1_416' title='bbox 1092 481 1208 508; x_wconf 79' lang='grc' dir='ltr'>τούτων</span> <span class='ocrx_word' id='word_1_417' title='bbox 1223 481 1278 516; x_wconf 73' lang='grc' dir='ltr'>γάρ</span> <span class='ocrx_word' id='word_1_418' title='bbox 1289 482 1368 508; x_wconf 85' lang='grc' dir='ltr'>είσιν</span> <span class='ocrx_word' id='word_1_419' title='bbox 1381 483 1412 509; x_wconf 74' lang='grc' dir='ltr'>οἱ</span> <span class='ocrx_word' id='word_1_420' title='bbox 1418 481 1598 516; x_wconf 77' lang='grc' dir='ltr'>ἑνδύνοντες</span> <span class='ocrx_word' id='word_1_421' title='bbox 1615 484 1658 516; x_wconf 83' lang='grc' dir='ltr'>εις</span> <span class='ocrx_word' id='word_1_422' title='bbox 1670 483 1723 515; x_wconf 78' lang='grc' dir='ltr'>τὰς</span> <span class='ocrx_word' id='word_1_423' title='bbox 1745 483 1788 509; x_wconf 86' lang='grc' dir='ltr'>οι-</span> 
     </span>
    </p>
   </div>
   <div class='ocr_carea' id='block_1_67' title="bbox 988 526 1786 562">
    <p class='ocr_par' dir='ltr' id='par_1_67' title="bbox 988 526 1786 562">
     <span class='ocr_line' id='line_1_67' title="bbox 988 526 1786 562; baseline 0.004 -10"><span class='ocrx_word' id='word_1_424' title='bbox 988 526 1067 559; x_wconf 80' lang='grc' dir='ltr'>κίας.</span> <span class='ocrx_word' id='word_1_425' title='bbox 1091 527 1128 553; x_wconf 71' lang='grc' dir='ltr'><strong>Τὸ</strong></span> <span class='ocrx_word' id='word_1_426' title='bbox 1152 527 1328 562; x_wconf 77' lang='grc' dir='ltr'><strong>ἀναίσχυντον</strong></span> <span class='ocrx_word' id='word_1_427' title='bbox 1345 528 1434 554; x_wconf 84' lang='grc' dir='ltr'>αὐτῶν</span> <span class='ocrx_word' id='word_1_428' title='bbox 1453 527 1498 555; x_wconf 81' lang='grc' dir='ltr'>διὰ</span> <span class='ocrx_word' id='word_1_429' title='bbox 1511 528 1569 559; x_wconf 80' lang='grc' dir='ltr'>τοῦ,</span> <span class='ocrx_word' id='word_1_430' title='bbox 1583 528 1786 560; x_wconf 82' lang='grc' dir='ltr'>ἐνδυνόντες,</span> 
     </span>
    </p>
   </div>
   <div class='ocr_carea' id='block_1_68' title="bbox 987 571 1787 607">
    <p class='ocr_par' dir='ltr' id='par_1_68' title="bbox 987 571 1787 607">
     <span class='ocr_line' id='line_1_68' title="bbox 987 571 1787 607; baseline 0.001 -9"><span class='ocrx_word' id='word_1_431' title='bbox 987 572 1081 606; x_wconf 77' lang='grc' dir='ltr'>δηλοῖ,</span> <span class='ocrx_word' id='word_1_432' title='bbox 1105 571 1151 598; x_wconf 82' lang='grc' dir='ltr'>καὶ</span> <span class='ocrx_word' id='word_1_433' title='bbox 1176 572 1206 598; x_wconf 69' lang='grc' dir='ltr'><strong>τὸ</strong></span> <span class='ocrx_word' id='word_1_434' title='bbox 1237 572 1430 607; x_wconf 73' lang='grc' dir='ltr'>ἀνελεύθερον,</span> <span class='ocrx_word' id='word_1_435' title='bbox 1465 573 1513 600; x_wconf 83' lang='grc' dir='ltr'>καὶ</span> <span class='ocrx_word' id='word_1_436' title='bbox 1539 573 1704 606; x_wconf 75' lang='grc' dir='ltr'>κολακικὸν,</span> <span class='ocrx_word' id='word_1_437' title='bbox 1732 574 1787 600; x_wconf 78' lang='grc' dir='ltr'>καὶ</span> 
     </span>
    </p>
   </div>
   <div class='ocr_carea' id='block_1_69' title="bbox 988 617 1213 653">
    <p class='ocr_par' dir='ltr' id='par_1_69' title="bbox 988 617 1213 653">
     <span class='ocr_line' id='line_1_69' title="bbox 988 617 1213 653; baseline 0.004 -10"><span class='ocrx_word' id='word_1_438' title='bbox 988 617 1096 653; x_wconf 75' lang='grc' dir='ltr'>ἀπάτης</span> <span class='ocrx_word' id='word_1_439' title='bbox 1115 617 1213 653; x_wconf 77' lang='grc' dir='ltr'>γέμον.</span> 
     </span>
    </p>
   </div>
   <div class='ocr_carea' id='block_1_70' title="bbox 1024 672 1784 709">
    <p class='ocr_par' dir='ltr' id='par_1_70' title="bbox 1024 672 1784 709">
     <span class='ocr_line' id='line_1_70' title="bbox 1024 672 1784 709; baseline 0 -8"><span class='ocrx_word' id='word_1_440' title='bbox 1024 674 1079 702; x_wconf 73' lang='grc' dir='ltr'><strong>Καὶ</strong></span> <span class='ocrx_word' id='word_1_441' title='bbox 1106 673 1372 709; x_wconf 68' lang='grc' dir='ltr'>οιχμιιλωτίζοντες</span> <span class='ocrx_word' id='word_1_442' title='bbox 1395 674 1581 709; x_wconf 76' lang='grc' dir='ltr'><strong>γυναικάρια.</strong></span> <span class='ocrx_word' id='word_1_443' title='bbox 1600 675 1658 702; x_wconf 82' lang='grc' dir='ltr'>Οὐκ</span> <span class='ocrx_word' id='word_1_444' title='bbox 1683 672 1784 708; x_wconf 77' lang='grc' dir='ltr'>εἶπεν,</span> 
     </span>
    </p>
   </div>
   <div class='ocr_carea' id='block_1_71' title="bbox 988 718 1786 753">
    <p class='ocr_par' dir='ltr' id='par_1_71' title="bbox 988 718 1786 753">
     <span class='ocr_line' id='line_1_71' title="bbox 988 718 1786 753; baseline 0 -8"><span class='ocrx_word' id='word_1_445' title='bbox 988 718 1168 751; x_wconf 76' lang='grc' dir='ltr'><strong>ἀπατῶντες,</strong></span> <span class='ocrx_word' id='word_1_446' title='bbox 1198 719 1269 751; x_wconf 82' lang='grc' dir='ltr'>ἀλλ’,</span> <span class='ocrx_word' id='word_1_447' title='bbox 1295 718 1580 753; x_wconf 65' lang='grc' dir='ltr'>αἰχμαλωτίζοντες,</span> <span class='ocrx_word' id='word_1_448' title='bbox 1607 719 1647 751; x_wconf 84' lang='grc' dir='ltr'>ὡς</span> <span class='ocrx_word' id='word_1_449' title='bbox 1671 720 1786 752; x_wconf 80' lang='grc' dir='ltr'>δούλοις</span> 
     </span>
    </p>
   </div>
   <div class='ocr_carea' id='block_1_72' title="bbox 988 763 1786 800">
    <p class='ocr_par' dir='ltr' id='par_1_72' title="bbox 988 763 1786 800">
     <span class='ocr_line' id='line_1_72' title="bbox 988 763 1786 800; baseline -0.001 -10"><span class='ocrx_word' id='word_1_450' title='bbox 988 763 1140 800; x_wconf 81' lang='grc' dir='ltr'>χρώμενοι·</span> <span class='ocrx_word' id='word_1_451' title='bbox 1156 763 1277 794; x_wconf 81' lang='grc' dir='ltr'>τοιοῦτος</span> <span class='ocrx_word' id='word_1_452' title='bbox 1295 763 1349 798; x_wconf 87' lang='grc' dir='ltr'><strong>γὰρ</strong></span> <span class='ocrx_word' id='word_1_453' title='bbox 1369 763 1383 789; x_wconf 78' lang='grc' dir='ltr'><strong>ό</strong></span> <span class='ocrx_word' id='word_1_454' title='bbox 1397 763 1588 797; x_wconf 71' lang='grc' dir='ltr'>ἀπατώμενος.</span> <span class='ocrx_word' id='word_1_455' title='bbox 1602 763 1674 798; x_wconf 85' lang='grc' dir='ltr'><strong>Ὅρα</strong></span> <span class='ocrx_word' id='word_1_456' title='bbox 1688 763 1719 790; x_wconf 80' lang='grc' dir='ltr'><strong>δὲ</strong></span> <span class='ocrx_word' id='word_1_457' title='bbox 1738 764 1786 790; x_wconf 64' lang='grc' dir='ltr'>ὅτι</span> 
     </span>
    </p>
   </div>
   <div class='ocr_carea' id='block_1_73' title="bbox 987 809 1784 846">
    <p class='ocr_par' dir='ltr' id='par_1_73' title="bbox 987 809 1784 846">
     <span class='ocr_line' id='line_1_73' title="bbox 987 809 1784 846; baseline -0.001 -9"><span class='ocrx_word' id='word_1_458' title='bbox 987 810 1126 844; x_wconf 87' lang='grc' dir='ltr'>γυναικῶν</span> <span class='ocrx_word' id='word_1_459' title='bbox 1152 810 1183 837; x_wconf 84' lang='grc' dir='ltr'>τὸ</span> <span class='ocrx_word' id='word_1_460' title='bbox 1211 810 1380 842; x_wconf 77' lang='grc' dir='ltr'><strong>ἀπατᾶσθαι,</strong></span> <span class='ocrx_word' id='word_1_461' title='bbox 1409 809 1510 845; x_wconf 80' lang='grc' dir='ltr'>μᾶλλον</span> <span class='ocrx_word' id='word_1_462' title='bbox 1530 810 1558 836; x_wconf 70' lang='grc' dir='ltr'><strong>δὲ</strong></span> <span class='ocrx_word' id='word_1_463' title='bbox 1577 810 1784 846; x_wconf 86' lang='grc' dir='ltr'>γυναικαρίων.</span> 
     </span>
    </p>
   </div>
   <div class='ocr_carea' id='block_1_74' title="bbox 989 855 1781 891">
    <p class='ocr_par' dir='ltr' id='par_1_74' title="bbox 989 855 1781 891">
     <span class='ocr_line' id='line_1_74' title="bbox 989 855 1781 891; baseline 0 -9"><span class='ocrx_word' id='word_1_464' title='bbox 989 856 1070 882; x_wconf 83' lang='grc' dir='ltr'><strong>Ὥστε</strong></span> <span class='ocrx_word' id='word_1_465' title='bbox 1100 856 1146 883; x_wconf 87' lang='grc' dir='ltr'>καὶ</span> <span class='ocrx_word' id='word_1_466' title='bbox 1164 856 1179 882; x_wconf 82' lang='grc' dir='ltr'><strong>ὁ</strong></span> <span class='ocrx_word' id='word_1_467' title='bbox 1206 855 1275 891; x_wconf 82' lang='grc' dir='ltr'>ἀνὴρ</span> <span class='ocrx_word' id='word_1_468' title='bbox 1295 855 1475 890; x_wconf 74' lang='grc' dir='ltr'><strong>ἀπατώμενος</strong></span> <span class='ocrx_word' id='word_1_469' title='bbox 1511 855 1688 891; x_wconf 72' lang='grc' dir='ltr'>γυναικάριον</span> <span class='ocrx_word' id='word_1_470' title='bbox 1727 855 1781 882; x_wconf 84' lang='grc' dir='ltr'>λε-</span> 
     </span>
    </p>
   </div>
   <div class='ocr_carea' id='block_1_75' title="bbox 988 900 1801 936">
    <p class='ocr_par' dir='ltr' id='par_1_75' title="bbox 988 900 1801 936">
     <span class='ocr_line' id='line_1_75' title="bbox 988 900 1801 936; baseline 0.011 -9"><span class='ocrx_word' id='word_1_471' title='bbox 988 900 1078 936; x_wconf 77' lang='grc' dir='ltr'>χθείη.</span> <span class='ocrx_word' id='word_1_472' title='bbox 1795 900 1801 936; x_wconf 81' lang='lat' dir='ltr'><strong>i</strong></span> 
     </span>
    </p>
   </div>
   <div class='ocr_carea' id='block_1_76' title="bbox 1024 913 1800 981">
    <p class='ocr_par' dir='ltr' id='par_1_76' title="bbox 1024 913 1800 981">
     <span class='ocr_line' id='line_1_76' title="bbox 1024 913 1078 928; baseline 0.019 -1"><span class='ocrx_word' id='word_1_473' title='bbox 1024 913 1047 927; x_wconf 78' lang='grc' dir='ltr'><strong>ει</strong></span> <span class='ocrx_word' id='word_1_474' title='bbox 1071 921 1078 928; x_wconf 92' lang='grc'><strong>.</strong></span> 
     </span>
     <span class='ocr_line' id='line_1_77' title="bbox 1024 913 1800 981; baseline -0.001 -8"><span class='ocrx_word' id='word_1_475' title='bbox 1024 913 1237 981; x_wconf 60' lang='grc' dir='ltr'>Σέσωρευμένα</span> <span class='ocrx_word' id='word_1_476' title='bbox 1253 946 1420 981; x_wconf 77' lang='grc' dir='ltr'>ἁμαρτίαις.</span> <span class='ocrx_word' id='word_1_477' title='bbox 1444 946 1481 972; x_wconf 76' lang='grc' dir='ltr'>Τὸ</span> <span class='ocrx_word' id='word_1_478' title='bbox 1496 945 1598 981; x_wconf 79' lang='grc' dir='ltr'>πλῆθος</span> <span class='ocrx_word' id='word_1_479' title='bbox 1614 945 1668 972; x_wconf 81' lang='grc' dir='ltr'>τῶν</span> <span class='ocrx_word' id='word_1_480' title='bbox 1685 913 1800 981; x_wconf 61' lang='grc' dir='ltr'>ἁμαρ-⁸</span> 
     </span>
    </p>
   </div>
   <div class='ocr_carea' id='block_1_77' title="bbox 988 991 1786 1028">
    <p class='ocr_par' dir='ltr' id='par_1_77' title="bbox 988 991 1786 1028">
     <span class='ocr_line' id='line_1_78' title="bbox 988 991 1786 1028; baseline -0.001 -9"><span class='ocrx_word' id='word_1_481' title='bbox 988 992 1054 1020; x_wconf 85' lang='grc' dir='ltr'>τιῶν</span> <span class='ocrx_word' id='word_1_482' title='bbox 1068 993 1154 1028; x_wconf 77' lang='grc' dir='ltr'>δηλοῖ,</span> <span class='ocrx_word' id='word_1_483' title='bbox 1170 993 1260 1020; x_wconf 81' lang='grc' dir='ltr'>καὶτὸ</span> <span class='ocrx_word' id='word_1_484' title='bbox 1275 993 1391 1020; x_wconf 76' lang='grc' dir='ltr'>ἄτακτον</span> <span class='ocrx_word' id='word_1_485' title='bbox 1403 992 1451 1018; x_wconf 78' lang='grc' dir='ltr'>καὶ</span> <span class='ocrx_word' id='word_1_486' title='bbox 1478 991 1693 1027; x_wconf 74' lang='grc' dir='ltr'>συγκεχυμένον.</span> <span class='ocrx_word' id='word_1_487' title='bbox 1722 992 1786 1026; x_wconf 82' lang='grc' dir='ltr'><strong>Οὐχ</strong></span> 
     </span>
    </p>
   </div>
   <div class='ocr_carea' id='block_1_78' title="bbox 988 1036 1785 1074">
    <p class='ocr_par' dir='ltr' id='par_1_78' title="bbox 988 1036 1785 1074">
     <span class='ocr_line' id='line_1_79' title="bbox 988 1036 1785 1074; baseline -0.004 -8"><span class='ocrx_word' id='word_1_488' title='bbox 988 1039 1083 1071; x_wconf 78' lang='grc' dir='ltr'>ἁπλῶς</span> <span class='ocrx_word' id='word_1_489' title='bbox 1103 1038 1157 1074; x_wconf 79' lang='grc' dir='ltr'><strong>γὰρ</strong></span> <span class='ocrx_word' id='word_1_490' title='bbox 1173 1039 1305 1073; x_wconf 80' lang='grc' dir='ltr'>γυναῖκας</span> <span class='ocrx_word' id='word_1_491' title='bbox 1323 1038 1463 1065; x_wconf 83' lang='grc' dir='ltr'>ἀπατῶσιν</span> <span class='ocrx_word' id='word_1_492' title='bbox 1479 1037 1520 1072; x_wconf 81' lang='grc' dir='ltr'><strong>(οὐ</strong></span> <span class='ocrx_word' id='word_1_493' title='bbox 1536 1038 1590 1072; x_wconf 84' lang='grc' dir='ltr'><strong>γὰρ</strong></span> <span class='ocrx_word' id='word_1_494' title='bbox 1602 1038 1653 1069; x_wconf 82' lang='grc' dir='ltr'>τῆς</span> <span class='ocrx_word' id='word_1_495' title='bbox 1668 1036 1785 1071; x_wconf 76' lang='grc' dir='ltr'>φύσεως</span> 
     </span>
    </p>
   </div>
   <div class='ocr_carea' id='block_1_79' title="bbox 989 1082 1785 1120">
    <p class='ocr_par' dir='ltr' id='par_1_79' title="bbox 989 1082 1785 1120">
     <span class='ocr_line' id='line_1_80' title="bbox 989 1082 1785 1120; baseline -0.005 -7"><span class='ocrx_word' id='word_1_496' title='bbox 989 1085 1214 1120; x_wconf 82' lang='grc' dir='ltr'><strong>κατηγορητέον),</strong></span> <span class='ocrx_word' id='word_1_497' title='bbox 1232 1084 1300 1111; x_wconf 86' lang='grc' dir='ltr'>ἀλλὰ</span> <span class='ocrx_word' id='word_1_498' title='bbox 1313 1084 1362 1115; x_wconf 73' lang='grc' dir='ltr'><strong>τὰς</strong></span> <span class='ocrx_word' id='word_1_499' title='bbox 1377 1083 1492 1118; x_wconf 50' lang='grc' dir='ltr'>ἐχούσας</span> <span class='ocrx_word' id='word_1_500' title='bbox 1510 1083 1597 1118; x_wconf 71' lang='grc' dir='ltr'>σωρὸν</span> <span class='ocrx_word' id='word_1_501' title='bbox 1611 1082 1785 1118; x_wconf 71' lang='grc' dir='ltr'>ἁμαρτημά-</span> 
     </span>
    </p>
   </div>
   <div class='ocr_carea' id='block_1_80' title="bbox 989 1127 1785 1166">
    <p class='ocr_par' dir='ltr' id='par_1_80' title="bbox 989 1127 1785 1166">
     <span class='ocr_line' id='line_1_81' title="bbox 989 1127 1785 1166; baseline -0.006 -8"><span class='ocrx_word' id='word_1_502' title='bbox 989 1139 1054 1158; x_wconf 85' lang='grc' dir='ltr'>των.</span> <span class='ocrx_word' id='word_1_503' title='bbox 1074 1130 1104 1158; x_wconf 86' lang='grc' dir='ltr'><strong>Ὀ</strong></span> <span class='ocrx_word' id='word_1_504' title='bbox 1129 1130 1185 1166; x_wconf 76' lang='grc' dir='ltr'>γὰρ</span> <span class='ocrx_word' id='word_1_505' title='bbox 1211 1130 1294 1165; x_wconf 81' lang='grc' dir='ltr'>μηδὲν</span> <span class='ocrx_word' id='word_1_506' title='bbox 1321 1129 1409 1164; x_wconf 75' lang='grc' dir='ltr'>ἑαυτῷ</span> <span class='ocrx_word' id='word_1_507' title='bbox 1426 1128 1554 1160; x_wconf 84' lang='grc' dir='ltr'>συνειδὼς</span> <span class='ocrx_word' id='word_1_508' title='bbox 1577 1127 1692 1161; x_wconf 77' lang='grc' dir='ltr'>ἀγαθὸν,</span> <span class='ocrx_word' id='word_1_509' title='bbox 1721 1129 1785 1159; x_wconf 77' lang='grc' dir='ltr'>τοῖς</span> 
     </span>
    </p>
   </div>
   <div class='ocr_carea' id='block_1_81' title="bbox 990 1173 1785 1210">
    <p class='ocr_par' dir='ltr' id='par_1_81' title="bbox 990 1173 1785 1210">
     <span class='ocr_line' id='line_1_82' title="bbox 990 1173 1785 1210; baseline -0.005 -7"><span class='ocrx_word' id='word_1_510' title='bbox 990 1177 1118 1210; x_wconf 82' lang='grc' dir='ltr'><strong>πονηροῖς</strong></span> <span class='ocrx_word' id='word_1_511' title='bbox 1135 1175 1331 1210; x_wconf 76' lang='grc' dir='ltr'>ὁογματισεαΐς</span> <span class='ocrx_word' id='word_1_512' title='bbox 1363 1174 1466 1210; x_wconf 81' lang='grc' dir='ltr'>ταχέως</span> <span class='ocrx_word' id='word_1_513' title='bbox 1476 1175 1499 1190; x_wconf 81' lang='grc'>³⁰</span> <span class='ocrx_word' id='word_1_514' title='bbox 1520 1174 1655 1206; x_wconf 79' lang='grc' dir='ltr'>πείθεται,</span> <span class='ocrx_word' id='word_1_515' title='bbox 1680 1173 1785 1200; x_wconf 75' lang='grc' dir='ltr'>ἐαυτδν</span> 
     </span>
    </p>
   </div>
   <div class='ocr_carea' id='block_1_82' title="bbox 989 1217 1784 1256">
    <p class='ocr_par' dir='ltr' id='par_1_82' title="bbox 989 1217 1784 1256">
     <span class='ocr_line' id='line_1_83' title="bbox 989 1217 1784 1256; baseline -0.006 -8"><span class='ocrx_word' id='word_1_516' title='bbox 989 1219 1257 1256; x_wconf 85' lang='grc' dir='ltr'>παραμυθούμενος,</span> <span class='ocrx_word' id='word_1_517' title='bbox 1286 1219 1324 1250; x_wconf 82' lang='grc' dir='ltr'>ὡς</span> <span class='ocrx_word' id='word_1_518' title='bbox 1356 1219 1394 1255; x_wconf 77' lang='grc' dir='ltr'>μὴ</span> <span class='ocrx_word' id='word_1_519' title='bbox 1419 1219 1498 1253; x_wconf 87' lang='grc' dir='ltr'>δίκην</span> <span class='ocrx_word' id='word_1_520' title='bbox 1527 1217 1621 1245; x_wconf 79' lang='grc' dir='ltr'>δώσων</span> <span class='ocrx_word' id='word_1_521' title='bbox 1650 1217 1697 1244; x_wconf 66' lang='grc' dir='ltr'><strong>ἐπὶ</strong></span> <span class='ocrx_word' id='word_1_522' title='bbox 1722 1219 1784 1248; x_wconf 84' lang='grc' dir='ltr'>τοῖς</span> 
     </span>
    </p>
   </div>
   <div class='ocr_carea' id='block_1_83' title="bbox 990 1265 1091 1300">
    <p class='ocr_par' dir='ltr' id='par_1_83' title="bbox 990 1265 1091 1300">
     <span class='ocr_line' id='line_1_84' title="bbox 990 1265 1091 1300; baseline 0 -9"><span class='ocrx_word' id='word_1_523' title='bbox 990 1265 1091 1300; x_wconf 80' lang='grc' dir='ltr'><strong>ἔργοις.</strong></span> 
     </span>
    </p>
   </div>
   <div class='ocr_carea' id='block_1_84' title="bbox 1032 1315 1784 1353">
    <p class='ocr_par' dir='ltr' id='par_1_84' title="bbox 1032 1315 1784 1353">
     <span class='ocr_line' id='line_1_85' title="bbox 1032 1315 1784 1353; baseline -0.008 -7"><span class='ocrx_word' id='word_1_524' title='bbox 1032 1319 1177 1353; x_wconf 74' lang='grc' dir='ltr'>Ἀγόμενα</span> <span class='ocrx_word' id='word_1_525' title='bbox 1193 1316 1362 1351; x_wconf 77' lang='grc' dir='ltr'>ἐπιθυμίαις</span> <span class='ocrx_word' id='word_1_526' title='bbox 1380 1317 1540 1349; x_wconf 75' lang='grc' dir='ltr'>ποικίλαις.</span> <span class='ocrx_word' id='word_1_527' title='bbox 1556 1315 1695 1348; x_wconf 84' lang='grc' dir='ltr'>Τουτέστι,</span> <span class='ocrx_word' id='word_1_528' title='bbox 1708 1324 1784 1350; x_wconf 81' lang='grc' dir='ltr'>χρη-</span> 
     </span>
    </p>
   </div>
   <div class='ocr_carea' id='block_1_85' title="bbox 992 1361 1784 1399">
    <p class='ocr_par' dir='ltr' id='par_1_85' title="bbox 992 1361 1784 1399">
     <span class='ocr_line' id='line_1_86' title="bbox 992 1361 1784 1399; baseline -0.005 -8"><span class='ocrx_word' id='word_1_529' title='bbox 992 1364 1096 1399; x_wconf 80' lang='grc' dir='ltr'>μάτων,</span> <span class='ocrx_word' id='word_1_530' title='bbox 1115 1363 1204 1399; x_wconf 78' lang='grc' dir='ltr'>δόξης,</span> <span class='ocrx_word' id='word_1_531' title='bbox 1216 1362 1334 1397; x_wconf 82' lang='grc' dir='ltr'>τρυφῆς,</span> <span class='ocrx_word' id='word_1_532' title='bbox 1353 1362 1547 1397; x_wconf 76' lang='grc' dir='ltr'>καλλωπισμοῦ</span> <span class='ocrx_word' id='word_1_533' title='bbox 1562 1370 1569 1377; x_wconf 92' lang='grc'><strong>·</strong></span> <span class='ocrx_word' id='word_1_534' title='bbox 1585 1361 1737 1388; x_wconf 82' lang='grc' dir='ltr'>αἰνίττεται</span> <span class='ocrx_word' id='word_1_535' title='bbox 1753 1361 1784 1387; x_wconf 79' lang='grc' dir='ltr'><strong>δὲ</strong></span> 
     </span>
    </p>
   </div>
   <div class='ocr_carea' id='block_1_86' title="bbox 991 1404 1782 1441">
    <p class='ocr_par' dir='ltr' id='par_1_86' title="bbox 991 1404 1782 1441">
     <span class='ocr_line' id='line_1_87' title="bbox 991 1404 1782 1441; baseline -0.003 -7"><span class='ocrx_word' id='word_1_536' title='bbox 991 1407 1039 1434; x_wconf 74' lang='grc' dir='ltr'>καὶ</span> <span class='ocrx_word' id='word_1_537' title='bbox 1058 1407 1174 1441; x_wconf 71' lang='grc' dir='ltr'>αἰσχρὰς</span> <span class='ocrx_word' id='word_1_538' title='bbox 1189 1406 1345 1440; x_wconf 73' lang='grc' dir='ltr'><strong>ἐπιθυμίας.</strong></span> <span class='ocrx_word' id='word_1_539' title='bbox 1366 1406 1437 1441; x_wconf 86' lang='grc' dir='ltr'>Ὅρα</span> <span class='ocrx_word' id='word_1_540' title='bbox 1459 1406 1486 1432; x_wconf 80' lang='grc' dir='ltr'><strong>δὲ</strong></span> <span class='ocrx_word' id='word_1_541' title='bbox 1515 1407 1562 1432; x_wconf 78' lang='grc' dir='ltr'>καὶ</span> <span class='ocrx_word' id='word_1_542' title='bbox 1573 1405 1612 1438; x_wconf 78' lang='grc' dir='ltr'><strong>τὸ,</strong></span> <span class='ocrx_word' id='word_1_543' title='bbox 1633 1404 1782 1440; x_wconf 74' lang='grc' dir='ltr'>ἀγόμενα,</span> 
     </span>
    </p>
   </div>
   <div class='ocr_carea' id='block_1_87' title="bbox 991 1451 1228 1484">
    <p class='ocr_par' dir='ltr' id='par_1_87' title="bbox 991 1451 1228 1484">
     <span class='ocr_line' id='line_1_88' title="bbox 991 1451 1228 1484; baseline 0 -6"><span class='ocrx_word' id='word_1_544' title='bbox 991 1452 1028 1483; x_wconf 84' lang='grc' dir='ltr'>ὡς</span> <span class='ocrx_word' id='word_1_545' title='bbox 1048 1451 1095 1477; x_wconf 80' lang='grc' dir='ltr'><strong>ἐπὶ</strong></span> <span class='ocrx_word' id='word_1_546' title='bbox 1112 1451 1228 1484; x_wconf 83' lang='grc' dir='ltr'><strong>ἀλόγων.</strong></span> 
     </span>
    </p>
   </div>
   <div class='ocr_carea' id='block_1_88' title="bbox 1024 1543 1781 1578">
    <p class='ocr_par' dir='ltr' id='par_1_88' title="bbox 1024 1543 1781 1578">
     <span class='ocr_line' id='line_1_89' title="bbox 1024 1543 1781 1578; baseline 0 -8"><span class='ocrx_word' id='word_1_547' title='bbox 1024 1543 1153 1571; x_wconf 73' lang='grc' dir='ltr'>Πάντοτε</span> <span class='ocrx_word' id='word_1_548' title='bbox 1169 1543 1382 1578; x_wconf 80' lang='grc' dir='ltr'>μανθάνοντα,</span> <span class='ocrx_word' id='word_1_549' title='bbox 1403 1543 1451 1570; x_wconf 81' lang='grc' dir='ltr'>καὶ</span> <span class='ocrx_word' id='word_1_550' title='bbox 1470 1543 1621 1577; x_wconf 77' lang='grc' dir='ltr'>μηδέποτε</span> <span class='ocrx_word' id='word_1_551' title='bbox 1645 1544 1689 1576; x_wconf 83' lang='grc' dir='ltr'>εις</span> <span class='ocrx_word' id='word_1_552' title='bbox 1714 1543 1781 1570; x_wconf 79' lang='grc' dir='ltr'>ἐπί-</span> 
     </span>
    </p>
   </div>
   <div class='ocr_carea' id='block_1_89' title="bbox 989 1587 1781 1625">
    <p class='ocr_par' dir='ltr' id='par_1_89' title="bbox 989 1587 1781 1625">
     <span class='ocr_line' id='line_1_90' title="bbox 989 1587 1781 1625; baseline -0.003 -8"><span class='ocrx_word' id='word_1_553' title='bbox 989 1597 1104 1625; x_wconf 83' lang='grc' dir='ltr'>γνωσιν</span> <span class='ocrx_word' id='word_1_554' title='bbox 1132 1591 1276 1623; x_wconf 75' lang='grc' dir='ltr'>ἀληθείας</span> <span class='ocrx_word' id='word_1_555' title='bbox 1303 1589 1404 1617; x_wconf 79' lang='grc' dir='ltr'><strong>ἐλθεῖν</strong></span> <span class='ocrx_word' id='word_1_556' title='bbox 1437 1589 1599 1624; x_wconf 76' lang='grc' dir='ltr'>δυνάμενα.</span> <span class='ocrx_word' id='word_1_557' title='bbox 1628 1587 1703 1623; x_wconf 78' lang='grc' dir='ltr'><strong>Ἀρα</strong></span> <span class='ocrx_word' id='word_1_558' title='bbox 1733 1587 1781 1616; x_wconf 69' lang='grc' dir='ltr'>οὖν</span> 
     </span>
    </p>
   </div>
   <div class='ocr_carea' id='block_1_90' title="bbox 990 1634 1781 1671">
    <p class='ocr_par' dir='ltr' id='par_1_90' title="bbox 990 1634 1781 1671">
     <span class='ocr_line' id='line_1_91' title="bbox 990 1634 1781 1671; baseline -0.001 -9"><span class='ocrx_word' id='word_1_559' title='bbox 990 1635 1154 1671; x_wconf 82' lang='grc' dir='ltr'>συγγνώμης</span> <span class='ocrx_word' id='word_1_560' title='bbox 1171 1636 1240 1662; x_wconf 68' lang='grc' dir='ltr'>εἰσὶν</span> <span class='ocrx_word' id='word_1_561' title='bbox 1254 1636 1345 1669; x_wconf 76' lang='grc' dir='ltr'>ἄξιαις</span> <span class='ocrx_word' id='word_1_562' title='bbox 1365 1634 1509 1670; x_wconf 73' lang='grc' dir='ltr'>Οὐδαμῶς,</span> <span class='ocrx_word' id='word_1_563' title='bbox 1529 1634 1595 1661; x_wconf 70' lang='grc' dir='ltr'>ἀλλὰ</span> <span class='ocrx_word' id='word_1_564' title='bbox 1613 1635 1658 1661; x_wconf 77' lang='grc' dir='ltr'>καὶ</span> <span class='ocrx_word' id='word_1_565' title='bbox 1676 1635 1781 1669; x_wconf 63' lang='grc' dir='ltr'>μᾶλλον</span> 
     </span>
    </p>
   </div>
   <div class='ocr_carea' id='block_1_91' title="bbox 989 1680 1780 1716">
    <p class='ocr_par' dir='ltr' id='par_1_91' title="bbox 989 1680 1780 1716">
     <span class='ocr_line' id='line_1_92' title="bbox 989 1680 1780 1716; baseline -0.003 -8"><span class='ocrx_word' id='word_1_566' title='bbox 989 1682 1187 1716; x_wconf 77' lang='grc' dir='ltr'>ἀσύγγνωστοι.</span> <span class='ocrx_word' id='word_1_567' title='bbox 1208 1681 1318 1716; x_wconf 80' lang='grc' dir='ltr'>Ἐπειδὴ</span> <span class='ocrx_word' id='word_1_568' title='bbox 1336 1681 1389 1715; x_wconf 79' lang='grc' dir='ltr'><strong>γὰρ</strong></span> <span class='ocrx_word' id='word_1_569' title='bbox 1414 1680 1514 1712; x_wconf 78' lang='grc' dir='ltr'>ἑαυτὰς</span> <span class='ocrx_word' id='word_1_570' title='bbox 1538 1680 1700 1714; x_wconf 76' lang='grc' dir='ltr'>κατέχωσαν</span> <span class='ocrx_word' id='word_1_571' title='bbox 1717 1681 1780 1712; x_wconf 82' lang='grc' dir='ltr'>ταῖς</span> 
     </span>
    </p>
   </div>
   <div class='ocr_carea' id='block_1_92' title="bbox 989 1725 1781 1763">
    <p class='ocr_par' dir='ltr' id='par_1_92' title="bbox 989 1725 1781 1763">
     <span class='ocr_line' id='line_1_93' title="bbox 989 1725 1781 1763; baseline -0.003 -9"><span class='ocrx_word' id='word_1_572' title='bbox 989 1727 1136 1763; x_wconf 76' lang='grc' dir='ltr'>ἁμαρτίαις</span> <span class='ocrx_word' id='word_1_573' title='bbox 1162 1726 1210 1753; x_wconf 77' lang='grc' dir='ltr'>καὶ</span> <span class='ocrx_word' id='word_1_574' title='bbox 1229 1727 1291 1758; x_wconf 78' lang='grc' dir='ltr'>ταῖς</span> <span class='ocrx_word' id='word_1_575' title='bbox 1317 1726 1487 1761; x_wconf 68' lang='grc' dir='ltr'>ἐπιθυμίαις,</span> <span class='ocrx_word' id='word_1_576' title='bbox 1504 1725 1639 1761; x_wconf 75' lang='grc' dir='ltr'>ἐπωρώθη</span> <span class='ocrx_word' id='word_1_577' title='bbox 1656 1726 1748 1752; x_wconf 83' lang='grc' dir='ltr'>αὐτῶν</span> <span class='ocrx_word' id='word_1_578' title='bbox 1766 1727 1781 1752; x_wconf 83' lang='grc'>6</span> 
     </span>
    </p>
   </div>
   <div class='ocr_carea' id='block_1_93' title="bbox 989 1771 1778 1808">
    <p class='ocr_par' dir='ltr' id='par_1_93' title="bbox 989 1771 1778 1808">
     <span class='ocr_line' id='line_1_94' title="bbox 989 1771 1778 1808; baseline -0.004 -7"><span class='ocrx_word' id='word_1_579' title='bbox 989 1774 1146 1806; x_wconf 81' lang='grc' dir='ltr'>νοῦς.”Ωστε</span> <span class='ocrx_word' id='word_1_580' title='bbox 1158 1773 1189 1799; x_wconf 65' lang='grc' dir='ltr'>τὸ</span> <span class='ocrx_word' id='word_1_581' title='bbox 1206 1773 1244 1808; x_wconf 83' lang='grc' dir='ltr'>μὴ</span> <span class='ocrx_word' id='word_1_582' title='bbox 1258 1772 1387 1799; x_wconf 78' lang='grc' dir='ltr'>δύνασθαι</span> <span class='ocrx_word' id='word_1_583' title='bbox 1408 1772 1515 1807; x_wconf 84' lang='grc' dir='ltr'>μαθεῖν,</span> <span class='ocrx_word' id='word_1_584' title='bbox 1525 1772 1555 1798; x_wconf 79' lang='grc' dir='ltr'>οὐ</span> <span class='ocrx_word' id='word_1_585' title='bbox 1571 1771 1696 1806; x_wconf 54' lang='grc' dir='ltr'>φυσικὶν,</span> <span class='ocrx_word' id='word_1_586' title='bbox 1707 1771 1778 1798; x_wconf 78' lang='grc' dir='ltr'>ἀλλὰ</span> 
     </span>
    </p>
   </div>
   <div class='ocr_carea' id='block_1_94' title="bbox 989 1818 1301 1854">
    <p class='ocr_par' dir='ltr' id='par_1_94' title="bbox 989 1818 1301 1854">
     <span class='ocr_line' id='line_1_95' title="bbox 989 1818 1301 1854; baseline -0.003 -9"><span class='ocrx_word' id='word_1_587' title='bbox 989 1818 1182 1854; x_wconf 80' lang='grc' dir='ltr'>προαιρετικὸν</span> <span class='ocrx_word' id='word_1_588' title='bbox 1196 1818 1301 1849; x_wconf 77' lang='grc' dir='ltr'>αὐταῖς.</span> 
     </span>
    </p>
   </div>
   <div class='ocr_carea' id='block_1_95' title="bbox 1026 1861 1778 1898">
    <p class='ocr_par' dir='ltr' id='par_1_95' title="bbox 1026 1861 1778 1898">
     <span class='ocr_line' id='line_1_96' title="bbox 1026 1861 1778 1898; baseline -0.004 -7"><span class='ocrx_word' id='word_1_589' title='bbox 1026 1865 1077 1891; x_wconf 82' lang='grc' dir='ltr'>ὀν</span> <span class='ocrx_word' id='word_1_590' title='bbox 1090 1863 1202 1898; x_wconf 78' lang='grc' dir='ltr'>τρόπον</span> <span class='ocrx_word' id='word_1_591' title='bbox 1215 1863 1250 1890; x_wconf 79' lang='grc' dir='ltr'><strong>δὲ</strong></span> <span class='ocrx_word' id='word_1_592' title='bbox 1271 1862 1388 1896; x_wconf 79' lang='grc' dir='ltr'><strong>Ἰαννῆς</strong></span> <span class='ocrx_word' id='word_1_593' title='bbox 1406 1863 1455 1889; x_wconf 71' lang='grc' dir='ltr'>καὶ</span> <span class='ocrx_word' id='word_1_594' title='bbox 1476 1862 1614 1896; x_wconf 72' lang='grc' dir='ltr'>Ἰαμϐρῆς</span> <span class='ocrx_word' id='word_1_595' title='bbox 1629 1861 1778 1895; x_wconf 72' lang='grc' dir='ltr'>ἀντέστη-</span> 
     </span>
    </p>
   </div>
   <div class='ocr_carea' id='block_1_96' title="bbox 989 1906 1779 1942">
    <p class='ocr_par' dir='ltr' id='par_1_96' title="bbox 989 1906 1779 1942">
     <span class='ocr_line' id='line_1_97' title="bbox 989 1906 1779 1942; baseline 0 -6"><span class='ocrx_word' id='word_1_596' title='bbox 989 1917 1049 1937; x_wconf 83' lang='grc' dir='ltr'>σιιν</span> <span class='ocrx_word' id='word_1_597' title='bbox 1060 1909 1171 1941; x_wconf 80' lang='grc' dir='ltr'><strong>Μωσεῖ,</strong></span> <span class='ocrx_word' id='word_1_598' title='bbox 1183 1909 1260 1936; x_wconf 83' lang='grc' dir='ltr'>οὕτω</span> <span class='ocrx_word' id='word_1_599' title='bbox 1276 1909 1326 1935; x_wconf 74' lang='grc' dir='ltr'>καὶ</span> <span class='ocrx_word' id='word_1_600' title='bbox 1340 1906 1422 1936; x_wconf 84' lang='grc' dir='ltr'>οὗτοι</span> <span class='ocrx_word' id='word_1_601' title='bbox 1434 1908 1630 1935; x_wconf 78' lang='grc' dir='ltr'>ἀνθίστανται</span> <span class='ocrx_word' id='word_1_602' title='bbox 1649 1908 1685 1942; x_wconf 77' lang='grc' dir='ltr'>τῇ</span> <span class='ocrx_word' id='word_1_603' title='bbox 1701 1909 1779 1942; x_wconf 74' lang='grc' dir='ltr'><strong>ἀλη-</strong></span> 
     </span>
    </p>
   </div>
   <div class='ocr_carea' id='block_1_97' title="bbox 989 1951 1778 1990">
    <p class='ocr_par' dir='ltr' id='par_1_97' title="bbox 989 1951 1778 1990">
     <span class='ocr_line' id='line_1_98' title="bbox 989 1951 1778 1990; baseline -0.003 -8"><span class='ocrx_word' id='word_1_604' title='bbox 989 1955 1063 1989; x_wconf 83' lang='grc' dir='ltr'>θείᾳ.</span> <span class='ocrx_word' id='word_1_605' title='bbox 1079 1955 1111 1982; x_wconf 84' lang='grc' dir='ltr'><strong>οι</strong></span> <span class='ocrx_word' id='word_1_606' title='bbox 1122 1954 1203 1990; x_wconf 84' lang='grc' dir='ltr'>μάγοι</span> <span class='ocrx_word' id='word_1_607' title='bbox 1214 1951 1284 1990; x_wconf 80' lang='grc' dir='ltr'>ἦσαν</span> <span class='ocrx_word' id='word_1_608' title='bbox 1295 1951 1380 1986; x_wconf 79' lang='grc' dir='ltr'>οὗτοι,</span> <span class='ocrx_word' id='word_1_609' title='bbox 1395 1954 1420 1980; x_wconf 81' lang='grc' dir='ltr'><strong>οι</strong></span> <span class='ocrx_word' id='word_1_610' title='bbox 1434 1954 1481 1981; x_wconf 72' lang='grc' dir='ltr'><strong>ἐπὶ</strong></span> <span class='ocrx_word' id='word_1_611' title='bbox 1496 1954 1629 1985; x_wconf 73' lang='grc' dir='ltr'>Μωσέως.</span> <span class='ocrx_word' id='word_1_612' title='bbox 1646 1954 1733 1980; x_wconf 70' lang='grc' dir='ltr'>Πόθεν</span> <span class='ocrx_word' id='word_1_613' title='bbox 1748 1954 1778 1980; x_wconf 76' lang='grc' dir='ltr'><strong>δὲ</strong></span> 
     </span>
    </p>
   </div>
   <div class='ocr_carea' id='block_1_98' title="bbox 989 2000 1776 2036">
    <p class='ocr_par' dir='ltr' id='par_1_98' title="bbox 989 2000 1776 2036">
     <span class='ocr_line' id='line_1_99' title="bbox 989 2000 1776 2036; baseline -0.003 -8"><span class='ocrx_word' id='word_1_614' title='bbox 989 2000 1024 2028; x_wconf 79' lang='grc' dir='ltr'>τὰ</span> <span class='ocrx_word' id='word_1_615' title='bbox 1034 2000 1153 2036; x_wconf 80' lang='grc' dir='ltr'>ὀνόματα</span> <span class='ocrx_word' id='word_1_616' title='bbox 1177 2000 1267 2027; x_wconf 84' lang='grc' dir='ltr'>αὐτῶν</span> <span class='ocrx_word' id='word_1_617' title='bbox 1280 2000 1339 2035; x_wconf 73' lang='grc' dir='ltr'>ᾔδει</span> <span class='ocrx_word' id='word_1_618' title='bbox 1365 2001 1379 2027; x_wconf 85' lang='grc' dir='ltr'><strong>ὸ</strong></span> <span class='ocrx_word' id='word_1_619' title='bbox 1400 2000 1507 2031; x_wconf 79' lang='grc' dir='ltr'>Παῦλος</span> <span class='ocrx_word' id='word_1_620' title='bbox 1519 2019 1527 2033; x_wconf 87' lang='grc'><strong>,</strong></span> <span class='ocrx_word' id='word_1_621' title='bbox 1543 2000 1592 2035; x_wconf 80' lang='grc' dir='ltr'>τῆς</span> <span class='ocrx_word' id='word_1_622' title='bbox 1606 2001 1720 2035; x_wconf 82' lang='grc' dir='ltr'>Γραφῆς</span> <span class='ocrx_word' id='word_1_623' title='bbox 1738 2000 1776 2035; x_wconf 76' lang='grc' dir='ltr'>μὴ</span> 
     </span>
    </p>
   </div>
   <div class='ocr_carea' id='block_1_99' title="bbox 989 2045 1778 2081">
    <p class='ocr_par' dir='ltr' id='par_1_99' title="bbox 989 2045 1778 2081">
     <span class='ocr_line' id='line_1_100' title="bbox 989 2045 1778 2081; baseline -0.016 0"><span class='ocrx_word' id='word_1_624' title='bbox 989 2046 1122 2081; x_wconf 75' lang='grc' dir='ltr'>λεγούσης</span> <span class='ocrx_word' id='word_1_625' title='bbox 1135 2045 1237 2079; x_wconf 73' lang='grc' dir='ltr'><strong>ταῦταῖ</strong></span> <span class='ocrx_word' id='word_1_626' title='bbox 1261 2045 1297 2072; x_wconf 82' lang='grc' dir='ltr'><em>Ἦ</em></span> <span class='ocrx_word' id='word_1_627' title='bbox 1317 2045 1449 2080; x_wconf 76' lang='grc' dir='ltr'><strong>ἀγράφως</strong></span> <span class='ocrx_word' id='word_1_628' title='bbox 1463 2045 1644 2080; x_wconf 76' lang='grc' dir='ltr'>παραδέδοται</span> <span class='ocrx_word' id='word_1_629' title='bbox 1654 2046 1687 2077; x_wconf 72' lang='grc' dir='ltr'>υ,</span> <span class='ocrx_word' id='word_1_630' title='bbox 1703 2046 1721 2081; x_wconf 76' lang='grc' dir='ltr'>ἢ</span> <span class='ocrx_word' id='word_1_631' title='bbox 1745 2046 1778 2072; x_wconf 70' lang='grc' dir='ltr'>ἐκ</span> 
     </span>
    </p>
   </div>
   <div class='ocr_carea' id='block_1_100' title="bbox 990 2089 1686 2129">
    <p class='ocr_par' dir='ltr' id='par_1_100' title="bbox 990 2089 1686 2129">
     <span class='ocr_line' id='line_1_101' title="bbox 990 2089 1686 2129; baseline -0.001 -9"><span class='ocrx_word' id='word_1_632' title='bbox 990 2093 1149 2129; x_wconf 77' lang='grc' dir='ltr'>Πνεύματος</span> <span class='ocrx_word' id='word_1_633' title='bbox 1165 2091 1244 2127; x_wconf 80' lang='grc' dir='ltr'>ἁγίου</span> <span class='ocrx_word' id='word_1_634' title='bbox 1257 2091 1332 2124; x_wconf 79' lang='grc' dir='ltr'>εἰκὸς</span> <span class='ocrx_word' id='word_1_635' title='bbox 1346 2089 1380 2126; x_wconf 75' lang='grc' dir='ltr'>ἦν</span> <span class='ocrx_word' id='word_1_636' title='bbox 1392 2091 1490 2119; x_wconf 81' lang='grc' dir='ltr'>ειδέναι</span> <span class='ocrx_word' id='word_1_637' title='bbox 1506 2091 1552 2119; x_wconf 76' lang='grc' dir='ltr'><strong>τὸν</strong></span> <span class='ocrx_word' id='word_1_638' title='bbox 1566 2092 1686 2119; x_wconf 77' lang='grc' dir='ltr'>Παῦλον.</span> 
     </span>
    </p>
   </div>
   <div class='ocr_carea' id='block_1_101' title="bbox 1030 2227 1778 2266">
    <p class='ocr_par' dir='ltr' id='par_1_101' title="bbox 1030 2227 1778 2266">
     <span class='ocr_line' id='line_1_102' title="bbox 1030 2227 1778 2266; baseline -0.007 -7"><span class='ocrx_word' id='word_1_639' title='bbox 1030 2232 1196 2266; x_wconf 69' lang='grc' dir='ltr'>Ἀνθρωποι</span> <span class='ocrx_word' id='word_1_640' title='bbox 1215 2228 1447 2264; x_wconf 75' lang='grc' dir='ltr'>κατεφθαρμένοι</span> <span class='ocrx_word' id='word_1_641' title='bbox 1464 2229 1516 2255; x_wconf 86' lang='grc' dir='ltr'>τὸν</span> <span class='ocrx_word' id='word_1_642' title='bbox 1538 2228 1624 2260; x_wconf 86' lang='grc' dir='ltr'>νοῦν,</span> <span class='ocrx_word' id='word_1_643' title='bbox 1641 2227 1778 2263; x_wconf 75' lang='grc' dir='ltr'>ἀδόκιμοι</span> 
     </span>
    </p>
   </div>
   <div class='ocr_carea' id='block_1_102' title="bbox 992 2274 1778 2314">
    <p class='ocr_par' dir='ltr' id='par_1_102' title="bbox 992 2274 1778 2314">
     <span class='ocr_line' id='line_1_103' title="bbox 992 2274 1778 2314; baseline -0.009 -8"><span class='ocrx_word' id='word_1_644' title='bbox 992 2279 1057 2314; x_wconf 70' lang='grc' dir='ltr'>περὶ</span> <span class='ocrx_word' id='word_1_645' title='bbox 1070 2277 1128 2311; x_wconf 82' lang='grc' dir='ltr'>τὴν</span> <span class='ocrx_word' id='word_1_646' title='bbox 1140 2277 1255 2304; x_wconf 80' lang='grc' dir='ltr'>πίστιν.</span> <span class='ocrx_word' id='word_1_647' title='bbox 1273 2276 1358 2303; x_wconf 81' lang='grc' dir='ltr'>Ὅταν</span> <span class='ocrx_word' id='word_1_648' title='bbox 1373 2283 1416 2307; x_wconf 81' lang='grc' dir='ltr'><strong>τις</strong></span> <span class='ocrx_word' id='word_1_649' title='bbox 1430 2275 1476 2302; x_wconf 86' lang='grc' dir='ltr'>τδν</span> <span class='ocrx_word' id='word_1_650' title='bbox 1493 2274 1556 2302; x_wconf 72' lang='grc' dir='ltr'>νοῦν</span> <span class='ocrx_word' id='word_1_651' title='bbox 1569 2274 1660 2310; x_wconf 80' lang='grc' dir='ltr'>φθαρῇ</span> <span class='ocrx_word' id='word_1_652' title='bbox 1675 2274 1704 2300; x_wconf 72' lang='grc' dir='ltr'>ἐν</span> <span class='ocrx_word' id='word_1_653' title='bbox 1719 2274 1778 2304; x_wconf 75' lang='grc' dir='ltr'>τοῖς</span> 
     </span>
    </p>
   </div>
   <div class='ocr_carea' id='block_1_103' title="bbox 991 2316 1777 2356">
    <p class='ocr_par' dir='ltr' id='par_1_103' title="bbox 991 2316 1777 2356">
     <span class='ocr_line' id='line_1_104' title="bbox 991 2316 1777 2356; baseline -0.008 -5"><span class='ocrx_word' id='word_1_654' title='bbox 991 2324 1100 2355; x_wconf 81' lang='grc' dir='ltr'>πάθεσι,</span> <span class='ocrx_word' id='word_1_655' title='bbox 1111 2321 1172 2349; x_wconf 75' lang='grc' dir='ltr'>τότε</span> <span class='ocrx_word' id='word_1_656' title='bbox 1183 2321 1314 2356; x_wconf 80' lang='grc' dir='ltr'>ἀδόκιμος</span> <span class='ocrx_word' id='word_1_657' title='bbox 1327 2321 1394 2356; x_wconf 77' lang='grc' dir='ltr'>περὶ</span> <span class='ocrx_word' id='word_1_658' title='bbox 1405 2320 1455 2355; x_wconf 85' lang='grc' dir='ltr'>τὴν</span> <span class='ocrx_word' id='word_1_659' title='bbox 1472 2319 1563 2346; x_wconf 87' lang='grc' dir='ltr'>πίστιν</span> <span class='ocrx_word' id='word_1_660' title='bbox 1574 2319 1689 2354; x_wconf 76' lang='grc' dir='ltr'>γίνεται.</span> <span class='ocrx_word' id='word_1_661' title='bbox 1703 2316 1777 2345; x_wconf 66' lang='lat' dir='ltr'><strong>Ehe</strong></span> 
     </span>
    </p>
   </div>
   <div class='ocr_carea' id='block_1_104' title="bbox 989 2365 1777 2406">
    <p class='ocr_par' dir='ltr' id='par_1_104' title="bbox 989 2365 1777 2406">
     <span class='ocr_line' id='line_1_105' title="bbox 989 2365 1777 2406; baseline -0.008 -9"><span class='ocrx_word' id='word_1_662' title='bbox 989 2370 1044 2406; x_wconf 86' lang='grc' dir='ltr'>γὰρ</span> <span class='ocrx_word' id='word_1_663' title='bbox 1055 2369 1158 2405; x_wconf 68' lang='grc' dir='ltr'>ἄφρων</span> <span class='ocrx_word' id='word_1_664' title='bbox 1166 2377 1174 2385; x_wconf 78' lang='grc' dir='ltr'><strong>ο</strong></span> <span class='ocrx_word' id='word_1_665' title='bbox 1184 2369 1245 2395; x_wconf 80' lang='grc' dir='ltr'><strong>Οὐκ</strong></span> <span class='ocrx_word' id='word_1_666' title='bbox 1261 2368 1327 2395; x_wconf 77' lang='grc' dir='ltr'>ἐστι</span> <span class='ocrx_word' id='word_1_667' title='bbox 1340 2368 1421 2400; x_wconf 88' lang='grc' dir='ltr'>Θεός.</span> <span class='ocrx_word' id='word_1_668' title='bbox 1432 2366 1517 2393; x_wconf 86' lang='grc' dir='ltr'>Πόθεν</span> <span class='ocrx_word' id='word_1_669' title='bbox 1529 2375 1536 2400; x_wconf 88' lang='grc'>;</span> <span class='ocrx_word' id='word_1_670' title='bbox 1546 2366 1618 2392; x_wconf 74' lang='grc' dir='ltr'>Διότι</span> <span class='ocrx_word' id='word_1_671' title='bbox 1630 2365 1777 2401; x_wconf 79' lang='grc' dir='ltr'>διεφθάρη-</span> 
     </span>
    </p>
   </div>
   <div class='ocr_carea' id='block_1_105' title="bbox 989 2410 1775 2449">
    <p class='ocr_par' dir='ltr' id='par_1_105' title="bbox 989 2410 1775 2449">
     <span class='ocr_line' id='line_1_106' title="bbox 989 2410 1775 2449; baseline -0.009 -6"><span class='ocrx_word' id='word_1_672' title='bbox 989 2424 1047 2448; x_wconf 86' lang='grc' dir='ltr'>σαν,</span> <span class='ocrx_word' id='word_1_673' title='bbox 1063 2416 1111 2442; x_wconf 74' lang='grc' dir='ltr'>καὶ</span> <span class='ocrx_word' id='word_1_674' title='bbox 1127 2414 1325 2449; x_wconf 79' lang='grc' dir='ltr'>ὲϐδελύχθησαν</span> <span class='ocrx_word' id='word_1_675' title='bbox 1336 2413 1365 2439; x_wconf 77' lang='grc' dir='ltr'>ὲν</span> <span class='ocrx_word' id='word_1_676' title='bbox 1380 2411 1516 2447; x_wconf 82' lang='grc' dir='ltr'>ἀνομίαις.</span> <span class='ocrx_word' id='word_1_677' title='bbox 1531 2412 1602 2446; x_wconf 82' lang='grc' dir='ltr'>Ἀρα</span> <span class='ocrx_word' id='word_1_678' title='bbox 1616 2411 1630 2436; x_wconf 82' lang='grc' dir='ltr'>ὁ</span> <span class='ocrx_word' id='word_1_679' title='bbox 1644 2410 1775 2444; x_wconf 68' lang='grc' dir='ltr'>ἀδιάφθο-</span> 
     </span>
    </p>
   </div>
   <div class='ocr_carea' id='block_1_106' title="bbox 990 2454 1773 2497">
    <p class='ocr_par' dir='ltr' id='par_1_106' title="bbox 990 2454 1773 2497">
     <span class='ocr_line' id='line_1_107' title="bbox 990 2454 1773 2497; baseline -0.009 -9"><span class='ocrx_word' id='word_1_680' title='bbox 990 2470 1036 2497; x_wconf 89' lang='grc' dir='ltr'><strong>ρος</strong></span> <span class='ocrx_word' id='word_1_681' title='bbox 1054 2461 1116 2493; x_wconf 85' lang='grc' dir='ltr'>νοῦς</span> <span class='ocrx_word' id='word_1_682' title='bbox 1130 2461 1179 2496; x_wconf 81' lang='grc' dir='ltr'>τὴν</span> <span class='ocrx_word' id='word_1_683' title='bbox 1200 2460 1290 2486; x_wconf 80' lang='grc' dir='ltr'>πίστιν</span> <span class='ocrx_word' id='word_1_684' title='bbox 1310 2458 1502 2494; x_wconf 77' lang='grc' dir='ltr'>παραδέχεται.</span> <span class='ocrx_word' id='word_1_685' title='bbox 1523 2456 1692 2492; x_wconf 86' lang='grc' dir='ltr'>Προσεκτέον</span> <span class='ocrx_word' id='word_1_686' title='bbox 1715 2454 1773 2487; x_wconf 74' lang='grc' dir='ltr'><strong>οὖν⁹</strong></span> 
     </span>
    </p>
   </div>
   <div class='ocr_carea' id='block_1_107' title="bbox 991 2501 1775 2542">
    <p class='ocr_par' dir='ltr' id='par_1_107' title="bbox 991 2501 1775 2542">
     <span class='ocr_line' id='line_1_108' title="bbox 991 2501 1775 2542; baseline -0.009 -8"><span class='ocrx_word' id='word_1_687' title='bbox 991 2506 1027 2542; x_wconf 83' lang='grc' dir='ltr'>μὴ</span> <span class='ocrx_word' id='word_1_688' title='bbox 1054 2505 1248 2540; x_wconf 83' lang='grc' dir='ltr'>διαφθαρῶμεν</span> <span class='ocrx_word' id='word_1_689' title='bbox 1274 2505 1331 2535; x_wconf 85' lang='grc' dir='ltr'>τοῖς</span> <span class='ocrx_word' id='word_1_690' title='bbox 1355 2503 1465 2536; x_wconf 85' lang='grc' dir='ltr'>πάθεσι,</span> <span class='ocrx_word' id='word_1_691' title='bbox 1481 2502 1530 2530; x_wconf 78' lang='grc' dir='ltr'>καὶ</span> <span class='ocrx_word' id='word_1_692' title='bbox 1551 2501 1620 2538; x_wconf 77' lang='grc' dir='ltr'>εὕρῃ</span> <span class='ocrx_word' id='word_1_693' title='bbox 1638 2501 1731 2537; x_wconf 85' lang='grc' dir='ltr'>χώραν</span> <span class='ocrx_word' id='word_1_694' title='bbox 1745 2501 1775 2527; x_wconf 77' lang='grc' dir='ltr'>ἐν</span> 
     </span>
    </p>
   </div>
   <div class='ocr_carea' id='block_1_108' title="bbox 987 2546 1441 2585">
    <p class='ocr_par' dir='ltr' id='par_1_108' title="bbox 987 2546 1441 2585">
     <span class='ocr_line' id='line_1_109' title="bbox 987 2546 1441 2585; baseline -0.007 -9"><span class='ocrx_word' id='word_1_695' title='bbox 987 2550 1053 2585; x_wconf 79' lang='grc' dir='ltr'>ἡμῖν</span> <span class='ocrx_word' id='word_1_696' title='bbox 1072 2549 1089 2584; x_wconf 83' lang='grc' dir='ltr'><strong>ή</strong></span> <span class='ocrx_word' id='word_1_697' title='bbox 1109 2548 1159 2584; x_wconf 80' lang='grc' dir='ltr'>τῆς</span> <span class='ocrx_word' id='word_1_698' title='bbox 1176 2547 1293 2580; x_wconf 78' lang='grc' dir='ltr'>πίστεως</span> <span class='ocrx_word' id='word_1_699' title='bbox 1306 2546 1441 2582; x_wconf 73' lang='grc' dir='ltr'>κιδδηλία.</span> 
     </span>
    </p>
   </div>
   <div class='ocr_carea' id='block_1_109' title="bbox 814 2741 1092 2773">
    <p class='ocr_par' dir='ltr' id='par_1_109' title="bbox 814 2741 1092 2773">
     <span class='ocr_line' id='line_1_110' title="bbox 814 2741 1092 2773; baseline 0.004 -2"><span class='ocrx_word' id='word_1_700' title='bbox 814 2741 912 2772; x_wconf 59' lang='lat' dir='ltr'><strong>Varias</strong></span> <span class='ocrx_word' id='word_1_701' title='bbox 928 2741 1092 2773; x_wconf 85' lang='lat' dir='ltr'><strong>lectiones.</strong></span> 
     </span>
    </p>
   </div>
   <div class='ocr_carea' id='block_1_110' title="bbox 187 2802 870 2839">
    <p class='ocr_par' dir='ltr' id='par_1_110' title="bbox 187 2802 870 2839">
     <span class='ocr_line' id='line_1_111' title="bbox 187 2802 870 2839; baseline 0.003 -9"><span class='ocrx_word' id='word_1_702' title='bbox 187 2803 208 2820; x_wconf 78' lang='lat'><strong>”</strong></span> <span class='ocrx_word' id='word_1_703' title='bbox 223 2802 320 2839; x_wconf 70' lang='grc' dir='ltr'>ῥᾳδίως</span> <span class='ocrx_word' id='word_1_704' title='bbox 331 2809 356 2831; x_wconf 89' lang='lat' dir='ltr'><strong>o.</strong></span> <span class='ocrx_word' id='word_1_705' title='bbox 395 2803 441 2839; x_wconf 83' lang='grc' dir='ltr'><strong>³¹ἢ</strong></span> <span class='ocrx_word' id='word_1_706' title='bbox 461 2804 494 2831; x_wconf 78' lang='grc' dir='ltr'><strong>δι’</strong></span> <span class='ocrx_word' id='word_1_707' title='bbox 509 2804 633 2839; x_wconf 76' lang='grc' dir='ltr'>ἀγράφου</span> <span class='ocrx_word' id='word_1_708' title='bbox 646 2804 818 2839; x_wconf 68' lang='grc' dir='ltr'>παραδόσεως</span> <span class='ocrx_word' id='word_1_709' title='bbox 833 2812 870 2832; x_wconf 85' lang='grc' dir='ltr'>ιιι.</span> 
     </span>
    </p>
   </div>
  </div>
