1874 3050
148 202 151 206 _
179 173 291 208 quidam
309 175 399 199 autem
426 175 453 199 et
487 169 593 197 animas
623 173 651 196 et
677 175 794 199 corpora
828 166 1005 196 Intellexc-A

178 223 253 245 ΪΊΙΙΙῙ.

158 283 160 290 ι
215 263 266 290 Per
286 264 424 289 adventum
448 269 525 288 suum
539 265 563 287 et
575 267 682 295 regnum
695 267 782 286 stium.
795 258 964 292 Quandoju—

180 309 319 336 dicaturos
335 307 399 334 est?
415 308 444 333 ln
468 306 639 341 apparitione
663 312 724 336 sua,
748 312 807 338 quae
827 304 878 331 erit
903 311 964 330 cum

179 354 263 387 gloria
287 357 314 379 et
330 360 425 387 regno.
443 351 502 378 Non
527 351 599 378 enim
615 355 672 378 tum
697 350 765 377 adeo
783 349 844 377 vilis
860 353 887 377 et
900 357 965 377 con-

178 402 296 430 temptus
313 395 451 427 adveniet,
470 395 508 422 uti
525 395 612 429 prius.

213 442 293 468 Vnus.
306 442 331 468 Ξ.
347 441 469 468 Ρνωάὶεα
481 442 596 468 verbum.
614 440 684 473 Quid
694 439 815 474 estquod
825 439 967 467 obtestor?

177 486 296 513 l‘raedica
319 487 443 517 verbum,
471 495 505 514 ne
525 486 656 513 cohibens
681 485 782 512 donum
804 485 875 519 quod
898 485 925 512 iu
941 491 967 513 te

175 537 226 558 est.
245 532 360 559 Terrore
382 533 572 559 concutiuntur
587 531 632 566 qui
651 538 706 557 ιιοιι
721 530 912 565 prtetlicamus.

210 578 288 605 Iusta
302 584 456 612 opportune,
471 579 628 611 importune.
647 576 735 603 Veluti
760 584 821 604 cum
838 576 967 603 immora-

174 626 249 652 tione
260 631 287 652 ct
303 625 433 652 instantia
452 625 574 659 loquere,
590 631 644 651 non
671 623 767 655 semel,
784 623 830 650 sed
846 630 964 657 semper.

174 671 232 698 Non
251 671 287 698 sit
302 671 350 697 tibi
366 676 466 698 statqu
485 675 603 704 tempus,
620 669 666 696 sed
692 673 719 696 et
736 673 891 704 opportune,
914 669 966 696 hoc

174 721 226 748 est,
243 725 304 744 cum
321 717 348 743 in
374 724 439 751 pace
454 720 482 742 ct
511 717 611 742 timore
631 722 734 742 vacuus
751 714 846 747 (ueris,
864 719 965 742 etcum

175 764 201 788 In
223 762 342 789 Ecclesia
362 771 368 788 :
387 762 434 789 sed
451 763 603 796 importune
614 761 706 793 etiam,
722 761 773 788 hoc
787 764 840 793 est,
856 768 919 787 cum
937 760 965 787 in

173 807 303 841 periculis
318 806 414 840 fueris,
426 811 453 834 et
464 811 540 834 extra
556 806 716 838 Ecclesiam.
730 806 843 841 loquere
855 811 880 833 et
896 813 965 841 pra:-

173 838 247 878 dica.
264 838 454 886 Opportunum
469 851 543 878 enim
561 838 785 886 etimportunum
798 851 874 885 juxta
891 838 963 887 vulgi
979 838 1001 866 Β

172 897 330 931 opinionem
363 896 452 924 dixit:
478 897 648 924 arbitrantur
673 897 745 923 cnim
771 897 964 932 opportunita-

174 947 239 974 tem,
254 943 372 977 quietem
386 946 413 970 et
428 942 593 970 laxationem
610 951 617 969 2
635 942 870 977 importunitatem
887 949 964 975 vero,

173 991 282 1022 tempus
299 988 494 1023 periculosum.
511 988 549 1015 Ac
559 995 656 1015 rursus
667 987 899 1022 opportunitatem
914 987 965 1014 do—

172 1034 268 1061 ctrina:
298 1033 388 1066 vocat,
414 1034 442 1061 in
466 1033 590 1062 Ecclesia
615 1041 702 1061 esse:
727 1033 964 1068 importunitatem

172 1087 247 1112 veto,
266 1084 340 1106 extra
357 1080 427 1107 hanc
438 1087 510 1108 csse.
528 1078 576 1107 Vel
587 1079 676 1112 aliter,
688 1086 722 1106 ne
736 1083 878 1114 exspectes
896 1083 965 1107 tem-

173 1133 225 1160 pus
249 1125 343 1160 lapsus
363 1134 369 1153 :
400 1133 494 1153 verum
524 1125 606 1154 etiam
627 1126 786 1161 priusquam
813 1126 964 1162 impingat,

172 1170 250 1198 doce.

207 1216 304 1250 Argue.
320 1215 388 1242 Cum
415 1216 516 1244 videris
540 1216 611 1244 istud
635 1215 691 1243 ﬁeri
709 1217 820 1248 debere.
841 1217 893 1244 hoc
912 1211 964 1250 est,

171 1269 233 1288 cum
249 1261 350 1289 videris
363 1266 522 1297 peccantem
548 1263 590 1290 vel
605 1267 793 1298 peccaturum,
809 1271 863 1291 non
879 1264 965 1292 refor-

172 1307 255 1334 Inida.

207 1352 331 1389 Increpa.
348 1354 497 1391 Postquam
521 1356 647 1390 argueris
661 1361 742 1390 atque
758 1355 965 1383 demonstrave-

171 1399 211 1426 ris
225 1407 286 1426 etun
303 1400 464 1435 deliquisse,
480 1405 537 1427 tum
551 1400 661 1436 increpa
678 1409 684 1427 :
708 1400 734 1428 id
750 1404 802 1433 cst,
819 1408 926 1435 pmnam
937 1406 965 1428 et.

172 1445 337 1480 supplicium
354 1446 474 1481 impone.

604 113 896 144 THEOPHYLACTI
918 112 1124 142 BULGARLE
1144 111 1321 142 ARCHIEP.

1761 108 1823 140 128

1021 166 1147 197 καὶτοὺς
1163 166 1225 192 τότε
1250 163 1555 198 καταλειφθησομένους
1585 162 1688 195 ζῶντας
1731 163 1822 193 Τινὲς

1017 212 1044 238 δὲ
1062 213 1108 238 καὶ
1123 211 1211 246 ψυχὰς
1222 211 1269 238 καὶ
1282 209 1395 244 σώματα
1411 210 1534 244 ἐνόησαν.

1051 257 1132 284 Κατὰ
1145 257 1202 291 τὴν
1214 255 1392 290 ἐπιφάνειαν
1400 255 1504 286 αὐτοῦ,
1518 253 1566 280 καὶ
1578 253 1635 286 τὴν
1643 252 1821 285 ,βασιλείαν

1016 302 1119 329 αὑτοῦ.
1141 302 1208 328 Πότε
1228 302 1330 336 κρίνειν
1349 301 1491 335 μέλλοντος
1508 307 1515 331 ;
1543 299 1588 325 Ἐν
1604 300 1637 334 τῇ
1658 297 1820 332 ἐπιφανείᾳ.

1017 346 1111 379 αὑτοῦ,
1129 348 1163 382 τῇ
1181 347 1251 382 μετὰ
1266 346 1345 381 δόξης
1379 346 1426 372 καὶ
1453 344 1593 379 βασιλείας
1620 342 1818 377 γενησομένῃ.

1017 393 1072 427 οὐχ
1085 392 1155 419 οὕτω
1173 392 1227 426 γὰρ
1241 392 1302 427 ἥξει
1316 391 1428 426 εὐτελὴς
1439 390 1477 422 ὡς
1497 390 1641 425 πρότερον.

1053 438 1191 472 κήρυξον
1205 439 1258 465 τὸν
1284 438 1388 472 λόγον.
1401 437 1434 463 Τί
1450 436 1548 462 ἐστινὸ
1567 435 1820 470 διαμαρτύρομαι;

1017 484 1142 520 Κήρυξον
1153 484 1199 511 τὸν
1212 483 1300 517 λόγον,
1318 483 1355 518 μὴ
1375 482 1489 518 συνέξῃς
1511 482 1542 508 τὸ
1556 482 1690 516 χάρισμα.
1720 480 1821 514 Φοϐη-

1017 531 1109 564 οῶμεν
1124 531 1148 557 οἱ
1166 530 1202 564 μὴ
1219 529 1415 565 κηρύσσοντες.

1051 577 1209 609 Ἐπίστηθι
1223 576 1378 609 εὐκαίρως,
1393 574 1532 607 ἀκαίρως.
1557 570 1620 600 Οἷον
1650 572 1719 607 μετὰ
1752 572 1822 598 ἑπι-

1019 623 1102 658 μονῆς
1123 623 1144 638 ³⁸
1163 622 1210 648 καὶ
1225 620 1385 652 ἐπιστασίας
1405 620 1532 655 λάλησον,
1559 619 1596 653 μὴ
1628 618 1713 650 ἅπαξ,
1746 618 1813 645 ἀλλ’

1017 669 1071 695 ἀεί.
1083 669 1129 704 Μὴ
1157 667 1226 694 έστω
1260 675 1300 693 σοι
1335 665 1431 701 καιρὸς
1472 664 1636 700 ὡρισμένος,
1665 663 1736 690 ἀλλὰ
1765 663 1821 689 καὶ

1015 715 1171 749 εὐκαίρως,
1185 715 1336 745 τουτέστιν,
1353 715 1382 741 ὲν
1402 715 1510 750 εἰρήνῃ,
1527 715 1556 740 ὲν
1570 713 1658 748 ἀδείᾳ,
1688 712 1737 738 καὶ
1767 712 1819 738 ἐπ’

1015 761 1180 796 Ἐκκλησίας
1193 762 1215 778 ³⁸
1238 760 1295 788 ὤν’
1320 761 1387 788 ἀλλὰ
1419 761 1467 788 καὶ
1493 760 1633 794 ἀκαίρως,
1658 759 1818 789 τουτέστιν,

1016 807 1044 834 ὲν
1059 806 1191 838 κινδύνοις
1203 806 1252 838 ὢν,
1268 806 1315 833 καὶ
1331 806 1383 839 ἔξω
1397 806 1446 841 τῆς
1471 805 1647 840 Ἐκκλησίας,
1669 803 1748 830 λάλει
1765 803 1820 829 καὶ

1016 852 1144 887 κήρυττε.
1171 852 1208 878 τὸ
1237 851 1365 888 εὕκαιρον
1393 851 1448 886 γὰρ
1476 851 1525 878 καὶ
1545 849 1576 876 τδ
1595 849 1722 884 ᾱκαιρον,
1740 848 1819 883 πρὸς

1015 897 1066 933 τὴν
1087 897 1222 932 ὑπόληψιν
1247 897 1302 924 τῶν
1324 897 1429 924 πολλῶν
1447 893 1524 923 εἶπεν
1541 903 1548 911 ο
1562 894 1664 922 οἴονται
1689 893 1746 928 γὰρ
1769 892 1822 919 εὖ·

1015 944 1127 980 καιρίαν
1141 944 1190 980 μὲν
1213 944 1262 979 τὴν
1278 944 1369 971 ἄνεσιν
1380 964 1388 977 ,
1409 943 1538 977 ἀκαιρίαν
1558 942 1587 968 δὲ
1598 941 1644 968 τὸν
1659 939 1818 975 κινδυνώδη

1017 990 1124 1026 καιρόν.
1138 991 1193 1017 Καὶ
1209 990 1242 1017 αὖ
1256 990 1352 1026 καιρὺν
1374 988 1550 1020 διδασκαλίας
1563 988 1594 1014 τὸ
1608 988 1638 1014 ὲν
1659 986 1819 1021 Ἐκκλησία

1015 1035 1245 1069 εἶναι-,ἀκαιρίαν
1260 1035 1288 1062 δὲ
1298 1035 1328 1062 τὸ
1343 1035 1396 1068 ἔξω
1409 1034 1561 1069 ταύτης.Ἦ
1578 1033 1627 1060 καὶ
1637 1032 1726 1064 ἄλλως
1743 1040 1751 1048 ο
1766 1031 1818 1066 Μὴ

1016 1081 1165 1116 ἀναμείνῃς
1178 1081 1225 1107 τὸν
1242 1080 1338 1116 καιρὸν
1375 1081 1423 1107 τοῦ
1451 1080 1599 1116 πτώματος
1612 1079 1646 1114 ³⁷,
1670 1078 1740 1106 ἀλλὰ
1765 1078 1819 1104 καὶ

1016 1128 1083 1163 πρὶν
1099 1128 1116 1164 ἢ
1128 1127 1206 1155 πέσοι
1220 1127 1252 1162 ³⁸,
1272 1127 1386 1160 δίδαξον.

1053 1221 1212 1256 Ἐλεγεον.
1233 1221 1319 1248 Ὅταν
1348 1221 1415 1256 ὁρᾷς
1437 1220 1480 1247 ὅτι
1508 1219 1550 1246 δεῖ
1575 1219 1691 1253 ποιῆσαι
1719 1217 1816 1249 τοῦτο,

1015 1267 1167 1299 τουτέστιν,
1184 1268 1249 1294 ὅταν
1265 1266 1350 1301 εὕρῃς
1358 1265 1527 1301 ἁμαρτόντα,
1543 1263 1560 1299 ἢ
1574 1263 1707 1299 μέλλοντα
1721 1262 1818 1296 ἅμαρ-

1017 1315 1085 1345 τεῖν,
1109 1314 1146 1348 μὴ
1162 1313 1329 1347 ὐποσταλῇς.

1050 1361 1256 1395 Ἐπιτίμησον.
1271 1359 1339 1387 Μεθ’
1357 1359 1371 1386 ὃ
1384 1358 1504 1393 ὲλέγξεις
1521 1358 1567 1384 καὶ
1578 1356 1734 1389 ἀποδείξεις
1761 1355 1816 1382 αὐ-

1015 1409 1062 1434 τδν
1076 1406 1244 1442 ἁμαρτόντα,
1261 1406 1323 1432 τότε
1336 1405 1499 1440 ἐπιτίμησον
1509 1412 1517 1420 ·
1535 1403 1671 1436 τουτέστι,
1685 1401 1715 1428 τὸ
1725 1401 1815 1436 πρόσ-

1015 1458 1095 1485 τιμον
1111 1450 1158 1476 καὶ
1175 1449 1224 1484 τὴν
1241 1449 1377 1484 τιμωρίαν
1392 1448 1497 1480 ἐπίθες.

207 1490 362 1519 Consolare.
391 1493 545 1527 lncrepatio
576 1493 676 1520 similis
702 1493 812 1521 videtur
836 1494 988 1539 sectioni,(

1055 1494 1285 1528 Παρακάλεσον.
1315 1494 1348 1520 Ἥ
1380 1494 1541 1529 ἐπιτίμησις
1564 1493 1635 1528 τομῇ
1664 1491 1754 1519 ἔοικεν
1771 1500 1778 1507 ·
1797 1493 1814 1526 ἡ

171 1537 326 1564 consolatio
339 1544 403 1565 vero
419 1537 568 1571 pharmaco
583 1539 672 1566 suavi.
685 1538 887 1566 Consolationis
899 1547 964 1574 ergo

171 1582 351 1616 pharmaeum
370 1590 488 1617 appone,
514 1591 548 1610 ne
565 1584 622 1611 sola
648 1584 733 1611 sectio
756 1585 866 1612 dolores
882 1586 965 1613 vehe-

172 1628 323 1656 mentiores
340 1628 453 1661 laciens,
471 1629 499 1656 in
514 1629 734 1664 desperationem
750 1631 909 1665 praecipitet.

209 1717 242 1744 In
255 1718 326 1745 omni
343 1719 544 1753 longanimitate
560 1728 591 1747 ac
604 1720 738 1748 doctrina.
754 1719 811 1748 "oc
824 1723 962 1756 praedictis

171 1762 300 1790 otnuibus
312 1763 459 1799 conjuage.
475 1764 600 1799 Arguere
615 1764 688 1792 enim
706 1765 732 1791 in
747 1766 822 1792 omni
840 1766 964 1801 longani-

173 1809 267 1836 mitate
281 1812 403 1843 oportet,
429 1814 456 1836 ut
470 1817 523 1836 non
541 1809 670 1837 omnibus
687 1809 851 1844 simpliciter
865 1811 962 1838 creda-

172 1862 253 1882 mus:
268 1861 296 1882 et
316 1856 457 1888 docentes,
473 1861 500 1883 ut
515 1857 647 1884 doceatur
673 1856 811 1891 quomodo
825 1857 847 1884 is
868 1865 964 1892 pecca-

172 1902 252 1934 verit,
270 1906 297 1929 et
315 1901 456 1936 quodnam
482 1903 517 1929 sit
539 1906 692 1936 peccatum.
719 1902 763 1930 Sic
785 1902 862 1930 decet
880 1903 961 1930 etiam

170 1947 315 1982 increpare
330 1948 357 1974 in
372 1947 592 1983 longanimitate,
606 1957 655 1976 nec
673 1954 800 1983 tanquam
817 1950 888 1976 hosti
906 1958 964 1985 pte-

170 2001 231 2020 nam
249 1994 373 2029 irrogarc
395 1999 440 2022 aut
464 1994 598 2029 inﬂigere,
623 1995 670 2022 sed
687 1996 760 2022 velut
784 1996 838 2022 lilio
852 1996 962 2023 institu-

169 2039 272 2067 tionem
285 2040 360 2067 dare.
378 2039 412 2067 Et
436 2041 463 2067 in
480 2040 619 2071 doctrina,
636 2041 687 2068 hoc
704 2045 756 2072 est.
777 2041 875 2068 docere
899 2050 961 2069 eum

169 2086 306 2120 quodnam
331 2087 367 2114 sit
396 2087 504 2114 lucrum
531 2087 650 2114 mulctae.
682 2088 844 2115 Consolatio
870 2093 960 2116 autem

169 2132 287 2158 inaximc
306 2139 375 2166 opus
395 2131 478 2158 habet
505 2136 532 2158 et
553 2131 763 2165 longanimitate
779 2138 806 2158 et
824 2132 960 2160 doctrina.

1018 1542 1201 1577 παράκλησις,
1238 1541 1377 1576 φαρμάκῳ
1419 1540 1514 1576 ἱλαρῷ.
1551 1539 1663 1570 Ἐπίθες
1705 1538 1754 1565 οὖν
1783 1539 1816 1564 τὸ

1018 1588 1164 1623 φάρμακον
1178 1587 1228 1622 τῆς
1261 1586 1471 1622 παρακλήσεως,
1497 1586 1540 1612 ἵνα
1562 1585 1627 1620 μὴὴ
1642 1583 1712 1619 τομὴ
1742 1584 1816 1619 μόνη

1016 1636 1065 1666 τὰς
1082 1635 1233 1670 ἀλγηδόνας
1247 1633 1430 1669 σφοδροτέρας
1448 1632 1575 1664 ποιοῦσα,
1601 1633 1641 1663 εἰς
1653 1631 1816 1665 ἀπόγνωσιν

1019 1680 1112 1716 ῥίπτῃ.

1053 1726 1104 1753 Ἐν
1119 1726 1204 1759 πάσῃ
1222 1725 1412 1759 μακροθυμίᾳ
1427 1724 1476 1751 καὶ
1489 1723 1610 1757 διδαχῇ,
1626 1722 1713 1749 Τοῦτο
1744 1722 1814 1748 πᾶσι

1016 1772 1072 1803 τοῖς
1089 1771 1268 1806 προρῤηθεῖσι
1297 1769 1436 1802 σύνταξον.
1471 1768 1526 1795 Καὶ
1549 1768 1673 1801 ἐλέγχειν
1693 1766 1750 1801 γὰρ
1785 1767 1815 1792 ἐν

1016 1819 1091 1853 πάσῃ
1113 1816 1292 1852 μακροθυμίᾳ
1302 1816 1352 1847 δεῖ,
1371 1815 1442 1841 ὥστε
1471 1815 1508 1849 μὴ
1534 1814 1617 1840 πᾶσιν
1641 1811 1737 1842 ἁπλῶς
1768 1820 1814 1837 πι-

1017 1863 1122 1890 στεύειν
1135 1870 1142 1877 ·
1161 1862 1209 1888 καὶ
1221 1862 1250 1888 ὲν
1263 1861 1368 1896 διδαχῇ,
1383 1860 1559 1890 διδάσκοντας
1585 1859 1659 1889 ὅπως
1689 1857 1812 1892 ἥμαρτε,

1017 1909 1063 1936 καὶ
1072 1909 1111 1940 τίς
1133 1908 1282 1944 ἡὰμαρτία
1294 1916 1302 1924 ·
1317 1908 1363 1934 καὶ
1381 1907 1510 1941 ἐπιτιμᾷν
1519 1906 1649 1935 ὡσαύτως
1663 1905 1691 1930 ἐν
1706 1912 1814 1938 μακρος

1017 1954 1112 1990 ουμίᾳ,
1130 1954 1167 1989 μὴ
1179 1953 1216 1985 ὡς
1230 1953 1320 1989 ἐχθρῷ
1344 1953 1440 1987 ποινὴν
1467 1950 1648 1982 ἐπιτιθέντας,
1670 1949 1745 1981 ἀλλ’,
1773 1949 1811 1980 ὡς

1015 2001 1114 2033 τέκνῳ,
1128 2000 1264 2027 παιδείαν.
1283 1998 1337 2026 Καὶ
1354 1999 1381 2024 ὲν
1394 1998 1500 2032 διδαχῇ,
1517 1997 1652 2027 τουτέστι,
1666 1995 1811 2022 διδάσκον-

1015 2055 1066 2078 τας
1082 2045 1165 2072 αὐτὸν
1183 2046 1213 2072 τὸ
1233 2045 1327 2080 κέρδος
1335 2044 1384 2070 τοῦ
1400 2043 1553 2078 ἐπιτιμίου.
1572 2042 1606 2068 Ἦ
1622 2041 1651 2067 δὲ
1667 2039 1812 2074 παρακλη-

1017 2099 1057 2122 σις
1075 2091 1123 2116 καὶ
1142 2089 1259 2124 μάλιστα
1271 2089 1369 2124 χρῄζει
1381 2089 1430 2114 καὶ
1450 2086 1643 2121 μακροθυμίας
1662 2085 1685 2101 ³⁹
1706 2084 1756 2110 καὶ
1771 2084 1812 2110 δι·

1014 2135 1110 2170 δαχῆς.
1123 2135 1180 2161 Οὺκ
1203 2136 1232 2161 ὲν
1246 2136 1279 2169 τῇ
1305 2133 1426 2169 τυχούσῃ
1437 2133 1464 2159 δὲ
1481 2131 1669 2168 μακροθυμίᾳ,
1689 2129 1748 2157 ἀλλ’
1775 2130 1812 2157 ἐν

169 2175 224 2202 Nec
239 2176 266 2202 in
283 2175 389 2210 vulgari
403 2176 621 2210 longanimitate,
640 2176 688 2203 sed
709 2177 735 2202 in
745 2177 828 2208 omni,
843 2176 894 2204 hoc
907 2181 959 2210 est,
974 2187 988 2216 Ῑ

1046 2181 1109 2214 itm,
1129 2180 1264 2212 τουτέστι,
1303 2181 1337 2215 τῇ
1384 2178 1606 2214 παντοιοτρόπως
1630 2175 1809 2212 δεικνυμένῃ,

170 2229 231 2254 qua:
246 2221 375 2248 ontuibus
396 2221 486 2248 tnodis
498 2221 714 2254 demonstratur,
729 2222 859 2256 operibus
876 2223 958 2251 nimi-

170 2273 241 2298 rum,
253 2266 344 2294 verbis
359 2271 440 2301 atque
452 2267 546 2294 habitu

201 2310 287 2339 .VERS.
306 2312 334 2339 5.
352 2312 414 2339 Erit
427 2313 620 2347 animle-01pm,
635 2314 741 2348 quando
755 2322 848 2341 eannm
859 2314 959 2342 doctri-

168 2358 323 2394 ιιαιηῖειά,
334 2367 386 2385 non
396 2359 574 2386 sustinebunt.
599 2360 762 2395 Priusquam
777 2369 843 2396 ergo
859 2361 958 2389 labefa‘

167 2408 288 2438 rtentur,
304 2406 450 2440 [anteverte
473 2413 532 2433 eos.
554 2405 703 2441 Propterea
719 2411 746 2434 et
767 2415 851 2443 supra
878 2408 957 2441 dixit,

167 2456 312 2484 opportune
324 2471 333 2483 ,
349 2452 507 2486 importune,
522 2453 657 2488 tantisper
668 2454 733 2481 dum
749 2454 955 2489 obtemperent,

168 2497 260 2524 omnia
274 2505 336 2533 age.

205 2543 257 2571 Sed
274 2545 308 2572 ad
325 2553 376 2572 sua
394 2545 528 2584 desideria
545 2547 738 2574 coaeeroabnnt
756 2547 807 2574 sibi
826 2547 956 2576 doctores.

170 2589 355 2618 Temerariam
381 2590 526 2619 doctorum
551 2591 660 2619 turbam
682 2600 730 2628 per
753 2592 865 2620 verbum
881 2613 890 2625 ,
913 2600 959 2619 co—

171 2636 340 2669 nscroalmnt,
357 2637 532 2673 signiﬁcavit,
547 2642 574 2666 et
596 2643 739 2674 propterea
756 2638 828 2674 quod
847 2646 861 2665 a
877 2640 958 2674 vulgo

171 2681 337 2715 d:tigantur,
358 2683 431 2717 quod
459 2682 527 2710 nihil
550 2690 600 2717 pro
623 2683 729 2712 ratione
754 2683 831 2716 facit,
848 2684 895 2712 sed
911 2691 960 2711 eos

1012 2228 1060 2255 καὶ
1079 2228 1113 2254 δι’
1125 2227 1224 2262 ἔργων,
1243 2227 1291 2254 καὶ
1306 2227 1350 2254 διὰ
1369 2225 1525 2261 λόγων,καὶ
1535 2224 1578 2250 διὰ
1593 2222 1753 2258 σχημάτων.

1048 2318 1153 2344 Ἔσται
1168 2317 1223 2353 γὰρ
1238 2317 1350 2351 καιρὸς,
1375 2316 1425 2343 ὅτε
1438 2315 1492 2348 τῆς
1507 2314 1704 2350 ὑγιαινούσης
1722 2312 1810 2339 διδα-

1011 2364 1142 2397 σκαλίας
1167 2364 1224 2390 οὐκ
1243 2362 1413 2395 ἀνέξονται.
1443 2361 1526 2387 Ὥστε
1549 2360 1616 2395 πρὶν
1637 2359 1654 2392 ἢ
1669 2359 1810 2393 ἐκτραχηι-

1010 2408 1137 2443 λισθῆναι
1148 2408 1247 2439 αὐτοὺς
1263 2406 1468 2442 προκατὰλαόε.
1481 2404 1530 2432 Διὰ
1558 2403 1639 2430 τοῦτο
1658 2403 1706 2429 καὶ
1734 2403 1809 2429 ἀνω-

1010 2454 1082 2489 τέρω
1091 2451 1178 2486 εἶπεν,
1194 2453 1349 2487 εὐκαίρως,
1358 2451 1497 2485 ἀκαίρως,
1507 2450 1560 2481 ἓως
1571 2449 1611 2476 ἔτι
1626 2449 1698 2484 ἔχεις
1712 2447 1809 2475 πειθο-

1008 2499 1118 2534 μένους,
1139 2497 1230 2524 πάντα
1246 2497 1365 2532 πρᾶττε.

1044 2544 1134 2571 Ἀλλὰ
1144 2543 1218 2570 κατὰ
1233 2543 1285 2576 τὰς
1299 2543 1377 2576 ιδίας
1388 2538 1684 2576 ἐπιθυμίας-,ἶὲιιυτοῖς
1696 2539 1807 2565 ἐπισω-

1007 2591 1154 2625 ρεύσουσι
1168 2590 1383 2623 διδασκάλους.
1405 2589 1440 2615 Τὸ
1453 2589 1610 2623 ἀδιάκριτον
1630 2587 1734 2621 πλῆθος
1749 2585 1806 2612 τῶν

1013 2637 1182 2665 διδασκάλων
1209 2636 1254 2663 διὰ
1277 2635 1322 2662 τοῦ
1364 2635 1639 2668 ἐπισωρεύσουσιν,
1671 2633 1802 2668 ἐδήλωσε,

1016 2685 1064 2710 καὶ
1077 2683 1122 2710 διὰ
1141 2683 1188 2709 τοῦ
1201 2682 1253 2709 ὑπὸ
1285 2682 1340 2709 τῶν
1370 2681 1443 2708 λαῶν
1472 2678 1697 2716 χειροτονεῖσθαι,
1727 2677 1803 2705 οὐδὲν

850 2772 948 2803 Variae
965 2772 1129 2804 lectiones.

211 2823 234 2840 "
247 2822 391 2858 ἐπιστολῆς
404 2832 431 2851 o.
471 2824 493 2841 “
506 2824 658 2860 ἐκκλησιῶν
675 2833 702 2852 ο.
741 2825 762 2841 ³⁷
782 2825 950 2860 πταίσματος
967 2833 992 2852 0.

1032 2825 1053 2841 ³³
1071 2825 1173 2860 πταίσῃ
1188 2832 1214 2852 0.
1253 2823 1275 2841 "
1289 2824 1357 2859 μετὰ
1374 2822 1496 2859 μικροου
1509 2830 1535 2850 o.
