1874 3050
178 81 228 115 911

638 88 924 119 THEOPHYLACTI
942 89 1146 120 BULGARI/E
1161 90 1338 121 ARCIIIEP.

1748 89 1804 120 212

179 137 249 165 Filio
263 139 432 172 conveniret,
448 140 519 168 Patri
536 148 589 168 non
606 147 800 177 apponeretur.
819 143 897 171 Disce
910 151 960 170 au-

1052 143 1071 179 ᾦ
1086 145 1225 180 προσῆκον
1240 145 1324 179 μόνῳ,
1349 143 1387 180 τῷ
1403 144 1491 179 [ια-τρὶ
1515 144 1700 179 προσετίθετο.
1720 145 1756 171 Τί
1776 145 1805 171 δὲ

179 188 232 211 tum
246 185 309 221 quid
322 185 466 220 signiﬁcat,
477 195 616 222 perquem.
636 187 705 222 Quia
723 189 841 225 dixerat,
856 186 972 224 propter'

178 239 253 259 quem
285 232 374 258 omnia
399 252 406 260 .
438 239 472 259 ne
513 233 658 268 quisquam
693 235 843 263 absurdum
881 236 962 270 quid-

179 275 249 308 piam
277 275 454 312 intelligeret,
480 277 560 313 661
591 280 668 313 quasi
693 281 822 309 omnibus
840 281 898 316 ipse
924 282 963 308 in-

179 320 299 356 digeret,
329 321 551 357 quanquuidem
579 328 607 352 et
639 327 816 361 prmpositio,
844 332 961 361 propter,

178 367 230 394 tale
249 365 377 402 qniddam
402 368 550 404 signiﬁcet,
574 370 657 399 veluti
684 372 707 400 si
732 372 867 406 dicamus,
893 373 962 400 Pro-

179 417 235 446 pter
267 413 404 441 hominem
438 415 571 450 producta
603 421 646 446 est
683 423 829 451 creatura,
850 419 962 453 intulit,

175 465 221 490 per
239 466 326 494 queat,
344 458 528 495 interpretans
548 462 615 491 illud
633 469 741 498 propter
752 473 840 500 quem,
870 465 910 495 sic
921 466 963 493 in-

176 503 457 541 telligendum,quasi
484 515 532 543 per
547 507 649 543 ipsum,
680 510 730 537 hoc
750 514 803 544 est,
833 511 867 538 ab
904 511 963 547 ipso

175 549 246 576 facta
259 550 314 578 sint
326 552 430 580 omnia.
447 553 524 581 llunc
541 555 574 582 ad
596 555 707 583 modum
723 556 806 592 igitur
817 561 844 585 et
861 557 894 586 de
918 557 962 586 Fi-

177 595 213 622 lio
225 596 247 623 si
266 596 383 631 dicatur,
400 606 446 633 per
461 607 549 635 quem,
561 601 654 636 accipe
669 609 729 636 pro,
743 610 758 629 a
774 611 840 638 quo.

212 642 265 675 Qui
278 644 376 672 multo:
399 645 469 679 ﬁlios
483 647 510 673 in
529 647 641 682 gloriam
654 649 812 681 adduxerat,
827 655 961 678 auctorem

176 689 273 717 salutis
283 699 373 717 eorum
385 699 431 726 per
445 693 595 727 passionem
612 703 803 723 consummare.
818 696 916 724 Adhuc
928 697 962 724 il-

178 736 239 767 lius,
264 735 356 764 Gloria
384 742 409 765 et
432 738 531 766 honore
554 742 690 768 coronasti
719 750 790 775 eum,
816 743 962 771 “meminit.

177 781 255 815 Quod
286 787 376 810 autem
409 785 457 817 ait,
473 789 516 812 est
528 785 662 820 ejusmodi
680 796 687 814 :
704 786 781 820 Quod
807 788 962 824 benignita-

178 831 231 855 tem
264 835 341 856 suam
356 829 459 862 decuit,
490 830 516 857 id
532 831 612 859 Pater
628 832 701 864 fecit,
715 841 777 860 cum
793 834 959 868 primogeni-

178 876 235 900 tum
262 874 384 902 omnium
415 875 544 909 ﬁliorum,
580 877 626 912 qui
668 877 761 912 gloriae
798 879 858 913 ejus
899 886 963 914 par-

179 919 276 954 ticipes
296 920 380 948 futuri
403 925 492 954 erant,
518 922 662 950 clariorem
688 928 715 951 et
747 924 962 959 splendidiorem

179 965 306 994 ritimihus
320 968 545 995 commonstravit
560 976 608 1003 per
618 969 772 1004 passiones,
787 975 816 997 ut
835 971 964 998 ostendat

178 1011 260 1038 etiam
278 1011 339 1040 aliis
353 1013 489 1048 quomodo
504 1014 541 1042 sit
553 1015 726 1043 certandum.
744 1015 897 1051 Principem
913 1024 963 1043 au-

179 1062 232 1086 tem
247 1058 344 1087 salutis
353 1060 478 1094 appellat.
489 1060 539 1089 hoc
552 1066 604 1093 est,
617 1065 767 1090 auctorem.
781 1062 901 1090 Observa
916 1070 964 1090 au-

177 1108 232 1130 tem
242 1108 373 1138 quantum
390 1104 426 1132 sit
438 1104 585 1134 discrimen
598 1115 605 1134 :
620 1107 679 1141 ipse
689 1107 762 1134 enim
773 1107 858 1136 Filius
871 1111 923 1140 est,
937 1111 964 1135 et

179 1157 229 1177 nos
245 1149 290 1177 ﬁlii
305 1158 401 1178 sumus
415 1160 422 1178 :
438 1152 485 1179 sed
501 1152 559 1186 ipse
574 1153 684 1187 quidem
710 1153 803 1182 salvos
815 1153 893 1185 facit,
911 1161 962 1181 nos

179 1203 243 1223 vero
259 1196 326 1223 salvi
351 1196 489 1225 efﬁcimur
507 1206 514 1225 :
529 1199 725 1234 conjungimur
736 1200 799 1235 ipsi.
825 1205 852 1228 et
866 1208 963 1228 rursus

179 1249 348 1276 separamur.
372 1242 423 1270 Per
438 1243 504 1271 illud
515 1244 587 1279 quod
604 1245 653 1276 ait,
671 1245 723 1278 Qui
739 1246 834 1274 multos
849 1246 920 1280 ﬁlios
935 1246 963 1273 in

178 1285 290 1319 gloriam
318 1287 475 1320 adduxerat,
496 1287 548 1322 ipsi
576 1289 831 1317 communieamus:
865 1298 912 1325 per
928 1290 964 1317 is-

179 1332 225 1360 tud
242 1340 316 1363 vero,
339 1333 479 1361 Auctorem
494 1333 589 1361 salutis
610 1335 739 1369 ipsorum,
771 1335 905 1363 distamus
929 1337 964 1363 ab

182 1377 252 1412 ipso.
263 1378 382 1406 Observa
398 1383 488 1406 autem
505 1379 668 1408 afﬂictiones
679 1388 740 1408 esse
753 1375 970 1409 consummatio:

180 1430 240 1449 nem
250 1426 277 1449 et
293 1429 403 1449 causam
420 1423 517 1451 salutis
533 1432 540 1450 :
557 1428 584 1451 et
611 1424 656 1458 qui
669 1432 718 1460 pro
744 1425 871 1460 quopiam
895 1426 964 1460 pati-

180 1471 234 1499 tur,
250 1475 304 1494 non
333 1467 408 1494 illum
424 1468 512 1496 solum
543 1468 664 1503 adjuvat,
684 1477 777 1497 verum
797 1470 879 1498 etiam
905 1470 962 1506 ipse

180 1513 281 1539 clarior
308 1512 434 1540 redditur
451 1518 478 1541 et
512 1514 669 1550 perfectior.
695 1515 963 1544 Consummationem

179 1563 269 1586 autem
299 1558 343 1586 hic
371 1559 493 1594 intellige
514 1560 628 1596 gloriam
648 1568 702 1596 qua
714 1561 882 1596 gloriﬁcatus
897 1565 962 1589 est:

180 1609 261 1640 atque
281 1604 352 1633 hanc
367 1606 516 1633 secundum
531 1606 727 1635 humanitatem
762 1608 890 1643 intellige.
916 1607 964 1636 Vel

179 1651 250 1686 quod
266 1652 426 1679 naturaliter
446 1652 555 1687 quidem
586 1652 703 1681 habebat
729 1654 852 1688 gloriam,
882 1658 964 1682 caete-

181 1705 239 1723 rum
255 1698 343 1731 quoad
359 1705 409 1725 nos
421 1697 553 1733 inglorius
564 1703 634 1732 erat,
651 1703 746 1734 utpote
773 1707 826 1727 non
844 1700 963 1734 agnitus.

181 1742 214 1769 At
231 1750 295 1770 vero
306 1751 368 1770 cum
394 1747 455 1778 post
466 1751 574 1771 crucem
607 1745 734 1780 cognitus
746 1749 772 1773 et
798 1745 965 1780 gloriﬁcatus

180 1788 272 1820 fuerit,
291 1789 414 1823 accipere
427 1788 527 1816 dicitur
541 1789 666 1824 gloriam,
679 1798 760 1824 quam
784 1799 846 1818 cum
867 1796 964 1818 natura

181 1833 308 1865 habebat,
321 1837 396 1861 certe
411 1842 425 1861 a
441 1834 520 1862 nobis
536 1834 656 1866 delatum
687 1843 740 1862 non
756 1835 860 1863 habuit.
882 1836 965 1865 Divus

179 1883 270 1906 autem
285 1879 402 1915 Cyrillus
417 1879 609 1914 perfectionem
625 1881 857 1909 immortalitatem
885 1882 963 1916 dicit,

180 1932 241 1960 qnze
257 1925 366 1960 quidem
390 1924 508 1959 Christo,
523 1931 656 1961 quatenus
669 1931 728 1954 erat
745 1927 837 1961 homo,
853 1928 938 1956 defuit
957 1938 964 1956 :

179 1971 325 2007 complevit
345 1975 436 1999 autem
464 1972 534 2000 hanc
561 1972 614 2008 ipsi
631 1973 712 2001 Pater
725 1981 772 2007 per
784 1975 964 2002 resurrectio-

180 2025 252 2044 nem.
265 2017 412 2052 Postquam
425 2018 496 2045 onim
510 2020 671 2051 resurrexit,
688 2027 740 2046 non
758 2028 839 2055 porro
853 2021 878 2048 in
902 2029 963 2048 eum

180 2071 253 2090 mors
275 2063 441 2090 dominatur.
456 2063 526 2096 Quin
550 2068 577 2092 et
604 2065 757 2093 universam
788 2071 911 2094 naturam
937 2067 964 2095 in

180 2110 238 2143 ipso
251 2109 301 2136 hac
313 2109 481 2143 perfectione
497 2110 624 2144 dignatus
644 2114 696 2139 est.

215 2154 298 2182 Vens.
319 2155 361 2181 Η.
375 2154 426 2187 Qui
441 2155 510 2182 cnim
525 2156 686 2190 sanctiﬁcat,
712 2162 736 2184 et
752 2158 796 2192 qui
809 2160 965 2194 sonti/imus
977 2166 1004 2196 D

181 2205 234 2231 tur,
249 2207 281 2227 ex
298 2208 350 2226 nuo
379 2209 478 2228 οηιιιεε.
503 2200 540 2228 Εη
561 2209 658 2230 rursus
687 2202 790 2230 indicat
829 2213 880 2233 nos
905 2213 967 2232 esse

180 2245 279 2272 fratres
292 2245 406 2279 Christi,
420 2250 551 2281 tantoque
569 2247 682 2276 allectos
696 2248 810 2277 honore.
833 2251 886 2284 Qui
898 2251 967 2278 enim

179 2291 342 2326 sancti/ictu,
360 2292 409 2318 hoc
423 2296 475 2324 est,
492 2292 637 2327 Christus;
650 2299 674 2322 et
691 2295 736 2330 qui
751 2297 967 2331 sanctiﬁcantur,

179 2337 230 2363 huc
242 2342 296 2369 est,
325 2344 385 2369 nos,
402 2345 434 2364 ea:
450 2346 501 2365 uno
521 2346 620 2370 omnes,
634 2339 685 2367 hoc
698 2344 748 2372 est,
768 2348 800 2368 ex
821 2341 899 2370 Patre
916 2351 922 2369 :
940 2346 968 2370 al.

179 2383 223 2410 ille
238 2383 345 2418 quidem
362 2388 389 2410 ut
405 2391 551 2419 germanus
570 2385 666 2416 Filius,
680 2390 706 2414 ct
721 2394 753 2414 ex
769 2387 827 2422 ipsa
842 2388 968 2416 substan-

179 2430 214 2456 tia
233 2428 321 2456 Patris
338 2438 345 2456 :
365 2437 414 2457 nos
433 2435 523 2457 autem
554 2431 636 2458 veluti
661 2437 803 2460 creaturas.
835 2433 967 2461 Animad-

179 2481 254 2503 verte
265 2480 354 2503 autem
370 2477 557 2504 excellentiam
570 2471 715 2513 quamdam
727 2480 768 2507 vel
786 2479 812 2506 in
825 2480 890 2512 ipsis
905 2480 965 2507 dic-

180 2522 309 2550 tionibus.
325 2521 370 2548 Ille
384 2523 546 2555 sauotiﬁcat,
562 2531 613 2551 nos
628 2529 719 2552 autem
747 2525 963 2554 sanetilicamur.

179 2567 296 2596 l‘roinde
308 2573 335 2595 et
350 2568 478 2596 identitas
490 2573 532 2597 est
544 2573 571 2598 ct
590 2570 761 2598 excellentia.

214 2614 326 2648 Propter
336 2623 412 2650 quam
428 2623 536 2642 causam
551 2624 601 2642 non
613 2617 742 2644 erubescit
757 2617 853 2651 [νων-ιε
863 2626 907 2644 ειη
920 2626 964 2645 vo-

170 2669 248 2689 ,mre.
266 2660 322 2687 lloc
333 2661 413 2687 etiam
428 2661 454 2688 in
468 2661 527 2688 loco
538 2661 619 2697 662
633 2663 822 2690 excellentiam
838 2664 963 2691 observa.

1014 191 1143 226 σημαίνει
1157 191 1198 223 τδ,
1214 190 1251 217 δι’
1266 189 1314 223 οὗ,
1331 189 1462 225 μάνθανε.
1485 189 1594 225 Ἐπειδὴ
1614 187 1686 222 εἷπε,
1704 190 1743 216 δι’
1768 190 1807 216 ὃν

1012 234 1048 262 τὰ
1059 234 1168 268 πάντα,
1189 235 1232 262 ἶνα
1249 235 1286 270 μή
1301 244 1342 266 τις
1355 235 1456 261 ἄτοπόν
1473 235 1635 270 τιὲννοήση,
1652 235 1694 261 ὅτι
1714 235 1807 261 δεῖται

1012 282 1067 309 τῶν
1080 283 1188 309 πάντων
1205 282 1302 313 αὐτὸς·
1318 283 1334 317 ἡ
1348 281 1413 316 γὰρ,
1429 280 1488 314 διὰ,
1505 280 1634 316 πρόθεσις
1648 281 1696 307 καὶ
1710 281 1807 307 τοιοῦ-

1012 329 1058 356 τόν
1067 338 1093 355 τι
1110 329 1248 364 σημαίνει.
1261 327 1297 360 ὡς
1309 328 1373 354 ὅταν
1386 328 1517 362 εἴπωμεν,
1532 326 1583 354 Διὰ
1595 327 1640 352 τὸν
1655 327 1806 362 ἄνθρωπον

1013 374 1170 410 παρήχθηὴ
1190 374 1293 404 κτίσις·
1315 374 1438 408 ἐπήγαγε
1451 373 1491 405 τὸ,
1511 373 1550 399 δι’
1567 370 1615 404 οὗ,
1637 372 1805 408 ἑρμηνεύων

1012 422 1054 448 ὅτι
1075 421 1115 453 τὸ,
1129 421 1166 447 δι’
1181 420 1227 452 ὃν,
1248 419 1319 446 οὕτω
1335 419 1400 451 νόει,
1415 419 1454 451 ὡς
1478 418 1512 446 δι’
1531 418 1626 452 αὐτοῦ,
1646 418 1804 449 τουτέστιν.

1014 465 1059 493 ὑπ’
1074 464 1155 492 αὐτοῦ
1168 464 1321 500 γενομένων
1333 463 1451 491 πάντων.
1460 464 1541 491 Ὥστε
1555 462 1602 490 καὶ
1615 463 1661 490 ἐπὶ
1673 463 1721 490 τοῦ
1733 463 1806 489 Υίοῦ

1012 513 1077 540 ὅταν
1090 512 1203 547 λέγηται
1216 511 1258 543 τὸ,
1271 510 1308 538 δι’
1323 508 1370 543 οὖ,
1382 510 1454 537 οὕτω
1468 509 1547 537 τοῦτο
1561 509 1652 545 δέχου,
1663 510 1726 537 ἀντὶ
1739 509 1804 542 τοῦ,

1013 558 1058 591 ὑφ’
1073 554 1116 586 οὗ.

1050 648 1191 681 Πολλοὺς
1210 647 1296 680 υἱοὺς
1323 647 1367 680 εις
1386 646 1481 678 δόξαν
1500 646 1661 680 ἀγαγόντα,
1676 645 1732 672 τὸν
1750 644 1807 679 ἁρ-

1013 695 1110 730 χητὸν
1131 694 1185 728 τῆς
1201 693 1350 727 σωτηρίας
1363 691 1462 719 αὐτῶν
1485 691 1534 719 διὰ
1550 690 1732 725 παθημάτων
1753 698 1807 716 τε·

1012 741 1146 769 λειῶσαι.
1163 740 1224 767 Ἔτι
1238 739 1295 772 τοῦ,
1314 739 1393 772 Δόξῃ
1411 738 1461 765 καί
1483 736 1554 772 τιμῇ
1572 737 1807 771 ἐστεφάνωσας,

1013 787 1113 821 ἔχεται.
1132 787 1166 812 '0
1184 786 1212 812 δὲ
1234 785 1308 818 λέγει
1325 783 1446 811 τοιοῦτόν
1462 783 1553 810 ἐστιν·
1571 782 1664 815 Ἀξιον
1689 781 1741 816 τῆς
1757 790 1806 815 φι-

1013 832 1187 869 λανθρωπίας
1200 832 1222 848 ’⁷
1237 831 1320 858 αὐτοῦ
1336 829 1487 863 πεποίηκεν
1500 830 1514 855 6
1530 828 1635 864 Πατὴρ,
1656 828 1702 854 τὸν
1721 836 1807 862 πρω-

1012 878 1124 905 τότοκον
1137 877 1245 904 πάντων
1261 876 1314 902 τῶν
1332 876 1398 902 υἱῶν
1413 875 1468 902 τῶν
1483 874 1635 910 μελλόντων
1646 873 1807 900 ἀπολαῦσαι

1014 924 1064 958 τῆς
1087 923 1167 958 δόξης
1184 922 1285 955 αὐτοῦ,
1314 921 1506 957 λαμπρότερον
1528 921 1637 947 πάντων
1657 919 1809 951 ἀποδείξας

1013 969 1058 995 διὰ
1072 968 1252 1002 παθημάτων,
1268 967 1312 993 ἴνα
1329 967 1404 1002 δείξῃ
1428 966 1476 993 καὶ
1491 966 1547 997 τοῖς
1565 965 1655 996 ἄλλοις
1671 965 1748 996 ὅπως
1763 965 1808 991 δεῖ

1014 1014 1116 1042 ἀθλεῖν.
1138 1014 1189 1041 Τὸν
1205 1013 1327 1049 ἀρχηγὸν
1338 1012 1366 1038 δὲ
1382 1012 1432 1047 τῆς
1448 1011 1595 1047 σωτηρίας,
1608 1010 1742 1043 τουτέστι,
1757 1010 1808 1036 τὸν

1014 1061 1111 1087 αῐτιον.
1126 1060 1199 1095 Ὅρα
1212 1059 1240 1085 δὲ
1257 1059 1319 1085 ὅσον
1340 1058 1370 1085 τὸ
1388 1058 1481 1093 μέσον·
1498 1057 1547 1084 καὶ
1566 1054 1644 1088 οὗτος
1661 1056 1739 1089 Υἱός,
1755 1056 1807 1083 καὶ

1017 1108 1099 1143 ἡμεῖς
1114 1105 1168 1132 υίοί
1180 1114 1187 1121 ·
1205 1105 1263 1132 ἀλλ’
1277 1105 1291 1131 6
1310 1104 1359 1140 μὲν
1374 1104 1423 1131 καὶ
1445 1103 1536 1135 σώζει,
1553 1104 1634 1138 ἡμεῖς
1656 1102 1684 1129 δὲ
1710 1103 1807 1135 σωζό-

1016 1153 1104 1188 μεθα·
1135 1150 1328 1186 συναπτόμεθα
1354 1149 1440 1184 αὐτῷ,
1457 1149 1503 1176 καὶ
1531 1149 1612 1176 πάλιν
1628 1148 1806 1183 διῖστᾶμεθα.

1014 1197 1153 1231 Πολλοὺς
1169 1196 1254 1230 υἱοὺς
1266 1197 1310 1229 εις
1324 1195 1420 1227 δόξαν
1433 1195 1594 1229 ἀγαγόντα,
1605 1196 1692 1229 τούτῳ
1706 1203 1803 1220 κοινω-

1014 1242 1122 1277 νοῦμεν·
1140 1242 1195 1268 Τὸν
1208 1239 1342 1276 ἀρχηγὸν
1355 1238 1411 1273 τῆς
1423 1237 1574 1272 σωτηρίας
1585 1236 1696 1268 αὐτῶν,
1715 1236 1806 1270 τούτῳ

1014 1287 1186 1323 διῖστάμεθα.
1207 1285 1364 1322 Σημείωσαι
1377 1285 1415 1317 δὲ,
1436 1285 1476 1312 δτι
1490 1283 1629 1314 τελείωσις
1652 1283 1687 1310 τὰ
1710 1282 1805 1319 πα.θὴ-

1016 1342 1100 1370 ματα,
1115 1333 1163 1360 καὶ
1179 1331 1254 1359 αἴτια
1280 1330 1435 1365 σωτηρίας·
1461 1330 1509 1356 καὶ
1521 1330 1563 1356 ὅτι
1581 1330 1596 1356 6
1619 1329 1715 1356 παθὼν
1733 1328 1807 1364 ὑπέρ

1014 1388 1097 1412 τινος,
1113 1379 1163 1406 οὒκ
1187 1379 1290 1404 ἐκεῖνον
1317 1377 1418 1412 ὠφελεῖ
1437 1376 1529 1411 μόνον,
1551 1376 1619 1402 ἀλλὰ
1646 1376 1694 1410 καὶ
1721 1375 1807 1405 αὐτος

1014 1424 1205 1461 λαμπρότερος
1224 1423 1329 1458 γίνεται
1345 1423 1393 1449 καὶ
1413 1422 1591 1457 τελειότερος.
1612 1421 1762 1448 Τελείωσιν
1779 1421 1809 1449 δὲ

1016 1470 1135 1498 ἐνταῦθα
1148 1470 1213 1502 νόει,
1227 1470 1277 1503 τὴν
1299 1469 1378 1501 δόξαν
1397 1468 1431 1503 ἡν
1457 1467 1588 1502 ἐδοξάσθη
1600 1475 1608 1482 ’
1635 1467 1682 1493 καὶ
1699 1466 1809 1500 ταύτην

1015 1518 1086 1545 κατὰ
1096 1517 1127 1543 τὸ
1149 1515 1318 1551 ἀνθρώπινον
1344 1515 1474 1549 ἑκδέχου·
1507 1513 1524 1549 ἢ
1545 1513 1586 1540 ὅτι
1613 1511 1737 1546 φυσικῶς
1756 1512 1810 1547 μὲν

1015 1561 1071 1598 εἶχε
1081 1563 1130 1598 τὴν
1144 1561 1233 1594 δόξαν,
1246 1561 1316 1596 πλὴν
1331 1561 1392 1587 ὅσον
1403 1560 1433 1586 τὸ
1448 1559 1490 1594 ἐφ’
1504 1560 1571 1594 ἡμῖν
1585 1558 1678 1591 ἄδοξος
1693 1555 1739 1592 ἦν,
1755 1558 1809 1584 ᾰτε

1016 1609 1055 1645 μὴ
1079 1607 1342 1642 ὲπιγινωσκόμενος.
1374 1606 1451 1633 Ἐπεὶ
1478 1605 1507 1632 δὲ
1529 1604 1600 1639 μετὰ
1619 1604 1664 1630 τὸν
1686 1603 1810 1638 σταυρὸν

1019 1654 1144 1689 ἐγνώσθη
1169 1654 1216 1681 καὶ
1234 1652 1376 1686 ἐδοξάσθη,
1395 1650 1559 1687 προσλαϐεῖν
1580 1649 1687 1684 λέγεται
1712 1649 1808 1680 δόξαν,

1015 1701 1048 1736 ἢν
1069 1701 1139 1736 ἔχων
1154 1699 1287 1735 φυσικῶς,
1308 1698 1375 1734 παρ’
1396 1697 1474 1733 ἡμῶν
1494 1696 1559 1731 γοῦν
1576 1697 1626 1723 οὐκ
1642 1693 1697 1730 εἶχε
1720 1703 1809 1730 προσ·

1015 1747 1153 1782 αγομένην
1168 1746 1192 1762 ’⁸
1207 1745 1291 1781 αὐτῷ.
1312 1745 1342 1771 '0
1357 1745 1385 1772 δὲ
1403 1744 1481 1778 ἅγιος
1497 1743 1642 1778 Κύριλλος,
1661 1741 1810 1768 τελείωσιν

1015 1794 1065 1828 τὴν
1080 1792 1229 1820 ἀθανασίαν
1245 1791 1339 1826 φησὶν,
1358 1791 1419 1826 ἡτις
1439 1789 1560 1816 ἐνέλειπε
1575 1788 1624 1824 μὲν
1639 1787 1677 1823 τῷ
1691 1787 1810 1822 Χριστῷ

1015 1839 1076 1867 καθ’
1091 1838 1106 1865 ὃ
1131 1838 1290 1873 ἄνθρωπος·
1315 1836 1495 1871 ἀνεπλήρωσε
1519 1835 1548 1861 δὲ
1569 1833 1672 1868 ταύτην
1692 1833 1771 1868 αὐτῷ
1796 1835 1811 1860 6

1016 1885 1112 1921 Πατὴρ
1145 1884 1191 1911 διὰ
1223 1884 1274 1919 τῆς
1305 1882 1491 1913 ἀναστάσεως.
1524 1881 1701 1911 ’Δναστάντος
1730 1879 1810 1914 γὰρ,

1016 1931 1130 1962 θάνατος
1159 1929 1242 1956 αὐτοῦ
1267 1929 1359 1956 οὐκέτι
1393 1927 1526 1964 κυριεύει.
1555 1926 1611 1952 Καὶ
1647 1925 1740 1952 πᾶσαν
1775 1924 1809 1951 δὲ

1015 1977 1064 2012 τὴν
1082 1976 1162 2012 φύσιν
1182 1977 1211 2003 ἐν
1238 1975 1313 2010 αὑτῷ
1338 1974 1440 2009 ταύτης
1460 1973 1510 2008 τῆς
1529 1971 1694 2003 τελειώσεως
1720 1969 1811 2006 ﬂam-

1017 2031 1075 2051 σεν.

1054 2160 1091 2186 '0
1110 2166 1143 2185 τε
1157 2158 1211 2193 γὰρ
1222 2155 1358 2192 ἁγιάζων,
1373 2155 1422 2182 καὶ
1439 2156 1466 2182 οι
1480 2153 1675 2189 ἁγιαζόμενοι,
1687 2154 1723 2187 ἐξ
1737 2155 1814 2188 ἐνὸς

1017 2205 1140 2237 πάντες.
1165 2203 1230 2230 Ἰδοὺ
1254 2201 1336 2228 πάλιν
1361 2201 1440 2228 τοῦτο
1466 2200 1613 2233 δείκνυσιν,
1631 2201 1672 2227 ὅτι
1695 2201 1813 2235 ἀδελφοὶ

992 2263 1003 2275 ο
1017 2249 1138 2285 Χριστοῦ
1156 2250 1251 2284 ἐσμεν,
1269 2247 1316 2275 καὶ
1334 2247 1406 2274 οὕτω
1422 2246 1602 2282 τετιμήμεθα.
1634 2246 1670 2273 ’ὀ
1693 2255 1727 2273 τε
1751 2247 1813 2281 γὰρ

1016 2295 1151 2331 ἁγιάζων,
1165 2295 1244 2330 φησὶ,
1259 2294 1409 2327 τουτέστιν,
1422 2294 1436 2320 6
1454 2291 1639 2328 Χριστὸς,καὶ
1651 2293 1678 2319 οἱ
1691 2292 1814 2326 ἁγιαζό-

1015 2351 1113 2378 μενοι.
1133 2341 1284 2372 τουτέστιν,
1302 2341 1394 2376 ἡμεῖς,
1405 2339 1440 2371 ἐξ
1450 2339 1519 2370 ἐνὸς
1531 2337 1652 2370 πάντες,
1667 2338 1809 2370 τουτέστι,

1019 2388 1064 2416 τοῦ
1086 2387 1203 2423 Πατρός.
1227 2386 1297 2413 Ἀλλ’
1312 2387 1326 2412 6
1344 2386 1403 2420 μὲν,
1431 2384 1468 2415 ὡς
1488 2383 1599 2418 γνήσιος
1622 2381 1685 2413 Yth;
1704 2382 1753 2407 καὶ
1777 2382 1812 2414 ἐξ

1019 2435 1103 2469 αὐτῆς
1117 2435 1166 2468 τῆς
1187 2432 1281 2464 οὐσίας
1298 2431 1345 2458 τοῦ
1362 2430 1483 2466 Πατρός·
1500 2430 1580 2464 ἡμεῖς
1595 2427 1634 2459 δὲ,
1655 2427 1809 2461 κτίσματα.

1020 2480 1091 2515 Ὅρα
1100 2480 1128 2507 δὲ
1137 2480 1165 2506 ὲν
1180 2479 1275 2509 αὐταῖς
1290 2478 1349 2508 ταῖς
1361 2476 1448 2509 λέξεσι
1458 2475 1507 2510 τὴν
1519 2474 1666 2509 ὑπεροχήν.
1686 2473 1811 2505 Ἐκεῖνος

1020 2526 1141 2560 ἁγιάζει,
1153 2525 1234 2560 ἡμεῖς
1249 2523 1277 2550 δὲ
1295 2521 1475 2557 ἀγιαζόμεθα.
1493 2521 1575 2546 "Dm
1591 2520 1638 2546 καὶ
1659 2519 1808 2553 ταυτότης,

1020 2574 1068 2599 καὶ
1084 2570 1215 2606 ὑπεροχή.

1054 2616 1095 2643 Δι’
1125 2615 1171 2648 ’ῆν-ν
1192 2614 1311 2645 αἰτίαν,
1336 2613 1392 2640 οὐκ
1416 2611 1628 2645 ἐπαισχύνεται
1652 2608 1808 2651 ἀδελφοὺς

1017 2662 1128 2695 αὐτοὺς
1141 2661 1255 2688 καλεῖν.
1272 2661 1344 2695 Ὅρα
1359 2657 1497 2685 κάνταῦθα
1512 2657 1562 2691 τὴν
1582 2655 1730 2691 ὑπεροχήν.
1755 2654 1807 2680 Διὰ

856 2753 955 2784 \‘ariaa
967 2752 1132 2784 lectiones.

228 2802 248 2816 ’7
269 2801 421 2837 φιλοτιμίας
434 2810 459 2830 ο.
498 2804 520 2819 ¹¹¹
531 2803 720 2838 καταγομένην
735 2812 760 2829 υ.
