1874 3050
186 95 240 126 215

188 153 302 187 primatu
335 151 409 179 illam

188 198 262 231 fecit,
289 197 347 233 ipse
372 198 423 226 fuit
441 199 488 233 qui
515 203 630 226 mortem
654 201 788 234 condidit,
816 202 875 236 ipsa
894 203 977 230 veluti

189 244 272 272 milite
309 252 342 272 ac
376 244 493 272 fortibus
528 246 612 273 armis
664 248 796 275 adversus
828 248 976 276 humanam

189 296 312 318 naturam
346 296 435 318 utens.
453 290 510 319 llac
537 291 595 327 ipsa
624 293 708 328 igitur
737 294 866 323 Christus
893 295 974 322 etiam

188 345 254 364 usus
286 340 328 363 est
361 336 495 364 adversus
526 337 614 366 illum.
649 339 727 372 Quod
758 347 852 367 revera
885 341 976 368 mulue

187 381 313 416 potentia:
340 389 372 408 ac
408 382 549 417 sapientia:
585 384 654 415 fuit,
698 385 826 420 jugulare
869 386 974 414 hostem

187 428 220 454 iis
256 428 351 460 armis,
377 428 477 463 quibus
510 429 570 464 ipse
605 431 706 458 multos
736 431 975 467 jugulabat.Qui-

185 476 248 502 «iam
272 479 362 502 autem
388 476 428 502 sic
450 476 668 506 intellexerunt:
697 478 764 504 Eum
788 479 834 513 qui
860 479 977 507 habebat

186 528 338 558 peccatum,
355 523 492 558 inquiunt,
508 524 561 552 hoc
587 530 640 558 est,
656 526 795 554 diabolum
812 531 974 562 :peccatum

133 600 140 612 ι
184 569 257 595 enim
278 574 319 596 est
334 569 467 596 fortitudo
486 569 625 604 roburque
642 572 749 598 mortis.

221 614 302 642 Vens.
322 615 364 642 l5.
390 615 422 642 Et
441 616 563 643 liberaret
580 625 623 644 eos
635 618 680 652 qui
702 618 794 645 timore
809 619 902 646 mortis
930 627 974 652 per

185 665 270 687 totam
297 661 378 688 vitam
397 662 506 688 obnoxii
538 667 614 689 erant
640 663 771 692 strvituli.
793 663 851 691 lloc
863 669 916 696 est,
946 668 976 692 ut

185 707 315 734 liberaret
329 707 464 738 homines,
482 709 529 743 qui
546 709 617 736 servi
635 713 714 737 erant
744 711 849 744 mortis,
866 715 975 738 metue—

187 751 307 788 bantque
325 754 376 781 sibi
393 753 429 781 ab
444 762 488 788 ea,
507 754 602 789 illique
617 756 728 783 obnoxii
743 760 831 790 erant,
852 757 904 785 hoc
919 763 972 790 est,

183 799 286 827 detenti
300 800 432 827 servitute
445 808 505 835 qua
516 801 568 827 sub
578 801 636 836 ipsa
649 805 719 832 erat.
733 807 762 829 ut
779 810 839 836 qua:
851 803 971 830 nondqu

184 848 244 871 erat
265 844 406 872 destructa
426 855 434 873 :
457 846 500 873 vel
517 847 581 880 quia
598 847 626 873 in
638 847 737 875 timore
754 847 884 876 continuo
901 849 972 876 vive-
988 833 1008 860 Β

185 891 252 918 bant
272 891 354 925 prisci
373 893 512 925 mortales,
528 901 636 929 semper
651 901 712 922 sese
736 902 799 922 mox
825 896 973 924 morituros

185 942 387 973 exspectantes.
419 947 451 967 ac
480 947 535 974 prae
565 940 618 968 ista
635 940 781 969 formidine
805 943 908 970 nullius
926 951 973 970 vo-

185 983 298 1017 luptatis
329 991 442 1011 sensum
469 985 595 1019 aeeipere
628 990 788 1020 potuerunt.
817 987 872 1015 lloc
899 988 972 1015 enim

185 1029 372 1063 aulumbravit,
389 1038 451 1058 cum
467 1031 536 1058 dixit
553 1041 560 1059 ι
579 1031 632 1059 Per
650 1037 734 1060 totam
748 1034 840 1060 vitam.
856 1033 972 1061 Obnoxii

186 1076 281 1110 itaque
307 1080 387 1104 erant
403 1077 540 1110 servituti,
557 1078 610 1106 hoc
625 1084 677 1112 est,
695 1087 803 1115 semper
829 1080 971 1113 timebant,

184 1128 234 1147 t-eu
261 1121 333 1149 servi
349 1121 491 1150 dominum
504 1130 643 1158 asperum,
656 1123 745 1159 ipsam
768 1130 894 1157 mortem,
910 1125 972 1152 nul-

185 1168 238 1194 lam
256 1168 337 1202 plane
346 1168 514 1203 voluptatem
530 1178 546 1197 e
558 1177 588 1197 re
598 1171 689 1205 aliqua
700 1171 888 1206 percipienles.
903 1171 973 1200 Hinc

184 1220 250 1240 vero
269 1213 376 1248 collige,
403 1215 475 1249 quod
497 1215 521 1243 is
539 1215 586 1251 qui
608 1221 723 1244 mortem
739 1218 846 1249 metuit,
876 1225 973 1252 expers

184 1263 227 1286 est
241 1259 376 1288 libertatis
392 1262 570 1296 omniumque
582 1269 689 1289 servus.
709 1263 806 1292 Porro.
819 1264 891 1291 istud
907 1263 974 1290 iide-

186 1305 258 1332 libus
281 1303 390 1334 alllictis
419 1311 462 1334 est
488 1307 608 1339 Solatio:
637 1307 773 1342 siquidem
795 1307 833 1334 illi
865 1308 918 1335 acti
945 1311 973 1335 et

184 1353 343 1382 carceribus
368 1355 516 1390 mancipati
535 1354 650 1383 liberius
668 1363 700 1382 ac
716 1355 866 1390 jucundius
878 1355 973 1382 vivunt

184 1406 267 1432 quam
288 1399 376 1434 ii,qui
393 1399 458 1426 olim
475 1399 591 1426 summis
610 1400 635 1426 in
651 1400 759 1428 deliciis
775 1401 858 1427 vitam
872 1401 973 1428 ducere

183 1444 363 1478 videbantur,
392 1445 502 1480 quando
525 1446 632 1480 vigebt
659 1455 734 1475 mors
757 1452 783 1474 et
803 1447 875 1474 vires
908 1455 973 1475 suas

185 1489 338 1518 obtinebat.
366 1489 433 1518 Nam
462 1490 500 1517 illi
523 1491 620 1518 mortis
645 1495 720 1518 metu
742 1491 884 1521 concussi.
914 1499 1010 1529 ser-c

185 1537 211 1564 vi
248 1541 327 1564 erant
361 1545 368 1564 :
404 1544 453 1565 vos
488 1540 581 1565 autem
624 1537 658 1565 ab
685 1545 718 1565 eo
756 1541 831 1564 metu
865 1537 973 1565 liberati

184 1582 263 1610 estis.

226 1626 306 1655 Vens.
338 1627 381 1654 l6.
409 1625 548 1662 Nunquam
566 1627 636 1654 enim
659 1627 767 1662 angelo:
790 1628 972 1662 apprehendit.

187 1673 244 1701 lloc
270 1677 323 1704 est,
347 1680 401 1699 non
415 1672 574 1707 angelorum
592 1676 718 1700 naturam
743 1674 904 1708 assumpsit,
924 1681 974 1700 ne—

185 1724 240 1751 que
253 1724 314 1744 eam
334 1717 460 1751 gestavit.
483 1716 541 1745 Hoc
562 1723 653 1744 autem
667 1718 780 1745 multam
793 1726 856 1754 erga
878 1720 975 1745 huma-

187 1769 253 1788 nmu
287 1769 373 1797 genus
397 1761 559 1789 eharitatem
586 1762 632 1790 Dei
652 1762 765 1791 indicat.
791 1763 868 1796 Quod
901 1764 972 1791 enim

186 1807 311 1842 angelis,
347 1809 452 1843 inquit,
484 1816 538 1836 non
587 1810 718 1840 donavit.
761 1811 812 1838 hoc
853 1810 974 1838 homini-

186 1855 238 1881 bus
270 1853 354 1886 dedit,
391 1858 420 1881 ut
449 1862 482 1882 ex
513 1855 637 1890 ipserum
664 1860 760 1883 natura
797 1864 908 1884 carnem
933 1863 974 1884 as-

185 1904 315 1927 sumeret.

221 1945 273 1974 Sed
288 1955 375 1974 semen
394 1947 508 1974 Abralmz
522 1947 696 1981 reprehendit.
711 1947 770 1975 Non
785 1948 864 1980 dixit,
880 1955 972 1976 susce-

186 1992 235 2027 pit,
260 1990 308 2018 sed
324 1991 505 2025 apprehendit,
518 1995 548 2017 ut
566 1991 696 2018 ostendat
725 1990 797 2026 quod
824 1991 972 2027 fugientem

186 2040 310 2064 naturam
330 2041 463 2069 nostram,
485 2040 512 2063 et
545 2036 654 2072 longius
677 2041 809 2064 remotam
830 2037 972 2065 insecutus

186 2082 232 2115 δτι,
249 2086 277 2110 et
307 2086 480 2110 antevertens
507 2082 728 2116 apprehenderit.
757 2083 973 2118 complexusque

186 2129 233 2160 sit,
251 2127 303 2155 sibi
322 2127 430 2159 unicus,
448 2134 480 2153 ac
495 2127 596 2154 sistens
624 2127 711 2161 ipsam
726 2135 741 2154 τι
761 2127 824 2162 fuga
848 2136 902 2163 qua
931 2129 965 2155 ab

641 99 927 130 THEOPHYLACTI
947 101 1153 132 BULGARLE
1165 103 1266 133 ARCH
1273 104 1341 134 [EP.

461 152 673 181 inobedientiam
703 155 830 185 homines
865 164 971 192 peccari

1059 159 1146 194 ἰπειδὴ
1164 159 1219 195 γὰρ
1235 161 1403 196 ἁμαρτάνειν
1427 161 1514 188 ἐποίει
1535 162 1599 194 τοὺς
1610 161 1776 196 ἀνθρώπους
1793 164 1829 188 ὲκ

1768 104 1831 136 916

1028 205 1077 240 τῆς
1103 206 1217 242 πρώτης
1244 207 1354 243 ἐκείνης
1379 209 1532 243 παρακοῆς,
1553 207 1634 238 αὐτὸς
1662 205 1698 242 ἦν
1730 208 1746 234 ὁ
1776 209 1830 234 τὸν

1029 250 1145 278 θάνατον
1161 251 1380 288 δημιουργήσας,
1395 253 1490 288 ὥσπερ
1504 253 1557 279 τινὶ
1574 253 1732 289 στρατιώτῃ
1745 253 1828 287 αὐτῷ

1029 297 1077 324 καὶ
1097 297 1174 333 ὅπλῳ
1190 299 1294 334 ἰσχυρῷ
1309 299 1450 334 χρώμενος
1477 298 1549 325 κατὰ
1569 299 1618 333 τῆς
1643 299 1830 334 ἀνθρωπίνης

1030 344 1149 378 φύσεως.
1170 345 1264 380 Τούτῳ
1278 345 1325 372 οὖν
1339 344 1414 380 αὑτῷ
1427 346 1441 371 ὁ
1467 344 1584 380 Χριστὸς
1603 346 1745 380 ἐχρήσατο
1760 346 1829 371 κατ’

1027 389 1124 417 αὐτοῦ.
1146 391 1178 416 Ὃ
1204 391 1251 417 καὶ
1269 390 1309 424 τῷ
1336 390 1393 416 ὄντι
1413 390 1514 424 πολλῆς
1533 391 1676 425 δυνάμεως
1702 391 1753 418 καὶ
1781 399 1829 416 αο-

1028 435 1104 470 φιας,
1122 435 1152 462 τὸ
1168 435 1270 470 σφάξαι
1284 437 1329 462 τὸν
1343 435 1439 470 ἐχθρὸν
1455 436 1500 461 διὰ
1515 435 1562 462 τοῦ
1577 435 1661 462 ὅπλου
1675 432 1697 468 ᾧ
1713 435 1828 465 ἐκεῖνος

1028 481 1143 512 πολλοὺς
1171 481 1318 516 ἔσφαττεν.
1343 481 1424 513 Τινὲς
1450 481 1479 508 δὲ
1505 481 1592 513 οὕτως
1608 481 1724 517 ἐνόησαν
1741 489 1749 497 ·
1770 481 1829 506 τὸν

1027 528 1125 562 ἔχοντα
1138 527 1171 559 ³⁸,
1192 528 1270 562 φασὶ,
1286 528 1336 561 τὴν
1357 527 1508 562 ἁμαρτίαν,
1532 527 1676 558 τουτέστι,
1691 526 1738 553 τὸν
1761 527 1828 553 διὰ-

1028 573 1118 604 6ολον,
1131 573 1192 608 ἥτις
1207 574 1266 599 ἐστὶ
1283 574 1384 608 κράτος
1400 574 1448 600 καὶ
1464 573 1539 607 ἰσχὺς
1552 572 1599 599 τοῦ
1617 572 1746 599 θανάτου.

1062 618 1116 645 Kal
1140 618 1303 652 ἀπαλλάξῃ
1332 619 1456 650 τούτους
1486 618 1553 644 ὅσοι
1584 618 1665 651 φόϐῳ
1685 615 1828 643 θανάτου

1026 664 1075 690 διὰ
1107 664 1220 696 παντὸς
1247 664 1299 691 τοῦ
1333 663 1386 698 ζῇν
1417 664 1518 697 ἔνοχοι
1548 661 1631 697 ἦσαν
1660 662 1826 694 δουλείας.

1027 708 1183 740 Τουτέστιν,
1211 709 1254 735 ἵνα
1279 709 1451 744 ἐλευθερώσῃ
1479 709 1543 740 τοὺς
1560 707 1734 743 ἀνθρώπους,
1759 708 1826 734 ὅσοι

1026 752 1116 778 δοῦλοι
1131 750 1201 788 ἦσαν
1220 753 1268 779 τοῦ
1288 753 1416 784 θανάτου,
1433 754 1480 779 καὶ
1496 753 1643 787 ἐφοϐοῦντο
1655 753 1751 783 αὑτὸν,
1775 753 1827 779 καὶ

1027 798 1114 834 ἔνοχοι
1139 799 1214 834 αὐτῷ
1227 797 1307 834 ἦσαν,
1323 800 1475 832 τουτέστιν,
1492 800 1706 834 ἑγκατεχόμενοι
1719 800 1753 833 τῇ
1774 799 1827 824 ὑπ’

1026 844 1108 871 αὑτὸν
1130 844 1248 880 δουλείᾳ,
1279 845 1326 872 ἅτε
1358 845 1469 880 μηδέπω
1506 845 1706 872 καταλυθέντιο
1736 846 1754 880 ἢ
1781 845 1826 872 ὅτι

1025 891 1102 927 φόϐῳ
1127 892 1247 926 διηνεκεῖ
1274 893 1394 925 συνέζων
1418 894 1443 919 οι
1479 893 1562 919 πάλαι
1588 892 1752 927 ἄνθρωποι,
1778 893 1826 918 ἀεὶ

1024 937 1203 972 τεθνήξεσθαι
1223 938 1440 973 προσδοκῶντες,
1466 938 1512 964 καὶ
1532 938 1577 964 διὰ
1592 939 1638 964 τὸν
1655 937 1740 971 φόϐον
1757 937 1824 963 τοῦ-

1023 991 1069 1009 τον
1097 983 1224 1018 οὐδεμιᾶς
1257 983 1354 1018 ἡδονῆς
1383 984 1510 1019 αἴσθησιν
1544 984 1637 1010 λαϐεῖν
1671 983 1822 1018 ἠδύναντο.

1027 1028 1113 1054 Τοῦτο
1130 1029 1186 1063 γὰρ
1217 1028 1338 1064 ᾐνίξατο,
1370 1028 1420 1056 διὰ
1436 1029 1548 1062 παντὸς
1570 1029 1623 1056 τοῦ
1638 1028 1703 1061 ζῖζν,
1719 1029 1821 1054 εἰπών.

1026 1075 1134 1110 Ἕνοχοι
1150 1075 1196 1101 οὖν
1212 1073 1435 1116 ἧσανβουλείας,
1462 1075 1616 1107 τουτέστιν,
1631 1075 1675 1101 ἀεὶ
1688 1074 1752 1109 ἐτρε
1758 1083 1821 1109 μον,

1023 1121 1062 1153 ὡς
1090 1121 1177 1148 δοῦλοι
1202 1121 1336 1154 δεσπότην
1363 1121 1472 1157 πικρὸν,
1492 1121 1538 1148 τὸν
1556 1121 1684 1153 θάνατον,
1707 1121 1821 1152 οὐδενὸς

1024 1167 1206 1199 ἀπολαύοντες
1221 1167 1351 1202 τερπνοῦ.
1368 1167 1509 1201 Συνάγαγε
1526 1167 1549 1183 ³³
1563 1167 1592 1194 δὲ
1614 1167 1756 1199 ἐντεῦθεν,
1777 1167 1821 1194 ὅτι

1023 1214 1037 1239 ὁ
1053 1213 1167 1240 Θάνατον
1194 1213 1330 1246 δεδοικὼς,
1358 1213 1535 1248 ἀνελεύθερος
1551 1213 1598 1240 καὶ
1619 1212 1730 1239 πάντων
1757 1212 1821 1239 δοῦ-

1023 1260 1078 1292 λος.
1110 1260 1288 1296 Παράκλησις
1313 1260 1360 1286 καὶ
1385 1260 1464 1287 τοῦτο
1493 1261 1550 1291 τοῖς
1573 1259 1748 1293 θλιϐομένοις
1772 1267 1820 1285 πι-

1025 1307 1109 1337 στοῖς,
1135 1306 1191 1340 εἴγε
1216 1307 1240 1332 οἱ
1263 1306 1440 1341 ἐλαυνόμενοι
1468 1306 1516 1332 νῦν
1545 1306 1593 1333 καὶ
1620 1305 1819 1340 δεσμούμενοι,

1024 1349 1239 1385 ἐλευθερώτερον
1262 1351 1386 1384 διάγουσι
1409 1351 1457 1378 καὶ
1482 1351 1556 1386 ἥδιον
1571 1351 1626 1377 τῶν
1649 1351 1738 1377 πάλαι
1754 1358 1822 1385 τρυε

1024 1397 1078 1431 φᾷν
1089 1396 1249 1428 δοκούντων,
1268 1398 1312 1423 ὅτε
1331 1397 1423 1432 ῐςχυεν
1440 1399 1454 1423 ὁ
1471 1397 1598 1428 Θάνατος.
1627 1396 1820 1441 Ἐκείνοιδμὲν

1024 1442 1078 1477 γὰρ
1094 1442 1133 1476 τῷ
1150 1442 1225 1478 φόϐῳ
1246 1442 1293 1469 τοῦ
1321 1443 1437 1470 θανάτου
1468 1443 1692 1478 κατασειόμενοι,
1723 1441 1818 1469 δοῦλοι

1025 1486 1096 1524 ἦσαν
1106 1496 1112 1503 ο
1129 1489 1207 1524 ὑμεῖς
1221 1489 1250 1515 δὲ
1266 1488 1361 1516 τούτου
1377 1489 1564 1524 ἀπηλλάγητε.

1079 1627 1120 1654 Οὺ
1159 1626 1214 1661 τὰρ
1257 1626 1358 1659 δήπου
1394 1626 1530 1661 ἀγγέλων
1571 1625 1819 1660 ἐπιλαμϐάνεται.

1026 1673 1180 1704 Τουτέστιν.
1195 1673 1226 1699 οὗ
1244 1673 1294 1707 τῆς
1318 1673 1373 1699 τῶν
1399 1673 1525 1706 ἀγγέλων
1541 1672 1648 1706 φύσεως
1669 1671 1820 1706 ἐδράξατο,

1025 1717 1085 1744 οὐδὲ
1099 1717 1202 1752 ταύτην
1218 1718 1343 1752 ὲφόρεσε.
1368 1717 1453 1744 Τοῦτο
1469 1717 1497 1744 δὲ
1513 1717 1562 1752 τὴν
1578 1717 1678 1752 πολλὴν
1697 1717 1770 1751 πρὶς
1791 1717 1821 1742 τὸ

1025 1762 1194 1798 ἀνθρώπινον
1210 1763 1289 1796 γένος
1315 1763 1427 1797 ἀγάπην
1442 1763 1488 1789 τοῦ
1513 1763 1581 1789 Θεοῦ
1607 1762 1758 1788 δείκνυσιν.
1784 1762 1818 1787 ’0

1025 1810 1080 1844 γὰρ
1098 1809 1236 1843 ἀγγέλοις,
1244 1809 1335 1844 φησὶν,
1344 1809 1392 1835 οὐκ
1402 1809 1560 1843 ἐχαρίσατο,
1570 1807 1650 1834 τοῦτο
1660 1807 1819 1842 ἀνθρώποις

1025 1856 1136 1888 δέδωκε,
1148 1856 1188 1886 τὸ,
1202 1855 1232 1888 ἐξ
1245 1855 1336 1882 αὐτῶν
1353 1855 1443 1891 σάρκα
1457 1854 1672 1890 προσλαϐέσθαι.

1067 1946 1154 1974 Ἀλλά
1190 1947 1361 1981 σπέρματος
1407 1946 1535 1980 Ἀϐραὰμ
1569 1945 1817 1979 ἐπιλαμϐάνεται.

1026 1992 1084 2018 Οὐκ
1092 1990 1178 2023 εἶπεν,
1189 1991 1417 2024 ἀνέλαϐεν,Ἀλλ“,
1428 1991 1671 2026 ἐπιλαμϐάνεται,
1683 1992 1728 2018 ἵνα
1740 1992 1820 2027 δείξῃ

1025 2039 1067 2065 ὅτι
1085 2038 1240 2073 φεύγουσαν
1257 2039 1307 2074 τὴν
1323 2038 1404 2073 φύσιν
1421 2038 1499 2073 ἡμῶν
1511 2057 1519 2069 ,
1546 2038 1593 2064 καὶ
1610 2037 1820 2072 μακρυνοεῐσαν
1832 2032 1839 2036 ’

1026 2084 1119 2118 ἐδίωξε
1133 2092 1140 2100 ·
1168 2085 1216 2111 καὶ
1244 2084 1350 2118 φθάσας
1373 2083 1521 2110 ἐπελάϐετο
1542 2083 1639 2117 αὐτῆς,
1657 2084 1706 2110 καὶ
1723 2092 1819 2118 περιε-

1025 2131 1117 2167 πλάχη
1134 2131 1237 2162 ἐνώσας
1257 2129 1364 2164 ἐαυτῷ,
1392 2129 1440 2155 καὶ
1458 2128 1560 2162 στήσας
1582 2129 1668 2164 αὐτὴν
1694 2129 1745 2164 τῆς
1770 2130 1819 2156 ἀπ’

185 2174 246 2207 ipso
270 2171 402 2206 fugiebat.
427 2170 486 2198 Non
504 2171 574 2198 dixit
608 2176 710 2204 autem,
736 2176 861 2200 naturam
885 2173 971 2201 homi-

1059 2178 1111 2204 ιτοῦ
1145 2178 1244 2212 φυγῆς.
1280 2177 1339 2203 Οὐκ
1362 2174 1422 2202 εἷπε
1449 2175 1496 2207 δὲ,
1517 2174 1628 2207 Φύσεως
1651 2176 1817 2211 ἀνθρώπων,

186 2226 264 2251 num,
278 2218 326 2246 sed
354 2225 441 2245 senum
466 2217 582 2245 Abraha;
594 2224 603 2244 :
616 2218 715 2252 partim
734 2218 842 2252 quidem
858 2220 972 2254 cupiens

186 2273 235 2292 eos
269 2263 407 2294 attollere.
438 2270 471 2290 ac
493 2264 602 2298 generis
633 2263 754 2298 ipsorum
799 2265 971 2299 splendorem

185 2313 413 2340 commonstrare.
430 2308 541 2343 etquod
562 2309 588 2336 in
618 2309 670 2336 hoc
685 2309 738 2336 sint
767 2311 896 2344 gentibus
922 2319 971 2339 cx-

186 2355 371 2385 ecllentiores.
389 2359 528 2389 quatenus
541 2362 573 2381 ex
592 2355 659 2389 ipsis
678 2359 722 2382 est
736 2354 879 2384 Dominus.
893 2356 973 2384 Sciu-

186 2410 235 2438 per
245 2401 317 2429 enim
334 2401 412 2436 ipsis,
433 2401 479 2428 ubi
507 2401 576 2427 cilra
602 2400 734 2428 olTensam
763 2401 837 2434 licet,
867 2403 972 2437 gratiﬁ-

185 2453 265 2477 eatur
282 2457 288 2476 :
303 2448 401 2484 partim
430 2456 495 2475 vero
533 2448 745 2483 promissionem
760 2449 801 2476 eis
817 2449 851 2477 ad
866 2457 971 2478 memo-

184 2495 253 2522 riam
278 2501 431 2522 rcvucans:
449 2493 505 2521 Tibi
536 2498 561 2520 et
584 2494 677 2521 semini
701 2499 745 2521 tuo
771 2494 840 2522 dabo
873 2501 972 2523 terram

183 2542 251 2569 lianc
259 2541 292 2567 θ’.

219 2586 301 2623 664
311 2585 392 2613 Vnus.
409 2585 452 2612 l7.
471 2583 544 2612 Unde
556 2584 662 2612 debebat
672 2594 719 2620 per
733 2586 822 2613 omnia
839 2588 969 2621 [ratribus

183 2633 339 2661 uuimituri.
356 2632 424 2665 Quia
441 2631 543 2666 placuit
561 2631 586 2658 ei
616 2632 700 2659 semel
719 2637 841 2659 nostram
870 2641 968 2668 apprc-

237 2725 259 2741 ’°
275 2724 342 2753 Gen.
359 2733 420 2756 χιιι.
439 2726 480 2753 l5.

1023 2224 1101 2256 ἀλλὰ,
1119 2223 1290 2258 σπέρματος
1311 2221 1444 2256 Ἀϐραάμ
1457 2230 1464 2237 ·
1492 2221 1551 2255 ἅμα
1575 2221 1625 2256 μὲν
1649 2222 1817 2257 βουλόμενος

1024 2271 1122 2302 αὐτοὺς
1139 2271 1253 2305 ἐπᾶραι,
1275 2270 1321 2296 καὶ
1345 2268 1431 2300 δεῖξαι
1452 2267 1483 2294 τὸ
1502 2270 1581 2302 γένος
1603 2268 1693 2295 αὐτῶν
1711 2269 1817 2303 τίμιον,

1024 2317 1072 2344 καὶ
1089 2318 1129 2343 ὅτι
1143 2316 1223 2342 πλέον
1239 2315 1330 2350 ἔχουσι
1345 2315 1399 2341 τῶν
1417 2314 1530 2341 ἐθνικῶν
1546 2315 1576 2341 ὲν
1595 2314 1694 2350 τούτῳ,
1711 2315 1817 2342 nubo"

1025 2362 1055 2395 ἑξ
1080 2362 1170 2388 αὐτῶν
1189 2363 1203 2388 ό
1219 2361 1320 2397 Κύριος
1332 2369 1339 2376 ·
1361 2361 1405 2388 ἀεὶ
1419 2361 1471 2395 γὰρ
1485 2360 1627 2395 χαρίζεται
1651 2360 1758 2391 αὐτοῖς,
1788 2362 1816 2386 ἐν

1026 2405 1066 2439 οἷς
1079 2407 1166 2438 οὐδεὶς
1182 2407 1348 2442 βλάπτεται·
1368 2406 1428 2440 ’ἅμα
1450 2405 1479 2432 δὲ
1504 2405 1551 2431 καὶ
1570 2404 1620 2439 τῆς
1644 2405 1817 2438 ἐπαγγελίας

1028 2455 1245 2488 ἀναμιμνήσκων
1261 2451 1369 2483 αὐτοὺς,
1394 2451 1436 2477 ὅτι
1461 2449 1511 2477 Σοὶ
1534 2450 1583 2477 καὶ
1599 2449 1639 2482 τῷ
1662 2450 1816 2485 σπέρματί

1025 2508 1084 2527 σου
1097 2499 1183 2526 δώσω
1198 2497 1255 2532 τὴν
1274 2496 1333 2531 γῆν
1347 2496 1470 2530 ταύτην.

1063 2589 1152 2615 Ὅθεν
1161 2587 1270 2622 ὤφειλε
1282 2585 1357 2613 κατὰ
1372 2585 1470 2613 πάντα
1487 2586 1548 2619 τοῖς
1564 2585 1708 2620 ἀδελφοῖς
1733 2588 1816 2620 ὁμοι-

1027 2635 1148 2669 ωθῆναι.
1184 2633 1310 2669 Ἐπειδὴ,
1342 2633 1442 2669 φησιν,
1474 2632 1547 2665 ἅπαξ
1576 2633 1741 2665 κατεδέξατο
1765 2633 1814 2668 τῆς

862 2773 962 2806 Variae
980 2775 1144 2806 lectiones.

220 2820 240 2836 "
263 2820 362 2856 ἐλορῦν
378 2830 404 2849 υ.
444 2821 466 2839 ³³
478 2821 553 2854 sum;
569 2830 594 2849 0.
633 2823 654 2839 ³⁵
670 2824 764 2850 καθότι
779 2831 804 2852 ο.
