1876 3050
154 110 209 143 ἓῖε)

601 107 651 136 ΤΗ
658 106 752 134 EOPH
759 104 888 134 YLACTI
905 103 1111 135 BULGARI/E
1131 105 1308 135 ARCHIEP.

1731 103 1784 134 2m

157 169 207 195 bus
221 166 327 194 eluctus
345 164 372 191 in
392 162 560 194 Pontiiiccm,
578 169 675 194 neque,
694 165 721 186 ιιι
742 160 826 187 semel
840 160 940 191 dicam,
957 161 980 190 A

1035 169 1052 185 ην
1070 159 1346 195 προκεχειρισμένος,
1367 159 1438 188 οὔτε,
1453 158 1545 189 ἁπλῶς
1575 159 1673 191 εἰπεῖν,
1690 167 1786 194 σωμα-

156 214 274 248 aliquam
302 210 472 245 corporalem
501 207 617 240 speciem
647 206 762 233 habebat
790 205 875 232 forma
899 213 944 232 sa-

156 259 269 287 cerdotii
299 258 368 292 ejus,
393 255 476 282 veluti
498 251 681 280 tintinnabula
698 256 724 278 ct
755 251 881 284 laminas,
897 252 943 278 sed

157 305 248 332 omnia
260 301 411 338 spiritualia
425 298 523 333 erant),
534 298 650 333 primum
677 301 800 324 recenset
816 304 878 331 qua:
890 296 944 323 siut

158 349 314 378 communia
331 347 441 375 Christo
448 352 510 373 cum
527 343 639 378 reliquis
652 342 837 378 pontiﬁcibus,
848 341 944 369 deinde

160 396 235 429 ponit
250 402 280 421 ea
295 393 325 420 in
341 391 442 427 quibus
458 390 577 417 excellit.
603 388 673 415 Tum
691 388 764 417 enim
780 395 877 415 revera
894 395 944 414 ex-

158 442 258 469 cellens
282 446 332 474 per
355 435 588 472 comparationem
613 433 749 470 quispiam
777 433 942 465 ostenditur,

157 486 265 522 quando
291 485 319 515 in
337 483 398 511 aliis
425 481 535 517 qttidem
563 480 817 511 communicat-erit,
842 480 869 506 in
882 479 944 506 aliis

158 540 222 560 vero
236 530 416 560 excellentior
433 528 526 556 fuerit.
548 527 586 555 Ex
609 526 766 553 hominibus
792 525 885 560 itaque
899 532 943 552 as-

159 577 241 610 sumi,
257 583 402 604 commune
424 578 466 602 est
480 573 591 601 Christo
609 579 670 599 cum
689 570 822 606 reliquis:
839 578 900 598 nam
918 574 945 597 et

158 625 216 660 ipse
246 622 330 650 homo
352 628 413 648 cum
439 624 523 649 esset.
541 618 628 646 factus
653 620 695 645 est
715 616 850 644 Pontifex.
874 616 942 643 Tum

157 668 229 705 quod
240 676 289 705 pro
304 666 461 696 hominibus
473 664 649 692 constituitur
659 663 686 690 in
700 663 733 689 iis
742 670 801 697 quae
811 662 845 688 ad
859 662 943 688 Deum

159 716 307 751 pertinent,
333 714 384 740 hoc
400 715 451 745 est,
467 714 496 738 ut
510 709 592 745 676
607 716 657 744 pro
681 708 762 735 nobis
778 707 942 742 interpellet,

158 767 185 789 et
200 761 290 788 istlmc
304 762 347 786 est
359 763 506 785 commune
517 755 569 790 ipsi
585 762 646 782 cum
663 753 786 788 reliquis.

198 806 232 834 Ut
249 806 344 841 afferat
368 810 477 830 munera
497 805 521 828 et
542 799 676 834 sacriﬁcia
690 807 736 834 pro
756 799 883 833 peccatis.
900 797 943 825 ln-

160 853 329 886 terprclatus
348 852 390 875 cst
403 846 468 881 quid
487 846 532 879 sit,
555 845 586 872 ab
606 844 754 871 hominibus
774 843 902 871 constitui
917 843 944 869 in

160 898 194 925 iis
211 904 268 932 qua:
281 901 342 923 sunt
358 893 391 921 ad
411 893 509 925 Deum,
524 897 620 926 nempe
637 898 687 925 pro
701 890 821 925 peccatis
843 889 946 918 nostris

160 944 270 978 placare
284 942 383 968 Deum.
399 939 432 966 Et
449 939 501 966 hoc
514 937 598 973 igitur
614 943 760 963 commune
775 939 817 963 est
834 935 944 962 Christo

161 997 224 1016 cum
242 987 312 1020 aliis,
327 985 373 1013 sed
394 992 448 1012 non
463 988 551 1011 totum
571 992 578 1009 :
597 989 658 1009 nam
681 981 739 1016 ipse
755 981 876 1016 scipsum
896 979 944 1007 0b-

162 1035 233 1066 tulit,
254 1033 292 1060 illi
303 1039 368 1060 vero
384 1031 435 1058 alia
459 1028 593 1064 quaedam.
607 1028 705 1055 Munus
721 1030 810 1054 autem
822 1030 850 1054 et
861 1026 946 1054 sacri-

162 1081 252 1108 ticium
269 1078 406 1114 quomodo
425 1076 546 1110 quidem.
561 1075 583 1102 si
596 1079 720 1102 exactam
738 1078 846 1108 spectes
859 1073 946 1100 ratio-

161 1135 235 1159 nem,
256 1125 412 1159 discrepant
424 1143 431 1155 ,
454 1123 480 1149 in
497 1120 646 1156 Scripturis
664 1123 753 1146 autem
772 1119 832 1147 sine
845 1117 944 1146 discri-

161 1172 235 1199 mine
251 1172 403 1205 ponuntur,
422 1166 492 1194 infra
509 1166 610 1194 disces.

195 1215 279 1242 Vens.
296 1214 322 1241 Ξ.
345 1213 397 1246 Qui
414 1211 553 1238 condolerc
568 1210 653 1245 possit
674 1209 708 1236 iis
724 1209 768 1244 qui
781 1209 904 1243 ignorant
920 1212 944 1234 et

159 1265 261 1289 errant.
277 1261 336 1287 Hoc
362 1263 414 1291 est,
434 1257 480 1292 qui
512 1256 599 1291 possit
623 1255 764 1282 moderate
780 1253 860 1286 allici,
875 1261 946 1280 eont-

161 1307 229 1343 pati,
243 1303 477 1335 condescendere.
497 1310 528 1329 ac
541 1301 697 1329 condonare
713 1300 746 1327 iis
761 1300 807 1334 qui
818 1307 850 1326 ex
867 1299 944 1333 igno-

161 1351 249 1380 rantia
267 1353 392 1385 peccant.
414 1346 607 1376 Animadverte
630 1348 721 1371 autent
745 1351 827 1371 omne
849 1349 946 1378 pecca-

160 1402 220 1424 tum
243 1403 277 1423 ex
294 1392 450 1429 ignorantia
470 1395 498 1418 et
528 1396 622 1418 errore
640 1388 715 1415 nasci
730 1397 737 1414 :
756 1394 823 1425 pain
838 1386 945 1413 etiamsi

159 1441 285 1469 videatur
297 1438 359 1473 quis
375 1436 484 1464 novisse
498 1433 562 1469 quid
584 1433 686 1461 malum
704 1433 751 1464 sit,
768 1437 890 1466 tempore
905 1435 946 1458 ta-

161 1493 223 1513 men
249 1480 445 1510 transaclionis
467 1479 571 1515 peccati
595 1478 716 1506 tenebris
740 1477 944 1509 circumfusus,

162 1528 318 1566 ignorantia
337 1530 364 1554 et
378 1531 474 1552 errore
497 1524 619 1559 languet,
638 1522 787 1558 voluptatis
810 1522 946 1549 illecebris

160 1572 358 1610 praecipitatus.

197 1618 331 1652 Quoniam
341 1620 365 1644 et
379 1616 434 1650 ipse
445 1614 625 1642 circumdatus
639 1617 678 1640 est
693 1612 857 1646 inﬁrmitate.
877 1611 948 1639 Sim-

160 1661 299 1697 pliciorem
309 1667 342 1687 ac
357 1658 493 1686 veriorem
505 1657 667 1685 sententiam
683 1664 745 1684 esse
758 1656 826 1683 banc
839 1657 946 1692 opinor,

163 1711 308 1743 propterea
323 1705 450 1733 videlicet
471 1703 661 1739 ignorantibus
679 1703 824 1731 condolere
836 1702 948 1730 Pontili-

163 1761 233 1785 cem,
247 1751 320 1788 quod
335 1755 363 1779 et
375 1751 434 1786 ipse
448 1749 607 1780 inﬁrmitate
624 1749 660 1777 sit
675 1749 802 1781 amictus,
815 1753 842 1776 et
855 1749 950 1776 buma-

164 1806 206 1827 ηε
223 1796 421 1826 imbecillitatis
443 1802 602 1823 mensuram
622 1802 655 1823 ex
678 1795 769 1830 seipso
783 1802 947 1830 agnoscens,

163 1844 271 1872 veniam
285 1850 394 1878 quoque
409 1841 570 1869 admetitur.
588 1841 717 1868 Nonnulli
738 1845 828 1868 tatnen
849 1841 889 1868 sic
903 1848 949 1868 ae-

163 1892 306 1925 ceperunt,
320 1887 392 1923 quod
408 1887 436 1914 in
447 1887 499 1914 hoc
514 1886 573 1915 solo
588 1886 727 1921 discrepat
741 1894 755 1914 a
772 1886 874 1922 popqu
885 1893 950 1921 pon-

163 1934 240 1967 tifcx,
256 1933 329 1969 quod
344 1933 482 1960 condonet
498 1941 505 1960 :
526 1931 747 1967 quandoquidem
765 1931 825 1967 ipse
844 1932 873 1959 in
888 1931 949 1959 aliis

162 1988 217 2008 non
231 1980 310 2007 aliter
324 1986 357 2006 ac
371 1978 481 2013 reliqui,
495 1977 652 2006 inﬁrmitate
666 1977 850 2006 circumfusus
867 1977 913 2005 sit.

201 2072 284 2101 Vens.
304 2073 332 2101 5.
351 2071 385 2099 Et
399 2076 536 2107 propterea
557 2071 642 2104 debet,
664 2071 885 2107 quemadmodum
901 2079 949 2106 pro

164 2119 271 2153 populo,
292 2119 331 2145 ita
345 2119 426 2145 etiam
448 2122 472 2144 et
493 2125 540 2152 pro
555 2118 638 2151 seipse
653 2117 747 2151 olferre
763 2124 811 2151 pro
822 2118 947 2151 peccatis.

995 206 1076 238 τικήν
1105 214 1164 232 τινα
1191 205 1340 239 φαντασίαν
1365 202 1422 238 εἶχε
1450 203 1481 230 τὸ
1508 204 1600 238 σχῆμα
1628 205 1677 238 τῆς
1699 203 1785 230 αὐτοῦ

996 252 1160 286 ἱερωσύνης,
1183 249 1240 278 οἷον
1262 251 1400 283 κώδωνας,
1416 251 1464 276 καὶ
1478 250 1593 282 πέταλα,
1608 249 1676 277 ἀλλὰ
1694 251 1785 277 πάντα

995 300 1196 333 πνευματικὰ),
1222 297 1370 331 καταλέγει
1392 297 1501 332 πρῶτον
1516 296 1534 323 ἃ
1554 296 1632 323 κοινά
1662 296 1721 322 ἐστι
1746 295 1786 330 τῷ

995 344 1104 380 Χριστῷ
1117 343 1185 379 πρὸς
1196 344 1259 375 tab;
1272 344 1382 374 λοιποὺς
1394 343 1543 378 ἀρχιερεῖς,
1557 340 1620 367 εἶτα
1630 341 1723 376 τίθησι
1738 342 1786 367 καὶ

995 389 1029 416 τὰ
1040 389 1178 425 ἐξαίρετα.
1187 389 1254 416 Τότε
1267 389 1321 424 γὰρ
1328 389 1413 420 ὅντως
1427 388 1444 423 ἡ
1459 387 1530 414 κατὰ
1543 387 1690 422 σύγκρισιν
1701 385 1786 421 ὑπὲρ·

996 436 1046 470 οχή
1067 444 1140 466 τινος
1166 435 1285 468 γίνεται,
1299 435 1363 461 ὅταν
1378 434 1407 460 ὲν
1423 434 1472 469 μὲν
1488 435 1544 465 τοῖς
1560 433 1689 467 κοινωνῇ,
1711 433 1742 458 ὲν
1758 432 1786 458 δὲ

995 481 1050 510 τοῖς
1066 479 1202 514 ὑπερέχῃ.
1215 479 1252 505 Τδ
1265 477 1356 506 τοίνυν
1371 478 1400 510 ἐξ
1417 477 1568 513 ἀνθρώπων
1584 476 1785 511 λαμϐάνεσθαι,

996 525 1083 552 κοινὸν
1099 525 1137 558 τῷ
1150 525 1260 560 Χριστῷ
1288 524 1355 560 πρὸς
1376 524 1441 556 τοὺς
1466 523 1588 555 λοιπούς.
1606 523 1662 550 Καὶ
1674 523 1730 558 γὰρ
1738 523 1787 548 καὶ

995 569 1076 601 αὐτὸς
1104 569 1246 604 ἄνθρωπος
1261 569 1310 601 ὢν,
1338 570 1450 603 γέγονεν
1469 568 1642 604 Ἀρχιερεύς.
1669 567 1725 594 Καὶ
1756 567 1787 593 to

995 615 1065 650 ὑπὲρ
1095 615 1248 650 ἀνθρώπων
1279 615 1460 642 καῦῐστασϐαι
1487 614 1522 640 τὰ
1549 614 1618 649 πρὶς
1639 613 1685 640 τὴν
1707 612 1786 645 Θεὸν,

995 661 1128 694 τουτέστι,
1149 662 1313 693 ιιεσιτεύειν.
1327 662 1376 687 καὶ
1392 659 1471 687 τοῦτο
1487 660 1588 687 κοινόν.

1031 798 1093 826 Ἵνα
1111 798 1267 832 προσφέρῃ
1278 795 1357 830 δῶρά
1371 806 1403 824 τε
1415 798 1463 824 καὶ
1474 797 1584 830 θυσίας
1598 796 1676 829 ὑπὲρ
1691 797 1788 830 ἀμαρ-

996 845 1076 872 τιῶν.
1111 845 1288 880 Ἠρμὴνευσε
1325 845 1352 871 τὲ
1391 845 1449 870 ἐστι
1491 844 1546 876 τὸ,
1583 843 1787 870 καθίστασθαι

996 891 1072 924 ὑπὲρ
1094 890 1352 924 ἀνθρώπωννπρὸς
1384 889 1470 921 Θεὸν,
1488 889 1518 915 to
1535 889 1605 922 ὑπὲρ
1620 888 1675 914 τῶν
1693 887 1786 922 ἀμαρ-

995 937 1069 968 τιῶν,
1092 935 1186 970 φησὶν,
1217 935 1377 962 ἱλάσκεσῦαι
1397 935 1442 962 τὸν
1473 935 1551 961 Θεόν.
1575 935 1630 960 Καὶ
1660 933 1743 960 τοῦτο
1758 933 1787 960 δὲ

996 982 1086 1008 κοινὸν
1099 981 1138 1015 τῷ
1150 981 1262 1016 Χριστῷ
1274 981 1342 1016 πρὸς
1358 980 1422 1011 τοὺς
1440 980 1546 1011 ἄλλους·
1563 979 1633 1012 πλὴν
1650 979 1700 1013 οὐχ
1713 979 1786 1005 ὅλον·

996 1027 1075 1060 αὐτὸς
1091 1028 1140 1062 μὲν
1163 1026 1218 1061 γὰρ
1232 1027 1330 1053 ἑαυτὸν
1344 1027 1546 1061 προσήνεγκεν·
1561 1026 1661 1052 ἐκεῖνοι
1678 1024 1708 1051 δὲ
1719 1024 1788 1051 ἄλλα.

995 1074 1065 1101 τινά.
1086 1072 1177 1108 Δῶρον
1190 1073 1218 1099 δὲ
1237 1072 1285 1099 καὶ
1301 1072 1381 1098 ουσία
1397 1071 1456 1104 πῶς
1471 1072 1542 1098 κατᾶ
1557 1071 1606 1106 μὲν
1621 1071 1668 1097 τὸν
1681 1070 1787 1105 ἀκριϐῆ

995 1120 1073 1153 λόγον
1101 1119 1275 1154 διαφέρουσι,
1304 1117 1381 1152 παρὰ
1404 1117 1432 1144 δὲ
1453 1118 1486 1152 τῇ
1511 1117 1605 1152 Γραφῇ
1629 1116 1788 1152 ἀδιαφόρως
1814 1139 1827 1154 ⁸

996 1167 1111 1197 κεῖνται,
1129 1164 1238 1200 μαθήσῃ
1250 1164 1410 1198 κατωτέρω.

1030 1209 1245 1245 Μετριοπαθεῖν
1271 1209 1441 1243 δυνάμενος
1467 1208 1530 1241 τοῖς
1557 1209 1706 1243 ἀγνοοῦσι
1736 1210 1786 1236 καὶ

996 1258 1213 1292 πλανωμένοις.
1239 1257 1371 1283 Τουτέστι
1403 1258 1585 1291 συμμετρεῐν,
1619 1257 1790 1290 συμπαθεῖν,

997 1303 1234 1337 συγκαταϐαιυειν,
1258 1303 1306 1328 καὶ
1330 1301 1529 1336 συγγινώσκειν
1544 1303 1601 1332 τοῖς
1618 1301 1648 1333 ἐξ
1674 1303 1790 1336 aricia;

997 1349 1208 1384 ἁμαρτάνουσιν.
1224 1348 1295 1382 Ὀρα
1309 1347 1338 1374 δὲ
1355 1347 1396 1373 ὅτι
1425 1348 1478 1373 πᾶν
1509 1347 1663 1382 ἁμάρτημα
1689 1347 1790 1381 ἄγνοια

997 1393 1044 1420 καὶ
1056 1392 1144 1426 πλάνη
1155 1392 1247 1426 γεννᾷ.
1261 1391 1321 1418 Κᾶν
1332 1391 1387 1426 γὰρ
1397 1391 1461 1426 δοκῇ
1478 1400 1520 1423 τις
1531 1392 1631 1418 εἰδέναι
1645 1392 1675 1418 τὸ
1687 1393 1787 1423 κακὸν,

997 1438 1054 1465 ἀλλ’
1069 1437 1115 1464 οὖν
1131 1439 1159 1464 ὲν
1178 1437 1218 1472 τῷ
1235 1437 1286 1471 τῆς
1299 1437 1426 1471 πράξεως
1461 1436 1550 1472 καιρῷ
1580 1437 1787 1473 σκοτιζὸμενος,

1000 1484 1111 1518 ἄγνοιαν
1126 1484 1173 1509 καὶ
1185 1483 1288 1518 πλάνην
1302 1484 1385 1516 νοσεῖ,
1398 1482 1437 1517 τῷ
1452 1482 1516 1517 λείῳ
1530 1483 1580 1518 τῆς
1594 1483 1691 1519 ἡδονῆς
1701 1492 1790 1511 κατα-

1000 1529 1228 1564 κρημνιζόμενος.

1040 1620 1120 1647 Ἐπεὶ
1141 1620 1190 1647 καὶ
1205 1620 1296 1652 αὐτὸς
1308 1621 1469 1654 περίκειται
1483 1620 1539 1654 τὴν
1559 1619 1732 1647 ἀσθένειαν.
1758 1620 1790 1648 'Il

999 1667 1048 1702 μὲν
1076 1666 1249 1701 ἁπλουστέρα
1276 1665 1383 1701 ἐκδοχὴ.
1400 1663 1477 1700 οἶμαι
1495 1666 1523 1692 δὲ
1544 1666 1591 1692 καὶ
1604 1666 1789 1702 ἀληθεστέρα,

998 1712 1067 1747 αὕτη
1082 1712 1167 1745 ἐστὶν,
1190 1713 1231 1738 ὅτι
1245 1711 1289 1738 διὰ
1299 1711 1378 1738 τοῦτο
1396 1712 1575 1747 μετριοπαοεῖ
1592 1713 1605 1738 ό
1629 1713 1791 1747 Ἀρχιερεὺς

991 1758 1055 1789 τοῖς
1065 1756 1204 1791 ἀγνοοῦσι,
1215 1757 1283 1783 διότι
1300 1757 1347 1783 καὶ
1360 1757 1441 1787 αὐτὸς
1458 1756 1602 1783 ἀσθένειαν
1618 1757 1791 1791 περίκειται,

999 1801 1046 1827 καὶ
1063 1801 1139 1832 εἰδὼς
1157 1801 1187 1826 τὸ
1201 1801 1301 1836 μέτρον
1313 1801 1362 1835 τῆς
1382 1800 1558 1835 ἀνθρωπίνης
1580 1800 1726 1832 ἀσθενείας
1746 1801 1790 1834 ἐφ’

1003 1846 1105 1881 ἑαυτῷ,
1127 1847 1270 1881 ἐπιμετρεί
1281 1846 1327 1872 καὶ
1342 1845 1391 1880 τὴν
1402 1845 1570 1880 συγγνώμην
1580 1854 1587 1860 ·
1605 1847 1678 1877 τινὲς
1695 1847 1793 1881 μέντοι

999 1892 1086 1924 οὕτως
1114 1891 1283 1925 ἐξεδέξαντο·
1299 1892 1340 1918 ὅτι
1351 1892 1381 1918 ὲν
1391 1890 1480 1926 τούτῳ
1501 1891 1575 1926 μόνῳ
1601 1892 1727 1927 διαφέρει
1741 1893 1793 1920 τοῦ

999 1937 1065 1965 λαοῦ
1079 1939 1093 1964 ό
1114 1938 1271 1973 ἀρχιερεὺς,
1291 1938 1321 1963 ὲν
1332 1937 1371 1972 τῷ
1388 1937 1589 1971 συγγινώσκειν
1601 1945 1609 1953 °
1629 1926 1714 1964 trist.
1721 1939 1793 1972 τάγε

1000 1983 1068 2010 ἄλλα
1092 1983 1139 2010 καὶ
1162 1983 1241 2015 αὐτὸς
1265 1982 1408 2010 ἀσθένειαν
1421 1983 1487 2014 (om;
1500 1983 1557 2015 τοῖς
1581 1983 1692 2015 πολλοῖς
1707 1984 1793 2019 περε-

1000 2037 1100 2056 κειται.

1037 2075 1091 2102 Καὶ
1107 2074 1155 2101 διὰ
1165 2075 1278 2108 ταύτην
1293 2075 1417 2108 ὀφείλει,
1435 2074 1534 2107 καθὼς
1549 2074 1615 2109 περὶ
1630 2075 1684 2102 τοῦ
1698 2075 1792 2107 λαοῦ,

1001 2120 1078 2146 οὕτω
1089 2120 1138 2146 καὶ
1152 2120 1219 2153 περὶ
1231 2119 1341 2146 ἑαυτοῦ
1351 2120 1535 2154 προσφέρειν
1543 2119 1621 2154 ὑπὲρ
1628 2121 1794 2156 ἁμαρτιῶν.

164 2165 228 2191 [nec
243 2163 335 2190 omnia
349 2171 403 2190 non
419 2163 502 2190 liabet
513 2162 669 2190 communia
688 2162 814 2190 Christus
826 2170 888 2190 cum
905 2170 951 2190 re-
968 2168 991 2196 ι)

1035 2164 1098 2191 ιῦτα
1122 2165 1211 2191 πάντα
1232 2164 1325 2190 οὐκέτι
1353 2165 1432 2191 κοινὰ
1452 2165 1491 2200 τῷ
1506 2165 1618 2201 Χριστῷ
1636 2166 1705 2201 πρὸς
1727 2167 1795 2198 τοὺς

164 2209 258 2244 liquis,
274 2215 367 2235 verum
383 2208 411 2234 in
428 2208 471 2235 Itis
487 2208 605 2235 excellit.
619 2202 712 2243 Neque
726 2209 800 2235 enim
818 2208 952 2236 Dominus

165 2257 339 2288 peccatorum
355 2251 542 2279 inﬁrmitatem
554 2252 682 2284 habebat,
696 2259 785 2286 neque
798 2259 849 2287 pro
859 2252 951 2288 seipso

166 2297 277 2331 obtulit,
291 2297 339 2325 sed
355 2304 406 2333 pro
425 2296 539 2333 reliquis
553 2297 720 2325 hominibus.

148 2389 152 2428 ἦ
202 2390 286 2418 Vens.
301 2390 328 2417 ι.
351 2389 407 2418 Nec
426 2398 564 2425 quicquam
581 2391 661 2417 sumit
683 2391 734 2418 sibi
750 2391 885 2423 honorem,
906 2393 951 2419 sed

166 2437 211 2472 qui
226 2442 336 2464 vocatur
349 2445 366 2463 α
383 2435 449 2463 Deo.
467 2436 546 2463 Aliud
560 2437 699 2471 pontiﬁcis
717 2437 848 2465 iudicium
863 2437 950 2473 ponit,

166 2482 238 2516 quod
255 2489 382 2517 peraeque
404 2481 512 2508 Christo
533 2482 670 2515 convenit,
688 2490 785 2517 nempe
808 2483 881 2518 quod
898 2491 952 2510 non

166 2529 224 2563 ipse
237 2527 270 2554 ad
284 2527 470 2562 pontiﬁcatum
483 2527 597 2560 assiliat,
609 2529 655 2556 sed
673 2532 786 2556 vocetur
796 2537 810 2555 a
827 2529 891 2561 Deo,
908 2534 952 2556 at-

166 2582 218 2608 que
234 2573 271 2600 ita
285 2573 432 2608 acceperit.
448 2572 612 2608 Perstriugit
630 2577 721 2602 autem
738 2574 783 2601 hic
796 2573 951 2603 Iudaeorum

167 2622 224 2645 tum
241 2618 371 2653 temporis
386 2619 538 2654 pontiﬁces,
552 2619 598 2653 qui
610 2619 661 2654 ipsi
684 2619 844 2648 assiliebant
858 2620 892 2648 ad
902 2623 953 2648 ho-

166 2671 278 2695 norem,
297 2663 449 2697 emptitium
475 2663 555 2690 istum
578 2664 760 2698 possidentes,
784 2666 868 2701 legem
892 2673 952 2693 θοι-ι-

167 2715 225 2734 rutn
230 2712 334 2742 pontes.

196 2751 422 2784 Quemadmodum
433 2758 456 2780 et
469 2754 569 2782 Aaron.
583 2753 688 2782 Etenim
706 2755 795 2783 Aaron
805 2757 922 2791 primum
936 2766 951 2784 a

168 2796 225 2825 Deo
237 2805 284 2832 per
302 2798 394 2826 Mosen
407 2803 529 2832 vocatus,
549 2800 588 2827 sic
599 2800 710 2828 functus
725 2806 768 2829 est
783 2803 947 2837 sacerdotio,

1003 2209 1123 2242 λοιποὺς,
1143 2209 1199 2236 ἀλλ’
1214 2211 1243 2236 ὲν
1261 2210 1365 2242 τούτοις
1390 2211 1530 2247 ὑπερέχει.
1553 2211 1621 2238 Οὔτε
1635 2213 1690 2247 γὰρ
1705 2213 1791 2239 ἀσϐέ-

1002 2263 1077 2282 νειαν
1099 2253 1172 2290 εἶχεν
1181 2256 1195 2281 ὁ
1205 2255 1318 2291 Κύριος,
1333 2256 1383 2290 τὴν
1407 2256 1461 2283 τῶν
1474 2257 1627 2292 ἁμαρτιῶν,
1640 2257 1703 2284 οὔτε
1720 2258 1795 2294 ὑπὲρ

1003 2301 1099 2328 ἑαυτοῦ
1122 2302 1320 2336 προσήνεγκεν,
1350 2302 1408 2328 ἀλλ’
1434 2301 1512 2337 ὑπὲρ
1534 2302 1589 2329 τῶν
1613 2302 1717 2329 λοιπῶν
1742 2305 1795 2331 an»

1004 2347 1017 2374 0
1022 2347 1130 2382 ρώπων.

1038 2393 1093 2420 Καὶ
1109 2395 1165 2428 οὐχ
1184 2394 1279 2427 ἑαυτῷ
1292 2403 1337 2427 τις
1351 2395 1495 2430 λαμϐάνει
1520 2395 1578 2429 τὴν
1590 2395 1682 2430 τιμὴν
1692 2416 1699 2428 ,
1710 2396 1795 2424 ἀλλὰ

1003 2441 1019 2466 ὀ
1035 2440 1222 2474 καλούμενος
1253 2442 1313 2468 ὑπὸ
1339 2442 1394 2468 τοῦ
1420 2442 1505 2469 Θεοῦ.
1533 2442 1590 2468 Καὶ
1608 2442 1703 2477 ἕτερον
1718 2443 1794 2476 γνὼ-

1005 2493 1090 2520 ρισμα
1115 2485 1221 2520 τίθησιν
1245 2486 1395 2520 ἀρχιερέως
1411 2507 1418 2518 ,
1442 2487 1645 2522 ἐμφαινόμενον
1669 2488 1718 2514 καὶ
1751 2488 1794 2522 τῷ

1003 2531 1125 2566 Χριστῷ,
1142 2531 1182 2563 τὸ,
1199 2531 1237 2566 μὴ
1252 2531 1348 2558 ἑαυτὸν
1358 2532 1494 2567 ἂπιπηδᾴν
1508 2534 1541 2567 τῇ
1558 2533 1703 2568 ἱερωσύνῃ.
1721 2533 1795 2559 ἀλλὰ

1003 2577 1169 2611 καλούμενον
1185 2577 1236 2603 ὑπὸ
1251 2576 1296 2603 τοῦ
1312 2576 1390 2608 Θεοῦ,
1407 2577 1478 2604 οὕτω
1488 2578 1590 2613 ταύτην
1599 2578 1793 2613 ἀναδέχεσθαι.

1003 2621 1155 2648 Δινιττεται
1174 2622 1203 2648 δὲ
1221 2622 1339 2648 ἐνταῦθα
1351 2624 1415 2654 τοὺς
1425 2624 1487 2649 τότε
1503 2624 1641 2658 ἀρχιερεῖς
1652 2624 1708 2650 τῶν
1725 2625 1791 2651 ἰου-

1003 2666 1096 2699 δαίων,
1107 2667 1132 2693 οἳ
1147 2668 1292 2702 ἐπεπήδων
1304 2669 1337 2703 τῇ
1352 2670 1430 2703 τιμῇ.
1445 2669 1552 2704 ὠνητὴν
1566 2669 1669 2704 ταύτην
1683 2668 1793 2704 κτώμε·

1003 2721 1054 2746 νοι,
1072 2714 1119 2738 καὶ
1130 2712 1174 2739 τὸν
1187 2713 1269 2748 νόμον
1282 2713 1494 2748 διαφθείροντες.

1038 2757 1175 2790 Καθάπερ
1187 2758 1235 2784 καὶ
1255 2758 1376 2792 Ἀαρὼν.
1392 2759 1448 2785 Καὶ
1459 2759 1512 2794 γὰρ
1537 2759 1641 2794 Ἀαρὼν
1660 2760 1720 2786 κατ’
1737 2761 1792 2795 ἀρ-

1002 2804 1052 2838 χὰς
1067 2803 1120 2829 ὑπὸ
1133 2802 1200 2829 Θεοῦ
1209 2803 1253 2830 διὰ
1270 2803 1390 2837 Μωσέως
1399 2804 1520 2839 κληθεὶς,
1537 2804 1625 2837 οὕτως
1637 2805 1792 2842 lapatium,
