1876 3050
64 204 110 233 τοῖς
125 199 201 234 αὐτὴν
211 196 436 234 παραδεχομένοις
448 197 563 225 θανάτου
581 197 656 225 αἰτία
668 197 827 225 καθίστατο.
843 199 867 228 Α

64 249 126 283 Αὕτη
133 247 157 274 δὲ
169 245 290 273 τοσοῦτον
300 246 340 276 εἰς
349 244 422 280 ζωὴν
433 243 522 279 φέρει,
533 245 573 271 ὅτι
583 244 630 271 καὶ
641 243 709 280 αὑτὴ
721 243 754 279 ζῇ
780 244 828 271 καὶ

64 293 202 325 διαιωνίζει.
224 292 259 318 Ἦ
272 291 313 324 τὸ,
329 290 437 322 ζῶσαν.
457 291 556 325 ὁμοίως
569 290 665 326 νόησον
677 290 727 325 τῷ,
744 290 828 326 πρόσ-

64 348 144 374 φιτον,
157 338 215 365 ἀντὶ
233 337 290 370 τοῦ,
303 338 366 363 νέαν
379 337 427 363 καὶ
441 336 604 368 Θάλλουσαν,
616 336 654 368 ὡς
666 337 735 371 πρὸς
753 336 826 363 ἀντι-

62 386 186 418 διαστολὴν
200 385 248 420 τῆς
277 385 317 416 εις
335 385 370 411 τὰ
398 384 502 411 παλαιὰ
520 384 588 418 ἅγια
603 384 717 411 είσόδου·
735 383 826 418 ἐκείνη

61 433 106 467 γὰρ
119 431 285 466 νενέκρωται.

89 478 134 504 Διὰ
149 477 198 504 τοῦ
210 474 485 510 καταπετάσματος,
509 475 645 503 τουτέστι
677 474 732 509 τῆς
754 483 826 508 σαρ-

61 523 206 556 κὸςαὺτοῦ.
226 523 407 550 Ἑνεκαίνισον
424 523 490 558 ἡμῖν
509 522 559 557 τὴν
584 521 643 549 όδὺν
664 521 765 557 ταύτην
777 522 827 556 τὴν

61 573 94 602 εἰς
103 570 218 604 οὐρανὸν.
232 568 275 596 διὰ
290 569 338 604 τῆς
355 568 456 604 σαρκὸς
475 567 572 595 αὑτοῦ·
585 568 629 594 ὅτε
643 567 697 603 γὰρ
711 567 782 602 ῇρθη
799 567 827 593 ὲν

62 616 92 650 τῷ
104 615 206 650 σταυρῷ
229 614 313 650 αὕτη,
336 614 384 642 καὶ
408 614 558 650 ἀνελήφθη,
576 614 637 640 τότε
651 613 827 648 ἀπεκάλυψεν

61 661 115 695 ἡμτν
126 660 157 686 τὰ
174 660 292 694 οὐράνια.
316 660 362 686 Διὸ
389 660 438 687 καὶ
463 660 600 695 εὐκαίρως
625 660 827 695 καταπέτασμα

62 706 131 740 αὐτὴν
152 706 272 732 ἐκάλεσε.
299 706 385 732 Τοῦτο
401 705 457 741 γὰρ
472 705 537 732 ῐδιον
551 705 597 732 τοῦ
613 705 827 740 καταπετάσμα-

60 760 105 783 τος,
115 752 150 784 τὸ,
165 752 226 778 am
239 752 323 787 ἀρθῇ,
339 752 541 779 ἀνακαλύπτειν
554 752 586 778 τὰ
600 751 683 779 ἔνδον.

88 796 135 823 Kal
160 797 237 830 ίερέα
265 797 372 831 μέγαν,
397 797 446 823 ἐπὶ
472 797 526 823 τὸν
545 795 630 823 οἶκον
654 797 722 823 toi}.
741 796 825 823 Θεοῦ.

61 843 170 877 Ἔχοντες
191 842 291 878 δηλαδὴ
317 842 391 878 ἱερέα
416 842 466 876 μὲν
485 842 530 868 τὸν
549 842 677 877 Χριστὸν,
695 841 767 869 οἷκον
786 842 825 875 δὲ,

59 888 119 922 ἡμᾶς
133 889 192 920 τοὺς
207 889 331 920 πιστοὺς,
344 888 414 914 κατὰ
433 887 478 914 τόσ
501 888 664 922 Ἐνοικήσω
677 887 712 914 ἐν
727 888 828 920 αὐτοῖς
845 877 866 906 Β

59 933 98 959 καί
110 933 345 967 ἐμπεριπατήσω.
362 933 395 960 Ἢ
412 934 481 968 ὅπερ
494 931 572 969 οἶμαι
589 934 699 968 μᾶλλον,
712 935 757 961 τὸν
783 936 829 962 o'a-

61 980 143 1013 ρινόνθ
159 980 262 1006 ἐκεῖνον
285 980 340 1014 γὰρ
355 982 402 1006 καὶ
414 979 498 1014 ’Ἅγια
523 979 611 1013 καλεῖ,
626 980 672 1007 καὶ
688 981 716 1007 ὲν
734 981 830 1016 ἐκείνῳ

59 1026 208 1061 λεπτουργεῖν
220 1026 267 1053 τὸν
295 1027 438 1062 Ἀρχιερέα
453 1026 538 1060 λέγει,
554 1026 625 1062 ὑπὲρ
639 1026 720 1062 ἡμῶν
732 1027 830 1062 ἐντυγ-

59 1072 168 1105 χὰνοντα.

89 1117 326 1153 Προσερχὼμεθα.
338 1118 414 1152 Tito;
427 1119 459 1154 τῇ
473 1119 574 1151 πίστει,
591 1119 638 1146 καὶ
651 1119 684 1155 τῇ
704 1127 830 1154 πνευμα-

59 1166 110 1199 τικῇ
124 1164 255 1200 λατρεία·
285 1165 302 1200 ἢ
332 1164 371 1201 τῷ
397 1164 517 1201 οὐρανῷ,
545 1164 610 1192 ἔνθα
635 1165 650 1192 ὸ
672 1165 830 1200 ’Δρχιερεὺς

59 1210 133 1244 ἡμῶν.

86 1255 158 1282 Μετὰ
183 1255 334 1290 ἀληθινῆς
373 1255 507 1291 καρδίας.
538 1255 684 1284 Τουτιστιν
720 1255 826 1288 ἀδόλου,

58 1302 222 1338 ἀνυποκρίτου
250 1303 321 1339 πρὸς
344 1303 408 1335 τοὺς
435 1303 585 1338 ἀδελφοὺς,
613 1303 630 1338 ἢ
655 1302 829 1335 ἀδιστάκτου,

61 1347 130 1383 μηδὲν
144 1347 379 1383 ἁμφιῦαλλούσης,
393 1349 477 1384 μηδὲν
495 1348 686 1384 ἐνδοιαζούσης
701 1348 831 1384 περὶτῶν

59 1394 206 1428 μελλόντων,
230 1394 281 1421 καὶ
300 1394 344 1422 διὰ
359 1394 438 1422 τοῦτο
462 1395 695 1431 μικροψυχούσης.
716 1394 831 1428 Ἐπάγει

57 1449 95 1467 ουν
110 1448 116 1455 ¹

90 1487 136 1513 Ἔν
156 1485 346 1520 πληροφορίᾳ
367 1486 508 1519 πίστεως.
532 1487 656 1514 Διδάσκει
677 1487 750 1523 ἡμᾶς
773 1489 832 1521 πῶς

58 1532 82 1559 οὐ
100 1532 348 1568 μικροψυχήσομεν,
376 1531 424 1558 tam
445 1531 632 1567 πληροφορίαν
657 1533 765 1570 ἔχωμεν
787 1535 830 1561 πίε
844 1547 867 1578 C

59 1588 140 1611 στεως,
157 1580 292 1611 τουτέστι,
319 1578 410 1605 πίστιν
433 1579 644 1614 ἀπηρτισμένην
665 1580 712 1607 καὶ
730 1580 832 1607 τελειο-

58 1625 140 1660 τάτην.
159 1625 236 1651 Ἔστι
251 1624 308 1659 γὰρ
320 1623 460 1650 πιστεύειν
473 1624 534 1659 μὲν,
553 1623 603 1650 οὐκ
615 1625 644 1651 ὲν
659 1625 831 1662 πληροφορίᾳ

58 1671 88 1697 δέ.
102 1672 201 1706 Ὥσπερ
216 1670 289 1701 τινὲς
307 1670 443 1704 λέγουσιν,
458 1669 499 1696 ὅτι
514 1670 593 1697 ἐνίων
610 1671 660 1706 μὲν
677 1671 752 1698 ἔσται
767 1672 831 1698 ἀνά-

59 1726 147 1750 σταςις,
167 1717 249 1744 τινῶν
266 1716 294 1743 δὲ
308 1717 358 1743 οὐκ
372 1716 448 1743 ἔσται
459 1724 466 1732 ·
486 1716 566 1743 τοῦτο
582 1717 632 1744 οὐκ
651 1716 710 1743 ἐστι
723 1718 831 1754 πλήρης

59 1762 146 1793 πίστις,
169 1762 226 1788 ἀλλ’
251 1762 363 1796 ἀτελής.
385 1761 429 1787 Ἑν
451 1760 622 1796 πληροφορίᾳ
645 1758 692 1788 οὖν
712 1760 831 1793 πίστεως

58 1807 273 1843 προσερχώμεθα.
302 1807 412 1842 Ἐπειδὴ
438 1806 492 1841 γὰρ
515 1806 592 1833 οὐδέν
616 1807 689 1833 ἐστιν
720 1806 829 1841 ὁρατὸν,

57 1853 108 1879 οὒτε
123 1855 136 1880 ὸ
151 1853 212 1885 ναὸς
229 1855 244 1880 ὁ
259 1853 386 1888 οὐρανὸς,
402 1852 465 1879 οὔτε
481 1853 494 1878 ὀ
510 1852 658 1888 ἀρχιερεὺς
673 1853 686 1878 ὁ
701 1853 829 1888 Χριστὸς,

57 1899 114 1926 ἀλλὰ
125 1900 289 1935 κέκρυπται,
312 1899 405 1934 ὥσπερ
426 1900 473 1926 καὶ
486 1899 516 1926 τὺ
530 1898 644 1925 παλαιὸν
659 1899 673 1925 ὸ
682 1898 829 1935 ἀρχιερεὺς

58 1944 236 1980 ἀπεκρύπτετο
251 1943 393 1976 εἰσελθὼν,
414 1944 459 1970 διὰ
481 1943 561 1971 τοῦτο
577 1943 618 1971 δεῖ
639 1944 758 1976 πίστεως
781 1953 830 1971 me

59 1988 228 2025 πληρωμένης
244 1989 294 2016 καὶ
310 1989 485 2016 ἀδιστάκτου.

91 2128 327 2163 Ἐρῤαντισμένοι
343 2127 397 2161 τὰς
413 2126 535 2161 καρδίας
552 2126 610 2154 ἀπὸ
626 2126 830 2162 συνειδήσεως

58 2174 187 2209 πονηρᾶς.
210 2175 305 2201 Εἰπὼν
327 2174 392 2209 περὶ
411 2173 540 2205 πίστεως,
560 2172 679 2200 δείκνυσι
701 2173 758 2207 νῦν,
789 2175 829 2201 ὅτι

413 141 617 173 EXPOSITIO
637 142 677 173 ΙΝ
699 141 817 172 EPIST.
845 140 895 172 AD
914 140 1108 171 llEBR/EOS.
1126 153 1160 158 -
1179 140 1261 171 CAP.
1276 141 1312 171 X.

1612 141 1664 171 330

881 198 969 224 locum
982 204 1034 224 non
1051 196 1144 229 habet,
1161 195 1209 224 sed
1223 195 1441 231 suscipientibus
1457 196 1544 231 ipsam
1570 198 1666 224 mortis

882 251 964 270 causa
981 243 1096 271 exstitit.
1110 243 1173 270 iia-c
1184 247 1275 270 autem
1295 243 1365 270 adeo
1379 243 1413 270 ad
1428 244 1510 271 vitam
1522 243 1609 276 ducit,
1639 250 1667 272 ut

881 293 907 316 ct
923 290 981 324 ipsa
1001 289 1074 316 vivat
1091 293 1118 316 ct
1129 293 1230 316 aeterna
1249 289 1294 317 sit.
1308 288 1369 322 Vel,
1389 290 1525 324 υἰνεηιεηι,
1554 291 1667 326 perinde

882 335 1003 369 intelligo
1019 339 1101 369 atque
1113 339 1261 367 recentem,
1280 342 1330 370 pro
1345 335 1405 362 viva
1430 340 1457 364 et
1483 337 1607 369 ﬂorente,
1633 337 1666 364 ad

881 381 1030 409 discrimen
1044 381 1173 408 introitus
1185 380 1219 407 ad
1229 386 1319 408 vetera
1329 387 1443 410 sancta:
1459 387 1584 411 mortuus
1593 383 1664 411 cnim

882 427 927 454 ille
941 432 993 454 cst.

918 473 971 500 Per
990 474 1115 506 velamen,
1134 474 1182 500 hoc
1196 477 1235 501 est
1250 482 1356 501 carnem
1381 482 1469 501 suam.
1483 475 1604 502 Initiavit
1618 484 1668 502 no-

882 520 924 547 bis
937 521 1010 547 viam
1028 521 1099 548 hanc
1129 521 1161 548 ad
1180 521 1267 549 cattus
1294 521 1451 553 ducentem,
1481 529 1529 556 per
1555 530 1666 550 carnem

882 575 970 595 suam.
985 567 1101 600 Quando
1120 568 1192 595 enim
1209 568 1235 595 in
1251 575 1361 595 erucem
1383 574 1448 595 caro
1465 567 1572 595 sublata
1596 573 1666 600 erat,

881 618 908 640 cl.
928 613 954 641 iu
970 614 1070 641 caelum
1086 619 1205 649 recepta,
1219 619 1277 642 tum
1298 613 1427 642 revelavit
1442 613 1521 642 nobis
1532 614 1666 642 coalestia.

881 659 1029 695 Propterea
1045 665 1072 688 et
1087 665 1241 695 opportune
1273 660 1398 688 velamen
1427 668 1486 688 eam
1508 661 1666 696 appellavit.

882 706 954 734 Istud
970 707 1042 734 enim
1057 707 1197 742 proprium
1212 712 1254 734 est
1277 707 1434 740 velamenti,
1451 711 1480 734 ut
1495 715 1558 734 cum
1577 715 1668 735 remo-

881 757 939 780 tum
957 753 1048 786 fuerit,
1064 754 1165 781 revolet
1178 761 1238 788 qua:
1257 753 1312 781 sint
1328 753 1411 781 intus.

917 798 999 826 Vens.
1014 799 1058 826 21.
1077 799 1110 826 Et
1121 799 1284 826 sacerdotem
1309 807 1433 833 magnum
1457 808 1534 834 super
1560 800 1668 828 domum

882 843 941 870 Dei.
963 843 1101 872 Habentes
1115 845 1241 872 videlicet
1256 845 1428 872 sarcrdotcm
1450 845 1558 880 quidem
1585 846 1668 874 Chri-

880 892 973 921 stum;
991 891 1102 916 domum
1124 897 1199 922 Vero.
1229 898 1280 918 nos
1295 890 1400 922 ﬁdeles,
1414 891 1490 926 juxta
1510 892 1576 920 illud
1595 901 1602 920 :
1620 892 1669 920 ln-

881 933 1008 962 habitabo
1019 935 1046 962 in
1062 936 1138 969 ipsia,
1150 940 1174 962 et
1193 936 1364 965 iunmbulabo
1382 936 1409 963 in
1434 939 1486 966 eis.
1517 938 1575 972 Vel,
1594 940 1667 975 quod

881 989 945 1009 reor
960 988 1021 1009 esse
1037 982 1139 1017 potius,
1156 982 1255 1010 malum
1272 993 1278 1010 :
1297 983 1363 1012 illud
1379 985 1452 1012 enim
1465 989 1492 1013 ct
1508 990 1603 1014 sancta
1620 994 1669 1022 ap-

879 1026 974 1060 pellat,
993 1031 1020 1054 et
1035 1026 1062 1054 in
1074 1034 1108 1054 eo
1122 1026 1280 1055 Pontilicem
1292 1028 1448 1058 ministrare
1462 1031 1537 1062 dicit,
1556 1039 1606 1066 pro
1620 1040 1668 1060 no-

882 1071 924 1099 bis
941 1071 1068 1099 videlicet
1082 1072 1288 1101 intercedendo.

918 1115 1001 1145 γης.
1019 1117 1064 1144 22.
1083 1118 1258 1146 Δεειααηιαε.
1274 1119 1315 1147 Ad
1327 1120 1392 1155 quid
1403 1121 1414 1148 ?
1424 1121 1463 1149 Ad
1476 1122 1554 1150 {idem
1571 1129 1596 1152 et
1610 1125 1668 1159 spi—

882 1163 1009 1190 rltualem
1034 1163 1138 1191 cultum
1157 1164 1220 1192 :vel
1237 1164 1271 1192 ad
1296 1166 1409 1199 cmlum,
1437 1168 1482 1195 ubi
1506 1174 1599 1198 noster
1625 1176 1669 1199 cst

880 1208 1015 1237 Pontifex.

919 1255 999 1291 725
1015 1255 1081 1284 Cum
1099 1265 1157 1284 vero
1171 1258 1258 1285 corde.
1273 1258 1331 1287 Hoc
1342 1264 1394 1293 est,
1407 1266 1519 1296 experte
1530 1261 1597 1295 doli.
1612 1271 1667 1292 non

883 1302 975 1329 fucato
1005 1311 1067 1338 erga
1098 1303 1207 1338 fratres,
1240 1306 1282 1333 vel
1314 1307 1382 1334 nihil
1412 1307 1567 1341 luesitaulc,
1601 1311 1670 1338 nihil

883 1348 1050 1384 ambigente,
1080 1349 1149 1377 nihil
1174 1351 1318 1380 dubitante
1345 1353 1379 1381 de
1408 1353 1518 1388 futuris,
1547 1363 1578 1383 ac
1595 1365 1671 1392 .pro-

882 1398 977 1430 pterea
998 1395 1024 1422 in
1056 1395 1314 1430 pusillanimitatem
1338 1399 1490 1428 recidente.
1517 1400 1599 1429 Infert
1619 1402 1674 1438 i51-

883 1445 945 1468 tur:

918 1486 1131 1522 Inplenitudine
1149 1487 1222 1522 ﬁdei.
1245 1487 1330 1516 Docet
1356 1496 1407 1517 nos
1427 1498 1482 1526 quo
1512 1495 1591 1526 pacto
1615 1499 1669 1519 non

885 1531 971 1559 simus
983 1531 1294 1566 desponsuriauimum,
1312 1540 1421 1569 nempe,
1441 1534 1465 1562 si
1477 1533 1538 1562 fidei
1552 1535 1671 1570 plenitu-

885 1577 976 1604 dinem
994 1577 1183 1610 habuerimus,
1211 1578 1261 1605 hoc
1278 1582 1330 1610 est,
1353 1579 1432 1607 fidem
1452 1585 1670 1609 consummatam

884 1625 911 1649 ct
932 1621 1175 1657 perfectissimam.
1189 1621 1255 1650 Nam
1276 1623 1335 1651 ﬁeri
1358 1628 1449 1659 potest
1466 1629 1495 1652 ut
1522 1625 1669 1661 quisquam

884 1667 990 1699 credat,
1004 1675 1059 1695 non
1080 1672 1169 1696 tamen
1187 1668 1214 1696 in
1227 1668 1396 1703 plenitudine
1414 1677 1421 1698 :
1438 1672 1669 1705 quemadmodum

885 1712 1012 1740 nonnulli
1032 1713 1128 1740 dicunt
1142 1713 1322 1748 quorumdam
1345 1714 1467 1742 futuram
1486 1719 1670 1745 resurrectio-

885 1767 959 1792 nem,
977 1759 1160 1795 quorumdam
1186 1767 1252 1787 vero
1278 1768 1332 1788 non
1359 1761 1490 1790 futuram.
1515 1763 1576 1792 ΙΙωο
1604 1773 1670 1792 sane

884 1812 939 1832 non
954 1809 996 1832 est
1019 1805 1097 1839 plena
1112 1804 1190 1838 ﬁdes,
1205 1805 1253 1832 sed
1269 1805 1437 1840 imperfecta.
1455 1807 1483 1834 lu
1501 1808 1671 1842 plenitudine

885 1852 968 1887 igitur
986 1851 1046 1879 fidei
1064 1851 1237 1879 accedamus.
1255 1852 1482 1888 Quandoquidem
1503 1855 1575 1882 enim
1601 1856 1670 1883 nihil

885 1898 975 1926 oculis
1001 1898 1104 1925 nostris
1135 1897 1290 1932 subjectum
1326 1904 1379 1932 est,
1416 1907 1504 1935 neque
1539 1902 1670 1937 templum

885 1944 974 1979 ipsum
991 1943 1101 1974 cmlum,
1119 1950 1207 1977 neque
1223 1943 1344 1978 pontifex
1357 1943 1494 1975 Christus,
1511 1946 1558 1972 sed
1577 1946 1670 1973 abdita

884 1993 961 2022 sunt,
982 1989 1021 2016 uti
1036 1988 1099 2016 olim
1113 1987 1236 2023 pontifex
1259 1988 1401 2024 ingressus
1422 1989 1449 2016 in
1463 1995 1559 2017 sancta
1575 1991 1670 2018 occul-

884 2035 994 2063 tabatur
1008 2044 1016 2068 ;
1032 2039 1175 2070 propterea
1195 2041 1264 2070 opus
1275 2039 1318 2062 cst
1344 2035 1397 2063 fide
1411 2035 1532 2070 perfecta
1547 2041 1573 2064 et
1587 2037 1668 2064 indu"-

884 2081 980 2109 bitata.

920 2127 1028 2162 Δερινεὶ
1048 2125 1130 2154 corda
1144 2134 1160 2153 α
1175 2125 1336 2152 conscientia
1363 2126 1446 2153 mala.
1463 2126 1532 2154 Cum
1557 2127 1591 2155 de
1617 2128 1669 2155 fido

885 2175 997 2204 locutus
1011 2177 1095 2206 esset,
1110 2179 1183 2200 nunc
1197 2171 1318 2199 ostendit
1332 2179 1385 2200 non
1401 2172 1486 2199 solam
1503 2172 1594 2204 ﬁdem,
1621 2181 1670 2200 ve-

58 2220 82 2245 οὐ
97 2220 180 2253 πίστις
198 2222 280 2256 μόνη,
306 2220 375 2247 ἀλλὰ
390 2220 438 2248 καὶ
463 2219 519 2255 βίος
544 2219 670 2255 ἑνάρετος
695 2219 829 2255 ζητεῖται.

921 2229 946 2248 ιη
959 2221 1040 2248 etiam
1050 2220 1133 2246 vitam
1154 2218 1301 2246 virtutibus
1314 2223 1438 2246 ornatam
1458 2219 1569 2254 requiri.
1582 2218 1670 2248 Judaei

64 2265 170 2293 Ἰουδαῖοι
192 2266 243 2301 μὲν
269 2263 315 2292 οὖν
340 2265 369 2292 τὸ
391 2265 471 2300 σῶμα
490 2264 692 2300 ὲρραντίζοντο,
707 2266 786 2300 ἡμεῖς
803 2266 832 2292 δὲ

58 2312 97 2344 τὰς
118 2314 241 2348 καρδίας,
256 2313 328 2340 ὥστε
348 2313 430 2348 μηδὲν
445 2313 552 2343 ἑαυτοῖς
575 2311 726 2338 συνειδέναι
742 2321 826 2347 πονη-

62 2359 107 2391 ρόν.
130 2358 380 2394 Ῥαντισθησὸμεθα
396 2359 424 2385 δὲ
441 2359 511 2393 αὐτῇ
527 2359 561 2393 τῇ
578 2358 673 2394 ἀρετῇ,
690 2358 707 2393 ἢ
731 2358 778 2384 καὶ
798 2358 831 2392 τῇ

60 2405 136 2438 χάριτι
160 2405 207 2432 τοῦ
235 2405 406 2440 Πνεύματος,
429 2405 476 2431 τοῦ
498 2405 624 2438 ἀφιέντος
646 2406 712 2439 ἡμῖν
736 2405 765 2431 ὲν
794 2405 834 2440 τῷ

59 2448 151 2487 λουτρῷ
165 2452 214 2482 τὰς
238 2451 389 2486 ἁμαρτίας,
406 2451 454 2478 καὶ
475 2450 676 2486 ὲνισχὺσαντος,
698 2450 767 2477 ὥστε
785 2451 832 2478 ἐὰν

61 2497 254 2532 σπουδάσωμεν,
271 2497 369 2532 μηκέτι
383 2498 440 2528 τοῖς
457 2497 550 2528 αὐτοῖς
565 2497 750 2531 περιπίπτειν.

88 2543 135 2570 Kal
158 2543 337 2578 λελουμένοι
366 2542 399 2569 τὸ
425 2543 511 2577 σῶμα
538 2541 624 2568 ὕδατι
643 2542 770 2575 καθαιῷ.
789 2542 833 2578 Τῷ

60 2586 99 2613 τοῦ
127 2588 333 2623 βαπτίσματοςο
360 2587 474 2622 καθαρῷ
499 2587 548 2620 δὲ,
582 2587 599 2621 ἦ
629 2587 667 2622 τῷ
697 2587 834 2623 καθαροὺς

60 2632 178 2666 ποιοῦντι,
192 2633 209 2668 ἢ
223 2633 262 2668 τῷ
280 2632 320 2668 μὴ
338 2632 426 2668 Εχοντι
436 2630 507 2667 αἷμα
524 2632 738 2667 μεμιγνυμένον,
750 2633 787 2665 ὡς
801 2633 832 2660 τὸ

60 2677 162 2704 παλαιὸν
173 2679 203 2705 τὺ
215 2679 263 2713 τῆς
280 2678 388 2705 σποδοῦ.
402 2677 433 2704 Εἰ
447 2678 517 2712 τάχα
532 2677 586 2713 γὰρ
602 2677 618 2712 ἡ
635 2677 664 2703 ὲν
675 2677 713 2712 τῷ
729 2678 831 2714 λουτρῷ

60 2723 127 2758 χάρις
145 2724 191 2751 τοῦ
207 2724 364 2759 Πνεύματος
385 2724 432 2751 καὶ
448 2723 537 2759 ψυχὰς
560 2723 696 2760 καθαίρει,
713 2724 786 2759 ὅμως
803 2725 833 2751 τὸ

60 2769 143 2802 ὁρατὸν
171 2770 211 2804 τῷ
240 2769 330 2806 ὁρατῷ
341 2770 366 2786 ³⁸
395 2769 511 2796 ἐνταῦθα
540 2769 646 2802 Παῦλος
674 2770 831 2803 συνέταξεν.

885 2267 995 2303 quidem
1011 2271 1126 2300 corpore
1143 2264 1406 2299 conspergebantur,
1423 2271 1473 2291 uos
1497 2271 1562 2292 vero
1576 2265 1669 2297 corde,

885 2318 915 2340 ut
934 2312 1002 2340 nihil
1016 2311 1078 2338 mali
1096 2310 1175 2338 nobis
1198 2310 1301 2337 conscii
1322 2309 1419 2338 simus.
1451 2309 1670 2345 Couspcrgeiuur

885 2363 975 2386 autem
991 2362 1017 2385 ct
1035 2357 1093 2392 ipsa
1110 2357 1221 2387 virtute,
1238 2355 1280 2383 vel
1303 2356 1390 2390 gratia
1415 2355 1547 2390 Spiritus,
1563 2357 1608 2391 qui
1628 2364 1672 2383 rc-

887 2405 963 2432 misit
988 2403 1067 2430 nobis
1084 2403 1112 2429 iu
1126 2402 1289 2436 baptismate
1307 2405 1429 2435 peccata,
1455 2406 1481 2428 ct
1503 2402 1669 2430 coul'ortavit

888 2458 948 2482 nos,
965 2453 994 2476 ut
1010 2448 1033 2476 si
1050 2448 1171 2474 animum
1192 2447 1402 2480 adverterimus,
1425 2454 1478 2474 non
1495 2455 1578 2482 porro
1595 2448 1621 2474 in
1637 2456 1669 2476 ca

884 2494 1048 2523 recidamus.
1361 2525 1366 2529 η

922 2540 1006 2568 Vens.
1022 2540 1067 2566 25.
1087 2538 1120 2565 Et
1133 2537 1218 2565 abluti
1234 2545 1329 2572 corpus
1346 2545 1415 2573 aqua
1425 2545 1502 2572 pura.
1517 2538 1670 2574 Baptisma-

887 2589 920 2615 tis
936 2587 1041 2614 scilicet
1060 2595 1066 2612 :
1083 2593 1149 2620 pura
1174 2591 1250 2617 vero,
1269 2584 1310 2612 vel
1335 2585 1407 2619 quod
1424 2592 1507 2620 puros
1538 2585 1613 2618 facit,
1629 2587 1671 2613 vel

888 2632 960 2669 quod
976 2640 1028 2659 non
1057 2633 1153 2658 haheat
1170 2630 1321 2658 admixtum
1348 2631 1519 2666 sanguinem,
1549 2635 1579 2659 ut
1605 2631 1671 2658 olim

886 2682 994 2708 cincrea
1011 2679 1068 2706 illa.
1085 2678 1142 2705 Etsi
1165 2677 1237 2704 enim
1263 2677 1349 2712 gratia
1379 2675 1498 2711 Spiritus
1517 2677 1544 2704 in
1562 2677 1670 2712 baptis~

887 2731 959 2753 male
975 2725 1081 2752 animas
1109 2728 1216 2759 purget,
1242 2722 1349 2750 visibile
1375 2728 1465 2750 tamen
1496 2723 1540 2750 hic
1570 2723 1671 2750 visibili

887 2768 1149 2804 Paulusconjunxit.
1175 2766 1314 2802 Siquidem
1342 2766 1369 2793 in
1398 2767 1458 2801 ipso
1491 2773 1540 2794 usu
1566 2766 1671 2802 baptis-

746 2829 846 2860 Variw
863 2828 1026 2871 lectiones.

89 2863 217 2900 ⁵⁶ἀοράτῳ
233 2872 259 2891 0.

189 2914 327 2943 PATROL-
353 2913 413 2944 Gn.
430 2913 553 2945 CXXV.

1460 2908 1493 2940 11
