1876 3050
70 202 117 231 rei;
133 196 210 232 αὐτὴν
221 194 447 232 παραδεχομένοις
458 195 574 223 θανάτου
591 196 667 223 αἰτία
678 195 837 223 καθίστατο.
853 196 878 226 Λ

69 247 133 280 Αὕτη
140 245 166 272 δὲ
177 243 300 271 τοσοῦτον
310 243 350 274 εἰς
360 241 432 278 ζωὴν
444 242 532 278 φέρει,
543 243 583 269 ὅτι
593 242 640 269 καὶ
651 241 719 278 αὑτὴ
731 241 765 278 ζῇ
790 242 838 268 καὶ

69 291 212 323 διαιωνίζει.
234 290 269 316 Ἦ
282 289 323 322 τὸ,
339 288 447 320 ζῶσαν,
467 288 566 323 ὁμοίως
579 288 675 323 νόησον
687 288 737 323 τῷ,
754 289 839 324 πρόσ-

70 346 152 372 φατον,
166 336 225 362 ἀντὶ
242 335 299 369 τοῦ,
313 335 376 362 νέαν
389 335 437 361 καὶ
451 334 614 366 Θάλλουσαν,
626 334 664 366 ὡς
677 335 745 369 πρὸς
764 335 837 361 ἀντι-

69 384 196 416 atae-mth
209 383 258 418 τῆς
287 384 327 414 εις
345 383 380 409 τὰ
408 382 512 409 παλαιὰ
531 382 598 417 ἅγια
613 382 728 409 εἰσόδων
745 381 836 417 ἐκείνη

68 431 113 465 γὰρ
127 429 295 464 νενὲκρωται.

97 475 142 502 Διὰ
158 476 208 502 τοῦ
220 473 495 509 καταπετάσματος,
519 473 655 501 τουτέστι
687 473 743 508 τῆς
764 481 837 507 σαρ-

67 521 215 554 κὸςαύτοῦ.
236 521 417 548 Ὲνεκαίνισον
434 521 500 557 ἡμῖν
519 520 568 555 τὴν
594 519 653 547 ὁδὸν
674 520 776 555 ταύτην
787 520 837 554 τὴν

69 571 102 600 εἰς
111 567 228 603 οὐρανὸν,
241 566 286 594 διὰ
301 567 349 602 τῆς
365 566 466 602 σαρκὸς
485 565 582 593 αὑτοῦ·
595 566 639 593 17::
653 565 707 601 γὰρ
721 565 792 601 fiqu
809 566 837 592 ὲν

69 614 101 648 τῷ
113 613 215 648 σταυρῷ
238 612 323 648 αὕτη,
346 612 394 640 καὶ
417 612 568 648 ἀνελήφθη,
586 612 647 639 τότε
661 611 837 646 ἀπεκάλυψεν

68 660 124 693 ἡμῖν
135 658 166 684 τὰ
183 658 302 692 οὐράνια.
326 658 372 684 Διὸ
399 658 447 685 καὶ
473 658 610 693 εὐκαίρως
636 658 838 693 καταπέτασμα

69 704 140 738 αὐτὴν
161 703 282 730 ἐκάλεσε.
309 703 395 730 Τοῦτο
412 704 467 739 γὰρ
482 703 547 730 ἴδιον
561 703 607 730 τοῦ
623 703 838 738 καταπετάσμα-

67 758 113 781 τος,
123 750 159 781 τὸ,
174 750 236 776 ὅταν
249 750 333 785 ἀρθῇ,
349 750 551 777 ἀνακαλύπτειν
564 750 596 776 τὰ
610 750 694 777 ἔνδον.

97 795 145 820 Kal
169 795 247 829 ἱερέα
275 795 382 830 μέγαν,
407 795 456 821 ἐπὶ
482 795 536 822 τὸν
555 792 640 821 οἷκον
664 795 733 821 τοῦκ
751 794 835 822 Θεοῦ.

68 841 179 875 Ἔχοντες
201 841 302 876 δηλαδὴ
327 841 401 876 ἱερέα
426 841 475 875 μὲν
494 840 540 866 τὸν
559 840 687 875 Χριστὸν,
705 839 778 867 οἷκον
796 840 835 873 δὲ,

67 886 129 920 ἡμᾶς
142 887 201 918 τοὺς
217 887 341 918 πιστοὺς,
353 886 423 913 κατὰ
443 886 487 912 τό·
511 886 674 920 Ἐνοικήσω
688 886 722 912 ἐν
737 887 839 918 αὐτοῖς
855 875 876 905 Β

67 931 107 958 καὶ
119 931 354 965 ἐμπεριπατήσω.
371 931 405 958 ‘H
422 932 491 967 ὅπερ
504 929 582 967 οἶμαι
599 932 709 967 μᾶλλον,
722 933 767 959 τὸν
793 934 839 960 0-3-

69 978 136 1011 ρανόν
146 986 152 992 ·
169 979 273 1004 ἐκεῖνον
295 978 349 1013 γὰρ
365 980 412 1005 καὶ
424 977 508 1012 Ἅγια
533 978 620 1012 καλεῖ,
636 979 682 1005 καὶ
698 979 726 1006 ὲν
743 979 840 1014 ἐκείνῳ

67 1024 218 1059 λε.τουργεῖν
230 1024 277 1052 τδν
305 1024 448 1060 Ἀρχιερέα
463 1024 548 1059 λέγει,
564 1025 635 1060 ὑπὲρ
649 1026 664 1060 ἡ
670 1025 730 1060 μῶν
742 1026 840 1060 ἐντυγ-

67 1070 178 1103 χὰνοντα.

97 1116 335 1151 Προσερχώμεοα.
347 1117 423 1150 Τίνι;
437 1117 469 1152 τῇ
483 1117 584 1150 πίστει,
601 1117 648 1144 καὶ
660 1118 694 1153 τῇ
715 1125 840 1152 πνευμα-

66 1164 118 1198 mf,
133 1163 266 1198 λοιτρείτξι⁵
294 1163 311 1198 ἢ
341 1163 380 1199 τῷ
407 1162 528 1199 οὐρανῷ,
555 1163 620 1190 ἔνθα
645 1163 660 1190 ὀ
682 1163 840 1199 ’Δρχιερεὺς

66 1209 142 1243 ἡμῶν.

94 1253 166 1280 Μετὰ
193 1253 343 1289 ἀληθινῆς
383 1254 517 1289 καρδίας.
547 1254 694 1282 Τουτέστιν
730 1253 836 1286 ἀδόλου,

65 1301 232 1336 ἀνυποκρίτου
262 1301 331 1337 πρὸς
354 1301 418 1333 τοὺς
444 1301 595 1336 ἀδελφοὺς,
623 1301 640 1336 ἢ
665 1300 839 1333 ἁδιστάκτου,

67 1345 138 1380 μηδὲν
153 1345 388 1382 ἀμφιϐαλιλοὺσης,
403 1347 487 1382 μηδὲν
505 1347 696 1382 ἑνδοιαξούσης
711 1346 841 1382 περὶτῶν

66 1392 215 1426 μελλόντων,
239 1392 290 1419 καὶ
310 1392 354 1420 διὰ
368 1393 448 1420 τοῦτο
472 1392 705 1429 μικροψυχοὼης.
726 1392 840 1426 Ἐπάγει

63 1447 103 1465 ὒυν
117 1446 124 1453 ⁹

98 1485 146 1511 Ἐν
165 1483 355 1518 πληροφορίᾳ
377 1483 518 1517 πίστεως.
542 1484 666 1512 Διδάσκει
687 1486 760 1521 ἡμᾶς
783 1487 842 1519 πῶς

64 1530 90 1557 οὗ
108 1530 357 1566 μικροψυχήσομεν,
385 1530 434 1556 ἐὰν
454 1530 642 1566 πληροφορίαν
667 1531 775 1568 ἔχωμεν
797 1533 840 1558 πῖ·
854 1545 876 1576 c

66 1586 149 1609 mou,
166 1578 302 1609 τουτέστι,
328 1576 419 1603 πίστιν
443 1577 654 1613 ἀπηρτισμένην
675 1578 722 1605 καὶ
740 1579 842 1605 τελειο-

64 1624 149 1658 rastri.
168 1623 247 1649 Ἐστι
262 1622 317 1657 γὰρ
330 1621 470 1649 πιστεύειν
483 1622 543 1658 μὲν,
563 1622 612 1649 οὐκ
624 1623 654 1649 ὲν
668 1623 841 1660 πληροφορίᾳ.

64 1669 96 1696 δέ.
110 1670 210 1704 Ὠσπερ
226 1668 299 1700 τινὲς
316 1668 452 1702 λέγουσιν,
468 1668 509 1695 ὃτι
523 1668 603 1695 ἐνίων
619 1669 670 1704 μὲν
686 1669 762 1696 ἔσται
776 1670 841 1697 ἀνά-

66 1724 156 1748 σταπις,
176 1715 260 1742 τι·ιῶν
276 1715 305 1741 δὲ
318 1715 367 1742 οὺχ
382 1714 457 1741 ἔσται
468 1723 475 1730 ·
495 1714 576 1742 τοῦτο
591 1715 641 1742 οὐκ
661 1714 719 1742 εστι
733 1716 841 1752 πλήρης

66 1760 155 1792 nime,
178 1760 236 1787 ἀλλ’
262 1760 373 1794 ἀτελής.
394 1759 439 1785 Ἐν
460 1759 632 1795 πληροφορίᾳ
655 1757 702 1786 οὖν
721 1758 840 1791 πίστεως

66 1805 282 1841 προσερχώμεοα.
312 1805 421 1840 Ἐπειδὴ
447 1804 501 1840 γὰρ
525 1804 601 1831 οὐδέν
625 1805 698 1831 ἐστιν
730 1804 839 1839 ὁρατὸν,

64 1851 117 1878 οὕτε
132 1853 145 1878 ό
161 1852 221 1883 ναὸς
239 1853 254 1878 ό
269 1851 395 1886 οὐρανὸς,
411 1851 474 1878 οὔτε
490 1851 503 1877 ὁ
520 1851 667 1886 ἀρχιερεὺς
682 1851 696 1877 ὁ
711 1851 839 1886 Χριστὸς,

65 1898 123 1925 ἀλλὰ
134 1899 299 1934 κέκρυπται,
321 1897 415 1933 ὥσπερ
435 1898 482 1924 καὶ
495 1897 526 1924 τὺ
540 1896 654 1924 παλαιὸν
669 1897 682 1924 ὁ
692 1896 839 1933 ἀρχιερεὺς

65 1942 246 1978 ἀπεκρύπτετο
262 1942 402 1975 εἰσελθὼν,
423 1942 468 1969 διὰ
490 1941 570 1970 τοῦτο
586 1942 627 1969 δεῖ
649 1942 768 1975 πίστεως
791 1951 840 1969 πε-

66 1987 238 2023 πληρωμένης
255 1987 304 2014 καὶ
319 1987 494 2015 ἁδιστὰκτου.

100 2126 337 2161 Ἐῤῥαντισμένοι
352 2125 406 2159 τὰς
422 2125 544 2160 καρδίας
561 2125 619 2153 ἀπὸ
635 2125 840 2160 συνειδήσεως

65 2172 196 2206 πονηρᾶς.
220 2173 315 2199 Εἰπὼν
336 2172 401 2207 περὶ
421 2172 549 2204 πίστεως,
569 2171 688 2199 δείκνυσι
710 2172 767 2205 νῦν,
798 2173 839 2199 ὅτι

423 139 627 171 EXPOSlTlO
646 140 688 171 ΙΝ
709 139 827 170 EPIST.
856 138 905 169 AD
925 138 1119 170 llEBRrEOS.
1137 151 1171 156 —
1190 138 1271 169 CAP.
1286 139 1322 169 Χ.

1622 139 1674 170 330

891 196 979 222 locum
993 203 1045 222 non
1062 194 1154 227 habet,
1171 193 1219 222 sed
1234 193 1451 229 suscipientibus
1468 194 1554 229 ipsam
1581 196 1676 222 mortis

892 249 974 269 causa
991 241 1106 269 exstitit.
1120 242 1183 269 Ha-c
1194 245 1286 268 autem
1306 240 1375 268 adeo
1390 241 1424 268 ad
1438 242 1520 269 vitam
1532 242 1619 275 ducit,
1649 248 1678 270 ut

891 292 918 315 et
934 288 992 322 ipszt
1011 287 1084 315 vivat
1102 291 1128 315 et
1140 291 1240 315 (eterna
1259 287 1304 315 sit.
1319 286 1379 320 Vel,
1400 289 1535 322 viventem,
1563 289 1677 324 perimle

893 333 1013 368 intelligo
1029 338 1111 368 atque
1124 337 1271 366 recentem,
1290 340 1340 368 pro
1356 333 1415 360 viva
1440 338 1467 361 et
1493 336 1618 367 ﬂorente,
1644 336 1676 362 ad

892 379 1041 407 discrimen
1055 379 1183 406 introitus
1195 379 1229 406 ad
1238 384 1329 407 vetera
1339 385 1453 408 sancta:
1469 385 1594 409 mortuus
1603 382 1675 409 enim

893 425 937 453 ille
952 430 1003 452 cst.

929 471 982 498 Per
1001 472 1126 504 velamen,
1145 472 1192 498 hoc
1206 476 1246 499 est
1260 480 1366 499 carnem
1391 480 1479 500 suam.
1494 473 1614 500 lnitiavit
1628 482 1678 500 no-

893 518 934 546 bis
948 519 1020 546 viam
1038 519 1110 546 hanc
1139 519 1172 546 ad
1190 519 1277 547 ccelos
1304 520 1461 551 ducentem,
1491 527 1539 554 per
1565 529 1677 548 carnem

892 573 980 593 suam.
995 565 1111 599 Quando
1129 567 1202 594 enim
1219 566 1246 593 in
1261 573 1371 594 crucem
1393 573 1458 594 caro
1475 566 1582 593 sublata
1607 572 1676 599 erat,

891 616 918 639 el.
938 612 964 639 iu
981 612 1080 639 coelum
1097 617 1215 647 recepta,
1230 617 1287 640 tum
1307 612 1437 640 revelavit
1452 612 1532 640 nobis
1542 613 1676 640 caelestia.

891 657 1039 693 Propterea
1055 663 1082 686 et
1097 664 1251 694 opportune
1284 659 1408 686 velamen
1437 667 1496 686 eam
1518 659 1676 694 appellavit.

892 704 964 732 Istud
980 705 1052 733 enim
1067 705 1207 740 propriqu
1223 710 1264 733 est
1287 705 1444 738 velamenti,
1461 710 1490 732 ut
1505 713 1567 733 cum
1586 714 1678 734 remo-

892 755 949 778 tum
967 751 1058 784 fuerit,
1075 753 1175 779 revelet
1188 759 1248 786 quae
1268 751 1322 779 sint
1338 752 1421 779 intus.

927 796 1068 825 Vsus.2l.
1087 797 1121 824 Et
1132 797 1294 825 sacerdotem
1320 805 1443 832 magnum
1467 806 1544 832 super
1569 799 1678 826 domum

891 840 951 868 Dei.
973 841 1111 870 Habentes
1126 843 1251 870 videlicet
1266 843 1438 870 sacerdotem
1460 844 1568 878 quidem
1595 845 1678 872 Citri-

890 890 983 920 stum;
1002 889 1112 915 domum
1135 895 1209 920 vero.
1239 896 1290 916 nos
1306 889 1410 921 ﬁdeles,
1424 889 1501 924 juxta
1520 890 1586 918 illud
1605 899 1612 918 :
1630 891 1678 918 In-

891 932 1018 960 habitabo
1029 933 1056 960 in
1072 934 1149 968 ipsis,
1160 938 1185 961 et
1203 934 1374 963 inambulatio
1392 935 1418 961 t'n
1444 937 1496 964 eis.
1526 936 1585 970 Vel,
1604 938 1677 973 quod

892 987 955 1007 reor
970 987 1031 1007 esse
1047 980 1150 1015 potius,
1166 980 1265 1008 ctelum
1282 991 1288 1008 :
1308 981 1373 1010 illud
1389 983 1461 1010 enim
1475 987 1502 1011 et
1518 988 1613 1012 sancta
1630 993 1679 1020 ap-

890 1024 984 1059 pellat,
1003 1029 1030 1052 et
1045 1024 1072 1052 in
1084 1032 1118 1052 eo
1132 1024 1290 1053 Pontilicem
1302 1026 1459 1056 ministrare
1472 1029 1547 1060 dicit,
1566 1038 1615 1065 pro
1630 1038 1678 1058 no-

892 1069 935 1097 bis
951 1069 1078 1097 videlicet
1092 1070 1298 1099 intercedendo.

928 1114 1011 1143 Yuns.
1029 1115 1074 1143 2‘2.
1093 1115 1267 1145 Accedamus.
1284 1118 1325 1145 Ad
1337 1118 1402 1154 quid
1413 1119 1424 1146 ?
1434 1119 1473 1147 Ad
1486 1120 1564 1148 iidem
1580 1127 1606 1150 et
1620 1123 1678 1158 spi-

891 1161 1019 1188 ritualem
1044 1161 1148 1189 cultum
1167 1162 1230 1190 :rel
1246 1163 1280 1191 ad
1306 1164 1419 1197 ccclum,
1447 1166 1492 1193 ubi
1516 1172 1609 1196 noster
1636 1174 1678 1197 cst

890 1207 1025 1235 Pontifex.

929 1253 1009 1289 725
1025 1253 1091 1282 Cum
1109 1263 1167 1282 vero
1181 1256 1268 1284 corde.
1283 1255 1340 1286 Hoc
1352 1262 1404 1291 est,
1417 1264 1528 1294 experte
1540 1260 1606 1293 doli.
1623 1270 1677 1290 non

893 1301 985 1328 fucato
1015 1309 1077 1336 erga
1107 1301 1217 1336 fratres,
1250 1304 1292 1331 vel
1324 1305 1392 1332 nihil
1422 1305 1576 1339 haesitante.
1611 1309 1679 1336 nihil

893 1346 1060 1382 ambigente,
1090 1348 1158 1375 nihil
1184 1349 1327 1378 dubitante
1355 1351 1388 1379 de
1417 1351 1528 1386 futuris,
1557 1361 1681 1390 acapro-

892 1397 987 1428 pterea
1008 1393 1034 1420 in
1065 1394 1323 1429 pusillanimitatem
1348 1397 1500 1426 recidente.
1526 1398 1609 1427 Infert
1629 1400 1684 1436 i52-

892 1443 954 1466 tur:

929 1484 961 1512 In
975 1484 1141 1520 plenitudine
1159 1486 1232 1520 ﬁdei.
1255 1485 1339 1514 Docet
1366 1495 1417 1515 nos
1437 1496 1492 1524 quo
1521 1493 1600 1524 pacto
1625 1498 1679 1518 non

895 1528 981 1557 simus
993 1529 1159 1564 desponsuri
1170 1530 1304 1564 animum,
1321 1539 1430 1567 nempe,
1452 1532 1474 1560 si
1486 1532 1548 1561 ﬁdei
1561 1533 1681 1568 plenitu-

896 1575 985 1602 dinem
1005 1575 1193 1608 habuerimus,
1221 1576 1271 1603 hoc
1288 1581 1340 1609 est,
1362 1577 1441 1605 ﬁdem
1461 1584 1680 1608 consummatam

894 1624 921 1648 et
941 1619 1184 1655 perfectissimam.
1199 1619 1265 1648 Nam
1285 1621 1345 1649 lieri
1367 1626 1459 1657 potest
1475 1627 1505 1651 ut
1532 1624 1679 1659 quisquam

894 1665 999 1698 credat,
1014 1673 1070 1693 non
1090 1670 1179 1694 tamen
1197 1666 1224 1694 in
1237 1667 1406 1702 plenitudine
1423 1676 1431 1696 :
1447 1670 1679 1704 quemadmodum

894 1711 1021 1738 nonnulli
1042 1711 1137 1739 dicunt
1151 1711 1332 1747 quorumdam
1355 1713 1477 1741 futuram
1495 1717 1680 1744 resurrectio-

895 1765 969 1791 nem,
987 1758 1170 1793 quorumdam
1196 1766 1262 1786 vero
1288 1766 1342 1787 non
1369 1760 1499 1789 futuram.
1524 1761 1585 1790 llaec
1613 1771 1680 1791 sane

894 1810 949 1830 non
963 1807 1006 1830 est.
1028 1803 1107 1838 plena
1122 1802 1200 1837 ﬁdes,
1215 1803 1263 1831 sed
1278 1803 1447 1839 imperfecta.
1464 1805 1493 1833 lu
1510 1806 1681 1840 plenitudine

895 1850 977 1886 igitur
995 1849 1056 1877 ﬁdei
1074 1849 1246 1878 accedamus.
1265 1851 1492 1887 Quandoquidem
1513 1854 1585 1880 enim
1611 1854 1680 1882 nihil

895 1896 985 1924 oculis
1011 1896 1114 1924 nostris
1145 1896 1300 1931 subjectum
1336 1903 1388 1930 est,
1425 1906 1514 1934 neque
1548 1901 1679 1935 templum

895 1942 984 1977 ipsum
1000 1941 1111 1973 cmlum,
1129 1949 1217 1976 neque
1233 1941 1354 1976 pontifex
1366 1942 1503 1974 Christus,
1520 1945 1567 1971 sed
1586 1945 1679 1972 abdita

894 1991 970 2020 sunt,
991 1987 1030 2014 uti
1045 1986 1109 2014 olim
1124 1986 1246 2021 pontifex
1269 1987 1410 2022 ingressus
1431 1988 1458 2015 in
1473 1994 1568 2016 sancta
1585 1991 1679 2017 occul—

894 2034 1004 2061 tabatur
1018 2043 1025 2067 ;
1043 2038 1185 2068 propterea
1205 2039 1274 2068 opus
1285 2037 1328 2060 est
1354 2033 1406 2062 tide
1420 2034 1541 2070 perfecta
1556 2040 1582 2062 et
1597 2036 1678 2063 indu-

894 2080 990 2108 bitata.

930 2126 1037 2160 Asperai
1058 2123 1139 2152 corda
1154 2132 1170 2151 a
1185 2124 1346 2151 conscientia
1373 2125 1455 2152 mala.
1473 2125 1541 2153 Cum
1567 2126 1600 2154 de
1626 2127 1678 2154 title

895 2174 1007 2202 locutus
1021 2176 1105 2204 esset,
1119 2177 1193 2198 nunc
1207 2169 1327 2198 ostendit
1341 2178 1394 2198 non
1411 2170 1495 2198 solam
1512 2171 1604 2203 ﬁdem.
1630 2180 1679 2200 ve-

65 2219 90 2244 οῡ
105 2218 190 2250 πίστις
207 2219 290 2254 μόνη,
316 2218 384 2245 ἀλλὰ
399 2218 448 2245 καὶ
472 2217 528 2253 βίος
553 2218 679 2254 ινάρετος
705 2217 839 2254 ζητεῖται.

930 2227 955 2246 m
969 2219 1050 2247 etiam
1059 2218 1143 2245 vitam
1164 2217 1310 2244 virtutibus
1324 2222 1447 2245 ornatam
1467 2217 1578 2253 requiri.
1591 2217 1679 2246 Judzei

71 2264 179 2290 Ἰουδαῖοι
202 2264 254 2299 μὲν
279 2261 324 2290 οὖν
349 2263 378 2290 τὸ
400 2263 480 2298 σῶμα
499 2263 701 2298 ὲρῤαντιζοντο,
716 2264 795 2300 ἡμεῖς
812 2265 841 2291 δὲ

66 2310 106 2341 τὰς
127 2311 250 2346 καρδίας,
266 2311 337 2337 ὥστε
357 2310 439 2345 μηδὲν
455 2311 561 2341 ἑαυτοῖς
585 2310 735 2337 συνειδέναι
751 2319 835 2346 πονη-

69 2356 115 2389 ρὸν.
139 2356 390 2391 Ῥαντισοησόμεθσ.
406 2356 433 2383 δὲ
450 2357 520 2391 αὐτῇ
536 2357 570 2391 τῇ
587 2357 683 2391 ἀρετῇ,
700 2356 716 2391 ἢ
740 2356 787 2382 καὶ
807 2357 840 2391 τῇ

67 2403 145 2436 χάριτι
170 2403 217 2429 τοῦ
245 2402 415 2437 Πνεῦματος,
438 2403 486 2429 τοῦ
507 2403 633 2436 ἀφιέντος
655 2403 721 2437 ἡμῖν
745 2403 775 2429 ἐν
804 2403 842 2438 τῷ

67 2446 159 2484 λουτρῷ
174 2450 224 2480 τὰς
248 2449 398 2483 ἁμαρτίας,
415 2449 463 2475 καὶ
484 2448 686 2484 ὲνισχύσαντος,
707 2448 776 2476 ὥστε
795 2450 842 2476 ἐὰν

68 2495 263 2530 σπουεὰσωμεν,
280 2495 378 2529 μηκέτι
393 2496 449 2525 τοῖς
466 2494 559 2526 αὐτοῖς
574 2494 760 2529 περιπίπτειν.

95 2540 144 2567 Καὶ
167 2540 346 2576 λελουμένοι
375 2540 409 2567 τὸ
434 2540 521 2574 σῶμα
548 2540 633 2566 ὕδατι
653 2539 780 2573 καθαίῷ.
798 2540 843 2576 Τῷ

67 2584 107 2610 τοῦ
136 2586 342 2620 βαπτίσματος·
369 2585 483 2620 καθαρῷ
509 2585 557 2618 δὲ,
592 2585 609 2619 ἦ
639 2585 676 2620 τῷ
707 2585 844 2621 καθαροὺς

67 2629 187 2663 ποιοῦντι,
201 2630 218 2665 ἢ
232 2631 271 2665 τῷ
290 2630 329 2666 μὴ
347 2630 435 2665 εχοντι
446 2628 516 2665 αἷμα
533 2630 747 2665 μεμιγνυμένον,
759 2631 796 2664 ὼς
811 2631 842 2657 τὸ

67 2675 170 2702 παλαιὸν
182 2676 212 2702 τὸ
224 2676 273 2711 τῆς
289 2675 397 2703 σποδοῦ.
411 2675 442 2701 Εἰ
457 2676 527 2710 τάχα
541 2675 595 2710 γὰρ
611 2675 628 2710 ὴ
645 2675 673 2701 ὲν
684 2674 723 2710 τῷ
738 2675 840 2712 λουτρῷ

67 2720 135 2755 χάρις
154 2721 200 2748 τοῦ
215 2722 374 2757 Πνεὺματος
394 2722 441 2748 καὶ
457 2721 546 2757 ψυχὰς
569 2721 706 2758 καθαίρει,
722 2722 795 2757 ὅμως
813 2723 842 2749 τὸ

67 2767 152 2800 ὁρατὸν
180 2768 220 2801 τῷ
249 2767 339 2803 ὁρατῷ
350 2767 375 2784 ³⁸
405 2767 521 2794 ἐνταῦθα
550 2766 656 2800 Παῦλος
684 2768 841 2800 συνέταξεν.

895 2265 1005 2302 quidem
1020 2270 1136 2298 corpore
1153 2263 1415 2297 conspergebantur,
1433 2270 1483 2290 uos
1506 2270 1572 2290 vero
1585 2263 1678 2296 corde,

894 2317 924 2339 ut
944 2310 1088 2338 nihilmali
1105 2308 1185 2336 nobis
1207 2308 1310 2335 conscii
1331 2308 1428 2336 simus.
1460 2308 1680 2344 Conspcrgemur

894 2362 984 2384 autem
1000 2360 1025 2383 et
1044 2356 1103 2390 ipsa
1119 2355 1230 2385 virtute,
1247 2354 1290 2381 vel
1312 2354 1398 2389 gratia
1423 2354 1556 2388 Spiritus,
1572 2356 1617 2389 qui
1637 2363 1680 2381 rc-

897 2403 972 2430 tnisit
997 2402 1076 2429 nobis
1093 2401 1121 2428 in
1135 2401 1298 2435 baptismate
1316 2403 1438 2434 peccata,
1465 2405 1491 2427 et
1513 2401 1678 2428 εοιιίυτιςιγὶι

897 2456 957 2481 nos,
974 2452 1003 2474 ut
1020 2447 1043 2474 si
1060 2446 1180 2473 animqu
1201 2445 1412 2478 adverterimus,
1434 2453 1487 2472 non
1504 2453 1587 2481 porro
1604 2446 1630 2473 in
1646 2455 1678 2474 ea

893 2492 1058 2521 recidamus.
1370 2523 1374 2528 ,

931 2539 1015 2566 Vnus.
1031 2538 1076 2565 25.
1097 2536 1130 2563 Et
1143 2536 1227 2563 abluti
1243 2544 1338 2571 corpus
1355 2545 1424 2572 aqua
1435 2544 1512 2571 pura.
1526 2536 1680 2572 Baptisma-

896 2587 929 2613 tis
945 2585 1050 2612 εεὶιίυυι
1070 2593 1076 2611 :
1092 2591 1158 2618 pura
1184 2590 1260 2616 vero,
1278 2583 1319 2610 vel
1345 2584 1416 2618 quod
1433 2591 1517 2619 puros
1547 2583 1622 2617 facit,
1638 2585 1681 2612 vel

898 2631 1038 2667 quodnon
1066 2631 1162 2656 haheat
1179 2628 1330 2656 admixtum
1357 2631 1528 2665 sanguinem.
1559 2634 1589 2658 ut
1615 2630 1680 2657 olim

896 2680 1003 2706 cinerea
1020 2677 1078 2704 illa.
1094 2676 1151 2703 Etsi
1174 2676 1246 2703 enim
1272 2675 1359 2711 gratia
1389 2675 1508 2710 Spiritus
1527 2677 1554 2703 in
1572 2676 1679 2711 baptis-

897 2729 968 2751 mate
985 2723 1090 2750 anitnas
1118 2726 1225 2757 purget,
1250 2720 1358 2748 visibile
1383 2726 1474 2748 tamen
1506 2722 1550 2749 hic
1579 2722 1681 2750 visibili

897 2766 1158 2802 Paulusconjuuxit.
1184 2764 1323 2800 Siquidem
1351 2765 1379 2792 in
1408 2765 1467 2800 ipso
1500 2772 1550 2793 usu
1576 2766 1681 2802 baptis-

755 2827 856 2858 γει-ιω
872 2827 1036 2858 lectiones.

97 2861 227 2897 ’θὰορατῳ
242 2869 270 2889 0.

198 2911 337 2941 Ps‘ruou.
363 2911 422 2942 Gn.
440 2911 563 2943 CXXV.

1469 2907 1502 2939 11
